  <div class='ocr_page' id='page_1' title='image "/cluster/home/n/w/nwhite01/storage/ocr_20150623/128:no.1/coo.31924054870336/260.png"; bbox 0 0 4120 6430; ppageno 0'>
   <div class='ocr_carea' id='block_1_1' title="bbox 410 383 520 446">
    <p class='ocr_par' dir='ltr' id='par_1_1' title="bbox 410 383 520 446">
     <span class='ocr_line' id='line_1_1' title="bbox 410 383 520 446; baseline 0 0"><span class='ocrx_word' id='word_1_1' title='bbox 410 383 520 446; x_wconf 78' lang='lat'><strong>505</strong></span> 
     </span>
    </p>
   </div>
   <div class='ocr_carea' id='block_1_2' title="bbox 1576 384 2570 480">
    <p class='ocr_par' dir='ltr' id='par_1_2' title="bbox 1576 384 2570 480">
     <span class='ocr_line' id='line_1_2' title="bbox 1576 384 2570 480; baseline 0.005 -34"><span class='ocrx_word' id='word_1_2' title='bbox 1576 384 1968 447; x_wconf 78' lang='lat' dir='ltr'><strong>COMMENT.</strong></span> <span class='ocrx_word' id='word_1_3' title='bbox 2005 385 2089 448; x_wconf 78' lang='lat' dir='ltr'><strong>IN</strong></span> <span class='ocrx_word' id='word_1_4' title='bbox 2131 386 2498 450; x_wconf 80' lang='lat' dir='ltr'><strong>PSALMOS.</strong></span> <span class='ocrx_word' id='word_1_5' title='bbox 2559 456 2570 480; x_wconf 48' lang='grc'><strong><em>⁸</em></strong></span> 
     </span>
    </p>
   </div>
   <div class='ocr_carea' id='block_1_3' title="bbox 3560 387 3667 451">
    <p class='ocr_par' dir='ltr' id='par_1_3' title="bbox 3560 387 3667 451">
     <span class='ocr_line' id='line_1_3' title="bbox 3560 387 3667 451; baseline -0.019 0"><span class='ocrx_word' id='word_1_6' title='bbox 3560 387 3667 451; x_wconf 78' lang='lat'><strong>505</strong></span> 
     </span>
    </p>
   </div>
   <div class='ocr_carea' id='block_1_4' title="bbox 403 496 1995 571">
    <p class='ocr_par' dir='ltr' id='par_1_4' title="bbox 403 496 1986 571">
     <span class='ocr_line' id='line_1_4' title="bbox 403 496 1986 571; baseline 0.013 -29"><span class='ocrx_word' id='word_1_7' title='bbox 403 498 582 566; x_wconf 76' lang='grc' dir='ltr'><strong>τούτῳ</strong></span> <span class='ocrx_word' id='word_1_8' title='bbox 634 497 999 569; x_wconf 70' lang='grc' dir='ltr'><strong>προφητείαν</strong></span> <span class='ocrx_word' id='word_1_9' title='bbox 1058 496 1425 571; x_wconf 78' lang='grc' dir='ltr'><strong>προαγορεύει</strong></span> <span class='ocrx_word' id='word_1_10' title='bbox 1463 497 1521 552; x_wconf 82' lang='grc' dir='ltr'><strong>δὲ</strong></span> <span class='ocrx_word' id='word_1_11' title='bbox 1554 501 1655 563; x_wconf 87' lang='grc' dir='ltr'><strong>τὰς</strong></span> <span class='ocrx_word' id='word_1_12' title='bbox 1703 500 1847 555; x_wconf 78' lang='grc' dir='ltr'><strong>κατὰ</strong></span> <span class='ocrx_word' id='word_1_13' title='bbox 1885 500 1986 571; x_wconf 81' lang='grc' dir='ltr'><strong>τῆς</strong></span> 
     </span>
    </p>
   </div>
   <div class='ocr_carea' id='block_1_5' title="bbox 2104 496 3669 571">
    <p class='ocr_par' dir='ltr' id='par_1_5' title="bbox 2104 501 3669 561">
     <span class='ocr_line' id='line_1_5' title="bbox 2104 501 3669 561; baseline 0.002 -5"><span class='ocrx_word' id='word_1_14' title='bbox 2104 502 2181 557; x_wconf 69' lang='lat' dir='ltr'><strong>hic</strong></span> <span class='ocrx_word' id='word_1_15' title='bbox 2215 506 2574 558; x_wconf 74' lang='lat' dir='ltr'><strong>continentur</strong></span> <span class='ocrx_word' id='word_1_16' title='bbox 2604 503 2671 559; x_wconf 88' lang='lat' dir='ltr'><strong>ad</strong></span> <span class='ocrx_word' id='word_1_17' title='bbox 2708 503 2873 560; x_wconf 87' lang='lat' dir='ltr'><strong>finem</strong></span> <span class='ocrx_word' id='word_1_18' title='bbox 2921 504 3240 561; x_wconf 76' lang='lat' dir='ltr'><strong>tendebant.</strong></span> <span class='ocrx_word' id='word_1_19' title='bbox 3275 501 3535 559; x_wconf 70' lang='lat' dir='ltr'><strong>Praedicit</strong></span> <span class='ocrx_word' id='word_1_20' title='bbox 3566 518 3669 559; x_wconf 84' lang='lat' dir='ltr'><strong>au-</strong></span> 
     </span>
    </p>
   </div>
   <div class='ocr_carea' id='block_1_6' title="bbox 418 591 1987 663">
    <p class='ocr_par' dir='ltr' id='par_1_6' title="bbox 418 591 1987 663">
     <span class='ocr_line' id='line_1_6' title="bbox 418 591 1987 663; baseline 0 -18"><span class='ocrx_word' id='word_1_21' title='bbox 418 591 752 660; x_wconf 84' lang='grc' dir='ltr'><strong>Ἐκκλησίας</strong></span> <span class='ocrx_word' id='word_1_22' title='bbox 783 592 844 645; x_wconf 71' lang='grc' dir='ltr'><strong>ἐν</strong></span> <span class='ocrx_word' id='word_1_23' title='bbox 874 592 1021 663; x_wconf 72' lang='grc' dir='ltr'><strong>ἀρχῇ</strong></span> <span class='ocrx_word' id='word_1_24' title='bbox 1050 592 1146 645; x_wconf 80' lang='grc' dir='ltr'><strong>τοῦ</strong></span> <span class='ocrx_word' id='word_1_25' title='bbox 1178 591 1543 663; x_wconf 78' lang='grc' dir='ltr'><strong>κηρύγματος</strong></span> <span class='ocrx_word' id='word_1_26' title='bbox 1579 593 1987 656; x_wconf 71' lang='grc' dir='ltr'><strong>ἐπαναστάσεις</strong></span> 
     </span>
    </p>
   </div>
   <div class='ocr_carea' id='block_1_7' title="bbox 400 682 1985 757">
    <p class='ocr_par' dir='ltr' id='par_1_7' title="bbox 400 682 1985 757">
     <span class='ocr_line' id='line_1_7' title="bbox 400 682 1985 757; baseline 0.001 -24"><span class='ocrx_word' id='word_1_27' title='bbox 400 682 515 734; x_wconf 85' lang='grc' dir='ltr'><strong>τῶν</strong></span> <span class='ocrx_word' id='word_1_28' title='bbox 542 683 849 752; x_wconf 79' lang='grc' dir='ltr'><strong>τυράννων,</strong></span> <span class='ocrx_word' id='word_1_29' title='bbox 900 684 995 737; x_wconf 57' lang='grc' dir='ltr'><strong>καί⁵</strong></span> <span class='ocrx_word' id='word_1_30' title='bbox 1031 682 1131 755; x_wconf 74' lang='grc' dir='ltr'><strong>τὴν</strong></span> <span class='ocrx_word' id='word_1_31' title='bbox 1162 684 1369 752; x_wconf 81' lang='grc' dir='ltr'><strong>ταύτης</strong></span> <span class='ocrx_word' id='word_1_32' title='bbox 1398 684 1701 757; x_wconf 80' lang='grc' dir='ltr'><strong>ὑπομονὴν,</strong></span> <span class='ocrx_word' id='word_1_33' title='bbox 1746 686 1840 737; x_wconf 71' lang='grc' dir='ltr'><strong>καὶ</strong></span> <span class='ocrx_word' id='word_1_34' title='bbox 1885 682 1985 754; x_wconf 82' lang='grc' dir='ltr'><strong>τὴν</strong></span> 
     </span>
    </p>
   </div>
   <div class='ocr_carea' id='block_1_8' title="bbox 403 775 1986 848">
    <p class='ocr_par' dir='ltr' id='par_1_8' title="bbox 403 775 1986 848">
     <span class='ocr_line' id='line_1_8' title="bbox 403 775 1986 848; baseline 0.002 -21"><span class='ocrx_word' id='word_1_35' title='bbox 403 776 610 846; x_wconf 67' lang='grc' dir='ltr'><strong>ἐφεξῆς</strong></span> <span class='ocrx_word' id='word_1_36' title='bbox 671 779 919 846; x_wconf 77' lang='grc' dir='ltr'><strong>εἰρήνην.</strong></span> <span class='ocrx_word' id='word_1_37' title='bbox 983 775 1076 828; x_wconf 68' lang='lat' dir='ltr'><strong>Arb</strong></span> <span class='ocrx_word' id='word_1_38' title='bbox 1138 776 1233 831; x_wconf 79' lang='grc' dir='ltr'><strong>καὶ</strong></span> <span class='ocrx_word' id='word_1_39' title='bbox 1296 776 1439 848; x_wconf 84' lang='grc' dir='ltr'><strong>μετὰ</strong></span> <span class='ocrx_word' id='word_1_40' title='bbox 1490 777 1585 831; x_wconf 82' lang='grc' dir='ltr'><strong>τὸν</strong></span> <span class='ocrx_word' id='word_1_41' title='bbox 1638 776 1986 848; x_wconf 74' lang='grc' dir='ltr'><strong>προλαϐόντα</strong></span> 
     </span>
    </p>
   </div>
   <div class='ocr_carea' id='block_1_9' title="bbox 401 868 1986 941">
    <p class='ocr_par' dir='ltr' id='par_1_9' title="bbox 401 868 1986 941">
     <span class='ocr_line' id='line_1_9' title="bbox 401 868 1986 941; baseline 0.003 -22"><span class='ocrx_word' id='word_1_42' title='bbox 401 868 633 931; x_wconf 75' lang='grc' dir='ltr'><strong>δικαίως</strong></span> <span class='ocrx_word' id='word_1_43' title='bbox 692 869 998 921; x_wconf 74' lang='grc' dir='ltr'><strong>τέτακταιο</strong></span> <span class='ocrx_word' id='word_1_44' title='bbox 1049 870 1258 933; x_wconf 76' lang='grc' dir='ltr'><strong>ἐκεῖνος</strong></span> <span class='ocrx_word' id='word_1_45' title='bbox 1318 871 1421 939; x_wconf 79' lang='grc' dir='ltr'><strong>μὲν</strong></span> <span class='ocrx_word' id='word_1_46' title='bbox 1460 870 1592 940; x_wconf 81' lang='grc' dir='ltr'><strong>γὰρ,</strong></span> <span class='ocrx_word' id='word_1_47' title='bbox 1636 870 1738 941; x_wconf 76' lang='grc' dir='ltr'><strong>τὴν</strong></span> <span class='ocrx_word' id='word_1_48' title='bbox 1791 869 1986 939; x_wconf 82' lang='grc' dir='ltr'><strong>κλῆσιν</strong></span> 
     </span>
    </p>
   </div>
   <div class='ocr_carea' id='block_1_10' title="bbox 404 952 1984 1033">
    <p class='ocr_par' dir='ltr' id='par_1_10' title="bbox 404 952 1984 1033">
     <span class='ocr_line' id='line_1_10' title="bbox 404 952 1984 1033; baseline 0.001 -20"><span class='ocrx_word' id='word_1_49' title='bbox 404 960 583 1028; x_wconf 81' lang='grc' dir='ltr'><strong>αὐτῆς</strong></span> <span class='ocrx_word' id='word_1_50' title='bbox 624 960 876 1030; x_wconf 78' lang='grc' dir='ltr'><strong>περιέχει</strong></span> <span class='ocrx_word' id='word_1_51' title='bbox 899 976 914 991; x_wconf 78' lang='grc' dir='ltr'><strong>ο</strong></span> <span class='ocrx_word' id='word_1_52' title='bbox 948 952 1104 1022; x_wconf 75' lang='grc' dir='ltr'><strong>οὗτος</strong></span> <span class='ocrx_word' id='word_1_53' title='bbox 1137 961 1217 1025; x_wconf 74' lang='grc' dir='ltr'><strong>δὲ,</strong></span> <span class='ocrx_word' id='word_1_54' title='bbox 1242 962 1311 1015; x_wconf 79' lang='grc' dir='ltr'><strong>τὰ</strong></span> <span class='ocrx_word' id='word_1_55' title='bbox 1341 962 1481 1031; x_wconf 81' lang='grc' dir='ltr'><strong>μετὰ</strong></span> <span class='ocrx_word' id='word_1_56' title='bbox 1500 961 1601 1033; x_wconf 75' lang='grc' dir='ltr'><strong>τὴν</strong></span> <span class='ocrx_word' id='word_1_57' title='bbox 1629 962 1846 1031; x_wconf 87' lang='grc' dir='ltr'><strong>κλῆσιν.</strong></span> <span class='ocrx_word' id='word_1_58' title='bbox 1884 960 1984 1014; x_wconf 84' lang='grc' dir='ltr'><strong>Ἕν</strong></span> 
     </span>
    </p>
   </div>
   <div class='ocr_carea' id='block_1_11' title="bbox 401 1052 1988 1125">
    <p class='ocr_par' dir='ltr' id='par_1_11' title="bbox 401 1052 1988 1125">
     <span class='ocr_line' id='line_1_11' title="bbox 401 1052 1988 1125; baseline 0.001 -21"><span class='ocrx_word' id='word_1_59' title='bbox 401 1068 516 1104; x_wconf 86' lang='grc' dir='ltr'><strong>τισι</strong></span> <span class='ocrx_word' id='word_1_60' title='bbox 547 1052 606 1105; x_wconf 82' lang='grc' dir='ltr'><strong>δὲ</strong></span> <span class='ocrx_word' id='word_1_61' title='bbox 651 1052 761 1106; x_wconf 84' lang='grc' dir='ltr'><strong>τῶν</strong></span> <span class='ocrx_word' id='word_1_62' title='bbox 818 1052 1066 1122; x_wconf 79' lang='grc' dir='ltr'><strong>ἀρχαίων</strong></span> <span class='ocrx_word' id='word_1_63' title='bbox 1092 1054 1467 1123; x_wconf 81' lang='grc' dir='ltr'><strong>ἀντιγράφων,</strong></span> <span class='ocrx_word' id='word_1_64' title='bbox 1507 1053 1605 1125; x_wconf 75' lang='grc' dir='ltr'><strong>οὐχ</strong></span> <span class='ocrx_word' id='word_1_65' title='bbox 1650 1052 1832 1122; x_wconf 75' lang='grc' dir='ltr'><strong>’Υπὲρ</strong></span> <span class='ocrx_word' id='word_1_66' title='bbox 1866 1053 1988 1108; x_wconf 82' lang='grc' dir='ltr'><strong>τῶν</strong></span> 
     </span>
    </p>
   </div>
   <div class='ocr_carea' id='block_1_12' title="bbox 400 1143 1983 1215">
    <p class='ocr_par' dir='ltr' id='par_1_12' title="bbox 400 1143 1983 1215">
     <span class='ocr_line' id='line_1_12' title="bbox 400 1143 1983 1215; baseline 0.001 -17"><span class='ocrx_word' id='word_1_67' title='bbox 400 1143 555 1198; x_wconf 76' lang='grc' dir='ltr'><strong>υιῶν</strong></span> <span class='ocrx_word' id='word_1_68' title='bbox 586 1144 759 1212; x_wconf 77' lang='grc' dir='ltr'><strong>Κορὲ,</strong></span> <span class='ocrx_word' id='word_1_69' title='bbox 822 1143 961 1198; x_wconf 77' lang='grc' dir='ltr'><strong>ἀλλὰ</strong></span> <span class='ocrx_word' id='word_1_70' title='bbox 998 1143 1130 1211; x_wconf 84' lang='grc' dir='ltr'><em>Τοῖς</em></span> <span class='ocrx_word' id='word_1_71' title='bbox 1159 1146 1312 1212; x_wconf 85' lang='grc' dir='ltr'><strong>υίοῒς</strong></span> <span class='ocrx_word' id='word_1_72' title='bbox 1344 1145 1513 1213; x_wconf 81' lang='grc' dir='ltr'><strong>Κορὲ,</strong></span> <span class='ocrx_word' id='word_1_73' title='bbox 1575 1146 1983 1215; x_wconf 71' lang='grc' dir='ltr'><strong>ἐπεγέγραπτο.</strong></span> 
     </span>
    </p>
   </div>
   <div class='ocr_carea' id='block_1_13' title="bbox 403 1236 1989 1310">
    <p class='ocr_par' dir='ltr' id='par_1_13' title="bbox 403 1236 1989 1310">
     <span class='ocr_line' id='line_1_13' title="bbox 403 1236 1989 1310; baseline 0 -19"><span class='ocrx_word' id='word_1_74' title='bbox 403 1236 513 1291; x_wconf 74' lang='grc' dir='ltr'><strong>Καὶ</strong></span> <span class='ocrx_word' id='word_1_75' title='bbox 537 1236 721 1307; x_wconf 80' lang='grc' dir='ltr'><strong>δῆλον,</strong></span> <span class='ocrx_word' id='word_1_76' title='bbox 752 1237 830 1300; x_wconf 83' lang='grc' dir='ltr'><strong>ὡς</strong></span> <span class='ocrx_word' id='word_1_77' title='bbox 858 1237 997 1309; x_wconf 83' lang='grc' dir='ltr'><strong>λήθῃ</strong></span> <span class='ocrx_word' id='word_1_78' title='bbox 1029 1237 1190 1292; x_wconf 78' lang='grc' dir='ltr'><strong>τοῦτο</strong></span> <span class='ocrx_word' id='word_1_79' title='bbox 1229 1239 1324 1293; x_wconf 78' lang='grc' dir='ltr'><strong>τοῦ</strong></span> <span class='ocrx_word' id='word_1_80' title='bbox 1351 1240 1474 1293; x_wconf 85' lang='grc' dir='ltr'><strong>κατ’</strong></span> <span class='ocrx_word' id='word_1_81' title='bbox 1505 1239 1683 1310; x_wconf 80' lang='grc' dir='ltr'><strong>ἀρχὰς</strong></span> <span class='ocrx_word' id='word_1_82' title='bbox 1707 1238 1989 1309; x_wconf 75' lang='grc' dir='ltr'><strong>μεταγράο</strong></span> 
     </span>
    </p>
   </div>
   <div class='ocr_carea' id='block_1_14' title="bbox 396 1324 1982 1403">
    <p class='ocr_par' dir='ltr' id='par_1_14' title="bbox 396 1324 1982 1403">
     <span class='ocr_line' id='line_1_14' title="bbox 396 1324 1982 1403; baseline 0.003 -22"><span class='ocrx_word' id='word_1_83' title='bbox 396 1330 624 1399; x_wconf 73' lang='grc' dir='ltr'><strong>ψαντος,</strong></span> <span class='ocrx_word' id='word_1_84' title='bbox 656 1330 762 1397; x_wconf 82' lang='grc' dir='ltr'><strong>ἀφ’</strong></span> <span class='ocrx_word' id='word_1_85' title='bbox 793 1324 857 1384; x_wconf 74' lang='grc' dir='ltr'><strong>οὗ</strong></span> <span class='ocrx_word' id='word_1_86' title='bbox 884 1347 1030 1394; x_wconf 91' lang='grc' dir='ltr'><strong>τινος</strong></span> <span class='ocrx_word' id='word_1_87' title='bbox 1064 1330 1277 1403; x_wconf 83' lang='grc' dir='ltr'><strong>διεδόθη</strong></span> <span class='ocrx_word' id='word_1_88' title='bbox 1322 1332 1578 1403; x_wconf 78' lang='grc' dir='ltr'><strong>καὶπρὸς</strong></span> <span class='ocrx_word' id='word_1_89' title='bbox 1608 1332 1736 1395; x_wconf 78' lang='grc' dir='ltr'><strong>τοὺς</strong></span> <span class='ocrx_word' id='word_1_90' title='bbox 1766 1332 1982 1394; x_wconf 75' lang='grc' dir='ltr'><strong>ἄλλους.</strong></span> 
     </span>
    </p>
   </div>
   <div class='ocr_carea' id='block_1_15' title="bbox 397 1420 1984 1494">
    <p class='ocr_par' dir='ltr' id='par_1_15' title="bbox 397 1420 1984 1494">
     <span class='ocr_line' id='line_1_15' title="bbox 397 1420 1984 1494; baseline 0.001 -21"><span class='ocrx_word' id='word_1_91' title='bbox 397 1420 697 1490; x_wconf 77' lang='grc' dir='ltr'><strong>Δυνάμεθα</strong></span> <span class='ocrx_word' id='word_1_92' title='bbox 720 1421 778 1475; x_wconf 73' lang='grc' dir='ltr'><strong>δὲ</strong></span> <span class='ocrx_word' id='word_1_93' title='bbox 807 1422 903 1475; x_wconf 79' lang='grc' dir='ltr'><strong>καὶ</strong></span> <span class='ocrx_word' id='word_1_94' title='bbox 929 1420 1105 1485; x_wconf 77' lang='grc' dir='ltr'><strong>οὕτως</strong></span> <span class='ocrx_word' id='word_1_95' title='bbox 1130 1422 1468 1494; x_wconf 74' lang='grc' dir='ltr'><strong>ἑρμηνεῦσαι</strong></span> <span class='ocrx_word' id='word_1_96' title='bbox 1498 1423 1598 1494; x_wconf 84' lang='grc' dir='ltr'><strong>τὴν</strong></span> <span class='ocrx_word' id='word_1_97' title='bbox 1645 1423 1984 1494; x_wconf 77' lang='grc' dir='ltr'><strong>ἐπιγραφὴν,</strong></span> 
     </span>
    </p>
   </div>
   <div class='ocr_carea' id='block_1_16' title="bbox 2099 594 3669 666">
    <p class='ocr_par' dir='ltr' id='par_1_16' title="bbox 2099 594 3669 666">
     <span class='ocr_line' id='line_1_16' title="bbox 2099 594 3669 666; baseline 0.001 -17"><span class='ocrx_word' id='word_1_98' title='bbox 2099 604 2208 649; x_wconf 89' lang='lat' dir='ltr'><strong>tem</strong></span> <span class='ocrx_word' id='word_1_99' title='bbox 2241 594 2330 649; x_wconf 91' lang='lat' dir='ltr'><strong>hic</strong></span> <span class='ocrx_word' id='word_1_100' title='bbox 2350 595 2597 666; x_wconf 83' lang='lat' dir='ltr'><strong>psalmus</strong></span> <span class='ocrx_word' id='word_1_101' title='bbox 2619 595 2837 653; x_wconf 87' lang='lat' dir='ltr'><strong>futuros</strong></span> <span class='ocrx_word' id='word_1_102' title='bbox 2863 598 3129 654; x_wconf 89' lang='lat' dir='ltr'><strong>adversus</strong></span> <span class='ocrx_word' id='word_1_103' title='bbox 3152 596 3456 653; x_wconf 86' lang='lat' dir='ltr'><strong>Ecclesiam</strong></span> <span class='ocrx_word' id='word_1_104' title='bbox 3489 596 3669 653; x_wconf 89' lang='lat' dir='ltr'><strong>insul-</strong></span> 
     </span>
    </p>
   </div>
   <div class='ocr_carea' id='block_1_17' title="bbox 2097 687 3669 759">
    <p class='ocr_par' dir='ltr' id='par_1_17' title="bbox 2097 687 3669 759">
     <span class='ocr_line' id='line_1_17' title="bbox 2097 687 3669 759; baseline 0.002 -19"><span class='ocrx_word' id='word_1_105' title='bbox 2097 687 2350 756; x_wconf 88' lang='lat' dir='ltr'><strong>tus:qui</strong></span> <span class='ocrx_word' id='word_1_106' title='bbox 2400 702 2522 742; x_wconf 79' lang='lat' dir='ltr'><strong>mox</strong></span> <span class='ocrx_word' id='word_1_107' title='bbox 2554 688 2622 742; x_wconf 89' lang='lat' dir='ltr'><strong>ab</strong></span> <span class='ocrx_word' id='word_1_108' title='bbox 2671 689 3001 759; x_wconf 67' lang='lat' dir='ltr'><strong>evangelica:</strong></span> <span class='ocrx_word' id='word_1_109' title='bbox 3048 688 3461 759; x_wconf 70' lang='lat' dir='ltr'><strong>praedicationis</strong></span> <span class='ocrx_word' id='word_1_110' title='bbox 3508 688 3669 743; x_wconf 92' lang='lat' dir='ltr'><strong>initio</strong></span> 
     </span>
    </p>
   </div>
   <div class='ocr_carea' id='block_1_18' title="bbox 2096 778 3672 851">
    <p class='ocr_par' dir='ltr' id='par_1_18' title="bbox 2096 778 3672 851">
     <span class='ocr_line' id='line_1_18' title="bbox 2096 778 3672 851; baseline -0.001 -14"><span class='ocrx_word' id='word_1_111' title='bbox 2096 779 2406 837; x_wconf 83' lang='lat' dir='ltr'><strong>concitandi</strong></span> <span class='ocrx_word' id='word_1_112' title='bbox 2459 790 2615 835; x_wconf 88' lang='lat' dir='ltr'><strong>erant</strong></span> <span class='ocrx_word' id='word_1_113' title='bbox 2647 820 2662 835; x_wconf 93' lang='lat'><strong>.</strong></span> <span class='ocrx_word' id='word_1_114' title='bbox 2704 778 2883 848; x_wconf 79' lang='lat' dir='ltr'><strong>Ipsius</strong></span> <span class='ocrx_word' id='word_1_115' title='bbox 2942 782 3104 837; x_wconf 89' lang='lat' dir='ltr'><strong>etiam</strong></span> <span class='ocrx_word' id='word_1_116' title='bbox 3147 781 3399 837; x_wconf 72' lang='lat' dir='ltr'><strong>Ecclesiae</strong></span> <span class='ocrx_word' id='word_1_117' title='bbox 3454 783 3672 851; x_wconf 86' lang='lat' dir='ltr'><strong>patien-</strong></span> 
     </span>
    </p>
   </div>
   <div class='ocr_carea' id='block_1_19' title="bbox 2094 870 3669 941">
    <p class='ocr_par' dir='ltr' id='par_1_19' title="bbox 2094 870 3669 941">
     <span class='ocr_line' id='line_1_19' title="bbox 2094 870 3669 941; baseline -0.002 -13"><span class='ocrx_word' id='word_1_118' title='bbox 2094 873 2226 928; x_wconf 86' lang='lat' dir='ltr'><strong>tiam</strong></span> <span class='ocrx_word' id='word_1_119' title='bbox 2297 880 2353 927; x_wconf 91' lang='lat' dir='ltr'><strong>et</strong></span> <span class='ocrx_word' id='word_1_120' title='bbox 2430 886 2617 941; x_wconf 89' lang='lat' dir='ltr'><strong>pacem</strong></span> <span class='ocrx_word' id='word_1_121' title='bbox 2699 872 2918 927; x_wconf 89' lang='lat' dir='ltr'><strong>demum</strong></span> <span class='ocrx_word' id='word_1_122' title='bbox 2994 881 3258 929; x_wconf 87' lang='lat' dir='ltr'><strong>secutam.</strong></span> <span class='ocrx_word' id='word_1_123' title='bbox 3325 870 3479 927; x_wconf 81' lang='lat' dir='ltr'><strong>Unde</strong></span> <span class='ocrx_word' id='word_1_124' title='bbox 3559 886 3669 926; x_wconf 89' lang='lat' dir='ltr'><strong>non</strong></span> 
     </span>
    </p>
   </div>
   <div class='ocr_carea' id='block_1_20' title="bbox 2096 961 3668 1032">
    <p class='ocr_par' dir='ltr' id='par_1_20' title="bbox 2096 961 3668 1032">
     <span class='ocr_line' id='line_1_20' title="bbox 2096 961 3668 1032; baseline -0.001 -15"><span class='ocrx_word' id='word_1_125' title='bbox 2096 961 2374 1017; x_wconf 86' lang='lat' dir='ltr'><strong>immerito</strong></span> <span class='ocrx_word' id='word_1_126' title='bbox 2412 969 2539 1031; x_wconf 87' lang='lat' dir='ltr'><strong>post</strong></span> <span class='ocrx_word' id='word_1_127' title='bbox 2569 962 2969 1031; x_wconf 76' lang='lat' dir='ltr'><strong>praecedentem</strong></span> <span class='ocrx_word' id='word_1_128' title='bbox 3030 962 3300 1032; x_wconf 85' lang='lat' dir='ltr'><strong>psalmum</strong></span> <span class='ocrx_word' id='word_1_129' title='bbox 3344 964 3668 1017; x_wconf 86' lang='lat' dir='ltr'><strong>collocatur.</strong></span> 
     </span>
    </p>
   </div>
   <div class='ocr_carea' id='block_1_21' title="bbox 2095 1052 3669 1120">
    <p class='ocr_par' dir='ltr' id='par_1_21' title="bbox 2095 1052 3669 1120">
     <span class='ocr_line' id='line_1_21' title="bbox 2095 1052 3669 1120; baseline 0 -13"><span class='ocrx_word' id='word_1_130' title='bbox 2095 1052 2193 1109; x_wconf 90' lang='lat' dir='ltr'><strong>Ille</strong></span> <span class='ocrx_word' id='word_1_131' title='bbox 2220 1054 2370 1109; x_wconf 91' lang='lat' dir='ltr'><strong>enim</strong></span> <span class='ocrx_word' id='word_1_132' title='bbox 2401 1052 2664 1110; x_wconf 79' lang='lat' dir='ltr'><strong>Ecclesiae</strong></span> <span class='ocrx_word' id='word_1_133' title='bbox 2695 1056 3045 1110; x_wconf 91' lang='lat' dir='ltr'><strong>vocationem</strong></span> <span class='ocrx_word' id='word_1_134' title='bbox 3075 1055 3342 1120; x_wconf 86' lang='lat' dir='ltr'><strong>continet,</strong></span> <span class='ocrx_word' id='word_1_135' title='bbox 3367 1056 3455 1109; x_wconf 86' lang='lat' dir='ltr'><strong>hic</strong></span> <span class='ocrx_word' id='word_1_136' title='bbox 3486 1064 3669 1109; x_wconf 90' lang='lat' dir='ltr'><strong>autem</strong></span> 
     </span>
    </p>
   </div>
   <div class='ocr_carea' id='block_1_22' title="bbox 2094 1146 3674 1217">
    <p class='ocr_par' dir='ltr' id='par_1_22' title="bbox 2094 1146 3674 1217">
     <span class='ocr_line' id='line_1_22' title="bbox 2094 1146 3674 1217; baseline -0.001 -16"><span class='ocrx_word' id='word_1_137' title='bbox 2094 1161 2158 1202; x_wconf 87' lang='lat' dir='ltr'><strong>ea</strong></span> <span class='ocrx_word' id='word_1_138' title='bbox 2188 1162 2309 1217; x_wconf 70' lang='lat' dir='ltr'><strong>qua:</strong></span> <span class='ocrx_word' id='word_1_139' title='bbox 2342 1158 2467 1217; x_wconf 90' lang='lat' dir='ltr'><strong>post</strong></span> <span class='ocrx_word' id='word_1_140' title='bbox 2495 1152 2840 1204; x_wconf 82' lang='lat' dir='ltr'><strong>vocationem</strong></span> <span class='ocrx_word' id='word_1_141' title='bbox 2874 1148 3167 1205; x_wconf 89' lang='lat' dir='ltr'><strong>subsecuta</strong></span> <span class='ocrx_word' id='word_1_142' title='bbox 3195 1156 3345 1203; x_wconf 91' lang='lat' dir='ltr'><strong>sunt.</strong></span> <span class='ocrx_word' id='word_1_143' title='bbox 3376 1146 3433 1201; x_wconf 92' lang='lat' dir='ltr'><strong>In</strong></span> <span class='ocrx_word' id='word_1_144' title='bbox 3471 1147 3674 1216; x_wconf 89' lang='lat' dir='ltr'><strong>aliqui-</strong></span> 
     </span>
    </p>
   </div>
   <div class='ocr_carea' id='block_1_23' title="bbox 2096 1238 3668 1309">
    <p class='ocr_par' dir='ltr' id='par_1_23' title="bbox 2096 1238 3668 1309">
     <span class='ocr_line' id='line_1_23' title="bbox 2096 1238 3668 1309; baseline -0.004 -16"><span class='ocrx_word' id='word_1_145' title='bbox 2096 1239 2200 1293; x_wconf 85' lang='lat' dir='ltr'><strong>bus</strong></span> <span class='ocrx_word' id='word_1_146' title='bbox 2236 1248 2417 1293; x_wconf 89' lang='lat' dir='ltr'><strong>autem</strong></span> <span class='ocrx_word' id='word_1_147' title='bbox 2440 1240 2721 1295; x_wconf 83' lang='lat' dir='ltr'><strong>veteribus</strong></span> <span class='ocrx_word' id='word_1_148' title='bbox 2741 1238 3152 1309; x_wconf 78' lang='lat' dir='ltr'><strong>exemplaribus</strong></span> <span class='ocrx_word' id='word_1_149' title='bbox 3189 1238 3516 1307; x_wconf 89' lang='lat' dir='ltr'><strong>inscriptum</strong></span> <span class='ocrx_word' id='word_1_150' title='bbox 3544 1245 3668 1291; x_wconf 89' lang='lat' dir='ltr'><strong>est:</strong></span> 
     </span>
    </p>
   </div>
   <div class='ocr_carea' id='block_1_24' title="bbox 2097 1330 3668 1402">
    <p class='ocr_par' dir='ltr' id='par_1_24' title="bbox 2097 1330 3668 1402">
     <span class='ocr_line' id='line_1_24' title="bbox 2097 1330 3668 1402; baseline -0.003 -16"><span class='ocrx_word' id='word_1_151' title='bbox 2097 1330 2250 1386; x_wconf 81' lang='lat' dir='ltr'><strong>Filiis</strong></span> <span class='ocrx_word' id='word_1_152' title='bbox 2309 1330 2445 1386; x_wconf 78' lang='lat' dir='ltr'><strong>Cors</strong></span> <span class='ocrx_word' id='word_1_153' title='bbox 2486 1347 2505 1386; x_wconf 88' lang='lat'><strong><em>:</em></strong></span> <span class='ocrx_word' id='word_1_154' title='bbox 2560 1333 2770 1402; x_wconf 83' lang='lat' dir='ltr'><strong>absque</strong></span> <span class='ocrx_word' id='word_1_155' title='bbox 2829 1330 2919 1385; x_wconf 88' lang='lat' dir='ltr'><strong>illa</strong></span> <span class='ocrx_word' id='word_1_156' title='bbox 2976 1331 3218 1386; x_wconf 89' lang='lat' dir='ltr'><strong>dictione</strong></span> <span class='ocrx_word' id='word_1_157' title='bbox 3285 1345 3423 1398; x_wconf 88' lang='lat' dir='ltr'><strong>pro;</strong></span> <span class='ocrx_word' id='word_1_158' title='bbox 3480 1343 3668 1383; x_wconf 91' lang='lat' dir='ltr'><strong>verum</strong></span> 
     </span>
    </p>
   </div>
   <div class='ocr_carea' id='block_1_25' title="bbox 2095 1422 3676 1493">
    <p class='ocr_par' dir='ltr' id='par_1_25' title="bbox 2095 1422 3676 1493">
     <span class='ocr_line' id='line_1_25' title="bbox 2095 1422 3676 1493; baseline -0.002 -17"><span class='ocrx_word' id='word_1_159' title='bbox 2095 1430 2246 1493; x_wconf 88' lang='lat' dir='ltr'><strong>patet</strong></span> <span class='ocrx_word' id='word_1_160' title='bbox 2299 1423 2350 1477; x_wconf 91' lang='lat' dir='ltr'><strong>id</strong></span> <span class='ocrx_word' id='word_1_161' title='bbox 2393 1423 2645 1478; x_wconf 71' lang='lat' dir='ltr'><strong>effectum</strong></span> <span class='ocrx_word' id='word_1_162' title='bbox 2690 1440 2816 1480; x_wconf 89' lang='lat' dir='ltr'><strong>esse</strong></span> <span class='ocrx_word' id='word_1_163' title='bbox 2880 1422 3169 1493; x_wconf 89' lang='lat' dir='ltr'><strong>scriptoris</strong></span> <span class='ocrx_word' id='word_1_164' title='bbox 3214 1422 3450 1487; x_wconf 89' lang='lat' dir='ltr'><strong>incuria,</strong></span> <span class='ocrx_word' id='word_1_165' title='bbox 3503 1436 3533 1475; x_wconf 91' lang='lat' dir='ltr'><strong>a</strong></span> <span class='ocrx_word' id='word_1_166' title='bbox 3563 1433 3676 1489; x_wconf 89' lang='lat' dir='ltr'><strong>quo</strong></span> 
     </span>
    </p>
   </div>
   <div class='ocr_carea' id='block_1_26' title="bbox 398 1512 1995 1587">
    <p class='ocr_par' dir='ltr' id='par_1_26' title="bbox 398 1512 1985 1587">
     <span class='ocr_line' id='line_1_26' title="bbox 398 1512 1985 1587; baseline 0.002 -22"><span class='ocrx_word' id='word_1_167' title='bbox 398 1514 503 1583; x_wconf 79' lang='grc' dir='ltr'><strong>τὴν</strong></span> <span class='ocrx_word' id='word_1_168' title='bbox 538 1514 695 1583; x_wconf 77' lang='grc' dir='ltr'><strong>ὑπὲρ</strong></span> <span class='ocrx_word' id='word_1_169' title='bbox 726 1515 986 1585; x_wconf 83' lang='grc' dir='ltr'><strong>πρόθεσιν</strong></span> <span class='ocrx_word' id='word_1_170' title='bbox 1020 1517 1140 1570; x_wconf 75' lang='grc' dir='ltr'><strong>ἀντὶ</strong></span> <span class='ocrx_word' id='word_1_171' title='bbox 1164 1516 1261 1587; x_wconf 83' lang='grc' dir='ltr'><strong>τῆς</strong></span> <span class='ocrx_word' id='word_1_172' title='bbox 1292 1516 1393 1570; x_wconf 80' lang='grc' dir='ltr'><strong>6ιὰ</strong></span> <span class='ocrx_word' id='word_1_173' title='bbox 1420 1516 1815 1587; x_wconf 77' lang='grc' dir='ltr'><strong>λαμϐάνοντες·</strong></span> <span class='ocrx_word' id='word_1_174' title='bbox 1851 1512 1985 1583; x_wconf 74' lang='grc' dir='ltr'><strong>οἷον,</strong></span> 
     </span>
    </p>
   </div>
   <div class='ocr_carea' id='block_1_27' title="bbox 2104 1512 3677 1587">
    <p class='ocr_par' dir='ltr' id='par_1_27' title="bbox 2104 1514 3677 1581">
     <span class='ocr_line' id='line_1_27' title="bbox 2104 1514 3677 1581; baseline -0.003 -10"><span class='ocrx_word' id='word_1_175' title='bbox 2104 1530 2253 1571; x_wconf 84' lang='lat' dir='ltr'><strong>error</strong></span> <span class='ocrx_word' id='word_1_176' title='bbox 2294 1515 2350 1571; x_wconf 90' lang='lat' dir='ltr'><strong>in</strong></span> <span class='ocrx_word' id='word_1_177' title='bbox 2381 1524 2614 1572; x_wconf 70' lang='lat' dir='ltr'><strong>caeteros</strong></span> <span class='ocrx_word' id='word_1_178' title='bbox 2646 1517 2947 1573; x_wconf 83' lang='lat' dir='ltr'><strong>emanavit.</strong></span> <span class='ocrx_word' id='word_1_179' title='bbox 2979 1514 3286 1572; x_wconf 85' lang='lat' dir='ltr'><strong>Possumus</strong></span> <span class='ocrx_word' id='word_1_180' title='bbox 3316 1514 3480 1569; x_wconf 90' lang='lat' dir='ltr'><strong>etiam</strong></span> <span class='ocrx_word' id='word_1_181' title='bbox 3506 1528 3677 1581; x_wconf 84' lang='lat' dir='ltr'><strong>expo-</strong></span> 
     </span>
    </p>
   </div>
   <div class='ocr_carea' id='block_1_28' title="bbox 397 1604 1995 1681">
    <p class='ocr_par' dir='ltr' id='par_1_28' title="bbox 397 1604 1985 1679">
     <span class='ocr_line' id='line_1_28' title="bbox 397 1604 1985 1679; baseline 0.003 -22"><span class='ocrx_word' id='word_1_182' title='bbox 397 1605 505 1658; x_wconf 82' lang='grc' dir='ltr'><strong>Διὰ</strong></span> <span class='ocrx_word' id='word_1_183' title='bbox 548 1604 669 1659; x_wconf 80' lang='grc' dir='ltr'><strong>τῶν</strong></span> <span class='ocrx_word' id='word_1_184' title='bbox 690 1604 838 1659; x_wconf 75' lang='grc' dir='ltr'><strong>υιῶν</strong></span> <span class='ocrx_word' id='word_1_185' title='bbox 870 1606 1042 1676; x_wconf 79' lang='grc' dir='ltr'><strong>Κορέ.</strong></span> <span class='ocrx_word' id='word_1_186' title='bbox 1088 1606 1364 1679; x_wconf 83' lang='grc' dir='ltr'><strong>Ἐπονήθη</strong></span> <span class='ocrx_word' id='word_1_187' title='bbox 1401 1607 1500 1678; x_wconf 80' lang='grc' dir='ltr'><strong>μὲν</strong></span> <span class='ocrx_word' id='word_1_188' title='bbox 1540 1608 1651 1679; x_wconf 78' lang='grc' dir='ltr'><strong>γὰρ</strong></span> <span class='ocrx_word' id='word_1_189' title='bbox 1678 1606 1757 1679; x_wconf 83' lang='grc' dir='ltr'><strong>τῷ</strong></span> <span class='ocrx_word' id='word_1_190' title='bbox 1798 1608 1985 1672; x_wconf 73' lang='grc' dir='ltr'><strong>Δαεὶδ,</strong></span> 
     </span>
    </p>
   </div>
   <div class='ocr_carea' id='block_1_29' title="bbox 2104 1604 3673 1681">
    <p class='ocr_par' dir='ltr' id='par_1_29' title="bbox 2104 1608 3673 1681">
     <span class='ocr_line' id='line_1_29' title="bbox 2104 1608 3673 1681; baseline -0.003 -18"><span class='ocrx_word' id='word_1_191' title='bbox 2104 1623 2230 1665; x_wconf 85' lang='lat' dir='ltr'><strong>nere</strong></span> <span class='ocrx_word' id='word_1_192' title='bbox 2269 1610 2711 1681; x_wconf 66' lang='lat' dir='ltr'><strong>praepositionem</strong></span> <span class='ocrx_word' id='word_1_193' title='bbox 2782 1624 2901 1680; x_wconf 88' lang='lat' dir='ltr'><strong>pro,</strong></span> <span class='ocrx_word' id='word_1_194' title='bbox 2929 1611 3052 1665; x_wconf 92' lang='lat' dir='ltr'><strong>loco</strong></span> <span class='ocrx_word' id='word_1_195' title='bbox 3109 1608 3513 1679; x_wconf 86' lang='lat' dir='ltr'><strong>praepositionis</strong></span> <span class='ocrx_word' id='word_1_196' title='bbox 3560 1621 3673 1673; x_wconf 88' lang='lat' dir='ltr'><strong>per,</strong></span> 
     </span>
    </p>
   </div>
   <div class='ocr_carea' id='block_1_30' title="bbox 396 1695 1995 1773">
    <p class='ocr_par' dir='ltr' id='par_1_30' title="bbox 396 1695 1989 1770">
     <span class='ocr_line' id='line_1_30' title="bbox 396 1695 1989 1770; baseline 0.001 -20"><span class='ocrx_word' id='word_1_197' title='bbox 396 1695 723 1768; x_wconf 74' lang='grc' dir='ltr'><strong>ὶμελῳδήθη</strong></span> <span class='ocrx_word' id='word_1_198' title='bbox 781 1698 862 1762; x_wconf 74' lang='grc' dir='ltr'><strong>δὲ,</strong></span> <span class='ocrx_word' id='word_1_199' title='bbox 902 1698 991 1752; x_wconf 81' lang='grc' dir='ltr'><strong>διὰ</strong></span> <span class='ocrx_word' id='word_1_200' title='bbox 1019 1699 1131 1752; x_wconf 85' lang='grc' dir='ltr'><strong>τῶν</strong></span> <span class='ocrx_word' id='word_1_201' title='bbox 1180 1700 1315 1752; x_wconf 86' lang='grc' dir='ltr'><strong>υίῶν</strong></span> <span class='ocrx_word' id='word_1_202' title='bbox 1361 1700 1541 1768; x_wconf 83' lang='grc' dir='ltr'><strong>Κορέ’</strong></span> <span class='ocrx_word' id='word_1_203' title='bbox 1571 1700 1706 1768; x_wconf 82' lang='grc' dir='ltr'><strong>φασὶ</strong></span> <span class='ocrx_word' id='word_1_204' title='bbox 1736 1698 1846 1770; x_wconf 86' lang='grc' dir='ltr'><strong>γὰρ</strong></span> <span class='ocrx_word' id='word_1_205' title='bbox 1886 1699 1989 1770; x_wconf 83' lang='grc' dir='ltr'><strong>τὴν</strong></span> 
     </span>
    </p>
   </div>
   <div class='ocr_carea' id='block_1_31' title="bbox 2104 1695 3675 1773">
    <p class='ocr_par' dir='ltr' id='par_1_31' title="bbox 2104 1700 3675 1773">
     <span class='ocr_line' id='line_1_31' title="bbox 2104 1700 3675 1773; baseline -0.003 -17"><span class='ocrx_word' id='word_1_206' title='bbox 2104 1710 2158 1756; x_wconf 89' lang='lat' dir='ltr'><strong>ut</strong></span> <span class='ocrx_word' id='word_1_207' title='bbox 2189 1701 2261 1757; x_wconf 86' lang='lat' dir='ltr'><strong>sit</strong></span> <span class='ocrx_word' id='word_1_208' title='bbox 2294 1717 2493 1758; x_wconf 88' lang='lat' dir='ltr'><strong>sensus</strong></span> <span class='ocrx_word' id='word_1_209' title='bbox 2520 1744 2535 1769; x_wconf 94' lang='lat'><strong>,</strong></span> <span class='ocrx_word' id='word_1_210' title='bbox 2574 1703 2722 1772; x_wconf 86' lang='lat' dir='ltr'><strong>quod</strong></span> <span class='ocrx_word' id='word_1_211' title='bbox 2786 1717 2881 1773; x_wconf 90' lang='lat' dir='ltr'><strong>per</strong></span> <span class='ocrx_word' id='word_1_212' title='bbox 2934 1700 3107 1755; x_wconf 82' lang='lat' dir='ltr'><strong>Filios</strong></span> <span class='ocrx_word' id='word_1_213' title='bbox 3164 1700 3301 1755; x_wconf 86' lang='lat' dir='ltr'><strong>Core</strong></span> <span class='ocrx_word' id='word_1_214' title='bbox 3347 1700 3675 1754; x_wconf 86' lang='lat' dir='ltr'><strong>decantatus</strong></span> 
     </span>
    </p>
   </div>
   <div class='ocr_carea' id='block_1_32' title="bbox 408 1789 1995 1866">
    <p class='ocr_par' dir='ltr' id='par_1_32' title="bbox 408 1789 1986 1860">
     <span class='ocr_line' id='line_1_32' title="bbox 408 1789 1986 1860; baseline 0.002 -19"><span class='ocrx_word' id='word_1_215' title='bbox 408 1790 715 1860; x_wconf 77' lang='grc' dir='ltr'><strong>Ἐϐραῖκὴν</strong></span> <span class='ocrx_word' id='word_1_216' title='bbox 738 1789 883 1856; x_wconf 80' lang='grc' dir='ltr'><strong>λέξιν</strong></span> <span class='ocrx_word' id='word_1_217' title='bbox 920 1793 1016 1845; x_wconf 71' lang='grc' dir='ltr'><strong>καὶ</strong></span> <span class='ocrx_word' id='word_1_218' title='bbox 1035 1792 1118 1854; x_wconf 84' lang='grc' dir='ltr'><strong>τὸ,</strong></span> <span class='ocrx_word' id='word_1_219' title='bbox 1142 1793 1244 1846; x_wconf 81' lang='grc' dir='ltr'><strong>Διὰ</strong></span> <span class='ocrx_word' id='word_1_220' title='bbox 1260 1791 1382 1845; x_wconf 78' lang='grc' dir='ltr'><strong>τῶν</strong></span> <span class='ocrx_word' id='word_1_221' title='bbox 1398 1791 1566 1857; x_wconf 80' lang='grc' dir='ltr'><strong>υίῶν,</strong></span> <span class='ocrx_word' id='word_1_222' title='bbox 1587 1792 1683 1846; x_wconf 78' lang='grc' dir='ltr'><strong>καὶ</strong></span> <span class='ocrx_word' id='word_1_223' title='bbox 1704 1792 1787 1857; x_wconf 81' lang='grc' dir='ltr'><strong>τὸ,</strong></span> <span class='ocrx_word' id='word_1_224' title='bbox 1803 1790 1986 1860; x_wconf 84' lang='grc' dir='ltr'><strong>’Υπὲρ</strong></span> 
     </span>
    </p>
   </div>
   <div class='ocr_carea' id='block_1_33' title="bbox 2104 1789 3678 1866">
    <p class='ocr_par' dir='ltr' id='par_1_33' title="bbox 2104 1791 3678 1866">
     <span class='ocr_line' id='line_1_33' title="bbox 2104 1791 3678 1866; baseline -0.006 -15"><span class='ocrx_word' id='word_1_225' title='bbox 2104 1804 2179 1851; x_wconf 88' lang='lat' dir='ltr'><strong>est</strong></span> <span class='ocrx_word' id='word_1_226' title='bbox 2209 1795 2299 1850; x_wconf 85' lang='lat' dir='ltr'><strong>hic</strong></span> <span class='ocrx_word' id='word_1_227' title='bbox 2318 1796 2586 1866; x_wconf 86' lang='lat' dir='ltr'><strong>psalmus,</strong></span> <span class='ocrx_word' id='word_1_228' title='bbox 2614 1796 2832 1851; x_wconf 85' lang='lat' dir='ltr'><strong>tametsi</strong></span> <span class='ocrx_word' id='word_1_229' title='bbox 2866 1794 3205 1864; x_wconf 91' lang='lat' dir='ltr'><strong>compositus</strong></span> <span class='ocrx_word' id='word_1_230' title='bbox 3237 1808 3264 1845; x_wconf 92' lang='lat' dir='ltr'><strong>a</strong></span> <span class='ocrx_word' id='word_1_231' title='bbox 3288 1791 3478 1846; x_wconf 88' lang='lat' dir='ltr'><strong>David.</strong></span> <span class='ocrx_word' id='word_1_232' title='bbox 3507 1791 3678 1843; x_wconf 82' lang='lat' dir='ltr'><strong>Aiunt</strong></span> 
     </span>
    </p>
   </div>
   <div class='ocr_carea' id='block_1_34' title="bbox 402 1861 1995 1959">
    <p class='ocr_par' dir='ltr' id='par_1_34' title="bbox 402 1881 1989 1955">
     <span class='ocr_line' id='line_1_34' title="bbox 402 1881 1989 1955; baseline -0.001 -19"><span class='ocrx_word' id='word_1_233' title='bbox 402 1881 527 1936; x_wconf 75' lang='grc' dir='ltr'><strong>τῶν</strong></span> <span class='ocrx_word' id='word_1_234' title='bbox 556 1881 709 1937; x_wconf 83' lang='grc' dir='ltr'><strong>υίῶν</strong></span> <span class='ocrx_word' id='word_1_235' title='bbox 735 1884 941 1953; x_wconf 82' lang='grc' dir='ltr'><strong>ὁμοίως</strong></span> <span class='ocrx_word' id='word_1_236' title='bbox 998 1884 1313 1955; x_wconf 79' lang='grc' dir='ltr'><strong>σημαίνειν.</strong></span> <span class='ocrx_word' id='word_1_237' title='bbox 1356 1884 1527 1951; x_wconf 83' lang='grc' dir='ltr'><strong>Ὑπὲρ</strong></span> <span class='ocrx_word' id='word_1_238' title='bbox 1565 1883 1687 1937; x_wconf 81' lang='grc' dir='ltr'><strong>τῶν</strong></span> <span class='ocrx_word' id='word_1_239' title='bbox 1715 1883 1989 1952; x_wconf 67' lang='grc' dir='ltr'><strong>κρυφίων</strong></span> 
     </span>
    </p>
   </div>
   <div class='ocr_carea' id='block_1_35' title="bbox 2104 1861 3677 1959">
    <p class='ocr_par' dir='ltr' id='par_1_35' title="bbox 2104 1883 3677 1959">
     <span class='ocr_line' id='line_1_35' title="bbox 2104 1883 3677 1959; baseline -0.006 -17"><span class='ocrx_word' id='word_1_240' title='bbox 2104 1887 2240 1942; x_wconf 81' lang='lat' dir='ltr'><strong>enim</strong></span> <span class='ocrx_word' id='word_1_241' title='bbox 2273 1888 2718 1959; x_wconf 69' lang='lat' dir='ltr'><strong>praepositionem</strong></span> <span class='ocrx_word' id='word_1_242' title='bbox 2758 1888 2897 1942; x_wconf 88' lang='lat' dir='ltr'><strong>hanc</strong></span> <span class='ocrx_word' id='word_1_243' title='bbox 2930 1888 3073 1955; x_wconf 89' lang='lat' dir='ltr'><strong>apud</strong></span> <span class='ocrx_word' id='word_1_244' title='bbox 3109 1885 3366 1939; x_wconf 75' lang='lat' dir='ltr'><strong>Hebraeos</strong></span> <span class='ocrx_word' id='word_1_245' title='bbox 3420 1883 3472 1936; x_wconf 92' lang='lat' dir='ltr'><strong>in</strong></span> <span class='ocrx_word' id='word_1_246' title='bbox 3524 1888 3677 1934; x_wconf 89' lang='lat' dir='ltr'><strong>utra-</strong></span> 
     </span>
    </p>
   </div>
   <div class='ocr_carea' id='block_1_36' title="bbox 398 1973 1995 2050">
    <p class='ocr_par' dir='ltr' id='par_1_36' title="bbox 398 1974 1984 2047">
     <span class='ocr_line' id='line_1_36' title="bbox 398 1974 1984 2047; baseline 0 -20"><span class='ocrx_word' id='word_1_247' title='bbox 398 1974 478 2039; x_wconf 71' lang='grc' dir='ltr'><strong>δὲ,</strong></span> <span class='ocrx_word' id='word_1_248' title='bbox 504 1976 633 2029; x_wconf 74' lang='grc' dir='ltr'><strong>ἀντὶ</strong></span> <span class='ocrx_word' id='word_1_249' title='bbox 663 1976 759 2029; x_wconf 76' lang='grc' dir='ltr'><strong>τοῦ</strong></span> <span class='ocrx_word' id='word_1_250' title='bbox 792 1977 931 2046; x_wconf 76' lang='grc' dir='ltr'><strong>Περὶ</strong></span> <span class='ocrx_word' id='word_1_251' title='bbox 973 1976 1085 2030; x_wconf 84' lang='grc' dir='ltr'><strong>τῶν</strong></span> <span class='ocrx_word' id='word_1_252' title='bbox 1114 1976 1523 2047; x_wconf 84' lang='grc' dir='ltr'><strong>κεκρυμμένων</strong></span> <span class='ocrx_word' id='word_1_253' title='bbox 1565 1978 1681 2040; x_wconf 88' lang='grc' dir='ltr'><strong>τοῖς</strong></span> <span class='ocrx_word' id='word_1_254' title='bbox 1728 1974 1946 2038; x_wconf 83' lang='grc' dir='ltr'><strong>πολλοῖς</strong></span> <span class='ocrx_word' id='word_1_255' title='bbox 1969 1991 1984 2008; x_wconf 92' lang='grc'><strong>·</strong></span> 
     </span>
    </p>
   </div>
   <div class='ocr_carea' id='block_1_37' title="bbox 2104 1973 3678 2050">
    <p class='ocr_par' dir='ltr' id='par_1_37' title="bbox 2104 1973 3678 2050">
     <span class='ocr_line' id='line_1_37' title="bbox 2104 1973 3678 2050; baseline -0.004 -20"><span class='ocrx_word' id='word_1_256' title='bbox 2104 1994 2203 2050; x_wconf 80' lang='lat' dir='ltr'><strong>que</strong></span> <span class='ocrx_word' id='word_1_257' title='bbox 2248 1980 2376 2049; x_wconf 89' lang='lat' dir='ltr'><strong>poui</strong></span> <span class='ocrx_word' id='word_1_258' title='bbox 2438 1979 2864 2050; x_wconf 76' lang='lat' dir='ltr'><strong>significatione.</strong></span> <span class='ocrx_word' id='word_1_259' title='bbox 2921 1977 3077 2044; x_wconf 84' lang='lat' dir='ltr'><strong>Quod</strong></span> <span class='ocrx_word' id='word_1_260' title='bbox 3110 1991 3240 2030; x_wconf 90' lang='lat' dir='ltr'><strong>vero</strong></span> <span class='ocrx_word' id='word_1_261' title='bbox 3292 1976 3369 2029; x_wconf 90' lang='lat' dir='ltr'><strong>ait</strong></span> <span class='ocrx_word' id='word_1_262' title='bbox 3401 1991 3414 2027; x_wconf 91' lang='lat'><strong>:</strong></span> <span class='ocrx_word' id='word_1_263' title='bbox 3450 1973 3558 2028; x_wconf 88' lang='lat' dir='ltr'><strong>Pro</strong></span> <span class='ocrx_word' id='word_1_264' title='bbox 3588 1989 3678 2025; x_wconf 87' lang='lat' dir='ltr'><strong>oc-</strong></span> 
     </span>
    </p>
   </div>
   <div class='ocr_carea' id='block_1_38' title="bbox 397 2064 1995 2143">
    <p class='ocr_par' dir='ltr' id='par_1_38' title="bbox 397 2066 1987 2141">
     <span class='ocr_line' id='line_1_38' title="bbox 397 2066 1987 2141; baseline 0 -20"><span class='ocrx_word' id='word_1_265' title='bbox 397 2068 783 2139; x_wconf 84' lang='grc' dir='ltr'><strong>αίνιγματώδη</strong></span> <span class='ocrx_word' id='word_1_266' title='bbox 844 2068 955 2139; x_wconf 85' lang='grc' dir='ltr'><strong>γὰρ</strong></span> <span class='ocrx_word' id='word_1_267' title='bbox 1006 2070 1068 2121; x_wconf 76' lang='grc' dir='ltr'><strong>ἐν</strong></span> <span class='ocrx_word' id='word_1_268' title='bbox 1101 2070 1278 2141; x_wconf 82' lang='grc' dir='ltr'><strong>τούτῳ</strong></span> <span class='ocrx_word' id='word_1_269' title='bbox 1320 2068 1387 2123; x_wconf 78' lang='grc' dir='ltr'><strong>τὰ</strong></span> <span class='ocrx_word' id='word_1_270' title='bbox 1424 2068 1619 2125; x_wconf 81' lang='grc' dir='ltr'><strong>πολλὰ.</strong></span> <span class='ocrx_word' id='word_1_271' title='bbox 1665 2069 1894 2138; x_wconf 75' lang='grc' dir='ltr'><strong>Εἴρηται</strong></span> <span class='ocrx_word' id='word_1_272' title='bbox 1929 2066 1987 2121; x_wconf 69' lang='grc' dir='ltr'><strong>δὲ</strong></span> 
     </span>
    </p>
   </div>
   <div class='ocr_carea' id='block_1_39' title="bbox 2104 2064 3675 2143">
    <p class='ocr_par' dir='ltr' id='par_1_39' title="bbox 2104 2064 3675 2143">
     <span class='ocr_line' id='line_1_39' title="bbox 2104 2064 3675 2143; baseline -0.006 -18"><span class='ocrx_word' id='word_1_273' title='bbox 2104 2072 2277 2137; x_wconf 72' lang='lat' dir='ltr'><strong>rultis,</strong></span> <span class='ocrx_word' id='word_1_274' title='bbox 2341 2088 2577 2143; x_wconf 79' lang='lat' dir='ltr'><strong>expone,</strong></span> <span class='ocrx_word' id='word_1_275' title='bbox 2619 2072 2674 2127; x_wconf 93' lang='lat' dir='ltr'><strong>id</strong></span> <span class='ocrx_word' id='word_1_276' title='bbox 2728 2079 2834 2138; x_wconf 88' lang='lat' dir='ltr'><strong>est,</strong></span> <span class='ocrx_word' id='word_1_277' title='bbox 2886 2071 2950 2124; x_wconf 89' lang='lat' dir='ltr'><strong>de</strong></span> <span class='ocrx_word' id='word_1_278' title='bbox 3005 2070 3248 2124; x_wconf 79' lang='lat' dir='ltr'><strong>occultis.</strong></span> <span class='ocrx_word' id='word_1_279' title='bbox 3304 2067 3489 2122; x_wconf 83' lang='lat' dir='ltr'><strong>Multis</strong></span> <span class='ocrx_word' id='word_1_280' title='bbox 3530 2064 3675 2120; x_wconf 88' lang='lat' dir='ltr'><strong>enim</strong></span> 
     </span>
    </p>
   </div>
   <div class='ocr_carea' id='block_1_40' title="bbox 400 2160 1995 2232">
    <p class='ocr_par' dir='ltr' id='par_1_40' title="bbox 400 2160 1839 2232">
     <span class='ocr_line' id='line_1_40' title="bbox 400 2160 1839 2232; baseline 0.003 -21"><span class='ocrx_word' id='word_1_281' title='bbox 400 2161 690 2231; x_wconf 78' lang='grc' dir='ltr'><strong>προσώπῳ</strong></span> <span class='ocrx_word' id='word_1_282' title='bbox 724 2161 835 2214; x_wconf 83' lang='grc' dir='ltr'><strong>τῶν</strong></span> <span class='ocrx_word' id='word_1_283' title='bbox 868 2162 1208 2224; x_wconf 82' lang='grc' dir='ltr'><strong>ἀποστόλων,</strong></span> <span class='ocrx_word' id='word_1_284' title='bbox 1251 2163 1344 2215; x_wconf 75' lang='grc' dir='ltr'><strong>καὶ</strong></span> <span class='ocrx_word' id='word_1_285' title='bbox 1373 2162 1482 2215; x_wconf 86' lang='grc' dir='ltr'><strong>τῶν</strong></span> <span class='ocrx_word' id='word_1_286' title='bbox 1515 2160 1839 2232; x_wconf 81' lang='grc' dir='ltr'><strong>μαρτύρων.</strong></span> 
     </span>
    </p>
   </div>
   <div class='ocr_carea' id='block_1_41' title="bbox 2104 2160 3681 2232">
    <p class='ocr_par' dir='ltr' id='par_1_41' title="bbox 2104 2162 3681 2231">
     <span class='ocr_line' id='line_1_41' title="bbox 2104 2162 3681 2231; baseline -0.005 -14"><span class='ocrx_word' id='word_1_287' title='bbox 2104 2166 2335 2230; x_wconf 84' lang='lat' dir='ltr'><strong>occulta,</strong></span> <span class='ocrx_word' id='word_1_288' title='bbox 2361 2165 2466 2220; x_wconf 93' lang='lat' dir='ltr'><strong>hoc</strong></span> <span class='ocrx_word' id='word_1_289' title='bbox 2504 2173 2613 2230; x_wconf 84' lang='lat' dir='ltr'><strong>est,</strong></span> <span class='ocrx_word' id='word_1_290' title='bbox 2668 2166 2906 2219; x_wconf 89' lang='lat' dir='ltr'><strong>obscura</strong></span> <span class='ocrx_word' id='word_1_291' title='bbox 2944 2173 3110 2231; x_wconf 86' lang='lat' dir='ltr'><strong>atque</strong></span> <span class='ocrx_word' id='word_1_292' title='bbox 3144 2162 3329 2229; x_wconf 82' lang='lat' dir='ltr'><strong>ignota</strong></span> <span class='ocrx_word' id='word_1_293' title='bbox 3362 2166 3514 2222; x_wconf 87' lang='lat' dir='ltr'><strong>sunt,</strong></span> <span class='ocrx_word' id='word_1_294' title='bbox 3557 2168 3681 2226; x_wconf 64' lang='lat' dir='ltr'><strong>qua}</strong></span> 
     </span>
    </p>
   </div>
   <div class='ocr_carea' id='block_1_42' title="bbox 405 2253 3679 2329">
    <p class='ocr_par' dir='ltr' id='par_1_42' title="bbox 405 2253 3679 2329">
     <span class='ocr_line' id='line_1_42' title="bbox 405 2253 3679 2329; baseline -0.002 -22"><span class='ocrx_word' id='word_1_295' title='bbox 405 2255 461 2307; x_wconf 87' lang='lat' dir='ltr'><strong>in</strong></span> <span class='ocrx_word' id='word_1_296' title='bbox 482 2254 585 2307; x_wconf 85' lang='lat' dir='ltr'><strong>hoc</strong></span> <span class='ocrx_word' id='word_1_297' title='bbox 614 2253 831 2323; x_wconf 87' lang='lat' dir='ltr'><strong>psalmo</strong></span> <span class='ocrx_word' id='word_1_298' title='bbox 856 2254 1234 2319; x_wconf 89' lang='lat' dir='ltr'><strong>continentur,</strong></span> <span class='ocrx_word' id='word_1_299' title='bbox 1266 2253 1570 2310; x_wconf 78' lang='lat' dir='ltr'><strong>efferuntur</strong></span> <span class='ocrx_word' id='word_1_300' title='bbox 1597 2262 1783 2308; x_wconf 86' lang='lat' dir='ltr'><strong>autem</strong></span> <span class='ocrx_word' id='word_1_301' title='bbox 1840 2253 2005 2323; x_wconf 85' lang='lat' dir='ltr'><strong>hujus</strong></span> <span class='ocrx_word' id='word_1_302' title='bbox 2046 2256 2243 2326; x_wconf 83' lang='lat' dir='ltr'><strong>psalmi</strong></span> <span class='ocrx_word' id='word_1_303' title='bbox 2294 2259 2462 2315; x_wconf 81' lang='lat' dir='ltr'><strong>verba</strong></span> <span class='ocrx_word' id='word_1_304' title='bbox 2501 2274 2568 2314; x_wconf 81' lang='lat' dir='ltr'><strong>ex</strong></span> <span class='ocrx_word' id='word_1_305' title='bbox 2608 2256 2987 2329; x_wconf 86' lang='lat' dir='ltr'><strong>apostolorum</strong></span> <span class='ocrx_word' id='word_1_306' title='bbox 3026 2268 3127 2309; x_wconf 89' lang='lat' dir='ltr'><strong>seu</strong></span> <span class='ocrx_word' id='word_1_307' title='bbox 3195 2258 3501 2320; x_wconf 86' lang='lat' dir='ltr'><strong>martyrum</strong></span> <span class='ocrx_word' id='word_1_308' title='bbox 3552 2263 3679 2317; x_wconf 82' lang='lat' dir='ltr'><strong>per-</strong></span> 
     </span>
    </p>
   </div>
   <div class='ocr_carea' id='block_1_43' title="bbox 414 2361 569 2400">
    <p class='ocr_par' dir='ltr' id='par_1_43' title="bbox 414 2361 569 2400">
     <span class='ocr_line' id='line_1_43' title="bbox 414 2361 569 2400; baseline -0.006 0"><span class='ocrx_word' id='word_1_309' title='bbox 414 2361 547 2400; x_wconf 61' lang='lat' dir='ltr'><strong>SOI“</strong></span> <span class='ocrx_word' id='word_1_310' title='bbox 555 2383 569 2400; x_wconf 78' lang='grc' dir='ltr'><strong>ο</strong></span> 
     </span>
    </p>
   </div>
   <div class='ocr_carea' id='block_1_44' title="bbox 501 2429 1995 2514">
    <p class='ocr_par' dir='ltr' id='par_1_44' title="bbox 501 2438 1989 2514">
     <span class='ocr_line' id='line_1_44' title="bbox 501 2438 1989 2514; baseline 0 -21"><span class='ocrx_word' id='word_1_311' title='bbox 501 2438 555 2492; x_wconf 81' lang='grc' dir='ltr'><strong><em>Ὀ</em></strong></span> <span class='ocrx_word' id='word_1_312' title='bbox 592 2440 727 2508; x_wconf 78' lang='grc' dir='ltr'><strong>Θεὸς</strong></span> <span class='ocrx_word' id='word_1_313' title='bbox 787 2441 979 2510; x_wconf 75' lang='grc' dir='ltr'><strong>ἡμῶν,</strong></span> <span class='ocrx_word' id='word_1_314' title='bbox 1037 2443 1355 2514; x_wconf 72' lang='grc' dir='ltr'><strong>καταφυγὴ</strong></span> <span class='ocrx_word' id='word_1_315' title='bbox 1431 2441 1530 2496; x_wconf 80' lang='grc' dir='ltr'><strong>καὶ</strong></span> <span class='ocrx_word' id='word_1_316' title='bbox 1585 2441 1861 2510; x_wconf 78' lang='grc' dir='ltr'><strong>δύναμις.</strong></span> <span class='ocrx_word' id='word_1_317' title='bbox 1929 2440 1989 2494; x_wconf 84' lang='lat'><strong>&#39;0</strong></span> 
     </span>
    </p>
   </div>
   <div class='ocr_carea' id='block_1_45' title="bbox 2104 2429 3678 2514">
    <p class='ocr_par' dir='ltr' id='par_1_45' title="bbox 2164 2429 3678 2507">
     <span class='ocr_line' id='line_1_45' title="bbox 2164 2429 3678 2507; baseline -0.007 -12"><span class='ocrx_word' id='word_1_318' title='bbox 2164 2440 2327 2496; x_wconf 79' lang='lat' dir='ltr'><strong>Vens.</strong></span> <span class='ocrx_word' id='word_1_319' title='bbox 2359 2439 2415 2494; x_wconf 74' lang='lat'><strong>2.</strong></span> <span class='ocrx_word' id='word_1_320' title='bbox 2447 2438 2584 2494; x_wconf 87' lang='lat' dir='ltr'><strong>Deus</strong></span> <span class='ocrx_word' id='word_1_321' title='bbox 2615 2446 2795 2493; x_wconf 79' lang='lat' dir='ltr'><strong>noster</strong></span> <span class='ocrx_word' id='word_1_322' title='bbox 2817 2436 3082 2507; x_wconf 78' lang='lat' dir='ltr'><strong>refugium</strong></span> <span class='ocrx_word' id='word_1_323' title='bbox 3109 2442 3158 2490; x_wconf 84' lang='lat' dir='ltr'><strong>et</strong></span> <span class='ocrx_word' id='word_1_324' title='bbox 3191 2434 3382 2487; x_wconf 76' lang='lat' dir='ltr'><strong>virtus.</strong></span> <span class='ocrx_word' id='word_1_325' title='bbox 3420 2429 3678 2486; x_wconf 88' lang='lat' dir='ltr'><strong>Christus</strong></span> 
     </span>
    </p>
   </div>
   <div class='ocr_carea' id='block_1_46' title="bbox 414 2522 1995 2605">
    <p class='ocr_par' dir='ltr' id='par_1_46' title="bbox 414 2528 1991 2600">
     <span class='ocr_line' id='line_1_46' title="bbox 414 2528 1991 2600; baseline 0 -18"><span class='ocrx_word' id='word_1_326' title='bbox 414 2528 640 2599; x_wconf 78' lang='grc' dir='ltr'><strong>Χριστὸς</strong></span> <span class='ocrx_word' id='word_1_327' title='bbox 666 2531 745 2593; x_wconf 79' lang='grc' dir='ltr'><strong>είς</strong></span> <span class='ocrx_word' id='word_1_328' title='bbox 780 2529 841 2583; x_wconf 73' lang='grc' dir='ltr'><strong>ὃν</strong></span> <span class='ocrx_word' id='word_1_329' title='bbox 882 2532 1048 2600; x_wconf 77' lang='grc' dir='ltr'><strong>ἡμεῖς</strong></span> <span class='ocrx_word' id='word_1_330' title='bbox 1086 2530 1562 2600; x_wconf 82' lang='grc' dir='ltr'><strong>πεπιστεύκαμεν,</strong></span> <span class='ocrx_word' id='word_1_331' title='bbox 1586 2529 1853 2599; x_wconf 80' lang='grc' dir='ltr'><strong>φεύγουσι</strong></span> <span class='ocrx_word' id='word_1_332' title='bbox 1890 2529 1991 2598; x_wconf 82' lang='grc' dir='ltr'><strong>μὲν</strong></span> 
     </span>
    </p>
   </div>
   <div class='ocr_carea' id='block_1_47' title="bbox 2104 2522 3679 2605">
    <p class='ocr_par' dir='ltr' id='par_1_47' title="bbox 2104 2522 3679 2605">
     <span class='ocr_line' id='line_1_47' title="bbox 2104 2522 3679 2605; baseline -0.008 -15"><span class='ocrx_word' id='word_1_333' title='bbox 2104 2538 2148 2590; x_wconf 87' lang='lat' dir='ltr'><strong>in</strong></span> <span class='ocrx_word' id='word_1_334' title='bbox 2191 2549 2353 2605; x_wconf 90' lang='lat' dir='ltr'><strong>quem</strong></span> <span class='ocrx_word' id='word_1_335' title='bbox 2381 2534 2686 2598; x_wconf 82' lang='lat' dir='ltr'><strong>credimus,</strong></span> <span class='ocrx_word' id='word_1_336' title='bbox 2730 2540 2785 2585; x_wconf 91' lang='lat' dir='ltr'><strong>et</strong></span> <span class='ocrx_word' id='word_1_337' title='bbox 2816 2528 3088 2599; x_wconf 79' lang='lat' dir='ltr'><strong>refugium</strong></span> <span class='ocrx_word' id='word_1_338' title='bbox 3129 2526 3291 2581; x_wconf 90' lang='lat' dir='ltr'><strong>nobis</strong></span> <span class='ocrx_word' id='word_1_339' title='bbox 3315 2534 3420 2588; x_wconf 88' lang='lat' dir='ltr'><strong>est,</strong></span> <span class='ocrx_word' id='word_1_340' title='bbox 3458 2522 3679 2593; x_wconf 88' lang='lat' dir='ltr'><strong>quoties</strong></span> 
     </span>
    </p>
   </div>
   <div class='ocr_carea' id='block_1_48' title="bbox 409 2615 1995 2695">
    <p class='ocr_par' dir='ltr' id='par_1_48' title="bbox 409 2621 1989 2694">
     <span class='ocr_line' id='line_1_48' title="bbox 409 2621 1989 2694; baseline 0.001 -22"><span class='ocrx_word' id='word_1_341' title='bbox 409 2622 563 2691; x_wconf 74' lang='grc' dir='ltr'><strong>ἡμῖν,</strong></span> <span class='ocrx_word' id='word_1_342' title='bbox 592 2624 894 2694; x_wconf 85' lang='grc' dir='ltr'><strong>καταφυγή</strong></span> <span class='ocrx_word' id='word_1_343' title='bbox 936 2625 1087 2676; x_wconf 80' lang='grc' dir='ltr'><strong>ἐστιν</strong></span> <span class='ocrx_word' id='word_1_344' title='bbox 1106 2638 1121 2652; x_wconf 90' lang='grc'><strong>·</strong></span> <span class='ocrx_word' id='word_1_345' title='bbox 1153 2622 1578 2693; x_wconf 80' lang='grc' dir='ltr'><strong>ἀνθισταμένοις</strong></span> <span class='ocrx_word' id='word_1_346' title='bbox 1607 2622 1688 2687; x_wconf 83' lang='grc' dir='ltr'><strong>δὲ,</strong></span> <span class='ocrx_word' id='word_1_347' title='bbox 1720 2621 1951 2689; x_wconf 85' lang='grc' dir='ltr'><strong>δύναμις</strong></span> <span class='ocrx_word' id='word_1_348' title='bbox 1974 2637 1989 2651; x_wconf 75' lang='grc'>⁶</span> 
     </span>
    </p>
   </div>
   <div class='ocr_carea' id='block_1_49' title="bbox 2104 2615 3680 2695">
    <p class='ocr_par' dir='ltr' id='par_1_49' title="bbox 2104 2615 3680 2695">
     <span class='ocr_line' id='line_1_49' title="bbox 2104 2615 3680 2695; baseline -0.009 -13"><span class='ocrx_word' id='word_1_349' title='bbox 2104 2628 2160 2683; x_wconf 74' lang='grc' dir='ltr'><strong>ιιι</strong></span> <span class='ocrx_word' id='word_1_350' title='bbox 2192 2626 2431 2681; x_wconf 90' lang='lat' dir='ltr'><strong>inimicis</strong></span> <span class='ocrx_word' id='word_1_351' title='bbox 2454 2624 2730 2695; x_wconf 76' lang='lat' dir='ltr'><strong>fugamur,</strong></span> <span class='ocrx_word' id='word_1_352' title='bbox 2755 2629 2812 2677; x_wconf 88' lang='lat' dir='ltr'><strong>et</strong></span> <span class='ocrx_word' id='word_1_353' title='bbox 2834 2622 3014 2675; x_wconf 84' lang='lat' dir='ltr'><strong>virtus</strong></span> <span class='ocrx_word' id='word_1_354' title='bbox 3044 2620 3234 2683; x_wconf 87' lang='lat' dir='ltr'><strong>etiam,</strong></span> <span class='ocrx_word' id='word_1_355' title='bbox 3260 2618 3363 2671; x_wconf 92' lang='lat' dir='ltr'><strong>hoc</strong></span> <span class='ocrx_word' id='word_1_356' title='bbox 3380 2625 3486 2676; x_wconf 85' lang='lat' dir='ltr'><strong>est,</strong></span> <span class='ocrx_word' id='word_1_357' title='bbox 3511 2615 3680 2670; x_wconf 91' lang='lat' dir='ltr'><strong>robur</strong></span> 
     </span>
    </p>
   </div>
   <div class='ocr_carea' id='block_1_50' title="bbox 401 2708 1995 2790">
    <p class='ocr_par' dir='ltr' id='par_1_50' title="bbox 401 2713 1990 2787">
     <span class='ocr_line' id='line_1_50' title="bbox 401 2713 1990 2787; baseline 0.002 -21"><span class='ocrx_word' id='word_1_358' title='bbox 401 2713 569 2778; x_wconf 75' lang='grc' dir='ltr'><strong>αὐτὸς</strong></span> <span class='ocrx_word' id='word_1_359' title='bbox 596 2714 710 2787; x_wconf 81' lang='grc' dir='ltr'><strong>γὰρ</strong></span> <span class='ocrx_word' id='word_1_360' title='bbox 736 2715 1045 2769; x_wconf 75' lang='grc' dir='ltr'><strong>ἐνετείλατο</strong></span> <span class='ocrx_word' id='word_1_361' title='bbox 1072 2716 1297 2786; x_wconf 81' lang='grc' dir='ltr'><strong>φεύγειν</strong></span> <span class='ocrx_word' id='word_1_362' title='bbox 1317 2717 1440 2787; x_wconf 81' lang='grc' dir='ltr'><strong>μὲν,</strong></span> <span class='ocrx_word' id='word_1_363' title='bbox 1466 2716 1595 2780; x_wconf 80' lang='grc' dir='ltr'><strong>τοὺς</strong></span> <span class='ocrx_word' id='word_1_364' title='bbox 1624 2716 1990 2785; x_wconf 85' lang='grc' dir='ltr'><strong>πειρασμούς⁸</strong></span> 
     </span>
    </p>
   </div>
   <div class='ocr_carea' id='block_1_51' title="bbox 2104 2708 3677 2790">
    <p class='ocr_par' dir='ltr' id='par_1_51' title="bbox 2104 2708 3677 2790">
     <span class='ocr_line' id='line_1_51' title="bbox 2104 2708 3677 2790; baseline -0.01 -13"><span class='ocrx_word' id='word_1_365' title='bbox 2104 2736 2189 2777; x_wconf 76' lang='lat' dir='ltr'><strong>seu</strong></span> <span class='ocrx_word' id='word_1_366' title='bbox 2215 2727 2485 2790; x_wconf 87' lang='lat' dir='ltr'><strong>potestas,</strong></span> <span class='ocrx_word' id='word_1_367' title='bbox 2519 2717 2738 2785; x_wconf 90' lang='lat' dir='ltr'><strong>quoties</strong></span> <span class='ocrx_word' id='word_1_368' title='bbox 2772 2715 3035 2785; x_wconf 89' lang='lat' dir='ltr'><strong>impetum</strong></span> <span class='ocrx_word' id='word_1_369' title='bbox 3071 2712 3293 2766; x_wconf 91' lang='lat' dir='ltr'><strong>illorum</strong></span> <span class='ocrx_word' id='word_1_370' title='bbox 3330 2708 3677 2765; x_wconf 88' lang='lat' dir='ltr'><strong>sustinentes</strong></span> 
     </span>
    </p>
   </div>
   <div class='ocr_carea' id='block_1_52' title="bbox 398 2802 1995 2880">
    <p class='ocr_par' dir='ltr' id='par_1_52' title="bbox 398 2805 1991 2879">
     <span class='ocr_line' id='line_1_52' title="bbox 398 2805 1991 2879; baseline 0.001 -21"><span class='ocrx_word' id='word_1_371' title='bbox 398 2808 783 2875; x_wconf 78' lang='grc' dir='ltr'><strong>ἐμπίπτοντας</strong></span> <span class='ocrx_word' id='word_1_372' title='bbox 804 2808 882 2874; x_wconf 77' lang='grc' dir='ltr'><strong>δὲ,</strong></span> <span class='ocrx_word' id='word_1_373' title='bbox 919 2808 1284 2865; x_wconf 78' lang='grc' dir='ltr'><strong>ἀνθίστασθαι</strong></span> <span class='ocrx_word' id='word_1_374' title='bbox 1311 2810 1380 2863; x_wconf 86' lang='grc' dir='ltr'><strong>δι’</strong></span> <span class='ocrx_word' id='word_1_375' title='bbox 1411 2808 1716 2879; x_wconf 78' lang='grc' dir='ltr'><strong>ὑπομονῆςο</strong></span> <span class='ocrx_word' id='word_1_376' title='bbox 1745 2805 1888 2860; x_wconf 80' lang='grc' dir='ltr'><strong>ὥστε</strong></span> <span class='ocrx_word' id='word_1_377' title='bbox 1914 2806 1991 2878; x_wconf 84' lang='grc' dir='ltr'><strong>μὴ</strong></span> 
     </span>
    </p>
   </div>
   <div class='ocr_carea' id='block_1_53' title="bbox 2104 2802 3687 2880">
    <p class='ocr_par' dir='ltr' id='par_1_53' title="bbox 2104 2802 3687 2880">
     <span class='ocr_line' id='line_1_53' title="bbox 2104 2802 3687 2880; baseline -0.01 -11"><span class='ocrx_word' id='word_1_378' title='bbox 2104 2814 2434 2869; x_wconf 89' lang='lat' dir='ltr'><strong>resistimus.</strong></span> <span class='ocrx_word' id='word_1_379' title='bbox 2489 2811 2612 2880; x_wconf 90' lang='lat' dir='ltr'><strong>Ipse</strong></span> <span class='ocrx_word' id='word_1_380' title='bbox 2641 2811 2789 2865; x_wconf 88' lang='lat' dir='ltr'><strong>enim</strong></span> <span class='ocrx_word' id='word_1_381' title='bbox 2842 2815 2899 2862; x_wconf 88' lang='lat' dir='ltr'><strong>et</strong></span> <span class='ocrx_word' id='word_1_382' title='bbox 2932 2804 3294 2861; x_wconf 87' lang='lat' dir='ltr'><strong>tentationem</strong></span> <span class='ocrx_word' id='word_1_383' title='bbox 3364 2802 3552 2871; x_wconf 77' lang='lat' dir='ltr'><strong>fugere</strong></span> <span class='ocrx_word' id='word_1_384' title='bbox 3587 2815 3687 2854; x_wconf 90' lang='lat' dir='ltr'><strong>nos</strong></span> 
     </span>
    </p>
   </div>
   <div class='ocr_carea' id='block_1_54' title="bbox 398 2894 1995 2977">
    <p class='ocr_par' dir='ltr' id='par_1_54' title="bbox 398 2899 936 2969">
     <span class='ocr_line' id='line_1_54' title="bbox 398 2899 936 2969; baseline 0.007 -18"><span class='ocrx_word' id='word_1_385' title='bbox 398 2899 676 2969; x_wconf 78' lang='grc' dir='ltr'><strong>ἡττᾶσθαι</strong></span> <span class='ocrx_word' id='word_1_386' title='bbox 705 2900 936 2955; x_wconf 84' lang='grc' dir='ltr'><strong>τούτων.</strong></span> 
     </span>
    </p>
   </div>
   <div class='ocr_carea' id='block_1_55' title="bbox 2104 2894 3684 2977">
    <p class='ocr_par' dir='ltr' id='par_1_55' title="bbox 2104 2894 3684 2977">
     <span class='ocr_line' id='line_1_55' title="bbox 2104 2894 3684 2977; baseline -0.008 -17"><span class='ocrx_word' id='word_1_387' title='bbox 2104 2906 2287 2977; x_wconf 87' lang='lat' dir='ltr'><strong>iussit,</strong></span> <span class='ocrx_word' id='word_1_388' title='bbox 2322 2914 2377 2959; x_wconf 90' lang='lat' dir='ltr'><strong>et</strong></span> <span class='ocrx_word' id='word_1_389' title='bbox 2424 2903 2763 2958; x_wconf 91' lang='lat' dir='ltr'><strong>irruentibus</strong></span> <span class='ocrx_word' id='word_1_390' title='bbox 2807 2901 2863 2955; x_wconf 94' lang='lat' dir='ltr'><strong>in</strong></span> <span class='ocrx_word' id='word_1_391' title='bbox 2904 2914 3006 2953; x_wconf 92' lang='lat' dir='ltr'><strong>nos</strong></span> <span class='ocrx_word' id='word_1_392' title='bbox 3039 2896 3303 2961; x_wconf 87' lang='lat' dir='ltr'><strong>inimicis,</strong></span> <span class='ocrx_word' id='word_1_393' title='bbox 3342 2909 3440 2964; x_wconf 92' lang='lat' dir='ltr'><strong>per</strong></span> <span class='ocrx_word' id='word_1_394' title='bbox 3471 2894 3684 2963; x_wconf 85' lang='lat' dir='ltr'><strong>patien-</strong></span> 
     </span>
    </p>
   </div>
   <div class='ocr_carea' id='block_1_56' title="bbox 2100 2992 3261 3060">
    <p class='ocr_par' dir='ltr' id='par_1_56' title="bbox 2100 2992 3261 3060">
     <span class='ocr_line' id='line_1_56' title="bbox 2100 2992 3261 3060; baseline -0.011 -7"><span class='ocrx_word' id='word_1_395' title='bbox 2100 2999 2233 3053; x_wconf 91' lang='lat' dir='ltr'><strong>tiam</strong></span> <span class='ocrx_word' id='word_1_396' title='bbox 2262 2998 2546 3060; x_wconf 87' lang='lat' dir='ltr'><strong>resistere,</strong></span> <span class='ocrx_word' id='word_1_397' title='bbox 2579 3010 2649 3049; x_wconf 86' lang='lat' dir='ltr'><strong>ne</strong></span> <span class='ocrx_word' id='word_1_398' title='bbox 2681 2993 2749 3048; x_wconf 90' lang='lat' dir='ltr'><strong>ab</strong></span> <span class='ocrx_word' id='word_1_399' title='bbox 2781 2992 2890 3046; x_wconf 90' lang='lat' dir='ltr'><strong>illis</strong></span> <span class='ocrx_word' id='word_1_400' title='bbox 2912 3003 3261 3060; x_wconf 88' lang='lat' dir='ltr'><strong>superemur.</strong></span> 
     </span>
    </p>
   </div>
   <div class='ocr_carea' id='block_1_57' title="bbox 483 3080 1995 3169">
    <p class='ocr_par' dir='ltr' id='par_1_57' title="bbox 483 3094 1995 3169">
     <span class='ocr_line' id='line_1_57' title="bbox 483 3094 1995 3169; baseline -0.005 -14"><span class='ocrx_word' id='word_1_401' title='bbox 483 3099 721 3168; x_wconf 83' lang='grc' dir='ltr'><strong>Βοηθὸς</strong></span> <span class='ocrx_word' id='word_1_402' title='bbox 736 3100 803 3154; x_wconf 80' lang='grc' dir='ltr'><strong>ἐν</strong></span> <span class='ocrx_word' id='word_1_403' title='bbox 815 3098 1062 3169; x_wconf 53' lang='lat' dir='ltr'><strong>extum</strong></span> <span class='ocrx_word' id='word_1_404' title='bbox 1082 3098 1211 3166; x_wconf 80' lang='grc' dir='ltr'><strong>ταῖς</strong></span> <span class='ocrx_word' id='word_1_405' title='bbox 1226 3098 1550 3168; x_wconf 81' lang='grc' dir='ltr'><strong>εὑρούσαις</strong></span> <span class='ocrx_word' id='word_1_406' title='bbox 1566 3095 1725 3167; x_wconf 76' lang='grc' dir='ltr'><strong>ἡμᾶς</strong></span> <span class='ocrx_word' id='word_1_407' title='bbox 1739 3094 1995 3165; x_wconf 76' lang='grc' dir='ltr'><strong>σφόδρα.</strong></span> 
     </span>
    </p>
   </div>
   <div class='ocr_carea' id='block_1_58' title="bbox 2104 3080 3688 3169">
    <p class='ocr_par' dir='ltr' id='par_1_58' title="bbox 2171 3080 3688 3159">
     <span class='ocr_line' id='line_1_58' title="bbox 2171 3080 3688 3159; baseline -0.011 -14"><span class='ocrx_word' id='word_1_408' title='bbox 2171 3090 2407 3159; x_wconf 77' lang='lat' dir='ltr'><strong>Adjutor</strong></span> <span class='ocrx_word' id='word_1_409' title='bbox 2454 3089 2509 3142; x_wconf 82' lang='lat' dir='ltr'><strong>in</strong></span> <span class='ocrx_word' id='word_1_410' title='bbox 2578 3084 3012 3140; x_wconf 81' lang='lat' dir='ltr'><strong>tribulationibus</strong></span> <span class='ocrx_word' id='word_1_411' title='bbox 3072 3096 3189 3151; x_wconf 64' lang='lat' dir='ltr'><strong>quia</strong></span> <span class='ocrx_word' id='word_1_412' title='bbox 3234 3080 3546 3132; x_wconf 82' lang='lat' dir='ltr'><strong>invenerunt</strong></span> <span class='ocrx_word' id='word_1_413' title='bbox 3592 3091 3688 3129; x_wconf 85' lang='lat' dir='ltr'><strong>uos</strong></span> 
     </span>
    </p>
   </div>
   <div class='ocr_carea' id='block_1_59' title="bbox 412 3169 1995 3262">
    <p class='ocr_par' dir='ltr' id='par_1_59' title="bbox 412 3185 1995 3262">
     <span class='ocr_line' id='line_1_59' title="bbox 412 3185 1995 3262; baseline -0.004 -17"><span class='ocrx_word' id='word_1_414' title='bbox 412 3192 491 3247; x_wconf 75' lang='grc' dir='ltr'><strong>Τὸ</strong></span> <span class='ocrx_word' id='word_1_415' title='bbox 521 3190 786 3261; x_wconf 68' lang='grc' dir='ltr'><strong>Σφόδρα,</strong></span> <span class='ocrx_word' id='word_1_416' title='bbox 815 3191 955 3262; x_wconf 77' lang='grc' dir='ltr'><strong>πρὸς</strong></span> <span class='ocrx_word' id='word_1_417' title='bbox 978 3190 1061 3255; x_wconf 78' lang='grc' dir='ltr'><strong>τὸ,</strong></span> <span class='ocrx_word' id='word_1_418' title='bbox 1098 3189 1352 3257; x_wconf 84' lang='grc' dir='ltr'><strong>Βοηθὸς,</strong></span> <span class='ocrx_word' id='word_1_419' title='bbox 1373 3187 1702 3241; x_wconf 84' lang='grc' dir='ltr'><strong>ἀποδίδωσιν</strong></span> <span class='ocrx_word' id='word_1_420' title='bbox 1730 3188 1758 3241; x_wconf 85' lang='grc' dir='ltr'><strong>ὁ</strong></span> <span class='ocrx_word' id='word_1_421' title='bbox 1788 3185 1995 3256; x_wconf 75' lang='grc' dir='ltr'><strong>Χρυσό⁴</strong></span> 
     </span>
    </p>
   </div>
   <div class='ocr_carea' id='block_1_60' title="bbox 2104 3169 3683 3262">
    <p class='ocr_par' dir='ltr' id='par_1_60' title="bbox 2104 3169 3683 3245">
     <span class='ocr_line' id='line_1_60' title="bbox 2104 3169 3683 3245; baseline -0.011 -7"><span class='ocrx_word' id='word_1_422' title='bbox 2104 3183 2277 3238; x_wconf 85' lang='lat' dir='ltr'><strong>valde.</strong></span> <span class='ocrx_word' id='word_1_423' title='bbox 2310 3180 2623 3235; x_wconf 90' lang='lat' dir='ltr'><strong>Dictionem</strong></span> <span class='ocrx_word' id='word_1_424' title='bbox 2654 3176 2841 3239; x_wconf 85' lang='lat' dir='ltr'><strong>Valde,</strong></span> <span class='ocrx_word' id='word_1_425' title='bbox 2868 3174 3306 3245; x_wconf 83' lang='lat' dir='ltr'><strong>Chrysostomus</strong></span> <span class='ocrx_word' id='word_1_426' title='bbox 3338 3169 3683 3225; x_wconf 80' lang='lat' dir='ltr'><strong>referendam</strong></span> 
     </span>
    </p>
   </div>
   <div class='ocr_carea' id='block_1_61' title="bbox 416 3265 1995 3356">
    <p class='ocr_par' dir='ltr' id='par_1_61' title="bbox 416 3278 1995 3356">
     <span class='ocr_line' id='line_1_61' title="bbox 416 3278 1995 3356; baseline -0.006 -17"><span class='ocrx_word' id='word_1_427' title='bbox 416 3303 645 3356; x_wconf 88' lang='grc' dir='ltr'><strong>στομος.</strong></span> <span class='ocrx_word' id='word_1_428' title='bbox 682 3285 887 3337; x_wconf 88' lang='grc' dir='ltr'><strong>Σκόπει</strong></span> <span class='ocrx_word' id='word_1_429' title='bbox 936 3284 1014 3348; x_wconf 68' lang='grc' dir='ltr'><strong>δὲ,</strong></span> <span class='ocrx_word' id='word_1_430' title='bbox 1054 3284 1137 3336; x_wconf 85' lang='grc' dir='ltr'><strong>δτι</strong></span> <span class='ocrx_word' id='word_1_431' title='bbox 1171 3282 1228 3335; x_wconf 85' lang='grc' dir='ltr'><strong>αἱ</strong></span> <span class='ocrx_word' id='word_1_432' title='bbox 1264 3281 1475 3352; x_wconf 79' lang='grc' dir='ltr'><strong>θλίψεις</strong></span> <span class='ocrx_word' id='word_1_433' title='bbox 1516 3279 1832 3351; x_wconf 82' lang='grc' dir='ltr'><strong>εὑρίσκουσι</strong></span> <span class='ocrx_word' id='word_1_434' title='bbox 1872 3278 1995 3342; x_wconf 81' lang='grc' dir='ltr'><strong>τοὺς</strong></span> 
     </span>
    </p>
   </div>
   <div class='ocr_carea' id='block_1_62' title="bbox 2104 3265 3691 3356">
    <p class='ocr_par' dir='ltr' id='par_1_62' title="bbox 2104 3265 3691 3336">
     <span class='ocr_line' id='line_1_62' title="bbox 2104 3265 3691 3336; baseline -0.011 -3"><span class='ocrx_word' id='word_1_435' title='bbox 2104 3292 2227 3334; x_wconf 88' lang='lat' dir='ltr'><strong>esse</strong></span> <span class='ocrx_word' id='word_1_436' title='bbox 2255 3275 2390 3331; x_wconf 90' lang='lat' dir='ltr'><strong>dicit</strong></span> <span class='ocrx_word' id='word_1_437' title='bbox 2439 3274 2506 3328; x_wconf 90' lang='lat' dir='ltr'><strong>ad</strong></span> <span class='ocrx_word' id='word_1_438' title='bbox 2545 3272 2845 3327; x_wconf 90' lang='lat' dir='ltr'><strong>dictionem</strong></span> <span class='ocrx_word' id='word_1_439' title='bbox 2896 3267 3152 3336; x_wconf 79' lang='lat' dir='ltr'><strong>Adjutor.</strong></span> <span class='ocrx_word' id='word_1_440' title='bbox 3188 3265 3326 3318; x_wconf 85' lang='lat' dir='ltr'><strong>Illud</strong></span> <span class='ocrx_word' id='word_1_441' title='bbox 3366 3277 3515 3317; x_wconf 92' lang='lat' dir='ltr'><strong>nunc</strong></span> <span class='ocrx_word' id='word_1_442' title='bbox 3556 3276 3691 3316; x_wconf 93' lang='lat' dir='ltr'><strong>con-</strong></span> 
     </span>
    </p>
   </div>
   <div class='ocr_carea' id='block_1_63' title="bbox 415 3345 1995 3445">
    <p class='ocr_par' dir='ltr' id='par_1_63' title="bbox 415 3372 1995 3445">
     <span class='ocr_line' id='line_1_63' title="bbox 415 3372 1995 3445; baseline -0.006 -11"><span class='ocrx_word' id='word_1_443' title='bbox 415 3380 566 3434; x_wconf 78' lang='grc' dir='ltr'><strong>κατὰ</strong></span> <span class='ocrx_word' id='word_1_444' title='bbox 612 3378 745 3431; x_wconf 77' lang='grc' dir='ltr'><strong>Θεὸν</strong></span> <span class='ocrx_word' id='word_1_445' title='bbox 769 3376 1003 3445; x_wconf 81' lang='grc' dir='ltr'><strong>ζῶντας,</strong></span> <span class='ocrx_word' id='word_1_446' title='bbox 1028 3375 1471 3431; x_wconf 86' lang='grc' dir='ltr'><strong>καταδιώκουσαι</strong></span> <span class='ocrx_word' id='word_1_447' title='bbox 1491 3375 1715 3439; x_wconf 84' lang='grc' dir='ltr'><strong>αὐτοὺς,</strong></span> <span class='ocrx_word' id='word_1_448' title='bbox 1743 3373 1837 3427; x_wconf 86' lang='grc' dir='ltr'><strong>τοῦ</strong></span> <span class='ocrx_word' id='word_1_449' title='bbox 1861 3372 1995 3425; x_wconf 82' lang='grc' dir='ltr'><strong>Θεοῦ</strong></span> 
     </span>
    </p>
   </div>
   <div class='ocr_carea' id='block_1_64' title="bbox 2104 3345 3691 3445">
    <p class='ocr_par' dir='ltr' id='par_1_64' title="bbox 2108 3353 3691 3433">
     <span class='ocr_line' id='line_1_64' title="bbox 2108 3353 3691 3433; baseline -0.012 -8"><span class='ocrx_word' id='word_1_450' title='bbox 2108 3367 2561 3433; x_wconf 89' lang='lat' dir='ltr'><strong>sidera,doceute</strong></span> <span class='ocrx_word' id='word_1_451' title='bbox 2582 3373 2634 3418; x_wconf 92' lang='lat' dir='ltr'><strong>te</strong></span> <span class='ocrx_word' id='word_1_452' title='bbox 2656 3362 2931 3431; x_wconf 86' lang='lat' dir='ltr'><strong>Pr0pheta</strong></span> <span class='ocrx_word' id='word_1_453' title='bbox 2952 3366 3170 3420; x_wconf 88' lang='lat' dir='ltr'><strong>nostro,</strong></span> <span class='ocrx_word' id='word_1_454' title='bbox 3201 3356 3348 3426; x_wconf 85' lang='lat' dir='ltr'><strong>quod</strong></span> <span class='ocrx_word' id='word_1_455' title='bbox 3365 3353 3691 3408; x_wconf 81' lang='lat' dir='ltr'><strong>afflictiones</strong></span> 
     </span>
    </p>
   </div>
   <div class='ocr_carea' id='block_1_65' title="bbox 414 3443 1995 3545">
    <p class='ocr_par' dir='ltr' id='par_1_65' title="bbox 414 3443 1995 3545">
     <span class='ocr_line' id='line_1_65' title="bbox 414 3443 1995 3545; baseline -0.007 -19"><span class='ocrx_word' id='word_1_456' title='bbox 414 3472 928 3545; x_wconf 79' lang='grc' dir='ltr'><strong>παραχωροῦντος,</strong></span> <span class='ocrx_word' id='word_1_457' title='bbox 989 3443 1080 3526; x_wconf 73' lang='grc' dir='ltr'><strong>ῖνα</strong></span> <span class='ocrx_word' id='word_1_458' title='bbox 1134 3469 1576 3542; x_wconf 83' lang='grc' dir='ltr'><strong>γυμνασθέντες,</strong></span> <span class='ocrx_word' id='word_1_459' title='bbox 1644 3464 1995 3536; x_wconf 82' lang='grc' dir='ltr'><strong>δοκιμώτεροι</strong></span> 
     </span>
    </p>
   </div>
   <div class='ocr_carea' id='block_1_66' title="bbox 2104 3443 3688 3545">
    <p class='ocr_par' dir='ltr' id='par_1_66' title="bbox 2109 3443 3688 3518">
     <span class='ocr_line' id='line_1_66' title="bbox 2109 3443 3688 3518; baseline -0.014 -1"><span class='ocrx_word' id='word_1_460' title='bbox 2109 3470 2162 3518; x_wconf 90' lang='lat' dir='ltr'><strong>et</strong></span> <span class='ocrx_word' id='word_1_461' title='bbox 2189 3459 2537 3516; x_wconf 87' lang='lat' dir='ltr'><strong>calamitates</strong></span> <span class='ocrx_word' id='word_1_462' title='bbox 2593 3454 2846 3509; x_wconf 87' lang='lat' dir='ltr'><strong>invenire</strong></span> <span class='ocrx_word' id='word_1_463' title='bbox 2904 3467 3000 3505; x_wconf 92' lang='lat' dir='ltr'><strong>eos</strong></span> <span class='ocrx_word' id='word_1_464' title='bbox 3026 3450 3279 3504; x_wconf 84' lang='lat' dir='ltr'><strong>homines</strong></span> <span class='ocrx_word' id='word_1_465' title='bbox 3326 3447 3562 3510; x_wconf 85' lang='lat' dir='ltr'><strong>soleant,</strong></span> <span class='ocrx_word' id='word_1_466' title='bbox 3593 3443 3688 3513; x_wconf 90' lang='lat' dir='ltr'><strong>qui</strong></span> 
     </span>
    </p>
   </div>
   <div class='ocr_carea' id='block_1_67' title="bbox 410 3534 1995 3632">
    <p class='ocr_par' dir='ltr' id='par_1_67' title="bbox 410 3534 1995 3632">
     <span class='ocr_line' id='line_1_67' title="bbox 410 3534 1995 3632; baseline -0.005 -15"><span class='ocrx_word' id='word_1_467' title='bbox 410 3534 706 3632; x_wconf 66' lang='grc' dir='ltr'><strong>γένωνται.</strong></span> <span class='ocrx_word' id='word_1_468' title='bbox 733 3563 807 3617; x_wconf 81' lang='lat' dir='ltr'><strong>&#39;II</strong></span> <span class='ocrx_word' id='word_1_469' title='bbox 825 3534 1038 3630; x_wconf 65' lang='grc' dir='ltr'><strong>θλίψις</strong></span> <span class='ocrx_word' id='word_1_470' title='bbox 1065 3534 1419 3632; x_wconf 36' lang='grc' dir='ltr'><strong>γὰρίφησὶν,</strong></span> <span class='ocrx_word' id='word_1_471' title='bbox 1445 3534 1780 3628; x_wconf 46' lang='grc' dir='ltr'><strong>ὑπομονὴν(</strong></span> <span class='ocrx_word' id='word_1_472' title='bbox 1798 3573 1995 3623; x_wconf 83' lang='grc' dir='ltr'><strong>κατερ-</strong></span> 
     </span>
    </p>
   </div>
   <div class='ocr_carea' id='block_1_68' title="bbox 2104 3534 3691 3632">
    <p class='ocr_par' dir='ltr' id='par_1_68' title="bbox 2107 3534 3691 3612">
     <span class='ocr_line' id='line_1_68' title="bbox 2107 3534 3691 3612; baseline -0.014 -4"><span class='ocrx_word' id='word_1_473' title='bbox 2107 3555 2299 3608; x_wconf 85' lang='lat' dir='ltr'><strong>vivunt</strong></span> <span class='ocrx_word' id='word_1_474' title='bbox 2332 3548 2638 3606; x_wconf 88' lang='lat' dir='ltr'><strong>secundum</strong></span> <span class='ocrx_word' id='word_1_475' title='bbox 2679 3546 2851 3599; x_wconf 90' lang='lat' dir='ltr'><strong>Deum</strong></span> <span class='ocrx_word' id='word_1_476' title='bbox 2886 3540 3188 3612; x_wconf 85' lang='lat' dir='ltr'><strong>:quodque</strong></span> <span class='ocrx_word' id='word_1_477' title='bbox 3223 3537 3573 3608; x_wconf 86' lang='lat' dir='ltr'><strong>permittente</strong></span> <span class='ocrx_word' id='word_1_478' title='bbox 3608 3534 3691 3588; x_wconf 89' lang='lat' dir='ltr'><strong>sic</strong></span> 
     </span>
    </p>
   </div>
   <div class='ocr_carea' id='block_1_69' title="bbox 410 3646 2000 3726">
    <p class='ocr_par' dir='ltr' id='par_1_69' title="bbox 410 3646 2000 3726">
     <span class='ocr_line' id='line_1_69' title="bbox 410 3646 2000 3726; baseline -0.007 -16"><span class='ocrx_word' id='word_1_479' title='bbox 410 3655 647 3726; x_wconf 73' lang='grc' dir='ltr'><strong>τὰζῖςται</strong></span> <span class='ocrx_word' id='word_1_480' title='bbox 667 3672 680 3685; x_wconf 88' lang='grc'><strong>·</strong></span> <span class='ocrx_word' id='word_1_481' title='bbox 713 3656 751 3724; x_wconf 78' lang='grc' dir='ltr'><strong><em>ἡ</em></strong></span> <span class='ocrx_word' id='word_1_482' title='bbox 795 3653 863 3708; x_wconf 83' lang='grc' dir='ltr'><strong>δὲ</strong></span> <span class='ocrx_word' id='word_1_483' title='bbox 892 3653 1196 3724; x_wconf 77' lang='grc' dir='ltr'><strong>ὑπομονὴ,</strong></span> <span class='ocrx_word' id='word_1_484' title='bbox 1231 3651 1511 3722; x_wconf 80' lang='grc' dir='ltr'><strong>δοκιμήν.</strong></span> <span class='ocrx_word' id='word_1_485' title='bbox 1561 3651 1619 3705; x_wconf 91' lang='lat'><strong>&#39;0</strong></span> <span class='ocrx_word' id='word_1_486' title='bbox 1652 3650 1762 3724; x_wconf 85' lang='grc' dir='ltr'><strong>γὰρ</strong></span> <span class='ocrx_word' id='word_1_487' title='bbox 1779 3649 1914 3712; x_wconf 85' lang='grc' dir='ltr'><strong>Θεὸς</strong></span> <span class='ocrx_word' id='word_1_488' title='bbox 1938 3646 2000 3700; x_wconf 83' lang='grc' dir='ltr'><strong>οὗ</strong></span> 
     </span>
    </p>
   </div>
   <div class='ocr_carea' id='block_1_70' title="bbox 416 3739 2004 3816">
    <p class='ocr_par' dir='ltr' id='par_1_70' title="bbox 416 3739 2004 3816">
     <span class='ocr_line' id='line_1_70' title="bbox 416 3739 2004 3816; baseline -0.004 -16"><span class='ocrx_word' id='word_1_489' title='bbox 416 3747 621 3801; x_wconf 85' lang='grc' dir='ltr'><strong>κωλύει</strong></span> <span class='ocrx_word' id='word_1_490' title='bbox 658 3745 757 3816; x_wconf 78' lang='grc' dir='ltr'><strong>μὲν</strong></span> <span class='ocrx_word' id='word_1_491' title='bbox 797 3745 927 3809; x_wconf 80' lang='grc' dir='ltr'><strong>τοὺς</strong></span> <span class='ocrx_word' id='word_1_492' title='bbox 958 3744 1328 3816; x_wconf 85' lang='grc' dir='ltr'><strong>πειρασμοὺς.</strong></span> <span class='ocrx_word' id='word_1_493' title='bbox 1360 3744 1451 3797; x_wconf 81' lang='grc' dir='ltr'><strong>διὰ</strong></span> <span class='ocrx_word' id='word_1_494' title='bbox 1470 3743 1571 3814; x_wconf 83' lang='grc' dir='ltr'><strong>τὴν</strong></span> <span class='ocrx_word' id='word_1_495' title='bbox 1610 3742 1875 3814; x_wconf 80' lang='grc' dir='ltr'><strong>ῥηθεῖσαν</strong></span> <span class='ocrx_word' id='word_1_496' title='bbox 1915 3739 2004 3795; x_wconf 78' lang='grc' dir='ltr'><strong>αἱ·</strong></span> 
     </span>
    </p>
   </div>
   <div class='ocr_carea' id='block_1_71' title="bbox 414 3836 1597 3908">
    <p class='ocr_par' dir='ltr' id='par_1_71' title="bbox 414 3836 1597 3908">
     <span class='ocr_line' id='line_1_71' title="bbox 414 3836 1597 3908; baseline -0.001 -17"><span class='ocrx_word' id='word_1_497' title='bbox 414 3839 541 3893; x_wconf 82' lang='grc' dir='ltr'><strong>τίαν</strong></span> <span class='ocrx_word' id='word_1_498' title='bbox 564 3854 577 3867; x_wconf 90' lang='grc'><strong>·</strong></span> <span class='ocrx_word' id='word_1_499' title='bbox 607 3840 869 3893; x_wconf 77' lang='grc' dir='ltr'><strong>ἐπιόντων</strong></span> <span class='ocrx_word' id='word_1_500' title='bbox 900 3838 979 3903; x_wconf 78' lang='grc' dir='ltr'><strong>δὲ,</strong></span> <span class='ocrx_word' id='word_1_501' title='bbox 1012 3837 1349 3908; x_wconf 86' lang='grc' dir='ltr'><strong>παρίσταται</strong></span> <span class='ocrx_word' id='word_1_502' title='bbox 1378 3836 1597 3906; x_wconf 86' lang='grc' dir='ltr'><strong>βοηθός.</strong></span> 
     </span>
    </p>
   </div>
   <div class='ocr_carea' id='block_1_72' title="bbox 2109 3627 3691 3713">
    <p class='ocr_par' dir='ltr' id='par_1_72' title="bbox 2109 3627 3691 3713">
     <span class='ocr_line' id='line_1_72' title="bbox 2109 3627 3691 3713; baseline -0.015 -11"><span class='ocrx_word' id='word_1_503' title='bbox 2109 3647 2244 3712; x_wconf 89' lang='lat' dir='ltr'><strong>Deo,</strong></span> <span class='ocrx_word' id='word_1_504' title='bbox 2280 3659 2377 3699; x_wconf 88' lang='lat' dir='ltr'><strong>eos</strong></span> <span class='ocrx_word' id='word_1_505' title='bbox 2395 3648 2830 3713; x_wconf 89' lang='lat' dir='ltr'><strong>persequuntur,</strong></span> <span class='ocrx_word' id='word_1_506' title='bbox 2862 3644 2919 3691; x_wconf 91' lang='lat' dir='ltr'><strong>ut</strong></span> <span class='ocrx_word' id='word_1_507' title='bbox 2958 3633 3358 3690; x_wconf 77' lang='lat' dir='ltr'><strong>exercitatione</strong></span> <span class='ocrx_word' id='word_1_508' title='bbox 3396 3627 3691 3699; x_wconf 84' lang='lat' dir='ltr'><strong>probatio--</strong></span> 
     </span>
    </p>
   </div>
   <div class='ocr_carea' id='block_1_73' title="bbox 2108 3724 3695 3796">
    <p class='ocr_par' dir='ltr' id='par_1_73' title="bbox 2108 3724 3695 3796">
     <span class='ocr_line' id='line_1_73' title="bbox 2108 3724 3695 3796; baseline -0.016 -1"><span class='ocrx_word' id='word_1_509' title='bbox 2108 3756 2196 3795; x_wconf 86' lang='lat' dir='ltr'><strong>res</strong></span> <span class='ocrx_word' id='word_1_510' title='bbox 2227 3737 2379 3792; x_wconf 87' lang='lat' dir='ltr'><strong>fiant.</strong></span> <span class='ocrx_word' id='word_1_511' title='bbox 2422 3731 2728 3789; x_wconf 85' lang='lat' dir='ltr'><strong>Tribulatio</strong></span> <span class='ocrx_word' id='word_1_512' title='bbox 2768 3730 2940 3794; x_wconf 88' lang='lat' dir='ltr'><strong>enim,</strong></span> <span class='ocrx_word' id='word_1_513' title='bbox 2988 3726 3190 3796; x_wconf 86' lang='lat' dir='ltr'><strong>inquit,</strong></span> <span class='ocrx_word' id='word_1_514' title='bbox 3234 3724 3695 3793; x_wconf 74' lang='lat' dir='ltr'><strong>patientiamope-</strong></span> 
     </span>
    </p>
   </div>
   <div class='ocr_carea' id='block_1_74' title="bbox 2112 3811 3694 3898">
    <p class='ocr_par' dir='ltr' id='par_1_74' title="bbox 2112 3811 3694 3898">
     <span class='ocr_line' id='line_1_74' title="bbox 2112 3811 3694 3898; baseline -0.016 -12"><span class='ocrx_word' id='word_1_515' title='bbox 2112 3841 2291 3895; x_wconf 83' lang='lat' dir='ltr'><strong>ratur,</strong></span> <span class='ocrx_word' id='word_1_516' title='bbox 2324 3827 2587 3898; x_wconf 86' lang='lat' dir='ltr'><strong>patientia</strong></span> <span class='ocrx_word' id='word_1_517' title='bbox 2632 3840 2750 3879; x_wconf 78' lang='lat' dir='ltr'><strong>vero</strong></span> <span class='ocrx_word' id='word_1_518' title='bbox 2780 3820 3147 3891; x_wconf 86' lang='lat' dir='ltr'><strong>probationem</strong></span> <span class='ocrx_word' id='word_1_519' title='bbox 3169 3817 3244 3870; x_wconf 80' lang='lat'><strong>&quot;.</strong></span> <span class='ocrx_word' id='word_1_520' title='bbox 3286 3813 3401 3868; x_wconf 83' lang='lat' dir='ltr'><strong>iiac</strong></span> <span class='ocrx_word' id='word_1_521' title='bbox 3431 3811 3499 3865; x_wconf 90' lang='lat' dir='ltr'><strong>de</strong></span> <span class='ocrx_word' id='word_1_522' title='bbox 3528 3822 3694 3863; x_wconf 87' lang='lat' dir='ltr'><strong>causa</strong></span> 
     </span>
    </p>
   </div>
   <div class='ocr_carea' id='block_1_75' title="bbox 420 3903 3694 4008">
    <p class='ocr_par' dir='ltr' id='par_1_75' title="bbox 420 3903 3694 4008">
     <span class='ocr_line' id='line_1_75' title="bbox 420 3903 3694 4008; baseline -0.01 -17"><span class='ocrx_word' id='word_1_523' title='bbox 420 3938 569 3992; x_wconf 83' lang='lat' dir='ltr'><strong>Deus</strong></span> <span class='ocrx_word' id='word_1_524' title='bbox 596 3937 943 4008; x_wconf 79' lang='lat' dir='ltr'><strong>insurgentes</strong></span> <span class='ocrx_word' id='word_1_525' title='bbox 1002 3935 1055 3991; x_wconf 92' lang='lat' dir='ltr'><strong>in</strong></span> <span class='ocrx_word' id='word_1_526' title='bbox 1112 3949 1216 3992; x_wconf 90' lang='lat' dir='ltr'><strong>nos</strong></span> <span class='ocrx_word' id='word_1_527' title='bbox 1270 3903 1634 4003; x_wconf 33' lang='lat' dir='ltr'><strong>tentati-ones,</strong></span> <span class='ocrx_word' id='word_1_528' title='bbox 1664 3950 1777 3991; x_wconf 94' lang='lat' dir='ltr'><strong>non</strong></span> <span class='ocrx_word' id='word_1_529' title='bbox 1806 3933 1992 3991; x_wconf 86' lang='lat' dir='ltr'><strong>statim</strong></span> <span class='ocrx_word' id='word_1_530' title='bbox 2026 3931 2303 4003; x_wconf 87' lang='lat' dir='ltr'><strong>prohibet,</strong></span> <span class='ocrx_word' id='word_1_531' title='bbox 2384 3924 2482 3982; x_wconf 88' lang='lat' dir='ltr'><strong>sed</strong></span> <span class='ocrx_word' id='word_1_532' title='bbox 2543 3937 2669 3979; x_wconf 91' lang='lat' dir='ltr'><strong>cum</strong></span> <span class='ocrx_word' id='word_1_533' title='bbox 2725 3918 3071 3981; x_wconf 84' lang='lat' dir='ltr'><strong>advenerim,</strong></span> <span class='ocrx_word' id='word_1_534' title='bbox 3104 3929 3261 3985; x_wconf 89' lang='lat' dir='ltr'><strong>opem</strong></span> <span class='ocrx_word' id='word_1_535' title='bbox 3317 3924 3475 3965; x_wconf 91' lang='lat' dir='ltr'><strong>suam</strong></span> <span class='ocrx_word' id='word_1_536' title='bbox 3532 3903 3694 3959; x_wconf 90' lang='lat' dir='ltr'><strong>nobis</strong></span> 
     </span>
    </p>
   </div>
   <div class='ocr_carea' id='block_1_76' title="bbox 414 4029 709 4100">
    <p class='ocr_par' dir='ltr' id='par_1_76' title="bbox 414 4029 709 4100">
     <span class='ocr_line' id='line_1_76' title="bbox 414 4029 709 4100; baseline -0.003 -15"><span class='ocrx_word' id='word_1_537' title='bbox 414 4029 709 4100; x_wconf 84' lang='lat' dir='ltr'><strong>impendit.</strong></span> 
     </span>
    </p>
   </div>
   <div class='ocr_carea' id='block_1_77' title="bbox 488 4124 2001 4196">
    <p class='ocr_par' dir='ltr' id='par_1_77' title="bbox 488 4124 2001 4196">
     <span class='ocr_line' id='line_1_77' title="bbox 488 4124 2001 4196; baseline -0.003 -15"><span class='ocrx_word' id='word_1_538' title='bbox 488 4127 594 4181; x_wconf 86' lang='grc' dir='ltr'><strong>Διὰ</strong></span> <span class='ocrx_word' id='word_1_539' title='bbox 613 4126 789 4181; x_wconf 81' lang='grc' dir='ltr'><strong>τοῦτο</strong></span> <span class='ocrx_word' id='word_1_540' title='bbox 814 4127 885 4182; x_wconf 83' lang='grc' dir='ltr'><strong>οὐ</strong></span> <span class='ocrx_word' id='word_1_541' title='bbox 906 4125 1371 4196; x_wconf 70' lang='grc' dir='ltr'><strong>φοϐηθησόμεθα</strong></span> <span class='ocrx_word' id='word_1_542' title='bbox 1385 4124 1456 4180; x_wconf 76' lang='grc' dir='ltr'><strong>ἐν</strong></span> <span class='ocrx_word' id='word_1_543' title='bbox 1484 4124 1563 4190; x_wconf 84' lang='grc' dir='ltr'><strong>τῷ</strong></span> <span class='ocrx_word' id='word_1_544' title='bbox 1585 4125 2001 4193; x_wconf 83' lang='grc' dir='ltr'><strong>ταράσσεσθαι</strong></span> 
     </span>
    </p>
   </div>
   <div class='ocr_carea' id='block_1_78' title="bbox 412 4216 2001 4290">
    <p class='ocr_par' dir='ltr' id='par_1_78' title="bbox 412 4216 2001 4290">
     <span class='ocr_line' id='line_1_78' title="bbox 412 4216 2001 4290; baseline -0.005 -12"><span class='ocrx_word' id='word_1_545' title='bbox 412 4223 536 4287; x_wconf 76' lang='grc' dir='ltr'><strong>τὴν</strong></span> <span class='ocrx_word' id='word_1_546' title='bbox 552 4219 693 4290; x_wconf 75' lang='grc' dir='ltr'><strong>γῆν,</strong></span> <span class='ocrx_word' id='word_1_547' title='bbox 712 4220 809 4273; x_wconf 77' lang='grc' dir='ltr'><strong>καί</strong></span> <span class='ocrx_word' id='word_1_548' title='bbox 828 4219 1248 4289; x_wconf 78' lang='grc' dir='ltr'><strong>μετατίθεσθαι</strong></span> <span class='ocrx_word' id='word_1_549' title='bbox 1270 4217 1376 4287; x_wconf 80' lang='grc' dir='ltr'><strong>ὄρη</strong></span> <span class='ocrx_word' id='word_1_550' title='bbox 1399 4218 1470 4271; x_wconf 81' lang='grc' dir='ltr'><strong>ἐν</strong></span> <span class='ocrx_word' id='word_1_551' title='bbox 1486 4216 1752 4285; x_wconf 81' lang='grc' dir='ltr'><strong>καρδίαις</strong></span> <span class='ocrx_word' id='word_1_552' title='bbox 1771 4219 2001 4270; x_wconf 80' lang='grc' dir='ltr'><strong>θαλασ-</strong></span> 
     </span>
    </p>
   </div>
   <div class='ocr_carea' id='block_1_79' title="bbox 414 4307 2002 4383">
    <p class='ocr_par' dir='ltr' id='par_1_79' title="bbox 414 4307 2002 4383">
     <span class='ocr_line' id='line_1_79' title="bbox 414 4307 2002 4383; baseline -0.006 -13"><span class='ocrx_word' id='word_1_553' title='bbox 414 4313 573 4371; x_wconf 79' lang='grc' dir='ltr'><strong>σῶν.</strong></span> <span class='ocrx_word' id='word_1_554' title='bbox 599 4311 771 4366; x_wconf 79' lang='grc' dir='ltr'><strong>Τοῦτο</strong></span> <span class='ocrx_word' id='word_1_555' title='bbox 791 4311 853 4366; x_wconf 82' lang='grc' dir='ltr'><strong>τὸ</strong></span> <span class='ocrx_word' id='word_1_556' title='bbox 880 4311 1103 4383; x_wconf 85' lang='grc' dir='ltr'><strong>χωρίον,</strong></span> <span class='ocrx_word' id='word_1_557' title='bbox 1134 4310 1259 4365; x_wconf 78' lang='grc' dir='ltr'><strong>οὔτε</strong></span> <span class='ocrx_word' id='word_1_558' title='bbox 1293 4312 1321 4365; x_wconf 86' lang='grc' dir='ltr'><strong>ὁ</strong></span> <span class='ocrx_word' id='word_1_559' title='bbox 1346 4310 1519 4381; x_wconf 81' lang='grc' dir='ltr'><strong>μέγας</strong></span> <span class='ocrx_word' id='word_1_560' title='bbox 1540 4309 1824 4372; x_wconf 87' lang='grc' dir='ltr'><strong>Βασίλειος</strong></span> <span class='ocrx_word' id='word_1_561' title='bbox 1857 4307 2002 4361; x_wconf 83' lang='grc' dir='ltr'><strong>κατὰ</strong></span> 
     </span>
    </p>
   </div>
   <div class='ocr_carea' id='block_1_80' title="bbox 416 4399 2001 4475">
    <p class='ocr_par' dir='ltr' id='par_1_80' title="bbox 416 4399 2001 4475">
     <span class='ocr_line' id='line_1_80' title="bbox 416 4399 2001 4475; baseline -0.004 -15"><span class='ocrx_word' id='word_1_562' title='bbox 416 4403 719 4475; x_wconf 76' lang='grc' dir='ltr'><strong>ἀναγωγὴν</strong></span> <span class='ocrx_word' id='word_1_563' title='bbox 736 4403 915 4472; x_wconf 77' lang='grc' dir='ltr'><strong>ἔσχεν,</strong></span> <span class='ocrx_word' id='word_1_564' title='bbox 946 4400 1070 4457; x_wconf 83' lang='grc' dir='ltr'><strong>οὔτε</strong></span> <span class='ocrx_word' id='word_1_565' title='bbox 1102 4406 1129 4457; x_wconf 87' lang='grc' dir='ltr'><strong>ό</strong></span> <span class='ocrx_word' id='word_1_566' title='bbox 1155 4403 1567 4473; x_wconf 88' lang='grc' dir='ltr'><strong>Χρυσόστομος,</strong></span> <span class='ocrx_word' id='word_1_567' title='bbox 1601 4401 1740 4457; x_wconf 80' lang='grc' dir='ltr'><strong>ἀλλὰ</strong></span> <span class='ocrx_word' id='word_1_568' title='bbox 1775 4399 2001 4472; x_wconf 80' lang='grc' dir='ltr'><strong>συμφώ⁶</strong></span> 
     </span>
    </p>
   </div>
   <div class='ocr_carea' id='block_1_81' title="bbox 417 4490 2003 4565">
    <p class='ocr_par' dir='ltr' id='par_1_81' title="bbox 417 4490 2003 4565">
     <span class='ocr_line' id='line_1_81' title="bbox 417 4490 2003 4565; baseline -0.005 -12"><span class='ocrx_word' id='word_1_569' title='bbox 417 4513 529 4560; x_wconf 86' lang='grc' dir='ltr'><strong>νως</strong></span> <span class='ocrx_word' id='word_1_570' title='bbox 560 4490 737 4557; x_wconf 74' lang='grc' dir='ltr'><strong>εἷπον.</strong></span> <span class='ocrx_word' id='word_1_571' title='bbox 777 4496 861 4548; x_wconf 72' lang='grc' dir='ltr'><strong>ὅτι</strong></span> <span class='ocrx_word' id='word_1_572' title='bbox 898 4494 1148 4562; x_wconf 76' lang='grc' dir='ltr'><strong>λέγουσιν</strong></span> <span class='ocrx_word' id='word_1_573' title='bbox 1178 4495 1228 4548; x_wconf 78' lang='grc' dir='ltr'><strong>οἱ</strong></span> <span class='ocrx_word' id='word_1_574' title='bbox 1257 4496 1427 4563; x_wconf 78' lang='grc' dir='ltr'><strong>ἆγιοι,</strong></span> <span class='ocrx_word' id='word_1_575' title='bbox 1457 4494 1533 4558; x_wconf 85' lang='grc' dir='ltr'><strong>ὡς</strong></span> <span class='ocrx_word' id='word_1_576' title='bbox 1572 4495 1679 4565; x_wconf 77' lang='grc' dir='ltr'><strong>ἄρα</strong></span> <span class='ocrx_word' id='word_1_577' title='bbox 1716 4493 1811 4547; x_wconf 82' lang='grc' dir='ltr'><strong>τοῦ</strong></span> <span class='ocrx_word' id='word_1_578' title='bbox 1862 4495 2003 4562; x_wconf 85' lang='grc' dir='ltr'><strong>Χρι-</strong></span> 
     </span>
    </p>
   </div>
   <div class='ocr_carea' id='block_1_82' title="bbox 417 4583 2003 4656">
    <p class='ocr_par' dir='ltr' id='par_1_82' title="bbox 417 4583 2003 4656">
     <span class='ocr_line' id='line_1_82' title="bbox 417 4583 2003 4656; baseline -0.003 -16"><span class='ocrx_word' id='word_1_579' title='bbox 417 4584 552 4641; x_wconf 79' lang='grc' dir='ltr'><strong>στοῦ</strong></span> <span class='ocrx_word' id='word_1_580' title='bbox 601 4583 926 4655; x_wconf 81' lang='grc' dir='ltr'><strong>βοηθοῦντος</strong></span> <span class='ocrx_word' id='word_1_581' title='bbox 975 4586 1111 4655; x_wconf 78' lang='grc' dir='ltr'><strong>ἡμῖν</strong></span> <span class='ocrx_word' id='word_1_582' title='bbox 1146 4586 1374 4655; x_wconf 86' lang='grc' dir='ltr'><strong>σφόδρα,</strong></span> <span class='ocrx_word' id='word_1_583' title='bbox 1406 4585 1665 4639; x_wconf 80' lang='grc' dir='ltr'><strong>οὐδέποτε</strong></span> <span class='ocrx_word' id='word_1_584' title='bbox 1695 4583 2003 4656; x_wconf 79' lang='grc' dir='ltr'><strong>φοῦηθησό-</strong></span> 
     </span>
    </p>
   </div>
   <div class='ocr_carea' id='block_1_83' title="bbox 420 4674 2002 4748">
    <p class='ocr_par' dir='ltr' id='par_1_83' title="bbox 420 4674 2002 4748">
     <span class='ocr_line' id='line_1_83' title="bbox 420 4674 2002 4748; baseline -0.003 -18"><span class='ocrx_word' id='word_1_585' title='bbox 420 4675 589 4748; x_wconf 85' lang='grc' dir='ltr'><strong>μεθα,</strong></span> <span class='ocrx_word' id='word_1_586' title='bbox 644 4674 755 4727; x_wconf 79' lang='grc' dir='ltr'><strong>οὐδ’</strong></span> <span class='ocrx_word' id='word_1_587' title='bbox 805 4675 854 4727; x_wconf 77' lang='grc' dir='ltr'><strong>εἰ</strong></span> <span class='ocrx_word' id='word_1_588' title='bbox 901 4675 1052 4728; x_wconf 80' lang='grc' dir='ltr'><strong>πᾶσα</strong></span> <span class='ocrx_word' id='word_1_589' title='bbox 1100 4676 1134 4747; x_wconf 79' lang='grc' dir='ltr'><strong>ἡ</strong></span> <span class='ocrx_word' id='word_1_590' title='bbox 1189 4676 1258 4745; x_wconf 85' lang='grc' dir='ltr'><strong>γῆ</strong></span> <span class='ocrx_word' id='word_1_591' title='bbox 1320 4675 1720 4747; x_wconf 84' lang='grc' dir='ltr'><strong>συνταραχθείη</strong></span> <span class='ocrx_word' id='word_1_592' title='bbox 1757 4676 2002 4744; x_wconf 86' lang='grc' dir='ltr'><strong>σεισμοῖς</strong></span> 
     </span>
    </p>
   </div>
   <div class='ocr_carea' id='block_1_84' title="bbox 2180 4090 3691 4179">
    <p class='ocr_par' dir='ltr' id='par_1_84' title="bbox 2180 4090 3691 4179">
     <span class='ocr_line' id='line_1_84' title="bbox 2180 4090 3691 4179; baseline -0.023 -7"><span class='ocrx_word' id='word_1_593' title='bbox 2180 4116 2351 4172; x_wconf 71' lang='lat' dir='ltr'><strong>Vens.</strong></span> <span class='ocrx_word' id='word_1_594' title='bbox 2382 4114 2437 4168; x_wconf 79' lang='lat'><strong>3.</strong></span> <span class='ocrx_word' id='word_1_595' title='bbox 2468 4115 2760 4179; x_wconf 87' lang='lat' dir='ltr'><strong>Propterea</strong></span> <span class='ocrx_word' id='word_1_596' title='bbox 2804 4123 2909 4160; x_wconf 84' lang='lat' dir='ltr'><strong>non</strong></span> <span class='ocrx_word' id='word_1_597' title='bbox 2946 4101 3246 4157; x_wconf 84' lang='lat' dir='ltr'><strong>timebimus</strong></span> <span class='ocrx_word' id='word_1_598' title='bbox 3277 4095 3405 4147; x_wconf 86' lang='lat' dir='ltr'><strong>dum</strong></span> <span class='ocrx_word' id='word_1_599' title='bbox 3444 4090 3691 4145; x_wconf 84' lang='lat' dir='ltr'><strong>turbatur</strong></span> 
     </span>
    </p>
   </div>
   <div class='ocr_carea' id='block_1_85' title="bbox 2108 4186 3690 4277">
    <p class='ocr_par' dir='ltr' id='par_1_85' title="bbox 2108 4186 3690 4277">
     <span class='ocr_line' id='line_1_85' title="bbox 2108 4186 3690 4277; baseline -0.023 -6"><span class='ocrx_word' id='word_1_600' title='bbox 2108 4227 2273 4277; x_wconf 88' lang='lat' dir='ltr'><strong>terra,</strong></span> <span class='ocrx_word' id='word_1_601' title='bbox 2328 4220 2377 4267; x_wconf 89' lang='lat' dir='ltr'><strong>et</strong></span> <span class='ocrx_word' id='word_1_602' title='bbox 2433 4207 2834 4277; x_wconf 79' lang='lat' dir='ltr'><strong>transferuntur</strong></span> <span class='ocrx_word' id='word_1_603' title='bbox 2876 4208 3077 4254; x_wconf 84' lang='lat' dir='ltr'><strong>montes</strong></span> <span class='ocrx_word' id='word_1_604' title='bbox 3121 4196 3177 4249; x_wconf 87' lang='lat' dir='ltr'><strong>in</strong></span> <span class='ocrx_word' id='word_1_605' title='bbox 3225 4192 3385 4246; x_wconf 84' lang='lat' dir='ltr'><strong>corda</strong></span> <span class='ocrx_word' id='word_1_606' title='bbox 3440 4186 3690 4241; x_wconf 86' lang='lat' dir='ltr'><strong>marium.</strong></span> 
     </span>
    </p>
   </div>
   <div class='ocr_carea' id='block_1_86' title="bbox 2110 4279 3697 4365">
    <p class='ocr_par' dir='ltr' id='par_1_86' title="bbox 2110 4279 3697 4365">
     <span class='ocr_line' id='line_1_86' title="bbox 2110 4279 3697 4365; baseline -0.021 -4"><span class='ocrx_word' id='word_1_607' title='bbox 2110 4294 2315 4361; x_wconf 90' lang='lat' dir='ltr'><strong>Locum</strong></span> <span class='ocrx_word' id='word_1_608' title='bbox 2353 4303 2526 4365; x_wconf 86' lang='lat' dir='ltr'><strong>hunc,</strong></span> <span class='ocrx_word' id='word_1_609' title='bbox 2550 4313 2654 4354; x_wconf 89' lang='lat' dir='ltr'><strong>nec</strong></span> <span class='ocrx_word' id='word_1_610' title='bbox 2686 4308 2920 4365; x_wconf 78' lang='lat' dir='ltr'><strong>magnus</strong></span> <span class='ocrx_word' id='word_1_611' title='bbox 2950 4287 3207 4349; x_wconf 81' lang='lat' dir='ltr'><strong>Basilius,</strong></span> <span class='ocrx_word' id='word_1_612' title='bbox 3230 4297 3333 4337; x_wconf 92' lang='lat' dir='ltr'><strong>nec</strong></span> <span class='ocrx_word' id='word_1_613' title='bbox 3361 4279 3697 4349; x_wconf 79' lang='lat' dir='ltr'><strong>Cbrysosto-</strong></span> 
     </span>
    </p>
   </div>
   <div class='ocr_carea' id='block_1_87' title="bbox 2112 4368 3693 4467">
    <p class='ocr_par' dir='ltr' id='par_1_87' title="bbox 2112 4368 3693 4467">
     <span class='ocr_line' id='line_1_87' title="bbox 2112 4368 3693 4467; baseline -0.023 -13"><span class='ocrx_word' id='word_1_614' title='bbox 2112 4414 2235 4454; x_wconf 88' lang='lat' dir='ltr'><strong>mus</strong></span> <span class='ocrx_word' id='word_1_615' title='bbox 2279 4396 2435 4467; x_wconf 83' lang='lat' dir='ltr'><strong>juxta</strong></span> <span class='ocrx_word' id='word_1_616' title='bbox 2471 4404 2755 4462; x_wconf 77' lang='lat' dir='ltr'><strong>anagogen</strong></span> <span class='ocrx_word' id='word_1_617' title='bbox 2802 4388 3110 4451; x_wconf 79' lang='lat' dir='ltr'><strong>exponunt,</strong></span> <span class='ocrx_word' id='word_1_618' title='bbox 3146 4376 3239 4432; x_wconf 90' lang='lat' dir='ltr'><strong>sed</strong></span> <span class='ocrx_word' id='word_1_619' title='bbox 3276 4389 3386 4428; x_wconf 92' lang='lat' dir='ltr'><strong>uno</strong></span> <span class='ocrx_word' id='word_1_620' title='bbox 3416 4386 3510 4426; x_wconf 87' lang='lat' dir='ltr'><strong>ore</strong></span> <span class='ocrx_word' id='word_1_621' title='bbox 3539 4368 3693 4467; x_wconf 41' lang='lat' dir='ltr'><strong>jus-ta</strong></span> 
     </span>
    </p>
   </div>
   <div class='ocr_carea' id='block_1_88' title="bbox 2110 4456 3694 4545">
    <p class='ocr_par' dir='ltr' id='par_1_88' title="bbox 2110 4456 3694 4545">
     <span class='ocr_line' id='line_1_88' title="bbox 2110 4456 3694 4545; baseline -0.023 0"><span class='ocrx_word' id='word_1_622' title='bbox 2110 4456 2347 4545; x_wconf 69' lang='lat' dir='ltr'><strong>litteram</strong></span> <span class='ocrx_word' id='word_1_623' title='bbox 2379 4456 2607 4540; x_wconf 61' lang='lat' dir='ltr'><strong>tantum</strong></span> <span class='ocrx_word' id='word_1_624' title='bbox 2627 4456 2818 4534; x_wconf 77' lang='lat' dir='ltr'><strong>dicunt</strong></span> <span class='ocrx_word' id='word_1_625' title='bbox 2847 4517 2861 4542; x_wconf 89' lang='lat'><strong>,</strong></span> <span class='ocrx_word' id='word_1_626' title='bbox 2887 4474 3055 4528; x_wconf 85' lang='lat' dir='ltr'><strong>verba</strong></span> <span class='ocrx_word' id='word_1_627' title='bbox 3086 4471 3204 4523; x_wconf 74' lang='lat' dir='ltr'><strong>inec</strong></span> <span class='ocrx_word' id='word_1_628' title='bbox 3236 4471 3552 4521; x_wconf 89' lang='lat' dir='ltr'><strong>sanctorum</strong></span> <span class='ocrx_word' id='word_1_629' title='bbox 3584 4456 3694 4510; x_wconf 89' lang='lat' dir='ltr'><strong>dici</strong></span> 
     </span>
    </p>
   </div>
   <div class='ocr_carea' id='block_1_89' title="bbox 2109 4552 3695 4652">
    <p class='ocr_par' dir='ltr' id='par_1_89' title="bbox 2109 4552 3695 4652">
     <span class='ocr_line' id='line_1_89' title="bbox 2109 4552 3695 4652; baseline -0.022 -16"><span class='ocrx_word' id='word_1_630' title='bbox 2109 4594 2369 4652; x_wconf 88' lang='lat' dir='ltr'><strong>persona,</strong></span> <span class='ocrx_word' id='word_1_631' title='bbox 2425 4574 2734 4637; x_wconf 80' lang='lat' dir='ltr'><strong>fatentium,</strong></span> <span class='ocrx_word' id='word_1_632' title='bbox 2784 4566 2930 4639; x_wconf 89' lang='lat' dir='ltr'><strong>quod</strong></span> <span class='ocrx_word' id='word_1_633' title='bbox 2974 4562 3197 4618; x_wconf 88' lang='lat' dir='ltr'><strong>Christo</strong></span> <span class='ocrx_word' id='word_1_634' title='bbox 3239 4572 3337 4613; x_wconf 88' lang='lat' dir='ltr'><strong>eos</strong></span> <span class='ocrx_word' id='word_1_635' title='bbox 3400 4552 3695 4622; x_wconf 71' lang='lat' dir='ltr'><strong>adiuvante</strong></span> 
     </span>
    </p>
   </div>
   <div class='ocr_carea' id='block_1_90' title="bbox 2112 4642 3693 4742">
    <p class='ocr_par' dir='ltr' id='par_1_90' title="bbox 2112 4642 3693 4742">
     <span class='ocr_line' id='line_1_90' title="bbox 2112 4642 3693 4742; baseline -0.023 -14"><span class='ocrx_word' id='word_1_636' title='bbox 2112 4642 2393 4742; x_wconf 74' lang='lat' dir='ltr'><strong>nunquam</strong></span> <span class='ocrx_word' id='word_1_637' title='bbox 2448 4666 2744 4727; x_wconf 85' lang='lat' dir='ltr'><strong>timebunt,</strong></span> <span class='ocrx_word' id='word_1_638' title='bbox 2802 4672 2981 4728; x_wconf 85' lang='lat' dir='ltr'><strong>neque</strong></span> <span class='ocrx_word' id='word_1_639' title='bbox 3015 4654 3060 4711; x_wconf 89' lang='lat' dir='ltr'><strong>si</strong></span> <span class='ocrx_word' id='word_1_640' title='bbox 3098 4653 3358 4706; x_wconf 84' lang='lat' dir='ltr'><strong>universa</strong></span> <span class='ocrx_word' id='word_1_641' title='bbox 3384 4655 3533 4700; x_wconf 91' lang='lat' dir='ltr'><strong>terra</strong></span> <span class='ocrx_word' id='word_1_642' title='bbox 3558 4642 3693 4695; x_wconf 85' lang='lat' dir='ltr'><strong>hor-</strong></span> 
     </span>
    </p>
   </div>
   <div class='ocr_carea' id='block_1_91' title="bbox 420 4738 1995 4842">
    <p class='ocr_par' dir='ltr' id='par_1_91' title="bbox 420 4738 1995 4842">
     <span class='ocr_line' id='line_1_91' title="bbox 420 4738 1995 4842; baseline 0 -19"><span class='ocrx_word' id='word_1_643' title='bbox 420 4738 715 4837; x_wconf 57' lang='grc' dir='ltr'><strong>ξξουσίοις,</strong></span> <span class='ocrx_word' id='word_1_644' title='bbox 746 4766 854 4821; x_wconf 81' lang='grc' dir='ltr'><strong>οὐδ’</strong></span> <span class='ocrx_word' id='word_1_645' title='bbox 878 4768 928 4821; x_wconf 80' lang='grc' dir='ltr'><strong>εί</strong></span> <span class='ocrx_word' id='word_1_646' title='bbox 949 4768 1019 4821; x_wconf 84' lang='grc' dir='ltr'><strong>τὰ</strong></span> <span class='ocrx_word' id='word_1_647' title='bbox 1043 4738 1144 4839; x_wconf 69' lang='grc' dir='ltr'><strong>ὅρη</strong></span> <span class='ocrx_word' id='word_1_648' title='bbox 1302 4738 1539 4839; x_wconf 62' lang='grc' dir='ltr'><strong>φυσικης</strong></span> <span class='ocrx_word' id='word_1_649' title='bbox 1561 4738 1725 4842; x_wconf 57' lang='grc' dir='ltr'><strong>ἐόρας</strong></span> <span class='ocrx_word' id='word_1_650' title='bbox 1745 4738 1995 4823; x_wconf 77' lang='grc' dir='ltr'><strong>ἀνασπα·</strong></span> 
     </span>
    </p>
   </div>
   <div class='ocr_carea' id='block_1_92' title="bbox 2104 4738 3699 4842">
    <p class='ocr_par' dir='ltr' id='par_1_92' title="bbox 2108 4738 3699 4821">
     <span class='ocr_line' id='line_1_92' title="bbox 2108 4738 3699 4821; baseline -0.021 1"><span class='ocrx_word' id='word_1_651' title='bbox 2108 4738 2297 4821; x_wconf 84' lang='lat' dir='ltr'><strong>rendis</strong></span> <span class='ocrx_word' id='word_1_652' title='bbox 2334 4759 2682 4817; x_wconf 88' lang='lat' dir='ltr'><strong>concutiatur</strong></span> <span class='ocrx_word' id='word_1_653' title='bbox 2724 4747 3153 4808; x_wconf 62' lang='lat' dir='ltr'><strong>terrmmotibus,</strong></span> <span class='ocrx_word' id='word_1_654' title='bbox 3183 4754 3363 4810; x_wconf 86' lang='lat' dir='ltr'><strong>neque</strong></span> <span class='ocrx_word' id='word_1_655' title='bbox 3406 4738 3451 4792; x_wconf 90' lang='lat' dir='ltr'><strong>si</strong></span> <span class='ocrx_word' id='word_1_656' title='bbox 3484 4744 3699 4790; x_wconf 90' lang='lat' dir='ltr'><strong>montes</strong></span> 
     </span>
    </p>
   </div>
   <div class='ocr_carea' id='block_1_93' title="bbox 432 4861 2011 4933">
    <p class='ocr_par' dir='ltr' id='par_1_93' title="bbox 432 4861 2011 4933">
     <span class='ocr_line' id='line_1_93' title="bbox 432 4861 2011 4933; baseline -0.001 -17"><span class='ocrx_word' id='word_1_657' title='bbox 432 4864 654 4924; x_wconf 79' lang='grc' dir='ltr'><strong>σθέντα,</strong></span> <span class='ocrx_word' id='word_1_658' title='bbox 712 4863 793 4925; x_wconf 86' lang='grc' dir='ltr'><strong>είς</strong></span> <span class='ocrx_word' id='word_1_659' title='bbox 838 4861 909 4916; x_wconf 82' lang='grc' dir='ltr'><strong>τὰ</strong></span> <span class='ocrx_word' id='word_1_660' title='bbox 963 4862 1103 4933; x_wconf 83' lang='grc' dir='ltr'><strong>βάθη</strong></span> <span class='ocrx_word' id='word_1_661' title='bbox 1149 4862 1252 4933; x_wconf 82' lang='grc' dir='ltr'><strong>τῆς</strong></span> <span class='ocrx_word' id='word_1_662' title='bbox 1298 4862 1579 4933; x_wconf 83' lang='grc' dir='ltr'><strong>θαλάσσης</strong></span> <span class='ocrx_word' id='word_1_663' title='bbox 1621 4863 2011 4931; x_wconf 82' lang='grc' dir='ltr'><strong>ἀποσφενδονι-</strong></span> 
     </span>
    </p>
   </div>
   <div class='ocr_carea' id='block_1_94' title="bbox 433 4954 2008 5025">
    <p class='ocr_par' dir='ltr' id='par_1_94' title="bbox 433 4954 2008 5025">
     <span class='ocr_line' id='line_1_94' title="bbox 433 4954 2008 5025; baseline 0 -18"><span class='ocrx_word' id='word_1_664' title='bbox 433 4955 632 5011; x_wconf 85' lang='grc' dir='ltr'><strong>σθείεν.</strong></span> <span class='ocrx_word' id='word_1_665' title='bbox 666 4955 730 5008; x_wconf 81' lang='lat' dir='ltr'><strong>Et</strong></span> <span class='ocrx_word' id='word_1_666' title='bbox 766 4954 821 5008; x_wconf 82' lang='grc' dir='ltr'><strong>δὲ</strong></span> <span class='ocrx_word' id='word_1_667' title='bbox 872 4954 983 5008; x_wconf 85' lang='grc' dir='ltr'><strong>τῶν</strong></span> <span class='ocrx_word' id='word_1_668' title='bbox 1018 4954 1300 5025; x_wconf 85' lang='grc' dir='ltr'><strong>στοιχείων</strong></span> <span class='ocrx_word' id='word_1_669' title='bbox 1340 4954 1482 5010; x_wconf 73' lang='grc' dir='ltr'><strong>οὕτω</strong></span> <span class='ocrx_word' id='word_1_670' title='bbox 1525 4955 1909 5025; x_wconf 80' lang='grc' dir='ltr'><strong>συγχεομένων</strong></span> <span class='ocrx_word' id='word_1_671' title='bbox 1945 4954 2008 5007; x_wconf 85' lang='grc' dir='ltr'><strong>οὐ</strong></span> 
     </span>
    </p>
   </div>
   <div class='ocr_carea' id='block_1_95' title="bbox 422 5047 2006 5119">
    <p class='ocr_par' dir='ltr' id='par_1_95' title="bbox 422 5047 2006 5119">
     <span class='ocr_line' id='line_1_95' title="bbox 422 5047 2006 5119; baseline -0.003 -17"><span class='ocrx_word' id='word_1_672' title='bbox 422 5048 700 5119; x_wconf 81' lang='grc' dir='ltr'><strong>δείσομεν,</strong></span> <span class='ocrx_word' id='word_1_673' title='bbox 749 5047 928 5118; x_wconf 87' lang='grc' dir='ltr'><strong>πολλῷ</strong></span> <span class='ocrx_word' id='word_1_674' title='bbox 962 5048 1164 5119; x_wconf 83' lang='grc' dir='ltr'><strong>μᾶλλον</strong></span> <span class='ocrx_word' id='word_1_675' title='bbox 1199 5048 1320 5101; x_wconf 79' lang='grc' dir='ltr'><strong>οὐδὲ</strong></span> <span class='ocrx_word' id='word_1_676' title='bbox 1352 5048 1461 5101; x_wconf 85' lang='grc' dir='ltr'><strong>τῶν</strong></span> <span class='ocrx_word' id='word_1_677' title='bbox 1503 5047 1782 5118; x_wconf 81' lang='grc' dir='ltr'><strong>τυράννων</strong></span> <span class='ocrx_word' id='word_1_678' title='bbox 1815 5049 2006 5100; x_wconf 74' lang='grc' dir='ltr'><strong>ἐπιτε-</strong></span> 
     </span>
    </p>
   </div>
   <div class='ocr_carea' id='block_1_96' title="bbox 2105 4827 3701 4913">
    <p class='ocr_par' dir='ltr' id='par_1_96' title="bbox 2105 4827 3701 4913">
     <span class='ocr_line' id='line_1_96' title="bbox 2105 4827 3701 4913; baseline -0.023 -1"><span class='ocrx_word' id='word_1_679' title='bbox 2105 4874 2135 4913; x_wconf 91' lang='lat' dir='ltr'><strong>a</strong></span> <span class='ocrx_word' id='word_1_680' title='bbox 2194 4852 2496 4911; x_wconf 85' lang='lat' dir='ltr'><strong>stabilitate</strong></span> <span class='ocrx_word' id='word_1_681' title='bbox 2530 4863 2595 4903; x_wconf 89' lang='lat' dir='ltr'><strong>ac</strong></span> <span class='ocrx_word' id='word_1_682' title='bbox 2634 4844 2765 4902; x_wconf 88' lang='lat' dir='ltr'><strong>sede</strong></span> <span class='ocrx_word' id='word_1_683' title='bbox 2796 4857 2896 4898; x_wconf 90' lang='lat' dir='ltr'><strong>sua</strong></span> <span class='ocrx_word' id='word_1_684' title='bbox 2944 4834 3187 4893; x_wconf 88' lang='lat' dir='ltr'><strong>naturali</strong></span> <span class='ocrx_word' id='word_1_685' title='bbox 3233 4830 3457 4893; x_wconf 85' lang='lat' dir='ltr'><strong>divulsi,</strong></span> <span class='ocrx_word' id='word_1_686' title='bbox 3490 4827 3544 4881; x_wconf 92' lang='lat' dir='ltr'><strong>in</strong></span> <span class='ocrx_word' id='word_1_687' title='bbox 3572 4839 3701 4893; x_wconf 87' lang='lat' dir='ltr'><strong>pro-</strong></span> 
     </span>
    </p>
   </div>
   <div class='ocr_carea' id='block_1_97' title="bbox 2106 4916 3698 5005">
    <p class='ocr_par' dir='ltr' id='par_1_97' title="bbox 2106 4916 3698 5005">
     <span class='ocr_line' id='line_1_97' title="bbox 2106 4916 3698 5005; baseline -0.023 0"><span class='ocrx_word' id='word_1_688' title='bbox 2106 4949 2336 5005; x_wconf 89' lang='lat' dir='ltr'><strong>fundum</strong></span> <span class='ocrx_word' id='word_1_689' title='bbox 2392 4942 2562 4998; x_wconf 88' lang='lat' dir='ltr'><strong>maris</strong></span> <span class='ocrx_word' id='word_1_690' title='bbox 2610 4935 3041 4994; x_wconf 86' lang='lat' dir='ltr'><strong>transferantur.</strong></span> <span class='ocrx_word' id='word_1_691' title='bbox 3086 4929 3166 4983; x_wconf 86' lang='lat' dir='ltr'><strong>Ac</strong></span> <span class='ocrx_word' id='word_1_692' title='bbox 3220 4926 3267 4982; x_wconf 89' lang='lat' dir='ltr'><strong>si</strong></span> <span class='ocrx_word' id='word_1_693' title='bbox 3321 4916 3698 4979; x_wconf 88' lang='lat' dir='ltr'><strong>dicerent:Si</strong></span> 
     </span>
    </p>
   </div>
   <div class='ocr_carea' id='block_1_98' title="bbox 2110 5016 3697 5099">
    <p class='ocr_par' dir='ltr' id='par_1_98' title="bbox 2110 5016 3697 5099">
     <span class='ocr_line' id='line_1_98' title="bbox 2110 5016 3697 5099; baseline -0.026 0"><span class='ocrx_word' id='word_1_694' title='bbox 2110 5035 2401 5099; x_wconf 90' lang='lat' dir='ltr'><strong>elementis</strong></span> <span class='ocrx_word' id='word_1_695' title='bbox 2450 5033 2589 5087; x_wconf 88' lang='lat' dir='ltr'><strong>adeo</strong></span> <span class='ocrx_word' id='word_1_696' title='bbox 2645 5027 2899 5085; x_wconf 82' lang='lat' dir='ltr'><strong>confusis</strong></span> <span class='ocrx_word' id='word_1_697' title='bbox 2941 5016 3291 5078; x_wconf 89' lang='lat' dir='ltr'><strong>formidaturi</strong></span> <span class='ocrx_word' id='word_1_698' title='bbox 3343 5028 3449 5069; x_wconf 92' lang='lat' dir='ltr'><strong>non</strong></span> <span class='ocrx_word' id='word_1_699' title='bbox 3481 5023 3697 5070; x_wconf 88' lang='lat' dir='ltr'><strong>sumus,</strong></span> 
     </span>
    </p>
   </div>
   <div class='ocr_carea' id='block_1_99' title="bbox 419 5099 1995 5213">
    <p class='ocr_par' dir='ltr' id='par_1_99' title="bbox 419 5099 1995 5213">
     <span class='ocr_line' id='line_1_99' title="bbox 419 5099 1995 5213; baseline -0.006 -14"><span class='ocrx_word' id='word_1_700' title='bbox 419 5099 700 5212; x_wconf 46' lang='lat' dir='ltr'><strong>Oztttifrwv&#39;</strong></span> <span class='ocrx_word' id='word_1_701' title='bbox 722 5144 875 5213; x_wconf 77' lang='grc' dir='ltr'><strong>ἡμῖν.</strong></span> <span class='ocrx_word' id='word_1_702' title='bbox 901 5099 1475 5202; x_wconf 48' lang='grc' dir='ltr'><strong>’τ’ὁοένᾷαιῆαοίοξ</strong></span> <span class='ocrx_word' id='word_1_703' title='bbox 1518 5099 1673 5206; x_wconf 40' lang='grc' dir='ltr'><strong>ίλιεγε</strong></span> <span class='ocrx_word' id='word_1_704' title='bbox 1713 5137 1824 5209; x_wconf 84' lang='grc'><strong>(66)</strong></span> <span class='ocrx_word' id='word_1_705' title='bbox 1855 5151 1870 5166; x_wconf 86' lang='grc'>⁶</span> <span class='ocrx_word' id='word_1_706' title='bbox 1917 5136 1995 5202; x_wconf 80' lang='grc' dir='ltr'><strong>Τίς</strong></span> 
     </span>
    </p>
   </div>
   <div class='ocr_carea' id='block_1_100' title="bbox 2104 5099 3699 5213">
    <p class='ocr_par' dir='ltr' id='par_1_100' title="bbox 2112 5099 3699 5213">
     <span class='ocr_line' id='line_1_100' title="bbox 2112 5099 3699 5190; baseline -0.022 -6"><span class='ocrx_word' id='word_1_707' title='bbox 2112 5131 2285 5185; x_wconf 87' lang='lat' dir='ltr'><strong>multo</strong></span> <span class='ocrx_word' id='word_1_708' title='bbox 2340 5127 2525 5183; x_wconf 89' lang='lat' dir='ltr'><strong>minus</strong></span> <span class='ocrx_word' id='word_1_709' title='bbox 2562 5117 2981 5190; x_wconf 74' lang='lat' dir='ltr'><strong>insurgentibus</strong></span> <span class='ocrx_word' id='word_1_710' title='bbox 3018 5115 3070 5168; x_wconf 94' lang='lat' dir='ltr'><strong>in</strong></span> <span class='ocrx_word' id='word_1_711' title='bbox 3106 5126 3210 5166; x_wconf 90' lang='lat' dir='ltr'><strong>nos</strong></span> <span class='ocrx_word' id='word_1_712' title='bbox 3238 5103 3491 5179; x_wconf 80' lang='lat' dir='ltr'><strong>tyrannis</strong></span> <span class='ocrx_word' id='word_1_713' title='bbox 3525 5099 3699 5167; x_wconf 88' lang='lat' dir='ltr'><strong>trepi-</strong></span> 
     </span>
     <span class='ocr_line' id='line_1_101' title="bbox 2814 5193 3697 5213; baseline -0.022 8"><span class='ocrx_word' id='word_1_714' title='bbox 2814 5212 2817 5213; x_wconf 40' lang='grc' dir='ltr'><strong>ν</strong></span> <span class='ocrx_word' id='word_1_715' title='bbox 3010 5208 3023 5213; x_wconf 92' lang='grc'><strong>-</strong></span> <span class='ocrx_word' id='word_1_716' title='bbox 3158 5203 3192 5213; x_wconf 94' lang='grc'><em>..</em></span> <span class='ocrx_word' id='word_1_717' title='bbox 3268 5201 3280 5213; x_wconf 91' lang='grc'><em>.</em></span> <span class='ocrx_word' id='word_1_718' title='bbox 3342 5193 3697 5213; x_wconf 14' lang='lat' dir='ltr'><strong>unum“</strong></span> 
     </span>
    </p>
   </div>
   <div class='ocr_carea' id='block_1_101' title="bbox 420 5226 2013 5306">
    <p class='ocr_par' dir='ltr' id='par_1_101' title="bbox 420 5226 2013 5306">
     <span class='ocr_line' id='line_1_102' title="bbox 420 5226 2013 5306; baseline -0.018 2"><span class='ocrx_word' id='word_1_719' title='bbox 420 5235 585 5306; x_wconf 65' lang='grc' dir='ltr'><strong>ἡμᾶς</strong></span> <span class='ocrx_word' id='word_1_720' title='bbox 640 5235 899 5304; x_wconf 73' lang='grc' dir='ltr'><strong>χωρήσει</strong></span> <span class='ocrx_word' id='word_1_721' title='bbox 948 5234 1065 5288; x_wconf 81' lang='grc' dir='ltr'><strong>ἀπὸ</strong></span> <span class='ocrx_word' id='word_1_722' title='bbox 1111 5232 1217 5303; x_wconf 84' lang='grc' dir='ltr'><strong>τῆς</strong></span> <span class='ocrx_word' id='word_1_723' title='bbox 1270 5230 1511 5302; x_wconf 73' lang='grc' dir='ltr'><strong>ἀγάπης</strong></span> <span class='ocrx_word' id='word_1_724' title='bbox 1558 5230 1664 5286; x_wconf 83' lang='grc' dir='ltr'><strong>τοῦ</strong></span> <span class='ocrx_word' id='word_1_725' title='bbox 1714 5226 1976 5298; x_wconf 86' lang='grc' dir='ltr'><strong>Χριστοῦ</strong></span> <span class='ocrx_word' id='word_1_726' title='bbox 1990 5242 2013 5293; x_wconf 85' lang='grc'><em>;</em></span> 
     </span>
    </p>
   </div>
   <div class='ocr_carea' id='block_1_102' title="bbox 418 5326 833 5397">
    <p class='ocr_par' dir='ltr' id='par_1_102' title="bbox 418 5326 833 5397">
     <span class='ocr_line' id='line_1_103' title="bbox 418 5326 833 5397; baseline -0.007 -13"><span class='ocrx_word' id='word_1_727' title='bbox 418 5326 833 5397; x_wconf 61' lang='grc' dir='ltr'><strong>τόὰςῆτόδες</strong></span> 
     </span>
    </p>
   </div>
   <div class='ocr_carea' id='block_1_103' title="bbox 499 5617 1496 5685">
    <p class='ocr_par' dir='ltr' id='par_1_103' title="bbox 499 5617 1496 5685">
     <span class='ocr_line' id='line_1_104' title="bbox 499 5617 1496 5685; baseline 0.001 -12"><span class='ocrx_word' id='word_1_728' title='bbox 499 5619 551 5653; x_wconf 84' lang='grc'><strong><em>⁸⁸</em></strong></span> <span class='ocrx_word' id='word_1_729' title='bbox 580 5618 745 5675; x_wconf 82' lang='lat' dir='ltr'><strong>Rom.</strong></span> <span class='ocrx_word' id='word_1_730' title='bbox 770 5636 826 5685; x_wconf 84' lang='grc' dir='ltr'><strong>ν,</strong></span> <span class='ocrx_word' id='word_1_731' title='bbox 852 5620 909 5674; x_wconf 81' lang='grc'><strong>5.</strong></span> <span class='ocrx_word' id='word_1_732' title='bbox 984 5619 1031 5651; x_wconf 84' lang='grc'><strong>⁵⁷</strong></span> <span class='ocrx_word' id='word_1_733' title='bbox 1056 5617 1217 5672; x_wconf 77' lang='lat' dir='ltr'><strong>Rom.</strong></span> <span class='ocrx_word' id='word_1_734' title='bbox 1253 5630 1374 5684; x_wconf 84' lang='lat' dir='ltr'><strong>vm,</strong></span> <span class='ocrx_word' id='word_1_735' title='bbox 1404 5617 1496 5674; x_wconf 75' lang='lat'><strong>35.</strong></span> 
     </span>
    </p>
   </div>
   <div class='ocr_carea' id='block_1_104' title="bbox 2108 5193 3698 5281">
    <p class='ocr_par' dir='ltr' id='par_1_104' title="bbox 2108 5193 3698 5281">
     <span class='ocr_line' id='line_1_105' title="bbox 2108 5193 3698 5281; baseline -0.024 -2"><span class='ocrx_word' id='word_1_736' title='bbox 2108 5222 2389 5279; x_wconf 84' lang='lat' dir='ltr'><strong>dabimus.</strong></span> <span class='ocrx_word' id='word_1_737' title='bbox 2429 5216 2581 5271; x_wconf 88' lang='lat' dir='ltr'><strong>Unde</strong></span> <span class='ocrx_word' id='word_1_738' title='bbox 2603 5215 2770 5269; x_wconf 88' lang='lat' dir='ltr'><strong>etiam</strong></span> <span class='ocrx_word' id='word_1_739' title='bbox 2797 5208 3098 5281; x_wconf 86' lang='lat' dir='ltr'><strong>Apostolus</strong></span> <span class='ocrx_word' id='word_1_740' title='bbox 3140 5201 3360 5256; x_wconf 87' lang='lat' dir='ltr'><strong>dicebat</strong></span> <span class='ocrx_word' id='word_1_741' title='bbox 3396 5208 3411 5248; x_wconf 84' lang='lat'><strong>:</strong></span> <span class='ocrx_word' id='word_1_742' title='bbox 3445 5193 3576 5258; x_wconf 85' lang='lat' dir='ltr'><strong>Quis</strong></span> <span class='ocrx_word' id='word_1_743' title='bbox 3602 5206 3698 5243; x_wconf 85' lang='lat' dir='ltr'><strong>nos</strong></span> 
     </span>
    </p>
   </div>
   <div class='ocr_carea' id='block_1_105' title="bbox 2117 5282 3696 5386">
    <p class='ocr_par' dir='ltr' id='par_1_105' title="bbox 2117 5282 3696 5386">
     <span class='ocr_line' id='line_1_106' title="bbox 2117 5282 3696 5386; baseline -0.024 -15"><span class='ocrx_word' id='word_1_744' title='bbox 2117 5313 2387 5386; x_wconf 82' lang='lat' dir='ltr'><strong>separabit</strong></span> <span class='ocrx_word' id='word_1_745' title='bbox 2411 5327 2441 5364; x_wconf 91' lang='lat' dir='ltr'><strong>a</strong></span> <span class='ocrx_word' id='word_1_746' title='bbox 2460 5310 2721 5363; x_wconf 82' lang='lat' dir='ltr'><strong>charitate</strong></span> <span class='ocrx_word' id='word_1_747' title='bbox 2736 5302 2977 5359; x_wconf 82' lang='lat' dir='ltr'><strong>Christi?</strong></span> <span class='ocrx_word' id='word_1_748' title='bbox 2998 5294 3320 5368; x_wconf 85' lang='lat' dir='ltr'><strong>[tribulatio,</strong></span> <span class='ocrx_word' id='word_1_749' title='bbox 3339 5304 3407 5341; x_wconf 84' lang='lat' dir='ltr'><strong>an</strong></span> <span class='ocrx_word' id='word_1_750' title='bbox 3427 5282 3696 5385; x_wconf 75' lang='lat' dir='ltr'><strong>angustia,</strong></span> 
     </span>
    </p>
   </div>
   <div class='ocr_carea' id='block_1_106' title="bbox 2119 5384 3699 5477">
    <p class='ocr_par' dir='ltr' id='par_1_106' title="bbox 2119 5384 3699 5477">
     <span class='ocr_line' id='line_1_107' title="bbox 2119 5384 3699 5477; baseline -0.025 -13"><span class='ocrx_word' id='word_1_751' title='bbox 2119 5427 2191 5464; x_wconf 84' lang='lat' dir='ltr'><strong>an</strong></span> <span class='ocrx_word' id='word_1_752' title='bbox 2251 5408 2440 5477; x_wconf 82' lang='lat' dir='ltr'><strong>fames,</strong></span> <span class='ocrx_word' id='word_1_753' title='bbox 2480 5421 2546 5457; x_wconf 87' lang='lat' dir='ltr'><strong>an</strong></span> <span class='ocrx_word' id='word_1_754' title='bbox 2574 5400 2810 5460; x_wconf 82' lang='lat' dir='ltr'><strong>nuditas,</strong></span> <span class='ocrx_word' id='word_1_755' title='bbox 2846 5411 2913 5448; x_wconf 87' lang='lat' dir='ltr'><strong>an</strong></span> <span class='ocrx_word' id='word_1_756' title='bbox 2941 5386 3257 5462; x_wconf 86' lang='lat' dir='ltr'><strong>periculum,</strong></span> <span class='ocrx_word' id='word_1_757' title='bbox 3293 5398 3359 5435; x_wconf 86' lang='lat' dir='ltr'><strong>an</strong></span> <span class='ocrx_word' id='word_1_758' title='bbox 3386 5384 3699 5450; x_wconf 77' lang='lat' dir='ltr'><strong>persecutio,</strong></span> 
     </span>
    </p>
   </div>
   <div class='ocr_carea' id='block_1_107' title="bbox 2117 5474 3264 5572">
    <p class='ocr_par' dir='ltr' id='par_1_107' title="bbox 2117 5474 3264 5572">
     <span class='ocr_line' id='line_1_108' title="bbox 2117 5474 3264 5572; baseline -0.023 -17"><span class='ocrx_word' id='word_1_759' title='bbox 2117 5519 2185 5555; x_wconf 84' lang='lat' dir='ltr'><strong>an</strong></span> <span class='ocrx_word' id='word_1_760' title='bbox 2210 5474 2422 5572; x_wconf 83' lang='lat' dir='ltr'><strong>gladius</strong></span> <span class='ocrx_word' id='word_1_761' title='bbox 2449 5499 2490 5531; x_wconf 67' lang='lat'><strong>5&#39;</strong></span> <span class='ocrx_word' id='word_1_762' title='bbox 2515 5497 2539 5549; x_wconf 78' lang='lat' dir='ltr'><strong>‘i</strong></span> <span class='ocrx_word' id='word_1_763' title='bbox 2562 5504 2617 5551; x_wconf 90' lang='lat' dir='ltr'><strong>et</strong></span> <span class='ocrx_word' id='word_1_764' title='bbox 2649 5507 2771 5563; x_wconf 69' lang='lat' dir='ltr'><strong>qua:</strong></span> <span class='ocrx_word' id='word_1_765' title='bbox 2796 5488 2868 5544; x_wconf 92' lang='lat' dir='ltr'><strong>ibi</strong></span> <span class='ocrx_word' id='word_1_766' title='bbox 2905 5474 3264 5553; x_wconf 88' lang='lat' dir='ltr'><strong>scquuntur.]</strong></span> 
     </span>
    </p>
   </div>
   <div class='ocr_carea' id='block_1_108' title="bbox 1782 5704 2365 5768">
    <p class='ocr_par' dir='ltr' id='par_1_108' title="bbox 1782 5704 2365 5768">
     <span class='ocr_line' id='line_1_109' title="bbox 1782 5704 2365 5768; baseline -0.003 -1"><span class='ocrx_word' id='word_1_767' title='bbox 1782 5705 1983 5768; x_wconf 73' lang='lat' dir='ltr'><strong>Varias</strong></span> <span class='ocrx_word' id='word_1_768' title='bbox 2037 5704 2365 5768; x_wconf 89' lang='lat' dir='ltr'><strong>lectiones.</strong></span> 
     </span>
    </p>
   </div>
   <div class='ocr_carea' id='block_1_109' title="bbox 505 5833 2519 5917">
    <p class='ocr_par' dir='ltr' id='par_1_109' title="bbox 505 5833 2519 5917">
     <span class='ocr_line' id='line_1_110' title="bbox 505 5833 2519 5917; baseline -0.008 -16"><span class='ocrx_word' id='word_1_769' title='bbox 505 5844 619 5917; x_wconf 84' lang='lat'><strong>(66)</strong></span> <span class='ocrx_word' id='word_1_770' title='bbox 646 5843 835 5903; x_wconf 69' lang='lat' dir='ltr'><strong>Graeca</strong></span> <span class='ocrx_word' id='word_1_771' title='bbox 862 5843 1027 5902; x_wconf 86' lang='lat' dir='ltr'><strong>verba</strong></span> <span class='ocrx_word' id='word_1_772' title='bbox 1058 5844 1138 5901; x_wconf 86' lang='lat' dir='ltr'><strong>sic</strong></span> <span class='ocrx_word' id='word_1_773' title='bbox 1162 5842 1363 5901; x_wconf 86' lang='lat' dir='ltr'><strong>habent</strong></span> <span class='ocrx_word' id='word_1_774' title='bbox 1398 5859 1411 5899; x_wconf 87' lang='lat'><strong>:</strong></span> <span class='ocrx_word' id='word_1_775' title='bbox 1445 5840 1680 5909; x_wconf 80' lang='lat' dir='ltr'><strong>haccine,</strong></span> <span class='ocrx_word' id='word_1_776' title='bbox 1723 5854 1791 5894; x_wconf 87' lang='lat' dir='ltr'><strong>an</strong></span> <span class='ocrx_word' id='word_1_777' title='bbox 1820 5835 1956 5893; x_wconf 87' lang='lat' dir='ltr'><strong>illud</strong></span> <span class='ocrx_word' id='word_1_778' title='bbox 1989 5836 2008 5889; x_wconf 88' lang='lat'><strong>.&#39;</strong></span> <span class='ocrx_word' id='word_1_779' title='bbox 2033 5833 2124 5893; x_wconf 89' lang='lat' dir='ltr'><strong>Sic</strong></span> <span class='ocrx_word' id='word_1_780' title='bbox 2156 5835 2300 5893; x_wconf 85' lang='lat' dir='ltr'><strong>alius</strong></span> <span class='ocrx_word' id='word_1_781' title='bbox 2327 5834 2519 5892; x_wconf 80' lang='lat' dir='ltr'><strong>codex.</strong></span> 
     </span>
    </p>
   </div>
  </div>
