4120 6454
426 376 539 441 δθῚ

1663 368 2047 442 ΕΠἸῘΠΥΜΠ
2078 369 2413 439 ZIGABEN
2417 372 2444 430 Ι

3579 365 3683 431 508

504 499 670 559 Vatis.
692 499 748 553 ι.
782 495 1078 553 Sameram
1108 500 1159 547 et
1193 490 1421 546 turbata:
1444 498 1562 543 sunt
1616 503 1770 556 aqua
1803 503 2008 552 eorum,

2187 487 2463 555 Ἦχησαν
2488 483 2593 540 καὶ
2621 484 3049 552 ἐταράχθησαν
3089 483 3162 541 τὰ
3198 483 3390 557 ὕδατα
3446 480 3646 537 αὐτῶν
3664 501 3680 517 ·

432 588 736 645 sonturbati
767 595 890 641 sunt
920 590 1124 638 montes
1149 582 1207 637 in
1230 579 1549 648 fortitudine
1568 578 1707 648 ejus.
1737 576 2005 647 Omnipo~

433 691 581 745 tens,
637 679 920 747 inquiunt,
988 675 1148 730 nobis
1188 672 1408 729 auxilio
1454 680 1557 728 est.
1624 670 2009 740 Sapenumero

436 770 583 825 enim
611 768 844 823 marium
878 765 1079 820 ﬂuctus
1114 763 1459 818 fremuerunt
1490 760 1920 830 conturbatiquc
1952 766 2007 815 et

435 862 695 918 commoti
731 868 883 921 sunt,
915 857 1340 913 eﬂervescentes
1372 855 1635 911 nimirum
1675 854 2007 909 irruentium

436 966 725 1011 ventorum
751 953 802 1005 vi
841 962 856 1003 ι
889 960 1108 1006 montes
1139 950 1300 1005 etiam
1329 961 1722 1015 nonnunquam
1748 945 2006 1002 concussi

436 1052 592 1104 sunt.
630 1045 839 1109 Omnia
874 1050 1058 1098 autem
1100 1042 1214 1095 haec
1243 1047 1516 1110 potestate
1551 1039 1641 1095 Dei
1677 1039 2005 1097 eﬂicinntur.

434 1138 594 1194 Unde
614 1137 744 1193 alibi
777 1135 943 1190 etiam
973 1134 1049 1187 ait
1080 1151 1095 1194 :
1129 1132 1234 1197 Qui
1262 1132 1521 1187 convertis
1544 1132 1863 1203 profundum
1896 1146 2011 1184 ma—

435 1233 511 1288 ris
528 1232 596 1284 ⁵⁸.
612 1232 748 1284 Item
770 1244 787 1285 :
810 1226 917 1294 Qui
936 1228 1146 1297 respicit
1165 1237 1360 1281 terram
1374 1234 1424 1280 et
1441 1225 1569 1294 facit
1582 1240 1700 1280 eam
1720 1225 2005 1280 tremere”.

436 1323 607 1379 Maria
628 1329 811 1376 autem
836 1321 890 1374 in
916 1320 1112 1389 plurali
1137 1334 1368 1375 numero
1386 1317 1540 1382 dicit,
1559 1316 1713 1387 juxta
1732 1314 2011 1375 Hebraiee

436 1419 639 1488 lingua:
678 1416 1159 1478 consuetudinem,
1205 1421 1265 1468 ut
1294 1412 1424 1468 alibi
1456 1412 1716 1468 diximus.
1754 1411 1874 1476 Vel,
1916 1426 2012 1480 per

434 1513 636 1577 maria,
676 1514 863 1566 varios
896 1511 1064 1565 maris
1142 1508 1300 1565 sinus
1335 1515 1428 1563 aut
1463 1515 1677 1563 tractus
1730 1504 2010 1573 intelligit,

436 1604 608 1659 Veluti
639 1601 896 1666 Egeum,
950 1600 1197 1656 Ionicum
1251 1606 1305 1653 et
1357 1598 1496 1654 alios
1535 1596 1871 1668 huiusmodi.
1898 1596 2010 1655 Nec

435 1707 620 1751 tamen
675 1695 775 1749 abs
808 1710 872 1749 re
900 1693 1087 1757 fuerit,
1123 1691 1209 1746 his
1245 1690 1430 1746 verbis
1463 1689 1816 1759 anagogicum
1844 1687 2009 1743 etiam

2109 576 2533 646 ἐταράχθησαν
2584 576 2659 633 τὰ
2701 576 2808 645 ὄρη
2854 577 2916 630 ἐν
2956 575 3436 645 τῆ-κραταιύῖητι
3465 575 3679 631 αὐτοῦ.

2108 666 2283 719 Τοῦτο
2312 665 2588 734 λέγουσιν,
2628 667 2711 720 ὅτι
2745 665 3164 736 Παντοδύναμος
3186 665 3219 717 ὁ
3252 664 3447 736 βοηθὸς
3484 665 3640 734 ἡμῶν
3661 683 3681 699 ι

2109 759 2374 823 πολλάκις
2422 758 2533 830 γὰρ
2581 759 2650 813 τὰ
2680 758 2853 812 ὕδατα
2884 757 2993 812 τῶν
3021 757 3306 813 θαλασσῶν
3339 759 3551 828 ἤχησαν
3582 757 3681 811 καὶ

2108 849 2495 921 ἐταράχθησαν
2545 849 2840 919 κυκώμενα
2908 851 3004 904 καί
3050 848 3513 919 ἁναόρασσόμενα
3561 853 3681 913 ταῖς

2111 941 2255 1009 βίαις
2284 940 2395 994 τῶν
2416 942 2807 1012 ἐμπιπτόντων
2823 941 3063 1009 ἀνέμων.
3096 939 3218 994 Ἐτι
3247 942 3304 994 δὲ
3336 940 3433 995 καὶ
3460 941 3529 995 τὰ
3553 941 3680 1011 ὅρη,

2109 1032 2483 1102 ἑσαλεύθησαν
2517 1030 2747 1103 σεισμῷ.
2791 1029 2977 1097 Ταῦτα
3008 1028 3066 1085 δὲ
3103 1029 3315 1099 γίνεται
3344 1031 3403 1083 ὲν
3434 1033 3501 1101 τῇ
3525 1030 3685 1084 δυνά.-

2112 1140 2204 1195 μει
2257 1122 2447 1177 αὐτοῦ.
2489 1122 2543 1176 Ὀ
2554 1121 2984 1193 μεταστρέφων
3031 1121 3163 1192 γὰρ,
3200 1122 3355 1192 φησι,
3410 1122 3479 1176 τὸ
3501 1120 3685 1188 κῦτος
3788 1174 3795 1179 .

2110 1214 2220 1281 τῆς
2286 1212 2628 1281 θαλάσσηςο
2679 1213 2795 1280 καὶ,
2845 1211 3215 1268 Ἐπιϐλέπων
3238 1212 3357 1266 δὲπὶ
3391 1211 3507 1280 τὴν
3540 1213 3679 1282 γῆν,

2111 1306 2211 1361 καὶ
2233 1304 2424 1360 ποιῶν
2447 1305 2644 1372 αὐτὴν
2675 1306 2933 1376 τρέμειν.
2963 1306 3266 1361 Θαλασσῶν
3293 1307 3353 1359 δὲ
3385 1306 3682 1378 πληθυντι-

2111 1398 2226 1462 κῶς
2287 1397 2431 1458 εἷπε,
2472 1399 2615 1454 κατὰ
2656 1399 2755 1469 τὴν
2824 1399 3089 1471 Ἐὅραῒδα
3138 1399 3456 1471 συνήθειαν,
3508 1399 3583 1462 ὡς
3621 1401 3683 1456 ὲν

2110 1489 2293 1552 ἄλλοις
2317 1491 2639 1563 εἰρήκαμεν.
2667 1493 2739 1544 Ἦ
2756 1490 3034 1556 θαλάσσας
3061 1492 3218 1546 καλεῖ
3243 1494 3373 1556 τοὺς
3392 1493 3682 1562 διαφόρους

2112 1582 2374 1646 κόλπους,
2414 1582 2507 1635 τὸν
2532 1585 2785 1652 Αἰγαῖον,
2825 1583 2921 1637 τὸν
2971 1583 3177 1647 Ἰόνιον,
3208 1585 3306 1638 καὶ
3333 1584 3403 1638 τὰ
3430 1584 3683 1640 τοιαῦτα.

2113 1677 2227 1743 Οὐκ
2273 1678 2504 1749 ἄκαιρον
2557 1679 2638 1744 δὲ,
2689 1679 2787 1733 καὶ
2840 1678 3206 1746 ἀναγωγικῶς
3235 1677 3576 1749 ἑρμηνεῦσαι
3613 1677 3693 1731 τὰ.

433 1796 658 1837 sensum
715 1780 1177 1837 accommodare:
1203 1780 1318 1834 Non
1353 1779 1695 1843 timebimus,
1730 1779 2008 1850 inquiunt,

2117 1772 2496 1844 προρρηθέντα
2515 1790 2530 1804 ο
2564 1774 2642 1830 Οὐ
2671 1772 3098 1845 φοϐηθησόμεθα
3129 1776 3190 1829 ἐν
3218 1772 3297 1844 τῷ
3314 1773 3687 1844 ταράσσεσθαι

434 1875 565 1930 dum
592 1874 847 1929 turbatur
875 1882 1044 1940 terra,
1066 1872 1173 1928 hoc
1194 1880 1298 1938 est,
1320 1872 1451 1927 dum
1484 1870 1700 1942 tyranni
1724 1877 1777 1926 et
1805 1870 2011 1927 subditi

433 1978 625 2020 eorum
655 1964 839 2033 populi
867 1972 1091 2019 terrena
1123 1963 1400 2032 sapientes
1427 1963 1818 2018 turbabuntur.
1845 1961 2011 2035 [Tur-

435 2057 551 2113 bati
584 2064 769 2113 autem
802 2063 951 2118 sunt,
983 2055 1211 2124 antiqua
1249 2069 1314 2109 ac
1337 2054 1515 2123 patria
1545 2069 1738 2110 eorum
1774 2070 2010 2111 conver-

432 2149 649 2205 satione
665 2146 1289 2217 immutata.)Quinimo,
1311 2163 1491 2217 neque
1510 2146 1676 2204 etiam
1700 2148 2011 2205 timebimus

437 2240 567 2294 dum
596 2247 833 2300 montes,
866 2238 992 2304 hoc,
1025 2249 1132 2307 est,
1169 2240 1392 2309 superbi
1434 2240 1676 2310 elatique
1697 2241 1902 2306 animo,
1945 2257 2012 2299 ac

440 2337 716 2385 tumentes
760 2330 1058 2393 daemones,
1084 2330 1140 2384 in
1165 2331 1623 2386 amarescentium
1650 2344 1713 2384 ac
1735 2332 1900 2386 maris
1928 2332 2014 2387 in-

436 2422 1050 2479 starinfructuosorum
1073 2423 1355 2477 hominum
1373 2422 1537 2478 corda
1557 2422 1958 2478 transferentur
1993 2443 2008 2491 ;

440 2516 552 2571 hoc
572 2523 680 2577 est,
710 2515 840 2570 dum
879 2515 1095 2569 irruere
1124 2529 1220 2569 eos
1241 2514 1571 2578 videbimus,
1611 2515 1663 2569 in
1699 2514 2014 2584 huiusmodi

432 2607 711 2670 homines,
763 2606 838 2661 ita
886 2615 948 2660 ut
990 2605 1061 2660 ad
1113 2606 1354 2659 furerent
1385 2620 1480 2660 eos
1529 2614 1695 2672 atque
1742 2607 2013 2662 insaniam

438 2702 846 2759 commoveant,
880 2704 934 2750 et
988 2696 1187 2750 saevire
1231 2708 1328 2753 eos
1373 2695 1537 2749 etiam
1564 2705 1767 2764 cogant
1797 2697 1854 2751 in
1888 2712 2013 2753 nos.

437 2785 611 2842 Multa
660 2785 802 2841 enim
853 2785 1171 2855 huiusmodi
1206 2785 1351 2843 iacta
1401 2787 1575 2843 fuisse
1623 2788 1921 2842 traduntur
1958 2788 2013 2844 in

435 2878 811 2947 apostolorum
845 2877 1024 2934 Actis.
1046 2876 1136 2950 [Et
1169 2879 1314 2947 quod
1348 2878 1427 2933 ait
1453 2920 1470 2944 ,
1500 2880 1759 2936 sonuisse
1788 2894 1855 2933 ac
1885 2893 2020 2935 con-

439 2969 690 3024 turbatas
755 2984 880 3025 esse
942 2985 1114 3039 aquas
1166 2985 1400 3037 eorum,
1458 2970 1534 3025 ita
1598 2971 2015 3038 intelligendum

436 3070 545 3125 est,
588 3070 652 3116 ut
675 3062 853 3117 oratio
894 3062 960 3117 ad
1009 3072 1225 3119 montes
1271 3064 1562 3132 dirigatur,
1596 3080 1660 3119 ac
1685 3066 1731 3119 si
1766 3066 2012 3119 diceret:

434 3155 610 3223 Aquas
645 3170 835 3209 eorum
889 3155 1223 3227 montium.]
1274 3155 1378 3212 Per
1416 3173 1590 3226 aquas
1635 3166 1818 3213 autem
1856 3172 2009 3212 mon-

438 3245 572 3299 tium
590 3245 894 3303 diabolicos
927 3247 1431 3316 atqueidololalras
1461 3248 1712 3302 homines
1744 3246 2018 3319 intelligit,

2113 1864 2212 1934 τὴν
2259 1863 2387 1935 γῆν,
2429 1865 2551 1935 ἦτοι
2592 1866 2723 1930 τοὺς
2777 1867 2942 1937 γήϊνα
2986 1866 3319 1936 φρονοῦντας
3364 1866 3689 1938 τυράννους,

2112 1956 2207 2010 καὶ
2239 1956 2517 2027 ὑπηκόους
2538 1974 2553 1988 ο
2582 1958 2952 2029 ιτανράτσσοντο
2995 1957 3127 2030 γὰρ,
3169 1958 3285 2027 (67)
3325 1960 3690 2029 μετατιθεμέ-

2113 2066 2222 2103 νων
2274 2049 2375 2118 τῆς
2404 2047 2662 2120 πατρῴου
2708 2050 2988 2114 πολιτείας
3035 2050 3236 2105 αότῶν.
3262 2051 3370 2104 Ναὶ
3409 2051 3539 2122 μὴν,
3568 2052 3691 2106 οὐδὲ

2114 2141 2173 2193 ἐν
2223 2139 2302 2210 τῷ
2368 2141 2788 2210 μετατίθεσθαι,
2833 2142 3005 2213 ἤγουν
3066 2142 3417 2213 είσέρχεσθαι
3449 2143 3519 2196 τὰ
3560 2142 3690 2234 ξρη,

2112 2230 2362 2286 τουτέστι
2387 2231 2519 2297 τοὺς
2551 2231 2900 2304 ἐπηρμένους
2916 2233 3208 2304 δαίμονας,
3227 2236 3309 2299 εἰς
3330 2235 3427 2299 τὰς
3463 2230 3694 2304 καρδίας

2114 2325 2224 2377 τῶν
2242 2324 2503 2395 ἁλμυρῶν
2516 2324 2613 2378 καὶ
2633 2325 2848 2394 πικρῶν
2864 2325 2959 2378 ἀνθ
2967 2324 3188 2397 ρώπων,
3207 2327 3568 2397 ἐκμαίνοντας
3588 2330 3698 2382 αὖ·

2115 2415 2242 2479 τοὺς
2254 2416 2331 2478 είς
2349 2415 2440 2470 τὸν
2450 2414 2573 2469 καθ’
2587 2416 2745 2487 ἡμῶν
2756 2415 2917 2486 φόνον
2937 2433 2951 2448 °
2976 2415 3147 2471 πολλὰ
3163 2417 3270 2489 γὰρ
3288 2416 3519 2473 τοιαῦτα
3535 2435 3695 2487 γεγο-

2116 2509 2265 2563 νέναι
2287 2509 2661 2579 παρίστησινή
2682 2509 2860 2578 βίϐλος
2884 2510 3384 2569 τῶνάποστολικῶν
3408 2510 3690 2587 Πρὰξεων.

2112 2598 2332 2652 cram
2364 2600 2419 2653 δὲ
2440 2600 2828 2670 αὑτῶν,ἥγουν
2859 2601 2969 2656 τῶν
3000 2601 3294 2669 δαιμόνων,
3336 2604 3387 2656 oi
3412 2602 3692 2659 εἰδωλολά-

2119 2709 2270 2761 τραι,
2294 2692 2452 2761 δίκην
2477 2693 2690 2747 ὑδάτων
2711 2695 2840 2765 τῇδε
2862 2695 3088 2749 κάκεῖσε
3118 2696 3555 2766 μεταφερόμενοι
3578 2698 3687 2760 τοῖς

2126 2785 2398 2857 πνεύμασι
2420 2786 2520 2855 τῆς
2550 2786 2758 2853 τούτων
2787 2788 3027 2859 ἀπάτης,
3067 2788 3118 2842 οἳ
3149 2790 3366 2859 ηχησαν
3398 2788 3501 2855 μὲν
3527 2788 3699 2856 βοῶν-

2119 2895 2233 2942 τεῦ
2284 2879 2378 2931 καὶ
2408 2878 2661 2946 ἀλλήλοις
2709 2880 3157 2949 παραθήγοντες
3202 2882 3585 2951 ἐταράχθησαν
3614 2880 3695 2955 δὲ,

2124 2966 2521 3039 θορυϐηθέντες
2561 2968 2655 3021 ἐπὶ
2687 2971 2809 3032 ταῖς
2840 2969 3325 3040 παραδοξοποιίαις
3347 2971 3458 3023 τῶν
3490 2970 3698 3024 δούλων

2121 3057 2217 3113 τοῦ
2249 3059 2410 3121 Θεοῦ,
2439 3059 2537 3113 καὶ
2557 3062 2624 3129 τῇ
2646 3061 3078 3132 ἀκαταγωνίστῳ
3099 3062 3329 3133 δυνάμει
3348 3081 3360 3097 '
3391 3062 3701 3133 ἐταράχθη-

2127 3172 2227 3208 σαν
2258 3155 2315 3209 δὲ
2346 3154 2443 3208 καὶ
2468 3153 2538 3207 τὰ
2568 3153 2694 3226 ὅρη,
2724 3156 2976 3209 τουτέστι
3022 3158 3119 3210 καὶ⁸
3142 3158 3296 3213 αὐτοὶ
3345 3160 3395 3212 οἱ
3421 3158 3698 3228 δαίμονες,

2128 3246 2470 3312 ἀτονοῦντες,
2497 3247 2593 3301 καὶ
2619 3246 2992 3318 ἐλαυνόμενοι.

435 3337 531 3407 qui
555 3353 820 3408 aquarum
852 3339 1027 3391 instar
1069 3337 1176 3391 huc
1203 3347 1257 3393 et
1278 3339 1451 3392 illuca
1472 3339 1668 3408 spiritu
1692 3340 2035 3409 deceptiouis
2067 3348 2329 3410 aguntur,
2389 3340 2597 3409 quique
2643 3340 2947 3395 clamantes
3006 3349 3315 3397 sonuerunt
3377 3348 3432 3395 et
3504 3351 3703 3396 mutuo

432 3443 561 3484 sese
600 3428 667 3483 ad
725 3429 968 3483 ﬁdelium
1049 3443 1238 3484 necem
1293 3430 1580 3484 irritantcs
1634 3431 1839 3485 turbati
1896 3438 2048 3495 sunt,
2083 3438 2137 3484 et
2172 3430 2448 3500 perterriti
2500 3431 2566 3485 in
2604 3428 2949 3486 admirandis
2979 3446 3265 3487 servorum
3294 3431 3386 3486 Dei
3443 3433 3704 3502 operibus

437 3520 681 3590 atquein
710 3519 913 3574 invicto
962 3534 1154 3574 eorum
1189 3518 1408 3575 robore.
1440 3519 1672 3576 Turbati
1704 3520 1871 3576 etiam
1907 3529 2039 3579 sunt
2072 3531 2311 3590 montes,
2370 3523 2474 3578 hoc
2516 3530 2622 3589 est,
2682 3521 2784 3591 ipsi
2837 3520 3002 3577 etiam
3033 3522 3344 3593 ,dazmones
3408 3522 3705 3580 debiliorcs

440 3613 567 3670 tacti
605 3618 736 3668 sunt
762 3619 928 3681 atque
956 3610 1013 3664 in
1042 3610 1224 3683 fugam
1252 3611 1382 3667 acti.

511 3769 681 3825 Vsus.
736 3771 791 3825 ὃ.
828 3770 1098 3825 Fluminis
1181 3772 1409 3842 impetus
1471 3773 1706 3842 lwtiﬁcat
1759 3775 2023 3829 civitatem

2205 3773 2316 3827 Τοῦ
2364 3770 2631 3839 ποταμοῦ
2673 3770 2745 3824 τὰ
2793 3769 3105 3840 όρμήματα
3136 3774 3532 3841 εὐφραίνουσι
3586 3773 3705 3843 τὴν

442 3863 561 3917 Dei.
599 3863 824 3917 Occulta
864 3864 955 3918 hic
1014 3866 1302 3919 traduntur
1355 3865 1638 3937 mysteria.
1696 3864 1763 3919 Et
1815 3865 2013 3920 ﬂumen

436 3951 661 4022 quidem
711 3952 966 4009 Christus
1025 3953 1228 4009 dicitur
1282 3967 1504 4025 promer
1559 3955 1876 4011 dulcissima
1921 3956 2019 4011 do-

439 4044 629 4099 ctrinae
660 4044 780 4112 ejus
833 4045 1058 4112 ﬂitcnta,
1117 4063 1239 4117 quae
1289 4049 1475 4106 ﬁdeles
1511 4053 1724 4105 animas
1764 4050 2013 4117 irrigant,

440 4135 788 4203 impinguant
816 4146 870 4190 et
894 4137 960 4190 ad
990 4138 1302 4194 uberrimos
1339 4139 1600 4194 virtutum
1672 4130 1894 4196 fructus.
1922 4141 2016 4195 de-

440 4227 672 4283 ducunt.
705 4228 862 4284 Unde
888 4245 984 4299 per
1014 4232 1303 4299 quemdam
1334 4235 1652 4302 prophetam
1685 4234 1852 4290 dicit:
1880 4234 2015 4290 Ecce

439 4320 648 4373 declina
690 4321 760 4374 ad
793 4338 902 4386 eos,
930 4322 1087 4387 quasi
1123 4322 1321 4392 ﬂumen
1344 4327 1490 4392 pacis
1522 4327 1589 4380 “.
1644 4325 1749 4382 Per
1778 4328 2013 4402 impetus

444 4421 625 4467 autem
648 4412 815 4482 hujus
852 4414 1119 4477 ﬂuminis,
1153 4424 1376 4471 sanctos
1404 4417 1766 4488 intelligimus
1789 4430 2014 4487 aposto-

445 4504 547 4563 los,
583 4504 678 4573 qui
710 4505 858 4558 abeo
884 4505 1037 4559 missi
1073 4515 1238 4572 atque
1262 4507 1482 4576 impulsi
1509 4518 1659 4570 sunt,
1690 4510 1755 4564 ad
1775 4510 2013 4564 ﬁdelium

441 4595 771 4671 doctrinam.
809 4595 1002 4649 Euntes
1031 4597 1200 4659 enim,
1232 4596 1432 4665 inquit,
1461 4598 1643 4654 docete
1682 4618 1862 4656 omnes
1891 4618 2016 4671 gen—

444 4664 617 4744 ιεελσί,
651 4687 861 4742 Civitas
894 4704 1024 4742 vero
1062 4688 1153 4742 Dei
1196 4697 1281 4743 est
1312 4664 1567 4745 iﬁdclium
1614 4664 1962 4764 coogregatio
1997 4737 2011 4761 ,

445 4781 563 4850 ipsa
613 4779 871 4835 nimirum
922 4779 1366 4849 Christianorum
1425 4778 1686 4849 Ecclcsia,
1748 4798 1868 4855 qua:
1919 4785 2012 4840 Dei

442 4888 568 4928 esse
590 4871 810 4935 dicitur,
844 4872 971 4939 quia
1012 4871 1119 4924 vita
1157 4883 1210 4926 et
1260 4874 1610 4929 conversatio
1653 4889 1841 4931 eorum
1905 4877 2017 4933 Dco

442 4975 593 5034 grata
671 4971 772 5017 est.
831 4963 1133 5018 Laetiﬁcanl
1187 4963 1354 5033 igitur
1408 4964 1708 5021 Ecclesium
1762 4969 2012 5037 apostoli,

442 5055 695 5122 exemplo
747 5069 813 5109 ac
852 5054 1126 5109 doctrina.
1195 5053 1293 5110 Vel
1354 5054 1514 5110 aliter
1556 5074 1572 5111 :
1613 5056 1723 5111 Per
1782 5057 2018 5125 impetus

2122 3867 2306 3918 πόλιν
2324 3864 2431 3918 τοῦ
2459 3861 2626 3916 Θεοῦ.
2662 3861 2947 3915 Ἐντεῦθεν
2967 3863 3037 3915 τὰ
3059 3862 3289 3934 κρύφια,
3309 3865 3402 3917 καὶ
3430 3869 3667 3934 μυστικά
3685 3884 3699 3899 ο

2123 3956 2368 4024 ποταμὸς
2397 3952 2496 4022 μὲν
2525 3952 2633 4023 γὰρ
2660 3953 2688 4005 ό
2717 3953 2974 4023 Χριστὸς,
3008 3952 3099 4007 διὰ
3131 3954 3199 4009 τὰ
3229 3956 3543 4023 γλυκύτατα
3573 3960 3701 4030 ῥεύ-

2126 4065 2271 4116 ματα
2285 4048 2383 4117 τῆς
2407 4045 2759 4107 διδασκαλίας
2781 4044 2971 4109 αὐτοῦ,
2991 4045 3243 4115 ἄρδοντα,
3264 4048 3357 4101 καὶ
3389 4034 3697 4120 πιαίνοντα,

2120 4143 2220 4199 καὶ
2285 4145 2425 4216 πρὸς
2496 4143 2873 4214 καρπογονίαν
2925 4143 3142 4213 ἀρετῶν
3191 4145 3393 4212 ἄγοντα
3457 4147 3556 4209 τὰς
3592 4149 3705 4201 τῶν

2124 4236 2329 4290 πιστῶν
2371 4236 2586 4307 ψυχάς·
2614 4236 2750 4304 φησὶ
2790 4234 2900 4305 γὰρ
2944 4236 3014 4289 δι’
3056 4236 3175 4300 ἑνὸς
3219 4238 3328 4293 τῶν
3367 4241 3701 4310 προφητῶν·

2123 4326 2276 4382 Ἰδοὺ
2315 4327 2430 4397 ἐγὼ
2476 4327 2739 4381 ἐκκλίνει)
2776 4327 2870 4380 ἐπ’
2908 4327 3155 4394 αὐτοὺς.
3189 4327 3271 4394 ὠς
3302 4326 3571 4399 ποταμός
3615 4334 3702 4386 εί-

2117 4416 2312 4486 ρήνης
2332 4433 2347 4450 ο
2365 4416 2693 4486 Ὀρμήματα
2715 4416 2793 4480 δὲ,
2813 4416 3001 4481 αὐτοῦ,
3025 4418 3073 4470 oi
3102 4417 3235 4471 θεῖοι
3265 4417 3572 4482 ἀπόστολοι,
3594 4438 3703 4473 πα-

2129 4508 2491 4581 ρορμηθέντες
2523 4506 2656 4578 παρ’
2685 4506 2852 4562 αὑτοῦ
2880 4509 2960 4572 είς
2989 4506 3087 4578 τὴν
3127 4508 3237 4562 τῶν
3271 4508 3482 4563 πιστῶν
3512 4510 3695 4565 διδασ-

2126 4601 2338 4656 καλίανο
2356 4600 2755 4668 Πορευθέντες
2769 4598 2898 4669 γὰρ,
2913 4599 3065 4669 φησι,
3073 4601 3491 4668 μαθητεύσατε
3502 4602 3704 4659 πάντα

2124 4692 2199 4745 τὰ
2242 4691 2407 4758 ἔθνη.
2466 4690 2626 4754 Πόλις
2678 4690 2735 4743 δὲ
2792 4688 2888 4742 τοῦ
2942 4688 3101 4754 Θεοῦ,
3160 4689 3223 4744 τὸ
3277 4692 3533 4762 σύστημα
3586 4696 3698 4748 τῶν

2123 4782 2351 4847 πιστῶν,
2366 4787 2401 4852 ἡ
2421 4781 2532 4834 τῶν
2551 4781 2894 4851 Χριστιανῶν
2922 4782 3243 4851 Ἐκκλησία,
3265 4784 3354 4838 διὰ
3373 4786 3434 4839 τὸ
3453 4784 3699 4851 θεοφιλὲς

2122 4873 2224 4941 τῆς
2248 4871 2522 4935 πολιτείας
2548 4870 2752 4925 αὐτῶν.
2780 4870 3184 4941 Εὐφραίνουσιν
3210 4872 3302 4926 οῦν
3334 4874 3436 4944 τὴν
3472 4874 3704 4945 Ἐκκλη-

2126 4965 2247 5019 σίαν
2279 4966 2328 5017 οἱ
2357 4962 2647 5018 ἀπόστολοι
2676 4965 2772 5016 καὶ
2803 4964 2904 5035 βίῳ
2939 4964 3035 5018 καὶ
3061 4964 3227 5036 λόγῳ.
3259 4966 3365 5019 Χαὶ
3392 4966 3568 5030 ἄλλως
3598 4967 3653 5021 δέ
3680 4985 3697 5001 ο

2126 5056 2373 5128 ποταμὸς
2422 5057 2543 5126 μὲν,
2585 5056 2645 5109 τὸ
2684 5055 2913 5128 Πνεῦμα
2943 5055 3006 5110 τὸ
3052 5057 3246 5125 ἅγιον·
3285 5060 3586 5129 όρμήματα
3639 5059 3697 5112 δὲ

445 5142 709 5207 ﬂuminis,
761 5145 901 5200 dona
942 5155 1110 5216 atque
1158 5146 1490 5202 charismata
1556 5150 1870 5219 intelligere
1895 5165 2017 5220 pos-

2122 5148 2314 5213 αὐτοῦ,
2345 5145 2415 5201 τὰ
2447 5147 2684 5218 διάφορα
2713 5147 3053 5217 χαρίσματα,
3088 5144 3173 5211 οἷς
3196 5149 3230 5219 ἡ
3270 5148 3565 5221 Ἐκκλησία
3599 5167 3698 5204 κα-

447 5251 643 5292 sumus
668 5237 845 5292 sancti
868 5235 1130 5309 Spiritus,
1156 5239 1360 5307 quibus
1393 5237 1635 5295 Ecclesia
1659 5240 1729 5296 ab
1747 5255 1812 5295 eo
1829 5251 2021 5296 ornata

2130 5237 2566 5307 διακεκόσμηται.
2622 5278 2627 5285 .

441 5337 546 5384 est.

517 5435 881 5508 Sanctiﬁcavit
921 5438 1323 5494 tabernaculum
1350 5456 1503 5494 suum
1527 5440 1856 5495 Altissimus.
1888 5441 2010 5511 ipsa

516 5570 568 5603 ⁸⁸
610 5571 754 5629 Psal.
786 5588 932 5639 utv,
961 5572 1015 5628 8.

2203 5437 2481 5505 'Hr.’ao'sr
2544 5435 2612 5488 τὸ
2659 5433 2951 5503 σκήνωμα
2995 5434 3184 5491 αὐτοῦ
3213 5438 3247 5490 ό
3279 5436 3583 5506 Ὕψιστος.
3631 5434 3693 5492 Ἦ

1127 5573 1172 5605 ⁸⁸
1200 5572 1481 5640 l’sal.cm,
1516 5572 1607 5630 32.
1684 5573 1730 5606 ⁸ο
1756 5573 1862 5629 lsa.
1903 5586 2051 5639 vat,
2074 5573 2159 5628 12.
2213 5573 2257 5605 "
2293 5572 2482 5629 Matth.
2517 5587 2705 5638 xxvtu,
2732 5572 2821 5628 i9.

1802 5688 2009 5751 Varium
2041 5687 2372 5761 lectiones.

534 5805 646 5867 (67)
673 5809 759 5862 Al.
797 5809 1244 5877 μετατιθεμένης.
