4120 6414
449 363 564 428 513

1628 384 2020 449 COMMENT.
2063 386 2146 448 IN
2177 384 2540 454 PSALMOS.

3611 387 3722 454 511

451 485 628 579 ἡμῶν
665 489 700 542 ὁ
734 491 880 558 Θεὸς
929 495 1156 554 Ἰακώϐ.
1217 499 1587 555 Ἐπανέλαϐεν
1632 503 1666 573 ἡ
1735 503 2033 572 Ἐκκλησία

2141 512 2320 559 noster
2350 505 2489 561 Deus
2515 505 2708 563 Iacob.
2745 507 3042 579 lnsurgens
3086 514 3252 579 atque
3303 505 3582 565 insultans
3634 510 3732 564 ad-

449 578 516 632 τὸ
552 584 864 655 προρρηθὲν
899 587 1226 659 θαρσοποιὺν
1251 592 1611 665 ἐπιφώνημα,
1641 595 1778 666 πρὸς
1807 594 2038 663 αὔξησιν

449 671 722 744 εὐψυχίας
755 679 848 731 καὶ
893 682 1214 754 καρτερίας,
1260 685 1693 756 ιπεμϐαίνουσα,
1745 688 1843 743 καὶ
1877 687 2036 742 ὲναλ-

449 761 662 836 λομένη
702 769 781 839 τῷ
821 769 1026 843 ἐχθρῷ.

455 945 565 1010 Εἰς
597 944 664 999 τὸ
688 945 865 1018 τέλος
914 954 1068 1024 ὑπὲρ
1115 957 1235 1012 τῶν
1284 959 1432 1015 υἱῶν
1464 962 1636 1031 Κορέ.
1678 964 1928 1035 Ψαλμὸς
1957 966 2039 1034 τῷ

1147 1052 1344 1107 Δαϐίδ.

1009 1139 1304 1196 ΨΑΛΜΟΣ
1341 1147 1488 1214 Μετ’.

527 1223 638 1288 Εἰς
658 1224 726 1278 τὸ
748 1225 924 1294 τέλος
946 1229 1046 1300 μὲν
1062 1231 1148 1285 διὰ
1167 1232 1265 1295 τὰς
1287 1236 1345 1287 ὲν
1362 1236 1539 1308 τούτῳ
1569 1240 1931 1311 προφητείας,
1963 1244 2040 1308 ώς

453 1313 722 1403 πολλάκις
778 1320 1087 1390 εἰρήκαμεν
1113 1338 1129 1355 ·
1173 1328 1536 1398 προαγορεύει
1571 1333 1680 1403 γὰρ
1726 1332 2040 1399 ἀκολούθως

453 1406 557 1458 καὶ
592 1399 750 1471 οὗτος
781 1410 810 1461 ό
841 1409 1062 1483 ψαλμὸς
1090 1415 1153 1468 τὸ
1180 1418 1454 1487 ἀήττητον
1496 1399 1714 1496 κράτος
1740 1426 1838 1478 τοῦ
1873 1428 2041 1496 εὐαγ-

453 1497 680 1567 γελικοῦ
711 1503 1087 1575 κηρύγματος.
1117 1511 1190 1563 Τὸ
1217 1511 1296 1577 δὲ,
1342 1511 1511 1584 Ὑπὲρ
1542 1517 1662 1571 τῶν
1687 1519 1834 1573 υἱῶν
1864 1522 2039 1590 Κορὲ,

453 1593 1006 1682 προηρμηνεύσαμεν
1035 1599 1095 1652 ὲν
1136 1601 1215 1672 τῷ
1252 1604 1362 1675 πρὸ
1390 1606 1583 1661 τούτου
1617 1609 1820 1682 ψαλμῷ
1851 1629 1866 1644 ·
1897 1613 2040 1668 οὕτω

451 1679 567 1776 γάρ
614 1683 1023 1756 ἐπιγέγραπται
1069 1693 1344 1760 κάκεῖνος.
1398 1699 1568 1754 Οὐδὲν
1609 1702 1666 1755 δὲ
1707 1679 1940 1776 κρύφιον
1981 1710 2040 1764 ὲν

449 1771 535 1842 τῷ
587 1777 863 1846 παρόντι·
915 1783 1063 1852 σαφῆ
1119 1783 1176 1838 δὲ
1235 1788 1439 1858 πάντα,
1494 1794 1587 1846 καὶ
1641 1771 2035 1866 eoat—emam.

450 1866 746 1940 Προσώπῳ
773 1870 830 1924 δὲ
859 1873 970 1926 τῶν
999 1876 1316 1932 ἀποστόλων
1358 1884 1616 1953 προλέγει
1669 1887 1738 1940 τά
1770 1888 1865 1942 τοῦ
1893 1891 2034 1960 ψαλ-

451 1961 560 2060 μοῦ
607 1962 639 2014 ὁ
690 1965 875 2030 Δαϐὶδ,
911 1967 963 2020 οἲ
1020 1973 1492 2046 κατευοδούμενοι,
1535 1980 1629 2033 καὶ
1685 1981 1916 2050 πολλοὺς
1966 1990 2034 2060 τῇ

448 2051 637 2108 πίστει
673 2060 1070 2130 προσάγοντες,
1116 2065 1223 2120 ὑπὸ
1264 2071 1628 2141 περιχαρείας
1657 2051 2037 2134 ἐνεκελεύοντο

445 2150 564 2211 τοῖς
583 2149 765 2203 ἔθνεσι
789 2153 1026 2223 χαίρειν,
1050 2158 1132 2221 είς
1159 2157 1196 2212 ἀ
1225 2162 1379 2230 παρὰ
1404 2163 1500 2215 τού
1528 2164 1780 2236 Σωτῆρος
1802 2170 2037 2226 ἀπεστά-

449 2239 623 2310 λησαν
649 2259 665 2273 ·
713 2245 930 2316 χαίρειν
967 2247 1045 2316 δὲ,
1087 2251 1168 2305 ὅτι
1204 2255 1465 2322 γεγόνασι
1507 2257 1847 2332 κληρονομία
1873 2263 2033 2321 Θεοῦ.

528 2505 726 2596 Urina
761 2509 834 2565 τὰ
860 2511 1030 2582 ἔθνη,
1067 2519 1406 2586 rapat-ﬂante
1453 2523 1680 2593 χεῖρας.
1725 2529 1837 2582 Καὶ
1880 2523 2036 2596 οὗτος

453 2594 482 2646 δ
507 2595 712 2693 κρότος.
726 2599 836 2653 τῶν
865 2603 1087 2674 χειρῶν,
1134 2607 1408 2678 σύμϐολόν
1437 2613 1555 2668 ἐστι
1586 2594 2037 2693 ὑπερϐαλλούσης

450 2689 654 2782 χαρᾶς.
699 2690 834 2744 Ἀπὸ
860 2694 956 2748 τοῦ
993 2697 1268 2766 συμϐόλου
1313 2703 1520 2769 τοίνυν,
1564 2707 1664 2779 τὴν
1711 2713 1889 2782 χαρὰν
1932 2689 2036 2767 έπ-

449 2778 713 2879 έτρειιιεν,
729 2875 742 2879 Δ
762 2785 871 2879 οὐχ
912 2789 994 2842 ὅτι
1025 2793 1260 2864 πατάγῳ
1286 2796 1488 2867 χειρῶν
1519 2778 1851 2870 σωματικῶς
1897 2809 2037 2879 Χρή’

455 2871 651 2937 σασθε,
690 2874 806 2928 ἀλλ’
839 2877 922 2931 ὅτι
950 2879 1201 2952 ψυχικῶς
1223 2887 1452 2958 χάρητε,
1485 2891 1732 2946 τοιούτου
1762 2871 2036 2950 Δεσπότου

451 2963 915 3034 καταξιωθέντες,
951 2972 1340 3046 φιλανθρώπου
1368 2980 1466 3033 καὶ
1495 2984 1928 3055 παντοδυνάμου.

536 3141 913 3210 Ἀλαλάξατε
955 3147 1038 3214 τῷ
1086 3149 1228 3216 Θεῷ,
1265 3153 1336 3208 ἐν
1378 3156 1551 3227 φωνῇ
1592 3158 2034 3232 ἀγαλλιάσεως.

451 3234 842 3306 Μεταφορικὸν
891 3241 1126 3295 ἐνταῦθα
1173 3245 1235 3298 τὸ
1301 3248 1703 3316 ’Δλαλάξατε,
1754 3256 1876 3308 em
1917 3257 2036 3320 τοῦ,

463 3325 770 3418 Ἑπινίκιον
833 3329 1003 3401 ὕμνον
1052 3334 1222 3406 ᾀσατε
1300 3338 1379 3408 τῷ
1437 3340 1577 3410 Θεῷ.
1649 3343 1874 3414 κυρίως
1929 3348 2038 3418 γὰρ

449 3417 794 3490 ἀλαλαγμὸς,
823 3424 1068 3490 ένυάλιος
1099 3429 1252 3500 φωνὴ
1291 3429 1402 3484 τῶν
1443 3431 1723 3488 νικώντων
1767 3437 1825 3490 ὲν
1864 3417 2035 3512 μάχῃ,

452 3513 915 3603 καξαπλήττουσα
944 3517 1071 3582 τοὺς
1093 3519 1195 3590 ἤδη
1218 3521 1575 3592 κλινομένους
1599 3527 1848 3598 ἐχθρούς.
1879 3531 2036 3603 Φωνὴ

450 3602 510 3656 δὲ
531 3587 947 3673 ἶγαλλιάσεως,
972 3611 1004 3664 ἡ
1050 3587 1395 3687 εὐιρροσύνης
1439 3587 2038 3694 μεπήίῖΕλτανὶπάγεί

453 3697 552 3750 καὶ
577 3695 675 3769 τὴν
704 3700 907 3755 αἰτίαν.

526 3791 660 3846 Ὀτι
683 3794 896 3861 Κύριος
918 3794 1216 3863 ῦῃέηιγτος,⁸
1233 3800 1503 3868 φοϐερὸς,
1529 3803 1834 3874 ,βασιλεὺς
1851 3809 2038 3879 μέγας

450 3884 552 3937 ἐπὶ
610 3884 820 3941 πᾶσαν
860 3888 975 3954 τὴν
1021 3889 1160 3959 γῆν.
1191 3892 1336 3946 Mn
1366 3894 1395 3947 ὁ
1435 3895 1693 3968 Χριστὸς,
1731 3901 1760 3953 ὁ
1812 3900 2036 3970 ὕψιστος

452 3978 599 4031 κατά
630 3978 730 4049 τὴν
777 3979 1028 4051 θεότητα,
1080 3984 1313 4054 φοϐερὸς
1367 3985 1462 4040 νῦν
1510 3989 1620 4042 ἀπὸ
1647 3991 1758 4046 τῶν
1791 3994 2038 4064 σημείων

451 4064 530 4124 ὧν
584 4071 710 4126 καθ’
756 4073 994 4145 ἑκάστην
1042 4081 1421 4149 τερατουργετ.
1481 4073 1557 4134 Οὗ
1613 4082 1710 4136 καὶ
1755 4084 1818 4137 τὸ
1865 4086 2036 4158 ὄνομα

453 4163 625 4232 μόνον
678 4164 932 4238 μαστίζει
973 4167 1069 4221 καὶ
1118 4168 1418 4224 ἀπελαύνει
1463 4172 1590 4235 τοὺς
1624 4173 1909 4244 δαίμονας,
1939 4179 2037 4232 καὶ

449 4253 576 4307 λύει
625 4254 722 4317 te;
767 4258 956 4320 νόσους
989 4274 1004 4290 ·
1051 4259 1146 4312 καὶ
1202 4257 1460 4328 βασιλεὺς
1513 4263 1686 4332 μέγας
1730 4265 1822 4319 ἐπὶ
1853 4270 2036 4325 πᾶσαν

449 4347 558 4416 τὴν
606 4348 714 4416 γῆν
745 4364 761 4379 ·
810 4349 869 4400 ὲν
903 4351 1050 4422 πάσῃ
1079 4352 1189 4422 γὰρ
1219 4354 1288 4423 τῇ
1323 4356 1392 4424 γῇ
1420 4353 1626 4425 κλῆρον
1672 4358 1855 4430 ἑαυτῷ
1906 4377 2036 4414 συν-

450 4441 746 4509 εστήσατο,
787 4439 879 4494 διὰ
915 4442 1026 4494 τῶν
1053 4443 1474 4507 ἀποσταλέντων
1507 4445 1687 4517 ἡμῶν.
1725 4449 1798 4503 Τὸ
1838 4452 2038 4522 Μέγας

449 4533 528 4598 δὲ,
560 4534 650 4586 διὰ
679 4535 804 4596 τοὺς
842 4537 1212 4607 προσκαίρους
1253 4536 1472 4607 εἴρηται
1513 4539 1774 4610 βασιλεῖς,
1809 4547 2037 4616 μικροὺς

2145 4557 2252 4611 est,
2301 4561 2468 4616 super
2499 4559 2716 4599 omnem
2747 4554 2946 4598 terram
2987 4562 3002 4596 ἒ

449 4628 640 4692 ὄντας,
678 4629 773 4681 καὶ
809 4629 1026 4699 μικρῶν
1061 4629 1470 4700 βασιλεύοντας.

1987 3210 2109 3268 ζό

2144 610 2336 651 versus
2367 597 2578 651 hostem
2612 595 2857 652 Ecclesia
2889 597 3294 652 invocationem
3321 595 3435 666 jam
3469 599 3730 667 superius

2143 689 2343 744 factam
2377 692 2559 747 denuo
2589 696 2804 764 repetit,
2841 709 2961 763 quae
3007 692 3250 746 animum
3305 691 3412 748 sibi
3475 702 3530 748 et
3589 693 3734 751 vires

2142 781 2528 836 Subministret
2556 774 2839 852 ad'majus
2871 780 3212 838 fortitudinis
3255 791 3312 837 et.
3367 779 3734 850 magnanimi-

2143 873 2275 929 tatis
2305 875 2734 931 incrementum.

2251 965 2318 1022 In
2341 968 2497 1036 ﬁnem
2531 985 2627 1039 pro
2661 968 2789 1039 ﬁliis
2824 967 2956 1025 Core
2981 1009 2996 1035 ,
3029 968 3280 1025 Psalmus
3301 968 3402 1038 ipsi
3431 966 3626 1022 David.

2687 1149 3014 1206 PSALMUS
3061 1149 3226 1206 XLVI

2217 1240 2283 1297 In
2329 1243 2487 1312 ﬁnem
2509 1243 2678 1299 etiam
2714 1243 3039 1299 inscribitur
3072 1243 3160 1298 hic
3199 1243 3474 1305 Psalmus,
3505 1252 3732 1313 prepter

2141 1332 2463 1403 prophetiae
2506 1349 2629 1404 qua:
2658 1334 2712 1388 in
2761 1350 2828 1389 eo
2863 1335 3244 1399 continentur,
3279 1341 3340 1388 ut
3387 1335 3587 1402 saepius
3644 1335 3731 1386 di-

2142 1431 2292 1477 ctum
2347 1434 2470 1486 est,
2525 1431 2582 1479 et
2631 1425 2698 1478 ad
2753 1423 2913 1479 finem
2941 1424 3260 1480 tendebant.
3299 1423 3553 1479 Praedicit
3587 1426 3734 1479 enim

2144 1525 2548 1585 consequenter
2577 1516 2644 1570 ad
2681 1517 3078 1586 praecedentem
3105 1517 3380 1572 Psalmum
3413 1557 3428 1582 ,
3462 1533 3734 1572 summam

2143 1616 2306 1677 atque
2341 1607 2604 1662 invictam
2637 1607 2968 1674 evangelicae
2992 1608 3429 1664 conversationis
3451 1609 3732 1663 virtutem.

2144 1697 2210 1752 Et
2249 1699 2395 1768 quod
2427 1700 2543 1754 ait:
2585 1697 2692 1754 Pro
2718 1700 2845 1767 ﬁliis
2880 1699 3031 1762 Core,
3063 1699 3136 1753 ibi
3186 1701 3458 1768 superiori
3511 1699 3734 1754 Psalmo

2140 1789 2252 1858 jam
2282 1793 2664 1861 exposuimus.
2688 1792 2784 1846 Est
2809 1801 2990 1845 autem
3021 1774 3409 1847 hic-Psalmus
3444 1801 3592 1845 totus
3623 1790 3732 1845 cla-

2143 1899 2258 1945 rus.
2284 1893 2340 1938 et
2373 1883 2509 1938 nihil
2540 1883 2838 1938 obscurum
2884 1884 3153 1938 continet.
3189 1883 3324 1935 Illud
3366 1891 3572 1935 tantum
3603 1881 3729 1936 aui—

2141 1971 2591 2027 madvertendum
2618 1981 2724 2037 est,
2754 1984 2814 2027 ut
2837 1987 2902 2026 ex
2939 1973 3312 2042 apostolorum
3337 1987 3569 2041 persona
3600 1986 3734 2040 pro-

2141 2064 2374 2130 feratur,
2403 2064 2496 2134 qui
2524 2064 2690 2119 veluti
2723 2079 2983 2134 prospere
3013 2079 3077 2118 ac
3124 2063 3360 2118 feliciter
3394 2071 3730 2131 praeeuntes,

2140 2165 2196 2212 et
2227 2157 2428 2210 multos
2454 2155 2794 2210 adducentes
2823 2154 2890 2208 ad
2931 2154 3090 2210 [idem
3115 2194 3130 2219 ,
3166 2169 3278 2222 prae
3309 2154 3519 2218 laetitia,
3555 2168 3724 2222 quam

2143 2247 2248 2318 ipsi
2281 2262 2550 2302 summam
2577 2247 2707 2302 inde
2739 2247 3138 2316 percipiebant,
3164 2247 3398 2318 gaudere
3421 2246 3537 2316 pari
3569 2246 3734 2300 modo

2137 2340 2331 2410 iubent
2357 2355 2550 2395 omnes
2580 2350 2769 2409 gentes
2831 2341 2898 2394 ad
2950 2354 3090 2408 quas
3151 2355 3180 2391 a
3235 2338 3518 2394 Salvatore
3575 2339 3732 2394 missi

2144 2430 2363 2486 fuerant
2393 2449 2409 2497 ;
2438 2431 2587 2500 quod
2618 2431 2833 2485 scilicet
2863 2429 3072 2486 ell'ectaa
3117 2431 3228 2485 sint
3264 2429 3554 2485 haereditas
3589 2427 3704 2484 Dei.

2216 2524 2382 2578 Vens.
2402 2524 2458 2577 2.
2493 2522 2688 2579 Omnes
2713 2531 2910 2593 gentes,
2943 2523 3182 2592 plaudite
3203 2523 3470 2578 manibus.
3501 2522 3737 2577 Plausus

2143 2629 2405 2670 manuum
2439 2616 2493 2670 in
2535 2632 2764 2672 summae
2797 2608 3258 2686 laetitiassignum
3299 2617 3414 2669 fieri
3440 2617 3604 2671 solet.
3631 2614 3737 2670 Per

2143 2705 2248 2762 hoc
2279 2707 2446 2777 igitur
2473 2708 2688 2778 signum
2716 2705 3080 2776 gentesjubet
3105 2705 3346 2760 laetitiam
3377 2705 3723 2775 praeseferre.

2147 2797 2336 2868 Neque
2364 2801 2510 2856 enim
2555 2799 2690 2853 illud
2722 2809 2930 2853 tantum
2957 2799 3114 2867 petit,
3147 2806 3207 2852 ut
3231 2798 3480 2854 sensibili
3513 2798 3728 2868 crepitu

2146 2890 2493 2961 plauderent,
2525 2898 2791 2961 quantum
2827 2899 2888 2944 ut
2919 2885 3105 2944 animo
3155 2904 3218 2944 ac
3247 2890 3440 2959 spiritu
3476 2890 3736 2944 [attat-en-

2144 2993 2234 3039 tur
2265 3001 2279 3039 :
2313 2983 2441 3054 quia
2473 2984 2635 3037 talem
2661 2999 2724 3039 ac
2750 2991 2962 3039 tantum
2994 2990 3180 3038 essent
3231 2983 3514 3037 consecuti
3551 2981 3740 3037 Domi-

2145 3091 2298 3137 nmu,
2334 3077 2769 3141 misericordem,
2801 3075 3079 3139 videlicet,
3111 3085 3164 3129 et
3187 3075 3649 3144 omnipotentem.
3713 3089 3718 3094 '

2215 3165 2453 3220 Jubilate
2487 3166 2592 3220 Deo
2631 3167 2685 3219 in
2717 3182 2838 3220 voce
2858 3167 3258 3220 exsultationis.
3292 3163 3557 3228 Verbum,
3582 3163 3734 3231 jubi-

2142 3257 2290 3318 late.,
2311 3259 2678 3326 metaphorice
2702 3257 2904 3311 dictum
2925 3266 3028 3322 est,
3057 3272 3119 3311 ac
3139 3257 3183 3311 si
3204 3257 3408 3310 diceret
3435 3274 3448 3310 :
3473 3253 3734 3310 Victoriae

2142 3352 2402 3421 hymnum
2435 3350 2638 3402 canite.
2668 3347 2762 3402 Est
2795 3348 2943 3402 enim
2968 3347 3182 3417 jubilus
3214 3346 3432 3417 proprie
3474 3346 3735 3403 militaris

2139 3445 2387 3514 quasdam
2418 3440 2778 3507 vociferatio,
2816 3456 2981 3510 quam
3016 3443 3256 3497 victores
3281 3441 3332 3495 in
3366 3456 3548 3512 pugna
3572 3443 3735 3496 emit-

2139 3545 2252 3592 tere
2301 3543 2728 3596 consueverunt,
2759 3543 2818 3587 ut
2856 3532 3042 3587 hostes
3077 3533 3132 3586 in
3168 3532 3350 3600 fugam
3381 3525 3498 3599 ~jam
3530 3547 3724 3587 versos

2137 3629 2314 3698 magis
2345 3634 2708 3698 perterreant.
2764 3622 2880 3679 Vox
2931 3624 3098 3678 etiam
3147 3623 3574 3691 exsultationis,
3627 3638 3734 3679 vox

2137 3729 2222 3778 est
2250 3720 2452 3775 laetitia:
2479 3719 2640 3790 plena
2674 3736 2690 3775 :
2727 3717 2926 3773 deinde
2957 3731 3184 3772 causam
3223 3716 3418 3772 addit:

2211 3811 2375 3867 Vens.
2411 3811 2462 3866 5.
2499 3811 2765 3877 Quoniam
2809 3809 3068 3863 Dominus
3097 3808 3334 3863 excelsus
3362 3849 3377 3875 ,
3437 3809 3689 3864 terribilis
3717 3850 3733 3875 ,

2136 3903 2249 3960 Rex
2267 3921 2490 3976 magnus
2509 3919 2664 3972 super
2681 3919 2888 3958 onmem
2916 3913 3138 3956 terram.
3165 3900 3433 3967 Quoniam
3457 3901 3730 3968 Christus,

2136 3995 2230 4068 qui
2259 3997 2558 4054 secundum
2581 3997 2922 4050 divinitatem
2950 3994 3255 4048 altissimus
3280 4000 3384 4058 est,
3420 3992 3721 4048 terribilem

2136 4089 2303 4143 etiam
2369 4085 2477 4158 [vel
2510 4093 2566 4139 ut
2589 4085 2770 4154 potius
2801 4092 2959 4139 sonat
2987 4083 3174 4137 Graeca
3205 4082 3375 4137 dictio
3395 4122 3411 4149 ,
3449 4081 3684 4152 φοϐερὸς
3712 4120 3730 4146 ,

2137 4179 2442 4234 timendum
2479 4175 2586 4248 se],
2615 4176 2877 4231 omnibus
2903 4174 3270 4239 demonstrat,
3291 4175 3361 4230 ob
3386 4173 3544 4245 signa
3578 4174 3731 4229 vide-

2136 4273 2287 4334 licet,
2336 4278 2390 4326 et
2435 4268 2699 4324 miracula
2746 4283 2866 4336 quat
2913 4268 3148 4338 singulis
3194 4267 3390 4322 diebus
3444 4277 3727 4338 operatur.

2139 4364 2318 4433 Hujus
2349 4362 2492 4417 enim
2520 4361 2600 4415 vel
2621 4360 2797 4413 solum
2823 4374 3020 4413 nomen
3072 4367 3284 4428 torquet
3311 4367 3474 4427 atque
3503 4359 3729 4427 expellit

2141 4457 2441 4518 daemones,
2468 4463 2524 4509 et
2552 4455 2774 4508 morbos
2813 4461 2970 4506 curat
2988 4467 3002 4516 ;
3020 4450 3148 4519 quia
3171 4449 3334 4504 etiam
3359 4449 3468 4503 Rex
3497 4463 3730 4517 magnus

3063 4541 3270 4611 quippe
3321 4556 3445 4595 curn
3491 4541 3545 4594 in
3579 4539 3730 4594 omni

2153 4649 2300 4695 terra
2333 4638 2702 4694 hwreditatem
2729 4637 2831 4691 sibi
2863 4639 3089 4700 adeptus
3118 4637 3210 4702 sit,
3230 4651 3326 4705 per
3343 4648 3444 4691 nos
3469 4636 3729 4690 nimirum

450 4723 756 4794 apostolos,
792 4739 931 4792 quos
957 4724 1008 4777 in
1041 4724 1356 4778 universqu
1392 4725 1653 4780 mundum
1701 4727 1768 4782 ad
1816 4727 2092 4801 Evangelii
2157 4730 2603 4800 medicationem
2657 4727 2830 4783 misit.
2899 4725 3152 4797 Magnum
3250 4737 3436 4782 autem
3529 4725 3732 4796 Regem

452 4819 735 4874 Christum
784 4819 1078 4888 appellavit
1103 4858 1120 4884 ,

461 4917 625 4978 tione,
657 4924 711 4968 et
739 4913 939 4982 exiguo
967 4919 1198 4983 regnant
1229 4921 1491 4982 tempore.

538 5009 833 5073 ’Υπέταξε
896 5006 1082 5073 λαοὺς
1146 5006 1314 5074 ἡμῖν.
1388 5007 1529 5072 Τοὺς
1599 5007 1659 5074 ἐξ
1725 5007 2036 5062 Ἰουδαίωνο

451 5099 603 5158 οὗτοι
653 5103 763 5172 γὰρ
809 5099 1015 5170 πρῶτοι
1057 5098 1407 5163 ἐπίστευσαν,
1454 5099 1742 5171 τρισχίλιοι
1777 5101 1872 5153 καὶ
1907 5117 2037 5153 πεν-

450 5195 806 5268 τακισχίλιοι,
868 5191 1266 5255 ἀποϐάλλοντες
1312 5191 1412 5263 τὴν
1458 5191 1682 5263 ἔχθραν,
1726 5195 1822 5246 καὶ
1863 5210 2034 5264 προσ.

451 5290 760 5363 δραμόντες
820 5289 934 5350 τοῖς
985 5285 1335 5350 ἀποστόλοις,
1392 5285 1556 5349 εὐθὺς
1609 5285 1748 5354 μετά
1799 5287 1898 5354 τὴν
1957 5287 2039 5350 είς

453 5383 661 5443 αὐτοὺς
688 5377 986 5451 ιπιδημίαν
1015 5376 1110 5431 τοῦ
1140 5375 1527 5448 Παρακλήτου,
1569 5375 1676 5447 πρὸ
1709 5375 1802 5429 τοῦ
1834 5376 2037 5440 ἐξιέναι

453 5472 554 5529 ἐπὶ
586 5473 656 5526 τὰ
689 5469 840 5540 ἔθνη.

528 5563 640 5619 Kal
689 5563 836 5630 ἔθνη
895 5560 1017 5616 ὑπὸ
1075 5559 1220 5626 τοὺς
1278 5559 1471 5626 πόδας
1531 5557 1720 5628 ἡμῶν.
1783 5558 1924 5622 Τοὺς
1983 5557 2043 5626 ἐξ

455 5655 633 5709 ἐθνῶν
656 5651 1112 5716 πεπιστευκότας,
1135 5649 1184 5704 οἳ
1203 5651 1298 5705 καὶ
1315 5649 1534 5721 Θερμῶς
1555 5648 1910 5703 ὑπεκλίνοντο
1927 5651 2044 5713 τοῖς

454 5749 589 5801 ποσὶ
636 5746 748 5800 τῶν
790 5745 1130 5814 ἀποστόλων,
1164 5743 1261 5799 καὶ
1293 5743 1362 5797 τὰ
1403 5744 1526 5814 ῐχνη
1564 5741 1774 5796 τούτων
1800 5741 2043 5806 εὐσεϐῶς

455 5839 899 5913 κιῐτησπὰξοντο.

1201 4827 1421 4888 propter
1483 4821 1848 4890 temporarias
1899 4822 2039 4879 istos
2077 4839 2235 4896 reges
2263 4833 2510 4887 nostros,
2541 4823 2634 4888 qui
2671 4831 2727 4877 et
2758 4821 2970 4876 minimi
3015 4828 3148 4877 sunt
3229 4822 3379 4878 illius
3443 4835 3735 4892 compara-

2211 5004 2382 5060 νεεδ.
2416 5003 2469 5058 4.
2502 5001 2736 5071 Subjecit
2768 5001 2991 5070 populos
3019 5001 3191 5056 nobis.
3238 4999 3342 5055 Per
3357 4999 3587 5068 papulas
3645 4997 3734 5053 hic

2137 5101 2354 5157 Judzeos
2390 5099 2511 5152 illos
2542 5097 2792 5166 intelligit
2822 5095 2914 5166 qui
2942 5095 3104 5164 primi
3159 5096 3406 5148 omnium
3457 5093 3514 5146 in
3566 5091 3732 5146 Chri-

2139 5204 2279 5249 stum
2307 5190 2659 5246 crediderunt
2689 5205 2704 5242 :
2739 5188 2826 5241 illa
2860 5187 3069 5243 scilicet
3100 5185 3202 5238 tria
3253 5186 3424 5238 millia
3454 5225 3470 5249 ,
3527 5192 3581 5239 et
3635 5183 3728 5236 illa

2139 5284 2382 5355 quinque
2406 5281 2599 5346 millia,
2631 5295 2752 5351 quae
2783 5279 2968 5333 statim
3035 5288 3158 5346 post
3189 5275 3455 5330 Paracleti
3486 5272 3728 5343 Spiritus

2137 5375 2474 5439 adventum,
2536 5366 2802 5439 depositis
2863 5363 3276 5426 simultatibus,
3326 5361 3394 5416 ad
3448 5361 3728 5431 apostolos

2147 5465 2540 5534 confugerunt,
2575 5469 2868 5528 antequam
2895 5457 2970 5510 illi
3001 5456 3213 5509 exirent
3248 5453 3314 5507 ad
3352 5461 3564 5524 gentes.

2220 5554 2289 5609 Et
2312 5564 2487 5626 gentes
2517 5553 2611 5606 sub
2641 5548 2856 5620 pedibus
2880 5545 3097 5601 nostris.
3133 5543 3195 5596 Et
3229 5557 3347 5608 eos,
3385 5541 3472 5610 qui
3504 5543 3569 5596 de
3593 5555 3729 5612 ger.-

2145 5649 2296 5704 tibus
2319 5647 2704 5705 crediderunt,
2758 5641 2853 5711 qui
2894 5638 2999 5694 fide
3045 5637 3302 5691 ardentes
3349 5635 3724 5705 apostolorum

2146 5740 2377 5811 pedibus
2409 5736 2656 5793 inclinati
2687 5745 2814 5790 sunt
2845 5772 2862 5802 ,
2887 5739 2941 5790 et
2993 5730 3212 5798 illorum
3252 5728 3479 5799 vestigia
3527 5726 3616 5798 pie
3665 5740 3730 5781 ac

2141 5831 2399 5903 religiose
2453 5826 2768 5898 amplexati.
