4120 6430
389 385 505 451 2:15

1613 371 2000 438 EUTHYMII
2039 370 2212 430 ZIGA
2226 368 2405 430 BENI
3551 363 3656 430 516

467 499 636 554 Vens.
666 496 719 552 5.
754 493 929 564 Elegit
961 491 1108 546 nobis
1139 490 1502 546 hereditatem
1537 489 1663 545 sibi.
1716 488 1816 542 Per
1865 501 1965 540 nos

2108 483 2498 564 ςΕξελέξατο
2560 481 2706 550 ἡμῖν
2769 480 2886 550 τὴν
2943 482 3356 551 anteponatur
3414 481 3654 537 ἑαυτοῦ.

389 594 804 663 dispensatores
836 586 1098 640 Ecclesia:
1132 599 1247 641 suae
1271 583 1438 655 elegit
1471 598 1591 648 eos,
1623 583 1717 652 qui
1743 597 1809 638 ex
1839 596 1971 651 gen-

391 686 543 744 tibus
565 682 712 751 digni
732 687 915 734 essent
939 677 992 730 in
1020 676 1389 732 haereditatem
1417 690 1612 742 suam;
1635 675 1790 745 juxta
1809 671 1966 728 illud:

392 773 542 828 Dabo
561 771 656 824 tibi
676 779 850 839 gentes
872 767 1236 822 Itwreditatem
1261 777 1408 820 tuam
1435 767 1474 797 τ’
1500 784 1515 830 ;
1569 780 1818 836 quosque
1857 779 1975 820 ma-

391 882 533 935 gnos
577 865 663 916 hic
702 872 893 915 noster
948 861 1060 914 Rex
1116 874 1212 928 per
1259 873 1358 914 nos
1389 899 1404 925 ,
1451 859 1615 914 veluti
1665 873 1760 927 per
1803 857 1973 912 duces

392 950 679 1019 quosdam,
711 949 815 1002 sibi
867 947 923 1002 in
978 947 1181 1003 milites
1233 949 1556 1018 assumpsit.
1599 947 1777 1018 [Nam
1825 946 1971 1016 quod

392 1041 468 1092 ait
503 1057 515 1092 τ
546 1029 718 1107 Elegit
755 1039 930 1099 nobis,
962 1038 1198 1107 positum
1231 1047 1335 1102 est,
1372 1054 1468 1108 pro
1492 1079 1506 1103 ,
1556 1039 1610 1092 in
1661 1039 1864 1102 nobis;
1919 1037 1970 1092 id

392 1141 497 1191 cst,
526 1146 623 1200 per
663 1146 781 1183 nos.
809 1127 830 1200 ]

463 1223 695 1290 Speciem
724 1220 896 1275 Jacob
927 1238 1088 1291 quam
1125 1221 1335 1276 dilexit.
1360 1221 1548 1292 Neque
1590 1222 1696 1278 hoc
1739 1229 1971 1286 tantum,

395 1314 490 1370 sed
516 1329 612 1368 eos
644 1313 790 1368 enim
824 1329 919 1383 per
958 1329 1059 1367 nos
1087 1314 1270 1383 elegit,
1299 1315 1392 1382 qui
1431 1315 1682 1375 utiliores
1710 1324 1868 1368 erant
1902 1315 1974 1368 de

397 1423 596 1478 genere
634 1405 845 1468 Jacob,
893 1420 1034 1474 quos
1093 1404 1356 1460 dilectam
1413 1407 1652 1474 speciem
1703 1403 1976 1470 PrOpheta

394 1499 648 1568 appellat,
673 1501 774 1550 hoc
795 1507 900 1560 est,
923 1497 1198 1551 formosos
1221 1505 1386 1564 atque
1403 1506 1652 1561 ornatos,
1674 1495 1975 1550 virtutibus

396 1590 654 1642 nimirum
692 1597 900 1657 :atque
937 1588 1057 1641 ideo
1106 1587 1272 1640 etiam
1320 1588 1556 1641 maxime
1603 1587 1856 1641 dilectos.
1909 1587 1977 1641 Et

395 1680 651 1749 superius
682 1679 902 1747 quidem
937 1679 1238 1747 praeposuit
1266 1677 1511 1744 Judazos,
1549 1679 1639 1748 qui
1667 1678 1830 1748 primi
1855 1666 1976 1748 post

393 1770 596 1830 ChriSti
631 1771 1092 1824 resurrectionem
1126 1770 1530 1835 credidissent,
1585 1785 1734 1824 nunc
1782 1779 1974 1824 contra

395 1861 662 1932 praeponit
703 1871 914 1930 gentes,
945 1863 1088 1931 quod
1120 1877 1185 1914 ex
1217 1863 1300 1916 eis
1332 1861 1516 1931 plures
1545 1875 1764 1930 semper
1797 1863 1977 1915 credi-

398 1957 595 2009 derint.
628 1953 800 2009 Judaei
830 1958 976 2009 enim
1025 1956 1285 2024 gentibus
1337 1957 1684 2024 comparati,
1745 1956 1976 2008 minima

399 2049 646 2116 quaedam
681 2061 806 2116 pars
833 2058 962 2102 sunt
988 2046 1252 2100 ﬁdelium.

470 2221 636 2276 Vens.
675 2222 726 2275 6.
758 2223 1005 2275 Ascendit
1042 2221 1298 2276 Dominus
1323 2223 1375 2276 in
1395 2222 1569 2292 iubilo
1595 2261 1611 2287 ,
1640 2223 1892 2276 Dominus
1925 2221 1981 2276 in

398 2328 520 2367 uoce
547 2311 702 2366 tabat.
739 2311 849 2366 Hoc
880 2314 932 2366 in
966 2316 1087 2367 loco
1137 2315 1341 2368 Christi
1383 2329 1676 2370 ascensum
1732 2315 1788 2370 in
1839 2315 1982 2368 caelo

400 2405 789 2473 przenuutiavit
816 2422 828 2458 :
865 2407 1326 2472 quemadmodum
1355 2444 1372 2470 ,
1405 2415 1459 2460 ct
1491 2407 1545 2460 in
1578 2422 1715 2461 mit
1745 2407 1978 2474 psalmo,

399 2497 849 2565 signiﬁcavimus.
873 2495 1366 2569 Perjubilationem
1393 2505 1603 2562 autem,
1633 2505 1685 2552 et
1721 2511 1816 2567 per
1839 2497 1982 2552 tuba!

400 2602 611 2653 vocem,
639 2571 805 2642 voces
838 2588 1086 2658 intelligit
1122 2589 1549 2657 prazcedentium
1585 2599 1716 2642 tunc
1749 2591 1984 2660 angelo-

403 2695 546 2743 rum,
563 2680 943 2747 jubilationem
969 2679 1208 2748 quidem,
1230 2692 1448 2749 pr0pter
1471 2681 1559 2732 illa
1581 2682 1742 2736 verba
1766 2691 1895 2735 tunc
1914 2682 1984 2737 ab

403 2773 610 2840 angelis
632 2771 837 2836 prolata
863 2789 876 2824 :
902 2770 1158 2824 Dominus
1177 2771 1334 2840 [ortis
1351 2781 1399 2826 et
1418 2783 1623 2842 potens,
1645 2782 1693 2826 et
1727 2773 1982 2828 Dominus

397 2871 580 2930 potens
607 2865 658 2914 in
686 2863 868 2929 prwlio
897 2865 943 2894 ⁷²
973 2881 987 2926 ;
1017 2880 1137 2933 qua:
1167 2865 1218 2916 in
1254 2865 1497 2918 victoria:
1537 2865 1800 2935 hymnum
1839 2867 1983 2921 dicta

403 2955 674 3009 videntur.
695 2956 929 3010 anilum
951 2958 1094 3011 enim
1116 2957 1358 3010 victoria:
1378 2972 1564 3012 vocent
1584 2973 1706 3012 esse
1725 2957 1983 3012 diximus.

403 3043 765 3100 'l‘nbasautcm
800 3062 985 3102 vocem
1004 3049 1224 3104 dixitob
1248 3051 1409 3104 verba
1429 3050 1518 3104 illa
1540 3066 1554 3106 :
1576 3049 1982 3120 Tolliteportas,

399 3138 688 3206 principes,
716 3149 920 3192 vestras
942 3141 1010 3204 ⁷³,
1041 3150 1094 3193 ct
1125 3157 1244 3210 qua:
1263 3152 1592 3211 sequuntur.
1623 3142 1823 3197 Prmire
1840 3144 1982 3198 enim
2010 3163 2056 3226 ρ

403 3227 581 3281 solent
611 3229 920 3293 tubicines,
975 3233 1193 3300 quoties
1236 3233 1586 3286 exercituum
1635 3231 1805 3288 duces
1855 3249 1982 3288 cum

401 3319 627 3373 victoria
658 3321 711 3371 in
737 3323 969 3390 patriam
1004 3330 1371 3377 revertuntur.
1404 3321 1497 3377 Vel
1547 3323 1706 3378 aliter
1731 3364 1747 3389 ,
1781 3325 1986 3396 νει-11-

403 3410 568 3464 hilum
631 3421 684 3467 et
716 3426 812 3480 per
862 3427 1050 3468 vocem
1088 3414 1268 3481 tubae,
1311 3415 1630 3486 angelorum
1679 3431 1844 3472 voces
1897 3419 1984 3472 in-

404 3501 651 3555 tellexit:
687 3502 814 3571 quia
847 3503 1162 3571 bujusmodi
1189 3504 1352 3558 verba
1382 3505 1531 3561 clare
1579 3520 1646 3562 ac
1693 3506 1986 3563 manifeste

404 3589 472 3641 ad
504 3604 696 3643 omnes
732 3589 920 3643 mundi
953 3590 1091 3645 ﬁnes
1124 3605 1220 3660 per
1246 3593 1620 3661 apostolorum
1675 3593 1985 3649 doctrinam

406 3686 801 3744 pervenerunt.

477 3766 644 3820 Vens.
677 3768 728 3820 Ἰ.
757 3767 981 3824 Psaltite
1012 3769 1115 3825 Deo
1137 3769 1586 3839 nostro,7psallite
1618 3771 1751 3843 Regi
1783 3783 1984 3839 nostro,

405 3858 640 3928 psallite.
707 3860 844 3915 Cum
905 3864 1164 3931 praeclara
1201 3863 1401 3920 Christi
1459 3879 1625 3934 opera
1671 3875 1727 3922 et
1767 3866 1986 3924 illorum

407 3951 842 4020 magnitudinem
893 3954 1226 4022 narraverit,
1279 3970 1498 4010 summo
1546 3958 1810 4028 deinceps
1860 3973 1988 4012 cum

407 4044 594 4099 studio
626 4047 948 4101 universum
983 4051 1173 4104 orbem
1217 4049 1450 4104 advocat
1480 4050 1547 4105 ad
1580 4051 1732 4107 illius
1773 4051 1987 4108 laudes.

405 4130 523 4189 Hoc
560 4136 704 4190 enim
754 4137 857 4192 sibi
903 4140 1016 4194 vult
1073 4140 1327 4210 repetitio
1378 4140 1469 4195 illa
1514 4143 1688 4208 verbi,
1742 4141 1988 4212 Psallite,

407 4225 458 4278 il
494 4239 598 4294 ρει,
637 4224 853 4284 Canite.
890 4227 955 4283 Et
984 4230 1186 4286 deinde
1209 4245 1436 4287 causam
1470 4233 1622 4288 addit
1646 4249 1747 4288 cur
1782 4250 1989 4292 canen-

407 4317 654 4373 dumsit:

484 4410 646 4464 Vens.
677 4411 730 4465 8.
768 4411 1033 4476 Quoniam
1064 4413 1176 4467 Rea:
1203 4416 1373 4469 omnis
1401 4426 1556 4470 terrea
1586 4416 1749 4482 Deus,
1772 4418 1988 4489 psallite

2087 558 2404 640 Ἐξελέξατο
2423 575 2493 628 δι’
2520 573 2699 644 ἡμῶν,
2726 573 2836 628 τῶν
2858 575 3165 644 οἰκονόμων
3183 575 3284 646 τῆς
3331 573 3658 648 Ἐκκλησεας

2075 667 2266 732 αὑτοῦ,
2293 670 2422 729 τοὺς
2458 667 2519 732 ἐξ
2546 666 2717 720 ὲονῶν
2742 667 2930 744 ἀξίους
2960 667 3038 729 εἰς
3065 667 3434 738 κληρονομίαν
3466 669 3658 735 αὐτοῦ,

2075 757 2218 810 κατὰ
2241 758 2302 810 τό
2329 771 2346 786 θ
2372 757 2551 810 Δώσω
2584 774 2685 811 σοι
2726 757 2871 825 ἔθνη
2904 756 3021 825 τὴν
3053 759 3465 828 κληρονομίαν
3500 774 3616 816 σου
3640 775 3658 794 ⁸

2075 846 2169 910 οὒς
2194 850 2289 901 καὶ
2318 848 2385 901 δι’
2415 849 2596 919 ἡμῶν,
2628 848 2704 912 ὠς
2723 848 2812 901 διά
2836 865 3000 902 τινων
3034 849 3382 919 στρατηγῶν,
3425 851 3454 903 ὁ
3485 851 3659 921 μέγας

2075 933 2231 1003 οὗτος
2254 939 2510 1008 βασιλεὺς
2530 938 3000 1012 ἐστρατολόγησεν
3030 940 3234 1009 ἑαυτῷ.

2148 1195 2269 1264 Τὴν
2313 1196 2632 1265 καλλονὴν
2668 1197 2900 1265 Ἰακὼϐ,
2948 1197 3029 1268 ἢν
3057 1200 3403 1270 ἠγάπησεν.
3451 1202 3564 1258 Καὶ
3598 1203 3661 1257 οὐ

2076 1287 2299 1350 τούτους
2359 1287 2544 1358 μόνον,
2585 1287 2722 1342 ἀλλὰ
2769 1290 2864 1343 καὶ
2913 1290 3044 1353 τοὺς
3089 1291 3548 1362 χρησιμωτέρους
3596 1296 3664 1348 ἐκ

2076 1381 2269 1447 γένους
2338 1381 2535 1434 Ἰακώϐ
2570 1397 2583 1411 ·
2647 1382 2878 1445 τούτους
2944 1385 3053 1452 γὰρ
3125 1382 3390 1450 καλλονὴν
3463 1384 3663 1439 Ἰακὼὸ

2077 1473 2384 1543 ὠνόμασεν,
2437 1475 2513 1537 ὡς
2550 1475 2843 1539 καλλίονας
2891 1475 2953 1540 ἐξ
3003 1474 3200 1528 Ἰακώὸ
3226 1492 3240 1506 ·
3274 1479 3340 1546 ἣν
3378 1478 3660 1548 καλλονὴν,

2077 1566 2360 1619 τουτέστιν
2396 1565 2490 1627 οὒς
2526 1567 2727 1630 καλοὺς
2761 1569 3075 1638 ἠγάπησεν,
3103 1567 3179 1633 ὡς
3202 1569 3662 1639 κεκαλλωπισμέ-

2079 1675 2202 1720 νους
2248 1661 2370 1722 ταῖς
2397 1660 2646 1728 ἀρεταῖς.
2686 1662 2833 1714 Ἀνω
2880 1662 2980 1732 μὲν
3035 1658 3128 1725 οὖν
3183 1664 3486 1734 προσέταξε
3537 1666 3665 1732 τοὺς

2094 1748 2405 1812 Ἰουδαίους,
2465 1751 2542 1813 ὡς
2597 1749 2848 1820 πρώτους
2907 1751 3047 1820 μετὰ
3095 1752 3192 1823 τὴν
3232 1755 3530 1808 ἀνάστασιν
3567 1755 3663 1814 τοῦ

2011 1826 2049 1878 Β
2077 1843 2315 1912 Χριστοῦ
2344 1844 2744 1905 πιστεύσαντας
2764 1859 2777 1872 ”
2803 1844 3038 1898 ἐνταῦθα
3070 1846 3146 1910 δὲ,
3177 1847 3490 1902 τούναντίον
3513 1851 3666 1903 ἑποίο

2078 1950 2200 2002 ησε,
2230 1935 2316 1986 διὰ
2340 1935 2398 1987 τὸ
2431 1935 2782 2006 παμπληθεῖς
2812 1937 3092 1988 πιστεύειν
3115 1937 3200 1990 ἀεὶ
3227 1940 3352 2003 τοὺς
3379 1940 3436 2006 ἐξ
3471 1939 3666 2005 ἐθνῶν,

2082 2029 2175 2078 καὶ
2209 2025 2384 2096 βραχύ
2423 2044 2477 2079 τι
2511 2029 2679 2099 μέρος
2723 2023 2865 2081 εἶναι
2906 2028 3042 2101 πρὸς
3073 2031 3199 2094 τοὺς
3233 2031 3292 2096 ἐξ
3335 2031 3508 2087 ἐθνῶν
3538 2033 3666 2097 τοὺς

2081 2117 2140 2184 ἐξ
2181 2119 2396 2189 Ἰσραὴλ
2429 2119 2810 2183 πιστεύοντας.

2166 2209 2374 2280 Ἀνέϐη
2408 2213 2439 2264 d
2469 2213 2616 2277 Θεὸς
2644 2212 2713 2264 ἐν
2739 2212 3091 2282 ἀλαλαγμῷ,
3131 2214 3346 2282 Κύριος
3391 2214 3464 2269 ἐν
3493 2216 3668 2285 φωνῇ

2083 2301 2442 2372 σάλπιγγος.
2489 2303 2757 2358 Ἐνταῦθα
2795 2303 2894 2375 τὴν
2925 2308 3005 2368 εἰς
3049 2305 3314 2375 οὐρανοὺς
3351 2307 3538 2361 ἄνοδον
3573 2310 3668 2362 τοῦ

2084 2397 2322 2466 Χριστοῦ
2364 2397 2835 2466 προκαταγγέλλει
2863 2397 3051 2463 Δαϐὶδ,
3083 2398 3159 2461 ὡς
3204 2399 3262 2451 ὲν
3296 2399 3374 2469 τῷ
3413 2399 3501 2467 κγ’
3532 2399 3667 2470 ψαλ-

2088 2489 2173 2562 μῷ
2203 2491 2701 2564 ἑπεσημηνάμεοα.
2749 2489 3093 2562 Ἀλαλαγμὸν
3120 2491 3179 2546 δὲ
3223 2491 3372 2561 λέγει
3403 2491 3500 2548 νῦν
3536 2493 3667 2548 σά).-

2087 2601 2308 2652 πιγγος,
2333 2586 2432 2646 τὰς
2460 2585 2645 2654 φωνὰς
2670 2585 2780 2639 τῶν
2823 2587 3136 2654 τηνικαῦτα
3171 2590 3666 2658 προπορευομένων

2085 2677 2334 2745 ἀγγέλων
2368 2693 2382 2708 ο
2447 2677 2764 2748 ἀλαλαγμὸν
2803 2679 2927 2748 μὲν,
2978 2679 3066 2734 διὰ
3115 2678 3216 2731 τόο
3251 2681 3470 2747 Κύριος
3530 2696 3661 2748 κρα-

2087 2768 2251 2834 ταιὸς
2273 2768 2368 2822 καὶ
2411 2769 2690 2836 δυνατὸς,
2731 2771 2945 2838 Κύριος
2973 2769 3232 2835 δυνατὸς
3262 2770 3333 2824 ἐν
3381 2769 3623 2839 πολέμῳ
3649 2787 3666 2804 ⁸

2086 2861 2244 2913 τοῦτο
2295 2861 2423 2931 γὰρ,
2478 2861 2646 2930 ὕμνος
2692 2861 2960 2926 ἐπινίκιος
2991 2879 3006 2894 ·
3045 2863 3169 2914 ἐπεὶ
3205 2863 3298 2916 καὶ
3330 2861 3669 2932 ἀλαλαγμὸς,

2089 2953 2240 3020 φωνή
2272 2953 2419 3002 ἐστιν
2453 2953 2721 3013 ὲπινίκιος
2747 2968 2761 2982 ο
2787 2951 2970 3021 φωνὴν
2999 2951 3056 3004 δὲ
3087 2953 3414 3019 σάλπιγγος,
3446 2953 3538 3007 διὰ
3567 2954 3631 3007 τό
3650 2969 3670 2988 ο

2093 3043 2297 3110 Ἄρατε
2324 3043 2544 3108 πύλας,
2583 3045 2637 3096 οἱ
2665 3043 2979 3111 ἄρχοντες,
3009 3044 3200 3112 ὑμῶν,
3249 3047 3345 3098 καὶ
3384 3047 3451 3099 τὰ
3491 3045 3620 3117 ἑξῆς
3651 3061 3667 3077 ⁸

2088 3133 2325 3187 ὁδοποιεῖ
2371 3133 2481 3202 γὰρ
2524 3134 2556 3202 ὴ
2611 3133 2871 3202 σάλπιγξ.
2935 3137 3046 3197 τοῖς
3090 3133 3556 3203 ἀναξευγνύουσιν
3605 3141 3672 3192 ἐκ

2091 3223 2330 3293 πολέμου
2362 3223 2699 3294 βασιλεῦσιν.
2737 3226 2807 3278 Ἢ
2839 3225 2935 3278 καὶ
2957 3226 3135 3288 ἄλλως
3167 3223 3328 3280 εἶπεν
3359 3229 3454 3292 τὰς
3484 3229 3670 3297 φωνὰς

2087 3317 2196 3372 τῶν
2225 3317 2477 3386 ἀγγέλων
2500 3317 2818 3386 ἀλαλαγμὸν
2859 3319 2952 3369 καὶ
2989 3320 3176 3388 φωνὴν
3218 3319 3541 3387 σάλπιγγος,
3581 3321 3670 3374 διὰ

2088 3410 2148 3462 τὸ
2173 3410 2390 3481 τρανῶς
2410 3410 2504 3464 καὶ
2532 3409 2698 3474 ὀξέως
2723 3409 3060 3479 ἀκουσθῆναι
3091 3411 3158 3464 τὰ
3185 3410 3412 3464 τοιαῦτα
3447 3413 3673 3483 ῥήματα

2090 3503 2226 3572 πρὸς
2271 3502 2490 3556 ἅπαντα
2537 3501 2631 3556 τοῦ
2660 3503 2866 3572 κόσμου
2896 3502 2964 3555 τὰ
3000 3504 3234 3574 πέρατα,
3283 3504 3376 3557 διὰ
3416 3503 3518 3573 τῆς
3557 3502 3674 3558 τῶν

2089 3595 2407 3650 ἀποστόλων
2447 3595 2819 3661 διδασκαλίας.

2171 3773 2409 3828 Ψάλατε
2441 3771 2522 3838 τῷ
2579 3772 2701 3840 Θεῷ
2750 3773 2942 3843 ἡμῶν,
2999 3773 3238 3843 metiare
3295 3779 3376 3843 τῷ
3420 3777 3672 3842 ,βασιλει

2091 3865 2283 3936 ἡμῶν,
2311 3865 2571 3933 paean.
2605 3867 3022 3936 Διηγησάμενος
3051 3867 3113 3920 τὸ
3143 3867 3378 3938 μέγεθος
3433 3870 3543 3924 τῶν
3573 3871 3668 3925 τοῦ

2089 3958 2331 4028 Χριστοῦ
2364 3957 2830 4028 κατορθωμάτων,
2875 3960 3033 4012 καλεῖ
3052 3960 3149 4032 τὴν
3202 3961 3532 4031 οἰκουμένην
3589 3964 3672 4026 εις

2091 4052 2370 4124 εὐφημίαν
2409 4052 2550 4122 μετά
2577 4051 2784 4123 πολλῆς
2815 4054 2915 4123 τῆς
2943 4054 3188 4122 σπουδῆς
3229 4069 3244 4084 ο
3305 4054 3468 4110 τοῦτο
3507 4055 3614 4126 γὰρ
3642 4057 3673 4108 ὁ

2090 4142 2185 4200 τοῦ
2225 4144 2467 4199 Ψάλατε
2519 4146 2817 4216 παρίστησι
2849 4145 3275 4216 διπλασιασμός.
3332 4147 3572 4201 Ψάλατε
3590 4147 3670 4208 δὲ.

2093 4237 2220 4293 ἀντὶ
2252 4237 2652 4310 Μελῳδήσατε,
2692 4235 2813 4292 εἶτα
2848 4240 2944 4294 καὶ
2981 4240 3014 4309 ἡ
3051 4241 3201 4294 αἰτία
3228 4239 3320 4293 τοῦ
3350 4241 3577 4294 Ψάλατε
3598 4257 3614 4270 ⁶

2151 4419 2282 4472 Ὀτι
2320 4415 2622 4482 ,ϐασιλεὺς
2645 4419 2679 4471 ό
2711 4416 2856 4481 Θεὸς
2874 4416 3080 4484 πάσης
3114 4416 3226 4485 τῆς
3253 4420 3388 4488 τῆς,
3431 4419 3673 4490 diritate

409 4504 699 4569 sapienter.
729 4502 947 4569 Canite,
981 4505 1181 4575 inquit,
1237 4507 1346 4561 Deo
1373 4507 1506 4578 Regi
1542 4517 1756 4571 nostro.
1794 4511 1844 4565 id
1878 4523 1982 4578 est,

2098 4511 2386 4576 συνετῶς.
2429 4508 2820 4581 Μελῳδήσατε.
2869 4512 3027 4578 φησι,
3091 4511 3170 4580 τῷ
3230 4513 3351 4582 Θεῴ
3395 4513 3474 4584 τῷ
3507 4515 3670 4585 βασι.

410 4594 629 4647 Christo
659 4611 674 4648 :
711 4597 974 4664 quoniam
1017 4595 1134 4651 Rex
1172 4609 1257 4652 est
1289 4600 1460 4653 totius
1493 4610 1652 4656 terra:
1682 4620 1694 4656 :
1737 4602 1875 4657 Data
1906 4615 1984 4660 est

409 4685 553 4735 enim
585 4685 732 4750 mihi,
767 4687 966 4756 inquit,
1006 4689 1175 4742 omnis
1193 4697 1428 4757 potestas
1458 4691 1512 4744 in
1543 4692 1670 4747 coelo
1697 4702 1745 4748 et
1777 4696 1829 4749 in
1882 4708 1987 4751 ter-

412 4788 471 4824 ra
503 4772 571 4827 ⁷⁸.
611 4773 833 4829 Psallite
868 4790 1048 4832 autem
1100 4796 1212 4834 non.
1241 4781 1592 4852 simpliciter,
1629 4789 1723 4838 sed
1770 4788 1987 4856 sapien-

409 4870 513 4929 ter,
553 4865 653 4919 hoc
684 4875 791 4933 est,
843 4883 951 4923 non
1009 4870 1195 4940 lingua
1249 4883 1484 4940 tantum,
1558 4878 1652 4930 sed
1706 4878 1871 4932 corde
1934 4889 1989 4933 et

411 4955 688 5010 intellectu
741 4976 754 5010 :
802 4959 1176 5032 intelligentes
1228 4967 1442 5023 scilicet
1488 4969 1539 5023 id
1581 4970 1729 5040 quod
1759 4972 1985 5041 canitis,

407 5051 465 5096 ct
496 5061 746 5112 quaenam
779 5050 889 5103 sint
921 5054 1184 5118 praeclara
1217 5056 1368 5112 illius
1398 5073 1591 5128 opera.

401 5167 409 5176 ο
483 5135 645 5192 Vens.
677 5138 729 5193 9.
761 5138 1015 5212 Regnavit
1057 5145 1195 5200 Deus
1227 5164 1382 5217 super
1412 5161 1609 5220 gentes.
1656 5152 1830 5209 Antea
1869 5152 1988 5224 qui-

412 5225 532 5280 dem
573 5230 712 5284 Deus
740 5235 984 5300 gentium
1034 5238 1197 5292 etiam
1257 5239 1666 5309 dominabatur,
1711 5259 1900 5299 verum
1930 5253 1988 5298 ut

414 5318 718 5375 nolentium
763 5332 817 5378 et
871 5327 1190 5397 rebellium,
1242 5348 1388 5387 nunc
1436 5345 1618 5390 autem
1674 5336 1984 5393 volentibus

413 5410 669 5481 imperat,
700 5425 760 5469 ut
791 5420 1131 5491 redemptor.
1169 5423 1237 5477 Et
1263 5427 1392 5494 quia
1427 5426 1703 5498 duplicem
1729 5427 1987 5486 Christus

417 5503 581 5558 habet
608 5519 888 5575 naturam,
921 5523 1047 5568 ante
1098 5515 1534 5573 incarnationem
1569 5534 1693 5575 eum
1729 5535 1987 5590 regnasse

416 5595 654 5653 uicimus
709 5609 768 5653 ut
807 5601 998 5668 Deum,
1053 5615 1179 5674 post
1220 5610 1684 5666 resurrectionem
1720 5627 1850 5668 vero
1902 5628 1987 5669 re-

435 5771 438 5773 Α
492 5774 535 5805 ⁷⁸
573 5776 719 5831 Psal.
771 5795 830 5842 ιι,
867 5781 922 5834 8.
997 5783 1042 5816 τ’
1075 5785 1225 5840 Psal.
1275 5803 1430 5854 niti,
1471 5791 1523 5845 8.
1633 5791 1676 5821 ⁷³
1713 5793 1850 5849 Ibid.
1887 5795 1937 5850 7-

2092 4603 2174 4657 λεί
2195 4605 2378 4674 ἡμῶν,
2404 4603 2524 4672 ἦτοι
2548 4602 2624 4672 τῷ
2647 4602 2894 4674 Χριστῷ,
2916 4602 3054 4656 διότι
3087 4602 3344 4672 βασιλεὺς
3361 4606 3544 4677 πάσης
3570 4607 3675 4677 τῆς

2093 4699 2197 4766 γῆς
2219 4699 2385 4750 ἐστιν.
2406 4694 2616 4762 Ἐδόθη
2628 4713 2734 4766 μοι
2766 4697 2898 4767 γὰρ,
2932 4699 3088 4765 φησι,
3115 4698 3286 4752 πᾶσα
3315 4698 3572 4763 ἐξουσία
3600 4701 3674 4754 ἐν

2091 4788 2327 4862 οὐρανῷ
2357 4792 2455 4844 καὶ
2500 4791 2600 4845 ἐπὶ
2639 4791 2752 4860 γῆς
2781 4809 2794 4822 ·
2828 4791 3038 4861 ψάλατε
3069 4792 3128 4846 δὲ
3168 4792 3244 4862 μὴ
3276 4794 3486 4859 ἁπλῶς,
3527 4795 3673 4850 ἀλλὰ

2093 4883 2323 4954 νοητῶς,
2343 4884 2508 4953 ἤγουν
2537 4884 2612 4955 μὴ
2632 4884 2846 4957 γλώττῃ
2866 4885 3052 4954 μόνον,
3075 4886 3211 4942 ἀλλὰ
3240 4889 3330 4941 καὶ
3352 4887 3452 4952 νοῒ,
3479 4890 3674 4942 συνέν-

2091 4994 2205 5043 τες,
2255 4977 2365 5031 τίνι
2398 4977 2716 5050 μελῳδεῖτε,
2761 4979 2856 5032 καὶ
2891 4980 2986 5033 ἐπὶ
3017 4980 3194 5044 ποίοις
3218 4981 3668 5052 κατορθώμασιν.

2175 5138 2604 5214 Ἐέασίλευσεν
2641 5161 2674 5213 ὁ
2702 5160 2846 5226 Θεὸς
2875 5159 2972 5214 ἐπὶ
3033 5159 3106 5213 τὰ
3169 5160 3331 5226 ἔον-ιι.
3402 5159 3671 5230 Πρότερον

2096 5253 2194 5323 μὲν
2245 5252 2562 5307 ἐδασιλευεν
2596 5253 2862 5315 ἀκόντων,
2908 5251 2983 5316 ῶς
3031 5252 3366 5325 δημιουργός
3401 5268 3416 5282 ο
3461 5251 3556 5304 νῦν
3589 5252 3668 5315 δὲ,

2095 5347 2354 5414 ἑκόντων,
2385 5345 2461 5408 ὼς
2495 5347 2817 5418 Λυτρωτής.
2851 5347 2963 5398 Καὶ
3000 5346 3123 5399 ἐπεὶ
3147 5345 3370 5408 διπλοῦς
3419 5340 3510 5416 ἧν,
3565 5346 3672 5414 πρὸ

2098 5440 2201 5509 μὲν
2232 5439 2332 5508 τῆς
2363 5438 2857 5508 ἐνανθρωπήσεως,
2890 5439 2966 5500 ὠς
2995 5438 3129 5501 Θεὸς
3160 5434 3307 5508 εἶχεν
3356 5445 3455 5507 τὴν
3511 5436 3669 5506 βασι-

2093 5530 2247 5582 λείαν
2276 5544 2292 5560 ο
2331 5529 2473 5596 μετὰ
2498 5529 2555 5582 δὲ
2587 5529 2686 5598 τὴν
2727 5530 2792 5582 ὲκ
2830 5528 3042 5597 νεκρῶν
3109 5528 3429 5591 ἀνάστασιν,
3480 5525 3668 5579 ἔλαθεν

2094 5617 2263 5686 αὐτὴν
2297 5617 2391 5670 καὶ
2416 5616 2491 5679 ὡς
2522 5617 2829 5687 ἄνθρωπος.
2859 5620 2991 5672 Τότε
3022 5621 3130 5688 γὰρ
3161 5612 3285 5670 εἷπε
3309 5617 3370 5670 τό
3399 5633 3412 5647 ⁸
3459 5616 3670 5684 Ἐδόθη

2017 5796 2062 5830 ⁷⁵
2095 5797 2288 5852 Matth.
2325 5812 2522 5864 nuit,
2574 5797 2658 5852 18.
