4120 6418
494 357 601 426 513

566 480 633 536 In
659 480 871 535 civitate
914 479 1013 535 Dei
1042 479 1235 533 nostri.
1264 476 1473 548 Dignus
1495 486 1580 532 est
1614 487 1797 533 autem
1832 480 1924 547 qui
1956 479 2074 532 lau-
2100 485 2149 541 Α

490 582 652 630 detur
704 575 759 628 in
813 573 1035 627 civitate
1089 572 1421 637 Jerusalem,
1469 571 1523 624 in
1566 586 1675 641 qua
1719 571 2072 639 cognoscitur

491 675 550 723 et
602 667 829 721 colitur.
881 664 1071 735 Neque
1122 665 1270 721 enim
1324 663 1494 720 Deum
1535 664 1764 720 laudant
1807 666 1903 734 qui
1945 681 2070 721 eum

492 759 770 831 ignorant.

560 851 623 904 In
655 859 828 904 monte
860 858 1048 906 sancto
1092 850 1233 918 ejus.
1274 849 1411 906 Cum
1455 850 1700 906 civitatis
1738 849 2071 916 meminerit,

489 954 895 1012 consequenter
935 953 990 1000 et
1049 951 1290 999 montem
1342 943 1392 998 ei
1427 944 1669 999 vicinum
1723 960 1789 999 ac
1831 944 2068 1014 quodam

490 1034 653 1087 modo
709 1036 922 1089 unitum
968 1035 1242 1089 nominat.
1301 1033 1694 1104 Saepenumero
1747 1038 1912 1090 etiam
1975 1049 2073 1104 per

488 1128 912 1196 appellationem
943 1126 1321 1191 montisSion,
1370 1128 1488 1198 ipsa
1520 1125 1826 1183 Jerusalem
1867 1127 2071 1181 intelli-

489 1219 655 1287 gitur.
691 1218 901 1274 Civitas
930 1227 1112 1273 autem
1147 1218 1241 1273 Dei
1279 1219 1389 1274 dici
1424 1228 1606 1290 potest
1660 1219 1904 1276 Ecclesia
1936 1219 2071 1274 lide-

489 1311 623 1365 llum
668 1312 723 1365 in
777 1326 884 1381 qua
938 1311 1083 1366 Deus
1127 1312 1374 1366 creditur
1427 1312 1700 1376 habitare,
1735 1327 1857 1380 quae
1905 1311 2070 1365 etiam

488 1418 650 1458 mons
715 1404 968 1458 dicitur:
1021 1404 1152 1473 quia
1215 1419 1382 1473 supra
1441 1413 1661 1457 terrena
1706 1401 1891 1457 omnia
1940 1399 2072 1455 vitia

487 1494 718 1557 eminet,
757 1505 811 1549 et
841 1496 893 1548 in
928 1495 1107 1564 ipsum
1144 1495 1323 1549 fertur
1350 1494 1577 1549 ctnlum.

567 1584 728 1640 Vens.
754 1587 808 1639 5.
834 1585 974 1639 Bene
992 1585 1215 1654 fundato
1237 1585 1593 1640 exsultatione
1617 1585 1873 1639 uniuersa:
1895 1592 2071 1638 terrte.

486 1679 545 1734 In
576 1690 784 1742 monte,
814 1680 1063 1748 inquam,
1094 1678 1232 1733 bene
1266 1677 1519 1743 fundato,
1553 1675 1926 1731 exsultatione
1952 1675 2074 1729 uni-

488 1787 660 1828 versae
707 1782 887 1826 terrae.
939 1771 1292 1826 Post'vocem
1339 1772 1487 1825 enim
1536 1769 1741 1840 εὑρίξῳ
1784 1769 2069 1836 interpun-

1712 358 2095 422 EUTHYMII
2134 358 2459 421 ZIGABEN
2466 360 2493 419 Ι

3634 359 3741 425 5‘30

2256 478 2361 533 Ἐν
2388 480 2567 533 πόλει
2595 476 2701 533 τοῦ
2732 478 2881 532 Θεοῦ
2914 477 3103 548 ἡμῶν.
3138 478 3416 533 Λίνεϊσθαι
3447 478 3524 545 δὲ,
3574 480 3632 533 ἐν
3682 481 3750 549 τῇ

2184 568 2546 639 Ἰερουσαλὴμ
2582 572 2649 638 τῇ
2711 568 3055 641 γνωριζούσῃ
3095 587 3109 602 ·
3152 572 3200 624 oi
3249 571 3358 639 γὰρ
3405 571 3747 640 ἀγνοοῦντες,

2172 660 2273 714 οὐκ
2299 661 2638 715 ἐπαινοῦσιν.

2245 840 2349 895 Ἐν
2376 841 2497 909 ὄρει
2516 841 2664 909 ἁγίῳ
2686 839 2892 895 αὐτοῦ.
2937 839 3099 895 Πιόλιν
3129 840 3322 905 εἰπὼν,
3360 840 3451 895 καὶ
3479 839 3575 893 τοῦ
3592 838 3753 910 ὅρους

2174 933 2316 989 Σιὼν
2360 935 2791 1004 ἐμνημόνευσεν,
2845 934 2921 997 ὼς
2985 935 3269 1004 ήνωμένου
3330 935 3469 1004 αὐτῇ
3531 933 3617 987 διὰ
3652 933 3752 1004 τὴν

2172 1026 2489 1096 ἐγγύτηταο
2526 1026 2858 1089 πολλάκιςδέ
2891 1026 2986 1079 καὶ
3048 1027 3155 1080 ἀπὸ
3223 1026 3386 1095 μόνου
3450 1025 3544 1079 τοῦ
3589 1027 3753 1095 ὅρους

2172 1120 2366 1173 τούτου
2396 1120 2549 1191 δηλοῖ
2570 1120 2669 1189 τὴν
2711 1118 3088 1190 Ἰερουσαλήμ.
3106 1117 3207 1190 Εῐη
3240 1119 3288 1173 δ’
3327 1119 3395 1172 ἂν
3421 1118 3575 1181 πόλις
3612 1117 3751 1172 Θεοῦ

2172 1215 2315 1283 καὶὴ
2354 1213 2654 1282 Ἐκκλησία
2670 1212 2780 1266 τῶν
2805 1211 3039 1279 πιστῶν,
3068 1206 3174 1287 ἐνῇ
3193 1213 3365 1266 οἰκεῖν
3398 1211 3717 1267 πιστεύεται
3733 1229 3749 1243 ι

2173 1309 2207 1377 ἠ
2236 1307 2280 1359 δ’
2305 1307 2444 1374 αὑτὴ
2478 1308 2573 1360 καὶ
2614 1305 2762 1375 ὅρος,
2794 1306 2871 1369 ὼς
2912 1306 3290 1376 ὑπερκειμένη
3329 1306 3511 1375 πάσης
3543 1322 3757 1377 χαμερ-

2175 1398 2311 1462 ποῦς
2347 1400 2571 1463 κακίας,
2598 1398 2694 1453 καὶ
2719 1398 2856 1469 πρὸς
2886 1398 3123 1469 οὐρανὸν
3161 1399 3570 1469 άνατεταμένη.

2244 1581 2489 1652 Εὐρίζῳ,
2508 1583 2914 1653 ἁωλλιάματι
2939 1584 3147 1650 πάσης
3175 1583 3288 1653 τῆς
3311 1584 3441 1654 γῆς.
3476 1585 3632 1656 Ὀρει
3671 1585 3752 1652 δὲ,

2171 1676 2249 1747 τῷ
2289 1674 2649 1746 εὺριζομένῳ,
2677 1675 2755 1744 τῷ
2801 1676 3175 1747 ἀγαλλιὰματι
3223 1678 3406 1748 πάσης
3468 1679 3570 1747 τῆς
3611 1679 3753 1747 γῆςο

2177 1771 2316 1840 μετὰ
2339 1771 2448 1843 γὰρ
2481 1772 2543 1825 τὸ
2582 1769 2829 1839 Εὐρὶζῳ,
2869 1770 3118 1824 στικτέον
3146 1784 3161 1799 ⁶
3194 1765 3315 1823 εἶτα
3364 1770 3426 1824 τὸ
3483 1771 3753 1838 ἀγαλλιά-

487 1862 662 1932 genda
688 1862 866 1917 oratio
894 1873 1019 1927 est;
1069 1862 1365 1930 legendum
1409 1838 1614 1914 deinde
1654 1858 2025 1927 ἀγαλλιάματι
2052 1897 2067 1922 ,

2177 1838 2309 1931 ματι
2353 1838 2765 1929 ἀναγνωστέον.
2811 1861 3241 1933 Ἀγαλλιάματι
3288 1862 3346 1916 δέ
3401 1862 3606 1929 πάσης
3643 1862 3754 1931 τῆς

486 1956 593 2010 hoc
625 1964 730 2019 est,
768 1972 893 2009 cum
921 1955 1121 2026 gaudio
1167 1970 1232 2009 ac
1263 1954 1631 2009 delectatione
1676 1956 1850 2009 totius
1897 1952 2067 2008 orbis.

556 2046 755 2099 Montes
786 2047 941 2111 Sion,
968 2046 1138 2100 latera
1163 2045 1657 2115 aquilonis,civitas
1686 2045 1841 2116 Regis
1867 2047 2067 2116 magni.

487 2134 713 2200 Quoties
741 2137 863 2206 quis
905 2137 1037 2191 mihi
1070 2152 1137 2192 ex
1186 2149 1505 2192 transverso
1568 2143 1733 2204 atque
1796 2152 1860 2190 ex
1900 2137 2070 2190 latere

487 2241 796 2283 conversus
822 2240 930 2295 est,
979 2229 1069 2283 ille
1116 2230 1286 2283 latera
1337 2243 1458 2284 mea
1508 2244 1620 2283 non
1649 2237 1852 2284 temere
1898 2244 1929 2283 a
1985 2245 2070 2284 me

484 2319 748 2387 appellari
782 2327 984 2389 potest.
1017 2319 1152 2374 Nam
1197 2320 1341 2391 quod
1389 2329 1762 2376 transversqu
1796 2320 1928 2373 mihi
1962 2328 2066 2383 est,

488 2422 634 2465 recte
657 2412 864 2466 dicitur
884 2427 950 2467 ex
983 2412 1159 2467 latere
1185 2413 1319 2466 mihi
1346 2428 1471 2468 esse
1493 2430 1509 2477 ;
1533 2422 1587 2467 et
1603 2414 1732 2482 quia
1758 2425 1917 2465 mons
1936 2408 2071 2464 Sion

484 2503 726 2570 aquiloni
763 2512 928 2557 vento
956 2518 986 2557 e
1015 2503 1226 2557 directo
1267 2507 1535 2558 adversus
1568 2492 1685 2557 non
1731 2512 1839 2558 est.
1878 2501 2069 2570 Neque

489 2592 639 2645 enim
661 2593 847 2661 aquilo
878 2607 1029 2646 recta
1056 2605 1248 2648 contra
1288 2610 1413 2648 eum
1444 2596 1639 2664 spirat,
1667 2597 1761 2649 sed
1788 2610 1857 2650 ex
1892 2604 2072 2649 trans-

486 2697 671 2746 verso,
702 2684 777 2735 nil
811 2683 1196 2737 admirandum
1227 2685 1273 2739 si
1324 2686 1474 2741 hunc
1525 2696 1765 2742 montem
1794 2684 2070 2754 PrOpheta

489 2771 661 2826 latera
701 2774 977 2841 aquilonis
1005 2774 1318 2843 appellavit,
1348 2775 1543 2831 dicens
1582 2793 1596 2829 :
1634 2774 1767 2842 Vos,
1800 2790 1835 2829 0
1856 2784 2069 2831 montes

489 2862 643 2929 Sion,
682 2864 773 2932 qui
808 2879 872 2917 ex
908 2870 1233 2920 transverso
1269 2867 1546 2931 aquilonis
1589 2870 1747 2931 estis,
1786 2880 1951 2938 atque
2000 2884 2069 2924 ex

486 2954 658 3009 latere
689 2955 808 3020 ejus
857 2956 1057 3022 jacetis
1091 2955 1110 3027 [
1139 2958 1334 3013 scitote
1371 2958 1500 3027 quia
1542 2974 1773 3028 magnus
1807 2962 2069 3015 Dominus

485 3058 573 3101 est
630 3055 686 3102 et
728 3047 1026 3103 laudabilis
1062 3050 1235 3114 valde,
1290 3050 1425 3119 etc.]
1467 3051 1584 3105 Nec
1630 3051 1849 3121 illepide
1896 3054 2063 3107 etiam

2174 1954 2309 2025 γῆς,
2342 1955 2466 2008 ἀντὶ
2488 1954 2585 2007 τοῦ
2617 1955 2985 2025 Τερπνότητι.

2248 2049 2398 2113 Ὀρη
2435 2046 2608 2110 Σιὼν,
2629 2046 2701 2099 τὰ
2734 2046 2969 2114 πλευρὰ
3007 2045 3116 2101 τοῦ
3130 2044 3348 2114 βορῤᾶ,
3375 2047 3413 2115 ἡ
3448 2048 3625 2114 πόλις
3645 2048 3754 2102 τοῦ

2166 2136 2477 2203 βασιλέως
2506 2136 2614 2189 τοῦ
2639 2136 2932 2207 μεγάλου.
2947 2137 3021 2189 Τὸ
3042 2138 3109 2190 ἐκ
3146 2136 3381 2205 πλαγίου
3412 2155 3501 2207 μοι
3521 2154 3758 2209 τετραμ-

2175 2229 2357 2299 μένον,
2387 2230 2600 2302 πλευρά
2645 2247 2737 2302 μοι
2800 2232 3002 2298 λέγοιτ’
3054 2232 3122 2285 ἂν
3150 2271 3164 2286 .
3199 2232 3343 2284 κατὰ
3369 2231 3635 2301 πλευρὰν,
3694 2231 3756 2284 τὺ

2170 2322 2402 2392 πλάγιον
2428 2323 2565 2392 (72)'
2592 2325 2716 2377 ἐπεὶ
2742 2320 2837 2377 οὖν
2853 2325 2949 2377 καὶ
2972 2324 3054 2389 τὸ,
3078 2323 3234 2377 Σιὼν
3252 2324 3411 2391 ὅρος,
3436 2324 3497 2377 οὐ
3520 2324 3643 2377 κατ’
3664 2324 3757 2377 εὐ-

2173 2415 2347 2478 θεῖαν,
2379 2415 2495 2469 ἀλλ’
2520 2418 2584 2469 ἐκ
2615 2416 2847 2485 πλαγίου
2866 2420 3047 2471 κεῖται
3083 2418 3219 2489 πρὸς
3281 2418 3373 2471 τὸν
3410 2418 3637 2489 βορῤᾶν,
3690 2419 3752 2471 οὐ

2171 2510 2281 2578 γὰρ
2328 2509 2418 2562 ἐπ’
2448 2509 2669 2572 εὐθείας
2733 2510 2893 2563 τοῦτο
2957 2513 3248 2573 καταπνεῖ,
3299 2510 3543 2582 πλευρὰν
3585 2510 3751 2563 αὐτοῦ

2172 2597 2414 2667 κέκληκε
2441 2597 2617 2666 λέγων
2642 2614 2656 2629 ·
2687 2593 2763 2651 Ὦ
2782 2598 2884 2670 ὅρη
2914 2597 3078 2665 Σιὼν,
3102 2599 3171 2653 τά
3200 2600 3408 2669 πλάγια
3430 2600 3523 2654 τοῦ
3554 2603 3743 2671 βορῤἄ,

2170 2689 2240 2743 τὰ
2266 2690 2409 2743 κατὰ
2439 2690 2683 2760 πλευρὰν
2722 2692 2873 2762 αὐτῷ
2899 2692 3155 2762 κείμενα.
3186 2693 3510 2764 Περιχαρῶς
3532 2693 3588 2748 δέ
3611 2694 3747 2747 ἁνα-

2172 2784 2420 2837 καλεῖται
2452 2784 2546 2836 καὶ
2572 2783 2634 2837 τὸ
2661 2783 2791 2853 ὅρος
2835 2784 2927 2835 καὶ
2957 2785 3058 2853 τὴν
3105 2784 3262 2836 πόλιν
3292 2799 3305 2813 ’
3331 2786 3428 2837 καὶ
3487 2784 3588 2854 ὅρη
3653 2784 3753 2854 μὲν

2169 2874 2324 2942 λέγει
2368 2874 2429 2927 τὸ
2472 2874 2621 2945 ὅρος,
2681 2874 2823 2928 κατὰ
2868 2874 3150 2929 διάλεκτον
3224 2874 3507 2945 Ἐὗραῖδα,
3570 2875 3753 2940 καθὼς

2172 2969 2437 3035 πολλάκις
2472 2971 2778 3041 εἰρήκαμεν
2802 2985 2817 3001 ⁸
2849 2970 3023 3038 μέγαν
3044 2968 3101 3021 δὲ
3144 2967 3391 3037 βασιλέα,
3427 2969 3518 3021 τὸν
3574 2968 3709 3021 Θεὸν
3737 2985 3753 3000 ο

2176 3063 2323 3132 μόνῳ
2344 3063 2453 3131 γὰρ
2480 3060 2679 3131 τούτῳ,
2708 3062 2845 3131 μόνη
2871 3059 3010 3130 αὕτη
3039 3060 3311 3115 ἀνέκειτο.
3377 3060 3537 3114 Κατὰ
3564 3061 3622 3114 δέ
3656 3061 3757 3114 ἀν-

486 3149 726 3195 montem
771 3156 878 3193 una
933 3155 997 3194 ac
1047 3141 1326 3197 civitatem
1382 3143 1662 3209 advocat;
1712 3154 1765 3199 et
1822 3156 2061 3201 montem

2172 3156 2418 3225 αγωγὴν,
2438 3155 2649 3225 ,ἑτέραν
2674 3153 2912 3223 ἐροῦμεν
2942 3154 3174 3220 ἔννοιαν,
3211 3155 3294 3206 ὅτι
3340 3154 3546 3226 βορρᾶν
3570 3154 3691 3222 μὲν,
3719 3154 3755 3225 ἡ

484 3233 704 3303 quidem
738 3233 935 3302 plurali
961 3248 1191 3287 numero
1224 3243 1437 3290 montes
1472 3236 1803 3306 dicit,juxta
1836 3237 2065 3292 Hebraio

485 3340 611 3378 cum
665 3323 894 3385 idioma,
958 3335 1019 3378 ut
1077 3341 1220 3393 stepe
1272 3326 1563 3393 diximus;
1620 3343 1878 3399 magnum
1936 3345 2067 3384 vero

486 3432 671 3487 regem
728 3415 898 3470 Deum
947 3419 1205 3486 appellat,
1243 3418 1373 3487 quia
1421 3418 1525 3472 soli
1579 3418 1691 3473 Deo
1749 3421 1935 3474 oblata
1997 3437 2066 3476 ac

488 3510 739 3563 dedicata
772 3519 892 3563 crat
919 3507 1245 3563 Jerusalem.
1281 3508 1442 3563 Juxta
1475 3527 1753 3579 auagogen
1783 3528 1880 3582 per
1912 3514 2069 3582 aqui-

484 3599 689 3663 lonem,
720 3600 997 3654 diabolum
1032 3616 1178 3668 saepe
1206 3601 1503 3672 signiﬁcari
1548 3602 1902 3672 intelligimus
1937 3620 1950 3656 :
1989 3606 2065 3658 Ab

485 3690 736 3759 aquilone
789 3692 957 3756 enim,
1008 3692 1230 3761 inquit,
1286 3693 1642 3747 aceendentur
1696 3697 1875 3748 omnia
1924 3697 2069 3750 mala

486 3796 645 3847 super
680 3783 964 3836 terram".
991 3782 1120 3836 Item
1155 3784 1285 3838 alibi
1318 3802 1333 3838 :
1381 3784 1692 3847 Aquilonem
1730 3787 1988 3853 expellam
2035 3804 2069 3841 a

486 3873 631 3927 vobis
666 3874 733 3925 ⁷⁸.
760 3872 954 3930 Latera
982 3882 1190 3939 autem,
1221 3876 1325 3931 hoc
1355 3886 1459 3945 est,
1499 3881 1742 3934 membra
1773 3883 2069 3951 aquilonis,

486 3976 679 4035 gentes
739 3976 918 4023 erant.
964 3968 1057 4022 Ait
1106 3969 1275 4038 igitur
1324 3971 1469 4041 quod
1526 3973 1770 4028 membra
1832 3974 2060 4044 diaboli,

484 4060 686 4128 quibus
716 4060 845 4115 olim
876 4061 966 4116 ille
986 4061 1395 4128 dominabatur,
1432 4063 1622 4120 effecta
1663 4077 1794 4122 sunt
1843 4077 2058 4126 montes

486 4151 640 4217 Sion,
684 4150 789 4206 hoc
835 4161 940 4217 est,
991 4153 1247 4208 sublimia
1299 4155 1550 4224 quaedam
1621 4165 1786 4227 atque
1838 4162 2059 4218 excelsa

2172 3244 2363 3316 Γραφὴ
2386 3245 2544 3297 καλεῖ
2562 3244 2826 3307 πολλάκις
2839 3245 2932 3298 τὸν
2951 3245 3221 3298 διάϐολονα
3243 3245 3302 3299 Ἀ
3314 3246 3391 3297 πὸ
3403 3244 3600 3313 ,ϐορῤᾶ
3618 3246 3752 3313 γὰρ,

2169 3336 2813 3407 φησὶν,ἑκκαυθήσεται
2836 3338 2907 3389 τὰ
2919 3336 3095 3404 κακὰ,
3120 3339 3215 3391 ἐπὶ
3242 3335 3452 3391 πᾶσαν
3467 3336 3582 3406 τὴν
3610 3336 3751 3406 γῆν.

2166 3430 2261 3483 καὶ
2287 3429 2451 3483 πάλιν
2478 3446 2492 3461 ·
2522 3429 2630 3483 Καὶ
2649 3429 2757 3483 τόν
2782 3429 2902 3483 ἀπὸ
2920 3428 3117 3498 βορῤᾶ
3133 3428 3393 3493 ἐκδιώξω
3430 3429 3532 3498 ἀφ’
3560 3430 3751 3498 ὑμῶν.

2167 3524 2387 3594 Πλευρὰ
2411 3523 2469 3576 δὲ
2500 3523 2691 3589 αὐτοῦ,
2724 3524 2895 3592 ἤγουν
2930 3523 3091 3593 μέλη,
3123 3523 3191 3576 τὰ
3220 3522 3371 3594 ἔθνη.
3432 3524 3570 3590 Φησὶ
3637 3523 3753 3575 τοί-

2167 3633 2284 3682 νυν,
2317 3618 2399 3669 δτι
2427 3616 2493 3669 τὰ
2530 3616 2666 3687 μέλη
2693 3615 2789 3668 τοῦ
2821 3615 3071 3668 διαϐόλου
3099 3611 3173 3669 ὧν
3213 3616 3375 3681 αὐτὸς
3406 3616 3752 3688 ἐκυρίευσεν,

2170 3709 2270 3780 ὅρη
2302 3710 2441 3763 Σιὼν
2465 3713 2743 3779 γεγόνασι,
2797 3710 3079 3785 τουτέστιν
3142 3708 3275 3779 ὕψος
3348 3712 3443 3763 καὶ
3492 3709 3754 3780 πρόϐολοι

2169 3800 2269 3868 τῆς
2297 3799 2629 3867 Ἐκκλησίας
2661 3800 2769 3851 τῶν
2805 3799 3036 3863 πιστῶν,
3068 3798 3156 3852 διὰ
3202 3800 3263 3852 τὸ
3302 3800 3755 3870 ὑπεραναστῆναι

2170 3889 2282 3943 τῶν
2308 3890 2459 3943 κάτω
2491 3890 2812 3961 συρομένων
2844 3890 3215 3961 πραγμάτων,
3250 3892 3347 3945 καὶ
3373 3892 3463 3945 διὰ
3493 3893 3596 3962 τὴν
3650 3894 3755 3946 ἀν-

2171 3982 2358 4051 δρείαν
2383 3983 2583 4037 αὐτῶν.
2619 3986 2728 4037 Καὶ
2754 3985 2806 4038 τί
2856 3985 3000 4053 λέγω
3052 3983 3185 4054 ὕψος
3225 3984 3320 4038 καὶ
3349 3984 3643 4055 πρόϐολοις
3683 3985 3755 4037 Ἡ

2172 4074 2326 4138 πόλις
2358 4075 2452 4129 τοῦ
2494 4068 2763 4146 βασιλέως
2793 4074 3051 4145 Χριστοῦ,
3083 4075 3258 4130 ταῦτά
3287 4077 3454 4130 είσινο
3501 4078 3567 4130 ἐκ
3623 4076 3754 4130 τού-

2170 4183 2282 4220 των
2312 4169 2423 4240 γὰρ
2447 4170 2482 4239 ἡ
2533 4168 2834 4240 Ἐκκλησία
2865 4169 3219 4238 συνέστηκεν.

486 4242 740 4299 Ecclesiae
766 4249 1077 4314 cacumina,
1101 4264 1167 4303 eo
1190 4250 1335 4320 quod
1377 4265 1406 4303 a
1446 4252 1678 4307 terrenis
1715 4264 1877 4323 atque
1910 4257 2060 4314 humi
2109 4260 2285 4319 aﬂixis
2325 4265 2490 4320 rebus
2525 4265 3029 4333 elevati,sublimes
3064 4267 3117 4321 in
3168 4267 3336 4320 altum
3405 4269 3753 4326 conscende-

486 4345 637 4432 runt,
668 4347 723 4394 et
750 4349 973 4411 propter
988 4357 1180 4396 eorum
1211 4343 1616 4401 fortitudinem.
1640 4346 1841 4403 Verum
1911 4366 2106 4420 parum
2183 4356 2318 4423 dixi,
2349 4359 2494 4428 quod
2525 4360 2738 4415 excelsa
2776 4360 2916 4414 facta
2936 4361 3046 4415 sint
3083 4361 3389 4426 cacumina,
3418 4376 3541 4417 cum
3566 4363 3753 4432 potius

486 4422 632 4530 facta
681 4432 795 4530 sint
853 4432 1012 4530 sedes
1039 4450 1113 4530 ac
1149 4435 1526 4530 diversorium
1569 4441 1799 4498 Christi.
1854 4444 1933 4501 Ex
1981 4451 2063 4505 eis
2094 4455 2239 4507 enim
2283 4422 2615 4526 congregata
2664 4464 2749 4511 est
2778 4455 3018 4512 fidelium
3053 4422 3405 4526 Ecclesia,in
3479 4422 3588 4530 qua
3662 4458 3753 4514 iu.

486 4519 698 4573 habitat
723 4532 776 4575 et
799 4525 998 4578 residet
1029 4526 1289 4581 Christus
1317 4530 1601 4588 Dominus.

556 4611 723 4666 Vsus.
756 4614 808 4666 4.
852 4615 994 4669 Deus
1038 4619 1090 4670 in
1139 4620 1385 4674 domibus
1416 4624 1531 4693 ejus
1562 4640 1903 4697 cognoscetur
1947 4650 2064 4687 cum
2097 4639 2142 4694 Ι)

484 4704 779 4757 auxiliatus
805 4704 963 4773 fuerit
989 4709 1058 4763 ei.
1080 4708 1211 4781 [Pro
1237 4713 1493 4771 domibus
1528 4718 1579 4771 in
1611 4717 1803 4776 Graeco
1831 4723 2064 4793 legimus

484 4795 730 4867 βάρεα]
763 4800 903 4852 Sunt
946 4810 1125 4856 autem
1156 4804 1345 4875 βάρεις
1378 4812 1676 4881 magnifica:
1702 4829 1765 4869 ac
1812 4817 2061 4885 Splendi-

482 4889 564 4941 da:
598 4888 815 4958 domus,
839 4906 933 4961 per
961 4910 1097 4963 quas
1121 4897 1225 4953 hoc
1257 4901 1310 4953 in
1351 4902 1469 4956 loco
1496 4905 1753 4975 templum
1784 4909 2062 4978 signiﬁca-

482 4993 596 5048 tur,
647 4986 795 5054 quod
839 4998 958 5041 erat
989 4991 1042 5043 in
1074 4990 1380 5049 Jerusalem
1416 5014 1429 5050 :
1478 4998 1532 5051 in
1563 5014 1671 5070 quo
1702 5002 2063 5059 manifestare

448 5072 541 5130 'sc
597 5093 663 5132 ac
726 5091 914 5133 nouuu
981 5086 1363 5143 sacerdotibus
1409 5092 1587 5146 facere
1636 5094 1849 5148 solebat
1894 5095 2059 5161 Deus,

478 5172 700 5238 quando
720 5173 1045 5230 adveniente
1062 5179 1248 5248 aliquo
1268 5180 1409 5237 bello
1428 5184 1507 5238 eis
1526 5194 1641 5237 erat
1665 5186 2055 5242 auxiliaturus.

480 5263 606 5317 Haec
651 5274 837 5319 autem
884 5268 936 5321 in
967 5268 1181 5325 Iaudem
1231 5272 1474 5330 civitatis
1519 5277 1665 5331 dicta
1710 5286 1860 5333 sunt.
1890 5278 2056 5333 Juxta

480 5369 760 5426 anagogen
792 5374 888 5429 per
914 5362 1193 5417 civitatem
1222 5368 1536 5421 communio
1574 5369 1663 5422 illa
1708 5369 2053 5439 intelligitur,

478 5457 584 5511 qua
617 5447 806 5503 fideles
841 5450 895 5503 in
923 5453 1055 5517 vita,
1112 5465 1277 5525 atque
1327 5462 1743 5515 conversatione
1787 5477 1886 5516 sua
1919 5478 2055 5515 con-

474 5534 798 5606 junguntur.
866 5544 965 5599 Est
1018 5556 1198 5602 autem
1258 5565 1365 5603 una
1403 5552 1516 5606 haec
1569 5554 1782 5623 civitas,
1829 5564 2053 5626 propter

548 5654 591 5683 ⁷⁷
618 5653 817 5711 Jerem.
852 5674 889 5724 ι,
920 5660 1004 5714 il.
1106 5663 1150 5693 "
1174 5660 1290 5719 Joel
1322 5681 1379 5734 ιι,
1405 5665 1495 5720 20.

2256 4635 2317 4687 '0
2354 4634 2502 4699 Θεὸς
2529 4632 2599 4687 ἐν
2643 4634 2774 4699 ταῖς
2792 4633 3055 4703 ,ϐάρεσιν
3092 4635 3281 4689 αὐτοῦ
3371 4636 3749 4708 γινώσκεται,

2168 4728 2315 4781 ὅταν
2337 4727 2847 4797 ἀντιλαμϐάγηται
2866 4727 3079 4797 αὐτῆς.
3134 4729 3353 4795 Βάρεις,
3381 4732 3430 4783 oi
3460 4735 3752 4802 ἐπιφανεῖς

2166 4817 2340 4874 οἶκοι·
2376 4819 2486 4875 εἷεν
2515 4821 2641 4873 δ’ἂν
2671 4820 2843 4872 ταῦτα
2866 4820 2960 4873 νῦν
2996 4822 3023 4873 ό
3060 4821 3186 4885 ναὸς
3218 4823 3317 4891 τῆς
3359 4823 3748 4895 Ἰερουσαλὴμ,

2167 4913 2225 4965 ἐν
2256 4907 2320 4979 ᾧ,
2360 4913 2547 4981 φησιν,
2609 4909 2971 4981 ἐμφανίζεται
3023 4914 3137 4974 τοῖς
3183 4912 3439 4983 ἱερεῦσιν,
3505 4917 3749 4986 ὁπηνίκα

2167 5004 2408 5074 πολέμου
2441 5004 2867 5068 καταλαϐόντος,
2916 5005 3090 5076 μέλλῃ
3135 5005 3351 5076 βοηθεῖν
3403 5009 3588 5073 αὐτοῖς
3624 5023 3638 5038 ⁸
3664 5005 3745 5062 εἶ-

2168 5115 2269 5151 πεν
2304 5098 2361 5151 δὲ
2389 5096 2568 5161 τοῦτο,
2604 5097 2740 5167 πρὸς
2766 5096 2990 5150 ἔπαινον
3018 5099 3119 5167 τῆς
3168 5098 3397 5161 πόλεως.
3444 5101 3747 5169 Ἀναγωγι-

2164 5189 2278 5252 κῶς
2328 5188 2385 5241 δὲ
2443 5189 2593 5251 πόλις
2658 5189 2844 5259 μὲν,ὴ
2894 5188 3139 5243 πολιτεία
3189 5192 3289 5261 τῆς
3335 5193 3574 5256 πίστεως
3633 5196 3746 5247 τῶν

2167 5279 2460 5349 ἅπανταχῆ
2486 5280 2833 5350 Χριστιανῶν
2862 5295 2875 5309 ·
2907 5280 3005 5351 μία
3041 5283 3149 5351 γὰρ
3172 5281 3336 5352 αὕτη,
3364 5285 3451 5337 διὰ
3483 5286 3581 5355 τὴν
3611 5286 3746 5339 ἐνω-

2168 5387 2253 5423 σιν
2277 5376 2372 5423 καὶ
2404 5370 2692 5423 κοινωνίαν
2753 5372 2852 5441 τῆς
2910 5372 3214 5436 εὐσεϐείας.
3285 5375 3483 5445 Βάρεις
3530 5377 3587 5429 δὲ
3647 5379 3743 5430 καὶ

2163 5458 2324 5528 οἶκοι,
2354 5462 2402 5514 oi
2439 5463 2579 5515 κατὰ
2606 5463 2772 5515 τόπον
2803 5464 2922 5516 ναοὶ
2943 5463 3144 5528 αὐτῶν,
3201 5468 3260 5517 ἐν
3291 5463 3372 5529 οἷς
3433 5471 3460 5520 ό
3506 5468 3743 5537 Χριστὸς

2164 5554 2550 5624 ἐμφανίζεται.
2585 5556 2713 5608 ὅταν
2756 5555 3002 5625 διωγμοῦ
3058 5558 3482 5625 καταλαϐόντος,
3534 5561 3740 5632 ὑπερα-

1837 5739 2049 5801 Variaa
2082 5740 2419 5802 lectiones.

552 5818 665 5891 (72)
697 5824 784 5879 Al.
831 5827 890 5880 Ὀ
913 5830 975 5884 ἐκ
1003 5832 1234 5902 πλαγίου
1260 5854 1353 5907 μοι
1380 5839 1781 5911 τετραμμένος,
1820 5842 2031 5913 πλευρά
2058 5860 2149 5915 μοι
2185 5843 2382 5913 λέγοιτ’
2414 5843 2500 5899 ἄν.
2532 5843 2687 5899 Κατὰ
2720 5843 2964 5915 πλευρὰν
3002 5845 3111 5918 γὰρ
3140 5847 3198 5901 τδ
3232 5846 3481 5917 πλάγιον.
