  <div class='ocr_page' id='page_1' title='image "/cluster/home/n/w/nwhite01/storage/ocr_20150623/128:no.1/coo.31924054870336/268.png"; bbox 0 0 4120 6420; ppageno 0'>
   <div class='ocr_carea' id='block_1_1' title="bbox 445 349 3709 423">
    <p class='ocr_par' dir='ltr' id='par_1_1' title="bbox 445 349 3709 423">
     <span class='ocr_line' id='line_1_1' title="bbox 445 349 3709 423; baseline -0.002 -10"><span class='ocrx_word' id='word_1_1' title='bbox 445 349 552 415; x_wconf 70' lang='grc' dir='ltr'><strong>εει</strong></span> <span class='ocrx_word' id='word_1_2' title='bbox 954 388 989 423; x_wconf 81' lang='lat'><strong>.</strong></span> <span class='ocrx_word' id='word_1_3' title='bbox 1640 350 2002 413; x_wconf 82' lang='lat' dir='ltr'><strong>COMMENT</strong></span> <span class='ocrx_word' id='word_1_4' title='bbox 2046 351 2127 411; x_wconf 89' lang='lat' dir='ltr'><strong>lN</strong></span> <span class='ocrx_word' id='word_1_5' title='bbox 2159 352 2523 413; x_wconf 84' lang='lat' dir='ltr'><strong>PSALMOS.</strong></span> <span class='ocrx_word' id='word_1_6' title='bbox 3603 358 3709 422; x_wconf 70' lang='lat'><strong>522</strong></span> 
     </span>
    </p>
   </div>
   <div class='ocr_carea' id='block_1_2' title="bbox 442 464 2039 538">
    <p class='ocr_par' dir='ltr' id='par_1_2' title="bbox 442 464 2024 538">
     <span class='ocr_line' id='line_1_2' title="bbox 442 464 2024 538; baseline -0.002 -19"><span class='ocrx_word' id='word_1_7' title='bbox 442 466 615 538; x_wconf 73' lang='grc' dir='ltr'>σπῖζῃ</span> <span class='ocrx_word' id='word_1_8' title='bbox 646 464 839 535; x_wconf 76' lang='grc' dir='ltr'>αὐτῆς.</span> <span class='ocrx_word' id='word_1_9' title='bbox 876 464 1002 536; x_wconf 81' lang='grc' dir='ltr'><strong>Χρὴ</strong></span> <span class='ocrx_word' id='word_1_10' title='bbox 1026 467 1083 520; x_wconf 78' lang='grc' dir='ltr'>δὲ</span> <span class='ocrx_word' id='word_1_11' title='bbox 1112 465 1403 534; x_wconf 75' lang='grc' dir='ltr'><strong>γινώσκειν</strong></span> <span class='ocrx_word' id='word_1_12' title='bbox 1432 466 1514 519; x_wconf 81' lang='grc' dir='ltr'>ὅτι</span> <span class='ocrx_word' id='word_1_13' title='bbox 1538 467 1649 519; x_wconf 85' lang='grc' dir='ltr'><strong>τῶν</strong></span> <span class='ocrx_word' id='word_1_14' title='bbox 1677 465 1886 519; x_wconf 80' lang='grc' dir='ltr'><strong>πιστῶν</strong></span> <span class='ocrx_word' id='word_1_15' title='bbox 1932 464 2024 519; x_wconf 71' lang='grc' dir='ltr'><strong>καὶ</strong></span> 
     </span>
    </p>
   </div>
   <div class='ocr_carea' id='block_1_3' title="bbox 2137 464 3708 538">
    <p class='ocr_par' dir='ltr' id='par_1_3' title="bbox 2137 464 3708 535">
     <span class='ocr_line' id='line_1_3' title="bbox 2137 464 3708 535; baseline 0.01 -17"><span class='ocrx_word' id='word_1_16' title='bbox 2137 464 2255 520; x_wconf 85' lang='lat' dir='ltr'><strong>ﬁdei</strong></span> <span class='ocrx_word' id='word_1_17' title='bbox 2312 482 2376 521; x_wconf 89' lang='lat' dir='ltr'><strong>ac</strong></span> <span class='ocrx_word' id='word_1_18' title='bbox 2433 466 2715 535; x_wconf 78' lang='lat' dir='ltr'><strong>religionis</strong></span> <span class='ocrx_word' id='word_1_19' title='bbox 2775 470 3064 527; x_wconf 83' lang='lat' dir='ltr'><strong>unitatem.</strong></span> <span class='ocrx_word' id='word_1_20' title='bbox 3114 470 3218 528; x_wconf 83' lang='lat' dir='ltr'><strong>Per</strong></span> <span class='ocrx_word' id='word_1_21' title='bbox 3291 471 3488 530; x_wconf 87' lang='lat' dir='ltr'><strong>domus</strong></span> <span class='ocrx_word' id='word_1_22' title='bbox 3526 485 3708 533; x_wconf 87' lang='lat' dir='ltr'><strong>autem</strong></span> 
     </span>
    </p>
   </div>
   <div class='ocr_carea' id='block_1_4' title="bbox 444 556 2039 639">
    <p class='ocr_par' dir='ltr' id='par_1_4' title="bbox 444 556 2025 632">
     <span class='ocr_line' id='line_1_4' title="bbox 444 556 2025 632; baseline -0.003 -18"><span class='ocrx_word' id='word_1_23' title='bbox 444 563 548 632; x_wconf 72' lang='grc' dir='ltr'>μία</span> <span class='ocrx_word' id='word_1_24' title='bbox 573 560 882 631; x_wconf 78' lang='grc' dir='ltr'><strong>Ἐκκλησία</strong></span> <span class='ocrx_word' id='word_1_25' title='bbox 908 560 1153 629; x_wconf 71' lang='grc' dir='ltr'>λέγεται,</span> <span class='ocrx_word' id='word_1_26' title='bbox 1191 560 1287 614; x_wconf 74' lang='grc' dir='ltr'><strong>καὶ</strong></span> <span class='ocrx_word' id='word_1_27' title='bbox 1307 559 1499 613; x_wconf 82' lang='grc' dir='ltr'>πολλαὶ</span> <span class='ocrx_word' id='word_1_28' title='bbox 1535 577 1549 591; x_wconf 78' lang='grc' dir='ltr'><strong><em>ο</em></strong></span> <span class='ocrx_word' id='word_1_29' title='bbox 1577 559 1672 612; x_wconf 67' lang='grc' dir='ltr'><strong>καὶ</strong></span> <span class='ocrx_word' id='word_1_30' title='bbox 1741 558 1843 629; x_wconf 78' lang='grc' dir='ltr'><strong>μία</strong></span> <span class='ocrx_word' id='word_1_31' title='bbox 1903 556 2025 627; x_wconf 78' lang='grc' dir='ltr'>μὲν,</span> 
     </span>
    </p>
   </div>
   <div class='ocr_carea' id='block_1_5' title="bbox 2137 556 3712 639">
    <p class='ocr_par' dir='ltr' id='par_1_5' title="bbox 2140 557 3712 639">
     <span class='ocr_line' id='line_1_5' title="bbox 2140 557 3712 639; baseline 0.01 -27"><span class='ocrx_word' id='word_1_32' title='bbox 2140 558 2342 628; x_wconf 84' lang='lat' dir='ltr'><strong>templa</strong></span> <span class='ocrx_word' id='word_1_33' title='bbox 2371 557 2771 631; x_wconf 75' lang='lat' dir='ltr'><strong>intelliguntur,</strong></span> <span class='ocrx_word' id='word_1_34' title='bbox 2809 580 2931 634; x_wconf 73' lang='lat' dir='ltr'><strong>qua:</strong></span> <span class='ocrx_word' id='word_1_35' title='bbox 2966 565 3020 621; x_wconf 91' lang='lat' dir='ltr'><strong>in</strong></span> <span class='ocrx_word' id='word_1_36' title='bbox 3047 565 3215 622; x_wconf 86' lang='lat' dir='ltr'><strong>variis</strong></span> <span class='ocrx_word' id='word_1_37' title='bbox 3245 568 3430 622; x_wconf 90' lang='lat' dir='ltr'><strong>mundi</strong></span> <span class='ocrx_word' id='word_1_38' title='bbox 3461 571 3712 639; x_wconf 90' lang='lat' dir='ltr'><strong>partibus</strong></span> 
     </span>
    </p>
   </div>
   <div class='ocr_carea' id='block_1_6' title="bbox 438 648 2039 730">
    <p class='ocr_par' dir='ltr' id='par_1_6' title="bbox 438 648 2030 724">
     <span class='ocr_line' id='line_1_6' title="bbox 438 648 2030 724; baseline -0.001 -19"><span class='ocrx_word' id='word_1_39' title='bbox 438 652 533 706; x_wconf 78' lang='grc' dir='ltr'>διὰ</span> <span class='ocrx_word' id='word_1_40' title='bbox 564 651 664 724; x_wconf 80' lang='grc' dir='ltr'>τὴν</span> <span class='ocrx_word' id='word_1_41' title='bbox 696 653 829 723; x_wconf 82' lang='grc' dir='ltr'>μίαν</span> <span class='ocrx_word' id='word_1_42' title='bbox 863 652 1144 706; x_wconf 80' lang='grc' dir='ltr'>πολιτείαν</span> <span class='ocrx_word' id='word_1_43' title='bbox 1165 651 1265 722; x_wconf 75' lang='grc' dir='ltr'>τῆς</span> <span class='ocrx_word' id='word_1_44' title='bbox 1297 650 1564 716; x_wconf 75' lang='grc' dir='ltr'>πίστεωςο</span> <span class='ocrx_word' id='word_1_45' title='bbox 1617 650 1814 705; x_wconf 74' lang='grc' dir='ltr'>πολλαὶ</span> <span class='ocrx_word' id='word_1_46' title='bbox 1838 649 1916 716; x_wconf 82' lang='grc' dir='ltr'>δὲ,</span> <span class='ocrx_word' id='word_1_47' title='bbox 1941 648 2030 703; x_wconf 80' lang='grc' dir='ltr'>διὰ</span> 
     </span>
    </p>
   </div>
   <div class='ocr_carea' id='block_1_7' title="bbox 2137 648 3713 730">
    <p class='ocr_par' dir='ltr' id='par_1_7' title="bbox 2138 650 3713 730">
     <span class='ocr_line' id='line_1_7' title="bbox 2138 650 3713 730; baseline 0.006 -25"><span class='ocrx_word' id='word_1_48' title='bbox 2138 665 2169 705; x_wconf 81' lang='lat' dir='ltr'><strong>a</strong></span> <span class='ocrx_word' id='word_1_49' title='bbox 2201 650 2531 706; x_wconf 73' lang='lat' dir='ltr'><strong>Christianis</strong></span> <span class='ocrx_word' id='word_1_50' title='bbox 2568 662 2752 708; x_wconf 88' lang='lat' dir='ltr'><strong>erecta</strong></span> <span class='ocrx_word' id='word_1_51' title='bbox 2787 664 2918 710; x_wconf 90' lang='lat' dir='ltr'><strong>sunt</strong></span> <span class='ocrx_word' id='word_1_52' title='bbox 2956 677 2969 711; x_wconf 90' lang='lat'><strong>:</strong></span> <span class='ocrx_word' id='word_1_53' title='bbox 3001 656 3057 712; x_wconf 91' lang='lat' dir='ltr'><strong>in</strong></span> <span class='ocrx_word' id='word_1_54' title='bbox 3111 657 3314 728; x_wconf 78' lang='lat' dir='ltr'><strong>quibus</strong></span> <span class='ocrx_word' id='word_1_55' title='bbox 3359 662 3713 730; x_wconf 81' lang='lat' dir='ltr'><strong>c0gnoscitur</strong></span> 
     </span>
    </p>
   </div>
   <div class='ocr_carea' id='block_1_8' title="bbox 439 739 2039 823">
    <p class='ocr_par' dir='ltr' id='par_1_8' title="bbox 439 744 1787 810">
     <span class='ocr_line' id='line_1_8' title="bbox 439 744 1787 810; baseline -0.001 -12"><span class='ocrx_word' id='word_1_56' title='bbox 439 746 576 810; x_wconf 78' lang='grc' dir='ltr'>τοὺς</span> <span class='ocrx_word' id='word_1_57' title='bbox 603 745 839 810; x_wconf 81' lang='grc' dir='ltr'>πολλοὺς</span> <span class='ocrx_word' id='word_1_58' title='bbox 864 745 1010 800; x_wconf 85' lang='grc' dir='ltr'><strong>κατὰ</strong></span> <span class='ocrx_word' id='word_1_59' title='bbox 1033 744 1232 806; x_wconf 80' lang='grc' dir='ltr'><strong>τόπους</strong></span> <span class='ocrx_word' id='word_1_60' title='bbox 1269 745 1362 798; x_wconf 75' lang='grc' dir='ltr'>καὶ</span> <span class='ocrx_word' id='word_1_61' title='bbox 1391 744 1576 808; x_wconf 74' lang='grc' dir='ltr'>πόλεις</span> <span class='ocrx_word' id='word_1_62' title='bbox 1604 744 1787 807; x_wconf 79' lang='grc' dir='ltr'>ναούς.</span> 
     </span>
    </p>
   </div>
   <div class='ocr_carea' id='block_1_9' title="bbox 2137 739 3714 823">
    <p class='ocr_par' dir='ltr' id='par_1_9' title="bbox 2138 739 3714 823">
     <span class='ocr_line' id='line_1_9' title="bbox 2138 739 3714 823; baseline 0.008 -27"><span class='ocrx_word' id='word_1_63' title='bbox 2138 754 2205 796; x_wconf 86' lang='lat' dir='ltr'><strong>ac</strong></span> <span class='ocrx_word' id='word_1_64' title='bbox 2245 739 2633 797; x_wconf 77' lang='lat' dir='ltr'><strong>manifestatur</strong></span> <span class='ocrx_word' id='word_1_65' title='bbox 2660 742 2935 811; x_wconf 78' lang='lat' dir='ltr'><strong>ChriStus,</strong></span> <span class='ocrx_word' id='word_1_66' title='bbox 2973 748 3191 818; x_wconf 90' lang='lat' dir='ltr'><strong>quoties</strong></span> <span class='ocrx_word' id='word_1_67' title='bbox 3216 750 3543 809; x_wconf 74' lang='lat' dir='ltr'><strong>adveniente</strong></span> <span class='ocrx_word' id='word_1_68' title='bbox 3592 768 3714 823; x_wconf 87' lang='lat' dir='ltr'><strong>per-</strong></span> 
     </span>
    </p>
   </div>
   <div class='ocr_carea' id='block_1_10' title="bbox 438 836 3711 914">
    <p class='ocr_par' dir='ltr' id='par_1_10' title="bbox 438 836 3711 914">
     <span class='ocr_line' id='line_1_10' title="bbox 438 836 3711 914; baseline 0.004 -21"><span class='ocrx_word' id='word_1_69' title='bbox 438 838 734 896; x_wconf 87' lang='lat' dir='ltr'><strong>secutione</strong></span> <span class='ocrx_word' id='word_1_70' title='bbox 785 841 907 911; x_wconf 89' lang='lat' dir='ltr'><strong>ipse</strong></span> <span class='ocrx_word' id='word_1_71' title='bbox 958 839 1266 899; x_wconf 84' lang='lat' dir='ltr'><strong>Ecclesiam</strong></span> <span class='ocrx_word' id='word_1_72' title='bbox 1335 856 1494 898; x_wconf 84' lang='lat' dir='ltr'><strong>suam</strong></span> <span class='ocrx_word' id='word_1_73' title='bbox 1547 840 1845 909; x_wconf 87' lang='lat' dir='ltr'><strong>adjuverit.</strong></span> <span class='ocrx_word' id='word_1_74' title='bbox 1899 836 2039 893; x_wconf 89' lang='lat' dir='ltr'><strong>Illud</strong></span> <span class='ocrx_word' id='word_1_75' title='bbox 2068 836 2235 892; x_wconf 90' lang='lat' dir='ltr'><strong>etiam</strong></span> <span class='ocrx_word' id='word_1_76' title='bbox 2269 836 2824 896; x_wconf 89' lang='lat' dir='ltr'><strong>animadvertendum</strong></span> <span class='ocrx_word' id='word_1_77' title='bbox 2851 850 2958 907; x_wconf 89' lang='lat' dir='ltr'><strong>est,</strong></span> <span class='ocrx_word' id='word_1_78' title='bbox 3016 847 3162 914; x_wconf 89' lang='lat' dir='ltr'><strong>quod</strong></span> <span class='ocrx_word' id='word_1_79' title='bbox 3235 863 3340 903; x_wconf 88' lang='lat' dir='ltr'><strong>una</strong></span> <span class='ocrx_word' id='word_1_80' title='bbox 3384 864 3507 904; x_wconf 89' lang='lat' dir='ltr'><strong>esse</strong></span> <span class='ocrx_word' id='word_1_81' title='bbox 3575 849 3711 905; x_wconf 88' lang='lat' dir='ltr'><strong>ﬁde-</strong></span> 
     </span>
    </p>
   </div>
   <div class='ocr_carea' id='block_1_11' title="bbox 400 894 3708 1011">
    <p class='ocr_par' dir='ltr' id='par_1_11' title="bbox 400 894 3708 1011">
     <span class='ocr_line' id='line_1_11' title="bbox 400 894 3708 1011; baseline 0.003 -25"><span class='ocrx_word' id='word_1_82' title='bbox 400 894 410 923; x_wconf 51' lang='lat'><strong>!</strong></span> <span class='ocrx_word' id='word_1_83' title='bbox 441 894 580 989; x_wconf 32' lang='lat' dir='ltr'><strong>liu&#39;m</strong></span> <span class='ocrx_word' id='word_1_84' title='bbox 638 894 901 990; x_wconf 66' lang='lat' dir='ltr'><strong>Ecclesia</strong></span> <span class='ocrx_word' id='word_1_85' title='bbox 937 894 1148 991; x_wconf 71' lang='lat' dir='ltr'><strong>dicitur</strong></span> <span class='ocrx_word' id='word_1_86' title='bbox 1160 894 1297 1002; x_wconf 35' lang='grc' dir='ltr'>,ἡξει</span> <span class='ocrx_word' id='word_1_87' title='bbox 1337 894 1530 989; x_wconf 65' lang='lat' dir='ltr'><strong>multa:</strong></span> <span class='ocrx_word' id='word_1_88' title='bbox 1563 948 1579 987; x_wconf 85' lang='lat'><strong>:</strong></span> <span class='ocrx_word' id='word_1_89' title='bbox 1612 894 1724 987; x_wconf 75' lang='lat' dir='ltr'><strong>una</strong></span> <span class='ocrx_word' id='word_1_90' title='bbox 1785 931 2031 1003; x_wconf 86' lang='lat' dir='ltr'><strong>quidem,</strong></span> <span class='ocrx_word' id='word_1_91' title='bbox 2065 927 2172 986; x_wconf 89' lang='lat' dir='ltr'><strong>ﬁde</strong></span> <span class='ocrx_word' id='word_1_92' title='bbox 2212 946 2226 983; x_wconf 88' lang='lat'><strong>:</strong></span> <span class='ocrx_word' id='word_1_93' title='bbox 2257 938 2311 983; x_wconf 88' lang='lat' dir='ltr'><strong>et</strong></span> <span class='ocrx_word' id='word_1_94' title='bbox 2334 931 2516 987; x_wconf 82' lang='lat' dir='ltr'><strong>multae</strong></span> <span class='ocrx_word' id='word_1_95' title='bbox 2542 942 2769 1004; x_wconf 86' lang='lat' dir='ltr'><strong>propter</strong></span> <span class='ocrx_word' id='word_1_96' title='bbox 2818 935 2992 1003; x_wconf 86' lang='lat' dir='ltr'><strong>varia,</strong></span> <span class='ocrx_word' id='word_1_97' title='bbox 3024 951 3146 1007; x_wconf 76' lang='lat' dir='ltr'><strong>quae</strong></span> <span class='ocrx_word' id='word_1_98' title='bbox 3210 941 3413 1011; x_wconf 75' lang='lat' dir='ltr'><strong>ubique</strong></span> <span class='ocrx_word' id='word_1_99' title='bbox 3461 943 3708 998; x_wconf 88' lang='lat' dir='ltr'><strong>locorum</strong></span> 
     </span>
    </p>
   </div>
   <div class='ocr_carea' id='block_1_12' title="bbox 559 1027 850 1092">
    <p class='ocr_par' dir='ltr' id='par_1_12' title="bbox 559 1027 850 1092">
     <span class='ocr_line' id='line_1_12' title="bbox 559 1027 850 1092; baseline 0.01 -13"><span class='ocrx_word' id='word_1_100' title='bbox 559 1038 599 1092; x_wconf 88' lang='lat' dir='ltr'><strong>t,</strong></span> <span class='ocrx_word' id='word_1_101' title='bbox 625 1027 850 1092; x_wconf 87' lang='lat' dir='ltr'><strong>templa.</strong></span> 
     </span>
    </p>
   </div>
   <div class='ocr_carea' id='block_1_13' title="bbox 398 1043 2026 1191">
    <p class='ocr_par' dir='ltr' id='par_1_13' title="bbox 398 1043 2026 1191">
     <span class='ocr_line' id='line_1_13' title="bbox 492 1043 850 1092; baseline 0.006 -12"><span class='ocrx_word' id='word_1_102' title='bbox 492 1046 505 1080; x_wconf 83' lang='grc' dir='ltr'><strong>ι</strong></span> <span class='ocrx_word' id='word_1_103' title='bbox 559 1043 599 1092; x_wconf 89' lang='grc' dir='ltr'><strong>ι,</strong></span> <span class='ocrx_word' id='word_1_104' title='bbox 625 1043 732 1082; x_wconf 87' lang='lat' dir='ltr'><strong>tem</strong></span> <span class='ocrx_word' id='word_1_105' title='bbox 776 1043 850 1082; x_wconf 86' lang='lat' dir='ltr'><strong>Ia.</strong></span> 
     </span>
     <span class='ocr_line' id='line_1_14' title="bbox 398 1043 2026 1191; baseline 0.009 -16"><span class='ocrx_word' id='word_1_106' title='bbox 398 1142 405 1153; x_wconf 72' lang='grc' dir='ltr'><strong><em>ε</em></strong></span> <span class='ocrx_word' id='word_1_107' title='bbox 440 1044 648 1177; x_wconf 46' lang='grc' dir='ltr'><strong>ειῗοτι</strong></span> <span class='ocrx_word' id='word_1_108' title='bbox 679 1043 813 1176; x_wconf 57' lang='grc' dir='ltr'><strong>ὶδξὺ</strong></span> <span class='ocrx_word' id='word_1_109' title='bbox 845 1122 901 1174; x_wconf 76' lang='grc' dir='ltr'>οἱ</span> <span class='ocrx_word' id='word_1_110' title='bbox 940 1121 1225 1188; x_wconf 73' lang='grc' dir='ltr'><strong>βασιλεῖς</strong></span> <span class='ocrx_word' id='word_1_111' title='bbox 1252 1122 1365 1190; x_wconf 82' lang='grc' dir='ltr'>τῆς</span> <span class='ocrx_word' id='word_1_112' title='bbox 1429 1121 1544 1191; x_wconf 74' lang='grc' dir='ltr'><strong>γῆς</strong></span> <span class='ocrx_word' id='word_1_113' title='bbox 1596 1117 2026 1188; x_wconf 79' lang='grc' dir='ltr'><strong>συνήχθησαν·</strong></span> 
     </span>
    </p>
   </div>
   <div class='ocr_carea' id='block_1_14' title="bbox 2208 1108 3713 1196">
    <p class='ocr_par' dir='ltr' id='par_1_14' title="bbox 2208 1108 3713 1196">
     <span class='ocr_line' id='line_1_15' title="bbox 2208 1108 3713 1196; baseline 0.011 -33"><span class='ocrx_word' id='word_1_114' title='bbox 2208 1108 2375 1166; x_wconf 71' lang='lat' dir='ltr'><strong>Vens.</strong></span> <span class='ocrx_word' id='word_1_115' title='bbox 2409 1110 2463 1166; x_wconf 83' lang='lat'><strong>5.</strong></span> <span class='ocrx_word' id='word_1_116' title='bbox 2515 1110 2779 1178; x_wconf 78' lang='lat' dir='ltr'><strong>Quoniam</strong></span> <span class='ocrx_word' id='word_1_117' title='bbox 2823 1132 2937 1170; x_wconf 83' lang='lat' dir='ltr'><strong>ecce</strong></span> <span class='ocrx_word' id='word_1_118' title='bbox 2995 1135 3139 1190; x_wconf 86' lang='lat' dir='ltr'><strong>reges</strong></span> <span class='ocrx_word' id='word_1_119' title='bbox 3202 1130 3359 1176; x_wconf 69' lang='lat' dir='ltr'><strong>terra:</strong></span> <span class='ocrx_word' id='word_1_120' title='bbox 3409 1126 3713 1196; x_wconf 76' lang='lat' dir='ltr'><strong>congregati</strong></span> 
     </span>
    </p>
   </div>
   <div class='ocr_carea' id='block_1_15' title="bbox 434 1201 2039 1289">
    <p class='ocr_par' dir='ltr' id='par_1_15' title="bbox 434 1212 2028 1289">
     <span class='ocr_line' id='line_1_16' title="bbox 434 1212 2028 1289; baseline -0.003 -15"><span class='ocrx_word' id='word_1_121' title='bbox 434 1219 603 1274; x_wconf 68' lang='grc' dir='ltr'>Κατὰ</span> <span class='ocrx_word' id='word_1_122' title='bbox 667 1218 769 1288; x_wconf 84' lang='grc' dir='ltr'>τῆς</span> <span class='ocrx_word' id='word_1_123' title='bbox 840 1216 1221 1289; x_wconf 78' lang='grc' dir='ltr'>Ἰερουσαλὴμ,</span> <span class='ocrx_word' id='word_1_124' title='bbox 1282 1218 1314 1289; x_wconf 80' lang='grc' dir='ltr'><strong>ἢ</strong></span> <span class='ocrx_word' id='word_1_125' title='bbox 1360 1215 1461 1289; x_wconf 81' lang='grc' dir='ltr'>τῆς</span> <span class='ocrx_word' id='word_1_126' title='bbox 1525 1215 1856 1286; x_wconf 79' lang='grc' dir='ltr'>Ἐκκλησίας</span> <span class='ocrx_word' id='word_1_127' title='bbox 1919 1212 2028 1269; x_wconf 85' lang='grc' dir='ltr'>τῶν</span> 
     </span>
    </p>
   </div>
   <div class='ocr_carea' id='block_1_16' title="bbox 2137 1201 3716 1289">
    <p class='ocr_par' dir='ltr' id='par_1_16' title="bbox 2137 1201 3716 1280">
     <span class='ocr_line' id='line_1_17' title="bbox 2137 1201 3716 1280; baseline 0.013 -23"><span class='ocrx_word' id='word_1_128' title='bbox 2137 1201 2567 1260; x_wconf 81' lang='lat' dir='ltr'><strong>sunt.Adversus</strong></span> <span class='ocrx_word' id='word_1_129' title='bbox 2594 1204 2765 1276; x_wconf 81' lang='lat' dir='ltr'><strong>ipsam</strong></span> <span class='ocrx_word' id='word_1_130' title='bbox 2784 1205 3207 1280; x_wconf 86' lang='lat' dir='ltr'><strong>Jerusalem,vel</strong></span> <span class='ocrx_word' id='word_1_131' title='bbox 3230 1215 3497 1275; x_wconf 88' lang='lat' dir='ltr'><strong>adversus</strong></span> <span class='ocrx_word' id='word_1_132' title='bbox 3517 1217 3716 1277; x_wconf 83' lang='lat' dir='ltr'><strong>Eccle-</strong></span> 
     </span>
    </p>
   </div>
   <div class='ocr_carea' id='block_1_17' title="bbox 431 1328 2026 1474">
    <p class='ocr_par' dir='ltr' id='par_1_17' title="bbox 431 1328 2026 1474">
     <span class='ocr_line' id='line_1_18' title="bbox 431 1328 2026 1474; baseline -0.001 -18"><span class='ocrx_word' id='word_1_133' title='bbox 918 1402 1260 1458; x_wconf 78' lang='grc' dir='ltr'>ἐπιτοαυτό.</span> <span class='ocrx_word' id='word_1_134' title='bbox 1338 1400 1631 1474; x_wconf 82' lang='grc' dir='ltr'>Παρῆλθον</span> <span class='ocrx_word' id='word_1_135' title='bbox 1706 1401 1793 1456; x_wconf 82' lang='grc' dir='ltr'>ἐπ’</span> <span class='ocrx_word' id='word_1_136' title='bbox 1854 1398 2026 1471; x_wconf 79' lang='grc' dir='ltr'>αὐτὴν</span> 
     </span>
    </p>
   </div>
   <div class='ocr_carea' id='block_1_18' title="bbox 432 1494 1362 1567">
    <p class='ocr_par' dir='ltr' id='par_1_18' title="bbox 432 1494 1362 1567">
     <span class='ocr_line' id='line_1_19' title="bbox 432 1494 1362 1567; baseline 0.002 -18"><span class='ocrx_word' id='word_1_137' title='bbox 432 1494 603 1565; x_wconf 77' lang='grc' dir='ltr'>ὁμοῦ,</span> <span class='ocrx_word' id='word_1_138' title='bbox 630 1495 1062 1561; x_wconf 73' lang='grc' dir='ltr'>συνασπίζοντες</span> <span class='ocrx_word' id='word_1_139' title='bbox 1084 1496 1362 1567; x_wconf 74' lang='grc' dir='ltr'>ἀλλήλοιν.</span> 
     </span>
    </p>
   </div>
   <div class='ocr_carea' id='block_1_19' title="bbox 503 1763 2034 1835">
    <p class='ocr_par' dir='ltr' id='par_1_19' title="bbox 503 1763 2034 1835">
     <span class='ocr_line' id='line_1_20' title="bbox 503 1763 2034 1835; baseline -0.001 -16"><span class='ocrx_word' id='word_1_140' title='bbox 503 1764 700 1821; x_wconf 70' lang='grc' dir='ltr'>Αὐτοὶ</span> <span class='ocrx_word' id='word_1_141' title='bbox 757 1764 1013 1831; x_wconf 77' lang='grc' dir='ltr'>ιδόντες,</span> <span class='ocrx_word' id='word_1_142' title='bbox 1048 1766 1239 1833; x_wconf 81' lang='grc' dir='ltr'>οὕτως</span> <span class='ocrx_word' id='word_1_143' title='bbox 1276 1765 1650 1835; x_wconf 79' lang='grc' dir='ltr'>ἐθαύμασαν.</span> <span class='ocrx_word' id='word_1_144' title='bbox 1698 1764 1773 1818; x_wconf 78' lang='grc' dir='ltr'>Τὸ</span> <span class='ocrx_word' id='word_1_145' title='bbox 1812 1763 2034 1830; x_wconf 81' lang='grc' dir='ltr'><strong>Οὕτως,</strong></span> 
     </span>
    </p>
   </div>
   <div class='ocr_carea' id='block_1_20' title="bbox 431 1855 2041 1929">
    <p class='ocr_par' dir='ltr' id='par_1_20' title="bbox 431 1855 2041 1929">
     <span class='ocr_line' id='line_1_21' title="bbox 431 1855 2041 1929; baseline -0.002 -16"><span class='ocrx_word' id='word_1_146' title='bbox 431 1858 564 1913; x_wconf 74' lang='grc' dir='ltr'>ἀντὶ</span> <span class='ocrx_word' id='word_1_147' title='bbox 598 1857 698 1912; x_wconf 79' lang='grc' dir='ltr'>τοῦ</span> <span class='ocrx_word' id='word_1_148' title='bbox 723 1858 882 1913; x_wconf 79' lang='grc' dir='ltr'>Μετὰ</span> <span class='ocrx_word' id='word_1_149' title='bbox 906 1858 968 1912; x_wconf 80' lang='grc' dir='ltr'><strong>τὸ</strong></span> <span class='ocrx_word' id='word_1_150' title='bbox 993 1858 1124 1912; x_wconf 69' lang='grc' dir='ltr'>ἰδεῖν</span> <span class='ocrx_word' id='word_1_151' title='bbox 1145 1872 1159 1889; x_wconf 79' lang='grc' dir='ltr'><strong>ο</strong></span> <span class='ocrx_word' id='word_1_152' title='bbox 1191 1857 1299 1929; x_wconf 83' lang='grc' dir='ltr'><strong>πρὸ</strong></span> <span class='ocrx_word' id='word_1_153' title='bbox 1315 1855 1411 1911; x_wconf 80' lang='grc' dir='ltr'>τοῦ</span> <span class='ocrx_word' id='word_1_154' title='bbox 1438 1855 1568 1911; x_wconf 77' lang='grc' dir='ltr'>ἰδεῖν</span> <span class='ocrx_word' id='word_1_155' title='bbox 1593 1855 1703 1927; x_wconf 81' lang='grc' dir='ltr'>γὰρ</span> <span class='ocrx_word' id='word_1_156' title='bbox 1749 1857 1850 1911; x_wconf 81' lang='grc' dir='ltr'><strong>οὐκ</strong></span> <span class='ocrx_word' id='word_1_157' title='bbox 1877 1855 2041 1910; x_wconf 82' lang='grc' dir='ltr'>ἐθαύ-</span> 
     </span>
    </p>
   </div>
   <div class='ocr_carea' id='block_1_21' title="bbox 435 1949 639 2019">
    <p class='ocr_par' dir='ltr' id='par_1_21' title="bbox 435 1949 639 2019">
     <span class='ocr_line' id='line_1_22' title="bbox 435 1949 639 2019; baseline 0.01 -19"><span class='ocrx_word' id='word_1_158' title='bbox 435 1949 639 2019; x_wconf 69' lang='grc' dir='ltr'>μαζόν.</span> 
     </span>
    </p>
   </div>
   <div class='ocr_carea' id='block_1_22' title="bbox 522 2192 1500 2268">
    <p class='ocr_par' dir='ltr' id='par_1_22' title="bbox 522 2192 1500 2268">
     <span class='ocr_line' id='line_1_23' title="bbox 522 2192 1500 2268; baseline 0.004 -22"><span class='ocrx_word' id='word_1_159' title='bbox 522 2192 1005 2263; x_wconf 77' lang='grc' dir='ltr'>Ἐταράχθησαν.</span> <span class='ocrx_word' id='word_1_160' title='bbox 1037 2193 1500 2268; x_wconf 79' lang='grc' dir='ltr'>Ἔθορυϐήθησαν.</span> 
     </span>
    </p>
   </div>
   <div class='ocr_carea' id='block_1_23' title="bbox 418 2286 2028 2361">
    <p class='ocr_par' dir='ltr' id='par_1_23' title="bbox 418 2286 2028 2361">
     <span class='ocr_line' id='line_1_24' title="bbox 418 2286 2028 2361; baseline 0.003 -21"><span class='ocrx_word' id='word_1_161' title='bbox 418 2292 421 2297; x_wconf 89' lang='grc'><em>’</em></span> <span class='ocrx_word' id='word_1_162' title='bbox 527 2286 1023 2354; x_wconf 76' lang='grc' dir='ltr'>Ἔσαλεύθησαν.</span> <span class='ocrx_word' id='word_1_163' title='bbox 1055 2288 1423 2360; x_wconf 80' lang='grc' dir='ltr'>Κατέστησαν</span> <span class='ocrx_word' id='word_1_164' title='bbox 1462 2288 1570 2343; x_wconf 79' lang='grc' dir='ltr'>ἀπὸ</span> <span class='ocrx_word' id='word_1_165' title='bbox 1608 2289 1703 2343; x_wconf 80' lang='grc' dir='ltr'>τοῦ</span> <span class='ocrx_word' id='word_1_166' title='bbox 1741 2289 2028 2361; x_wconf 74' lang='grc' dir='ltr'>φρονήμα-</span> 
     </span>
    </p>
   </div>
   <div class='ocr_carea' id='block_1_24' title="bbox 456 2371 835 2451">
    <p class='ocr_par' dir='ltr' id='par_1_24' title="bbox 456 2371 835 2451">
     <span class='ocr_line' id='line_1_25' title="bbox 456 2371 835 2451; baseline 0 -20"><span class='ocrx_word' id='word_1_167' title='bbox 456 2393 568 2441; x_wconf 75' lang='grc' dir='ltr'>τος,</span> <span class='ocrx_word' id='word_1_168' title='bbox 585 2371 644 2432; x_wconf 65' lang='grc' dir='ltr'>οὗ</span> <span class='ocrx_word' id='word_1_169' title='bbox 667 2373 835 2451; x_wconf 71' lang='grc' dir='ltr'>εἶχον.</span> 
     </span>
    </p>
   </div>
   <div class='ocr_carea' id='block_1_25' title="bbox 530 2467 1424 2539">
    <p class='ocr_par' dir='ltr' id='par_1_25' title="bbox 530 2467 1424 2539">
     <span class='ocr_line' id='line_1_26' title="bbox 530 2467 1424 2539; baseline 0.002 -15"><span class='ocrx_word' id='word_1_170' title='bbox 530 2468 746 2539; x_wconf 79' lang='grc' dir='ltr'>Τρόμος</span> <span class='ocrx_word' id='word_1_171' title='bbox 813 2467 1143 2525; x_wconf 74' lang='grc' dir='ltr'>ἐπελάϐετο</span> <span class='ocrx_word' id='word_1_172' title='bbox 1203 2470 1424 2526; x_wconf 79' lang='grc' dir='ltr'>αὐτῶν.</span> 
     </span>
    </p>
   </div>
   <div class='ocr_carea' id='block_1_26' title="bbox 446 2578 571 2617">
    <p class='ocr_par' dir='ltr' id='par_1_26' title="bbox 446 2578 571 2617">
     <span class='ocr_line' id='line_1_27' title="bbox 446 2578 571 2617; baseline 0.008 -1"><span class='ocrx_word' id='word_1_173' title='bbox 446 2578 523 2616; x_wconf 78' lang='grc' dir='ltr'>τω</span> <span class='ocrx_word' id='word_1_174' title='bbox 527 2580 571 2617; x_wconf 84' lang='grc' dir='ltr'><strong>ν.</strong></span> 
     </span>
    </p>
   </div>
   <div class='ocr_carea' id='block_1_27' title="bbox 531 2655 2026 2733">
    <p class='ocr_par' dir='ltr' id='par_1_27' title="bbox 531 2655 2026 2733">
     <span class='ocr_line' id='line_1_28' title="bbox 531 2655 2026 2733; baseline 0.005 -23"><span class='ocrx_word' id='word_1_175' title='bbox 531 2655 702 2711; x_wconf 83' lang='grc' dir='ltr'><strong>Ἔκεῖ</strong></span> <span class='ocrx_word' id='word_1_176' title='bbox 716 2655 928 2724; x_wconf 74' lang='grc' dir='ltr'>ὠδῖνες</span> <span class='ocrx_word' id='word_1_177' title='bbox 961 2655 1043 2721; x_wconf 86' lang='grc' dir='ltr'><strong>ὡς</strong></span> <span class='ocrx_word' id='word_1_178' title='bbox 1065 2657 1410 2727; x_wconf 77' lang='grc' dir='ltr'>τικτούσης.</span> <span class='ocrx_word' id='word_1_179' title='bbox 1454 2658 1739 2728; x_wconf 74' lang='grc' dir='ltr'>Ἐναύτοῖς</span> <span class='ocrx_word' id='word_1_180' title='bbox 1777 2663 2026 2733; x_wconf 76' lang='grc' dir='ltr'>ἀγωνίαι,</span> 
     </span>
    </p>
   </div>
   <div class='ocr_carea' id='block_1_28' title="bbox 440 2747 2029 2829">
    <p class='ocr_par' dir='ltr' id='par_1_28' title="bbox 440 2747 2029 2829">
     <span class='ocr_line' id='line_1_29' title="bbox 440 2747 2029 2829; baseline 0.006 -25"><span class='ocrx_word' id='word_1_181' title='bbox 440 2748 540 2805; x_wconf 76' lang='grc' dir='ltr'>καὶ</span> <span class='ocrx_word' id='word_1_182' title='bbox 554 2748 766 2816; x_wconf 78' lang='grc' dir='ltr'><strong>ὀδύναι,</strong></span> <span class='ocrx_word' id='word_1_183' title='bbox 790 2747 890 2803; x_wconf 80' lang='grc' dir='ltr'>καὶ</span> <span class='ocrx_word' id='word_1_184' title='bbox 919 2749 1144 2818; x_wconf 77' lang='grc' dir='ltr'>ἐποψίαι</span> <span class='ocrx_word' id='word_1_185' title='bbox 1172 2750 1466 2819; x_wconf 79' lang='grc' dir='ltr'><strong>κινδύνων,</strong></span> <span class='ocrx_word' id='word_1_186' title='bbox 1509 2753 1666 2826; x_wconf 77' lang='grc' dir='ltr'>δίκην</span> <span class='ocrx_word' id='word_1_187' title='bbox 1710 2757 2029 2829; x_wconf 79' lang='grc' dir='ltr'><strong>τικτούσης.</strong></span> 
     </span>
    </p>
   </div>
   <div class='ocr_carea' id='block_1_29' title="bbox 1505 2472 2029 2546">
    <p class='ocr_par' dir='ltr' id='par_1_29' title="bbox 1505 2472 2029 2546">
     <span class='ocr_line' id='line_1_30' title="bbox 1505 2472 2029 2546; baseline 0.006 -20"><span class='ocrx_word' id='word_1_188' title='bbox 1505 2472 1681 2541; x_wconf 80' lang='grc' dir='ltr'>’Δγαν</span> <span class='ocrx_word' id='word_1_189' title='bbox 1763 2473 2029 2546; x_wconf 73' lang='grc' dir='ltr'><strong>φοϐηθέν-</strong></span> 
     </span>
    </p>
   </div>
   <div class='ocr_carea' id='block_1_30' title="bbox 527 2926 2026 3007">
    <p class='ocr_par' dir='ltr' id='par_1_30' title="bbox 527 2926 2026 3007">
     <span class='ocr_line' id='line_1_31' title="bbox 527 2926 2026 3007; baseline 0.005 -21"><span class='ocrx_word' id='word_1_190' title='bbox 527 2926 641 2986; x_wconf 66' lang='grc' dir='ltr'>Ἐκ</span> <span class='ocrx_word' id='word_1_191' title='bbox 659 2931 952 2999; x_wconf 74' lang='grc' dir='ltr'>πνεύματι</span> <span class='ocrx_word' id='word_1_192' title='bbox 965 2931 1149 2997; x_wconf 80' lang='grc' dir='ltr'>βιαίῳ</span> <span class='ocrx_word' id='word_1_193' title='bbox 1163 2934 1523 3003; x_wconf 63' lang='grc' dir='ltr'>συντρίψας</span> <span class='ocrx_word' id='word_1_194' title='bbox 1553 2936 1738 2991; x_wconf 79' lang='grc' dir='ltr'>πλοῖα</span> <span class='ocrx_word' id='word_1_195' title='bbox 1754 2939 2026 3007; x_wconf 79' lang='grc' dir='ltr'>Θαρσεῖς.</span> 
     </span>
    </p>
   </div>
   <div class='ocr_carea' id='block_1_31' title="bbox 452 3021 2030 3099">
    <p class='ocr_par' dir='ltr' id='par_1_31' title="bbox 452 3021 2030 3099">
     <span class='ocr_line' id='line_1_32' title="bbox 452 3021 2030 3099; baseline 0.006 -23"><span class='ocrx_word' id='word_1_196' title='bbox 452 3021 549 3076; x_wconf 76' lang='grc' dir='ltr'>Ἓν</span> <span class='ocrx_word' id='word_1_197' title='bbox 570 3022 839 3094; x_wconf 77' lang='grc' dir='ltr'>κινήματι</span> <span class='ocrx_word' id='word_1_198' title='bbox 872 3022 1090 3094; x_wconf 82' lang='grc' dir='ltr'>σφοδρῷ</span> <span class='ocrx_word' id='word_1_199' title='bbox 1123 3022 1294 3094; x_wconf 80' lang='grc' dir='ltr'>ὀργῆς</span> <span class='ocrx_word' id='word_1_200' title='bbox 1328 3027 1646 3099; x_wconf 73' lang='grc' dir='ltr'>συντρίψεις</span> <span class='ocrx_word' id='word_1_201' title='bbox 1681 3029 1901 3094; x_wconf 80' lang='grc' dir='ltr'>αὐτοὺς,</span> <span class='ocrx_word' id='word_1_202' title='bbox 1935 3033 2030 3086; x_wconf 78' lang='grc' dir='ltr'>καὶ</span> 
     </span>
    </p>
   </div>
   <div class='ocr_carea' id='block_1_32' title="bbox 439 3114 2028 3197">
    <p class='ocr_par' dir='ltr' id='par_1_32' title="bbox 439 3114 2028 3197">
     <span class='ocr_line' id='line_1_33' title="bbox 439 3114 2028 3197; baseline 0.006 -29"><span class='ocrx_word' id='word_1_203' title='bbox 439 3114 621 3180; x_wconf 66' lang='grc' dir='ltr'>οὕτως</span> <span class='ocrx_word' id='word_1_204' title='bbox 635 3114 992 3186; x_wconf 83' lang='grc' dir='ltr'>εὐχερῶς,ὠς</span> <span class='ocrx_word' id='word_1_205' title='bbox 1012 3115 1173 3170; x_wconf 86' lang='grc' dir='ltr'>πλοῖα</span> <span class='ocrx_word' id='word_1_206' title='bbox 1199 3117 1434 3189; x_wconf 81' lang='grc' dir='ltr'><strong>Θαρσεῖς</strong></span> <span class='ocrx_word' id='word_1_207' title='bbox 1458 3135 1474 3151; x_wconf 78' lang='grc' dir='ltr'><strong><em>ο</em></strong></span> <span class='ocrx_word' id='word_1_208' title='bbox 1502 3120 1679 3175; x_wconf 79' lang='grc' dir='ltr'>λείπει</span> <span class='ocrx_word' id='word_1_209' title='bbox 1710 3123 1838 3195; x_wconf 80' lang='grc' dir='ltr'>γὰρ,</span> <span class='ocrx_word' id='word_1_210' title='bbox 1873 3124 2028 3197; x_wconf 79' lang='grc' dir='ltr'>φησὶ,</span> 
     </span>
    </p>
   </div>
   <div class='ocr_carea' id='block_1_33' title="bbox 440 3205 2031 3290">
    <p class='ocr_par' dir='ltr' id='par_1_33' title="bbox 440 3205 2031 3290">
     <span class='ocr_line' id='line_1_34' title="bbox 440 3205 2031 3290; baseline 0.008 -31"><span class='ocrx_word' id='word_1_211' title='bbox 440 3205 513 3259; x_wconf 72' lang='grc' dir='ltr'>τὸ</span> <span class='ocrx_word' id='word_1_212' title='bbox 534 3207 640 3274; x_wconf 86' lang='grc' dir='ltr'>ὠς.</span> <span class='ocrx_word' id='word_1_213' title='bbox 665 3205 849 3260; x_wconf 74' lang='grc' dir='ltr'>Τόπον</span> <span class='ocrx_word' id='word_1_214' title='bbox 871 3206 929 3261; x_wconf 77' lang='grc' dir='ltr'>δὲ</span> <span class='ocrx_word' id='word_1_215' title='bbox 967 3206 1161 3279; x_wconf 84' lang='grc' dir='ltr'>κλῆσις</span> <span class='ocrx_word' id='word_1_216' title='bbox 1194 3211 1246 3263; x_wconf 75' lang='grc' dir='ltr'>οἱ</span> <span class='ocrx_word' id='word_1_217' title='bbox 1291 3209 1558 3281; x_wconf 75' lang='grc' dir='ltr'><strong>Θαρσεῖς,</strong></span> <span class='ocrx_word' id='word_1_218' title='bbox 1614 3211 1745 3269; x_wconf 76' lang='grc' dir='ltr'>ὅθεν</span> <span class='ocrx_word' id='word_1_219' title='bbox 1789 3217 2031 3290; x_wconf 84' lang='grc' dir='ltr'>ἐναυπη-</span> 
     </span>
    </p>
   </div>
   <div class='ocr_carea' id='block_1_34' title="bbox 446 3297 1550 3372">
    <p class='ocr_par' dir='ltr' id='par_1_34' title="bbox 446 3297 1550 3372">
     <span class='ocr_line' id='line_1_35' title="bbox 446 3297 1550 3372; baseline 0.006 -20"><span class='ocrx_word' id='word_1_220' title='bbox 446 3300 649 3368; x_wconf 71' lang='grc' dir='ltr'>γοῦντο</span> <span class='ocrx_word' id='word_1_221' title='bbox 673 3297 834 3352; x_wconf 77' lang='grc' dir='ltr'>πλοῖα</span> <span class='ocrx_word' id='word_1_222' title='bbox 852 3300 911 3352; x_wconf 79' lang='grc' dir='ltr'>εὖ</span> <span class='ocrx_word' id='word_1_223' title='bbox 920 3300 1127 3372; x_wconf 83' lang='grc' dir='ltr'><strong>μεγέθη</strong></span> <span class='ocrx_word' id='word_1_224' title='bbox 1145 3302 1240 3356; x_wconf 75' lang='grc' dir='ltr'>καὶ</span> <span class='ocrx_word' id='word_1_225' title='bbox 1265 3302 1550 3359; x_wconf 81' lang='grc' dir='ltr'>κάλλιστα.</span> 
     </span>
    </p>
   </div>
   <div class='ocr_carea' id='block_1_35' title="bbox 443 3389 2028 3466">
    <p class='ocr_par' dir='ltr' id='par_1_35' title="bbox 443 3389 2028 3466">
     <span class='ocr_line' id='line_1_36' title="bbox 443 3389 2028 3466; baseline 0.008 -24"><span class='ocrx_word' id='word_1_226' title='bbox 443 3389 669 3460; x_wconf 75' lang='grc' dir='ltr'>τρίψεις</span> <span class='ocrx_word' id='word_1_227' title='bbox 705 3390 774 3445; x_wconf 80' lang='grc' dir='ltr'>τὰ</span> <span class='ocrx_word' id='word_1_228' title='bbox 813 3390 978 3446; x_wconf 84' lang='grc' dir='ltr'>πλοῖα</span> <span class='ocrx_word' id='word_1_229' title='bbox 997 3391 1255 3462; x_wconf 82' lang='grc' dir='ltr'>Θαρσεῖς,</span> <span class='ocrx_word' id='word_1_230' title='bbox 1305 3392 1603 3464; x_wconf 82' lang='grc' dir='ltr'>πολεμίους</span> <span class='ocrx_word' id='word_1_231' title='bbox 1624 3397 1847 3464; x_wconf 76' lang='grc' dir='ltr'>ἄγοντα.</span> <span class='ocrx_word' id='word_1_232' title='bbox 1868 3399 2028 3466; x_wconf 85' lang='grc' dir='ltr'>Τινὲς</span> 
     </span>
    </p>
   </div>
   <div class='ocr_carea' id='block_1_36' title="bbox 444 3482 2025 3565">
    <p class='ocr_par' dir='ltr' id='par_1_36' title="bbox 444 3482 2025 3565">
     <span class='ocr_line' id='line_1_37' title="bbox 444 3482 2025 3565; baseline 0.008 -29"><span class='ocrx_word' id='word_1_233' title='bbox 444 3484 691 3553; x_wconf 79' lang='grc' dir='ltr'>Θαρσεῖς</span> <span class='ocrx_word' id='word_1_234' title='bbox 742 3482 965 3551; x_wconf 79' lang='grc' dir='ltr'>λέγουσι</span> <span class='ocrx_word' id='word_1_235' title='bbox 1013 3482 1113 3554; x_wconf 84' lang='grc' dir='ltr'>τὴν</span> <span class='ocrx_word' id='word_1_236' title='bbox 1176 3485 1424 3557; x_wconf 76' lang='grc' dir='ltr'>Λιϐυκὴν</span> <span class='ocrx_word' id='word_1_237' title='bbox 1499 3487 1831 3561; x_wconf 84' lang='grc' dir='ltr'>Καρχηδόνα</span> <span class='ocrx_word' id='word_1_238' title='bbox 1886 3494 2025 3565; x_wconf 76' lang='grc'><strong>(75).</strong></span> 
     </span>
    </p>
   </div>
   <div class='ocr_carea' id='block_1_37' title="bbox 446 3577 3015 3685">
    <p class='ocr_par' dir='ltr' id='par_1_37' title="bbox 446 3577 3015 3685">
     <span class='ocr_line' id='line_1_38' title="bbox 446 3577 3015 3685; baseline 0.017 -57"><span class='ocrx_word' id='word_1_239' title='bbox 446 3577 682 3642; x_wconf 80' lang='lat' dir='ltr'><strong>vehunt,</strong></span> <span class='ocrx_word' id='word_1_240' title='bbox 729 3587 787 3632; x_wconf 93' lang='lat' dir='ltr'><strong>tu</strong></span> <span class='ocrx_word' id='word_1_241' title='bbox 832 3588 1103 3635; x_wconf 85' lang='lat' dir='ltr'><strong>conteres.</strong></span> <span class='ocrx_word' id='word_1_242' title='bbox 1156 3577 1298 3636; x_wconf 89' lang='lat' dir='ltr'><strong>Sunt</strong></span> <span class='ocrx_word' id='word_1_243' title='bbox 1335 3582 1427 3652; x_wconf 87' lang='lat' dir='ltr'><strong>qui</strong></span> <span class='ocrx_word' id='word_1_244' title='bbox 1460 3596 1557 3653; x_wconf 88' lang='lat' dir='ltr'><strong>per</strong></span> <span class='ocrx_word' id='word_1_245' title='bbox 1587 3581 1815 3642; x_wconf 89' lang='lat' dir='ltr'><strong>Tharsis</strong></span> <span class='ocrx_word' id='word_1_246' title='bbox 1855 3588 2242 3664; x_wconf 78' lang='lat' dir='ltr'><strong>Carthaginem</strong></span> <span class='ocrx_word' id='word_1_247' title='bbox 2277 3577 2459 3677; x_wconf 64' lang='lat' dir='ltr'><strong>Libyae</strong></span> <span class='ocrx_word' id='word_1_248' title='bbox 2484 3577 2816 3683; x_wconf 73' lang='lat' dir='ltr'><strong>intelligant.</strong></span> <span class='ocrx_word' id='word_1_249' title='bbox 2849 3611 3015 3685; x_wconf 88' lang='lat' dir='ltr'><strong>[Sunt</strong></span> 
     </span>
    </p>
   </div>
   <div class='ocr_carea' id='block_1_38' title="bbox 447 3671 1148 3745">
    <p class='ocr_par' dir='ltr' id='par_1_38' title="bbox 447 3671 1148 3745">
     <span class='ocr_line' id='line_1_39' title="bbox 447 3671 1148 3745; baseline -0.001 -20"><span class='ocrx_word' id='word_1_250' title='bbox 447 3686 578 3725; x_wconf 89' lang='lat' dir='ltr'><strong>nem</strong></span> <span class='ocrx_word' id='word_1_251' title='bbox 612 3686 732 3726; x_wconf 87' lang='lat' dir='ltr'><strong>eam</strong></span> <span class='ocrx_word' id='word_1_252' title='bbox 761 3686 884 3727; x_wconf 87' lang='lat' dir='ltr'><strong>esse</strong></span> <span class='ocrx_word' id='word_1_253' title='bbox 912 3671 1148 3745; x_wconf 73' lang='lat' dir='ltr'><strong>dicant]</strong></span> 
     </span>
    </p>
   </div>
   <div class='ocr_carea' id='block_1_39' title="bbox 517 3762 2034 3841">
    <p class='ocr_par' dir='ltr' id='par_1_39' title="bbox 517 3762 2034 3841">
     <span class='ocr_line' id='line_1_40' title="bbox 517 3762 2034 3841; baseline 0.007 -20"><span class='ocrx_word' id='word_1_254' title='bbox 517 3762 800 3834; x_wconf 73' lang='grc' dir='ltr'>Καθάπερ</span> <span class='ocrx_word' id='word_1_255' title='bbox 828 3765 1202 3836; x_wconf 78' lang='grc' dir='ltr'>ἠκούσαμεν,</span> <span class='ocrx_word' id='word_1_256' title='bbox 1228 3767 1417 3834; x_wconf 83' lang='grc' dir='ltr'>οὕτως</span> <span class='ocrx_word' id='word_1_257' title='bbox 1454 3769 1661 3841; x_wconf 75' lang='grc' dir='ltr'>ῖδομεν</span> <span class='ocrx_word' id='word_1_258' title='bbox 1683 3812 1698 3838; x_wconf 92' lang='grc'><strong>,</strong></span> <span class='ocrx_word' id='word_1_259' title='bbox 1739 3773 1811 3828; x_wconf 74' lang='grc' dir='ltr'>ἐν</span> <span class='ocrx_word' id='word_1_260' title='bbox 1858 3778 2034 3832; x_wconf 73' lang='grc' dir='ltr'>πόλει</span> 
     </span>
    </p>
   </div>
   <div class='ocr_carea' id='block_1_40' title="bbox 446 3857 2034 3938">
    <p class='ocr_par' dir='ltr' id='par_1_40' title="bbox 446 3857 2034 3938">
     <span class='ocr_line' id='line_1_41' title="bbox 446 3857 2034 3938; baseline 0.009 -28"><span class='ocrx_word' id='word_1_261' title='bbox 446 3859 678 3928; x_wconf 73' lang='grc' dir='ltr'>Κυρίου</span> <span class='ocrx_word' id='word_1_262' title='bbox 707 3857 828 3912; x_wconf 81' lang='grc' dir='ltr'><strong>τῶν</strong></span> <span class='ocrx_word' id='word_1_263' title='bbox 853 3857 1185 3928; x_wconf 77' lang='grc' dir='ltr'><strong>δυνάμεων,</strong></span> <span class='ocrx_word' id='word_1_264' title='bbox 1220 3859 1290 3913; x_wconf 81' lang='grc' dir='ltr'>ἐν</span> <span class='ocrx_word' id='word_1_265' title='bbox 1317 3861 1491 3916; x_wconf 77' lang='grc' dir='ltr'>πόλει</span> <span class='ocrx_word' id='word_1_266' title='bbox 1530 3864 1633 3920; x_wconf 85' lang='grc' dir='ltr'>τοῦ</span> <span class='ocrx_word' id='word_1_267' title='bbox 1666 3867 1814 3922; x_wconf 85' lang='grc' dir='ltr'><strong>Θεοῦ</strong></span> <span class='ocrx_word' id='word_1_268' title='bbox 1843 3867 2034 3938; x_wconf 75' lang='grc' dir='ltr'>ἡμῶν.</span> 
     </span>
    </p>
   </div>
   <div class='ocr_carea' id='block_1_41' title="bbox 446 3949 2037 4026">
    <p class='ocr_par' dir='ltr' id='par_1_41' title="bbox 446 3949 2037 4026">
     <span class='ocr_line' id='line_1_42' title="bbox 446 3949 2037 4026; baseline 0.007 -22"><span class='ocrx_word' id='word_1_269' title='bbox 446 3949 643 4004; x_wconf 80' lang='grc' dir='ltr'>Ταῦτά</span> <span class='ocrx_word' id='word_1_270' title='bbox 674 3968 840 4020; x_wconf 81' lang='grc' dir='ltr'>φασιν</span> <span class='ocrx_word' id='word_1_271' title='bbox 894 3952 944 4004; x_wconf 68' lang='grc' dir='ltr'><strong>οἱ</strong></span> <span class='ocrx_word' id='word_1_272' title='bbox 990 3952 1422 4022; x_wconf 80' lang='grc' dir='ltr'>διαπεφευγότες</span> <span class='ocrx_word' id='word_1_273' title='bbox 1469 3955 1571 4020; x_wconf 80' lang='grc' dir='ltr'>τὰς</span> <span class='ocrx_word' id='word_1_274' title='bbox 1631 3959 2037 4026; x_wconf 77' lang='grc' dir='ltr'>ἐπαναστάσεις</span> 
     </span>
    </p>
   </div>
   <div class='ocr_carea' id='block_1_42' title="bbox 442 4041 2035 4123">
    <p class='ocr_par' dir='ltr' id='par_1_42' title="bbox 442 4041 2035 4123">
     <span class='ocr_line' id='line_1_43' title="bbox 442 4041 2035 4123; baseline 0.007 -27"><span class='ocrx_word' id='word_1_275' title='bbox 442 4043 560 4096; x_wconf 76' lang='grc' dir='ltr'><strong>τῶν</strong></span> <span class='ocrx_word' id='word_1_276' title='bbox 590 4042 826 4114; x_wconf 79' lang='grc' dir='ltr'>ἐχθρῶν,</span> <span class='ocrx_word' id='word_1_277' title='bbox 880 4042 963 4096; x_wconf 82' lang='grc' dir='ltr'>ὅτι</span> <span class='ocrx_word' id='word_1_278' title='bbox 995 4042 1257 4113; x_wconf 81' lang='grc' dir='ltr'>Σύμφονα</span> <span class='ocrx_word' id='word_1_279' title='bbox 1311 4041 1392 4108; x_wconf 75' lang='grc' dir='ltr'>οἷς</span> <span class='ocrx_word' id='word_1_280' title='bbox 1435 4047 1755 4119; x_wconf 77' lang='grc' dir='ltr'>ἠκούσαμεν</span> <span class='ocrx_word' id='word_1_281' title='bbox 1817 4051 2035 4123; x_wconf 81' lang='grc' dir='ltr'>εἴδομεν</span> 
     </span>
    </p>
   </div>
   <div class='ocr_carea' id='block_1_43' title="bbox 441 4135 2035 4213">
    <p class='ocr_par' dir='ltr' id='par_1_43' title="bbox 441 4135 2035 4213">
     <span class='ocr_line' id='line_1_44' title="bbox 441 4135 2035 4213; baseline 0.006 -25"><span class='ocrx_word' id='word_1_282' title='bbox 441 4137 544 4190; x_wconf 76' lang='grc' dir='ltr'>νῦν</span> <span class='ocrx_word' id='word_1_283' title='bbox 576 4138 636 4189; x_wconf 82' lang='grc' dir='ltr'><strong>ἐν</strong></span> <span class='ocrx_word' id='word_1_284' title='bbox 666 4138 734 4207; x_wconf 80' lang='grc' dir='ltr'>τῇ</span> <span class='ocrx_word' id='word_1_285' title='bbox 767 4135 922 4189; x_wconf 79' lang='grc' dir='ltr'>πόλει</span> <span class='ocrx_word' id='word_1_286' title='bbox 953 4135 1048 4190; x_wconf 83' lang='grc' dir='ltr'>τοῦ</span> <span class='ocrx_word' id='word_1_287' title='bbox 1071 4135 1303 4192; x_wconf 80' lang='grc' dir='ltr'>δυνατοῦ</span> <span class='ocrx_word' id='word_1_288' title='bbox 1324 4137 1460 4192; x_wconf 83' lang='grc' dir='ltr'>Θεοῦ</span> <span class='ocrx_word' id='word_1_289' title='bbox 1496 4141 1653 4211; x_wconf 76' lang='grc' dir='ltr'>ἡμῶν</span> <span class='ocrx_word' id='word_1_290' title='bbox 1680 4157 1694 4171; x_wconf 75' lang='grc' dir='ltr'><strong><em>ο</em></strong></span> <span class='ocrx_word' id='word_1_291' title='bbox 1719 4142 2035 4213; x_wconf 74' lang='grc' dir='ltr'>ἠκούσαμεν</span> 
     </span>
    </p>
   </div>
   <div class='ocr_carea' id='block_1_44' title="bbox 440 4227 2039 4306">
    <p class='ocr_par' dir='ltr' id='par_1_44' title="bbox 440 4227 2039 4306">
     <span class='ocr_line' id='line_1_45' title="bbox 440 4227 2039 4306; baseline 0.004 -25"><span class='ocrx_word' id='word_1_292' title='bbox 440 4231 563 4300; x_wconf 72' lang='grc' dir='ltr'><strong>γὰρ</strong></span> <span class='ocrx_word' id='word_1_293' title='bbox 630 4228 717 4280; x_wconf 83' lang='grc' dir='ltr'>ὅτι</span> <span class='ocrx_word' id='word_1_294' title='bbox 774 4227 950 4282; x_wconf 82' lang='grc' dir='ltr'>πολλὰ</span> <span class='ocrx_word' id='word_1_295' title='bbox 1016 4228 1158 4299; x_wconf 84' lang='grc' dir='ltr'>ὑπὲρ</span> <span class='ocrx_word' id='word_1_296' title='bbox 1236 4227 1333 4282; x_wconf 81' lang='grc' dir='ltr'>τοῦ</span> <span class='ocrx_word' id='word_1_297' title='bbox 1407 4229 1542 4285; x_wconf 81' lang='grc' dir='ltr'>λαοῦ</span> <span class='ocrx_word' id='word_1_298' title='bbox 1603 4233 1771 4287; x_wconf 74' lang='grc' dir='ltr'>αὑτοῦ</span> <span class='ocrx_word' id='word_1_299' title='bbox 1844 4235 2039 4306; x_wconf 84' lang='grc' dir='ltr'>ἑτερα-</span> 
     </span>
    </p>
   </div>
   <div class='ocr_carea' id='block_1_45' title="bbox 440 4319 2040 4399">
    <p class='ocr_par' dir='ltr' id='par_1_45' title="bbox 440 4319 2040 4399">
     <span class='ocr_line' id='line_1_46' title="bbox 440 4319 2040 4399; baseline 0.003 -25"><span class='ocrx_word' id='word_1_300' title='bbox 440 4321 761 4390; x_wconf 70' lang='grc' dir='ltr'>τούργησεν</span> <span class='ocrx_word' id='word_1_301' title='bbox 822 4321 849 4372; x_wconf 89' lang='grc' dir='ltr'>ὁ</span> <span class='ocrx_word' id='word_1_302' title='bbox 919 4319 1077 4384; x_wconf 84' lang='grc' dir='ltr'>Θεός.</span> <span class='ocrx_word' id='word_1_303' title='bbox 1154 4320 1385 4391; x_wconf 81' lang='grc' dir='ltr'>Εἴδομεν</span> <span class='ocrx_word' id='word_1_304' title='bbox 1453 4321 1511 4375; x_wconf 84' lang='grc' dir='ltr'>δὲ</span> <span class='ocrx_word' id='word_1_305' title='bbox 1585 4324 1687 4388; x_wconf 77' lang='grc' dir='ltr'>τὰς</span> <span class='ocrx_word' id='word_1_306' title='bbox 1738 4342 2040 4399; x_wconf 76' lang='grc' dir='ltr'>τερατουρο</span> 
     </span>
    </p>
   </div>
   <div class='ocr_carea' id='block_1_46' title="bbox 441 4410 2039 4487">
    <p class='ocr_par' dir='ltr' id='par_1_46' title="bbox 441 4410 2039 4487">
     <span class='ocr_line' id='line_1_47' title="bbox 441 4410 2039 4487; baseline 0.006 -23"><span class='ocrx_word' id='word_1_307' title='bbox 441 4416 576 4483; x_wconf 51' lang='lat' dir='ltr'><strong>vim;</strong></span> <span class='ocrx_word' id='word_1_308' title='bbox 634 4410 803 4466; x_wconf 78' lang='grc' dir='ltr'>αὐτοῦ</span> <span class='ocrx_word' id='word_1_309' title='bbox 852 4412 948 4466; x_wconf 62' lang='grc' dir='ltr'><strong>καὶ⁵</strong></span> <span class='ocrx_word' id='word_1_310' title='bbox 1034 4412 1151 4477; x_wconf 80' lang='grc' dir='ltr'>νῦν,</span> <span class='ocrx_word' id='word_1_311' title='bbox 1217 4413 1311 4466; x_wconf 78' lang='grc' dir='ltr'>καὶ</span> <span class='ocrx_word' id='word_1_312' title='bbox 1365 4413 1401 4467; x_wconf 82' lang='grc' dir='ltr'><strong>ἆ</strong></span> <span class='ocrx_word' id='word_1_313' title='bbox 1448 4415 1668 4485; x_wconf 76' lang='grc' dir='ltr'>εἴδομεν</span> <span class='ocrx_word' id='word_1_314' title='bbox 1723 4417 2039 4487; x_wconf 79' lang='grc' dir='ltr'>βεὸαιοῦσιν</span> 
     </span>
    </p>
   </div>
   <div class='ocr_carea' id='block_1_47' title="bbox 384 4503 859 4575">
    <p class='ocr_par' dir='ltr' id='par_1_47' title="bbox 384 4503 859 4575">
     <span class='ocr_line' id='line_1_48' title="bbox 384 4503 859 4575; baseline 0.002 -16"><span class='ocrx_word' id='word_1_315' title='bbox 384 4562 395 4567; x_wconf 72' lang='grc'><strong>,</strong></span> <span class='ocrx_word' id='word_1_316' title='bbox 440 4505 479 4560; x_wconf 71' lang='grc' dir='ltr'>ἃ</span> <span class='ocrx_word' id='word_1_317' title='bbox 512 4503 729 4575; x_wconf 66' lang='grc' dir='ltr'>ἡκούσα</span> <span class='ocrx_word' id='word_1_318' title='bbox 737 4521 859 4573; x_wconf 85' lang='grc' dir='ltr'>μεν.</span> 
     </span>
    </p>
   </div>
   <div class='ocr_carea' id='block_1_48' title="bbox 2134 1291 2562 1350">
    <p class='ocr_par' dir='ltr' id='par_1_48' title="bbox 2134 1291 2562 1350">
     <span class='ocr_line' id='line_1_49' title="bbox 2134 1291 2562 1350; baseline 0.007 -3"><span class='ocrx_word' id='word_1_319' title='bbox 2134 1293 2272 1347; x_wconf 88' lang='lat' dir='ltr'><strong>siam</strong></span> <span class='ocrx_word' id='word_1_320' title='bbox 2300 1291 2562 1350; x_wconf 89' lang='lat' dir='ltr'><strong>ﬁdelium.</strong></span> 
     </span>
    </p>
   </div>
   <div class='ocr_carea' id='block_1_49' title="bbox 2207 1384 3713 1467">
    <p class='ocr_par' dir='ltr' id='par_1_49' title="bbox 2207 1384 3713 1467">
     <span class='ocr_line' id='line_1_50' title="bbox 2207 1384 3713 1467; baseline 0.016 -27"><span class='ocrx_word' id='word_1_321' title='bbox 2207 1384 2576 1442; x_wconf 71' lang='lat' dir='ltr'><strong>Convenerunt</strong></span> <span class='ocrx_word' id='word_1_322' title='bbox 2623 1390 2679 1444; x_wconf 85' lang='lat' dir='ltr'><strong>in</strong></span> <span class='ocrx_word' id='word_1_323' title='bbox 2721 1407 2902 1448; x_wconf 82' lang='lat' dir='ltr'><strong>unum.</strong></span> <span class='ocrx_word' id='word_1_324' title='bbox 2935 1393 2954 1467; x_wconf 95' lang='lat'><strong>[</strong></span> <span class='ocrx_word' id='word_1_325' title='bbox 2985 1405 3258 1455; x_wconf 80' lang='lat' dir='ltr'><strong>Adversus</strong></span> <span class='ocrx_word' id='word_1_326' title='bbox 3286 1400 3590 1461; x_wconf 83' lang='lat' dir='ltr'><strong>Jerusalem</strong></span> <span class='ocrx_word' id='word_1_327' title='bbox 3626 1407 3713 1464; x_wconf 86' lang='lat' dir='ltr'><strong>vel</strong></span> 
     </span>
    </p>
   </div>
   <div class='ocr_carea' id='block_1_50' title="bbox 2137 1476 3716 1569">
    <p class='ocr_par' dir='ltr' id='par_1_50' title="bbox 2137 1476 3716 1569">
     <span class='ocr_line' id='line_1_51' title="bbox 2137 1476 3716 1569; baseline 0.012 -37"><span class='ocrx_word' id='word_1_328' title='bbox 2137 1476 2464 1547; x_wconf 88' lang='lat' dir='ltr'><strong>Ecclesiam,</strong></span> <span class='ocrx_word' id='word_1_329' title='bbox 2497 1488 2557 1535; x_wconf 92' lang='lat' dir='ltr'><strong>ut</strong></span> <span class='ocrx_word' id='word_1_330' title='bbox 2589 1482 2882 1556; x_wconf 80' lang='lat' dir='ltr'><strong>diximus.]</strong></span> <span class='ocrx_word' id='word_1_331' title='bbox 2914 1487 2971 1541; x_wconf 91' lang='lat' dir='ltr'><strong>ln</strong></span> <span class='ocrx_word' id='word_1_332' title='bbox 3007 1505 3175 1544; x_wconf 90' lang='lat' dir='ltr'><strong>unum</strong></span> <span class='ocrx_word' id='word_1_333' title='bbox 3212 1501 3394 1549; x_wconf 89' lang='lat' dir='ltr'><strong>autem</strong></span> <span class='ocrx_word' id='word_1_334' title='bbox 3428 1498 3716 1569; x_wconf 85' lang='lat' dir='ltr'><strong>conspira.</strong></span> 
     </span>
    </p>
   </div>
   <div class='ocr_carea' id='block_1_51' title="bbox 2136 1576 3715 1651">
    <p class='ocr_par' dir='ltr' id='par_1_51' title="bbox 2136 1576 3715 1651">
     <span class='ocr_line' id='line_1_52' title="bbox 2136 1576 3715 1651; baseline 0.018 -31"><span class='ocrx_word' id='word_1_335' title='bbox 2136 1578 2358 1635; x_wconf 86' lang='lat' dir='ltr'><strong>verunt,</strong></span> <span class='ocrx_word' id='word_1_336' title='bbox 2389 1579 2443 1627; x_wconf 92' lang='lat' dir='ltr'><strong>et</strong></span> <span class='ocrx_word' id='word_1_337' title='bbox 2499 1589 2605 1627; x_wconf 89' lang='lat' dir='ltr'><strong>una</strong></span> <span class='ocrx_word' id='word_1_338' title='bbox 2654 1576 2916 1647; x_wconf 88' lang='lat' dir='ltr'><strong>impetum</strong></span> <span class='ocrx_word' id='word_1_339' title='bbox 2966 1580 3240 1651; x_wconf 84' lang='lat' dir='ltr'><strong>fecerunt.</strong></span> <span class='ocrx_word' id='word_1_340' title='bbox 3275 1596 3337 1643; x_wconf 92' lang='lat' dir='ltr'><strong>ut</strong></span> <span class='ocrx_word' id='word_1_341' title='bbox 3381 1599 3572 1648; x_wconf 91' lang='lat' dir='ltr'><strong>mutuo</strong></span> <span class='ocrx_word' id='word_1_342' title='bbox 3608 1593 3715 1649; x_wconf 86' lang='lat' dir='ltr'><strong>sibi</strong></span> 
     </span>
    </p>
   </div>
   <div class='ocr_carea' id='block_1_52' title="bbox 2135 1662 2662 1722">
    <p class='ocr_par' dir='ltr' id='par_1_52' title="bbox 2135 1662 2662 1722">
     <span class='ocr_line' id='line_1_53' title="bbox 2135 1662 2662 1722; baseline 0.006 -5"><span class='ocrx_word' id='word_1_343' title='bbox 2135 1662 2400 1718; x_wconf 80' lang='lat' dir='ltr'><strong>auxilium</strong></span> <span class='ocrx_word' id='word_1_344' title='bbox 2432 1663 2662 1722; x_wconf 89' lang='lat' dir='ltr'><strong>ferrent.</strong></span> 
     </span>
    </p>
   </div>
   <div class='ocr_carea' id='block_1_53' title="bbox 2206 1754 3717 1839">
    <p class='ocr_par' dir='ltr' id='par_1_53' title="bbox 2206 1754 3717 1839">
     <span class='ocr_line' id='line_1_54' title="bbox 2206 1754 3717 1839; baseline 0.019 -29"><span class='ocrx_word' id='word_1_345' title='bbox 2206 1754 2374 1812; x_wconf 70' lang='lat' dir='ltr'><strong>Vens.</strong></span> <span class='ocrx_word' id='word_1_346' title='bbox 2412 1757 2464 1812; x_wconf 90' lang='lat'><strong>6.</strong></span> <span class='ocrx_word' id='word_1_347' title='bbox 2512 1757 2631 1828; x_wconf 89' lang='lat' dir='ltr'><strong>Ipse</strong></span> <span class='ocrx_word' id='word_1_348' title='bbox 2668 1760 2904 1820; x_wconf 84' lang='lat' dir='ltr'><strong>videntes</strong></span> <span class='ocrx_word' id='word_1_349' title='bbox 2944 1766 3021 1820; x_wconf 89' lang='lat' dir='ltr'><strong>sic</strong></span> <span class='ocrx_word' id='word_1_350' title='bbox 3068 1770 3324 1827; x_wconf 74' lang='lat' dir='ltr'><strong>admirati</strong></span> <span class='ocrx_word' id='word_1_351' title='bbox 3352 1784 3498 1832; x_wconf 83' lang='lat' dir='ltr'><strong>sunt.</strong></span> <span class='ocrx_word' id='word_1_352' title='bbox 3538 1779 3717 1839; x_wconf 90' lang='lat' dir='ltr'><strong>Dictio</strong></span> 
     </span>
    </p>
   </div>
   <div class='ocr_carea' id='block_1_54' title="bbox 2141 1847 3717 1944">
    <p class='ocr_par' dir='ltr' id='par_1_54' title="bbox 2141 1847 3717 1944">
     <span class='ocr_line' id='line_1_55' title="bbox 2141 1847 3717 1944; baseline 0.019 -44"><span class='ocrx_word' id='word_1_353' title='bbox 2141 1847 2239 1912; x_wconf 87' lang='lat' dir='ltr'><strong>sic,</strong></span> <span class='ocrx_word' id='word_1_354' title='bbox 2300 1848 2436 1904; x_wconf 86' lang='lat' dir='ltr'><strong>illud</strong></span> <span class='ocrx_word' id='word_1_355' title='bbox 2488 1850 2594 1907; x_wconf 92' lang='lat' dir='ltr'><strong>hoc</strong></span> <span class='ocrx_word' id='word_1_356' title='bbox 2655 1856 2711 1909; x_wconf 90' lang='lat' dir='ltr'><strong>in</strong></span> <span class='ocrx_word' id='word_1_357' title='bbox 2767 1856 2891 1912; x_wconf 85' lang='lat' dir='ltr'><strong>loco</strong></span> <span class='ocrx_word' id='word_1_358' title='bbox 2934 1860 3248 1932; x_wconf 76' lang='lat' dir='ltr'><strong>signiﬁcare</strong></span> <span class='ocrx_word' id='word_1_359' title='bbox 3304 1868 3526 1926; x_wconf 89' lang='lat' dir='ltr'><strong>videtur</strong></span> <span class='ocrx_word' id='word_1_360' title='bbox 3567 1876 3717 1944; x_wconf 89' lang='lat' dir='ltr'><strong>quod</strong></span> 
     </span>
    </p>
   </div>
   <div class='ocr_carea' id='block_1_55' title="bbox 2067 1941 3714 2036">
    <p class='ocr_par' dir='ltr' id='par_1_55' title="bbox 2067 1941 3714 2036">
     <span class='ocr_line' id='line_1_56' title="bbox 2067 1941 3714 2036; baseline 0.019 -45"><span class='ocrx_word' id='word_1_361' title='bbox 2067 1955 2110 2010; x_wconf 72' lang='grc' dir='ltr'><strong>Β</strong></span> <span class='ocrx_word' id='word_1_362' title='bbox 2139 1950 2271 1995; x_wconf 89' lang='lat' dir='ltr'><strong>tunc</strong></span> <span class='ocrx_word' id='word_1_363' title='bbox 2325 1941 2548 2000; x_wconf 82' lang='lat' dir='ltr'><strong>demum</strong></span> <span class='ocrx_word' id='word_1_364' title='bbox 2601 1944 2682 2001; x_wconf 89' lang='lat' dir='ltr'><strong>illi</strong></span> <span class='ocrx_word' id='word_1_365' title='bbox 2728 1962 2885 2020; x_wconf 77' lang='lat' dir='ltr'><strong>reges</strong></span> <span class='ocrx_word' id='word_1_366' title='bbox 2934 1954 3187 2011; x_wconf 84' lang='lat' dir='ltr'><strong>admirati</strong></span> <span class='ocrx_word' id='word_1_367' title='bbox 3226 1968 3375 2028; x_wconf 86' lang='lat' dir='ltr'><strong>sunt,</strong></span> <span class='ocrx_word' id='word_1_368' title='bbox 3424 1941 3714 2036; x_wconf 77' lang='lat' dir='ltr'><strong>postquam</strong></span> 
     </span>
    </p>
   </div>
   <div class='ocr_carea' id='block_1_56' title="bbox 2137 2029 3716 2129">
    <p class='ocr_par' dir='ltr' id='par_1_56' title="bbox 2137 2029 3716 2129">
     <span class='ocr_line' id='line_1_57' title="bbox 2137 2029 3716 2129; baseline 0.019 -44"><span class='ocrx_word' id='word_1_369' title='bbox 2137 2029 2340 2085; x_wconf 87' lang='lat' dir='ltr'><strong>Christi</strong></span> <span class='ocrx_word' id='word_1_370' title='bbox 2365 2034 2665 2100; x_wconf 84' lang='lat' dir='ltr'><strong>potentiam</strong></span> <span class='ocrx_word' id='word_1_371' title='bbox 2686 2036 2962 2096; x_wconf 88' lang='lat' dir='ltr'><strong>viderunt.</strong></span> <span class='ocrx_word' id='word_1_372' title='bbox 2979 2044 3115 2102; x_wconf 87' lang='lat' dir='ltr'><strong>Nam</strong></span> <span class='ocrx_word' id='word_1_373' title='bbox 3131 2029 3716 2129; x_wconf 23' lang='lat' dir='ltr'><strong>antequamtvide-reut,</strong></span> 
     </span>
    </p>
   </div>
   <div class='ocr_carea' id='block_1_57' title="bbox 2137 2123 2709 2185">
    <p class='ocr_par' dir='ltr' id='par_1_57' title="bbox 2137 2123 2709 2185">
     <span class='ocr_line' id='line_1_58' title="bbox 2137 2123 2709 2185; baseline 0.016 -9"><span class='ocrx_word' id='word_1_374' title='bbox 2137 2138 2246 2178; x_wconf 87' lang='lat' dir='ltr'><strong>non</strong></span> <span class='ocrx_word' id='word_1_375' title='bbox 2272 2123 2709 2185; x_wconf 83' lang='lat' dir='ltr'><strong>admirabantur.</strong></span> 
     </span>
    </p>
   </div>
   <div class='ocr_carea' id='block_1_58' title="bbox 2211 2213 3403 2294">
    <p class='ocr_par' dir='ltr' id='par_1_58' title="bbox 2211 2213 3403 2294">
     <span class='ocr_line' id='line_1_59' title="bbox 2211 2213 3403 2294; baseline 0.023 -27"><span class='ocrx_word' id='word_1_376' title='bbox 2211 2213 2437 2272; x_wconf 86' lang='lat' dir='ltr'><strong>Turbati</strong></span> <span class='ocrx_word' id='word_1_377' title='bbox 2457 2229 2600 2276; x_wconf 86' lang='lat' dir='ltr'><strong>sunt.</strong></span> <span class='ocrx_word' id='word_1_378' title='bbox 2631 2219 2747 2278; x_wconf 82' lang='lat' dir='ltr'><strong>Hoc</strong></span> <span class='ocrx_word' id='word_1_379' title='bbox 2782 2234 2869 2282; x_wconf 87' lang='lat' dir='ltr'><strong>est</strong></span> <span class='ocrx_word' id='word_1_380' title='bbox 2895 2231 3215 2289; x_wconf 82' lang='lat' dir='ltr'><strong>tumultuati</strong></span> <span class='ocrx_word' id='word_1_381' title='bbox 3251 2246 3403 2294; x_wconf 84' lang='lat' dir='ltr'><strong>sunt.</strong></span> 
     </span>
    </p>
   </div>
   <div class='ocr_carea' id='block_1_59' title="bbox 2209 2305 3713 2397">
    <p class='ocr_par' dir='ltr' id='par_1_59' title="bbox 2209 2305 3713 2397">
     <span class='ocr_line' id='line_1_60' title="bbox 2209 2305 3713 2397; baseline 0.023 -35"><span class='ocrx_word' id='word_1_382' title='bbox 2209 2305 2477 2365; x_wconf 87' lang='lat' dir='ltr'><strong>Commoti</strong></span> <span class='ocrx_word' id='word_1_383' title='bbox 2503 2323 2649 2369; x_wconf 88' lang='lat' dir='ltr'><strong>sunt.</strong></span> <span class='ocrx_word' id='word_1_384' title='bbox 2680 2314 2818 2384; x_wconf 85' lang='lat' dir='ltr'><strong>Quia</strong></span> <span class='ocrx_word' id='word_1_385' title='bbox 2849 2334 2879 2375; x_wconf 91' lang='lat' dir='ltr'><strong>a</strong></span> <span class='ocrx_word' id='word_1_386' title='bbox 2913 2323 3090 2393; x_wconf 88' lang='lat' dir='ltr'><strong>priori</strong></span> <span class='ocrx_word' id='word_1_387' title='bbox 3129 2332 3398 2387; x_wconf 84' lang='lat' dir='ltr'><strong>sententia</strong></span> <span class='ocrx_word' id='word_1_388' title='bbox 3427 2334 3713 2397; x_wconf 76' lang='lat' dir='ltr'><strong>destitero.</strong></span> 
     </span>
    </p>
   </div>
   <div class='ocr_carea' id='block_1_60' title="bbox 2212 2484 3717 2589">
    <p class='ocr_par' dir='ltr' id='par_1_60' title="bbox 2212 2484 3717 2589">
     <span class='ocr_line' id='line_1_61' title="bbox 2212 2484 3717 2589; baseline 0.023 -44"><span class='ocrx_word' id='word_1_389' title='bbox 2212 2490 2373 2549; x_wconf 73' lang='lat' dir='ltr'><strong>Vens.</strong></span> <span class='ocrx_word' id='word_1_390' title='bbox 2412 2493 2462 2550; x_wconf 86' lang='lat'><strong>7.</strong></span> <span class='ocrx_word' id='word_1_391' title='bbox 2504 2495 2721 2553; x_wconf 85' lang='lat' dir='ltr'><strong>Tremor</strong></span> <span class='ocrx_word' id='word_1_392' title='bbox 2758 2504 3103 2574; x_wconf 78' lang='lat' dir='ltr'><strong>apprehendit</strong></span> <span class='ocrx_word' id='word_1_393' title='bbox 3134 2525 3244 2567; x_wconf 90' lang='lat' dir='ltr'><strong>eos.</strong></span> <span class='ocrx_word' id='word_1_394' title='bbox 3284 2514 3480 2589; x_wconf 76' lang='lat' dir='ltr'><strong>Magno</strong></span> <span class='ocrx_word' id='word_1_395' title='bbox 3517 2484 3717 2580; x_wconf 73' lang='lat' dir='ltr'><strong>timore</strong></span> 
     </span>
    </p>
   </div>
   <div class='ocr_carea' id='block_1_61' title="bbox 2141 2578 2884 2641">
    <p class='ocr_par' dir='ltr' id='par_1_61' title="bbox 2141 2578 2884 2641">
     <span class='ocr_line' id='line_1_62' title="bbox 2141 2578 2884 2641; baseline 0.013 -7"><span class='ocrx_word' id='word_1_396' title='bbox 2141 2578 2321 2637; x_wconf 76' lang='lat' dir='ltr'><strong>affecti</strong></span> <span class='ocrx_word' id='word_1_397' title='bbox 2351 2594 2502 2641; x_wconf 89' lang='lat' dir='ltr'><strong>sunt.</strong></span> <span class='ocrx_word' id='word_1_398' title='bbox 2880 2618 2884 2622; x_wconf 85' lang='lat'><strong>~</strong></span> 
     </span>
    </p>
   </div>
   <div class='ocr_carea' id='block_1_62' title="bbox 2214 2667 3720 2757">
    <p class='ocr_par' dir='ltr' id='par_1_62' title="bbox 2214 2667 3720 2757">
     <span class='ocr_line' id='line_1_63' title="bbox 2214 2667 3720 2757; baseline 0.023 -33"><span class='ocrx_word' id='word_1_399' title='bbox 2214 2667 2381 2728; x_wconf 73' lang='lat' dir='ltr'><strong>Vens.</strong></span> <span class='ocrx_word' id='word_1_400' title='bbox 2404 2672 2457 2729; x_wconf 91' lang='lat'><strong>8.</strong></span> <span class='ocrx_word' id='word_1_401' title='bbox 2480 2673 2608 2731; x_wconf 83' lang='lat' dir='ltr'><strong>Illic</strong></span> <span class='ocrx_word' id='word_1_402' title='bbox 2639 2677 2850 2737; x_wconf 86' lang='lat' dir='ltr'><strong>dolores</strong></span> <span class='ocrx_word' id='word_1_403' title='bbox 2884 2692 2943 2737; x_wconf 86' lang='lat' dir='ltr'><strong>ut</strong></span> <span class='ocrx_word' id='word_1_404' title='bbox 2976 2691 3354 2755; x_wconf 76' lang='lat' dir='ltr'><strong>parturientis.</strong></span> <span class='ocrx_word' id='word_1_405' title='bbox 3382 2694 3720 2757; x_wconf 82' lang='lat' dir='ltr'><strong>Alllictiones</strong></span> 
     </span>
    </p>
   </div>
   <div class='ocr_carea' id='block_1_63' title="bbox 2140 2762 3716 2861">
    <p class='ocr_par' dir='ltr' id='par_1_63' title="bbox 2140 2762 3716 2861">
     <span class='ocr_line' id='line_1_64' title="bbox 2140 2762 3716 2861; baseline 0.023 -46"><span class='ocrx_word' id='word_1_406' title='bbox 2140 2762 2194 2816; x_wconf 92' lang='lat' dir='ltr'><strong>in</strong></span> <span class='ocrx_word' id='word_1_407' title='bbox 2231 2767 2310 2819; x_wconf 91' lang='lat' dir='ltr'><strong>eis</strong></span> <span class='ocrx_word' id='word_1_408' title='bbox 2339 2776 2513 2834; x_wconf 89' lang='lat' dir='ltr'><strong>erant,</strong></span> <span class='ocrx_word' id='word_1_409' title='bbox 2546 2779 2600 2824; x_wconf 91' lang='lat' dir='ltr'><strong>et</strong></span> <span class='ocrx_word' id='word_1_410' title='bbox 2625 2772 2846 2831; x_wconf 81' lang='lat' dir='ltr'><strong>dolores</strong></span> <span class='ocrx_word' id='word_1_411' title='bbox 2866 2785 2921 2832; x_wconf 88' lang='lat' dir='ltr'><strong>et</strong></span> <span class='ocrx_word' id='word_1_412' title='bbox 2950 2780 3324 2850; x_wconf 87' lang='lat' dir='ltr'><strong>periculorum</strong></span> <span class='ocrx_word' id='word_1_413' title='bbox 3344 2791 3716 2861; x_wconf 88' lang='lat' dir='ltr'><strong>suspiciones,</strong></span> 
     </span>
    </p>
   </div>
   <div class='ocr_carea' id='block_1_64' title="bbox 2139 2859 3433 2935">
    <p class='ocr_par' dir='ltr' id='par_1_64' title="bbox 2139 2859 3433 2935">
     <span class='ocr_line' id='line_1_65' title="bbox 2139 2859 3433 2935; baseline 0.021 -27"><span class='ocrx_word' id='word_1_414' title='bbox 2139 2859 2605 2925; x_wconf 80' lang='lat' dir='ltr'><strong>quemadmodum</strong></span> <span class='ocrx_word' id='word_1_415' title='bbox 2638 2869 2985 2935; x_wconf 78' lang='lat' dir='ltr'><strong>parientibus</strong></span> <span class='ocrx_word' id='word_1_416' title='bbox 3022 2873 3206 2932; x_wconf 85' lang='lat' dir='ltr'><strong>inesse</strong></span> <span class='ocrx_word' id='word_1_417' title='bbox 3232 2879 3433 2935; x_wconf 88' lang='lat' dir='ltr'><strong>solent.</strong></span> 
     </span>
    </p>
   </div>
   <div class='ocr_carea' id='block_1_65' title="bbox 2210 2949 3717 3034">
    <p class='ocr_par' dir='ltr' id='par_1_65' title="bbox 2210 2949 3717 3034">
     <span class='ocr_line' id='line_1_66' title="bbox 2210 2949 3717 3034; baseline 0.02 -30"><span class='ocrx_word' id='word_1_418' title='bbox 2210 2949 2277 3005; x_wconf 86' lang='lat' dir='ltr'><strong>In</strong></span> <span class='ocrx_word' id='word_1_419' title='bbox 2319 2954 2514 3023; x_wconf 79' lang='lat' dir='ltr'><strong>spiritu</strong></span> <span class='ocrx_word' id='word_1_420' title='bbox 2568 2958 2858 3015; x_wconf 79' lang='lat' dir='ltr'><strong>vehementi</strong></span> <span class='ocrx_word' id='word_1_421' title='bbox 2898 2976 3136 3022; x_wconf 88' lang='lat' dir='ltr'><strong>conteres</strong></span> <span class='ocrx_word' id='word_1_422' title='bbox 3185 2985 3343 3025; x_wconf 81' lang='lat' dir='ltr'><strong>naves</strong></span> <span class='ocrx_word' id='word_1_423' title='bbox 3384 2972 3625 3032; x_wconf 78' lang='lat' dir='ltr'><strong>Tharsis.</strong></span> <span class='ocrx_word' id='word_1_424' title='bbox 3655 2979 3717 3034; x_wconf 82' lang='lat' dir='ltr'><strong>In</strong></span> 
     </span>
    </p>
   </div>
   <div class='ocr_carea' id='block_1_66' title="bbox 2141 3046 3722 3129">
    <p class='ocr_par' dir='ltr' id='par_1_66' title="bbox 2141 3046 3722 3129">
     <span class='ocr_line' id='line_1_67' title="bbox 2141 3046 3722 3129; baseline 0.017 -29"><span class='ocrx_word' id='word_1_425' title='bbox 2141 3046 2454 3104; x_wconf 83' lang='lat' dir='ltr'><strong>vehementi</strong></span> <span class='ocrx_word' id='word_1_426' title='bbox 2495 3065 2561 3107; x_wconf 89' lang='lat' dir='ltr'><strong>ac</strong></span> <span class='ocrx_word' id='word_1_427' title='bbox 2618 3054 2801 3110; x_wconf 85' lang='lat' dir='ltr'><strong>valido</strong></span> <span class='ocrx_word' id='word_1_428' title='bbox 2826 3057 3031 3128; x_wconf 84' lang='lat' dir='ltr'><strong>impetu</strong></span> <span class='ocrx_word' id='word_1_429' title='bbox 3068 3061 3162 3117; x_wconf 67' lang='lat' dir='ltr'><strong>irae</strong></span> <span class='ocrx_word' id='word_1_430' title='bbox 3199 3071 3308 3120; x_wconf 66' lang='lat' dir='ltr'><strong>tua:</strong></span> <span class='ocrx_word' id='word_1_431' title='bbox 3341 3076 3451 3123; x_wconf 90' lang='lat' dir='ltr'><strong>tam</strong></span> <span class='ocrx_word' id='word_1_432' title='bbox 3484 3068 3722 3129; x_wconf 64' lang='lat' dir='ltr'><strong>faciliter</strong></span> 
     </span>
    </p>
   </div>
   <div class='ocr_carea' id='block_1_67' title="bbox 2138 3148 3718 3219">
    <p class='ocr_par' dir='ltr' id='par_1_67' title="bbox 2138 3148 3718 3219">
     <span class='ocr_line' id='line_1_68' title="bbox 2138 3148 3718 3219; baseline 0.018 -29"><span class='ocrx_word' id='word_1_433' title='bbox 2138 3151 2235 3193; x_wconf 91' lang='lat' dir='ltr'><strong>eos</strong></span> <span class='ocrx_word' id='word_1_434' title='bbox 2261 3148 2538 3210; x_wconf 87' lang='lat' dir='ltr'><strong>conteres,</strong></span> <span class='ocrx_word' id='word_1_435' title='bbox 2570 3157 2736 3212; x_wconf 87' lang='lat' dir='ltr'><strong>quam</strong></span> <span class='ocrx_word' id='word_1_436' title='bbox 2767 3157 3056 3207; x_wconf 86' lang='lat' dir='ltr'><strong>conterere</strong></span> <span class='ocrx_word' id='word_1_437' title='bbox 3085 3152 3231 3209; x_wconf 89' lang='lat' dir='ltr'><strong>soles</strong></span> <span class='ocrx_word' id='word_1_438' title='bbox 3256 3172 3423 3214; x_wconf 85' lang='lat' dir='ltr'><strong>naves</strong></span> <span class='ocrx_word' id='word_1_439' title='bbox 3463 3159 3718 3219; x_wconf 86' lang='lat' dir='ltr'><strong>Tharsis.</strong></span> 
     </span>
    </p>
   </div>
   <div class='ocr_carea' id='block_1_68' title="bbox 2141 3229 3719 3318">
    <p class='ocr_par' dir='ltr' id='par_1_68' title="bbox 2141 3229 3719 3318">
     <span class='ocr_line' id='line_1_69' title="bbox 2141 3229 3719 3318; baseline 0.018 -37"><span class='ocrx_word' id='word_1_440' title='bbox 2141 3229 2313 3286; x_wconf 84' lang='lat' dir='ltr'><strong>Aiunt</strong></span> <span class='ocrx_word' id='word_1_441' title='bbox 2363 3234 2513 3289; x_wconf 91' lang='lat' dir='ltr'><strong>enim</strong></span> <span class='ocrx_word' id='word_1_442' title='bbox 2572 3237 2912 3313; x_wconf 78' lang='lat' dir='ltr'><strong>subintelligi</strong></span> <span class='ocrx_word' id='word_1_443' title='bbox 2969 3242 3168 3301; x_wconf 84' lang='lat' dir='ltr'><strong>debere</strong></span> <span class='ocrx_word' id='word_1_444' title='bbox 3213 3247 3510 3308; x_wconf 83' lang='lat' dir='ltr'><strong>dictionem</strong></span> <span class='ocrx_word' id='word_1_445' title='bbox 3551 3289 3568 3318; x_wconf 86' lang='lat'><strong>,</strong></span> <span class='ocrx_word' id='word_1_446' title='bbox 3636 3265 3719 3312; x_wconf 84' lang='lat' dir='ltr'><strong>ut.</strong></span> 
     </span>
    </p>
   </div>
   <div class='ocr_carea' id='block_1_69' title="bbox 1556 3306 2039 3417">
    <p class='ocr_par' dir='ltr' id='par_1_69' title="bbox 1556 3306 2036 3417">
     <span class='ocr_line' id='line_1_70' title="bbox 1556 3306 2036 3365; baseline 0.017 -7"><span class='ocrx_word' id='word_1_447' title='bbox 1556 3306 1627 3359; x_wconf 83' lang='grc' dir='ltr'><strong>’Ἡ</strong></span> <span class='ocrx_word' id='word_1_448' title='bbox 1640 3306 1735 3360; x_wconf 57' lang='grc' dir='ltr'><strong>καὶ⁵</strong></span> <span class='ocrx_word' id='word_1_449' title='bbox 1750 3309 1890 3363; x_wconf 80' lang='grc' dir='ltr'><strong>αὑτά</strong></span> <span class='ocrx_word' id='word_1_450' title='bbox 1908 3327 2036 3365; x_wconf 63' lang='grc' dir='ltr'>συντο</span> 
     </span>
     <span class='ocr_line' id='line_1_71' title="bbox 1559 3397 1985 3417; baseline 0 0"><span class='ocrx_word' id='word_1_451' title='bbox 1559 3413 1603 3417; x_wconf 53' lang='grc' dir='ltr'><strong>,Α</strong></span> <span class='ocrx_word' id='word_1_452' title='bbox 1630 3397 1821 3417; x_wconf 27' lang='lat' dir='ltr'><strong>E---..,,,</strong></span> <span class='ocrx_word' id='word_1_453' title='bbox 1868 3399 1911 3417; x_wconf 69' lang='grc' dir='ltr'><strong>νη</strong></span> <span class='ocrx_word' id='word_1_454' title='bbox 1969 3401 1985 3417; x_wconf 67' lang='grc' dir='ltr'>ι</span> 
     </span>
    </p>
   </div>
   <div class='ocr_carea' id='block_1_70' title="bbox 2137 3306 3719 3417">
    <p class='ocr_par' dir='ltr' id='par_1_70' title="bbox 2140 3319 3719 3417">
     <span class='ocr_line' id='line_1_72' title="bbox 2140 3319 3719 3417; baseline 0.018 -42"><span class='ocrx_word' id='word_1_455' title='bbox 2140 3319 2372 3379; x_wconf 88' lang='lat' dir='ltr'><strong>Tharsis</strong></span> <span class='ocrx_word' id='word_1_456' title='bbox 2406 3340 2539 3383; x_wconf 88' lang='lat' dir='ltr'><strong>vero</strong></span> <span class='ocrx_word' id='word_1_457' title='bbox 2568 3327 2676 3384; x_wconf 91' lang='lat' dir='ltr'><strong>loci</strong></span> <span class='ocrx_word' id='word_1_458' title='bbox 2708 3345 2911 3389; x_wconf 88' lang='lat' dir='ltr'><strong>nomen</strong></span> <span class='ocrx_word' id='word_1_459' title='bbox 2945 3343 3055 3400; x_wconf 87' lang='lat' dir='ltr'><strong>est,</strong></span> <span class='ocrx_word' id='word_1_460' title='bbox 3087 3338 3178 3393; x_wconf 87' lang='lat' dir='ltr'><strong>ubi</strong></span> <span class='ocrx_word' id='word_1_461' title='bbox 3199 3343 3513 3410; x_wconf 68' lang='lat' dir='ltr'><strong>conspicua:</strong></span> <span class='ocrx_word' id='word_1_462' title='bbox 3551 3354 3719 3417; x_wconf 88' lang='lat' dir='ltr'><strong>atque</strong></span> 
     </span>
    </p>
   </div>
   <div class='ocr_carea' id='block_1_71' title="bbox 2143 3417 3719 3494">
    <p class='ocr_par' dir='ltr' id='par_1_71' title="bbox 2143 3417 3719 3494">
     <span class='ocr_line' id='line_1_73' title="bbox 2143 3417 3719 3494; baseline 0.016 -25"><span class='ocrx_word' id='word_1_463' title='bbox 2143 3417 2379 3473; x_wconf 64' lang='lat' dir='ltr'><strong>excelsae</strong></span> <span class='ocrx_word' id='word_1_464' title='bbox 2425 3434 2600 3479; x_wconf 86' lang='lat' dir='ltr'><strong>naves</strong></span> <span class='ocrx_word' id='word_1_465' title='bbox 2649 3421 2909 3481; x_wconf 85' lang='lat' dir='ltr'><strong>fabricari</strong></span> <span class='ocrx_word' id='word_1_466' title='bbox 2937 3443 3359 3489; x_wconf 87' lang='lat' dir='ltr'><strong>consueverant.</strong></span> <span class='ocrx_word' id='word_1_467' title='bbox 3394 3434 3488 3490; x_wconf 84' lang='lat' dir='ltr'><strong>Vel</strong></span> <span class='ocrx_word' id='word_1_468' title='bbox 3517 3437 3719 3494; x_wconf 86' lang='lat' dir='ltr'><strong>aliter:</strong></span> 
     </span>
    </p>
   </div>
   <div class='ocr_carea' id='block_1_72' title="bbox 2145 3502 3721 3592">
    <p class='ocr_par' dir='ltr' id='par_1_72' title="bbox 2145 3502 3721 3592">
     <span class='ocr_line' id='line_1_74' title="bbox 2145 3502 3721 3592; baseline 0.017 -34"><span class='ocrx_word' id='word_1_469' title='bbox 2145 3502 2321 3575; x_wconf 88' lang='lat' dir='ltr'><strong>lpsas,</strong></span> <span class='ocrx_word' id='word_1_470' title='bbox 2348 3508 2545 3581; x_wconf 90' lang='lat' dir='ltr'><strong>inquit,</strong></span> <span class='ocrx_word' id='word_1_471' title='bbox 2588 3527 2759 3572; x_wconf 86' lang='lat' dir='ltr'><strong>naves</strong></span> <span class='ocrx_word' id='word_1_472' title='bbox 2787 3514 3038 3587; x_wconf 87' lang='lat' dir='ltr'><strong>Tharsis,</strong></span> <span class='ocrx_word' id='word_1_473' title='bbox 3064 3537 3187 3592; x_wconf 74' lang='lat' dir='ltr'><strong>quae</strong></span> <span class='ocrx_word' id='word_1_474' title='bbox 3210 3523 3463 3583; x_wconf 86' lang='lat' dir='ltr'><strong>inimicos</strong></span> <span class='ocrx_word' id='word_1_475' title='bbox 3501 3537 3721 3585; x_wconf 86' lang='lat' dir='ltr'><strong>nostros</strong></span> 
     </span>
    </p>
   </div>
   <div class='ocr_carea' id='block_1_73' title="bbox 3072 3621 3731 3696">
    <p class='ocr_par' dir='ltr' id='par_1_73' title="bbox 3072 3621 3731 3696">
     <span class='ocr_line' id='line_1_75' title="bbox 3072 3621 3731 3696; baseline 0.018 -24"><span class='ocrx_word' id='word_1_476' title='bbox 3072 3626 3127 3673; x_wconf 89' lang='lat' dir='ltr'><strong>et</strong></span> <span class='ocrx_word' id='word_1_477' title='bbox 3180 3622 3275 3689; x_wconf 86' lang='lat' dir='ltr'><strong>qui</strong></span> <span class='ocrx_word' id='word_1_478' title='bbox 3331 3621 3500 3680; x_wconf 69' lang='lat' dir='ltr'><strong>lndim</strong></span> <span class='ocrx_word' id='word_1_479' title='bbox 3537 3622 3731 3696; x_wconf 74' lang='lat' dir='ltr'><strong>regio-‘</strong></span> 
     </span>
    </p>
   </div>
   <div class='ocr_carea' id='block_1_74' title="bbox 2213 3783 3725 3868">
    <p class='ocr_par' dir='ltr' id='par_1_74' title="bbox 2213 3783 3725 3868">
     <span class='ocr_line' id='line_1_76' title="bbox 2213 3783 3725 3868; baseline 0.015 -29"><span class='ocrx_word' id='word_1_480' title='bbox 2213 3783 2381 3842; x_wconf 75' lang='lat' dir='ltr'><strong>Vens.</strong></span> <span class='ocrx_word' id='word_1_481' title='bbox 2415 3786 2470 3842; x_wconf 90' lang='lat'><strong>9.</strong></span> <span class='ocrx_word' id='word_1_482' title='bbox 2504 3787 2657 3843; x_wconf 80' lang='lat' dir='ltr'><strong>Sicut</strong></span> <span class='ocrx_word' id='word_1_483' title='bbox 2687 3791 3012 3860; x_wconf 81' lang='lat' dir='ltr'><strong>audivimus,</strong></span> <span class='ocrx_word' id='word_1_484' title='bbox 3042 3794 3120 3850; x_wconf 85' lang='lat' dir='ltr'><strong>ita</strong></span> <span class='ocrx_word' id='word_1_485' title='bbox 3151 3803 3202 3850; x_wconf 88' lang='lat' dir='ltr'><strong>et</strong></span> <span class='ocrx_word' id='word_1_486' title='bbox 3226 3797 3477 3868; x_wconf 81' lang='lat' dir='ltr'><strong>vidimus,</strong></span> <span class='ocrx_word' id='word_1_487' title='bbox 3504 3802 3561 3858; x_wconf 76' lang='lat' dir='ltr'><strong>in</strong></span> <span class='ocrx_word' id='word_1_488' title='bbox 3594 3806 3725 3861; x_wconf 78' lang='lat' dir='ltr'><strong>civi-</strong></span> 
     </span>
    </p>
   </div>
   <div class='ocr_carea' id='block_1_75' title="bbox 2144 3878 3723 3955">
    <p class='ocr_par' dir='ltr' id='par_1_75' title="bbox 2144 3878 3723 3955">
     <span class='ocr_line' id='line_1_77' title="bbox 2144 3878 3723 3955; baseline 0.015 -25"><span class='ocrx_word' id='word_1_489' title='bbox 2144 3884 2251 3931; x_wconf 85' lang='lat' dir='ltr'><strong>tate</strong></span> <span class='ocrx_word' id='word_1_490' title='bbox 2301 3878 2514 3934; x_wconf 84' lang='lat' dir='ltr'><strong>Domini</strong></span> <span class='ocrx_word' id='word_1_491' title='bbox 2563 3883 2839 3951; x_wconf 75' lang='lat' dir='ltr'><strong>virtutum,</strong></span> <span class='ocrx_word' id='word_1_492' title='bbox 2882 3886 2934 3939; x_wconf 87' lang='lat' dir='ltr'><strong>in</strong></span> <span class='ocrx_word' id='word_1_493' title='bbox 2966 3888 3179 3943; x_wconf 81' lang='lat' dir='ltr'><strong>civitate</strong></span> <span class='ocrx_word' id='word_1_494' title='bbox 3213 3888 3315 3945; x_wconf 81' lang='lat' dir='ltr'><strong>Dei</strong></span> <span class='ocrx_word' id='word_1_495' title='bbox 3371 3896 3557 3950; x_wconf 78' lang='lat' dir='ltr'><strong>nostri.</strong></span> <span class='ocrx_word' id='word_1_496' title='bbox 3595 3896 3723 3955; x_wconf 68' lang='lat' dir='ltr'><strong>Haec</strong></span> 
     </span>
    </p>
   </div>
   <div class='ocr_carea' id='block_1_76' title="bbox 2143 3970 3719 4052">
    <p class='ocr_par' dir='ltr' id='par_1_76' title="bbox 2143 3970 3719 4052">
     <span class='ocr_line' id='line_1_78' title="bbox 2143 3970 3719 4052; baseline 0.013 -31"><span class='ocrx_word' id='word_1_497' title='bbox 2143 3970 2309 4024; x_wconf 81' lang='lat' dir='ltr'><strong>verba</strong></span> <span class='ocrx_word' id='word_1_498' title='bbox 2357 3986 2549 4026; x_wconf 85' lang='lat' dir='ltr'><strong>eorum</strong></span> <span class='ocrx_word' id='word_1_499' title='bbox 2599 3976 2822 4030; x_wconf 85' lang='lat' dir='ltr'><strong>nomine</strong></span> <span class='ocrx_word' id='word_1_500' title='bbox 2853 3977 3000 4032; x_wconf 86' lang='lat' dir='ltr'><strong>dicta</strong></span> <span class='ocrx_word' id='word_1_501' title='bbox 3038 3989 3191 4044; x_wconf 81' lang='lat' dir='ltr'><strong>sunt,</strong></span> <span class='ocrx_word' id='word_1_502' title='bbox 3240 3982 3334 4052; x_wconf 93' lang='lat' dir='ltr'><strong>qui</strong></span> <span class='ocrx_word' id='word_1_503' title='bbox 3372 3983 3719 4043; x_wconf 84' lang='lat' dir='ltr'><strong>inimicorum</strong></span> 
     </span>
    </p>
   </div>
   <div class='ocr_carea' id='block_1_77' title="bbox 2145 4062 3722 4144">
    <p class='ocr_par' dir='ltr' id='par_1_77' title="bbox 2145 4062 3722 4144">
     <span class='ocr_line' id='line_1_79' title="bbox 2145 4062 3722 4144; baseline 0.013 -31"><span class='ocrx_word' id='word_1_504' title='bbox 2145 4062 2387 4131; x_wconf 85' lang='lat' dir='ltr'><strong>impetus</strong></span> <span class='ocrx_word' id='word_1_505' title='bbox 2433 4062 2767 4135; x_wconf 78' lang='lat' dir='ltr'><strong>eﬁ‘ugerunt.</strong></span> <span class='ocrx_word' id='word_1_506' title='bbox 2815 4066 2949 4136; x_wconf 87' lang='lat' dir='ltr'><strong>Nos,</strong></span> <span class='ocrx_word' id='word_1_507' title='bbox 2987 4068 3187 4140; x_wconf 89' lang='lat' dir='ltr'><strong>inquit,</strong></span> <span class='ocrx_word' id='word_1_508' title='bbox 3247 4073 3303 4128; x_wconf 89' lang='lat' dir='ltr'><strong>in</strong></span> <span class='ocrx_word' id='word_1_509' title='bbox 3355 4079 3722 4144; x_wconf 87' lang='lat' dir='ltr'><strong>p0tentissimi</strong></span> 
     </span>
    </p>
   </div>
   <div class='ocr_carea' id='block_1_78' title="bbox 2145 4148 3720 4237">
    <p class='ocr_par' dir='ltr' id='par_1_78' title="bbox 2145 4148 3720 4237">
     <span class='ocr_line' id='line_1_80' title="bbox 2145 4148 3720 4237; baseline 0.017 -35"><span class='ocrx_word' id='word_1_510' title='bbox 2145 4148 2311 4221; x_wconf 67' lang='lat' dir='ltr'><strong>Regis</strong></span> <span class='ocrx_word' id='word_1_511' title='bbox 2342 4154 2519 4208; x_wconf 89' lang='lat' dir='ltr'><strong>nostri</strong></span> <span class='ocrx_word' id='word_1_512' title='bbox 2560 4156 2784 4211; x_wconf 82' lang='lat' dir='ltr'><strong>civitate</strong></span> <span class='ocrx_word' id='word_1_513' title='bbox 2832 4158 3016 4213; x_wconf 89' lang='lat' dir='ltr'><strong>omnia</strong></span> <span class='ocrx_word' id='word_1_514' title='bbox 3055 4161 3294 4218; x_wconf 84' lang='lat' dir='ltr'><strong>vidimus</strong></span> <span class='ocrx_word' id='word_1_515' title='bbox 3335 4178 3579 4223; x_wconf 88' lang='lat' dir='ltr'><strong>consona</strong></span> <span class='ocrx_word' id='word_1_516' title='bbox 3630 4171 3720 4237; x_wconf 91' lang='lat' dir='ltr'><strong>iis,</strong></span> 
     </span>
    </p>
   </div>
   <div class='ocr_carea' id='block_1_79' title="bbox 2145 4244 3722 4326">
    <p class='ocr_par' dir='ltr' id='par_1_79' title="bbox 2145 4244 3722 4326">
     <span class='ocr_line' id='line_1_81' title="bbox 2145 4244 3722 4326; baseline 0.015 -31"><span class='ocrx_word' id='word_1_517' title='bbox 2145 4257 2267 4312; x_wconf 68' lang='lat' dir='ltr'><strong>quae</strong></span> <span class='ocrx_word' id='word_1_518' title='bbox 2333 4244 2662 4302; x_wconf 86' lang='lat' dir='ltr'><strong>audivimus.</strong></span> <span class='ocrx_word' id='word_1_519' title='bbox 2716 4249 3040 4309; x_wconf 86' lang='lat' dir='ltr'><strong>Audivimus</strong></span> <span class='ocrx_word' id='word_1_520' title='bbox 3070 4254 3217 4310; x_wconf 79' lang='lat' dir='ltr'><strong>enim</strong></span> <span class='ocrx_word' id='word_1_521' title='bbox 3259 4257 3406 4326; x_wconf 87' lang='lat' dir='ltr'><strong>quod</strong></span> <span class='ocrx_word' id='word_1_522' title='bbox 3451 4261 3722 4319; x_wconf 84' lang='lat' dir='ltr'><strong>mirabilia</strong></span> 
     </span>
    </p>
   </div>
   <div class='ocr_carea' id='block_1_80' title="bbox 2124 4337 3721 4415">
    <p class='ocr_par' dir='ltr' id='par_1_80' title="bbox 2124 4337 3721 4415">
     <span class='ocr_line' id='line_1_82' title="bbox 2124 4337 3721 4415; baseline 0.014 -27"><span class='ocrx_word' id='word_1_523' title='bbox 2124 4337 2391 4405; x_wconf 60' lang='lat' dir='ltr'><strong>quadam</strong></span> <span class='ocrx_word' id='word_1_524' title='bbox 2424 4351 2683 4409; x_wconf 85' lang='lat' dir='ltr'><strong>operatus</strong></span> <span class='ocrx_word' id='word_1_525' title='bbox 2698 4354 2783 4396; x_wconf 87' lang='lat' dir='ltr'><strong>est</strong></span> <span class='ocrx_word' id='word_1_526' title='bbox 2810 4357 2909 4411; x_wconf 89' lang='lat' dir='ltr'><strong>pro</strong></span> <span class='ocrx_word' id='word_1_527' title='bbox 2942 4347 3141 4415; x_wconf 81' lang='lat' dir='ltr'><strong>papulo</strong></span> <span class='ocrx_word' id='word_1_528' title='bbox 3173 4362 3277 4403; x_wconf 89' lang='lat' dir='ltr'><strong>suo</strong></span> <span class='ocrx_word' id='word_1_529' title='bbox 3305 4367 3320 4405; x_wconf 88' lang='lat'><strong>:</strong></span> <span class='ocrx_word' id='word_1_530' title='bbox 3349 4351 3488 4406; x_wconf 85' lang='lat' dir='ltr'><strong>unde</strong></span> <span class='ocrx_word' id='word_1_531' title='bbox 3503 4362 3558 4408; x_wconf 89' lang='lat' dir='ltr'><strong>et</strong></span> <span class='ocrx_word' id='word_1_532' title='bbox 3585 4369 3721 4410; x_wconf 82' lang='lat' dir='ltr'><strong>con-</strong></span> 
     </span>
    </p>
   </div>
   <div class='ocr_carea' id='block_1_81' title="bbox 2143 4431 3723 4509">
    <p class='ocr_par' dir='ltr' id='par_1_81' title="bbox 2143 4431 3723 4509">
     <span class='ocr_line' id='line_1_83' title="bbox 2143 4431 3723 4509; baseline 0.011 -24"><span class='ocrx_word' id='word_1_533' title='bbox 2143 4438 2438 4500; x_wconf 82' lang='lat' dir='ltr'><strong>scqueuter</strong></span> <span class='ocrx_word' id='word_1_534' title='bbox 2477 4431 2798 4487; x_wconf 90' lang='lat' dir='ltr'><strong>admiranda</strong></span> <span class='ocrx_word' id='word_1_535' title='bbox 2833 4437 2999 4491; x_wconf 90' lang='lat' dir='ltr'><strong>multa</strong></span> <span class='ocrx_word' id='word_1_536' title='bbox 3032 4440 3424 4509; x_wconf 87' lang='lat' dir='ltr'><strong>conspicimus,</strong></span> <span class='ocrx_word' id='word_1_537' title='bbox 3454 4445 3575 4500; x_wconf 88' lang='lat' dir='ltr'><strong>etin</strong></span> <span class='ocrx_word' id='word_1_538' title='bbox 3598 4462 3723 4501; x_wconf 85' lang='lat' dir='ltr'><strong>cer-</strong></span> 
     </span>
    </p>
   </div>
   <div class='ocr_carea' id='block_1_82' title="bbox 2144 4521 2855 4584">
    <p class='ocr_par' dir='ltr' id='par_1_82' title="bbox 2144 4521 2855 4584">
     <span class='ocr_line' id='line_1_84' title="bbox 2144 4521 2855 4584; baseline 0.014 -10"><span class='ocrx_word' id='word_1_539' title='bbox 2144 4521 2273 4577; x_wconf 87' lang='lat' dir='ltr'><strong>tiori</strong></span> <span class='ocrx_word' id='word_1_540' title='bbox 2311 4524 2415 4581; x_wconf 89' lang='lat' dir='ltr'><strong>ﬁde</strong></span> <span class='ocrx_word' id='word_1_541' title='bbox 2437 4528 2855 4584; x_wconf 77' lang='lat' dir='ltr'><strong>conﬁrmamur.</strong></span> 
     </span>
    </p>
   </div>
   <div class='ocr_carea' id='block_1_83' title="bbox 531 4597 2039 4690">
    <p class='ocr_par' dir='ltr' id='par_1_83' title="bbox 531 4597 2034 4667">
     <span class='ocr_line' id='line_1_85' title="bbox 531 4597 2034 4667; baseline 0.006 -18"><span class='ocrx_word' id='word_1_542' title='bbox 531 4597 597 4649; x_wconf 88' lang='lat'><strong>&#39;0</strong></span> <span class='ocrx_word' id='word_1_543' title='bbox 632 4597 781 4662; x_wconf 82' lang='grc' dir='ltr'>Θεὸς</span> <span class='ocrx_word' id='word_1_544' title='bbox 833 4598 1234 4667; x_wconf 72' lang='grc' dir='ltr'>ἐθεμελίωσεν</span> <span class='ocrx_word' id='word_1_545' title='bbox 1279 4598 1477 4665; x_wconf 75' lang='grc' dir='ltr'>αὐτὴν</span> <span class='ocrx_word' id='word_1_546' title='bbox 1529 4602 1611 4666; x_wconf 80' lang='grc' dir='ltr'>εἰς</span> <span class='ocrx_word' id='word_1_547' title='bbox 1668 4601 1775 4655; x_wconf 80' lang='grc' dir='ltr'><strong>τὸν</strong></span> <span class='ocrx_word' id='word_1_548' title='bbox 1828 4602 2034 4659; x_wconf 74' lang='grc' dir='ltr'>αἰῶνα.</span> 
     </span>
    </p>
   </div>
   <div class='ocr_carea' id='block_1_84' title="bbox 2137 4597 3723 4690">
    <p class='ocr_par' dir='ltr' id='par_1_84' title="bbox 2217 4614 3723 4690">
     <span class='ocr_line' id='line_1_86' title="bbox 2217 4614 3723 4690; baseline 0.014 -23"><span class='ocrx_word' id='word_1_549' title='bbox 2217 4614 2357 4671; x_wconf 81' lang='lat' dir='ltr'><strong>Deus</strong></span> <span class='ocrx_word' id='word_1_550' title='bbox 2398 4619 2640 4689; x_wconf 75' lang='lat' dir='ltr'><strong>{undavit</strong></span> <span class='ocrx_word' id='word_1_551' title='bbox 2671 4638 2790 4676; x_wconf 87' lang='lat' dir='ltr'><strong>eam</strong></span> <span class='ocrx_word' id='word_1_552' title='bbox 2822 4624 2875 4677; x_wconf 84' lang='lat' dir='ltr'><strong>in</strong></span> <span class='ocrx_word' id='word_1_553' title='bbox 2921 4625 3196 4681; x_wconf 74' lang='lat' dir='ltr'><strong>mentum.</strong></span> <span class='ocrx_word' id='word_1_554' title='bbox 3241 4626 3366 4687; x_wconf 64' lang='lat' dir='ltr'><strong>Haec</strong></span> <span class='ocrx_word' id='word_1_555' title='bbox 3402 4633 3570 4688; x_wconf 83' lang='lat' dir='ltr'><strong>verba</strong></span> <span class='ocrx_word' id='word_1_556' title='bbox 3619 4635 3723 4690; x_wconf 88' lang='lat' dir='ltr'><strong>soli</strong></span> 
     </span>
    </p>
   </div>
   <div class='ocr_carea' id='block_1_85' title="bbox 441 4689 2037 4781">
    <p class='ocr_par' dir='ltr' id='par_1_85' title="bbox 441 4689 2037 4781">
     <span class='ocr_line' id='line_1_87' title="bbox 441 4689 2037 4781; baseline 0.004 -38"><span class='ocrx_word' id='word_1_557' title='bbox 441 4689 628 4743; x_wconf 79' lang='grc' dir='ltr'>Τοῦτο</span> <span class='ocrx_word' id='word_1_558' title='bbox 684 4690 824 4762; x_wconf 79' lang='grc' dir='ltr'>μόνῃ</span> <span class='ocrx_word' id='word_1_559' title='bbox 883 4692 951 4760; x_wconf 79' lang='grc' dir='ltr'>τῇ</span> <span class='ocrx_word' id='word_1_560' title='bbox 1019 4689 1322 4781; x_wconf 65' lang='grc' dir='ltr'><strong>Ἐκκλησξᾳ</strong></span> <span class='ocrx_word' id='word_1_561' title='bbox 1375 4690 1484 4744; x_wconf 84' lang='grc' dir='ltr'><strong>τῶν</strong></span> <span class='ocrx_word' id='word_1_562' title='bbox 1529 4693 1738 4745; x_wconf 82' lang='grc' dir='ltr'>πιστῶν</span> <span class='ocrx_word' id='word_1_563' title='bbox 1780 4694 2037 4766; x_wconf 82' lang='grc' dir='ltr'>ἁρμόζει.</span> 
     </span>
    </p>
   </div>
   <div class='ocr_carea' id='block_1_86' title="bbox 446 4781 2041 4853">
    <p class='ocr_par' dir='ltr' id='par_1_86' title="bbox 446 4781 2041 4853">
     <span class='ocr_line' id='line_1_88' title="bbox 446 4781 2041 4853; baseline 0.004 -17"><span class='ocrx_word' id='word_1_564' title='bbox 446 4782 648 4837; x_wconf 74' lang='grc' dir='ltr'>Πύλαι</span> <span class='ocrx_word' id='word_1_565' title='bbox 704 4782 837 4851; x_wconf 78' lang='grc' dir='ltr'>γὰρ,</span> <span class='ocrx_word' id='word_1_566' title='bbox 871 4782 1061 4852; x_wconf 75' lang='grc' dir='ltr'>φησὶν,</span> <span class='ocrx_word' id='word_1_567' title='bbox 1093 4781 1244 4849; x_wconf 76' lang='grc' dir='ltr'>ᾅδου</span> <span class='ocrx_word' id='word_1_568' title='bbox 1273 4782 1346 4836; x_wconf 86' lang='grc' dir='ltr'>οὐ</span> <span class='ocrx_word' id='word_1_569' title='bbox 1384 4784 1876 4853; x_wconf 79' lang='grc' dir='ltr'>κατισχύσουσιν</span> <span class='ocrx_word' id='word_1_570' title='bbox 1932 4789 2041 4842; x_wconf 80' lang='grc' dir='ltr'><strong>αὑ-</strong></span> 
     </span>
    </p>
   </div>
   <div class='ocr_carea' id='block_1_87' title="bbox 2141 4709 3723 4799">
    <p class='ocr_par' dir='ltr' id='par_1_87' title="bbox 2141 4709 3723 4799">
     <span class='ocr_line' id='line_1_89' title="bbox 2141 4709 3723 4799; baseline 0.016 -41"><span class='ocrx_word' id='word_1_571' title='bbox 2141 4709 2481 4764; x_wconf 89' lang='lat' dir='ltr'><strong>conveniunt</strong></span> <span class='ocrx_word' id='word_1_572' title='bbox 2514 4711 2778 4770; x_wconf 72' lang='lat' dir='ltr'><strong>Ecclesia:</strong></span> <span class='ocrx_word' id='word_1_573' title='bbox 2806 4716 3071 4773; x_wconf 87' lang='lat' dir='ltr'><strong>ﬁdelium.</strong></span> <span class='ocrx_word' id='word_1_574' title='bbox 3102 4718 3286 4776; x_wconf 66' lang='lat' dir='ltr'><strong>Porus</strong></span> <span class='ocrx_word' id='word_1_575' title='bbox 3319 4724 3494 4792; x_wconf 88' lang='lat' dir='ltr'><strong>enim,</strong></span> <span class='ocrx_word' id='word_1_576' title='bbox 3521 4727 3723 4799; x_wconf 84' lang='lat' dir='ltr'><strong>inquit,</strong></span> 
     </span>
    </p>
   </div>
   <div class='ocr_carea' id='block_1_88' title="bbox 2139 4799 3723 4888">
    <p class='ocr_par' dir='ltr' id='par_1_88' title="bbox 2139 4799 3723 4888">
     <span class='ocr_line' id='line_1_90' title="bbox 2139 4799 3723 4888; baseline 0.016 -38"><span class='ocrx_word' id='word_1_577' title='bbox 2139 4799 2338 4867; x_wconf 73' lang='lat' dir='ltr'><strong>inferni</strong></span> <span class='ocrx_word' id='word_1_578' title='bbox 2360 4818 2463 4856; x_wconf 86' lang='lat' dir='ltr'><strong>non</strong></span> <span class='ocrx_word' id='word_1_579' title='bbox 2492 4805 2850 4872; x_wconf 77' lang='lat' dir='ltr'><strong>prtevalebunt</strong></span> <span class='ocrx_word' id='word_1_580' title='bbox 2875 4811 3129 4868; x_wconf 77' lang='lat' dir='ltr'><strong>adversus</strong></span> <span class='ocrx_word' id='word_1_581' title='bbox 3149 4817 3349 4871; x_wconf 77' lang='lat' dir='ltr'><strong>eam&quot;.</strong></span> <span class='ocrx_word' id='word_1_582' title='bbox 3377 4818 3492 4888; x_wconf 89' lang='lat' dir='ltr'><strong>Ipsa</strong></span> <span class='ocrx_word' id='word_1_583' title='bbox 3520 4824 3723 4877; x_wconf 85' lang='lat' dir='ltr'><strong>etenim</strong></span> 
     </span>
    </p>
   </div>
   <div class='ocr_carea' id='block_1_89' title="bbox 451 4872 2039 4981">
    <p class='ocr_par' dir='ltr' id='par_1_89' title="bbox 451 4872 2039 4949">
     <span class='ocr_line' id='line_1_91' title="bbox 451 4872 2039 4949; baseline 0.004 -24"><span class='ocrx_word' id='word_1_584' title='bbox 451 4872 603 4941; x_wconf 73' lang='grc' dir='ltr'><strong>τῆς·</strong></span> <span class='ocrx_word' id='word_1_585' title='bbox 682 4873 754 4926; x_wconf 75' lang='grc' dir='ltr'><strong>τὰ</strong></span> <span class='ocrx_word' id='word_1_586' title='bbox 812 4875 921 4946; x_wconf 79' lang='grc' dir='ltr'><strong>γὰρ</strong></span> <span class='ocrx_word' id='word_1_587' title='bbox 982 4874 1396 4946; x_wconf 84' lang='grc' dir='ltr'>Ἱερουσόλυμα,</span> <span class='ocrx_word' id='word_1_588' title='bbox 1478 4877 1907 4949; x_wconf 72' lang='grc' dir='ltr'>κατεσκάφησαν</span> <span class='ocrx_word' id='word_1_589' title='bbox 1987 4876 2039 4944; x_wconf 80' lang='grc' dir='ltr'>ἐξ</span> 
     </span>
    </p>
   </div>
   <div class='ocr_carea' id='block_1_90' title="bbox 2137 4872 3723 4981">
    <p class='ocr_par' dir='ltr' id='par_1_90' title="bbox 2140 4887 3723 4981">
     <span class='ocr_line' id='line_1_92' title="bbox 2140 4887 3723 4981; baseline 0.014 -38"><span class='ocrx_word' id='word_1_590' title='bbox 2140 4887 2443 4948; x_wconf 82' lang='lat' dir='ltr'><strong>Jerusalem</strong></span> <span class='ocrx_word' id='word_1_591' title='bbox 2485 4908 2515 4947; x_wconf 89' lang='lat' dir='ltr'><strong>a</strong></span> <span class='ocrx_word' id='word_1_592' title='bbox 2550 4895 2928 4956; x_wconf 83' lang='lat' dir='ltr'><strong>fundamentis</strong></span> <span class='ocrx_word' id='word_1_593' title='bbox 2977 4918 3170 4959; x_wconf 85' lang='lat' dir='ltr'><strong>eversa</strong></span> <span class='ocrx_word' id='word_1_594' title='bbox 3229 4923 3296 4963; x_wconf 88' lang='lat' dir='ltr'><strong>ac</strong></span> <span class='ocrx_word' id='word_1_595' title='bbox 3342 4910 3461 4964; x_wconf 89' lang='lat' dir='ltr'><strong>solo</strong></span> <span class='ocrx_word' id='word_1_596' title='bbox 3507 4920 3723 4981; x_wconf 65' lang='lat' dir='ltr'><strong>aequata</strong></span> 
     </span>
    </p>
   </div>
   <div class='ocr_carea' id='block_1_91' title="bbox 458 4966 2039 5069">
    <p class='ocr_par' dir='ltr' id='par_1_91' title="bbox 458 4966 2039 5040">
     <span class='ocr_line' id='line_1_93' title="bbox 458 4966 2039 5040; baseline 0.003 -22"><span class='ocrx_word' id='word_1_597' title='bbox 458 4966 628 5037; x_wconf 70' lang='grc' dir='ltr'>αὐτῆς</span> <span class='ocrx_word' id='word_1_598' title='bbox 675 4966 967 5037; x_wconf 81' lang='grc' dir='ltr'>κρηπῖδος,</span> <span class='ocrx_word' id='word_1_599' title='bbox 1051 4968 1148 5021; x_wconf 72' lang='grc' dir='ltr'><strong>καὶ</strong></span> <span class='ocrx_word' id='word_1_600' title='bbox 1209 4967 1363 5019; x_wconf 77' lang='grc' dir='ltr'>οὐδὲν</span> <span class='ocrx_word' id='word_1_601' title='bbox 1425 4966 1641 5037; x_wconf 77' lang='grc' dir='ltr'>ἔχουσιν</span> <span class='ocrx_word' id='word_1_602' title='bbox 1695 4970 1843 5038; x_wconf 81' lang='grc' dir='ltr'>ἐρεῖν</span> <span class='ocrx_word' id='word_1_603' title='bbox 1909 4972 2039 5040; x_wconf 73' lang='grc' dir='ltr'>πρὸς</span> 
     </span>
    </p>
   </div>
   <div class='ocr_carea' id='block_1_92' title="bbox 2137 4966 3726 5069">
    <p class='ocr_par' dir='ltr' id='par_1_92' title="bbox 2144 4966 3726 5069">
     <span class='ocr_line' id='line_1_94' title="bbox 2144 4966 3726 5069; baseline 0.01 -32"><span class='ocrx_word' id='word_1_604' title='bbox 2144 4992 2251 5038; x_wconf 88' lang='lat' dir='ltr'><strong>est.</strong></span> <span class='ocrx_word' id='word_1_605' title='bbox 2286 4983 2430 5050; x_wconf 84' lang='lat' dir='ltr'><strong>Quid</strong></span> <span class='ocrx_word' id='word_1_606' title='bbox 2458 4987 2629 5058; x_wconf 77' lang='lat' dir='ltr'><strong>igitur</strong></span> <span class='ocrx_word' id='word_1_607' title='bbox 2674 4990 2742 5046; x_wconf 92' lang='lat' dir='ltr'><strong>ad</strong></span> <span class='ocrx_word' id='word_1_608' title='bbox 2786 4992 2902 5049; x_wconf 60' lang='lat' dir='ltr'><strong>haec</strong></span> <span class='ocrx_word' id='word_1_609' title='bbox 2954 4996 3141 5054; x_wconf 88' lang='lat' dir='ltr'><strong>dicere</strong></span> <span class='ocrx_word' id='word_1_610' title='bbox 3196 5009 3456 5069; x_wconf 83' lang='lat' dir='ltr'><strong>poterunt</strong></span> <span class='ocrx_word' id='word_1_611' title='bbox 3504 4966 3726 5057; x_wconf 71' lang='lat' dir='ltr'><strong>Judaei?</strong></span> 
     </span>
    </p>
   </div>
   <div class='ocr_carea' id='block_1_93' title="bbox 450 5058 933 5116">
    <p class='ocr_par' dir='ltr' id='par_1_93' title="bbox 450 5058 933 5116">
     <span class='ocr_line' id='line_1_95' title="bbox 450 5058 933 5116; baseline 0.006 -4"><span class='ocrx_word' id='word_1_612' title='bbox 450 5058 615 5112; x_wconf 76' lang='grc' dir='ltr'>τοῦτο</span> <span class='ocrx_word' id='word_1_613' title='bbox 667 5060 933 5116; x_wconf 84' lang='grc' dir='ltr'>Ἰουδαῖοι.</span> 
     </span>
    </p>
   </div>
   <div class='ocr_carea' id='block_1_94' title="bbox 536 5138 2040 5223">
    <p class='ocr_par' dir='ltr' id='par_1_94' title="bbox 536 5138 2040 5223">
     <span class='ocr_line' id='line_1_96' title="bbox 536 5138 2040 5223; baseline 0.002 -18"><span class='ocrx_word' id='word_1_614' title='bbox 536 5150 969 5220; x_wconf 75' lang='grc' dir='ltr'>Ὑπελὰϐομεν,</span> <span class='ocrx_word' id='word_1_615' title='bbox 990 5154 1022 5205; x_wconf 80' lang='grc' dir='ltr'><em>ὁ</em></span> <span class='ocrx_word' id='word_1_616' title='bbox 1043 5151 1210 5218; x_wconf 77' lang='grc' dir='ltr'>Θεὸς,</span> <span class='ocrx_word' id='word_1_617' title='bbox 1235 5138 1299 5206; x_wconf 73' lang='grc' dir='ltr'>τὸ</span> <span class='ocrx_word' id='word_1_618' title='bbox 1319 5151 1495 5218; x_wconf 69' lang='grc' dir='ltr'>ἔλεός</span> <span class='ocrx_word' id='word_1_619' title='bbox 1517 5167 1635 5206; x_wconf 90' lang='grc' dir='ltr'><strong>σου</strong></span> <span class='ocrx_word' id='word_1_620' title='bbox 1661 5152 1731 5206; x_wconf 77' lang='grc' dir='ltr'>ἐν</span> <span class='ocrx_word' id='word_1_621' title='bbox 1742 5155 1913 5223; x_wconf 69' lang='grc' dir='ltr'>μέσῳ</span> <span class='ocrx_word' id='word_1_622' title='bbox 1934 5153 2040 5208; x_wconf 83' lang='grc' dir='ltr'>τοῦ</span> 
     </span>
    </p>
   </div>
   <div class='ocr_carea' id='block_1_95' title="bbox 445 5242 2042 5314">
    <p class='ocr_par' dir='ltr' id='par_1_95' title="bbox 445 5242 2042 5314">
     <span class='ocr_line' id='line_1_97' title="bbox 445 5242 2042 5314; baseline 0 -16"><span class='ocrx_word' id='word_1_623' title='bbox 445 5242 611 5298; x_wconf 71' lang='grc' dir='ltr'><strong>,1αοῦ</strong></span> <span class='ocrx_word' id='word_1_624' title='bbox 634 5258 775 5297; x_wconf 85' lang='grc' dir='ltr'>σου.</span> <span class='ocrx_word' id='word_1_625' title='bbox 808 5242 1303 5314; x_wconf 82' lang='grc' dir='ltr'>Προσεδοκήσαμεν</span> <span class='ocrx_word' id='word_1_626' title='bbox 1333 5244 1434 5314; x_wconf 80' lang='grc' dir='ltr'>τὴν</span> <span class='ocrx_word' id='word_1_627' title='bbox 1466 5243 1720 5314; x_wconf 69' lang='grc' dir='ltr'>βοήθειάν</span> <span class='ocrx_word' id='word_1_628' title='bbox 1783 5263 1899 5308; x_wconf 81' lang='grc' dir='ltr'>σου,</span> <span class='ocrx_word' id='word_1_629' title='bbox 1946 5247 2042 5298; x_wconf 78' lang='grc' dir='ltr'><strong>καὶ</strong></span> 
     </span>
    </p>
   </div>
   <div class='ocr_carea' id='block_1_96' title="bbox 445 5334 2040 5406">
    <p class='ocr_par' dir='ltr' id='par_1_96' title="bbox 445 5334 2040 5406">
     <span class='ocr_line' id='line_1_98' title="bbox 445 5334 2040 5406; baseline 0.001 -16"><span class='ocrx_word' id='word_1_630' title='bbox 445 5338 554 5390; x_wconf 80' lang='grc' dir='ltr'><strong>οὐκ</strong></span> <span class='ocrx_word' id='word_1_631' title='bbox 590 5335 1005 5406; x_wconf 79' lang='grc' dir='ltr'>ἠστοχήσαμεν.</span> <span class='ocrx_word' id='word_1_632' title='bbox 1041 5335 1199 5399; x_wconf 80' lang='grc' dir='ltr'>Τινὲς</span> <span class='ocrx_word' id='word_1_633' title='bbox 1225 5336 1281 5389; x_wconf 84' lang='grc' dir='ltr'>δὲ</span> <span class='ocrx_word' id='word_1_634' title='bbox 1312 5334 1531 5404; x_wconf 76' lang='grc' dir='ltr'>λέγουσι</span> <span class='ocrx_word' id='word_1_635' title='bbox 1584 5336 1666 5401; x_wconf 81' lang='grc' dir='ltr'><strong>τὸ,</strong></span> <span class='ocrx_word' id='word_1_636' title='bbox 1725 5334 2040 5391; x_wconf 71' lang='grc' dir='ltr'>Ὑπελιὶΰο-</span> 
     </span>
    </p>
   </div>
   <div class='ocr_carea' id='block_1_97' title="bbox 440 5426 1647 5498">
    <p class='ocr_par' dir='ltr' id='par_1_97' title="bbox 440 5426 1647 5498">
     <span class='ocr_line' id='line_1_99' title="bbox 440 5426 1647 5498; baseline 0.001 -16"><span class='ocrx_word' id='word_1_637' title='bbox 440 5445 588 5497; x_wconf 79' lang='grc' dir='ltr'>μεν,</span> <span class='ocrx_word' id='word_1_638' title='bbox 626 5427 923 5498; x_wconf 80' lang='grc' dir='ltr'>σημαίνειν</span> <span class='ocrx_word' id='word_1_639' title='bbox 945 5427 1182 5481; x_wconf 80' lang='grc' dir='ltr'>ἐνταῦθα</span> <span class='ocrx_word' id='word_1_640' title='bbox 1215 5428 1276 5481; x_wconf 78' lang='grc' dir='ltr'><strong>τὸ</strong></span> <span class='ocrx_word' id='word_1_641' title='bbox 1299 5426 1533 5497; x_wconf 48' lang='grc' dir='ltr'><strong>ὃιέγνωέ</strong></span> <span class='ocrx_word' id='word_1_642' title='bbox 1557 5445 1647 5483; x_wconf 85' lang='grc' dir='ltr'>εν.</span> 
     </span>
    </p>
   </div>
   <div class='ocr_carea' id='block_1_98' title="bbox 2216 5164 3723 5244">
    <p class='ocr_par' dir='ltr' id='par_1_98' title="bbox 2216 5164 3723 5244">
     <span class='ocr_line' id='line_1_100' title="bbox 2216 5164 3723 5244; baseline 0.006 -24"><span class='ocrx_word' id='word_1_643' title='bbox 2216 5164 2378 5220; x_wconf 70' lang='lat' dir='ltr'><strong>Vens.</strong></span> <span class='ocrx_word' id='word_1_644' title='bbox 2398 5166 2482 5222; x_wconf 76' lang='grc'><strong>10.</strong></span> <span class='ocrx_word' id='word_1_645' title='bbox 2502 5166 2865 5243; x_wconf 82' lang='lat' dir='ltr'><strong>Suscepimus,</strong></span> <span class='ocrx_word' id='word_1_646' title='bbox 2883 5174 3043 5244; x_wconf 80' lang='lat' dir='ltr'><strong>Deus,</strong></span> <span class='ocrx_word' id='word_1_647' title='bbox 3072 5177 3482 5231; x_wconf 82' lang='lat' dir='ltr'><strong>misericordiam</strong></span> <span class='ocrx_word' id='word_1_648' title='bbox 3505 5191 3649 5232; x_wconf 84' lang='lat' dir='ltr'><strong>tuam</strong></span> <span class='ocrx_word' id='word_1_649' title='bbox 3670 5180 3723 5230; x_wconf 79' lang='lat' dir='ltr'><strong>in</strong></span> 
     </span>
    </p>
   </div>
   <div class='ocr_carea' id='block_1_99' title="bbox 2144 5258 3721 5336">
    <p class='ocr_par' dir='ltr' id='par_1_99' title="bbox 2144 5258 3721 5336">
     <span class='ocr_line' id='line_1_101' title="bbox 2144 5258 3721 5336; baseline 0.006 -27"><span class='ocrx_word' id='word_1_650' title='bbox 2144 5258 2313 5311; x_wconf 89' lang='lat' dir='ltr'><strong>medio</strong></span> <span class='ocrx_word' id='word_1_651' title='bbox 2333 5259 2518 5328; x_wconf 86' lang='lat' dir='ltr'><strong>populi</strong></span> <span class='ocrx_word' id='word_1_652' title='bbox 2549 5263 2649 5317; x_wconf 84' lang='lat' dir='ltr'><strong>tui.</strong></span> <span class='ocrx_word' id='word_1_653' title='bbox 2679 5262 3131 5336; x_wconf 80' lang='lat' dir='ltr'><strong>ExspeCtavimus</strong></span> <span class='ocrx_word' id='word_1_654' title='bbox 3164 5307 3180 5330; x_wconf 85' lang='lat'><strong>.</strong></span> <span class='ocrx_word' id='word_1_655' title='bbox 3213 5269 3413 5336; x_wconf 85' lang='lat' dir='ltr'><strong>inquit,</strong></span> <span class='ocrx_word' id='word_1_656' title='bbox 3456 5270 3721 5322; x_wconf 66' lang='lat' dir='ltr'><strong>auxilium</strong></span> 
     </span>
    </p>
   </div>
   <div class='ocr_carea' id='block_1_100' title="bbox 2146 5357 3720 5424">
    <p class='ocr_par' dir='ltr' id='par_1_100' title="bbox 2146 5357 3720 5424">
     <span class='ocr_line' id='line_1_102' title="bbox 2146 5357 3720 5424; baseline 0.008 -24"><span class='ocrx_word' id='word_1_657' title='bbox 2146 5357 2330 5414; x_wconf 89' lang='lat' dir='ltr'><strong>tuum,</strong></span> <span class='ocrx_word' id='word_1_658' title='bbox 2358 5361 2413 5406; x_wconf 90' lang='lat' dir='ltr'><strong>ct</strong></span> <span class='ocrx_word' id='word_1_659' title='bbox 2436 5368 2533 5422; x_wconf 90' lang='lat' dir='ltr'><strong>spe</strong></span> <span class='ocrx_word' id='word_1_660' title='bbox 2583 5367 2774 5411; x_wconf 87' lang='lat' dir='ltr'><strong>nostra</strong></span> <span class='ocrx_word' id='word_1_661' title='bbox 2806 5357 3054 5412; x_wconf 79' lang='lat' dir='ltr'><strong>frustrati</strong></span> <span class='ocrx_word' id='word_1_662' title='bbox 3088 5372 3195 5412; x_wconf 87' lang='lat' dir='ltr'><strong>non</strong></span> <span class='ocrx_word' id='word_1_663' title='bbox 3241 5373 3454 5415; x_wconf 87' lang='lat' dir='ltr'><strong>sumus.</strong></span> <span class='ocrx_word' id='word_1_664' title='bbox 3491 5360 3720 5424; x_wconf 80' lang='lat' dir='ltr'><strong>Quidam</strong></span> 
     </span>
    </p>
   </div>
   <div class='ocr_carea' id='block_1_101' title="bbox 2147 5441 3724 5518">
    <p class='ocr_par' dir='ltr' id='par_1_101' title="bbox 2147 5441 3724 5518">
     <span class='ocr_line' id='line_1_103' title="bbox 2147 5441 3724 5518; baseline 0.01 -25"><span class='ocrx_word' id='word_1_665' title='bbox 2147 5452 2330 5497; x_wconf 88' lang='lat' dir='ltr'><strong>tamen</strong></span> <span class='ocrx_word' id='word_1_666' title='bbox 2351 5443 2650 5502; x_wconf 81' lang='lat' dir='ltr'><strong>dictionem</strong></span> <span class='ocrx_word' id='word_1_667' title='bbox 2685 5447 3031 5517; x_wconf 76' lang='grc' dir='ltr'>ὑπελάὸομεν</span> <span class='ocrx_word' id='word_1_668' title='bbox 3064 5441 3375 5518; x_wconf 61' lang='grc' dir='ltr'>εἰοιιὶίίοιιτο</span> <span class='ocrx_word' id='word_1_669' title='bbox 3401 5451 3589 5505; x_wconf 70' lang='lat' dir='ltr'><strong>dicunt</strong></span> <span class='ocrx_word' id='word_1_670' title='bbox 3621 5452 3724 5508; x_wconf 66' lang='lat' dir='ltr'><strong>hoc</strong></span> 
     </span>
    </p>
   </div>
   <div class='ocr_carea' id='block_1_102' title="bbox 446 5519 3698 5612">
    <p class='ocr_par' dir='ltr' id='par_1_102' title="bbox 446 5519 3698 5612">
     <span class='ocr_line' id='line_1_104' title="bbox 446 5519 3698 5612; baseline 0.006 -37"><span class='ocrx_word' id='word_1_671' title='bbox 446 5522 507 5575; x_wconf 89' lang='lat' dir='ltr'><strong>in</strong></span> <span class='ocrx_word' id='word_1_672' title='bbox 549 5522 674 5577; x_wconf 85' lang='lat' dir='ltr'><strong>loco</strong></span> <span class='ocrx_word' id='word_1_673' title='bbox 699 5521 842 5576; x_wconf 84' lang='lat' dir='ltr'><strong>idem</strong></span> <span class='ocrx_word' id='word_1_674' title='bbox 876 5519 1044 5590; x_wconf 89' lang='lat' dir='ltr'><strong>quod,</strong></span> <span class='ocrx_word' id='word_1_675' title='bbox 1079 5520 1500 5575; x_wconf 74' lang='lat' dir='ltr'><strong>existimavimus</strong></span> <span class='ocrx_word' id='word_1_676' title='bbox 1524 5562 1538 5586; x_wconf 87' lang='lat'><strong>,</strong></span> <span class='ocrx_word' id='word_1_677' title='bbox 1568 5536 1663 5576; x_wconf 91' lang='lat' dir='ltr'><strong>seu</strong></span> <span class='ocrx_word' id='word_1_678' title='bbox 1701 5527 2033 5592; x_wconf 78' lang='lat' dir='ltr'><strong>cognovimus</strong></span> <span class='ocrx_word' id='word_1_679' title='bbox 2075 5529 2225 5602; x_wconf 87' lang='lat' dir='ltr'><strong>[cum</strong></span> <span class='ocrx_word' id='word_1_680' title='bbox 2282 5536 2334 5590; x_wconf 88' lang='lat' dir='ltr'><strong>id</strong></span> <span class='ocrx_word' id='word_1_681' title='bbox 2380 5539 2603 5595; x_wconf 83' lang='lat' dir='ltr'><strong>verbum</strong></span> <span class='ocrx_word' id='word_1_682' title='bbox 2642 5542 2785 5612; x_wconf 85' lang='lat' dir='ltr'><strong>apud</strong></span> <span class='ocrx_word' id='word_1_683' title='bbox 2816 5541 3033 5597; x_wconf 66' lang='lat' dir='ltr'><strong>Graecos</strong></span> <span class='ocrx_word' id='word_1_684' title='bbox 3119 5557 3226 5597; x_wconf 87' lang='lat' dir='ltr'><strong>non</strong></span> <span class='ocrx_word' id='word_1_685' title='bbox 3284 5552 3496 5598; x_wconf 78' lang='lat' dir='ltr'><strong>tantum</strong></span> <span class='ocrx_word' id='word_1_686' title='bbox 3551 5549 3698 5600; x_wconf 71' lang='lat' dir='ltr'><strong>SltStti</strong></span> 
     </span>
    </p>
   </div>
   <div class='ocr_carea' id='block_1_103' title="bbox 446 5612 2149 5696">
    <p class='ocr_par' dir='ltr' id='par_1_103' title="bbox 446 5612 2149 5696">
     <span class='ocr_line' id='line_1_105' title="bbox 446 5612 2149 5696; baseline 0.006 -27"><span class='ocrx_word' id='word_1_687' title='bbox 446 5630 607 5684; x_wconf 86' lang='lat' dir='ltr'><strong>pere,</strong></span> <span class='ocrx_word' id='word_1_688' title='bbox 641 5612 740 5669; x_wconf 88' lang='lat' dir='ltr'><strong>sed</strong></span> <span class='ocrx_word' id='word_1_689' title='bbox 778 5614 1050 5683; x_wconf 88' lang='lat' dir='ltr'><strong>suspicari</strong></span> <span class='ocrx_word' id='word_1_690' title='bbox 1071 5616 1259 5679; x_wconf 89' lang='lat' dir='ltr'><strong>etiam,</strong></span> <span class='ocrx_word' id='word_1_691' title='bbox 1289 5625 1452 5683; x_wconf 85' lang='lat' dir='ltr'><strong>atque</strong></span> <span class='ocrx_word' id='word_1_692' title='bbox 1483 5614 1803 5672; x_wconf 78' lang='lat' dir='ltr'><strong>existimare</strong></span> <span class='ocrx_word' id='word_1_693' title='bbox 1833 5620 2149 5696; x_wconf 80' lang='lat' dir='ltr'><strong>signiﬁcet}.</strong></span> 
     </span>
    </p>
   </div>
   <div class='ocr_carea' id='block_1_104' title="bbox 526 5704 1088 5774">
    <p class='ocr_par' dir='ltr' id='par_1_104' title="bbox 526 5704 1088 5774">
     <span class='ocr_line' id='line_1_106' title="bbox 526 5704 1088 5774; baseline -0.004 -12"><span class='ocrx_word' id='word_1_694' title='bbox 526 5704 811 5763; x_wconf 70' lang='lat' dir='ltr'><strong>&quot;Matth.</strong></span> <span class='ocrx_word' id='word_1_695' title='bbox 852 5720 961 5774; x_wconf 76' lang='lat' dir='ltr'><strong>xvi,</strong></span> <span class='ocrx_word' id='word_1_696' title='bbox 1000 5707 1088 5773; x_wconf 75' lang='grc'><strong>18.</strong></span> 
     </span>
    </p>
   </div>
   <div class='ocr_carea' id='block_1_105' title="bbox 1838 5784 2403 5855">
    <p class='ocr_par' dir='ltr' id='par_1_105' title="bbox 1838 5784 2403 5855">
     <span class='ocr_line' id='line_1_107' title="bbox 1838 5784 2403 5855; baseline 0.021 -12"><span class='ocrx_word' id='word_1_697' title='bbox 1838 5784 2040 5847; x_wconf 71' lang='lat' dir='ltr'><strong>Variae</strong></span> <span class='ocrx_word' id='word_1_698' title='bbox 2085 5789 2403 5855; x_wconf 60' lang='lat' dir='ltr'><strong>lectiones.</strong></span> 
     </span>
    </p>
   </div>
   <div class='ocr_carea' id='block_1_106' title="bbox 529 5883 1039 5957">
    <p class='ocr_par' dir='ltr' id='par_1_106' title="bbox 529 5883 1039 5957">
     <span class='ocr_line' id='line_1_108' title="bbox 529 5883 1039 5957; baseline 0.01 -25"><span class='ocrx_word' id='word_1_699' title='bbox 529 5892 545 5932; x_wconf 80' lang='grc' dir='ltr'><strong><em>Ι</em></strong></span> <span class='ocrx_word' id='word_1_700' title='bbox 555 5887 649 5957; x_wconf 66' lang='grc'><strong>75)</strong></span> <span class='ocrx_word' id='word_1_701' title='bbox 686 5886 735 5940; x_wconf 79' lang='grc' dir='ltr'>Κ</span> <span class='ocrx_word' id='word_1_702' title='bbox 746 5883 1039 5954; x_wconf 76' lang='grc' dir='ltr'>αλχηὸόνα.</span> 
     </span>
    </p>
   </div>
   <div class='ocr_carea' id='block_1_107' title="bbox 757 5974 1546 6041">
    <p class='ocr_par' dir='ltr' id='par_1_107' title="bbox 757 5974 1546 6041">
     <span class='ocr_line' id='line_1_109' title="bbox 757 5974 1546 6041; baseline 0.005 -4"><span class='ocrx_word' id='word_1_703' title='bbox 757 5976 1037 6040; x_wconf 65' lang='lat' dir='ltr'><strong>Parnm.</strong></span> <span class='ocrx_word' id='word_1_704' title='bbox 1068 5977 1186 6040; x_wconf 84' lang='lat' dir='ltr'><strong>Gn.</strong></span> <span class='ocrx_word' id='word_1_705' title='bbox 1217 5974 1546 6041; x_wconf 79' lang='lat' dir='ltr'><strong>CXXVIII.</strong></span> 
     </span>
    </p>
   </div>
  </div>
