4120 6416
402 361 504 426 527

1647 356 2040 417 EU'l‘iIYMlI
2085 359 2450 421 ZlGABENl

3565 358 3670 423 5328

405 481 565 527 vocat
586 481 813 525 sanctus
849 468 1110 540 Spiritus.
1139 467 1393 521 Animam
1424 465 1568 520 enim
1597 474 1810 520 tantum
1841 482 1981 535 qua:-

2092 485 2190 531 τας
2243 469 2399 522 καλεῖ
2446 470 2506 522 τὸ
2544 466 2765 539 Πνεῦμα
2818 468 2878 521 τὸ
2915 468 3104 537 ἅγιον,
3149 467 3330 538 ψυχὴν
3378 468 3674 540 έπιζητοῦν

406 566 477 617 rit
514 563 888 634 intelligentia:
917 572 1223 632 compotem
1280 574 1443 629 quam
1499 575 1608 613 non
1647 558 1855 615 divitia:
1886 575 1983 614 cx-

407 657 618 718 hibent,
683 655 779 711 sed
837 654 999 709 timor
1054 653 1171 708 Dei.
1208 651 1273 705 Et
1307 651 1453 722 quod
1522 651 1655 706 dicit
1712 652 1888 707 Simul
1933 652 1987 705 in

406 763 594 813 unum,
633 747 776 801 idem
810 755 920 810 est,
956 745 1101 814 quod
1135 744 1280 812 Una,
1310 744 1585 799 similiter.

481 841 637 895 Vnus.
677 840 737 893 4.
773 838 846 893 Os
889 854 1062 893 meum
1095 838 1342 909 loquetur
1375 838 1711 906 sapientiam.
1752 835 1990 892 Audito-

407 948 495 988 res
527 932 731 987 excitat
760 932 825 985 ad
854 931 1239 996 attentionem,
1263 929 1429 986 veluti
1462 930 1559 1000 qui
1583 929 1652 985 de
1684 929 1847 984 rebus
1877 943 1986 983 non

405 1024 651 1079 minimis
679 1031 1021 1079 tractaturus
1074 1022 1169 1087 sit,
1207 1021 1301 1077 sed
1338 1021 1409 1077 de
1447 1022 1682 1077 excelsis
1712 1022 1896 1091 potius
1924 1034 1988 1074 ac

404 1115 756 1172 venerandis.
787 1113 891 1169 Per
921 1113 1250 1185 sapientiam
1303 1123 1484 1168 autem
1519 1112 1701 1167 divina
1734 1110 1988 1182 intelligit

402 1208 644 1278 eloquia,
675 1222 798 1273 quae
818 1206 1094 1277 sapientia
1126 1213 1258 1262 sunt
1296 1205 1527 1261 referta.

479 1298 543 1352 Et
579 1297 855 1351 meditatio
886 1295 1065 1350 cordis
1095 1296 1196 1349 mei
1230 1295 1662 1366 intelligentiam.
1691 1292 1987 1350 Pollieetur

401 1403 462 1443 se
502 1388 642 1442 nihil
703 1396 932 1452 temere,
987 1388 1081 1442 sed
1137 1397 1394 1442 accurate
1450 1387 1636 1442 omnia
1683 1387 1981 1443 dicturum.

402 1481 718 1546 Meditatio,
758 1481 960 1552 inquit,
997 1481 1180 1536 cordis
1211 1480 1370 1544 meis,
1405 1479 1507 1534 hoc
1544 1488 1650 1548 est,
1677 1481 1911 1550 diligens
1935 1489 1989 1537 et

410 1582 622 1628 attenta
653 1573 854 1630 mentis
885 1587 1020 1629 mea:
1064 1570 1466 1634 consideratio,
1520 1572 1688 1627 verba
1734 1572 1990 1643 loquetur

402 1667 724 1735 plenissima
767 1665 1165 1736 intelligentiae,
1219 1665 1327 1732 vel,
1369 1671 1624 1734 loquetur
1676 1665 1868 1732 verba,
1920 1667 1988 1722 ad

401 1774 522 1827 qua:
559 1757 914 1830 percipienda
954 1759 1125 1813 multa
1158 1757 1265 1814 erit
1296 1773 1438 1827 opus
1466 1760 1850 1831 intelligentia.

475 1853 642 1907 VERS.
690 1851 742 1908 5.
788 1849 1067 1904 lnclinabo
1107 1850 1162 1904 in
1210 1850 1525 1918 parabolam
1571 1867 1753 1904 aurem
1790 1867 1984 1907 meam.

400 1948 724 2004 Sermonem
760 1945 1055 2001 habiturus
1113 1944 1180 1998 ad
1228 1958 1350 2009 vos,
1411 1942 1686 1998 inclinabo
1742 1942 1986 1999 vicissim

401 2054 590 2095 aurem
642 2040 839 2094 animai
890 2053 1020 2093 mete
1071 2038 1123 2092 in
1167 2035 1508 2107 parabolam,
1548 2051 1674 2106 quas
1719 2051 1748 2090 a
1794 2046 1986 2092 sancto

403 2130 535 2185 mihi
586 2129 793 2199 Spiritu
828 2129 1162 2198 suggeritur.
1200 2126 1306 2182 Per
1349 2127 1668 2196 parabolam
1715 2141 1844 2182 vero
1897 2127 1986 2182 hic

402 2220 723 2291 ambiguum
782 2228 947 2289 atque
1009 2218 1417 2289 aenigmaticum
1465 2232 1777 2274 sermonem
1823 2218 1987 2277 intel-

401 2312 543 2382 ligit.
578 2310 720 2366 Sunt
749 2313 894 2366 enim
931 2311 1251 2381 prophetica
1285 2309 1468 2366 omnia
1498 2309 1749 2379 ambigua
1795 2311 1987 2367 admo-

402 2403 558 2469 dum,
591 2412 811 2473 propter
834 2403 1081 2458 occultos
1106 2416 1306 2457 sensus
1330 2399 1667 2455 obscuritate
1690 2402 1982 2456 verborum

401 2497 639 2552 velatos.
692 2494 880 2551 Fidem
913 2495 1060 2550 enim
1107 2493 1354 2549 sermoni
1395 2507 1497 2548 suo
1545 2494 1711 2547 etiam
1761 2501 1985 2563 praestat

401 2588 487 2643 bis
511 2588 726 2651 verbis,
758 2587 887 2640 dum
919 2600 1159 2655 superne
1190 2599 1253 2639 ea
1284 2584 1387 2639 sibi
1429 2584 1655 2639 denotat
1700 2584 1984 2655 inspirari.

470 2679 720 2748 Aperiunt
791 2679 847 2731 in
933 2676 1198 2732 Ptalterio
1281 2675 1694 2743 propositionem
1772 2693 1978 2731 meant.

402 2772 505 2826 Per
539 2771 950 2843 propositionem
993 2784 1304 2825 sermonem
1342 2768 1625 2838 intelligit,
1682 2769 1749 2824 ad
1785 2770 1985 2824 exhor-

402 2864 663 2918 tationem
695 2872 862 2932 atquc
896 2862 1188 2916 utilitatem
1243 2859 1586 2915 audientium
1644 2860 1982 2929 propositum

400 2969 466 3008 ac
502 2954 794 3024 prolatum.
828 2952 1082 3022 Aperiant
1116 2952 1303 3023 igitur,
1341 2954 1445 3006 hoc
1489 2957 1597 3016 est,
1622 2949 1984 3006 manifestato

402 3048 550 3102 hunc
575 3062 885 3101 sermonem
924 3034 1132 3110 meum,
1160 3058 1268 3098 una
1299 3059 1425 3097 cum
1457 3043 1708 3097 Psalterii
1760 3043 1982 3098 harmo-

2014 1803 2062 1862 B

2092 563 2335 615 συνιέναι
2387 562 2715 632 δυναμένην,
2759 561 2827 632 ἣν
2856 562 2916 615 οὐ
2957 560 3211 626 πλοῦτος,
3243 561 3377 614 ἀλλὰ
3404 562 3543 625 θεῖος
3573 563 3673 631 φό-

2091 652 2184 716 ϐος
2239 653 2548 725 χαρίζεται.
2613 653 2964 707 Ἐπιτοαυτὸ
3022 652 3115 718 δὲ,
3150 653 3272 705 ἀντὶ
3316 653 3434 718 τοῦ,
3483 652 3673 724 Ὁμοῦ,

2088 747 2312 817 ὁμοίως.
2648 754 2653 761 ’

2166 839 2243 892 Τὸ.
2268 838 2465 908 στόμα
2495 854 2619 908 μου
2660 835 2926 904 λαλήσει
2953 837 3201 906 σοφίαν.
3250 838 3519 908 Διεγείρει
3547 839 3673 899 τοὺς

2090 931 2366 1000 ἀκροατὰς
2401 932 2480 992 είς
2539 930 2838 1000 προσοχὴν,
2869 930 2946 991 ὠς
2994 929 3092 999 οὐχ
3143 929 3282 1001 ὑπὲρ
3315 930 3672 1000 προσκαίρων

2089 1021 2251 1076 τινῶν
2279 1024 2622 1093 πραγμάτων
2657 1022 2871 1094 μέλλων
2902 1024 3069 1092 ἐρεῖν,
3103 1021 3239 1076 ἀλλά
3260 1023 3389 1092 περὶ
3418 1023 3674 1092 μεγάλων

2091 1113 2189 1168 καὶ
2222 1112 2494 1185 φοϐερῶν.
2525 1115 2724 1183 Σοφίαν
2754 1114 2812 1167 δὲ
2868 1114 3017 1183 λέγει
3051 1113 3121 1168 τὰ
3153 1116 3344 1184 σοφίας
3379 1117 3672 1184 πεπληρω-

2093 1206 2230 1277 μένα
2264 1206 2439 1275 λόγια.

2160 1299 2269 1354 Καὶ
2296 1301 2333 1367 ἠ
2369 1298 2593 1368 μελέτη
2641 1298 2751 1366 τῆς
2782 1299 3026 1368 καρδίας
3057 1316 3178 1368 μου
3217 1300 3496 1355 σύνεσιν.
3551 1301 3672 1353 Ἐν-

2089 1384 2266 1446 ταῦθα
2296 1393 2652 1446 κατατίθεται
2687 1392 2764 1463 μὴ
2801 1392 3229 1463 ἀπερισκέπτως
3272 1392 3438 1461 ἐρεῖν,
3467 1390 3582 1445 ἀλλ’
3609 1394 3674 1444 ἐκ

2093 1483 2350 1555 μελέτης.
2374 1482 2615 1554 Λαλὴσει
2639 1484 2769 1554 γὰρ,
2794 1485 2952 1554 φησὶ,
2991 1482 3085 1537 καὶ
3114 1484 3147 1552 ἡ
3179 1483 3377 1552 μελέτη
3410 1482 3509 1550 τῆς
3539 1501 3676 1552 καρ-

2089 1575 2208 1640 δίας
2240 1593 2365 1646 μου,
2404 1577 2705 1639 τουτέστιν,
2758 1576 2992 1646 ἀκριϐὴς
3022 1574 3117 1629 τοῦ
3154 1576 3270 1637 νοός
3318 1592 3421 1645 μου
3448 1574 3673 1629 διάσκε-

2088 1667 2202 1738 ψις,
2228 1668 2493 1730 συνέσεως
2525 1669 2768 1737 γέμοντα
2795 1670 3043 1740 ῥήματα,
3082 1669 3113 1740 ἢ
3149 1670 3418 1733 συνέσεως
3441 1669 3675 1739 δεόμενα

2090 1763 2170 1826 είς
2203 1761 2264 1815 τὸ
2286 1761 2569 1832 νοηθῆναι.

2159 1853 2359 1909 Κλινῶ
2387 1856 2475 1921 εἰς
2501 1852 2853 1923 παραϐολὴν
2884 1856 2954 1909 τὸ
2983 1852 3093 1921 οὖς
3108 1872 3249 1924 μου.
3281 1855 3673 1927 Διαλεγόμενος

2090 1948 2229 2018 πρὸς
2255 1948 2421 2018 ὑμᾶς,
2451 1949 2607 2017 φησι,
2658 1946 2825 2000 κλινῶ
2853 1950 2911 2001 ὲν
2939 1949 3096 2018 μέρει
3141 1948 3201 2003 τὸ
3229 1945 3323 2012 οὖς
3351 1950 3450 2020 τῆς
3492 1950 3673 2020 ψυχῆς

2092 2057 2196 2110 μου
2223 2042 2302 2104 είς
2326 2041 2425 2109 τὴν
2456 2041 2830 2110 ὲνηχουμένην
2857 2057 2950 2111 μοι
2984 2041 3137 2112 παρὰ
3161 2040 3276 2105 ,τοῦ
3313 2042 3470 2110 ἁγίου
3503 2043 3674 2096 Πνεύ-

2091 2150 2261 2201 ματος
2292 2132 2612 2202 παραϐολήν
2633 2150 2646 2162 ·
2685 2132 2837 2200 λέγει
2888 2131 2945 2185 δὲ
2982 2131 3080 2186 νῦν
3111 2132 3433 2205 παραϐολὴν
3481 2134 3549 2187 τὰ
3581 2137 3666 2187 αἰ-

2087 2222 2359 2294 νίγματα·
2393 2222 2486 2276 καὶ
2513 2222 2621 2294 γὰρ
2651 2221 3029 2295 αἰνιγματώδη
3078 2222 3148 2277 τὰ
3192 2225 3508 2294 προφητικά
3540 2227 3691 2291 εἱσι,’

2087 2313 2173 2366 διὰ
2227 2312 2326 2383 τὴν
2377 2312 2647 2380 ἀσάφειαν
2708 2311 2818 2363 τῶν
2883 2311 3323 2382 κεκρυμμένωνῇ
3356 2311 3667 2382 νοημάτων.

2100 2405 2472 2473 Ἀξιοπιστίαν
2501 2405 2556 2457 δὲ
2587 2407 2701 2468 τοῖς
2732 2403 2927 2458 ἑαυτοῦ
2978 2403 3160 2474 λόγοις
3202 2403 3558 2475 περιέθηκεν,
3597 2404 3673 2467 ὡς

2087 2498 2484 2568 έμπνεομένοις
2531 2497 2763 2552 ἄνωθεν.

2173 2674 2408 2738 Ἀνοίξω
2447 2675 2520 2728 ἐν
2565 2677 2880 2743 ψαλτηρίῳ
2907 2676 2972 2728 τὸ
3017 2675 3334 2745 πρόϐλημά
3353 2693 3497 2745 μου.
3524 2676 3673 2747 Πρός-

2087 2767 2274 2837 ϐλημα
2297 2767 2449 2820 καλεί
2472 2767 2565 2820 τὸν
2587 2767 2744 2835 λόγον
2769 2768 2861 2820 τὸν
2890 2767 3337 2839 προϐεϐλημένον
3365 2771 3447 2832 εἰς
3473 2769 3674 2840 παραί-

2087 2874 2232 2912 νεσιν
2256 2859 2348 2910 καὶ
2367 2858 2637 2926 ὠφέλειαν
2662 2858 2771 2911 τῶν
2799 2860 3189 2929 ἀκροωμένων.
3208 2859 3431 2924 Ἀνοίξω
3452 2859 3530 2924 δὲ,
3550 2877 3674 2912 τους-

2084 2952 2257 3017 τέστι,
2291 2952 2594 3023 φανερώτω
2631 2952 2723 3005 τὸν
2770 2952 2927 3021 λόγον
2983 2970 3084 3023 μου
3134 2952 3275 3021 μετά
3308 2953 3505 3023 μέλους
3531 2953 3673 3022 ψαλ-

2084 3042 2299 3112 τηρίου.
2346 3043 2405 3096 Ὀ
2435 3044 2542 3115 γὰρ
2580 3044 2815 3112 ἀνοίγων
2875 3044 3048 3114 οὖραν
3101 3048 3326 3116 φανεροῖ
3382 3045 3450 3098 τὰ
3497 3044 3667 3099 ἔνδον.

400 3142 511 3195 nia.
537 3138 670 3193 Nam
699 3138 792 3209 qui
817 3137 1045 3206 januam
1078 3138 1277 3206 aperit,
1310 3136 1492 3191 omnia
1520 3135 1849 3198 manifestat.
1869 3153 1981 3207 qua:

2105 3136 2199 3188 Ἐκ
2226 3135 2318 3188 τοῦ
2355 3135 2769 3208 προηγουμένου
2793 3141 2973 3190 τοίνυν
2989 3137 3260 3208 ἐδήλωσεν
3286 3139 3346 3190 τὸ
3376 3138 3667 3206 ἑπόμενον.

399 3232 552 3287 intus
600 3240 756 3285 sunt.
809 3229 886 3284 Ex
919 3246 984 3285 co
1014 3230 1159 3284 cnim
1208 3231 1351 3299 quod
1386 3231 1665 3299 prazcedit,
1703 3230 1983 3285 denotavit

399 3324 453 3378 id
487 3322 634 3393 quod
664 3323 1045 3392 consequitur.
1080 3320 1565 3378 Manifestaturutn
1613 3337 1672 3377 se
1700 3333 1883 3377 autem
1929 3324 1980 3376 il

401 3416 477 3470 ait
511 3431 636 3472 cum
678 3415 965 3470 harmonia
995 3423 1050 3470 et
1078 3422 1270 3481 cantu,
1303 3423 1363 3469 ut
1397 3430 1582 3471 sermo
1611 3431 1747 3472 suus
1776 3416 1980 3484 jucun-

401 3509 524 3562 dior
573 3509 667 3562 sit.
704 3506 868 3562 Juxta
902 3523 1182 3579 anagogen
1218 3509 1307 3563 ille
1338 3508 1554 3577 aperire
1602 3507 1808 3561 dicitur
1857 3523 1985 3577 pro-

402 3603 729 3671 positionem
781 3615 936 3655 suam
968 3601 1023 3654 in
1057 3601 1351 3667 Psalterio,
1405 3599 1499 3669 qui
1532 3598 1663 3654 facit
1696 3599 1902 3668 pariter
1928 3606 1983 3653 et

401 3690 608 3756 docet,
667 3689 823 3756 cujus
877 3704 1043 3759 opera
1101 3690 1453 3745 sermonibus
1503 3701 1837 3757 congruunt.
1898 3688 1982 3743 Ad

402 3781 690 3836 melodiam
724 3783 869 3835 enim
905 3781 1159 3837 l’salterii
1185 3780 1531 3837 excitandam
1557 3780 1813 3835 manibus
1843 3794 1982 3849 Opus

401 3881 507 3939 est,
547 3888 643 3943 per
675 3889 813 3942 quas
849 3874 1113 3942 operandi
1139 3873 1375 3928 facultas
1405 3871 1750 3941 designatur.

473 3963 639 4020 Vens.
659 3964 711 4018 6.
734 3963 842 4019 Cur
864 3965 1052 4019 timebo
1080 3965 1135 4019 in
1158 3965 1242 4018 die
1272 3964 1415 4018 mala
1439 3964 1463 4017 ?
1483 3964 1584 4019 Per
1602 3962 1982 4033 interrogatio-

402 4070 525 4111 nem
556 4055 785 4126 legenda
825 4066 955 4112 sunt
994 4056 1110 4112 haec
1139 4056 1330 4113 verba.
1372 4053 1553 4111 Vultis
1581 4056 1745 4119 scire,
1780 4055 1978 4126 inquit,

400 4158 495 4196 cur
520 4142 653 4197 mihi
688 4144 989 4201 timendum
1022 4145 1095 4201 sit
1138 4146 1191 4200 in
1229 4147 1315 4201 die
1351 4145 1519 4200 futuri
1544 4144 1784 4214 judicii?
1828 4146 1984 4200 Hanc

399 4233 544 4287 enim
574 4234 719 4290 diem
744 4234 942 4290 malam
969 4237 1232 4308 appellat,
1264 4236 1729 4307 quemadmodum
1759 4244 1813 4291 et
1850 4238 1980 4293 alibi

401 4323 453 4376 in
485 4323 694 4394 psalmo
726 4339 790 4378 ιι.
820 4323 841 4396 ι
876 4326 953 4381 ibi
981 4343 995 4379 :
1050 4325 1118 4380 In
1151 4327 1236 4381 die
1264 4328 1407 4381 mala
1453 4329 1698 4383 liberabit
1731 4345 1851 4383 eum
1878 4329 1982 4384 Do-

400 4418 595 4480 minus,
646 4418 737 4471 ubi
801 4417 1112 4489 diximus].
1163 4421 1365 4476 Audite
1414 4421 1584 4492 igitur
1629 4436 1851 4478 causam
1910 4424 1979 4477 ti-

398 4521 591 4560 lliOl'lS.

473 4574 735 4666 Iniquitas
765 4598 1001 4653 δαισαηοί
1046 4600 1149 4655 mei
1178 4601 1537 4657 circumdabit
1598 4622 1699 4662 me.
1760 4606 1975 4672 Timeo,

2007 4495 2056 4554 D

2086 3228 2241 3282 Μετά
2298 3228 2493 3297 μέλους
2550 3227 2608 3281 δὲ
2666 3227 2985 3298 ὀργανικοῦ,
3029 3228 3117 3282 ἴνα
3164 3229 3389 3298 γένηται
3437 3230 3466 3282 ὁ
3512 3227 3668 3296 λόγος

2086 3319 2362 3391 ἡδύτερος.
2432 3320 2664 3388 Ἀνοίγει
2709 3320 2766 3374 δὲ
2816 3321 2874 3373 ἐν
2922 3318 3208 3391 ψαλτηρίῳ
3260 3320 3321 3372 τὸ
3374 3318 3668 3389 πρόϐλημα

2085 3413 2254 3465 αὑτοῦ
2286 3412 2314 3464 ὁ
2350 3412 2521 3465 ποιῶν
2550 3411 2645 3464 καὶ
2691 3411 2978 3478 διδάσκων,
3032 3414 3125 3464 καὶ
3161 3412 3260 3483 τὴν
3292 3411 3493 3481 πρᾶξιν
3527 3410 3669 3481 ἔχων

2085 3504 2161 3574 τῷ
2207 3504 2350 3574 λόγῳ
2399 3505 2708 3574 σύμφωνον.
2744 3504 2819 3557 Τὸ
2854 3504 2964 3574 γὰρ
3015 3502 3178 3572 μέλος
3213 3502 3308 3555 τοῦ
3366 3503 3668 3573 ψαλτηρίου

2083 3595 2172 3649 διὰ
2196 3596 2392 3667 χειρῶν
2412 3595 2776 3666 ἀπαρτίζεται
2797 3610 2811 3625 ο
2844 3598 2943 3668 τῆς
2970 3595 3281 3668 πρακτικῆς
3310 3594 3369 3649 δὲ
3399 3594 3669 3665 σύμϐολον

2085 3688 2141 3740 αἱ
2169 3690 2350 3758 χεῖρες

2169 3953 2354 4009 Ἰνατί
2380 3955 2676 4025 φοϐοῦμαι
2707 3956 2778 4010 ἐν
2803 3956 2994 4026 ἡμέρᾳ
3036 3970 3274 4025 ator-rum
3300 3974 3321 4022 ;
3359 3956 3496 4010 Κατ’
3528 3953 3670 4026 ἐρώ-

2083 4064 2241 4117 τησιν
2283 4048 2659 4109 ἀναγνωστέον
2685 4065 2700 4082 ο
2735 4049 3007 4103 Βούλεσοέ
3056 4067 3124 4121 με
3163 4050 3357 4121 μαθεῖν
3387 4051 3530 4104 διατί
3572 4067 3669 4119 φο-

2083 4136 2288 4208 ϐοῦμαι
2318 4140 2376 4191 ἐν
2412 4141 2477 4209 τῇ
2503 4138 2688 4210 ἡμέρᾳ
2717 4140 2815 4209 τῆς
2847 4138 3114 4211 κρίσεως;
3143 4141 3351 4212 ταύτην
3382 4142 3493 4212 γὰρ
3516 4140 3667 4209 λέγει

2082 4229 2347 4302 πονηρὰν,
2373 4230 2448 4292 ώς
2487 4234 2546 4285 ὲν
2596 4231 2675 4303 τῷ
2714 4232 2958 4304 δευτέρῳ
2991 4234 3160 4305 στίχῳ
3188 4234 3284 4288 τοῦ
3339 4240 3393 4304 μ’
3446 4231 3667 4304 ψαλμοῦ

2082 4322 2622 4394 προαποδεδώκαμεν
2640 4338 2654 4353 ο
2696 4323 2886 4379 λοιπὸν
2914 4321 3007 4380 οὖν
3035 4326 3329 4381 ἀκούσατε.

2160 4611 2228 4666 Ἢ
2260 4610 2479 4681 ἀνομία
2509 4609 2618 4680 τῆς
2650 4613 2911 4679 πτέρνης
2947 4629 3069 4681 μου
3110 4609 3417 4666 κυκλώσει
3443 4628 3540 4681 με.
3571 4612 3668 4665 Φο-

398 4690 598 4759 inquit,
637 4690 763 4758 quia
802 4698 934 4745 tunc
962 4692 1223 4763 iniquitas
1277 4698 1487 4763 peccati
1535 4699 1664 4763 mei,
1714 4700 1818 4753 hoc
1870 4708 1979 4765 est,

2086 4705 2305 4775 ϐοὖμαι,
2338 4706 2423 4758 ὅτι
2448 4705 2719 4759 κυκλώσει
2745 4722 2813 4775 με
2837 4705 2959 4757 τότε
2982 4706 3014 4776 ἡ
3040 4705 3241 4772 ἀνομία
3268 4706 3363 4776 τῆς
3386 4706 3665 4776 ἁμαρτίας

397 4783 528 4853 quia
567 4794 848 4850 peccatum
880 4801 1062 4841 meum
1100 4788 1471 4845 circumdabit
1503 4807 1610 4845 me.
1648 4790 1977 4847 Calcaneum

396 4875 540 4929 enim
593 4877 781 4945 posuit
833 4893 930 4947 pro
983 4878 1308 4949 deceptione
1364 4901 1376 4937 :
1420 4883 1880 4951 quemadmodum
1923 4893 1978 4938 et

395 4966 522 5022 alibi
549 4967 602 5021 in
643 4983 1072 5026 commemorato
1097 4973 1313 5042 psalmo
1342 4990 1408 5029 at.
1436 4973 1535 5046 [ibi
1567 4992 1579 5027 :
1614 4974 1976 5044 Magni/ienuit

393 5060 678 5114 adversum
753 5079 832 5116 me
908 5064 1456 5137 supplantationem]
1550 5066 1969 5121 declaravimus.

396 5147 576 5221 [Quod
609 5161 789 5208 tamen
818 5169 883 5208 ex
914 5154 1150 5209 lectione
1179 5153 1369 5210 Grates
1400 5156 1596 5213 melius
1648 5160 1970 5228 percipitur,

392 5258 516 5296 cum
547 5242 735 5299 Grarca
751 5245 921 5301 dictio
950 5247 1306 5319 πτερνισμὸς,
1328 5249 1434 5304 hoc
1452 5258 1555 5310 est.
1581 5250 1976 5319 supplantatio,

2085 4815 2209 4865 μου,
2255 4798 2531 4860 τουτέστι,
2576 4798 2607 4866 ὴ
2644 4798 2891 4867 ἁμαρτία
2947 4813 3071 4866 μου,
3128 4798 3272 4850 κατὰ
3307 4797 3661 4868 περίφρασιν.

2085 4891 2188 4943 Πτέ
2201 4907 2299 4959 ρνα
2331 4889 2430 4960 μὲν
2449 4891 2555 4959 γὰρ
2580 4891 2611 4959 ὴ
2646 4890 2852 4957 ἀπάτη,
2902 4887 2976 4951 ὼς
3004 4891 3060 4942 ὲν
3093 4889 3170 4959 τῷ
3199 4887 3495 4958 δηλωθέντι
3525 4888 3666 4957 ψαλ-

2087 4982 2171 5053 μῷ
2206 4983 2564 5053 προείπομεν.
2585 4981 2797 5051 ’Λπάτη
2827 4980 2905 5046 δὲ,
2934 4983 2967 5051 ή
2996 4981 3259 5050 ἁμαρτία,
3293 4980 3365 5044 ὡς
3390 4981 3665 5035 ἀπατῶσα

2082 5074 2173 5124 τὸν
2206 5074 2610 5142 ἁμαρτάνοντα.
2649 5070 2800 5133 Εἶδες
2851 5072 3014 5140 σοφὸν
3067 5070 3224 5140 λόγον
3271 5071 3366 5125 καὶ
3415 5071 3659 5137 συνετὸν,

2078 5164 2225 5227 ὅπως
2253 5164 2340 5216 διὰ
2370 5164 2464 5217 τοῦ
2495 5165 2813 5232 εἰσαγαγεῖν
2837 5164 3028 5217 ἑαυτὸν
3058 5162 3663 5235 φοϐούμενον,πσρῄνε-

2080 5274 2139 5309 σε
2169 5256 2453 5323 φοϐεῖσθαι
2490 5256 2587 5325 τὴν
2637 5255 2936 5327 ἀμαρ.ίαν,
3000 5255 3220 5320 διδάξας
3273 5256 3411 5326 ἃμα,
3450 5258 3545 5309 καὶ
3577 5255 3661 5308 ὃτι

389 5339 500 5392 ἀπὸ
530 5340 626 5409 τῆς
658 5340 917 5413 πτέρνης,
951 5344 1051 5397 hoc
1106 5351 1191 5397 est
1214 5385 1227 5408 ,
1261 5360 1291 5395 a
1328 5343 1589 5399 ealcanco
1626 5346 1976 5419 tletiucatur.]

2086 5349 2256 5418 κρίσις
2289 5349 2438 5402 ἔσται
2468 5348 2787 5411 ἀδέκαστος.

389 5426 680 5485 Peccatum
727 5449 854 5487 vero
906 5439 1104 5489 merito
1149 5435 1398 5502 deceptio
1457 5436 1803 5505 appellatur,
1847 5441 1973 5510 quia
2017 5451 2343 5512 peccantem
2372 5444 2550 5511 ipsum
2579 5441 2803 5511 deripit.
2845 5442 3038 5500 Vidisti
3107 5443 3376 5516 sapientia
3435 5444 3657 5516 plenum

390 5533 719 5585 seruitutem,
753 5537 861 5591 quo
897 5524 1186 5594 Propheta,
1229 5527 1358 5581 dum
1393 5543 1452 5581 se
1485 5528 1679 5585 timere
1725 5531 2053 5598 introduxit,
2107 5535 2248 5590 alios
2312 5542 2473 5588 caute
2513 5533 2796 5589 admonuit
2865 5536 3058 5590 timere
3102 5549 3131 5587 a
3187 5535 3467 5605 peccatis,
3531 5552 3656 5590 cum

398 5609 639 5662 ndicium
699 5613 790 5665 Dei
840 5615 1107 5682 (πῙιιιςιιιοῑὶ
1163 5618 1405 5673 luturum
1441 5618 1537 5684 sit,
1576 5627 1635 5674 ut
1690 5627 1967 5692 corrumpi
2011 5642 2118 5681 non
2157 5626 2353 5695 possit.

464 5700 625 5753 Vens.
659 5705 709 5756 7.
743 5702 843 5767 Qui
875 5708 1143 5774 confidunt
1174 5709 1225 5760 in
1257 5719 1514 5776 potestate
1535 5726 1651 5775 sua,
1679 5722 1726 5765 et
1754 5713 1806 5766 in
1833 5716 1967 5767 ntul-

2149 5721 2214 5770 Ol
2249 5719 2600 5783 πεποιθότες
2646 5719 2745 5772 ἐπὶ
2781 5718 2855 5787 τῇ
2885 5720 3133 5792 δυνάμει
3180 5721 3399 5787 αὐτῶν,
3428 5723 3520 5775 καὶ
3557 5722 3656 5774 ἐπὶ

391 5788 611 5843 titndinc
641 5793 947 5849 diritiarum
987 5816 1203 5854 sitarum
1236 5803 1559 5872 gloriantur.
1610 5803 1958 5864 Subaudien-

2074 5809 2147 5872 τῷ
2180 5807 2392 5875 πλήθει
2416 5809 2518 5864 τοῦ
2539 5812 2807 5866 πλούτου
2828 5812 3029 5867 αὐτῶν
3057 5813 3445 5884 καυχώμενοι.
3481 5815 3658 5883 Elpin-
