4120 6426
432 387 549 450 529

1554 392 1950 455 COMMENT.
2013 392 2095 452 IN
2136 395 2507 456 I’SALMOS.

3611 394 3726 456 5'30

430 507 806 560 υπακουστὲον
864 510 941 570 τὸ,
1010 509 1359 563 Ἀκούσατε.
1412 512 1688 568 Δυνατοὺς
1739 512 1798 565 δὲ
1863 512 2015 580 λέγει

2124 510 2254 565 dum
2308 520 2415 580 est,
2467 514 2572 569 hoc
2627 515 2681 570 in
2743 515 2886 577 loro,
2939 513 3188 579 verbum,
3227 510 3563 567 Auscultate.
3611 511 3719 564 Po-

428 597 554 662 νῦν,
582 598 644 650 οῦ
673 596 798 661 τοὺς
830 599 892 650 ἐν
920 598 1067 669 ἔργῳ
1100 598 1281 667 μόνον,
1300 598 1437 653 ἀλλὰ
1467 600 1561 653 καὶ
1591 602 1718 663 τοὺς
1750 602 1808 653 ἐν
1834 600 1981 670 λόγῳ
2002 617 2017 632 ο

2131 604 2347 659 testatis
2400 614 2583 660 autem
2642 622 2840 662 nomen
2909 607 3057 678 large
3114 604 3529 676 intelligendum
3597 612 3716 667 est,

430 690 532 744 καὶ
553 689 677 751 τοὺς
706 689 1021 755 πλουσίους,
1059 689 1122 744 οὐ
1146 691 1273 754 τοὺς
1310 691 1370 744 ὲν
1396 691 1646 763 χρήμασι
1676 693 1861 762 μόνον,
1882 691 2017 746 ἀλλὰ

2128 695 2203 750 ita
2270 705 2328 751 ut
2366 711 2476 752 non
2516 704 2729 753 tantum
2767 699 2834 752 ad
2868 714 2963 754 eos
2998 698 3274 768 dirigatur
3299 711 3506 758 sermo,
3533 696 3624 763 qui
3659 695 3718 748 in

428 782 528 834 xui.
552 783 680 845 τοὺς
707 783 765 835 ἐν
787 781 1027 852 λογικοῖς
1061 781 1407 855 θεωρήμασι.
1433 784 1686 848 Καλέσας
1711 784 1770 838 δὲ
1793 783 2016 850 τούτους

2127 789 2393 858 operibus
2429 829 2443 853 ,
2507 790 2604 846 sed
2662 791 2729 845 ad
2782 806 2876 847 eos
2937 792 3103 846 etiam
3180 789 3276 860 qui
3348 788 3401 841 in
3460 801 3718 842 sermone

429 871 563 943 ἰδίᾳ,
596 876 759 944 φησίν
779 890 794 906 ο

2074 941 2082 946 _
2124 889 2378 950 potentes
2410 890 2557 938 sunt.
2596 881 2773 937 Simili
2804 882 2966 937 modo
2993 881 3214 937 divitias
3246 879 3400 943 dicit,
3469 894 3580 933 non
3620 893 3717 940 eas

428 966 667 1029 tantum,
701 979 823 1035 qua:
846 965 902 1021 in
928 964 1199 1035 pecuniis,
1244 975 1341 1021 aut
1395 966 1521 1023 aliis
1579 966 1816 1022 fortuna!
1842 967 2022 1035 bonis
2050 971 2389 1038 consistunt,
2426 973 2520 1028 sed
2547 988 2642 1029 eas
2667 974 2835 1028 etiam
2874 987 2995 1044 quae
3020 972 3091 1027 ad
3119 972 3428 1028 doctrinam
3453 979 3508 1026 et
3540 969 3722 1038 philo-

426 1057 642 1125 sophiae
667 1058 849 1114 studia
886 1057 1184 1128 pertinent.
1241 1058 1340 1113 llis
1390 1059 1554 1128 igitur
1593 1060 1668 1115 ita
1703 1060 1987 1131 sigillatim
2043 1066 2388 1130 convocatis,
2444 1079 2756 1121 sermonem
2809 1066 3162 1135 prosequitur
3188 1104 3203 1127 ,
3252 1064 3447 1119 dicens
3483 1079 3497 1115 :

506 1151 786 1222 Ἀὃελςοός
801 1157 875 1208 οὐ
901 1155 1251 1224 λυτρυῦται,
1285 1155 1656 1225 λυτρώσεται
1672 1156 2020 1225 civ-Optume;

435 1241 609 1306 Ἐκεῖ,
634 1247 823 1313 φησὶν,
847 1245 968 1298 οὐδὲ
993 1245 1223 1315 ἀδελφὸς
1244 1244 1474 1300 δύναται
1501 1246 1890 1318 λυτρώσασθαι
1907 1250 2011 1319 τῆς

420 1334 724 1400 κολάσεως,
741 1337 771 1388 ό
784 1335 944 1402 φύσει
962 1337 1238 1407 φίλτατος·
1259 1339 1293 1409 ἡ
1314 1339 1425 1407 γὰρ
1440 1340 1595 1408 ἰσχὺς
1616 1339 1795 1392 καὶτὰ
1809 1342 1913 1410 χρή
1923 1358 2023 1411 μα-

417 1444 496 1481 τα
547 1429 611 1481 ού
638 1428 1090 1484 συνδιαϐαίνουσι.
1121 1430 1231 1484 Καὶ
1264 1430 1315 1484 εί
1341 1430 1570 1499 ἀδελφὸς
1600 1433 1662 1485 οὗ
1695 1431 2010 1501 λυτροῦται,

416 1518 764 1589 λυτρώσεται
781 1522 1098 1592 ἀνθρωποςς
1123 1523 1184 1576 τὸ
1201 1523 1301 1593 μὲν
1315 1523 1450 1594 γὰρ,
1491 1522 1787 1593 Ἀδελφὸς
1809 1526 1881 1577 οὐ
1903 1526 2017 1578 λυ-

415 1609 685 1676 τροῦνται.
711 1612 851 1664 κατά
867 1612 1145 1682 ἀπόφασιν
1174 1613 1551 1678 ἀναγνωστέον
1571 1631 1586 1647 ·
1616 1615 1676 1667 τὸ
1700 1614 1758 1668 δὲ
1784 1614 2016 1683 Λυτρώ-

413 1718 594 1758 σεται
624 1703 958 1772 ἄνθρωπος,
1000 1706 1144 1759 κατά
1175 1706 1469 1776 ἐρώτησιν,
1508 1705 1647 1777 μετά
1683 1705 2009 1777 βαρύτητος.

2198 1159 2367 1219 Vens.
2413 1162 2468 1218 8.
2534 1160 2734 1217 Frater
2783 1178 2889 1216 non
2934 1162 3170 1223 redimit,
3244 1160 3461 1214 redimet
3511 1154 3717 1211 homo?

2125 1254 2267 1320 Illic,
2295 1256 2498 1326 inquit,
2532 1269 2709 1326 neque
2741 1254 2859 1325 ipse
2892 1256 3057 1310 etiam
3094 1254 3261 1308 frater
3299 1252 3566 1306 redimere
3604 1250 3716 1303 fra-

2130 1355 2269 1400 trem
2296 1356 2481 1418 potest
2517 1363 2546 1401 a
2573 1347 2869 1418 supplicio,
2916 1346 3109 1408 frater,
3157 1345 3403 1415 inquam,
3440 1342 3531 1412 qui
3581 1356 3715 1396 san-

2127 1433 2293 1502 guine
2357 1434 2518 1492 nobis
2567 1434 3060 1505 coniunctissimus
3113 1443 3197 1488 est
3226 1451 3241 1486 :
3272 1433 3418 1487 vires
3466 1431 3611 1485 enim
3659 1438 3713 1484 et

2123 1522 2332 1579 divitiae
2388 1525 2520 1578 illuc
2578 1526 2867 1581 nobiscum
2915 1528 3121 1595 pariter
3176 1542 3285 1580 non
3332 1522 3711 1579 descendent:

2122 1615 2268 1686 quod
2297 1615 2341 1671 si
2368 1615 2541 1673 frater
2562 1633 2670 1671 non
2704 1618 2951 1683 redimit,
2983 1633 3090 1687 quo
3117 1624 3280 1688 pacto
3307 1615 3522 1670 alienus
3545 1615 3712 1667 homo

2118 1705 2465 1761 redemerit?
2509 1706 2684 1778 llnjus
2720 1716 2901 1762 autem
2962 1706 3220 1762 versiculi
3273 1705 3440 1760 verba
3484 1702 3708 1758 divisim

412 1795 623 1849 Λοιπὸν
650 1791 746 1851 οῦν
799 1799 900 1852 οὐκ
942 1798 1090 1851 ἐστιν
1119 1800 1239 1853 ἐκεῖ
1269 1798 1563 1869 λύτρωσις,
1606 1798 1722 1853 ἀλλ’
1775 1798 2009 1853 ἐνταῦθα

2124 1797 2347 1868 legenda
2381 1806 2534 1864 sunt,
2564 1800 2639 1853 ita
2672 1807 2734 1854 ut
2786 1799 3039 1853 absolute
3096 1806 3151 1852 et
3199 1812 3324 1853 cum
3376 1796 3713 1850 determina-

410 1888 521 1959 χρὴ
534 1888 630 1942 sta
649 1889 939 1959 μετάνοιαν
993 1890 1189 1945 ἑαυτόν
1209 1907 1336 1945 τινα
1362 1890 1711 1963 λυτροῦσθαι.
1742 1891 1883 1963 Φησὶ
1906 1893 2017 1959 γὰρ

2124 1894 2272 1948 tione
2297 1894 2516 1947 dicatur
2541 1912 2555 1948 :
2596 1891 2792 1947 Frater
2822 1909 2926 1947 non
2951 1893 3161 1947 redimit
3187 1910 3205 1959 ;
3229 1898 3283 1946 et
3309 1896 3514 1962 puncto
3542 1888 3709 1954 facto,

411 1982 447 2051 ὴ
479 1981 678 2052 Γραφή
700 1996 718 2012 ⁸
758 1982 900 2038 Ἐὰν
921 1982 1163 2053 ἀναστῇ
1185 1983 1313 2039 Νῶε
1337 1984 1434 2039 καὶ
1479 1984 1602 2039 Ἰὼῦ
1627 1984 1727 2039 καί
1748 1984 1998 2055 Δανιὴλ,

411 2073 584 2138 υἱοὺς
602 2073 804 2129 αὐτῶν
827 2074 925 2130 καὶ
958 2074 1290 2145 θυγατέρας
1317 2078 1391 2131 οὐ
1423 2074 1511 2145 μὴ
1525 2075 1849 2143 ῥύσονται.

2118 1982 2361 2039 Redimet
2398 1984 2555 2039 homo
2589 1986 2614 2040 Ρ
2650 1982 3051 2053 lnterrogative
3099 1982 3463 2040 enuntiando.
3516 1981 3712 2035 Restat

2114 2074 2306 2145 igitur,
2335 2082 2394 2129 ut
2415 2073 2567 2129 nulla
2598 2074 2708 2130 illic
2739 2075 3009 2146 speranda
3039 2075 3109 2130 sit
3139 2073 3437 2143 redemptio
3467 2089 3480 2126 :
3507 2085 3629 2125 cum
3653 2069 3712 2125 in

415 2169 675 2239 praesenti
704 2169 814 2223 vita
848 2169 1187 2237 pmnitentiae
1217 2170 1474 2240 laerymis
1502 2176 1714 2223 tantum
1752 2169 1911 2224 venia
1932 2167 2220 2238 impetrari
2254 2166 2545 2237 possit.Ait
2570 2166 2718 2223 enim
2748 2167 2876 2222 alibi
2925 2165 3206 2238 Scriptura
3235 2182 3251 2220 :
3288 2163 3350 2220 Si
3382 2162 3711 2227 surrexerint

426 2260 557 2325 Noe,
591 2259 717 2326 Job,
749 2268 800 2314 et
841 2259 1058 2326 Daniel,
1104 2261 1249 2330 ﬁlios
1299 2275 1423 2315 suos
1468 2269 1522 2314 et
1569 2260 1713 2330 ﬁlias
1749 2275 1876 2314 satas
1915 2275 2021 2313 non
2050 2256 2373 2313 liberabant.

502 2357 581 2408 οὐ
627 2352 811 2407 δώσει
860 2352 940 2420 τῷ
995 2351 1119 2420 Θεῷ
1179 2352 1485 2423 ἐείλασμα
1534 2352 1778 2408 ἑαυτοῦ.
1815 2350 1954 2407 (δῦτε
1988 2352 2017 2407 ό

2185 2350 2308 2405 Non
2328 2351 2476 2407 dabit
2508 2351 2614 2408 Deo
2635 2353 2993 2422 placationem
3017 2354 3120 2407 sui.
3153 2350 3261 2407 Nec
3280 2349 3476 2414 frater,
3506 2346 3709 2416 inquit,

439 2446 670 2517 ἀδελφὸς,
725 2445 851 2501 οὔτε
890 2450 919 2501 ὁ
959 2447 1110 2513 ξένος
1159 2448 1322 2502 δώσει
1360 2449 1477 2501 ἐκεῖ
1507 2447 1799 2518 ἐξιλασμα,
1846 2448 2016 2519 ἦγουν

2124 2456 2219 2497 nec
2247 2453 2548 2498 extraneas
2580 2444 2728 2514 quis,
2765 2444 2878 2499 illic
2917 2444 3051 2499 dare
3085 2443 3287 2513 poterit
3311 2439 3707 2513 piscationem,

434 2539 623 2611 λύτρον
653 2541 874 2606 ἑαυτοῦ,
900 2540 1122 2596 κολάσει
1152 2540 1249 2595 καὶ
1281 2541 1445 2604 αὐτὸς
1470 2540 1547 2595 ὣν
1578 2541 1906 2605 ὑπεύθυνος.

492 2808 606 2864 Καὶ
637 2808 753 2876 τὴν
791 2807 970 2877 τιμὴν
1006 2807 1116 2875 τῆς
1149 2806 1508 2876 λυτρώσεως
1527 2806 1640 2876 τῆς
1677 2808 1886 2877 ψυχῆς
1915 2810 2023 2862 αὐ·

422 2902 557 2957 τοῦ.
589 2902 701 2956 Καὶ
738 2901 799 2954 ού
831 2899 995 2954 δώσει
1033 2900 1132 2970 τὴν
1159 2900 1349 2972 τιμὴν,
1403 2901 1574 2971 ἤγουν
1605 2899 1873 2970 ὲξώνησιν
1921 2901 2022 2970 τῆς

423 2994 747 3064 ἐλευθερως
768 2994 936 3048 αὐτοῦ
955 2997 1055 3064 τῆς
1073 2994 1251 3064 ψυχῆς
1272 3011 1286 3025 ·
1312 2992 1490 3064 ψυχῆς
1537 2994 1646 3063 γὰρ
1673 2993 2022 3064 ἀνθρωπίνης

422 3085 540 3141 οὐδ’
570 3086 599 3137 ὁ
626 3084 831 3155 κόσμος
859 3085 979 3146 ὅλος
1018 3083 1268 3148 ἀντάξιος
1286 3101 1299 3115 ·
1330 3084 1454 3136 ἐπεὶ
1483 3085 1572 3137 καὶ
1597 3085 1623 3136 ό
1647 3083 1839 3155 Σωτὴρ
1859 3082 2017 3153 ἡμῶν

430 3178 646 3249 μέλλων
669 3175 998 3248 λυτροῦσθαι
1044 3176 1145 3248 τὴν
1176 3176 1528 3244 ἀνθρωπίνην
1553 3174 1753 3246 ψυχὴν,
1807 3177 2015 3247 αἰχμα-

425 3270 788 3325 λωτισθεῖσαν
825 3268 930 3322 ὑπὸ
981 3265 1079 3321 τοῦ
1117 3267 1387 3328 διαὸόὶου,
1444 3267 1505 3321 οὐ
1531 3270 1637 3338 γῆν
1688 3267 1909 3330 ἔδωκεν,
1952 3269 2013 3321 ού

2115 2529 2224 2584 boc
2286 2539 2394 2595 est,
2428 2532 2860 2605 redemptionem
2903 2534 2986 2588 sui
3017 2534 3223 2604 ipsius:
3259 2546 3382 2586 cum
3438 2531 3554 2600 ipse
3614 2543 3713 2598 po-

2117 2624 2225 2678 tius
2284 2629 2498 2696 parnasi
2533 2627 2740 2696 pariter
2812 2627 3047 2683 daturus
3092 2626 3165 2682 sit
3197 2665 3213 2691 ,
3251 2632 3441 2695 utpote
3470 2622 3712 2694 peccatis

2120 2716 2423 2772 obnoxius.

2191 2805 2359 2864 Vens.
2388 2808 2443 2871 9,
2483 2808 2571 2865 10.
2602 2808 2667 2864 Et
2698 2812 2924 2879 pretium
2949 2811 3325 2881 redemptionis
3358 2811 3548 2864 anima:
3570 2823 3704 2863 suae.

2126 2899 2189 2954 Et
2218 2917 2327 2956 non
2379 2900 2531 2956 dabit
2562 2903 2800 2973 pretium
2842 2901 3258 2972 redemptionis,
3295 2900 3400 2956 boc
3442 2908 3548 2963 est,
3591 2912 3702 2951 non

2122 2992 2275 3048 dabit
2301 2994 2733 3062 redemptionem
2762 3010 2862 3064 pro
2887 2995 3140 3051 libertate
3169 2994 3364 3048 animm
3388 3007 3502 3048 sua:
3529 3028 3546 3053 ,
3582 3006 3707 3044 (um

2122 3099 2224 3153 pro
2265 3086 2431 3139 unius
2495 3085 2734 3142 hominis
2760 3086 2945 3142 anima
2998 3086 3292 3141 universus
3345 3084 3511 3139 etiam
3557 3082 3713 3137 orbis

2124 3174 2402 3230 subiciens
2449 3178 2682 3246 pretium
2732 3193 2840 3232 non
2888 3179 2960 3232 sit
3002 3196 3015 3232 :
3065 3176 3269 3246 quippe
3298 3191 3420 3229 cum
3455 3172 3708 3228 Silvator

2127 3275 2343 3330 noster,
2376 3269 2663 3324 hominum
2694 3270 2909 3323 animas
2937 3286 2966 3324 a
2993 3284 3138 3325 saevo
3161 3271 3407 3322 daemone
3442 3269 3493 3320 in
3534 3266 3710 3334 capti-

426 3362 731 3425 θάλασσαν,
767 3362 833 3415 ού
875 3360 1104 3431 κόσμον,
1152 3360 1290 3414 ἀλλὰ
1316 3360 1376 3412 τὸ
1407 3359 1605 3414 ἑαυτοῦ
1637 3359 1818 3430 τίμιον
1851 3354 2015 3430 αἷμα.

2124 3361 2347 3416 vitalem
2383 3369 2538 3417 actas
2573 3363 2960 3435 redempturus
2991 3402 3007 3427 ,
3042 3371 3248 3418 terram
3310 3377 3421 3417 non
3472 3360 3713 3424 dederit,

428 3457 597 3510 Ποῖον
623 3450 718 3509 οὖν
746 3454 973 3523 εὑρήσει
998 3469 1083 3516 τις
1126 3453 1242 3505 ἐκεῖ
1272 3451 1469 3521 λύτρον
1507 3451 1693 3518 ἀξιονς
1731 3451 1870 3522 Ὅρα
1923 3454 2017 3506 καὶ

430 3545 576 3613 σοφά
609 3546 852 3616 ῥήματα,
881 3542 977 3596 καὶ
1005 3542 1225 3607 συνετὰ,
1246 3542 1341 3596 καὶ
1371 3543 1775 3612 αἰνιγματώδη.

2128 3470 2237 3509 non
2295 3469 2446 3510 mare
2479 3495 2497 3522 ,
2540 3470 2649 3510 non
2693 3456 2874 3527 ipsum
2910 3457 3154 3526 denique
3182 3456 3395 3520 orbem,
3422 3455 3518 3509 sed
3548 3468 3711 3509 suum

2126 3561 2226 3617 pro
2277 3547 2437 3604 nobis
2505 3549 2972 3618 pretiosissimum
3035 3550 3362 3621 sanguinem
3430 3546 3710 3603 effuderit.

429 3637 742 3702 Quamnam
773 3635 943 3705 igitur
967 3634 1405 3704 redemptionem
1430 3633 1541 3688 illic
1580 3635 1851 3704 quispiam
1886 3635 2142 3692 idoneam
2168 3639 2417 3696 invenire
2442 3642 2645 3711 poterit
2674 3642 2699 3697 ἲ
2732 3640 2814 3697 Tu
2909 3658 3039 3699 vero
3121 3643 3238 3713 ipsa
3326 3642 3491 3697 etiam
3563 3639 3699 3695 Pro-

431 3730 615 3799 pheta:
649 3726 815 3781 verba
844 3724 1137 3781 considera
1163 3765 1178 3790 ,
1211 3733 1473 3794 quantam
1515 3727 2011 3784 suboscurioribus
2044 3730 2232 3786 verbis
2269 3732 2598 3802 sapientiam
2632 3735 2970 3791 reconditam
3006 3734 3266 3790 habeant.

514 3820 880 3875 Ἐκοπίασεν
903 3820 991 3884 εις
1019 3820 1125 3873 τὸν
1152 3818 1360 3884 αἰῶνα,
1396 3818 1496 3873 καὶ
1534 3818 1776 3887 ζήσεται
1804 3824 1893 3888 εις
1918 3820 2014 3874 τέ-

427 3920 565 3980 λος.
603 3912 1009 3983 Καθαψάμενος
1034 3911 1145 3966 τῶν
1177 3912 1592 3984 ἀμετανοήτων,
1628 3913 1895 3984 τρέπεται
1919 3914 2015 3968 καὶ

432 4006 573 4077 πρὸς
601 4006 728 4067 τοὺς
758 4002 1179 4071 μετανοοῦντας,
1232 4003 1329 4056 καὶ
1356 4006 1672 4075 παρηγορεῖ
1718 4006 1812 4058 τὸν
1845 4005 2017 4059 κόπον

428 4100 534 4166 τῆς
576 4094 867 4166 μετανοίας
888 4094 1009 4155 ταῖς
1047 4093 1231 4147 ἐλπίσι
1260 4092 1356 4147 τοῦ
1394 4095 1702 4164 μέλλοντος.
1750 4095 1864 4149 Καλ⁸
1887 4097 2017 4149 ἑκο-

410 4170 625 4253 δπίασε,
668 4185 852 4257 φησὶν,
886 4187 967 4249 εἰς
987 4186 1079 4239 τὸν
1109 4184 1283 4239 αἰῶνα
1318 4185 1508 4239 τοῦτον
1539 4187 1567 4241 ό
1600 4188 1896 4256 μετανοῶν,
1923 4188 2018 4241 καὶ

428 4278 622 4333 λοιπὸν
650 4277 876 4347 ζήσεται
917 4276 1241 4338 διαπαντόςο
1279 4274 1440 4328 τοῦτο
1478 4275 1588 4346 γὰρ
1621 4276 1705 4340 τὸ,
1758 4277 2018 4345 Ζήσεται

426 4374 521 4437 εἰς
577 4368 777 4435 τέλος.
805 4368 961 4439 Zurqu
990 4368 1047 4422 δὲ
1076 4367 1226 4437 λέγει
1277 4368 1374 4440 τὴν
1408 4368 1614 4438 κυρίως
1644 4369 1736 4424 καὶ
1779 4370 1978 4423 ἄπονον
2004 4385 2016 4397 ·

428 4468 463 4533 ἡ
494 4464 609 4536 γὰρ
640 4463 894 4529 ἐνταῦθα,
920 4463 1344 4533 καταχρηστικῶ
1362 4464 1488 4530 ’,ὡς
1504 4465 1853 4536 παραδίδοται
1877 4464 2016 4535 (75).

428 4555 599 4619 Τέλος
626 4554 683 4608 δὲ
717 4556 930 4625 νοήσεις
960 4553 1055 4606 καὶ
1079 4553 1172 4608 τὸν
1204 4553 1470 4624 μέλλοντα
1496 4556 1669 4610 αἰῶνα
1687 4574 1703 4590 ·
1736 4555 1887 4620 τέλος
1912 4557 2018 4627 γὰρ

428 4648 647 4711 ἐκεῖνος
670 4644 767 4699 τοῦ
800 4645 1089 4717 παρόντος.

2197 3824 2262 3878 Et
2295 3824 2552 3880 laboravit
2590 3828 2646 3881 in
2684 3826 2958 3889 uetulum,
2993 3835 3043 3881 et
3075 3827 3207 3881 vivet
3259 3827 3315 3880 in
3353 3826 3535 3894 finem.
3568 3823 3707 3880 Cum

2120 3918 2414 3986 pnpugerit
2442 3917 2714 3988 Propheta
2760 3933 2856 3974 eos
2877 3918 2973 3988 qui
3026 3917 3413 3987 pmnitentiam
3445 3930 3551 3970 non
3582 3930 3710 3984 ege.

2122 4015 2251 4062 runt
2289 4007 2345 4062 in
2372 4010 2627 4076 praesenti
2655 4008 2764 4063 vita
2786 4049 2801 4072 ,
2829 4024 2975 4062 nunc
3009 4009 3075 4062 ad
3113 4008 3445 4078 pmnitentes
3478 4019 3712 4060 conver-

2130 4099 2289 4164 titur,
2318 4109 2372 4154 et
2402 4099 2711 4153 futurorum
2743 4113 2860 4169 spe,
2903 4098 3244 4168 pmnitentiae
3266 4098 3551 4153 molestias
3577 4109 3712 4149 eon-

2127 4189 2360 4244 solatur.
2389 4189 2457 4244 Et
2481 4190 2773 4255 laboravit,
2809 4190 3011 4260 inquit,
3051 4194 3106 4244 in
3140 4191 3405 4245 STClllllm
3439 4189 3544 4243 hoc
3575 4202 3711 4256 prte-

2129 4297 2278 4345 sens,
2324 4282 2416 4337 ille
2448 4282 2706 4336 nimirum
2740 4283 2834 4352 qui
2867 4280 3243 4351 paenitentiam
3275 4280 3390 4349 agit
3424 4297 3438 4334 :
3466 4286 3519 4333 et
3552 4278 3709 4332 dein-

2130 4389 2260 4444 ceps
2293 4375 2457 4429 etiam
2513 4375 2657 4428 vivet
2699 4384 2985 4445 perpetuo.
3038 4371 3152 4428 iloc
3193 4371 3338 4427 enim
3398 4369 3711 4439 signiﬁcant

2131 4466 2295 4520 verba
2336 4465 2466 4521 illa:
2513 4464 2656 4520 Vivet
2696 4467 2749 4520 in
2773 4467 2953 4536 ﬁnem.
2990 4466 3166 4520 Vitam
3195 4471 3376 4518 autem
3399 4478 3518 4518 eam
3553 4462 3710 4526 dicit,

2131 4570 2255 4626 quae
2310 4557 2533 4627 proprie
2577 4557 2688 4611 vita
2734 4566 2842 4623 est,
2883 4566 2938 4612 et
2993 4557 3112 4611 sine
3164 4556 3374 4609 labore.
3412 4556 3519 4610 Ista
3564 4552 3713 4608 enim

2128 4663 2374 4719 pra’sens
2403 4649 2699 4720 improprie
2721 4650 2832 4704 vita
2846 4649 3071 4713 dicitur,
3104 4655 3164 4702 ut
3186 4647 3315 4702 alibi
3343 4646 3710 4701 tradidimus:

2131 4755 2232 4810 per
2264 4741 2426 4795 linem
2486 4756 2618 4795 vero
2660 4740 2909 4796 futurum
2953 4741 3219 4796 saeculum
3261 4740 3508 4812 intelligo
3539 4781 3555 4807 ,
3596 4755 3709 4801 atto

2132 4846 2375 4901 praesens
2412 4833 2674 4889 saeculum
2707 4834 3056 4888 terminatur.

497 4918 620 4973 Οὐκ
644 4916 860 4986 ὄψεται
890 4919 1295 4988 καταφθορὰν,
1322 4916 1470 4972 ὅταν
1492 4918 1590 4986 ιδῃ
1620 4919 1855 4989 σοφοὺς
1875 4921 2017 4976 ἀπο-

2203 4919 2370 4976 Vens.
2409 4922 2494 4976 ll.
2539 4920 2662 4976 Non
2694 4921 2882 4977 videbit
2905 4922 3294 4990 corruptionem
3322 4960 3338 4985 ,
3375 4935 3492 4974 cum
3525 4917 3712 4970 riderit

442 5007 842 5079 θνήσκοντας.
904 5010 963 5064 '0
996 5009 1238 5074 τοιοῦτος
1285 5009 1854 5081 πεπληροφορημένος
1890 5012 2024 5082 περὶ

431 5101 534 5171 τῆς
567 5101 874 5173 μελλούσης
928 5102 1190 5174 κρίσεως,
1235 5103 1367 5158 ὅταν
1418 5104 1503 5174 ἴδῃ
1551 5104 1680 5166 τοὺς
1720 5106 1920 5174 σοφοὺς
1957 5105 2026 5159 τὰ

431 5195 580 5257 Oeta,
613 5194 737 5265 ἦτοι
766 5194 892 5258 τοὺς
932 5195 1223 5264 ἐναρέτους
1266 5194 1740 5266 ἀποθνήσκοντας,
1794 5198 1856 5250 οὐ
1883 5196 2026 5261 δόξει

431 5285 660 5357 summ
687 5284 1042 5355 καταφθορὰν
1069 5288 1151 5348 είς
1195 5285 1259 5339 τὸ
1294 5285 1489 5357 μηκέτ’
1511 5281 1651 5340 εἶναι
1675 5327 1690 5352 ,
1729 5286 1848 5340 ἀλλ’
1872 5286 2027 5340 ἐναλ-

429 5376 612 5448 λαγὴν
659 5375 767 5430 ἀπὸ
813 5375 1021 5445 φθορᾶς
1048 5377 1129 5439 εις
1168 5376 1504 5446 ἀφθαρσίαν.
1552 5377 1623 5430 Ἦ
1648 5378 1743 5430 καὶ
1777 5378 1907 5431 ὅταν
1936 5377 2023 5449 ἴδῃ

428 5468 564 5533 τοὺς
585 5467 785 5536 σοφοὺς
813 5467 883 5521 τὰ
903 5467 1110 5536 μάταια
1140 5466 1607 5538 ἀποθνήσκοντας,
1639 5470 1701 5521 οὐ
1730 5468 1874 5535 δόξει
1909 5468 2023 5540 pte;

433 5576 565 5615 πειν
590 5558 948 5628 καταφθορὰν
970 5557 1223 5631 σώματος
1244 5558 1380 5631 ὁμοῦ
1415 5561 1509 5614 καὶ
1533 5558 1734 5632 ψυχῆς,
1759 5561 1836 5625 ὡς
1869 5562 2026 5616 αὐτοὶ

2130 5017 2398 5085 sapientes
2456 5016 2761 5071 morientes.
2834 5014 3161 5086 Huiusmodi
3229 5015 3391 5067 homo
3423 5052 3439 5075 ,
3497 5009 3588 5077 qui
3644 5007 3713 5062 de

2131 5108 2320 5163 futuro
2379 5108 2588 5177 judicio
2630 5116 2819 5165 certus
2871 5119 2980 5172 est,
3012 5124 3135 5162 cum
3185 5105 3382 5160 viderit
3430 5102 3716 5171 sapientes

2129 5203 2281 5258 viros
2343 5215 2407 5256 ac
2447 5202 2653 5258 virtute
2701 5203 2963 5273 prmditos
3016 5201 3180 5262 mori,
3221 5213 3327 5252 non
3371 5191 3713 5248 existimabit

2130 5309 2192 5350 se
2226 5296 2636 5366 corruptionem
2655 5310 2844 5352 eorum
2872 5294 3075 5355 videre,
3097 5305 3216 5346 eam
3245 5288 3369 5343 dico
3396 5282 3714 5352 corruptio-

2137 5401 2285 5451 nem,
2315 5402 2422 5457 qua
2453 5388 2690 5458 amplius
2727 5385 2896 5442 futuri
2926 5399 3035 5439 non
3064 5389 3194 5438 sunt
3228 5399 3242 5434 :
3276 5377 3525 5448 quinimo
3556 5375 3707 5431 arbi-

2135 5478 2374 5534 trabitur
2402 5493 2463 5535 se
2480 5478 2918 5534 immutationem
2947 5473 3133 5529 videre
3152 5487 3183 5526 a
3211 5470 3390 5540 fragili
3424 5469 3525 5522 hac
3545 5475 3599 5523 et
3625 5480 3721 5521 οσ-

2135 5563 2279 5623 duca
2308 5568 2418 5624 vita
2441 5569 2507 5624 ad
2534 5567 2783 5627 stabilem
2808 5561 3098 5637 quamdam
3125 5570 3182 5618 et
3206 5560 3600 5629 incorruptam.
3624 5552 3721 5610 Vel

1802 5740 2010 5805 Variae
2054 5742 2389 5810 lectiones.

508 5841 631 5916 (75)
657 5841 747 5899 Al.
771 5806 1383 5917 προπαραδεδώκαμεν.
