4120 6418
415 363 514 431 531

1627 366 2014 429 EUTIIYMH
2059 366 2430 427 ZIGABENI

3581 369 3687 433 532

411 487 570 539 aliter
598 502 611 536 :
644 483 781 538 Cum
817 482 1015 537 viderit
1050 481 1329 552 sapientes
1358 482 1516 542 mori.
1550 495 1612 534 ac
1633 481 1789 536 falsis
1823 482 1983 551 hujus

2099 481 2289 546 ζῶντες
2319 481 2601 552 ὁρίζονται
2635 482 2746 551 (7:5)
2793 481 2886 535 τὸν
2944 481 3199 544 θάνατον,
3239 480 3375 534 ἀλλὰ
3405 487 3690 551 μετοικίαν

410 578 600 634 mundi
651 577 812 632 bonis
860 575 1058 645 privari
1093 614 1108 634 ,
1161 589 1268 627 non
1340 574 1700 628 arbitrabitur
1752 576 1991 627 animam

414 672 617 738 pariter
669 671 938 738 exstingui
1013 682 1134 720 cum
1200 681 1471 737 corpore,
1527 667 1992 736 quemadmt‘idum

397 766 654 830 _viventes
690 762 935 814 homines
972 768 1199 814 mortem
1238 773 1362 814 esse
1406 759 1740 813 deiiuieruut
1773 775 1786 811 :
1833 759 1994 828 quin-

408 858 520 910 imo
537 854 984 924 demigratiouem
1002 867 1122 905 esse
1145 852 1409 915 censebit,
1434 861 1486 904 et
1505 852 1683 904 laetum
1701 851 1991 920 quemdam

409 959 694 1000 accessum
745 944 811 996 ad
847 945 1010 996 vitam
1059 943 1470 1012 iucundiorem.
1525 941 1650 996 ihec
1694 953 1874 995 autent
1926 942 1991 996 ad

410 1039 583 1107 magis
617 1037 921 1107 simplicem
958 1037 1150 1105 psalmi
1192 1036 1602 1105 intelligentiam
1655 1035 1799 1088 dicta
1841 1043 1988 1088 sunt.

406 1130 637 1200 Magnus
669 1145 797 1184 vero
852 1128 1088 1183 Basilius
1133 1129 1290 1198 juxta
1358 1142 1636 1195 anugogen
1687 1129 1797 1180 haec
1848 1125 1990 1179 dicta

406 1237 710 1292 exponens,
747 1223 844 1284 ait,
879 1221 1021 1290 quod
1061 1221 1224 1274 verba
1261 1218 1347 1273 illa
1381 1242 1392 1274 :
1440 1218 1674 1271 Redime:
1715 1217 1904 1282 homo,
1942 1227 1994 1272 et

408 1330 530 1384 qua:
569 1326 896 1383 sequuntur,
925 1313 988 1366 de
1024 1311 1245 1366 Christo
1283 1311 1646 1380 ptzenuutiata
1673 1318 1823 1364 sunt.
1851 1308 1992 1375 Quia

407 1407 550 1460 enim
588 1404 786 1473 captivi
816 1404 945 1456 olim
980 1403 1082 1456 sub
1111 1402 1374 1456 daemonis
1403 1401 1784 1454 detinebantur
1817 1401 1990 1470 impe-

411 1499 509 1560 rio,
542 1497 797 1549 admouet
826 1511 925 1549 nos
954 1496 1146 1549 beatus
1174 1494 1366 1559 David,
1399 1495 1542 1563 quod
1588 1495 1771 1548 nullus
1803 1494 1990 1560 frater,

414 1590 515 1642 hoc
545 1599 648 1651 est,
684 1587 864 1640 nullus
897 1589 1187 1656 propheta,
1217 1586 1286 1640 ab
1313 1586 1632 1655 huiusmodi
1657 1603 1758 1642 nos
1792 1589 1992 1657 poterit

411 1679 726 1748 captivitate
761 1679 1015 1732 liberare.
1052 1676 1273 1732 Fratres
1321 1681 1466 1732 enim
1516 1677 1675 1734 nobis
1726 1695 1850 1736 esse
1893 1681 1993 1736 di-

409 1779 611 1825 cuntur
646 1769 958 1839 prophetae,
993 1769 1124 1838 quia
1159 1778 1383 1839 propter
1430 1784 1530 1824 nos
1581 1779 1845 1823 venerunt
1871 1810 1884 1834 ,
1937 1779 1990 1824 et

410 1861 534 1930 quia
564 1861 806 1929 ejusdem
851 1863 1138 1916 nobisa-uin
1193 1869 1320 1917 sunt
1354 1869 1582 1917 naturae.
1620 1861 1685 1914 Et
1710 1869 1837 1916 (illiti
1891 1864 1993 1918 hoc

412 1955 692 2015 admouet.
727 1955 859 2009 illud
893 1955 1099 2024 pariter
1133 1956 1420 2024 praedicit,
1449 1954 1595 2026 quod
1627 1955 1824 2019 homo,
1889 1956 1994 2008 hoc

409 2056 530 2111 est,
563 2048 709 2117 quod
763 2047 1064 2111 Christus,
1109 2049 1199 2118 qui
1253 2065 1413 2102 verus
1465 2063 1527 2102 ac
1579 2049 1858 2119 perfectus
1910 2056 1993 2104 est

413 2141 598 2195 homo.
651 2141 1112 2210 quemadmodum
1145 2152 1198 2196 et
1224 2157 1385 2195 verus
1412 2157 1472 2195 ac
1507 2143 1785 2213 perfectus
1819 2142 1982 2206 Deus,

411 2235 644 2288 redimet
675 2250 794 2289 nos.
827 2234 1002 2289 Verus
1034 2235 1178 2288 enim
1233 2249 1296 2288 ac
1327 2235 1604 2304 perfectus
1643 2237 1806 2290 homo
1857 2251 1986 2291 vere

412 2337 620 2382 tantum
649 2328 754 2382 dici
807 2337 984 2398 potest
1019 2328 1296 2392 Christus,
1353 2329 1478 2398 quia
1530 2329 1681 2385 solus
1731 2331 1846 2399 ipse
1893 2330 1986 2384 int-

2099 574 2176 635 εἰς
2207 573 2413 642 κόσμον
2445 573 2654 642 ἕτερον.
2701 573 2861 626 Ἀλλὰ
2887 570 3063 624 ταῦτα
3085 572 3185 641 μὲν
3209 571 3353 624 κατὰ
3375 571 3470 642 τὴν
3487 573 3692 626 ἄπλους

2101 665 2300 735 στὲραν
2327 665 2610 737 ἐξήγησιν.
2660 667 2718 719 '0
2749 666 2805 718 δὲ
2842 669 3016 736 μέγας
3052 664 3336 727 Βασίλειος
3372 664 3590 731 ἀνάγων
3621 667 3687 717 τὰ

2100 761 2262 829 ῥητὰ,
2288 765 2475 831 φησὶν,
2523 762 2687 815 ὅτιτὸ
2717 762 3095 830 Λυτρώσεται
3120 761 3453 829 ἄνθρωπος,
3489 763 3582 814 καὶ
3625 765 3691 816 τὰ

2098 855 2248 922 ἑξῆς,
2289 855 2420 923 περὶ
2454 856 2547 907 τοῦ
2582 856 2818 924 Χριςτοῦ
2855 853 3348 924 προεφητεύθησαν
3371 873 3384 885 ·
3429 855 3550 906 ἐπεὶ
3579 854 3688 923 γὰρ

2096 945 2595 1016 ᾑχμαλωτίσθημεν
2639 947 2806 999 πάλαι
2833 945 2909 1012 τῷ
2944 945 3200 1014 διαῦόλῳ,
3237 947 3502 1014 προεῖπεν
3535 946 3561 996 ὀ
3585 946 3689 994 Δα-

2097 1037 2204 1094 6ὶδ,
2234 1039 2313 1089 ὅτι
2343 1038 2570 1105 ἀδελφὸς
2594 1039 2652 1090 οὺ
2703 1037 2997 1107 λυτροῦνται
3041 1037 3168 1100 τοὺς
3215 1035 3687 1106 αἰχμαλωτισθέν-

2095 1147 2214 1192 τας,
2258 1135 2506 1183 τουτέστι
2553 1137 2840 1202 προφήτης
2866 1149 2877 1160 ·
2933 1130 3153 1196 ἀδελφοὶ
3185 1129 3293 1200 γὰρ
3335 1129 3492 1199 ήμῶν
3540 1132 3588 1182 οἱ
3619 1129 3688 1180 δι’

2096 1225 2244 1294 ἡμᾶς
2269 1223 2514 1287 ἐλθόντες
2572 1225 2874 1295 προφῆται,
2911 1225 3012 1294 τῆς
3040 1223 3211 1290 αὐτῆς
3247 1224 3401 1284 ὄντες
3433 1223 3646 1290 φύσεως
3669 1237 3682 1252 ·

2095 1315 2282 1369 λοιπὸν
2313 1315 2650 1385 λυτρὼσεται
2682 1316 2989 1386 ἄνθρωπος,
3031 1316 3310 1369 τουτέστιν
3368 1317 3395 1368 6
3429 1313 3686 1384 Χριστὸς,

2094 1409 2122 1460 ό
2151 1409 2354 1470 τέλειος
2390 1409 2694 1478 ἄνθρωπος,
2725 1408 2801 1471 ὡς
2829 1409 2921 1462 καὶ
2954 1407 3157 1468 τέλειος
3187 1408 3344 1473 Θεὸς,
3384 1407 3411 1458 6
3440 1405 3686 1475 φυλάξας

2095 1503 2352 1574 ἀκέραιον
2418 1504 2479 1556 τὸ
2541 1503 2640 1572 τῆς
2698 1503 3117 1574 ἅνθρωπότητος
3164 1502 3402 1572 αξῖωμα,
3459 1501 3554 1554 καὶ
3601 1502 3690 1554 διὰ

2094 1595 2252 1650 τοῦτο
2295 1596 2500 1666 κυρίως
2538 1597 2825 1664 ἄνθρωπος
2848 1613 2862 1628 ·
2893 1596 2950 1656 ὃς
2978 1597 3039 1649 οὐ
3068 1596 3231 1650 δώσει
3282 1595 3360 1666 τῷ
3401 1594 3522 1665 Θεῷ
3575 1593 3686 1658 ἐξί-

2094 1687 2282 1757 λασμα
2318 1686 2539 1750 ἑαυτοῦ,
2583 1687 2702 1740 οὐδέ
2743 1689 2841 1756 τὴν
2868 1688 3035 1757 τιμὴν
3079 1691 3175 1756 τῆς
3210 1686 3536 1759 λυτρώῖεως
3585 1687 3689 1754 τῆς

2093 1779 2274 1849 ψυχῆς
2302 1779 2467 1833 αὐτοῦ
2494 1796 2507 1810 ·
2559 1779 2881 1848 Ἀλιαρτίαν
2917 1780 3048 1850 γὰρ,
3095 1780 3284 1848 φησὶν,
3319 1781 3430 1833 οὐκ
3477 1781 3687 1844 ἐποή·

2093 1886 2208 1922 cer
2229 1886 2243 1899 ·
2282 1869 2425 1939 ὑπὲρ
2454 1870 2612 1938 ἡμῶν
2641 1866 2759 1930 οὖν,
2802 1872 2895 1922 καὶ
2933 1871 3030 1939 οὺχ
3055 1870 3193 1938 ὑπὲρ
3226 1869 3422 1922 ἑαυτοῦ
3451 1869 3687 1922 δέδωκεν

2093 1961 2358 2031 ἐξίλασμα
2393 1961 2453 2013 τὸ
2491 1963 2693 2014 οἰκεῖον
2730 1955 2892 2030 αἷμα.
2933 1964 3027 2024 Ὃς
3057 1962 3151 2014 καὶ
3189 1961 3486 2014 ἐκοπίασεν
3517 1961 3574 2011 ἐν
3607 1961 3686 2028 τῷ

2096 2052 2322 2121 παρόντι
2351 2052 2536 2115 αἰῶνι,
2569 2053 2734 2122 ἡνίκα
2765 2049 3117 2114 κεκοπιακὼς
3145 2053 3207 2103 ὲκ
3231 2051 3328 2119 τῆς
3354 2048 3687 2118 ὁδοιπορίας,

2094 2144 2348 2198 ἐκάθισεν
2400 2145 2492 2195 ἐπὶ
2525 2143 2626 2213 τῆς
2679 2144 2866 2211 πηγῆς
2894 2161 2906 2174 ·
2941 2143 2996 2205 ὃς
3033 2144 3134 2196 οὐκ
3186 2142 3378 2211 ὄψεται.
3415 2139 3660 2207 καταφθο

2099 2237 2219 2307 ρὲιν,
2251 2237 2379 2290 ὅταν
2411 2237 2460 2290 οἱ
2499 2237 2676 2289 λοιποὶ
2706 2236 3145 2305 ἀποθνήσκωσιν.
3206 2237 3288 2289 Οὐ
3320 2233 3429 2303 γὰρ
3453 2232 3683 2295 δώσεις,

2096 2330 2253 2399 φησὶ,
2284 2330 2393 2384 τόν
2431 2330 2606 2383 ὅσιόν
2631 2344 2748 2383 σου
2779 2328 2928 2382 ἰδεῖν
2957 2327 3312 2395 διαφθοράν.

411 2421 686 2474 inanitatis
712 2419 1030 2488 dignitatem
1063 2436 1091 2472 a
1121 2418 1230 2473 Deo
1268 2419 1476 2475 homini
1499 2421 1679 2474 datatn
1709 2420 1978 2491 integram
2023 2428 2188 2490 atque
2223 2423 2630 2477 iinutaeulatam
2667 2423 2931 2478 servavit.
2962 2423 3151 2476 Merito
3227 2424 3392 2492 igitur
3463 2419 3684 2491 proprie

411 2513 574 2566 homo
600 2513 821 2573 dit‘iilll‘,
853 2520 906 2565 et
938 2513 1026 2566 ille
1058 2514 1210 2567 solus
1241 2523 1324 2568 est
1352 2550 1368 2575 ,
1414 2513 1506 2580 qui
1593 2527 1702 2567 non
1769 2513 1921 2568 dabit
1952 2514 2062 2569 Deo
2101 2514 2460 2582 placationem
2499 2514 2607 2579 sui,
2641 2530 2820 2583 neque
2861 2515 3096 2583 pretium
3128 2515 3524 2584 redemptionis
3562 2515 3692 2566 aui-

414 2621 512 2658 mze
542 2621 673 2660 sum.
713 2605 991 2658 Peccatum
1025 2605 1168 2658 enim
1223 2621 1324 2658 non
1374 2606 1496 2672 fecit
1540 2605 1624 2667 ”;
1681 2620 1776 2674 pro
1830 2606 1986 2661 nobis
2022 2607 2208 2674 igitur,
2249 2616 2303 2661 et
2341 2623 2450 2661 nun
2488 2623 2586 2677 pro
2631 2623 2689 2662 se
2715 2610 2834 2676 ipso
2909 2609 3288 2678 plaeationem
3363 2609 3512 2664 dedit
3560 2623 3691 2677 prn-

413 2700 590 2768 priutu
636 2701 976 2768 sanguiue”).
1007 2698 1108 2763 Qui
1144 2700 1306 2751 etiam
1387 2698 1654 2752 laboravit
1718 2697 1770 2750 iu
1804 2699 2059 2768 praesenti
2101 2699 2326 2764 saecrdo,
2362 2699 2583 2769 quando
2611 2697 2867 2752 nimirum
2915 2716 2978 2752 ex
3010 2699 3210 2753 itinere
3257 2698 3514 2768 fatigatus
3550 2701 3695 2753 sedit

414 2805 580 2859 super
613 2789 851 2855 fontem;
903 2800 955 2842 et
990 2791 1081 2858 qui
1129 2803 1236 2842 non
1287 2786 1493 2844 videbit
1544 2789 1947 2857 corruptionem
1977 2830 1990 2854 ,
2032 2790 2252 2859 quando
2296 2790 2476 2845 caeteri
2530 2791 2855 2866 morientur,
2913 2787 3097 2859 Neque
3179 2791 3366 2857 enim,

413 2883 564 2936 dabis
585 2891 829 2938 sanctum
857 2888 1003 2934 tuum
1034 2880 1204 2934 videre
1234 2883 1624 2946 corruptionem
1667 2882 1736 2938 “.

486 2998 657 3053 Simul
714 2997 965 3066 insipiens
993 3005 1041 3050 et
1068 2998 1265 3050 stultus
1333 2999 1605 3066 peribunt.
1661 2997 1722 3050 lli
1761 2997 1988 3066 pariter,

415 3094 614 3162 inquTt,
670 3092 812 3144 diem
860 3106 1018 3144 suum
1063 3091 1315 3155 obibant,
1365 3101 1418 3145 et
1451 3090 1891 3160 segregabuntur
1923 3089 1992 3142 ab

3457 2793 3635 2862 inquit
3674 2844 3689 2866 ,

2179 2994 2529 3048 Ἐπιτοαιετύ
2595 2993 2802 3061 ἄφρων
2857 2994 2956 3046 καὶ
3014 2993 3200 3060 ἄνους
3275 2995 3676 3050 ἀπολοῦνται.

2107 3086 2345 3156 Ὁμοίως
2398 3087 2868 3154 ἀφανισθήσονται
2930 3085 3037 3138 ἀπὸ
3078 3087 3181 3155 γῆς
3213 3088 3308 3138 καὶ
3337 3086 3434 3154 τῆς
3466 3088 3690 3156 μερίδος

416 3184 505 3244 iis,
556 3183 648 3252 qui
702 3180 947 3236 salvandi
1001 3191 1148 3236 sunt.
1210 3179 1478 3250 Lsipiens
1530 3191 1710 3233 autem
1761 3190 1845 3234 est
1876 3180 1994 3248 qui-

2099 3178 2206 3229 τῶν
2239 3177 2587 3244 σωζομένων,
2615 3175 2709 3227 καὶ
2743 3177 2770 3226 ό
2803 3175 2996 3245 ἄφρων
3019 3217 3030 3236 ,
3068 3176 3186 3243 ἤτοι
3221 3176 3248 3227 6
3278 3176 3351 3245 μὴ
3390 3174 3549 3238 εἰδὼς
3597 3177 3692 3228 τιν

415 3288 633 3342 cunque
672 3271 842 3327 Deum
899 3289 1009 3326 non
1045 3272 1213 3336 novit,
1256 3271 1410 3335 juxta
1447 3271 1574 3324 illud
1607 3288 1618 3323 :
1675 3270 1819 3322 Dixit
1865 3271 1997 3321 insi-

415 3369 558 3437 piens
593 3369 642 3421 in
677 3367 830 3420 corde
863 3383 958 3419 suo
985 3382 1002 3419 :
1029 3363 1152 3419 Non
1179 3375 1256 3418 est
1276 3365 1412 3417 Deus
1444 3363 1511 3418 ⁸⁸.
1537 3363 1630 3418 Est
1657 3363 1856 3417 stultus
1886 3364 1996 3425 ille,

416 3465 508 3532 qui
543 3462 709 3514 Deum
739 3460 961 3527 quidem
1015 3457 1188 3520 novit,
1217 3457 1311 3511 sed
1347 3455 1586 3509 terrenis
1627 3463 1808 3509 tamen
1834 3454 1998 3508 rebus

418 3554 612 3609 aﬂixus
646 3567 674 3604 a
705 3551 1023 3606 rmlesti‘hus
1059 3549 1302 3602 animum
1333 3547 1602 3600 avocavit.

489 3643 769 3699 Vtinam.
823 3642 890 3694 Et
943 3641 1242 3708 riicuquent
1309 3639 1500 3692 alienis
1565 3638 1779 3692 divitias
1852 3654 1996 3690 snas.

419 3739 667 3806 Repente
712 3734 856 3788 enim
920 3734 1120 3787 mortui
1210 3733 1330 3785 aliis
1396 3732 1620 3786 divitias
1667 3733 1999 3801 relinquent,

421 3822 556 3902 quas
587 3828 758 3883 multo
790 3826 892 3883 sibi
926 3827 1115 3881 labore
1153 3833 1502 3896 paraverant.

496 3922 561 3976 Et
585 3921 831 3987 sepulcra
874 3937 1058 3974 eorum
1105 3921 1294 3973 domus
1344 3921 1563 3973 illorum
1617 3922 1673 3974 in
1723 3920 1994 3974 sa‘culum.

422 4015 530 4086 Ipsi
566 4014 786 4085 quidem
819 4014 1138 4083 magnificas
1166 4012 1271 4066 sibi
1298 4017 1489 4067 domos
1516 4022 1829 4074 extruxere,
1863 4030 1999 4082 quas

423 4122 549 4159 cum
583 4105 672 4158 alii
715 4105 1032 4174 possideant
1089 4102 1108 4176 [
1153 4105 1232 4157 eis
1267 4104 1525 4158 nimirum
1580 4103 1854 4176 mortuis]
1917 4120 2001 4159 re-

425 4207 535 4253 stat
568 4207 624 4251 ut
672 4212 862 4251 eorum
898 4197 1150 4264 sepulcra
1190 4197 1480 4250 domorum
1541 4196 1621 4250 eis
1657 4197 1831 4250 vicem
1865 4211 2000 4264 pra:-

425 4290 606 4349 beant,
636 4304 728 4356 per
771 4299 942 4340 totum
985 4287 1087 4341 hoc
1121 4286 1407 4354 praesentis
1444 4286 1566 4338 vita:
1598 4286 1887 4340 saeculum.

497 4379 862 4434 Tabernarula
897 4395 1075 4431 eorum
1114 4380 1167 4430 in
1199 4378 1586 4445 generationem
1617 4387 1664 4430 et
1697 4379 1997 4446 generatio-

425 4489 564 4527 nem.
607 4473 821 4526 Rursus
871 4471 1116 4524 eamdem
1151 4472 1344 4538 repetit
1377 4470 1728 4533 sententiain,
1752 4480 1807 4524 et
1838 4472 1997 4526 immo

2101 3270 2268 3331 ὅντως
2303 3269 2436 3320 Θεόν
2463 3283 2474 3295 ·
2541 3263 2688 3320 Eine
2713 3266 2842 3336 γὰρ,
2890 3268 3077 3336 φησιν,
3135 3268 3342 3336 ἄφρων
3371 3268 3440 3320 ὲν
3476 3285 3576 3335 καί
3591 3268 3686 3336 δίῃ

2100 3359 2288 3413 αὑτοῦ
2316 3379 2326 3390 ·
2353 3361 2473 3410 οὐκ
2499 3359 2630 3411 ἔστι
2671 3359 2815 3423 ϐεός
2838 3375 2852 3390 ’
2881 3359 2972 3410 καὶ
3002 3362 3028 3411 6
3056 3359 3238 3421 ἄνους.
3272 3360 3442 3429 ἤγουν
3469 3363 3496 3412 ὀ
3529 3361 3688 3422 εἰδὼς

2104 3453 2205 3522 μὲν
2257 3452 2349 3503 τον
2398 3449 2531 3501 Θεὸν
2551 3491 2566 3516 ,
2595 3452 2688 3502 ἐπὶ
2712 3453 2781 3502 τὰ
2812 3452 2980 3519 γήῖνα
3007 3451 3064 3504 δὲ
3102 3451 3262 3520 μόνον
3323 3453 3685 3522 ἐπτοημένος,

2102 3547 2192 3598 καὶ
2229 3544 2395 3614 μηδὲν
2429 3544 2686 3613 οὐράνιον
2717 3543 2940 3597 ἐννοῶν.

2171 3637 2274 3690 Καὶ
2314 3635 2756 3702 καταλείψουσι
2786 3636 3131 3702 ἀλλοτρίοις
3161 3636 3268 3689 τὸν
3291 3637 3562 3691 πλοῦτον
3582 3639 3691 3691 αὑ-

2102 3729 2239 3782 τῶν.
2291 3727 2567 3796 Λίφνίδιον
2614 3727 3004 3790 ἀποθανόντες,
3041 3728 3100 3780 ἓν
3151 3729 3302 3799 πόνῳ
3337 3728 3518 3798 πολλῷ
3554 3747 3687 3782 συν·

2100 3821 2312 3886 έλεξαν.

2175 3915 2237 3964 Ol
2261 3912 2436 3980 τάφοι
2467 3911 2686 3975 αὐτῶν,
2717 3912 2895 3964 οἰκίαι
2926 3909 3127 3964 αὐτῶν
3170 3915 3257 3976 εὶς
3315 3913 3421 3964 τὸν
3477 3911 3688 3971 αἰῶνα,

2099 4005 2265 4056 Αὐτοὶ
2299 4004 2399 4073 μὲν
2450 4007 2632 4065 οἴκους
2663 4002 2981 4065 πολυτελεῖς
3004 4004 3218 4066 ἑαυτοῖς
3251 4003 3691 4067 κατεσκεύασαν,

2098 4097 2234 4150 ἀλλὰ
2256 4095 2478 4158 τούτους
2520 4094 2697 4148 ἄλλων
2733 4093 3035 4158 λαϐόντων,
3068 4097 3258 4156 αὐτοῖς
3292 4091 3436 4146 οἶκοι
3468 4095 3693 4146 ἔσονται

2099 4191 2167 4242 δι’
2189 4190 2312 4243 ὅλου
2352 4190 2446 4242 τοῦ
2481 4191 2757 4258 παρόντος
2795 4187 2991 4251 αἰῶνος
3013 4188 3063 4240 οἱ
3111 4191 3273 4256 τὰςροι
3333 4189 3541 4241 αὐτῶν.

2168 4373 2536 4442 Σκηνώματα
2563 4370 2783 4436 αὐτῶν,
2821 4375 2907 4438 εις
2935 4372 3155 4440 γενεὰν
3191 4371 3288 4423 καὶ
3339 4369 3579 4438 γενεάν.
3614 4371 3690 4422 Τὸ

2098 4466 2231 4520 αὐτὸ
2255 4465 2417 4518 πάλιν
2452 4466 2610 4531 φησὶ,
2638 4463 2800 4516 πλέον
2853 4463 3132 4532 διασύρων
3162 4461 3260 4532 τὴν
3286 4461 3496 4515 τούτων
3518 4479 3693 4514 κακο-

424 4577 615 4618 eorum
652 4561 942 4614 consilium
998 4561 1168 4626 magis
1235 4575 1300 4613 ac
1349 4563 1520 4630 magis
1573 4563 1769 4630 carpit.
1822 4561 1994 4617 Erunt

2103 4559 2347 4611 δουλίαν.
2401 4557 2661 4609 Ἔσονται
2687 4555 2820 4626 γὰρ,
2849 4557 3038 4623 φησὶν,
3072 4556 3120 4607 οἱ
3155 4554 3320 4623 τάφοι
3348 4554 3526 4607 αὐτῶν
3559 4569 3695 4622 σκη-

427 4654 574 4707 enim
624 4653 755 4716 illis,
805 4653 1003 4721 inquit,
1054 4666 1241 4705 eorum
1297 4652 1549 4720 sepulcra
1603 4668 1700 4721 pro
1745 4652 2001 4707 taberna-

789 4723 836 4741 κ.

427 4749 590 4802 culis.
1210 4806 1213 4809 _

498 4844 877 4898 Inoucarenmt
908 4843 1120 4895 nomino
1150 4857 1247 4896 sua
1269 4843 1324 4893 in
1351 4843 1506 4894 terris
1541 4857 1674 4895 suis.
1701 4839 2000 4892 Considera

430 4935 576 4991 aliud
626 4937 916 5005 pravitatis
948 4951 1142 5004 genus.
1181 4935 1363 4988 Inanis
1395 4934 1596 4987 etenim
1634 4932 1818 5000 gloria:
1850 4933 2002 4997 cupi-

428 5030 597 5082 ditate
658 5027 829 5090 ducti,
879 5027 1044 5082 certis
1101 5026 1237 5079 locis
1292 5025 1514 5078 nomina
1564 5039 1661 5077 sua
1734 5023 2002 5086 indidere,

430 5127 745 5188 perpetuam
785 5118 909 5171 inde
939 5118 1258 5171 memoriam
1286 5124 1644 5183 aucupantes.
1682 5111 2002 5184 Byzantium

429 5211 700 5280 siquidem
765 5225 792 5261 a
849 5211 1087 5279 Byzante
1145 5208 1556 5262 denominatnm
1620 5214 1742 5269 est,
1805 5204 2001 5274 Dioge-

428 5305 626 5360 nianus
682 5318 811 5373 agor
841 5319 870 5356 a
917 5301 1274 5370 Diogeniano,
1329 5299 1683 5352 llcrmonium
1727 5300 2000 5351 theatrum

430 5396 497 5455 ab
529 5395 825 5459 ilcrmonc,
857 5403 912 5448 et
935 5395 1012 5448 sic
1035 5395 1138 5446 alia
1168 5392 1448 5461 complura
1475 5394 1622 5454 loca,
1658 5406 1782 5443 eum
1817 5397 2002 5442 tamen

533 5574 576 5608 ⁸¹
616 5573 816 5629 lPetr.
863 5591 921 5640 tt,
962 5573 1052 5629 2‘2.
1131 5572 1176 5604 ⁸²
1207 5573 1346 5628 Psal.
1391 5590 1479 5639 xv,
1534 5571 1619 5626 10.

2102 4649 2332 4718 νώματα
2352 4647 2553 4702 αὐτῶν.

2188 4828 2678 4883 Ἑπεκαλὲσαντο
2728 4826 2800 4878 τὰ
2853 4826 3117 4892 ὀνόματα
3169 4823 3370 4878 αὐτῶν
3418 4823 3518 4877 ἐπὶ
3576 4823 3697 4876 τῶν

2107 4921 2308 4992 γαλῶν.
2347 4922 2489 4991 Ὅρα
2533 4919 2629 4972 καὶ
2662 4919 2848 4988 ἕτερον
2895 4914 3034 4980 εἶδος
3071 4918 3410 4987 μοχθηρίας·
3451 4918 3558 4968 ὑπὸ
3584 4917 3696 4983 γὰρ

2109 5015 2417 5084 φιλοδοξίας
2465 5013 2833 5081 ἐπωνόμασαν
2893 5011 2964 5063 τὰ
3008 5010 3254 5079 ὀνόματα
3303 5009 3487 5062 αὐτῶν
3525 5049 3538 5068 ,
3599 5010 3693 5060 ἐπὶ

2115 5107 2214 5159 τῶν
2264 5105 2501 5177 χωρίων,
2551 5106 2630 5166 εἰς
2685 5105 2905 5175 μνήμην
2939 5102 3229 5155 ἁνέκλυτον
3282 5100 3430 5170 (77).
3485 5101 3558 5153 Τὸ
3591 5103 3694 5170 μὲν

2107 5199 2201 5256 οὖν
2232 5202 2548 5265 Βυζάντιον,
2601 5201 2710 5254 ἀπὸ
2773 5200 3068 5264 Βύζαντος,
3111 5198 3542 5267 ἐπωνόμασται·
3578 5200 3606 5250 ό
3634 5199 3693 5250 δὲ

2108 5294 2455 5359 Διογενισνδς
2508 5292 2703 5358 ἀγρὸς,
2763 5290 2873 5343 ἀπὸ
2904 5289 3254 5355 Διογενιανοῦ
3281 5289 3373 5343 ’τὸ
3394 5291 3451 5343 δὲ
3492 5290 3696 5359 Ἐρμό‹

2106 5403 2250 5438 νειον
2298 5385 2549 5455 θέατρον,
2607 5384 2716 5438 ἀπὸ
2768 5383 3080 5454 Ἕρμωνος,
3113 5383 3207 5434 καὶ
3251 5383 3303 5436 ετ
3339 5399 3390 5437 τι
3419 5382 3690 5445 τοιοῦτον,

1699 5571 1744 5603 ⁸³
1783 5568 1928 5624 Psal.
1968 5583 2064 5630 l.'l,
2100 5567 2144 5620 i.

1787 5709 1979 5772 Varim
2034 5707 2361 5771 lectiones.

511 5833 623 5908 (76)
653 5833 735 5888 Al.
773 5834 1065 5904 ὁρίζοντες.

2176 5832 2285 5903 (Π)
2318 5830 2400 5883 Al.
2436 5829 2814 5883 ἀνέκλειπτον.
