4120 6422
432 381 544 444 533

1602 383 1975 444 COMMENT
2042 382 2127 443 IN
2169 381 2545 443 PSALMOS.

3604 389 3711 452 535.

427 502 553 553 δέον
586 499 661 570 μὴ
685 498 778 552 τοῦ
805 498 1097 568 ὀνόματος,
1149 500 1287 556 ἀλλὰ
1344 502 1443 571 τῆς
1480 500 1661 572 ψυχῆς
1688 498 2021 555 ποιήσασθαι

2135 510 2223 551 eos
2264 497 2440 565 magis
2470 495 2810 564 oportuisset
2855 512 2962 553 non
2997 498 3244 553 inanium
3278 501 3586 569 nominum,
3613 505 3713 561 sed

428 593 758 661 δπιμέλειαν

506 686 620 739 Καὶ
681 686 993 755 ἄνθρωπος
1044 687 1114 739 ἐν
1163 683 1306 753 τιμῇ
1332 683 1536 749 ὢν,οὺ
1574 682 1870 751 συνῆκεν.
1932 680 2021 733 Ἑν

422 787 575 854 ,τιμῇ
606 783 704 845 ὣν,
731 779 820 837 οἶα
850 782 1011 853 μόνος
1043 783 1161 835 κατ’
1189 782 1372 836 εἰκόνα
1394 780 1532 834 Θεοῦ
1570 778 2019 850 δημιουργηθεὶς,

435 877 503 930 οὐ
553 879 753 947 συνῆκε
777 877 838 929 τὸ
871 878 1075 930 οἰκεῖον
1096 876 1338 941 ἀξίωμα,
1361 874 1479 928 ἀλλ’
1511 873 1672 943 ἀφεὶς
1734 872 2021 943 μιμεῖσθαι

433 970 501 1020 τὸ
533 968 865 1044 ἀρηέτυπον,
890 969 992 1038 ὅρα
1019 969 1074 1021 τί
1104 967 1400 1036 πεποίηκε.

513 1132 1040 1198 Παρασυνεϐλήθη
1099 1133 1226 1197 τοῖς
1289 1133 1537 1198 κτήνεσι
1568 1131 1686 1196 τοῖς
1718 1129 2019 1195 ἀνοήτοις,

435 1224 541 1279 καὶ
573 1224 841 1294 ὡμοιώθη
892 1225 1120 1291 αὐτοῖς.
1162 1224 1701 1295 Παρασυνεὸιίήθη,
1738 1222 1861 1276 ἀντὶ
1902 1221 2020 1283 τοῦ,

443 1315 756 1387 συνετάγη·
783 1315 933 1387 λόγῳ
965 1316 1075 1386 γὰρ
1095 1317 1372 1393 τιμηθεὶς,
1408 1317 1500 1371 καὶ
1528 1315 1704 1385 τούτῳ
1750 1315 1858 1368 τῶν
1902 1314 2025 1368 ἀλό-

432 1426 555 1476 γων
582 1407 775 1480 ἄρχειν
819 1394 1154 1474 κελευσθεὶς,
1187 1409 1477 1475 συνέταξεν
1525 1408 1719 1463 ἑαυτδν
1745 1411 1858 1472 τοῖς
1890 1408 2027 1477 κτή-

433 1516 611 1563 νεσιν,
647 1501 773 1555 ὅσον
805 1501 887 1564 είς
918 1501 1167 1569 ἀλογίαν,
1201 1492 1290 1575 οἷα
1327 1502 1401 1572 μὴ
1458 1502 1810 1571 λογιζόμενος
1833 1499 1905 1553 τὰ
1930 1500 2025 1552 οὺ-

437 1592 628 1661 ρὰνια,
654 1592 790 1645 ἀλλὰ
819 1592 950 1663 περὶ
974 1593 1114 1663 μόνα
1139 1594 1208 1647 τὰ
1263 1596 1440 1665 γεηρᾶ
1470 1594 1868 1663 στρεφόμενος,
1930 1593 2028 1646 καὶ

430 1682 597 1754 δίκην
628 1684 844 1753 ἀλόγων
906 1685 999 1737 ἐπὶ
1027 1687 1094 1738 τὰ
1121 1686 1269 1755 πάθη
1319 1670 1643 1757 φερόμενος,
1666 1672 1866 1747 ¹ὁσάκις
1897 1682 1964 1739 ἂν
1994 1685 2027 1753 ἡ

430 1775 730 1847 ἐπιθυμία,
764 1778 798 1849 ἢ
832 1776 1006 1849 θυμὸς
1037 1780 1261 1852 κινήσῃ.
1312 1780 1409 1834 καὶ
1453 1779 1515 1833 τὸ
1542 1777 1645 1847 τῆς
1699 1777 1901 1846 σαρκὸς
1928 1777 2027 1846 ἡδὺ

433 1872 578 1925 πᾶσι
634 1870 865 1938 τρόποις
898 1871 1274 1941 μεταδιώκων.
1317 1873 1507 1943 Kriqu
1544 1872 1602 1927 δὲ
1632 1870 1823 1934 ἁπλῶς
1847 1870 2030 1925 πάντα

431 1964 597 2021 καλεῖ
627 1963 698 2024 τὰ
726 1964 921 2034 ἄλογα.

2123 589 2433 643 animarum
2470 603 2692 642 suarum
2734 588 2901 644 fuisse
2931 591 3222 647 sollicitos.

2195 680 2357 736 Vsus.
2386 681 2470 734 l5.
2502 680 2569 734 Et
2585 683 2761 745 homo,
2782 698 2899 736 cum
2917 685 2971 736 in
2988 684 3187 738 honore
3206 696 3363 749 esset,
3386 703 3487 740 non
3507 688 3726 742 intelle-

2121 767 2225 822 xit.
2247 766 2384 820 Cum
2405 768 2724 822 cssetbomo
2744 770 2796 822 in
2825 770 3032 827 honore
3048 773 3212 827 veluti
3232 776 3323 843 qui
3348 775 3501 829 solus
3525 776 3591 830 ad
3621 776 3718 848 Dei

2126 858 2417 928 imaginem
2438 866 2658 914 creatus
2681 860 2888 925 sit,nnn
2910 863 3177 917 intellexit
3194 873 3397 934 quanta
3417 867 3718 936 insignitus

2124 948 2604 1017 fueritgloria,sed
2630 951 2763 1005 illud
2789 952 3321 1023 negligensatmulari
3345 959 3721 1028 exemplar,ad

2125 1038 2282 1106 cujus
2302 1040 2591 1110 imaginem
2610 1043 2787 1098 factus
2802 1042 3267 1111 fuerat,quorsum
3288 1047 3485 1103 abierit
3502 1059 3717 1119 specta.

2196 1131 2555 1207 Comparatus
2583 1144 2661 1187 est
2693 1137 2971 1199 pecoribus
3020 1137 3418 1205 insipientibus,
3452 1149 3501 1193 et
3528 1141 3721 1196 similis

2126 1224 2300 1292 (actus
2343 1232 2419 1278 est
2456 1223 2672 1278 illis.—
2696 1228 3058 1296 Compar-atus
3103 1241 3212 1294 est,
3249 1229 3353 1283 hoc
3397 1237 3503 1293 est,
3535 1230 3721 1286 Collo-

2125 1322 2284 1369 catus
2307 1329 2433 1370 cum
2470 1316 2603 1373 illis.
2651 1315 2792 1372 Nam
2836 1334 2962 1373 cum
3009 1320 3222 1375 ratione
3264 1335 3294 1374 a
3342 1320 3454 1376 Deo
3485 1321 3725 1378 donatus

2127 1418 2291 1474 esset,
2325 1409 2763 1481 imperatumque
2803 1412 2855 1465 ei
2893 1411 3090 1469 fuisset
3139 1424 3198 1466 ut
3244 1413 3478 1470 rationis
3503 1424 3725 1486 sceptro

2137 1516 2273 1558 usus
2324 1504 2500 1560 brutis
2557 1505 2817 1560 omnibus
2870 1505 3278 1574 dominaretur,
3334 1508 3449 1578 ipse
3491 1509 3724 1578 abjectis

2134 1596 2343 1665 proprii
2399 1597 2552 1667 regni
2595 1597 2910 1665 insignibus
2951 1613 3073 1654 sese
3101 1600 3248 1654 inter
3279 1612 3479 1668 pecora
3512 1600 3724 1655 consti-

2136 1683 2259 1736 tuit.
2314 1682 2446 1737 Nam
2496 1692 2550 1738 ct
2595 1686 3101 1742 considerationem
3165 1703 3383 1742 omnem
3424 1689 3494 1744 de
3561 1691 3725 1745 rebus

2133 1774 2454 1831 coelestibus
2492 1778 2678 1832 animo
2725 1778 2897 1842 exuit,
2948 1786 3002 1833 et
3057 1778 3490 1834 irrationabilem
3528 1756 3727 1836 animae

2134 1875 2343 1936 partem
2397 1868 2504 1923 sibi
2558 1869 2835 1923 dominam
2908 1878 3181 1937 statuens,
3250 1873 3400 1927 circa
3455 1873 3586 1927 vilia
3656 1890 3723 1927 ac

2135 1967 2355 2012 terrena
2426 1972 2704 2025 versatus,
2766 1962 3052 2016 brutorum
3129 1963 3327 2028 instar,
3385 1964 3722 2036 cupiditates

2122 2058 2365 2104 sectatus
2394 2060 2516 2117 est;
2565 2061 2619 2106 et
2674 2053 2792 2107 sive
2832 2054 2911 2107 ira
2944 2053 3185 2123 impulit,
3255 2055 3496 2113 belluino
3545 2058 3719 2130 furori

435 2149 659 2217 paruit;
694 2148 809 2205 sive
834 2149 1195 2206 immoderata
1240 2152 1449 2223 ventris
1490 2151 1676 2207 allexit
1724 2147 2016 2219 ingluvies,
2057 2142 2269 2196 nullum
2324 2140 2577 2197 adhibuit
2615 2142 2879 2201 modum:
2933 2151 2990 2198 et
3057 2144 3132 2197 ita
3181 2143 3404 2199 demum
3498 2145 3727 2202 libidine

441 2251 598 2299 actus
632 2253 740 2305 est,
779 2253 839 2297 ut
886 2245 1176 2301 brutorum
1212 2246 1459 2301 omnium
1510 2246 1784 2301 insaniam
1815 2238 2137 2299 excesserit.
2190 2235 2295 2289 Per
2356 2249 2556 2305 pecora
2609 2242 2789 2291 autem
2870 2236 2925 2290 in
2984 2235 3305 2293 universum
3386 2239 3571 2293 omnia
3645 2239 3727 2293 in-

448 2337 640 2406 telligit
677 2338 1013 2395 animantia.

526 2430 681 2500 Αὕτη
728 2433 767 2501 ἠ
816 2432 957 2500 ὁδὸς
999 2432 1221 2501 αὐτῶν,
1272 2433 1630 2489 σκάνδαλον
1675 2432 1901 2497 αὐτοῖς.
1969 2433 2033 2486 Ἥ

448 2522 587 2591 πρὸς
608 2522 680 2578 τὰ
727 2527 902 2597 κτήνη
930 2526 1193 2596 ὁμοίωσις
1218 2527 1478 2596 ἐμπόδιον
1499 2527 1708 2596 αὐτοῖς,
1748 2529 1843 2581 καὶ
1858 2525 2032 2598 βλάϐη

443 2612 686 2683 μεγάλη-

404 2817 418 2829 ,
504 2771 618 2824 Καὶ
641 2771 796 2838 μετὰ
833 2771 1022 2825 ταῦτα
1050 2770 1119 2824 ἐν
1143 2770 1222 2836 τῷ
1251 2772 1503 2841 στόματι
1549 2771 1749 2827 αὐτῶν
1775 2772 2017 2840 εὐδοκήο

434 2877 655 2918 σουσι.
687 2864 798 2916 Καὶ
826 2864 962 2933 μεθὸ
993 2865 1308 2932 ὁμοιοῦνται
1336 2869 1448 2930 τοῖς
1486 2868 1743 2936 κτήνεσιν
1769 2868 1818 2920 οἱ
1850 2867 2028 2920 τοιοῦ-

434 2970 548 3017 τοι,
600 2953 914 3023 πράξαντες
970 2954 1038 3007 τὰ
1066 2954 1273 3024 φαῦλα,
1334 2957 1429 3009 καὶ
1482 2955 1571 3010 διὰ
1604 2957 1874 3026 στόματος
1897 2955 2029 3025 ἀρε-

440 3046 752 3116 σθήσονται
782 3049 895 3110 τοῖς
921 3047 1337 3116 πεπραγμένοις
1364 3067 1376 3079 ·
1400 3048 1562 3101 τοῦτο
1593 3048 1702 3119 γὰρ
1731 3047 1791 3102 τὸ
1840 3047 2030 3101 E660-

2203 2411 2374 2467 Ἴης.
2410 2411 2498 2467 14.
2554 2409 2685 2466 Haec
2728 2412 2809 2465 via
2832 2428 3015 2467 eorum
3036 2412 3358 2467 scandalum
3389 2412 3544 2483 ipsis.
3574 2412 3722 2480 limo,

2133 2504 2335 2573 inquit,
2365 2504 2695 2570 similitudo,
2747 2520 2854 2573 qua
2891 2520 3155 2574 pecorum
3205 2522 3271 2562 ac
3302 2506 3593 2563 brutorum
3628 2510 3725 2565 de-

2132 2595 2331 2650 sideria
2357 2604 2414 2650 et
2472 2611 2657 2651 mores
2725 2594 2996 2661 referunt,
3068 2613 3267 2671 magno
3329 2600 3442 2655 illis
3494 2600 3722 2670 impedi-

2135 2695 2319 2744 mento
2344 2698 2447 2755 est,
2488 2698 2544 2744 ct
2573 2690 2773 2744 damno
2803 2689 2870 2745 ad
2904 2689 3217 2761 profectum
3251 2691 3496 2747 virtutis.

2200 2780 2268 2834 Et
2299 2795 2421 2850 post
2473 2781 2584 2834 hac
2640 2784 2693 2835 in
2724 2799 2813 2834 ore
2843 2799 2939 2835 suo
2989 2783 3409 2851 complacebunt.
3457 2782 3527 2837 Et
3571 2792 3723 2853 post-

2127 2887 2290 2941 quam
2326 2888 2582 2942 perverse
2607 2874 2818 2943 agendo
2844 2874 3053 2929 similes
3080 2874 3204 2928 facti
3230 2885 3361 2930 sunt
3393 2874 3709 2945 pecoribus.

2131 2962 2265 3016 illud
2329 2962 2496 3016 etiam
2561 2963 2689 3015 mali
2752 2962 3102 3025 addiderunt,
3157 2972 3216 3017 ut
3261 2964 3484 3031 proprio
3517 2980 3616 3019 ore
3646 2964 3716 3019 de

2130 3052 2503 3108 commissisa
2547 3069 2605 3108 se
2654 3053 2873 3110 delictis
2915 3054 3238 3124 glorientur.
3284 3053 3398 3109 lloc
3433 3056 3581 3111 enim
3615 3056 3719 3111 sibi

438 3136 757 3203 κήσουσιν
781 3136 1021 3190 ἐνταῦθα
1055 3139 1333 3208 σημαίνει·
1362 3138 1391 3191 ὃ
1422 3142 1516 3192 καὶ
1553 3139 1758 3209 μᾶλλον
1794 3155 2029 3205 κατηγο-

2136 3144 2277 3212 vult,
2333 3144 2479 3213 quod
2540 3145 2654 3197 ait:
2713 3142 2777 3197 In
2814 3160 2902 3198 ore
2959 3161 3055 3197 suo
3099 3146 3519 3214 complacebuut,
3571 3148 3721 3217 quod

436 3227 569 3297 ρεας
608 3227 760 3293 ἄξιον
784 3266 801 3293 ,
840 3228 923 3281 ὄτι
949 3230 1010 3281 οὐ
1051 3229 1212 3298 μόνον
1247 3229 1549 3301 πράττουσι
1585 3229 1646 3282 τὸ
1673 3229 1864 3294 κακὸν,
1892 3228 2029 3281 ἀλλὰ

441 3321 543 3373 καὶ
564 3319 711 3390 λόγῳ
743 3319 905 3373 τοῦτο
939 3322 1321 3391 σεμνύνουσιν,

523 3496 626 3563 Ὠς
663 3497 933 3564 πρόϐατα
959 3497 1028 3549 ἐν
1057 3496 1172 3567 ᾄδῃ
1215 3497 1404 3553 ἔθετο.
1442 3498 1646 3552 Λοιπὸν
1680 3501 1708 3552 ὁ
1731 3497 1865 3561 Θεὸς
1905 3500 2033 3563 τοὺς

439 3590 723 3652 τοιούτους
752 3588 908 3642 ἔθετο
942 3591 1000 3641 ἐν
1023 3588 1144 3660 ᾅδῃ,
1176 3588 1251 3653 ὡς
1283 3589 1558 3660 πρόϐατα,
1592 3589 1903 3653 τουτέστιν,
1956 3589 2032 3653 ὡς

441 3682 679 3750 ἀλόγιυς
729 3682 1077 3751 γενομένους,
1118 3682 1152 3751 ἢ
1197 3681 1271 3745 ὡς
1313 3682 1388 3751 μὴ
1445 3681 1779 3753 δυναμένους
1820 3683 2031 3746 ἑαυτοῖς

443 3772 738 3844 βοηθῆσαιο
764 3773 799 3843 ἢ
837 3772 1163 3843 προχείρους
1186 3775 1265 3837 εἰς
1290 3775 1527 3844 σφαγήν.

518 3954 792 4021 Θάνατος
857 3952 1143 4022 ποιμανεῖ
1192 3952 1437 4017 αὐτούς.
1496 3951 1753 4023 Πρόόατα
1813 3952 1986 4005 εἰπὼν
2017 3993 2032 4017 ,

443 4048 809 4119 προστέθεικε
871 4047 969 4100 καὶ
1003 4045 1263 4116 ποιμένα,
1301 4044 1546 4115 φυλάξας
1590 4047 1695 4117 τὴν
1736 4046 1829 4098 τοῦ
1869 4045 2029 4112 λόγου

446 4140 685 4211 τροπήν.
715 4137 955 4193 Θάνατον
1002 4136 1059 4190 δὲ
1093 4136 1264 4206 λέγει,
1299 4136 1399 4205 τὴν
1421 4135 1693 4206 τιμωρίαν
1719 4151 1733 4164 ·
1765 4135 1886 4188 οὐδὲ
1921 4135 2031 4205 γὰρ

441 4229 856 4301 ἀναιρεθέντες.
890 4229 990 4299 τῆς
1022 4229 1297 4298 τιμωρίας
1321 4228 1800 4299 ἀπαλλαγήσονται
1824 4243 1836 4257 ·
1898 4231 2033 4281 Ποι-

441 4320 626 4390 μανεῖ
650 4321 730 4386 δὲ,
754 4321 873 4376 ἀντὶ
901 4318 1019 4384 τοῦ,
1058 4319 1315 4390 ῥυθμίσει
1335 4337 1348 4351 ·
1380 4319 1487 4389 χρὴ
1513 4318 1570 4372 δὲ
1592 4319 1907 4386 γινώσκειν,
1957 4316 2032 4378 ὼς

441 4413 700 4481 εἴωθενῆ
740 4412 931 4484 Γραφὴ
968 4411 1199 4469 θάνατον
1231 4411 1411 4482 ψυχῆς
1463 4412 1554 4465 καὶ
1587 4410 1869 4465 ἀπώλειαν
1929 4410 2031 4480 ψυ-

441 4508 574 4577 χῆς,
598 4505 700 4575 τὴν
734 4504 1007 4576 τιμωρίαν
1040 4503 1244 4573 λέγειν.

516 4729 633 4785 Καὶ
696 4728 1274 4796 κατακυριεύσουσιν
1358 4730 1559 4785 αὐτῶν
1607 4735 1659 4787 ol
1700 4735 1898 4801 εὐθετς
1953 4734 2035 4800 τῷ

449 4821 621 4892 πρωΐ.
658 4820 745 4887 Τῷ
777 4819 929 4890 πρωῒ
965 4821 1085 4890 μὲν,
1130 4820 1271 4885 ἀντὶ,
1310 4823 1524 4892 ταχέως
1555 4840 1569 4854 θ
1629 4826 2037 4895 Κατακυριεύ-

458 4931 635 4970 deum
666 4914 747 4978 δὲ,
771 4914 894 4968 ἀντὶ
912 4914 1031 4979 τοῦ,
1056 4913 1353 4985 Κρείττους
1375 4915 1614 4971 ἔσονται.
1648 4918 1813 4986 Λέγει
1842 4919 1920 4979 δὲ,
1953 4919 2036 4972 ὅτι

454 5008 630 5080 ὀρθῶς
672 5000 916 5077 βιοῦντες
941 5007 992 5059 οι
1021 5007 1289 5076 ὲνάρετοι,
1322 5007 1535 5079 ταχέως
1580 5011 1862 5079 κρείττους
1925 5013 2036 5064 τῶν

447 5097 716 5152 τοιούτων
745 5097 982 5162 ἔσονται,
1014 5097 1193 5151 καίτοι
1221 5097 1449 5166 πένητες
1469 5098 1644 5162 ὄντες·
1671 5100 1766 5153 καὶ
1796 5100 1898 5154 οὐκ
1920 5102 2040 5155 ἐκεῖ

456 5191 653 5262 μόνον,
689 5188 815 5242 ἔνθα
834 5189 886 5242 οἱ
922 5188 1205 5257 στέφανοι,
1230 5188 1369 5243 ἀλλὰ
1388 5189 1670 5244 κάνταῦθα
1704 5191 2036 5262 σκεπόμενοι

450 5281 609 5354 παρὰ
648 5278 810 5343 Θεοῦ,
859 5279 959 5332 καὶ
1005 5278 1309 5350 τιμώμενοι
1348 5281 1502 5349 παρὰ
1553 5280 1881 5351 ἀνθρώπων,
1939 5282 2036 5336 καὶ

448 5374 529 5443 μὴ
557 5371 872 5444 ἡττώμενοι
925 5370 1025 5440 τῆς
1076 5372 1341 5443 πονηρίας
1392 5373 1595 5427 αὐτῶν.
1627 5376 1769 5444 Ὅρα
1801 5375 1912 5445 γὰρ
1941 5377 2035 5428 τὸν

457 5465 691 5535 Ἰωσὴφ,
727 5462 789 5526 ὃς
835 5465 896 5516 ὲν
910 5462 1129 5535 δουλείᾳ
1155 5463 1255 5530 ὢν,
1285 5464 1549 5533 κρείττων
1582 5466 1774 5533 γέγονε
1800 5467 1901 5537 τῆς
1930 5467 2028 5521 αὐ-

442 5557 545 5612 τοῦ
574 5555 897 5625 δεσποίνης.

510 5739 629 5795 Καὶ
658 5739 698 5806 ἠ
754 5735 1013 5804 ,βοήθεια
1076 5735 1276 5793 αὐτῶν
1317 5735 1799 5804 παλαιωθήσεται
1842 5739 1912 5794 ἐν
1961 5739 2041 5806 τῷ

2137 3249 2285 3291 certe
2342 3236 2581 3306 graviori
2626 3236 2977 3292 damnatione
3043 3237 3267 3308 dignum
3300 3249 3414 3304 est,
3453 3253 3577 3294 cum
3605 3252 3716 3293 non

2137 3327 2240 3397 ipsi
2275 3328 2452 3383 solum
2498 3327 2638 3381 mala
2670 3336 2858 3397 agant,
2889 3327 2982 3381 sed
3010 3328 3233 3399 proprio
3266 3329 3432 3384 etiam
3462 3344 3720 3387 sermone

2134 3433 2197 3473 ea
2232 3418 2533 3487 prmdiccnt
2558 3426 2611 3472 et
2650 3419 2945 3473 extollant.

2206 3512 2372 3567 Vsus.
2409 3511 2497 3567 l5.
2536 3508 2685 3566 Sicut
2732 3528 2847 3566 oves
2899 3513 2951 3565 in
2989 3513 3196 3585 inferno
3228 3515 3428 3582 posuit.
3451 3515 3722 3570 Czeterum

2137 3591 2282 3659 Deus
2343 3604 2469 3658 illos
2533 3611 2591 3658 ut
2655 3618 2784 3658 ores
2840 3603 2898 3657 in
2955 3602 3227 3665 infernum
3282 3606 3529 3673 intrusit,
3593 3622 3718 3661 cum

2137 3694 2353 3751 scilicet
2385 3696 2734 3753 irrationales
2784 3698 2913 3753 facti
2943 3699 3075 3766 sint,
3108 3708 3161 3755 et
3195 3700 3298 3755 sibi
3346 3699 3480 3771 ipsis
3523 3700 3726 3754 auxilio

2135 3803 2258 3843 esse
2294 3804 2403 3843 non
2454 3791 2689 3859 possint.
2738 3788 2859 3856 Vel,
2910 3807 3043 3856 oves
3098 3791 3220 3847 ideo
3271 3806 3368 3849 eos
3401 3791 3720 3863 appellavit,

2137 3888 2394 3948 tanquam
2428 3881 2694 3935 cruciatui
2734 3896 2799 3936 ac
2830 3882 2949 3935 neci
2975 3884 3281 3953 expositos.

2208 3972 2356 4027 Mors
2401 3985 2577 4039 pascet
2632 3989 2742 4027 eos.
2813 3973 2949 4028 Cum
3024 3989 3155 4028 oves
3214 3975 3434 4039 direrit,
3492 3975 3723 4040 addidit,

2135 4064 2362 4133 quinam
2398 4063 2800 4135 essct'fulurus
2861 4075 3092 4134 pastor,
3146 4065 3566 4121 similitudinem
3619 4082 3718 4122 seu

2138 4157 2559 4210 translationem
2597 4170 2876 4221 servans;
2930 4170 3024 4223 per
3076 4164 3309 4212 mortem
3374 4167 3554 4213 autem
3591 4175 3725 4229 sup-

2137 4245 2363 4316 plicium
2396 4245 2678 4316 intelligit.
2728 4242 3041 4314 Numquam
3077 4249 3221 4300 enim
3261 4262 3289 4299 a
3327 4247 3506 4318 pinnis
3535 4250 3724 4304 absol-

2139 4350 2353 4405 ventur,
2395 4338 2486 4408 qui
2516 4339 2588 4393 ita
2616 4340 2821 4393 mortui
2867 4349 3016 4392 sunt.
3049 4339 3236 4394 Pascat
3268 4350 3451 4395 autem
3479 4357 3588 4402 eos,
3621 4342 3725 4394 hoc

2136 4441 2243 4498 est,
2280 4447 2377 4487 eos
2409 4431 2719 4501 castigabit.
2752 4431 2887 4483 Illud
2922 4439 3102 4485 autem
3137 4432 3278 4485 scire
3309 4440 3547 4501 Oportet,
3580 4435 3724 4503 quod

2056 4536 2110 4595 Β
2138 4540 2232 4593 per
2259 4524 2454 4576 animae
2495 4533 2721 4577 mortem
2771 4531 2825 4577 et
2877 4539 2973 4592 per
3015 4523 3208 4578 anima:
3238 4525 3600 4594 perditionem
3634 4541 3724 4581 so-

2141 4622 2213 4673 Ιιιι
2246 4618 2529 4688 Scriptura
2573 4620 2840 4689 supplicia
2867 4634 2929 4673 ae
2952 4634 3144 4690 pinnas
3171 4621 3365 4676 animae
3390 4619 3724 4690 signiﬁcare.

2214 4730 2281 4785 Et
2309 4731 2725 4785 dominabuntur
2755 4748 2934 4786 eorum
2959 4732 3089 4787 recti
3114 4733 3166 4786 in
3197 4734 3478 4805 matutino.
3514 4733 3580 4788 In
3613 4750 3727 4786 ma-

2142 4825 2314 4877 tutino
2341 4822 2475 4876 dicit
2500 4808 2623 4892 pro;
2649 4824 2782 4878 cito.
2807 4823 3235 4877 Dominabuntur
3263 4832 3462 4891 autem,
3489 4825 3593 4880 hoc
3617 4833 3723 4890 est,

2144 4916 2484 4984 potentiores
2520 4922 2704 4969 erunt.
2738 4913 2946 4970 Sensus
2980 4927 3064 4969 est
3092 4914 3280 4983 igitur,
3301 4916 3447 4986 quod
3469 4915 3556 4984 qui
3577 4921 3726 4968 recte

2145 5004 2417 5069 vixerint,
2447 5013 2503 5057 et
2552 5004 2755 5059 virtute
2801 4989 3196 5075 prmStiterint,
3254 4989 3362 5060 cito
3409 5003 3519 5059 illis
3559 5011 3723 5058 erunt

2148 5096 2526 5164 potentiores:
2556 5110 2731 5166 neque
2760 5094 2871 5150 illic
2890 5101 3125 5159 tantum,
3156 5096 3247 5151 ubi
3280 5096 3503 5150 virtutis
3536 5095 3721 5149 laurea

2146 5190 2384 5258 reposita
2410 5199 2516 5255 est,
2550 5190 2644 5247 sed
2676 5189 2731 5245 in
2773 5189 2875 5244 hac
2908 5187 3071 5244 etiam
3104 5187 3233 5243 vita.
3266 5186 3403 5253 Quia
3454 5195 3509 5240 et
3571 5201 3599 5239 a
3638 5185 3721 5240 di-

2144 5282 2273 5336 vino
2301 5290 2658 5352 protegentnr
2710 5281 2938 5347 auxilio,
2967 5288 3023 5335 et
3065 5292 3278 5332 surnmo
3324 5278 3532 5331 honore
3585 5291 3714 5330 ron.

2145 5371 2319 5440 spicni
2363 5371 2467 5426 illis
2485 5374 2650 5425 etiam
2673 5371 3021 5432 videbuntur,
3044 5381 3072 5420 a
3096 5381 3327 5436 quorum
3350 5367 3715 5434 perversitate

2146 5462 2396 5531 superari
2460 5477 2566 5516 non
2607 5468 2923 5532 potuerunt.
2971 5457 3237 5527 Exemplo
3275 5456 3371 5510 tibi
3403 5456 3471 5512 sit
3525 5456 3719 5511 beatus

2146 5554 2368 5625 Joseph.
2397 5556 2491 5626 qui
2519 5569 2646 5610 cum
2679 5557 2734 5609 in
2766 5554 3030 5609 servitute
3070 5561 3237 5616 esset,
3293 5550 3566 5622 impuiica
3622 5550 3721 5604 do-

2149 5648 2293 5703 mina
2323 5646 2598 5718 potentior
2631 5645 2807 5701 factus
2846 5656 2926 5698 est
2958 5652 3011 5698 et
3041 5642 3353 5713 gloriosior.

2220 5739 2285 5793 Et
2314 5738 2577 5793 auxilium
2601 5754 2782 5792 eorum
2806 5745 3089 5792 reterascet
3121 5737 3171 5790 in
3196 5734 3433 5805 Inferna.
3478 5734 3720 5790 Vatertu-
3822 5746 3839 5753 ·
