4120 6414
502 360 610 427 535

1726 374 2115 436 EUTHYMII
2157 376 2525 445 ZiGABENI

3671 388 3776 453 5‘36

502 485 606 543 cet,
637 475 746 533 hoc
793 484 901 544 est,
931 477 1174 535 Prorsus
1210 478 1304 535 ﬁet
1364 480 1579 542 inutile.
1634 483 1773 540 Nam
1805 487 1955 557 quod
1988 504 2083 542 ve-

2195 490 2325 560 ᾄδῃ.
2378 525 2451 536 -
2500 499 2995 565 Παλαιωθήσεται
3027 540 3041 565 ,
3092 500 3217 555 ἀντὶ
3293 500 3389 554 τοῦ
3412 541 3426 564 ,
3501 500 3774 571 ἄχρηστος

502 577 717 625 tustum
779 579 886 637 est,
941 571 1132 628 inutile
1178 588 1303 630 esse
1357 585 1617 632 censetur
1652 595 1666 631 :
1699 578 1848 647 quod
1901 588 2084 635 autem

504 663 640 719 utile
674 677 780 719 non
817 671 924 729 est,
953 667 1112 733 quasi
1154 654 1267 736 jam
1309 682 1419 722 non
1455 668 1550 734 sit,
1583 669 1867 740 abjicitur.
1897 670 2083 727 Conli-

503 753 709 810 debant
740 755 840 820 illi,
877 757 1072 827 inquit,
1115 758 1171 813 in
1199 759 1518 816 divitiarum
1568 771 1733 831 atque
1779 764 2081 819 amicorum

503 846 663 918 copia
721 865 736 900 :
786 862 909 917 quae
967 850 1021 904 in
1060 850 1278 906 inferno
1342 863 1438 907 aut
1497 854 1645 907 nulla
1717 862 1812 909 aut
1869 856 2083 913 inutilis

501 938 629 994 erit.
680 940 798 995 lllic
829 943 977 997 enim
1034 944 1357 1001 huiusmodi
1407 962 1518 1000 non
1563 946 1933 1003 admittuntur
1983 965 2085 1003 au-

503 1006 657 1087 xi'lia.

571 1123 616 1175 Α
649 1123 826 1193 gloria
849 1140 950 1178 sua
991 1127 1200 1196 expulsi
1231 1138 1373 1182 sunt.
1417 1127 1533 1184 Non
1577 1129 1691 1185 haec
1742 1141 1966 1217 tantum
2005 1134 2086 1189 eis

502 1213 847 1283 acciderunt,
880 1215 1011 1286 quia
1050 1216 1231 1274 brutis
1276 1233 1339 1274 se
1389 1219 1603 1277 similes
1633 1213 1960 1286 reddidere;
1996 1241 2086 1279 ve-

504 1319 628 1359 rum
653 1314 709 1361 et
735 1307 1017 1377 propriam
1060 1310 1363 1365 amiserunt
1396 1312 1653 1383 gloriam,
1688 1314 1761 1370 ob
1790 1331 1953 1386 quam
1983 1316 2083 1387 ipsi

503 1398 738 1467 periere.
784 1398 1014 1456 Summo
1038 1405 1184 1457 enim
1219 1405 1408 1460 studio
1464 1408 1815 1475 tenebantur,
1867 1417 1925 1462 ut
1969 1425 2083 1465 me-

504 1493 736 1548 moriam
778 1494 883 1550 sibi
921 1495 1102 1551 laudis
1155 1509 1438 1570 pararent.
1497 1498 1688 1571 Neque
1741 1504 1904 1558 modo
1941 1504 2085 1559 hanc

504 1581 835 1648 amiserunt,
890 1585 985 1640 sed
1020 1594 1075 1639 et
1117 1586 1348 1658 insuper
1402 1590 1708 1660 ignominia
1753 1601 1968 1648 tantum
2022 1610 2086 1651 ac

503 1671 719 1739 probris
749 1674 1022 1731 celebrem
1052 1677 1198 1732 illam
1235 1679 1606 1752 reliquerunt.

573 1762 744 1820 Vsus.
778 1767 865 1822 16.
938 1768 1311 1828 Verumtamen
1377 1773 1517 1830 Deus
1578 1777 1800 1831 redimet
1846 1781 2085 1834 animam

511 1872 685 1911 meum
717 1856 783 1913 de
811 1875 971 1914 manu
999 1861 1221 1931 inferni,
1251 1880 1371 1917 eum
1404 1869 1662 1935 acceperit
1699 1886 1801 1923 me.
1860 1868 1986 1926 Haec
2021 1872 2090 1929 de

501 1949 705 2005 Chris'i
736 1952 1117 2008 lncarnatione
1143 1956 1401 2025 przrtlieta
1432 1968 1563 2013 sunt
1594 1967 1645 2012 et
1678 1962 1744 2013 de
1777 1963 2085 2019 animarum

503 2039 856 2109 liberatione,
889 2063 1011 2116 qua:
1046 2056 1179 2103 tunc
1212 2049 1267 2102 in
1306 2048 1528 2105 inferno
1586 2063 1767 2109 erant.
1814 2054 2087 2124 lledimet,

504 2132 703 2200 inquit,
735 2136 976 2191 animam
1011 2153 1212 2204 meam,
1255 2141 1481 2210 quando
1512 2158 1608 2212 per
1640 2143 2083 2203 incarnationem

507 2240 590 2279 mc
620 2226 725 2281 sibi
767 2228 820 2283 in
846 2228 1188 2286 domicilium
1218 2234 1515 2304 acceperit.

575 2335 742 2393 Vens.
786 2339 870 2403 17,
902 2340 987 2395 18.
1026 2339 1110 2396 Ne
1140 2343 1383 2401 timueris
1418 2363 1538 2400 cum
1573 2348 1716 2405 dives
1754 2351 1934 2419 factus
1966 2359 2086 2423 [ue-

500 2428 574 2482 rit
607 2428 785 2497 horno,
819 2441 915 2486 aut
942 2450 1061 2488 cum
1094 2436 1455 2505 multiplicata
1483 2439 1649 2508 fuerit
1693 2444 1868 2512 gloria
1899 2446 2087 2500 domus

505 2521 640 2591 ejus,
671 2526 947 2593 quoniam,
980 2544 1099 2582 eum
1118 2530 1401 2598 interierit,
1433 2550 1536 2588 non
1568 2546 1737 2589 sumet
1769 2538 1971 2605 omnia,
1995 2556 2088 2593 ne—

505 2630 602 2684 que
626 2616 906 2673 descendet
941 2635 1062 2674 eum
1093 2638 1154 2675 eo
1183 2624 1359 2693 gloria
1419 2626 1557 2695 ejus.
1611 2627 1687 2683 De
1751 2629 1958 2694 iniusto
1993 2631 2089 2686 ho-

506 2707 656 2762 mine
706 2724 1020 2766 sermonem
1052 2712 1216 2770 habet
1242 2713 1486 2787 [tametsi
1519 2718 1840 2790 simpliciter
1869 2722 1938 2777 de
1985 2723 2085 2776 ho-

505 2800 655 2855 utine
700 2800 855 2872 loqui
903 2805 1202 2878 videatur].
1246 2809 1326 2864 Ne
1386 2809 1673 2880 l'ormides,
1736 2816 1936 2885 inquit,
1995 2826 2090 2870 aut

503 2894 713 2964 cogites
762 2896 911 2966 quod
965 2898 1202 2955 humana
1268 2903 1410 2958 Deus
1457 2920 1564 2960 non
1630 2908 1882 2978 aspiciat.
1940 2907 2088 2964 Nihil

502 2989 650 3041 enim
683 3003 874 3044 eorum
908 2989 1207 3049 descendet
1231 3012 1355 3051 cum
1401 2998 1495 3054 illo
1524 2999 1579 3054 in
1619 2998 1904 3058 infernum
1937 3022 1948 3058 :
1989 3007 2084 3059 sed

504 3077 689 3134 nudus
714 3079 889 3137 abibit
930 3083 1140 3142 relictis
1173 3088 1453 3146 omnibus.
1489 3089 1734 3147 Gloriam
1764 3103 1948 3148 autem
1982 3095 2086 3151 (1οο

2192 585 2370 651 ἔσται,
2427 589 2728 653 τουτέστιν,
2772 590 2874 644 οὐκ
2928 590 3107 646 ἔσται.
3150 593 3225 648 Τὸ
3258 593 3491 665 μὲνγὰρ
3517 594 3770 658 παλαιὸν,

2192 677 2500 748 ἄχρηστον·
2534 682 2596 733 τὸ
2652 680 2699 734 δ’
2723 681 3021 753 ἄχρηστον,
3085 683 3188 755 ἠδη
3253 684 3328 755 μὴ
3382 684 3464 738 δν.
3507 683 3777 757 Ἐθάρῤη-

2193 787 2317 835 σαν,
2373 773 2527 843 φησὶ,
2563 776 2630 844 τῇ
2664 773 2890 846 βοηθείᾳ
2928 775 3024 829 τοῦ
3053 775 3289 830 πλούτου
3322 780 3418 830 καὶ
3440 760 3550 830 τιῖἶν
3580 779 3774 845 φίλων,

2189 864 2313 933 ἥτις
2343 866 2401 917 ἐν
2431 865 2508 936 τῷ
2530 865 2634 940 ᾄδῃ
2658 868 2719 920 οὐ
2750 870 3140 940 χρησιμεύσει,
3175 869 3313 922 διότι
3359 871 3460 923 οὐκ
3499 868 3615 924 ἔστι
3645 888 3776 925 συνι-

2190 958 2562 1013 διαϐαίνουσα.

2276 1143 2380 1196 Ἐκ
2440 1142 2551 1211 τῆς
2594 1142 2783 1209 δόξης
2839 1142 3041 1197 αὐτῶν
3095 1143 3481 1209 ἐξώσθησαν.
3537 1144 3647 1196 Καὶ
3711 1143 3777 1196 οὐ

2192 1234 2367 1289 ταῦτα
2393 1235 2732 1289 πεπόνθασιν
2786 1237 3036 1308 ἑλόμενοι
3069 1235 3171 1307 τὴν
3205 1235 3452 1304 ἀλογίαν,
3509 1235 3647 1289 ἀλλὰ
3680 1240 3780 1288 καὶ
3880 1242 3883 1247 ’

2191 1327 2293 1396 τὴν
2337 1326 2497 1390 δόξαν
2546 1326 2860 1394 ἀπώλεσαν,
2929 1327 2997 1380 δι’
3048 1326 3117 1397 ἢν
3165 1328 3274 1398 ἄρα
3318 1325 3414 1379 καὶ
3466 1325 3778 1380 ἀπώλοντο.

2206 1421 2583 1474 Ἐσπούδασαν
2640 1422 2743 1491 μὲν
2787 1420 2897 1492 γὰρ
2948 1420 3173 1492 μνήμην
3203 1418 3429 1471 ἐπαίνου
3451 1416 3782 1471 καταλιπεῖν

2193 1514 2410 1578 ἑαυτοῖς
2432 1528 2447 1543 ο
2476 1512 2755 1567 ἀπέϐαλον
2779 1511 2835 1566 δὲ
2865 1513 2961 1566 καὶ
2994 1511 3220 1581 ταύτην,
3261 1511 3295 1580 ἢ
3326 1508 3780 1581 ἁμαυρωθεῖσαν,

2192 1604 2224 1674 ἢ
2275 1604 2369 1658 καὶ
2404 1605 2485 1668 εἰς
2507 1603 2679 1675 ψόγον
2715 1604 3330 1675 ἀντιπεριχωρήσασαν.

2263 1779 2440 1849 Πλὴν
2468 1782 2500 1836 ό
2543 1778 2692 1846 Θεὸς
2731 1775 3107 1848 λυτρώσεται
3130 1775 3259 1845 τὴν
3283 1774 3501 1846 ψυχήν
3537 1791 3659 1844 μου
3706 1776 3781 1831 ἐκ

2194 1876 2393 1944 χειρὸς
2422 1872 2594 1941 ᾅδου,
2621 1871 2771 1925 ὅταν
2804 1869 3082 1941 λαμϐάνῃ
3100 1886 3200 1947 με.
3230 1867 3550 1940 Προφητεία
3577 1867 3739 1922 τοῦτο
3763 1885 3779 1900 ·

2195 1968 2324 2038 περί
2355 1984 2414 2019 τε
2471 1970 2572 2035 τῆς
2625 1963 3100 2034 ὲνανϐρωπήσεως
3148 1960 3244 2016 τοῦ
3307 1959 3470 2027 θεοῦ,
3533 1960 3632 2016 καὶ
3678 1965 3780 2032 τῆς

2192 2058 2511 2129 ἐλευθερίας
2535 2057 2646 2111 τῶν
2668 2059 2726 2111 ὲν
2763 2056 2866 2128 ᾄδῃ
2909 2053 3125 2126 ψυχῶν.
3191 2052 3572 2124 Λυτρώσεται,
3616 2053 3774 2123 φησὶ,

2191 2155 2291 2225 τὴν
2313 2153 2496 2223 ψυχήν
2530 2168 2657 2222 μου,
2683 2152 2814 2204 ὅταν
2847 2148 3105 2219 λαμϐάνῃ
3152 2164 3235 2216 με
3265 2140 3420 2199 οἷκον
3468 2142 3642 2215 ἑαυτῷ
3682 2144 3774 2198 διὰ

2191 2247 2292 2317 τῆς
2320 2244 2821 2316 ὲνανθρωπήσεως.

2265 2365 2360 2432 Μὴ
2386 2362 2599 2434 φοϐοῦ,
2649 2363 2799 2416 ὅταν
2830 2358 3155 2435 πλουτήρνῃ
3186 2357 3529 2425 ἄνθρωπος,
3564 2352 3603 2422 ἦ
3631 2352 3782 2407 ὅταν

2191 2456 2519 2527 πληθυνθῇ
2550 2459 2586 2526 ἠ
2617 2455 2767 2520 δόξα
2825 2453 2931 2508 τοῦ
2971 2454 3143 2507 οίκου
3191 2451 3401 2514 αὐτοῦ,
3428 2448 3520 2503 ὅτι
3559 2449 3673 2501 οὐκ
3709 2445 3784 2498 ἐν

2191 2553 2273 2618 τῷ
2299 2549 2716 2616 ἀποθνήσκειν
2740 2548 2945 2602 ,αὐτὸν
2997 2545 3260 2614 λήψεται
3287 2543 3359 2598 τὰ
3390 2541 3609 2606 πάντα,
3636 2537 3786 2593 οὐδὲ

2190 2643 2718 2714 συγκαταϐήσεται
2749 2639 2910 2705 αὐτῷ
2937 2640 2976 2705 ἠ
3004 2639 3156 2703 δόξα
3192 2634 3403 2692 αὐτοῦ.
3449 2635 3782 2703 Ἄνθρωπον

2191 2737 2606 2806 ἐνταῦθαιλέγει,
2627 2736 2719 2789 τὸν
2750 2734 2953 2789 ἄδικον.
2986 2734 3077 2803 Μὴ
3099 2731 3365 2802 πτοηθῇς,
3391 2728 3579 2799 φησὶν,
3604 2727 3681 2788 ὡς
3704 2726 3786 2796 μὴ

2190 2829 2494 2903 ἐφορῶντος
2517 2827 2609 2881 τοῦ
2642 2825 2778 2880 Θεοῦ
2803 2824 2870 2878 τὰ
2894 2823 3232 2892 ἀνθρώπιναο
3253 2819 3409 2873 οὐδὲν
3442 2818 3547 2890 γὰρ
3572 2815 3786 2869 τούτων

2192 2921 2674 2991 συγκαταϐήσεται
2704 2917 2854 2988 αὐτῷ
2878 2919 2958 2980 si;
2995 2916 3153 2988 ᾅδην,
3193 2913 3331 2967 ἀλλὰ
3386 2910 3595 2982 γυμνδς
3647 2909 3787 2962 πᾶν·

2190 3034 2297 3070 των
2337 3012 2721 3069 ἀπελεύσεται.
2790 3010 2959 3076 Δόξαν
2983 3011 3039 3063 δὲ
3068 3007 3261 3071 εἰπὼν,
3288 3006 3441 3073 λέγει
3469 3005 3569 3074 τὴν
3599 3018 3780 3072 μεγα-

2189 3106 2439 3178 λωσύνην
2468 3148 2484 3171 ,
2531 3105 2624 3158 τὸν
2675 3104 2880 3172 ὄγκον,
2924 3103 3024 3173 τὴν
3079 3100 3462 3172 περιφάνειαν.
3519 3095 3631 3175 (ΤΒ)
3709 3094 3785 3150 Ἦ

504 3184 650 3234 mus,
685 3174 1145 3241 magnificentiam
1169 3194 1265 3235 seu
1296 3179 1496 3236 fastum
1525 3185 1765 3254 appellat
1795 3192 1849 3240 et
1870 3188 2083 3243 vivendi

2195 3201 2345 3267 δόξα
2367 3174 2475 3254 τοῦ
2497 3198 2671 3252 οἴκου
2701 3193 3054 3260 αὐτοῦ·δόξα
3076 3192 3178 3262 μὲν
3208 3192 3382 3253 οἷκου,
3421 3189 3597 3245 στοαὶ.
3623 3184 3780 3255 περίο

506 3263 844 3333 superbiam.
881 3266 980 3323 Vel
1017 3268 1183 3325 aliter
1224 3288 1239 3327 :
1288 3271 1474 3328 Gloria
1515 3276 1703 3330 donius
1741 3278 1932 3346 ipsius,
1989 3280 2089 3335 110-

506 3373 633 3413 mus
662 3369 790 3416 sunt
820 3372 1169 3430 ornamenta,
1205 3373 1262 3421 ut
1289 3370 1553 3438 porticus,
1591 3372 2090 3440 deambulatioues,

507 3467 700 3512 aurata
759 3465 926 3517 tecta,
978 3458 1380 3527 pavimentum,
1419 3463 1677 3518 animalia
1724 3467 1834 3520 illic
1890 3466 2094 3537 lapillis

507 3546 789 3613 distincta,
816 3555 997 3617 prata,
1020 3545 1189 3613 horti,
1218 3565 1502 3606 servorum
1530 3568 1745 3625 greges,
1771 3566 2094 3626 sumptuosa

508 3637 776 3707 supellex,
829 3645 882 3692 et
913 3652 1066 3703 vasa,
1103 3647 1198 3694 aut
1224 3640 1268 3695 si
1309 3642 1440 3712 quid
1465 3642 1611 3697 aliud
1662 3646 1932 3716 ejusmodi
1989 3661 2093 3704 est.

508 3727 694 3785 Gloria
731 3737 913 3789 autem
946 3732 1218 3803 corporis,
1278 3733 1544 3790 fortitudo
1574 3745 1682 3804 est,
1719 3740 2094 3809 pulchritudo,

508 3831 562 3877 et
591 3823 917 3893 proceritas.
963 3823 1150 3882 Gloria
1182 3842 1316 3884 vero
1350 3829 1571 3895 animae,
1598 3830 1714 3885 sola
1759 3831 1959 3889 virtus.
1993 3835 2097 3891 lle-

508 3924 621 3972 stat
668 3916 858 3988 igitur,
901 3926 961 3972 ut
990 3918 1156 3974 verba
1192 3919 1279 3974 illa
1331 3920 1616 3990 Propheta:
1647 3940 1661 3976 :
1699 3921 1885 3979 Omnis
1920 3926 2097 3996 gloria

507 4007 757 4073 hominis,
794 4008 928 4063 sicut
957 4008 1140 4075 herba,
1174 4010 1254 4066 vel
1281 4013 1417 4067 sicut
1441 4013 1541 4083 ﬂos
1589 4013 1783 4083 herba,
1811 4016 1879 4072 de
1903 4031 2099 4088 corpo-

507 4101 590 4157 ris
612 4101 786 4171 gloria
818 4102 964 4159 dicta
999 4119 1125 4161 esse
1161 4105 1558 4178 intelligantur.

581 4213 750 4273 Vens.
789 4216 879 4273 l9.
931 4217 1206 4284 Quoniam
1269 4222 1452 4275 anima
1504 4223 1623 4292 ejus
1664 4225 1716 4278 in
1768 4225 1879 4278 vita
1928 4224 2096 4292 ipsius

510 4308 862 4366 benedicetur.
895 4310 1016 4381 Ipse
1041 4312 1189 4367 enim
1219 4312 1349 4368 dum
1383 4314 1587 4371 vixerit
1625 4317 1820 4371 beatus
1857 4316 2093 4382 dicetur,

509 4408 566 4456 et
596 4400 912 4457 laudabitur
939 4404 1006 4458 ab
1035 4403 1126 4470 iis,
1150 4404 1244 4473 qui
1274 4406 1549 4473 ignorant,
1588 4422 1839 4477 quietiam
1874 4408 1943 4462 sit
1967 4424 2095 4464 vera

2197 3311 2380 3357 πατοι,
2414 3288 2650 3363 χρυσοῦς
2675 3288 2896 3358 ὄροφος,
2932 3286 3150 3356 ἔδαφος,
3174 3285 3289 3349 ζῶα
3345 3282 3545 3350 ψηψῖσι
3580 3278 3783 3348 διηνθιο

2198 3404 2226 3440 σ
2241 3388 2400 3458 μένα,
2443 3383 2730 3455 λειμῶνες,
2792 3380 3138 3451 παράδεισοι,
3172 3372 3527 3447 ἀνδραπόδων
3566 3370 3783 3439 ἀγέλαι,

2199 3476 2468 3545 πολυτελῆ
2520 3472 2747 3533 ἔπιπλα.
2799 3474 2892 3523 καὶ
2950 3467 3144 3536 σκεύη,
3205 3468 3301 3520 καὶ
3327 3464 3382 3518 εἴ
3412 3482 3465 3518 τι
3492 3462 3742 3517 τοιοῦτον
3768 3478 3783 3493 ⁸

2195 3570 2326 3637 δόξα
2350 3569 2407 3622 δὲ
2436 3566 2693 3638 σώματος
2725 3564 2826 3636 μὲν
2847 3559 3163 3634 ἀνῦρώπου,
3200 3560 3387 3629 ῥώμη,
3412 3558 3508 3610 καὶ
3561 3555 3788 3619 κάλλος,

2198 3662 2293 3715 καὶ
2325 3659 2580 3731 μέγεθος,
2647 3659 2739 3711 καὶ
2769 3656 2837 3709 τὰ
2889 3654 3114 3708 τοιαῦτα
3136 3670 3150 3683 ·
3181 3651 3310 3718 δόξα
3343 3651 3403 3705 δὲ
3430 3649 3634 3720 ψυχῆς.
3690 3647 3791 3717 μό-

2198 3773 2287 3808 νον
2317 3756 2349 3824 ή
2377 3752 2548 3824 ἀρετή
2570 3767 2581 3781 ’
2612 3751 2799 3804 λοιπὸν
2821 3748 2913 3802 οὖν
2945 3748 3004 3801 τό
3033 3764 3046 3779 ·
3071 3744 3244 3803 Πᾶσα
3267 3745 3418 3805 δόξα
3442 3739 3789 3807 ἀνθρώπου,

2197 3849 2277 3914 ὠς
2299 3849 2536 3916 χόρτος,
2563 3845 2602 3914 ἦ
2626 3845 2707 3911 ὡς
2729 3844 2908 3905 ἄνθος
2934 3843 3246 3911 χόρτου,πε
3257 3840 3309 3911 pl
3330 3839 3430 3909 τῆς
3459 3834 3791 3907 σωματικῆς

2200 3941 2430 4010 νοοῦμεν
2466 3937 2721 4010 εἰρῆσθαι
2743 3935 2923 4007 δόξης.

2271 4233 2399 4286 Ὀτι
2428 4232 2467 4300 ἡ
2499 4229 2672 4300 ψυχὴ
2699 4228 2888 4284 αὐτοῦ
2923 4229 2993 4283 ἐν
3022 4226 3098 4295 τῇ
3119 4225 3234 4295 ζωῇ
3251 4225 3437 4281 αὑτοῦ
3456 4222 3796 4292 εὐλογηθή-

2198 4342 2389 4381 σεται.
2447 4326 2557 4378 Καὶ
2614 4323 2726 4393 γὰρ
2782 4321 2947 4385 αὐτὸς
3004 4322 3109 4384 ἕως
3166 4320 3234 4374 ἂν
3268 4318 3359 4390 ζῇ,
3391 4318 3793 4389 μακαρίσεται,

2200 4415 2616 4487 εὐφημούμενος
2640 4412 2792 4485 παρὰ
2832 4413 2939 4467 τῶν
2967 4410 3326 4480 ἀγνοούντων,
3356 4409 3441 4473 τίς
3471 4411 3503 4479 ἠ
3539 4407 3795 4479 μακαρία

508 4492 638 4548 vitae
671 4493 979 4550 beatitudo.
1022 4493 1158 4551 Nam
1190 4497 1560 4574 ubimortuus
1590 4498 1777 4566 fuerit,
1809 4502 2089 4556 contraria

2199 4508 2346 4581 ζωή’
2379 4508 2803 4580 τελευτήσαντος
2835 4506 2913 4572 δὲ,
2954 4503 3215 4560 τάναντία
3259 4502 3531 4556 πείσεται.

512 4596 745 4653 prorsus
767 4585 1031 4654 patietur.

585 4695 938 4767 Conﬁtebitur
970 4700 1067 4757 tibi
1097 4718 1219 4756 cum
1269 4701 1394 4759 bene
1430 4704 1620 4774 feceris
1651 4705 1724 4761 ei.
1758 4704 1938 4762 Verba
1978 4706 2097 4762 haec

513 4789 581 4844 ad
609 4805 904 4863 pauperem
935 4792 1077 4849 dicta
1108 4804 1261 4852 sunt.
1283 4794 1407 4865 Ubi,
1433 4799 1636 4870 inquit,
1661 4799 1828 4867 bona,
1853 4800 1956 4854 hoc
1985 4807 2094 4868 est,

513 4891 669 4953 grata
709 4885 758 4940 ei
806 4884 1028 4954 feceris,
1085 4896 1220 4944 tunc
1270 4898 1482 4947 tantum
1541 4891 1638 4947 tibi
1689 4900 1814 4964 aget
1864 4896 2095 4965 gratias.

511 4972 649 5029 Nam
684 4978 1032 5046 postmodum
1063 4981 1329 5052 despiciet
1364 4991 1529 5056 atque
1561 4993 1901 5052 contemnet,
1953 4994 2098 5039 tam-

514 5069 620 5124 etsi
654 5069 709 5124 in
746 5074 898 5128 omni
959 5074 1231 5131 virtutum
1287 5093 1493 5148 genere
1548 5078 1870 5149 profeceris.
1911 5078 2101 5135 Dicere

513 5160 681 5213 etiam
734 5177 1056 5231 possumus.
1097 5167 1243 5238 quod
1280 5169 1398 5225 haec
1431 5174 1599 5226 verba
1637 5187 1731 5242 per
1764 5169 2097 5242 Prophetam

511 5248 580 5305 ad
617 5249 786 5307 Deum
818 5254 886 5309 de
916 5254 1128 5326 injuste
1156 5257 1381 5314 homine
1412 5258 1560 5314 dicta
1590 5259 1722 5324 sint,
1756 5273 1822 5314 ac
1855 5260 1902 5316 si
1931 5259 2085 5314 dice-

511 5351 636 5398 ret:
661 5344 891 5411 Quoties
921 5364 1091 5420 pravo
1119 5352 1249 5407 huic
1279 5352 1488 5406 homini
1521 5351 1848 5407 beneﬁcium
1877 5351 2099 5421 aliquod

2285 4709 2833 4781 Ἐξομολογήσεταί
2863 4724 2984 4775 σοι,
3037 4708 3186 4763 ὅταν
3232 4706 3547 4777 ἀγαθὼρῃς
3598 4700 3795 4767 αὐτῷ.

2202 4806 2347 4876 Πρὸς
2362 4804 2454 4858 τὸν
2480 4806 2690 4871 πένητα
2712 4806 2741 4858 ό
2762 4803 2944 4871 λόγος,
2961 4803 3044 4857 ὅτι
3069 4801 3242 4856 Ὅταν
3263 4799 3468 4867 ἀγαθὰ.
3487 4796 3794 4858 τουτέστιν,

2203 4899 2477 4969 εὐᾶρεστα
2543 4897 2780 4968 ποιήσῃς
2821 4894 2996 4965 αὐτῷ,
3047 4896 3170 4947 τότε
3204 4892 3365 4963 μόνον
3396 4888 3796 4960 εὐχαριστήσει

2205 5003 2309 5044 σοι’
2331 4988 2389 5042 τὸ
2419 4987 2463 5042 δ’
2486 4988 2636 5053 ἑξῆς,
2653 4988 3082 5057 καταφρονήσει,
3102 4986 3198 5039 καὶ
3231 4982 3584 5054 ὑπερόψεται,
3618 4981 3668 5031 εἰ
3694 4977 3797 5031 καὶ

2205 5080 2576 5152 κατορθώσεις
2606 5079 2829 5132 ἃπασαν
2858 5078 3084 5149 ἀρετήν.
3120 5077 3191 5128 Ἢ
3233 5076 3326 5129 καὶ
3358 5073 3496 5144 πρὸς
3540 5072 3633 5124 τὸν
3656 5069 3799 5123 Θεὸν

2204 5171 2425 5244 εἴρηται
2455 5170 2649 5236 ταῦτα,
2682 5171 2765 5224 ὅτι
2788 5169 2960 5223 Ὅταν
2983 5167 3396 5240 ἀγαθοποιήσῃς
3426 5164 3598 5235 αὐτῷ,
3623 5163 3798 5232 εὐχα-

2199 5262 2480 5337 ριστήσει·
2512 5263 2645 5315 ὅταν
2673 5261 2731 5314 δὲ
2780 5259 3021 5331 συντύχῃ
3074 5258 3298 5321 λύπαις,
3358 5254 3758 5354 βλασφιγμήσει
3776 5264 3794 5280 ⁸

2210 5352 2239 5405 ὁ
2262 5351 2321 5404 δὲ
2366 5350 2578 5413 δίκαιος
2629 5350 2917 5421 εὐλογήσει
2946 5349 3037 5402 τὸν
3064 5348 3266 5419 Κύριον
3297 5349 3356 5400 ὲν
3399 5346 3567 5401 παντὶ.
3586 5346 3795 5412 καιρῷ.

514 5430 840 5511 contuleris,
887 5457 1020 5500 tunc
1051 5445 1257 5533 gratias
1287 5445 1388 5501 tibi
1438 5455 1595 5517 aget:
1637 5461 1827 5502 verum
1867 5445 1913 5500 si
1961 5459 2086 5515 qua:
2126 5443 2202 5498 illi
2240 5445 2586 5499 calamitates
2617 5442 2965 5506 obvenerint,
3000 5441 3067 5496 ad
3103 5440 3476 5513 blasphemiae
3551 5444 3607 5495 et
3670 5450 3798 5493 nta-

493 5529 714 5590 .ledicta
742 5538 1025 5609 confugiet
1057 5529 1076 5592 ἐ
1111 5553 1222 5594 non
1266 5538 1347 5595 sic
1375 5548 1556 5595 autem
1605 5539 1821 5610 justus,
1864 5536 1960 5594 sed
2003 5538 2297 5594 benedicet
2331 5536 2625 5593 Dominum
2660 5536 2716 5593 in
2745 5538 3187 5607 omnitempore.

1876 5717 2077 5780 Varias
2101 5716 2432 5780 lectiones.

592 5840 702 5911 (78)
731 5843 856 5899 ηερε
905 5859 1080 5913 usque
1108 5845 1174 5902 ad
1210 5844 1609 5903 Commentarii
1657 5846 1820 5901 linem
1848 5844 1900 5901 in
1930 5842 2037 5898 alio
2069 5840 2206 5898 Cod.
2236 5840 2642 5905 desiderantur.
