4120 6416
398 374 508 442 53⁵1

1571 373 1960 436 COMMENT.
1995 374 2079 436 ΙΝ
2112 374 2479 437 PSALMOS.

3562 386 3668 451 538

468 489 906 547 Εἰσελεύσεται
976 487 1089 554 ἓως
1161 485 1373 557 γενεᾶς
1421 486 1698 556 πατέρων
1772 486 1979 542 αὐτοῦ.

2165 485 2332 543 Vsus.
2371 487 2463 543 ‘20.
2525 487 2777 545 Inlroibit
2835 507 2996 562 usque
3048 492 3102 546 in
3136 496 3522 565 generationem
3572 517 3667 569 pa.

404 579 751 643 'Am‘iavtbv,
815 579 1191 634 εἰσελεύσεται
1253 580 1336 643 εἰς
1394 579 1465 633 τὰ
1540 578 1832 633 κατώτατα
1882 579 1983 649 τῆς

389 678 522 748 γῆς,
561 675 667 739 ἕως
692 672 789 728 τοῦ
820 673 975 744 ᾅδου,
998 674 1134 728 ὅπου
1159 672 1307 726 ἐστὶν
1327 673 1362 744 ή
1394 671 1560 740 γενεὰ
1590 669 1700 726 τῶν
1726 670 1984 742 πατέρων

391 762 593 825 ἀύτοῦ.

469 860 631 925 Ἕως
653 857 873 924 αὶῶνος
911 859 1023 912 οὐκ
1053 856 1263 925 ὄψεται
1284 854 1435 925 φῶς.
1457 855 1604 917 Ἕως
1635 854 1787 908 ἑστιν
1822 855 1979 908 αἰών.

390 954 488 1008 ἀεὶ
527 952 750 1007 δέὶστιν
784 950 943 1005 αἰών.
975 950 1218 1015 Διωνίως
1249 944 1343 1005 οὖν
1365 949 1468 1003 οὐκ
1508 947 1703 1018 ὄψεται
1732 946 1869 1017 φῶς,
1900 946 1983 1009 εις

395 1047 596 1112 σκότος
620 1044 1070 1117 παραπεμφθείς

464 1227 582 1283 Kat
611 1226 928 1294 ἄνθρωπος
959 1224 1030 1277 ἐν
1055 1222 1196 1294 τιμῇ
1220 1222 1328 1286 ὢν,
1370 1222 1444 1277 ob
1481 1219 1717 1292 συνῆκε
1744 1235 1758 1249 ο
1797 1234 1985 1288 παρα-

392 1317 758 1387 συγεϐλήθη
778 1316 904 1385 τοῖς
927 1317 1181 1384 κτήνεσι
1203 1314 1330 1382 τοῖς
1346 1313 1633 1382 ἀνοήτοις
1648 1311 1748 1370 καὶ
1766 1309 1985 1382 ὡμοιώ-

388 1418 470 1481 θη
501 1410 734 1476 αὐτοῖς.
781 1408 1101 1480 smitam
1139 1407 1325 1473 πάλιν,
1349 1407 1434 1461 ὅτι
1476 1406 1571 1461 καὶ
1591 1407 1621 1460 ό
1641 1404 1930 1475 ἄνθρωπος
1955 1403 1984 1456 6

395 1502 579 1574 βραχύ
607 1520 666 1555 τι
692 1501 825 1575 παρ’
854 1500 1123 1570 ἀγγέλους
1153 1497 1507 1565 ἐλαττωθεὶς,
1540 1497 1673 1566 περὶ
1714 1491 1778 1551 οὗ
1812 1510 1982 1564 φησιν

390 1600 422 1650 ό
458 1592 722 1665 Σολομῶν
744 1609 761 1626 ο
820 1593 987 1663 Μέγα
1041 1592 1353 1662 ἄνθρωπος
1396 1591 1496 1645 καὶ
1553 1590 1755 1661 τίμιον
1824 1586 1983 1654 ἀνὴρ

390 1690 697 1757 ἐλεήμων,
719 1687 1183 1759 παρασυνεσλήθη
1212 1689 1327 1751 τοῖς
1365 1686 1590 1757 κτήνεσι
1652 1684 1768 1747 τοῖς
1822 1682 1985 1751 ἀνοή-

388 1800 530 1848 τοις.

870 1873 1124 1943 maps,-
1146 1874 1228 1942 τῷ
1268 1873 1478 1943 Ἀσάφ.
1586 1886 1593 1889 τ

950 1968 1252 2024 ΨΆΛΜῡΣ
1286 1967 1424 2023 ΜΒ⁸.

458 2063 577 2117 Καὶ
609 2062 749 2133 περὶ
769 2060 871 2131 τῆς
900 2060 1014 2116 Τοῦ
1029 2060 1223 2130 Ἀσὰςρ
1267 2061 1588 2133 ἐπιγραφῆς
1616 2062 1674 2115 ὲν
1707 2059 1985 2132 προοιμὶῳ

389 2158 493 2227 τῆς
549 2154 743 2227 βίϐλου
790 2154 900 2209 τῶν
935 2154 1187 2227 Ψαλμῶν
1230 2153 1575 2225 διελάϐομεν,
1604 2154 1699 2207 καὶ
1729 2153 1986 2223 περιττὸν

399 2247 645 2319 ἠγοῦμαι
668 2248 804 2319 περὶ
836 2247 1007 2301 αὐτοῦ
1038 2246 1354 2316 παλιλογεϊν
1375 2262 1389 2278 ·
1422 2246 1665 2316 εὐλόγως
1694 2246 1751 2300 δὲ
1776 2240 1930 2307 οὗτος
1956 2243 1985 2296 6

406 2338 614 2408 ψαλμδς
640 2337 937 2392 ἀκολουθεῖ
972 2336 1053 2408 τῷ
1086 2338 1193 2409 πρὸ
1254 2336 1421 2392 αὐτοῦ
1446 2353 1463 2370 ⁸
1512 2338 1608 2391 καὶ
1661 2336 1770 2408 γὰρ
1803 2338 1896 2391 καὶ
1927 2340 1985 2391 ὲν

411 2430 580 2501 τούτῳ
618 2430 996 2501 διαμαρτυρία
1051 2431 1147 2485 καὶ
1216 2428 1443 2501 ἐλεγχος
1465 2446 1480 2462 ο
1514 2430 1657 2501 πλὴν
1692 2430 1752 2483 ὲν
1789 2429 1985 2499 ἐκείνῳ

402 2523 506 2591 μὲν
584 2524 744 2577 πᾶσα
819 2521 987 2590 φύσις
1058 2520 1399 2592 ἀνθρώπων·
1430 2520 1785 2589 συγκαλείται
1845 2520 1984 2591 πρὸς

391 2615 694 2685 ἀκρόασινο
726 2614 966 2670 ἐνταῦθα
994 2614 1072 2681 δὲ,
1105 2617 1133 2669 6
1154 2615 1385 2687 οὐρανὸς
1407 2615 1503 2669 καὶ
1528 2616 1562 2686 ὴ
1591 2616 1684 2685 γῆ’
1714 2618 1984 2683 Προσκα-

386 2708 647 2764 ,Ιέσεται
669 2708 785 2778 γὰρ
818 2708 927 2763 τὸν
956 2709 1221 2779 οὐρανὸν
1246 2708 1389 2772 ἅνω,
1416 2710 1515 2763 καὶ
1563 2707 1681 2776 τὴν
1718 2707 1858 2777 γῆν.
1901 2707 1985 2761 Ἐν

388 2800 596 2869 ἐκεινῳ
622 2800 724 2868 μὲν
749 2798 942 2862 ἁπλῶς
979 2801 1089 2856 πᾶς
1117 2798 1371 2871 πονηρῶς
1396 2799 1530 2870 βιῶν
1559 2802 1950 2871 κατηγορεῖται
1967 2815 1982 2831 ο

388 2894 451 2944 ιν
480 2892 665 2961 τούτῳ
691 2891 752 2945 δε
801 2892 853 2944 ot
897 2891 1144 2946 Ἰουδαῖοι
1180 2890 1519 2961 ἐλέγχονται.
1572 2889 1681 2942 Καὶ
1714 2888 1874 2951 ἄλλος
1926 2887 1984 2939 δὲ

391 2985 693 3054 προφήτης
731 2982 945 3051 εἰσάγει
968 2985 1063 3036 τὸν
1084 2982 1217 3038 Θεὸν
1237 2981 1413 3045 οὕτως
1466 2978 1825 3050 δικαζόμενον
1886 2979 1984 3032 καὶ

389 3074 717 3146 ἐλέγχοντα,
757 3075 970 3144 λέγων’
1003 3076 1358 3132 Ἀκούσατε.
1393 3072 1720 3143 φάραγγες.
1764 3072 1862 3125 καὶ
1891 3073 1983 3124 θε-

2090 589 2230 633 trum
2273 597 2513 636 suorum.
2558 581 2662 637 Ubi
2695 593 2948 639 mortuus
2999 584 3190 652 fuerit,
3237 589 3577 659 ingredietur
3612 596 3665 647 in

2091 675 2278 730 intima
2313 684 2475 733 terrae
2505 692 2680 749 usque
2712 679 2767 733 in
2796 679 3101 748 infernum,
3142 683 3231 739 ubi
3274 695 3357 740 est
3385 688 3670 753 generatio

2092 776 2310 838 patrum
2340 783 2593 823 suorum.

2168 856 2343 929 Usque
2382 860 2438 913 in
2467 860 2741 926 {sarculum
2803 879 2910 917 non
2964 866 3157 920 videbit
3212 866 3404 922 lucem.
3464 866 3669 933 Donec,

2091 947 2292 1018 inquit,
2329 951 2593 1005 saeculum
2646 960 2778 1007 est:
2814 954 3076 1009 smculum
3112 970 3242 1011 vero
3295 973 3513 1028 semper
3559 966 3667 1012 est.

2089 1042 2380 1113 Nunquam
2429 1043 2597 1114 igitur
2623 1043 2828 1099 videbit
2882 1045 3081 1114 lucem,
3113 1056 3300 1118 utpote
3349 1049 3552 1104 missus
3601 1046 3671 1102 ad

2089 1136 2369 1191 tenebras.

2162 1226 2328 1285 Vens.
2350 1229 2413 1284 2|
2428 1270 2443 1286 .
2478 1228 2544 1283 Et
2568 1229 2743 1295 homo,
2763 1246 2880 1284 cum
2907 1231 2961 1285 in
2977 1232 3175 1285 honore
3194 1240 3349 1294 esset,
3378 1247 3483 1285 non
3508 1232 3635 1285 intet

2091 1322 2241 1386 (exit,
2274 1332 2612 1393 comparatus
2637 1334 2717 1378 est
2743 1324 3020 1394 pecoribus
3062 1324 3456 1392 insipientibus,
3499 1335 3546 1378 et
3599 1324 3672 1376 si-

2091 1415 2234 1471 milis
2264 1414 2441 1485 factus
2485 1425 2566 1469 est
2616 1415 2749 1470 illis.
2810 1414 3024 1472 Rursus
3084 1416 3364 1472 miseriam
3420 1415 3672 1485 deplorat

2092 1503 2412 1566 butuauam.
2461 1505 2609 1576 quod
2644 1508 2808 1560 homo
2848 1506 3062 1563 scilicet
3098 1507 3193 1576 qui
3236 1505 3512 1560 modicum
3539 1505 3671 1574 quid

2091 1596 2161 1650 ab
2216 1598 2427 1667 angelis
2484 1597 2792 1654 minoratus
2837 1607 2942 1662 est,
2987 1607 3043 1652 et
3088 1599 3154 1653 de
3192 1612 3299 1668 quo
3338 1595 3595 1651 Salomon
3654 1613 3669 1649 :

2092 1686 2317 1758 Magnus
2344 1690 2524 1757 homo,
2556 1701 2604 1745 et
2649 1691 2941 1746 honoratus
2983 1691 3065 1746 vir
3104 1691 3406 1746 misericors
3451 1705 3471 1744 :
3513 1703 3669 1744 com-

2091 1792 2314 1852 paratus
2351 1784 2423 1838 sit
2456 1783 2765 1853 pecoribus,
2792 1794 2844 1838 et
2870 1785 3067 1840 similis
3093 1785 3173 1841 eis
3197 1785 3271 1838 sit
3299 1783 3500 1838 factus.

2568 1874 2816 1930 Psalmus
2842 1876 2942 1943 ipsi
2963 1875 3168 1943 Asaph.

2590 1965 2915 2021 PSALMUS
2943 1965 3134 2020 XLIX.

2158 2057 2301 2124 Quid
2328 2058 2435 2114 sibi
2468 2058 2603 2113 velit
2659 2058 2953 2129 inscriptio
2998 2060 3205 2129 Asaph,
3262 2059 3476 2115 abunde
3528 2057 3670 2112 dixi-

2088 2163 2213 2204 mus
2242 2152 2295 2203 in
2326 2151 2595 2219 prooemio
2616 2151 2821 2221 operis.
2862 2151 2986 2206 Ideo
3013 2150 3353 2220 superﬂuum
3384 2150 3665 2215 dttt'illlus,

2087 2256 2150 2297 ea
2183 2243 2382 2297 iterum
2419 2251 2690 2312 repetere.
2743 2241 2860 2298 Non
2908 2251 3116 2299 temere
3174 2252 3356 2298 tamen
3401 2242 3489 2298 hic
3521 2243 3669 2311 psal-

2088 2349 2211 2389 mus
2231 2335 2532 2390 collocatus
2553 2345 2639 2390 est
2665 2346 2786 2404 post
2818 2337 3063 2405 proxime
3088 2334 3509 2406 praecedentem,
3536 2348 3661 2388 eum

2090 2427 2386 2494 utrobique
2441 2435 2788 2482 contestetur
2850 2442 2951 2481 nos
3007 2436 3062 2481 et
3108 2427 3479 2498 reprehendat
3530 2423 3669 2479 Pro-

2087 2522 2273 2591 pheta.
2306 2517 2543 2575 Tametsi
2593 2519 2725 2573 illud
2756 2520 2883 2591 quis
2942 2518 3191 2574 fortassis
3219 2519 3497 2573 diversum
3546 2532 3672 2571 esse

2089 2615 2312 2675 dixerit,
2348 2612 2496 2682 quod
2538 2612 2649 2667 illic
2708 2613 2945 2667 humana
2987 2613 3167 2669 omnis
3199 2625 3393 2667 natura
3451 2612 3517 2666 ad
3568 2626 3671 2663 au-

2088 2706 2349 2761 diendum
2374 2712 2738 2770 convocatur,
2769 2704 2861 2760 hic
2909 2715 3095 2759 autem
3132 2705 3336 2759 cmlum
3401 2706 3589 2774 ipsum
3617 2708 3673 2756 et

2088 2806 2234 2853 terra
2264 2816 2278 2852 :
2313 2796 2601 2851 Advocabit
2630 2798 2799 2863 enim,
2830 2796 3030 2867 inquit,
3075 2797 3263 2852 caelum
3311 2798 3377 2851 de
3434 2812 3669 2857 sursum,

2087 2903 2135 2945 et
2194 2900 2430 2956 terram;
2484 2898 2538 2944 et
2591 2889 2737 2960 quod
2789 2891 2842 2944 in
2893 2890 2990 2945 illo
3044 2891 3262 2959 quidem
3328 2890 3380 2943 in
3446 2889 3672 2943 univer-

2088 3003 2209 3041 sum
2262 2986 2492 3055 quilibet
2526 2994 2845 3049 accusatur,
2881 2985 2976 3053 qui
3024 2998 3189 3053 prave
3245 2983 3403 3045 vivit,
3460 2982 3515 3035 in
3566 2982 3672 3035 hoc

2087 3096 2219 3135 Vero
2257 3077 2432 3134 Judaei
2464 3086 2675 3132 tantum
2723 3076 3056 3149 reprehendi
3112 3077 3427 3130 videantur.
3472 3072 3569 3127 Est
3613 3082 3669 3127 et

383 3167 576 3237 μέλια
631 3166 745 3235 τῆς
763 3167 900 3236 γῆς,
929 3167 1016 3221 ὅτι
1041 3167 1240 3236 κρίσις
1280 3164 1358 3231 τῷ
1387 3164 1509 3230 Θεῷ
1531 3163 1682 3232 πρὸς
1707 3164 1816 3218 τὸν
1828 3163 1979 3218 λαὸν

2089 3171 2232 3225 alius
2264 3169 2560 3240 Propheta,
2591 3169 2684 3239 qui
2719 3170 2888 3224 Deum
2926 3169 3093 3224 simili
3125 3167 3286 3222 modo
3325 3167 3666 3237 judicantem

389 3259 609 3326 αὐτοῦ,
637 3259 734 3313 καὶ
758 3259 914 3329 μετὰ
950 3260 1055 3313 τοῦ
1117 3259 1275 3314 λαοῦ
1322 3258 1795 3326 διαλεχθήσεται
1817 3273 1832 3288 ·
1883 3257 1978 3310 καὶ

402 3353 659 3416 Ἡσαΐας·
688 3353 930 3417 Ἄκουε,
959 3352 1202 3420 οὐρανέ,
1228 3357 1326 3406 καὶ
1352 3351 1647 3415 ἐνωτίζου,
1678 3352 1716 3419 ἡ
1735 3349 1831 3419 γῆ.
1869 3351 1981 3404 Καὶ

393 3443 635 3514 σῦνηθες
665 3446 733 3514 τῇ
794 3445 989 3515 Γραφῇ
1039 3446 1100 3497 τὸ
1142 3444 1386 3497 τοιοῦτον
1428 3444 1638 3514 σχῆμα,
1697 3443 1836 3514 ὅπερ
1861 3444 1980 3495 ἐστὶ

391 3534 856 3605 πληκτικὼτατον
912 3537 1007 3589 καὶ
1033 3533 1561 3606 ὲντρεπτικώτατον,
1590 3534 1674 3587 ὅτι
1701 3535 1770 3588 τὰ
1793 3534 1980 3604 ἄψυχα

389 3629 722 3695 καθέζονται
762 3629 955 3697 κριταὶ
1003 3627 1111 3683 τῶν
1171 3628 1455 3699 ἐμψύχων,
1512 3629 1629 3696 ἅμα
1676 3628 1734 3681 δὲ
1764 3628 1980 3694 καὶτῆς

390 3720 491 3775 τοῦ
537 3720 677 3775 Θεοῦ
734 3721 1149 3790 φιλανθρωπίας
1194 3719 1750 3784 ἀποδεικτικώτατον,
1782 3719 1977 3773 τοσοῦ-

388 3830 486 3867 τον
515 3813 991 3881 συγγαταὸἀντος,
1015 3811 1158 3866 ὥστε
1191 3814 1288 3868 καὶ
1341 3811 1628 3883 κρίνεσθαι
1677 3811 1818 3881 μετὰ
1866 3810 1979 3866 τῶν

386 3905 490 3959 ἀνθ
497 3906 721 3977 ρώπων.

388 4011 481 4056 tos
549 3998 808 4054 homines
854 3998 1190 4068 iudicatura.
1247 3996 1528 4052 Summam
1569 4007 1833 4067 μηνίει-εει
1880 3996 1971 4051 Dei
2010 3997 2187 4052 ianos
2219 3999 2658 4054 misericordiam
2706 3999 2975 4068 Propheta

2087 3270 2138 3314 et
2166 3261 2653 3331 reprehendentem
2684 3262 2979 3315 introducit
3009 3260 3198 3315 dicens
3229 3277 3243 3313 :
3278 3260 3488 3323 Audite,
3508 3258 3669 3313 valles

2080 3364 2129 3409 et
2161 3355 2509 3424 fundamenta
2534 3365 2709 3420 terrce,
2734 3356 2980 3425 quoniam
2997 3354 3263 3425 judicium
3292 3355 3397 3408 Deo
3432 3363 3509 3407 est
3541 3366 3669 3423 erga

2081 3444 2331 3514 populum
2356 3461 2533 3511 suum,
2576 3454 2626 3499 et
2678 3462 2798 3499 cum
2848 3447 3042 3516 populo
3091 3462 3187 3499 suo
3223 3443 3575 3515 disceptabit,
3608 3452 3666 3498 et

2084 3538 2253 3593 Isaias
2284 3554 2299 3593 :
2332 3536 2494 3604 Audi,
2527 3538 2737 3602 coelum,
2768 3548 2814 3592 et
2844 3539 3060 3593 auribus
3111 3540 3340 3607 percipe,
3377 3547 3537 3591 terra.
3560 3536 3666 3590 Fa-

2087 3632 2318 3687 miliaris
2354 3633 2499 3688 enim
2533 3640 2619 3687 est
2643 3633 2786 3703 apud
2850 3632 3191 3703 Scripturam
3258 3632 3346 3685 hic
3404 3629 3665 3701 loquendi

2087 3723 2334 3790 modus,
2386 3739 2498 3795 quo
2553 3724 2619 3779 ad
2680 3727 2935 3780 timorem
3010 3727 3214 3794 pariter
3276 3739 3340 3778 ac
3399 3726 3664 3793 pudorem

2083 3817 2441 3870 excitandum
2484 3817 2560 3870 uti
2594 3817 2757 3881 solet,
2782 3815 2911 3871 dum
2949 3815 3102 3880 facit,
3149 3816 3296 3885 quod
3334 3815 3452 3885 ipsa
3496 3816 3662 3868 etiam

2085 3908 2328 3962 inanima
2384 3922 2713 3963 consessore
2746 3909 2878 3971 sint,
2937 3908 3195 3976 ipsosque
3251 3910 3435 3961 anima
3470 3905 3667 3976 praedi-

3059 4000 3114 4053 in
3162 4013 3228 4055 eo
3290 4001 3657 4064 demonstrat,

384 4094 522 4149 dum
566 4091 719 4145 illum
768 4092 927 4146 nobis
960 4090 1097 4146 adeo
1159 4090 1600 4147 condescendere
1648 4090 1838 4150 tradit,
1899 4099 1957 4142 ut
1998 4091 2287 4143 nobiscum
2318 4091 2492 4143 etiam
2525 4090 2766 4160 judicari
2794 4093 2943 4145 velit.

458 4188 612 4254 Θεὸς
637 4185 792 4242 θεῶν
848 4187 1062 4253 Κύριος
1107 4184 1404 4253 ἑλάλησε,
1451 4183 1549 4237 καὶ
1578 4181 1838 4237 ἐκάλεσε
1864 4180 1980 4249 τὴν

377 4281 525 4352 τῆν,
574 4280 836 4348 Τέσσαρα
871 4277 1252 4348 σημαινόμενα
1291 4276 1386 4329 τοῦ
1423 4277 1566 4341 Θεὸς
1596 4275 1861 4343 ὀνόματος
1888 4275 1977 4327 εὑ-

381 4374 660 4443 ρίσκομεν
689 4370 842 4438 παρὰ
867 4372 935 4440 τῇ
992 4370 1217 4440 Γραφῇ·
1246 4368 1305 4421 τὸ
1336 4369 1435 4438 μὲν
1482 4368 1688 4439 κυρίως
1742 4366 1976 4437 λεγόμε-

381 4478 554 4533 μενον
616 4461 694 4525 ὡς
744 4460 880 4524 Θεὸς
938 4460 1160 4513 πάντων
1207 4458 1577 4530 δημιουργός·
1625 4458 1790 4521 τὸδὲ,
1832 4458 1976 4512 κατὰ

381 4555 626 4627 μίμησιν
650 4554 746 4607 καὶ
790 4553 1081 4623 ὁμοίωσιν,
1112 4552 1188 4616 ὡς
1220 4553 1302 4618 τὸ,
1365 4551 1511 4618 Θεὸς
1562 4550 1715 4605 θεῶν
1762 4552 1977 4619 Κύριος

2162 4179 2325 4235 Vens.
2367 4181 2420 4236 l.
2486 4181 2623 4235 Dens
2676 4184 2895 4236 deorum
2959 4184 3168 4237 locutus
3213 4192 3315 4244 est.
3364 4191 3414 4236 et
3461 4184 3666 4237 vocavit

2083 4281 2303 4328 terram.
2363 4274 2519 4344 Apud
2558 4274 2910 4345 Scripturam
2974 4291 3171 4329 nomen
3238 4274 3379 4329 Deus
3426 4285 3664 4339 quatuor
3768 4316 3777 4323 .

2090 4368 2395 4421 assumiiur
2451 4369 2652 4423 modis.
2696 4368 2753 4420 Et
2796 4369 2974 4438 primo
3030 4370 3253 4438 quidem
3292 4369 3460 4422 Deum
3505 4368 3660 4422 illum

2081 4458 2337 4521 dicionis,
2371 4460 2463 4529 qui
2501 4474 2683 4514 rerum
2728 4461 2976 4514 omnium
3027 4459 3261 4514 Creator
3310 4469 3393 4517 est
3441 4467 3495 4513 et
3553 4459 3662 4514 Do-

2084 4551 2286 4605 minus.
2327 4551 2583 4606 Secundo
2610 4569 2704 4622 per
2747 4553 3163 4607 similitudinem
3204 4561 3369 4622 atque
3401 4552 3664 4607 imitatio-

372 4648 680 4716 ἐλάλησεο
709 4648 826 4700 καί·
862 4647 926 4701 '0
954 4648 1101 4713 Θεὸς
1148 4647 1300 4715 ἔστη
1340 4648 1411 4701 ἐν
1435 4646 1762 4717 συναγωγῇ
1790 4646 1973 4712 Θεῶν,

2083 4660 2227 4704 nem.
2265 4646 2433 4698 Deum
2465 4645 2704 4713 aliquem
2731 4645 2995 4714 appellari
3035 4646 3312 4710 videmus,
3345 4658 3397 4699 ul
3430 4646 3485 4698 in
3519 4661 3660 4715 pra:-

374 4739 643 4808 ἐνμέσῳ
675 4739 743 4793 δὲ
776 4739 921 4806 Θεὸς
952 4738 1246 4808 διακρινεῖ
1268 4758 1280 4771 ·
1319 4740 1436 4792 καί·
1472 4740 1622 4808 Ἐγὼ
1651 4736 1814 4802 εἶπα,
1851 4740 1980 4794 θεοί

380 4834 540 4899 ἐστε,
571 4832 672 4887 καὶ
733 4831 854 4885 vlot
913 4831 1216 4900 ’Υψίστου
1257 4832 1483 4898 πάντες
1504 4848 1517 4862 '
1549 4832 1669 4894 καὶ,
1697 4832 1883 4893 Θεοὺς
1904 4834 1976 4886 οὐ

386 4920 849 4992 κακολογήσας,
894 4923 995 4976 καὶ
1056 4922 1362 4991 ἄρχοντας
1393 4922 1500 4977 τοῦ
1534 4922 1689 4977 λαοῦ
1717 4936 1837 4976 σου
1861 4925 1976 4976 οὐκ

373 5014 532 5082 ἐρεῖς
558 5011 784 5080 κακῶς.
816 5013 986 5083 Δῆλον
1011 5014 1143 5085 γὰρ,
1180 5014 1264 5067 ὅτι
1288 5013 1457 5077 Θεοὺς
1481 5016 1540 5067 ὲν
1567 5014 1799 5077 ταῦταις
1844 5016 1970 5076 ταῖς

368 5106 609 5175 κλήσεσι
634 5106 796 5158 καλεῖ
822 5105 947 5168 τοὺς
975 5103 1043 5158 δι’
1062 5105 1266 5175 ἀρετῆς
1297 5105 1670 5175 μιμουμένους
1693 5105 1784 5158 τὸν
1815 5105 1968 5168 Θεὸν,

366 5200 469 5253 καὶ
498 5198 628 5261 τοὺς
677 5197 900 5267 ὁμοίους
945 5196 1019 5267 τῷ
1046 5196 1191 5266 Θεῷ,
1225 5197 1366 5250 κατὰ
1417 5197 1477 5249 τὸ
1526 5197 1718 5265 ἄρχειν
1761 5197 1857 5250 καὶ
1904 5192 1965 5249 τὸ

365 5285 610 5358 κρίνειν,
660 5283 737 5349 ὡς
760 5286 811 5338 οἰ
835 5285 1100 5357 ἄρχοντες
1142 5286 1239 5338 καὶ
1288 5286 1338 5337 at
1402 5286 1612 5355 κριταί.
1675 5286 1875 5356 Τρίτον
1906 5287 1964 5339 δὲ

366 5375 810 5449 σημαινόμενον,
865 5377 1009 5429 κατὰ
1052 5375 1372 5442 ἀναλογίαν,
1403 5375 1480 5439 ὡς
1507 5376 1535 5428 6
1569 5377 1814 5445 Μωῦσῆς
1842 5376 1963 5440 θεὸς

362 5466 575 5539 Φαραὼ
595 5467 914 5538 λεγόμενος,
943 5462 1032 5521 οἷα
1072 5468 1460 5538 τερατουργῶν
1489 5468 1615 5523 κατ’
1636 5469 1833 5534 αὐτοῦ,
1863 5469 1962 5521 καὶ

362 5562 792 5635 τιμωρούμενος
842 5561 1032 5627 αὐτὸν,
1091 5562 1188 5615 καὶ
1217 5562 1295 5633 τῷ
1328 5562 1633 5634 βουλήματι
1675 5563 1960 5635 χρώμενος

362 5658 447 5723 εἰς
472 5655 825 5727 παραγωγήν
878 5654 992 5711 τῶν
1038 5654 1340 5718 κολάσεων,
1388 5653 1485 5709 καὶ
1524 5658 1814 5725 προφήτην
1861 5656 1957 5710 τοῦ

466 5844 521 5882 ⁸⁵
564 5843 718 5902 Psal.
772 5855 956 5915 una,
997 5842 1018 5899 1
1110 5841 1158 5874 ⁸⁸
1184 5840 1323 5898 ibid.
1357 5842 1412 5899 6.
1486 5841 1532 5875 ⁸⁸
1562 5841 1736 5901 Exod.
1788 5856 1925 5912 un,
1958 5841 2048 5898 28.

2076 4739 2215 4791 senti
2247 4737 2483 4806 psalmo,
2543 4737 2683 4791 Dens
2742 4739 2966 4791 deorum
3029 4738 3238 4793 locum:
3295 4751 3372 4794 est
3397 4739 3464 4796 “.
3505 4740 3659 4805 Item,

2077 4829 2215 4884 Deus
2264 4833 2408 4884 stetit
2442 4831 2495 4884 in
2523 4847 2794 4902 synagoga
2828 4832 3073 4897 deorum,
3138 4833 3191 4885 in
3242 4832 3414 4886 medio
3479 4843 3659 4888 autem

2070 4923 2194 4977 deos
2226 4923 2545 4993 dijudicabit
2574 4921 2620 4957 ⁸⁵
2641 4964 2658 4988 ,
2701 4934 2754 4978 ει
2785 4942 2796 4977 :
2837 4922 2946 4995 Ego
2982 4924 3100 4979 dixi
3139 4939 3159 4979 :
3186 4925 3275 4979 Dii
3300 4927 3449 4987 estis.
3481 4936 3529 4979 et
3554 4927 3658 4994 ﬁlii

2073 5015 2335 5070 ditissimi
2372 5032 2552 5070 omnes
2584 5016 2650 5069 ⁸⁸.
2684 5017 2863 5070 item:
2914 5016 3028 5070 Diis
3082 5035 3187 5071 non
3242 5018 3549 5079 maledicas,
3600 5027 3654 5069 et

2069 5109 2396 5176 principibus
2415 5107 2599 5177 populi
2621 5108 2699 5160 tui
2730 5124 2833 5161 non
2865 5108 3006 5163 dices
3038 5109 3259 5162 malum.
3296 5108 3649 5163 Manifestum

2070 5199 2215 5253 enim
2246 5206 2332 5253 est
2364 5197 2678 5267 bujusmodi
2731 5203 2957 5255 nomine
3002 5216 3096 5254 eos
3132 5200 3339 5258 vocari.
3397 5199 3490 5267 qui
3555 5212 3652 5265 per

2067 5291 2332 5345 virtutem
2388 5289 2562 5345 Deum
2618 5307 2808 5347 verum
2865 5293 3173 5354 imitantur,
3218 5291 3423 5359 quique
3483 5287 3648 5342 veluti

2071 5384 2350 5453 principes
2395 5397 2460 5438 ac
2500 5382 2739 5454 judices,
2803 5382 3064 5451 regendo.
3130 5381 3471 5450 imperando,
3502 5377 3652 5446 judi-

2070 5476 2268 5542 cando,
2307 5474 2415 5531 Deo
2442 5476 2655 5531 similes
2696 5474 2826 5529 facti
2870 5480 3024 5528 sunt.
3057 5470 3244 5526 Tertio
3275 5470 3441 5524 modo
3473 5468 3645 5524 Deum

2069 5568 2182 5624 dici
2239 5569 2556 5624 invenimus
2610 5566 2769 5638 juxta
2825 5564 3156 5634 analogiam,
3203 5577 3269 5618 eo
3320 5563 3486 5616 modo
3531 5574 3642 5630 quo

2068 5659 2281 5733 Moyses
2341 5659 2650 5716 Pharaonis
2718 5656 2862 5713 Deus
2920 5655 3102 5714 dictus
3143 5662 3269 5724 est,
3320 5654 3488 5711 veluti
3546 5649 3647 5724 qui
