4120 6416
338 351 450 419 541

1515 351 1912 416 COMMENT.
1956 350 2041 410 IN
2083 352 2219 412 PSA
2230 356 2448 418 LMOS.

3517 350 3621 416 bii

334 472 453 527 τοῦ
481 469 781 538 διακρῖναι
822 473 934 526 τὸν
958 473 1114 526 λαὶν
1151 471 1358 527 αὐτοῦ.
1393 471 1498 526 Τὸν
1531 472 1645 526 ἅνω
1672 469 1901 540 οὐρανὸν

2031 467 2287 536 dijudiret
2316 472 2567 540 populum
2590 489 2769 528 suum.
2808 472 3022 529 Caium
3057 461 3279 529 sursum
3309 468 3470 534 dixit,
3519 486 3622 539 pro

334 565 467 618 καθ’
501 564 835 633 ὑπερὸατὸν.
870 565 1273 636 Προσκαλείται
1304 566 1361 618 δὲ
1386 564 1579 627 ταῦτα,
1619 564 1805 617 ἕνεκεν
1828 560 1924 615 τοῦ

332 658 620 728 διακρῖναι
650 657 743 709 τὸν
777 656 910 711 λαὸν
963 655 1155 719 αὑτοῦ,
1210 657 1400 720 κακῶς
1459 654 1882 723 πολιτευόμενον
1908 666 1921 680 ·

329 750 622 820 διακρῖναι
643 749 702 802 δὲ
727 749 824 803 νῦν
878 749 941 802 τὸ
970 749 1191 818 ἐλέγξαι
1212 749 1384 817 λέγει.
1412 749 1615 803 Σκόπει
1636 747 1693 800 δὲ
1717 748 1799 801 ὅτι
1828 746 1925 801 καὶ

329 841 586 911 Munia“);
613 840 934 910 εἰσαγαγὼν
963 844 1056 896 τὸν
1090 842 1217 898 λαὸν
1262 845 1346 906 εἰς
1401 842 1502 912 τὴν
1552 841 1657 912 γῆν
1690 840 1791 909 τῆς
1826 841 1925 892 cr:-

330 935 627 1002 αγγελίας,
681 935 775 988 τὸν
803 936 1035 1006 οὐρανὸν
1066 936 1160 989 καὶ
1206 936 1305 1005 τὴν
1339 935 1445 1004 γῆν
1499 936 1787 1005 μάρτυρας
1811 933 1924 986 τῶν

328 1027 630 1098 συνθηκῶν
658 1028 988 1098 παρέλαϐεν,
1025 1029 1100 1091 ὡς
1152 1027 1500 1100 μονιμώτερα
1533 1028 1787 1098 σώματα,
1826 1026 1922 1078 καὶ

322 1119 403 1179 ὡς
432 1120 765 1188 περιεκτικὶ
790 1120 901 1173 τῶν
929 1121 1380 1190 ἁμαρτανόντων,
1415 1120 1447 1188 ἥ
1480 1118 1914 1189 κατορθούντων.

331 1209 492 1263 Ἐστι
520 1209 579 1263 δὲ
607 1210 671 1264 τὸ
703 1212 891 1281 σχῆμα
940 1216 1384 1282 προσωποποιία,
1417 1214 1508 1266 ὅτε
1542 1215 1655 1276 τοῖς
1688 1210 1918 1281 ἀψύχοις

328 1300 599 1370 ἐμψύχων
632 1300 867 1372 σώματα
902 1303 1282 1373 περιτίθεμεν.

393 1483 781 1553 Συναγάγετε
810 1484 973 1551 αὐτῷ
1015 1486 1160 1555 τοὺς
1191 1488 1405 1554 ὁσίους
1441 1487 1651 1543 αὐτοῦ.
1703 1488 1917 1553 Ὀαίους

319 1574 473 1643 λέγει
529 1578 663 1640 τοὺς
701 1576 1044 1648 Ἰσραηλίτας
1094 1581 1544 1652 ἀφωσιωμένους,
1598 1581 1694 1634 καὶ
1722 1582 1914 1636 ἀνατι-

318 1668 588 1737 θεμένους
619 1670 774 1740 μόνῳ
805 1669 978 1740 αὐτῷ.

2030 574 2097 615 eo
2127 562 2273 630 quod
2318 577 2540 617 sursum
2591 574 2695 619 est.
2748 564 3052 620 Advoeabit
3095 572 3279 618 autem
3321 562 3521 618 coelum
3564 571 3621 615 et

2033 663 2256 722 terram,
2290 664 2348 710 ut
2383 658 2645 727 populum
2680 672 2843 713 suum
2884 673 3053 729 prave
3096 659 3367 713 viventem
3411 654 3621 723 dijudi-

2029 754 2138 800 eet.
2171 746 2486 817 Dijndicare
2521 764 2651 803 vero
2706 751 2892 819 posuit
2916 753 3030 820 ipro
3073 750 3431 819 redarguere.
3468 748 3615 801 Con-

2028 838 2210 893 sidera
2241 840 2405 896 etiam
2439 841 2584 910 quod
2617 841 2833 913 Moyses
2865 844 3124 913 populum
3159 838 3518 896 introduc’cns
3555 837 3611 892 in

2028 937 2232 985 terram
2270 933 2675 1002 promissionis,
2708 935 2910 989 ctelum
2944 942 2999 989 et
3028 944 3231 990 terram
3273 941 3442 988 testes
3478 946 3611 1001 pac-

2027 1024 2240 1079 tionum
2268 1026 2585 1095 assumpsit.
2619 1034 2882 1097 tanquam
2911 1025 3154 1080 ﬁrmiora
3179 1039 3243 1080 ac
3269 1023 3608 1080 durabiliora

2025 1131 2279 1187 corpora,
2334 1132 2399 1172 ac
2423 1119 2592 1171 veluti
2632 1132 2697 1173 ea
2732 1132 2854 1187 qua:
2884 1127 2938 1173 et
2968 1126 3288 1188 peccatores
3318 1123 3375 1170 et
3406 1116 3609 1170 virtute

2024 1209 2285 1280 praeditos
2313 1210 2566 1266 homines
2585 1212 3044 1279 complectantur.
3072 1208 3402 1279 llujusmodi
3425 1216 3608 1262 autem

2023 1305 2199 1374 ﬁgura
2231 1303 2616 1372 prosopopteia
2658 1303 2885 1369 dicitur,
2937 1319 3060 1356 eum
3113 1301 3371 1356 videlicet
3426 1299 3608 1354 inani-

2023 1396 2190 1451 matis
2225 1393 2391 1449 rebus
2437 1395 2734 1448 animatam
2773 1409 3061 1464 personam
3097 1392 3460 1461 imponimus.

2090 1488 2258 1552 Vsus,
2284 1487 2338 1543 5.
2364 1484 2695 1557 Congregate
2716 1485 2800 1539 illi
2821 1496 3036 1539 sanctos
3060 1485 3199 1554 ejus.
3229 1483 3330 1537 Per
3353 1492 3602 1544 sanctos,

2021 1581 2306 1637 lsraelitas
2334 1581 2617 1651 intelligit,
2636 1578 2805 1635 veluti
2833 1576 2944 1633 Deo
2966 1577 3346 1634 sanctiﬁcatos
3373 1588 3604 1646 prorsus

2020 1680 2185 1743 atque
2218 1673 2459 1727 oblatos.

389 1758 549 1825 Τοὺς
583 1760 1039 1830 διατιθεμένους
1080 1762 1197 1831 τὴν
1233 1763 1530 1833 διαθήκην
1585 1765 1774 1821 αὐτοῦ
1812 1766 1901 1821 ἐπὶ

2091 1762 2198 1830 Qui
2244 1762 2534 1831 disponunt
2586 1768 2963 1816 testamentum
3012 1757 3127 1826 ejus
3184 1757 3238 1811 iu
3290 1755 3600 1824 sacriﬁciis.

317 1853 583 1918 θυσίαις.
622 1854 766 1915 Τοὺς
805 1854 1148 1920 διοικοῦντας
1207 1859 1304 1911 καὶ
1358 1857 1799 1927 ὲκπληροῦντας,
1834 1860 1908 1924 ὡς

319 1947 544 2011 οἴονται,
574 1944 681 2016 τὴν
704 1948 848 2016 πρὸς
876 1949 1075 2011 αὐτοὺς
1114 1948 1385 2021 διαθήκην
1415 1951 1509 2004 τοῦ
1535 1950 1672 2005 Θ;οὖ
1701 1952 1762 2006 ὲν
1788 1955 1909 2017 ταῖς

318 2037 554 2102 θυσίαις.
588 2040 876 2109 Δεαθήκην
898 2039 957 2095 δὲ
976 2041 1125 2108 λέγει
1185 2041 1279 2096 τὸν
1310 2042 1496 2111 νόμον.
1524 2045 1676 2097 Μόνα
1712 2046 1820 2116 γὰρ
1842 2048 1909 2101 τά

312 2131 422 2184 τῶν
454 2131 665 2186 θυσιῶν
688 2133 1081 2201 φυλάττοντες,
1102 2135 1273 2206 ᾤοντο
1304 2137 1482 2191 πάντα
1508 2138 1673 2207 νόμον
1693 2142 1905 2207 τηρεῖν,

314 2222 414 2274 καί
439 2221 537 2273 ἐπὶ
562 2224 691 2285 ταῖς
725 2222 944 2286 θυσίαις
977 2225 1410 2295 ὲμεγαλαύχουν,
1434 2225 1510 2287 ὡς
1556 2226 1910 2281 θεοσεϐέστα-

324 2328 433 2366 τοι.
457 2313 805 2381 Συναγάγετε
849 2314 907 2369 δὲ
954 2317 1105 2388 αὐτῷ
1145 2318 1406 2381 τούτους,
1457 2320 1516 2371 ὲν
1567 2322 1679 2381 τοῖς
1713 2320 1907 2389 ἀφορι-

332 2402 553 2471 σμένοις
601 2407 716 2469 ταῖς
763 2406 1107 2475 ἀναγνώσεσι
1153 2409 1260 2465 τῶν
1317 2412 1674 2482 προφητικῶν
1731 2412 1906 2483 λόγων

326 2498 556 2564 καιροῖς.

376 2673 488 2726 Kai
517 2673 978 2745 ἀναγγελοῦσιν
999 2681 1054 2733 οι
1082 2680 1329 2749 οὐρανοὶ
1360 2680 1476 2748 τὴν
1505 2682 1905 2755 δικαιοσύνην

304 2766 520 2822 αὑτοῦ.
548 2768 789 2823 Μέλλων
820 2770 1064 2840 εἰσάγειν
1086 2772 1176 2826 τὸν
1201 2772 1333 2826 Θεὸν
1362 2774 1899 2847 δικαιολογούμενον,

306 2860 694 2931 προλαμϐάνει
750 2864 848 2917 καὶ
881 2865 1254 2937 ἀνακηρύττει
1300 2871 1384 2923 ὅτι
1443 2870 1674 2935 δικαίως
1711 2875 1739 2926 ὁ
1768 2872 1903 2939 Θεὸς

304 2950 443 3020 ἐρεῖ.
495 2953 610 3006 Καὶ
646 2953 779 3024 γὰρ,
817 2957 1005 3025 φησὶν,
1039 2957 1182 3011 αὑτά
1209 2959 1277 3014 τὰ
1311 2960 1499 3030 ἄψυχα
1532 2964 1900 3031 ἀναγγελοῦσι

301 3044 403 3112 τὴν
438 3044 802 3117 δικαιοσύνην
843 3048 1035 3104 αὑτοῦ.
1069 3052 1140 3104 Ἦ
1173 3053 1439 3121 οὐρανοὺς
1465 3056 1616 3123 λέγει
1667 3058 1770 3121 τάς
1797 3060 1897 3111 ἐπ-

2019 1853 2123 1923 Qui
2184 1863 2576 1909 testamentum
2616 1852 2708 1908 Dei
2755 1854 2901 1922 quod
2955 1865 3082 1905 cum
3131 1848 3242 1902 illis
3293 1848 3598 1916 disposuit.

2019 1945 2323 2014 adimplcnt
2380 1960 2443 2000 ac
2491 1951 2763 2015 peragunt
2816 1945 2870 1997 in
2920 1940 3234 1997 sacriliciis.
3282 1939 3384 1993 Per
3430 1946 3604 1992 testa-

2019 2045 2267 2092 mentum
2297 2045 2482 2091 autem
2509 2035 2679 2103 legem
2704 2033 2982 2104 intelligit.
3013 2028 3087 2085 Ea
3111 2031 3258 2085 enim
3292 2038 3600 2087 servantes.

2016 2144 2137 2201 quae
2181 2129 2236 2184 in
2272 2130 2391 2198 lege
2436 2127 2792 2183 tradebantur
2817 2122 3233 2185 detsacritieiis,
3279 2122 3594 2175 universam

2016 2239 2076 2279 se
2107 2220 2500 2277 existimabant
2536 2220 2709 2287 legem
2744 2218 3070 2288 adimplere.
3105 2224 3159 2273 et
3187 2216 3240 2270 in
3280 2213 3540 2283 hujnsmo
3564 2214 3598 2266 li

2016 2312 2313 2369 sacrificiis
2340 2311 2501 2382 quasi
2549 2309 2978 2382 religiosissimi,
3018 2322 3372 2378 summopere
3397 2306 3601 2377 gloria-

2012 2406 2237 2461 bantur.
2291 2404 2635 2475 Congregate
2686 2417 2817 2458 vero
2880 2402 2957 2455 illi
3020 2403 3121 2456 hos
3190 2405 3435 2462 sanctos,
3489 2396 3599 2450 illis

2015 2499 2275 2555 nimirum
2325 2497 2541 2560 diebus,
2604 2495 2703 2565 qui
2758 2491 3208 2563 prepheticornm
3274 2501 3594 2545 sermonum

2015 2591 2237 2648 lectioni
2269 2590 2434 2645 dicati
2466 2595 2617 2643 sunt.

2082 2681 2250 2738 Vnus.
2303 2682 2356 2735 ϐ.
2409 2678 2478 2733 Et
2518 2677 2914 2733 annuntiabunt
2960 2675 3077 2731 caeli
3125 2672 3405 2744 justitiam
3455 2669 3594 2739 ejus.

2009 2774 2146 2831 Cum
2191 2772 2608 2828 introducturus
2651 2770 2721 2825 sit
2754 2768 3030 2839 Propheta
3068 2766 3233 2821 Deum
3278 2765 3331 2817 in
3360 2762 3592 2834 judicio,

2011 2872 2360 2935 pra-occupat
2413 2872 2469 2918 et
2504 2861 2774 2932 prasdirit,
2804 2860 2947 2929 quod
2985 2859 3135 2929 juste
3166 2857 3348 2909 omnia
3376 2854 3595 2924 judica-

2008 2961 2107 3015 bit.
2144 2958 2264 3028 Ipsa
2298 2958 2467 3020 enim,
2494 2954 2698 3024 inquit,
2731 2955 3032 3009 inanimata
3071 2952 3218 3006 illius
3274 2948 3441 3003 etiam
3468 2947 3593 3011 jus-

2009 3051 2184 3105 titiam
2210 3047 2636 3103 annuntiabunt.
2658 3045 2753 3100 Vel
2782 3062 2879 3116 per
2902 3044 3093 3108 cwlos,
3122 3043 3381 3097 caelestes
3426 3046 3590 3105 atque

302 3136 572 3206 ωρανίας
596 3138 783 3205 τάξεις
811 3140 925 3195 τῶν
950 3142 1280 3215 ἀσωμάτων,
1308 3144 1404 3200 an
1427 3164 1493 3200 πε
1503 3149 1557 3218 pi.
1577 3149 1710 3202 Θεὸν
1733 3148 1900 3214 οὔσας

2008 3145 2361 3212 incorporeas
2383 3141 2607 3194 ordines
2631 3138 2910 3209 intelligit,
2936 3137 3030 3208 qui
3056 3150 3272 3204 semper
3295 3142 3423 3189 sunt
3448 3129 3591 3201 apud

302 3227 417 3282 ἀεί.

376 3322 515 3376 Ὅτι
545 3325 580 3377 d
605 3323 750 3391 Θεὸς
777 3324 983 3395 κριτής
1008 3327 1204 3383 ἐστιν.
1234 3328 1408 3383 Τοῦτο
1449 3331 1768 3402 κατασκευὴ
1796 3332 1900 3402 τῆς

302 3414 667 3487 δικαιοσύνης
689 3433 704 3447 ⁸
740 3416 878 3472 διότι
931 3419 961 3472 ὀ
1008 3418 1142 3483 Θεὸς
1175 3420 1386 3490 μέλλων
1418 3421 1893 3493 δικαιολογεῖσθαι,

306 3508 537 3561 πάντων
588 3510 789 3580 κριτής
820 3510 958 3577 ἐστι,
993 3514 1086 3565 καὶ
1113 3511 1300 3565 λοιπὸν
1327 3513 1512 3568 δίκαια
1554 3516 1689 3585 ἐρεῖ,
1734 3517 1896 3586 φύσει

299 3598 405 3667 τὴν
431 3598 791 3671 δικαιοσύνην
819 3601 981 3672 ἔχων.

381 3689 707 3755 Ἄκουσον,
743 3694 899 3760 λαός
915 3712 1058 3763 μου,
1090 3695 1189 3749 καὶ
1227 3696 1484 3763 λαλήσω
1517 3714 1639 3752 σοι.
1680 3699 1898 3754 Ἑντεῦ-

300 3781 403 3833 θεν
428 3782 612 3837 αἰτοῦ
648 3783 786 3837 Θεοῦ
822 3785 1034 3853 φωναί*
1100 3788 1383 3842 ἐπιτάττει
1437 3789 1496 3843 δὲ
1555 3790 1743 3853 αὐτοῖς
1789 3793 1898 3861 πρὸ

300 3869 531 3926 πάντων
587 3874 893 3946 προσοχὴν.
937 3876 1238 3933 Ἄκουσον
1269 3878 1398 3947 γὰρ,
1432 3880 1588 3949 φησι,
1622 3881 1892 3951 τουτέστι,

297 3960 580 4034 Πρόσχες.

389 4057 670 4126 Ἰσραὴλ,
718 4059 819 4113 καὶ
848 4059 1320 4131 διαμαρτύρομαί
1363 4080 1486 4119 σοι.
1537 4065 1670 4117 Ἀπὸ
1708 4064 1893 4119 κοινοῦ

296 4148 473 4202 πάλιν
529 4149 872 4221 λαμϐάνεται
918 4152 981 4206 τὸ
1013 4153 1364 4209 Ἄκουσον·
1422 4155 1595 4209 εἰπὼν
1637 4156 1692 4210 δὲ
1742 4156 1890 4223 λαδν,

295 4239 625 4310 προσέθηκε
665 4242 761 4295 καὶ
815 4242 875 4295 τὺ
934 4244 1067 4297 ῐδιον
1117 4245 1211 4298 τοῦ
1266 4246 1421 4311 λαοῦ,
1455 4248 1551 4299 καὶ
1579 4246 1640 4300 τδ
1669 4247 1892 4317 ἥδιστον

294 4330 500 4400 δνομα,
530 4331 617 4383 ὅτι
681 4331 924 4401 Ἰσραήλ
947 4349 959 4362 ·
1000 4333 1479 4406 διαμαρτύρομαι
1509 4352 1608 4390 σοι
1638 4338 1717 4403 δὲ,
1768 4340 1892 4394 ἀντὶ

292 4423 417 4482 τοῦ,
446 4422 899 4494 Διαλεχθήσομαί
932 4442 1038 4483 σοι.

2002 3234 2198 3291 Deum.

2074 3326 2343 3392 Quoniam
2396 3324 2535 3379 Deus
2570 3324 2740 3394 judca:
2779 3332 2879 3379 est.
2915 3322 3041 3377 Hsec
3076 3331 3161 3378 est
3208 3315 3590 3388 comprobatio

2000 3419 2198 3475 divina:
2260 3417 2512 3488 iustitiae.
2560 3414 2699 3482 Quia
2758 3415 2903 3471 Detts
2933 3415 3027 3484 qui
3066 3412 3589 3485 justejudicaturus

2000 3510 2287 3582 est,judex
2318 3511 2447 3565 erit.
2485 3508 2579 3565 Ille
2602 3510 2746 3565 enim
2773 3509 2922 3578 juste
2942 3507 3234 3578 judicabit,
3259 3505 3354 3575 qui
3389 3512 3584 3557 natura

1999 3603 2117 3676 ipsa
2138 3605 2326 3673 justus
2353 3612 2459 3660 est.
3463 3606 3470 3613 '

2070 3698 2241 3756 Vsus.
2271 3698 2303 3753 7
2335 3697 2499 3761 Audi,
2520 3695 2708 3768 popute
2738 3711 2905 3757 meus.
2931 3702 2980 3748 et
3008 3693 3197 3763 loquar
3221 3691 3340 3745 tibi.
3373 3690 3447 3743 Es
3482 3689 3586 3742 hoc

1999 3791 2122 3848 loco
2150 3792 2314 3846 verba
2350 3791 2440 3845 llei
2494 3790 2784 3860 incipiunt.
2812 3785 2980 3842 Jubet
3021 3797 3204 3840 autem
3234 3791 3362 3838 ante
3399 3780 3584 3836 omnia

1998 3883 2361 3940 attentionem
2396 3897 2493 3937 eos
2527 3890 2809 3950 pra‘stare.
2853 3878 2997 3932 Audi
3026 3878 3195 3941 enini,
3241 3875 3445 3945 inquit,
3479 3875 3584 3929 hoc

1998 3980 2101 4037 est,
2136 3980 2373 4027 mentem
2403 3971 2625 4025 adhibe.

2070 4062 2266 4128 Israel,
2299 4072 2349 4116 et
2397 4063 2692 4117 attestabor
2724 4061 2841 4117 tibi.
2888 4062 2927 4114 Α
2974 4060 3252 4115 connunni
3286 4074 3451 4113 sensu
3485 4072 3580 4112 su-

1996 4154 2257 4209 mendum
2311 4161 2396 4208 est
2449 4152 2677 4207 verbum
2730 4169 2744 4206 :
2789 4152 2956 4205 Audi.
3016 4152 3079 4204 Et
3131 4166 3256 4204 cum
3315 4153 3576 4219 populum

1995 4248 2249 4313 dixisset,
2300 4245 2585 4315 proprium
2620 4260 2683 4299 ac
2721 4243 3194 4313 jucundissinmm
3235 4255 3340 4295 una
3372 4255 3573 4294 nomen

1995 4339 2206 4394 addidit
2236 4355 2250 4391 :
2290 4336 2335 4392 0
2369 4334 2564 4401 Israel,
2607 4337 2810 4407 inquit,
2845 4332 3141 4388 attestabor
3172 4332 3293 4398 tibi,
3324 4331 3428 4385 hoc
3465 4339 3571 4395 est,

1996 4434 2191 4502 loquar
2225 4430 2293 4485 ad
2327 4438 2400 4484 te.

376 4517 447 4569 '0
463 4488 684 4581 Θεέςῑό
702 4488 846 4583 δεδς
863 4518 978 4571 σού
992 4519 1113 4587 ειμι
1128 4518 1261 4586 ἐγώ.
1299 4519 1441 4587 Ἐγὼ
1461 4523 1489 4573 ὁ
1505 4521 1888 4593 διαλεγόμενός

2065 4488 2229 4587 heus,
2265 4520 2401 4574 Deus
2436 4529 2556 4575 tuus
2586 4537 2681 4591 ego
2714 4536 2856 4575 sum.
2896 4518 3009 4590 Ego
3044 4518 3137 4588 qni
3172 4517 3363 4588 loquor
3400 4515 3463 4569 ad
3497 4524 3571 4576 te,

302 4626 412 4674 σοι,
455 4608 490 4659 ὁ
516 4607 653 4670 Θεός
691 4607 787 4661 σού
840 4609 960 4679 εἰμι
985 4626 998 4640 ·
1050 4612 1278 4680 φρίξον·
1315 4612 1474 4666 τοῦτο
1504 4614 1560 4668 δέ
1590 4633 1759 4683 φησι,
1795 4617 1891 4670 καὶ

298 4701 438 4772 πρὸς
476 4700 706 4766 ἔνδειξιν
734 4701 835 4771 τῆς
867 4702 1112 4772 ἀρρήτου
1147 4703 1535 4774 μακροθυμίας
1558 4748 1573 4772 ,
1602 4707 1677 4770 ὼς
1704 4709 1889 4762 διαλέ-

302 4794 495 4859 γεσθαι
540 4796 660 4857 τοῖς
711 4792 922 4857 δούλοις
976 4794 1165 4849 αὑτοῦ.
1211 4795 1593 4851 Ἐδιπλασίασε
1642 4799 1814 4857 δὲτὸ.
1856 4804 1890 4855 ό

313 4886 476 4951 Θεὸς,
498 4887 583 4950 εις
606 4885 911 4956 διασυρμὸν
936 4885 1036 4956 τῆς
1058 4886 1422 4958 ἀναισθησίας
1450 4890 1546 4943 καὶ
1573 4892 1889 4962 παχύτητος

304 4976 416 5031 τῶν
450 4978 632 5033 ἀκοῶν
671 4979 878 5032 αὐτῶν.

365 5157 496 5211 οὐκ
544 5156 645 5209 ἐπὶ
697 5155 830 5223 ταῖς
874 5156 1115 5222 θυσίαις
1142 5170 1261 5214 σου
1302 5159 1531 5230 ἐλέγξω
1585 5178 1680 5225 σε,
1720 5165 1792 5217 τὰ
1817 5164 1887 5218 δὲ

287 5248 771 5317 ὁλοκαυτώματιί
787 5266 906 5305 σου
943 5250 1205 5305 ἐνωπιόν
1221 5270 1341 5321 μου
1375 5253 1507 5308 ἐστὶ
1534 5253 1884 5322 διαπαντός.

287 5344 368 5396 Uis
402 5343 497 5395 τὸν
528 5341 801 5411 παρόντα,
853 5343 1042 5409 φησιν,
1095 5342 1320 5413 ἔλεγχον
1382 5347 1763 5417 ἐνεστησάμην
1796 5350 1888 5416 ἐγ-

287 5434 478 5489 καλῶν
540 5452 623 5488 σοι
676 5434 805 5505 περὶ
845 5433 1070 5499 θυσιῶν,
1127 5437 1221 5489 καὶ
1251 5438 1682 5506 ἀμελουμένων·
1710 5439 1883 5509 οὔμε-

285 5543 418 5578 νουν
439 5543 454 5558 ⁸
494 5526 595 5579 καὶ
622 5524 732 5596 γὰρ
765 5526 835 5578 τὰ
867 5526 1303 5596 ὁλοκαυτώματα
1353 5545 1448 5582 σου
1493 5529 1786 5596 διαπαντὸς
1821 5535 1881 5586 ὲν

285 5619 367 5689 τῷ
412 5617 589 5688 βωμῷ
634 5618 732 5670 τοῦ
777 5617 908 5670 ναοῦ
944 5618 1047 5687 μού
1098 5614 1204 5671 εισι
1231 5638 1243 5650 ·
1300 5622 1395 5675 καὶ
1432 5622 1556 5689 τόγε
1613 5625 1707 5675 ἐπὶ
1758 5627 1881 5689 ταῖς

1412 5714 1454 5736 ι’.
1470 5714 1487 5736 “.
1503 5716 1515 5736 ν

290 5818 433 5871 κατη
470 5801 603 5874 ορῶ.

1993 4629 2114 4667 sum
2150 4612 2291 4667 Deus
2318 4622 2469 4668 tuus.
2503 4613 2867 4668 Perhorresce
2904 4612 3091 4683 igitur.
3129 4608 3243 4665 Hoc
3279 4617 3460 4664 autem
3486 4606 3571 4660 di-

1993 4707 2066 4761 cit
2129 4707 2196 4760 ad
2245 4707 2573 4760 immensam
2623 4706 3094 4776 longanimitatem
3141 4719 3298 4759 suam
3344 4703 3575 4757 demou-

1994 4797 2302 4859 strandam.
2331 4796 2524 4860 veluti,
2571 4797 2664 4866 qui
2711 4812 2835 4852 cum
2888 4796 3126 4867 propriis
3179 4796 3344 4849 etiam
3400 4795 3573 4849 servis

1990 4888 2267 4958 loquatur.
2310 4888 2393 4943 Ad
2446 4887 2709 4957 majorem
2770 4898 3032 4958 praeterea
3082 4889 3565 4958 exprobrationem

1987 4982 2369 5038 crassitnd-nis
2431 4990 2597 5051 atque
2654 4982 3098 5039 inscnsibilitatis
3130 4996 3320 5036 eorum
3353 4980 3572 5049 repetiit

1987 5089 2187 5128 nomen
2218 5074 2332 5128 Dei.

2063 5164 2229 5222 Vsus.
2256 5168 2289 5222 8
2349 5164 2469 5221 Non
2507 5168 2560 5221 in
2588 5167 2873 5235 sacriﬁciis
2898 5182 3119 5237 arguam
3140 5174 3189 5217 te
3219 5179 3236 5216 :
3262 5162 3572 5218 holocausta

1993 5270 2172 5314 autem
2196 5270 2289 5329 tua
2323 5262 2374 5314 in
2399 5271 2681 5327 conspectu
2720 5278 2830 5315 meo
2859 5270 2983 5314 sunt
3008 5272 3231 5325 seutper.
3264 5254 3380 5309 Non
3406 5255 3567 5313 hanc.

1993 5351 2196 5421 inquit,
2258 5340 2699 5422 redargutionem
2768 5351 3027 5406 constitui
3073 5361 3131 5401 ut
3165 5362 3481 5402 accusarem
3516 5353 3567 5397 te

1990 5442 2060 5498 de
2094 5443 2361 5513 neglectis
2393 5444 2707 5499 sacriﬁciis.
2743 5442 2880 5497 Nam
2934 5440 3257 5495 holocausta
3292 5445 3385 5490 tua
3417 5451 3560 5490 sem~

1992 5550 2090 5606 per
2121 5536 2335 5592 suntin
2357 5536 2520 5591 altari
2555 5550 2699 5591 meo.
2760 5534 2827 5588 Et
2858 5542 3125 5602 quantum
3163 5534 3230 5584 ad
3292 5527 3564 5585 sacrificia

1994 5629 2250 5697 pertinet,
2287 5628 2451 5698 culpa
2480 5642 2670 5695 cares;
2704 5641 2892 5684 verum
2928 5626 3036 5681 alia
3081 5632 3209 5680 sunt
3268 5620 3571 5693 inquibus

1994 5726 2044 5775 te
2065 5732 2342 5775 accusem.
