4120 6490
531 405 595 474 13
1716 413 2104 476 EUTIIYMII
2148 414 2509 474 ZIGABENI

3633 413 3748 479 514

542 522 712 579 Vens.
737 524 789 598 9.
812 502 945 581 Non“
965 527 1221 597 accipiam
1253 529 1316 583 de
1347 527 1503 583 domo
1538 537 1629 584 tua
1657 529 1875 593 vitulos,
1897 543 2060 598 neque

2239 531 2321 582 Οὐ
2352 528 2599 596 δέξομαι
2645 529 2713 582 ἐκ
2766 529 2874 583 τοῦ
2928 529 3101 584 οἴκου
3135 542 3253 582 σου
3272 528 3569 595 μόσχους,
3599 528 3754 582 οὐδὲ

472 614 539 669 de
559 602 803 687 gregibus
831 617 935 671 tuis
951 617 1151 672 hircos.
1176 616 1257 674 Ne
1285 619 1598 685 existimes,
1628 620 2058 690 inquit,gratum

473 706 609 761 mihi
643 708 853 763 cultum
883 710 1223 779 impendere,
1257 718 1354 765 aut
1389 711 1523 766 mihi
1573 713 1870 776 mservire,
1924 712 2057 767 dum

474 798 726 853 studiose
754 798 1060 856 sacriﬁcas.
1098 798 1287 871 Neque
1321 800 1466 856 enim
1500 801 1722 874 indigeo
1747 803 2057 863 sacriﬁciis.

473 905 599 943 cum
628 889 776 945 nulla
835 904 897 945 re
956 891 1234 959 deﬁciam,
1298 896 1549 963 quinimo
1606 906 1661 951 et
1718 897 1900 950 omnia
1960 911 2063 967 ego

473 982 639 1037 etiam
667 982 902 1054 singulis
931 986 1230 1056 praebeam.
1281 985 1555 1053 Quocirca
1605 989 1752 1043 nulla
1791 989 1843 1042 in
1879 999 2064 1058 postc-

474 1090 597 1128 rum
625 1075 953 1145 huiusmodi
981 1079 1279 1149 suscipiam
1346 1081 1643 1136 sacriﬁcia.
1692 1081 1840 1135 Alibi
1895 1083 2058 1135 etiam

474 1166 730 1220 acerbius
756 1183 857 1236 per
893 1168 1090 1223 Isaiam
1126 1170 1348 1226 eosdem
1393 1173 1595 1242 carpit,
1654 1174 1886 1231 dicens:
1922 1174 2064 1238 Quid

474 1256 609 1311 mihi
638 1258 928 1313 multitudo
944 1261 1341 1331 sacriﬁciorum
1366 1274 1656 1319 vestrorum
1687 1268 1713 1322 ?
1744 1266 1929 1335 plenus
1947 1285 2065 1320 sum

474 1347 810 1404 holocaustis
839 1351 1070 1406 arietum
1110 1370 1129 1408 :
1166 1354 1375 1423 adipem
1403 1373 1685 1426 agnorum,
1748 1367 1797 1412 et
1843 1360 2064 1430 sangui-

476 1455 591 1492 nem
642 1448 918 1496 taurorum
947 1453 1105 1514 atque
1137 1447 1409 1499 hircorum
1443 1464 1549 1501 non
1584 1449 1720 1503 volo.
1759 1449 1890 1514 Quis
1924 1451 2065 1504 enim

473 1534 752 1602 exquisivit
789 1534 899 1588 hinc
947 1536 1012 1590 de
1067 1538 1309 1592 manibus
1372 1540 1558 1595 vestris
1577 1541 1625 1573 “
1653 1543 1679 1595 ἔ)
1713 1543 1914 1597 lterum
1969 1558 2068 1613 per

474 1618 791 1688 Jeremiam,
821 1624 1014 1680 dicens
1048 1627 1246 1694 {Quid
1293 1629 1424 1682 milii
1467 1633 1586 1685 thus
1642 1633 1746 1702 fers
1792 1634 1855 1688 de
1921 1631 2068 1689 Saba

472 1723 523 1767 et
539 1716 936 1772 cinnamomum
990 1717 1055 1774 de
1088 1728 1232 1773 terra
1266 1720 1556 1791 longinqua
1594 1725 1644 1757 ”
1673 1726 1697 1779 ’ί
1736 1725 1801 1780 Et
1821 1741 2015 1783 rursus
2048 1743 2065 1782 :

475 1801 599 1860 Non
636 1808 841 1864 locutus
873 1826 990 1865 sum
1021 1810 1092 1864 ad
1117 1822 1300 1882 patres
1328 1823 1523 1869 vestros
1555 1816 1620 1869 de
1667 1818 1977 1887 sacriﬁciis.
2019 1833 2067 1873 et

470 1898 541 1955 de
575 1900 900 1960 holocaustis
931 1921 1035 1959 non
1065 1908 1319 1962 mandavi
1343 1908 1494 1963 eis".
1524 1910 1589 1964 Et
1618 1910 1723 1964 alia
1752 1912 2069 1982 lmjusmodi

474 1993 648 2049 multa
689 1996 946 2069 plerique
976 2000 1371 2070 prophetarum
1403 2005 1648 2059 tradunt.
1683 2002 1840 2070 Quod
1864 2006 1910 2060 si
1940 2007 2066 2074 quis

473 2101 503 2138 a
533 2083 645 2142 Deo
677 2086 829 2142 dicat
879 2104 978 2161 per
1007 2089 1233 2161 Moysen
1269 2091 1322 2147 in
1358 2092 1475 2165 lege
1511 2096 1713 2151 tradita
1736 2096 2071 2153 luissemau-

479 2178 605 2234 data
642 2180 707 2236 de
730 2182 1044 2248 sacriﬁciis,
1079 2183 1212 2239 illud
1239 2185 1305 2238 ad
1341 2185 1481 2241 hanc
1528 2187 1900 2255 objectionem
1960 2189 2066 2245 dici

479 2271 687 2339 poterit
719 2290 734 2327 :
768 2274 916 2341 quod
951 2276 1354 2331 sacriﬁciorum
1387 2279 1492 2344 lex,
1523 2295 1630 2335 non
1664 2281 2067 2350 principaliter,

473 2377 654 2433 neque
678 2379 745 2419 ex
770 2366 948 2435 primo
974 2368 1261 2436 preposito
1282 2368 1481 2424 tradita
1498 2377 1583 2424 est
1617 2380 1843 2441 propter
1871 2371 2064 2437 Deum,

473 2469 538 2509 ea
564 2456 799 2523 ratione,
834 2458 975 2528 quod
1006 2458 1321 2530 huiusmodi
1355 2461 1629 2517 sacriﬁcia
1652 2462 1732 2516 illi
1759 2464 2066 2531 placerent.

473 2545 662 2617 Neque
692 2549 837 2604 enim
877 2551 964 2606 his
1004 2554 1171 2608 rebus
1197 2552 1480 2620 indigebat
1527 2550 1643 2607 aut'
1685 2554 2071 2610 delectabatur

477 2637 623 2694 Deus
654 2640 790 2695 :sed
832 2642 1087 2698 humanae
1112 2644 1616 2701 duritimmisertus
1672 2645 1848 2717 legem
1914 2648 2067 2701 illam

480 2732 756 2787 tradidit:
797 2735 1161 2792 considerans
1198 2739 1345 2793 enim
1408 2737 1668 2795 Hebraeos
1716 2741 1768 2792 in
1831 2739 2071 2810 Egypto

469 2821 584 2889 jam
615 2823 881 2882 didicisse
920 2827 996 2882 uti
1028 2829 1345 2896 sacriﬁciis,
1382 2840 1434 2884 et
1472 2831 1706 2885 libenter
1743 2831 1795 2884 in
1835 2832 1919 2885 eis
1946 2848 2069 2886 ver-

475 2915 612 2980 sari,
647 2931 746 2971 nec
809 2933 969 2987 posse
1025 2918 1289 2990 perfacile
1330 2923 1401 2976 ab
1471 2921 1557 2975 his
1620 2922 1806 2986 avelli,
1853 2938 2069 2978 summa

478 3005 898 3075 dispensatione
924 3026 989 3066 ea
1016 3012 1082 3066 ad
1119 3021 1336 3083 tempus
1363 3014 1659 3081 concessit,
1688 3014 1821 3069 illud
1847 3015 2066 3071 interim

477 3098 861 3167 lucrifaciens,
922 3103 1069 3171 quod
1103 3104 1169 3159 ad
1221 3106 1305 3159 sui
1343 3106 1554 3160 cultum
1591 3119 1654 3160 ea
1719 3105 2064 3171 transferret,

2161 622 2230 675 ἐκ
2262 621 2383 675 τῶν
2408 625 2701 691 ποιμνίων
2728 637 2847 678 σου
2880 622 3223 693 χειμάρους.
3252 620 3409 674 Θύων
3440 620 3753 689 ἐπιμελῶς,

2168 712 2244 783 μὴ
2275 714 2385 767 οἵου
2441 731 2509 784 με
2563 713 2892 785 θεραπεύειν
2929 714 2989 768 ἐν
3033 713 3210 783 τούτῳ
3234 728 3249 742 ’
3308 712 3371 765 οὐ
3407 712 3597 781 δέομαι
3628 713 3752 781 γὰρ

2166 805 2390 869 θυσιῶν,
2419 805 2677 874 ἀνενδεὴς
2709 804 2930 858 πάντων
2963 801 3038 856 ὢν
3060 819 3075 835 ο
3112 802 3207 857 καὶ
3252 801 3473 856 πάντων
3505 802 3755 871 μάλιστα.

2166 898 2298 949 πᾶσι
2350 897 2621 966 χορηγός·
2660 894 2784 949 ὅθεν
2830 895 2923 949 τοῦ
2970 894 3163 949 λοιποῦ
3238 895 3300 947 οὐ
3361 893 3587 964 δέξομαι
3646 893 3758 956 τὰς

2164 983 2425 1048 τοιαύτας
2457 983 2667 1048 θυσίας.
2727 984 3106 1054 Εὺτονώτερον
3139 983 3197 1037 δὲ
3227 982 3571 1037 καθάπτεται
3617 983 3759 1036 τού-

2166 1093 2297 1140 των,
2366 1077 2454 1129 διὰ
2487 1077 2710 1130 Ἡσαΐου
2744 1076 2953 1146 λέγων’
2986 1077 3049 1131 Tt
3083 1092 3183 1143 μοι
3229 1074 3467 1141 πλῆθος
3496 1075 3618 1129 τῶν
3647 1078 3761 1129 θυ-

2168 1169 2320 1222 σιῶν
2340 1168 2541 1239 ὺμῶν;
2568 1169 2809 1238 πλήρης
2837 1170 2959 1237 εὶμί
2976 1185 2990 1198 ·
3029 1166 3497 1235 ὁλοκαυτώματα
3541 1167 3756 1236 κριῶν.

2170 1260 2267 1312 καὶ
2293 1260 2477 1329 στέαρ
2506 1260 2712 1330 αἰγῶν,
2738 1261 2839 1315 καὶ
2864 1255 3007 1328 αἷμα
3030 1261 3259 1328 ταύρων
3284 1258 3382 1312 καὶ
3416 1258 3650 1327 τράγων
3677 1260 3759 1311 οὐ

2163 1356 2491 1425 βούλομαι.
2549 1356 2647 1420 Τίς
2671 1356 2783 1423 γὰρ
2813 1353 3106 1420 ἐζήτησεν
3156 1351 3348 1407 ταῦτα
3380 1352 3449 1405 ἐκ
3478 1348 3598 1403 τῶν
3627 1367 3759 1419 χει-

2162 1447 2289 1515 ρῶν
2327 1446 2543 1517 ὑμῶν;
2613 1447 2708 1500 καὶ
2747 1446 3020 1516 Ἱερεμίας
3075 1445 3133 1498 δέ
3178 1460 3383 1515 φησιν·
3429 1443 3616 1499 Ἰνατί
3649 1462 3760 1513 μοι

2169 1541 2421 1594 λίϐανον
2453 1540 2523 1593 ἐκ
2551 1538 2711 1593 Σαόᾶ
2743 1539 2979 1608 φέρεις,
3024 1536 3123 1591 καί
3158 1535 3503 1605 κινάμωμον
3533 1534 3604 1589 ἐκ
3638 1534 3763 1604 γῆς

2165 1631 2508 1700 μακρόθενς
2570 1635 2666 1682 καὶ
2702 1629 2901 1682 πάλιν
2949 1631 3073 1683 Οὐκ
3099 1626 3383 1694 ἐλάλησα
3418 1629 3572 1695 πρὸς
3611 1626 3763 1692 τοὺς

2173 1724 2433 1790 πατέρας
2462 1720 2632 1791 ὑμῶν
2654 1721 2784 1789 περὶ
2818 1720 3068 1782 θυσιῶν,
3108 1719 3209 1774 καί
3242 1719 3377 1788 περὶ
3412 1722 3764 1773 ὁλοκαυτω-

2100 1858 2144 1916 Β
2167 1816 2373 1885 μάτων
2401 1818 2514 1869 οὐκ
2544 1815 2941 1884 ἐνετειλάμην
2978 1813 3186 1879 αὐτοῖς
3205 1831 3216 1844 ·
3238 1815 3334 1867 καὶ
3364 1813 3499 1868 ἄλλα
3528 1813 3763 1866 τοιαῦτα

2171 1910 2404 1978 διάφορα
2452 1908 2732 1979 προφῆταί
2772 1924 2929 1978 φασι.
2967 1907 3079 1961 Καὶ
3125 1908 3232 1978 μὴν
3262 1907 3435 1960 πολλὰ
3487 1908 3619 1977 περὶ
3659 1907 3763 1959 θυι-

2173 2001 2306 2053 σιῶν
2337 2000 2426 2054 διὰ
2459 2000 2707 2064 Μωσέως
2736 2000 3155 2071 ἐνομοθέτησεν.
3189 2000 3349 2053 Ἐστι
3383 1998 3441 2052 δὲ
3471 1998 3625 2062 λύσις
3655 1999 3760 2061 τῆς

2170 2091 2439 2162 δοκούσης
2495 2092 2895 2162 ἐναντιότητος,
2948 2091 3033 2144 ὅτι
3079 2091 3153 2143 Οὐ
3208 2089 3637 2160 προηγουμένως
3682 2089 3760 2140 δι“

2171 2182 2367 2234 ἑαυτὸν
2397 2181 2770 2250 ἐνομοθέτησα
2800 2180 2932 2251 περὶ
2960 2180 3167 2234 θυσιῶν
3188 2196 3202 2210 ο
3264 2180 3338 2250 μὴ
3373 2180 3484 2249 γαρ
3514 2179 3752 2249 ἔχρῃζον

2170 2268 2411 2333 τούτων,
2450 2268 2586 2323 ἀλλὰ
2619 2269 3114 2337 συγκαταϐατικῶς
3144 2269 3234 2323 διὰ
3266 2270 3366 2340 τὴν
3394 2270 3544 2339 ὑμῶν
3583 2271 3758 2339 σκλη-

2175 2362 2398 2431 ρίτητασ
2430 2359 2597 2425 Εἰδὼς
2633 2362 2745 2431 γὰρ
2769 2362 2915 2432 ὑμᾶς
2945 2360 3095 2427 ἅπαξ
3128 2373 3185 2415 εν
3209 2360 3475 2432 Αἰγύπτῳ
3508 2361 3767 2432 μεμαθη-

2172 2454 2337 2517 κότας
2364 2453 2536 2516 θύειν,
2570 2454 2662 2506 καὶ
2699 2453 2872 2525 ήδέως
2903 2452 3043 2522 πρὸς
3090 2452 3250 2506 τοῦτο
3276 2452 3374 2506 καὶ
3404 2452 3771 2506 δυσαποσπά-

2174 2564 2317 2609 στως
2352 2545 2598 2615 ἔχοντας,
2638 2544 2998 2618 συνεχώρησα
3029 2544 3192 2599 τοῦτο
3241 2545 3367 2599 κατ’
3410 2545 3762 2615 οἰκονομίαν,

2176 2638 2532 2708 μεταστήσας
2584 2637 2684 2700 τὰς
2727 2637 2925 2701 θυσίας
2975 2638 3057 2701 είς
3107 2637 3371 2709 ἐμαυτὸν,
3404 2636 3494 2690 ἵνα
3523 2640 3590 2707 τῇ
3633 2654 3758 2691 συν-

2171 2730 2327 2801 εχείᾳ
2361 2730 2570 2782 τούτων
2610 2730 2992 2800 μνημονεύητέ
3042 2747 3165 2801 μου,
3211 2730 3308 2784 καὶ
3341 2732 3374 2801 ἡ
3410 2730 3520 2785 τῶν
3553 2731 3763 2784 θυσιῶν

2170 2823 2338 2893 ἡδονὴ
2392 2820 2603 2893 φυλάξῃ
2659 2824 2722 2876 τὸ
2790 2824 2928 2896 πρὸς
2976 2824 3078 2895 ἐμὲ
3131 2823 3298 2888 σέϐας
3341 2827 3400 2878 ὲν
3445 2823 3768 2895 ἀνθρώποις

2171 2914 2515 2985 ἀχαρίστοις,
2546 2916 2642 2967 καὶ
2663 2915 2796 2986 ῥᾷον
2825 2916 3370 2987 ἐπιλανθανομένοις.
3430 2917 3549 2970 Νῦν
3579 2916 3637 2971 δὲ
3668 2917 3766 2970 τοῦ

2175 3005 2390 3076 μακροῦ
2428 3006 2665 3074 χρόνουμ
2708 3005 2806 3060 καὶ
2865 3007 2975 3062 τῶν
3033 3007 3311 3062 τοσούτων
3341 3008 3605 3063 ἑκάστοτε
3667 3026 3769 3078 ση-

2174 3100 2345 3169 μείων
2379 3100 2799 3170 βεϐαιωσάντων
2828 3101 2998 3170 ὑμᾶς,
3028 3101 3107 3155 ὅτι
3129 3099 3242 3169 ἐγώ
3269 3102 3389 3170 είμι
3411 3102 3546 3163 Θεὸς
3577 3102 3763 3171 μόνος.

474 3191 736 3261 quodque
764 3193 845 3248 illi
872 3196 955 3250 sui
989 3195 1589 3266 smpiusmeminissent
1622 3196 1751 3252 dum
1791 3196 2051 3267 frequen-

2169 3192 2455 3261 ὶπογυμνῶ
2509 3192 2609 3261 τὴν
2667 3192 2807 3263 ἐμὴν
2841 3190 3089 3262 γνώμην,
3126 3193 3220 3245 καὶ
3273 3192 3575 3263 διαρρήδην
3621 3193 3765 3244 ἀπα-

474 3285 711 3341 tioribus
770 3289 1064 3344 sacrificiis
1099 3290 1450 3345 interessent.
1497 3290 1736 3344 Noverat
1768 3293 1914 3346 enim
1956 3295 2062 3346 hoc

477 3386 643 3445 pacto
679 3377 1062 3438 intercedente
1113 3383 1293 3451 aliqua
1357 3382 1748 3446 oblectatione,
1806 3385 2061 3453 pietatem

475 3481 540 3522 ac
579 3468 902 3539 religionem
932 3471 985 3525 in
1013 3471 1205 3535 Deuin,
1237 3474 1291 3526 in
1332 3480 1442 3527 tam
1474 3474 1705 3535 ingratis
1732 3483 1899 3543 atque
1923 3474 2065 3528 obli-

475 3557 650 3612 viosis
689 3559 893 3613 animis
931 3558 1145 3615 diutius
1181 3575 1344 3629 posse
1387 3562 1708 3617 conservari
1775 3578 1789 3614 :
1826 3571 1881 3615 at
1918 3578 2067 3618 mune

2171 3285 2388 3358 γορεύω
2420 3284 2521 3347 τὰς
2578 3284 2769 3347 θυσίας
2798 3324 2812 3344 .
2848 3283 2924 3347 ὡς
2969 3284 3282 3356 ἀχρήστους
3333 3285 3430 3338 καὶ
3477 3284 3758 3353 περιττάς.

2175 3378 2635 3449 Δίσχυνὲσθωσαν
2681 3379 2730 3430 οἱ
2796 3378 3086 3443 Ἰουδαῖοι,
3160 3378 3605 3450 παρατρέχοντες
3659 3375 3762 3446 τὴν

2174 3473 2458 3544 ἀλήθειαν,
2499 3472 2595 3523 καὶ
2634 3470 2863 3541 μύοντες
2889 3471 3025 3543 πρὸς
3061 3470 3120 3524 τὸ
3144 3473 3200 3526 ὲν
3230 3474 3344 3535 τοῖς
3374 3472 3583 3542 ῥήμασι
3604 3467 3766 3521 τοῦτο

2178 3563 2319 3632 φῶς.

474 3632 696 3715 quando
754 3656 866 3702 tam
919 3648 1183 3704 diuturno
1254 3659 1500 3720 tempore
1571 3667 1636 3705 ac
1696 3652 1863 3708 tantis
1902 3654 2074 3723 signis
2112 3655 2317 3724 ubique
2352 3655 2598 3726 gentium
2632 3655 2794 3711 iactis
2830 3655 3084 3711 homines
3110 3655 3223 3726 jam
3256 3656 3310 3709 in
3378 3656 3480 3710 hoc
3557 3657 3770 3710 contir-

477 3740 608 3816 mati
644 3749 794 3804 sunt,
840 3741 987 3810 quod
1035 3757 1175 3797 unus
1268 3753 1352 3798 est
1404 3759 1569 3799 verus
1627 3743 1807 3806 .Deus,
1862 3744 2109 3800 deumlat
2183 3748 2368 3817 palam
2410 3750 2502 3804 ille
2533 3758 2698 3820 atque
2722 3752 2901 3821 aperit
2930 3750 3091 3806 nobis
3134 3767 3231 3820 per
3273 3750 3596 3820 Prophetam
3644 3770 3775 3807 sen-

478 3834 701 3888 tentiam
738 3849 919 3902 suam,
975 3836 1374 3892 sacrilieiorum
1419 3837 1850 3908 superﬂuitatem
1893 3840 2039 3894 clare
2115 3842 2367 3896 ouinibus
2431 3845 2784 3901 annuntians.
2845 3844 3272 3900 Confundantur
3330 3845 3499 3914 igitur
3566 3843 3770 3902 Judaei.

477 3927 574 3996 qui
674 3927 958 3983 veritatem
1016 3938 1358 3998 pervertunt,
1438 3939 1492 3987 et
1576 3930 1779 3996 lucem,
1846 3947 1968 4002 quae
2048 3933 2101 3986 in
2170 3934 2467 4008 Scriptum
2514 3939 2701 3996 verbis
2761 3938 2929 4006 jacet,
2992 3939 3261 4010 obtegunt
3319 3949 3484 4008 atque
3536 3941 3772 3995 abtcon-

478 4019 642 4076 dunt.

548 4108 713 4166 Vens.
742 4113 830 4170 i0.
864 4113 1130 4181 Quoniam
1167 4131 1295 4171 mete
1341 4128 1462 4172 sunt
1518 4133 1695 4172 omnes
1749 4118 1873 4184 fera:
1934 4119 2075 4188 agri,

477 4220 669 4274 pecora
702 4206 756 4259 in
812 4208 1078 4262 montibus
1107 4218 1155 4263 et
1184 4210 1358 4264 boves.
1396 4211 1495 4277 Ea,
1548 4212 1753 4280 inquit,
1784 4212 2063 4269 sacriﬁcia

485 4312 592 4350 non
628 4299 954 4368 suscipiam,
987 4302 1249 4370 quoniam
1281 4312 1465 4357 creata
1515 4302 1699 4358 omnia
1742 4318 1861 4357 mea
1923 4313 2073 4359 sunt.

477 4387 584 4441 Per
616 4387 759 4443 feras
787 4399 971 4445 autem
1009 4393 1124 4462 agri
1193 4394 1397 4447 munda
1461 4394 1720 4464 intelligit
1757 4396 2075 4465 quadrupes

480 4480 594 4546 dia,
630 4499 755 4551 qua:
777 4483 831 4537 in
864 4487 1011 4556 agris
1045 4494 1374 4553 pascuntur.
1427 4486 1579 4540 Solet
1607 4487 1753 4541 enim
1786 4487 2074 4558 Scriptura

2253 4117 2380 4170 Ὅτι
2443 4114 2554 4184 ἐμά
2598 4116 2732 4168 ἐστι
2785 4117 2982 4169 πάντα
3031 4112 3104 4168 τὰ
3146 4115 3322 4181 θηρία
3384 4113 3490 4167 τοῦ
3556 4112 3767 4182 ἀγροῦ.

2175 4210 2368 4277 κτήνη
2418 4212 2489 4262 ἐν
2527 4207 2649 4274 τοῖς
2692 4206 2900 4275 ὄρεσι,
2935 4206 3034 4261 καὶ
3065 4207 3233 4272 βόες.
3260 4207 3384 4258 Ὅτι
3424 4208 3485 4259 οὐ
3515 4206 3767 4274 δέξομαι,

2175 4304 2331 4374 φησὶ,
2367 4303 2432 4357 τὰ
2466 4301 2739 4373 ρηθέντα,
2795 4301 2877 4354 ὅτι
2926 4299 3036 4368 ἐμά
3084 4302 3201 4351 ἐστι
3235 4300 3434 4353 πάντα.
3485 4299 3663 4368 Θηρία
3714 4300 3771 4351 δὲ

2173 4394 2346 4465 ἀγροῦ
2405 4394 2554 4461 λέγει
2613 4391 2682 4445 τὰ
2714 4395 2773 4446 ὲν
2818 4392 2932 4455 τοῖς
2971 4392 3161 4459 ἀγροῖς
3214 4389 3492 4458 νεμόμενα
3547 4389 3763 4458 καθαρὰ

2171 4485 2520 4556 τετράποδα·
2570 4484 2632 4536 τὸ
2667 4483 2777 4553 γὰρ
2822 4482 2932 4537 τῶν
2973 4481 3179 4552 θηρίων
3224 4481 3419 4551 ὄνομα,
3470 4482 3603 4533 ποτὲ
3665 4482 3768 4550 μὲν

483 4588 592 4628 non
624 4572 857 4626 immitia
911 4583 1121 4627 tantum
1184 4590 1249 4628 ac
1300 4575 1575 4630 silvestria
1634 4576 1915 4644 animalia,
1979 4578 2070 4633 sed

2180 4580 2273 4632 ἐπὶ
2297 4576 2409 4630 τῶν
2437 4573 2646 4646 ἀγρίων
2671 4615 2684 4639 ,
2744 4573 2877 4626 ποτὲ
2932 4572 2990 4626 δὲ
3027 4574 3120 4626 ἐπὶ
3157 4572 3266 4625 τῶν
3295 4571 3518 4642 ἡμέρων
3542 4571 3763 4642 τίθησιν

486 4668 726 4722 mitioria
751 4668 917 4724 etiam
969 4683 1034 4724 ac
1064 4669 1372 4726 domestica
1404 4672 1924 4728 ferarum‘nomine
1972 4688 2071 4742 ap-

484 4760 711 4828 pellare.
757 4759 905 4816 Meas
966 4771 1147 4817 autem
1211 4778 1337 4818 esse
1362 4763 1514 4827 dico,
1563 4765 1693 4833 quia
1747 4764 2069 4833 bujusmodi

481 4849 664 4903 omnia
700 4866 802 4921 ego
825 4854 1028 4907 creavi.
1054 4853 1313 4920 Quadam
1343 4870 1472 4911 vero
1486 4856 1825 4925 exemplaria
1842 4856 2070 4912 habent:

484 4939 678 4996 Omnes
709 4942 837 5011 [εγω
864 4943 1142 5007 silvarum,
1192 4954 1249 5001 et
1304 4953 1436 5002 tunc
1492 4946 1726 5001 immitia
1756 4954 1759 4955 '
1788 4946 2070 5017 intelliges

2180 4668 2213 4734 ή
2245 4664 2460 4734 Γραφή.
2500 4661 2642 4732 Ἐμὰ
2691 4661 2748 4715 δὲ
2800 4656 2895 4713 οὖν
2922 4661 3094 4722 ἐστιν,
3149 4660 3225 4724 ὡς
3265 4661 3401 4728 ἐμοῦ
3452 4661 3765 4722 κτίσαντος.

2177 4756 2311 4810 de:
2352 4755 2410 4809 δὲ
2456 4754 2565 4808 τῶν
2613 4753 2966 4823 ἀντιγράφων
3000 4752 3178 4820 θηρία
3208 4753 3317 4806 τοῦ
3339 4752 3574 4822 δρυμοῦ
3626 4755 3767 4823 γρά-

2181 4864 2395 4919 φουσιν,
2431 4847 2488 4898 ὲν
2519 4838 2601 4907 οἷς
2644 4845 2846 4914 μᾶλλον
2879 4846 3096 4916 νοήσεις
3119 4845 3188 4897 τὰ
3222 4844 3395 4913 ἄγρια
3417 4861 3429 4873 ·
3471 4846 3633 4913 ἀγροὶ
3664 4847 3767 4914 μὲν

2181 4938 2312 5007 γὰρ,
2357 4936 2429 4989 τὰ
2471 4936 2658 5007 ἥμερα
2683 4934 2859 5006 χωρία
2908 4950 2924 4965 ·
2968 4934 3166 5004 δρυμοὶ
3211 4933 3292 4994 δὲ,
3324 4932 3393 4986 τὰ
3436 4933 3614 5004 ὑλώδη
3673 4939 3773 4987 καὶ

481 5030 788 5099 significari
864 5034 1150 5093 animalia.
1205 5035 1481 5106 siquidem
1546 5051 1708 5104 agros
1771 5035 2071 5092 domestica

2182 5029 2551 5100 θηριότροφα·
2588 5028 2684 5081 καὶ
2724 5027 3031 5090 ἀποδώσεις
3089 5028 3170 5090 είς
3222 5026 3512 5095 ἐξήγησιν,
3565 5027 3648 5079 ὅτι
3689 5027 3771 5078 UO

480 5124 690 5192 praedia
734 5125 1105 5194 appellamus,
1140 5135 1196 5183 et
1229 5127 1419 5191 silvas,
1464 5127 1763 5182 immitiora
1823 5128 1963 5190 loca,
2022 5128 2071 5181 in

2176 5122 2244 5176 τὰ
2276 5121 2462 5192 ἥμερα
2497 5119 2659 5190 μόνον
2689 5119 2800 5188 ἐμά
2826 5120 2998 5184 ἐστιν,
3033 5118 3169 5172 ἀλλὰ
3200 5120 3294 5172 καὶ
3342 5119 3411 5170 τὰ
3440 5119 3629 5190 ἄγρια.
3674 5120 3770 5186 Ἐξ

482 5217 687 5286 quibus
721 5217 850 5274 fera:
870 5219 1052 5275 solent
1079 5220 1256 5291 magis
1281 5220 1487 5276 versari
1523 5239 1536 5275 :
1570 5228 1626 5275 et
1661 5228 1793 5274 tunc
1813 5233 2077 5286 expones,

2178 5212 2379 5280 ὀλίγων
2404 5212 2461 5265 δὲ
2492 5208 2670 5275 ζώων,
2691 5209 2788 5263 ὅλα
2815 5209 2883 5263 τὰ
2904 5208 3279 5279 θυσιαζόμενα
3302 5210 3479 5264 καλεῖ.

482 5312 628 5382 quod
662 5327 768 5367 non
818 5313 997 5368 solum
1037 5313 1339 5368 domestica
1378 5313 1642 5366 animalia
1694 5311 1786 5365 Dei
1821 5319 1972 5371 sunt,
2010 5309 2104 5363 sel
2145 5308 2309 5361 etiam
2340 5304 2636 5359 silvestria.
2662 5304 2760 5357 His
2793 5312 2977 5358 autem
3039 5304 3231 5372 paucis
3287 5304 3608 5356 animalium
3669 5317 3774 5357 no—

484 5407 728 5464 minibus
783 5416 981 5462 cartera
1010 5408 1197 5463 omnia
1230 5407 1503 5463 contineri
1520 5406 1714 5469 voluit,
1744 5421 1865 5474 quae
1887 5403 2175 5458 sacriﬁciis
2208 5409 2339 5456 sunt
2386 5401 2604 5458 idonea.

561 5503 729 5558 Vens.
788 5503 876 5557 Η.
934 5502 1167 5574 Cognovi
1214 5501 1395 5555 omnia
1427 5499 1666 5553 volatilia
1735 5498 1871 5551 coeli.
1915 5495 2072 5569 Novi,

487 5597 691 5664 inquit,
730 5596 849 5649 haec
888 5597 1098 5656 omnia,
1144 5609 1208 5648 ac
1243 5591 1412 5648 veluti
1476 5591 1826 5647 certissimus
1878 5605 2071 5646 eorum

494 5687 780 5753 Dominus,
815 5699 1138 5767 enumerata
1166 5701 1227 5741 ea
1264 5685 1439 5741 habeo
1472 5699 1640 5756 penes
1678 5699 1785 5740 me.

2259 5497 2537 5563 Ἔγνωκα
2607 5492 2805 5548 πάντα
2864 5491 2937 5546 τὰ
2999 5490 3243 5545 πετεινὰ
3308 5488 3416 5544 τοῦ
3480 5489 3770 5558 οὐρανοῦ·

2184 5588 2446 5657 Γνωρίζω
2498 5584 2707 5641 ταῦτα’
2762 5582 3124 5657 ἠριθμημένα
3171 5582 3311 5653 ἔχω,
3359 5582 3435 5646 ὡς
3485 5583 3771 5651 Δεσπότης

2184 5679 2386 5733 αὐτῶν.

563 5866 611 5900 ”
637 5866 743 5922 lea.
801 5883 838 5934 I,
879 5868 960 5935 ll,
997 5869 1082 5923 12.
1159 5870 1203 5902 ⁵³
1239 5867 1449 5926 Jcrcm.
1490 5884 1559 5933 rt,
1588 5866 1677 5922 20.
1746 5868 1793 5899 ⁸⁵
1821 5864 2024 5923 larem.
2050 5878 2149 5922 vn.
2178 5862 2268 5918 22.

3532 6427 3572 6432 __
3658 6424 3690 6430 Α..
3772 6424 3806 6430 ἡ.
3872 6424 3888 6428 ι
3960 6420 3992 6428 -ι-
