4120 6420
283 348 401 416 545

1462 352 1855 417 COMMENT.
1888 353 1969 416 ΙΝ
2008 352 2374 417 PSALMOS.

3463 366 3572 429 546

360 463 471 520 Kal
512 462 806 532 ὡραιότης
853 462 1043 533 drpoﬁ
1079 464 1203 534 μετ’
1234 463 1383 534 ἐμοῦ
1426 466 1620 522 ἐστιν.
1664 468 1870 538 Ὠραιό⁴

2061 466 2128 524 Ει
2145 467 2485 536 pulchritudo
2505 470 2620 540 agri
2644 487 2845 527 mecum
2869 482 2966 529 est.
2987 471 3088 531 Per
3111 477 3575 547 pulchritudinem

284 576 433 630 τητα
488 557 754 613 ἐκάλεσεν
798 556 977 630 ἀγροῦ
1025 558 1153 623 τοὺς
1202 559 1263 627 ἐξ
1313 560 1502 631 ἀγρῶν
1570 562 1876 633 φυομένους

284 647 587 720 καρπούς·
637 646 819 702 ταῦτα
874 648 987 720 γὰρ
1035 648 1132 704 καὶ
1163 649 1361 714 κάλλος
1390 650 1498 703 εἰσὶ
1527 649 1624 703 τοῦ
1678 651 1874 723 ἀγροῦ,

284 742 389 794 καὶ
411 741 594 811 ὡραῖα
621 739 711 794 διὰ
746 739 849 804 τὰς
879 739 1031 811 ὥρας
1058 739 1151 795 τοῦ
1183 740 1437 796 ἐνιαυτοῦ
1490 742 1877 813 ὀνομάζονται.

281 836 435 889 Μετ’
466 830 618 903 ἐμοῦ
644 832 703 886 δέ
735 831 934 899 ἐστιν,
961 835 1081 887 ἀντὶ
1111 832 1231 897 τοῦ,
1288 834 1426 904 [lap‘
1454 834 1602 904 ἐμοὶ,
1634 835 1691 887 ἐν
1726 834 1879 900 ἐξου-

284 927 383 999 σίᾳ
436 943 564 997 μου.
603 926 748 996 Ὅρα
790 926 848 980 δὲ
905 925 1022 990 πῶς
1080 926 1425 990 συνοπτικῶς
1497 927 1878 998 ἐμνημόνευσε

279 1021 518 1074 πάντων
537 1033 553 1050 ⁸
588 1019 999 1090 προσεφέροντο
1022 1018 1129 1090 γὰρ
1156 1020 1235 1082 είς
1264 1017 1459 1071 θυσίαν
1494 1018 1605 1072 ἀπὸ
1642 1017 1743 1088 μὲν
1766 1018 1877 1073 τῶν

278 1111 669 1182 τετραπόδων,
719 1110 867 1182 βόες,
913 1112 1010 1165 καὶ
1034 1113 1252 1182 τράγοι,
1299 1111 1393 1164 καὶ
1447 1111 1736 1182 πρόϐαταο
1766 1110 1876 1165 ἀπὸ

279 1205 338 1258 δὲ
394 1204 510 1260 τῶν
553 1204 846 1269 πετεινῶν,
891 1204 1237 1274 περιστεραὶ,
1290 1203 1384 1256 καὶ
1429 1203 1724 1274 τρυγόνε;’
1768 1192 1878 1256 ἀπὸ

282 1299 339 1352 δὲ
369 1298 485 1352 τῶν
518 1297 774 1367 καρπῶν,
808 1295 1116 1367 σεμίδαλις,
1144 1297 1240 1350 καὶ
1271 1292 1437 1359 οἶνος,
1480 1294 1573 1347 καὶ
1600 1294 1802 1348 ἔλαιον.

1982 561 2097 632 agri
2138 561 2353 618 fructus
2396 563 2647 634 intelligit
2685 566 2778 636 qui
2828 568 2881 621 in
2910 569 3058 638 agris
3094 582 3424 635 nascuntur.
3482 577 3575 643 qui

1977 654 2141 711 etiam
2169 654 2637 727 pulchritudinem
2661 658 2955 727 quamdam
2992 671 3157 732 atque
3187 676 3574 721 ornamentum

1982 745 2130 815 agris
2153 744 2413 801 omnibus
2429 755 2715 816 praestant.
2749 746 2815 801 Et
2831 749 2959 819 quia
2982 750 3167 807 Graeca
3189 753 3362 809 dictio
3377 753 3578 824 ὡραιό-

1984 853 2110 908 της,
2149 851 2259 892 non
2292 837 2770 907 pulchritudinem
2808 850 3046 909 tantum,
3094 844 3190 900 sed
3229 849 3578 917 tempestivi-

1986 936 2156 983 tatem
2194 930 2360 984 etiam
2395 930 2691 1001 signiﬁcat,
2722 948 2843 1003 quae
2883 935 2939 989 in
2965 936 3109 1007 agris
3160 936 3216 992 id
3267 939 3453 1009 cilicii,
3512 951 3574 995 ut

1985 1021 2104 1074 suis
2133 1036 2368 1093 quaeque
2393 1024 2738 1095 temporibus
2792 1026 2933 1081 miro
2969 1028 3162 1084 ordine
3222 1034 3568 1100 proveniant,

1984 1113 2075 1168 dic
2099 1114 2246 1185 quod
2287 1116 2434 1173 hanc
2467 1119 2957 1188 lempestivitatem
3031 1119 3178 1178 Deus
3227 1138 3412 1177 secum
3446 1141 3572 1181 esse

1991 1206 2148 1275 dicit,
2204 1210 2332 1281 quia
2383 1210 2435 1265 in
2479 1211 2601 1282 eius
2651 1211 2914 1270 facultate
2970 1221 3081 1281 est,
3117 1231 3239 1272 eam
3307 1226 3571 1285 praestare

1984 1299 2134 1369 agris
2167 1307 2261 1355 aut
2286 1316 2507 1372 negare.
2527 1301 2593 1356 Et
2609 1305 2899 1358 considera
2919 1321 3083 1374 quam
3114 1307 3307 1377 paucis
3322 1310 3568 1362 omnium

282 1392 635 1456 meminerit,
661 1406 784 1462 qua:
817 1393 870 1446 in
909 1390 1186 1447 sacrificio
1236 1388 1630 1445 olfcrebautur.
1663 1385 2049 1444 Oﬂ‘erebantur
2088 1392 2235 1447 enim
2268 1408 2334 1449 ex
2370 1394 2825 1466 quadrupedibus
2887 1399 3080 1466 boves,
3161 1400 3324 1467 hirci,
3396 1412 3572 1473 atque

280 1506 453 1556 ores;
496 1506 568 1545 ex
600 1488 949 1553 volucribus,
984 1487 1272 1551 columbae,
1304 1495 1358 1541 ct
1383 1494 1627 1540 turtures
1668 1502 1681 1537 :
1710 1491 1765 1538 et
1800 1499 1867 1537 ex
1907 1491 2070 1541 terra:
2134 1487 2410 1561 frugibus,
2463 1491 2648 1562 siligo,
2677 1493 2890 1561 viuum,
2922 1505 3089 1564 atque
3116 1496 3324 1551 oleum.

368 1585 519 1639 Ἐὰν
538 1582 834 1650 aen-ddo),
862 1585 934 1638 οὐ
970 1581 1056 1653 μή
1095 1598 1196 1636 σοι
1226 1580 1395 1634 εἴπω.
1434 1577 1604 1631 Τοῦτο
1636 1575 1756 1630 κατ’
1793 1575 1875 1628 εί·

282 1677 519 1748 ρωνείαν
548 1672 697 1739 εἷπε,
752 1675 1028 1745 διασύρων
1069 1674 1167 1744 τὴν
1192 1671 1374 1726 αὐτῶν
1413 1668 1728 1740 παχύτητα,
1770 1667 1876 1720 olo-

283 1772 463 1841 μένων
504 1769 601 1823 τὸν
641 1769 780 1822 θεὸν
826 1767 1036 1821 δεῖσθαι
1089 1766 1199 1819 τῶν
1244 1763 1447 1818 θυσιῶν
1510 1762 1589 1823 είς
1644 1756 1872 1829 βρῶσιν.

277 1864 447 1933 Φησὶν
493 1860 616 1926 οὖν,
650 1862 735 1914 ὅτι
766 1861 875 1914 Καὶ
909 1861 959 1914 εἱ
1010 1858 1188 1930 ὀρθῶς
1223 1853 1632 1924 ὑπελάμϐανες,
1666 1851 1769 1903 οὐκ
1807 1848 1874 1902 ἂν

281 1957 511 2025 ἐζήτουν
540 1957 744 2023 φαγεῖν
783 1952 893 2007 ἀπὸ
924 1952 1042 2007 σοῦ.
1072 1952 1184 2006 Kal.
1211 1950 1446 2006 ἄκουσον
1473 1948 1569 2016 τὴν
1598 1941 1799 1996 αἰτίαν.

358 2138 509 2205 ’ἐμὴ
546 2135 660 2205 γάρ
690 2136 869 2190 ἐστιν
910 2135 948 2202 ἡ
981 2133 1307 2203 οἰκουμένη
1359 2126 1551 2184 καὶτὸ
1583 2121 1878 2191 πλήρωμα

275 2229 495 2298 αὐτῆς.
531 2227 711 2300 Ἐμῆς
743 2226 937 2298 οὕσης,
963 2225 1155 2281 ἔλαϐον
1188 2224 1256 2279 ἂν
1292 2224 1479 2284 αὐτός.

2050 1577 2218 1637 Vsus.
2253 1581 2342 1635 12.
2368 1582 2432 1638 Si
2448 1585 2706 1651 esuriero,
2739 1602 2839 1640 non
2871 1586 3047 1640 dicam
3072 1588 3187 1642 tibi.
3208 1587 3312 1643 Per
3336 1588 3566 1643 ironiam

1974 1669 2083 1726 hoc
2132 1671 2288 1739 dicit,
2346 1674 2690 1742 redargueus
2736 1692 2928 1732 eorum
2984 1680 3433 1747 crassitudinem,
3470 1685 3563 1753 qui

1976 1762 2254 1831 putabant
2276 1779 2434 1836 egere
2473 1766 2641 1822 Deum
2674 1769 2967 1826 sacrificiis
2994 1769 3062 1825 ad
3093 1771 3563 1836 manducandum.

1976 1867 2041 1907 ac
2069 1854 2116 1909 si
2150 1853 2410 1912 diceret:
2449 1855 2692 1914 Tametsi
2748 1867 2808 1914 tu
2871 1860 2923 1916 id
2989 1871 3140 1919 recte
3190 1864 3561 1929 existimares.

1906 1982 1950 2037 Β
1976 1960 2081 2016 ego
2110 1955 2293 2004 tamen
2317 1963 2345 2001 ο
2377 1960 2429 2004 te
2460 1949 2674 2005 nullum
2708 1959 2951 2021 peterem
2981 1953 3166 2009 cibum
3225 1956 3295 2011 ad
3329 1959 3563 2013 mandu-

1975 2037 2239 2092 candum.
2261 2036 2329 2091 Et
2353 2054 2579 2095 causam
2609 2039 2838 2108 subiicit
2877 2058 2895 2096 :

2045 2123 2192 2178 Meus
2214 2134 2290 2180 est
2315 2128 2455 2181 enim
2492 2129 2639 2183 orbis
2671 2138 2826 2184 terra:
2856 2139 2908 2185 et
2936 2131 3220 2201 plenitudo
3245 2133 3379 2204 ejus.
3424 2135 3561 2192 Cum

1982 2211 2154 2283 igitur
2180 2230 2300 2271 mea
2327 2217 2400 2273 sit
2427 2225 2597 2282 terra,
2634 2233 2850 2274 sumam
2894 2235 3017 2292 ego,
3073 2221 3122 2278 si
3185 2238 3327 2293 opus
3373 2224 3560 2293 fuerit,

286 2340 317 2376 a
349 2338 437 2376 me
472 2322 591 2393 ipso
626 2320 1050 2395 [quodcumque
1102 2321 1353 2377 libuerit.
1389 2318 1498 2374 Sed
1537 2315 1666 2387 quia
1705 2310 1868 2366 nullis
1909 2303 2055 2362 Deus
2117 2309 2434 2377 huiusmodi
2492 2309 2832 2383 adiumentis
2888 2314 3120 2385 indiget,
3202 2318 3332 2373 audi
3429 2320 3563 2388 quid

293 2413 492 2488 dicat].

359 2513 461 2576 Μὴ
489 2510 750 2581 primum
788 2509 904 2581 (‘79)
933 2508 1080 2578 κρέα
1113 2509 1368 2577 ταύρων,
1396 2507 1434 2577 ἢ
1459 2502 1603 2577 αἷμα
1633 2501 1866 2572 cptiin

280 2605 487 2672 πίομαι
504 2619 526 2667 ;
564 2604 705 2658 Κατ’
734 2602 1009 2673 ἐρώτησιν
1040 2601 1122 2656 ἔτι
1152 2600 1490 2671 πλατύτερον
1523 2597 1736 2666 ἐλέγχει
1766 2593 1866 2664 τὴν

276 2699 467 2752 ἄνοιαν
500 2698 723 2751 αὐτῶν
760 2697 855 2768 Μὴ
905 2697 1039 2766 γὰρ,
1067 2696 1254 2765 φησὶν,
1305 2693 1381 2757 ὡς
1422 2694 1473 2746 οἱ
1518 2689 1867 2760 ψευδώνυμοι

274 2790 389 2842 θεοὶ
438 2788 557 2842 τῶν
596 2788 795 2851 ἐθνῶν,
858 2787 1120 2852 τοιαύτης
1187 2783 1447 2855 βρώσεως
1486 2781 1584 2835 καὶ
1652 2780 1867 2840 πόσεως

273 2881 608 2950 excaecauit;
670 2881 878 2947 δπουγε
927 2877 1025 2931 καὶ
1064 2877 1251 2930 πολλοὶ
1295 2877 1404 2929 τῶν
1433 2872 1867 2942 ἐπιεικεστέρων

274 2975 588 3041 ἀνθρώπων
621 2972 1064 3045 ἀποστρέφονται
1092 2971 1298 3041 ταύτην
1339 2968 1436 3024 καὶ
1489 2965 1867 3021 διαπτύουσιν.

348 3156 561 3211 Θῦσον
582 3153 667 3220 τῷ
699 3152 822 3219 Θεῷ
843 3153 1068 3209 θυσίαν
1094 3149 1406 3215 αἰνέσεως.
1426 3147 1576 3220 Ὅρα
1613 3143 1867 3216 φανερῶς

276 3244 700 3314 ἐπιϐαλλομένην
733 3241 833 3312 τὴν
858 3239 1092 3311 νομικὴν
1118 3236 1400 3308 λατρείαν,
1422 3236 1517 3289 καὶ
1542 3234 1863 3297 ἀντεισαγοο

2045 2488 2216 2546 Vsus.
2247 2491 2335 2546 15.
2380 2489 2641 2561 Nunquid
2672 2492 3003 2547 manducabu
3042 2510 3230 2549 carnes
3258 2504 3560 2564 taurorum,

1974 2593 2063 2634 aut
2084 2583 2394 2652 sanguinem
2415 2582 2685 2637 hircorum
2703 2586 2895 2651 potabo
2914 2583 2941 2636 .9
2956 2584 3054 2639 Per
3079 2586 3560 2658 interrogationem

1973 2671 2200 2740 legenda
2272 2680 2403 2729 sunt
2452 2673 2569 2731 haec
2642 2674 2835 2730 verba.
2892 2674 3081 2732 Latius
3132 2685 3312 2733 autem
3369 2693 3561 2733 eorum

1974 2765 2271 2820 amentiam
2322 2766 2607 2839 redarguit
2677 2766 3003 2839 :Nunquid
3068 2785 3192 2842 ego,
3282 2771 3562 2842 inquiens.

1977 2856 2466 2926 (quemadmodum
2548 2859 2672 2918 falsi
2724 2862 2971 2932 gentium
3054 2862 3153 2934 dii)
3242 2863 3563 2933 huiusmodi

1977 2948 2237 3015 cibo,aut
2270 2959 2401 3022 potu
2441 2951 3173 3023 indigeo?quandoquidem
3205 2954 3359 3008 multi
3390 2954 3560 3010 ctiam

1971 3040 2246 3110 aequiores
2305 3042 2553 3099 homines
2585 3058 2650 3099 ea
2691 3043 2974 3114 negliguut
3032 3052 3087 3099 et
3153 3045 3561 3100 contemnunt?

2046 3133 2318 3190 VERSJL.
2358 3134 2588 3191 Immola
2626 3137 2731 3193 Deo
2748 3138 3084 3207 sacriﬁcium
3134 3136 3332 3193 laudis.
3372 3137 3561 3195 Palam

1976 3237 2129 3297 patet
2159 3245 2227 3284 ex
2282 3229 2370 3285 bis
2418 3230 2606 3286 verbis
2657 3231 2886 3300 legalem
2963 3231 3174 3286 cultum
3229 3231 3455 3301 expelli,
3504 3238 3563 3287 et

278 3336 456 3408 μένην
478 3335 585 3406 τὴν
614 3332 1010 3403 εὐαγγελικήν.
1050 3331 1117 3383 Ἦ
1151 3329 1263 3400 γὰρ
1294 3326 1362 3381 δι’
1391 3326 1661 3389 αἰνέσεως
1698 3323 1861 3378 θυσία

1974 3322 2349 3393 evangelicum
2392 3324 2692 3379 introduci.
2726 3322 3070 3379 Sacrificium
3102 3325 3246 3379 enim
3287 3323 3435 3394 quod
3460 3340 3561 3395 per

275 3432 393 3490 τοῖς
423 3429 784 3500 Χριστιανοῖς
810 3422 1296 3494 ἀποκεκλήρωται.
1338 3420 1557 3473 Αἰνεσιν
1609 3417 1668 3469 δὲ
1710 3415 1862 3484 λέγει

275 3520 378 3592 τὴν
402 3521 713 3591 εὐφημίαν,
767 3517 803 3589 ἦ
835 3517 935 3587 τὴν
967 3514 1324 3587 εὐχαριστίαν
1344 3528 1360 3545 ο
1423 3512 1518 3565 καὶ
1567 3508 1864 3580 ἀμφότερα

273 3614 393 3686 γὰρ
425 3612 510 3666 δεῖ
533 3612 736 3673 ποιεῖν,
801 3609 890 3678 ἐφ’
921 3603 1003 3670 οἷς
1052 3610 1118 3660 ὲκ
1141 3603 1238 3659 τοῦ
1268 3604 1346 3676 μὴ
1370 3602 1526 3665 ὄντος
1581 3600 1867 3673 παρήχθη-

277 3719 408 3772 μεν,
437 3702 532 3755 καὶ
561 3700 635 3754 τὰ
656 3699 796 3770 πρὸς
818 3695 1010 3769 χρείαν
1035 3695 1128 3748 καὶ
1159 3692 1461 3750 ἀπόλαυσιν
1484 3690 1863 3762 ἐκτησάμεθα,

274 3798 375 3851 καὶ
403 3796 523 3866 φῶς
558 3793 819 3864 γνώσεως
847 3790 1287 3873 προσελάϐομεν,
1323 3785 1419 3842 καὶ
1442 3783 1633 3851 ἅπλῶς
1665 3784 1865 3851 εἰπεῖν,

274 3888 593 3960 τηλικαῦτα
627 3883 979 3957 εὐηργετήθη
988 3899 1109 3955 μεν.

348 4150 464 4207 Kal
498 4149 732 4215 ἀπόδος
769 4146 851 4214 τῷ
895 4147 1167 4216 ’Υψίστφ
1190 4141 1299 4210 τὰς
1330 4140 1521 4219 εὐχάς
1574 4154 1714 4194 σου.
1754 4137 1867 4203 Τὰς

271 4246 422 4316 ὑπὲρ
458 4243 743 4313 σωτηρίας
765 4256 897 4294 σου*
954 4239 1252 4311 χρεωστεῖς
1279 4236 1391 4307 γὰρ
1436 4234 1598 4288 τοῦτο
1641 4235 1816 4287 ποιεῖν
1852 4248 1869 4265 ο

268 4342 304 4412 ἢ
331 4339 511 4411 εὐχὰς
537 4337 695 4405 λέγει
744 4335 841 4398 τὰς
877 4332 1227 4404 ὑποσχέσεις,
1268 4328 1368 4392 τὰς
1419 4326 1563 4398 ὑπὲρ
1617 4325 1711 4379 τοῦ
1776 4326 1871 4378 εύ-

270 4433 539 4505 αρεστεῖν
567 4430 720 4483 αὑτω
744 4440 760 4454 ⁸
792 4425 944 4481 οὕτω
979 4426 1087 4495 γὰρ
1119 4423 1295 4477 ποιεῖν
1319 4421 1414 4475 καὶ
1464 4418 1708 4473 Ἰουδαῖοι
1765 4420 1866 4471 επ-

270 4524 639 4594 ηγγείλαντο,
668 4519 763 4576 καὶ
808 4519 972 4591 ἡμεῖς
1031 4512 1506 4585 ἐπαγγελλόμεθα,
1558 4511 1636 4575 ὡς
1693 4509 1871 4565 δοῦλοι

276 4620 556 4689 Δεσπότῃ.
590 4615 898 4685 Εὑαρεστεῖ
948 4611 1006 4666 δὲ
1069 4610 1231 4681 μόνος
1285 4607 1316 4661 ὁ
1371 4606 1666 4677 ἐνάρετος·

1969 3413 2189 3468 laudem
2223 3412 2303 3479 fit,
2329 3412 2670 3470 Christianis
2694 3415 3020 3470 attributum
3052 3426 3156 3471 est.
3186 3415 3290 3470 Per
3336 3415 3554 3470 laudem

1967 3516 2101 3556 vero
2130 3503 2568 3560 benedictionem
2608 3512 2661 3559 et
2692 3505 2998 3575 gratiarum
3046 3506 3320 3560 actionem
3358 3506 3563 3561 intelli-

1971 3593 2072 3665 git.
2117 3591 2426 3665 Utrumque
2456 3595 2603 3651 enim
2634 3574 2905 3653 deliramus
2932 3595 3066 3661 Deo,
3100 3596 3429 3653 benedicere
3505 3598 3557 3653 ei

1970 3686 2258 3750 nimirum,
2310 3696 2368 3742 et
2397 3688 2606 3758 gratias
2652 3702 2836 3759 agere,
2877 3689 3022 3759 quod
3081 3689 3294 3745 scilicet
3334 3689 3388 3743 in
3435 3707 3561 3745 esse

1967 3777 2224 3848 p’roducti
2281 3794 2501 3846 sumus,
2541 3766 2665 3834 cum
2697 3787 2857 3837 antea
2914 3795 3025 3835 non
3073 3796 3350 3845 essezuus,
3415 3784 3560 3852 ψιυιί

1969 3871 2095 3928 usui
2122 3880 2315 3929 nostro
2344 3872 2657 3928 necessaria
2690 3872 3212 3943 possedimus,quod
3232 3874 3566 3945 cognitouis

1971 3963 2158 4019 lumen
2195 3964 2540 4034 accepimus,
2571 3974 2628 4019 et
2655 3963 2804 4035 quod
2838 3964 3073 4020 summis
3101 3964 3342 4036 denique
3375 3965 3560 4022 allecti

1970 4070 2164 4111 sumus
2193 4055 2499 4113 beneﬂciis.

2045 4143 2110 4199 Et
2145 4146 2303 4199 redde
2340 4145 2616 4201 Altissimo
2641 4153 2762 4200 vota
2794 4155 2908 4201 tua.
2942 4146 3001 4201 id
3030 4154 3138 4211 est,
3188 4148 3471 4202 orationes
3502 4156 3559 4200 et

1972 4252 2165 4306 preces
2200 4252 2299 4308 pro
2330 4238 2507 4293 salute
2544 4246 2658 4292 tua.
2694 4238 2865 4295 Debes
2907 4239 3053 4294 enim
3105 4236 3157 4291 id
3216 4237 3417 4295 facere.
3470 4237 3563 4294 Vel

1972 4342 2069 4398 per
2101 4338 2225 4381 vota
2284 4328 2682 4397 promissiones
2707 4328 2969 4400 iutelligc,
2999 4343 3140 4399 quas
3186 4327 3394 4384 fecerat
3430 4330 3559 4384 Deo.

1972 4418 2052 4474 Ita
2086 4420 2232 4475 enim
2269 4435 2330 4476 se
2363 4420 2605 4476 facturos
2639 4419 2748 4475 Deo
2794 4419 3198 4491 pollicebantur
3247 4418 3420 4475 Judaei
3445 4460 3461 4484 ,
3508 4429 3563 4474 et

1974 4527 2077 4568 nos
2105 4513 2267 4568 etiam
2299 4514 2648 4583 pollicemur,
2685 4520 2944 4583 tanquam
2975 4512 3120 4568 servi
3155 4511 3423 4577 Domino;
3453 4513 3563 4569 Deo

1718 4602 1780 4656 τὸ
1813 4601 1871 4656 δὲ
1904 4673 1923 4674 7
1975 4613 2156 4659 autem
2190 4605 2236 4660 is
2266 4605 2420 4660 solus
2450 4604 2629 4674 placet
2652 4645 2668 4665 ,
2703 4603 2796 4673 qui
2835 4602 3042 4658 virtute
3101 4603 3365 4673 praeditus
3419 4615 3499 4658 est
3539 4619 3554 4657 :

278 4673 431 4767 θύειν
456 4673 601 4777 ζῶα,
632 4673 735 4763 oin;
759 4706 965 4778 ἀρετή·
993 4673 1226 4759 καίοῦδὲ
1253 4698 1324 4754 τὰ
1350 4673 1504 4769 ἔθνη,
1532 4697 1684 4770 παρὰ
1707 4694 1870 4750 τοῦτο

1977 4694 2075 4752 sed
2124 4695 2438 4751 sacrificare
2454 4673 2748 4763 animalia,
2783 4693 2986 4748 nullius
3023 4708 3251 4764 prorsus
3275 4704 3355 4749 est
3385 4695 3565 4748 virtu-

284 4806 537 4875 ἱνὰρετα.

358 4985 469 5040 Καὶ
495 4957 858 5037 carniﬁcari!
876 4996 954 5050 με
983 4981 1055 5034 ἐν
1081 4975 1276 5048 ἡμέρᾳ
1301 4975 1571 5044 θλίψεως
1592 4986 1733 5037 σου,
1767 4970 1866 5026 καί

283 5075 613 5147 ἑξελοῦμαί
645 5089 743 5142 σε,
781 5073 883 5128 καὶ
912 5070 1199 5136 δοξάσεις
1226 5083 1326 5138 με.
1359 5065 1519 5121 Οὕτω
1563 5064 1747 5129 θῦσον,
1774 5063 1870 5117 καὶ

276 5173 483 5235 ἀπόδος
512 5171 541 5224 ὅ
571 5169 900 5240 χρεωστεῖς,
931 5167 1028 5219 καὶ
1064 5164 1186 5217 τότε
1219 5159 1572 5233 θαρρούντως
1613 5155 1872 5212 ὲπικάλε-

279 5266 369 5318 σαί
406 5281 506 5335 με,
538 5262 639 5315 καὶ
668 5258 966 5328 ἑξελοῦμαί
992 5273 1051 5308 σε
1079 5255 1177 5325 τῆς
1227 5252 1483 5322 θλίψεως,
1543 5250 1655 5303 εῐτε
1720 5249 1872 5320 παρὰ

274 5354 612 5429 ἀνθρώπων,
639 5354 751 5408 εἴτε
775 5350 929 5420 παρὰ
959 5345 1257 5418 δαιμόνων.
1312 5344 1426 5399 Καὶ
1480 5340 1723 5407 δοξάσεις
1779 5357 1867 5411 με,

275 5451 352 5513 ὡς
397 5448 619 5521 ἀψευδῆ
669 5446 766 5498 καὶ
821 5443 993 5513 ταχὺν
1055 5439 1270 5510 βοηθόν.
1332 5436 1761 5508 Παρατηρητέον
1811 5433 1868 5487 δὲ

276 5541 396 5604 πῶς
425 5537 671 5605 ἀνοίγων
698 5537 766 5605 τῇ
797 5531 1134 5602 εὐαγγελικῇ
1188 5528 1417 5599 λατρεία
1447 5526 1619 5594 θύραν
1644 5529 1672 5578 ό
1710 5525 1866 5590 Θεὸς,

276 5632 439 5696 εὐθὺς
470 5631 569 5684 καὶ
607 5628 743 5698 περὶ
781 5624 881 5695 τῆς
909 5625 1072 5693 ἁγίας
1098 5623 1327 5691 ἐνέφηνε
1354 5617 1607 5687 mea“.
1664 5617 1868 5671 Θῦσον

275 5724 408 5792 γὰρ,
437 5721 600 5794 φησὶ,
660 5715 745 5782 τῷ
782 5712 928 5781 Θεῷ,
973 5709 1114 5780 sita,
1160 5710 1269 5766 Kal
1314 5707 1545 5773 ἀπόδος
1580 5705 1662 5773 τῷ
1707 5709 1865 5776 Ὑψί-

1978 4782 2071 4836 tis.
2106 4780 2293 4850 Neque
2334 4782 2481 4837 enim
2540 4790 2732 4852 gentes
2771 4782 2842 4838 ob
2889 4797 2990 4837 sua
3044 4781 3317 4838 sacrificia
3362 4783 3563 4839 virtute

1978 4881 2241 4943 praestare
2267 4873 2682 4928 existimantur.

2056 4963 2219 5021 Vsus.
2254 4966 2340 5021 15.
2380 4964 2448 5020 Et
2475 4967 2658 5019 invoca
2696 4981 2776 5019 me
2814 4966 2869 5019 in
2904 4964 2989 5021 die
3036 4966 3402 5022 tribulationis
3433 4975 3559 5030 tua.

1979 5065 2027 5111 et
2057 5072 2244 5112 eruam
2275 5066 2344 5122 te,
2366 5066 2415 5111 et
2441 5052 2769 5126 gioriﬁcabis
2801 5073 2903 5113 me.
2926 5057 3214 5123 Sacrillca,
3239 5059 3436 5129 inquit.
3458 5059 3561 5111 hoc

1981 5160 2163 5224 pacto,
2188 5162 2243 5207 et
2273 5152 2439 5207 redde
2473 5151 2585 5208 Deo
2615 5152 2762 5222 quod
2811 5151 2979 5208 debes
3000 5192 3016 5216 ,
3060 5160 3117 5205 et
3168 5160 3302 5205 tunc
3339 5149 3557 5204 deunuu

1979 5244 2175 5299 invoca
2208 5258 2313 5303 me.
2346 5251 2403 5298 et
2437 5244 2668 5314 eripiam
2706 5252 2759 5299 te
2810 5258 2876 5298 ex
2903 5243 3051 5297 Ollllli
3103 5239 3418 5302 hominum,
3468 5244 3561 5291 aut

1979 5336 2287 5390 daemonum
2340 5333 2672 5403 afﬂictione,
2701 5343 2757 5390 et
2803 5331 3131 5404 gloriﬁcabis
3170 5345 3256 5386 me
3298 5337 3557 5397 tauquam

1976 5442 2231 5502 veraccm
2272 5442 2337 5482 ac
2387 5428 2623 5483 celerem
2643 5426 2972 5498 adiutorem.
2997 5419 3411 5478 Observandum
3429 5433 3558 5473 vero

1978 5528 2065 5575 est
2096 5518 2375 5589 quomodo
2410 5517 2552 5575 Deus
2581 5516 2879 5589 evangelici
2913 5517 3093 5571 cultus
3140 5512 3295 5569 nobis
3342 5510 3432 5567 hic
3469 5512 3559 5579 ja-

1979 5631 2146 5671 nuam
2177 5616 2455 5688 aperiens,
2487 5615 2673 5672 statim
2704 5614 2871 5670 etiam
2905 5603 3422 5668 sanctat’Triuitatis
3457 5617 3556 5659 co-

1978 5711 2281 5774 guitioncm
2321 5710 2637 5767 tradiderit.
2699 5705 2992 5774 Sacrilt'ca,
3025 5702 3220 5775 inquit,
3274 5697 3424 5763 Deo;
3473 5703 3549 5761 et,

1613 5804 1818 5866 Variis
1848 5803 2182 5870 lectiones.

355 5919 465 5993 (79)
488 5919 583 5973 Al.
618 5915 812 5987 φάγω.
