4120 6424
542 376 645 441 547

1749 365 2132 430 EU'I'HYMII
2179 364 2543 425 ZlGABENl

3703 359 3816 426 548

548 491 726 547 Redde
763 489 1038 545 Altissimo
1062 497 1178 544 rota
1202 499 1288 542 tua
1308 504 1325 552 ;
1348 502 1409 542 ac
1439 487 1652 542 demum
1681 486 1866 553 etiam,
1900 486 2121 540 Inuoca-

2241 501 2349 550 ττῳ
2373 502 2384 513 ·
2418 484 2633 549 ἔπειτα,
2669 482 2776 537 Kal
2804 481 3167 538 ἐπικάλεσαί
3192 500 3289 552 με,
3327 482 3425 553 οὐχ
3480 482 3621 538 ὥστε
3681 503 3814 557 νοη-

548 584 624 636 bis
657 596 756 636 me.
784 578 895 635 Nec
923 579 1070 643 dico,
1099 578 1244 648 quod
1278 580 1453 634 solum
1489 579 1706 634 Patrem
1740 577 1907 633 Deum
1937 577 2121 632 dicere

2228 575 2392 644 θῆναι
2427 575 2590 645 μόνον
2620 575 2712 629 τὸν
2744 575 2967 644 Πατέρα
2995 575 3154 640 Θεὸν,
3193 576 3289 629 καὶ
3343 576 3505 645 μόνον
3573 575 3811 647 ὕψιστον

546 674 867 737 debeamus,
894 681 987 726 aut
1018 671 1197 727 solum
1241 671 1438 726 Filium
1470 686 1595 727 esse
1624 671 1952 726 altissimum
1980 711 1996 736 ,
2029 679 2123 724 aut

2241 673 2318 725 τὸν
2360 670 2514 735 Υίὸν,
2552 671 2647 722 καὶ
2682 669 2847 739 μόνον
2878 668 3258 723 ἐπικαλεῖσθαι
3285 668 3438 733 ἄξιον
3468 669 3530 723 τὸ
3580 670 3815 741 Πνεῦμα

548 766 726 821 solum
756 766 1013 819 invocare
1045 775 1292 820 sanctum
1342 763 1603 834 Spiritum
1635 803 1649 829 ,
1695 763 1791 819 sed
1841 761 1986 833 quod
2026 764 2127 818 ιιυ-

544 855 785 925 ]υειηι.(ἱί
818 855 1172 910 distinctione
1228 855 1640 911 distinctionem
1672 855 1838 910 etiam
1872 870 1970 910 nos
2005 869 2125 924 per-

547 961 809 1002 sonarum
843 948 1219 1018 intelligimus.

627 1041 790 1096 Vens.
828 1042 913 1105 16,
947 1042 1032 1095 i7.
1067 1040 1343 1094 Pcccalori
1379 1050 1555 1095 autem
1573 1039 1709 1094 dixit
1741 1039 1879 1096 Deus
1910 1056 1927 1094 :
1950 1039 2127 1105 Quare

550 1149 607 1193 tu
636 1153 856 1192 enarras
880 1135 1290 1204 justi/icnliones
1317 1151 1477 1199 meas,
1513 1144 1563 1188 et
1587 1135 1816 1188 assumis
1841 1144 2127 1188 testamen-

552 1241 662 1284 tum
696 1245 864 1282 meum
897 1242 990 1294 per
1035 1243 1093 1279 os
1130 1236 1299 1291 tuum,
1337 1235 1392 1278 ιιι
1424 1243 1542 1280 vero
1571 1226 1731 1279 odisti
1788 1225 2127 1293 disciplinam

550 1336 598 1379 et
626 1322 895 1392 projecisti
925 1336 1190 1374 sermones
1225 1335 1362 1373 meos
1392 1320 1726 1374 retrorsum?
1752 1317 1850 1372 Per
1875 1329 2130 1389 peccato-

551 1435 664 1474 rem
696 1418 799 1473 hoc
825 1415 882 1469 in
921 1416 1041 1468 loco
1072 1412 1387 1469 Judmorum
1430 1412 1778 1467 sacerdotum
1811 1426 1877 1468 ac
1908 1410 2132 1467 Scribat!

553 1527 670 1566 rum
736 1523 907 1579 genus
967 1507 1263 1575 intelligit,
1320 1506 1415 1576 qui
1467 1507 1667 1578 legales
1706 1505 2130 1576 justiﬂcatioues

550 1602 853 1657 narrabant
894 1601 1116 1670 populo,
1147 1601 1351 1668 quique
1425 1615 1520 1654 ore
1551 1607 1760 1653 tantum
1785 1638 1798 1664 ,
1827 1613 1935 1653 non
1967 1598 2128 1653 etiam

550 1694 737 1756 corde,
768 1708 833 1746 ex
865 1692 1035 1746 veteri
1086 1697 1418 1745 testamento
1467 1689 1768 1746 sententias
1801 1684 1990 1761 'atque
2030 1704 2131 1743 au-

549 1782 835 1838 ctoritates
865 1779 1202 1835 afferebat:
1238 1778 1621 1848 gloriabantur
1652 1779 1817 1834 etiam
1872 1778 1927 1833 in
1971 1777 2085 1847 lege
2114 1817 2128 1842 ,

548 1882 614 1920 ac
643 1866 807 1920 veluti
845 1880 942 1932 per
967 1877 1087 1918 eam
1123 1878 1348 1934 prorsus
1370 1862 1653 1932 iustiﬁcati
1686 1874 1871 1919 essent
1894 1903 1913 1927 ,
1967 1877 2133 1918 omne

548 1972 726 2026 genus
760 1955 945 2011 delicti
983 1954 1432 2009 committebant.
1463 1953 1675 2009 Idcirco
1699 1953 1767 2008 de
1792 1954 1872 2008 eis
1899 1953 2133 2022 loquens

552 2049 820 2103 Dominus
850 2049 915 2101 ad
960 2047 1228 2117 populum
1280 2046 1466 2100 dixit:
1524 2046 1658 2112 Qua
1714 2047 1901 2099 dicunt
1944 2046 2134 2117 facile,

549 2140 641 2195 sed
667 2139 835 2210 juxta
859 2154 1017 2208 opera
1047 2154 1228 2192 eorum
1262 2139 1431 2192 nolite
1455 2139 1627 2207 facere
1656 2140 1725 2192 ’⁵.
1777 2137 1959 2204 Quare
1982 2178 1997 2200 ,
2052 2138 2137 2193 in—

552 2233 711 2303 quit,
771 2242 825 2287 tu
872 2232 965 2301 qui
1016 2229 1151 2286 alios
1190 2230 1387 2294 doces,
1422 2246 1542 2285 eam
1598 2230 1941 2300 disciplinam
1973 2240 2136 2299 atque

550 2335 670 2376 eam
703 2319 870 2374 animi
900 2318 1339 2374 moderationem
1375 2319 1564 2386 odisti,
1590 2334 1753 2390 quam
1786 2320 1953 2376 doces
1977 2321 1998 2374 ?
2026 2320 2138 2376 Cur

552 2413 827 2483 projecisti
863 2427 1149 2468 sermones
1191 2428 1341 2467 meos
1372 2414 1719 2469 retrorsum?
1753 2415 1856 2468 hoc
1894 2423 1999 2481 est,
2026 2413 2137 2468 (iur

551 2507 806 2576 expulisti
837 2515 1003 2575 atque
1051 2505 1216 2561 odisti
1273 2506 1411 2562 eos?
1464 2504 1634 2560 Retro
1676 2509 1821 2561 enim
1869 2508 2138 2576 expellere

557 2598 796 2666 aliquem
829 2598 954 2666 quis
987 2597 1215 2662 dicitur,
1247 2599 1338 2667 qui
1374 2599 1525 2653 illum
1560 2600 1694 2654 odit.
1729 2597 1993 2671 Repulisti
2043 2618 2140 2656 au-

556 2699 688 2755 tem,
718 2689 848 2741 dum
884 2705 945 2742 ea
980 2703 1086 2744 non
1124 2689 1464 2759 adimplesti,
1488 2707 1610 2761 qua:
1642 2692 1751 2747 illic
1784 2693 2135 2749 mandantur.

495 2770 499 2773 “
555 2777 665 2832 Ore
694 2778 860 2847 igitur
895 2792 955 2830 ac
991 2778 1176 2847 lingua
1214 2787 1267 2833 te
1293 2777 1482 2834 fateris
1507 2795 1792 2837 sermones
1822 2795 1973 2838 meos
2004 2799 2136 2839 sus-

553 2871 758 2938 cipere,
816 2869 996 2938 reipsa
1038 2877 1218 2924 autem
1279 2869 1477 2942 abjicis
1523 2887 1617 2928 eos
1670 2888 1902 2944 prorsus
1944 2886 1994 2931 et
2052 2891 2136 2930 re-

556 2959 732 3029 pellis.

632 3051 797 3105 Vens.
832 3050 922 3106 18.
974 3049 1035 3106 Si
1074 3051 1281 3108 videbas
1331 3053 1501 3124 furem
1529 3097 1542 3120 ,
1586 3059 1835 3113 currebas
1884 3074 2002 3112 cum
2054 3077 2135 3115 eo.

2228 764 2289 819 τὸ
2314 765 2470 832 ἅγιον
2501 780 2516 794 ·
2556 763 2677 817 ἀλλ’
2715 761 2856 816 ὥστε
2887 766 2951 833 τῇ
2973 762 3198 835 τοιαύτῃ
3234 762 3503 833 διαιρέσει
3534 765 3634 836 τὴν
3670 764 3821 817 διαί-

2233 875 2287 929 ρε
2299 875 2382 911 σιν
2399 858 2507 910 τῶν
2529 857 2880 910 ὕποστάσεων
2908 855 3340 928 ὑποδηλωοῆναι.

2312 1041 2396 1107 Τῷ
2425 1041 2494 1095 δὲ
2526 1039 2855 1112 ἁμαρτω.λῷ
2882 1036 3054 1095 εἶπεν
3080 1045 3112 1095 ὁ
3143 1043 3289 1107 Θεός
3316 1055 3330 1070 ο
3383 1040 3570 1096 Ἰνατί
3602 1038 3685 1094 σὺ
3708 1040 3819 1094 ἐκ·

2230 1134 2410 1204 διηγῇ
2436 1136 2505 1189 τὰ
2530 1133 2895 1204 δικαιώματά
2932 1148 3070 1198 σου,
3096 1133 3193 1187 καὶ
3225 1131 3671 1201 ἁναλιιμΰάνεις
3696 1132 3822 1200 τὴν

2231 1229 2529 1296 διαθήκην
2553 1246 2675 1296 μου
2710 1226 2809 1280 διὰ
2838 1226 3140 1295 στόματός
3172 1240 3290 1281 σου
3313 1242 3326 1255 ”
3362 1225 3444 1280 σὺ
3486 1225 3555 1279 δὲ
3602 1226 3826 1294 ἐμίση-

2231 1336 2347 1388 σας
2378 1320 2657 1374 παιδείαν
2693 1320 2789 1373 καὶ
2824 1319 3107 1385 ἐξέϐαλες
3162 1318 3269 1372 τὸν
3319 1320 3507 1386 λόγον
3554 1336 3672 1385 μου
3727 1320 3826 1382 εἵς

2232 1415 2306 1470 τὰ
2335 1414 2578 1478 dalata;
2619 1412 2976 1486 Ἀμαρτωλδν
3014 1412 3176 1467 καλεῖ
3210 1413 3301 1466 τὸν
3326 1412 3497 1482 δῆμον
3536 1411 3643 1465 τῶν
3677 1410 3823 1463 Ἰου-

2233 1509 2400 1564 δαίων
2429 1510 2622 1577 ἱερέων
2680 1508 2776 1562 καὶ
2808 1507 3219 1581 Γραμματέων,
3275 1506 3474 1569 οἵτινες
3529 1502 3825 1574 διηγοῦντο

2241 1602 2340 1673 μὲν
2370 1601 2445 1672 τῷ
2476 1600 2593 1672 λαῷ
2620 1602 2689 1655 τὰ
2719 1600 3068 1671 δικαιώματα
3097 1600 3192 1653 τοῦ
3223 1598 3415 1666 νόμου,
3453 1597 3546 1651 καὶ
3570 1596 3657 1649 διὰ
3692 1595 3825 1647 στέ-

2241 1713 2413 1765 ματος
2448 1695 2611 1766 μόνον
2643 1691 2793 1766 εἶχον
2838 1695 2966 1765 ὅλην
2990 1694 3090 1765 τὴν
3118 1691 3353 1763 νομικὴν
3407 1689 3700 1758 διαθήκην,
3753 1686 3822 1740 οὐ

2233 1790 2323 1842 διὰ
2363 1788 2592 1860 καρδίας
2616 1805 2631 1820 ο
2668 1787 3148 1858 μεγαλαυχοῦντες
3192 1785 3249 1837 δὲ
3274 1785 3368 1837 ἐπὶ
3416 1780 3591 1850 τούτῳ
3644 1780 3823 1847 μόνῳ,

2239 1887 2336 1939 καὶ
2361 1882 2703 1944 δικαιοῦντες
2736 1879 2992 1933 ἐντεῦθεν
3034 1879 3285 1943 ἑαυτοὺς,
3319 1876 3502 1930 πᾶσαν
3542 1872 3828 1943 ἁμαρτίαν

2244 1979 2655 2049 διεπράττοντο.
2695 1976 2829 2044 Περὶ
2873 1969 2948 2026 ὧν
2976 1976 3004 2027 ὁ
3069 1971 3308 2042 Χριστὸς
3369 1966 3489 2023 εἷπε
3544 1968 3680 2038 πρὸς
3730 1966 3828 2019 τὸν

2237 2069 2389 2131 λαὸν,
2418 2068 2502 2120 ὅτι
2545 2068 2610 2121 "A
2651 2064 2947 2134 λέγουσιν
2973 2061 3116 2132 ὑμῖν
3141 2059 3355 2122 ποιεῖν,
3382 2056 3604 2112 ποιεῖτε
3629 2070 3643 2084 ’
3668 2055 3828 2107 κατὰ

2237 2157 2306 2212 δὲ
2326 2158 2401 2213 τὰ
2423 2157 2570 2228 ἔργα
2603 2154 2825 2221 αὐτῶν,
2857 2153 2947 2224 μὴ
2977 2150 3220 2207 ποιεῖτε.
3264 2149 3439 2212 Διατί,
3502 2148 3681 2217 φησὶν,
3738 2145 3825 2198 δι-

2245 2253 2468 2314 δάσκεις
2504 2250 2607 2323 μὲν
2638 2247 2858 2312 ἄλλους,
2911 2247 2976 2300 σὺ
3028 2245 3086 2300 δὲ
3146 2244 3422 2315 ἐμίσησας
3471 2240 3566 2311 τὴν
3623 2232 3825 2307 ἀφ’ὧν

2239 2344 2519 2406 διδάσκεις
2568 2341 2853 2395 παίδευσιν
2911 2338 3003 2393 καὶ
3051 2336 3326 2410 ρύθμησιν
3357 2335 3458 2406 τῆς
3492 2334 3696 2405 ψυχῆς,
3728 2334 3832 2388 καὶ

2241 2435 2498 2501 ἐξέϐαλες
2524 2436 2651 2497 τοὺς
2683 2434 2877 2502 λόγους
2906 2450 3007 2503 μου
3057 2433 3134 2494 εἰς
3171 2432 3242 2484 τὰ
3265 2431 3464 2496 ὀπίσω,
3522 2430 3833 2492 τουτέστιν,

2241 2527 2449 2585 ἀπώσω
2487 2525 2720 2590 αὐτούςς
2762 2526 2970 2579 Ὀπίσω
3001 2523 3110 2595 γὰρ
3151 2540 3238 2586 τις
3265 2521 3399 2576 ὠθεῖ
3431 2520 3524 2575 τὸν
3560 2521 3829 2593 μισούμε-

2242 2639 2358 2677 νον.
2400 2620 2635 2674 Ἀπώσω
2659 2619 2717 2674 δὲ
2754 2618 2974 2684 αὐτοὺς,
3011 2618 3088 2681 ὡς
3133 2616 3206 2688 μὴ
3231 2616 3422 2682 ποιῶν,
3472 2615 3510 2670 ἃ
3558 2614 3826 2670 ἐντέλλον-

2241 2730 2364 2767 ται*
2398 2711 2544 2767 ὥστε
2588 2711 2734 2782 λόγῳ
2765 2710 2866 2782 μὲν
2915 2709 3325 2781 ἁναλαμόάνεις
3388 2707 3613 2775 αὐτοὺς,
3682 2707 3823 2779 ἔργῳ

2241 2806 2299 2859 δὲ
2341 2803 2607 2867 ἀπωθεῖς.

2314 3072 2383 3123 El
2412 3065 2680 3136 ἑθεώρεις
2708 3064 3000 3133 κλέπτην,
3034 3064 3401 3134 συνέτρεχες
3451 3063 3632 3129 αὐτῷ.
3683 3062 3834 3132 Ὅρα

556 3141 735 3196 Cerne
765 3142 851 3195 hic
878 3180 893 3203 ,
922 3143 1093 3197 veluti
1130 3144 1184 3199 in
1213 3145 1397 3200 tabula
1460 3147 1695 3215 quadam
1725 3187 1740 3212 ,
1785 3161 2134 3219 peccatonnn

2242 3161 2495 3231 καθάπερ
2554 3160 2613 3212 ὲν
2639 3157 2831 3211 πίνακι
2860 3156 2928 3211 τὰ
2961 3159 3061 3226 τῆς
3096 3157 3372 3227 ἁμαρτίας
3402 3158 3669 3227 χρώματα
3705 3173 3720 3189 ·
3765 3157 3831 3211 Ei

557 3233 793 3287 colores.
827 3231 882 3286 Si
917 3233 1161 3299 videbas,
1191 3234 1394 3306 inquit,
1425 3236 1624 3305 furem,
1661 3240 1744 3294 vel
1773 3255 1877 3293 una
1912 3240 2134 3310 conspi-

557 3322 745 3388 rabas,
773 3323 854 3377 vel
888 3324 1185 3391 laetabaris,
1217 3336 1272 3381 et
1301 3327 1587 3396 placebant
1612 3329 1714 3383 tibi
1763 3330 1909 3386 illius
1963 3332 2139 3385 actio-

558 3427 659 3468 nes
690 3431 704 3467 :
732 3413 863 3469 dum
891 3432 1000 3470 non
1029 3418 1320 3473 erudiebas
1352 3435 1498 3485 eum,
1528 3436 1634 3476 non
1676 3425 2007 3495 castigabas,
2045 3427 2139 3481 sed

563 3502 750 3571 potius
784 3505 912 3556 vitia
944 3505 1066 3573 ejus
1097 3509 1451 3578 contegebas.

636 3592 705 3645 Et
729 3610 848 3647 cum
866 3595 1126 3651 adulteris
1150 3601 1447 3667 portionem
1470 3611 1613 3657 tuam
1641 3605 1890 3672 ponebas.
1939 3606 2139 3663 Eodem

563 3694 724 3754 pacto
755 3691 1210 3746 communicabas
1247 3693 1528 3759 adulteris,
1568 3712 1679 3766 quo
1724 3701 1985 3755 currebas
2016 3717 2139 3755 cum

562 3776 703 3832 fure.
739 3776 842 3830 Per
860 3780 1168 3835 adulterum
1203 3792 1386 3839 autem
1423 3801 1515 3842 seu
1547 3788 1629 3858 (ut
1667 3790 1847 3846 verius
1876 3792 1931 3847 in
1953 3792 2142 3848 (ἴω-ρο

564 3866 831 3934 Imitetur)
871 3885 967 3938 per
996 3871 1270 3927 moechum
1292 3913 1308 3939 ,
1344 3876 1507 3932 etiam
1553 3879 1944 3937 fornicatorem
1978 3885 2140 3940 intel-

560 3959 679 4029 ligit
708 4001 722 4026 ,
750 3969 805 4015 et
835 3976 1219 4037 quemcunque
1270 3968 1434 4025 alium
1475 3974 1929 4045 intemperantem
1955 4019 1970 4045 ,
2025 3979 2140 4035 sive

560 4049 919 4119 impudicum.

635 4144 799 4202 Vens.
834 4146 921 4202 i9.
959 4148 1032 4203 0s
1066 4159 1212 4207 tuum
1232 4155 1519 4213 abundavit
1564 4161 1796 4218 malitia.
1857 4163 2140 4233 lmpletum

558 4247 644 4291 cst
675 4239 978 4296 mendacio.
1009 4241 1333 4302 Inditl‘erens
1386 4260 1568 4306 autem
1609 4264 1691 4307 est
1728 4258 2088 4313 constructio.

631 4327 699 4381 Et
733 4331 914 4402 lingua
946 4343 1035 4387 tua
1066 4340 1420 4407 complicabat
1446 4343 1618 4399 dolos.
1653 4343 1765 4402 Hoc
1786 4362 1885 4417 per
1920 4365 1983 4405 se
2025 4351 2143 4406 cla-

558 4433 679 4472 rum
711 4430 812 4475 est.

2246 3253 2510 3324 ὲοεὼρεις
2543 3249 2811 3322 κλέπτην,
2864 3250 2898 3321 ἢ
2961 3249 3352 3320 συνὲπραττες,
3410 3252 3439 3321 ἢ
3486 3250 3831 3312 συνευδόκεις

2242 3347 2328 3417 τῷ
2360 3348 2680 3419 πράττοντι,
2715 3344 2804 3399 διὰ
2830 3343 2893 3399 τὺ
2923 3343 2998 3415 μὴ
3042 3345 3421 3414 σωφρονίζειν,
3458 3345 3591 3397 ἀλλὰ
3620 3360 3831 3412 συγκα-

2243 3442 2490 3495 λύπτειν.

2317 3622 2424 3677 Kal
2443 3619 2597 3691 μετὰ
2618 3619 2846 3691 μοιχοῦ
2883 3618 3000 3695 τὴν
3009 3616 3224 3689 μερίδα
3258 3631 3380 3672 σου
3430 3619 3665 3685 ἐτίθεις.
3719 3620 3834 3674 Καὶ

2244 3716 2322 3787 τῷ
2415 3711 2589 3784 μοιχῷ
2683 3709 3002 3774 ὲκοινὼνεις
3064 3709 3155 3765 διὰ
3235 3709 3331 3763 τοῦ
3393 3708 3558 3763 αὐτοῦ
3625 3709 3835 3779 τρόπου

2248 3807 2376 3861 καθ’
2418 3807 2477 3859 ὃν
2553 3804 2651 3860 καὶ
2708 3804 2787 3875 τῷ
2854 3803 3065 3877 κλέπτῃ
3119 3803 3483 3873 συνέτρεχες·
3524 3803 3715 3872 μοιχὸν
3770 3802 3834 3857 δὲ

2247 3898 2488 3953 ἐνταῦθα
2567 3899 2665 3952 καὶ
2728 3896 2821 3950 τὸν
2888 3896 3092 3966 πόρνον
3155 3895 3314 3949 καλεῖ
3403 3896 3497 3949 καὶ
3575 3898 3835 3950 παντοῖον

2244 3991 2571 4046 ἀκόλαστον.

2322 4168 2394 4224 Τύ
2444 4170 2641 4239 στόμα
2662 4182 2780 4222 σου
2810 4167 3154 4221 ἐπλεόνασε
3199 4165 3434 4232 κακίας.
3505 4165 3835 4220 Ἐπλεόνασε

2246 4258 2480 4330 ψεύδους
2501 4275 2516 4290 ο
2551 4258 2845 4328 ἀδιάφορος
2869 4257 2925 4311 δὲ
2953 4259 2984 4327 ή
3034 4254 3309 4320 σύνταξις.

2316 4353 2426 4408 Kal
2486 4354 2526 4421 ἠ
2586 4350 2841 4422 γλῶσσά
2899 4365 3017 4406 σου
3050 4352 3411 4420 περιέπλεκε
3452 4349 3835 4419 δολιότητας.

2248 4444 2421 4500 Τοῦτο
2440 4443 2623 4514 δῆλον.
3356 4434 3359 4437 ’

635 4507 799 4606 VIus.
830 4510 922 4606 29.
959 4513 1159 4606 Sedens
1187 4558 1202 4582 ,
1246 4520 1525 4576 adversum
1547 4525 1768 4596 fratrem
1815 4536 1965 4582 tuum
1994 4529 2134 4584 oblo-

2318 4507 2693 4606 Katiﬁpevoc,
2718 4534 2869 4589 κατὰ
2897 4534 3003 4590 τοῦ
3019 4535 3293 4605 ἀδελφοῦ
3320 4551 3438 4594 σου
3455 4535 3689 4592 nataui.
3700 4541 3840 4605 ίεις.

558 4597 826 4664 qnebaris.
861 4599 999 4655 Cum
1035 4605 1158 4662 aliis
1194 4607 1453 4664 nimirum
1485 4616 1832 4685 conspirans.

636 4687 702 4742 Et
730 4691 982 4748 adversus
1000 4697 1172 4766 ﬁlium
1202 4704 1391 4758 matris
1421 4717 1523 4760 tua:
1547 4708 1776 4777 ponebas
1805 4711 2144 4768 scandalum.

564 4779 707 4834 Idem
751 4797 944 4840 rursus
977 4791 1191 4858 repetit,
1223 4798 1539 4853 narratione
1575 4815 1676 4857 sua
1731 4804 2144 4861 accusationem

563 4884 790 4964 augens.
816 4870 1144 4932 Scandalam
1162 4891 1341 4938 autem
1363 4887 1613 4956 ponebas,
1631 4890 1734 4945 hoc
1756 4899 1865 4956 est,
1889 4894 2145 4964 laqueum

558 4968 655 5013 aut
686 4961 1072 5023 oll'cndicnlum
1100 4971 1343 5043 aliquod.

639 5051 767 5108 Ilaec
795 5056 990 5128 fecisti,
1027 5071 1077 5117 et
1135 5068 1301 5121 tacui.
1342 5068 1782 5140 Longanimitate
1830 5091 1948 5134 mea
1989 5088 2140 5135 tuam

557 5158 892 5214 exspectans
924 5155 1329 5222 paenitentiam.

634 5236 800 5332 Vens.
825 5242 915 5296 ﬁt.
942 5243 1292 5305 Existimasti
1331 5251 1709 5325 iniquitatem,
1737 5262 1876 5332 quod
1915 5279 2006 5319 ero
2047 5265 2142 5320 tibi

556 5329 777 5386 similis.
809 5332 889 5389 Tu
923 5352 1032 5391 non
1081 5342 1245 5395 modo
1295 5359 1356 5398 ea
1413 5357 1671 5417 operatus
1719 5329 1825 5407 non
1876 5371 1975 5422 es,
2022 5370 2144 5425 quae

559 5431 710 5474 recta
750 5435 901 5493 sunt,
932 5437 987 5483 et
1013 5435 1317 5489 secundum
1356 5439 1643 5498 virtutem:
1682 5460 1871 5501 verum
1905 5449 2137 5505 scelesta

554 5515 724 5568 etiam
758 5520 1031 5589 cogitasti.
1067 5523 1261 5582 Scelus
1291 5540 1471 5587 autem
1522 5533 1623 5590 fuit
1668 5538 1911 5609 cogitare
1935 5580 1949 5603 ,
1990 5542 2137 5609 quod

556 5619 737 5691 essem
764 5625 869 5680 ego
908 5615 986 5668 tui
1011 5616 1229 5685 similis,
1255 5630 1307 5675 et
1337 5625 1484 5693 quod
1537 5641 1663 5683 coss
1689 5629 1855 5684 nnirc
1892 5646 1955 5686 ac
2006 5646 2132 5699 par-

561 5718 686 5759 cere
711 5705 963 5761 deberem
997 5724 1238 5778 peccalm
1255 5715 1399 5773 ibus.

613 5816 663 5848 "
687 5816 877 5874 Matth.
920 5838 1075 5895 xxnt,
1107 5827 1161 5883 5.

2244 4629 2677 4700 Συγκαθήμενός
2707 4644 2841 4683 τισι.

2315 4721 2425 4779 Kal
2476 4722 2628 4776 κατὰ
2650 4722 2756 4777 τοῦ
2806 4720 2945 4775 υἱοῦ
2981 4719 3093 4791 τῆς
3149 4724 3378 4793 μητρός
3436 4740 3552 4779 σου
3620 4724 3843 4790 ἐτίθεις

2245 4813 2624 4869 σκάνδαλον.
2670 4814 2743 4866 Τὸ
2774 4813 2906 4866 αὐτὸ
2954 4813 3119 4868 πάλιν
3169 4814 3343 4883 λέγει,
3398 4815 3485 4869 διὰ
3513 4816 3615 4884 τῆς
3667 4815 3843 4881 ἐπεξ-

2275 4908 2535 4977 ηγήσεως
2567 4904 2750 4972 αὔξων
2772 4904 2872 4975 τὴν
2923 4906 3296 4977 κατηγορίαν.
3358 4906 3719 4962 Σκάνδαλον
3751 4908 3840 4975 δὲ,

2244 5002 2276 5071 ή
2321 5000 2509 5067 παγίς.

2323 5090 2516 5145 Ταῦτα
2587 5088 2908 5157 ἐποίησας,
2965 5104 3065 5143 και
3130 5090 3411 5159 ἐσίγησα.

2236 5200 2425 5255 Pnda,
2454 5180 2895 5251 ἀπεκδεχόμευος
2919 5180 3016 5252 τὴν
3044 5180 3336 5251 μετάνοιάν
3361 5198 3477 5236 σου.

2333 5274 2655 5340 Ὑπέλασές
2680 5273 2961 5343 ἀνομίαν,
2985 5273 3075 5327 ὅτι
3101 5273 3320 5343 ἔσομαι
3339 5290 3439 5329 σοι
3478 5272 3698 5343 ὅμοιος.
3760 5278 3838 5331 Σὺ

3493 5089 3839 5160 Ἐμακροθιμ

2258 5366 2317 5419 δὲ
2374 5365 2435 5417 οὐ
2517 5363 2679 5434 μόνον
2764 5360 3086 5433 διωρθὼσω,
3174 5362 3310 5416 ἀλλὰ
3374 5363 3471 5416 καὶ
3561 5367 3840 5436 ἐνεθυμή-

2252 5456 2352 5526 θης
2423 5456 2759 5526 ἀνασιότητα
2798 5470 2813 5486 ο
2876 5452 3017 5525 αὕτη
3071 5454 3128 5507 δὲ
3179 5450 3269 5524 ἦν,
3341 5456 3422 5508 ὅτι
3494 5454 3693 5526 ἔσομαί
3752 5474 3838 5511 σοι

2247 5548 2460 5617 ὅμοιος,
2522 5546 2649 5617 ὅσον
2726 5547 2807 5609 είς
2874 5544 2937 5598 τὸ
2997 5544 3343 5599 συνευδοκεῖν
3412 5548 3525 5611 τοῖς
3586 5549 3838 5623 ἁμαρτά-

2242 5659 2445 5697 νουσιν.
