4120 6416
509 359 616 427 551

1728 344 2114 411 EUTHYMII
2155 342 2524 406 ZlGABENl

3664 326 3779 394 552

511 490 666 554 gnat,
698 479 848 536 utsit
868 491 1069 535 sensus
1090 471 1613 544 composuisseeum
1633 468 1779 524 hunc
1800 464 2094 537 psalmum,
2139 472 2430 535 postquam
2485 457 2713 517 intravit
2765 457 2831 512 ad
2865 455 3134 513 Bersabee
3177 460 3234 510 et
3297 447 3580 525 gravidam
3655 460 3785 503 cam

512 577 772 637 reddidit.

470 695 475 699 ·
512 633 755 727 "ll—ens.
792 669 847 723 '5.
879 665 1127 719 Miserere
1153 662 1276 722 mei,
1301 659 1465 725 Deus,
1504 657 1795 713 secundum
1838 670 2090 727 magnam

2278 646 2575 719 Ἐλέησόν
2587 661 2682 717 με,
2715 645 2748 699 ὀ
2770 642 2936 708 Θεὸς,
2962 639 3113 695 κατὰ
3140 637 3209 694 τὸ
3222 637 3379 708 μέγα
3403 633 3578 700 ἔλεός
3635 646 3779 687 σου.

513 760 941 820 misericordiam
961 767 1133 810 tuam.
1148 753 1315 810 Juxta
1334 753 1688 814 immensam,
1723 747 1926 818 inquit,
1943 755 2095 801 tuam

2209 746 2468 818 Ἐλέησόν
2492 759 2560 815 με
2598 740 2767 806 ἀξίως
2796 736 2893 793 τοῦ
2926 735 3167 808 μεγάλου
3186 733 3373 798 ὲλέους
3406 747 3525 800 σου,
3559 730 3643 784 ὅτι
3674 743 3784 799 με·

516 853 956 912 misericordiam
994 850 1262 905 miserere
1286 847 1415 902 mei.
1448 846 1794 902 Immensum
1824 842 1973 897 enim
2009 847 2097 894 est

2212 840 2337 911 τάλα
2366 837 2640 907 ἥμαρτονο

515 950 664 1022 quod
695 946 925 1014 deliqui.

585 1041 655 1096 Et
681 1036 973 1093 secundum
1005 1030 1407 1087 multitudinem
1434 1029 1846 1084 miserationum
1877 1038 2093 1084 tuarum

516 1134 631 1188 dele
670 1130 1014 1200 iniquitatem
1034 1141 1229 1179 meam.
1280 1122 1723 1193 Supplicantium
1767 1135 1920 1201 more
1940 1134 2098 1175 eum-

2264 1020 2375 1077 Καὶ
2398 1017 2553 1074 κατὰ
2581 1017 2649 1071 τὸ
2676 1014 2913 1084 πλῆθος
2939 1011 3058 1066 τῶν
3108 1006 3430 1078 οἰκτιρμῶν
3478 1021 3598 1061 σου
3643 1002 3790 1069 ἐξάο

2193 1116 2416 1184 ,κενψον
2466 1110 2535 1166 τὸ
2585 1105 2868 1178 ἀνόμημά
2891 1121 3033 1175 μου.
3094 1101 3171 1156 re
3205 1100 3339 1155 αὐτὸ
3396 1092 3787 1152 ἐδιπλασίασεν

518 1229 643 1279 (lem
678 1191 879 1289 saepius
903 1218 1131 1289 repertit
1152 1191 1483 1273 sensum.vEt
1508 1230 1603 1285 per
1624 1194 1973 1283 iniquitatem
1997 1226 2096 1282 pro

2212 1206 2287 1261 ivo
2299 1224 2400 1277 μα,
2440 1202 2675 1274 σύνηθες
2689 1200 2803 1271 γὰρ
2823 1198 2983 1253 τοῦτο
3002 1199 3115 1260 τοῖς
3147 1195 3447 1264 δεομένοις.
3491 1191 3787 1291 ’Ᾱνόμημα

516 1334 627 1388 qua
675 1285 817 1370 LXX
854 1285 1086 1381 ἀνομίαν
1125 1310 1386 1365 dixerunt
1423 1306 1601 1378 [juxta
1632 1304 2096 1375 signiﬁcationem

2212 1298 2257 1353 se
2309 1297 2461 1365 λέγει
2517 1296 2619 1367 τὴν
2674 1291 3026 1366 παρανομίαν
3066 1292 3167 1361 τῆς
3223 1287 3471 1358 μοιχείας
3539 1285 3632 1338 καὶ
3683 1285 3785 1336 τοῦ

517 1409 720 1465 Graeca:
760 1402 1045 1475 dictionis]
1089 1400 1598 1472 praevaricationem
1657 1398 1792 1467 legis
1823 1395 2099 1467 intelligit,

520 1503 574 1555 in
608 1498 874 1555 adulterio
904 1506 957 1549 et
1004 1495 1152 1550 caede
1186 1508 1218 1547 a
1276 1507 1337 1547 se
1370 1491 1752 1545 commissam.
1789 1487 2099 1558 Utrumque

518 1595 663 1648 enim
694 1595 813 1660 lege
842 1590 1162 1652 vetabatur,
1209 1585 1316 1650 vel,
1346 1598 1469 1637 cum
1499 1581 1848 1651 iniquitatem
1882 1595 1978 1635 seu
2004 1593 2100 1649 po—

2201 1390 2366 1459 φόνου
2400 1407 2413 1421 ·
2446 1389 2544 1444 καὶ
2568 1388 2738 1458 ἄμφω
2758 1386 2867 1457 γὰρ
2890 1386 2920 1438 ὁ
2943 1383 3107 1453 νόμος
3169 1381 3428 1434 ἐκώλυεν.
3496 1378 3789 1449 ’Δνόμημοι

2205 1483 2264 1538 δὲ
2292 1482 2500 1554 ταύτην
2529 1481 2813 1547 ὲκάλεσεν,
2843 1480 2929 1533 ὃτι
2968 1477 3128 1548 δίκην
3161 1475 3485 1545 ἀλλοφύλου,
3552 1472 3645 1526 τοῦ
3708 1471 3791 1543 μὴ

2207 1575 2397 1647 νόμον,
2422 1573 2844 1646 ἐπλημμέλησε.

520 1694 629 1747 tius
656 1691 740 1758 [ut
790 1682 1055 1755 diximus]
1090 1682 1324 1753 ἀνομίαν
1358 1696 1419 1737 se
1446 1682 1796 1736 commisisse
1831 1677 2087 1742 fateatur,
2125 1685 2531 1747 consequenter
2563 1673 2699 1728 illud
2725 1672 2891 1729 etiam
2951 1669 3209 1737 alllrmat,
3275 1683 3336 1726 se
3392 1669 3618 1740 ἄνομον,
3685 1667 3796 1721 hoc

517 1790 624 1842 est,
652 1789 913 1848 tanquam
942 1778 1189 1846 exlegem
1227 1789 1374 1836 esse,
1396 1787 1523 1827 cum
1548 1771 1870 1842 alienigenae
1902 1770 2100 1835 instar,
2142 1770 2235 1840 qui
2269 1770 2374 1825 sub
2412 1769 2535 1840 lege
2599 1782 2711 1823 non
2762 1768 2857 1832 sit,
2931 1763 3167 1822 nefanda
3195 1762 3312 1820 haec
3332 1761 3533 1818 delicta
3558 1761 3796 1818 commi-

519 1878 673 1935 set'il.

589 1966 755 2024 Vens.
790 1968 848 2022 4.
875 1965 1115 2034 Amplius
1142 1964 1262 2018 lava
1285 1979 1367 2017 me
1389 1961 1755 2032 abiniquitate
1774 1960 2099 2016 mea.Venia

2286 1961 2420 2016 Ἐπὶ
2461 1959 2677 2015 πλεῖον
2705 1948 2948 2014 πλῦνάν
2966 1972 3044 2026 με
3071 1955 3192 2010 ἀπὸ
3219 1953 3332 2023 τῆς
3352 1952 3606 2023 ἀνομίας
3645 1970 3792 2023 μου.

517 2062 722 2131 quippe
751 2060 802 2114 ei
848 2059 958 2128 iam
1011 2058 1139 2112 data
1174 2056 1356 2110 fuerat
1391 2070 1490 2125 per
1522 2054 1848 2125 prophetam
1881 2051 2099 2107 Nathan

519 2154 795 2207 dicentem
832 2167 846 2203 ι
876 2149 1019 2203 Deus
1053 2147 1277 2202 abstulit
1310 2158 1584 2215 peccatum
1619 2156 1768 2200 tuum
1797 2146 1869 2202 "z
1904 2159 2097 2201 verum

519 2261 634 2316 pra:
662 2244 904 2297 maximo
925 2242 1167 2310 quodam
1208 2238 1411 2294 ardore
1441 2238 1681 2307 amplius
1706 2237 1875 2292 etiam
1930 2236 2103 2290 lavari

520 2335 707 2405 cupit;
742 2333 825 2387 vel
850 2330 1104 2400 amplius,
1128 2343 1366 2398 expone,
1396 2344 1498 2399 pro
1522 2329 1698 2383 valde.

593 2424 662 2478 Et
697 2439 730 2476 a
765 2430 979 2490 peccato
1009 2436 1123 2475 meo
1152 2419 1352 2472 munda
1384 2436 1487 2473 me.
1521 2417 1739 2474 Rursus
1763 2418 1975 2488 peccati
2000 2432 2101 2473 no-

523 2520 671 2573 mine
698 2516 958 2571 delictum
984 2528 1015 2567 a
1044 2527 1104 2569 se
1132 2512 1495 2568 commissum
1533 2511 1790 2582 appellat,
1825 2511 1971 2582 quod
2008 2526 2105 2566 su-

526 2604 716 2675 perius
753 2601 1127 2672 iniquitatem,
1186 2615 1281 2656 seu
1330 2598 1417 2671 [ut
1444 2600 1714 2672 diximus]
1756 2602 2021 2671 ἀνομίαν,
2050 2600 2106 2655 id

525 2703 631 2757 est,
664 2692 1162 2763 transgressionem
1188 2690 1323 2761 legis
1347 2691 1679 2763 appellavit:
1707 2693 1931 2763 proprie
1955 2691 2103 2747 enim

528 2787 619 2840 ille
643 2798 873 2852 peccare
903 2782 1130 2848 dicitur,
1164 2784 1257 2852 qui
1288 2783 1461 2854 legem
1494 2786 1923 2855 transgreditur.
1953 2784 2107 2840 Solet

527 2886 714 2934 autem
740 2877 1014 2947 Propheta
1051 2878 1366 2946 promiscue
1397 2877 1475 2931 uti
1506 2876 1592 2932 his
1616 2878 1958 2934 nominibus.

595 2966 765 3024 Vens.
800 2968 856 3024 5.
899 2969 1171 3034 Quoniam
1231 2969 1574 3037 iniquitatem
1634 2986 1807 3024 meam
1868 2986 1963 3041 ego
2014 2987 2107 3024 co-

525 3076 747 3134 gnosco,
781 3070 831 3116 et
884 3070 1161 3130 peccatum
1212 3076 1385 3115 meum
1425 3073 1612 3116 contra
1652 3079 1733 3118 me
1773 3071 1852 3116 est
1880 3078 2104 3132 semper.

526 3154 788 3209 Miserere
834 3154 964 3251 mei,
1000 3153 1200 3223 inquit,
1232 3161 1286 3207 et
1332 3152 1538 3208 munda
1586 3170 1696 3222 me,
1726 3155 1858 3226 quia
1913 3171 2109 3227 perpe-

525 3246 655 3300 trati
684 3261 714 3300 a
741 3244 1111 3300 me'criminis
1142 3245 1350 3301 oblitus
1375 3261 1486 3300 non
1512 3261 1659 3311 sum,
1683 3261 1809 3315 nec,
1833 3247 1999 3302 veluti
2039 3248 2109 3302 de

528 3337 679 3406 regia
726 3336 1002 3407 dignitate
1033 3337 1335 3408 superbus,
1371 3337 1509 3392 illud
1538 3338 1780 3408 neglexi.
1838 3336 1973 3393 Nam
2003 3339 2107 3394 etsi
2139 3330 2183 3392 C

526 3429 786 3485 homines
819 3431 1007 3491 lateat,
1040 3443 1142 3499 ego
1175 3438 1359 3485 tamen
1407 3430 1558 3486 illius
1592 3432 1979 3487 enormitatem
2011 3444 2111 3486 co-

525 3534 758 3590 gnosco,
809 3534 874 3574 ac
908 3519 1268 3575 conscientiae
1301 3534 1436 3573 mea:
1488 3519 1665 3574 oculis
1695 3519 1790 3574 diu
1831 3532 2112 3590 noctuque

528 3612 664 3665 illud
690 3625 860 3665 cerno
891 3627 905 3667 :
938 3610 1143 3680 quippe
1164 3625 1290 3664 cum
1327 3610 1551 3666 assidue
1567 3626 1632 3665 ac
1655 3611 1959 3681 peracerbe
1987 3611 2112 3665 ani-

527 3718 673 3757 mam
701 3718 876 3758 meam
910 3702 1180 3758 stimulet.
1223 3701 1359 3768 Quae
1396 3718 1487 3758 res
1521 3712 1731 3758 certam
1770 3704 2112 3774 paenitentia:

526 3792 907 3862 conjecturam
938 3799 1180 3861 praestat,
1212 3807 1278 3847 ae
1308 3800 1663 3861 peccatorum
1699 3793 1867 3847 etiam
1894 3794 2110 3848 veniam

526 3883 815 3940 conciliat.

601 3972 772 4030 Vens.
809 3974 865 4029 6.
907 3973 1026 4029 Tibi
1054 3973 1155 4029 soli
1207 3974 1445 4043 peccari.
1473 3973 1611 4029 Cum
1654 3990 1750 4029 rex
1795 3974 1923 4039 sim,
1969 3982 2024 4030 et
2059 3982 2114 4030 te

527 4065 706 4122 solum
741 4065 1168 4119 commissorum
1207 4078 1237 4118 a
1268 4079 1358 4120 me
1408 4066 1681 4120 scelerum
1719 4064 1962 4135 judicem
2012 4066 2113 4118 ha-

529 4160 710 4224 beam,
744 4158 843 4212 tibi
890 4157 991 4212 soli
1023 4170 1286 4227 peccasse
1318 4156 1529 4222 videor,
1583 4157 1686 4212 hoc
1734 4169 1843 4223 est,
1878 4158 1974 4212 tibi
2010 4156 2114 4211 soli

525 4246 703 4317 jndiei
763 4248 1056 4317 subjicior.
1108 4248 1656 4318 Caeterornmenim
1712 4250 1959 4303 omnium
2012 4262 2114 4318 ego

529 4338 789 4392 dominus
821 4353 968 4401 sum,
1003 4348 1056 4391 et
1092 4337 1163 4391 ob
1196 4339 1497 4407 potentiam
1555 4352 1732 4392 meam
1770 4338 1937 4393 licere
1979 4336 2113 4391 mihi

527 4430 808 4495 videntur,
831 4444 1175 4499 quascunque
1202 4428 1495 4483 libuerint.
1513 4426 1635 4493 Vel,
1661 4429 1790 4499 quia
1810 4429 1959 4499 leges
1991 4438 2113 4484 tuas

529 4530 920 4591 transgressus
950 4535 1098 4585 sum,
1122 4520 1336 4575 idcirco
1368 4522 1467 4575 tibi
1501 4521 1603 4576 soli
1632 4537 1897 4592 peccasse
1920 4520 2114 4577 videor

531 4615 753 4669 illarum
787 4613 1112 4684 legislatori.

2208 2051 2577 2123 Συνεχωρήθη
2604 2052 2715 2122 γὰρ
2745 2051 2842 2103 καὶ
2877 2049 2966 2103 διὰ
2993 2048 3088 2102 τοῦ
3141 2047 3354 2111 Νάθαν,
3382 2046 3649 2108 εἰπόντος,
3704 2046 3792 2099 ὅτι

2210 2147 2306 2201 καὶ
2337 2147 2555 2214 Κύριος
2586 2142 2801 2212 ἀφεῖλε
2829 2142 2898 2195 τὸ
2942 2138 3260 2211 ἁμάρτημά
3312 2155 3454 2193 σου.
3524 2136 3657 2191 Ἀλλ’
3678 2135 3787 2188 ὑπο

2210 2239 2548 2311 θερμότητος
2577 2239 2659 2292 ἔτι
2695 2235 2971 2307 πλυθῆναι
3004 2233 3317 2306 παρακαλεί
3349 2249 3362 2264 ο
3421 2232 3453 2303 ἢ
3483 2231 3540 2285 τὸ
3564 2271 3578 2296 ,
3646 2230 3789 2285 Ἐπὶ

2210 2332 2449 2400 πλεῖον,
2476 2330 2598 2386 ἀντὶ
2617 2328 2712 2384 τοῦ
2748 2328 2946 2396 Ἀγαν.

2266 2426 2380 2480 Καὶ
2414 2424 2534 2479 ἀπὸ
2565 2422 2676 2492 τῆς
2700 2420 2990 2490 ἁμαρτιας
3047 2436 3164 2490 μου
3217 2419 3550 2487 καθάρισόν
3563 2434 3662 2487 με.
3718 2416 3798 2471 Τὸ

2212 2516 2347 2572 αὐτὸ
2365 2516 2519 2584 λέγει
2540 2512 2705 2568 πάλιν
2736 2510 3035 2581 ἁμαρτίαν,
3067 2509 3151 2563 ὅτι
3204 2510 3410 2581 κυρίως
3456 2510 3707 2581 ἁμαρτία
3757 2512 3789 2580 ἡ

2212 2609 2307 2664 τοῦ
2333 2611 2501 2680 νόμου
2535 2607 2875 2678 παράϐασις.
2908 2605 3055 2676 Πλὴν
3090 2604 3164 2667 ὡς
3189 2606 3283 2657 ἐπὶ
3312 2605 3373 2657 τὸ
3440 2604 3696 2657 πλεῖστον
3715 2603 3789 2673 τῷ

2211 2702 2314 2771 τῆς
2343 2699 2599 2770 ἀνομίας,
2619 2700 2714 2753 καὶ
2742 2697 3113 2770 παρανομίας,
3147 2696 3241 2749 καὶ
3268 2696 3544 2768 ἁμαρτίας
3563 2696 3791 2765 ὀνόματι

2213 2794 2522 2867 ἀδιαφόρως
2553 2791 2776 2864 χρῆται,
2823 2791 2919 2845 καὶ
2948 2791 3063 2844 ἀντ’
3094 2788 3362 2860 ἀλλήλων.

2283 2978 2409 3031 Ὅτι
2437 2974 2554 3045 τὴν
2584 2974 2845 3043 ἀνομίαν
2894 2988 3015 3042 μου
3049 2968 3190 3040 ιέγὼ
3236 2969 3530 3039 γινώσκω,
3602 2971 3703 3024 καὶ
3756 2972 3799 3040 ἠ

2213 3071 2467 3142 ἁμαρτία
2480 3085 2601 3139 μου
2627 3066 2886 3122 ἐνώπιόν
2910 3064 3025 3134 μού
3049 3064 3179 3119 ἐστι
3202 3063 3550 3130 διαπαντός.
3613 3063 3800 3133 Ἐλέη-

2218 3165 2312 3217 σόν
2346 3180 2437 3234 με,
2475 3162 2633 3231 φησὶ,
2666 3160 2762 3214 καὶ
2777 3156 3081 3229 καθάρισόν
3123 3172 3215 3227 με,
3242 3155 3378 3209 διότι
3408 3156 3512 3210 οὐκ
3534 3155 3794 3211 ἐπελαθό-

2220 3274 2331 3328 μην
2362 3254 2463 3326 τῆς
2497 3253 2776 3325 ἁμαρτίας
2812 3268 2940 3321 μου,
2992 3249 3067 3315 ὡς
3139 3248 3644 3321 εὐκαταφρονήτου,
3699 3247 3791 3304 διὰ

2214 3349 2307 3404 τὸν
2337 3349 2505 3417 ὄγκον
2534 3349 2635 3419 τῆς
2669 3345 2950 3418 βασιλείας
2975 3361 2991 3378 ο
3051 3342 3234 3398 ἀλλἐί
3256 3342 3351 3396 καὶ
3399 3343 3526 3407 τοὺς
3588 3340 3793 3413 ἀνθρὼο

2216 3461 2352 3505 nou;
2381 3440 2594 3504 ἔλαθον,
2635 3440 2786 3510 ὅμως
2804 3437 2916 3507 ἐγὼ
2975 3435 3233 3506 γινώσκω
3288 3434 3516 3506 ταύτην,
3578 3434 3747 3504 ἡλίκη
3777 3452 3792 3466 ι

2213 3536 2308 3589 καὶ
2370 3532 2554 3605 βλέπω
2602 3531 2775 3601 αὐτὴν
2829 3529 3049 3596 νύκτωρ
3102 3529 3197 3581 καὶ
3231 3525 3351 3598 μεθ’
3405 3526 3624 3597 ἡμέραν
3682 3528 3796 3589 τοῖς

2211 3628 2307 3681 τοῦ
2372 3624 2677 3689 συνειδότος
2726 3622 3049 3693 ὀφθαλμοῖς,
3079 3619 3295 3691 πικρῶς
3329 3618 3672 3690 πλήττουσαν
3696 3618 3799 3689 τὴν

2216 3720 2357 3791 ἐμὴν
2411 3718 2630 3789 ψυχήν
2709 3715 2848 3787 ὅπερ
2905 3715 3198 3786 μετανοίας
3262 3712 3417 3766 ἐστὶν
3448 3712 3801 3784 ,εἰλικρινοῦς

2211 3813 2536 3884 τεκμήριον,
2581 3811 2680 3864 καὶ
2741 3807 3005 3878 πρόξενον
3038 3807 3465 3878 συγχωρήσεως.

2285 3971 2388 4028 Σοὶ
2421 3973 2590 4041 μόνῳ
2616 3968 2902 4038 ἥμαρτον.
2954 3967 3044 4030 Ὦς
3081 3965 3165 4019 σοὶ
3193 3964 3340 4036 μόνῳ
3390 3963 3618 4034 δικαστῇ
3660 3963 3801 4017 ὐπο-

2214 4066 2469 4136 κείμενος
2497 4079 2512 4094 ·
2545 4060 2802 4133 βασιλεὺς
2830 4058 2943 4130 γὰρ
2965 4057 3061 4126 ὣν,
3094 4059 3154 4112 σὲ
3185 4057 3345 4129 μόνον
3375 4056 3484 4127 ἔχω
3534 4056 3645 4110 τῶν
3697 4073 3804 4110 πε-

2215 4156 2555 4229 πραγμένων
2589 4171 2683 4226 μοι
2709 4153 2997 4224 δικαστὴν,
3032 4151 3146 4206 τῶν
3173 4150 3353 4205 ἄλλων
3388 4150 3650 4209 ἁπάντων
3695 4149 3800 4204 κῠ-

2217 4267 2332 4322 ριος
2368 4248 2466 4309 ὣν,
2499 4247 2594 4301 καὶ
2615 4246 2737 4300 κατ’
2756 4244 3008 4310 ἐξουσίαν
3033 4243 3204 4297 ποιῶν
3227 4241 3264 4298 ἃ
3290 4242 3573 4313 βούλομαι.
3598 4242 3669 4295 Ἦ
3700 4242 3802 4296 καὶ

2213 4345 2295 4398 ὅτι
2327 4343 2456 4405 τοὺς
2481 4341 2611 4404 σοὺς
2641 4340 2843 4409 νόμους
2868 4338 3150 4409 παραὸὰς,
3179 4336 3265 4390 σοὶ
3326 4335 3472 4407 μόνῳ
3512 4334 3592 4405 τῷ
3643 4350 3804 4404 νομο-

2216 4437 2353 4508 θέτῃ
2376 4434 2588 4489 τούτων
2618 4433 2944 4505 ἡμάρτηκα.

603 4704 673 4758 Ει
703 4705 904 4759 malum
931 4720 1113 4759 coram
1144 4717 1192 4759 te
1220 4706 1340 4776 loci.
1373 4703 1573 4762 Omnia
1602 4709 1749 4763 enim
1784 4708 1962 4774 vides,
2002 4722 2109 4763 non

2287 4685 2396 4740 Kal
2420 4685 2489 4739 τὸ
2507 4682 2780 4749 πονηρὸν
2798 4676 3057 4735 ἐνώπιόν
3112 4692 3231 4731 σου
3278 4675 3559 4742 ἐποίησα.
3614 4672 3801 4727 Πάντα

531 4806 744 4852 tantum
777 4801 1002 4868 quando
1031 4813 1095 4853 ea
1129 4798 1288 4863 ﬁunt,
1321 4803 1416 4855 sed
1467 4800 1693 4871 quando
1739 4800 1906 4854 etiam
1954 4800 2110 4854 lutu-

532 4905 649 4942 rmn
673 4900 758 4944 est
803 4898 861 4943 ut
890 4892 1044 4944 ﬁant.
1081 4890 1195 4945 lloc
1219 4901 1401 4946 autem
1427 4893 1582 4959 dicit,
1621 4893 1835 4962 pudore
1865 4893 2107 4963 seipsum

530 4984 903 5048 cculnntlens,
945 4985 1039 5054 qui
1072 4984 1243 5040 Deum
1275 4972 1555 5041 videntem
1590 4997 1804 5042 tantum
1833 4987 2109 5043 committi

531 5076 750 5131 facinus
803 5078 1010 5134 veritus
1062 5094 1174 5134 non
1230 5079 1328 5133 sit.
1366 5077 1506 5134 lllud
1555 5089 1736 5135 autem
1791 5080 2108 5141 considera,

527 5167 672 5238 quod
712 5167 781 5223 de
806 5183 917 5223 uno
952 5177 1165 5223 tantum
1198 5182 1229 5223 a
1265 5184 1329 5225 se
1370 5170 1673 5256 commisso
1693 5169 1928 5225 crimine
1959 5170 2110 5241 l0qui

530 5258 769 5324 videtur,
826 5275 954 5313 cum
1007 5268 1193 5316 tamen
1255 5260 1415 5331 plura
1467 5273 1703 5316 essent:
1747 5276 1810 5317 ea
1847 5262 2109 5316 nimirum

530 5354 768 5416 ratione,
797 5353 930 5421 quia
963 5369 1132 5407 unum
1170 5353 1240 5408 ab
1275 5353 1454 5409 altero
1480 5354 1828 5422 dependebat
1865 5371 1879 5408 :
1909 5356 2111 5424 quippe

530 5456 655 5496 eum
687 5442 964 5497 adulterio
992 5444 1270 5513 impulsus
1302 5442 1472 5499 fuerit
1502 5448 1571 5499 ad
1595 5447 1825 5501 eaedem.

605 5530 673 5586 Ut
704 5531 1017 5601 iustiﬁcaris
1058 5534 1114 5587 in
1147 5534 1481 5590 sermonibus
1510 5537 1639 5603 tuis,
1676 5546 1727 5591 et
1763 5536 1943 5591 uincas
1986 5552 2108 5590 cum

532 5621 820 5688 indicaris.
878 5623 1175 5695 Delictum,
1206 5627 1387 5698 inquit
1439 5629 1584 5684 nuod
1644 5630 1749 5685 feci
1799 5644 1988 5685 coram
2031 5639 2103 5696 te,

596 5799 642 5830 ⁹⁶
669 5797 714 5852 ll
751 5796 884 5870 Reg.
913 5816 1009 5868 xu,
1043 5804 1129 5858 l5.

2218 4783 2326 4851 γὰρ
2357 4779 2515 4852 ὁρᾷς,
2537 4776 2637 4847 οὐχ
2665 4776 2754 4828 ὅτε
2804 4773 3044 4842 γίνονται
3090 4769 3272 4841 μόνον,
3322 4766 3461 4822 ἀλλὰ
3516 4766 3610 4820 καὶ
3667 4767 3802 4821 ὅταν

2223 4871 2479 4945 μέλλωσι.
2500 4866 2748 4934 Τοῦτοδὲ
2771 4860 2916 4929 εἷπε,
2948 4862 3329 4934 καταισχύνων
3356 4859 3568 4925 ἑαυτὸν,
3588 4859 3663 4923 ὡς
3697 4860 3804 4913 οὐκ

2219 4960 2583 5034 αἰσχυνθέντα
2611 4959 2704 5011 τὸν
2735 4955 2898 5019 Θεὸν,
2921 4953 3135 5026 ὁρῶντα
3158 4951 3455 5022 γινομένην
3476 4952 3577 5020 τὴν
3615 4950 3804 5020 ἁμαρ-

2215 5056 2359 5109 τίαν.
2394 5055 2538 5123 Ὅρα
2594 5050 2673 5118 δὲ,
2736 5049 2854 5111 πῶς
2903 5046 2981 5112 ὡς
3035 5044 3164 5118 περὶ
3213 5044 3330 5107 ἐνὸς
3401 5042 3803 5114 ἁμαρτήματος

2217 5150 2371 5204 δοκεῖ
2401 5147 2609 5215 λέγειν,
2633 5144 2721 5198 διὰ
2747 5147 2807 5196 τδ
2863 5138 3219 5212 ἀπηρτῆσθαι
3274 5136 3373 5207 τῆς
3416 5134 3664 5207 μοιχείας
3702 5135 3801 5187 τὸν

2217 5241 2383 5312 φόνον
2405 5258 2419 5272 ο
2449 5238 2638 5307 ἐκείνη
2665 5236 2775 5306 γὰρ
2797 5233 3097 5305 εἰργάσατο
3127 5229 3341 5284 τοῦτον.
3394 5259 3398 5263 <

2282 5529 2483 5592 Ὅπως
2511 5523 2589 5579 ἂν
2637 5518 2957 5588 δικαιωθῇς
2987 5517 3054 5571 ἐν
3089 5515 3214 5583 τοῖς
3262 5516 3463 5584 λόγοις
3497 5531 3635 5580 σου,
3696 5516 3798 5568 erat

2214 5623 2477 5689 νικήσεις
2501 5618 2572 5672 ἐν
2602 5614 2682 5681 τῷ
2717 5610 3031 5682 κρίνεσθαί
3060 5625 3154 5663 σε.
3211 5607 3472 5676 Ἐποίησα
3518 5605 3574 5659 δὲ
3606 5605 3667 5656 τὸ
3696 5621 3803 5657 κα-
