4120 6416
396 411 508 477 553

1574 412 1965 478 COMMENT.
2001 409 2085 470 IN
2125 410 2487 474 PSALMOS;

3554 414 3661 483 554

400 528 502 582 κον
524 524 758 583 ἐνώπιόν
787 544 910 595 σου,
948 529 1090 584 κατὰ
1129 530 1227 601 τῆς
1268 528 1512 600 ἐμαυτοῦ
1573 530 1841 600 κεφαλῆς,
1893 531 1977 583 ἵνα

2087 529 2266 585 fateor
2299 530 2353 584 in
2408 535 2573 599 caput
2622 544 2801 586 meum
2835 532 3202 601 commisisse,
3240 541 3301 590 ut
3348 535 3563 605 quoties
3605 548 3662 592 tu

396 619 462 673 ὲν
493 620 615 683 ταῖς
647 618 1042 689 δικαιολογίαις
1078 637 1196 683 σου,
1219 622 1338 683 ταῖς
1363 620 1500 690 πρὸς
1534 620 1657 690 ἐμὲ,
1689 620 1781 673 καὶ
1816 623 1875 673 ὲν
1901 619 1982 691 τῷ

396 710 688 782 κρίνεσθαί
724 728 787 765 σε
817 712 947 783 ἐμοὶ
977 713 1106 784 περὶ
1131 706 1207 767 ὧν
1241 713 1307 766 σύ
1363 730 1429 783 με
1463 712 1689 783 βασιλέα
1746 713 1980 784 πεποίη-

394 818 526 865 κας,
565 802 662 856 καὶ
681 802 857 865 οὕτως
902 803 1150 869 ἐδόξασα,
1183 804 1297 872 ἐγὼ
1337 804 1392 857 δὲ
1417 805 1545 868 τοὺς
1582 804 1707 867 σοὺς
1742 803 1982 874 ἠθέτησα

397 893 628 963 νόμους,
662 895 757 949 καὶ
787 895 1124 966 παρώργισόι
1155 914 1238 962 σε,
1277 895 1592 958 δικαιωθείς
1654 897 1855 966 μᾶλλον
1891 897 1979 962 σὺ,

395 987 791 1050 καταδικάσας
830 1005 899 1058 με
928 989 1020 1041 τὸν
1046 989 1254 1054 ἄθλιον,
1278 988 1354 1052 ὡς
1401 989 1529 1061 περ).
1557 989 1648 1042 τὸν
1679 990 1982 1060 εὐεργέτην

394 1074 717 1145 ἀγνώμονα.
758 1075 1012 1140 Τοιοῦτος
1037 1077 1149 1151 γὰρ
1179 1073 1246 1148 ἦν
1270 1078 1298 1130 6
1333 1078 1535 1139 σκοπὸς
1586 1077 1678 1130 τοῦ
1718 1078 1983 1147 βιασαμέ-

396 1182 497 1221 νου
522 1167 619 1219 καὶ
659 1166 992 1236 νικήσαντος
1028 1185 1092 1237 με
1133 1168 1410 1235 δαίμονος,
1452 1168 1614 1219 αὑτὸν
1643 1168 1745 1237 ἐμὲ
1804 1185 1979 1220 κατα-

399 1259 601 1327 στῆναί
630 1275 721 1329 μοι
759 1259 859 1328 τῆς
884 1258 1041 1328 δίκης
1067 1260 1348 1329 πρόξενον.
1417 1260 1861 1330 Ἐδικαιολογήθη
1896 1260 1980 1324 δὲ,

397 1347 501 1402 καί⁵
529 1348 829 1419 ἀντεκρίθη
863 1349 1001 1420 πρὸς
1032 1352 1124 1402 τὸν
1177 1350 1342 1403 Δαϐὶδ
1388 1352 1416 1403 6
1448 1350 1580 1414 Θεὸς
1627 1350 1716 1404 διὰ
1773 1350 1982 1417 Νάθαν,

397 1438 497 1494 καὶ
528 1440 760 1510 ἦλεγξεν
779 1455 793 1469 °
820 1440 969 1503 ὅπως
997 1440 1281 1511 προϐατέα
1305 1439 1497 1494 τοῦτον
1514 1438 1719 1505 λαϐὼν,
1771 1443 1850 1504 είς
1889 1440 1984 1511 βα-

392 1535 553 1588 σιλέα
587 1534 922 1605 κατέστησε,
955 1536 1050 1588 καὶ
1084 1535 1297 1605 μυρίων
1336 1534 1641 1588 ἐπιϐουλῶν
1688 1535 1981 1604 ἐρρύσατο,

390 1625 490 1678 καὶ
516 1625 670 1689 ὅπως
693 1625 856 1687 αὐτὸς
885 1625 1102 1696 πονηρᾷ
1136 1624 1335 1695 πράξει
1361 1624 1453 1677 τὸν
1495 1623 1794 1693 εὐεργέτην
1823 1622 1983 1693 ἡμεί-

387 1717 558 1787 ipa-.0.
607 1718 887 1787 Ἐπηγαγε
920 1716 1091 1770 δὲκαὶ
1135 1718 1235 1786 τὴν
1281 1717 1605 1788 καταδίκην,
1686 1717 1768 1769 ὅτι
1837 1714 1982 1769 Τάδε

386 1810 556 1878 λέγει
607 1809 821 1877 Κύριος
846 1825 861 1840 ·
908 1808 1064 1863 Ἰδοὺ
1083 1808 1198 1880 ἐγὼ
1222 1806 1502 1879 ἐξεγείρω
1534 1808 1634 1861 ἐπὶ
1669 1806 1745 1862 σὲ
1800 1806 1977 1873 κακὰ,

2091 637 2308 678 mecum
2337 621 2629 691 iudicaris,
2663 628 2714 678 et
2743 638 2867 693 qua:
2901 624 3046 680 inter
3076 641 3179 682 nos
3228 635 3314 683 est
3345 642 3513 685 causa
3553 627 3668 684 dis-

2088 715 2321 781 cutitur,
2344 716 2486 784 quod
2519 715 2733 769 scilicet
2766 724 2822 769 tu
2860 732 2946 772 me
2976 734 3041 771 ex
3074 717 3262 773 inﬁmo
3303 735 3486 787 regem
3519 720 3668 775 fece-

2091 807 2191 874 ris,
2234 814 2494 877 tantaque
2525 822 2589 861 ac
2627 808 2717 860 tali
2748 809 2924 877 glotia
2960 814 3346 880 conspicuum,
3409 809 3667 884 quodque

2087 915 2190 970 ego
2212 908 2430 966 contra,
2459 910 2516 956 et
2544 900 2694 968 leges
2721 910 2841 957 tuas
2869 906 3262 971 spreverint,et
3297 915 3348 959 te
3365 906 3668 962 sceleribus

2089 993 2226 1048 meis
2260 994 2326 1046 ad
2375 993 2513 1047 iram
2546 995 2962 1060 concitaveritn,
2996 1005 3056 1049 ut
3094 996 3147 1050 in
3187 997 3311 1062 hoc,
3348 999 3548 1068 inquit,
3576 1000 3668 1069 ⁸Ῑιιι-

2088 1083 2234 1137 dicio
2276 1092 2334 1138 tu
2371 1084 2547 1156 magis
2577 1085 2921 1155 justificeris,
2963 1094 3019 1141 et
3050 1102 3151 1157 ego
3199 1090 3465 1155 vicissim,
3500 1091 3664 1145 veluti

2090 1190 2216 1244 erga
2256 1184 2468 1229 tantum
2528 1176 2939 1233 benefactorem
2991 1181 3127 1234 adeo
3181 1181 3457 1251 ingratus,
3491 1184 3668 1253 magis

2089 1258 2451 1313 condemner.
2486 1258 2560 1313 Ea
2599 1259 2744 1315 enim
2781 1260 2883 1314 fuit
2916 1262 3139 1333 maligni
3181 1264 3448 1322 damonis
3476 1267 3666 1322 inten-

2088 1346 2187 1411 tio,
2217 1362 2341 1401 cum
2380 1362 2572 1418 magna
2603 1363 2691 1404 me
2721 1350 2775 1404 vi
2824 1350 2889 1403 ad
2921 1353 3261 1420 peccandum
3310 1354 3530 1425 impulit
3600 1372 3665 1410 ac

2088 1437 2392 1506 superavit,
2426 1448 2484 1493 ut
2514 1452 2647 1493 meae
2676 1453 2764 1493 me
2792 1443 3155 1496 constitueret
3185 1443 3666 1502 condeztnationis

2088 1527 2424 1583 ministrum.
2441 1527 2636 1584 Dicere
2654 1538 2836 1585 autem
2857 1546 3153 1600 possumus
3168 1534 3471 1604 iudicatum
3494 1536 3667 1592 fuisse

2088 1615 2255 1671 Deum
2286 1633 2410 1672 cum
2466 1617 2658 1684 David,
2691 1620 2908 1689 quando
2948 1621 3161 1677 Nathan
3219 1625 3490 1696 propheta
3535 1640 3663 1680 eum

2088 1709 2421 1780 redarguit,
2488 1711 2633 1779 quod
2705 1726 2807 1780 pro
2878 1713 3047 1768 tantis
3122 1713 3408 1771 beneﬁciis
3458 1730 3488 1769 ει
3554 1716 3665 1771 Deo

2086 1804 2348 1871 acceptis,
2377 1800 2494 1872 ipse
2530 1803 2721 1857 contra
2759 1805 2945 1875 pravis
2981 1805 3391 1863 bcnefactorem
3425 1810 3663 1863 actioni-

385 1904 458 1956 ἐκ
483 1905 595 1956 τοῦ
629 1901 800 1956 οἴκου
829 1915 975 1968 σου,
1038 1902 1220 1956 καὶτὰ
1270 1900 1421 1971 ἑξῆς,
1483 1901 1558 1965 ὡς
1588 1903 1622 1972 ἡ
1678 1901 1977 1971 δηλωοείσα

2088 1894 2192 1950 bus
2227 1901 2611 1950 remuneratus
2643 1894 2745 1960 sit;
2781 1897 2872 1951 ubi
2925 1906 3211 1968 postquam
3246 1901 3335 1954 Dei
3389 1902 3665 1972 justiﬁca-

390 1993 583 2062 βίϐλος
626 1992 948 2065 παρίστησι.

2084 1986 2268 2042 tiones
2330 1983 2674 2055 percensuit,
2710 1988 3223 2046 condemnationem
3255 1990 3423 2047 etiam
3454 1993 3665 2049 addidit

386 2091 584 2146 dicens
615 2091 796 2159 :.Ha'c
836 2090 966 2143 dicit
995 2088 1279 2158 Dominus,
1308 2088 1443 2144 Ecce
1474 2106 1564 2160 ego
1598 2086 1867 2144 suscitabo
1902 2086 1957 2138 in
1998 2093 2047 2138 te
2088 2085 2235 2138 mala
2265 2099 2331 2139 ea:
2375 2084 2534 2138 domo
2562 2092 2657 2136 tua
2693 2082 2739 2114 ⁸⁷
2773 2102 2787 2137 :
2823 2092 2877 2139 et
2912 2085 3041 2151 alia,
3110 2101 3235 2156 qua:
3285 2087 3507 2157 plenius
3561 2090 3664 2142 ha-

389 2191 597 2244 bentur
623 2188 678 2242 in
715 2186 871 2241 libris
892 2183 1123 2256 Regum.

478 2279 636 2334 Ἰδοὺ
696 2278 806 2349 γὰρ
855 2278 925 2331 ἐν
977 2278 1254 2347 ἁνομίαις
1307 2280 1725 2346 συνεληςρθην,
1782 2277 1879 2333 καὶ
1908 2277 1979 2330 ἐν

408 2370 713 2438 ἁμαρτίαις
748 2366 1048 2435 ἐκίσσησέ
1072 2384 1150 2436 με
1172 2368 1211 2435 ὴ
1235 2366 1434 2436 μήτηρ
1458 2384 1603 2436 μου.
1632 2368 1723 2431 Εἰς
1753 2366 1974 2436 συμπά-

414 2462 563 2514 θειαν
596 2461 684 2513 τὸν
716 2459 849 2513 Θεὸν
886 2457 1296 2530 ἐπισπώμενος,
1353 2459 1448 2512 ἐπὶ
1470 2458 1568 2531 τὴν
1623 2457 1821 2512 ἑαυτοῦ
1854 2458 1980 2526 γέν-

402 2567 554 2623 νησιν
578 2550 879 2622 ἀνατρέχει
916 2549 993 2621 τῷ
1014 2550 1183 2618 λόγῳ.
1215 2550 1278 2602 Εἰ
1310 2548 1418 2620 γὰρ
1456 2551 1531 2621 μὴ
1558 2550 1809 2621 ⁴ἳπιμαρτεν
1829 2550 1858 2601 6
1889 2550 1978 2602 Ἀ-

392 2644 529 2713 δὰμ,
559 2644 664 2696 οὐκ
691 2642 758 2697 ἂν
782 2642 1031 2714 συνήφθη
1063 2644 1131 2714 τῇ
1154 2641 1288 2713 Εὔα.
1325 2642 1547 2711 Ὥστεὴ
1601 2643 1701 2712 μὲν
1734 2640 1979 2713 ἁμαρτία

388 2736 698 2805 γεγέννηκε
737 2736 840 2807 τὴν
896 2737 1192 2804 συνάφειαν
1217 2774 1232 2798 ,
1272 2737 1305 2805 ἡ
1335 2735 1391 2788 δὲ
1433 2735 1719 2804 συνάφεια,
1760 2735 1890 2796 τοὺς
1921 2733 1978 2800 ἐξ

401 2827 584 2898 Ἀδὰμ.
632 2828 728 2880 καὶ
769 2826 934 2891 Εὔας·
991 2830 1082 2879 καὶ
1135 2821 1281 2880 οὗτοι
1329 2829 1455 2890 τοὺς
1495 2826 1647 2895 ἑξῆς,
1683 2827 1776 2879 καὶ
1805 2824 1979 2888 οὕτως

389 2921 526 2992 ἄχρι
560 2919 731 2974 Δαϐίδ
760 2935 774 2949 °
803 2919 899 2972 καὶ
927 2918 1036 2991 γὰρ
1069 2920 1117 2972 εί
1140 2917 1330 2989 καὶτῷ
1361 2919 1724 2989 νόμῳτίμιος
1750 2920 1776 2969 6
1802 2918 1978 2986 γάμος

390 3012 616 3080 γέγονε,
648 3010 737 3064 διὰ
797 3011 897 3083 τὴν
932 3010 1303 3077 παιδοποιίαν,
1339 3009 1476 3063 ἀλλά
1515 3026 1577 3077 γε
1620 3012 1688 3080 τῇ
1723 3009 1882 3076 φύσει
1916 3010 1980 3060 ἐκ

387 3105 497 3173 τῆς
525 3104 805 3176 ἁμαρτίας
836 3104 949 3174 ἔχει
974 3104 1074 3175 τὴν
1113 3103 1362 3176 πρόοδον.
1394 3103 1557 3158 Ὥστε
1592 3101 1653 3167 ἐξ
1700 3101 1979 3172 ἁμαρτίας

390 3197 494 3248 καὶ
526 3193 898 3265 συνελήφθην,
947 3197 1041 3248 καὶ
1063 3193 1361 3266 ἐγεννήθην
1386 3208 1401 3224 ⁸
1447 3195 1508 3248 τὸ
1535 3193 1668 3265 γὰρ,
1712 3193 1968 3259 ἐκίσσηο

389 3303 533 3355 σεν,
599 3288 934 3357 ἐγέννησεν
1006 3283 1164 3341 εἷπεν
1222 3290 1251 3341 6
1299 3288 1615 3358 Σύμμαχος.
1675 3287 1783 3340 Καὶ
1824 3284 1979 3337 οὐδὲν

393 3379 567 3449 μέγα,
607 3381 655 3432 εἰ
684 3382 778 3434 καὶ
806 3380 970 3444 αὐτὸς
999 3381 1271 3453 ἥμαρτον,
1307 3381 1498 3435 παθὼν
1522 3380 1583 3433 τὸ
1605 3380 1704 3448 τῆς
1732 3379 1972 3448 φύσεως.

480 3657 631 3715 Ἰδου
666 3661 777 3729 γὰρ
801 3660 1095 3729 ἀλήθειαν
1120 3662 1469 3732 ἠγάπησας.
1500 3663 1673 3717 Τοῦτο
1707 3665 1844 3735 πρὸς
1875 3665 1974 3736 τὴν

391 3750 662 3822 ῥηθεῖσαν
725 3750 1115 3824 ἐξομολόγησιν
1178 3753 1395 3824 εἴρηται
1423 3769 1437 3784 ·
1496 3754 1631 3824 φησὶ
1702 3755 1833 3826 γὰρ,
1890 3757 1974 3808 ὅτι

402 3843 699 3914 Ἀλήθειαν
731 3845 1050 3915 ἠγάπησας,
1071 3848 1164 3898 καὶ
1182 3844 1270 3898 διὰ
1299 3845 1459 3898 τοῦτο
1483 3843 1813 3917 ὡμολόγησα
1843 3846 1975 3899 ταύ-

388 3953 520 4008 την,
551 3938 636 3990 ὃτι
667 3936 943 4008 ἥμαρτον.
970 3938 1046 3991 Τὸ
1089 3938 1168 4003 δὲ,
1226 3936 1385 3992 Ἰδοὺ
1412 3937 1543 4007 γὰρ,
1576 3939 1832 4009 περιττὸν
1861 3941 1975 3992 κεί-

385 4045 506 4093 ται,
533 4029 634 4082 καὶ
671 4029 763 4081 ἐπὶ
791 4028 887 4082 τοῦ
949 4030 1216 4100 παρόντος
1253 4029 1463 4099 στίχου,
1507 4028 1603 4082 καὶ
1633 4028 1728 4081 ἐπὶ
1767 4028 1975 4100 προλα-

386 4121 605 4184 δόντος,
647 4121 772 4175 καθ’
816 4120 1077 4191 Ἐὁραῖδα
1130 4121 1425 4193 συνήθειαν
1455 4135 1470 4151 ⁸
1527 4121 1700 4175 πολλὰ
1733 4122 1844 4192 γὰρ
1870 4138 1977 4174 τοιο

386 4211 535 4265 αὔτα
565 4214 796 4284 περιττὰ
834 4212 1039 4281 τίθησι.

468 4481 551 4535 Τὰ
582 4482 785 4548 danda
810 4482 911 4536 καὶ
951 4482 1025 4537 τὰ
1053 4485 1276 4554 κρύφια
1292 4485 1403 4555 τῆς
1426 4488 1650 4557 σοφίας
1675 4502 1797 4541 σου
1832 4486 1974 4557 ἐδή-

388 4577 607 4644 λωσάς
632 4596 757 4646 μοι.
783 4578 956 4631 Τοῦτο
980 4581 1119 4651 πρὸς
1151 4579 1250 4652 τὴν
1284 4583 1495 4636 οἰκείαν
1512 4580 1666 4638 εἶπεν
1684 4584 1972 4656 αἰσχύνην,

2159 2273 2323 2327 Vsus.
2357 2271 2409 2324 'l.
2477 2268 2613 2324 Ecce
2659 2270 2797 2323 enim
2846 2273 2901 2324 in
2957 2271 3333 2341 iniquitatibus
3384 2285 3664 2343 conceptus

2080 2379 2219 2430 sum,
2276 2371 2326 2418 et
2383 2363 2437 2414 in
2456 2361 2684 2429 peccatis
2742 2362 2977 2429 concepit
3041 2378 3119 2415 me
3171 2372 3343 2417 mater
3400 2382 3537 2420 mea.
3591 2367 3664 2423 Ut

2081 2456 2251 2512 Deum
2279 2453 2451 2525 magis
2481 2454 2546 2508 ad
2572 2453 3006 2508 misericordiam
3034 2455 3298 2523 traheret,
3319 2459 3662 2517 nativitatem

2081 2561 2235 2602 suam
2263 2547 2735 2619 commemoravit.
2770 2543 2905 2621 Nam
2935 2547 2980 2601 si
3010 2546 3180 2601 Adam
3220 2565 3325 2604 non
3352 2565 3661 2621 peccasset,

2082 2652 2362 2707 nunquam
2412 2635 2750 2707 oportuisset
2802 2638 2956 2692 illum
2987 2638 3110 2693 Erae
3141 2640 3423 2712 conjungi.
3461 2641 3664 2700 Pecca-

2081 2736 2198 2784 tum
2249 2730 2433 2798 itaque
2473 2730 2724 2799 copulam
2770 2732 3073 2800 generavit,
3119 2739 3173 2786 et
3205 2734 3399 2803 copula
3439 2750 3660 2792 rursum

2081 2834 2181 2876 eos
2207 2819 2489 2891 produxit,
2516 2821 2610 2890 qui
2642 2836 2703 2875 ex
2733 2821 2908 2875 Adam
2942 2831 2995 2876 ct
3024 2821 3137 2878 Eva
3164 2826 3274 2879 uati
3310 2835 3473 2894 sunt;
3504 2837 3556 2884 et
3580 2831 3663 2887 sic

2081 2909 2343 2983 deinceps
2369 2911 2449 2967 illi
2475 2910 2635 2979 alios,
2667 2920 2833 2982 atque
2862 2913 2952 2968 alii
2977 2914 3136 2979 alios,
3169 2932 3345 2986 usque
3370 2918 3435 2972 ad
3465 2916 3657 2975 David.

2084 3003 2149 3057 Et
2179 3004 2305 3059 licet
2335 3006 2543 3075 nuptiae
2592 3020 2743 3060 nunc
2790 3005 2863 3060 ob
2920 3005 3153 3061 ﬁliorum
3224 3011 3659 3075 procreationem

2084 3094 2140 3149 in
2184 3096 2393 3152 honore
2440 3098 2763 3165 habeantur,
2816 3107 3011 3152 natura
3071 3108 3248 3154 tamen
3307 3118 3372 3156 ex
3434 3114 3660 3173 peccato

2086 3188 2432 3257 proveniunt.
2470 3188 2546 3242 Et
2576 3198 2803 3260 peccato
2835 3192 3003 3260 igitur
3029 3202 3328 3263 conceptus
3357 3202 3413 3248 et
3441 3197 3660 3263 genitus

2087 3293 2232 3333 sum.
2259 3277 2393 3332 Nam
2429 3281 2577 3350 quod
2611 3282 2855 3337 secundo
2884 3283 3003 3338 loco
3040 3283 3171 3339 dicit
3205 3303 3219 3340 :
3256 3285 3323 3339 Et
3345 3289 3399 3340 in
3432 3291 3658 3354 peccatis

2081 3372 2318 3440 concepit
2350 3388 2430 3425 me
2460 3383 2632 3449 mater
2680 3391 2822 3442 mea,
2872 3374 3236 3447 Symmachus
3267 3379 3504 3435 reddidit
3534 3400 3548 3436 :
3588 3381 3657 3437 Et

2081 3463 2136 3516 in
2164 3465 2389 3533 peccatis
2414 3466 2612 3536 genuit.
2643 3466 2759 3521 Non
2812 3478 2897 3523 est
2953 3469 3121 3540 igitur
3171 3486 3424 3541 magnum
3471 3474 3519 3529 si
3556 3490 3660 3544 ego

2083 3560 2326 3626 peccavi,
2355 3567 2565 3613 naturae
2591 3560 2962 3616 conditionem
3000 3563 3304 3619 sustinens.

2115 3634 2328 3704 “Vens.
2358 3650 2412 3705 8.
2452 3649 2588 3704 Ecce
2633 3652 2775 3706 enim
2816 3655 3086 3708 ceritatem
3134 3654 3393 3711 dilexisti.
3444 3657 3558 3712 Iloc
3591 3660 3658 3713 ad

2084 3741 2229 3796 beati
2263 3742 2430 3796 David
2461 3743 2867 3800 confessionem
2908 3746 3255 3803 referundum
3291 3758 3396 3816 est,
3449 3754 3515 3806 de
3550 3768 3658 3823 qua

2083 3849 2249 3901 supra
2297 3835 2560 3892 diximus.
2605 3837 2695 3892 Ait
2742 3838 2888 3892 enim
2937 3856 2953 3892 :
2998 3838 3132 3906 ligo,
3174 3856 3295 3910 quae
3329 3858 3453 3897 vero
3508 3858 3656 3910 sunt,

2083 3924 2281 3990 fateor,
2309 3942 2396 3982 me
2438 3929 2650 3984 scilicet
2700 3945 2975 3998 peccasse.
3013 3928 3127 3985 Iloc
3157 3945 3336 3986 autem
3375 3933 3571 3999 fateor,
3604 3947 3658 3990 ct

2087 4031 2193 4071 non
2246 4032 2404 4087 nego,
2449 4020 2580 4089 quia
2625 4028 2680 4073 tu
2725 4020 3013 4075 veritatem
3066 4020 3328 4083 dilexisti,
3387 4033 3441 4078 et
3490 4027 3657 4080 odisti

2083 4112 2450 4167 mendacium.
2482 4112 2575 4166 Illa
2606 4119 2790 4168 autem
2823 4114 3002 4176 verba.
3035 4112 3168 4166 Ecce
3194 4116 3352 4181 enim,
3381 4117 3658 4186 superﬂua

2083 4211 2237 4269 sunt,
2270 4211 2380 4257 tam
2414 4203 2465 4257 in
2497 4202 2601 4257 hoc
2631 4203 2905 4258 versiculo
2937 4219 3099 4274 quam
3132 4206 3184 4258 in
3218 4209 3466 4274 proxime
3493 4225 3660 4279 supe-

2082 4292 2239 4348 riori.
2288 4291 2617 4347 Ilebraicum
2669 4294 2815 4348 enim
2870 4302 2953 4347 est
3008 4294 3207 4348 idioma
3242 4334 3257 4359 ,
3307 4295 3462 4363 juxta
3513 4301 3656 4368 quod

2084 4384 2363 4455 superﬂua
2398 4385 2566 4439 multa
2593 4386 2645 4438 in
2676 4386 2928 4440 oratione
2961 4386 3187 4454 reperiri
3223 4388 3421 4441 solent.

2156 4477 2371 4533 Incerta
2402 4486 2451 4532 et
2471 4478 2677 4532 occulta
2697 4478 2971 4547 sapientia:
3001 4487 3102 4531 ttm'
3124 4479 3483 4548 manifestam
3506 4480 3658 4533 mihi.

2084 4570 2197 4627 Hoc
2224 4573 2278 4626 in
2303 4572 2387 4627 sui
2421 4571 2775 4639 ignominiam
2809 4581 2861 4625 et
2904 4570 3285 4625 confusionem
3318 4572 3475 4625 dixit.
3509 4572 3659 4627 Adeo

382 4672 474 4724 ὅτι
515 4669 788 4724 Τοσοῦτόν
850 4688 920 4741 με
973 4673 1293 4744 ἠγάπησας,
1348 4675 1432 4730 ὅτι
1460 4675 1554 4729 καὶ
1587 4676 1658 4730 τὰ
1682 4678 1974 4749 ἀπόρρητα

2087 4669 2164 4725 ιιι,
2196 4659 2397 4729 inquit,
2434 4659 2676 4715 dilexisti
2715 4675 2820 4726 me,
2852 4668 2913 4714 ut
2956 4660 3252 4715 ineﬂabilia
3300 4662 3662 4730 providentia:

381 4763 489 4831 τῆς
526 4763 631 4828 σῆς
659 4762 917 4833 προνοίας
945 4764 1223 4834 ὲδήλωσάς
1253 4783 1343 4834 μοι
1378 4767 1467 4821 διὰ
1493 4764 1590 4821 τοῦ
1625 4767 1970 4840 προφητικοῦ

390 4850 707 4921 πνεύματος
731 4866 745 4880 ·
780 4850 890 4920 ἐγὼ
925 4851 984 4905 δὲ
1023 4854 1233 4926 ἐφάνην
1263 4854 1558 4928 ἀγνώμων.

478 5031 758 5098 Ῥαντιεῒς
803 5049 882 5101 με
939 5033 1236 5102 ὑσσώπῳ,
1277 5036 1377 5090 καὶ
1431 5038 1970 5110 καταρισθήσομαι.

383 5122 585 5179 Πολλοὶ
604 5124 737 5190 περὶ
758 5124 948 5179 τούτου
959 5125 1108 5195 λόγοι
1121 5126 1400 5200 τοῦιρητοῦ
1424 5128 1640 5193 πολλοῖς
1655 5132 1970 5199 γεγόνασιν,

381 5216 562 5280 οὐδεὶς
589 5216 647 5269 δὲ
677 5217 869 5285 σαφὲς,
901 5217 1011 5270 οὐδ’
1038 5219 1437 5293 ἀναντίρρητον
1464 5221 1791 5294 ἀπήγγειλε.
1831 5223 1973 5292 Ἐγὼ

380 5308 442 5362 δέ
466 5325 615 5378 φημι
650 5309 1024 5378 προφητεύειν
1057 5312 1188 5381 περὶ
1221 5314 1418 5369 ἑαυτοῦ
1444 5313 1535 5367 τὸν
1565 5313 1731 5367 Δαόὶδ
1756 5315 1815 5367 ἐν
1846 5314 1970 5368 τού-

380 5418 523 5466 τοις,
566 5401 784 5453 atrata).
829 5404 1324 5475 συγχωρηθήσεται
1350 5404 1449 5474 τὴν
1482 5405 1761 5477 ἁμαρτίαν
1783 5407 1976 5460 τελεω-

380 5495 581 5562 τέραν,
618 5494 717 5547 καὶ
765 5497 942 5565 χαρᾶς
982 5496 1384 5567 πλησθήσεται.
1433 5498 1586 5552 Ἐπεί
1616 5498 1726 5570 γὰρ
1753 5499 1782 5553 6
1806 5497 1973 5569 νόμος

384 5587 652 5639 ὑσσώπου
686 5588 1015 5658 ραντίσματί
1057 5606 1209 5654 τινας
1238 5590 1347 5643 τῶν
1376 5591 1745 5661 μιαινομένων
1771 5588 1973 5644 ἐκαθά-

392 5696 577 5751 ρευεν,
610 5677 863 5749 ἔστιγὰρ
897 5678 960 5732 τὸ
990 5678 1246 5734 ὕσσωπον
1269 5677 1412 5745 εἶδος
1435 5682 1595 5748 πόας,
1624 5680 1766 5750 ἄγαν
1824 5697 1969 5752 σμη·

460 5860 505 5892 ³⁷
558 5857 750 5931 lBeg.
788 5872 885 5924 ιιι,
918 5858 1006 5913 ll.

770 5957 1047 6019 PATROL.
1090 5955 1205 6018 Gn.
1257 5954 1594 6019 CXXVIII.

2079 4762 2186 4807 tua:
2213 4768 2437 4817 arcana,
2466 4768 2563 4824 per
2599 4752 2978 4822 propheticum
3012 4753 3141 4806 mihi
3178 4754 3434 4822 spiritum
3461 4752 3660 4810 feceris

2079 4843 2392 4910 manifesta,
2419 4859 2523 4913 ego
2567 4855 2746 4899 tamen
2780 4844 3030 4916 ingratus
3059 4860 3186 4917 erga
3233 4854 3287 4899 te
3327 4861 3454 4902 esse
3489 4862 3661 4918 appa«

2076 4935 2183 4991 rui.

2150 5026 2406 5095 Asperges
2431 5041 2533 5092 me,
2555 5025 2797 5091 Domine,
2815 5026 3039 5097 hyssopo
3062 5036 3112 5082 et
3141 5029 3457 5084 mundabor.
3494 5026 3658 5083 Varia

2081 5131 2111 5171 a
2135 5117 2323 5173 multis
2349 5117 2496 5172 dicta
2539 5127 2669 5173 sunt
2699 5118 2766 5172 ad
2787 5121 3075 5188 praesentis
3107 5121 3368 5176 versiculi
3395 5121 3662 5189 explana-

2083 5210 2313 5275 tionem,
2340 5209 2476 5266 nihil
2520 5220 2698 5266 tamen
2739 5212 2810 5267 ab
2835 5212 2917 5267 eis
2944 5213 3082 5268 adeo
3117 5225 3366 5281 apertum
3397 5211 3658 5277 traditur,

2082 5318 2143 5365 ut
2170 5309 2609 5365 contradictione
2637 5310 2788 5365 omni
2821 5325 3053 5381 prorsus
3078 5321 3290 5364 careat.
3320 5309 3432 5379 Ego
3470 5320 3656 5365 autem

2081 5402 2409 5472 Prophetam
2439 5411 2570 5472 puto
2613 5402 2700 5457 his
2745 5401 2928 5457 verbis
2970 5402 3037 5456 de
3068 5414 3129 5455 se
3172 5401 3293 5469 ipso
3330 5401 3654 5470 praedicere,

2080 5498 2226 5568 quod
2274 5498 2455 5553 adhuc
2510 5498 2759 5552 exactius
2810 5510 2876 5550 ac
2932 5496 3226 5565 pet-lectius
3286 5493 3656 5550 absolvendus

2081 5598 2227 5645 esset
2266 5604 2299 5643 a
2343 5588 2599 5656 crimine,
2632 5597 2689 5642 et
2737 5587 2939 5659 gaudio
2975 5587 3289 5657 replendus.
3337 5585 3474 5653 Quia
3505 5586 3656 5641 enim

2082 5681 2166 5738 lex
2219 5678 2534 5736 immundos
2606 5677 2874 5748 quosdam
2953 5677 3179 5749 hyssopi
3241 5675 3673 5751 aspersionibuq

3317 5952 3389 6012 18
