4120 6418
447 409 555 472 555

1682 397 2070 459 EUTIIYMII
2121 396 2486 460 ZIGABENI

3612 396 3719 464 556

446 518 700 579 mundari
729 516 977 588 jubebat,
1007 530 1069 570 ca
1094 512 1353 570 nimirum
1388 511 1626 578 ratione,
1654 514 1782 584 quia
1822 513 2019 586 hysso-

2127 515 2343 586 κτικῆς,
2374 515 2519 569 κατὰ
2547 515 2863 587 μεταφορὰν
2889 513 3106 586 ἐκείνης
3157 517 3257 586 τῆς
3290 514 3612 587 καθάρσεως
3641 511 3725 569 εἷο

442 632 548 688 pus
600 613 769 669 herba
800 610 1047 681 quaedam
1081 616 1167 664 est
1209 607 1441 662 multum
1500 605 1826 670 abstersiva,
1875 606 2031 675 juxta

443 709 595 763 illius
647 702 993 777 purgationis
1039 700 1416 770 metaphoram
1462 698 1540 753 ait
1577 716 1592 753 :
1639 697 1723 753 Tu
1779 699 2031 765 Domine,

441 815 506 855 ea
533 814 620 854 me
641 798 987 868 potissimum
1007 793 1330 864 aspersione
1348 805 1632 862 asperges,
1668 805 1791 861 qua:
1823 789 2023 860 perfec-

442 895 554 947 tius
581 906 774 945 omnes
805 887 1075 958 abstergit
1102 885 1344 940 maculas
1373 902 1389 940 :
1428 886 1534 940 hoc
1565 893 1750 941 autem
1776 884 1869 939 ﬁet
1935 900 2031 955 per
2071 885 2340 956 prolatam
2372 903 2403 942 a
2468 898 2522 943 te
2562 888 2894 943 omnimodae
2921 888 3289 944 absolutionis

2135 624 2260 671 πεν,
2286 609 2368 661 ὅτι
2405 608 2673 671 Ῥαντιεῖς
2693 624 2763 677 με
2789 608 3115 679 ῥαντίσματι
3134 606 3446 680 σμηκτικῷ.
3472 606 3573 679 Είη
3591 606 3636 660 δ’
3654 607 3727 661 ἂν

2133 697 2298 753 τοῦτο
2361 698 2524 767 λόγος
2580 699 2853 767 ἀφέσεως,
2887 699 2920 770 ἦ
2951 699 3127 754 καὶτὸ
3152 699 3387 770 δάκρυον
3416 699 3518 770 τῆς
3555 716 3725 770 μετα-

2135 793 2287 853 νοίας
2314 808 2330 825 ο
2353 797 2451 847 καὶ
2477 793 2639 848 τοῦτο
2666 796 2776 866 γὰρ
2812 793 3001 849 θεόθεν
3022 794 3335 866 χαρίζεται.

3365 891 3722 954 sententiam,

445 984 527 1039 vel
554 1000 649 1053 per
673 983 946 1053 lacrymas
975 978 1343 1051 pcenitentite;
1378 978 1583 1049 quippe
1612 994 1739 1033 cum
1768 987 1824 1035 et
1887 978 2205 1048 ltujusmodi
2272 982 2550 1053 lacrymae,
2618 992 2681 1037 ut
2729 982 2821 1037 Dci
2869 981 3073 1037 donum
3131 985 3199 1037 ab
3265 997 3333 1037 eo
3375 984 3725 1054 proveniant.

444 1077 606 1151 [Nam
638 1078 683 1133 si
716 1077 840 1131 hinc
895 1090 924 1129 a
956 1085 1013 1130 te
1065 1073 1201 1128 mihi
1230 1073 1372 1129 dona
1405 1072 1689 1127 adfuerint
1721 1072 1776 1127 in
1811 1071 2196 1140 abstergendis
2249 1076 2388 1132 meis
2441 1078 2697 1141 maculis,
2733 1076 2955 1146 hyssopi
2998 1076 3171 1131 vicem
3208 1076 3576 1149 prmbehunt.)

512 1168 744 1224 Lavabis
780 1183 884 1230 me,
910 1176 959 1220 et
1012 1181 1170 1236 super
1193 1166 1364 1220 niuem
1415 1164 1723 1219 dealbabor.
1758 1162 2024 1219 Eumdcm

444 1279 556 1334 pra:
581 1261 778 1333 gaudio
809 1274 1030 1314 sensum
1061 1259 1274 1328 repetit.

517 1352 685 1407 Vens.
736 1351 823 1405 l0.
863 1350 1089 1403 Auditui
1143 1364 1259 1403 meo
1312 1347 1465 1403 dabis
1515 1347 1927 1403 exsultationem
1976 1356 2024 1403 et

445 1446 712 1501 (mitium.
747 1442 885 1509 Quia
915 1441 1145 1496 auribus
1174 1442 1373 1496 anima:
1403 1455 1537 1496 meae
1566 1449 1620 1496 te
1660 1441 1792 1496 mibi
1829 1455 2027 1511 peper-

446 1540 590 1593 cisse
620 1534 938 1591 instillabis.
975 1533 1284 1589 Exsultatio
1330 1540 1514 1589 autent
1561 1540 1616 1589 et
1656 1534 1846 1589 laetitia
1877 1533 2022 1590 idem

445 1628 781 1701 signiﬁcant,

517 1743 881 1800 Exsultabunt
910 1757 1036 1797 ossa
1082 1740 1391 1795 humiliata.
1446 1738 1585 1796 Ossa
1631 1755 1774 1805 mea,
1825 1741 2027 1812 inquit,

443 1844 797 1909 peccatorum
831 1834 1076 1903 pondere
1110 1832 1396 1903 depressa,
1425 1833 1807 1898 exsultabant,
1835 1847 1900 1888 ac
1929 1832 2027 1889 de-

442 1930 623 2002 posito
667 1942 734 1984 eo
762 1941 931 1983 onere
974 1927 1383 1981 allevabnntur.
1420 1923 1523 1981 Per
1563 1941 1662 1982 sua
1712 1942 1844 1983 vero
1902 1942 2028 1984 ossa

443 2023 691 2093 seipsum
738 2033 967 2090 prorsus
1024 2017 1319 2088 signiﬁcat.
1367 2017 1551 2087 Aliqui
1602 2028 1785 2073 autem
1814 2019 2027 2082 dicunt,

441 2112 591 2183 quod
645 2111 740 2166 illa
764 2110 930 2166 verba
962 2126 977 2163 :
1011 2108 1242 2162 Auditui
1268 2124 1382 2163 meo
1410 2110 1562 2163 dabis
1592 2108 2027 2175 exsultationem,

442 2206 508 2260 ad
546 2203 850 2259 Salvatnris
888 2200 1327 2255 lncarnatiouem
1375 2202 1674 2270 pertinent,
1705 2211 1765 2256 ut
1799 2202 1868 2256 sit
1904 2217 2029 2257 scn-

446 2312 592 2353 sus:
639 2293 1014 2350 Annuntiabis
1062 2291 1692 2363 miltijucundissimum
1736 2293 2025 2361 gaudium,

443 2391 591 2445 illam
627 2389 885 2443 nimirum
928 2383 1260 2441 incﬁ‘abilem
1294 2383 1775 2453 incarnationem;
1808 2394 1864 2441 et
1893 2394 2028 2442 tunc

442 2497 572 2540 ossa
604 2496 748 2547 mea,
792 2496 914 2551 qua:
955 2495 1102 2534 nunc
1148 2478 1437 2533 humiliata
1460 2485 1611 2546 sunt,
1660 2493 1771 2550 prae
1804 2493 2027 2535 summa

440 2574 731 2642 voluptate
746 2570 1107 2627 exsultabunt
1129 2578 1184 2625 et
1212 2568 1532 2625 subsilicnt.

515 2687 683 2743 Vsus.
718 2687 805 2741 ll.
854 2685 1039 2740 Averte
1086 2684 1273 2756 faciem
1324 2691 1474 2738 tuam
1521 2700 1553 2737 a
1596 2684 1828 2753 peccatis
1874 2685 2025 2750 meis,

436 2791 487 2837 et
518 2796 696 2834 omnes
727 2778 1032 2848 iniquitates
1066 2792 1209 2831 meas
1252 2774 1389 2833 dele.
1424 2775 1644 2843 Omnia,
1670 2776 1870 2846 inquit,
1902 2789 2030 2846 pec-

446 2878 565 2924 cata
597 2882 719 2922 mea
754 2866 809 2920 in
855 2872 1155 2935 conspectu
1190 2872 1285 2918 tuo
1318 2864 1529 2935 jacent,
1577 2866 1709 2934 quia
1751 2873 1809 2918 tu
1843 2864 2024 2919 omnia

441 2959 720 3032 conSpicis
752 2974 768 3012 :
810 2973 998 3014 verum
1037 2966 1186 3028 peto,
1219 2964 1279 3011 ut
1309 2964 1593 3028 aspectum
1626 2956 1696 3011 ab
1728 2955 1839 3012 illis
1871 2965 2025 3011 tuum

444 3066 721 3116 amoveas,
756 3059 807 3106 et
835 3049 1134 3106 commissa
1170 3065 1199 3103 a
1242 3064 1330 3105 mc
1357 3049 1567 3105 scelera
1591 3065 1622 3104 e
1664 3047 1809 3103 libro
1840 3048 2026 3105 deleas

441 3145 722 3199 actionum
753 3156 1021 3199 mearum.

515 3257 681 3314 Vsus.
717 3256 805 3312 i2.
853 3255 961 3313 Cor
1006 3253 1262 3310 mundum
1306 3271 1428 3311 crea
1482 3255 1541 3310 in
1586 3272 1691 3322 me,
1724 3253 1883 3311 Deus.
1918 3255 2029 3312 Cor

441 3350 587 3419 apud
630 3348 975 3419 Scripturatn
1007 3348 1179 3403 multa
1212 3346 1506 3419 signilicat.
1547 3347 1857 3418 Aliquando
1878 3351 2025 3404 enim

441 3453 542 3510 pro
571 3439 839 3510 singulari
865 3438 1115 3508 corporis
1140 3438 1388 3493 membro
1410 3438 1705 3508 accipitur,
1727 3440 2028 3510 aliquando

441 3545 578 3586 vero
618 3545 718 3601 pro
756 3531 1009 3585 interiori
1060 3530 1153 3584 illa
1202 3530 1433 3586 rationis
1474 3537 1643 3601 atque
1708 3532 2028 3587 intellectus

441 3629 618 3691 parte,
668 3636 695 3673 a
728 3636 836 3691 qua
880 3620 1150 3691 regimur.
1193 3621 1352 3693 juxta
1385 3622 1523 3678 illud
1553 3641 1565 3676 :
1602 3621 1786 3689 Quare
1820 3626 2026 3694 cogita-

443 3714 609 3768 tiones
640 3709 937 3765 ascendunt
969 3712 1022 3765 in
1057 3711 1221 3766 corda
1253 3721 1429 3767 uestra
1458 3714 1541 3767 9“?
1573 3714 1872 3783 aliquando
1901 3730 2019 3770 sen-

443 3804 672 3860 tentiam
706 3802 1008 3872 signiﬁcat,
1036 3810 1091 3857 et
1136 3804 1507 3873 propositum,
1532 3804 1691 3875 juxta
1720 3805 1854 3861 illud
1882 3824 1896 3863 :
1925 3808 2029 3862 Cor

442 3903 619 3947 autem
668 3908 849 3948 eorum
902 3892 1054 3961 longe
1083 3902 1161 3947 est
1205 3911 1238 3948 a
1274 3910 1355 3948 me
1393 3894 1439 3927 ⁸³
1471 3910 1490 3963 ;
1519 3896 1817 3966 aliquando
1866 3901 2029 3955 liene-

442 3984 703 4055 placitum
748 3992 806 4039 et
835 3983 1004 4037 animi
1031 3981 1405 4052 affectionem,
1429 3984 1588 4055 juxta
1628 3986 1763 4043 illud
1797 4007 1809 4041 :
1842 3988 2025 4042 Inveni

441 4076 614 4132 David
645 4077 816 4131 virum
849 4078 1140 4130 secundum
1194 4094 1287 4132 cor
1329 4095 1501 4133 meum
1531 4079 1549 4110 ¹
1587 4116 1602 4134 .
1635 4079 1701 4134 Ει
1727 4080 2024 4153 aliquando

440 4170 704 4235 animam,
740 4179 801 4223 ut
849 4169 937 4225 hic
974 4188 986 4225 :
1021 4169 1127 4224 Cor
1157 4173 1412 4223 mundum
1465 4187 1590 4226 erea
1636 4173 1691 4226 in
1730 4189 1832 4238 me,
1855 4173 2021 4230 Deus.

441 4264 557 4319 Non
591 4274 738 4335 peto,
780 4264 981 4335 inquit,
1031 4272 1092 4319 ut
1124 4265 1286 4320 aliam
1318 4265 1371 4319 iu
1418 4281 1506 4321 me
1547 4274 1802 4323 naturam
1840 4285 2021 4337 crees,

438 4352 534 4409 sed
567 4362 623 4407 ιιι
656 4369 821 4424 quam
867 4354 1042 4408 habeo
1072 4354 1126 4407 in
1154 4355 1435 4424 antiquam
1461 4358 1726 4414 restituas
1764 4360 2014 4428 pulchri‘

440 4443 708 4499 tudinem.
752 4444 979 4500 Creabis
1020 4452 1201 4498 autem
1252 4459 1352 4499 cor
1401 4446 1664 4500 mundum
1713 4447 1768 4502 in
1819 4465 1929 4516 me,
1975 4450 2018 4507 si

442 4545 767 4591 vetustatem
799 4535 970 4603 illam,
1002 4551 1125 4606 quae
1156 4538 1237 4603 ,ob
1272 4547 1630 4608 peccatorum
1663 4542 1862 4597 sordes
1890 4543 2014 4597 ani-

439 4642 540 4681 mae
565 4641 703 4681 mete
749 4626 1003 4693 inlustret,
1035 4628 1102 4683 ab
1147 4643 1211 4683 ea
1248 4644 1477 4699 prorsus
1524 4632 1841 4691 abstuleris.
1878 4633 2016 4689 (ἰτέα

438 4719 607 4788 igitur
638 4718 741 4774 hoc
768 4719 823 4772 in
855 4720 978 4775 loco
1005 4719 1147 4775 dixit
1179 4735 1303 4791 pro,
1328 4724 1580 4782 restitue.

510 4830 577 4888 Et
606 4831 857 4900 spiritum
891 4844 1089 4888 rectum
1137 4825 1335 4890 innoua
1370 4836 1427 4890 in
1473 4837 1817 4893 interioribus
1859 4841 2012 4898 meis.

431 4924 660 4986 lnnova,
685 4938 804 4993 pro,
829 4925 1007 4979 denuo
1027 4927 1304 4995 ,immitte.
1348 4926 1637 4998 Deinceps,
1675 4930 1873 5001 inquit,
1908 4932 2016 4985 im-

434 5013 587 5068 mitte
614 5014 668 5067 in
695 5029 783 5069 me
827 5016 1083 5085 spiritum
1132 5030 1365 5085 rectum,
1399 5022 1504 5079 hoc
1547 5031 1657 5091 est,
1692 5025 2016 5084 directionis

428 5105 687 5175 gratiam,
713 5121 837 5177 qua:
861 5107 1167 5168 diabolicas
1204 5116 1257 5167 in
1290 5129 1378 5170 me
1406 5131 1601 5172 omnes
1632 5119 2014 5176 tortuositates

428 5196 654 5266 dirigat.
679 5195 782 5252 Per
813 5197 1081 5254 interiora
1113 5211 1294 5257 autem
1358 5202 1580 5261 intimas
1605 5206 1801 5261 anima:
1826 5218 2013 5278 partes

430 5287 706 5359 intelligit.
741 5287 932 5346 Simile
956 5293 1123 5347 etiam
1156 5296 1240 5349 his
1271 5302 1377 5362 est,
1409 5296 1557 5365 quod
1603 5300 1837 5369 legimus
1866 5300 2012 5370 apud

429 5376 772 5435 Ezechieletu
820 5379 929 5435 dici
979 5382 1053 5438 ad
1101 5398 1219 5449 eos,
1251 5385 1345 5454 qui
1390 5386 1444 5440 in
1494 5388 1775 5459 Babylone
1802 5400 2007 5446 erant:

431 5468 579 5524 Dabo
620 5470 765 5526 enim
804 5473 968 5537 vobis.
999 5473 1200 5544 inquit,
1231 5492 1324 5531 cor
1351 5493 1540 5534 novum
1576 5482 1619 5547 ³,
1657 5496 1718 5535 ac
1749 5482 1793 5538 si
1829 5483 2005 5541 dixis-

428 5574 548 5629 set,
610 5564 899 5620 lnﬁrmum
961 5581 1026 5623 ac
1084 5567 1403 5639 languidum
1476 5586 1573 5627 cor
1652 5581 1895 5629 vestrum
1954 5587 2008 5631 et

427 5653 910 5723 promptitudinem
939 5664 1178 5712 vestram
1211 5662 1508 5717 renovabo.

498 5833 542 5865 "
584 5833 782 5888 Ezech.
822 5851 898 5903 χι,
925 5838 978 5890 5.
1054 5839 1100 5872 θ’
1131 5837 1237 5895 lsa.
1280 5856 1430 5907 xxix,
1466 5842 1548 5896 15.

2204 1167 2473 1234 Π.2υνεῖς
2499 1183 2598 1236 με,
2648 1165 2747 1221 καὶ
2791 1166 2946 1234 ὑπὲρ
2987 1168 3163 1235 χιόνα
3205 1166 3726 1239 λευκανθήσομαι.

2133 1257 2208 1311 Τὸ
2239 1259 2371 1312 αὐτὸ
2404 1258 2553 1327 λέγει
2579 1257 2743 1313 πάλιν
2778 1256 2868 1327 ὑφ’
2893 1259 3111 1330 ἡδονῆς.

2217 1350 2546 1418 Ἀκουτιεῒς
2589 1368 2665 1421 με
2716 1351 3090 1421 ἀγαλλίασιν
3169 1351 3269 1405 καί
3308 1334 3724 1422 εὐφροσύνην.

2133 1444 2267 1507 Ταῖς
2320 1444 2514 1509 ἀκοαῖς
2541 1444 2640 1515 τῆς
2682 1443 2866 1515 ψυχῆς
2920 1462 3025 1514 μου
3059 1445 3349 1515 ὲνηχήσεις
3395 1446 3597 1516 χαρὰν,
3635 1447 3723 1500 ὅτι

2133 1535 2522 1609 συνεχώρησάς
2562 1538 3042 1608 μοι.⁹Αγαλλίασις
3074 1538 3131 1592 δὲ
3170 1538 3264 1592 καὶ
3299 1538 3610 1610 εὐφροσύνη
3662 1540 3728 1592 τὸ

2128 1629 2264 1684 αὐτὸ
2299 1629 2687 1702 σημαίνουσιν.

2213 1742 2721 1812 Ἀγαλλιάονονται
2739 1739 2922 1796 ὀστέα
2942 1738 3440 1808 τεταπεινωμένα.
3462 1738 3544 1792 Τὰ
3584 1739 3724 1793 ὀστᾶ

2136 1853 2262 1907 μου,
2299 1834 2454 1905 φησι,
2495 1833 2949 1903 τεταπεινωμένα
2980 1831 3057 1902 τῷ
3090 1830 3247 1902 βάρει
3277 1830 3379 1899 τῆς
3410 1830 3718 1900 ἁμαρτίας,

2131 1927 2584 1998 ἁγαλλιὰσονται,
2614 1923 2988 1994 κου’φισθέντα
3039 1923 3130 1977 διὰ
3157 1922 3259 1990 τῆς
3281 1920 3554 1991 ἀφέσεως.
3582 1921 3723 1975 ’Λπὸ

2135 2021 2336 2092 μέρους
2362 2020 2440 2084 δὲ,
2491 2020 2601 2074 τῶν
2632 2017 2829 2083 ὀστῶν,
2882 2017 3004 2071 ὅλον
3038 2016 3231 2070 ἑαυτὸν
3270 2015 3522 2087 ἐνέφηνε.
3561 2014 3721 2078 Τινὲς

2128 2113 2187 2167 δέ
2223 2130 2407 2182 φασιν,
2438 2113 2520 2166 ὅτι
2550 2111 2632 2176 τὸ,
2688 2110 3013 2177 Ἀκουτιεῖς
3035 2126 3113 2180 με
3146 2110 3541 2180 ἀγαλλίασιν,
3584 2108 3714 2178 περὶ

2129 2203 2228 2273 τῆς
2250 2202 2727 2273 ὲνανθρωπήσεως
2752 2200 2849 2255 τοῦ
2883 2200 3140 2270 Σωτῆρος
3157 2200 3404 2271 εἴρηκεν,
3433 2201 3510 2252 ὅτι
3527 2200 3711 2266 Ἀναγ-

2131 2294 2310 2363 γελεῖς
2367 2310 2458 2364 μοι
2516 2294 2617 2363 τὴν
2648 2292 3002 2362 παγκόσμιον
3038 2291 3240 2362 χαρὰν,
3271 2291 3390 2360 ἤτοι
3420 2291 3518 2359 τὴν
3542 2290 3715 2359 ἀπόρ-

2133 2387 2297 2457 ρητον
2329 2384 2772 2458 ὲνανθρώπησιν,
2814 2385 2910 2440 καὶ
2944 2383 3110 2448 εὐθὺς
3142 2383 3283 2452 ἄγαν
3315 2383 3568 2438 ἁλοῦνται
3623 2383 3722 2435 καὶ

2131 2478 2523 2551 σκιρτήσουσιν
2566 2477 2659 2549 ὑφ’
2708 2477 2905 2549 ἡδονῆς
2949 2476 3021 2531 τὰ
3060 2476 3515 2546 τεταπεινωμένα
3553 2476 3722 2531 ὀστέα

2132 2585 2261 2639 μου.

2218 2685 2641 2754 Ἀπόστρεψον
2666 2683 2732 2737 τὸ
2748 2684 3075 2752 πρόσωπόν
3100 2699 3217 2739 σου
3238 2682 3356 2739 ἀπὸ
3385 2683 3503 2737 τῶν
3534 2684 3724 2753 ἀμαρ-

2130 2776 2273 2832 τιῶν
2287 2796 2430 2848 μου,
2454 2779 2552 2832 καί
2585 2780 2792 2844 πάσας
2817 2776 2924 2842 τὰς
2942 2778 3197 2845 ἀνομίας
3212 2795 3331 2847 μου
3363 2776 3723 2847 ἐξάλειψον.

2130 2869 2318 2941 Γυμνὰ
2368 2871 2652 2942 πρόκειται
2701 2873 2767 2942 τῇ
2822 2870 3150 2942 παντεφὸρῳ
3198 2872 3474 2940 ἐπισκοπῇ
3515 2887 3612 2923 σου
3650 2872 3723 2923 τὰ

2131 2962 2244 3034 ὲμα
2301 2962 2700 3034 ἁμαρτήματα.
2777 2961 3114 3032 ’Λπόστησον
3168 2958 3262 3013 οὖν
3326 2959 3558 3030 ταύτην,
3621 2959 3723 3013 καὶ⁵

2131 3054 2259 3117 ὅλας
2290 3071 2392 3125 μου
2422 3054 2520 3118 τὰς
2548 3053 2783 3125 ἀνομίας
2808 3054 3093 3125 ὲξάλειψον
3115 3052 3225 3106 ἀπὸ
3258 3052 3360 3121 τῆς
3391 3052 3578 3124 βίϐλου
3608 3053 3719 3105 τῶν

2053 3147 2099 3206 C
2131 3146 2310 3218 ἔργων
2331 3162 2458 3217 μου.

2198 3262 2467 3333 Καρδίαν
2514 3262 2784 3331 καθαρὰν
2831 3262 3049 3316 κτίονον
3096 3278 3167 3316 εν
3194 3262 3347 3331 spot,
3383 3263 3416 3317 ό
3442 3262 3604 3326 θεός.
3641 3258 3708 3312 Ἦ

2129 3355 2329 3426 καρδία
2376 3353 2635 3426 σημαίνει
2689 3354 2902 3410 πολλὰ·
2959 3355 3095 3409 ποτὲ
3133 3354 3255 3425 μὲν,
3285 3354 3347 3408 τὸ
3392 3351 3707 3425 σωματικὸν

2132 3447 2326 3519 μόριον
2352 3464 2365 3478 ⁸
2403 3446 2535 3500 ποτὲ
2574 3447 2654 3513 δὲ,
2689 3448 2785 3501 τοῦ
2831 3447 3166 3519 ἡγεμονικοῦ
3190 3447 3250 3501 τὸ
3281 3445 3608 3517 βαθύτατον,
3637 3445 3715 3508 ὡς

2128 3540 2230 3594 τό·
2271 3539 2382 3595 Καὶ
2436 3539 2596 3594 διατι
2641 3541 2924 3611 λογισμοὶ
2993 3541 3436 3597 ἀναϐαίνουσιν
3473 3540 3544 3593 ἐν
3581 3537 3717 3606 ταῖς

2128 3632 2403 3701 καρδίαις
2427 3632 2637 3702 umor;
2665 3633 2794 3687 ποτὲ
2820 3633 2899 3700 δὲ,
2925 3636 3025 3705 τὴν
3056 3634 3285 3705 γνώμην
3328 3634 3424 3688 καὶ
3452 3634 3551 3703 τὴν
3580 3650 3716 3703 προ-

2130 3727 2367 3800 αίρεσιν,
2400 3728 2478 3794 ὡς
2497 3730 2561 3782 τό
2590 3744 2605 3759 σ
2691 3728 2762 3784 Ἦ
2787 3726 2857 3782 δὲ
2884 3730 3102 3799 καρδία
3136 3730 3326 3785 αὐτοῦ
3346 3730 3542 3798 πόρῤω
3563 3727 3716 3784 ἀπέ-

2129 3836 2221 3891 χει
2244 3821 2346 3876 ἀπ’
2368 3822 2516 3890 ἐμοῦ
2544 3835 2557 3849 ·
2599 3822 2735 3875 ποτὲ
2765 3822 2842 3887 δὲ,
2873 3821 2971 3895 τὴν
3003 3822 3250 3877 εὐδοκίαν
3267 3821 3362 3876 καὶ
3391 3822 3713 3892 ἀρέσκειαν,

2127 3911 2204 3976 ὡς
2235 3913 2319 3968 τό·
2347 3908 2544 3982 Εὗρον
2565 3913 2745 3967 Δαόίδ
2766 3900 2959 3984 ἄνδρα
2974 3914 3126 3970 κατὰ
3155 3915 3272 3987 τὴν
3298 3914 3551 3984 καρδίαν
3566 3931 3710 3982 μου·

2129 4002 2260 4056 ποτὲ
2304 4003 2387 4071 δὲ,
2432 4002 2529 4075 τὴν
2552 4003 2750 4075 ψυχὴν,
2773 4005 2850 4068 ὡς
2882 4006 2976 4058 ἐπὶ
3005 4003 3100 4058 τοῦ
3128 4003 3522 4075 προκειμένου,
3551 4005 3712 4070 Kay-

2126 4094 2267 4149 δίαν
2292 4096 2561 4164 καθαρὰν
2587 4098 2805 4151 κτίσον
2843 4097 2914 4151 ἐν
2969 4097 3126 4165 ἐμοὶ,
3172 4099 3272 4167 οὐχ
3299 4095 3491 4164 ἑτέραν
3511 4093 3714 4149 οὐσιῶ-

2128 4205 2250 4252 σας,
2280 4187 2417 4243 ἀλὶὰ
2449 4189 2548 4259 τὴν
2584 4188 2750 4243 οὖσαν
2779 4190 2862 4253 είς
2891 4190 2952 4243 τὸ
3014 4191 3243 4260 ἀρχαῖον
3278 4189 3470 4252 κάλλος
3501 4189 3716 4242 ἀποκα-

2124 4280 2422 4352 ταστήσας.
2449 4281 2512 4333 Εἰ
2546 4281 2658 4353 γὰρ
2686 4280 2892 4352 ταύτης
2923 4283 3184 4354 περιέλῃς
3218 4282 3316 4351 τὴν
3342 4280 3709 4351 παλαιότητα,

2124 4371 2222 4441 τὴν
2250 4370 2359 4423 ἀπὸ
2388 4370 2485 4424 τοῦ
2534 4373 2706 4444 ῥύπου
2735 4372 2836 4443 τῆς
2882 4372 3185 4445 ἁμαρτίας,
3244 4372 3448 4436 κτίσεις
3482 4373 3541 4425 έν
3584 4370 3712 4441 ἐμοὶ

2129 4462 2359 4533 καρδίαν
2404 4462 2677 4534 καθαράν.
2711 4465 2939 4520 Κτίσον
2968 4463 3083 4533 οὖν,
3136 4465 3258 4519 ἀντὶ
3287 4463 3407 4530 τοῦ,
3429 4462 3712 4518 ἀποκατά-

2126 4569 2344 4624 στησον.

2192 4838 2304 4894 Καὶ
2342 4839 2581 4911 πνεῦμα
2608 4840 2784 4909 εὺθὲς
2802 4842 3153 4912 ἐνκαίνια-ον
3175 4845 3247 4899 ἐν
3280 4844 3406 4912 τοῖς
3430 4845 3709 4917 ἐγκὰτοις

2117 4948 2260 5001 μου.
2302 4962 2373 4972 -
2406 4932 2816 5003 Ἐγκαίνισον,
2866 4936 2984 4990 ἀντὶ
3038 4938 3157 5003 τοῦ,
3211 4938 3421 5008 ἔμϐαλε
3474 4940 3706 5009 καινῶς,

2121 5023 2238 5094 ἦτοι
2269 5024 2378 5079 ἀπὸ
2405 5025 2500 5079 τοῦ
2544 5026 2662 5093 νῦν,
2698 5027 2949 5099 χάρισμα
2984 5029 3305 5101 εὐθύτητος,
3335 5030 3560 5087 εὔθυνον
3604 5035 3706 5098 τὰς

2117 5112 2482 5185 ἐγγινομένας
2527 5134 2618 5187 μοι
2671 5120 2825 5189 παρὰ
2855 5119 2950 5173 τοῦ
2995 5120 3254 5191 δαίμονος
3303 5124 3697 5193 σκολιότητας·

2116 5204 2329 5273 ἔγκατα
2372 5207 2430 5262 δὲ
2466 5208 2619 5279 λέγει
2672 5211 2742 5265 τὰ
2770 5212 3023 5283 ἐνδότερα
3055 5215 3201 5286 μέρη
3228 5214 3446 5270 ἑαυτοῦ.
3478 5218 3618 5288 Φησὶ
3643 5218 3705 5272 δὲ

2110 5302 2206 5354 καὶ
2226 5301 2315 5354 διὰ
2353 5301 2622 5373 ἰεζεκιὴλ
2647 5305 2674 5357 ὁ
2704 5304 2838 5370 Θεὸς
2870 5307 3007 5379 πρὸς
3036 5310 3164 5371 τοὺς
3191 5310 3249 5362 έν
3278 5308 3589 5375 Βαϐυλῶνι,
3616 5313 3706 5367 ὅτι

2115 5390 2292 5446 Δώσω
2307 5391 2515 5461 αὐτοῖς
2543 5393 2798 5464 καρδίαν
2827 5397 3048 5467 καινὴν
3073 5399 3171 5453 καί
3191 5400 3432 5471 πνεῦμα
3458 5402 3700 5468 καινὸν,

2116 5485 2415 5553 τουτέστιν,
2478 5487 2844 5545 Ἀνακαινίσω
2875 5491 3257 5565 ἀσθενήσασαν
3291 5494 3389 5551 καὶ
3425 5494 3526 5568 τὴν
3559 5512 3701 5569 nap-

2116 5577 2233 5631 δίαν
2259 5578 2443 5634 αὐτῶν
2468 5581 2566 5635 καὶ
2601 5583 2703 5652 τὴν
2725 5583 3057 5657 προθυμίαν.

1634 5843 1646 5873 ⁸
1684 5841 1700 5895 1
1741 5843 1872 5915 Reg.
1899 5859 2019 5912 xm,
2059 5846 2143 5900 Ui.
2191 5850 2210 5880 ²
2245 5847 2448 5905 Ezcclt.
2478 5865 2554 5915 xu,
2593 5851 2681 5906 i9.
