4120 6412
445 405 554 471 557

1637 390 2028 468 COMMENT.
2075 393 2158 456 IN
2218 395 2584 460 PSALMOS.

3611 402 3719 469 558

510 515 609 587 Μὴ
627 515 985 586 Maestum
999 532 1076 586 με
1099 513 1217 570 ἀπὸ
1242 512 1351 569 τοῦ
1380 510 1709 583 προσώπου
1756 522 1896 563 σου.
1943 505 2033 566 Ὠς

2210 504 2380 564 Vens.
2415 507 2503 561 l3.
2542 505 2627 560 Ne
2656 508 2911 577 projicias
2945 523 3027 562 me
3050 525 3082 562 a
3115 507 3255 579 [acie
3280 517 3399 565 tua.
3425 508 3596 577 Quasi
3628 522 3723 567 tua

436 609 752 684 γενόμενον
778 610 1005 675 ἀνάξιον
1035 612 1137 681 τῆς
1166 607 1478 679 ἐπισκοπῆς
1508 622 1627 661 σου.

450 683 463 731 ε
511 703 622 762 Kal
643 704 710 759 τὸ
734 703 987 773 Πνεῦμα
1008 718 1128 757 σου
1158 702 1227 756 τὸ
1255 701 1428 773 ἅγιον
1460 700 1552 771 μὴ
1580 695 1922 764 arearum
1937 683 2042 748 ἀπ’

2143 599 2428 672 indignum
2463 601 2738 657 custodia.

2216 691 2291 746 Et
2319 694 2566 760 spiritum
2594 702 2841 748 sanctum
2873 703 3018 749 tuum
3052 712 3115 750 ne
3148 697 3366 765 auferas
3403 715 3436 750 a
3473 715 3571 755 me.
3606 701 3723 757 Non

432 801 613 870 ἐμοῦ.
637 797 713 852 Τὸ
730 797 986 869 χάρισμα
1005 794 1159 864 λέγει
1194 794 1296 865 τῆς
1319 790 1682 867 προφητείας,
1713 786 1795 861 ’μὴ
1827 788 1926 842 ἀνθ
1962 782 2037 840 ὧν

2144 784 2370 842 auferas
2402 802 2429 838 a
2457 802 2568 852 me,
2588 786 2789 857 inquit,
2819 787 3120 859 prophetia:
3143 789 3371 854 donum,
3402 791 3470 846 oh
3491 796 3722 859 scelera,

430 893 715 965 ἥμαρτον,
739 889 954 961 ἀφέλῃς
987 885 1150 942 τοῦτο
1182 885 1279 941 ἀπ’
1307 885 1473 957 ἐμοῦ.

521 1048 774 1116 Ἀπόδος
786 1065 893 1119 μοι
915 1046 1033 1115 τὴν
1050 1044 1426 1116 ἀγαλλίασιν
1442 1040 1554 1097 τοῦ
1567 1039 1868 1107 σωτηρίου
1891 1053 2033 1092 σου.

432 1143 554 1214 τὴν
584 1141 780 1212 χαρὰν,
809 1141 877 1211 ῆν
897 1135 1045 1210 εἶχον
1074 1135 1290 1193 ἀπὸτοῦ
1314 1132 1690 1199 σώζεσθαιδιὰ
1706 1130 1832 1185 σοῦ’
1856 1130 1959 1201 ὅρα
1979 1129 2037 1182 δὲ

430 1236 590 1297 ὅπως
615 1232 644 1287 δ
678 1233 781 1303 μὲν
806 1233 908 1285 οὐκ
947 1229 1260 1294 ἀπώλεσεν,
1308 1230 1385 1299 μὴ
1439 1225 1807 1297 ἀφαιρεθῆναι
1856 1239 2037 1292 παρα·

432 1326 605 1379 καλεῖ
630 1325 688 1379 οδ
715 1324 773 1379 δὲ
797 1322 1080 1396 ἀφῃρέθη,
1110 1322 1272 1376 τοῦτο
1288 1316 1783 1388 ἁποδοθῆναιαὺτῷ
1812 1316 1992 1369 δέεται
2017 1330 2033 1346 ο

432 1419 549 1492 πρὸ
608 1418 719 1490 γὰρ
776 1420 877 1489 τῆς
941 1415 1221 1488 ἁμαρτίας
1282 1414 1494 1487 ἔχαιρε,
1550 1410 1780 1479 Σωτῆρα
1843 1407 2034 1462 τοῦτον

433 1513 608 1584 ἔχων.

509 1648 619 1705 Kal
651 1647 947 1717 πνεύματι
968 1640 1303 1713 ἡγεμονικῷ
1332 1641 1627 1711 στήριξόν
1648 1657 1743 1712 με.
1773 1639 1880 1694 Kal.
1909 1654 2033 1692 στε-

435 1739 651 1812 ρέωσόν
687 1757 758 1810 με
815 1740 1121 1809 χαρίσματι
1160 1734 1497 1806 κυριευτικῷ
1525 1735 1634 1788 τῶν
1667 1732 1879 1799 παθῶν,
1935 1728 2033 1785 καὶ

431 1832 731 1904 ὁδηγοῦντι
755 1831 893 1900 πρὸς
912 1830 981 1883 τὰ
1007 1828 1294 1900 κρείττονα
1322 1844 1336 1859 ·
1356 1828 1605 1899 χάρισμα
1625 1826 1682 1881 δὲ
1736 1825 2032 1896 εὐθύτητος

433 1926 535 1980 καὶ
572 1924 825 1996 χάρισμα
862 1919 1192 1992 ἡγεμονικὸν
1216 1915 1326 1974 εἷεν
1361 1920 1427 1973 ἂν
1459 1921 1517 1974 ai
1556 1919 1709 1991 παρὰ
1749 1918 1843 1972 τοῦ
1877 1917 2032 1986 ἁγίου

436 2015 768 2085 Πνεῦματος
795 2014 863 2084 τῇ
894 2011 1042 2082 ψυχῇ
1077 2010 1333 2081 διάφοροι
1363 2009 1717 2081 ὲγγινόμεναι
1751 2007 2030 2076 δυνάμεις.

506 2212 743 2277 Διδάξω
800 2211 1067 2281 ἀνόμους
1097 2209 1204 2276 τὰς
1246 2206 1428 2273 ὁδούς
1467 2222 1605 2273 σου,
1645 2205 1742 2258 καὶ
1794 2201 2035 2266 ἀσεϐεῖς

443 2308 541 2361 ἐπὶ
576 2304 653 2359 σὲ
698 2300 1167 2371 ἐπιστρέψουσι.
1227 2298 1337 2353 Καὶ
1365 2295 1525 2350 τοῦτο
1587 2292 1894 2366 προφητεία
1936 2291 2032 2345 τοῦ

459 2398 738 2468 μέλλοντος
763 2412 777 2427 ·
812 2394 908 2449 τοῦ
935 2393 1044 2464 γὰρ
1075 2388 1436 2461 εὐαγγελικοῦ
1478 2387 1832 2458 κηρύγματος
1865 2387 1945 2448 είς
1963 2383 2033 2438 τὰ

451 2492 623 2561 ἄνομα
642 2490 774 2560 ἔθνη
806 2486 1218 2559 διαδραμόντος,
1245 2486 1278 2556 ή
1309 2482 1491 2555 βίϐλος
1521 2481 1629 2534 τῶν
1652 2478 1902 2550 Ψαλμῶν
1935 2476 2031 2531 τοῦ

433 2583 605 2638 Δαόὶδ
632 2583 725 2638 ἀεὶ
761 2579 1086 2643 διδάσκαλος
1114 2578 1295 2640 αὐτοῖς
1324 2576 1433 2630 τῶν
1453 2573 1664 2629 ἀρετῶν
1688 2572 1923 2642 γίνεται.

516 2784 734 2845 Ῥὗσαι
783 2799 856 2854 με
909 2781 981 2847 ἐξ
1040 2778 1323 2850 αἱμάτων,
1365 2780 1398 2833 ό
1445 2775 1611 2843 Θεὸς,
1658 2776 1691 2830 ό
1727 2775 1870 2839 Θεὸς
1919 2772 2031 2843 τῆς

428 2878 743 2948 σωτηρίας
763 2892 907 2947 μου.
950 2870 1264 2944 Ἰστορικῶς
1301 2870 1400 2940 μὲν
1459 2867 1671 2937 αἵματα
1702 2868 1860 2920 καλεῖ
1902 2866 2031 2930 τοὺς

433 2974 664 3035 ἀδίκους
721 2970 943 3039 φόνους,
1013 2965 1108 3019 τὸν
1169 2964 1370 3034 Οὐρίου
1419 2962 1622 3031 φόνον·
1663 2957 2030 3029 ἀναγωγικῶς

430 3068 521 3135 δὲ,
580 3067 796 3137 αἵματα
842 3062 1100 3132 λέγονται
1151 3057 1247 3113 καὶ
1289 3056 1339 3110 οί
1390 3055 1669 3125 δαίμονες,
1717 3053 1792 3117 ώς
1830 3050 2028 3122 αἵμασι

434 3160 733 3233 χαίροντες
782 3156 881 3209 καὶ
912 3149 1416 3222 ὲγκαλινδούμενοι,
1448 3145 1752 3217 ἀνθρώπων
1776 3144 2030 3214 ἀναιρου-

439 3211 651 3323 Livium,
678 3211 775 3302 καὶ
806 3211 967 3312 ζώων
980 3243 1171 3299 ἄλλων·
1191 3211 1491 3310 θυομένων.
1533 3211 1596 3291 'D
1629 3236 1775 3302 Θεὸς
1812 3235 1869 3288 δὲ
1907 3211 2021 3303 ίτῆς
2048 3211 2097 3275 C

437 3348 748 3409 σωτηρίας
771 3355 915 3409 μου,
950 3335 1072 3389 ἀντὶ
1103 3333 1222 3399 τοῦ,
1259 3333 1318 3384 '0
1340 3331 1535 3402 Σωτήρ
1567 3346 1696 3400 μου,
1732 3327 1808 3390 ὡς
1835 3326 2031 3379 πολλὰ·

439 3452 536 3500 κις
558 3434 889 3505 εἰρήκαμεν.
907 3430 969 3483 Ὀ
995 3428 1051 3482 δὲ
1080 3423 1480 3494 διπλασιασμὸς
1505 3422 1567 3474 τὸ
1610 3418 1901 3491 ἐγκάρδιον
1935 3418 2029 3472 καὶ
2096 3440 2101 3445 ο

439 3524 845 3596 ἐπιτεταμένον
877 3521 982 3593 τῆς
1008 3521 1249 3590 δεήσεως
1282 3519 1568 3587 ἐμφαενει.

528 3725 996 3800 Ἀταλλιάσετιιι
1047 3723 1087 3790 ﬁ
1121 3717 1379 3791 γλῶσσά
1415 3735 1537 3787 μου
1568 3716 1644 3787 τῇ
1670 3715 2029 3784 δικαιοσύνῃ

438 3836 589 3876 σου.
626 3817 946 3889 Χαρήσεται
992 3813 1049 3868 δὲ
1080 3811 1220 3882 αὑτὴ
1274 3812 1308 3882 ἡ
1333 3809 1561 3881 γλῶσσά
1591 3827 1695 3880 μου
1726 3812 1792 3880 τῇ
1821 3810 1920 3879 τῆς
1951 3807 2032 3860 δι·

441 3912 748 3979 καιοσύνης
779 3925 874 3962 σου
902 3904 1236 3977 ἀπαγγελίᾳ.
1262 3902 1623 3972 Δικαιοσύνην
1649 3900 1707 3953 δὲ
1726 3901 1875 3969 λέγει
1935 3900 2031 3954 νῦν

440 4004 549 4075 τὴν
580 4000 736 4072 παρὰ
766 3997 903 4053 Θεοῦ
963 3995 1259 4066 δεδομένην
1316 3992 1467 4063 αὐτῷ
1504 3991 1814 4057 δικαίωσιν,
1852 3989 2031 4043 εἶτουν

443 4095 768 4165 ἐλευθερίαν
800 4094 898 4163 τῆς
928 4087 1204 4160 ἁμαρτίας
1235 4101 1250 4118 ⁸
1280 4084 1589 4141 δικαιοῦται
1619 4082 1727 4153 γὰρ
1750 4083 1779 4135 ὁ
1814 4081 2032 4135 ἐλευθε-

445 4186 883 4264 ρούμενος.Τινὰ
904 4184 963 4238 δὲ
985 4185 1092 4236 τῶν
1108 4179 1482 4251 ἀντιγράφων,
1499 4177 1616 4245 τὴν
1632 4176 2032 4242 δικαιοσύνην

442 4299 592 4349 σου,
616 4280 921 4351 γράφουσιν
951 4290 966 4305 ⁸
991 4273 1078 4343 ἐφ’
1098 4266 1173 4329 ὧν
1202 4275 1423 4337 νοεῖται,
1448 4272 1530 4324 ὅτι
1546 4268 1894 4337 Ἀγαλλίασιν
1908 4283 2033 4320 ποι-

442 4379 650 4446 ήσεται
674 4373 711 4443 ἡ
738 4368 963 4440 γλῶσσά
989 4384 1091 4438 μου
1118 4366 1291 4437 αὐτὴν
1333 4363 1433 4435 τὴν
1492 4362 1650 4434 παρὰ
1698 4359 1791 4415 σοῦ
1851 4360 2031 4414 δικαί-

441 4480 612 4528 ωσιν,
648 4465 829 4519 εττουν
880 4458 1201 4530 ιὶευθερίαν
1235 4458 1328 4526 τῆ·
1380 4456 1678 4529 ἁμαρτίας,
1711 4455 1799 4507 διὰ
1828 4452 2032 4507 ταύτην

443 4554 738 4628 σκιρτῶσα
771 4555 910 4626 πρὸς
950 4550 1304 4623 ὑμνολογίαν.

517 4715 728 4782 Κύριε,
781 4713 855 4766 τὰ
909 4710 1088 4781 χείλη
1131 4726 1253 4778 μου
1284 4706 1571 4781 ἀνοίξεις,
1612 4703 1711 4758 καί
1746 4704 1813 4758 τὸ
1838 4703 2035 4773 στόμα

444 4824 564 4876 μου
606 4801 936 4875 ἀναγγελεῖ
958 4801 1075 4868 τὴν
1118 4801 1364 4855 αῐνεσίν
1395 4806 1545 4853 σου.’
1577 4796 1782 4850 Μαθὼν
1816 4796 1906 4849 διὰ
1938 4788 2033 4848 τοῦ

452 4893 807 4969 προφητικοΰ
854 4891 1200 4962 πνεύματος,
1269 4886 1386 4944 οἴδα
1444 4890 1526 4942 ὅτι
1584 4887 1746 4941 πάλιν
1799 4884 2037 4951 ἀνοίξεις

456 4990 588 5061 πρὸς
621 4984 956 5057 ὖμνολογίαν
991 5000 1108 5047 σου,
1132 4982 1317 5045 καθὼς
1342 4980 1438 5035 καὶ
1469 4980 1577 5052 πρὸ
1605 4979 1707 5047 τῆς
1733 4978 2033 5050 ἁμαρτίας,

443 5086 515 5136 τὰ
537 5077 910 5148 κεκλεισμένα
961 5076 1057 5130 νῦν
1116 5075 1224 5129 ὑπὸ
1266 5074 1370 5143 τῆς
1424 5070 1827 5140 καταγνώσεως
1880 5068 2035 5142 χείλη

447 5189 582 5243 μου.

519 5385 646 5435 Ὅτι
669 5382 724 5435 εί
751 5378 1066 5449 ἠθέλησας
1080 5374 1324 5441 θυσίαν,
1352 5373 1546 5429 ἔδωκα
1572 5371 1670 5438 ἂν,
1697 5371 2038 5427 ὁλοκαυτώ-

442 5490 613 5549 ματα
638 5475 754 5528 οὐκ
785 5467 1175 5538 εὐδοκήσεις.
1203 5467 1348 5536 Ὅρα
1379 5463 1545 5518 πάλιν
1562 5464 1662 5526 τὰς
1686 5463 1919 5536 νομικὰς
1942 5462 2040 5517 καί

448 5570 688 5636 ἀλόγους
705 5565 894 5625 θυσίας
916 5557 1498 5632 ἀποδοκιμαζομένας.
1523 5556 1588 5611 El
1605 5554 1822 5627 ἧϐελες,
1848 5557 2039 5626 φησὶν,

449 5663 640 5717 ἔδωκα
671 5658 739 5713 ἄν
763 5673 780 5691 ο
812 5655 927 5711 ἀλλ⁹
944 5653 1071 5708 οὐδὲ
1095 5650 1525 5721 ὁλοκαυτώματα
1547 5648 1812 5720 ἀποδέξῃ·
1838 5648 1905 5702 τὰ
1929 5648 2039 5719 γὰρ

449 5751 893 5823 ὁλοκαυτώματα
954 5743 1264 5818 τιμιώτερα
1289 5742 1400 5798 τῶν
1446 5741 1624 5797 ἄλλων
1648 5735 1980 5812 ἦσαν.”Ωστε
2011 5740 2040 5793 ὁ

452 5845 623 5905 dum
662 5844 717 5901 si
776 5843 873 5901 καὶ
901 5838 1047 5915 μετὰ
1082 5835 1258 5894 ταῦτα
1289 5835 1468 5905 ἔθυεν,
1501 5833 1619 5892 ἀλλ’
1657 5833 2040 5906 ἀπροαιρέτως

2142 893 2266 948 quae
2294 878 2571 934 commisi.

2214 991 2381 1048 Vens.
2417 992 2503 1046 Η.
2539 992 2713 1047 Redde
2740 993 2873 1048 mihi
2894 995 3304 1051 exsultationem
3344 1002 3599 1053 satutaris
3626 1005 3723 1053 tut.

2147 1084 2420 1141 Gaudium
2456 1085 2601 1154 quod
2639 1086 2927 1150 habebam,
2972 1090 3100 1156 quia
3127 1104 3155 1143 a
3182 1098 3233 1145 te
3264 1089 3473 1144 fueram
3500 1106 3728 1146 conser-

2142 1185 2327 1233 vatus.
2346 1174 2407 1230 Ει
2425 1174 2719 1233 considera
2749 1178 3030 1247 quomodo
3058 1178 3146 1235 his
3174 1180 3387 1236 duobus
3409 1183 3723 1247 versiculis,

2138 1276 2194 1325 et
2224 1282 2331 1325 non
2365 1267 2596 1333 auferri,
2626 1279 2801 1341 rogat,
2838 1271 2985 1341 quod
3023 1287 3302 1343 nunquam
3345 1274 3627 1340 amiserat,
3669 1288 3726 1328 «τι

2141 1360 2299 1415 reddi
2358 1361 2625 1430 postulat,
2666 1359 2815 1430 quod
2873 1362 2985 1432 jam
3011 1360 3192 1417 fuerat
3251 1364 3534 1432 ablatum;
3599 1374 3726 1419 ante

2135 1450 2433 1503 commissa
2454 1449 2601 1503 enim
2625 1449 2863 1505 crimina
2906 1451 2960 1506 in
3007 1467 3222 1507 summa
3255 1452 3489 1524 degebat
3514 1455 3723 1519 laetitia,

2136 1540 2285 1608 quod
2323 1548 2535 1595 tantum
2560 1541 2755 1597 fuisset
2789 1541 3129 1599 Salvatorem
3162 1555 3523 1604 consecutus.

2210 1652 2278 1707 Et
2318 1654 2508 1722 spiritu
2562 1656 2850 1726 principali
2878 1658 3141 1729 conﬁrma
3198 1675 3303 1719 me.
3347 1659 3566 1717 Robora
3616 1679 3723 1727 me,

2135 1744 2339 1816 inquit,
2366 1750 2543 1818 gratia
2573 1748 2665 1803 illa
2708 1748 3011 1819 spirituali,
3060 1767 3183 1821 qua:
3229 1753 3398 1808 animi
3439 1757 3724 1825 perturba-

2141 1839 2384 1894 tionibus
2437 1839 2695 1911 imperat,
2768 1848 2824 1898 et
2856 1841 3046 1912 dirigit
3085 1843 3154 1898 ad
3204 1846 3455 1903 meliora.
3495 1845 3596 1903 Per
3619 1849 3724 1903 hoc

2139 1942 2320 1988 autem
2381 1934 2686 2005 principale
2740 1936 3052 2006 spiritualis
3107 1939 3429 1997 direction’s
3516 1942 3722 1998 denum

2139 2027 2306 2082 varia:
2328 2036 2559 2098 possunt
2644 2028 2870 2100 intelligi
2923 2031 3184 2097 virtutes,
3242 2050 3367 2105 quae
3435 2037 3723 2093 animabus

2135 2120 2342 2177 nostris
2371 2136 2400 2175 ιι
2434 2132 2626 2179 sancto
2661 2122 2867 2196 Spiritu
2903 2125 3249 2182 tribuuntur.

2207 2230 2374 2288 Vens.
2413 2234 2500 2289 15.
2534 2235 2737 2291 Docebo
2801 2238 3008 2310 iniquos
3034 2241 3144 2294 vias
3181 2247 3323 2308 tuas,
3376 2250 3428 2296 et
3471 2243 3621 2314 impii
3652 2244 3723 2299 art

2136 2334 2186 2382 te
2213 2336 2599 2384 convertentur.
2627 2328 2754 2384 llaec
2779 2339 2865 2386 est
2888 2332 3052 2387 etiam
3077 2334 3390 2390 futurorum
3412 2338 3719 2406 prophetia,

2135 2434 2259 2488 quae
2322 2420 2437 2489 jam
2501 2421 2797 2493 adimpleta
2870 2434 2996 2492 est;
3028 2425 3230 2497 quippe
3262 2442 3412 2493 cum,
3445 2426 3607 2483 simul
3656 2444 3721 2482 ac

2133 2511 2416 2584 Evangelii
2462 2514 2780 2586 praedicatio
2809 2519 2979 2588 cmpit
3018 2519 3074 2573 in
3105 2520 3365 2589 gentibus
3432 2521 3718 2583 seminari,

2116 2604 2380 2661 'Davidici
2430 2608 2618 2661 statim
2668 2606 2866 2678 psalmi
2920 2610 3185 2682 praecipui
3238 2610 3485 2668 doctoris
3541 2614 3717 2669 vicem

2131 2698 2214 2754 eis
2246 2699 2596 2765 prtestiterint
2627 2700 2695 2756 ad
2729 2702 3005 2770 parandas
3036 2703 3290 2759 virtutes.

2202 2810 2370 2868 Vens.
2416 2812 2712 2884 16.3Libera
2760 2832 2842 2871 me
2874 2816 2939 2872 de
2971 2817 3347 2889 sanguinibus,
3385 2824 3548 2885 Deus,
3580 2819 3720 2876 Deus

2131 2905 2324 2959 salutis
2374 2923 2524 2962 mem.
2556 2906 2721 2963 Juxta
2750 2909 2999 2965 historia:
3020 2926 3247 2966 sensum
3274 2926 3372 2980 per
3425 2914 3722 2981 sanguines

2132 2999 2376 3069 iniquam
2418 3003 2619 3057 rmdem
2677 3002 2951 3073 intelligit,
3003 3004 3267 3060 memoria
3323 3004 3582 3062 nimirum
3633 3023 3723 3064 re-

2136 3099 2333 3162 petens
2374 3108 2433 3151 se
2471 3094 2657 3151 Uriam
2703 3095 3000 3154 occidisse.
3034 3095 3199 3153 Juxta
3262 3113 3540 3171 anagogen
3591 3113 3721 3153 vero

2131 3184 2430 3254 daemones,
2477 3189 2572 3260 qui
2624 3189 2897 3261 sanguine
2954 3192 3203 3262 gaudent
3246 3201 3356 3249 tam
3406 3193 3719 3251 occisorum

2132 3282 2442 3347 hominum,
2487 3295 2653 3353 quam
2720 3282 3130 3339 immolatorum
3197 3286 3541 3352 animalium,
3605 3301 3716 3342 non

2131 3372 2407 3427 immerito
2466 3373 2769 3443 sanguines
2851 3372 2962 3430 dici
3026 3382 3278 3445 possunt.
3315 3372 3384 3430 Et
3419 3375 3566 3446 quod
3601 3376 3716 3433 ait:

2131 3465 2276 3520 Deus
2316 3465 2511 3520 salutis
2568 3482 2719 3532 metu,
2764 3482 2911 3537 saepe
2937 3467 3181 3524 diximus
3204 3467 3348 3526 idem
3392 3484 3517 3526 esse
3544 3471 3718 3539 quod,

2132 3557 2277 3614 Deus
2336 3555 2595 3625 Salvator
2642 3574 2820 3615 meus.
2872 3557 2968 3615 llla
3012 3571 3197 3615 autem
3232 3561 3530 3628 repetitio:
3574 3562 3720 3617 Deus

2134 3650 2298 3717 Deus,
2328 3653 2626 3709 vehemens
2666 3651 2848 3708 cordis
2872 3653 3080 3707 indicat
3113 3653 3471 3713 desiderium.

2200 3744 2505 3801 Exsultabit
2520 3744 2703 3815 lingua
2718 3762 2832 3799 mea
2845 3745 3066 3815 justitia
3081 3754 3194 3800 tua.
3212 3745 3335 3818 Ipsa
3349 3748 3514 3805 etiam
3532 3748 3683 3819 lingu
3697 3765 3724 3802 ι

2135 3855 2276 3905 mea,
2308 3839 2507 3909 inquit,
2551 3838 2973 3893 annuntiatione
3016 3838 3291 3895 laetabitur
3331 3840 3718 3910 justitiaetuac.

2134 3930 2238 3985 Per
2274 3930 2548 3998 justitiam
2590 3937 2777 3984 autem
2827 3928 2935 3985 hoc
2990 3928 3044 3983 in
3100 3930 3222 3985 loco
3261 3928 3716 3997 iustiﬁcationcm

2134 4022 2386 4093 intelligit
2433 4021 2540 4078 sibi
2592 4036 2621 4074 a
2668 4021 2777 4075 Deo
2844 4036 3192 4088 concessam,
3252 4020 3355 4077 hoc
3382 4030 3488 4085 est,
3523 4022 3717 4078 libera.

2133 4116 2342 4171 tionem
2386 4128 2416 4167 a
2449 4119 2700 4183 peccato.
2754 4110 3017 4177 Quaedam
3074 4126 3206 4167 vero
3251 4113 3582 4181 exemplaria
3623 4114 3721 4169 ha.

2135 4205 2297 4261 bent:
2349 4204 2628 4272 justitiam
2665 4214 2854 4269 tuam;
2895 4211 2950 4258 et
2986 4214 3116 4259 tunc
3167 4219 3368 4260 sensus
3415 4216 3520 4268 est,
3570 4208 3717 4276 quod

2134 4297 2345 4370 Lingua
2382 4310 2503 4351 mea
2524 4295 2948 4352 exsultationem
2983 4296 3086 4352 sibi
3124 4296 3289 4353 faciet
3366 4313 3485 4354 eam
3516 4302 3723 4368 justiti-

2136 4393 2407 4448 cationem
2461 4406 2586 4462 quae
2637 4405 2667 4444 a
2727 4398 2780 4443 te
2833 4391 2965 4444 mihi
2999 4394 3091 4462 {est
3137 4392 3718 4462 praestita,exsmtans

2139 4487 2399 4541 nimirum
2442 4495 2498 4541 et
2521 4484 2822 4541 subsiliens
2865 4494 3089 4556 propter
3127 4501 3247 4541 eam
3289 4486 3354 4541 ad
3400 4485 3636 4557 hymnos
3667 4496 3723 4542 et

2063 4567 2110 4625 Ῑ)
2141 4579 2328 4635 laudes
2363 4578 2458 4634 tibi
2483 4577 2880 4636 decantandas.

2211 4689 2359 4745 Vens
2380 4693 2469 4744 l7.
2521 4690 2762 4758 Domine,
2803 4690 2948 4745 labia
2978 4708 3094 4746 mea
3127 4694 3353 4761 operias,
3378 4701 3428 4747 et
3460 4709 3518 4746 os
3551 4710 3721 4748 meum

2142 4783 2482 4838 annuntiabit
2512 4782 2721 4838 laudent
2757 4794 2924 4840 tuam.
2950 4783 3317 4840 Pmmonitus
3358 4800 3479 4855 ego,
3520 4787 3720 4853 inquit,

2140 4888 2390 4934 asancto
2444 4877 2678 4948 Spiritu,
2728 4878 2878 4944 novi,
2942 4877 3091 4948 quod
3150 4885 3208 4932 tn
3273 4877 3471 4933 iterum
3508 4879 3725 4949 aperire

2141 4970 2285 5026 labia
2326 4986 2446 5026 mea
2475 4970 2545 5026 ad
2597 4970 2831 5043 hymnos
2850 4977 2904 5026 et
2942 4969 3135 5025 laudes
3189 4970 3286 5024 tibi
3326 4968 3722 5033 concinendas,

2141 5078 2253 5119 non
2301 5078 2466 5119 secus
2508 5074 2675 5133 atque
2720 5069 2913 5134 aperta
2961 5071 3120 5119 erant
3186 5070 3314 5116 ante
3360 5060 3658 5116 commissa
3691 5075 3720 5111 a

2141 5176 2229 5214 me
2259 5160 2478 5215 delicta.
2513 5157 2648 5211 Nam
2688 5157 2745 5212 in
2781 5157 3070 5228 praesentia
3093 5156 3165 5211 ob
3197 5152 3720 5211 condemnationem

2143 5258 2292 5307 tuam
2323 5242 2548 5306 occlusa
2575 5259 2721 5305 sum.

2216 5365 2386 5420 Vens.
2460 5362 2546 5417 l8.
2608 5363 2873 5428 Quoniam
2948 5359 2994 5411 si
3070 5353 3322 5410 coluisses
3371 5354 3727 5423 sacriﬁcium,

2141 5461 2405 5516 dedissem
2441 5457 2644 5526 utique,
2693 5451 3019 5508 holocaustis
3050 5464 3154 5502 nou
3197 5445 3539 5502 delectabert's
3597 5444 3727 5500 Vide

2142 5568 2336 5611 rursus
2379 5551 2670 5607 brutorum
2720 5544 3016 5606 sacriﬁcia.
3055 5557 3179 5612 qua:
3230 5555 3261 5594 a
3320 5537 3442 5609 lege
3482 5538 3726 5606 impera-

2144 5648 2370 5713 bantur,
2416 5639 2724 5714 reprobari.
2761 5638 2821 5694 Si
2876 5635 3150 5692 voluisses
3187 5647 3274 5698 ea,
3306 5630 3506 5702 inquit,
3536 5628 3725 5685 dedis-

2145 5756 2264 5797 sem
2333 5751 2512 5802 sane;
2550 5746 2741 5789 verum
2805 5739 2862 5785 tu
2916 5728 3235 5784 holocausta
3289 5741 3401 5781 non
3460 5720 3720 5789 suscipis,

2147 5830 2369 5891 tametsi
2412 5843 2477 5888 ea
2514 5827 2628 5887 sint
2676 5822 2939 5882 erunibus
2986 5819 3110 5879 aliis
3152 5817 3444 5881 sacriﬁciis
3492 5816 3725 5873 honora-
