4120 6418
418 387 527 449 559
1655 385 1791 440 bU'l
1812 385 2033 443 imm
2072 383 2439 445 ZlGABENl
3573 393 3675 459 δερ

406 508 569 561 tiora.
595 501 751 569 Quod
801 500 848 558 si
893 501 1019 572 quis
1066 499 1313 572 obiiciat,
1355 501 1576 559 beatum
1628 503 1799 558 David
1854 512 1979 574 post
2003 508 2033 570 Α

2049 503 2261 567 ,ἐποίει
2282 503 2443 558 τοῦτο
2464 503 2554 558 διὰ
2586 503 2675 557 τὸν
2706 504 2893 576 νόμον,
2925 507 3020 561 καὶ
3048 507 3131 564 ὃτι
3165 508 3321 565 οὔπω
3350 511 3447 583 τῆς
3480 514 3676 584 καινῆς

406 596 722 667 liujusmodi
774 595 939 650 verba
988 594 1097 650 Deo
1168 596 1372 665 saepius
1426 597 1799 661 sacriﬁcasse,
1843 596 1979 651 illud

1228 596 1372 665 spius
1426 597 1799 661 sacriﬁcasse,
1843 596 1979 651 illud
2092 595 2332 660 ουσίαςὸ
2364 596 2556 668 καιρὸς
2584 596 2855 668 ἐληλύθει.

400 688 952 747 animadvertendum
970 686 1249 753 ducimus,
1272 687 1419 758 quod
1437 703 1549 744 non
1573 704 1639 744 ex
1666 689 1972 759 praposito,
2014 704 2195 759 neque
2229 704 2293 745 ex
2326 690 2552 760 propria
2610 689 2898 748 voluntate
2986 694 3039 750 id
3098 695 3314 765 agebat,
3362 696 3459 754 scd
3536 697 3675 768 legis

399 788 729 851 reverentia,
780 794 835 840 et
891 785 1021 856 quia
1067 785 1194 839 novi
1255 785 1521 841 sacriﬁcii
1573 785 1693 841 dies
1733 786 1977 841 nondum
2020 796 2268 842 venerat.

470 883 635 939 Vens.
702 884 789 939 l9.
854 881 1197 952 Sacriﬁcium
1240 882 1350 937 Deo
1410 883 1632 952 spiritus
1684 884 1973 937 contritus.

2153 883 2345 938 Θυσὶα
2365 883 2446 950 τῷ
2459 882 2602 949 Θεῷ,
2621 883 2861 954 πνεῦμα
2882 886 3415 954 συντετριμμένον.
3434 887 3676 959 Εὐπρόσ-

400 979 620 1068 Anit‘ua,
645 975 848 1046 inquit,
877 990 997 1044 qua:
1021 974 1331 1029 humilitate
1365 989 1430 1028 ac
1469 974 1807 1031 demissione
1836 990 1976 1044 qua-

2082 977 2271 1041 δεκτος
2333 976 2496 1031 θυσία
2580 978 2659 1048 τῷ
2709 978 2851 1049 Θεῷ,
2902 977 3051 1050 ψυχὴ
3117 981 3558 1053 συντετριμμένη
3611 984 3672 1049 ἐξ

399 1064 531 1125 dam
558 1066 872 1121 voluntaria
931 1064 1167 1119 contrita
1217 1064 1409 1130 fuerit,
1432 1077 1650 1137 gratum
1694 1077 1856 1136 atquc
1883 1080 1979 1119 ac-

1142 1080 1167 1119 a
1217 1064 1409 1130 fuerit,
1432 1077 1650 1137 gratum
1694 1077 1856 1136 atquc
1883 1080 1979 1119 ιιι·-
2082 1071 2334 1124 ἑκουσίου
2361 1070 2769 1136 ταπεινώσεως.

397 1159 673 1230 οθριιιωιο
714 1158 826 1213 Deo
854 1158 1195 1212 sacriﬁcium
1228 1156 1434 1213 reddit.

467 1253 570 1308 Cor
604 1254 897 1308 contritum
947 1261 998 1307 et
1029 1250 1375 1305 humiliatum
1406 1248 1549 1304 Deus
1578 1265 1683 1305 non
1709 1249 1978 1319 despiciet.

2149 1250 2414 1321 Καρδίαν
2446 1252 2968 1321 συντετριμμένην
3015 1267 3113 1306 και
3145 1251 3671 1321 τεταπεινωμένην

395 1345 830 1415 Saepenumero,
894 1351 956 1398 ut
1039 1342 1307 1408 diximus,
1371 1341 1660 1410 Scriptura
1733 1358 1830 1412 per
1882 1358 1982 1396 cor

2085 1348 2117 1398 ὀ
2144 1346 2290 1411 Θεὸς
2314 1346 2425 1399 οὐκ
2446 1344 2864 1408 ἐξουδενώσει.
2914 1343 3160 1414 Καρδίαν
3210 1343 3311 1415 τὴν
3330 1344 3508 1415 ψυχὴν
3538 1345 3666 1398 πολ-

394 1438 638 1492 animam
704 1434 985 1504 intelligit,
1053 1449 1121 1489 eo
1204 1433 1358 1503 quod
1415 1433 1616 1488 animae
1671 1433 1835 1489 sedes
1885 1434 1981 1498 sit,

2082 1435 2242 1499 λάκις
2272 1437 2306 1507 ἡ
2345 1434 2539 1507 Γραφὴ
2571 1433 2751 1499 καλεῖ,
2797 1434 2884 1488 διὰ
2917 1433 2980 1487 τὸ
3011 1436 3104 1488 καλ
3135 1434 3235 1504 τὴν
3263 1435 3492 1505 καρδίαν
3524 1436 3667 1503 ἄγαν

391 1537 449 1582 et
476 1531 531 1582 ln
554 1543 620 1582 eo
643 1526 991 1598 potissimum
1016 1525 1366 1580 diversetur:
1402 1534 1570 1594 atque
1593 1525 1719 1581 ideo
1754 1524 1848 1579 ubi
1883 1540 1982 1580 cor

2082 1528 2305 1598 ἔχεσθαι
2362 1529 2461 1598 τῆς
2513 1525 2715 1597 ψυχῆς,
2741 1525 2835 1579 καὶ
2859 1525 2958 1597 τὴν
2976 1525 3156 1596 ψυχὴν
3177 1524 3316 1594 ἄγαν
3347 1526 3667 1595 ἐμπεφυκέ-

393 1619 623 1688 patitur,
668 1618 851 1673 anima
892 1617 1081 1673 statim
1133 1631 1162 1670 a
1216 1627 1330 1670 toto
1356 1616 1540 1671 evolat
1568 1631 1820 1687 corpore.
1854 1615 1980 1672 Non

2084 1636 2172 1674 ναι
2198 1621 2263 1691 τῇ
2306 1618 2530 1691 καρδίᾳ.
2567 1618 2732 1673 Ὅθεν
2782 1618 2878 1672 καὶ
2914 1617 3195 1687 παθούσης
3228 1619 3326 1688 τῆς
3350 1617 3599 1688 καρδίας,
3626 1620 3659 1687 ἡ

390 1711 637 1780 despiciet
667 1721 849 1764 autem
897 1724 1020 1779 pro,
1079 1724 1184 1763 non
1250 1717 1472 1772 avertet,
1525 1708 1630 1763 hoc
1666 1717 1771 1774 est,
1814 1723 1977 1764 suum

2084 1712 2232 1783 ψυχὴ
2272 1710 2582 1782 ἀφίπταται
2623 1710 2732 1763 ἀπὸ
2752 1705 2847 1763 τοῦ
2874 1709 3130 1780 σώματος
3161 1708 3305 1764 ὅλου.
3344 1709 3664 1773 Ἐξουδένω-

391 1805 459 1859 ab
484 1818 551 1858 eo
584 1818 690 1857 non
728 1801 1028 1857 dimovebit
1075 1809 1383 1871 aSpectum.
2009 1837 2018 1893 1

1347 1819 1383 1855 l.
1420 1892 1430 1895 Α
1651 1892 1659 1895 Δ
2009 1837 2053 1895 Β
2086 1822 2171 1859 σιν
2200 1805 2257 1859 δέ
2284 1804 2439 1895 λέγει
2466 1803 2564 1875 τὴν
2592 1804 2970 1895 αποστροφήν.

459 1895 626 1952 Vsns.
658 1895 750 1951 20.
777 1894 1029 1963 Benefac,
1055 1893 1293 1961 Domine,
1327 1894 1383 1948 in
1412 1892 1548 1948 bona
1576 1892 1850 1949 voluntate
1880 1903 1972 1947 tua
2010 1890 2047 1895 "

2036 1890 2047 1895 ⁷
2151 1894 2505 1964 ’Δγάθυνον,
2530 1894 2734 1961 Κύριε,
2760 1893 2828 1946 ἐν
2860 1890 2934 1961 τῇ
2957 1891 3205 1960 εὐδοκιᾳ
3220 1905 3340 1946 σου
3357 1890 3470 1958 τὴν
3490 1891 3663 1945 Σιών.

388 1989 539 2044 Sion.
597 1987 883 2058 Supplicat
927 1988 1030 2041 hoc
1088 1987 1142 2040 in
1196 1987 1318 2041 loco
1371 2001 1474 2057 pro
1544 1985 1971 2043 resediﬁcatione

2091 1988 2356 2042 Ἐνταῦθα
2373 1988 2685 2058 παρακαλεῖ
2713 1987 2843 2058 περὶ
2868 1989 2967 2058 τῆς
2990 1987 3130 2058 μετά
3153 1987 3251 2056 τὴν
3268 1992 3328 2040 ἐκ
3345 1986 3660 2048 Βαϐυλῶνος

383 2082 717 2144 Jerusalem,
751 2096 872 2151 qua:
915 2080 1096 2136 futura
1122 2088 1240 2135 erat
1290 2091 1412 2150 post
1440 2081 1682 2135 reditum
1715 2096 1746 2135 e
1788 2078 1970 2151 Baby-

2080 2078 2343 2132 ἐπάνοδον
2368 2075 2724 2146 ὰνοικοδομῆς
2744 2078 2839 2145 τῆς
2876 2073 3243 2146 Ἰερουσαλήμ
3271 2088 3284 2103 ·
3310 2072 3371 2125 τὸ
3390 2072 3467 2136 δὲ,
3519 2071 3658 2138 ἁγάο

387 2176 530 2227 Ione.
568 2172 591 2245 ί
631 2172 892 2239 Quardam
951 2187 1083 2225 vero
1122 2173 1455 2242 exemplaria
1488 2188 1596 2226 non
1631 2172 1686 2226 in
1721 2186 1962 2226 accusa-

2080 2167 2290 2227 0vror,
2335 2164 2456 2216 ἀντὶ
2512 2158 2628 2227 τοῦ,
2666 2162 3070 2231 ἀγαθοποίησον
3107 2177 3124 2194 ·
3161 2161 3348 2233 ἕτερον
3391 2161 3497 2231 γὰρ
3527 2157 3655 2229 παρ’

386 2266 498 2319 tivo
534 2280 689 2328 casn,
748 2264 840 2319 sed
868 2265 921 2317 in
969 2262 1155 2318 dativo
1181 2263 1383 2318 habent
1414 2263 1740 2328 dictionem,
1800 2260 1971 2318 Sion:

2081 2257 2263 2310 ἐκεῖνο
2292 2253 2469 2318 τοῦτο,
2502 2252 2577 2317 ὡς
2607 2254 2670 2306 τό
2695 2269 2708 2283 ·
2742 2252 3085 2325 Ἀπ’ἁθυνσν,
3137 2253 3332 2321 Κύριε,
3355 2251 3477 2317 τοῖς
3513 2250 3645 2318 ἁγα-

384 2357 529 2426 quod
568 2373 635 2411 ex
678 2356 917 2412 lectione
957 2354 1147 2410 Graeca
1198 2356 1398 2411 melius
1422 2357 1728 2427 percipitur
1751 2366 1973 2426 propter

2082 2346 2228 2413 θοῖς.
2266 2347 2371 2399 Ἐν
2414 2342 2490 2414 τῇ
2520 2343 2768 2413 εὐδοκίςι
2805 2361 2922 2399 σου
2954 2345 3033 2400 δὲ.
3066 2343 3339 2408 τουτέστι,
3363 2344 3428 2413 τῇ
3462 2356 3654 2407 συνερ-

382 2448 720 2513 articulum,
782 2446 942 2515 juxta
1022 2461 1187 2517 quem
1258 2456 1313 2499 et
1368 2461 1471 2500 nos
1520 2444 1974 2501 commodissime
2086 2440 2209 2511 γείᾳ
2247 2456 2340 2492 σου

385 2540 564 2611 legere
591 2553 891 2609 possumus
918 2539 1154 2608 primam
1208 2538 1484 2591 litteram:
1532 2536 1766 2604 Benefac
1799 2535 1971 2602 ipsam
2003 2532 2172 2597 Sion,
2209 2532 2297 2585 vel
2353 2534 2407 2585 in
2461 2532 2683 2585 dativo:
2740 2529 2973 2599 Benefac
3026 2530 3130 2599 ipsi
3175 2528 3304 2585 Sion
3359 2547 3373 2584 :
3420 2534 3474 2583 et
3527 2535 3662 2581 tunc

380 2632 621 2705 expone]
656 2632 909 2700 Benefac,
964 2647 1085 2701 pro,
1123 2631 1269 2685 llona
1306 2631 1495 2686 fatito.
1531 2632 1691 2686 Aliud
1724 2632 1870 2686 enim
1893 2638 1978 2686 est
2021 2630 2127 2684 hoc
2159 2629 2229 2683 ab
2276 2628 2412 2694 illo;
2466 2627 2621 2695 iuxta
2654 2626 2801 2696 quod
2849 2626 2978 2681 alibi
3069 2626 3343 2696 legimus:
3393 2623 3653 2693 Benefac,

383 2732 625 2795 Domine,
649 2730 797 2783 bonis
842 2740 888 2782 et
961 2730 1117 2781 rectis
1165 2730 1341 2784 corde.
1376 2727 1439 2781 In
1468 2730 1600 2782 bona
1634 2737 1812 2783 autem
1850 2727 2114 2781 voluntate
2162 2735 2273 2789 tua,
2310 2727 2414 2778 hoc
2449 2734 2550 2788 est,
2590 2723 2794 2777 auxilio
2828 2731 2879 2776 et
2910 2737 3012 2791 ope
3041 2729 3154 2775 tua.

454 2826 522 2879 Et
579 2824 914 2893 (edi/icentur
965 2824 1103 2876 muri
1151 2822 1476 2878 Jerusalem.
1507 2820 1761 2893 Optantis
1791 2837 1971 2877 sermo

2148 2819 2261 2872 Καὶ
2296 2817 2746 2888 οἱκοδομηθὴτω
2795 2804 3065 2884 τὰ’τε[χη
3112 2814 3529 2885 Ἰερουσαλήμ.
3561 2815 3655 2879 Τὸ,

382 2924 488 2978 ρει,
543 2915 761 2969 tametsi
825 2928 889 2969 ex
942 2911 1130 2967 Graeca
1179 2913 1420 2969 lectione
1460 2914 1775 2985 imperativi
1820 2913 1969 2969 modi

2072 2916 2528 2987 Οἰκοδομηθήτω,
2564 2914 2981 2986 παρακλητικόν
3003 2914 3174 2976 ἐστιν,
3196 2913 3244 2965 εἰ
3292 2912 3387 2965 καὶ
3417 2926 3655 2981 προστα-

379 3023 503 3063 essc
536 3010 809 3062 videatur.

2069 3009 2257 3062 κτικδν
2293 3007 2578 3078 φαίνεται.

452 3103 618 3158 Vsns.
676 3102 771 3156 ει.
835 3101 983 3156 Tunc
1014 3101 1317 3171 acceptabis
1347 3101 1681 3172 sacri/icium
1709 3101 1963 3172 justitite.

2146 3103 2283 3157 Τότε
2298 3101 2655 3170 εὐδοκήσας
2678 3099 2902 3156 θυσίαν
2917 3098 3334 3165 δικαιοσύνης.
3354 3097 3489 3150 Τότε
3513 3097 3650 3150 ἁπο-

382 3198 559 3259 Tune,
594 3196 793 3266 inquit,
825 3193 1038 3265 justum
1075 3195 1348 3264 suscipias
1378 3193 1731 3249 sacriﬁcium.
1764 3192 1821 3247 in
1857 3193 1963 3247 alio
1992 3233 2009 3288 ‘

2021 3196 2196 3286 Ξδέξῃ
2267 3195 2460 3249 Θυσίαν
2512 3193 2762 3247 δικαίαψ
2818 3193 2876 3245 ἐν
2912 3192 3085 3262 ἑτέρῳ
3155 3189 3265 3261 γὰρ
3312 3189 3464 3260 τόπῳ
3551 3188 3648 3242 οὐκ

380 3292 526 3345 enim
561 3303 705 3343 nunc
733 3302 902 3357 quam
935 3288 988 3340 in
1036 3283 1347 3341 Jerusalem
1396 3286 1674 3340 sacriﬁcia
1713 3287 1813 3341 tibi
1855 3302 1963 3341 non
1996 3279 2007 3288 ’

2016 3279 2034 3288 ’
2072 3287 2187 3341 ἔστι
2239 3288 2464 3349 δικαίως
2518 3285 2699 3339 θύειν’
2752 3286 2810 3339 ἐν
2846 3283 2984 3355 μόνῃ
3025 3283 3133 3353 γὰρ
3163 3284 3228 3353 τῇ
3291 3279 3643 3353 Ἰερουσαλὴμ

378 3387 482 3440 rite
507 3383 843 3446 oll'eruntur,
899 3394 1025 3434 cum
1077 3379 1161 3434 lex
1211 3378 1268 3433 in
1328 3394 1390 3434 ea
1428 3387 1637 3433 tantum
1662 3380 1965 3435 sacriﬁcari

1211 3378 1268 3433 in
1328 3394 1390 3434 ea
1428 3387 1637 3433 tantum
1662 3380 1965 3435 sacriﬁcari
2071 3381 2270 3435 θύεινὸ
2308 3380 2472 3453 νόμος
2502 3377 2833 3450 ἐπέτρεψεν.

380 3492 541 3547 posse
566 3474 939 3530 mandaverit.

449 3572 778 3626 Oblationem
792 3578 842 3624 et
856 3567 1296 3623 holocanslaPer
1310 3568 1639 3625 oblationem
1668 3584 1730 3625 ea
1764 3570 1968 3626 intelli-

2138 3558 2473 3627 Ἀναφορὰν
2510 3555 2609 3611 καὶ
2645 3555 3136 3625 ὁλοκαυτώματα.
3191 3550 3497 3623 Ἀναφορὰν
3548 3547 3647 3621 μέν

376 3666 456 3734 git
477 3662 1014 3732 sacriﬁcia,quorum
1032 3676 1158 3731 pars
1175 3661 1354 3732 aliqua
1377 3670 1586 3717 tantum
1603 3661 1963 3719 offerebatur:

2068 3651 2219 3720 λέγει
2249 3652 2317 3705 τὰ
2332 3651 2719 3722 ἀφαιρήματα,
2742 3648 2811 3701 τὰ
2834 3649 2898 3700 ἐκ
2932 3646 3132 3717 μέρους
3187 3642 3610 3714 προσφερόμενα
3630 3655 3643 3670 ·

377 3772 473 3827 per
489 3757 809 3811 holocausta
834 3762 1039 3821 autem,
1059 3769 1122 3809 ea
1145 3770 1265 3824 qua:
1284 3754 1963 3826 integraincendehantur.

1916 3774 1963 3811 ι’,
2067 3740 2503 3811 ὁλοκαυτώματα
2535 3739 2612 3803 δέ,
2648 3738 2719 3791 τὰ
2752 3737 2872 3791 καθ’
2901 3735 3226 3806 ὁλοκληρίαν
3253 3734 3540 3802 καιόμενα.

449 3848 598 3902 Tunc
658 3850 891 3915 imponet
931 3863 1088 3916 super
1142 3846 1317 3902 altare
1368 3858 1520 3902 tuum
1571 3848 1789 3902 vitulos.
1839 3847 1965 3903 lltec

2145 3837 2283 3891 Τότε
2336 3833 2704 3888 ἀνοίσουσιν
2767 3829 2866 3883 ἐπὶ
2924 3830 2993 3883 τὸ
3037 3826 3473 3894 θυσιαστήριόν
3527 3837 3650 3877 σου

376 3938 597 4007 quidem
647 3938 802 4007 juxta
848 3915 1090 3991 historiae
1151 3950 1376 3992 sensum
1444 3938 1588 3991 dicta
1629 3947 1777 4002 sunt,
1806 3937 1961 4009 juxta

2061 3929 2361 3998 μόσχους.
2414 3924 2601 3979 Ταῦτα
2654 3923 2773 3993 μὲν,
2813 3921 2936 3976 καθ’
2970 3920 3248 3990 ἱστορίαν·
3282 3915 3646 3987 ἁναγωγικῶς

380 4045 662 4101 anagogen
731 4043 863 4083 vero
935 4043 999 4084 ea
1065 4027 1314 4099 praedicit
1362 4027 1654 4097 Propheta,
1705 4046 1828 4100 quae
1893 4030 1961 4085 ad

2065 4022 2144 4087 δέ,
2175 4020 2423 4090 περὶτῆς
2468 4017 2804 4089 Ἐκκλησίας
2834 4016 2945 4069 τῶν
2978 4012 3188 4067 πιστῶν
3215 4011 3312 4065 καὶ
3352 4011 3449 4081 τῆς
3480 4009 3646 4076 εὐαγ-

378 4121 678 4178 Ecclesiam
756 4121 995 4177 ﬁdelium
1077 4129 1132 4175 et
1185 4122 1255 4174 ad
1330 4120 1713 4192 evangelicum
1788 4124 1963 4177 sacri-

2067 4113 2294 4183 γελικῆς
2351 4109 2544 4174 θυσίας
2598 4110 2977 4180 προφητεύει·
3029 4105 3280 4159 εὐδοκίαν
3324 4104 3421 4174 μὲν
3464 4102 3641 4171 λέγων

380 4214 559 4268 ﬁcium
618 4214 920 4283 pertinent.
1011 4212 1077 4267 Et
1157 4227 1253 4282 per
1309 4191 1511 4269 bonam
1619 4216 1958 4270 voluntatem

2063 4206 2164 4274 τὴν
2185 4201 2599 4273 ἐνανθρώπησιν
2617 4198 2710 4251 τοῦ
2736 4197 3010 4267 Σωτῆρος,
3036 4196 3112 4259 ώς
3132 4193 3344 4264 ἀγαθὴν
3367 4191 3643 4263 βούλησινο

380 4303 686 4358 Salvatoris
727 4302 1166 4357 incarnationem
1220 4304 1501 4373 intelligit,
1541 4301 1715 4359 veluti
1752 4305 1959 4359 bonum

2064 4295 2205 4349 Σιὼν
2253 4293 2328 4360 δέ,
2358 4293 2457 4363 τὴν
2514 4291 2794 4344 πολιτείαν
2838 4290 2948 4341 τῶν
2978 4288 3355 4359 Χριστιανῶν·
3394 4286 3551 4355 τείχη
3583 4283 3644 4338 δέ

376 4393 651 4462 quoddam
684 4392 1072 4463 propositum:
1103 4400 1160 4447 et
1185 4408 1279 4461 per
1320 4393 1473 4460 Sion,
1520 4395 1958 4451 Christianorum

2066 4391 2257 4459 αὐτῆς,
2310 4391 2439 4450 τοὺς
2490 4384 2829 4446 ἐπισκόπους
2861 4383 2957 4436 καὶ
2983 4380 3335 4441 διδασκάλους
3366 4392 3381 4407 ·
3418 4378 3539 4431 τότε
3584 4375 3644 4428 δὲ

376 4483 896 4549 conversationem;
926 4498 1023 4549 per
1052 4497 1242 4537 muros
1290 4483 1420 4540 item
1463 4484 1791 4552 Jerusalem,
1846 4489 1961 4556 epl-

2066 4478 2391 4542 ἀποδέξεται
2422 4477 2519 4529 καὶ
2560 4474 2755 4529 θυσίαν
2798 4471 3170 4543 δικαιοσύνης,
3214 4470 3383 4542 ἧγουν
3415 4468 3638 4540 ἀρετῆς·

377 4590 579 4645 scopos
607 4583 662 4629 et
699 4574 982 4630 doctores.
1031 4574 1099 4628 Et
1148 4583 1306 4642 tunc,
1356 4576 1562 4648 inquit,
1598 4578 1840 4648 accipies
1871 4565 2004 4634 sa-l

2015 4567 2039 4625 )
2067 4572 2161 4624 καὶ
2188 4570 2470 4641 ἀναφορὰν
2504 4568 2624 4639 μὲν,
2657 4567 2755 4631 τὰς
2776 4566 2865 4620 διὰ
2884 4566 3122 4637 Χριστὸν
3152 4566 3216 4617 ἐκ
3270 4564 3474 4634 μέρους
3504 4561 3642 4615 καῦ-

374 4661 645 4719 criﬁcium
693 4662 947 4732 iustitiae,
1012 4664 1115 4718 hoc
1156 4673 1262 4729 est,
1304 4667 1641 4723 sacriﬁcium
1686 4668 1958 4724 universae

2065 4679 2181 4726 σεις
2214 4660 2324 4714 τῶν
2362 4658 2717 4731 ὁμολογητῶν
2747 4674 2761 4689 ·
2799 4654 3235 4726 ὁλοκαυτώματα
3267 4654 3348 4719 δέ,
3380 4652 3477 4716 τὰς
3516 4651 3639 4705 καθ’

377 4754 632 4822 virtutis;
664 4763 718 4812 et
742 4755 1109 4822 oblationem,
1161 4759 1266 4821 hoc
1307 4767 1411 4822 est,
1452 4768 1679 4815 sanctos
1733 4761 1958 4818 confes-

2062 4757 2361 4828 ὁλόκληρον
2385 4754 2494 4809 τῶν
2527 4752 2845 4827 μαρτύρων.
2866 4754 2935 4807 Ἢ
2954 4753 3014 4805 τὸ
3038 4755 3159 4821 μὲν,
3183 4751 3309 4812 τοὺς
3330 4749 3421 4803 διὰ
3454 4749 3642 4817 ξίφους

378 4862 572 4914 seres;
613 4855 666 4900 et
702 4845 1047 4913 holocausta,
1101 4848 1207 4905 hoc
1242 4858 1353 4915 est,
1393 4860 1615 4908 sanctos
1664 4863 1957 4924 martyres.

2065 4847 2550 4922 ἀκροτηριασμοὺς
2613 4846 2724 4901 τῶν
2767 4845 3118 4916 ὀμολογητῶν
3144 4861 3158 4875 ·
3212 4843 3272 4896 τὸ
3302 4842 3383 4908 δὲ,
3410 4843 3505 4906 τὰς
3531 4841 3640 4894 τῶν

378 4936 511 5011 [11ιί
563 4939 711 4992 enim
791 4936 1196 5001 oblationibus,
1274 4942 1365 4995 isti
1424 4957 1557 4996 vero
1612 4944 1957 5002 holocaustis

2068 4940 2367 5013 μαρτύρων
2420 4940 2657 5010 σφαγάς.
2692 4939 2763 4992 Ἦ
2787 4938 2845 4991 τὸ
2879 4936 3001 5008 μὲν,
3036 4936 3136 5008 τὴν
3165 4936 3231 4988 ἐκ
3265 4937 3462 5006 μέρους
3510 4934 3641 5005 ἀρε-

377 5031 575 5085 merito
655 5031 969 5100 comparari
1042 5039 1318 5102 possunt,
1372 5046 1499 5086 cum
1570 5036 1791 5106 utrique
1847 5038 1957 5094 Deo

2061 5034 2184 5105 τὴν,
2215 5034 2291 5097 ὡς
2328 5033 2427 5103 τὴν
2461 5034 2520 5085 ἐν
2554 5033 2741 5103 γάμῳ,
2774 5031 2809 5102 ἢ
2831 5030 2975 5099 ἄλλῳ
2994 5028 3245 5099 ,βιωτικῷ
3280 5028 3551 5098 σχήματι·
3580 5025 3641 5079 τὸ

377 5123 547 5178 oblati
603 5137 667 5177 ac
698 5121 1028 5179 sanctiﬁcati
1077 5123 1224 5189 sint;
1264 5133 1318 5179 et
1348 5124 1694 5184 confessores
1734 5130 1955 5200 quidem

2062 5127 2140 5190 δέ,
2185 5125 2285 5196 τὴν
2317 5125 2550 5190 τελείαν,
2585 5124 2661 5187 ώς
2689 5123 2790 5194 τὴν
2852 5123 2910 5175 ἐν
2944 5121 3179 5192 ἀγαμίᾳ,
3221 5119 3254 5189 ἢ
3288 5121 3346 5173 ἐν
3373 5118 3635 5190 μοναδικῇ

377 5231 444 5269 ex
505 5225 660 5283 parte
717 5229 780 5269 se
844 5214 955 5269 Deo
996 5214 1266 5270 obtulisse
1314 5216 1588 5284 videntur,
1623 5230 1846 5292 propter
1868 5238 1958 5278 as-

2061 5217 2330 5287 πολιτεία.
2354 5218 2564 5287 Μόσχοι
2600 5216 2677 5282 δέ,
2702 5217 2751 5269 oi
2778 5216 2962 5268 πιστοὶ
2988 5218 3054 5286 τῇ
3074 5213 3311 5284 χορηγία
3342 5213 3453 5267 τῶν
3504 5213 3637 5281 ἀρε-

376 5304 775 5358 scvcrationem
833 5301 982 5369 ﬁdei,
1041 5310 1314 5374 martyres
1370 5314 1552 5360 autem
1606 5310 1955 5381 exlintcgro,

2056 5310 2187 5376 τῶν,
2249 5310 2345 5363 καὶ
2396 5310 2579 5373 πίονες
2635 5308 2715 5378 τῷ
2749 5308 2891 5377 ἁγίῳ
2945 5309 3245 5377 Πνεύματι,
3282 5307 3378 5359 καὶ
3414 5305 3636 5374 κερατί-

376 5412 501 5451 cum
564 5405 619 5449 ct
670 5397 914 5449 animum
984 5396 1214 5464 pariter,
1277 5404 1330 5451 ct
1390 5400 1568 5467 ipsum
1632 5415 1835 5472 corpus
1899 5406 1952 5457 in

2057 5400 2242 5463 ζοντες
2275 5401 2365 5453 τὸν
2398 5401 2666 5466 διάϐολον,
2702 5400 2932 5454 καθόλου
2979 5399 3183 5461 πάντες
3204 5398 3251 5450 οἱ
3277 5398 3472 5450 τέλειοι
3496 5396 3632 5466 πρά-

379 5495 557 5540 totum
595 5485 703 5542 Deo
728 5486 1075 5541 devoverint.
1130 5485 1251 5549 Vel,
1285 5502 1380 5555 per
1414 5489 1746 5556 oblationes,
1783 5508 1953 5546 mem-

2057 5494 2136 5558 ξει
2168 5495 2266 5547 καὶ
2307 5493 2475 5563 λόγῳ,
2510 5494 2558 5547 οἳ
2600 5494 2694 5546 καὶ
2749 5494 2828 5557 εἰς
2864 5494 2924 5546 τὸ
2957 5492 3286 5563 ἐπουράνιον
3336 5489 3634 5557 ἀνάγονται

379 5576 603 5630 brorum
697 5577 1073 5632 estremitatcs
1127 5578 1399 5648 intellige,
1460 5581 1527 5636 de
1575 5582 1950 5637 conlessorum

2056 5584 2468 5655 θυσιαστήριον,
2518 5586 2598 5648 εἰς
2655 5584 2833 5655 ὀσμὴν
2878 5583 3109 5647 εὐωδίας
3143 5581 3223 5653 τῷ
3259 5581 3400 5651 Θεῷ.
3433 5579 3633 5649 Χρὴδέ

375 5680 604 5733 corpore
632 5667 1026 5735 detruncatas;
1061 5685 1156 5739 per
1192 5670 1516 5726 holocausta
1553 5688 1704 5735 vero,
1742 5676 1950 5743 integra

2056 5676 2369 5743 γινώσκειν,
2417 5677 2501 5729 ὅτι
2543 5675 2731 5729 πολλοὶ
2792 5676 3059 5738 πολλάκις
3109 5675 3208 5745 τὴν
3262 5673 3506 5729 διάθεσιν
3535 5666 3631 5723 τοῦ

376 5763 678 5853 martyrum
710 5759 986 5827 incendia,
1028 5769 1122 5815 aut
1154 5762 1349 5817 caedes.
1381 5762 1475 5818 Vel
1507 5764 1667 5818 aliter
1692 5782 1706 5819 :
1728 5767 1947 5821 Ohlatio

2060 5766 2346 5837 μέλλοντος
2368 5767 2560 5839 χρόνου
2620 5770 2739 5822 ἀντὶ
2768 5766 3023 5823 εὐκτικοῦ
3079 5764 3627 5838 παραλαμϐάνουσιν,

379 5844 630 5898 virtutem
690 5844 910 5906 quidem
960 5848 1256 5919 signiﬁcat,
1291 5851 1386 5908 sctl
1418 5866 1481 5906 ex
1512 5861 1667 5921 parte
1707 5855 1947 5913 diminu—

2059 5858 2254 5929 ἰδίωμα
2279 5860 2373 5914 καὶ
2394 5860 2552 5915 τοῦτο
2572 5861 2670 5932 τῆς
2701 5862 2984 5935 Ἐϐίιαῖδος
3012 5859 3295 5915 διαλέκτου
3354 5858 3629 5928 λέγοντες.
