4120 6422
511 386 615 450 561

1710 382 2103 443 COMMENT.
2136 383 2217 442 IN
2255 382 2615 445 PSALMOS.

3688 376 3791 445 502

506 495 588 556 ὡς
608 494 690 558 τὸ,
725 494 1016 559 Ῥαντιεῑς
1028 511 1104 563 με
1122 493 1406 558 ὑσσώπῳ,
1429 492 1528 546 καὶ
1547 491 2085 562 καθαρισθήσομσι·

2204 501 2349 549 tam:
2406 495 2573 549 veluti
2631 496 2677 551 si
2728 496 2855 566 quis
2896 496 2951 551 in
2984 497 3290 568 conjugali,
3328 502 3421 550 aut
3470 495 3579 549 alio
3632 510 3794 549 mun-

510 584 771 650 πλυνεῖς
816 602 916 654 με,
973 587 1072 639 καὶ
1134 584 1287 654 ὑπὲρ
1340 583 1520 653 χιόνα
1584 584 2104 653 λευκαγθιῙσομαι,

508 679 611 732 καὶ
641 678 743 731 ὃσα
770 676 1026 733 τοιαῦτα.

2211 585 2367 640 danae
2398 585 2519 640 vitae
2547 595 2688 641 statu
2721 588 2981 644 virtutem
3013 589 3338 660 prmsel‘erat
3365 605 3381 653 ;
3406 588 3793 643 holocaustum

2207 690 2339 731 vero
2394 678 2692 747 perfectam
2732 680 3016 746 virtutem,
3066 682 3233 737 veluti
3279 681 3324 737 si
3364 679 3493 750 quis
3539 680 3593 734 in
3625 677 3795 746 virgi-

2200 769 2396 836 nitate,
2450 780 2546 826 aut
2614 774 2917 829 monastica
2985 776 3147 845 degat
3197 776 3643 831 conversatione.
3692 768 3797 825 Per

503 852 713 907 vitulus
779 852 945 907 etiam
1015 868 1111 908 eos
1184 854 1445 924 intellige,
1501 855 1596 925 qui
1672 856 1949 912 virtutum
2008 857 2322 914 ministerio
2376 863 2518 931 pasti
2603 877 2669 919 ac
2754 863 2920 919 cibati
2988 876 3138 929 sunt,
3200 873 3256 921 et
3320 865 3501 921 effecti
3558 863 3794 934 pingues

502 947 684 1015 gratia
741 949 916 1002 sancti
987 947 1261 1016 Spiritus,
1327 951 1422 1020 qui
1514 952 1822 1015 dannones,
1889 951 2112 1007 fortium
2154 954 2455 1013 vitulorum
2503 958 2699 1026 instar,
2753 974 2925 1016 cornu
2986 969 3226 1031 petunt:
3273 972 3329 1015 et
3383 958 3624 1027 denique
3688 966 3789 1007 eos

502 1056 725 1103 ouines.
779 1039 873 1110 qui
922 1042 1142 1095 actione
1187 1053 1242 1097 ct
1277 1057 1532 1099 sermone
1561 1043 1785 1114 perfecti
1810 1054 1959 1109 sunt,
1986 1047 2079 1113 qui
2119 1050 2286 1102 etiam
2332 1049 2399 1104 ad
2455 1050 2689 1106 cheSte
2770 1052 3126 1107 adducuntur
3180 1051 3357 1107 altare
3415 1051 3470 1104 in
3560 1047 3790 1101 odorem

503 1132 801 1188 suavitatis
848 1134 891 1189 ³.
960 1134 1095 1188 illud
1160 1145 1343 1190 autem
1414 1137 1560 1193 scire
1626 1144 1887 1206 oportet,

1974 1140 2122 1208 quod
2165 1142 2321 1196 multi
2394 1159 2775 1213 saepenumero
2860 1144 3107 1200 futurum
3186 1154 3408 1214 tempus
3496 1138 3783 1196 indicativi

504 1223 790 1293 accipiunt
841 1240 944 1293 pro
1007 1225 1270 1296 optativo,
1322 1227 1522 1283 idioma
1569 1228 1620 1282 id
1652 1242 1777 1282 esse
1826 1227 2075 1283 dicentes
2118 1228 2402 1287 llehraieae
2464 1235 2682 1303 linguae,
2736 1243 2799 1290 ut
2835 1235 2969 1291 illud
3018 1253 3034 1291 :
3091 1236 3352 1307 Asperges
3409 1248 3512 1294 me,
3546 1229 3785 1307 Domine:

497 1320 752 1391 hyssopo,
809 1334 855 1377 et
918 1323 1232 1386 mundabor,
1261 1325 1460 1379 lavabis
1493 1341 1595 1388 me,
1615 1335 1723 1380 etc.
1761 1340 1859 1394 pro
1884 1338 1950 1380 eo
1979 1325 2126 1395 quod
2164 1335 2266 1393 est,
2298 1328 2520 1385 Utinam
2567 1347 2654 1387 me
2697 1346 2980 1403 aspergas,
3029 1341 3194 1402 atque
3266 1331 3476 1384 utinam
3524 1326 3694 1389 laves,
3737 1297 3792 1379 ιιι

500 1418 613 1472 alia
652 1418 993 1490 hujusmodi.

1055 1516 1353 1570 ΨᾹΛΜΟΣ
1380 1514 1513 1569 NA'.

500 1611 611 1673 Εἰς
638 1608 707 1661 τὸ
737 1609 914 1674 τέλος
946 1609 1191 1678 ψαλμὸς
1230 1609 1547 1676 συνέσεως
1578 1608 1658 1674 τῷ
1688 1610 1886 1674 Δαϐίδ,
1924 1611 1996 1664 ἐν
2015 1610 2097 1676 τῷ

568 1698 780 1752 ἐλθεῖν
812 1700 981 1767 Δωὴκ
1012 1701 1120 1754 τὸν
1178 1702 1537 1770 Ἰδουμαῗον.
1591 1703 1690 1757 καὶ
1741 1704 2094 1771 ἀναγγεῖλαι

568 1790 655 1855 τῷ
688 1791 913 1857 Σαοὺλ,
944 1792 1044 1848 καὶ
1074 1794 1266 1848 alneis»
1301 1794 1500 1860 αὐτῷ’
1542 1792 1734 1863 fmus-
1787 1796 1965 1851 Δαὸὶδ
2008 1800 2095 1862 είς

571 1883 683 1938 τὸν
704 1881 874 1939 οἷκον
913 1885 973 1940 Ἀ
984 1886 1251 1955 ϐιμέᾸεχ.

2773 1519 3095 1576 PSALMUS
3133 1519 3217 1574 Li.

2198 1611 2260 1664 In
2296 1612 2453 1680 ﬁnem
2482 1612 2719 1679 psalmus
2749 1613 3112 1681 intelligentiae
3155 1613 3262 1682 ipsi
3316 1611 3488 1666 David
3512 1652 3526 1674 ,
3574 1616 3789 1680 quando

2269 1703 2408 1755 venit
2433 1703 2569 1757 Doec
2602 1702 2876 1759 Idumwus
2898 1745 2913 1769 ,
2940 1714 2990 1758 et
3022 1705 3359 1759 annuntiavit
3406 1705 3509 1773 ipsi
3540 1702 3674 1759 Saul
3694 1741 3708 1767 ,
3740 1714 3788 1756 et

2269 1795 2426 1859 dixit,
2470 1795 2615 1850 Venit
2648 1796 2816 1851 David
2848 1799 2902 1852 in
2933 1800 3148 1851 domum
3184 1797 3513 1854 Acltimeleclt
3539 1796 3675 1867 (δὲ).

566 1978 798 2043 Φεύγων
836 1980 863 2031 ὁ
902 1977 1067 2032 Δαϐὶδ
1095 1979 1187 2031 τὸν
1212 1978 1408 2043 Σαοὺλ,
1439 1980 1727 2033 ἐπείνασεν
1761 1997 1775 2012 ο
1801 1980 1898 2033 καὶ
1928 1982 2085 2034 ἀπελ-

2265 1975 2400 2029 Cum
2455 1975 2664 2047 fugeret
2692 1977 2910 2031 Sauletn
2959 1977 3155 2032 bea'us
3209 1976 3412 2040 David,
3467 1984 3631 2044 atque
3681 1975 3788 2048 [ut

493 2070 609 2122 οὼν
640 2069 781 2138 πρὸς
808 2069 1039 2138 Νομϐἀν
1067 2069 1168 2140 τὴν
1190 2070 1348 2122 πόλιν
1397 2071 1509 2122 τῶν
1544 2071 1738 2139 ἱερέων
1767 2071 1905 2139 πρὸς
1945 2071 2088 2124 Ἀϐι-

499 2161 595 2229 pi)
609 2178 672 2230 εχ
703 2160 797 2214 τὸν
828 2160 1116 2231 ἀρχιερέα,
1148 2162 1409 2230 ἐποίησεν
1429 2163 1529 2214 ὅσα
1560 2164 1619 2214 ὲν
1670 2163 1952 2233 ἐπιγραφῇ
1993 2161 2086 2214 τοῦ

498 2252 580 2320 ιγ’
612 2254 838 2323 ψαλμοῦ
869 2254 1289 2325 ὲξηγησάμεθα.
1320 2254 1495 2307 Τοῦτο
1528 2252 1651 2307 ἰδὼν
1702 2257 1879 2320 Δωὴκ,
1917 2255 1946 2306 6
1980 2255 2088 2307 τῶν

507 2342 804 2409 βασιλικῶν
862 2342 1109 2413 ἡμιόνων
1156 2342 1519 2414 ἐπιμελητὴς,
1583 2344 1966 2414 κατεμήνυσεν
2010 2343 2088 2414 τῷ

513 2433 674 2487 Σαούλ
704 2451 721 2467 ’
758 2435 1025 2489 καὶκατὰ
1057 2434 1151 2488 τοῦ
1199 2437 1495 2505 ’Λόιμέλεχ
1539 2435 1774 2505 ἐξέμηνε
1809 2434 2084 2500 τοσοῦτον,

501 2525 824 2594 ώςὰγαγεῖν
856 2529 958 2597 μὲν
992 2529 1088 2582 καὶ
1111 2529 1327 2582 ἀνελεῖν
1357 2528 1446 2582 διὰ
1471 2526 1565 2583 τοῦ
1598 2528 1760 2598 Δωὴκ
1806 2528 1935 2592 τοὺς
1965 2530 2089 2581 ἐκα-

496 2617 588 2670 zbv
622 2616 720 2670 καὶ
746 2619 1092 2687 πεντήκοντα
1128 2620 1295 2688 ἱερεῖς
1327 2637 1340 2650 ’
1367 2619 1716 2687 κατασφάξαι
1767 2620 1824 2673 δὲ
1860 2620 1954 2672 καὶ
1979 2622 2085 2673 πᾶ-

494 2727 597 2763 σαν
630 2710 850 2779 ἡλικίαν
897 2711 998 2781 τῆς
1038 2710 1267 2776 πόλεως,
1321 2712 1416 2765 καὶ
1483 2711 1833 2782 πανωλεθρία
1881 2711 2090 2783 ταύτην

491 2800 839 2870 διαφθεῖραι.
882 2802 948 2854 '0
979 2801 1170 2872 μαθὼν
1201 2804 1230 2854 6
1266 2801 1452 2866 Δαδὶδ,
1489 2802 1695 2873 ἔγραψε
1724 2803 1816 2855 τὸν
1843 2802 2088 2864 παρόντα

488 2889 737 2960 ψαλμὸν,
766 2891 848 2954 είς
883 2891 1166 2963 ὑπομονὴν
1200 2892 1309 2945 τῶν
1334 2892 1729 2963 ἀδικουμένων.
1774 2896 1879 2958 Εἰς
1910 2892 2088 2958 τέείος

489 2982 550 3034 δὲ
580 2981 1022 3053 ἐπιγέγραπται,
1052 2984 1394 3054 παρεγγυῶν
1432 2986 1513 3047 είς
1546 2984 1609 3038 τὺ
1634 2983 1789 3044 τέλος
1840 2985 1953 3036 τῶν
1982 2984 2091 3036 αδι.

490 3073 741 3128 κούντων
813 3074 1144 3129 ἀποϐλέπειν
1174 3116 1189 3140 ,
1246 3076 1341 3131 καὶ
1418 3075 1820 3148 μακροθυμεῖν.
1902 3075 2087 3127 Συνέ-

488 3182 650 3231 σι-τως
678 3166 757 3232 δὲ,
785 3167 867 3221 ὅτι
901 3168 1167 3232 συνέσεως
1198 3169 1280 3222 δεῖ
1294 3168 1372 3234 τῷ
1395 3167 1742 3239 ἀδικουμένῳ
1772 3166 1908 3237 πρὸς
1944 3166 2087 3220 ὑπο-

494 3259 636 3327 μονή
643 3276 696 3312 ν.

2190 2068 2383 2123 aeeidit
2413 2067 2432 2139 ]
2465 2070 2724 2133 esurirct,
2759 2068 3040 2139 profectus
3070 2080 3154 2123 est
3189 2068 3453 2123 Nombam
3501 2069 3778 2123 civitatem

2189 2160 2537 2215 sacerdotum
2560 2202 2575 2226 ,
2613 2162 2679 2215 ad
2713 2161 3065 2218 Achimelech
3101 2162 3419 2232 pontiﬁcem
3453 2201 3468 2222 ,
3525 2161 3616 2216 ubi
3675 2159 3778 2233 [ct

2192 2267 2358 2320 panes
2394 2253 2789 2321 propositionis
2821 2254 3081 2319 comedit,
3118 2266 3171 2309 et
3197 2252 3326 2325 alia]
3360 2254 3470 2324 egit
3499 2292 3513 2316 ,
3546 2268 3666 2322 qua!
3688 2266 3781 2306 su-

2192 2359 2285 2409 pra
2316 2346 2945 2400 commemoravimusin
2972 2346 3318 2416 expositione
3348 2344 3545 2416 psalmi
3580 2357 3776 2398 χχχιιι.

2191 2430 2346 2484 llnnc
2377 2447 2500 2486 eum
2533 2433 2763 2488 vidisset
2798 2431 2972 2496 Doce,
3002 2421 3286 2502 regiorum
3341 2433 3613 2486 mulorum
3643 2446 3782 2500 pra:-

2193 2525 2390 2587 fet-tus,
2413 2526 2597 2578 omnia
2632 2523 2783 2579 Sauli
2823 2525 3181 2580 renuntiavit.
3238 2525 3341 2591 Qui
3401 2525 3503 2579 hoc
3548 2522 3736 2578 audito
3764 2564 3778 2587 ,

2191 2618 2325 2670 adeo
2367 2614 2550 2671 furere
2579 2630 2642 2671 ac
2670 2618 2864 2672 saevire
2899 2619 3069 2688 ('(Bpii
3098 2619 3364 2673 adversus
3411 2613 3782 2676 Achimclech,

2190 2719 2250 2762 ut
2282 2719 2500 2762 centum
2528 2718 2583 2762 et
2618 2708 3021 2779 quinquaginta
3046 2709 3361 2764 sacerdotes
3389 2711 3456 2763 ad
3484 2722 3543 2762 sc
3577 2703 3776 2759 adduci

2186 2798 2434 2869 jusserit,
2465 2800 2719 2855 etoeeidi
2755 2816 2784 2855 ιι
2834 2800 2975 2857 Doec
3001 2842 3015 2867 ,
3073 2810 3130 2857 et
3171 2803 3224 2856 in
3270 2801 3542 2871 cujusque
3599 2799 3776 2854 mtatis

2191 2891 2445 2945 homines
2478 2893 2531 2945 in
2569 2907 2632 2945 ea
2666 2891 2891 2947 civitate
2925 2892 3126 2948 saeviri.
3160 2890 3318 2958 Quod
3343 2907 3467 2947 cum
3521 2892 3780 2947 rescisset

2190 2982 2383 3037 beatus
2409 2981 2598 3046 David,
2625 2983 2956 3054 conscripsit
3009 2983 3155 3038 hunc
3207 2983 3475 3053 psalmum
3505 3021 3519 3043 ,
3576 2981 3641 3033 ad
3687 2994 3783 3035 eos

2189 3072 2577 3138 consolandos,
2614 3073 2708 3144 qui
2746 3074 2945 3142 injuria
2976 3071 3157 3128 allecti
3216 3072 3455 3127 fuerant.
3512 3069 3573 3125 In
3622 3070 3783 3139 ﬁnem

2190 3163 2531 3225 inscribitur,
2561 3166 2688 3233 quia
2730 3164 2798 3219 ad
2845 3179 3038 3220 eorum
3076 3163 3237 3219 tinem
3295 3164 3416 3229 illos
3448 3163 3606 3232 jubet
3637 3163 3785 3229 aspi-

2191 3272 2337 3321 cere,
2369 3257 2459 3323 qni
2495 3256 2750 3325 iujuriam
2782 3256 3109 3320 intulerunt,
3139 3263 3303 3326 atque
3325 3256 3542 3309 interim
3572 3255 3784 3324 paticn-

489 3361 579 3404 ter
604 3350 765 3417 ferre,
801 3367 865 3408 ac
895 3353 1258 3424 longanimem
1289 3369 1432 3409 esse.
1467 3352 1843 3423 lntelligentin:
1875 3361 2082 3413 autem,
2126 3365 2221 3405 seu
2253 3347 2448 3421 [juxta
2483 3349 2647 3403 aliam
2678 3348 2881 3404 Grazea:
2918 3348 3177 3404 dictionis
3230 3349 3499 3411 συνέσεως
3569 3346 3785 3417 signiti’

491 3447 805 3521 eationem]
842 3450 1158 3516 prudentiae,
1187 3447 1311 3505 ideo
1351 3449 1517 3512 dixit.
1554 3451 1818 3520 quoniam
1851 3450 1954 3512 iis,
2014 3449 2109 3519 qui
2162 3447 2364 3518 injuria
2426 3444 2603 3501 aﬂecti
2631 3446 2882 3511 fuerant,
2922 3450 3091 3504 multa
3141 3466 3280 3522 upus
3323 3459 3437 3505 erat
3486 3446 3777 3519 prudentia

488 3550 656 3606 atque
687 3542 991 3602 intellectu,
1033 3551 1092 3596 ut
1129 3544 1355 3613 patienti
1400 3546 1585 3599 animo
1610 3545 1793 3599 illatas
1832 3545 2040 3598 ferrent
2079 3542 2315 3611 injurias
2352 3542 2489 3615 (83).

567 3639 633 3691 Τί
668 3638 934 3708 ἐγκαυχᾷ
973 3639 1044 3691 ἐν
1102 3640 1303 3707 κακίᾳ,
1336 3643 1368 3694 ό
1415 3640 1681 3707 δυνατός
1714 3656 1733 3704 ;
1770 3641 1917 3713 Πρὸς
1982 3640 2073 3695 τὸν

2260 3638 2422 3694 Vsus.
2445 3641 2498 3695 ’5.
2536 3641 2676 3707 Quid
2702 3641 2956 3714 g’oriaris
2980 3643 3033 3697 in
3068 3645 3300 3709 malitia,
3328 3655 3507 3713 potens
3535 3645 3559 3699 ?
3589 3642 3783 3699 Sermo

488 3731 655 3801 Δωὴκ
686 3733 714 3784 6
743 3730 924 3799 λόγος.
950 3730 1011 3785 ὃν
1049 3730 1157 3785 ἔδει
1189 3732 1428 3801 μάλιστα
1485 3733 1931 3801 ἑγκαλύπτεσθαι
1976 3735 2071 3787 ἐπὶ

484 3826 557 3892 τῇ
637 3821 827 3895 κακίᾳ.
884 3822 1095 3877 Κακίαν
1149 3823 1206 3877 δὲ
1262 3823 1410 3892 λέγει
1474 3826 1574 3887 τὴν
1628 3826 1901 3897 πονηρίαν
1944 3826 2085 3880 καο-

487 3917 656 3968 ὀλου·
711 3915 938 3971 δυνατὸν
976 3917 1035 3970 δὲ
1106 3915 1273 3971 αὐτὸν
1335 3913 1482 3980 εἷπε.
1520 3919 1609 3972 διὰ
1659 3920 1759 3988 τὴν
1814 3920 1952 3990 πρὸς
1993 3896 2109 3972 τὸν.

488 4008 669 4062 Σαοὺλ
702 4008 978 4063 οίκείωσιν
1010 4025 1026 4040 ’
1056 4008 1087 4081 ἦ
1121 4011 1369 4077 δυνατὸν,
1406 4012 1487 4075 είς
1531 4010 1593 4065 τὸ
1626 4011 1902 4065 κακῶσαι.

570 4274 849 4342 ’Λνομῐαν
880 4273 1035 4342 ὅλην
1062 4275 1177 4342 τὴν
1207 4272 1457 4340 ἡμέραν,
1491 4273 1730 4329 ἀδικίαν
1758 4274 2082 4343 ἐλογίσατο

484 4369 527 4433 ἡ
584 4364 844 4437 γλῶσσά
933 4381 1071 4421 σου.
1164 4364 1260 4431 T6,
1295 4383 1304 4403 ι
1336 4367 1679 4435 ἐλογίσατο.
1749 4367 2081 4436 ἐφθέγξατο

480 4456 644 4514 εἶπεν
665 4460 694 4511 6
727 4458 1056 4512 Θεοδοτίων·
1103 4460 1164 4511 vi)
1246 4459 1402 4525 ὅλην
1449 4456 1557 4526 τὴν
1628 4459 1880 4529 ἡμέραν,
1948 4459 2080 4514 καθ’

479 4551 765 4619 ἑκάστην
801 4550 1036 4619 ἡμέραν
1082 4546 1238 4604 εἶπεν
1272 4553 1300 4604 6
1343 4551 1667 4622 Σύμμαχος.
1727 4553 1886 4606 Ἔστι
1931 4552 1987 4606 δὲ
2042 4555 2076 4623 ἡ

484 4643 749 4707 σύνταξις
797 4642 1012 4705 οὕτως·
1081 4643 1195 4695 Ἀεὶ
1235 4642 1541 4712 ἐφθέγξατο
1589 4645 1623 4715 ἡ
1694 4643 1920 4712 γλῶσσά
1980 4663 2076 4698 σου

480 4735 747 4804 ἀνομίαν,
774 4733 1017 4797 ἀδικίαν,
1079 4734 1409 4799 ἀσυνδέτως,
1473 4734 1666 4805 ἤγουν,
1722 4735 1904 4806 ἄνομα
1983 4737 2078 4789 καὶ

480 4826 673 4881 ἄδικα.
700 4825 960 4897 Διασύρει
996 4826 1054 4879 δὲ
1084 4827 1206 4879 ὅλον
1231 4826 1322 4879 τὸν
1355 4825 1470 4896 βίον
1500 4825 1697 4893 αὐτοῦ,
1754 4826 1831 4891 ὡς
1893 4828 2073 4899 πάντη

419 4921 428 4929 ’
481 4916 891 4988 διεφθαρμένον
923 4933 938 4949 ο
968 4918 1029 4970 οὐ
1062 4916 1173 4987 γὰρ
1204 4918 1271 4970 ἂν
1299 4918 1557 4988 τοιαύτην
1589 4917 1745 4972 πόλιν
1767 4918 2073 4985 ἀπώλεσεν,

486 5011 531 5063 el
555 5007 639 5081 μὴ
664 5008 1009 5063 παντάπασιν
1033 5009 1257 5074 ἀνίατος
1282 5005 1375 5082 ἦν.

561 5187 728 5241 Ὤσεί
754 5186 944 5256 ξυρὸν
956 5188 1339 5258 ἠκονημένον
1361 5189 1657 5256 ἐποίησας
1684 5189 1891 5245 δόλον.
1919 5193 2084 5247 Δόλον

479 5278 724 5332 ἐνταῦθα
783 5277 882 5347 τὴν
906 5277 1160 5348 διαϐολὴν
1190 5278 1367 5344 καλεῖ,
1399 5277 1466 5351 ἢν
1504 5279 1922 5350 παρεσκεύασεν
1938 5282 2084 5337 οὕτω

475 5371 943 5443 δραστήριον,ὡς
969 5372 1127 5443 δίκην
1196 5370 1362 5443 ξυροῦ
1433 5372 1720 5443 ἐκθερίσαι
1777 5374 1880 5446 τὴν
1925 5377 2083 5432 πόλιν

618 5503 640 5534 ⁸
665 5503 845 5560 Levit.
875 5520 925 5559 tv
978 5507 1069 5562 51.

2189 3738 2273 3784 est
2307 3730 2374 3783 ad
2408 3729 2571 3794 Doce,
2605 3747 2763 3799 quem
2803 3744 3121 3803 oportuerat
3145 3736 3326 3805 potius
3345 3735 3778 3790 malitiamsuam

2187 3822 2466 3891 obtegere,
2500 3838 2664 3890 quam
2706 3823 2774 3878 de
2804 3839 2865 3880 ea
2898 3825 3144 3894 gloriari.
3174 3826 3277 3881 Per
3299 3827 3563 3881 malitiam
3596 3833 3777 3880 autem

2187 3923 2415 3963 onmem
2439 3911 2490 3961 iu
2525 3910 2847 3967 universum
2880 3913 3202 3981 pravitatem
3269 3912 3543 3981 intelligit.
3583 3912 3781 3965 Poten-

2187 4006 2293 4053 tem
2328 4015 2458 4053 vero
2487 4015 2610 4055 eum
2645 4003 2978 4071 appellavit,
3022 4006 3092 4058 ob
3131 4003 3557 4059 familiaritatem
3614 4013 3779 4071 atque

2185 4093 2691 4163 amicitiam,quam
2716 4095 2950 4149 habebat
2990 4111 3114 4150 cum
3150 4096 3316 4152 Saule
3344 4115 3359 4165 ;
3389 4097 3471 4153 vel
3493 4104 3774 4167 potentem

2187 4183 2240 4238 iu
2277 4184 2526 4238 lsedcudo
2556 4199 2620 4239 ac
2653 4185 2897 4256 maligne
2928 4188 3164 4256 agendo.

2256 4271 2421 4327 Vsus.
2453 4274 2509 4330 4.
2544 4271 2888 4344 Iniquitatem
2919 4284 3034 4330 tota
3069 4274 3178 4339 die,
3213 4275 3538 4345 injustitiam
3574 4286 3777 4353 cogitu-

2181 4365 2252 4418 vit
2281 4366 2461 4435 lingua
2485 4376 2597 4421 tua.
2649 4364 2757 4421 Pro
2785 4367 3038 4437 cogitavit
3064 4409 3077 4433 ,
3127 4366 3436 4425 Thcodotio
3486 4374 3772 4441 reddidit,

2181 4458 2359 4514 locuta
2419 4470 2520 4515 est.
2557 4459 2714 4527 Quod
2748 4477 2877 4517 vero
2912 4463 2993 4535 ait
3022 4502 3037 4529 ,
3104 4472 3216 4517 tota
3243 4463 3327 4518 die
3355 4509 3370 4533 ,
3407 4465 3770 4537 Symmachus

2180 4550 2364 4607 dixit:
2408 4568 2503 4623 per
2559 4553 2797 4624 singulos
2838 4554 2972 4609 dies.
3041 4553 3189 4610 Ordo
3240 4567 3365 4612 est:
3411 4556 3623 4630 Lingua
3675 4569 3767 4614 tua

2181 4660 2398 4715 semper
2439 4645 2621 4700 locuta
2666 4656 2751 4701 est
2802 4645 3174 4716 iniquitatem,
3232 4648 3562 4716 iniustitiam
3594 4654 3772 4719 ,‘sine

2180 4736 2399 4803 copula,
2436 4750 2539 4805 pro
2570 4751 2636 4790 eo
2658 4778 2673 4802 ,
2708 4737 2852 4806 quod
2882 4746 2964 4792 est
2990 4775 3006 4801 ,
3043 4739 3231 4808 iniqua
3291 4747 3345 4793 et
3392 4740 3626 4810 injusta.
3656 4742 3769 4797 Ex~

2180 4827 2443 4899 probrare
2475 4838 2656 4882 autem
2685 4827 2958 4898 Propheta
2990 4830 3208 4886 videtur
3240 4830 3391 4888 illius
3469 4834 3637 4889 vitam
3708 4851 3774 4889 ac

2188 4922 2659 4976 conversationem
2729 4935 2957 4992 prorsus
3015 4922 3312 4993 perditam.
3370 4908 3559 4994 Neque
3624 4928 3770 4980 erum

2112 4992 2163 5053 D
2190 5013 2505 5085 hujusmodi
2539 5014 2817 5069 civitatem
2870 5015 3168 5086 aliquando
3207 4992 3527 5084 vastasset,
3570 5019 3616 5076 si
3662 5036 3772 5075 non

2184 5107 2419 5178 perditis
2449 5121 2679 5178 prorsus
2714 5106 2912 5163 luisset
2943 5109 3216 5164 moribus.

2256 5197 2428 5265 Quasi
2452 5199 2713 5254 novacula
2740 5209 2900 5254 acuta
2932 5200 3108 5269 fecisti
3169 5200 3372 5253 dolum.
3429 5202 3624 5256 Delum
3682 5202 3772 5257 hic

2184 5292 2517 5347 calumniam
2555 5292 2809 5363 appellat,
2846 5307 3006 5362 quam
3050 5291 3186 5346 adeo
3237 5300 3509 5365 potentem
3540 5309 3770 5364 parave-

2185 5392 2269 5438 rat
2305 5383 2468 5450 Doec,
2494 5394 2553 5439 ut
2585 5384 2929 5441 sacerdotum
2962 5381 3238 5438 civitatem
3298 5382 3472 5437 instar
3493 5383 3770 5440 novacula:

1852 5582 2053 5647 Varia)
2092 5587 2418 5652 lectiones.

556 5677 889 5760 l§?.)_Gr5ece
917 5682 1230 5760 μέλεχ,
1251 5683 1570 5750 Abimeleclt,
1594 5693 1653 5738 ut
1687 5687 1917 5743 habetur
1934 5691 2076 5760 apud

479 5748 663 5823 LX337
688 5752 745 5823 l._
773 5749 907 5823 Reg.
943 5752 1033 5809 21.

554 5820 674 5893 (83)
708 5820 1022 5880 Grmcorum
1050 5824 1343 5883 verborum
1375 5839 1573 5883 sensus
1610 5830 1733 5883 cst':
1779 5826 2076 5885 Prudentia

2182 5705 2358 5778 autern
2402 5712 2529 5764 opus
2578 5702 2653 5749 est
2682 5695 2752 5762 ci,
2794 5694 2884 5764 qui
2922 5693 3123 5765 injuria
3168 5692 3477 5763 aﬂiciatur,
3521 5689 3589 5744 ad
3636 5695 3763 5748 tole-

2181 5776 2436 5821 multam.
