4120 6416
427 322 539 386 565

1591 327 1977 390 COMMENT.
2025 328 2107 387 IN
2138 329 2499 397 PSALMOS.

3590 332 3696 397 566

508 435 618 490 Kal
678 435 1101 505 ἐνεδυναμώθη
1153 438 1247 492 ἐπὶ
1294 439 1369 508 τῇ
1409 442 1755 509 ματαιότητι
1804 440 2012 495 αὐτοῦ.

2195 443 2260 497 Ει
2297 446 2582 512 prarvuluit
2637 446 2687 499 in
2737 449 2970 501 vanitate
3017 463 3137 502 sua.
3178 446 3333 514 Quod
3371 448 3533 518 paulo
3566 455 3696 502 ante

430 527 539 582 ἷὸν
573 526 811 597 ῥηθέντα
854 527 1088 580 πλοῦτον
1118 528 1369 597 ὠνόμασε
1403 527 1763 597 ματαιότητα,
1815 530 1872 582 ὲν
1937 524 2013 579 τῶ

427 619 667 690 κινδύνῳ
690 618 856 674 αὐτοῦ
881 619 1047 690 μηδὲν
1069 618 1450 689 ὠφελήσαντα.

520 799 673 869 Ἐγὼ
697 799 765 854 δὲ
785 801 928 854 ὡσεὶ
989 802 1162 856 ἐλαία
1193 800 1576 869 κατάκαρπος
1627 801 1696 855 ἐν
1730 798 1811 866 τῷ
1874 800 2019 865 οἴκῳ

432 889 546 942 τοῦ
573 890 746 947 Θεοῦ.
794 891 1138 962 Προφητεύει
1181 891 1276 945 καὶ
1320 891 1417 945 νῦν
1478 890 1607 960 περὶ
1663 890 1828 944 αὐτοῦ
1865 906 1879 919 ·
1934 890 2017 943 ὅτι

448 982 686 1035 Ἐκεῖνοι
717 984 838 1052 μὲν,
866 982 1041 1045 οὕτως
1102 983 1369 1052 ἔμμανῶς
1393 982 1841 1045 ἐπιϐουλεύοντες
1902 998 2012 1051 μοι,

435 1074 538 1126 καὶ
577 1073 765 1137 πόλεις
807 1074 1241 1145 ὲξολοθρεύουσι,
1291 1075 1388 1127 καὶ
1436 1073 1651 1137 οὐδενὸς
1701 1073 2013 1142 φείδονται·

432 1165 552 1232 ἐγὼ
585 1165 641 1219 δὲ
695 1166 1119 1237 φυλαχθὴσομαι
1150 1166 1344 1231 οὕτως,
1381 1166 1572 1237 ὥσπερ
1632 1166 1791 1221 ἐλαία
1850 1168 2019 1220 κατά-

436 1275 680 1327 καρπος,
768 1259 827 1310 οὐ
860 1258 1128 1329 διεφθάρη
1158 1259 1389 1325 καρπός.
1419 1258 1846 1330 Φυλαχθήσομαι
1891 1257 1946 1311 δὲ
1961 1259 2019 1310 ὲν

435 1351 507 1420 τῇ
540 1350 722 1422 σκέπῃ
760 1350 853 1404 τοῦ
880 1349 1040 1416 Θεοῦ,
1067 1352 1140 1414 ὡς
1159 1351 1343 1421 ἐκείνη
1379 1353 1436 1404 ἐν
1465 1351 1542 1420 τῷ
1562 1354 1744 1423 κήπῳ.
1774 1349 1843 1405 Ἣ
1871 1345 2020 1403 οἶκον

436 1440 582 1492 θεοῦ
615 1439 716 1511 τὴν
749 1441 958 1511 σκηνὴν
987 1441 1157 1510 λέγει,
1192 1442 1608 1512 προαγορεύων,
1645 1443 1728 1497 ὅτι
1787 1444 2020 1514 κινήσας

436 1532 536 1583 τδν
565 1531 766 1598 Σαοὺλ,
793 1532 907 1599 ἕξει
933 1535 1030 1604 τὴν
1060 1535 1361 1604 βασιλείαν,
1390 1534 1487 1587 καὶ
1526 1534 1624 1599 τὰς
1657 1535 1862 1603 πόλεις,
1926 1537 2021 1590 καὶ

437 1623 545 1691 τὴν
580 1625 817 1694 σκηνήν.

516 1718 795 1771 Ἥλπισα
814 1716 913 1771 ἐπὶ
934 1717 999 1771 τὸ
1023 1719 1196 1785 ἕλεος
1221 1722 1326 1777 τοῦ
1360 1722 1530 1787 Θεοῦ,
1556 1724 1644 1788 εἰς
1671 1721 1780 1777 τὸν
1805 1722 2019 1788 αὶῶνα,

436 1808 539 1861 καὶ
573 1812 661 1875 εις
693 1809 803 1865 τὸν
831 1810 1018 1866 αἰῶνα
1052 1814 1159 1869 τοῦ
1192 1814 1427 1882 αἰῶνος.
1483 1815 1729 1870 Ἥλπισα
1772 1817 1873 1869 οὐκ
1932 1819 2026 1871 ἐπὶ
2058 1792 2099 1848 Β

438 1901 691 1971 πλούτῳ.
728 1902 1018 1975 ἢδυνάμει
1049 1907 1176 1970 τινί,
1213 1907 1467 1973 καθάπερ
1517 1908 1737 1973 ἐκεῖνοι,
1809 1907 1924 1960 ἀλλ’
1948 1911 2029 1974 εἷς

446 1994 619 2060 μόνον
651 1993 714 2046 τὺ
739 1994 890 2067 παρᾶ
915 1995 1009 2050 σοῦ
1052 1996 1144 2052 τοῦ
1184 1998 1325 2052 Θεοῦ
1365 1999 1534 2063 ἕλεος,
1587 1998 1616 2052 ὃ
1662 1998 1822 2061 δίδως
1866 2000 2029 2063 αὐτὸς

451 2091 572 2149 τοῖς
602 2087 987 2158 ἀδικουμένοις
1012 2105 1026 2118 ·
1059 2089 1158 2160 τὴν
1187 2089 1243 2143 δὲ
1271 2092 1351 2153 εἰς
1370 2089 1429 2143 τὸ
1452 2090 1603 2154 ἕλεος
1648 2088 1743 2143 τοῦ
1769 2090 1905 2144 Θεοῦ
1939 2090 2028 2144 ἐλ-

446 2178 581 2234 πίδα
642 2178 740 2232 καὶ
769 2181 829 2234 ἐν
856 2180 936 2251 τῷ
967 2180 1061 2234 νῦν
1088 2182 1246 2235 αἰῶνι
1271 2182 1401 2253 ἔχω,
1422 2183 1515 2236 καὶ
1553 2182 1612 2236 ὲν
1642 2180 1720 2253 τῷ
1759 2182 2028 2252 μέλλοντι,

451 2273 540 2326 ὅτε
566 2272 633 2324 τδ
661 2271 772 2324 τῶν
798 2271 978 2344 ἔργων
1017 2276 1323 2345 κριτήριον.

536 2362 1096 2437 Ἐξομολοτήσομαι
1110 2383 1209 2421 σοι
1229 2368 1315 2434 εἰς
1338 2369 1447 2422 τὸν
1473 2365 1683 2432 αἰῶνα,
1703 2365 1793 2422 ὅτι
1822 2367 1997 2439 ἐποίη
2012 2400 2031 2412 -

470 2469 599 2520 σας.
636 2457 956 2527 [εὐχαριστῶ
996 2475 1100 2523 σοι,
1164 2458 1362 2530 Κύριε,
1411 2459 1520 2520 ἀεὶ,
1580 2461 1662 2515 ὅτι
1719 2463 1983 2535 ἐποίησας
2015 2481 2030 2496 ο

461 2549 934 2613 προσυπακούεται
966 2547 1023 2602 δὲ
1059 2549 1141 2616 τὸ,
1193 2549 1532 2621 ἐκδίκησιν.
1600 2552 1934 2625 Ἐνδιάθετος
1975 2555 2034 2609 δὲ

452 2639 664 2711 ήφωνὴ
689 2638 788 2693 τοῦ
821 2640 1136 2717 ἐποίησας,
1190 2640 1300 2697 ἀπὸ
1353 2644 1581 2714 καρδίας
1644 2647 2035 2717 ὲναποπεμπο-

454 2730 605 2800 μένη
633 2747 647 2760 ·
680 2731 763 2784 διδ
799 2733 893 2786 καὶ
916 2732 1177 2789 ἐλλείπει.
1220 2734 1463 2790 Εἰώθασι
1488 2737 1599 2808 γὰρ
1623 2738 1671 2791 οἱ
1714 2738 2037 2810 ὲκδικούμε-

446 2840 531 2876 νοι
567 2822 874 2894 προφέρειν
900 2825 1141 2890 ἐλλιπεῖς
1176 2828 1303 2891 τοὺς
1330 2827 1548 2896 λόγους,
1581 2823 1669 2882 οἵα
1712 2830 1810 2900 τῆς
1862 2832 2036 2900 χαρᾶς

446 2915 865 2987 ὲπικοπτούσης
917 2916 980 2970 τὸ
1013 2917 1218 2985 λοιπὸν,
1249 2918 1323 2984 ὡς
1376 2920 1461 2983 τὸ,
1498 2915 1699 2986 Εἶδον,
1761 2922 1860 2975 καὶ
1896 2921 2038 2976 ἐδωο

450 3024 573 3073 κας
604 3023 619 3039 ·
692 3003 829 3072 οἷον,
866 3004 1022 3063 Εἶδον
1054 3010 1357 3082 ἐκδίκησιν,
1421 3011 1515 3065 καὶ
1573 3011 1782 3076 ἔδωκας
1835 3013 1990 3084 δίκην
2021 3031 2035 3046 ο

451 3097 720 3166 προέγνω
737 3098 846 3170 γὰρ
874 3099 966 3155 τὸν
993 3099 1215 3171 ὄλεθρον
1238 3101 1350 3156 τῶν
1382 3102 1872 3160 ἐπιϐουλευόντων.

533 3279 644 3332 Kal
667 3279 947 3348 ὑπομενῶ
991 3281 1057 3335 τὸ
1092 3280 1280 3350 ὄνομὰ
1304 3297 1443 3337 σου.
1484 3284 1594 3338 Καὶ
1642 3286 1927 3356 περιμενῶ
1980 3306 2038 3342 σε

455 3370 781 3441 ἐκδικητὴν.
833 3373 989 3426 Κατὰ
1051 3374 1382 3445 περίφρασιν
1410 3374 1466 3427 δὲ
1501 3373 1529 3425 ὁ
1567 3375 1748 3443 λόγος,
1794 3380 1876 3432 ὅτι
1946 3381 2039 3432 καὶ

459 3462 572 3516 ὑπὸ
594 3464 797 3535 πολλῆς
830 3467 1114 3533 εὐλαϐείας
1148 3470 1209 3523 τὸ
1240 3471 1415 3536 ὄνομα
1432 3472 1528 3524 τοῦ
1582 3471 1719 3524 Θεοῦ
1780 3471 2043 3538 πολλάκις

457 3557 588 3610 ἀντὶ
615 3557 752 3612 Θεοῦ
784 3561 1076 3632 λαμϐάνει.

537 3650 663 3704 Ὅτι
693 3653 967 3721 χρηστὸν
994 3655 1272 3711 ἐναντίον
1312 3656 1431 3711 τῶν
1476 3659 1673 3713 ὁσίων
1724 3676 1864 3715 σου.
1918 3662 2042 3716 Ὀτι

458 3742 743 3813 «ῗγρέλιμον
764 3743 924 3800 τοῦτο
948 3748 1101 3818 παρὰ
1139 3749 1255 3809 τοῖς
1298 3751 1721 3819 ἀφωσιωμένοις
1762 3753 1855 3804 καὶ
1910 3753 2043 3807 ἀνα-

459 3836 751 3904 κειμένοις
774 3854 894 3891 σοι·
927 3838 1141 3907 λέγοιτο
1169 3840 1214 3894 δ’
1258 3840 1323 3894 ἂν
1378 3843 1511 3913 παρ’
1570 3841 1729 3912 ἡμῶν
1762 3846 1789 3897 ὁ
1826 3826 2043 3916 ψαλμδς

462 3927 731 3982 καὶκατὰ
759 3929 854 3983 τοῦ
888 3930 1167 4001 δαίμονος,
1202 3933 1537 4004 ἁνομοῦντος
1580 3937 1666 3987 ἀεὶ
1718 3938 1811 3989 καὶ
1841 3937 2046 3991 601mb-

460 4018 691 4088 ομένου,
722 4020 819 4074 καὶ
855 4022 1020 4094 μέχρι
1079 4023 1172 4077 τοῦ
1217 4026 1716 4080 Μεταναστεῦσαί
1798 4042 1873 4081 σε
1930 4029 2047 4083 (ἱπύ

461 4112 864 4182 σκηνώματός
909 4129 1048 4180 σου,
1106 4116 1349 4187 εὐχερῶς
1417 4118 1717 4188 ἁρμόζουσι
1752 4120 1821 4174 τὰ
1854 4120 1997 4190 ῥητά
2029 4135 2042 4150 ·

466 4205 816 4276 σκηνώματα
847 4207 904 4262 δὲ
944 4211 1159 4279 νοήσεις
1192 4210 1288 4264 τοῦ
1321 4210 1574 4280 δαίμονος
1613 4211 1712 4280 τὴν
1757 4212 1887 4280 παρ’
1919 4212 2049 4280 ἡμῖν

465 4295 875 4365 προσεδρείαν·
912 4297 1130 4370 ρίζωμα
1161 4300 1243 4363 δὲ,
1272 4298 1372 4371 τὴν
1426 4301 1715 4370 ἐδραέωσιν
1748 4300 1847 4370 τῆς
1883 4318 2052 4369 προσ-

465 4387 714 4456 εδρείας.
746 4386 1008 4459 Ὄψονται
1033 4391 1087 4444 δὲ
1108 4392 1309 4445 δίκαιοι
1348 4391 1447 4463 τὴν
1478 4392 1569 4446 τοῦ
1605 4391 1800 4462 ἐχθροῦ
1855 4388 2049 4463 ἧτταν,

2117 535 2363 603 divitias,
2398 553 2545 591 nunc
2595 538 2892 594 vanitatem
2946 540 3204 611 appellat.
3255 540 3424 597 veluti
3454 556 3579 612 quae
3610 540 3695 596 illi

2120 630 2171 683 in
2211 629 2467 698 periculis
2499 630 2724 687 minime
2745 641 2904 687 erant
2937 633 3264 703 profuturae.

2191 721 2360 779 Vens.
2401 723 2490 779 10.
2531 722 2642 794 Ego
2695 735 2874 779 autent
2911 727 3067 794 quasi
3116 726 3253 782 oliva
3302 724 3583 798 fructifera
3641 726 3697 778 in

2118 815 2273 869 domo
2300 815 2415 870 Dei.
2448 814 2704 871 Praedicit
2747 831 2835 880 ea,
2869 832 2992 887 qua:
3033 818 3100 873 ad
3150 833 3212 874 se
3255 818 3554 889 pertinent.
3588 817 3695 883 llli,

2120 907 2322 977 inquit,
2355 907 2495 964 adeo
2526 907 2724 965 insane
2770 908 3061 965 adversum
3120 924 3206 965 me
3239 910 3473 965 insidias
3504 909 3693 977 dispo-

2119 1012 2278 1069 nunt,
2308 1003 2558 1059 civitates
2592 1004 2849 1074 perdunt,
2886 1002 3089 1058 nemini
3127 1010 3392 1074 parcunt;
3427 1017 3530 1070 ego
3560 1015 3695 1055 vero

2122 1094 2334 1164 integer
2362 1102 2528 1166 atque
2578 1096 2856 1151 innocuus
2901 1095 3300 1158 conservabor,
3347 1093 3514 1149 veluti
3548 1093 3693 1147 oliva

2123 1185 2430 1254 fructifera,
2475 1188 2635 1258 cujus
2687 1186 2901 1244 fructus
2930 1204 3040 1242 non
3082 1186 3277 1256 periit;
3323 1184 3696 1241 conservabor
3791 1228 3795 1233 .

2121 1287 2304 1335 autem
2339 1279 2392 1332 in
2427 1278 2771 1349 protectione
2817 1286 2871 1332 ct
2918 1276 3177 1334 custodia
3216 1275 3333 1340 Dei,
3371 1290 3481 1329 non
3536 1288 3699 1328 secus

2121 1378 2287 1441 atque
2328 1369 2475 1425 oliva
2526 1370 2580 1425 in
2625 1369 2814 1441 pingui
2865 1370 3025 1425 horto
3051 1377 3434 1424 conservetur.
3473 1365 3566 1420 Vel
3605 1378 3701 1434 per

2122 1464 2343 1517 domum
2377 1462 2497 1528 Dei,
2553 1463 2971 1519 tabernaculum
3018 1462 3291 1529 intelligit,
3331 1470 3383 1515 et
3427 1459 3699 1530 praedicit,

2122 1553 2266 1623 quod
2316 1553 2531 1611 devicto
2575 1553 2761 1621 Saule,
2792 1561 2846 1609 ct
2883 1568 3110 1625 regnum
3146 1554 3262 1622 ipse
3297 1558 3701 1605 consecuturus

2124 1647 2215 1707 sit,
2248 1654 2302 1701 et
2323 1646 2601 1703 civitatem
2641 1656 2696 1701 et
2734 1645 3172 1700 tabernaculum.

2201 1735 2423 1805 Speraui
2454 1738 2509 1793 in
2537 1737 2905 1793 misericordia
2929 1736 3025 1791 Dei
3052 1736 3107 1792 in
3129 1735 3401 1801 saxulum,
3431 1743 3481 1789 et
3511 1735 3566 1789 in
3598 1749 3707 1790 sa:-

2130 1832 2306 1884 culum
2338 1830 2546 1886 swculi.
2578 1829 2697 1885 Non
2743 1831 2958 1901 speravi
2994 1844 3096 1900 ego
3147 1828 3201 1883 in
3254 1828 3484 1892 divitiis,
3519 1833 3616 1881 aut
3645 1826 3704 1880 in

2130 1926 2361 1991 robore,
2394 1931 2454 1980 ut
2491 1923 2591 1987 illi,
2643 1924 2738 1980 sed
2787 1925 2839 1978 in
2892 1934 2983 1977 tua
3028 1931 3246 1978 tantum
3300 1918 3703 1984 misericordia,

2130 2032 2290 2089 quam
2344 2017 2413 2072 iis
2456 2025 2711 2087 praestas,
2762 2016 2854 2087 qui
2897 2015 3157 2085 injuriam
3200 2013 3533 2083 patiuntur:
3571 2023 3707 2063 sane

2131 2120 2311 2166 autem
2343 2125 2493 2181 spem
2529 2110 2729 2177 habeo,
2755 2119 2864 2165 tam
2896 2111 2950 2163 in
2983 2108 3240 2180 praesenti
3278 2105 3502 2165 Stet-nlo.
3540 2116 3706 2172 quam

2132 2203 2186 2257 in
2230 2199 2439 2268 futuro,
2470 2217 2593 2257 cum
2643 2216 2836 2258 omnes
2870 2200 3014 2258 Deus
3040 2200 3286 2255 actiones
3317 2204 3536 2253 nostras
3563 2192 3708 2264 diju-

2132 2294 2420 2348 dicaturus
2458 2294 2552 2349 sit.

2204 2382 2373 2439 Vens.
2411 2385 2499 2439 ll.
2535 2383 2842 2456 Conﬁtebor
2865 2384 2959 2439 tibi
2992 2385 3044 2437 in
3066 2383 3341 2447 steculum,
3363 2381 3486 2452 quia
3511 2375 3707 2447 fecisti.

2133 2477 2352 2534 Gratias
2400 2477 2499 2533 tibi
2553 2492 2709 2549 agam
2751 2493 2992 2548 semper,
3038 2477 3286 2539 Domine,
3332 2475 3460 2543 quia
3509 2469 3710 2533 fecisti,

2135 2571 2485 2640 subintellige
2528 2571 2884 2627 vindictam:
2921 2568 3238 2640 hujusmodi
3292 2575 3470 2620 autem
3504 2578 3607 2618 vox
3641 2560 3715 2617 ab

2137 2663 2331 2718 intimo
2364 2662 2581 2717 videtur
2610 2663 2745 2717 mihi
2777 2661 3067 2733 Propheta:
3101 2659 3266 2717 corde
3296 2658 3518 2719 emissa,
3548 2664 3713 2724 atque

2137 2756 2262 2812 ideo
2298 2755 2556 2811 deiicere.
2594 2754 2782 2811 Solent
2815 2755 2962 2811 enim
2998 2754 3037 2810 ii
3078 2754 3171 2825 qui
3218 2752 3585 2813 ulciscuntur,
3617 2746 3714 2802 de-

2139 2846 2335 2903 fectiva
2369 2847 2617 2916 quaedam
2647 2847 2816 2903 verba
2843 2845 3113 2916 proferre,
3144 2845 3313 2900 veluti
3364 2857 3473 2913 pra:
3513 2837 3716 2909 gaudio

2139 2938 2349 3010 reliqua
2381 2940 2434 2993 in
2462 2938 2543 2995 eis
2577 2939 2742 2994 verba
2779 2937 3197 3001 intercidantur,
3221 2947 3281 2991 ut
3313 2935 3444 2989 illud
3493 2949 3509 2988 :
3553 2930 3708 2986 Vide-

2142 3040 2266 3085 runt
2326 3031 2470 3086 oculi
2520 3030 2690 3085 nostri
2733 3030 2872 3100 (85).
2915 3027 3356 3099 Subintelligitur
3400 3025 3549 3080 enim
3593 3023 3717 3078 vin-

2069 3141 2111 3198 ο
2152 3120 2380 3186 dictam,
2408 3120 2493 3175 vel
2526 3120 2652 3190 quid
2676 3120 2879 3176 sitnile.
2919 3119 3255 3174 l‘rzcvidebat
3273 3115 3416 3171 enim
3444 3111 3715 3182 Propheta

2149 3210 2531 3266 insidiatorum
2594 3220 2760 3281 atque
2796 3212 3032 3266 hostium
3066 3224 3288 3277 suorum
3318 3209 3622 3261 interitum.

2217 3301 2286 3356 Et
2318 3304 2632 3373 exspectabo
2665 3320 2854 3358 nomen
2883 3313 3055 3357 tuum.
3090 3302 3206 3357 lloc
3244 3309 3349 3364 est,
3382 3294 3719 3369 exspectabo

2146 3403 2197 3448 te
2228 3393 2484 3449 ultorem.
2515 3396 2612 3449 Est
2635 3395 2779 3449 enim
2817 3394 3259 3449 circumlocutio.
3290 3390 3383 3444 Vel
3416 3404 3525 3459 pra:
3548 3386 3720 3441 multa

2147 3486 2453 3541 reverentia
2483 3502 2678 3542 nomen
2715 3486 2811 3541 Dei
2843 3503 2940 3558 pro
2969 3488 3087 3557 ipso
3121 3485 3319 3554 accipit
3353 3482 3483 3539 Deo.

2219 3662 2485 3727 Quoniam
2521 3661 2713 3717 bonum
2740 3672 2817 3717 est
2848 3663 2902 3716 in
2935 3672 3212 3732 conspectu
3264 3670 3568 3716 sanctorum
3602 3668 3721 3714 tuo-

2147 3753 2584 3820 rum.Quouiam,
2608 3754 2807 3823 inquit,
2835 3753 3311 3809 boc’utilissimum
3336 3762 3440 3817 est,
3463 3751 3603 3821 apud
3627 3765 3725 3806 eos

2150 3845 2242 3916 qui
2275 3845 2372 3899 tibi
2412 3844 2737 3900 sanctiﬁcati
2791 3859 2855 3899 ac
2905 3845 3073 3899 dicati
3126 3852 3274 3898 sunt.
3313 3842 3505 3898 Eﬂ‘erri
3554 3843 3725 3897 etiam

2152 3944 2334 4007 potest
2352 3936 2442 3990 hic
2466 3937 2709 4006 psalmus
2737 3952 2766 3989 a
2794 3937 3034 4004 quolibet
3064 3937 3204 3990 ﬁdeli
3231 3936 3492 3991 adversus
3517 3935 3724 3988 (Ιαπετο-

2153 4042 2300 4091 nem,
2338 4028 2505 4082 veluti
2537 4028 2801 4083 adversus
2833 4043 2956 4083 eum
2997 4028 3088 4096 qui
3124 4026 3307 4096 iniqua
3339 4027 3560 4083 assidue
3589 4040 3725 4097 ope-

2153 4126 2308 4172 ratur
2361 4129 2414 4172 et
2448 4117 2661 4182 dolosa,
2705 4127 2759 4172 et
2793 4133 2965 4187 usque
3006 4119 3072 4172 ad
3119 4118 3210 4172 illa
3263 4117 3426 4172 verba
3453 4135 3469 4173 :
3501 4121 3568 4172 Et
3594 4116 3729 4171 emi-

2152 4226 2309 4279 grare
2340 4219 2387 4262 te
2436 4209 2603 4277 faciat
2649 4208 2714 4261 de
2761 4209 3107 4263 tabernaculo
3154 4219 3266 4274 tuo,
3338 4208 3501 4264 facile
3543 4208 3730 4264 omnia

2155 4308 2466 4370 congruunt
2504 4300 2631 4354 huic
2663 4300 2876 4355 sensui.
2913 4300 3016 4354 Per
3059 4300 3470 4354 tabernaculum
3542 4309 3730 4355 autem

2158 4393 2523 4462 principatum
2552 4392 2817 4447 tltlmelllS
2855 4391 3311 4472 intellige,‘quem
3341 4392 3395 4446 in
3429 4391 3731 4445 humanum

471 4479 573 4531 καὶ
603 4479 686 4533 ἔτι
718 4480 1122 4552 φοϐηθήσονται
1149 4484 1241 4536 τὸν
1272 4482 1427 4546 Θεὸν,
1469 4485 1561 4535 τὸν
1612 4483 1911 4554 βοηθοῦντα
1940 4486 2038 4547 τοῖς

2158 4484 2391 4539 habebat
2425 4500 2618 4553 genus,
2658 4492 2713 4537 et
2758 4499 2853 4552 per
2879 4471 3144 4547 radicem,
3175 4482 3341 4552 hujus
3391 4482 3734 4553 principatus

468 4571 839 4641 φοϐουμένοις
870 4575 1056 4628 αὐτόν.
1091 4575 1416 4645 Ἄνθρωπον
1446 4576 1503 4627 δὲ
1529 4575 1762 4629 ἐνταῦθα
1814 4576 1906 4629 τὸν
1940 4575 2054 4629 διά-

469 4666 638 4720 ϐολον
657 4666 1073 4738 ὑποληψόμεθα,
1104 4669 1180 4731 ὡς
1210 4671 1305 4722 καὶ
1338 4673 1397 4723 ὲν
1420 4669 1499 4739 τῷ
1523 4675 1573 4723 α’
1599 4669 1767 4745 στίχῳ
1801 4667 1895 4721 τοῦ
1925 4685 2057 4721 πεν-

469 4757 746 4827 τηκοστοῦ
769 4759 1022 4830 πέμπτου
1042 4760 1259 4831 ψαλμοῦ
1326 4760 1766 4833 παραδοθήσεται
1789 4778 1803 4793 ·
1863 4760 1960 4814 καὶ
1989 4758 2058 4813 τὰ

472 4850 608 4920 ἑξῆς
634 4849 691 4902 δὲ
723 4850 865 4922 ῥητὰ
889 4852 1182 4922 προσφυῶς
1211 4853 1494 4922 δεξόμεθα.

2161 4575 2538 4631 stabilitatem.
2577 4573 2848 4629 Videbunt
2878 4585 3058 4629 autem
3100 4575 3235 4641 justi
3269 4589 3482 4639 omnes,
3524 4573 3736 4628 inimici

2162 4670 2336 4725 nostri
2360 4669 2619 4722 daemonis
2648 4668 3058 4738 depressionem
3092 4682 3106 4720 :
3133 4676 3187 4723 et
3212 4676 3341 4723 tunc
3369 4667 3542 4737 magis
3573 4666 3738 4722 time-

2164 4762 2305 4816 bunt
2344 4761 2661 4824 Dominum,
2703 4759 2795 4828 qui
2837 4773 2995 4828 opem
3036 4759 3181 4815 ferre
3228 4759 3368 4814 solet
3414 4758 3738 4814 timentibus

2166 4864 2246 4903 se.
2280 4848 2383 4902 Per
2413 4848 2690 4902 hominem
2719 4845 2882 4899 etiam
2922 4847 3025 4901 hoc
3063 4846 3116 4901 in
3149 4846 3271 4901 loco
3315 4846 3615 4902 daemonem
3650 4846 3737 4902 in-

482 4949 700 5019 telligit,
744 4950 1207 5018 quemadmodum
1253 4960 1309 5004 et
1356 4948 1485 5004 alibi
1538 4947 1784 5003 dieeinus
1821 4947 1874 5001 in
1912 4945 2129 5017 psalmo
2166 4962 2270 5012 Lv;
2304 4953 2360 5000 et
2388 4959 2510 5014 quae
2540 4949 2855 5012 sequuntur
2917 4942 3098 4996 omnia
3178 4942 3246 4996 ad
3316 4942 3460 4998 hunc
3517 4958 3740 4999 sensum

478 5048 677 5119 exponi
712 5058 961 5118 possunt.

1047 5145 1339 5198 ΨΑΛΜΟΣ
1366 5140 1492 5197 NB’.

472 5239 585 5304 Εἰς
615 5237 684 5292 τό
717 5238 892 5304 τέλος
916 5237 1073 5307 ὑπὲρ
1108 5236 1365 5301 Maelio,
1402 5234 1714 5300 συνέσεως
1747 5231 1827 5298 τῷ
1856 5231 2059 5284 Δαϐίδ.

554 5327 734 5395 Οὗτος
770 5331 1029 5402 ὁψαλμδς
1049 5331 1247 5386 ταύτόν
1282 5332 1399 5384 ἐστι
1430 5327 1509 5399 τῷ
1547 5333 1638 5396 ιγ’,
1689 5325 1784 5380 δύο
1844 5322 2062 5394 στίχους

484 5425 656 5496 μόνον
688 5423 940 5487 πλείονας
962 5423 1102 5494 ἔχων
1132 5420 1264 5491 παρ’
1292 5423 1521 5483 ἐκεῖνον.
1555 5418 1648 5482 οὓς
1697 5418 1790 5471 καὶ
1835 5415 2063 5485 διερμη-

480 5520 782 5589 νεῦσομεν.
812 5514 924 5585 Τὴν
952 5514 1121 5583 ἄλλην
1138 5513 1247 5583 γὰρ
1269 5514 1451 5567 πᾶσαν
1479 5510 1646 5564 αὐτοῦ
1688 5509 1951 5578 ἐξήγησιν
2009 5506 2068 5557 ἐν

2723 5128 3041 5185 PSALMUS
3078 5128 3189 5184 ιιι.

2228 5225 2297 5281 In
2335 5226 2493 5295 ﬁnem
2533 5240 2629 5293 pro
2669 5222 2901 5277 Μαριειή
2944 5219 3312 5289 intelligentia:
3351 5217 3454 5285 ipsi
3497 5213 3690 5268 David.

2245 5320 2343 5374 llic
2378 5318 2621 5387 psalmus
2662 5315 2802 5371 idem
2845 5320 2930 5367 est
2977 5326 3100 5375 cum
3136 5311 3345 5377 psalmo
3378 5323 3476 5362 xm
3526 5306 3746 5363 duobus

2176 5420 2386 5465 tantum
2422 5407 2709 5462 versiculis
2744 5403 3011 5474 exceptis,
3048 5400 3141 5470 qui
3174 5401 3226 5453 iu
3260 5399 3365 5454 hoc
3388 5398 3602 5467 psalmo
3626 5411 3745 5450 am-

2178 5503 2323 5574 plius
2355 5499 2631 5555 habentur
2661 5511 2823 5567 quam
2856 5494 2910 5548 in
2945 5493 3072 5558 illo;
3103 5506 3198 5546 eos
3224 5499 3431 5544 tantmu
3464 5487 3553 5544 hic
3582 5488 3747 5543 inter-

1841 5661 2040 5723 Varioe
2072 5659 2403 5722 lectiones.

557 5801 676 5875 (85)
723 5802 1043 5860 Grmcorum
1097 5797 1388 5854 verborum
1417 5809 1614 5854 sensus
1661 5801 1741 5848 cst
1774 5808 1787 5845 :
1833 5785 1950 5842 Vidi
1988 5793 2035 5839 et
2072 5782 2285 5850 dedisti,
2324 5781 2422 5836 hoc
2455 5787 2556 5847 est,
2599 5775 2718 5833 Vidi
2749 5774 3022 5842 ultionem,
3064 5783 3113 5830 et
3151 5772 3347 5830 dedisti
3373 5790 3604 5847 pinnam.
