4120 6422
469 334 577 399 56⁷1

1696 349 2082 411 EUTHYMII
2122 352 2487 417 ZIGABENI
2569 430 2575 435 η

3616 363 3722 429 508

467 453 834 522 pretahimnr.
871 455 1008 512 Nam
1060 460 1295 515 aliorum
1331 463 1734 533 expositionem
1785 467 1898 523 illic
1931 479 2011 523 tra

2146 471 2224 541 τῷ
2254 479 2321 541 ιγ’
2345 475 2837 548 παραδεδώκαμεν.
2874 479 2938 532 0i
2972 476 3067 533 δύο
3083 479 3140 533 δὲ
3186 479 3358 550 στίχοι
3386 479 3724 547 πλεονάζουο

464 543 726 605 didimus.
751 546 813 602 Hi
835 560 1014 605 autem
1061 554 1312 609 versiculi
1343 569 1404 610 ea
1434 557 1645 617 ratione
1678 558 1916 629 amplius
1952 561 2039 617 hic

466 637 758 704 habentur,
789 655 857 696 ne
881 641 1048 698 videri
1077 654 1264 715 posset
1287 646 1429 701 idem
1458 647 1703 717 psalmus
1725 648 2039 721 superﬂuus

464 744 610 796 esse,
645 730 775 786 dum
840 733 927 788 bis
961 737 1187 804 ponitur
1239 737 1376 807 (87).
1407 737 1677 795 Praeterea
1710 752 1768 795 ut
1814 742 2038 797 doceret

461 837 565 877 nos
612 822 904 893 Propheta,
938 827 1082 897 quod
1116 845 1282 884 sensu
1338 830 1621 899 differunt,
1656 835 1875 889 tametsi
1916 851 2034 890 ver-

469 915 664 970 borum
704 916 1007 987 prolatione
1035 919 1197 975 iidem
1225 938 1347 978 esse
1374 924 1684 979 videantur.
1714 925 1805 980 Ille
1835 926 2033 982 etenim

462 1003 730 1060 insaniam
795 1023 861 1063 ac
909 1006 1151 1065 furorem
1193 1014 1395 1082 carpit,
1426 1029 1535 1084 quo
1581 1014 1955 1071 Sennacherib
1982 1026 2036 1071 et

460 1094 778 1165 Rhapsaees
806 1101 1076 1157 adversus
1125 1102 1417 1159 Ezechiam
1469 1122 1652 1177 regem
1694 1107 2031 1172 ferebantur,

458 1186 551 1243 hic
587 1204 718 1245 vero
742 1190 1056 1248 Iudaeorum
1088 1195 1290 1251 rabiem
1323 1205 1515 1252 contra
1543 1198 1843 1253 Christum.
1876 1198 2033 1265 Quod

457 1279 698 1334 sialiter
728 1297 788 1337 se
849 1283 1096 1351 haberet,
1187 1290 1377 1356 procul
1461 1289 1629 1345 dubio
1718 1290 2030 1360 hujusmodi

457 1371 810 1440 superﬂuitas
881 1392 1061 1446 neque
1093 1380 1423 1448 interpretes
1466 1398 1647 1450 neque
1682 1382 1834 1452 ipsos
1865 1384 2027 1438 etiam

454 1459 678 1519 Iudaeos
714 1465 987 1523 latuisset.
1016 1467 1219 1524 Verum
1252 1474 1664 1529 excusationem
1696 1475 1899 1530 nullam
1936 1476 2031 1531 ha-

457 1553 585 1609 bent
617 1553 815 1627 Jndaei,
851 1563 1072 1618 tametsi
1118 1575 1314 1633 sponte
1348 1583 1445 1621 sua
1504 1571 1816 1624 excutiant.
1849 1570 2027 1624 Aliam

454 1647 600 1702 enim
634 1664 696 1705 ac
733 1650 1008 1708 diversam
1057 1672 1286 1726 prorsus
1338 1659 1756 1730 inscriptionem
1798 1674 2029 1732 uterque

2149 578 2270 615 atv'
2307 564 2449 619 ὥστε
2485 570 2560 637 μὴ
2593 568 2763 635 δόξαι,
2821 571 2902 624 ὅτι
2953 571 3036 634 δὶς
3097 565 3177 635 εἷς
3231 571 3445 641 ψαλμὸς
3507 574 3728 626 συνετά-

2144 671 2217 727 γη
2245 657 2381 728 (86),
2408 659 2525 713 ἀλλ’
2564 658 2706 713 ὥστε
2731 662 2963 729 διδάξαι,
2987 664 3070 717 ὅτι
3098 666 3146 717 εἰ
3199 665 3293 718 καὶ
3317 667 3381 736 τῇ
3416 664 3722 739 ἐπαγγελίᾳ

2145 747 2343 800 ταύτόν
2368 750 2528 815 εἰσιν,
2564 750 2850 823 ἁλλάγετῇ
2884 753 3066 825 ἐννοίᾳ
3092 754 3440 825 διεστήκασιν
3469 772 3483 786 ·
3511 757 3723 820 ἐκεῖνος

2147 836 2246 906 μὲν
2278 838 2386 909 γὰρ
2419 845 2721 913 κατηγορεῖ
2741 845 2840 914 τῆς
2876 845 3072 914 μανίας
3120 846 3214 900 καὶ
3261 848 3363 916 τῆς
3426 846 3725 933 κακονοίας

2141 932 2236 985 τοῦ
2269 933 2636 1005 Σεναχηρεὶμ,
2667 938 2762 991 καὶ
2783 936 2877 991 τοῦ
2911 938 3209 1008 Ῥαψάκου,
3241 939 3385 993 κατὰ
3436 939 3531 993 τοῦ
3572 939 3725 1004 Ἐζε-

2142 1020 2263 1075 κίου
2285 1040 2298 1054 ο
2329 1015 2487 1088 οὗτος
2515 1026 2592 1092 δὲ,
2628 1028 2724 1098 τῆς
2747 1026 2947 1097 λύσσης
2968 1028 3079 1081 τῶν
3114 1028 3381 1083 Ἰουδαίων
3423 1030 3523 1094 τῆς
3576 1030 3721 1083 κατὰ

2139 1112 2235 1167 τοῦ
2257 1115 2519 1186 Χριστοῦ.
2562 1118 2636 1172 Οὐ
2699 1117 2810 1189 γὰρ
2861 1116 2950 1184 ἂν,
2985 1120 3034 1171 εί
3079 1118 3155 1191 μὴ
3215 1118 3376 1173 τοῦτο
3437 1114 3528 1188 ἦν.
3560 1113 3720 1183 οὗτος

2140 1204 2300 1261 ἔλαθε
2367 1208 2578 1271 πάντας
2634 1211 2762 1273 τοὺς
2858 1209 3155 1280 ἐξηγητὰς,
3226 1209 3341 1262 ἀλλ’
3404 1210 3526 1264 οὐδὲ
3590 1209 3721 1272 τοὺς

2151 1299 2438 1370 Ἐϐραίους
2480 1300 2704 1368 αὐτοὺς,
2728 1300 2810 1365 δὶς
2840 1300 3111 1370 ἐνταγεὶς,
3152 1300 3185 1370 ἦ
3257 1300 3469 1367 ἀλόγως
3532 1300 3721 1353 δευτε-

2141 1393 2358 1463 ρωθείς.
2393 1393 2508 1446 Νῦν
2533 1393 2589 1446 δὲ
2628 1393 2787 1462 λόγον
2825 1394 2925 1448 οὑκ
2957 1394 3259 1464 ἔχουσιν,εί
3314 1394 3409 1446 καὶ
3462 1393 3715 1446 ἐθελοτυ-

2138 1485 2473 1553 φλώττουσιν
2508 1484 2558 1538 οἱ
2604 1486 2867 1538 Ἰουδαῖοι.
2896 1484 3003 1538 Καὶ
3044 1484 3150 1556 γὰρ
3192 1485 3285 1540 καὶ
3356 1484 3524 1554 ἄλλην
3556 1478 3715 1548 οὗτος

2136 1577 2267 1649 παρ’
2296 1578 2505 1630 ἐκεῖνον
2538 1575 2754 1646 εἴληχεν
2785 1575 3121 1647 ἐπιγραφὴν,
3161 1578 3241 1639 είς
3271 1576 3331 1629 τὸ
3396 1576 3549 1637 τέλος
3613 1575 3715 1645 μὲν

2135 1668 2491 1738 πέμπουσαν,
2524 1667 2613 1722 διὰ
2643 1668 2743 1731 τὰς
2775 1668 2919 1722 κατὰ
2957 1668 3069 1721 τῶν
3124 1668 3401 1723 Ἰουδαίων
3451 1669 3511 1721 ἐν
3559 1668 3714 1739 αὐτῷ

449 1754 639 1794 eorum
664 1744 897 1800 sortitus
925 1754 1031 1801 est.
1060 1747 1311 1806 Praesens
1335 1750 1521 1822 itaque
1552 1753 1842 1823 inscriptio
1861 1755 1928 1809 ad
1959 1755 2014 1809 ii-

2135 1759 2495 1832 προφητείας,
2528 1760 2612 1814 ὅτι
2650 1759 2759 1831 χρὴ
2786 1760 2914 1824 τοὺς
2933 1760 3412 1830 ἀναγινώσκοντας
3475 1759 3715 1814 ἀποϐλέ-

451 1848 570 1886 nem
602 1849 703 1891 nos
733 1836 889 1906 jubet
935 1840 1209 1908 inspicere
1258 1852 1483 1913 propter
1529 1843 1869 1915 prophetias,
1903 1862 2025 1916 quae

448 1922 537 1978 hic
569 1925 835 1982 adversus
865 1926 1082 1986 Judazos
1128 1934 1501 2002 praedicuntur
1535 1956 1547 1991 :
1586 1938 1750 1991 veluti
1797 1954 2025 1995 monens

447 2010 710 2068 lectorem
738 2026 797 2070 ut
826 2018 1043 2073 illarutn
1071 2020 1230 2077 finem
1261 2024 1685 2082 animadvertat.
1708 2026 1864 2095 Quod
1894 2045 2023 2085 vero

444 2101 523 2154 ait
555 2119 569 2156 :
602 2119 695 2170 pro
728 2104 980 2172 Maeleth,
1012 2109 1155 2165 idem
1184 2113 1289 2169 sibi
1322 2116 1457 2179 vult,
1485 2131 1548 2171 ac
1573 2117 1618 2172 si
1657 2118 1910 2183 dixisset,
1950 2119 2023 2177 De

447 2193 675 2251 chorea.
710 2196 1043 2259 Christianis
1082 2206 1306 2268 etenim.
1350 2222 1473 2262 cum
1517 2210 1718 2280 legitur
1747 2212 1836 2266 hic
1873 2213 2021 2283 psal-

445 2299 589 2352 mus,
604 2289 986 2347 exsultandum
1030 2309 1093 2349 ac
1113 2297 1310 2354 chorea
1327 2300 1730 2369 quodammodo
1753 2304 2015 2358 utendum

441 2387 544 2440 est,
586 2391 806 2451 prepter
849 2384 1008 2440 linem
1063 2397 1229 2461 atque
1263 2400 1518 2448 eventum
1564 2409 1766 2458 rerum,
1813 2411 1934 2464 quae
1959 2398 2013 2451 in

440 2481 503 2519 eo
531 2471 801 2538 pra-dicite
826 2485 977 2530 sunt.
1012 2476 1346 2548 Exsultabit,
1380 2482 1580 2553 inquit,
1612 2483 1803 2549 Iacob,
1824 2494 1878 2542 et
1911 2486 1978 2540 ια’
1998 2516 2016 2526 -

442 2560 644 2615 rabitur
692 2563 887 2622 Israel.
943 2568 1157 2626 lsraelis
1198 2573 1345 2627 enim
1387 2576 1622 2645 populus
1672 2592 1768 2646 pro
1812 2580 2017 2649 populo

441 2651 712 2722 accipitur
755 2656 1091 2728 Christiano,
1127 2672 1186 2716 ιιι
1233 2663 1474 2721 diximus
1509 2666 1565 2720 in
1625 2668 1836 2737 psalmo
1888 2685 2010 2724 xm.

441 2737 822 2814 Intelligentiw
854 2749 1018 2804 etiam
1051 2753 1173 2807 ideo
1202 2757 1501 2827 inscriptus
1530 2771 1634 2827 est,
1694 2763 1820 2833 quia
1849 2765 2019 2818 multa

2130 1868 2255 1905 πειν
2281 1853 2361 1915 είς
2391 1851 2452 1905 τὸ
2505 1851 2661 1916 τέλος
2735 1852 2939 1908 αὐτῶν.
3002 1854 3076 1907 Τὸ
3126 1853 3204 1919 δέ,
3242 1853 3394 1922 ὑπὲρ
3447 1853 3708 1920 Maelio,

2124 1942 2246 1998 ἀντὶ
2274 1942 2394 2008 τοῦ,
2432 1942 2569 2013 Περὶ
2618 1943 2875 2013 χορείας,
2921 1946 3297 2016 ἡρμήνευσαν.
3353 1946 3554 1999 Τοῦτον
3601 1947 3711 2017 γὰρ

2126 2033 2629 2103 ἀναγινώσκοντες,
2653 2035 2955 2106 χορεύομεν
2986 2039 3033 2088 oi
3067 2036 3417 2106 Χριστιανοὶ,
3452 2035 3541 2090 διὰ
3610 2036 3707 2105 τὴν

2120 2128 2349 2181 ἔκϐασιν
2383 2126 2491 2179 τῶν
2531 2127 3041 2198 προφητευθέντων.
3091 2127 3543 2196 Ἀταλλιὰσεται
3572 2128 3700 2197 γὰρ,

2130 2218 2315 2289 φησιν,
2352 2216 2573 2282 Ἰακὼϐ,
2598 2216 2698 2271 καὶ
2739 2216 3226 2285 εὐφρανθήσεται
3257 2217 3530 2286 Ἰσραὴλ,
3564 2217 3703 2288 ὅπερ

2132 2310 2298 2380 ἐσμὲν
2336 2310 2522 2379 ἡμεῖς,
2558 2307 2634 2371 ὡς
2664 2308 2724 2363 ἐν
2758 2308 2836 2379 τῷ
2869 2306 2937 2378 ιγ’
2964 2308 3167 2380 ψαλμῷ
3222 2309 3567 2378 διελὰὁομεν.
3630 2310 3708 2362 Τὸ

2127 2400 2207 2466 δὲ,
2277 2396 2609 2464 συνέσεως,
2631 2396 2874 2453 διδάσκει
2912 2397 2995 2453 ὅτι
3054 2398 3323 2462 συνέσεως
3379 2398 3540 2471 χρεία
3594 2399 3710 2462 τοῖς

2127 2490 2618 2558 ἀναγινώσκουσιν,
2656 2490 2734 2553 εἰς
2757 2489 2818 2542 τὸ
2866 2491 3193 2558 ἐπιγνῶναι,
3256 2494 3339 2545 ὅτι
3397 2493 3446 2545 εί
3495 2491 3587 2544 καὶ
3640 2492 3709 2561 τῇ

2124 2579 2427 2649 ἐπαγγελίᾳ
2470 2580 2667 2633 ταύτόν
2700 2581 2816 2634 ἐστι
2861 2581 2938 2650 τῷ
2984 2588 3075 2649 ιγ’,
3115 2584 3252 2638 ἀλλά
3282 2585 3466 2654 γε-τῇ
3518 2583 3711 2655 ἐννοίᾳ

2123 2672 2388 2742 διαφορὰν
2427 2670 2541 2741 ἔχει
2570 2673 2947 2746 μυστηριώδη.
3006 2676 3206 2731 Λοιπὸν
3258 2672 3352 2731 οὖν
3424 2679 3552 2741 τοὺς
3610 2678 3707 2732 δύο

2130 2764 2344 2834 στίχους
2367 2764 2755 2835 ἐρμηνευτέον.

442 2840 633 2894 lectori
662 2855 801 2912 Opus
842 2855 926 2900 est
992 2848 1353 2921 intelligentia
1390 2854 1446 2909 in
1499 2855 1585 2912 his
1630 2856 2035 2915 discernendis.
2085 2860 2221 2916 Nam
2264 2859 2395 2915 licet
2428 2861 2719 2915 verborum
2766 2862 3072 2931 prolatione
3112 2865 3303 2920 eadem
3343 2869 3488 2923 'esse
3551 2868 3708 2924 vide-

438 2941 623 2999 antur,
653 2950 776 3004 qua:
806 2937 858 2992 in
890 2940 1017 3007 hoc,
1052 2952 1104 2998 et
1137 2959 1258 3015 qua:
1279 2946 1334 3000 in
1364 2963 1462 3003 sui
1492 2948 1765 3006 habentur
1789 2953 2022 3022 psalmo,
2062 2967 2230 3010 sensu
2259 2962 2439 3008 tamen
2466 2951 2808 3010 dill'erentias
2830 2955 3055 3024 habent,
3118 2959 3384 3030 mysterio
3445 2960 3700 3021 refertas.

439 3022 546 3076 Sed
573 3024 697 3081 illos
735 3028 849 3098 ja’m
883 3035 1188 3092 versiculos
1212 3050 1574 3108 exponamus,
1607 3058 1749 3112 quos
1779 3045 2016 3114 amplius
2054 3045 2144 3099 hic
2177 3044 2365 3097 haberi
2408 3042 2672 3099 diximus.

512 3118 678 3178 Vsus.
712 3125 762 3193 1,
786 3127 842 3181 2.
868 3127 1018 3183 Dixit
1050 3132 1302 3203 insipiens
1336 3137 1391 3190 in
1431 3139 1587 3192 corde
1617 3156 1737 3208 suo,
1773 3141 1898 3197 Non
1927 3153 2005 3198 est

2178 3140 2367 3193 Εἶπεν
2386 3139 2591 3208 ἄφρων
2608 3141 2679 3194 ἐν
2708 3141 2923 3211 καρδίᾳ
2946 3143 3135 3198 αὑτοῦ
3160 3159 3173 3174 ·
3202 3147 3327 3200 Οὐκ
3354 3148 3486 3201 ἔστι
3518 3149 3663 3214 Θεός
3684 3167 3700 3181 ·

436 3207 606 3277 Deus;
646 3221 883 3286 corrupti
913 3232 1059 3288 sunt,
1090 3232 1143 3279 et
1181 3225 1564 3286 abominabiles
1609 3232 1744 3302 facti
1788 3244 1912 3289 sunt
1954 3237 2009 3290 in

437 3307 831 3378 iniquitatibus.
885 3314 1046 3384 Vide,
1100 3335 1222 3389 quae
1273 3326 1598 3395 exponendo
1656 3327 1902 3386 diximus
1954 3332 2009 3387 in

434 3399 644 3465 psalmo
682 3418 798 3471 sin,
832 3407 977 3475 quod
1018 3425 1148 3466 vero
1197 3412 1287 3467 hic
1318 3453 1336 3480 ,
1365 3416 1420 3469 in
1473 3417 1848 3487 iniquitatibus
1872 3461 1888 3487 ,
1926 3422 2000 3477 ibi

435 3491 593 3558 dixit,
625 3493 681 3546 in
713 3498 933 3552 studiis.

512 3580 632 3637 Non
668 3596 769 3651 est,
814 3590 903 3657 qui
959 3590 1128 3662 faciat
1184 3597 1397 3651 bonum.
1454 3597 1515 3653 In
1573 3611 2009 3657 commemorata

435 3673 646 3742 psalmo
677 3677 815 3732 dixit
841 3697 854 3733 :
895 3679 1016 3735 Non
1046 3671 1124 3738 est
1151 3688 1240 3756 qui
1273 3687 1441 3755 faciat
1473 3689 1784 3746 bonitatem.

506 3761 673 3820 Vens.
705 3768 816 3823 '56.
881 3770 1022 3826 Deus
1064 3775 1129 3829 de
1175 3776 1303 3831 caelo
1346 3781 1614 3849 prospexit
1663 3799 1820 3852 super
1862 3784 2006 3853 ﬁlios

434 3853 726 3921 hominum,
764 3869 821 3912 ul
854 3863 1048 3918 videret
1088 3866 1137 3918 si
1177 3878 1277 3931 est,
1313 3870 1405 3938 qui
1464 3870 1751 3942 intelligat,
1790 3885 1884 3927 aut
1916 3877 2007 3946 qui

433 3950 676 4027 exquirat
710 3951 875 4006 Deum
902 3971 921 4008 :
946 3975 1122 4013 omnes
1151 3962 1570 4029 declinaverunt,
1593 3968 1756 4021 simul
1792 3970 2005 4025 inutiles

431 4039 564 4111 facti
595 4055 717 4098 sunt
746 4064 764 4101 :
796 4064 899 4102 non
928 4061 1042 4116 est,
1064 4054 1156 4123 qui
1195 4054 1365 4123 faciat
1404 4057 1618 4125 bonum,
1664 4077 1768 4114 non
1802 4073 1879 4117 est
1916 4079 2007 4118 us-

430 4148 529 4201 q‘te
573 4133 643 4188 ad
687 4152 867 4201 unum.
937 4139 1130 4198 Nonne
1182 4158 1491 4213 cognoscent
1526 4165 1723 4215 omnes,
1756 4152 1846 4220 qui
1881 4168 2002 4221 ope-

431 4234 620 4279 rantur
651 4229 1028 4296 iniquitatem?
1065 4238 1156 4305 qui
1185 4240 1437 4293 devorant
1466 4242 1721 4310 populum
1746 4259 1915 4297 meum
1948 4246 2004 4298 in

432 4321 544 4372 cibo
569 4323 763 4398 panis?
796 4323 962 4378 Deum
1015 4343 1116 4380 non
1149 4330 1542 4397 invocaverunt,
1571 4332 1682 4386 illic
1715 4335 2001 4388 timuerunt

431 4411 634 4475 timore,
693 4414 784 4467 ubi
857 4433 959 4470 non
1007 4428 1122 4472 erat
1196 4421 1374 4492 timor.
1423 4420 1574 4485 Vide,
1612 4439 1734 4496 quae
1792 4425 1847 4479 in
1900 4441 1997 4480 xm

426 4506 640 4581 psalmo
680 4506 823 4561 diela
854 4519 1007 4567 sunt.

502 4654 775 4717 Quoniam
816 4656 954 4711 Deus
990 4658 1241 4730 dispersit
1266 4678 1391 4718 ossa
1415 4681 1618 4727 eorum.
1647 4670 1737 4737 qui
1773 4668 2003 4724 homini-

427 4746 524 4797 bus
554 4744 785 4814 placent.
836 4746 1056 4805 Judaeos
1110 4755 1304 4824 carpit,
1346 4772 1483 4826 quos
1533 4760 1821 4814 studiosos
1874 4776 1998 4817 esse

424 4839 595 4907 dicit,
671 4849 733 4894 ut
805 4840 1119 4900 hominibus
1178 4848 1427 4916 placeant
1495 4848 1735 4922 [tametsi
1801 4852 1991 4909 Latina

424 4929 667 4986 dictione
690 4972 706 4999 ,
756 4947 865 4988 non
917 4935 989 4989 ita
1027 4937 1402 5007 significanter
1455 4942 1505 4995 id
1539 4942 1731 4996 vitium
1763 4949 1990 5014 exprimi

427 5030 602 5089 potest
622 5038 788 5094 quam
820 5026 1029 5092 Graeca,
1067 5047 1190 5100 quae
1217 5032 1380 5087 unico
1411 5035 1699 5102 vocabulo,
1735 5038 1995 5109 ἀνθρωπ-

418 5114 685 5183 αρέσκους
720 5117 1033 5185 hujusmodi
1060 5123 1312 5180 homines
1341 5127 1700 5201 appellarit]:
1746 5131 1851 5185 hoe
1886 5148 1992 5188 au-

421 5216 529 5260 tent
561 5209 756 5266 vitium
786 5227 1164 5282 szepenumero
1185 5215 1441 5275 Christus
1463 5219 1666 5277 Judteis
1691 5225 1991 5293 exprobra-

416 5300 514 5366 vit,
537 5300 853 5373 liypocritas
874 5320 970 5362 eos
993 5309 1278 5379 appellans
1294 5317 1348 5364 et
1372 5313 1676 5366 secundum
1703 5326 1988 5386 aspeetmn

415 5391 764 5464 iudicantes;
799 5399 892 5469 qui
925 5401 1090 5455 etiam
1133 5410 1189 5455 ut
1220 5399 1420 5462 Caesari
1457 5402 1756 5474 placerent,
1783 5409 1985 5466 clama-

2115 3227 2543 3297 διεφθάρησαν,
2612 3231 2711 3285 καί
2759 3231 3215 3303 ἐϐδελύχθησαν
3265 3238 3336 3291 ἐν
3400 3239 3701 3310 ἀνομίαις.

2114 3319 2279 3389 Ζήτει
2308 3319 2405 3389 τὴν
2457 3320 2717 3390 ἐξήγησιν
2741 3322 2799 3376 ὲν
2837 3322 2915 3394 τῷ
2979 3324 3049 3392 ιγ’
3091 3325 3327 3398 ψαλμῷ·
3372 3330 3434 3382 τὸ
3493 3331 3571 3397 δὲ,
3627 3331 3697 3385 ἐν

2112 3404 2390 3477 ἀνομίαις
2423 3411 2676 3479 ἐνταῦθα,
2730 3413 2802 3467 ἐν
2854 3415 3323 3488 ἐπιτηδεύμασιν
3350 3422 3488 3476 ἐκεῖ.

2186 3588 2307 3639 Οὐκ
2340 3587 2475 3641 ἐστι
2508 3588 2697 3643 ποιῶν
2725 3591 2973 3660 ἀγαθόν.
3004 3594 3092 3646 Ἐν
3106 3593 3184 3664 τῷ
3222 3595 3443 3666 ῥηθέντι
3470 3596 3697 3669 ψαλαῷ-

2115 3680 2236 3732 Οὐκ
2261 3679 2394 3732 ἐστι
2420 3680 2606 3734 ποιῶν
2634 3686 3036 3754 χρηστότητα,
3075 3688 3410 3758 γέγραπται.

2152 3769 2246 3822 -Ὀ
2277 3770 2419 3837 Θεὸς
2449 3773 2516 3825 ἐκ
2572 3774 2678 3827 τοῦ
2736 3777 3000 3844 οὐρανοῦ
3057 3779 3348 3850 διέκινψεν
3409 3783 3509 3837 ἐπὶ
3550 3784 3697 3853 τοὺς

2108 3860 2280 3926 υἱοὺς
2308 3861 2428 3915 τῶν
2460 3862 2810 3931 ἀνθρώπων,
2837 3869 2943 3922 τοῦ
2968 3870 3119 3924 ἰδεῖν
3181 3875 3236 3926 εὶ
3265 3873 3400 3929 ἔστι
3437 3876 3691 3941 συνιὼν,

2108 3953 2146 4020 ἣ
2173 3953 2433 4023 ἐκζητῶν
2476 3956 2584 4011 τὸν
2638 3960 2822 4014 Θεόν·
2879 3963 3104 4031 πάντες
3158 3965 3510 4035 ἐξέκλιναν,
3567 3970 3693 4039 ἅμα

2106 4047 2557 4116 ἠχρειώθησανο
2587 4051 2698 4104 οὐκ
2727 4051 2860 4106 ἔστι
2895 4054 3083 4109 ποιῶν
3107 4057 3352 4129 ἀγαθὸν,
3382 4061 3495 4117 οὐκ
3514 4060 3691 4116 ἐστιν

2103 4134 2214 4202 ἕως
2245 4136 2402 4201 ἑνός.
2423 4138 2567 4207 Οὐχί
2598 4138 2936 4208 γνώσονται
2959 4142 3185 4211 πάντες
3224 4148 3278 4199 οἱ
3310 4146 3688 4217 ἐργαζόμενοι

2104 4225 2220 4295 τὴν
2241 4228 2496 4297 ἀνομίαν
2524 4245 2542 4292 ;
2579 4232 2643 4284 Ol
2673 4234 3218 4300 κατεσθίοντεςτὸν
3263 4240 3419 4294 λαόν
3447 4257 3567 4306 μου
3617 4241 3691 4302 ἐν

2100 4316 2329 4384 βρώσει
2374 4318 2556 4387 ἄρτου
2581 4361 2596 4386 ,
2644 4322 2755 4375 τὸν
2830 4326 2980 4379 Θεὸν
3040 4330 3151 4382 οὐκ
3206 4329 3686 4387 ἐπεκαλέσαντο.

2104 4407 2266 4461 Ἐκεῖ
2338 4410 2730 4478 ἐφοϐήθησαν
2805 4418 3016 4485 φόϐον,
3063 4418 3139 4477 οὗ
3210 4424 3323 4478 οὐκ
3359 4421 3438 4498 ἦν
3476 4426 3685 4496 φόϐος.

2030 4502 2083 4564 D
2110 4498 2273 4567 Ζήτει
2299 4499 2500 4568 ὁμοίως
2534 4502 2630 4555 καὶ
2666 4504 2766 4575 τὴν
2795 4509 3002 4563 τούτων
3033 4512 3299 4585 ἐξήγησιν
3332 4518 3392 4570 ἐν
3447 4517 3526 4588 τῷ
3590 4521 3690 4590 ρη-

2109 4588 2253 4642 θέντι
2282 4591 2500 4661 ψαλμῷ.

2179 4680 2312 4735 Ὅτι
2369 4686 2402 4736 ό
2449 4684 2593 4751 Θεὸς
2630 4685 3062 4759 διεσκόρπισεν
3101 4694 3256 4753 ὀστᾶ
3296 4698 3683 4771 ἀνθρωπαρέ-

2104 4787 2293 4829 σκων.
2340 4773 2864 4846 ’Λνθρωπαρέσκους
2900 4782 3159 4854 ὀνομάζει
3186 4788 3317 4853 τοὺς
3363 4790 3679 4860 Ἰουδαίους,

2101 4863 2129 4916 ὃ
2154 4865 2246 4917 καὶ
2262 4866 2288 4917 ὁ
2308 4866 2545 4937 Χριστὸς
2563 4869 2746 4933 αὐτοῖς
2767 4872 3027 4939 πολλάκις
3048 4876 3347 4945 ὠνείδισεν,
3374 4883 3680 4954 ὑποκριτὰς

2104 4951 2279 5022 λέγων
2311 4956 2407 5010 καὶ
2437 4957 2560 5011 κατ’
2584 4959 2707 5029 ὄψιν
2744 4964 3040 5033 κρίνοντας
3063 4983 3077 4997 ’
3102 4968 3150 5021 οἳ
3180 4970 3388 5025 καὶτὸν
3418 4951 3679 5049 Καίσαρα

2099 5046 2520 5118 Θεραπεύοντες,
2539 5053 2710 5108 ἐϐόων
2730 5073 2744 5087 ·
2786 5059 2909 5112 Οὐκ
2948 5059 3170 5130 ἔχομεν
3188 5065 3481 5133 βασιλέα,
3514 5073 3565 5125 ει
3585 5046 3675 5140 μὴ

2099 5140 2406 5207 Καίσαρα·
2470 5144 2565 5197 καὶ
2614 5145 2749 5215 πρὸς
2796 5148 2890 5201 τὸν
2947 5151 3215 5208 Πιλάτον·
3258 5156 3404 5212 Ἐὰν
3456 5161 3677 5218 τοῦτον

2095 5229 2456 5301 ἀπολύσῃς,
2489 5238 2602 5289 οὐκ
2651 5234 2711 5292 εἷ
2752 5241 2934 5309 φίλος
2971 5245 3079 5299 τοῦ
3123 5249 3446 5318 Καίσαρος.
3480 5248 3579 5309 Ὧν
3606 5258 3677 5312 τὰ

2096 5323 2231 5378 ὀστᾶ
2247 5325 2647 5397 διεσκόρπισεν,
2667 5331 2787 5402 ἤτοι
2808 5334 2909 5398 τὰς
2930 5337 3124 5406 φυλὰς,
3139 5340 3209 5393 δι’
3234 5336 3311 5396 ὧν
3325 5345 3665 5403 συνίσταντο.

2092 5416 2476 5487 Διεσπάριλσαν
2530 5421 2639 5492 γὰρ
2690 5424 2769 5489 είς
2820 5425 3067 5485 δουλείαν
3112 5432 3302 5498 ἔθνους
3337 5439 3560 5502 παντός.
3595 5440 3666 5492 Ἢ

1763 5585 1962 5650 νοτία)
2006 5588 2335 5656 lectiones.

487 5696 598 5777 (.39.)
625 5698 988 5777 ἓιοένεῖάγηυ

483 5767 595 5842 (87)
620 5768 806 5826 Graeca
836 5767 917 5829 ita'
954 5767 1159 5838 sonant
1189 5799 1201 5836 :
1260 5781 1501 5854 Profecto
1534 5787 1614 5843 Itic
1651 5786 1928 5858 (psalmus
1957 5789 1976 5861 )

2089 5738 2180 5817 nec
2204 5723 2519 5817 interpretes
2543 5728 2804 5817 latuisset,
2834 5750 2925 5789 nec
2967 5738 3106 5806 ipsos
3132 5738 3372 5805 Juda‘os,
3400 5741 3478 5798 bis
3510 5744 3655 5817 posi.

2088 5803 2193 5861 tus,
2219 5793 2297 5850 rel
2328 5798 2552 5854 absurde
2583 5793 2851 5868 repetitus.
