4120 6412
317 360 423 424 569

1531 364 1918 427 COMMENT.
1961 364 2043 424 IN
2086 359 2452 424 PSALMOS.

3489 345 3598 407 5Ἰο

314 478 416 530 καὶ
467 476 554 533 ὅτι
613 478 1013 552 διαφθαρέντες
1079 479 1187 535 ὑπὸ
1243 483 1344 551 τῆς
1403 478 1724 551 Ῥωμαῖκῆς
1782 482 1919 551 ρομο

2055 487 2218 535 erunt
2245 495 2260 532 :
2294 475 2421 530 Non
2455 474 2706 527 habemus
2733 486 2928 539 regem,
2960 467 3064 522 nisi
3093 465 3358 519 Cursarem
3389 461 3409 492 ⁸
3438 476 3452 524 ;
3477 460 3604 513 item

316 568 519 636 φαεας,
550 571 876 642 ἐλκύσματα
907 575 1000 627 καὶ
1030 573 1410 644 σπαράγματα
1439 575 1553 636 τοῖς
1583 572 1797 644 θηρίοις
1825 572 1921 625 καὶ

320 668 602 729 πετεινοῖς
625 668 907 735 γεγόνασι.

2032 573 2098 627 ad
2123 571 2360 626 Pilatum
2387 587 2401 623 :
2431 568 2490 623 Si
2527 567 2664 620 Imus
2696 564 2944 626 dimittis,
2981 577 3085 615 non
3107 575 3162 613 es
3193 557 3396 611 amicus
3427 552 3609 606 Caesa-

2031 663 2109 716 ris
2133 663 2178 717 °.
2211 660 2458 726 Quorum
2495 655 2800 711 .ludcorum
2863 666 3014 716 ossa,
3067 650 3172 703 boc
3225 653 3332 710 est,
3376 654 3610 712 quorum

320 755 531 822 trilm5.
557 759 761 828 quibus
793 761 898 831 iPSi
941 761 1102 833 quasi
1125 759 1388 816 membris
1412 760 1745 830 quibusdam
1773 754 2180 818 consistebant,
2210 755 2356 808 Deus
2383 750 2668 820 dispersit.
2739 747 2979 815 Dispersi
3044 741 3249 797 etenim
3321 743 3452 792 sunt
3515 747 3614 800 per

320 853 545 922 orbem,
575 867 636 911 ut
661 857 920 914 omnibus
971 857 1243 914 servirent
1272 858 1614 913 nationibus.
1643 855 1744 912 Vel
1772 855 1897 909 ideo
1935 851 2214 920 dispersos
2236 864 2333 905 eos
2366 847 2537 902 fuisse
2560 844 2716 905 dicit,
2783 842 2913 912 quia
2988 839 3365 894 Romanorum
3428 826 3614 900 gladio

317 945 536 1012 perditi
565 963 631 1004 ac
667 949 955 1020 discerpti,
983 949 1219 1007 canibus
1235 956 1292 1006 et
1320 950 1643 1006 volucribus
1669 944 1919 1005 laniandi
1957 942 2142 998 relicti
2173 949 2324 996 sunt.

400 1041 980 1111 Κατῃσχύνθησον,
1016 1041 1106 1097 ὅτι
1134 1047 1170 1098 ό
1201 1043 1346 1109 Θεὸς
1374 1042 1794 1108 ἐξουδένωσεν
1817 1040 1928 1094 αὺ-

321 1136 502 1199 τούς.
536 1134 782 1205 Δίσχύνη
820 1137 992 1190 πᾶσιν
1037 1135 1219 1190 ἔθνεσι
1264 1135 1705 1206 προσετέθησαν,
1755 1149 1927 1187 κακοε-

323 1226 764 1295 δαιμονέστατοι
796 1229 894 1282 stati.
936 1228 1298 1298 ἀτυχέστατοι
1331 1229 1427 1282 καὶ
1483 1224 1931 1299 βαρυσυμφορώ-

325 1337 494 1373 τατοι
527 1321 642 1374 τῶν
680 1321 904 1375 πώποτε
955 1323 1269 1392 ἀνθρώπων
1303 1323 1592 1393 γενόμενοι
1617 1337 1633 1355 ·
1665 1319 1826 1374 τοῦτο
1862 1319 1922 1373 δὲ

329 1413 654 1468 πεπόνθασι
682 1455 697 1480 ,
729 1415 867 1470 διότι
896 1416 924 1470 δ
947 1416 1188 1488 Χριστὸς
1215 1415 1552 1486 ἐξουδένημα
1602 1414 1698 1468 καὶ
1729 1412 1932 1475 ὄνειδος

328 1508 537 1572 αὐτοὺς
578 1507 873 1580 πεποίηκε.

408 1692 504 1758 Τίς
549 1691 735 1746 δώσει
763 1691 832 1746 ἐκ
870 1691 1026 1746 Σιὼν
1055 1691 1122 1745 τὸ
1166 1690 1468 1757 σωτήριον
1489 1687 1598 1742 τοῦ
1639 1684 1929 1753 Ἰσραήλ;

328 1788 400 1840 ἐν
422 1785 510 1852 τῷ
542 1785 912 1854 ἐπιστρέψαι
943 1786 1051 1839 τὸν
1077 1784 1226 1839 Θεὸν
1245 1783 1363 1851 τὴν
1387 1779 1809 1850 αἰχμαλωσίαν
1826 1774 1934 1830 τοῦ

2103 1033 2328 1104 Confusi
2369 1039 2515 1094 sunt,
2540 1027 2794 1100 quoniam
2829 1024 2972 1078 Deus
3020 1020 3217 1091 sprevit
3259 1035 3369 1073 eos.
3403 1015 3616 1072 Confu-

2033 1125 2192 1182 sione
2222 1103 2392 1192 atque
2426 1118 2724 1190 ignominia
2753 1115 2897 1185 pleni
2918 1127 3044 1170 esse
3071 1115 3447 1180 apparuerunt
3471 1103 3616 1174 apud

2035 1233 2230 1273 omnes
2263 1222 2478 1286 gentes,
2513 1210 2681 1267 veluti
2715 1207 2964 1264 omnium
2996 1203 3284 1259 hominum
3313 1196 3617 1254 miserrimi

2035 1321 2090 1367 et
2121 1306 2516 1370 infelicissimi,
2548 1314 2605 1360 et
2635 1299 3054 1358 calamitatibus
3089 1296 3336 1352 omnium
3373 1290 3612 1346 maxime

2035 1402 2286 1459 obnoxii.
2316 1397 2643 1468 Huiusmodi
2677 1402 2860 1449 autem
2899 1389 3276 1446 calamitatem
3303 1401 3366 1440 ea
3407 1383 3620 1438 ratione

2034 1494 2185 1566 passi
2232 1498 2385 1554 sunt,
2419 1489 2548 1556 quia
2597 1484 2860 1541 Christus
2910 1479 3122 1550 sprevit
3165 1492 3286 1542 eos,
3330 1476 3386 1529 in
3418 1486 3621 1544 oppro-

2035 1589 2215 1643 brium
2256 1585 2381 1638 illos
2419 1582 2680 1635 universo
2716 1575 2840 1630 orbi
2877 1573 3155 1644 praebens.

2108 1677 2278 1733 Vsus.
2321 1678 2375 1730 7.
2397 1673 2528 1740 Quis
2550 1671 2699 1725 dabit
2725 1683 2790 1722 ea:
2823 1665 2954 1722 Sion
2985 1664 3230 1720 salutare
3263 1657 3474 1715 Israel?
3501 1671 3621 1710 cum

2035 1771 2351 1831 converterit
2403 1769 2659 1822 Dominus
2690 1762 3053 1831 captivitatem
3091 1754 3257 1824 plebis
3285 1768 3417 1815 sum,
3441 1749 3624 1804 exsul-

327 1879 494 1933 ,ιαοῦ
519 1876 737 1940 αὐτοῦ.
773 1841 1208 1947 ἀγαλλιάσετιιι
1263 1841 1503 1937 ’ίακὼδῖ
1536 1871 1635 1927 καὶ
1668 1872 1928 1938 suppar-

2052 1866 2168 1920 ‘abit
2201 1861 2392 1923 Iacob,
2412 1868 2461 1914 et
2491 1855 2768 1912 lwtabitnr
2797 1847 3208 1908 Israel.llorum
3233 1845 3396 1900 etiam
3427 1841 3626 1896 verbo.

332 1971 596 2039 θήσεται
635 1968 897 2037 Ἰσραήλ.
949 1967 1060 2022 Kal.
1105 1969 1138 2036 ἡ
1189 1965 1396 2020 τούτων
1443 1963 1710 2034 ἐξήγησις
1749 1963 1808 2014 ἐν
1849 1959 1929 2028 τῷ

337 2062 567 2132 ῥηθέντι
603 2059 677 2130 ιγ’
703 2059 908 2130 ψαλμῷ
938 2060 1327 2113 ἀντιτάττεται.

335 2158 441 2223 Eli;
476 2157 546 2210 τὸ
569 2155 749 2219 τέλος
771 2155 841 2208 ἐν
866 2154 1098 2222 ὕμνοις,
1128 2152 1226 2206 καὶ
1263 2148 1580 2213 συνέσεως
1612 2146 1694 2212 τῷ
1721 2147 1928 2213 Δαϐὶδ,

411 2249 485 2304 ἐν
528 2246 614 2313 τῷ
653 2245 860 2302 ἐλθεῖν
888 2245 1033 2312 τοὺς
1087 2243 1396 2312 Ζιφαίους,
1454 2240 1553 2294 καὶ
1579 2239 1933 2310 ἀναγγεῖλαι

419 2341 501 2407 τῷ
544 2340 782 2396 Σαούλ·
830 2341 954 2395 Οὐκ
1001 2337 1130 2393 ἰδοὺ
1173 2335 1354 2390 Δαϐιδ
1403 2333 1737 2402 κέκρυπται
1795 2333 1932 2402 παρ’

433 2433 572 2503 ἡμῖν
587 2450 608 2499 ;

901 2525 1110 2579 ΨΑΛΜ
1117 2525 1199 2577 ΟΣ
1237 2523 1364 2577 Nl".

415 2619 645 2688 Φεύγων
679 2621 772 2696 τὸν
804 2618 977 2672 Σαοὺλ
1007 2618 1036 2670 ὁ
1063 2616 1249 2680 Δαδὶδ,
1289 2614 1546 2668 ἐκάθισεν
1569 2615 1651 2676 εἰς
1675 2611 1773 2682 τὴν
1803 2609 1936 2682 ἕρη-

345 2731 452 2781 μον
484 2713 597 2782 Ζίφ
619 2727 632 2740 ·
665 2713 716 2766 οἱ
740 2713 958 2781 Ζιφαῖοι
988 2710 1086 2779 τὴν
1115 2709 1214 2778 μὲν
1248 2708 1384 2776 πρὸς
1417 2705 1584 2758 Δαϐὶδ
1617 2704 1804 2774 φιλίαν
1835 2704 1940 2756 ὑπ-

340 2807 698 2885 εκρίθησαν,
741 2804 1133 2875 κατεμήνυσαν
1167 2801 1223 2854 δέ
1257 2799 1423 2853 αὑτὸν
1469 2797 1550 2868 τῷ
1594 2796 1804 2850 Σαούλ·
1848 2795 1944 2849 καὶ

340 2899 402 2964 ὃς
435 2897 876 2969 ἐπεστράτευσε.
919 2895 1168 2965 Πόλεμος
1211 2893 1267 2946 δέ
1315 2891 1426 2944 τῶν
1457 2887 1775 2957 ἀλλοφύλων
1829 2887 1948 2939 ἐπι-

339 2990 648 3061 γενόμενος
693 2987 1196 3058 ἀντιπεριέσπασεν
1252 2981 1455 3038 αὐτίκα
1486 2982 1578 3034 τὸν
1604 2979 1780 3032 Σαούλ
1803 2995 1816 3007 ·
1851 2977 1947 3032 καὶ

343 3087 544 3140 λοιπὸν
581 3083 936 3166 ἀπαλλαγεὶς.
955 3084 982 3135 ὁ
1009 3079 1176 3135 Δαὸὶδ
1211 3077 1445 3143 ἐκεῖθεν,
1482 3077 1677 3145 ἔφυγε.
1701 3074 1797 3126 καὶ
1823 3088 1950 3125 συν-

342 3181 519 3251 έθηκε
551 3179 644 3234 τὶν
670 3165 1162 3246 παρόνταίψαλμὺν
1215 3171 1668 3246 εὐχαριστήριον,
1689 3167 1784 3221 τοῦ
1807 3165 1945 3220 Θεοῦ

342 3227 519 3251 -ν-.---
560 3227 637 3234 τη
1063 3227 1149 3246 ,ην
1282 3227 1314 3246 δ
1361 3227 1372 3243 ,
1509 3227 1540 3241 ,,
1657 3227 1667 3233 ,

342 3271 874 3334 κατασκεδάσαντος
942 3269 1273 3339 εὐμηχάνως
1323 3267 1423 3334 τὴν
1475 3262 1795 3332 ἐπιϐουλήν.
1856 3227 2018 3311 Διὸς·

345 3371 448 3426 καὶ
487 3368 794 3437 ἑνῧμνοις
834 3364 1278 3432 ἐπιγέγραπται·
1327 3359 1464 3428 φησὶ
1505 3354 1638 3424 γὰρ,
1695 3354 1778 3405 ὅτι
1817 3350 1947 3415 Ἐξ-

345 3461 816 3533 ομολογήσομαι
850 3456 931 3522 τῷ
963 3455 1226 3525 dedituri;
1247 3469 1388 3515 σου,
1430 3450 1634 3517 Κύριε,
1686 3447 1775 3499 ὅτι
1807 3444 1951 3514 ἀγα-

345 3557 484 3618 θὸν,
519 3553 612 3606 ὅτι
643 3553 714 3604 ἐκ
748 3549 960 3616 πάσης
995 3547 1261 3614 θλίψεως
1291 3542 1528 3612 ἐρῤὐσω
1554 3555 1644 3611 με.
1671 3538 1851 3603 -Εὶς
1879 3533 1947 3588 τὸ

343 3647 533 3711 τέλος
569 3644 628 3698 δὲ
649 3687 664 3709 ,
701 3644 782 3696 ὅτι
808 3643 946 3710 πρὸς
972 3641 1035 3692 τὸ
1058 3639 1212 3701 τέλος
1249 3635 1536 3703 ἐπείγεται
1569 3634 1602 3702 ἡ
1638 3629 1938 3700 ἐγκειμένη

345 3831 832 3887 ἐπιϐουλευόντων
890 3825 1088 3896 αὐτῷ,
1140 3825 1362 3894 φήσας·
1427 3822 1442 3843 ’

348 3925 517 3979 κακὰ
551 3921 672 3986 τοῖς
706 3919 946 3988 ἐχθροῖς
973 3935 1094 3985 μου
1124 3931 1141 3949 °
1182 3914 1283 3969 καὶ
1317 3913 1388 3967 ἐν
1409 3911 1535 3977 τοῖς
1569 3909 1807 3979 ἐχθροῖς
1835 3924 1954 3976 μου

346 4018 603 4073 ἐπεῖδεν
625 4019 659 4070 ὁ
684 4014 996 4084 ὀφθαλμός
1014 4029 1134 4081 μου
1156 4027 1170 4040 ·
1205 4008 1242 4063 ἃ
1266 4007 1456 4074 σαφῶς
1488 4007 1546 4057 ἐν
1580 4006 1694 4066 τοῖς
1729 4000 1958 4062 οἰκείοις

346 4113 548 4173 τόποις
581 4103 990 4178 ἐξηγησόμεθα.
1017 4101 1334 4164 Συνέσεως
1354 4099 1435 4163 δὲ,
1463 4098 1546 4151 ὅτι
1582 4092 1808 4148 συνετοῦ
1834 4093 1953 4144 ἐστι

349 4205 416 4257 τὸ
453 4205 516 4256 ἐν
548 4203 733 4269 καιρῷ
773 4195 1003 4266 τοιούτῳ
1033 4193 1257 4247 πάντων
1282 4189 1582 4260 ἀφέμενον,
1623 4185 1818 4256 ὑμνεῖν
1863 4182 1956 4235 τὸν

350 4297 518 4356 Θεὸν,
549 4295 646 4348 καὶ
675 4293 868 4346 τοῦτον
893 4286 1278 4344 ἐπικαλεῖσθαι
1310 4283 1532 4354 κριτήν.

349 4390 626 4451 diximus,
657 4382 954 4452 prudentia:
983 4381 1105 4436 ideo
1130 4378 1460 4447 inscriptum
1496 4383 1599 4436 est,
1638 4369 1772 4440 quia
1807 4361 2104 4438 prudentis
2139 4348 2242 4406 viri
2275 4352 2360 4402 est
2413 4336 2798 4411 hujuscemodi

350 4480 486 4541 bus.
563 4482 916 4536 liberatorem
964 4476 1130 4532 Deum
1183 4473 1432 4537 laudare,
1491 4483 1736 4538 eumque
1768 4459 1937 4519 veluti
1973 4449 2220 4525 judicem
2255 4440 2372 4512 opti

547 4571 716 4634 Θεὸς,
744 4570 814 4622 ἐν
842 4567 925 4634 τῷ
953 4566 1201 4635 ὀνόματί
1227 4577 1346 4618 σου
1377 4563 1590 4619 σῶσόν
1616 4577 1709 4630 με.
1751 4555 1853 4610 Διὰ
1893 4554 1952 4608 τδ
1984 4547 2034 4608 Π
2129 4539 2301 4595 VEBS-
2323 4537 2379 4591 ’5-

352 4667 454 4718 63v
483 4664 684 4731 ὄνομα,
715 4661 852 4714 διότι
881 4660 1129 4731 ὀνομάζῃ
1161 4658 1376 4727 Σωτὴρ,
1427 4657 1524 4710 καὶ
1548 4655 1822 4724 ἐλεήμων,
1862 4648 1958 4702 καὶ

2036 1974 2158 2014 rum
2199 1953 2603 2024 expositionem
2637 1951 2690 2004 in
2721 1961 2866 2016 saepe
2907 1944 3345 1999 commemorato
3389 1931 3625 1989 tradidi-

2035 2066 2162 2106 mus
2189 2047 2432 2118 psalmo.

2036 2144 2099 2200 In
2131 2116 2291 2212 ﬁnem
2347 2139 2401 2191 in
2453 2135 2686 2204 hymnis,
2731 2125 3101 2198 intelligentia:
3145 2121 3248 2192 ipsi
3283 2116 3475 2179 David,
3511 2131 3630 2169 cum

2108 2236 2369 2290 venissent
2407 2227 2637 2297 Ziplwei,
2659 2235 2709 2279 et
2750 2220 3160 2277 annuntiassent
3199 2213 3379 2277 Sauli,
3429 2208 3630 2266 Nonne

2109 2343 2224 2382 ecce
2254 2323 2426 2380 David
2456 2316 2795 2376 absconditus
2823 2322 2903 2369 est
2934 2308 3076 2382 apud
3109 2324 3207 2362 nos

2621 2491 2949 2549 PSALMUS
2992 2487 3126 2545 Llll.

2113 2594 2352 2667 Fugiens
2395 2591 2618 2648 Saulem
2675 2588 2871 2641 beatus
2913 2581 3106 2645 David,
3143 2575 3429 2649 profectus
3459 2579 3545 2626 est
3575 2571 3631 2624 in

2044 2666 2290 2744 cremum
2338 2684 2500 2756 Zipli.
2548 2677 2756 2750 Zipliaei
2809 2691 2939 2732 vero
2986 2671 3289 2728 amicitiam
3341 2666 3637 2736 ﬁngentes,

2046 2780 2200 2836 Sauli
2248 2755 2659 2847 signiﬁcatum,
2691 2772 2866 2825 latere
2899 2766 3054 2820 illum
3095 2761 3239 2833 apud
3274 2775 3352 2815 se.
3391 2755 3508 2812 Hoc
3534 2770 3637 2809 au-

2049 2873 2164 2928 dito
2194 2869 2326 2925 Saul
2349 2881 2475 2922 cum
2501 2861 2746 2919 exercitu
2779 2858 2912 2912 illuc
2940 2862 3134 2912 contra
3167 2865 3293 2906 eum
3322 2847 3639 2918 proﬁcisce-

2051 2966 2254 3027 batur;
2286 2973 2478 3015 verum
2525 2954 2752 3015 bellum,
2787 2948 2938 3020 quod
2991 2961 3022 3000 a
3069 2941 3365 3000 Pbilistmis
3415 2945 3641 3007 repente

2053 3053 2398 3126 supervenit,
2446 3047 2673 3103 Saulem
2717 3041 2970 3105 divertit,
3023 3053 3089 3092 ne
3130 3043 3265 3090 tunc
3301 3032 3447 3086 ultra
3487 3029 3642 3084 illum

2056 3151 2506 3220 persequeretur.
2536 3139 2712 3194 Tanto
2737 3137 2923 3205 itaque
2948 3133 3143 3188 beatus
3177 3125 3348 3180 David
3377 3125 3644 3179 liberatus

2055 3215 2321 3312 periculo,
2359 3234 2594 3304 aufugit,
2634 3238 2690 3286 et
2720 3235 3053 3300 praesentem
3102 3219 3378 3290 psalmum
3427 3215 3482 3268 in
3515 3227 3646 3284 gra-

2057 3335 2258 3388 tiarum
2297 3330 2572 3384 actionem
2631 3319 3002 3391 compositum
3074 3313 3188 3367 Deo
3237 3306 3442 3364 dicavit
3486 3319 3646 3373 :quo

2059 3426 2313 3496 adjutore
2360 3434 2552 3476 omnes
2592 3414 2776 3471 Saulis
2829 3409 3046 3465 insidiae
3115 3404 3384 3462 facillime
3430 3409 3649 3468 semper

2059 3489 2343 3574 dissolutae
2375 3519 2525 3568 sunt.
2562 3510 2742 3578 Atque
2773 3504 2898 3558 ideo
2932 3501 2985 3555 in
3038 3497 3250 3569 hymnis
3295 3489 3646 3547 inscribitur.

2060 3609 2362 3679 Conﬁtebor
2390 3605 2562 3665 enim,
2615 3598 2814 3670 inquit,
2850 3595 3051 3650 nomini
3087 3602 3198 3654 tuo,
3235 3587 3478 3647 Domine,
3519 3597 3646 3650 quo-

2059 3703 2206 3758 niam
2245 3699 2436 3752 bonum
2473 3702 2576 3759 est,
2607 3689 2862 3761 quoniam
2896 3699 2960 3738 ea:
2989 3683 3131 3737 omni
3157 3675 3509 3732 tribulatione
3535 3671 3648 3726 eri-

2057 3861 2380 3948 tcndebant,
2419 3895 2542 3951 quae
2595 3876 2685 3931 hic
2721 3871 3199 3943 praedicebantur;
3233 3861 3641 3934 praidicebatur

2056 3994 2240 4038 autem
2315 3977 2667 4032 inimicorum
2726 3969 2906 4038 ipsius
2984 3960 3314 4019 destructio.
3374 3957 3650 4011 Convemt

2062 4075 2237 4139 enim,
2271 4069 2474 4140 inquit,
2498 4064 2645 4119 mala
2676 4060 2910 4116 inimicis
2934 4057 3088 4118 meis,
3108 4063 3157 4108 et
3188 4055 3243 4106 in
3264 4048 3498 4104 inimicis
3522 4045 3651 4099 meis

2065 4168 2199 4223 vidit
2224 4137 2415 4217 oculus
2464 4172 2608 4212 meus
2639 4170 2659 4208 :
2694 4165 2817 4222 qua:
2861 4148 3027 4204 verba
3069 4141 3318 4200 dilucide
3363 4140 3502 4194 locis
3533 4137 3653 4191 suis

2065 4267 2426 4330 exponemus.
2485 4245 2866 4316 Intelligentiw
2921 4249 3141 4300 autem,
3194 4235 3333 4298 sive,
3400 4242 3458 4285 ut
3521 4229 3652 4283 alibi

2862 4342 3113 4400 tempore
3180 4324 3406 4380 omissis
3469 4318 3652 4373 omni-

2381 4450 2528 4492 mnm
2559 4433 2857 4487 advocare.

2412 4535 2576 4594 Deus,
2597 4529 2654 4582 in
2673 4524 2886 4580 nomine
2913 4529 3002 4574 tuo
3032 4515 3239 4571 salvum
3268 4528 3350 4566 me
3384 4511 3494 4582 fac.
3523 4507 3650 4564 Sal-

2064 4651 2129 4690 va
2173 4649 2278 4699 me,
2323 4628 2528 4700 inquit,
2582 4629 2808 4695 propter
2852 4630 3054 4673 nomen
3107 4620 3286 4666 tuum.
3342 4603 3659 4662 Saivatoris

352 4697 453 4718 υιν
484 4697 684 4731 υνυμυι,
716 4697 852 4714 υυυυιι
882 4697 1129 4731 uitur-wn,"
1162 4697 1376 4727 -υυ-ιηι,
1430 4697 1524 4710 ην..
1549 4697 1822 4724 ...ηιμ-...ν’
1865 4697 1932 4702 ---ν

350 4755 579 4815 δίκαιος
602 4768 616 4780 ’
656 4751 837 4804 σῶσόν
866 4769 932 4820 με
960 4751 1016 4804 δὲ
1072 4749 1153 4802 ἔτι
1193 4751 1290 4802 καὶ
1318 4748 1398 4802 ἔτι
1421 4766 1434 4780 ο
1474 4743 1818 4815 πανταχόθεν
1855 4738 1946 4809 γὰε

2062 4730 2294 4792 ctenim,
2345 4736 2400 4781 et
2463 4713 2866 4776 misericordis,
2924 4707 3147 4778 ctjusti
3203 4716 3402 4758 nomen
3461 4697 3652 4754 habes.

2334 4819 2341 4820 ί
2391 4817 2403 4820 -
2596 4811 2630 4820 ··
2659 4813 2671 4820 ·
2772 4808 2787 4820 ι
2825 4806 2836 4818 ·
2990 4801 3188 4820 ν--ε--Α
3239 4795 3488 4820 --.ηιμ-..Α
3521 4790 3654 4820 ..κη-ι

360 4844 680 4899 ἐπιϐουλαί.

441 5031 542 5084 Καὶ
571 5030 645 5083 ἐν
679 5028 755 5097 τῇ
779 5027 1028 5095 δυνάμει
1063 5042 1180 5082 σου
1209 5023 1436 5093 κρινεῖς
1466 5038 1566 5090 με.
1591 5019 1704 5072 Καὶ
1735 5015 1961 5079 δυνατὸς

359 5121 461 5187 ὧν,
498 5124 716 5192 κρινεῖς
766 5137 857 5188 με,
903 5113 964 5172 εὖ
1005 5113 1126 5172 οἶδα
1150 5159 1164 5183 ,
1224 5113 1364 5186 μετὰ
1395 5111 1490 5165 τοῦ
1521 5105 1962 5164 καταδυναστεύσ

360 5233 570 5278 σαντος
603 5215 707 5282 τῆς
736 5213 878 5283 ἐμῆς
909 5209 1224 5274 ἀσθενείας,
1261 5203 1483 5276 λέγωδὲ
1514 5203 1609 5257 τοῦ
1642 5199 1842 5266 Σαοὺλ,
1867 5199 1963 5253 καὶ

356 5311 622 5380 ποιήσεις
656 5305 755 5375 τὴν
787 5303 1096 5373 ἐκδίκησιν.
1130 5299 1240 5354 Τοῦ
1271 5299 1350 5364 δέ,
1375 5296 1622 5367 κρινεῖς,
1662 5295 1963 5366 ἀδιάφορος

356 5406 456 5461 νῦν
552 5399 835 5464 σύνταξις.
1685 5386 1727 5413 ⁸

441 5681 510 5733 '0
541 5677 717 5742 Θεές,
755 5673 1134 5728 εἰσάκουσον
1172 5668 1284 5737 τῆς
1312 5663 1667 5737 προσευχῆς
1703 5681 1843 5734 μου,
1888 5663 1976 5716 ἐν·

433 5862 639 5920 ‘Joan.
679 5873 793 5925 xxx,
859 5854 942 5912 15.
1025 5847 1208 5906 ‘lbid.
1261 5845 1346 5902 l2.

2065 4790 2288 4878 Praesto
2333 4817 2505 4887 igitur
2536 4811 2674 4868 mihi
2721 4806 2894 4871 adsis,
2927 4801 3191 4875 quoniam
3239 4795 3489 4866 undique
3521 4790 3658 4846 mihi

2068 4913 2397 4970 incumbunt
2429 4904 2669 4962 insidiae.

2143 5008 2214 5063 Et
2247 5007 2302 5060 in
2337 5001 2578 5075 potentia
2618 5005 2713 5052 tua
2738 4991 3017 5066 judicabis
3053 5004 3156 5042 me.
3194 4983 3258 5038 Et
3288 4994 3415 5037 cum
3465 4983 3664 5047 potens

2074 5101 2176 5170 sis,
2210 5098 2383 5164 r'ecte,
2413 5095 2565 5160 novi,
2605 5087 2890 5163 iudicabis
2926 5099 3034 5146 me,
3075 5078 3240 5136 simul
3278 5088 3404 5129 cum
3461 5067 3530 5122 iis
3567 5064 3664 5134 qui

2073 5193 2394 5267 opprimunt
2456 5185 2834 5242 infirmitatem
2884 5189 3086 5237 meam,
3139 5169 3364 5226 Saulem
3407 5161 3557 5222 dico,
3609 5163 3665 5210 et

2073 5245 2375 5342 vindictam
2405 5277 2598 5334 facies.
2633 5275 2728 5329 Est
2751 5281 2936 5327 autem
2963 5259 3284 5318 iudill‘erens
3313 5245 3662 5308 constructio

2075 5380 2242 5448 hujus
2272 5373 2422 5430 verbi
2445 5369 2743 5442 judicabis.
2775 5361 2994 5436 [Posuit
3034 5353 3182 5410 enim
3255 5342 3532 5448 judicabis
3558 5353 3662 5448 me,

2079 5429 2513 5544 prorjudicabis
2569 5459 2730 5526 mihi,
2776 5429 2883 5510 lioc
2933 5456 3040 5514 est,
3070 5441 3340 5515 judicium
3392 5432 3526 5488 mihi
3583 5429 3668 5485 fa-

2085 5581 2216 5622 ςιεε.

2158 5581 2216 5620 es.
3238 5563 3248 5572 -

2158 5563 2303 5710 \‘Elus
2343 5632 2414 5706 ei.
2466 5649 2627 5713 Deus,
2659 5637 2855 5698 exaudi
2893 5633 3186 5690 orationem
3218 5637 3409 5686 meum,
3439 5615 3660 5672 auribus
