4120 6434
960 262 988 302 ο

486 379 588 446 571

1732 371 2118 434 EUTHYMII
2152 370 2522 431 ZIGABENI

3650 372 3763 436 572

485 493 694 562 percipe
728 491 883 548 verba
925 493 1029 547 oris
1065 491 1186 546 mei.
1222 490 1400 547 Verba
1434 491 1547 557 illa,
1576 489 1815 556 Exaudi,
1843 491 2067 544 auribus

2185 484 2376 541 ὒτισαι
2405 485 2479 539 τὰ
2516 483 2761 556 ῥήματα
2804 482 2909 539 τοῦ
2960 484 3263 557 στόματός
3309 503 3450 555 μου.
3500 487 3576 539 Τὸ
3620 488 3768 540 Eia—

484 587 716 655 percipe,
744 594 799 640 et
822 586 927 638 alia
954 584 1299 655 hujusmodi,
1331 599 1443 639 non
1472 584 1734 640 videnlur
1764 584 1902 638 ntihi
1929 584 2073 638 inter

486 690 547 730 se
572 691 740 732 sensu
775 673 1030 740 dill'erre,
1069 674 1166 731 sed
1198 676 1562 730 intentionem
1597 688 1766 746 atque
1807 683 2074 729 constan-

488 768 623 822 tiam
654 782 877 836 precum
927 766 1242 837 signiﬁcare
1273 782 1287 821 :
1317 766 1786 836 quemadmodum
1835 766 1889 820 in
1924 765 2076 836 prin-

488 858 635 928 cipio
665 857 846 926 quarti
882 857 1103 927 psalmi,
1127 865 1181 910 et
1211 872 1325 921 xw,
1349 864 1403 912 et
1438 872 1546 920 Liv,
1577 856 1707 912 etin
1733 856 1920 911 multis
1948 855 2074 911 aliis

489 951 627 1006 locis
680 952 869 1006 videre
916 952 1039 1005 licet
1079 951 1229 1022 (88):
1266 951 1480 1006 tametsi
1511 951 1772 1006 nonnulla
1805 966 1833 1004 a
1863 950 2076 1005 studioo

489 1044 568 1099 sis
602 1045 739 1099 viris
774 1045 1012 1098 inveniri
1044 1045 1220 1113 possit
1254 1044 1587 1099 dilfercntia.
1631 1045 1735 1099 Per
1767 1045 2074 1098 orationem

491 1145 700 1201 autem,
767 1137 874 1192 hoc
929 1138 984 1191 in
1039 1138 1185 1202 loco,
1229 1153 1349 1192 eam
1408 1137 1714 1207 intelligere
1755 1150 2073 1206 possumus,

490 1243 616 1297 quae
669 1237 853 1283 mente
873 1238 928 1282 et
962 1231 1147 1283 animo
1178 1228 1236 1282 tit
1270 1246 1285 1283 :
1315 1237 1370 1284 et
1420 1245 1514 1298 per
1546 1229 1710 1283 verba
1739 1244 1835 1282 eas
1857 1242 2074 1298 preces,

493 1335 615 1388 quae
669 1320 834 1375 labiis
892 1321 1281 1384 effunduntur,
1327 1320 1640 1390 cujusmodi
1695 1330 1853 1375 erant
1910 1319 2074 1375 verba

494 1413 582 1464 illa
617 1429 632 1465 :
673 1411 836 1477 Deus,
871 1414 926 1465 in
959 1414 1170 1467 nomine
1195 1423 1284 1466 tuo
1308 1413 1516 1467 soluunt
1546 1429 1626 1467 m3
1656 1413 1765 1483 fac,
1797 1423 1853 1469 et
1874 1413 1920 1469 si
1945 1411 2077 1484 quid

494 1502 644 1556 aliud
680 1504 995 1573 huiusmodi
1038 1513 1148 1558 est.

573 1593 687 1648 Ven
707 1614 739 1646 ι.
779 1595 831 1649 5.
870 1594 1137 1660 Quoniam
1165 1594 1326 1650 alieni
1355 1597 1764 1652 insurrexerunt
1794 1598 2077 1653 adwrsum

494 1701 597 1751 me,
631 1698 678 1739 et
717 1687 882 1756 fortes
932 1690 1285 1758 quasiverunt
1327 1691 1565 1744 animum
1599 1706 1793 1745 meam.
1851 1690 2074 1745 Sauletu

498 1775 574 1847 [et
614 1778 735 1848 ejus
793 1777 1118 1852 complices]
1155 1781 1231 1835 ita
1284 1782 1544 1852 appellat,
1580 1782 1796 1838 alienos
1825 1783 2073 1852 quidem,

493 1870 651 1935 quasi
680 1870 866 1923 animo
904 1885 934 1923 a
970 1885 1028 1925 se
1047 1871 1339 1935 alienatos,
1365 1880 1531 1940 atque
1565 1872 1820 1926 inimicos
1849 1890 1863 1926 :
1902 1872 2078 1928 fortes

490 1975 644 2026 vero,
683 1977 749 2016 eo
801 1962 943 2032 quod
991 1974 1261 2033 apparatu
1330 1965 1533 2021 bellico
1578 1965 1937 2034 prtestabant.
1980 1964 2079 2020 Vel

495 2068 594 2121 per
628 2054 860 2118 alienos,
914 2053 1168 2124 Zipbaeos
1227 2056 1509 2126 intelligit,
1552 2057 1718 2111 veluti
1772 2073 1961 2113 avera
2014 2073 2079 2113 ac

492 2152 644 2199 recta
716 2145 1094 2201 benevolentia
1154 2147 1466 2214 alienatos;
1539 2166 1635 2221 per
1691 2148 1867 2208 fontes
1926 2167 2074 2214 vero,

496 2236 715 2290 Saulem
749 2246 802 2291 et
826 2239 1007 2294 socios
1042 2240 1183 2307 ejus,
1221 2251 1279 2293 ut
1304 2240 1567 2296 diximus.

568 2324 637 2377 Et
664 2342 767 2379 non
796 2341 1181 2396 proposuerunt
1230 2330 1399 2384 Deum
1431 2331 1487 2384 in
1517 2340 1804 2400 conspectu
1849 2349 1969 2388 suo.
2019 2331 2075 2387 lu

496 2428 699 2482 mente,
734 2419 933 2488 inquit,
962 2429 1129 2490 atque
1176 2423 1227 2475 in
1263 2423 1450 2476 animo
1483 2439 1585 2480 suo
1620 2425 1788 2480 Deum
1825 2426 1930 2481 sibi
1967 2441 2077 2481 non

495 2512 935 2576 constituerunt,
998 2512 1473 2582 quemadmodum
1540 2515 1577 2568 ii
1655 2517 1910 2582 faciunt,
1983 2519 2078 2587 qui

499 2597 669 2653 Deum
697 2601 912 2656 timent.
940 2602 1005 2656 Hi
1040 2602 1243 2658 etenim
1278 2605 1505 2660 assidua
1533 2608 1871 2678 cogitatione
1912 2611 2068 2664 illum

499 2691 605 2745 sibi
641 2699 767 2744 ante
813 2693 1007 2748 faciem
1059 2696 1370 2751 animarum
1433 2713 1662 2753 suarum
1717 2701 2079 2769 constituunt,

496 2784 909 2852 prohibe-reque
944 2795 1110 2856 atque
1148 2796 1337 2844 vetare
1367 2790 1521 2843 illum
1548 2799 1762 2860 putant,
1795 2807 1863 2847 ne
1895 2794 2078 2865 prosi-

494 2874 635 2928 liant
664 2876 729 2929 ad
758 2878 922 2930 mala.

575 2965 739 3021 Vsus.
785 2967 837 3022 6.
870 2967 1004 3023 Ecce
1025 2970 1163 3023 enim
1194 2968 1336 3024 Deus
1364 2971 1592 3041 adjuvat
1620 2989 1719 3040 me,
1747 2984 1797 3028 et
1824 2975 2080 3032 Dominus

499 3056 746 3127 defensor
768 3070 846 3114 est
880 3063 1077 3117 animo:
1108 3078 1258 3117 mete.
1296 3062 1583 3135 Supcrllua
1615 3077 1700 3121 est
1753 3069 2078 3139 conjunctis

2178 579 2471 645 ἄκουσον,
2504 577 2944 645 καὶῈνώτισαι,
2973 579 3071 632 καὶ
3099 579 3169 633 τὰ
3189 578 3441 643 τοιαῦτα,
3473 579 3766 650 φαίνονται

2181 670 2282 741 μὲν
2344 671 2421 741 μὴ
2476 670 2741 742 διαφορὰν
2781 671 3095 743 σημαίνειν,
3162 671 3281 726 ἀλλ’
3334 673 3605 744 ἐπιμονὴν
3665 673 3766 725 καὶ

2179 762 2434 816 ἐπίτασιν
2498 761 2740 833 δεήσεως
2786 778 2802 792 ’
2840 761 3016 827 οὕτως
3068 762 3182 833 γὰρ
3242 764 3338 817 καὶ
3379 766 3439 816 ὲν
3507 767 3573 834 τῇ
3615 766 3765 835 ἀρχῇ

2178 853 2274 908 τοῦ
2318 854 2581 925 πέμπτου
2633 852 2875 924 ψαλμοῦ,
2916 855 3010 908 καὶ
3042 856 3100 909 ἐν
3146 857 3289 927 ἀρχῇ
3321 853 3417 909 τοῦ
3455 858 3667 920 ις’,καὶ
3706 858 3770 909 ὲν

2181 946 2328 1016 ἀρχῇ
2359 945 2455 998 τοῦ
2480 944 2546 1010 δ’,
2581 946 2677 1000 καὶ
2705 947 2767 1001 ἐν
2793 944 3012 1009 πολλοῖς
3031 946 3236 1011 ἄλλοις,
3292 949 3344 1001 εί
3371 947 3468 1001 καὶ
3496 949 3770 1019 διαφοράν

2180 1053 2304 1092 τινα
2345 1038 2844 1110 ςτροσευρίσκουσιν
2889 1039 2941 1091 oi
2971 1038 3422 1110 φιλοπονώτεροι.
3471 1040 3770 1111 Δυνάμεθα

2179 1128 2237 1182 δὲ
2269 1130 2585 1201 προσευχὴν
2630 1130 2730 1201 μὲν
2763 1129 3026 1195 ἐνταῦθα,
3066 1131 3167 1202 τὴν
3196 1131 3341 1185 κατά
3375 1130 3501 1185 νοῦν
3542 1134 3722 1185 εἰπεῖν
3749 1148 3766 1164 ·

2183 1222 2408 1292 ῥήματα
2441 1223 2500 1276 δὲ
2532 1225 2804 1294 στόματος
2827 1265 2841 1288 ,
2874 1223 2978 1294 τὴν
3005 1223 3097 1277 διὰ
3131 1224 3358 1294 χειλέων
3385 1224 3772 1295 ἐκπορευομέ-

2180 1331 2279 1384 νην
2310 1314 2523 1368 ἱκεσίαν
2542 1331 2556 1345 ·
2587 1314 2728 1385 αὕτη
2755 1315 2864 1387 γὰρ
2897 1310 2966 1386 ἦν
2997 1316 3081 1383 τὸ,
3126 1316 3190 1369 '0
3218 1316 3386 1382 Θεὸς,
3416 1318 3489 1371 ἐν
3514 1316 3594 1382 τῷ
3621 1316 3769 1370 ὀνό-

2174 1406 2321 1476 ματί
2348 1422 2467 1462 σου
2490 1406 2703 1462 σῶσόν
2717 1424 2818 1477 με,
2849 1408 2946 1462 καὶ
2975 1408 3031 1462 εἴ
3059 1426 3113 1462 τι
3145 1407 3416 1466 τοιοῦτον.

2252 1586 2381 1641 Ὅτι
2419 1587 2728 1655 ἀλλότριοι
2752 1587 3187 1655 ἐπανέστησαν
3207 1586 3301 1641 ἐπ’
3328 1587 3434 1657 ἐμὲ
3454 1629 3468 1653 ,
3501 1589 3600 1643 καὶ
3626 1608 3775 1658 κρα-

2180 1681 2333 1735 rato!
2354 1680 2658 1750 ἐζήτησαν
2680 1681 2794 1750 τὴν
2823 1681 3040 1752 ψυχήν
3067 1700 3210 1750 μου.
3246 1683 3385 1745 Τοὺς
3414 1684 3561 1753 ἀμφὶ
3593 1685 3775 1737 Σαοὺλ

2178 1773 2352 1836 οὕτως
2382 1773 2663 1844 ὀνομάζει,
2701 1775 3020 1846 ἀλλοτρίους
3054 1775 3178 1844 μὲν,
3214 1775 3288 1837 ὡς
3328 1775 3563 1847 ἐχθροὺς
3589 1776 3767 1846 αὐτῷ·

2188 1867 2493 1933 κραταιοὺς
2549 1866 2631 1932 δὲ,
2694 1866 2770 1930 ὡς
2829 1866 3093 1929 δυνατοὺς
3141 1869 3201 1920 ὲν
3249 1867 3521 1937 πολεμικῇ
3583 1885 3774 1936 παραυ

2190 1960 2379 2029 σκευῇ.
2420 1960 2491 2011 Ἢ
2519 1958 2838 2029 ἀλλοτρίους
2866 1959 2988 2028 μὲν,
3013 1958 3145 2022 τοὺς
3180 1959 3442 2026 Ζιφαίους
3461 1999 3476 2025 ,
3505 1959 3580 2023 ὡς
3603 1958 3770 2013 ἀλλο-

2186 2047 2521 2118 τριωθέντας
2586 2049 2687 2120 τῆς
2740 2049 2909 2122 ὀρθῆς
2957 2051 3093 2120 πρὸς
3133 2051 3297 2106 αὑτὸν
3343 2053 3589 2115 εὐνοίας*
3620 2068 3767 2123 κρα-

2187 2139 2373 2204 ταιοὺς
2397 2139 2475 2206 δὲ,
2515 2141 2643 2205 τοὺς
2678 2141 2810 2211 περὶ
2842 2141 2935 2196 τὸν
2964 2142 3162 2210 Σαούλ.

2261 2325 2364 2381 Καὶ
2403 2327 2476 2380 οὐ
2506 2326 2830 2393 προέθεντο
2852 2340 2958 2380 τον
2984 2326 3135 2380 Θεὸν
3161 2325 3422 2380 ἐνώπιον
3450 2327 3666 2381 αὐτῶν.
3698 2358 3773 2370 --

2192 2422 2275 2473 Οὐ
2302 2420 2650 2489 προέθεντο,
2687 2421 2809 2474 ἀντὶ
2838 2419 2957 2483 τοῦ,
2980 2422 3054 2473 uo
3091 2422 3515 2491 παρεστήσαντο
3541 2421 3771 2492 ωερῶς·

2186 2510 2215 2560 ὁ
2242 2510 2352 2579 γὰρ
2400 2508 2739 2579 φοϐούμενος
2776 2509 2872 2563 τὸν
2917 2509 3053 2563 Θεὸν
3100 2511 3170 2563 δι’
3206 2510 3612 2574 ἀνατυπώσεως
3649 2512 3776 2581 ἱστᾷ

2188 2600 2278 2653 τὸν
2302 2600 2436 2654 Θεὸν
2468 2600 2900 2671 πρδνπροσώπου
2948 2605 3053 2673 τῆς
3082 2601 3262 2673 ψυχῆς
3313 2602 3501 2668 αὐτοῦ,
3554 2603 3770 2672 ἀπαγο-

2190 2690 2422 2763 ρεύοντα
2453 2691 2515 2744 τὸ
2547 2691 2745 2747 κακόν.

2270 2974 2419 3032 Ἰδοὺ
2464 2976 2575 3044 γὰρ
2606 2977 2639 3029 ὁ
2673 2974 2820 3042 Θεὸς
2841 2975 3077 3043 ,ϐοηθός
3115 2993 3260 3045 μου,
3307 2976 3407 3030 καὶ
3462 2979 3496 3031 ὁ
3553 2977 3777 3045 Κύριος

2187 3067 2572 3135 ἆντιλήπτωρ
2596 3067 2709 3136 τῆς
2741 3067 2954 3136 ψυχῆς
2977 3087 3121 3137 μου.
3158 3069 3420 3139 Περιττδς
3441 3072 3470 3124 ὁ
3503 3070 3615 3139 γάρ
3640 3071 3775 3123 σύν-

500 3152 661 3206 enim.
696 3153 933 3223 Accepta
966 3164 1151 3210 autem
1187 3157 1382 3210 beatus
1436 3157 1601 3211 David
1637 3162 1972 3217 certitudine
2004 3163 2072 3218 de

2186 3162 2409 3231 δεσμος.
2442 3162 2583 3231 Ἤδη
2655 3163 3036 3234 πληροφορίαν
3110 3161 3410 3233 δεξάμενος
3479 3165 3611 3234 περ)⁵
3670 3165 3773 3232 τῆς

501 3254 745 3312 superno
774 3246 1007 3309 auxilio,
1048 3261 1158 3317 pra.-
1212 3248 1400 3303 laetitia
1434 3248 1569 3303 illud
1604 3251 1864 3307 omnibus
1896 3255 2072 3323 palam

2185 3252 2391 3306 ἄνωθεν
2422 3253 2782 3323 ἀντιλήψεως,
2812 3253 2905 3323 ὑφ’
2944 3254 3139 3324 ἡδονῆς
3172 3254 3494 3323 ἐξαγγέλλει
3522 3254 3723 3321 ταύτην
3748 3270 3763 3283 ·

502 3337 808 3402 annuntiat,
861 3337 1052 3392 dicens
1085 3355 1099 3391 :
1137 3338 1291 3405 Ecce,
1326 3348 1607 3409 etc.,quae
1656 3341 1826 3397 dictio
1881 3344 1983 3399 hoc
2020 3346 2075 3400 in

2182 3342 2243 3397 τὸ
2278 3342 2357 3409 δὲ,
2397 3343 2578 3412 Ἰδοὺ,
2605 3345 2727 3400 ἀντὶ
2749 3345 2869 3413 τοῦ,
2916 3346 3018 3401 οὐκ
3066 3348 3150 3412 είς
3182 3348 3425 3417 μακρὰν,
3481 3347 3618 3402 ἀλλὰ
3643 3346 3765 3400 νῦν.

499 3424 622 3480 loco
652 3429 919 3497 temporis
952 3431 1427 3502 propinquitatem
1467 3433 1767 3503 signiﬁcat,
1806 3438 1968 3506 quasi
1994 3439 2079 3493 di-
2184 3461 2187 3463 ν

496 3525 605 3581 cat,
634 3534 794 3574 nunc.

577 3607 740 3664 Vens.
778 3611 831 3666 7.
872 3612 1149 3668 Convertct
1177 3615 1322 3668 mala
1341 3615 1576 3669 inimicis
1605 3617 1758 3671 meis.
1791 3616 1886 3671 Illa
1912 3619 2079 3675 nimi-

501 3714 624 3753 rum
659 3702 824 3767 mula,
855 3718 977 3771 quae
1010 3704 1087 3758 illi
1123 3705 1415 3761 adversum
1443 3720 1530 3761 mc
1551 3706 1985 3776 meditabantur,
2021 3710 2076 3765 in

501 3804 598 3846 eos
627 3800 929 3849 convertet.

576 3882 647 3937 Et
676 3884 733 3939 in
762 3888 981 3941 veritate
1010 3898 1104 3943 tua
1153 3888 1424 3959 disperdes
1466 3890 1612 3945 illos.
1642 3891 1746 3947 Per
1790 3893 2079 3949 veritatem

505 3971 611 4029 hoc
655 3975 708 4029 in
745 3976 867 4032 loco
915 3978 1186 4047 justitiam
1225 3982 1505 4052 intelligit.
1549 3981 1649 4038 Vel
1680 3985 1840 4040 aliter
1886 4000 1900 4039 :
1940 3983 2079 4051 Quia

506 4069 708 4125 veritas
739 4071 888 4127 delet
917 4081 1080 4144 atque
1110 4076 1413 4148 exstinguit
1446 4078 1813 4147 mendacium,
1836 4087 1893 4135 tu
1923 4080 1979 4134 in
2013 4094 2081 4135 eo

503 4160 648 4227 quod
684 4176 848 4216 verax
900 4180 983 4230 es,
1008 4182 1106 4222 eos
1151 4168 1431 4237 disperde,
1463 4170 1554 4240 qui
1600 4171 1895 4228 mendaces
1927 4181 2078 4228 sunt.

503 4248 708 4318 Ziphari
741 4256 888 4309 enim
931 4273 1126 4329 magna
1159 4274 1218 4314 se
1253 4260 1479 4317 allectos
1528 4277 1652 4318 esse
1692 4263 2081 4319 benevolentia

500 4355 627 4410 erga
668 4341 885 4399 beatum
941 4345 1113 4403 David
1166 4351 1384 4405 mentiti
1441 4352 1682 4419 fuerant,
1738 4353 2000 4409 similiter
2026 4362 2082 4409 et

507 4430 638 4484 Saul
672 4437 806 4503 :qni
859 4451 1237 4505 saepenumero
1288 4440 1471 4496 verbis
1525 4442 1954 4499 conﬁrmaverat
2013 4460 2073 4499 se

506 4522 687 4579 nullas
720 4527 788 4579 de
827 4536 1029 4582 caetero
1053 4529 1322 4587 adversus
1349 4548 1475 4588 eum
1501 4534 1731 4592 insidias
1763 4537 2079 4592 moliturum
2108 4557 2161 4619 ι)

503 4628 652 4668 esse.

579 4704 741 4760 Vens.
770 4707 827 4763 8.
870 4709 1180 4768 Voluntarie
1198 4715 1518 4786 sacriﬁcabo
1550 4718 2084 4790 tibi.——Voluntarie,

506 4797 611 4852 hoc
643 4810 746 4868 est,
789 4814 1042 4875 prompto
1066 4822 1129 4860 ae
1164 4808 1288 4862 keto
1324 4811 1530 4876 animo,
1568 4827 1678 4866 non
1723 4822 1935 4869 tantum
1967 4816 2088 4871 vel-

505 4890 585 4944 uti
658 4893 918 4950 mandato
969 4898 1105 4966 legis
1157 4912 1412 4970 coactus,
1444 4914 1715 4972 quantum
1764 4921 1831 4960 ex
1882 4908 2083 4964 ardore

2269 3608 2657 3679 Ἀπρστρέψει
2680 3611 2753 3665 τὰ
2776 3609 2932 3665 κακὰ
2961 3609 3081 3678 τοῖς
3113 3609 3353 3681 ἐχυροῖς
3381 3628 3522 3681 μου.
3554 3613 3620 3665 ’Δ
3649 3614 3776 3666 κατ’

2187 3699 2322 3771 ἐμοῦ
2359 3701 2592 3774 ὲμελέτη
2600 3719 2720 3756 σαν.

2271 3901 2373 3954 Ἐν
2407 3899 2483 3969 τῇ
2536 3901 2792 3970 ἀληθείᾳ
2846 3917 2966 3957 σου
3026 3903 3480 3973 ἐξολόθρευσον
3516 3905 3775 3972 αὐτούς.

2204 3992 2494 4064 Ἀλήθειαν
2543 3994 2779 4049 ἐνταῦθα
2825 3997 2928 4065 τὴν
2981 3995 3333 4067 δικαιοσύνην
3360 3998 3532 4053 καλεῖ.
3570 4001 3641 4052 Ἦ
3679 4002 3779 4055 καὶ

2190 4085 2273 4138 ὃτι
2317 4085 2470 4138 Ἐπεὶ
2502 4086 2535 4156 ή
2590 4085 2818 4156 ἀλήθεια
2869 4087 3123 4156 ἀφανίζει
3154 4088 3216 4141 τὸ
3258 4088 3472 4159 ψεῦδος,
3507 4090 3572 4142 σὺ
3602 4092 3662 4143 ἐν
3694 4090 3778 4161 τῷ

2188 4173 2331 4231 εἶναι
2357 4178 2589 4248 ἀληθὴς,
2616 4179 3006 4251 ὲξολόθρευσον
3031 4181 3255 4249 αὐτοὺς,
3294 4182 3456 4248 ὄντας
3504 4182 3727 4253 ψευδεῖς
3754 4200 3774 4217 ο

2188 4271 2329 4325 οἵτε
2358 4271 2469 4342 γὰρ
2503 4273 2719 4339 Ζιφαίοι
2771 4272 3078 4342 ἐψεύσαντο
3125 4274 3224 4344 τὴν
3284 4275 3421 4346 πρὸς
3454 4276 3618 4329 αὐτὸν
3654 4275 3776 4331 διά-

2190 4366 2372 4417 θεσιν·
2406 4364 2488 4417 ἔτι
2521 4365 2577 4418 δὲ
2609 4364 2705 4418 καὶ
2729 4365 2757 4418 ὁ
2793 4366 2968 4420 Σαοὺλ
3002 4367 3268 4432 πολλάκις
3296 4368 3778 4442 διαϐεϐαιωσάμε-

2191 4470 2281 4517 νος
2313 4453 2389 4525 μὴ
2420 4454 2799 4509 ἐπιϐουλεύειν
2830 4457 3000 4528 αὐτῷ.

2278 4725 2607 4793 Ἑκουσίως
2655 4727 2821 4782 θύσω
2864 4744 3075 4783 σοι.-
3105 4728 3467 4797 Ἑκουσίως,
3505 4730 3625 4785 ἀντὶ
3652 4735 3772 4800 τοῦ,

2192 4817 2512 4887 προθύμως,
2536 4818 2877 4890 περιχαρῶς.
2911 4820 2987 4873 Οὐ
3016 4820 3276 4874 τοσοῦτον
3301 4820 3411 4892 γὰρ
3437 4822 3497 4885 ἐξ
3524 4823 3778 4893 ἀνάγκης

2191 4907 2456 4975 νομικῶν,
2486 4909 2612 4961 ὅσον
2637 4909 2703 4962 ἐκ
2725 4910 3101 4980 προαιρέσεως
3149 4909 3362 4980 θερμῆς
3406 4911 3557 4967 θύσω
3581 4931 3665 4969 σοι
3695 4915 3777 4987 τῷ

509 4983 746 5052 quodam
812 4990 1005 5044 animi.
1066 4991 1187 5047 Tibi
1254 4995 1422 5064 igitur
1482 4998 1810 5051 sacriﬁcabo
1848 5037 1862 5059 .
1918 5000 2082 5053 veluti

2190 4999 2419 5071 τοιούτῳ
2452 4999 2634 5072 βοηθῷ
2658 5002 2767 5055 τῶν
2798 5002 3189 5073 ἀδικουμένων.

507 5088 724 5129 summo
754 5090 818 5127 ac
861 5081 1247 5146 potentissimo
1296 5096 1487 5137 eorum
1520 5084 1832 5146 defensori,
1869 5086 1963 5155 qui
1998 5086 2085 5140 in—

502 5165 706 5231 juriam
735 5168 1045 5237 patiuntur.

580 5257 886 5329 Conﬁtebor
917 5264 1120 5318 nomini
1161 5274 1277 5329 tuo,
1319 5265 1556 5319 Domine.
1597 5263 1715 5321 [Ioc
1741 5275 1846 5330 est,
1885 5267 2088 5338 gratias

512 5364 669 5418 agam
703 5353 822 5407 tibi.

586 5440 849 5507 Quoniam
873 5443 1067 5498 bonum
1090 5454 1189 5501 est.
1216 5443 1436 5500 Gratias
1478 5446 1738 5499 nimirum
1771 5448 1868 5502 tibi
1903 5462 2086 5517 agere.

515 5526 724 5583 Bonum
757 5532 901 5587 enim
934 5545 1033 5600 est,
1066 5535 1245 5603 inquit
1269 5534 1423 5600 alibi,
1460 5536 1699 5605 conﬁteri
1727 5537 1981 5592 Domino.

2277 5264 2836 5336 Ἐξομολογήσομαι
2865 5266 2944 5333 τῷ
2984 5268 3233 5337 ὀνόματί
3259 5284 3404 5335 σου,
3439 5272 3636 5340 Κύριε.
3675 5272 3776 5326 Εὐ-

2194 5357 2513 5425 χαριστήσω
2542 5371 2646 5408 σοι.

2268 5449 2400 5501 Ὀτι
2444 5447 2691 5516 ἀγαθόν.
2732 5447 2945 5518 Δηλαδὴ
2989 5449 3050 5503 τὸ
3093 5450 3470 5523 εὐχαριστεῖν,
3519 5452 3776 5521 Ἀγαθὸν

2189 5538 2317 5608 γὰρ,
2351 5541 2509 5609 φησὶ,
2542 5538 2607 5592 τὸ
2636 5537 3135 5609 ἐξομολογεῖσθαι
3165 5542 3245 5609 τῷ
3275 5546 3493 5613 Κυρίῳ.

1867 5651 2067 5712 Varia)
2092 5651 2421 5715 lectiones.

520 5812 660 5866 licet.

594 5744 704 5826 (88)
738 5746 926 5803 Grtnca
958 5749 1031 5804 ita
1071 5758 1270 5808 sonant
1310 5768 1325 5805 :
1367 5750 1433 5804 Ut
1474 5752 1624 5806 initio
1660 5751 1829 5822 quinti
1867 5752 2081 5820 psalmi,
2123 5765 2171 5808 et
2203 5756 2391 5809 decimi
2421 5766 2577 5821 scut,
2616 5765 2664 5811 et
2697 5758 2895 5826 quarti,
2953 5768 3000 5811 et
3074 5760 3127 5811 in
3175 5758 3355 5813 multis
3402 5758 3523 5814 aliis
3601 5758 3773 5813 videre
