4120 6434
325 371 446 435 573

1523 368 1916 431 COMMENT.
1948 371 2026 431 IN
2062 371 2422 434 PSALMOS.

3505 373 3611 438 574

413 488 555 541 Ὀτι
586 484 654 538 ἐκ
685 482 881 550 πάσης
911 481 1173 552 θλίψεως
1202 483 1438 552 ἐρῤύσω
1478 500 1577 554 με.
1627 486 1917 540 Διεσκέδα·

2097 489 2260 546 Vens.
2291 490 2346 546 9.
2378 491 2648 557 Quoniam
2691 509 2758 548 ea:
2796 496 2941 548 omni
2979 493 3326 549 tribulatione
3367 494 3614 564 eripuisti

323 599 438 644 σας
464 580 563 636 καὶ
586 579 680 634 νῦν
706 579 800 650 τὴν
828 577 1071 632 ἐπίθεσιν
1096 576 1191 631 τοῦ
1221 577 1418 644 Σαοὺλ,
1447 579 1543 631 καὶ
1575 578 1917 642 ἁνθέλκυσας

323 673 511 731 αὐτὸν
541 675 620 738 είς
653 672 838 743 ἕτερον
876 670 1139 742 πόλεμον.

406 767 526 824 Kal
558 767 628 822 ἐν
669 765 792 833 τοῖς
823 763 1056 835 ἐχθροῖς
1097 780 1219 834 μου
1257 762 1498 819 ἐπεῖδεν
1536 765 1571 818 ὀ
1607 763 1918 834 ὀφθαλμός

317 879 483 932 μου.
524 861 616 923 Ὠς
644 858 928 929 προφήτης
960 855 1084 912 ἰδὼν
1123 854 1202 926 τῷ
1257 855 1360 925 τῆς
1410 854 1594 926 ψυχῆς
1646 840 1920 924 ὀφθαλμῷ

321 957 436 1026 τὴν
496 950 877 1022 καταστροφὴν
908 949 1005 1004 τοῦ
1035 966 1118 1004 τε·
1141 949 1315 1004 Σαοὺλ
1349 949 1445 1003 καὶ
1490 949 1599 1002 τῶν
1650 948 1916 1018 Ζιφαίων,

327 1048 630 1116 προεῖπεν,
680 1046 762 1098 ὅτι
811 1043 914 1115 ήδη
956 1041 1228 1096 Ἐπεῐδεν
1255 1042 1288 1095 ὀ
1319 1040 1629 1110 ὀφθαλμός
1661 1057 1783 1109 μου
1847 1039 1918 1092 ἐν

324 1139 462 1206 τοῖς
510 1137 748 1207 ἐχθροῖς
790 1152 941 1206 μου·
976 1135 1156 1190 λείπει
1215 1133 1274 1188 δὲ
1306 1133 1387 1200 τὸ,
1419 1130 1457 1187 ἃ
1491 1128 1916 1201 ἐϐουλόμην-,ἢ

333 1233 374 1286 ἂ
437 1231 787 1297 πείσονται,
821 1230 896 1292 ὡς
926 1229 984 1282 ὲν
1016 1228 1094 1298 τῷ
1123 1227 1198 1282 λδ¹
1228 1225 1431 1298 ψαλμῷ
1464 1220 1921 1296 προαποδεδώκα-

326 1343 459 1396 μεν.
519 1323 746 1393 Λέγοιτο
775 1323 820 1376 δ’
843 1322 908 1377 ἃν
947 1321 1041 1376 καὶ
1073 1314 1231 1385 οὗτος
1259 1322 1287 1374 ὁ
1321 1319 1537 1390 ψαλμὺς
1570 1314 1703 1388 παρ’
1735 1314 1918 1386 ἡμῶν,

323 1415 479 1470 κατὰ
514 1416 626 1468 τῶν
652 1415 941 1485 δαιμόνων,
971 1413 1021 1466 οἳ
1067 1414 1162 1466 κα)⁸
1192 1410 1465 1482 ἀλλότριοι
1497 1411 1604 1463 εἰσι
1650 1405 1811 1472 Θεοῦ,
1841 1407 1916 1468 ὡς

327 1509 670 1573 ἀποστάται,
704 1509 798 1562 καὶ
822 1508 1218 1578 ἀντικείμενοι,
1273 1506 1370 1560 uel.
1412 1501 1668 1578 κραταιοὶ
1696 1504 1776 1564 είς
1811 1515 1914 1552 κα.-

325 1603 484 1668 κίαν,
509 1602 586 1666 ὡς
612 1601 924 1672 ἀσώματοι,
957 1601 1050 1654 καὶ
1087 1599 1163 1665 ὡς
1203 1599 1676 1670 κοσμοκράτορες.

2019 595 2116 633 me.
2169 579 2484 651 lnterrupto
2532 584 2740 639 etenim
2809 601 2958 639 nunc
3008 582 3192 641 Saulis
3234 585 3466 654 impetu,
3502 599 3611 654 quo

1959 697 1967 704 -
2017 669 2072 724 in
2120 685 2205 725 me
2244 671 2548 741 ferebatur,
2582 676 2636 729 in
2661 677 2809 732 aliud
2840 678 3044 732 bellum
3080 694 3207 734 eum
3235 679 3535 734 divertisti.

2096 759 2165 815 Et
2199 763 2252 816 in
2289 765 2527 820 inimicis
2561 769 2693 822 meis
2746 768 2985 839 despexit
3033 771 3220 825 oculus
3273 787 3441 826 meus.
3474 771 3611 826 Ani-

2021 871 2127 911 ma:
2165 857 2428 913 nimirum
2487 861 2688 924 oculis,
2713 876 2777 915 ac
2811 862 2976 916 veluti
3015 864 3304 933 propheta,
3351 863 3609 932 Zipbaeo-

2022 963 2146 1001 rutn
2199 963 2265 1004 ac
2320 947 2504 1006 Saulis
2557 952 2840 1009 interitum
2879 969 3132 1009 cernens.
3181 955 3375 1010 Sermo
3427 963 3610 1010 autem

2020 1039 2328 1096 defectivus
2374 1051 2480 1107 est,
2531 1052 2586 1099 et
2643 1046 2726 1102 sic
2775 1045 3138 1114 intelligitur:
3173 1046 3379 1102 Oculus
3429 1062 3608 1108 meus,

2022 1132 2220 1198 inquit,
2274 1133 2526 1206 despexit
2585 1152 2652 1192 ac
2711 1137 2852 1192 vidit
2909 1139 2964 1192 in
3021 1136 3264 1193 inimicis
3323 1138 3506 1192 meis:
3543 1152 3608 1191 ea

2023 1225 2206 1278 omnia
2259 1225 2524 1300 nimirum
2573 1245 2696 1300 quae
2747 1232 2984 1300 optavit,
3019 1232 3103 1285 vel
3149 1247 3211 1285 ea
3257 1231 3460 1310 omnia.
3490 1245 3613 1298 quae

2023 1315 2248 1383 passuri
2280 1325 2450 1383 sunt;
2483 1320 2952 1388 quemadmodum
2990 1321 3156 1376 etiam
3195 1320 3523 1374 tradidimus
3554 1319 3610 1373 in

2028 1404 2245 1473 psalmo
2294 1423 2484 1463 χχχιιι.
2545 1409 2736 1464 Etlerri
2798 1411 2964 1466 etiam
3013 1427 3044 1465 a
3095 1413 3256 1466 nobis
3300 1419 3479 1482 potest
3524 1411 3612 1466 hic

2026 1497 2274 1564 psalmus
2306 1499 2576 1557 adversus
2608 1503 2912 1569 daemones,
2947 1504 3042 1575 qui
3089 1520 3117 1558 a
3151 1505 3262 1559 Deo
3285 1505 3448 1559 alieni
3483 1510 3616 1558 sunt

2026 1597 2087 1639 ut
2117 1589 2347 1648 rebelles
2377 1593 2426 1649 ei
2463 1605 2631 1665 atque
2673 1595 3017 1662 adversarii;
3050 1604 3104 1651 ct
3147 1595 3320 1651 fortes
3351 1596 3614 1652 similiter

320 1705 464 1752 runt
498 1700 566 1752 ad
595 1694 859 1768 patranda
898 1695 1105 1752 scelera
1171 1703 1432 1765 tanquam
1499 1684 1812 1761 incorporei
1875 1681 2128 1753 spiritus,
2186 1695 2241 1739 et
2298 1696 2562 1758 tanquam
2625 1690 2792 1761 hujus
2853 1692 3019 1744 etiam
3116 1692 3308 1747 mundi
3404 1689 3611 1761 princi-

365 1806 442 1846 οε.

365 1809 442 1846 es.

328 1809 490 1954 ΡΕἰς
522 1885 592 1940 τὸ
632 1884 808 1951 τέλος
838 1883 909 1937 ἐν
941 1885 1175 1953 ὕμνοις,
1205 1881 1519 1948 συνέσεως
1544 1879 1624 1946 τῷ
1651 1871 1855 1933 Δαϐίδ.

887 2065 1183 2120 ΨΑΛΜΟΣ
1225 2063 1350 2117 NA’.

405 2160 517 2216 Καὶ
551 2159 750 2214 τοῦτον
805 2159 1074 2227 συνέθηκε
1124 2158 1216 2211 τὸν
1263 2157 1502 2227 ψαλμὸν,
1555 2157 1779 2227 φεύγων
1824 2156 1918 2209 τὸν

335 2255 528 2318 Σαοὺλ,
587 2253 684 2307 καὶ
734 2251 1050 2322 περιπολῶν
1103 2249 1203 2320 τὴν
1239 2251 1486 2321 ἔρημον·
1551 2251 1610 2304 ὲν
1643 2252 1756 2314 τοῖς
1795 2248 1918 2302 καθ’

347 2347 526 2399 ἑαυτὸν
571 2344 627 2398 δὲ
658 2344 864 2398 πάθεσι
901 2345 1218 2412 προγράφει
1250 2343 1346 2396 καὶ
1395 2343 1464 2396 τὰ
1518 2340 1611 2395 τοῦ
1650 2342 1915 2411 Χριστοῦ.

354 2440 444 2492 Διὸ
469 2438 557 2492 uel.
592 2440 678 2504 είς
723 2436 904 2502 τέλος
941 2436 1368 2507 ἐπιγέγραπται,
1407 2434 1502 2488 καὶ
1567 2433 1640 2487 ἐν
1678 2434 1918 2503 ὕμνοις,

351 2534 437 2585 καὶ
491 2531 829 2598 συνέσεως,
862 2525 950 2584 οἷα
979 2531 1373 2601 παραπέμπων
1401 2529 1492 2584 τὸν
1526 2532 1805 2602 ἀκροατὴν
1838 2530 1919 2594 είς

336 2625 482 2686 τέλος
507 2624 616 2675 τῶν
653 2625 713 2676 ὲν
748 2621 928 2693 τούτῳ
965 2623 1098 2692 περὶ
1132 2622 1378 2693 Χριστοῦ
1411 2622 1919 2695 προφητευθέντων,

333 2716 424 2766 καὶ
482 2713 676 2782 ὑμνεῖν
727 2713 824 2767 τὸν
879 2713 948 2768 δι’
985 2715 1135 2784 ἡμᾶς
1195 2713 1427 2768 τοιαῦτα
1477 2714 1921 2784 καταδεξάμενον

331 2808 817 2878 προτρεπόμενος,
853 2808 949 2861 καὶ
992 2806 1133 2878 μετὰ
1174 2807 1445 2871 συνέσεως
1494 2807 1661 2874 ἀξιῶν
1711 2809 1920 2879 ἀκροᾶ-

331 2898 484 2967 σθαι,
513 2899 606 2954 διὰ
639 2899 701 2952 τδ
737 2900 1205 2970 συνεσκιασμένον
1235 2902 1336 2972 τῆς
1367 2901 1729 2974 προφητείας.

414 3167 746 3235 Ἐνώτισαι,
788 3171 822 3223 ὁ
873 3167 1048 3236 Θεὸς,
1084 3169 1202 3238 τὴν
1251 3172 1613 3241 προσευχήν
1647 3190 1787 3242 μου,
1821 3172 1921 3226 καί

322 3258 413 3328 μὴ
445 3259 740 3328 ὑπερίδῃς
771 3259 890 3329 τὴν
932 3261 1152 3330 δέησίν
1181 3281 1324 3332 μου,
1381 3265 1650 3332 πρόσχες
1671 3283 1789 3334 μοι,
1823 3265 1922 3319 καὶ

327 3350 708 3405 εἰσάκουσόν
740 3369 886 3422 μου.
940 3353 1273 3424 Προείρηται
1325 3355 1693 3425 περὶτούτων
1749 3357 1807 3410 ὲν
1844 3357 1922 3426 τῷ

326 3441 574 3512 δευτέρῳ
611 3444 782 3514 στίχῳ
824 3443 918 3496 τοῦ
965 3441 1044 3512 νγ¹
1073 3444 1322 3516 ψαλμοῦ.
1375 3446 1808 3517 Παρατηρητέον
1841 3445 1920 3513 δὲ,

331 3534 418 3586 ὅτι
463 3537 493 3587 ὁ
536 3541 612 3598 ις’
641 3534 856 3605 ψαλμὸς
880 3536 1156 3591 ἀνάπαλιν
1184 3536 1299 3606 ἔχει
1337 3539 1476 3607 πρὸς
1507 3539 1604 3592 τὸν
1635 3537 1879 3609 παρόντα
1904 3553 1920 3568 ⁸

332 3626 559 3697 πρῶτον
594 3628 704 3698 γὰρ
752 3631 810 3682 ὲν
863 3628 1059 3700 ἐκείνῳ
1111 3629 1173 3683 τὸ
1221 3629 1636 3696 Εὶσάκουσον,
1691 3628 1812 3684 εἶτα
1861 3631 1922 3684 τὺ

333 3722 617 3790 Πρόσχες
644 3762 659 3787 ,
702 3723 800 3775 καὶ
845 3722 1158 3776 τελευταῖον
1190 3723 1251 3776 τὸ
1295 3722 1638 3792 Ἐνώτισαι,
1675 3725 1750 3788 ὼς
1779 3719 1922 3778 εἶναι

332 3813 581 3884 φανερὰν
604 3811 703 3885 ήδη
734 3813 835 3884 τὴν
861 3814 1186 3886 ἀδιαφορίαν
1215 3815 1314 3886 τῆς
1338 3816 1560 3880 λέξεως.

417 4085 772 4154 Ἐλυπήθην
791 4086 861 4139 ἐν
888 4083 964 4152 τῇ
991 4083 1333 4154 ἀδολεσχίᾳ
1355 4101 1496 4153 μου.
1560 4079 1634 4137 Τὸ
1667 4084 1765 4151 τῆς
1800 4084 1924 4138 ἀδο-

333 4179 562 4250 λεσχίας
587 4179 784 4248 ὄνομα,
819 4179 1032 4250 κυρίως
1071 4178 1195 4249 μὲν,
1233 4178 1328 4231 ἐπὶ
1359 4178 1460 4246 τῆς
1488 4178 1760 4248 φλυαρίας
1795 4179 1926 4230 τάτ-

333 4291 509 4326 τεται.
545 4271 830 4342 Λαμϐἁνει
858 4271 915 4325 δὲ
959 4271 1120 4325 τοῦτο
1149 4269 1415 4335 πολλάκις
1448 4274 1475 4324 ὁ
1504 4274 1792 4343 προφήτης
1831 4273 1924 4325 καὶ

335 4367 429 4419 ἐπὶ
458 4365 560 4434 τῆς
588 4363 851 4434 συνεχοῦς
910 4364 1336 4434 ὲμμελετήσεως
1356 4402 1374 4428 ,
1404 4363 1479 4427 ὡς
1513 4365 1574 4416 τό
1593 4380 1606 4393 ’
1637 4361 1745 4418 Καὶ
1777 4362 1921 4432 ἠδο-

2274 1872 2339 1927 Iu
2367 1874 2523 1942 ﬁnem
2563 1876 2618 1929 in
2642 1876 2849 1946 hymnis
2881 1877 3247 1948 intelligentia:
3272 1876 3378 1943 ipsi

2717 1971 2910 2028 David.

2579 2063 2900 2120 PSALMUS
2943 2063 3077 2119 LIV.

2095 2153 2254 2210 Ilunc
2296 2155 2567 2226 psalmum
2620 2156 2741 2224 pari
2804 2155 2970 2212 modo
3021 2157 3355 2228 conscripsit
3409 2158 3605 2214 beatus

2023 2245 2215 2311 David,
2247 2263 2371 2302 cum
2406 2247 2625 2302 Saulem
2665 2248 2896 2319 fugeret,
2924 2259 2978 2304 et
3013 2250 3381 2319 vagabundus
3412 2249 3467 2304 in
3491 2266 3614 2305 ere-

2023 2355 2112 2395 mo
2148 2340 2555 2396 diversaretur.
2589 2342 2816 2405 Verum,
2853 2342 2982 2396 dum
3034 2343 3286 2412 proprias
3319 2342 3611 2410 passiones

2023 2441 2213 2488 narrat
2264 2433 2560 2503 PrOpheta,
2604 2435 3016 2504 quodammodo
3075 2434 3284 2488 Christi
3320 2434 3613 2503 passiones

2024 2524 2317 2582 describit.
2358 2526 2538 2596 Atque
2570 2526 2692 2582 ideo
2717 2527 2772 2580 in
2794 2527 2954 2595 ﬁnem
2985 2527 3330 2586 inscribitur,
3369 2527 3423 2580 iu
3455 2527 3611 2595 Itym-

2025 2617 2133 2682 nis,
2169 2624 2225 2672 et
2270 2617 2667 2689 itttelligeutiw.
2712 2619 3046 2674 Auditorem
3091 2619 3240 2674 enim
3291 2620 3358 2673 ad
3416 2634 3608 2673 eorum

2025 2710 2190 2766 finem
2225 2713 2476 2779 remittit,
2506 2728 2630 2784 quae
2661 2713 2730 2768 de
2757 2712 2984 2768 Christo
3009 2713 3100 2768 hic
3142 2713 3405 2783 praedicta
3429 2720 3562 2768 sunt
3591 2725 3606 2766 :

2025 2803 2333 2874 suadetque
2385 2812 2440 2860 et
2487 2806 2746 2860 hortatur
2793 2821 2892 2861 nos
2919 2805 2988 2858 ad
3042 2805 3191 2860 illius
3252 2803 3466 2868 laudes,
3515 2806 3612 2872 qui

2025 2904 2262 2966 propter
2296 2913 2397 2954 nos
2431 2905 2617 2952 tantas
2647 2897 2936 2966 passiones
2961 2895 3254 2952 sustinuit.
3283 2893 3422 2949 Cum
3447 2893 3614 2947 intel-

2037 2986 2268 3056 ligentia
2301 2988 2466 3041 etiam
2495 2986 2679 3041 omnia
2711 2987 2825 3041 haec
2848 2985 3026 3040 audiri
3057 2983 3342 3048 admonet,
3382 2989 3611 3052 propter

1946 3091 1992 3153 ρ
2027 3079 2276 3132 umbram
2323 3087 2489 3148 atque
2509 3079 2900 3134 obscuritatem
2929 3077 3255 3146 prophetiae.

2097 3172 2266 3228 Vens.
2312 3171 2367 3239 2,
2403 3173 2458 3228 '5.
2496 3171 2730 3225 Auribus
2785 3171 3021 3240 percipe,
3077 3168 3240 3235 Deus,
3311 3167 3610 3220 orationem

2027 3282 2221 3331 meum,
2257 3273 2305 3319 et
2357 3280 2421 3319 ne
2475 3263 2778 3330 despexeris
2815 3263 3246 3331 deprecationem
3278 3275 3493 3338 ‘meam,
3528 3258 3612 3311 in-

2027 3363 2177 3412 tende
2229 3358 2358 3411 uti/ti
2405 3366 2453 3412 et
2499 3355 2703 3410 exaudi
2747 3371 2849 3408 me.
2915 3351 3252 3423 llujusmodi
3298 3351 3487 3414 verba,
3545 3363 3611 3403 ac

2025 3454 2361 3510 sententiam
2409 3450 2770 3520 exposuimus
2811 3447 3068 3518 superius
3108 3447 3159 3498 in
3201 3443 3448 3500 secundo
3488 3456 3608 3494 vcr-

2026 3546 2204 3602 siculo
2242 3545 2441 3616 psalmi
2487 3559 2608 3598 Llll.
2642 3540 3061 3597 Observandum
3087 3547 3172 3594 est
3225 3547 3428 3601 tamen,
3461 3534 3609 3605 quod

2028 3638 2082 3692 in
2120 3638 2330 3707 psalmo
2354 3652 2442 3691 xvr
2474 3635 2616 3690 alius
2645 3650 2709 3689 ac
2737 3633 2992 3704 diversus
3012 3642 3098 3687 est
3125 3630 3416 3687 verborum
3448 3626 3608 3690 ordo,

2027 3741 2195 3800 atque
2245 3729 2338 3783 hic
2400 3729 2654 3782 habetur.
2719 3725 2878 3780 Prius
2935 3725 3084 3779 enim
3158 3724 3230 3777 ibi
3301 3719 3528 3790 ponitur
3586 3735 3601 3772 :

2032 3822 2266 3887 Exaudi,
2291 3820 2512 3887 deinde,
2538 3818 2786 3883 Intende,
2811 3829 2864 3874 et
2887 3825 3170 3889 postremo
3196 3816 3351 3870 loco:
3382 3811 3614 3864 Auribus

2028 3917 2278 3984 percipe;
2315 3916 2388 3968 ita
2423 3922 2483 3968 ut
2520 3911 2817 3967 manifeste
2849 3917 3035 3980 pateat
3080 3908 3284 3962 nullam
3312 3921 3436 3962 esse
3469 3903 3612 3974 apud

2025 4004 2356 4075 Prophetam
2386 4005 2580 4058 harum
2601 4002 2905 4057 dictionum
2937 3999 3326 4053 diﬂ'erentiam.

2101 4095 2468 4149 Contristatus
2509 4108 2628 4146 sum
2662 4092 2715 4144 in
2752 4088 3102 4144 meditatione
3129 4102 3269 4139 mea.
3309 4081 3465 4148 Quod
3506 4078 3612 4132 La-

2030 4190 2140 4244 tine
2168 4188 2257 4241 hic
2285 4185 2699 4240 meditationem
2724 4182 2977 4252 legimus,
3011 4179 3201 4235 Grtece
3227 4176 3464 4230 habetur
3481 4171 3611 4226 ἅδο-

2038 4275 2388 4345 λεσχία,(ιιιω
2433 4271 2604 4326 dictio
2645 4267 3096 4340 propriequidem
3115 4263 3613 4334 nugacitatent,seu

2033 4367 2118 4440 [ut
2142 4367 2232 4420 alii
2260 4363 2485 4435 propius
2514 4362 2642 4416 huic
2681 4359 2870 4415 sensui
2896 4351 3282 4424 reddiderunt]
3315 4349 3616 4420 argutatio-

334 4431 612 4528 ,λέσχουν
649 4431 877 4522 ἐνητοῖς
905 4431 1267 4525 δικαιώμάσί
1295 4473 1439 4522 σου,
1490 4457 1765 4522 τουτέστι,
1797 4431 1920 4528 με-

2031 4431 2155 4515 item
2176 4431 2474 4527 significat,
2496 4462 2548 4508 et
2577 4451 2720 4523 apud
2749 4448 3078 4519 Prophetam
3100 4453 3354 4500 nostrum
3369 4441 3619 4511 saepenu-

335 4552 508 4606 λέτων
536 4553 595 4605 ὲν
626 4549 706 4618 τῷ
740 4549 893 4620 νόμῳ
932 4565 1050 4604 σου.
1084 4550 1198 4603 Καὶ
1232 4547 1327 4602 νῦν
1356 4543 1450 4603 οῦν
1507 4549 1710 4619 ὁμοίως
1733 4551 1920 4619 φησιν,

337 4653 422 4704 ὅτι
476 4648 794 4720 Ἐλυπήθην
836 4650 894 4700 ἐν
921 4649 988 4717 τῇ
1012 4643 1216 4719 μελέτῃ
1252 4665 1376 4717 μου,
1402 4649 1468 4718 τῇ
1505 4649 1634 4718 περὶ
1670 4647 1765 4699 τοῦ
1807 4647 1926 4710 πῶς

338 4744 404 4798 ἂν
448 4740 675 4812 ἐκφύγω
707 4739 806 4804 τὰς
842 4738 1144 4802 ἐπιϐουλὰς
1174 4739 1284 4792 τῶν
1333 4738 1586 4810 ὲχθρῶνο
1643 4738 1926 4808 ἐλυπήθην

343 4835 418 4899 δὲ,
457 4835 528 4904 μὴ
560 4832 838 4905 εὑρίσκων
881 4831 1160 4902 μηχανήν.
1197 4829 1559 4900 Λαμϐάνεται
1605 4829 1662 4882 δὲ
1693 4830 1788 4884 καὶ
1832 4829 1927 4882 ἐπὶ

353 4925 440 4980 τοῦ
468 4927 609 4982 κατὰ
661 4925 794 4980 Θέαν
867 4922 1272 4996 μετεωρισμοῦ,
1325 4923 1400 4986 ὡς
1462 4923 1556 4974 τόο
1635 4920 1928 4988 Ἐξῆλθεν

363 5015 557 5074 Ἰσαὰκ
607 5018 728 5091 (89)
758 5016 1184 5087 ἀδολεσχῶ-αι
1208 5017 1295 5082 είς
1320 5015 1386 5069 τὸ
1410 5012 1645 5078 πεδίον,
1669 5013 1736 5066 τὸ
1776 5011 1928 5079 πρὸς

338 5111 566 5179 δείλης,

2030 4565 2182 4605 mero
2199 4563 2297 4618 pro
2317 4546 2541 4602 assidua
2569 4541 2921 4598 meditatione
2939 4537 3212 4608 reperitur
3233 4555 3248 4590 :
3271 4534 3425 4604 juxta
3468 4528 3617 4600 quod

2028 4641 2158 4695 alibi
2186 4639 2359 4694 dicit:
2409 4635 2477 4690 Et
2511 4635 2810 4689 meditabar
2851 4632 2908 4684 in
2939 4625 3410 4698 iustiﬁcationibus
3444 4623 3546 4676 tuis
3570 4620 3615 4676 '.

2030 4733 2188 4806 [Nam
2205 4731 2352 4804 quod
2372 4732 2468 4793 ait,
2491 4728 2810 4793 meditabar,
2827 4725 3019 4781 Graece
3032 4724 3233 4793 legitur
3246 4711 3618 4790 ὴδολέσχουν.]

2027 4824 2409 4881 Contristatus
2449 4835 2597 4886 sum,
2633 4818 2836 4889 inquit,
2871 4818 2926 4870 in
2958 4813 3316 4871 meditatione
3348 4823 3490 4877 mea,
3514 4821 3612 4860 co-

2029 4918 2253 4992 gitando
2285 4930 2525 4986 quonam
2566 4921 2726 4984 pacto
2757 4912 2968 4968 evitare
3002 4922 3220 4980 possem
3267 4903 3614 4960 inimicorum

2030 5011 2262 5068 insidias
2293 5028 2309 5064 :
2348 5021 2588 5078 cumque
2616 5005 2823 5060 nullam
2849 5012 3048 5066 artem,
3073 5008 3170 5054 aut
3197 4995 3489 5051 consilium
3524 5003 3616 5042 reo

2037 5104 2296 5174 perirem,
2341 5099 2708 5154 contristatus
2766 5110 2911 5152 sum.
2967 5089 3282 5160 Ἀδολεσχία
3319 5085 3484 5140 etiam
3515 5092 3615 5148 pro

337 5210 645 5267 sublimiori
681 5210 775 5263 illa
801 5223 866 5264 ac
900 5205 1163 5262 diviniori
1199 5203 1668 5273 contemplatione
1735 5201 2040 5272 accipitur,
2089 5200 2246 5268 juxta
2280 5197 2412 5252 illud
2450 5214 2465 5251 :
2506 5193 2686 5248 Exivit
2717 5189 2942 5253 Isaaclt,
3011 5197 3070 5241 ut
3139 5182 3490 5237 meditaretur
3556 5175 3612 5227 in

335 5320 491 5372 agro,
545 5303 840 5357 inclinante
886 5302 998 5366 iam
1041 5301 1124 5354 die
1152 5299 1173 5330 ⁸
1211 5297 1286 5370 [in
1315 5297 1506 5352 Graeco
1529 5295 1675 5349 enim
1733 5295 1922 5349 eadem
1965 5292 2206 5349 dictione
2241 5291 2315 5345 ibi
2345 5289 2683 5360 Propltetam
2714 5299 2876 5341 usum
2907 5275 3186 5348 videmus]

405 5402 518 5456 Kal
562 5399 900 5467 ἐταράχθην
929 5396 1048 5453 ἀπὸ
1092 5393 1302 5464 φωνῆς
1347 5390 1601 5462 ἐχθροῦ,
1657 5390 1755 5445 καί
1801 5390 1921 5444 ἀπὸ

335 5489 608 5556 θλίψεως
637 5485 1018 5556 ἀμαρτωλοῦ.
1070 5483 1178 5537 Τὸν
1209 5482 1387 5536 Σαοὺλ
1434 5481 1696 5552 ὀνομάζει
1725 5481 1923 5551 ἐχθρὸν

409 5669 430 5698 ⁷
471 5667 620 5722 Psal.
681 5680 866 5732 cxvut,
906 5665 994 5718 47.
1077 5667 1095 5692 ⁸
1132 5664 1268 5720 Gen.
1307 5681 1454 5734 xxiv,
1490 5670 1577 5726 65,

2113 5386 2180 5442 Et
2213 5386 2460 5440 turbatus
2496 5401 2613 5439 sum
2644 5401 2676 5438 a
2712 5397 2832 5438 uoce
2874 5373 3101 5436 inimici,
3134 5381 3182 5425 et
3211 5386 3242 5422 a
3269 5363 3614 5422 tribulatione

2035 5483 2350 5549 peccatoris.
2411 5478 2703 5534 Inimicum
2765 5471 2988 5528 Saulcm
3033 5464 3292 5536 appellat,
3345 5467 3610 5527 tanquam

1707 5758 1902 5819 Varia:
1948 5758 2273 5823 lectiones.

417 5864 528 5932 (39)
559 5861 644 5916 Al.
691 5861 964 5935 Ἀϐρααμ.
