4120 6458
486 411 597 477 5⁵15

1698 408 2082 470 EUTHYMII
2115 408 2444 469 ZlGABEN
2449 410 2475 468 Ι

3652 397 3757 464 576

486 523 868 583 insidiatorem
896 563 909 590 ,
954 524 1083 581 item
1145 532 1202 580 ct
1254 532 1643 595 peccator-em;
1691 540 1757 581 eo
1801 524 1951 594 quod
1981 524 2066 580 la:-

2188 525 2299 591 μὲν,
2334 526 2412 590 ὡς
2454 525 2772 581 ἐπίϐουλον⁸
2798 526 3126 598 ἁμαρτωλὸν
3155 527 3235 590 δὲ,
3259 525 3333 590 ὡς
3365 521 3754 596 ἁμαρτάνοντα

484 616 671 671 dendo
725 616 1075 671 innocentem
1113 616 1481 688 delinqueret.
1514 615 1692 671 Tanto
1726 623 1907 671 autem
1943 630 2069 686 gra-

491 709 613 764 vius
651 709 815 764 etiam
851 710 1136 780 peccabat,
1169 717 1377 780 quanto
1404 723 1511 763 nou
1546 717 1758 763 tantum
1800 707 2068 763 innocens

489 811 613 859 erat
640 804 837 860 beatus
863 805 1056 870 David,
1090 805 1185 861 sed
1223 805 1292 860 de
1333 804 1498 860 Saule
1537 804 1704 859 etiam
1729 802 1870 858 bene
1905 803 2071 857 meri-

2174 619 2254 680 εἰς
2285 618 2377 672 τὸν
2415 618 2527 691 (90)
2560 619 2792 674 δίκαιον.
2823 621 2926 673 Τὸν
2968 620 3078 692 γάρ
3111 619 3290 679 ἀθῶον
3316 616 3644 672 κατεδίωκε.
3665 614 3755 665 καὶ

2177 710 2387 764 ἀνελεῖν
2419 710 2605 783 ἐζήτει
2640 712 2731 766 τὸν
2757 713 3078 783 εὐεργέτην.
3115 713 3226 766 Καὶ
3250 709 3433 781 φωνὴν
3496 707 3592 779 μὲν
3610 706 3758 773 λέγει

2179 806 2276 869 τὰς
2309 806 2523 876 θλίψεις
2546 804 2712 860 αὑτοῦ⁹
2740 823 2753 838 ·
2785 804 2947 878 ὕϐριν
2977 806 3055 872 δὲ,
3078 806 3171 859 τὸν
3196 804 3461 875 διωγμόν.

489 905 600 952 tus.
623 897 1036 954 Benefaetorem
1053 899 1310 953 enimille
1341 912 1503 954 suum
1529 905 1693 967 atque
1717 897 2067 953 innocentem
2100 900 2382 970 quaerebat
2428 901 2749 957 interimere
2789 919 2802 955 :
2840 917 2972 972 per,
3004 915 3196 957 vocem
3264 900 3439 971 igitur
3538 891 3761 950 ininniri

495 987 680 1045 Saulis
713 990 1083 1046 contumelias
1116 988 1379 1060 intellige,
1406 996 1462 1045 et
1494 1004 1591 1060 per
1622 988 2060 1055 tribulationem,
2101 992 2545 1060 persecutionem
2583 992 2784 1063 ipsam.

568 1080 732 1138 Vens.
769 1082 824 1135 4.
866 1065 1136 1147 Quoniam
1177 1079 1577 1135 declinaverunt
1614 1081 1670 1134 in
1699 1095 1779 1133 me
1812 1079 2075 1146 iniquita-

497 1183 624 1230 tem.
657 1174 798 1241 Quia
843 1173 1027 1230 Saulis
1076 1173 1242 1228 amici
1292 1178 1585 1227 moverunt
1616 1170 1965 1241 iniquitatem
2018 1171 2072 1225 in

498 1267 749 1333 me,.boc
778 1275 884 1331 est,
934 1266 1197 1336 quoniam
1231 1264 1445 1321 crimen
1486 1262 1619 1317 mibi
1666 1263 2072 1335 imposuerunt,

497 1360 750 1414 dicentes
794 1373 883 1414 me
972 1357 1203 1413 insidias
1262 1356 1492 1412 tendere
1522 1355 1789 1410 adversus
1825 1352 2069 1410 Saulem.

502 1451 761 1516 Quaedam
802 1465 931 1506 vero
976 1448 1333 1518 exemplaria,
1382 1447 1715 1516 iniquitates,
1760 1446 1967 1503 habent
2019 1446 2074 1501 in

497 1547 651 1596 recto
681 1556 851 1607 casu;
888 1548 942 1595 et
973 1550 1106 1596 tunc
1138 1554 1374 1609 expone,
1409 1539 1556 1610 quod
1605 1540 1945 1611 iniquitates,
1973 1540 2077 1596 hoc

496 1642 604 1698 est,
638 1632 812 1702 iniqui
849 1632 1123 1697 homines,
1160 1631 1293 1685 moti
1327 1640 1460 1687 sunt
1507 1641 1702 1688 contra
1736 1646 1846 1686 me.
1889 1629 2071 1702 Saepe-

500 1739 736 1778 numero
769 1723 915 1778 enim
966 1722 1301 1789 iniustitiam
1338 1722 1583 1779 dicimus
1606 1738 1709 1794 pro
1732 1723 1944 1793 injuste
1976 1724 2075 1779 bo-

2252 1082 2384 1136 ’Ὅτι
2411 1082 2736 1148 ἐξέκλιναν
2758 1087 2851 1141 ἐπ’
2882 1088 2987 1159 ἐμὲ
3036 1088 3313 1158 ἀνομίαν.
3369 1085 3540 1148 Διότι,
3572 1087 3760 1154 φησὶνν

2178 1175 2226 1227 oi
2256 1175 2385 1245 περὶ
2409 1175 2500 1229 τδν
2530 1176 2706 1231 Σαοὺλ
2738 1178 3000 1251 ἐκίνησαν
3045 1181 3132 1233 ἐπ’
3168 1180 3270 1248 ἐμὲ
3316 1178 3569 1246 ἀνομίαν,
3603 1194 3763 1230 τουτ-

2176 1258 2353 1331 έστιν,
2381 1265 2663 1336 ἐπήγαγον
2714 1285 2806 1338 μοι
2835 1267 3088 1340 ἔγκλημα
3109 1308 3122 1332 ,
3174 1268 3589 1337 προσάπτοντες
3631 1264 3763 1335 ἐμοὶ

2180 1356 2384 1427 μᾶλλον
2414 1358 2711 1431 ἐπιϐουλὴν
2768 1348 2910 1415 κατᾶ
2967 1361 3061 1414 τοῦ
3092 1360 3309 1431 Σαούλ.
3342 1359 3479 1412 de;
3534 1359 3591 1412 δὲ
3651 1358 3763 1411 τῶν

2179 1446 2560 1517 ἀντιγράφων,
2632 1450 2875 1521 ἀνομίαι
2909 1452 3236 1522 γράφουσιν,
3268 1451 3357 1521 ἐφ’
3392 1443 3467 1504 ὧν
3504 1449 3758 1517 νοοῦμεν,

2182 1540 2263 1594 ὅτι
2293 1542 2632 1613 ἐκινήθησαν
2672 1543 2760 1598 ἐπ’
2789 1543 2891 1617 ἐμὲ
2918 1543 3111 1614 ἄνομοι
3128 1561 3148 1597 λ·
3195 1543 3340 1598 οὕτω
3387 1544 3497 1614 γάρ
3546 1544 3763 1597 ἀδικίαν

2184 1630 2449 1699 πολλάκις
2501 1635 2593 1690 τὸν
2643 1635 2830 1691 ἄδικον
2876 1637 3132 1708 λέγομεν,
3199 1635 3558 1707 σφοδρότερον
3595 1634 3761 1688 αύτοῦ

2184 1726 2613 1800 καθαπτόμενοι.

502 1816 671 1869 mine.
702 1813 839 1869 Nam
903 1829 1031 1871 cum
1084 1814 1326 1887 aliquem
1378 1815 1762 1873 vehementius
1818 1815 2076 1873 volumus
2115 1831 2367 1891 carpere,
2396 1835 2509 1877 non
2557 1820 2889 1879 sceleratum
2962 1836 3113 1884 eum,
3196 1819 3292 1876 sed
3346 1817 3533 1874 scelus
3581 1817 3761 1888 ipsum

498 1908 860 1977 appellamus.

572 2000 639 2054 Et
663 2004 719 2055 in
749 2001 835 2054 ira
879 2001 1101 2055 oderant
1129 2017 1232 2056 me.
1265 2001 1337 2056 Et
1364 2001 1494 2055 dum
1530 2002 1929 2067 irascerentur,
1962 2015 2074 2057 me-

2250 2003 2357 2057 Καὶ
2384 2003 2456 2057 ἐν
2480 2002 2631 2074 ὀργῆ
2661 2003 2993 2058 ἐνεκότουν
3026 2019 3148 2070 μοι.
3199 2001 3310 2053 Και
3350 2016 3410 2053 εν
3441 2017 3517 2069 τῳ
3541 1998 3762 2070 ὀργίζε-

504 2095 731 2149 muriam
762 2094 872 2150 odii
890 2094 1298 2149 conservabant
1330 2093 1500 2166 [quod
1526 2111 1591 2149 ex
1620 2094 1864 2150 dictione
1890 2095 2079 2151 Graeca

501 2186 785 2238 ἐνεκότουν
823 2183 1232 2254 signiﬁcantius
1275 2184 1601 2253 exprimitur
1629 2181 1675 2254 ],
1714 2198 1836 2253 quae
1886 2197 1949 2237 ex
1993 2181 2081 2237 sui

502 2276 836 2348 etymologia
882 2276 1314 2332 constantiorem
1349 2291 1413 2331 ac
1441 2256 1848 2331 diuturniorem
1880 2290 2079 2346 quam-

502 2370 631 2425 dam
660 2370 758 2424 ira:
786 2377 954 2442 atque
980 2368 1091 2425 odii
1122 2369 1308 2425 sedem
1351 2368 1619 2424 denotare
1646 2368 1883 2424 videtur.

572 2461 742 2516 Vens.
773 2461 828 2515 5.
864 2459 972 2516 Cor
1003 2476 1176 2514 meum
1200 2458 1475 2513 turbatum
1501 2469 1581 2513 est
1609 2460 1665 2512 iu
1693 2475 1797 2513 me.
1828 2458 1933 2513 Per
1985 2471 2082 2512 cor

503 2554 743 2607 animum
781 2553 1058 2623 intelligit,
1100 2567 1267 2622 quam
1302 2553 1580 2606 turbatam
1610 2567 1736 2607 esse
1772 2552 1929 2616 dicit,
1970 2552 2056 2605 vel

504 2643 586 2697 uti
617 2643 671 2696 in
703 2642 1053 2695 inimicorum
1083 2640 1306 2696 insidiis
1329 2641 1554 2696 assidue
1587 2650 1888 2697 versatam.

575 2733 645 2787 Et
676 2732 907 2802 formido
939 2735 1128 2786 mortis
1156 2732 1345 2786 cecidit
1379 2746 1539 2798 super
1565 2749 1665 2787 me.
1701 2731 1906 2787 Verum
1944 2746 2084 2803 quo-

504 2824 671 2878 modo
727 2824 855 2878 alibi
905 2822 1042 2878 dicit
1080 2840 1095 2877 :
1147 2820 1273 2876 Non
1318 2822 1511 2877 timebo
1552 2822 1727 2876 millia
1764 2824 2082 2892 populorum

505 2915 1030 2970 circumvallantium
1057 2931 1142 2968 me
1173 2914 1218 2981 ’,
1266 2921 1321 2969 et
1361 2914 1466 2968 alia
1504 2914 1824 2983 huiusmodi
1870 2915 2041 2969 multa
2067 2954 2082 2977 ,

505 3017 562 3064 et
594 3022 740 3062 nunc
770 3017 957 3076 aperte
981 3006 1235 3062 timorem
1262 3004 1468 3061 fatetur
1502 3007 1524 3060 τ
1553 3005 1690 3073 Quia
1719 3006 1923 3061 scilicet
1953 3007 2082 3062 dum

507 3100 735 3154 sentiret
758 3098 1005 3153 divinum
1033 3097 1318 3164 auxilium,
1341 3112 1555 3153 summa
1580 3107 1699 3153 erat
1727 3099 1920 3168 plenus
1948 3099 2089 3154 fidu-

506 3191 629 3255 cia;
678 3190 898 3260 quando
927 3198 1108 3245 autem
1156 3190 1339 3245 divina
1384 3190 1798 3260 dispensatione
1850 3191 2089 3246 derelin-

506 3283 795 3351 quebatur,
843 3292 901 3337 ut
947 3281 1095 3337 illius
1144 3282 1408 3353 patientia
1458 3293 1623 3351 atque
1669 3284 1975 3338 constantia
2031 3285 2084 3338 in

2188 2095 2314 2149 σθαι
2381 2095 2502 2149 κατ’
2562 2094 2724 2167 ἐμοῦ,
2780 2094 3191 2166 ἐμνησικάκουν
3251 2109 3384 2162 μοι’
3433 2092 3591 2157 κότος
3629 2091 3764 2162 γὰρ,

2187 2187 2337 2259 παρὰ
2364 2187 2425 2241 τὸ
2452 2187 2668 2241 κεῖσθαι
2700 2188 2794 2241 καὶ
2833 2186 3122 2258 βραδύνειν
3159 2184 3264 2257 τὴν
3285 2184 3481 2256 ὀργήν.

2268 2455 2343 2510 'I-I
2364 2455 2579 2523 καρδία
2612 2472 2730 2525 μου
2755 2453 3058 2524 ἐταράχθη
3106 2454 3176 2508 ἐν
3206 2454 3357 2523 ἐμοί.
3395 2454 3639 2524 Καρδίαν
3674 2453 3764 2505 λέ-

2184 2566 2275 2617 γει
2303 2549 2402 2619 τὴν
2427 2548 2606 2619 ψυχὴν
2628 2590 2643 2615 ,
2679 2549 2745 2618 ἢν
2774 2548 3108 2618 τεταράχθαι
3148 2548 3303 2617 φησὶ,
3346 2546 3757 2617 στροφουμένην

2188 2643 2246 2694 ἐν
2280 2643 2398 2705 ταῖς
2424 2640 2741 2703 ἐπιϐουλαῖς
2762 2639 2870 2693 τῶν
2904 2638 3137 2710 ἐχθρῶν.

2258 2734 2369 2788 Kal
2410 2734 2606 2787 δειλία
2639 2731 2900 2788 θανάτου
2948 2731 3251 2785 ἐπέπεσεν
3276 2729 3366 2783 ἐπ’
3391 2726 3512 2798 ἐμέ.
3548 2727 3670 2789 Πῶς
3702 2728 3760 2781 ἐν

2188 2825 2369 2891 ἄλλοις
2397 2825 2497 2896 μὲν
2519 2825 2669 2892 λέγει
2689 2840 2704 2855 ο
2746 2824 2829 2877 Οὐ
2866 2821 3286 2893 φοϐηθήσομαι
3320 2819 3437 2873 ἀπὸ
3458 2816 3766 2887 μυριάδων

2187 2918 2376 2982 λαῶν,
2393 2917 2513 2971 τῶν
2526 2917 2747 2984 κύκλῳ,
2767 2916 3311 2985 συνεπιτιθεμένων
3332 2930 3454 2982 μοι,
3480 2911 3573 2963 καὶ
3594 2909 3768 2963 πολλὰ

2188 3009 2449 3065 τοιαῦτα·
2480 3009 2575 3062 νῦν
2628 3008 2686 3062 δέ
2725 3007 3010 3078 προδήλως
3054 3006 3312 3077 ὁμολογεῖ
3350 3004 3589 3069 δειλίανς
3616 3005 3764 3065 Ὅτι,

2188 3105 2277 3157 ὅτε
2336 3103 2436 3171 μὲν
2486 3100 2755 3172 ᾐσθάνετο
2782 3100 2883 3170 τῆς
2919 3098 3073 3161 θείας
3114 3098 3456 3169 ἐπικουρίας,
3508 3098 3766 3168 ἐθάρρειο

2192 3197 2281 3265 ὅτε
2307 3195 2363 3248 δέ
2395 3196 2516 3249 κατ’
2552 3193 2874 3265 οἰκονομίαν
2923 3192 3455 3262 ἐγκατελιμπάνετο,
3512 3191 3651 3261 πρὸς
3708 3186 3770 3240 τὸ

2193 3261 2434 3355 φάνῆναι
2461 3284 2559 3355 τὴν
2587 3283 2870 3353 ὑπομονὴν
2898 3281 3088 3347 αὑτοῦ,
3124 3282 3220 3336 καὶ
3250 3282 3347 3351 τὴν
3369 3279 3639 3349 ἐπιμονὴν
3672 3278 3770 3345 τῆς

507 3375 913 3442 exspectatione
930 3373 1126 3428 divinae
1143 3374 1534 3429 consolationis
1555 3374 1757 3429 clarior
1779 3381 2081 3443 appareret,

2196 3380 2276 3437 εἰς
2300 3378 2432 3445 Θεὸν
2466 3377 2873 3449 παρακλήσεως
2902 3392 2919 3407 ο
2963 3374 3086 3428 τότε
3137 3374 3232 3429 καὶ
3263 3371 3497 3442 ἠγωνία,
3544 3371 3641 3423 καὶ
3677 3369 3770 3422 τὸν

506 3475 618 3518 tum
668 3464 1028 3519 aﬂlicmbatur
1071 3465 1375 3533 timoreque
1427 3465 1671 3519 interiori
1709 3465 2087 3533 torquebatur.

577 3556 739 3611 Vens.
777 3556 831 3610 6.
871 3556 1055 3609 Timor
1120 3564 1169 3609 et
1225 3564 1424 3609 tremor
1468 3564 1724 3609 venerunt
1768 3572 1927 3623 super
1984 3573 2086 3610 me.

523 3650 667 3705 idem
702 3664 899 3704 rursus
936 3648 1159 3716 repetit,
1207 3648 1567 3703 intensiorem
1612 3647 1868 3701 iudicans
1899 3647 2091 3701 formi-

510 3739 714 3792 dinem.
766 3737 1086 3792 Formidine
1151 3737 1355 3791 etenim
1414 3744 1573 3791 aucta
1628 3737 1794 3791 timor
1842 3738 2086 3804 obvenit,

509 3832 704 3885 timore
730 3845 859 3885 vero
887 3830 1121 3884 adaucto
1185 3835 1395 3882 tremor
1423 3828 1755 3899 insequitur.

580 3922 649 3976 Et
697 3929 1040 3976 contexerant
1080 3936 1160 3975 me
1200 3921 1447 3975 tenebrae.
1504 3919 1772 3976 Tenebrae
1828 3921 2087 3975 nimirum

512 4020 791 4075 iniustitia:
859 4032 922 4074 ac
969 4015 1199 4082 doloris,
1235 4031 1358 4084 quae
1401 4031 1508 4073 non
1571 4016 1926 4072 mediocriter
1988 4018 2091 4071 bu-

511 4125 705 4164 manos
732 4110 947 4165 animos
976 4110 1367 4176 obtenebraut,
1404 4119 1572 4178 atque
1604 4108 1979 4174 confundunt,

578 4203 745 4258 Vens.
780 4202 834 4257 8.
862 4200 932 4256 Et
951 4203 1064 4257 dixi
1086 4217 1105 4256 :
1134 4201 1269 4267 Quis
1300 4202 1449 4256 dabit
1474 4201 1604 4255 mihi
1639 4216 1858 4270 pennas,
1904 4209 1960 4253 ut
2002 4214 2090 4253 co-

510 4296 725 4362 lumbae,
779 4294 1057 4360 etvolabo,
1111 4303 1164 4349 et
1213 4295 1592 4365 requiescam?
1638 4292 1922 4349 Columbae
1980 4292 2087 4346 sibi

511 4406 722 4459 pennas
750 4407 856 4447 non
887 4398 1097 4447 temere
1128 4390 1285 4458 petiit
1308 4389 1505 4445 beatus
1549 4386 1740 4441 David.
1793 4384 2087 4441 Celerrimi

510 4481 656 4534 enim
685 4489 772 4535 est
817 4481 1038 4535 volatus
1091 4479 1366 4534 columba.
1426 4477 1773 4533 Mansuetum
1827 4484 2090 4545 praeterea

512 4577 596 4622 est
647 4570 1151 4639 domesticumque,
1204 4583 1270 4622 ac
1323 4568 1558 4637 simplex
1612 4566 1820 4620 animal
1856 4586 1871 4621 :
1902 4581 2092 4636 quein-

511 4661 801 4715 admodum
832 4671 886 4715 et
919 4661 1038 4730 ipse
1059 4668 1177 4716 erat
1208 4659 1401 4715 David.
1435 4657 1502 4713 Et
1536 4658 1757 4722 volabo,
1799 4658 2003 4728 inquit,
2032 4657 2085 4711 in

513 4753 630 4806 loca
663 4759 804 4817 tuta,
833 4761 889 4808 et
921 4755 1294 4822 requiescam,
1324 4752 1427 4807 hoc
1459 4759 1570 4813 est,
1605 4749 1979 4820 quiete-fruar
2014 4763 2085 4804 :a

511 4853 664 4897 lanio
704 4845 911 4899 scilicet
934 4845 1135 4900 timore
1198 4827 1261 4900 ac
1295 4846 1483 4900 labore
1518 4843 1808 4898 liberatus.

587 4931 748 4987 Vens.
775 4935 826 4988 7.
873 4933 1010 4988 Ecce
1060 4935 1297 5007 clongavi
1329 4936 1547 5006 fugane,
1577 4943 1626 4987 et
1664 4934 1844 4988 mansi
1876 4934 1929 4987 iu
1957 4932 2092 4986 soli-

512 5024 711 5081 tudine.
744 5024 967 5095 Fugans
992 5025 1129 5080 dixit
1167 5041 1267 5096 pro
1315 5025 1555 5096 fugiens,
1592 5039 1689 5080 seu
1736 5023 1918 5092 fugam
1951 5021 2089 5076 arri-

517 5119 695 5188 piens.

586 5210 745 5266 Vens.
774 5213 829 5269 9.
861 5212 1245 5282 Exspectabam
1276 5211 1463 5273 Deum,
1495 5213 1586 5281 qui
1612 5211 1820 5265 salvum
1858 5225 1939 5263 me
1967 5206 2092 5277 fecit

514 5320 545 5356 a
575 5304 1017 5370 pusillanimitate
1077 5314 1232 5375 atque
1263 5322 1294 5357 a
1337 5313 1663 5372 tempestate.
1729 5303 2092 5359 Commoraus

512 5409 613 5462 ego
656 5396 710 5449 in
750 5397 967 5449 deserto
1004 5396 1214 5450 nullum
1264 5395 1434 5449 alium
1467 5395 1734 5450 hactenus
1766 5393 1899 5447 mihi
1932 5391 2093 5461 adju-

516 5493 686 5542 t»:rem
715 5491 1056 5557 exspectavi,
1094 5504 1255 5559 quam
1295 5496 1346 5543 te
1378 5489 1553 5544 solmu
1593 5487 1781 5543 Deum.
1819 5485 1920 5541 Per
1956 5492 2099 5538 tem-

588 5673 606 5703 ¹
642 5671 787 5726 Psal.
850 5688 900 5731 γ.
936 5673 989 5728 7.

2114 4707 2167 4767 D

2194 3469 2359 3537 φόϐον
2394 3471 2656 3539 ἔκρυπτε.

2264 3562 2455 3625 Φόϐος
2485 3561 2582 3614 καὶ
2606 3560 2825 3630 τρόμος
2851 3558 2946 3614 ἐπ’
2979 3555 3085 3628 ἐμὲ
3108 3556 3377 3625 διῆλθεν.
3422 3556 3495 3608 Τὸ
3518 3552 3651 3624 sese
3673 3552 3773 3607 πά·

2192 3653 2275 3705 λιν
2329 3655 2516 3722 φησὶν,
2577 3653 2865 3722 ἐμφαίνων
2916 3650 3015 3719 τὴν
3066 3650 3321 3702 ἐπίτασιν
3379 3647 3477 3713 τῆς
3529 3643 3770 3706 δειλίας·

2192 3744 2363 3797 δειλία
2397 3746 2497 3813 μὲν
2526 3744 2636 3814 γὰρ
2682 3743 2982 3815 αὐξηθεῖσα
3050 3743 3264 3810 γίνεται
3300 3739 3463 3810 φόϐος
3484 3754 3499 3770 ο
3533 3731 3688 3799 οὗτος
3717 3734 3772 3788 δέ

2193 3837 2356 3891 πάλιν
2384 3835 2665 3900 ἐπιταθεὶς
2724 3837 2938 3904 γίνεται
2966 3834 3188 3904 τρόμος.

2262 3930 2370 3985 Καὶ
2390 3928 2660 3998 ἑκάλυψέ
2670 3946 2744 3999 με
2771 3931 3011 3994 σκότος.
3051 3928 3124 3982 Τὸ
3147 3927 3245 3996 τῆς
3289 3924 3525 3994 ἀθυμίας
3558 3921 3653 3975 καὶ
3680 3918 3776 3973 λύ-

2195 4040 2334 4091 πης’
2372 4019 2530 4077 αὗται
2588 4021 2699 4090 γὰρ
2746 4019 3116 4090 διαφερόντως
3171 4013 3604 4081 σκοτίζουσικαὶ
3634 4028 3774 4081 συγ-

2192 4119 2378 4188 χέουσι
2407 4117 2506 4187 τὴν
2533 4114 2733 4187 ψυχήν.

2266 4209 2373 4264 Καὶ
2400 4206 2571 4263 εἶπα*
2627 4209 2724 4272 Τίς
2761 4206 2937 4259 δώσει
2957 4221 3060 4275 μοι
3088 4201 3408 4272 πτέρυγας,
3444 4197 3585 4253 ὡσεί
3607 4211 3771 4263 περι·

2193 4301 2436 4372 στερᾶς,
2473 4301 2572 4355 καὶ
2607 4299 3092 4368 πετασθήσομαι,
3113 4294 3210 4349 καὶ
3231 4292 3637 4353 καταπίιύσω;
3672 4290 3777 4341 Πε-

2196 4396 2460 4467 ριστερᾶς
2493 4392 2728 4462 ἐζήτησε
2762 4392 3072 4461 πτέρυγας,
3108 4391 3190 4442 ὅτι
3213 4388 3378 4452 ὀξέως
3406 4386 3656 4447 πέταται,
3680 4382 3775 4436 καὶ

2192 4485 2274 4539 ὅτι
2322 4486 2532 4556 ἥμερον
2581 4483 2738 4536 τοῦτο
2771 4482 2831 4535 τὸ
2876 4482 3017 4546 ζῶον
3074 4482 3170 4533 καὶ
3233 4478 3530 4551 ἀπόνηρον,
3579 4474 3655 4537 ὡς
3684 4473 3773 4526 καὶ

2193 4577 2378 4640 αὐτός.
2408 4574 2517 4627 Καὶ
2557 4574 3000 4643 πετασθήσομαι,
3036 4571 3221 4643 φησὶν,
3252 4573 3333 4634 είς
3370 4570 3568 4630 τόπους
3601 4568 3777 4633 ἀσφα·

2191 4670 2325 4734 λεῖς,
2376 4669 2473 4723 καὶ
2530 4666 2873 4722 καταπαύσω
2900 4665 3009 4719 ἀπδ
3067 4665 3176 4718 τῶν
3205 4663 3445 4735 συνεχῶν
3476 4658 3659 4730 φόϐων
3682 4658 3779 4711 καὶ

2200 4759 2405 4813 πόνων.

2281 4937 2437 4994 Ἰδοὺ
2483 4935 2788 5007 ἐμάκρυνα
2832 4933 3209 5004 φυγαδεύων,
3239 4930 3338 4986 καὶ
3383 4926 3690 4997 ηὑλίσθην
3711 4923 3782 4977 ἐν

2198 5030 2272 5100 τῇ
2304 5029 2522 5100 ἐρήμῳ.
2554 5027 2899 5097 Φυγαδεύων,
2933 5028 3054 5082 ἀντὶ
3080 5025 3198 5092 τοῦ,
3218 5024 3458 5093 φεύγων.

2272 5206 2733 5278 Προσεδεχόμην
2788 5203 2895 5257 τὸν
2946 5201 3096 5257 Θεὸν
3146 5200 3252 5255 τόν
3285 5195 3551 5259 σώζοντά
3580 5211 3654 5264 με
3678 5190 3784 5247 ἀπ’

2195 5299 2595 5370 ὀλιγοψυχίας
2629 5298 2724 5350 καί
2750 5296 2870 5350 ἀπὸ
2914 5293 3285 5363 καταιγίδος.
3334 5290 3426 5343 Ἐν
3478 5291 3546 5358 τῇ
3584 5286 3783 5357 ἐρήμῳ

2198 5393 2574 5461 αὐλιζόμενος,
2597 5390 2794 5443 οὐδένα
2813 5389 3003 5458 ἕτερον
3047 5387 3177 5456 ἄχρι
3226 5383 3322 5438 καὶ
3384 5382 3484 5436 νῦν
3537 5375 3784 5447 ἐξεδεχό·

2202 5503 2312 5558 μην
2367 5484 2585 5555 βοηθὸν,
2629 5482 2663 5554 ἢ
2730 5482 2887 5554 μόνον
2918 5480 2975 5534 σέ
3006 5479 3101 5533 τὸν
3155 5477 3310 5533 Θεόν.
3366 5473 3675 5545 Καταιγίδα
3724 5469 3782 5523 δὲ

1879 5748 2081 5814 Variae
2114 5746 2447 5812 lectiones.

588 5860 699 5927 (90)
742 5860 824 5919 Al.
858 5859 939 5915 td.
