4120 6428
374 391 487 455 577

1549 393 1939 456 COMMENT.
1984 393 2064 453 IN
2103 394 2472 458 PSALMOS.
3548 407 3614 465 .57

375 511 535 573 λέγει
601 508 701 581 τὴν
769 507 1110 579 σφοδρότητα
1179 509 1273 562 καὶ
1345 508 1515 580 ζάλην
1582 510 1692 564 τῶν
1775 527 1971 580 πειρα-

2079 517 2349 577 pestatem
2375 523 2505 565 vero
2542 509 2919 569 vehementem
2961 516 3330 571 tentationum
3360 517 3655 585 procellam

377 618 570 673 σμων.

455 696 937 758 Καταπόντισον,
962 695 1160 764 Κύριε,
1184 697 1281 748 καὶ
1309 695 1626 751 καταδίελε
1652 694 1762 761 τὰς
1777 695 1973 766 γλώσ·

377 806 506 855 σας
535 789 759 843 αὐτῶν.
793 788 869 841 Τὸ
901 786 1027 857 ἑξῆς
1061 786 1204 840 κατά
1226 787 1335 840 τῶν
1375 786 1668 853 Ἰουδαίων,
1697 787 1794 841 καὶ
1847 787 1974 859 περὶ

379 880 652 952 Χριστοῦ.
678 879 1114 945 Καταπόντισον,
1144 880 1334 949 φησὶν,
1369 874 1414 932 ὦ
1440 879 1642 950 Κύριε,
1671 882 1771 944 τὰς
1798 879 1975 948 γλώσ-

381 991 490 1038 σας
518 972 702 1027 αὐτῶν
730 1013 749 1040 ,
781 972 882 1036 τὰς
914 971 1351 1041 βλασφημούσας
1385 972 1477 1026 τὸν
1515 972 1608 1026 σὺν
1635 973 1783 1039 Υίὸν,
1810 990 1971 1026 τουτο

379 1067 530 1130 ἐστι,
560 1064 804 1134 βύθισον,
839 1064 1205 1129 ὲναποπνίξας
1234 1063 1312 1134 τῷ
1343 1064 1496 1135 βάθει
1520 1065 1614 1118 τοῦ
1637 1066 1969 1135 πνεύματος·

379 1174 418 1209 κ
436 1159 484 1210 xl.
517 1155 803 1210 καταδιελε
826 1155 1018 1219 αὐτὰς,
1046 1156 1279 1227 ποιήσας
1296 1154 1662 1226 ἀσυμφώνους
1686 1155 1970 1227 ἀλλήλαις.

378 1249 461 1312 ὡς
498 1248 700 1318 μηκέτι
729 1246 990 1301 δύνασθαι
1018 1247 1424 1302 συσκέπτεσθαι
1471 1249 1613 1305 κατά
1651 1248 1746 1302 τοῦ
1783 1250 1972 1322 Σωτῆ-

384 1350 503 1411 ρος.
547 1343 611 1395 Ἀ
649 1339 715 1412 δὴ
766 1341 864 1396 καὶ¹
905 1341 1240 1397 πεπόνθασιν
1289 1340 1539 1414 ὕστερον,
1575 1343 1971 1417 διαφθαρέντες

379 1437 496 1493 ὑπό
537 1437 848 1510 Ῥωμαίων.

454 1618 588 1673 Ὅτι
613 1615 779 1675 εἶδον
816 1620 1075 1690 ἀνομίαν
1137 1622 1235 1677 καὶ
1287 1623 1639 1693 ἀντιλογίαν
1660 1626 1732 1679 ὲν
1754 1624 1830 1695 τῇ
1862 1628 1943 1679 πό
1955 1658 1972 1669 -

374 1715 499 1768 λει.
534 1711 702 1781 Διότι,
731 1713 920 1785 φησὶν,
956 1710 1098 1769 εἶδον
1127 1718 1242 1780 τοῖς
1268 1721 1635 1787 προφητικοῖς
1664 1719 1973 1790 ὀφθαλμοῖς

373 1806 441 1858 ἓν
463 1807 533 1875 τῇ
572 1804 730 1858 πόλει
771 1805 1152 1878 Ἰερουσαλὴμ,
1186 1809 1419 1880 ἀνομίαν
1444 1812 1568 1880 μὲν,
1598 1812 1683 1865 ὅτι
1729 1811 1970 1881 παρανόο

378 1914 504 1966 μως
570 1897 803 1968 ἐζήτουν
885 1898 1097 1952 ἀνελεῖν
1153 1900 1243 1955 τὸν
1306 1903 1551 1974 ἀρχηγὸν
1597 1906 1699 1974 τῆς
1757 1904 1905 1976 ζωῆς
1950 1922 1964 1936 ο

375 1990 744 2062 ἀντιλογίαν
799 1991 878 2057 δὲ,
912 1992 994 2046 ὅτι
1028 1992 1321 2065 ἀντέλεγον
1352 1995 1524 2068 αὐτῷ,
1564 1997 1873 2052 διδάσκοντι
1902 1998 1972 2052 τὰ

378 2083 655 2158 σωτήρια.

463 2174 722 2245 Ἡμέρας
774 2177 877 2231 καὶ
934 2178 1154 2246 νυκτὸς
1188 2180 1494 2235 κυκλώσει
1519 2183 1734 2247 αὐτὴν,
1770 2182 1870 2236 ἐπὶ
1898 2183 1974 2238 τὰ

380 2268 556 2338 τείχη
607 2268 822 2339 αὐτῆς.
858 2271 1106 2342 Ἡμέρας
1162 2273 1257 2326 καὶ
1310 2275 1505 2338 νυκτὸς
1537 2275 1970 2348 συνέξειαὺτὴν,

391 2362 519 2413 ἀντὶ
566 2361 679 2430 τοῦ,
729 2363 824 2416 ἐπὶ
873 2364 1032 2429 πολὺ,
1070 2366 1103 2436 ἡ
1151 2365 1373 2436 ἀνομία,
1425 2367 1592 2437 ἧτουν
1628 2371 1967 2440 παρανομία,

400 2452 565 2523 μέχρι
618 2455 706 2507 καὶ
753 2453 868 2510 τῶν
919 2457 1121 2527 τειχῶν
1155 2458 1350 2528 αὐτῆς,
1407 2462 1692 2515 τουτέστιν
1714 2463 1845 2533 ὃλην
1875 2463 1972 2535 τὴν

391 2545 569 2599 πόλιν.
600 2546 844 2601 Τοιοῦτοι
868 2548 979 2620 γὰρ
1007 2551 1054 2604 0!
1099 2551 1351 2605 Ἰουδαῖοι
1393 2555 1488 2608 καὶ
1513 2556 1657 2623 μετὰ
1683 2557 1782 2626 τὴν
1817 2558 1971 2610 ἀναί-

380 2656 544 2705 ρεσιν
570 2639 667 2694 τοῦ
691 2642 933 2711 Χριστοῦ
965 2644 1367 2715 μεμενήκασιν,
1419 2645 1581 2717 ἄχρις
1608 2646 1675 2701 ἂν
1705 2651 1972 2720 ἐπιστρα-

377 2731 699 2786 τευσάντων
751 2733 940 2799 αὐτοῖς
986 2735 1300 2806 δΡωμαίων
1349 2739 1704 2813 πανωλεθρίᾳ
1752 2742 1975 2814 διεφθά-

375 2839 584 2894 ρῃσαν.
1213 2822 1225 2834 ’

448 2915 563 2969 Kal
617 2916 840 2986 ἀνομία
900 2919 1000 2973 καὶ
1044 2921 1232 2987 πόνος
1285 2923 1356 2976 ἐν
1406 2924 1576 2993 μέσῳ
1620 2926 1834 2997 αὐτῆς,
1871 2946 1971 2984 και

374 3005 610 3060 ἀδικία.
668 3008 840 3063 Πάλιν
885 3011 1337 3082 ὲπαναλαμόἀνει
1384 3013 1483 3083 τὴν
1529 3017 1793 3087 ἀνομίαν,
1845 3020 1971 3071 ἐπι-

380 3095 697 3168 μονὼτερον
744 3100 1021 3172 διασύρων
1071 3104 1291 3168 αὐτοὺς,
1351 3106 1435 3160 ὅτι
1501 3109 1647 3162 κατά
1681 3110 1847 3180 νόμον
1870 3110 1972 3183 ζῇν

376 3187 704 3258 αὐχοῦντες,
729 3193 1087 3264 παρηνόμουν
1116 3197 1224 3252 ἀεί.
1250 3196 1436 3252 Εἰπὼν
1465 3199 1544 3267 δὲ,
1574 3203 1657 3256 ὅτι
1690 3202 1965 3258 κυκλώσει
1997 3209 2042 3267 C

376 3279 559 3352 αὐτὴν
591 3281 721 3352 ἄχρι
746 3283 856 3335 τῶν
908 3285 1105 3356 τειχῶν
1142 3288 1181 3356 ’δ’
1221 3292 1558 3360 παρανομία,
1611 3292 1855 3347 διδάσκει
1884 3296 1966 3350 ὅτι

375 3372 508 3426 οὐδὲ
537 3374 600 3427 τὸ
639 3376 806 3445 μέσον
831 3376 931 3445 τῆς
966 3377 1174 3442 πόλεως
1210 3380 1520 3448 ἀνθέξεται,
1552 3384 1668 3438 ἀλλ’
1729 3390 1788 3440 ἐν
1812 3388 1967 3457 μέσῳ

378 3466 578 3520 ἔσται’
606 3485 926 3539 παρανομια
988 3472 1109 3543 μὲν,
1147 3476 1206 3527 ὲν
1235 3477 1355 3538 ταῖς
1404 3477 1647 3545 κρίσεσι·
1686 3479 1856 3544 κόπος
1886 3482 1965 3551 δὲ,

379 3560 445 3612 ἐν
472 3561 595 3621 ταῖς
645 3560 793 3614 κατὰ
846 3561 957 3616 τῶν
979 3565 1238 3619 ἀναιτίων
1273 3571 1546 3639 μηχαναῖς
1577 3572 1673 3625 καὶ
1706 3576 1930 3639 σκευαῖς
1949 3591 1965 3607 ο

379 3651 573 3708 ἀδικία
593 3652 673 3719 δὲ,
704 3655 766 3708 ἐν
786 3657 908 3719 ταῖς
945 3656 1300 3723 πλεονεξίαις.

454 3916 568 3970 Kal
594 3917 706 3971 οὐκ
735 3917 1018 3983 ἐξέλιπεν
1045 3921 1115 3974 ἐκ
1148 3921 1268 3975 τῶν
1312 3924 1619 3979 πλατειῶν
1642 3927 1838 3996 αὐτῆς
1869 3931 1967 3984 τό·-

376 4024 492 4073 κος
512 4008 612 4062 καὶ
643 4008 846 4075 δόλος.
895 4010 984 4063 Ἐν
1007 4012 1156 4083 πάσῃ
1191 4014 1342 4068 πόλει
1382 4017 1477 4075 καὶ
1527 4017 1781 4072 πλατεῖαι
1832 4022 1970 4075 εἰσιν

374 4100 516 4166 ὁδοὶ,
568 4102 664 4154 καὶ
711 4104 1020 4156 στενωποί·
1094 4107 1191 4159 καὶ
1251 4106 1510 4162 πλατεῖαι
1568 4109 1688 4178 μὲν,
1729 4111 1788 4163 αἱ
1830 4112 1970 4183 πρὸς

378 4190 625 4259 ἄμαξαν,
653 4190 720 4255 ἃς
744 4191 978 4263 λέγομεν
1036 4194 1296 4266 ὲξαέρους
1327 4213 1341 4227 ·
1371 4199 1636 4252 στενωποὶ
1660 4200 1741 4265 δὲ,
1772 4204 1828 4256 αἱ
1860 4204 1969 4257 τῶν

377 4282 654 4352 ἐμϐόλων.
690 4284 803 4347 Τὰς
835 4286 1097 4352 πλατείας
1128 4288 1221 4343 οὖν
1250 4290 1443 4345 ἐλαϐεν
1465 4292 1720 4360 ἐνταῦθα,
1744 4295 1880 4349 διότι
1910 4300 1969 4349 ὲν

374 4375 504 4435 ταῖς
540 4374 828 4438 πλατείαις
882 4371 1022 4446 ἦσαν
1062 4379 1119 4431 al
1154 4381 1356 4451 ἀγοραὶ
1436 4385 1532 4436 καὶ
1592 4385 1703 4454 (9i)
1736 4388 1805 4440 τὰ
1825 4386 1967 4458 σύμ-

374 4462 553 4515 ϐολα*
615 4465 777 4519 τόκον
818 4468 918 4536 μὲν
960 4463 1137 4534 εἶπεν,
1180 4470 1264 4524 ὅτι
1296 4472 1546 4538 ὲτόκιζον
1584 4475 1966 4544 λανθάνοντες,

2080 600 2358 670 intelligit.

2157 691 2320 745 Vens.
2354 691 2442 748 10.
2472 691 2748 763 Demerge,
2774 693 3013 763 Domine,
3043 706 3091 775 et
3119 699 3292 753 divide
3322 700 3533 771 linguas
3563 720 3655 759 eo-

2078 796 2218 834 rum.
2245 780 2377 846 Quae
2405 792 2719 853 sequuntur
2758 783 3027 841 adversus
3068 788 3295 845 .lndazos
3323 791 3471 846 dicta
3503 806 3655 860 sunt,

2076 879 2132 925 et
2154 871 2222 927 de
2255 870 2496 928 Christo.
2532 873 2820 945 Demerge,
2849 876 3053 946 inquit,
3080 894 3112 932 0
3141 880 3397 949 Domine,
3433 883 3653 953 linguas

2077 979 2293 1031 eorum,
2342 965 2438 1037 qui
2474 966 2675 1022 Filium
2732 978 2882 1022 tuum
2940 969 3348 1040 blaspltemaut.
3390 974 3657 1046 Demerge

2076 1072 2257 1117 autem
2294 1080 2389 1121 eas
2420 1065 2659 1137 linguas,
2689 1066 2794 1121 hoc
2828 1078 2935 1133 est,
2993 1070 3151 1124 mitte
3202 1071 3258 1125 in
3290 1072 3655 1142 profundum.

2077 1155 2161 1210 fac
2188 1157 2310 1212 illas
2340 1159 2393 1213 in
2430 1159 2707 1231 profundo
2733 1162 2942 1231 proprii
2991 1163 3236 1232 gutturis
3267 1164 3527 1221 suffocari
3554 1184 3568 1233 ;
3600 1176 3655 1222 et

2076 1248 2259 1307 divide
2287 1268 2402 1318 eas,
2424 1253 2722 1311 faciensue
2749 1255 3121 1327 unalamplius
3146 1258 3200 1312 in
3243 1260 3494 1314 eamdem
3526 1275 3657 1314 sen-

2076 1343 2299 1397 tentiam
2337 1346 2697 1413 conveniant,
2736 1347 2874 1403 adeo
2916 1357 2980 1403 ut
3020 1349 3290 1407 adversus
3318 1351 3653 1407 Salvatorem

2075 1432 2142 1486 de
2192 1442 2392 1488 (τειρτο
2422 1436 2744 1506 conspirare
2772 1453 2881 1492 non
2936 1438 3175 1495 valeant.
3211 1441 3365 1506 Quod
3396 1456 3532 1498 sane
3575 1443 3657 1498 eis

2076 1527 2300 1593 accidit,
2335 1536 2629 1598 postquam
2669 1544 2698 1584 a
2724 1528 2993 1589 Romanis
3029 1533 3191 1590 deleti
3217 1546 3368 1590 sunt.

2146 1612 2413 1678 Quoniam
2444 1617 2553 1670 vidi
2597 1619 2934 1690 iniquitatem
3005 1632 3057 1676 et
3096 1626 3570 1681 contradictionem
3599 1627 3656 1682 in

2077 1709 2303 1765 civitate.
2332 1708 2603 1776 Quoniam
2659 1715 3018 1784 propheticis.
3082 1718 3281 1788 inquit,
3340 1735 3443 1791 ego
3474 1721 3652 1778 oculis

2078 1798 2188 1853 vidi
2222 1794 2276 1853 iu
2326 1800 2552 1857 civitate
2606 1800 2910 1861 Jerusalem
2945 1825 2963 1864 :
2998 1809 3345 1879 iniquitatem
3405 1812 3652 1882 quidem,

2073 1888 2202 1943 dum
2229 1888 2413 1959 inique
2435 1906 2519 1945 me
2545 1892 2670 1946 vitae
2691 1903 2971 1951 auctorem
2999 1899 3285 1955 studerent
3313 1900 3652 1968 interimere,

2074 1982 2564 2038 Contradictioncm
2602 1987 2895 2051 vero,dum
2927 1989 3291 2047 saluberrima
3318 1993 3535 2050 docenti
3561 1994 3656 2050 ad-

2074 2086 2449 2133 versarentur.

2144 2168 2309 2223 Vens.
2326 2166 2411 2222 11.
2431 2168 2526 2224 Die
2548 2187 2614 2225 ac
2643 2183 2792 2228 nocte
2804 2174 3157 2230 circumdabit
3176 2194 3295 2232 eam
3309 2196 3467 2250 super
3478 2197 3656 2235 muros

2075 2260 2206 2331 ejus.
2239 2260 2338 2318 Die
2362 2272 2619 2331 aenocte,
2659 2267 2857 2337 inquit,
2887 2268 3175 2338 iniquitas,
3206 2287 3370 2342 quam
3392 2273 3656 2337 diximus,

2074 2368 2192 2406 eam
2217 2355 2495 2410 civitatem
2533 2372 2711 2427 usque
2747 2358 2815 2412 ad
2848 2376 3036 2417 muros
3058 2364 3384 2419 continebit.
3417 2366 3657 2436 Iniquis-

2075 2444 2196 2498 simi
2223 2445 2408 2516 itaque
2450 2446 2677 2503 fuerunt
2707 2449 2880 2506 Judaei
2912 2454 3078 2508 etiam
3105 2464 3230 2524 post
3260 2456 3468 2513 Christi
3504 2473 3656 2512 mor-

2076 2542 2209 2603 tem,
2242 2536 2419 2592 donec
2449 2537 2707 2610 Romani,
2747 2542 2916 2599 misso
2962 2546 3211 2601 exercitu
3274 2562 3374 2604 eos
3425 2563 3658 2618 prorsus

2075 2626 2437 2700 dissiparant.
3331 2685 3359 2731 ‘

2153 2895 2216 2950 Et
2242 2898 2517 2969 iniquitas,
2552 2912 2599 2954 et
2626 2899 2778 2956 labor
2811 2903 2867 2957 in
2894 2902 3064 2959 medio
3100 2904 3240 2974 ejus,
3285 2914 3335 2961 et
3366 2908 3656 2977 injustitia.

2073 2985 2289 3044 Rursus
2325 2991 2667 3059 iniquitatem
2688 3009 2879 3071 eorum
2916 2999 3127 3067 cxprob
3143 3008 3247 3063 rat,
3289 3000 3414 3058 illos
3441 3019 3507 3059 eo
3535 3021 3655 3060 ma-

2075 3080 2159 3150 gis
2205 3080 2570 3149 redarguens,
2624 3101 2755 3154 quo,
2797 3101 2922 3142 cum
2977 3091 3160 3147 vivere
3189 3108 3248 3147 se
3288 3094 3659 3164 gloriarentur

2075 3172 2374 3227 secundum
2402 3174 2597 3245 legem,
2645 3175 2837 3248 iniqua
2866 3195 3082 3252 semper
3108 3184 3281 3256 magis
3308 3189 3571 3258 agebant;
3603 3200 3659 3247 et

2076 3278 2204 3317 cum
2232 3263 2453 3331 dixerit,
2497 3268 2643 3335 quod
2689 3269 2955 3341 iniquitas
2999 3288 3119 3328 eam
3162 3277 3529 3335 circumdabit
3564 3297 3658 3337 us-

2076 3372 2184 3426 que
2215 3357 2282 3413 ad
2311 3374 2524 3423 muros,
2556 3361 2719 3417 docet
2752 3367 3031 3427 quomodo
3051 3368 3147 3436 illa
3178 3370 3370 3426 cadent
3401 3388 3512 3427 non
3541 3372 3657 3430 dis-

2076 3450 2235 3506 cedet
2259 3464 2289 3503 a
2328 3451 2510 3506 medio
2535 3453 2793 3521 civitatis,
2815 3458 2948 3527 quin
2976 3461 3087 3515 imo
3118 3461 3229 3518 illic
3252 3454 3505 3519 similiter
3535 3481 3659 3535 per-

2077 3546 2323 3601 manebit
2366 3546 2676 3616 :iniquitas
2729 3550 2944 3620 quidem
2993 3562 3249 3609 versatur
3302 3561 3358 3610 in
3409 3557 3657 3627 iudiciis,

2079 3637 2235 3693 labor
2262 3646 2450 3693 autem
2489 3639 2543 3694 in
2573 3640 2793 3698 insidiis
2852 3653 2907 3698 et
2957 3646 3488 3716 machinationibus,
3521 3666 3659 3722 quas

2078 3729 2343 3786 adversus
2376 3731 2701 3788 innocentes
2735 3735 3044 3791 moliuntur
3077 3757 3092 3793 :
3135 3740 3412 3809 iniustitia
3436 3758 3569 3799 vero
3603 3745 3660 3800 in

2077 3822 2306 3876 avaritia
2367 3831 2534 3894 atque
2566 3841 2756 3882 amore
2787 3828 2914 3897 plus
2941 3831 3279 3899 possidendi.

2151 3910 2320 3968 Vens.
2361 3914 2446 3968 12.
2483 3914 2555 3969 Et
2587 3932 2690 3970 non
2720 3917 2912 3985 defecit
2936 3920 3001 3974 de
3025 3923 3220 3990 plateis
3251 3925 3370 3994 ejus
3394 3941 3561 3980 usura
3611 3937 3663 3981 et

2077 4004 2256 4059 dolus.
2292 4005 2349 4059 ln
2387 4007 2537 4061 omni
2602 4008 2825 4066 civitate
2874 4011 3006 4067 lata:
3058 4016 3311 4082 quaedam
3367 4018 3470 4072 viae
3509 4029 3661 4086 sunt,

2077 4111 2201 4166 quze
2233 4094 2427 4164 plateae
2455 4097 2751 4159 dicuntur:
2792 4110 2925 4156 sunt
2955 4112 3010 4157 et
3038 4104 3161 4159 aliae
3191 4110 3564 4177 angustiores.
3596 4112 3660 4166 Et

2077 4200 2175 4255 per
2194 4185 2403 4256 plateas
2424 4186 2645 4257 quidem
2673 4205 2873 4247 currus
2907 4201 3227 4261 transeunt,
3263 4210 3359 4253 eas
3384 4215 3482 4253 nos
3508 4199 3666 4266 ἐξαξ-

2080 4295 2208 4349 ρους
2236 4278 2581 4349 appellamus
2621 4298 2636 4335 :
2668 4297 2765 4352 per
2787 4285 3136 4353 angustiores
3174 4303 3304 4343 vero
3326 4291 3658 4350 incedimus.

2083 4372 2304 4428 Plateas
2353 4382 2539 4429 autem
2568 4373 2676 4429 hoc
2703 4374 2759 4430 in
2796 4374 2918 4430 loco
2946 4379 3206 4447 appellat,
3238 4381 3364 4449 quia
3389 4383 3505 4436 l'ura
3548 4383 3663 4440 illic

2077 4470 2240 4518 erant
2292 4464 2512 4518 venalia
2568 4471 2626 4521 et
2683 4466 3039 4520 commercia.
3092 4466 3327 4523 Usuram
3361 4469 3525 4525 etiam
3557 4470 3667 4526 illis

373 4554 541 4609 τοῦτο
573 4554 667 4610 τοῦ
700 4556 870 4624 νόμου
922 4558 1259 4626 κωλύοντος·
1325 4563 1479 4619 δόλον
1511 4566 1588 4632 δὲ,
1652 4567 1743 4621 διά
1790 4571 1887 4634 τὰς
1909 4573 1970 4624 ὲν

2080 4555 2326 4609 exerceri
2390 4555 2545 4621 dicit,
2599 4556 2726 4626 quia
2778 4557 2884 4612 sub
2935 4558 3109 4613 mutui
3147 4569 3409 4628 praetextu
3463 4577 3664 4619 usuras

373 4649 496 4707 τοῖς
531 4650 949 4718 συναλάγμασιν
1010 4651 1317 4724 ἀπάτας,ἢ
1374 4655 1590 4720 καὶτὰς
1621 4657 1790 4724 ἄλλας
1845 4662 1971 4714 ἑπι-

378 4737 607 4802 6ουλάς.
654 4740 812 4795 Οὓτω
858 4743 1044 4796 πᾶσαν
1096 4744 1285 4807 αὐτοῖς
1334 4747 1540 4802 κακίαν
1576 4752 1971 4823 προσεμαρτύ-

378 4848 574 4901 ρησεν.

458 5101 586 5155 Ὀτι
611 5104 665 5156 ει
695 5105 727 5156 ό
764 5102 984 5172 ἐχθρὸς
1025 5102 1302 5159 ὠνείδισέ
1342 5123 1443 5177 με,
1493 5107 1807 5179 ἐπήνεγκα
1868 5109 1968 5176 ἂν,

375 5198 476 5251 καὶ
506 5198 559 5250 εί
597 5198 631 5250 ὁ
682 5196 885 5265 μισῶν
907 5214 986 5265 με
1034 5199 1128 5251 ἐπ’
1163 5200 1271 5268 ἐμὲ
1293 5201 1964 5273 ἐμεγαλορῤημόνησεν,

372 5291 643 5358 ἐκρύϐην
669 5288 748 5343 ἂν
783 5291 885 5345 ἀπ’
916 5292 1126 5347 αὐτοῦ.
1153 5292 1235 5345 Τὰ
1265 5293 1514 5347 ἐντεῦθεν
1567 5296 1845 5369 προσώπῳ
1872 5299 1968 5352 τοῦ

370 5383 622 5452 Χριστοῦ
695 5382 950 5450 λέγονται
1008 5383 1152 5437 κατά
1208 5383 1305 5437 τοῦ
1382 5384 1573 5439 Ἰούδα.
1603 5386 1676 5439 Τὸ
1717 5387 1816 5456 μὲν
1849 5387 1968 5455 οὖν,

372 5475 720 5540 ὠνείδισεν,
805 5475 929 5528 ἀντὶ
988 5477 1110 5539 τοῦ,
1166 5475 1551 5543 ὲξουδένωσεν,
1600 5477 1697 5531 καὶ
1721 5479 1967 5533 διέϐαλεν

375 5567 601 5640 εἴρηται
626 5582 641 5597 °
697 5568 761 5620 τὸ
807 5566 886 5634 δὲ,
920 5568 1588 5639 ἐμεγαλορῤημόγησεν,
1649 5571 1774 5626 ἀντὶ
1843 5571 1969 5638 τοῦ,

2081 4648 2223 4701 clam
2252 4648 2580 4718 exigebant;
2612 4648 2760 4718 quod
2790 4649 2843 4702 in
2878 4649 2996 4720 lege
3027 4651 3257 4705 vetitum
3282 4661 3424 4709 erat.
3463 4652 3659 4709 Dolum

2079 4741 2241 4794 etiam
2282 4740 2354 4795 ibi
2384 4740 2633 4796 adfuisse
2658 4740 2872 4806 asserit,
2904 4741 2979 4797 ob
3008 4740 3258 4799 fallacias
3297 4760 3437 4815 quas
3464 4746 3517 4801 in
3540 4762 3666 4801 ntu-

2082 4830 2192 4886 tuis
2220 4835 2575 4889 commerciis
2588 4834 2912 4897 struebant,
2939 4834 3044 4899 vel,
3088 4835 3161 4891 ob
3193 4851 3363 4892 omne
3393 4839 3543 4894 aliud
3573 4840 3665 4895 in-

2082 4926 2354 4983 sidiarum
2387 4940 2564 4995 genus
2606 4943 2622 4981 :
2653 4936 2707 4982 et
2741 4927 2850 4982 hoc
2877 4934 3041 4996 pacto
3070 4928 3327 4985 universa
3364 4931 3481 4987 illic
3531 4932 3667 4987 vitia

2079 5018 2276 5072 adesse
2306 5025 2561 5072 testatur.

2150 5107 2321 5162 Vens.
2360 5109 2446 5162 t5.
2480 5107 2742 5173 Quoniam
2776 5108 2825 5162 si
2851 5108 3098 5164 inimicus
3131 5126 3277 5165 meus
3307 5108 3665 5164 maledixisset

2080 5203 2234 5267 mihi,
2276 5183 2644 5255 sustinuissent
2670 5202 2873 5271 utique,
2929 5215 2979 5256 et
3017 5203 3065 5255 si
3110 5202 3180 5267 is,
3209 5202 3301 5270 qui
3337 5202 3522 5253 oderat
3556 5215 3662 5264 me,

2080 5313 2239 5367 super
2274 5312 2355 5350 me
2386 5312 2579 5365 magna
2633 5294 2842 5349 locutus
2896 5295 3108 5363 fuisset,
3146 5293 3538 5346 abseondissem
3576 5306 3660 5343 me

2072 5391 2306 5460 forsitan
2336 5389 2401 5442 ab
2435 5404 2517 5442 eo.
2553 5387 2684 5453 Qum
2711 5396 3021 5456 sequuntur
3063 5399 3131 5437 ex
3159 5383 3365 5437 Christi
3422 5394 3661 5448 persona

2082 5482 2416 5553 proferenda
2468 5490 2600 5535 sunt
2657 5481 2927 5534 adversus
2976 5474 3196 5530 ludam.
3246 5472 3313 5525 Et
3364 5470 3510 5542 quod
3559 5471 3659 5535 ait,

2082 5575 2448 5631 maledixisset
2471 5572 2590 5648 [seu
2639 5572 2798 5642 juxta
2838 5570 2999 5624 aliam
3041 5567 3246 5623 Graeca:
3291 5561 3551 5621 dictionis
3577 5564 3660 5620 sio

1765 5749 1963 5812 Variae
1998 5748 2329 5816 lectiones.

450 5848 566 5920 (οι)
596 5847 684 5903 Al.
716 5846 1038 5917 συμϐόλαια.
