4120 6418
528 394 635 461 5Ἷ9

1776 389 2164 451 EUTHYMII
2204 387 2570 451 ZIGABEN‘

3690 388 3804 454 580

527 510 964 583 gnificationem,
990 505 1402 581 exprobrasset]
1430 506 1617 578 posuit
1647 520 1770 577 pro,
1801 506 2100 576 sprevissct

2230 506 2631 577 ὴναισχύντησε
2692 505 2788 560 καὶ
2824 505 3114 579 ἠπείλησε.
3144 506 3253 560 Καὶ
3281 505 3573 579 άμφω’γὰρ
3591 507 3802 576 ἐκείνος

536 614 616 669 et,
650 603 1023 657 calumniatus
1060 610 1246 668 esset;
1277 601 1420 671 quod
1444 615 1573 655 vero
1597 600 1710 653 ait:
1748 615 1944 668 magna
1972 598 2102 652 locu-

2225 597 2494 662 πεποίηκε
2526 612 2541 628 ’
2590 596 2977 670 διεκωμῴδησε
3019 598 3131 668 γὰρ
3163 598 3329 653 αὐτὸν
3350 600 3465 661 τοῖς
3497 600 3802 666 Ἰουδαίοις,

529 710 613 752 tus
647 696 859 766 fuisset,
909 710 1152 765 expone,
1199 709 1301 765 pro
1336 693 1690 763 impudenter
1723 701 1778 747 et
1825 692 2102 748 minacitet

2223 688 2318 742 atat
2348 688 2646 759 ἠπείλησεν
2675 690 3015 762 παραδοῦναι
3045 693 3125 754 είς
3147 689 3398 747 θάνάτον.
3435 692 3509 745 Τὸ
3544 693 3623 761 δὲ,
3680 693 3799 758 ὅτι,

526 787 748 844 locutus
777 793 948 843 esset.
991 785 1299 855 Utrumque
1342 785 1486 840 enim
1527 784 1619 840 ille
1649 785 1833 841 scelus
1871 784 2107 839 commi-

525 878 622 932 sit.
645 877 777 932 Nam
808 888 861 933 et
892 879 1034 948 apud
1070 877 1288 933 Iudaeos
1323 876 1592 945 probrosa
1634 875 1826 931 retulit
1853 876 1922 930 de
1947 873 2107 931 Chri-

530 978 641 1033 sto,
678 975 733 1023 et
761 970 1130 1025 comminatus
1155 978 1241 1025 est
1286 984 1346 1025 se
1374 984 1498 1024 eum
1527 968 1637 1023 illis
1670 967 1740 1023 ad
1771 981 1959 1023 necem
2024 966 2282 1020 daturum
2340 982 2355 1020 :

2220 779 2701 851 προκαταρκτικδς
2732 780 2799 836 ἂν
2852 781 2939 853 εἴη
2999 781 3320 854 σύνδεσμος,
3351 782 3410 837 δν
3434 781 3653 853 λέγουσι
3701 785 3804 840 καὶ

2217 870 2643 942 διηγηματικόν.

2412 963 2503 1018 illa
2570 965 2735 1020 etiam
2788 965 2982 1033 dictio,
3050 967 3332 1037 quoniam,
3396 968 3500 1024 hoc
3556 969 3610 1024 in
3673 969 3801 1025 loco

526 1056 820 1112 narrativae
870 1058 1278 1128 coniunctionis
1332 1058 1441 1113 vim
1490 1058 1679 1121 habet,
1729 1065 1790 1111 ut
1835 1056 1963 1111 alibi
2012 1057 2222 1111 dictum
2254 1062 2361 1111 est.

602 1175 770 1232 Vna.
806 1174 893 1229 l4.
929 1173 1004 1228 Tu
1034 1191 1176 1240 vero,
1204 1174 1357 1229 homo
1392 1176 1680 1241 unanimis,
1714 1176 1824 1229 dua:
1853 1190 2020 1236 meus,
2052 1181 2102 1228 et

531 1275 685 1321 notus
722 1282 890 1319 meus.
930 1266 972 1320 Α
1003 1266 1283 1319 communi
1306 1280 1472 1320 sensu
1503 1266 1828 1321 sumendum
1864 1276 1951 1321 est
1980 1280 2100 1319 ver-

531 1358 665 1413 bum
722 1355 1113 1412 maledixisset.
1173 1355 1500 1412 Unanimem
1557 1364 1738 1413 autem
1784 1357 1942 1422 dixit,
2007 1372 2107 1428 pro

531 1450 731 1502 amico.
768 1446 972 1502 Ducem
1012 1462 1146 1502 vero
1190 1463 1351 1501 suum
1399 1445 1595 1502 Iudam
1660 1448 1916 1518 appellat,
1977 1448 2107 1519 quia

535 1539 693 1594 illum
744 1538 906 1593 simul
942 1555 1066 1594 cum
1105 1538 1232 1594 aliis
1279 1540 1545 1610 apostolis
1596 1539 1789 1594 ducem
1852 1538 2105 1597 ﬁdelibus

527 1630 917 1686 constituerat.
972 1629 1273 1685 Constitues
1301 1631 1444 1686 enim
1475 1648 1584 1697 eos,
1614 1630 1817 1701 inquit,
1843 1632 2103 1701 principes

527 1738 687 1791 super
705 1739 909 1777 omnem
933 1732 1131 1776 terram
1165 1723 1234 1779 ¹⁶.
1260 1721 1440 1779 Notus
1459 1724 1624 1779 etiam
1651 1739 1829 1792 meus,
1864 1724 1968 1779 hoc
1996 1732 2102 1792 est,

526 1811 658 1867 mihi
690 1814 941 1883 cognitus
972 1826 1037 1865 ac
1060 1810 1368 1868 familiaris.

2272 1174 2359 1228 Σὺ
2413 1173 2502 1242 δὲ,
2553 1173 2827 1243 ἄνθρωπε
2879 1176 3142 1246 ίσόψυχε
3163 1218 3179 1244 ,
3226 1177 3463 1249 ἡγεμών
3505 1198 3643 1249 μου,
3693 1183 3798 1237 καὶ

2199 1264 2434 1335 γνωστέ
2454 1283 2597 1335 μου.
2663 1266 2797 1321 Ἀπὸ
2844 1268 3026 1323 κοινοῦ
3072 1269 3313 1338 ληπτέον
3359 1274 3420 1324 τὸ
3463 1271 3786 1349 ὠνείδισςο

2203 1360 2385 1413 κεῖται
2440 1359 2499 1412 δὲ
2552 1361 2678 1414 ἀντὶ
2700 1359 2820 1425 τοῦ,
2871 1360 3023 1431 φίλε,
3092 1361 3153 1416 τὸ
3184 1362 3469 1434 tacita-v7.8.
3515 1364 3796 1435 Ἦγεμόνα

2204 1452 2262 1507 δὲ
2294 1451 2457 1508 αὐτοῦ
2505 1454 2657 1522 λέγει
2711 1454 2896 1520 αὐτὸν,
2957 1454 3095 1509 διότι
3145 1455 3239 1510 καὶ
3297 1456 3462 1521 αὐτὸς
3518 1461 3658 1527 μετὰ
3684 1459 3797 1514 τῶν

2208 1544 2385 1599 ἄλλων
2460 1544 2723 1615 μαθητῶν
2771 1546 3159 1604 πιστευόντων.
3214 1548 3633 1617 Καταστήσας
3660 1550 3790 1621 γάρ,

2212 1637 2398 1708 φησὶν,
2424 1638 2648 1705 αὐτοὺς
2667 1636 2966 1708 ἄρχοντας
2988 1638 3088 1692 ἐπὶ
3110 1637 3317 1694 πᾶσαν
3330 1639 3443 1710 τὴν
3458 1639 3597 1710 γῆν.
3632 1645 3799 1698 Γνω-

2211 1731 2322 1785 στέ
2383 1749 2504 1801 μου
2563 1731 2643 1797 δέ,
2728 1732 2854 1786 ἀντὶ
2912 1730 3034 1797 τοῦ,
3066 1731 3403 1802 ἐγνωσμένε,
3453 1733 3796 1805 γνησιώτατέ

2215 1838 2340 1890 μου.

603 1900 767 1956 Vnus.
799 1903 882 1957 15.
910 1901 1011 1967 Qui
1042 1903 1206 1957 simul
1231 1919 1435 1956 mecum
1460 1902 1782 1959 dulcorabas
1807 1906 1969 1959 cibos.
1997 1904 2102 1971 Qui

2279 1915 2387 1968 Kal
2414 1913 2734 1969 ἐπιτοαυτὸ
2780 1913 3124 1984 ἐγλύκανάς
3139 1915 3596 1987 μοιὲδέσματα.
3633 1919 3793 1972 Ἐπι-

527 2011 653 2050 cuzn
703 2010 811 2049 una
841 2010 1057 2049 mecum
1090 2009 1263 2059 esses,
1293 1995 1645 2063 dulcorabas,
1684 1998 1786 2053 hoc
1820 2005 1927 2060 est,
1960 2012 2104 2065 prte-

527 2087 765 2157 parabas
794 2087 972 2142 cibos.
1006 2086 1142 2141 Nam
1171 2087 1319 2156 quod
1348 2096 1714 2157 praeparatur,
1750 2089 1963 2144 dulcius
1984 2104 2109 2144 sen-

541 2175 699 2232 titur.
753 2176 859 2232 Per
917 2177 1071 2233 cibos
1132 2186 1313 2233 autem
1372 2179 1745 2248 evangelicum
1794 2179 2105 2235 doctrinam

528 2270 809 2339 intelligit,
856 2283 965 2339 qua
1000 2268 1189 2325 fideles
1247 2269 1446 2325 animte
1473 2270 1781 2325 alebantur.
1837 2270 1990 2325 Hanc
2024 2279 2106 2325 et-

524 2362 672 2419 enim
704 2361 1013 2416 doctrinam
1052 2360 1171 2430 ipse
1195 2361 1360 2416 etiam
1401 2360 1596 2427 Judas,
1641 2371 1831 2434 utpote
1882 2370 2109 2432 aposto-

528 2455 638 2519 lus,
662 2460 717 2510 et
743 2452 809 2507 ad
839 2451 1249 2523 praedicandum
1280 2452 1506 2518 missus,
1548 2462 1709 2507 antea
1740 2454 2099 2521 tlnlcorahat,

530 2548 637 2603 hoc
700 2554 831 2612 est,
893 2555 1104 2618 gratam
1161 2555 1216 2602 et
1269 2547 1575 2618 jucundam
1627 2547 1850 2603 Christo
1908 2547 2107 2603 redde-

528 2642 645 2697 bat.
820 2666 841 2701 ρ

604 2726 673 2783 1η
698 2728 854 2782 domo
894 2726 991 2782 Dei
1017 2727 1404 2782 ambulavimus
1430 2745 1546 2782 cum
1594 2745 1868 2783 consensu.
1898 2728 2106 2784 Unani-

532 2822 714 2886 miter,
755 2820 958 2891 inquit,
992 2820 1045 2872 in
1079 2821 1341 2889 templum
1403 2819 1636 2889 profecti
1669 2837 1882 2877 sumus.
1915 2820 1992 2875 Te
2026 2830 2106 2875 et-

530 2910 676 2965 enim
721 2909 856 2965 mihi
894 2908 1032 2964 adeo
1090 2909 1419 2963 familiarem
1475 2910 1764 2975 habebam,
1795 2924 1851 2966 ut
1880 2927 1911 2966 a
1936 2910 2106 2967 latere

531 3016 653 3057 meo
684 3016 964 3073 nunquam
993 3010 1209 3072 paterer
1230 3002 1438 3058 divelli.

602 3116 875 3174 Vens.l6.
913 3118 1091 3173 Veniat
1127 3135 1265 3173 mors
1294 3134 1453 3186 super
1489 3135 1597 3173 eos.
1624 3117 1750 3174 llmc
1778 3120 1947 3190 igitur
1967 3135 2092 3176 cum

2208 2005 2428 2060 τοαυτὸ
2483 2005 2605 2074 μὲν,
2647 2005 2793 2070 ἀντὶ,
2848 2004 2948 2059 σὺν
3005 2004 3134 2076 ἐμοὶ
3189 2004 3265 2059 ὧν
3288 2021 3303 2035 ·
3335 2006 3678 2077 ἐγλύκανας
3701 2007 3788 2073 δέ,

2207 2098 2328 2152 ἀντὶ
2351 2097 2469 2163 τοῦ,
2503 2096 2813 2161 ἐσκεύασας
2837 2113 2851 2127 ο
2880 2099 2991 2151 πᾶν
3013 2098 3123 2169 γάρ
3168 2096 3574 2169 σκευαζόμενον
3660 2100 3793 2171 ἡδύ-

2206 2206 2365 2259 τερον
2393 2192 2625 2259 γίνεται.
2657 2191 2726 2243 Ἦ
2754 2190 3029 2260 ἐδέσματα
3058 2190 3277 2260 νοήσεις
3306 2189 3407 2261 τὴν
3433 2190 3791 2246 διδασκαλίαν

2206 2282 2302 2336 τοῦ
2336 2283 2716 2353 κηρύγματος,
2744 2276 2789 2352 ᾧ
2820 2283 3114 2353 ἐτρέφοντο
3141 2284 3195 2337 αί
3228 2282 3401 2354 ψυχαὶ
3422 2283 3534 2340 τῶν
3566 2302 3791 2338 πιστευ-

2206 2376 2377 2431 όντων
2405 2395 2417 2408 ⁸
2453 2379 2659 2446 ταύτην
2682 2376 2741 2430 δὲ
2777 2376 2875 2429 καὶ
2930 2375 3135 2441 Ἰούδας
3162 2377 3238 2442 ὡς
3295 2377 3597 2455 ἀπόστολος
3623 2378 3781 2447 ἐγλύ-

2206 2488 2391 2537 κανεν,
2418 2471 2585 2542 ἤγουν
2619 2469 2983 2525 εὖαπόδεκτον
3033 2470 3260 2540 ἐποίησε
3288 2471 3366 2544 τῷ
3396 2471 3636 2543 Χριστῷ.

2277 2734 2384 2789 Ἐν
2440 2733 2586 2804 οικῳ
2618 2736 2729 2788 τοῦ
2785 2733 2936 2789 Θεοῦ
2989 2734 3483 2804 ἐπορεύθημενὲν
3510 2735 3777 2804 ὁμονοιᾳ.

2206 2829 2302 2891 Εἰς
2327 2828 2387 2881 τὸ
2417 2827 2579 2898 ἔργον
2607 2826 2986 2901 ἐπορεύθημεν
3006 2829 3432 2899 ὁμογνωμόνως.
3478 2829 3603 2884 Ἐπὶ
3654 2845 3785 2883 τοσ-

2205 2917 2361 2971 οῦτον
2384 2917 2691 2989 ἀχώριστον
2717 2918 2814 2972 καὶ
2839 2920 3066 2990 γνήσιον
3094 2912 3264 2990 εἶχον,

2288 3117 2541 3173 Ἐλθέτω
2561 3118 2638 3186 δὴ
2661 3117 2922 3185 θάνατος
2946 3118 3041 3173 ἐπ’
3066 3118 3310 3186 αὐτούς.
3343 3120 3529 3174 Ταῦτα
3553 3118 3789 3191 προϊδὼν

527 3210 873 3283 praevidisset
908 3211 1100 3265 beatus
1143 3209 1337 3272 David,
1374 3209 1715 3281 imprecetur
1749 3210 2013 3283 deinceps
2047 3213 2101 3267 in

2207 3208 2444 3276 ὀΔαϐὶδ,
2498 3210 2773 3282 ἐπαρᾶται
2839 3210 2916 3282 τῷ
2974 3227 3035 3264 τε
3076 3209 3271 3283 Ἰούδᾳ,
3328 3212 3425 3265 καὶ
3470 3213 3583 3277 τοῖς
3645 3213 3789 3282 ἀμφὶ

524 3304 742 3368 ιυιιθιη,
780 3302 834 3356 in
867 3301 1157 3372 Caipltam,
1213 3302 1269 3356 in
1313 3301 1552 3370 Annam,
1586 3311 1748 3374 atque
1781 3304 1836 3359 in
1871 3312 2103 3363 caeteros

524 3395 730 3452 Christi
758 3395 1143 3450 interfectores
1174 3393 1420 3450 Iudaeos.

596 3509 668 3566 Et
700 3510 1023 3565 descendunt
1047 3510 1100 3562 in
1118 3508 1387 3578 infernum
1416 3509 1667 3566 viventes.
1702 3509 1807 3567 Sed
1828 3513 2105 3581 quomodo

526 3605 879 3659 descendent
913 3603 1160 3660 viventes
1197 3603 1249 3657 in
1298 3603 1597 3669 infernum,
1631 3604 1678 3660 si
1712 3619 1884 3674 mors,
1937 3620 2103 3676 quam

528 3695 865 3765 imprecatus
918 3704 1026 3759 est,
1088 3695 1140 3749 in
1199 3711 1297 3752 eos
1343 3697 1598 3753 venerit?
1649 3695 1788 3762 Quia
1842 3698 2103 3752 nimirum

529 3799 719 3838 eorum
766 3786 936 3856 aliqui
996 3785 1237 3841 violenta
1299 3796 1478 3841 morte
1521 3786 1872 3843 interimendi
1923 3795 2101 3842 erant.

528 3876 756 3932 Mortem
774 3877 975 3933 etenim
1006 3893 1113 3934 non
1139 3880 1450 3933 naturalem
1475 3879 1716 3949 aliquam
1743 3877 2100 3949 imprecetur,

526 3971 618 4026 sed
655 3970 969 4026 violentam.
1002 3971 1069 4025 Et
1097 3971 1189 4025 alii
1235 3971 1610 4027 Romanorum
1652 3971 1849 4028 timore
1875 3972 1929 4027 in
1963 3987 2101 4043 prae-

526 4072 686 4133 rupta
721 4079 846 4119 sese
879 4064 1262 4128 contulerunt,
1294 4065 1348 4118 in
1381 4065 1751 4135 cavernisque
1787 4074 1841 4121 et
1869 4066 1925 4120 in
1978 4080 2104 4135 spe-

525 4157 706 4214 iuncis
730 4161 938 4221 vixere,
964 4156 1109 4212 fame
1139 4165 1187 4212 et
1216 4156 1307 4212 siti
1337 4165 1502 4226 atque
1527 4156 1822 4215 formidine
1849 4158 2101 4223 cruciati,

526 4259 586 4304 ut
608 4253 662 4304 in
694 4264 790 4304 sua
820 4250 993 4304 refert
1019 4247 1298 4318 Joscpltus
1338 4246 1604 4303 Historia.
1645 4248 1969 4320 Huiusmodi
2003 4265 2104 4305 au-

523 4349 631 4397 tem
659 4340 845 4396 foveas
901 4354 966 4395 ac
997 4341 1290 4408 speluncas
1317 4338 1589 4409 Propheta
1621 4341 1889 4397 infernum
1914 4343 2102 4412 appel-

527 4434 684 4487 lavit.
710 4430 844 4486 Nam
879 4440 934 4488 et
968 4432 1083 4487 illic
1112 4432 1331 4487 demum
1369 4433 1565 4502 sepulti
1605 4441 1756 4488 sunt.
1785 4433 1935 4489 illius
1954 4435 2099 4491 enim

524 4527 652 4580 vita:
679 4524 941 4581 duritiam
981 4538 1090 4579 non
1123 4524 1386 4589 terentes,
1421 4525 1544 4579 cibo
1569 4525 1767 4581 ibidem
1794 4529 2095 4597 perierunt.

524 4616 631 4670 Alii
688 4616 902 4681 dicunt,
954 4616 1126 4686 quod,
1160 4631 1224 4671 ex
1262 4631 1374 4685 quo
1417 4625 1473 4673 et
1510 4616 1684 4673 Judaei
1735 4628 1791 4673 et
1824 4619 2101 4675 daemones

526 4705 758 4761 insidias
816 4707 1086 4763 adversus
1136 4706 1415 4764 Christum
1475 4710 1649 4764 moliti
1704 4718 1853 4778 sunt,
1899 4710 2102 4767 Judaeis

526 4796 749 4867 quidem
807 4805 1038 4852 mortem
1091 4797 1427 4867 imprecatus
1502 4811 1624 4867 est,
1694 4810 1928 4857 mortem
1977 4802 2101 4857 dico

527 4901 811 4957 poenarum
845 4901 910 4942 ac
942 4889 1366 4958 suppliciorum,
1405 4891 1752 4950 daemonibus
1806 4908 1939 4950 vero
2003 4892 2102 4949 de-

525 4991 784 5031 scensum
810 4978 875 5033 ad
937 4977 1114 5033 infera
1173 4991 1331 5036 terra:
1386 4983 1639 5050 viscera;
1697 4983 1950 5054 quodque
1998 4983 2101 5039 bos

2204 3302 2294 3357 τὸν
2324 3303 2528 3358 Ἄνναν
2556 3305 2653 3357 καὶ
2694 3303 2976 3373 Καϊάφαν,
3032 3303 3439 3375 χριστοκτόνοις
3483 3303 3786 3369 Ἰουδαίοις.

2277 3511 2385 3567 Καὶ
2416 3507 2854 3576 καταόήτωσαν
2879 3509 2964 3575 εις
2992 3506 3142 3576 ᾅδου
3166 3505 3398 3570 ζῶντες.
3422 3507 3534 3561 Καὶ
3564 3507 3614 3559 εἰ
3641 3506 3788 3559 ἔλθοι

2205 3604 2438 3667 θάνατος
2492 3602 2582 3656 ἐπ’
2613 3601 2836 3666 αὐτοὺς,
2900 3599 3022 3663 πῶς
3080 3598 3486 3671 καταϐήσονται
3544 3598 3627 3663 είς
3659 3598 3787 3669 ᾅδου

2205 3697 2445 3763 tributae;
2478 3696 2600 3749 Ὅτι
2631 3695 2682 3748 οἱ
2715 3694 2816 3764 μὲν
2852 3691 3032 3748 αὐτῶν
3087 3691 3280 3761 βιαίως
3339 3690 3612 3746 ἀπέθανον
3637 3707 3652 3720 ·
3685 3691 3785 3745 θά-

2206 3806 2363 3845 νατον
2386 3787 2516 3858 γὰρ,
2539 3787 2601 3840 ού
2633 3785 2724 3840 τὸν
2748 3784 2890 3839 κατὰ
2912 3784 3096 3852 φύσιν,
3129 3783 3268 3837 άλλά
3295 3782 3386 3837 τὸν
3413 3782 3519 3835 ἀπὸ
3548 3782 3784 3853 ἀγχόνης

2204 3882 2301 3938 καὶ
2327 3881 2586 3951 πολέμου,
2642 3879 2739 3932 καὶ
2767 3878 2821 3931 εἴ
2848 3895 2932 3941 τις
2956 3877 3162 3947 τρόπος
3210 3876 3408 3946 πικρός
3434 3892 3447 3905 ·
3479 3877 3528 3930 οἱ
3559 3875 3642 3940 δὲ,
3674 3876 3783 3929 ὕπὸ

2204 3977 2302 4046 τῆς
2330 3975 2576 4042 ἀνάγκης
2600 3970 2812 4026 καὶτοῦ
2855 3967 3169 4039 Ῥωμαῖκοῦ
3200 3968 3460 4037 πολέμου,
3494 3968 3575 4030 είς
3605 3984 3712 4038 κρη
3724 3984 3791 4035 μ-

2204 4069 2294 4123 νον
2325 4067 2525 4130 αὐτοὺς
2552 4064 2823 4134 καθῆκαν,
2853 4061 2950 4115 καὶ
2982 4060 3172 4128 διῆγον
3201 4060 3259 4112 ἐν
3287 4060 3363 4128 τῷ
3396 4060 3583 4130 λάκκῳ
3617 4060 3788 4130 μέχρι

2207 4157 2425 4223 πολλοῦ,
2449 4157 2616 4228 λιμῷ,
2646 4155 2740 4210 καὶ
2768 4154 2920 4226 δίψῃ,
2952 4156 3046 4208 καὶ
3071 4154 3222 4225 φόϐῳ
3249 4152 3783 4221 ταλαιπωρούμενοι,

2207 4250 2390 4313 καθὼς
2434 4249 2699 4320 Ἰώσηπος
2735 4247 2975 4317 ίστορείο
3011 4246 3092 4300 διὸ
3126 4247 3221 4300 καὶ
3247 4245 3381 4317 ᾅδην
3433 4245 3527 4299 τὸν
3592 4243 3787 4314 βίθρον

2204 4345 2466 4400 ἐκάλεσεν
2488 4360 2501 4373 ·
2528 4342 2652 4396 ἐπεὶ
2693 4341 2787 4395 καὶ
2819 4341 2990 4411 τάφος
3015 4340 3203 4402 αὐτοῖς
3263 4339 3505 4407 ἐγένετο,
3551 4336 3785 4407 διαφθα-

2206 4440 2378 4509 ρετσιν
2414 4437 2474 4489 ἐν
2504 4436 2702 4506 ἐκείνῳ
2758 4434 2903 4488 κατὰ
2966 4434 3187 4504 μικρόν.
3223 4433 3385 4495 Τινὲς
3417 4432 3474 4485 δὲ
3508 4432 3783 4498 λέγουσιν,

2206 4532 2282 4593 ὡς
2307 4530 2432 4584 ἐπεὶ
2462 4529 2540 4598 τῷ
2564 4526 2785 4599 Χριστῷ
2815 4527 2913 4582 καὶ
2937 4530 2989 4581 οί
3004 4527 3248 4581 Ἰουδαῖοι
3276 4526 3655 4590 ἐπεϐούλευον,
3687 4523 3787 4576 καὶ

2204 4624 2254 4677 oi
2277 4622 2533 4692 δαίμονες
2556 4636 2573 4653 ’
2628 4619 2863 4682 ἐκείνοις
2895 4619 2998 4689 μὲν
3052 4618 3369 4688 ἐπηράσατο
3394 4617 3500 4681 τὸνξ
3527 4616 3783 4677 θάνατον,

2200 4715 2291 4768 τὸν
2323 4711 2702 4783 τιμωρητικόν
2723 4727 2738 4743 ⁸
2771 4712 2885 4773 τοῖς
2915 4709 3138 4780 δαίμοσι
3167 4710 3245 4775 δὲ,
3274 4709 3372 4779 τὴν
3401 4710 3482 4771 εἰς
3509 4708 3577 4760 τά
3607 4722 3785 4759 κατα-

2201 4805 2394 4876 χθόνια
2445 4802 2765 4872 διαγωγήν·
2805 4802 3031 4865 τούτους
3082 4801 3139 4854 δὲ
3171 4801 3398 4854 καλέσαι
3443 4797 3674 4864 ζῶντας,
3705 4798 3785 4859 ὡς

2203 4895 2529 4960 ἀθανάτους.
2582 4892 3028 4960 Καταόήτωσαν
3078 4892 3211 4964 γὰρ,
3268 4892 3452 4964 φησὶν,
3496 4894 3583 4956 εις
3635 4889 3783 4956 ᾅδου

2204 4985 2445 5053 ζῶντες,
2476 4988 2566 5041 διὰ
2583 4986 2686 5055 τὴν
2712 4985 2899 5054 φύσιν.

522 5071 807 5126 daemones
848 5071 1101 5130 viventes
1152 5075 1474 5145 appellavit,
1526 5077 1695 5132 veluti
1746 5078 2113 5134 immortales.
2150 5078 2508 5147 Descendunt,
2552 5081 2751 5152 inquit,
2788 5081 2841 5135 in
2876 5067 3147 5141 infernum
3171 5077 3414 5141 viventes,
3466 5074 3620 5145 juxta
3686 5084 3785 5125 eo-

527 5178 648 5217 rum
679 5174 951 5220 naturam.

597 5282 866 5348 Quoniam
896 5283 1108 5339 malitia
1135 5285 1187 5339 in
1218 5286 1544 5342 habitaculis
1594 5304 1803 5355 eorum,
1833 5289 1892 5343 in
1926 5288 2100 5343 medio

521 5391 724 5431 eorum.
767 5374 1039 5440 Quoniam
1080 5377 1288 5432 malitia
1322 5389 1586 5433 versatur
1626 5380 1681 5433 in
1716 5395 1908 5436 eorum
1941 5380 2101 5435 habi-

523 5467 719 5522 taculis
751 5475 914 5535 atque
947 5469 1000 5522 in
1029 5469 1207 5524 media
1225 5486 1417 5525 eorum
1445 5471 1668 5526 civitate
1693 5489 1708 5539 ;
1736 5487 1802 5528 ac
1831 5473 1879 5530 si
1911 5474 2056 5529 dicat
2081 5492 2096 5529 :

525 5557 725 5610 Eorum
770 5558 978 5612 malitia
1014 5575 1125 5614 non
1174 5569 1389 5616 tantum
1415 5562 1469 5617 in
1496 5564 1791 5633 superficie
1817 5574 1905 5622 est
1933 5577 2099 5636 atque

523 5648 893 5714 extrinsecus,
926 5649 1027 5725 sed
1057 5652 1114 5706 in
1146 5652 1349 5720 medi‘o,
1384 5653 1490 5712 hoc
1520 5664 1629 5717 est.
1687 5657 1742 5712 in
1796 5655 2093 5733 profundo,

630 5829 674 5861 ¹⁰
706 5827 853 5886 Psal.
887 5846 1035 5897 thv,
1072 5831 1155 5887 Π.

2283 5292 2413 5345 ὀτι
2435 5286 2697 5356 πονηρία
2716 5286 2788 5339 ἐν
2820 5283 2950 5349 ταῖς
2990 5296 3332 5350 «apemtum
3359 5291 3431 5332 εν
3475 5275 3648 5347 μέσῳ
3678 5277 3788 5330 σύ-

2199 5381 2340 5438 τῶν.
2376 5380 2526 5435 Διότι
2558 5377 2801 5450 πονηρία
2834 5373 3259 5447 ἐμπολιτεύεται
3285 5372 3410 5433 ταῖς
3437 5370 3495 5424 ἐν
3516 5372 3582 5439 τῇ
3619 5368 3781 5421 πόλει

2197 5473 2517 5547 παροικίαις
2543 5470 2726 5525 αὐτῶν
2756 5483 2773 5500 ⁸
2796 5468 2892 5524 καλ⁵
2919 5468 3028 5539 γὰρ
3060 5466 3159 5520 οὐκ
3188 5463 3535 5530 ἐπιπόλαιον,
3573 5460 3692 5514 ἀλλ’
3716 5461 3780 5513 ἐν

2198 5566 2375 5637 μέσῳ,
2401 5563 2684 5618 τουτέστιν
2712 5563 2794 5624 εἰς
2832 5558 3017 5631 βάθος,
3044 5560 3103 5611 ἐν
3132 5558 3252 5621 ταῖς
3281 5554 3533 5623 καρδίαις
3567 5550 3772 5606 αὐτῶν.

2196 5657 2506 5730 Παροικίας
2561 5656 2620 5711 δὲ
2673 5650 2829 5709 εἶπεν
2869 5652 2972 5717 τὰς
3020 5650 3307 5714 κατοικίας
3361 5647 3567 5714 αὐτῶν,
3594 5645 3684 5700 διὰ
3711 5642 3776 5696 τὸ
