4120 6420
400 378 499 444 581

1573 376 1968 439 COMMENT.
2014 377 2096 438 IN
2137 377 2497 440 PSALMOS.

3560 388 3671 453 582

401 491 742 562 πρόσκαιρον
796 487 1002 556 αὐτῶν,
1063 488 1190 544 ὅσον
1253 487 1413 543 οὔπω
1459 487 1829 560 διαφθαρῆναι
1859 485 1985 556 μελ-

2093 494 2259 557 atque
2291 487 2347 542 in
2377 487 2643 546 cordibus
2688 502 2904 549 eorum.
2936 490 3038 548 Per
3088 492 3406 550 habitacula
3461 507 3668 558 autem,

402 583 629 639 λᾶντων.

2096 592 2195 634 seu
2259 576 2345 650 [ut
2399 580 2812 650 signiﬁcantius
2860 580 3052 639 Graeca
3113 584 3361 644 dictione
3401 589 3668 659 exprimi-

326 736 333 741 ,
402 679 520 753 tur]
555 679 879 752 παροικίας,
933 677 1304 737 habitationes
1356 688 1410 736 et
1459 681 1656 737 domos
1747 672 2118 747 temporarias
2170 675 2455 747 intelligit,
2499 677 2672 732 veluti
2755 678 2903 734 brevi
2948 679 3344 750 perduraturas
3425 690 3482 739 et
3563 683 3676 739 cito

404 774 743 845 perdendae.

488 869 638 939 Ἐγὼ
680 868 832 937 πρὸς
888 869 994 922 τὸν
1042 867 1193 925 Θεὸν
1232 869 1550 940 ἐκέκραξα,
1590 871 1690 925 καὶ
1718 872 1751 925 ὁ
1775 867 1993 936 Κύριος

403 961 745 1030 εἰσήκουσὲ
805 980 950 1031 μου.
986 963 1126 1033 Ἤδη
1182 962 1652 1037 πληροφορηθεὶς,
1689 965 1877 1035 φησιν,
1909 964 1992 1017 ὅτι

404 1052 705 1123 εὶσήκουσὲ
736 1069 861 1124 μου.
935 1054 1095 1109 Ἐστι
1116 1055 1174 1109 δὲ
1223 1056 1647 1129 γλαφυρώτερον
1675 1059 1877 1121 εἰπεῖν,
1907 1060 1991 1112 ὃτι

417 1145 566 1214 Ἐγὼ
650 1146 751 1217 μὲν
810 1147 949 1217 πρὸς
974 1147 1068 1201 τὸν
1109 1148 1331 1219 Πατέρα
1372 1149 1692 1220 ἐκέκραξα·ο
1724 1151 1752 1203 ὁ
1781 1150 1838 1204 δὲ
1862 1149 1993 1213 Υἱὸς

405 1239 701 1307 εἱσήκουσέ
735 1256 844 1309 μοι.
885 1239 1040 1292 Ἐπεὶ
1090 1241 1187 1325 καὶ
1217 1241 1381 1305 αὐτὸς
1410 1240 1664 1295 ἀπώλεσε
1691 1244 1819 1306 τοὺς
1843 1241 1982 1295 Ἰου-

404 1331 613 1397 δαίους,
641 1330 787 1386 κατὰ
819 1330 880 1385 τό
901 1346 914 1361 ·
948 1331 1033 1387 Σὺ
1062 1331 1151 1398 δὲ,
1208 1333 1407 1400 Κύριε,
1467 1332 1733 1402 ἐλέησόν
1757 1351 1853 1401 με,
1889 1335 1988 1390 καὶ

403 1423 769 1492 ἀνάστησόν
792 1442 885 1495 με,
918 1428 1018 1479 καὶ
1069 1424 1489 1480 ἀνταποδώσω
1528 1426 1757 1494 αὐτοῖς.

490 1598 812 1669 ⁹Εσπέρας,
851 1602 950 1657 καὶ
976 1603 1148 1672 πρωϊ,
1173 1605 1271 1660 καὶ
1321 1607 1718 1677 μεσημϐρίας,
1780 1607 1991 1680 διηγή-

2170 859 2333 917 Vsns.
2375 860 2459 917 l7.
2494 860 2615 931 Ego
2641 863 2713 917 ad
2740 861 2909 918 Deum
2956 864 3211 931 clamavi,
3248 875 3297 921 et
3336 866 3478 923 Deus
3506 884 3676 924 exau-

2091 951 2224 1007 diuit
2260 966 2361 1006 me.
2403 950 2622 1006 Certior
2678 951 2860 1009 factus
2906 952 2975 1009 de
3017 954 3207 1010 divino
3264 958 3495 1025 auxilio,
3552 961 3673 1016 ait:

2096 1041 2379 1099 Exaudisti
2414 1057 2520 1098 me.
2560 1041 2759 1097 Verum
2787 1043 2946 1113 juxta
2974 1044 3224 1101 altiorem
3254 1064 3476 1103 sensum
3517 1050 3673 1105 dica-

2097 1150 2221 1191 mus
2257 1153 2273 1191 :
2316 1135 2427 1207 Ego
2451 1140 2700 1208 quidem,
2727 1141 2932 1213 inquit,
2976 1142 3211 1198 clamavi
3241 1145 3307 1198 ad
3352 1145 3590 1213 Patrem,
3620 1156 3675 1201 et

2097 1222 2270 1282 Filius
2323 1230 2608 1284 exaudivit
2662 1245 2774 1286 me.
2827 1230 2946 1302 Ipse
2985 1233 3189 1287 etenim
3237 1232 3411 1290 Filius
3454 1235 3676 1291 Iudaeus

2098 1317 2378 1385 perdidit;
2406 1318 2569 1389 juxta
2596 1321 2743 1390 quod
2783 1322 2912 1378 alibi
2949 1340 3015 1379 ex
3063 1324 3187 1394 ejus
3246 1341 3485 1394 persona
3536 1329 3676 1382 scri-

2098 1416 2248 1478 ptum
2283 1408 2517 1481 legimus
2550 1428 2566 1466 :
2598 1410 2678 1465 Tu
2726 1422 2926 1480 autem,
2956 1412 3203 1480 Domine,
3224 1416 3473 1471 miserere
3500 1418 3600 1471 mei
3625 1425 3678 1470 et

2094 1503 2351 1557 resuscita
2380 1519 2480 1570 me,
2508 1513 2559 1559 et
2591 1504 2882 1560 retribuam
2906 1506 2983 1561 eis
3005 1508 3070 1561 “.

2171 1596 2335 1652 Vens.
2377 1597 2466 1654 i8.
2509 1597 2752 1667 Vespere,
2778 1607 2829 1654 et
2871 1615 3046 1665 mane,
3093 1608 3146 1655 et
3190 1600 3413 1655 meridie
3444 1601 3675 1656 narrabo

401 1708 589 1762 σομαι
670 1693 771 1748 καὶ
825 1695 1179 1766 ἀπαγγελῶ,
1236 1698 1337 1753 καὶ
1394 1701 1825 1756 εἰσακούσεται
1876 1701 1989 1772 τῆς

2095 1698 2145 1744 et
2171 1690 2524 1755 annuntiabo,
2549 1698 2601 1746 et
2640 1691 2891 1747 exaudiet
2940 1708 3117 1748 vocem
3165 1707 3357 1748 meam.
3404 1691 3675 1763 Tempora

400 1786 617 1858 φωνῆς
668 1804 811 1857 μου.
873 1788 1014 1854 Τοὺς
1059 1790 1289 1861 καιροὺς
1364 1792 1519 1864 δηλοῖ
1561 1793 1671 1849 τῶν
1738 1768 1991 1866 μεγάλων

2097 1780 2372 1867 significat
2420 1798 2749 1856 magnarum
2807 1786 2975 1841 trium
3031 1786 3353 1857 synaximn,
3400 1800 3540 1855 quas
3568 1800 3673 1841 nos

401 1880 579 1952 τριῶν
637 1879 935 1948 συνάξεων,
1000 1880 1067 1945 ἃς
1122 1883 1286 1952 ἡμεῖς
1354 1883 1632 1955 καλοῦμεν
1676 1886 1991 1957 ἐσπερινὸν,

403 1971 631 2043 ὄρθρον,
658 1972 754 2025 καὶ
811 1971 1190 2043 μεσημϐρίαν.
1250 1974 1598 2045 Διηγήσομαι
1624 1975 1694 2031 τὰ
1729 1977 1824 2031 τοῦ
1855 1977 1994 2033 Θεοῦ

404 2062 716 2133 Θαυμάσια,
778 2063 876 2116 καὶ
908 2062 1216 2132 ἀπαγγελῶ
1248 2066 1385 2119 πᾶσι
1425 2067 1542 2130 τοῖς
1576 2066 1675 2123 σὺν
1704 2067 1828 2138 ὲμοί
1862 2081 1877 2098 ³
1918 2068 1995 2132 ὡς

403 2147 549 2206 εἶναι
580 2153 799 2220 ταύτὸν,
831 2153 912 2222 τὸ,
945 2154 1331 2226 διηγήσομαι,
1373 2158 1469 2212 καὶ
1504 2158 1587 2223 τὸ,
1640 2158 1990 2229 ἀπαγγελῶ.

410 2243 485 2295 Ἦ
512 2242 847 2314 διηγήσομαι
885 2243 985 2313 μὲν
1016 2243 1081 2298 τὰ
1110 2245 1320 2299 παλαιά
1345 2263 1362 2279 ο
1389 2245 1691 2315 ἀπαγγελῶ
1731 2245 1786 2299 δὲ
1813 2246 1885 2299 τὰ
1913 2247 1994 2311 εἰς

414 2335 518 2405 ὲμὶ
544 2336 911 2407 γεγενημένα.

487 2517 861 2586 Λυτρώσεται
911 2519 983 2575 ἐν
1019 2518 1231 2591 εἰρήνῃ
1274 2522 1390 2590 τὴν
1453 2523 1668 2593 ψυχήν
1718 2540 1841 2592 μου
1873 2524 1994 2579 ἀπὸ

2095 1877 2596 1947 eongregationes,
2648 1893 2745 1933 seu
2784 1879 3051 1937 collectas
3102 1892 3305 1934 vocare
3358 1893 3674 1948 possumus,

2094 1969 2469 2039 vespertinum
2501 1970 2789 2035 nimirum,
2814 1972 3168 2037 matutinum,
3199 1981 3255 2028 et
3284 1971 3675 2027 meridianum.

2093 2058 2367 2125 Narrabo,
2415 2060 2616 2130 inquit,
2673 2060 2949 2117 mirabilia
2982 2061 3102 2128 Dei,
3137 2069 3190 2118 et
3220 2063 3567 2119 annuntiabo
3612 2077 3676 2116 ea

2095 2151 2357 2208 omnibus
2396 2155 2494 2223 qui
2531 2168 2746 2208 mecum
2784 2165 2968 2218 erunt,
3015 2154 3093 2209 ita
3129 2163 3189 2210 ut
3229 2156 3375 2211 idem
3428 2155 3501 2211 sit
3551 2170 3679 2210 nar-

2094 2256 2244 2307 rare,
2274 2243 2421 2317 quod
2459 2245 2815 2300 annuntiare.
2869 2244 2961 2300 Vel
2993 2246 3237 2301 narrabo
3266 2245 3490 2317 quidem
3528 2246 3678 2300 anti-

2097 2350 2227 2404 qua,
2261 2336 2605 2393 annuntiabo
2638 2346 2825 2394 autem
2861 2354 2924 2396 ea
2966 2354 3093 2409 qua;
3143 2350 3429 2408 postremo
3480 2339 3537 2394 in
3588 2352 3679 2393 me

2095 2425 2241 2482 facta
2276 2436 2430 2482 sunt.

2164 2516 2334 2574 Vens.
2380 2518 2470 2573 l9.
2520 2517 2761 2576 Redimet
2811 2521 2866 2575 in
2923 2539 3052 2590 pace
3090 2522 3329 2576 animam
3391 2535 3561 2575 meam
3608 2531 3677 2574 ab

410 2606 531 2664 τῶν
603 2609 956 2681 ἐγγιζόντων
995 2631 1120 2683 μοι,
1148 2613 1239 2668 ὅτι
1267 2614 1338 2668 ἐν
1391 2591 1649 2683 πολλοῖς
1677 2591 1841 2685 ἦσαν
1870 2615 1991 2672 σὺν

2093 2591 2654 2679 appropinquantibus
2696 2610 2866 2677 mihi;
2906 2612 3160 2681 quoniam
3195 2612 3253 2665 in
3308 2609 3488 2665 multis
3529 2618 3679 2663 erant

404 2701 560 2770 ἐμοι.
594 2733 669 2744 -
712 2705 818 2760 Ἐν
854 2703 1091 2774 εἰρήνῃ,
1140 2706 1265 2760 ἀντὶ
1297 2706 1606 2778 τοῦ,χωρ“ις
1638 2707 1826 2763 πόνου.
1865 2708 1990 2777 Ἐγ-

401 2794 662 2863 γιζοντας
691 2796 748 2851 δὲ
773 2797 929 2852 καλεῖ
961 2796 1088 2862 τοὺς
1148 2799 1296 2868 ἀμφὶ
1324 2798 1416 2852 τὸν
1445 2799 1642 2865 Σαοὺλ,
1667 2798 1745 2862 ὡς
1786 2815 1990 2867 συγγε-

400 2887 520 2947 νεῖς
551 2886 648 2937 καὶ
682 2886 1122 2959 συστρατιώτας.
1154 2882 1294 2943 Εἶτα
1319 2888 1503 2959 τίθησι
1562 2889 1657 2943 καὶ
1684 2889 1784 2961 τὴν
1806 2890 1990 2945 αἰτίαν

398 2978 866 3051 τῆς.ὲγγύτητος,
902 2981 1050 3047 Ὅτι,
1079 2981 1237 3052 φησι,
1274 2981 1414 3052 μετὰ
1443 2980 1660 3035 πολλῶν
1692 2982 1786 3035 καὶ
1810 2980 1989 3036 ἄλλων

404 3071 790 3141 στρατιωτῶν,
837 3074 935 3129 σὺν
962 3073 1089 3145 ἐμοὶ
1113 3069 1257 3145 ἦσαν
1277 3073 1629 3146 διαιτώμενοι
1682 3073 1781 3128 καὶ
1817 3091 1984 3143 στρα-

401 3166 717 3235 τευόμενοι.

474 3351 924 3407 Εἱσακούσεται
954 3354 988 3407 ό
1018 3353 1184 3419 Θεὸς,
1212 3353 1313 3408 καὶ
1366 3351 1726 3408 ταπεινώσει
1765 3358 1988 3420 αυτούς

401 3446 442 3500 δ
489 3444 783 3513 ὑπάρχων
808 3444 923 3513 πρὸ
950 3444 1073 3499 τῶν
1098 3445 1350 3502 αἰώνων.
1380 3447 1555 3510 Αὐτὸς
1582 3445 1693 3516 γὰρ
1763 3446 1992 3517 ἐποίησε

396 3536 537 3600 τοὺς
564 3536 767 3602 αἰῶνας
786 3553 804 3569 ο
835 3536 916 3590 διὸ
936 3537 1034 3590 καὶ
1056 3537 1164 3609 πρὸ
1185 3538 1296 3593 τῶν
1324 3536 1539 3593 αἰώνων
1592 3538 1866 3610 ὑπάρχειν
1896 3538 1991 3592 λέ-

398 3643 586 3698 γεται.
977 3690 981 3694 ,

472 3722 559 3775 Οὐ
588 3721 704 3790 γάρ
727 3722 900 3776 ἐστιν
920 3722 1133 3789 αὐτοῖς
1153 3723 1572 3795 ἀντάλλαγμα,
1601 3723 1692 3779 ὅτι
1712 3725 1826 3780 οὐκ
1852 3724 1993 3794 ἐφο-

402 3815 690 3883 ϐήθησαν
722 3816 831 3870 τὸν
866 3818 1037 3872 Θεόν.
1063 3818 1178 3870 Οὐκ
1228 3816 1368 3881 ἐστι,
1402 3818 1586 3889 φησὶν,
1616 3819 1805 3881 αὐτοῖς
1830 3819 1991 3873 ἐναλ-

400 3906 572 3977 λαγὴ,
604 3907 715 3962 ἀπὸ
733 3911 833 3980 τῆς
858 3909 1059 3972 κακίας
1074 3912 1157 3973 εἰς
1184 3909 1546 3981 ἀγαθωσύνην
1565 3925 1580 3942 ·
1640 3908 1760 3964 ἀλλ’
1778 3911 1992 3980 ἀμετά-

400 3999 597 4071 ϐλητοι
653 4007 912 4071 μένουσιν
936 4017 951 4034 ο
1015 4001 1163 4056 οὕτω
1210 4003 1321 4073 γὰρ
1345 4004 1373 4054 ὁ
1411 4003 1712 4073 Σύμμαχος
1734 4002 1989 4067 ἐξέδωκε.

400 4094 673 4163 Λέγοιντο
708 4094 755 4148 δ’
786 4095 853 4150 ἂν
881 4096 1054 4151 ταῦτα
1110 4095 1215 4150 καὶ
1267 4099 1411 4152 κατὰ
1445 4098 1555 4151 τῶν
1589 4099 1991 4169 χριστοκτόνων

411 4188 693 4242 Ἰουδαίων
724 4205 742 4222 ο
800 4191 1224 4261 ἐπαρασάμενος
1272 4190 1383 4263 γὰρ
1438 4191 1628 4256 αὐτοῖς
1680 4193 1814 4256 ἄνω,
1856 4193 1993 4266 φησὶ

397 4280 522 4344 νῦν,
557 4280 641 4334 ὅτι
667 4281 1067 4336 Εἱσακούσεταὶ
1101 4299 1202 4352 μου
1229 4283 1258 4336 ὀ
1287 4282 1548 4352 Χριστὸς,
1581 4285 1681 4337 καὶ
1724 4282 1995 4336 ταπεινώ-

400 4389 489 4426 σει
527 4373 751 4438 αὐτούς.
810 4374 923 4429 Καὶ
973 4375 1085 4445 γὰρ
1110 4376 1161 4428 οἱ
1196 4375 1299 4446 μὲν
1377 4375 1729 4450 ἀνῃρέθησαν
1762 4390 1777 4405 ·
1815 4377 1866 4429 οξ
1911 4375 1989 4440 δὲ,

2095 2717 2322 2756 mecum.
2358 2703 2416 2756 in
2453 2717 2610 2773 pace,
2665 2701 2770 2757 hoc
2809 2709 2918 2767 cst,
2949 2704 3069 2759 sine
3110 2704 3320 2759 labore.
3369 2703 3681 2773 Appropin-

2092 2803 2330 2865 quantes
2363 2802 2547 2849 autem
2600 2810 2699 2850 eos
2753 2803 2940 2859 vocat,
3000 2796 3093 2865 qui
3150 2804 3312 2850 erant
3356 2811 3480 2849 cum
3522 2794 3676 2855 Saul,

2093 2895 2360 2956 tanquam
2399 2885 2505 2943 sibi
2561 2894 2828 2957 cognatos
2868 2895 3033 2956 atque
3059 2886 3186 2940 olim
3223 2887 3674 2951 commilitones;

2092 2978 2292 3035 deinde
2334 2978 2772 3049 propinquitatis
2827 2980 3097 3035 rationem
3150 2981 3327 3049 ponit.
3378 2978 3672 3044 Quoniam,

2093 3070 2291 3140 inquit,
2323 3069 2488 3126 simul
2517 3085 2642 3124 cum
2673 3069 2861 3124 multis
2893 3070 3018 3124 aliis
3048 3070 3317 3124 militibus
3343 3076 3505 3122 antea
3563 3082 3676 3122 me-

2014 3132 2059 3189 θ
2097 3175 2225 3215 eum
2276 3159 2544 3227 fuerunt,
2581 3158 2688 3214 hoc
2717 3168 2824 3222 est,
2862 3161 3128 3229 quoniam
3169 3173 3384 3214 mecum
3416 3155 3676 3213 convixe-

2099 3261 2245 3316 rant,
2288 3261 2343 3306 et
2378 3266 2592 3307 mecum
2617 3252 3135 3306 commilitaverant.

2170 3337 2339 3394 Vens.
2368 3339 2461 3396 20.
2499 3338 2771 3394 Exaudiet
2813 3339 2952 3393 Deus
2983 3349 3032 3393 et
3072 3337 3386 3393 humiliabit
3432 3355 3542 3405 eos,
3587 3339 3677 3407 qui

2099 3440 2175 3487 est
2205 3440 2327 3487 ante
2375 3430 2592 3486 swcula.
2618 3431 2739 3501 Ipse
2764 3431 2964 3485 etenim
2993 3430 3138 3486 Deus
3161 3429 3288 3485 fecit
3310 3432 3542 3497 sa-cula;
3569 3444 3677 3486 non

2100 3523 2302 3579 mirum
2333 3522 2519 3594 igitur,
2554 3521 2599 3579 si
2630 3533 2758 3588 ante.
2792 3538 2856 3578 ea
2889 3520 3065 3578 fuisse
3093 3522 3320 3577 dicitur.

2171 3728 2297 3785 Non
2330 3739 2409 3785 est
2458 3730 2599 3784 enim
2651 3728 2729 3784 eis
2762 3728 3139 3794 commutatio,
3188 3742 3351 3797 neque
3394 3727 3680 3780 timuerunt

2101 3823 2291 3879 Deum.
2329 3822 2667 3887 lmmutatio,
2701 3822 2902 3892 inquit,
2941 3820 3090 3876 nulla
3133 3820 3216 3875 eis
3266 3827 3372 3882 est,
3404 3834 3435 3873 a
3466 3819 3675 3873 malitia

2099 3919 2167 3974 ad
2200 3919 2523 3978 bonitatem,
2551 3929 2581 3968 a
2614 3914 2750 3969 vitio
2777 3914 2845 3969 ad
2876 3914 3133 3978 virtutes,
3170 3912 3267 3968 sed
3306 3911 3681 3966 immutabiles

2100 4016 2452 4081 permanent.
2507 4006 2591 4061 Ad
2645 4004 2795 4060 hunc
2850 4003 2997 4058 cnim
3056 4017 3278 4057 sensum
3314 4002 3678 4074 Symmachus

2098 4101 2363 4159 reddidit.
2405 4097 2645 4155 Possunt
2675 4096 2839 4151 etiam
2877 4096 2992 4150 haec
3017 4092 3180 4149 verba
3209 4092 3446 4163 proferri
3478 4094 3677 4148 adver-

2100 4208 2197 4249 sus
2226 4190 2432 4247 Christi
2480 4186 2782 4249 occisores,
2822 4183 3065 4249 Judmos,
3120 4192 3314 4238 contra
3359 4197 3520 4250 quos,
3551 4197 3679 4237 cum

2099 4284 2357 4354 superius
2382 4283 2727 4350 imprecatus
2749 4277 2936 4340 fuerit,
2961 4276 3122 4331 modo
3145 4274 3220 4328 ait
3245 4289 3259 4326 :
3292 4272 3562 4328 Exaudiet
3591 4280 3679 4328 me

2096 4378 2380 4440 Christus,
2432 4381 2487 4429 et
2529 4369 2844 4426 humiliabit
2873 4383 2968 4423 eos
3011 4385 3025 4421 :
3068 4366 3537 4437 quemadmodum
3594 4364 3679 4419 fa-

399 4466 876 4536 περιλειφθέντες,
938 4468 1429 4537 τεταπεινωμένοι,
1485 4471 1649 4521 παντὶ
1694 4467 1841 4521 ἔθνει
1869 4466 1991 4520 δου-

2098 4476 2248 4523 ctum
2283 4463 2555 4519 videmus.
2609 4458 2715 4512 Alii
2761 4456 2965 4512 etenim
3021 4468 3211 4510 eorum
3271 4451 3471 4507 sublati
3522 4459 3674 4515 sunt,

397 4560 627 4614 λεύουσι
681 4560 781 4624 τὰς
831 4563 1072 4632 ἐσχάτας
1138 4561 1472 4631 ὑπηρεσίας.
1519 4560 1583 4613 '0
1624 4559 1916 4629 ὑπάρχων
1935 4559 1994 4613 δὲ

399 4652 520 4721 πρὸ
545 4651 668 4705 τῶν
700 4653 951 4720 αἰώνων,
981 4653 1123 4706 κατὰ
1151 4653 1252 4724 τὴν
1282 4650 1541 4723 θεότηταο
1574 4653 1669 4705 καὶ
1700 4652 1809 4721 γὰρ
1837 4652 1995 4705 αὐτοὶ

405 4742 685 4815 ἠργμένον
710 4747 776 4798 ὲκ
799 4745 903 4814 τῆς
937 4744 1148 4816 μητρὸς
1176 4743 1365 4812 ελεγον
1396 4744 1565 4798 αὐτόν
1600 4761 1616 4777 ο
1665 4744 1726 4798 τὸ
1777 4744 1856 4810 δὲ,
1910 4746 1994 4798 Οὐ

408 4834 515 4907 πάρ
537 4836 713 4889 ἐστιν
734 4836 942 4902 αὐτοῖς
962 4835 1337 4907 ἀντάλαγμα,
1409 4836 1995 4908 προσεπινοεῖταιξωῖ)

409 4933 505 4982 διαὶ
526 4928 702 4993 illo);
758 4929 853 4983 ἐπὶ
916 4928 1126 4985 τούτων
1151 4946 1167 4957 ·
1208 4931 1294 4984 ὅτι
1324 4928 1493 4994 αὐτὸς
1512 4924 1581 5000 ἦν
1621 4929 1682 4982 τὸ
1706 4928 1993 5000 δεδομένον

412 5019 552 5092 ὑπὲρ
609 5024 833 5076 πάντων
895 5021 1205 5101 ἀ.νθρώπων
1262 5020 1589 5098 ᾀντά).αγμα
1614 5038 1629 5052 ·
1681 5020 1741 5074 ὃν
1801 5021 1991 5091 ἐπειδὴ

405 5113 506 5167 οὐκ
550 5114 822 5180 ἐδέξαντο,
856 5114 959 5167 οὐκ
985 5112 1134 5167 ἔστιν
1155 5114 1343 5178 αὐτοῖς
1387 5113 1579 5185 ἕτερον
1617 5109 1771 5178 ἄξιον
1828 5113 1995 5169 ἀντά-

405 5217 616 5278 ιαγμα.

2089 4560 2282 4618 caeteri
2313 4570 2469 4619 vero,
2502 4553 2597 4624 qui
2637 4550 2815 4608 relicti
2848 4549 3025 4613 fuere,
3057 4547 3298 4618 dispersi
3340 4560 3438 4615 per
3462 4545 3676 4613 orbem,

2090 4650 2290 4723 abiecti
2342 4656 2514 4717 atque
2570 4641 3154 4708 humiiiati,omnibus
3185 4640 3439 4696 serviunt
3496 4637 3681 4691 natio-

2091 4745 2279 4799 nibus.
2317 4740 2384 4793 Et
2412 4737 2559 4808 quod
2595 4736 2672 4790 ait
2702 4753 2716 4791 :
2751 4734 2856 4800 Qui
2890 4744 2968 4788 est
2999 4741 3125 4786 ante
3168 4730 3389 4793 serrula,
3422 4729 3488 4784 ad
3517 4728 3682 4784 Chri-

2093 4839 2166 4895 sti
2211 4835 2568 4890 divinitatem
2601 4829 2897 4885 referatur.
2930 4829 3036 4897 lpsi
3086 4828 3234 4883 enim
3265 4826 3437 4881 .lullmi
3468 4840 3532 4881 ex
3564 4826 3682 4881 sola

2098 4930 2227 4986 Jesu
2286 4936 2466 4982 matre
2506 4924 2841 4996 principium
2904 4922 3168 4977 habuisse
3204 4919 3569 4975 afﬁrmabant.
3616 4917 3683 4970 Et

2098 5021 2244 5093 quod
2278 5018 2554 5086 sequitur,
2616 5015 2744 5069 Non
2796 5025 2871 5071 est
2924 5015 3036 5069 illis
3083 5013 3454 5076 commutatio,
3512 5009 3678 5063 alium

2099 5128 2328 5172 sensum
2363 5112 2544 5173 habet,
2581 5108 2945 5180 intelligendo
2979 5108 3146 5163 etiam
3184 5106 3251 5161 de
3277 5103 3502 5158 .ludazis.
3541 5101 3679 5167 Quia

2101 5208 2250 5264 enim
2314 5203 2570 5259 Christus
2617 5216 2718 5272 pro
2777 5201 3038 5256 universo
3093 5210 3294 5267 genere
3330 5195 3572 5248 humano
3623 5191 3679 5244 in

400 5307 894 5360 commutationem
927 5304 1090 5359 datus
1132 5310 1234 5368 est,
1271 5311 1326 5357 et
1356 5300 1532 5357 Judaei
1565 5302 2056 5360 commutationem
2088 5304 2252 5367 hanc,
2324 5300 2431 5355 hoc
2515 5305 2623 5364 est,
2693 5298 2874 5368 ipsum
2957 5292 3248 5347 Dominum
3299 5287 3489 5344 Jesum
3540 5286 3685 5342 reci-

400 5413 537 5469 pere
587 5398 906 5462 nolnerunt,
939 5406 1132 5466 restat,
1169 5399 1350 5466 inquit
1379 5395 1676 5470 Propheta,
1726 5406 1788 5452 ut
1818 5399 1972 5454 nulla
2017 5397 2254 5469 amplius
2287 5394 2395 5448 alia
2432 5394 2516 5448 eis
2542 5394 2615 5448 sit
2654 5386 3039 5446 commutatio.

485 5489 786 5556 Ἒξέτεινε
824 5489 940 5560 τὴν
971 5489 1141 5559 xeipa
1172 5489 1362 5549 αὑτοῦ
1394 5491 1463 5546 ἐν
1498 5489 1580 5558 τῷ
1612 5488 1987 5548 ἀποδιδόναι.

475 5673 519 5707 ⁸³
558 5671 709 5729 Psal.
738 5670 938 5733 x1..ll.

2169 5484 2424 5542 Extendit
2458 5500 2676 5541 manum
2704 5497 2856 5538 suam
2911 5479 2969 5533 in
3014 5471 3370 5530 retribueudo.
3422 5467 3680 5526 Extendit

1774 5760 1972 5825 Varia)
1997 5762 2326 5827 lectiones.

478 5871 594 5947 (92)
621 5872 708 5927 Al.
742 5872 966 5943 προσέτι
1005 5873 1225 5925 νοεῖται.
