4120 6422
517 366 622 429 £33

1735 377 2119 441 EUTHYMII
2159 377 2485 443 ZIGABEN
2492 382 2519 442 Ι
2524 431 2537 447 .

3674 385 3786 451 584

526 489 673 538 Deus
739 491 1064 553 potestatem
1135 499 1199 541 ac
1290 484 1435 543 vires
1490 502 1622 544 suas
1677 489 1734 544 iu
1796 490 2084 560 puniendo1

2214 489 2515 556 Ἐξὲτεινεν
2563 495 2591 548 ὁ
2650 494 2787 560 Θεὸς
2836 495 2937 568 τὴν
2987 496 3318 569 κολαστικὴν
3374 497 3543 554 αὐτοῦ
3616 498 3782 557 δύναο

521 582 583 629 ιιι
631 575 904 647 condigna
939 576 1200 632 nimirum
1233 580 1621 649 peccatoribus
1658 581 1931 637 retribuat
1959 598 2093 640 sun-

517 665 702 736 plicia.

587 757 754 814 Vans.
784 759 873 814 22.
907 760 1339 831 Profanaverunt
1371 770 1749 821 testamentum
1780 771 1918 837 ejus.
1959 768 2093 824 Saul

514 856 568 903 ct
602 851 902 918 complices
948 852 1403 920 profanaverunt,
1450 854 1554 910 hoc
1596 866 1703 921 est,
1759 867 2091 928 spreverunt

518 942 689 1013 legem
752 942 870 1009 Dei,
930 960 1038 1013 qua
1100 950 1396 1002 mandatur
1446 965 1461 1001 :
1526 947 1728 1019 Diliges
1792 951 2091 1019 proximum

518 1044 671 1086 tuum
705 1036 768 1098 η,
812 1045 867 1090 ει
895 1037 1016 1089 .alia
1050 1036 1387 1106 hujusmodi.
1424 1039 1631 1094 Christi
1665 1049 1845 1095 autem
1879 1042 2091 1097 occiso-

516 1138 607 1178 res
635 1140 961 1193 spreverunt
996 1127 1375 1196 Evangelium.
1428 1130 1727 1187 Prol‘anum
1772 1143 1954 1188 autem
1996 1149 2094 1204 ap-

515 1213 772 1280 pellatur,
805 1217 950 1285 quod
981 1233 1271 1272 commune
1301 1230 1384 1274 est
1418 1231 1472 1276 et
1498 1238 1603 1276 non
1640 1238 1885 1278 sacrum.

594 1306 768 1361 Divisi
787 1321 912 1363 sunt
946 1310 1010 1363 ab
1051 1311 1135 1366 ira
1186 1314 1360 1368 uultus
1394 1314 1528 1382 ejus,
1555 1324 1603 1368 et
1637 1319 2090 1388 appropinquare-

518 1408 643 1452 runt
677 1400 840 1454 corda
865 1418 1067 1457 eorum.
1093 1401 1289 1467 Judaei,
1320 1405 1521 1474 inquit,
1557 1406 1720 1461 divisi
1756 1416 1882 1461 sunt
1911 1410 1979 1461 ab
2009 1408 2089 1464 ira

518 1489 702 1544 vultus
735 1489 966 1555 Christi,
1018 1496 1147 1563 quia
1192 1510 1316 1549 cum
1351 1494 1580 1550 Romani
1611 1512 1710 1551 eos
1750 1499 2091 1566 obsiderent,

516 1580 662 1637 inter
695 1598 755 1637 se
785 1584 947 1640 divisi
994 1594 1144 1641 sunt.
1206 1587 1441 1653 Quidam
1476 1591 1621 1643 enim
1682 1606 1871 1645 eorum
1908 1594 1996 1647 illa
2032 1610 2092 1649 se

515 1674 626 1739 pati
669 1675 929 1729 dicebant
964 1687 1190 1746 propter
1220 1678 1526 1744 Christum,
1594 1682 1739 1736 inter
1786 1699 1927 1752 quos
1973 1694 2093 1739 erat

516 1763 812 1836 Josephus,
839 1769 933 1837 qui
966 1769 1131 1824 etiam
1163 1769 1217 1824 in
1248 1770 1342 1825 illo
1367 1787 1532 1841 opere
1574 1788 1676 1828 suo
1701 1774 1771 1829 de
1815 1791 2092 1847 expugna-

515 1854 666 1909 tione
695 1854 1023 1925 Jerusalem,
1054 1859 1335 1915 Christum
1373 1860 1486 1917 fere
1520 1861 1691 1918 Deum
1714 1881 1831 1921 esse
1860 1875 2090 1924 testatus

517 1953 626 2000 est.
662 1944 727 1999 Et
762 1947 930 2002 corda
980 1964 1171 2004 eorum
1225 1953 1441 2007 veritati
1491 1957 2089 2026 appropinquaverunt,

518 2037 649 2089 dum
681 2038 1016 2103 cogitarent.
1044 2042 1190 2110 quod
1221 2042 1477 2099 Christus
1505 2058 1654 2102 esset
1688 2047 1852 2104 Deus.
1880 2052 2092 2121 Appro-

522 2129 787 2197 pinquare
830 2130 976 2184 enim
1015 2132 1091 2187 illi
1148 2134 1411 2191 dicuntur
1462 2139 1699 2204 veritati,
1756 2142 1849 2211 qui
1893 2145 2086 2200 saltem

514 2219 767 2275 dubitare
795 2223 1089 2291 incipiunt.

588 2312 777 2368 Molles
818 2318 951 2383 [acti
977 2329 1101 2372 sunt
1124 2336 1304 2376 eorum
1332 2340 1597 2379 sermones
1631 2343 1788 2395 super
1813 2328 2006 2394 oleum,
2037 2339 2088 2385 et

510 2405 610 2470 ipsi
631 2416 752 2458 sunt
775 2407 984 2475 jacula.
1009 2408 1121 2465 iloc
1147 2413 1211 2467 de
1237 2416 1495 2472 omnibus
1525 2418 1728 2473 Christi
1763 2421 2085 2476 interfecto-

513 2494 666 2550 ribus
695 2498 749 2550 in
778 2498 1094 2554 universum
1123 2501 1331 2556 dictum
1351 2515 1437 2560 est
1470 2526 1482 2560 :
1514 2508 1606 2577 qui
1639 2517 1933 2589 antequam
1959 2526 2083 2565 eum

511 2589 849 2655 occiderent,
894 2593 1121 2650 blandos
1171 2596 1223 2650 ei
1296 2611 1362 2652 ac
1394 2599 1541 2655 leves
1573 2616 1858 2659 sermones
1898 2605 2086 2674 loque-j

515 2679 735 2745 bantur,
769 2681 944 2738 Rabbi
973 2700 1096 2739 eum
1151 2690 1513 2757 appellantes,
1551 2701 1605 2747 et
1634 2694 1881 2753 dicentes
1925 2715 1939 2752 :
1969 2666 2114 2753 δάε

507 2786 627 2825 mus
657 2774 781 2839 quia
812 2791 970 2830 vorax
990 2794 1064 2842 es,
1084 2788 1132 2832 et
1153 2780 1365 2835 verbum
1392 2782 1486 2837 Dei
1512 2786 1564 2838 in
1594 2788 1811 2842 veritate
1842 2789 1995 2845 doces
2017 2791 2082 2857 “,

507 2870 561 2915 et
597 2863 703 2917 alia
737 2866 1075 2935 hujusmodi.
1119 2870 1222 2937 Qui
1254 2882 1434 2930 tamen
1466 2892 1525 2931 re
1560 2880 1673 2948 ipsa
1702 2889 1858 2935 erant
1915 2882 2082 2939 veluti

507 2955 827 3010 acutissima
859 2960 1105 3025 quaedam
1136 2963 1337 3032 iacula,
1376 2978 1429 3022 et
1460 2968 1607 3024 illius
1629 2975 1951 3042 sanguinem
1979 2990 2079 3046 ap-

514 3047 798 3113 petebant.
834 3050 947 3105 Dici
998 3054 1165 3108 etiam
1197 3068 1431 3125 possunt
1459 3059 1572 3115 haec
1602 3063 1767 3116 verba
1795 3063 1861 3118 de
1890 3063 2076 3129 Saule,

2201 599 2316 652 μιν,
2344 586 2438 638 ἐπὶ
2466 585 2545 657 τῷ
2575 587 2890 643 ἀποδιδόναι
2923 588 3112 653 αὐτοῖς
3155 588 3255 661 τὴν
3294 589 3658 664 ὀφειλομένην
3688 611 3779 649 τι·-

2199 675 2437 743 μωρίαν.

2280 765 2708 837 Ἐὄεϐήλωσαν
2732 772 2851 841 τὴν
2880 774 3179 844 διαθήκην
3201 776 3490 831 αὐτοῦ.Οί
3519 776 3650 847 περὶ
3686 777 3783 833 τὸν

2196 858 2371 913 Σαοὺλ
2434 862 2556 930 μὲν,
2615 864 2989 936 ἐϐεϐήλωσαν,
3016 870 3196 924 εττουν
3219 871 3662 941 περιεφρόνησαν
3684 872 3783 925 τὸν

2195 950 2383 1020 νόμον,
2409 953 2468 1016 ὃς
2497 972 2669 1024 φησιν
2692 973 2709 989 ·
2740 958 3105 1028 Ἀγαπήσεις
3162 962 3269 1015 τὸν
3333 965 3604 1029 πλησίον
3635 980 3780 1029 σου,

2196 1041 2293 1095 καὶ
2318 1044 2421 1096 ὅσα
2450 1047 2676 1101 τοιαῦτα
2697 1062 2712 1077 ⁸
2737 1049 2785 1102 oi
2809 1049 2864 1101 δὲ
2887 1052 3286 1118 χριστοκτόνοι,
3318 1052 3379 1105 τὸ
3419 1053 3779 1122 Εὐαγγέλιον.

2193 1134 2431 1207 Βέῦηλον
2464 1138 2595 1208 γὰρ,
2630 1139 2691 1193 τὸ
2714 1140 2894 1196 κοινὸν
2919 1143 3011 1196 καὶ
3041 1143 3277 1216 ἀνίερον.

2265 1322 2742 1391 Διεμερίσθησαν
2779 1322 2897 1377 ἀπὸ
2930 1321 3112 1392 ὀργῆς
3145 1324 3251 1378 τοῦ
3284 1322 3612 1393 προσώπου
3664 1326 3779 1380 αὑ-

2193 1414 2323 1476 τοῦ.
2353 1414 2451 1468 καὶ
2490 1413 2749 1483 ἤγγισαν
2779 1418 2839 1468 al
2869 1415 3106 1482 καρδίαι
3138 1414 3360 1470 αὐτῶν.
3433 1415 3566 1469 Ἀπὸ
3605 1416 3781 1486 ὀργῆς

2193 1507 2396 1579 δηλαδὴ
2449 1507 2544 1561 τοῦ
2586 1506 2857 1577 Χριστοῦο
2915 1506 3011 1560 τοῦ
3051 1507 3365 1577 Ῥωμαϊκοῦ
3399 1510 3507 1579 γὰρ
3536 1509 3778 1580 πολέμου

2197 1599 2619 1668 πολιορκοῦντος
2674 1598 2897 1662 αὐτοὺς,
2957 1598 3421 1671 διεμερίσθησαν·
3471 1601 3618 1663 τινὲς
3665 1600 3776 1670 γὰρ

2194 1692 2357 1746 αὑτὸν
2411 1691 2601 1760 ἔλεγον
2660 1691 2749 1745 διὰ
2782 1692 2872 1745 τὸν
2911 1691 3121 1762 Ἰησοῦν
3180 1692 3355 1746 ταῦτα
3397 1694 3653 1763 πάσχειν,
3698 1687 3777 1746 ὧν

2194 1779 2277 1848 εἷς
2303 1780 2372 1855 ἦν
2403 1783 2496 1837 καὶ
2525 1783 2809 1854 Ἰώσηπος,
2838 1783 3036 1855 μικροῦ
3067 1784 3201 1838 Θεὸν
3233 1785 3398 1839 αὐτὸν
3426 1785 3777 1870 ὁμολογήσας

2194 1878 2254 1929 ὲν
2282 1879 2350 1948 τῇ
2386 1875 2555 1946 βίῦλῳ
2588 1877 2688 1946 τῆς
2724 1875 2982 1941 ἁλώσεως
2998 1877 3307 1948 Ἰερουσαλή
3318 1894 3378 1946 μ.
3403 1876 3513 1930 Καὶ
3538 1877 3777 1948 ἡγγισαν

2193 1967 2252 2020 al
2302 1967 2521 2036 καρδίαι
2581 1966 2764 2021 αὐτῶν
2814 1971 2880 2039 τῇ
2934 1968 3187 2039 ἀληθείᾳ,
3243 1967 3637 2037 λογιζομένων,
3690 1968 3775 2020 ὅτι

2194 2063 2325 2125 ἴσως
2353 2060 2485 2125 θεὸς
2507 2054 2575 2135 ἦν
2607 2076 2623 2094 ο
2671 2060 2912 2132 ἐγγύτης
2939 2061 3070 2132 γὰρ,
3093 2061 3121 2112 ὁ
3147 2059 3488 2128 ὲνδοιασμός.

2275 2338 2755 2404 Ἦπαλύνθησαν
2780 2336 2834 2389 οἱ
2849 2335 3018 2404 λόγοι
3039 2333 3241 2389 αὐτῶν
3252 2336 3406 2402 ὑπερ
3422 2335 3652 2400 ελαιον,
3670 2341 3769 2387 καί

2189 2432 2361 2486 αὐτοι
2379 2432 2495 2484 εἱσι
2517 2427 2788 2494 βολίδες.
2811 2426 2983 2480 Τοῦτο
3042 2425 3236 2487 κοινῶς
3268 2426 3399 2496 περὶ
3428 2427 3647 2478 πάντων
3661 2425 3769 2475 τῶν

2190 2523 2612 2596 χριστοκτόνωψ
2634 2519 2684 2573 οἳ
2714 2520 2820 2590 πρὸ
2842 2518 2938 2572 τοῦ
2970 2519 3183 2572 ἀνελεῖν
3203 2516 3365 2569 αὐτὸν
3397 2518 3455 2569 ὲν
3478 2515 3766 2585 ὑποκρίσει

2190 2617 2385 2683 λόγους
2419 2612 2570 2684 αὐτῷ
2620 2613 2966 2682 προσέφερον
2991 2609 3256 2675 ἁπαλοὺς,
3301 2608 3492 2662 Ῥαεσὶ
3543 2603 3764 2658 καλοῦν-

2188 2726 2281 2772 τες
2322 2709 2419 2762 καὶ
2467 2707 2763 2777 λέγοντες·
2817 2703 3078 2772 Οἴδαμεν
3145 2702 3236 2756 ὅτι
3301 2698 3534 2766 ἀληθὴς
3557 2693 3631 2760 εἷ,
3659 2695 3761 2751 καὶ

2188 2799 2305 2867 τὴν
2336 2799 2483 2853 ὁδὸν
2519 2796 2627 2850 τοῦ
2664 2794 2813 2851 Θεοῦ
2840 2795 2911 2848 ἐν
2941 2794 3193 2861 ἀληθείᾳ
3219 2791 3544 2855 διδάσκεις,
3576 2790 3671 2841 καὶ
3694 2791 3766 2841 τὰ

2187 2889 2440 2947 τοιαῦτα,
2470 2888 2638 2941 Αὐτοὶ
2668 2887 2722 2940 δὲ
2744 2882 2888 2958 ἦσαν
2917 2887 3066 2940 ἔνδον
3085 2882 3405 2954 ἠκονημένα
3440 2880 3593 2950 βέλη,
3639 2880 3767 2949 ὀρε-

2189 2982 2399 3051 γόμενα
2423 2979 2523 3034 τοῦ
2555 2979 2789 3050 αἵματος
2823 2976 3012 3031 αὐτοῦ.
3038 2975 3268 3044 Λέγοιτο
3299 2973 3345 3027 δ’
3370 2973 3436 3026 ἂν
3466 2972 3644 3025 ταῦτα
3671 2970 3771 3024 καὶ

2189 3076 2318 3144 περὶ
2366 3073 2463 3127 τοῦ
2490 3073 2687 3137 Σαοὺλ,
2716 3072 2775 3136 ὃς
2807 3072 3244 3143 ὑποκρινόμενος
3297 3066 3453 3135 ἔλεγε
3473 3079 3489 3096 ο
3549 3063 3771 3117 Τέκνον

502 3139 599 3204 qui
633 3136 921 3209 Propheta:
954 3154 1145 3200 nostro
1182 3148 1399 3216 blande,
1441 3153 1535 3206 sed
1570 3154 1826 3212 simulate
1851 3156 2078 3228 loquens

2186 3136 2384 3228 Δαθὶδ,
2416 3164 2510 3217 καὶ
2550 3165 2606 3219 el
2630 3136 2683 3216 τι
2715 3136 2980 3216 τοιοῦτονξ

503 3225 716 3284 dicebat
746 3248 761 3285 :
797 3230 908 3288 Fili
938 3234 1130 3305 David,
1160 3247 1216 3293 et
1243 3241 1347 3296 alia
1380 3243 1720 3315 hujusmodi.

579 3319 742 3377 Vens.
768 3323 857 3380 2'5.
889 3324 1051 3382 Jacta
1111 3334 1400 3402 cogitatum
1456 3346 1605 3392 tuum
1653 3341 1709 3393 in
1750 3338 1994 3408 Domino,
2028 3351 2078 3397 et

500 3411 615 3480 ipse
649 3423 697 3468 te
731 3419 980 3473 enutriet.
1012 3422 1299 3491 Omnibus,
1340 3428 1433 3498 qui
1469 3429 1686 3487 insidiis
1719 3432 2073 3503 impetuntur,

504 3516 855 3563 communem
906 3511 1337 3571 admonitionem
1381 3519 1604 3588 praebet.
1648 3522 1767 3590 Ipse
1791 3524 1960 3589 enim,
1991 3525 2078 3580 in-

507 3595 644 3664 quit,
680 3596 965 3669 Dominus,
998 3605 1042 3659 si
1077 3607 1129 3662 in
1152 3623 1218 3664 eo
1242 3609 1491 3668 ﬁduciam
1528 3613 1806 3682 habueris,
1838 3618 2079 3675 enutriet

511 3696 606 3754 te;
640 3692 783 3760 quod
820 3694 867 3749 si
899 3699 1120 3765 nutriet,
1154 3702 1345 3757 induet
1373 3703 1582 3770 etiam;
1642 3714 1696 3761 et
1754 3706 1803 3762 si
1864 3707 2074 3776 induet,

504 3783 782 3838 custodiet
812 3785 1035 3858 insuper
1054 3798 1111 3844 et
1138 3792 1415 3852 liberabit.

574 3871 701 3928 Non
741 3875 889 3931 dabit
919 3882 972 3933 in
1007 3883 1265 3937 swculum
1297 3887 1698 3954 ﬂuctuationem
1746 3890 1918 3959 justo.
1955 3888 2075 3946 Non

502 3963 568 4018 ad
597 3967 853 4032 multum,
885 3971 1086 4043 inquit,
1140 3985 1360 4047 tempus
1389 3980 1542 4035 dabit
1569 3982 1721 4052 justo
1774 3994 2076 4054 tempesta-

504 4066 635 4121 tem,
663 4070 755 4114 aut
786 4067 1079 4131 procellam
1115 4072 1504 4127 tentationum.
1542 4074 1632 4129 Ait
1660 4075 1804 4130 enim
1836 4075 2074 4148 Aposto-

499 4146 587 4203 lus
640 4165 655 4201 :
690 4152 893 4210 Fidelis
928 4156 1091 4223 Deus,
1123 4162 1214 4230 qui
1267 4179 1370 4217 non
1411 4167 1674 4232 permittet
1737 4184 1831 4222 nos
1879 4146 2074 4224 tentari

500 4257 667 4310 supra
724 4245 800 4312 id,
855 4249 997 4315 quod
1058 4266 1342 4319 possumus
1373 4255 1442 4309 “.
1484 4257 1634 4311 Dixit
1685 4271 1867 4315 autem
1902 4259 2072 4316 Deum

498 4346 610 4387 non
642 4334 898 4392 daturum
933 4342 1285 4408 tentationes,
1335 4363 1447 4402 non
1493 4352 1621 4418 quia
1678 4350 1796 4420 ipse
1851 4366 1943 4406 eas
1977 4353 2076 4406 im-

499 4425 700 4491 mittat,
752 4428 848 4483 sed
889 4432 1019 4501 quia
1056 4437 1387 4503 permittens
1420 4455 1514 4496 eas
1544 4456 1573 4495 a
1610 4439 1861 4498 daemone
1909 4444 2071 4500 nobis

494 4516 710 4585 inferri,
742 4520 861 4590 ipse
910 4523 1035 4580 illas
1062 4529 1476 4596 quodammodo
1505 4533 1721 4589 videtur
1749 4534 2068 4603 immittere,
2100 4528 2146 4584 Β

494 4623 620 4662 cum
656 4612 947 4677 prohibere
982 4619 1256 4686 potuisset
1278 4629 1332 4676 et
1370 4637 1479 4677 non
1512 4625 1882 4694 prohibuerit.

567 4695 732 4751 Vsus.
760 4699 848 4752 24.
887 4700 962 4754 Τιι
1003 4715 1200 4773 autem,
1226 4708 1389 4775 Deus,
1421 4710 1641 4767 deducas
1665 4728 1751 4768 eos
1784 4714 1841 4768 in
1855 4727 2071 4784 puteum

491 4785 758 4843 interitus.
790 4792 898 4848 Eos
941 4796 1087 4861 dico,
1131 4800 1223 4869 qui
1276 4803 1542 4858 adversus
1591 4806 1913 4866 innocentes
1945 4821 2070 4868 ten-

492 4875 629 4932 dunt
658 4880 909 4939 insidias.
955 4884 1061 4942 Per
1090 4898 1316 4959 puteum
1364 4903 1546 4950 autem
1580 4896 1857 4965 interitus,
1883 4913 2068 4961 vastas

491 4970 756 5047 quasdam
815 4990 879 5031 ac
906 4978 1070 5034 veluti
1107 4983 1177 5036 ob
1209 4982 1316 5038 loci
1363 4985 1795 5053 profunditatem
1843 4990 2075 5051 inevita-

492 5061 626 5116 biles
654 5078 845 5134 pmuas
875 5068 1166 5143 intelligit;
1201 5075 1332 5143 quia
1374 5076 1420 5131 si
1459 5077 1585 5147 quis
1617 5079 1673 5132 in
1704 5089 1930 5149 puteum
1973 5100 2071 5141 ce-

488 5150 707 5220 ciderit,
741 5172 848 5210 non
887 5158 956 5214 de
984 5159 1135 5215 facili
1171 5163 1325 5219 illinc
1352 5167 1532 5222 exitus
1565 5176 1768 5236 pateat.

565 5241 683 5298 Viri
724 5250 1067 5318 sanguinum,
1111 5263 1159 5307 et
1193 5254 1369 5310 dolosi
1421 5272 1523 5310 non
1553 5257 1911 5316 dimidiabunt
1956 5263 2068 5320 dies

2264 3341 2616 3410 Ἐπίρῤιψον
2635 3339 2736 3394 ἐπὶ
2750 3339 2974 3407 Κύριον
2996 3336 3112 3406 τὴν
3141 3333 3440 3404 μέριμγὰν
3489 3348 3631 3400 σου,
3660 3330 3764 3387 και

2177 3435 2363 3500 αὐτός
2392 3448 2469 3487 σε
2517 3430 2846 3501 διαθρέψει.
2904 3427 3103 3500 Καινὴν
3155 3432 3392 3482 ποιεῖται
3418 3425 3556 3496 πρὸς
3588 3422 3766 3477 ἄπαν-

2175 3544 2278 3591 τας
2337 3523 2869 3594 ἐπιϐουλευομένους
2915 3523 3241 3592 παραίνεσιν
3269 3536 3283 3551 ·
3329 3518 3493 3581 αὐτὸς
3546 3517 3655 3586 γάρ
3702 3531 3765 3568 σε

2176 3616 2746 3690 διαορέψειέκαὶκατά
2781 3614 2942 3685 σῶμα
2969 3614 3065 3668 καὶ
3088 3613 3227 3668 κατά
3250 3610 3433 3683 ψυχήν
3457 3625 3471 3640 ·
3499 3610 3551 3662 ει
3571 3608 3629 3663 δὲ
3646 3608 3767 3661 δια-

2177 3712 2392 3783 θρὲψει,
2427 3717 2527 3765 καὶ
2561 3710 2810 3765 ἐνδῦσαι·
2848 3710 2897 3762 εί
2942 3706 3000 3760 δὲ
3024 3705 3120 3760 καὶ
3157 3705 3390 3771 ὲνδύσει,
3413 3702 3510 3758 καὶ
3531 3700 3760 3771 φυλάξει

2177 3806 2273 3859 καὶ
2303 3804 2550 3874 ῥύσεται.

2255 3900 2339 3954 Οὐ
2369 3896 2554 3952 δώσει
2587 3898 2677 3961 εις
2722 3898 2833 3950 τὸν
2875 3892 3067 3949 αίῶγα
3131 3890 3333 3947 σάλον
3387 3888 3468 3955 τῷ
3520 3887 3758 3948 δικαίῳ.

2177 3990 2252 4043 Οὐ
2306 3987 2468 4041 δώσει
2519 3990 2688 4059 μέχρι
2748 3984 2946 4040 πολλοῦ
2978 3984 3225 4038 κλύδωνα
3246 3980 3322 4052 τῷ
3366 3979 3595 4049 δικαίῳ·
3621 3980 3760 4048 φησὶ

2176 4082 2286 4152 γὰρ
2316 4081 2346 4132 ὁ
2385 4079 2735 4144 Ἀπόστολος,
2795 4079 2880 4131 ὅτι
2934 4075 3158 4140 Πιστὸς
3203 4077 3238 4128 ό
3296 4072 3464 4138 Θεὸς,
3521 4069 3591 4135 ὃς
3642 4071 3763 4122 οὐκ

2175 4172 2344 4228 ἐάσει
2379 4171 2535 4242 ἡμᾶς
2555 4169 2958 4240 πειρασθῆναι
2977 4167 3131 4235 ὑπὲρ
3154 4165 3186 4219 ὃ
3212 4164 3541 4233 δυνάμεθα.
3567 4189 3639 4202 -
3669 4162 3757 4214 Οὐ

2176 4266 2357 4321 δώσει
2378 4264 2438 4319 δι
2461 4260 2636 4329 εἶπεν,
2660 4265 2744 4318 ὅτι
2770 4259 3123 4332 παραχωρῶν
3146 4256 3452 4326 ἐπάγεσθαι
3499 4254 3603 4307 ὑπὸ
3638 4252 3763 4307 δια-

2175 4361 2333 4415 δόλου
2362 4359 2491 4422 τοὺς
2523 4357 2890 4428 πειρασμοὺς,
2954 4353 3105 4407 δοκεῖ
3160 4350 3329 4413 αὐτὸς
3351 4348 3575 4409 τούτους
3613 4344 3757 4398 ἐπά-

2176 4469 2317 4522 γειν,
2341 4452 2426 4506 ὅτι
2455 4450 2700 4505 κωλῦσαι
2727 4447 3053 4516 δυνάμενος,
3073 4444 3178 4499 οὐκ
3204 4441 3469 4497 ἐκώλυσε.

2244 4707 2329 4762 Σὺ
2369 4705 2461 4774 δὲ,
2498 4708 2531 4761 d
2565 4704 2735 4772 Θεὸς,
2757 4702 3039 4770 κατάξεις
3063 4701 3288 4767 αὐτοὺς
3308 4718 3398 4766 εις
3410 4699 3597 4769 φρέαρ
3621 4695 3751 4752 δια-

2173 4799 2423 4873 φθορᾶς.
2466 4798 2606 4860 Τοὺς
2661 4795 3114 4858 ἐπιϐουλεύοντας
3148 4796 3262 4856 τοῖς
3300 4792 3504 4855 ἀθώοις
3531 4807 3545 4821 ’
3574 4790 3755 4860 φρέαρ

2172 4894 2283 4964 γὰρ
2311 4892 2611 4964 διαφθορᾶς
2639 4886 2794 4945 εἶπεν
2826 4890 2886 4944 τὸ
2933 4889 3070 4960 βαθὺ
3103 4886 3196 4941 καὶ
3243 4886 3483 4954 ἄφυκτον
3538 4882 3638 4953 τῆς
3666 4899 3754 4936 τι·

2174 4987 2388 5059 μωρίας
2423 5004 2439 5019 ο
2461 4985 2709 5040 τοιοῦτον
2737 4982 2846 5056 γὰρ
2878 4982 2942 5036 τὸ
2971 4982 3174 5055 φρέαρ.

2244 5259 2496 5326 ’Ἄνδρες
2532 5254 2795 5324 αἱμάτων
2819 5254 2920 5309 καὶ
2952 5252 3305 5320 δολιότητος
3360 5267 3431 5305 ου
3456 5267 3544 5319 μη
3606 5247 3746 5317 ἡμι-

485 5349 632 5388 suos.
685 5335 851 5405 Atqui
903 5340 956 5392 in
1001 5341 1213 5409 psalmo
1263 5348 1667 5416 septuagesimo
1722 5352 1961 5406 secundo
1989 5352 2058 5406 de

2186 5352 2440 5406 γεύσωσι
2466 5348 2572 5417 τὰς
2600 5348 2821 5418 ἡμέρας
2855 5346 3073 5402 αὐτῶν.
3108 5347 3218 5400 Καὶ
3268 5345 3374 5416 μὴν
3432 5347 3489 5397 ἐν
3542 5343 3620 5412 τῷ
3669 5342 3747 5412 οβ’

488 5424 803 5493 huiusmodi
859 5428 1178 5488 hominibus
1239 5434 1513 5505 Propheta
1549 5440 1700 5507 dicit,
1754 5443 1898 5511 quod
1947 5445 2057 5498 dies

2186 5440 2373 5512 [καλμῷ
2401 5441 2534 5512 περὶ
2559 5440 2668 5493 τῶν
2700 5439 2961 5493 τοιούτων
2989 5426 3160 5509 λέγει,
3221 5437 3304 5490 ὃτι
3386 5436 3479 5489 καὶ
3532 5433 3749 5502 ἡμέραι

485 5513 628 5579 pleni
674 5520 1024 5578 invenientur
1074 5526 1128 5580 in
1180 5529 1283 5582 eis.
1320 5529 1522 5585 Verum
1579 5532 1653 5588 ibi
1703 5534 1894 5603 plenos
1940 5536 2058 5591 dies

2186 5529 2421 5600 πλήρεις
2451 5531 2883 5599 εὑρεθήσονται
2906 5531 2976 5585 ἐν
3005 5529 3230 5597 αὐτοῖς.
3252 5529 3419 5599 Δῆλον
3450 5526 3543 5581 οὖν
3572 5527 3655 5580 ὅτι
3688 5529 3748 5579 ὲν

486 5604 643 5672 dixit,
677 5614 977 5679 respiciens
1011 5631 1119 5672 non
1160 5616 1228 5671 ad
1262 5618 1403 5686 vitae,
1434 5623 1533 5677 sed
1579 5623 1647 5678 ad
1678 5624 1934 5680 vitiorum
1994 5640 2061 5680 ac

2186 5625 2364 5694 ικείνῳ
2394 5624 2622 5695 πλήρεις
2646 5623 2745 5689 τὰς
2772 5624 2985 5696 ἡμέρας
3027 5623 3221 5696 φησὶν,
3253 5621 3315 5675 οὐ
3362 5620 3501 5693 πρὸς
3546 5619 3746 5691 μέτρον

560 5791 603 5821 “
629 5792 785 5850 Deut.
814 5798 986 5858 v1.5:
1030 5799 1221 5859 Matth.
1286 5818 1399 5869 xu,
1455 5805 1510 5860 9.
1592 5806 1633 5837 ³³
1669 5804 1859 5861 Matth.
1919 5822 2052 5874 uti,

2251 5807 2294 5840 ”
2326 5806 2340 5860 l
2368 5807 2494 5863 Cor.
2535 5826 2587 5877 χ,
2625 5808 2711 5862 l5.
