4120 6422
382 378 489 440 585

1560 371 1952 434 COMMENT.
2014 369 2096 431 IN
2139 368 2504 431 PSALMOS.
3333 373 3362 392 ‘

3557 360 3670 428 586

378 495 481 566 τῆς
509 492 678 564 ζωῆς,
707 487 862 544 mar
887 487 1024 560 πρδς
1049 487 1148 559 τὴν
1198 486 1422 551 κακίαν,
1484 488 1568 541 ὅτι
1621 487 1681 541 ai
1747 487 1960 558 ἡμέραι

2097 484 2295 540 ηιιιὶιίιε
2341 493 2681 538 mensuram.
2735 479 2960 535 Illorum
2999 477 3147 534 enim
3175 475 3296 534 dies
3326 476 3476 533 vitiis
3517 476 3672 549 pleni

381 586 566 644 αὐτῶν
591 583 819 654 πλήρεις
852 582 952 653 τῆς
985 580 1206 644 κακίας.
1259 580 1525 636 Ἐνταῦθα
1568 579 1626 634 δέ
1660 597 1850 652 φησιν,
1885 581 1969 636 δτι

384 673 654 748 προειδὼς
678 675 707 728 ό
733 673 866 736 Θεδς
899 672 999 744 τὴν
1029 672 1302 744 ἀμετρίαν
1353 675 1452 743 τῆς
1500 672 1704 736 κακίας
1765 672 1969 737 αὐτῶν,

384 766 772 840 προεκθερίζει
802 767 1048 830 τούτους,
1082 765 1171 819 ἵνα
1209 764 1285 837 μὴ
1321 765 1507 821 πλεῖον
1531 765 1850 836 ἁμάρτωσι,
1878 767 1975 820 καὶ

380 861 595 930 γίνεται
629 857 1014 930 φιλανθρωπία
1055 859 1088 928 ή
1121 856 1384 928 τιμωρία.
1455 857 1515 910 ὐ
1555 857 1611 910 δέ
1658 856 1819 926 λόγος
1872 857 1976 911 οὐκ

381 953 499 1007 ἐστι
531 951 839 1015 καθολικδς,
895 949 1012 1004 ἀλλ’
1064 951 1173 1005 ἀπὸ
1206 950 1327 1003 τοῦ-
1359 948 1751 1014 πλεονάζοντος
1776 965 1792 980 ο
1853 948 1976 1003 ἐπεί

295 1055 320 1071 ⁸
379 1061 530 1107 τινες
554 1042 814 1106 τοιοῦτοι,
841 1045 907 1114 τῇ
940 1040 1112 1114 κακίᾳ⁸
1146 1043 1662 1112 συγκατεγήρασαν.
1701 1035 1870 1096 Εἶπεν
1923 1040 1982 1094 δὲ

379 1136 564 1200 τοῦτο,
603 1136 948 1207 ἐκδειματῶν
973 1136 1100 1198 τοὺς
1131 1136 1410 1204 φονικοὺς,
1443 1136 1538 1188 καὶ
1566 1133 1778 1197 δολίους
1809 1150 1824 1165 ·
1883 1133 1980 1190 ἄν⁶

381 1227 510 1296 δρες
543 1228 602 1282 δὲ
630 1227 885 1298 αἱμάτων
914 1229 1008 1282 καὶ
1041 1228 1356 1300 δολιότητος
1401 1227 1651 1298 εἴρηκεν,
1684 1233 1762 1292 ὡς
1793 1227 1984 1298 ἀνδρι-

382 1320 650 1390 ζομένους
683 1323 765 1385 εἰς
797 1321 994 1391 φόνους
1025 1322 1122 1376 καὶ
1142 1321 1325 1385 δόλους
1358 1336 1372 1351 ⁶
1407 1321 1496 1375 διά
1548 1321 1606 1375 δὲ
1660 1321 1754 1374 τοῦ
1806 1319 1982 1385 δόλου,

383 1413 573 1466 πᾶσαν
609 1412 812 1468 κακίαν
839 1410 1082 1484 ᾐνίξατο.
1119 1413 1333 1476 Ἀλλως
1386 1430 1468 1478 τε,
1523 1413 1716 1484 ὥσπερ
1771 1412 1986 1483 ἄνθρω-

382 1520 490 1556 πον
515 1503 742 1575 εἰρήνης
772 1504 923 1572 λέγει
973 1503 1067 1559 τδν
1120 1505 1421 1576 εἰρηνικὸν,
1473 1503 1615 1558 οὓτω
1659 1503 1755 1559 καὶ
1811 1503 1984 1574 ἄνδρα

381 1595 660 1667 αἱμάτων,
686 1596 777 1650 τὸν
801 1597 1106 1669 αίμοχαρῆ,
1141 1598 1234 1650 καὶ
1255 1597 1355 1650 ὅσα
1389 1595 1639 1650 τοιαῦτα.

2078 590 2274 644 erant;
2302 578 2408 632 hoc
2436 582 2621 630 autem
2653 574 2708 627 in
2737 574 2856 627 loco
2885 572 2984 637 ait,
3015 571 3160 644 quod
3186 571 3497 643 praevidens
3528 572 3672 628 Deus

2079 671 2355 726 scelerum
2399 667 2828 722 immensitatem
2857 703 2873 730 ,
2903 679 2999 722 eos
3025 673 3153 721 ante
3180 674 3399 735 tempus
3454 664 3674 730 evellet,

2081 780 2148 818 ne
2170 761 2386 818 scilicet
2413 759 2589 830 magis
2615 768 2879 830 peccent:
2899 758 3042 812 unde
3066 757 3254 812 divina
3277 756 3569 828 castigatio
3589 757 3673 812 eis

2082 852 2316 910 edicitur
2371 851 2425 905 in
2456 848 2921 906 misericordiam.
2968 849 3034 902 Et
3069 866 3254 905 sermo
3281 851 3385 905 iste
3417 866 3526 904 non
3554 848 3681 903 uni-

2084 942 2343 1010 vcrsalis,
2366 940 2588 995 tametsi
2630 941 2684 994 in
2713 939 2966 1010 pluribus
3002 937 3059 993 id
3091 940 3395 1008 contingat.
3431 937 3683 993 Nonnul-

2085 1038 2166 1092 los
2197 1035 2346 1092 enim
2399 1050 2526 1090 eum
2583 1033 2702 1089 suis
2747 1032 2899 1088 vitiis
2949 1030 3202 1088 videmus
3251 1046 3680 1089 consenescere.

2085 1129 2202 1184 lloe
2255 1139 2439 1184 autem
2497 1128 2657 1193 dixit,
2707 1133 2768 1181 ut
2816 1125 3271 1198 sanguinolentos
3338 1140 3403 1181 ac
3457 1125 3685 1183 dolosos

2087 1223 2241 1279 viros
2286 1221 2770 1294 perterrefaceret.
2809 1218 2972 1275 Viros
3011 1227 3200 1275 autem
3256 1218 3588 1289 sanguinum
3633 1227 3688 1273 et

2087 1315 2314 1371 dolosos
2343 1314 2506 1378 dixit,
2561 1313 2730 1370 veluti
2760 1312 3000 1369 viriliter
3047 1319 3276 1383 agentes
3327 1311 3474 1366 circa
3525 1309 3686 1364 dolos

2095 1419 2152 1464 et
2188 1409 2363 1464 credes
2396 1427 2410 1464 :
2443 1419 2498 1464 et
2533 1423 2633 1478 per
2661 1407 2849 1463 dolum
2878 1421 3045 1462 omne
3076 1406 3273 1460 vitium
3303 1405 3584 1475 intelligit.
3620 1403 3689 1458 Et

2093 1499 2561 1570 quemadmodum
2609 1514 2994 1570 saepenumero
3037 1499 3215 1554 virum
3252 1499 3428 1568 pacis,
3472 1497 3684 1552 dictum

2093 1594 2400 1664 reperimus
2435 1594 2580 1664 apnd
2617 1591 2960 1664 Scripturam
2983 1633 2997 1657 ,
3035 1606 3136 1664 pro
3170 1593 3288 1648 viro
3317 1591 3572 1663 paciﬁco,
3616 1584 3692 1650 ita

380 1704 440 1767 et
480 1696 658 1750 virum
685 1695 1014 1764 sanguinum
1045 1711 1194 1751 nunc
1239 1695 1366 1767 poni
1409 1693 1688 1756 videmus,
1725 1708 1827 1765 pro
1859 1693 1976 1746 viro
2017 1691 2380 1760 sanguinario
2408 1732 2422 1756 ,
2461 1691 2568 1746 hoc
2597 1700 2716 1758 est,
2760 1703 2867 1756 pro
2900 1706 2967 1745 eo
3035 1690 3132 1761 qui
3197 1691 3470 1749 sanguine
3537 1692 3692 1747 dele-

381 1797 594 1842 ctatur.
624 1788 690 1842 Et
719 1787 828 1842 alia
855 1785 1108 1857 ejusdem
1142 1786 1312 1842 modi.

472 1899 626 1970 Ἐγὼ
647 1897 736 1964 δὲ,
770 1899 968 1967 Κύριε,
1001 1899 1194 1954 ὲλπιῶ
1223 1899 1323 1954 ἐπὶ
1361 1900 1462 1954 σέ.
1522 1900 1696 1954 Τοῦτο
1753 1897 1993 1968 σύνηθες-

2171 1895 2284 1961 Ego
2320 1902 2498 1947 autem
2549 1893 2772 1962 sperabo
2805 1892 2861 1944 in
2897 1900 2971 1956 te,
2998 1890 3244 1952 Domine,
3279 1891 3402 1946 Haec
3436 1901 3524 1948 est
3566 1908 3687 1950 cono

385 1994 480 2048 ἀεὶ
503 1990 840 2063 ἐπιφώνημα
870 1991 950 2060 τῷ
975 1993 1143 2046 Δαόίδ
1176 2010 1190 2024 ·
1218 1991 1367 2058 ἅπαξ
1396 1993 1505 2064 γὰρ
1554 1992 1838 2064 πειραθεὶς
1895 1992 1990 2044 τοῦ

387 2082 610 2156 καρποῦ
635 2086 738 2155 τῆς
764 2083 845 2148 είς
870 2084 1006 2138 Θεὸν
1044 2084 1280 2152 ἐλπίδος,
1308 2085 1402 2140 καὶ
1429 2086 1640 2151 ἐλπίζει
1671 2086 1875 2148 διόλου,
1899 2085 1994 2137 καὶ

393 2174 647 2237 ἐλπίζειν
700 2172 978 2243 ὁμολογεῖ.
1035 2172 1297 2245 Ἃρμόσει
1347 2175 1394 2228 δ’
1437 2175 1504 2229 ἂν
1527 2177 1624 2230 καὶ
1645 2177 1778 2246 ἡμῖν
1805 2176 1833 2227 ὁ
1861 2173 1995 2243 ψαλ-

398 2267 520 2339 μδς,
537 2264 648 2336 (95)
671 2264 839 2336 χωρὶς
855 2263 1056 2333 ὀλίγων
1074 2265 1277 2336 ῥητῶν.
1315 2267 1351 2322 ά
1381 2269 1476 2322 καὶ
1499 2267 1784 2338 προϊόντες
1800 2282 1995 2336 σημει-

411 2357 692 2430 ωσόμεθα.
725 2356 809 2409 Τά
841 2356 941 2427 μὲν
958 2352 1053 2410 οὖν
1079 2355 1352 2427 εὔληπτα,
1382 2358 1703 2429 παρήσομεν
1732 2357 1991 2421 νοεῖσθαι,

407 2453 551 2504 κατὰ
571 2451 662 2521 τὴν
699 2449 816 2521 (94)
840 2449 1356 2522 προαποδεδομένην
1397 2449 1663 2521 ἐξήγησιν
1696 2467 1711 2481 ·
1769 2450 1840 2502 τά
1865 2449 1994 2502 δυσ-

403 2542 696 2612 χερέστερα
751 2541 834 2607 δὲ,
867 2540 1386 2612 μεταχειρισάμεθα.
1451 2541 1797 2610 Ἐλυπήθην
1821 2540 1891 2594 ἐν
1918 2540 1994 2610 τῇ

395 2633 738 2704 ἀδολεσχίᾳ
781 2650 927 2703 μου,
981 2633 1208 2704 δηλαδὴ,
1241 2636 1312 2706 τῇ
1360 2632 1498 2704 πρὸς
1549 2633 1682 2698 τοὺς
1720 2633 1993 2704 ἐμπαθεῖς

399 2727 704 2798 λογισμοὺς
727 2726 917 2798 ὁμιλίᾳ
947 2743 1052 2798 μου
1079 2743 1092 2758 ⁸
1127 2725 1304 2797 λύπην
1334 2725 1444 2797 γάρ
1478 2725 1706 2798 ὕστερον
1729 2729 1794 2781 ἐκ
1821 2744 1992 2796 μετα-

399 2817 628 2888 μελείας
664 2817 918 2888 ἐπιφέρει
947 2832 960 2845 ·
993 2816 1117 2888 ήτῇ
1150 2818 1288 2889 πρὸς
1318 2818 1444 2880 τοὺς
1465 2818 1727 2887 τυχόντας
1777 2817 1993 2890 ἀνθρώ-

397 2927 537 2972 πους
601 2909 964 2982 άκαιρολογίᾳ
1026 2926 1129 2980 μου
1157 2925 1172 2940 ⁶
1224 2909 1319 2963 καὶ
1369 2908 1701 2979 ἐταράχθην,
1753 2907 1864 2963 άπὺ
1893 2908 1994 2979 τῆς

397 3001 676 3072 ὑποϐολῆς
702 3001 798 3056 τοῦ
833 3001 1031 3074 ἐχθροῦ
1069 3019 1172 3072 μου
1206 3002 1302 3055 καὶ
1334 3000 1671 3072 άμαρτωλοῦ
1694 3000 1949 3073 δαίμονος
1975 3017 1988 3030 °

398 3095 692 3165 ἐμάκρυνα
711 3093 768 3148 δὲ
803 3094 911 3149 ἀπὸ
943 3094 1039 3148 τοῦ
1068 3093 1228 3161 Θεοῦ,
1260 3093 1546 3165 κολληθεὶς
1582 3095 1696 3158 τοῖς
1745 3093 1991 3165 δαίμοσι,

2098 1998 2253 2041 sueta
2289 1983 2568 2039 invocatio
2599 1983 2742 2038 beati
2777 1980 2948 2036 David
2979 1999 2992 2035 :
3018 1982 3111 2051 qui
3142 1997 3267 2037 cum
3305 1983 3510 2054 saepius
3540 1984 3693 2040 illius

2097 2080 2212 2150 spei
2235 2079 2479 2134 fructum
2494 2073 2958 2146 expertusfuerit,
2974 2077 3161 2144 quaein
3180 2073 3352 2131 Deum
3385 2083 3492 2142 est,
3518 2077 3694 2146 impo-

2096 2180 2307 2228 sterum
2352 2177 2406 2225 et
2448 2168 2704 2225 stabilem
2735 2168 2788 2222 in
2816 2181 2884 2223 eo
2917 2181 3072 2238 spem
3113 2167 3374 2234 collocat,
3418 2177 3474 2224 et
3522 2169 3696 2224 collo-

2098 2275 2258 2317 casse
2288 2275 2410 2316 eam
2445 2258 2761 2315 conﬁtetur.
2803 2255 3076 2328 Congruit
3101 2257 3268 2312 etiam
3315 2257 3404 2314 bic
3445 2259 3696 2329 psalmus

2097 2353 2360 2408 omnibus
2385 2349 2661 2415 ﬁdelibus,
2688 2347 2884 2419 paucis
2912 2356 3126 2403 tantum
3155 2349 3428 2420 exceptis,
3479 2364 3600 2419 qua:
3640 2349 3694 2404 in

2096 2459 2396 2515 progressu
2436 2440 2775 2497 declarando
2820 2439 3296 2511 signiticabimus;
3353 2455 3544 2496 verum
3583 2457 3695 2498 non

2096 2541 2281 2595 omnia
2310 2553 2531 2596 rursum
2563 2553 2929 2608 exponemus,
2959 2537 3056 2592 sed
3086 2535 3417 2592 obscuriora
3456 2543 3695 2590 tantum.

2097 2633 2233 2688 Nam
2273 2647 2397 2704 quae
2429 2630 2616 2686 facilia
2679 2637 2832 2694 sunt,
2863 2630 3112 2685 sinemus
3149 2629 3379 2698 intelligi
3413 2628 3575 2696 juxta
3603 2644 3698 2684 ex-

2098 2728 2430 2799 positionem
2465 2727 2579 2796 jam
2619 2725 2880 2780 traditam
2917 2742 2930 2778 :
2968 2723 3330 2779 Contristatus
3361 2739 3479 2777 sunt
3517 2723 3571 2777 in
3595 2739 3698 2777 me-

2096 2817 2355 2872 ditatione
2399 2831 2537 2882 mea,
2595 2813 2701 2869 boc
2753 2821 2877 2879 est,
2920 2812 2976 2868 in
3023 2815 3448 2870 conversatione
3475 2855 3489 2879 ,
3531 2829 3698 2884 quam

2097 2908 2265 2964 habui
2288 2907 2416 2964 dum
2438 2909 2492 2961 in
2515 2906 2946 2977 cogitationibus
2963 2921 3143 2963 essem
3169 2908 3696 2977 perturbatissimis.

2098 2999 2502 3071 aﬂectibusque
2555 3015 2619 3054 ac
2689 2998 3048 3069 passionibus
3101 3001 3306 3070 plenis.
3359 2999 3698 3070 llujusmodi

2098 3097 2247 3153 enim
2309 3095 2675 3166 cogitationes
2736 3109 2906 3160 mete,
2964 3094 3263 3150 subsecuta
3327 3095 3701 3165 poenitentia.

398 3185 488 3239 διὰ
518 3187 614 3257 τῆς
635 3187 732 3240 τοῦ
766 3187 884 3258 βίου
911 3205 1014 3260 μου
1053 3187 1384 3260 μιαρότητος
1409 3203 1424 3218 ο
1464 3188 1558 3242 καὶ
1606 3187 1874 3258 ηὐλίσθην
1934 3190 1993 3242 ἐν

2102 3188 2352 3244 dolorem
2411 3187 2541 3241 mihi
2589 3186 2849 3242 alierum.
2935 3183 3032 3242 Vel
3092 3185 3285 3259 [quia
3324 3226 3341 3251 ,
3401 3197 3464 3242 ut
3531 3201 3699 3258 supe-

398 3276 467 3345 τῇ
511 3249 739 3345 ἐρημία,
766 3249 876 3328 ’καὶ
911 3249 1205 3348 ’ἀκαρπίᾷ
1266 3249 1756 3344 ίίαταπόντισον,
1798 3249 1993 3347 ιξύριε,

2113 3281 2232 3336 rius
2306 3278 2552 3335 diximus
2601 3318 2616 3344 ,
2665 3275 2856 3333 Graeca
2944 3249 3116 3333 dictio
3173 3249 3498 3348 ’ἀδολεσχία
3579 3249 3692 3333 non

400 3368 503 3422 καί
543 3367 867 3423 καταδιελε
892 3369 1000 3436 τὰς
1030 3368 1320 3440 γλώσσας
1349 3367 1572 3434 αὐτῶν,
1635 3369 1746 3424 τῶν
1802 3370 1996 3441 δαιμό-

400 3477 530 3525 νων,
553 3459 698 3515 ὣστε
734 3462 813 3532 μὴ
832 3459 1100 3516 δύνασθαι
1126 3463 1447 3532 συμφωνεῖν
1485 3463 1566 3527 είς
1592 3461 1692 3526 τάς
1715 3463 1838 3516 κατ’
1859 3461 1998 3534 ἐμοῦ

399 3553 718 3619 ἐπιϐουλάς,
738 3554 859 3608 Ὅτι
915 3550 1084 3609 εἶδον
1111 3555 1366 3625 ἀνομίαν
1401 3555 1501 3610 καὶ
1531 3556 1890 3626 ἀντιλογίαν
1928 3557 2000 3610 ἐν

399 3644 478 3713 τῇ
504 3647 699 3712 πόλει,
735 3647 924 3717 ήγουν,
961 3648 1018 3702 ἐν
1051 3650 1120 3719 τῇ
1152 3647 1400 3719 πολιτείᾳ
1433 3648 1637 3706 αὐτῶν.
1707 3648 2000 3719 ’Δνομοῦσι

401 3739 516 3808 γὰρ
554 3738 988 3809 ἁμαρτάνοντες,
1021 3739 1120 3792 κα)⁹
1147 3738 1494 3808 ἀντιλέγουσι
1534 3741 1646 3804 τοῖς
1683 3744 1798 3804 σοῖς
1828 3757 1995 3812 προσ·

398 3832 649 3900 τάγμασι
681 3846 695 3861 ·
731 3831 884 3902 τείχη
909 3831 966 3885 δὲ
999 3831 1193 3902 αὐτῆς,
1229 3832 1278 3885 οί
1316 3832 1656 3905 ἰσχυρότεροι
1694 3832 1756 3899 ἐξ
1777 3835 1957 3888 αὐτῶν
1983 3851 1997 3865 ⁸

401 3921 573 3985 κόπος
645 3922 702 3975 δὲ
759 3923 818 3974 ἐν
895 3923 1048 3995 μέσῳ
1114 3924 1324 3994 αὐτῆς,
1384 3925 1472 3979 διὰ
1547 3927 1678 3989 τοὺς
1751 3926 1998 3999 στερρῶς

399 4013 590 4079 αὐτοῖς
641 4014 1183 4087 άνταγωνιζομὲνους
1210 4033 1224 4048 °
1287 4016 1542 4070 πλατεῖαι
1594 4017 1654 4071 δὲ
1706 4018 1904 4088 αὐτῆς,
1940 4021 1999 4072 αἱ

399 4103 516 4156 ὁδοὶ
543 4105 745 4173 αὐτῶν,
782 4107 856 4170 ὡς
883 4108 1260 4178 άντικείμεναι
1298 4111 1364 4180 τῇ
1390 4111 1548 4181 στενῇ
1571 4109 1676 4178 ὀδῷ
1695 4109 1788 4163 τοῦ
1818 4109 1958 4164 Θεοῦ
1979 4125 1993 4140 °

405 4197 570 4258 τόκος
599 4197 679 4262 δέ,
714 4200 748 4270 ή
781 4198 1068 4270 προσθήκη
1100 4202 1196 4267 καὶ
1222 4200 1450 4268 ἐπαυξις
1482 4201 1584 4270 τῆς
1625 4201 1739 4274 (95)
1793 4201 1998 4275 προθυ·

407 4289 542 4358 μίας
575 4306 589 4320 ο
631 4291 693 4343 τὸ
725 4291 803 4356 δέ,
838 4291 970 4345 Ὅτι
993 4293 1047 4345 ει
1077 4293 1109 4346 ὸ
1142 4293 1358 4364 ἐχθρὸς
1385 4293 1666 4348 ὠνείδισέ
1687 4311 1786 4363 με,
1811 4295 1998 4349 καὶτὰ

400 4380 556 4452 ἐξῆς,
590 4383 720 4455 άχρι
743 4383 861 4449 τοῦ,
908 4385 1156 4440 Ἑλθέτω
1191 4385 1268 4454 δὴ
1300 4387 1559 4453 θάνατος
1597 4386 1692 4440 ἐπ’
1750 4387 1996 4455 αὐτοὺς,

399 4477 687 4550 προσώπῳ
746 4478 840 4532 τοῦ
898 4479 1138 4551 Χριστοῦ
1197 4479 1310 4552 (90)
1366 4481 1664 4551 λέγονται,
1708 4481 1852 4536 κατὰ
1903 4480 1998 4536 τοῦ

413 4572 611 4638 Ἰούδα,
643 4572 826 4636 καθὼς
851 4574 1160 4644 εἰρήκαμεν
1195 4589 1211 4604 ·
1266 4573 1469 4628 ἐλθέτω
1506 4573 1565 4628 δὲ
1621 4574 1851 4640 θάνατος
1903 4575 1998 4628 ἐπὶ
2034 4609 2078 4663 D

395 4668 531 4728 τοὺς
568 4665 850 4736 δαίμονας,
887 4666 1007 4738 ήτοι
1051 4668 1323 4738 παντελὴς
1376 4668 1765 4739 άνενεργησία.
1827 4667 1902 4723 Τὸ
1943 4669 2000 4723 δέ

399 4757 540 4829 ἐξῆς
571 4761 1049 4832 προηρμήνευται.
1076 4761 1372 4831 Παροικίαι
1404 4760 1463 4814 δὲ
1491 4759 1698 4824 αὐτῶν,
1763 4761 1814 4813 οἱ
1863 4759 2004 4832 πλη-

403 4852 632 4915 σιασμοὶ
665 4852 846 4907 αὐτῶν
868 4853 1005 4926 πρὸς
1031 4853 1202 4924 ἡμᾶς.
1228 4853 1370 4917 Τοὺς
1403 4852 1602 4916 αὐτοὺς
1641 4852 1700 4905 δὲ
1739 4851 1851 4906 νόει
1910 4869 2002 4922 μοι

409 4938 510 4990 καὶ
545 4939 886 5010 ἐγγίζοντας,
943 4945 1019 5008 ὡς
1049 4946 1136 4999 ἀεὶ
1186 4943 1633 5017 προσϐάλλοντας
1685 4944 1840 5015 ἡμῖν.
1896 4942 2001 4997 Ἐν

411 5032 669 5098 πολλοῖς
698 5030 768 5084 δὲ
797 5029 959 5103 ἦσαν
992 5037 1118 5091 σὺν
1142 5037 1297 5107 ἐμοὶ,
1335 5037 1459 5092 ἀντὶ
1486 5036 1578 5090 τοῦ
1612 5037 1719 5091 Σὺν
1774 5035 1994 5098 πολλοῖς

406 5117 553 5192 ἦσαν
578 5126 633 5174 ἐν
664 5125 810 5193 ἐμοὶ,
833 5127 950 5177 κατ’
972 5125 1274 5198 ἐναλλαγὴν
1295 5127 1405 5181 τῶν
1427 5127 1743 5199 προθέσεων
1770 5145 1784 5158 '
1809 5128 1992 5192 ὅέστι,

404 5211 604 5263 Πολλοὶ
636 5212 897 5281 συνῆλθον
933 5215 1055 5269 κατ’
1093 5217 1251 5287 ἐμοῦ.
1279 5219 1395 5271 Οὐκ
1419 5217 1535 5271 ἔστι
1560 5219 1616 5271 δέ
1661 5218 1846 5283 αὐτοῖς
1869 5219 2000 5272 άντ-

402 5305 672 5374 άλλαγμα
705 5307 818 5378 (97)
850 5307 1155 5372 τουτέστιν,
1186 5310 1500 5380 άνταλλαγὴ
1551 5310 1660 5364 άπὸ
1692 5310 1892 5374 κακίας
1916 5311 1996 5375 είς

399 5397 794 5472 άγαθωσύνην,
826 5399 903 5464 ὡς
935 5402 1380 5471 προαποδέδοται,
1460 5402 1884 5471 Ἐϐεόήλωσαν
1925 5403 1996 5458 δὲ

2105 3379 2317 3426 tantum
2351 3370 2796 3436 meditationem,
2828 3369 2924 3427 sed
2961 3371 3333 3441 nugacitatem
3367 3373 3560 3435 etiam,
3601 3381 3700 3425 aut

2105 3466 2510 3534 argutationem
2538 3462 2836 3532 signiﬁcat,
2862 3461 3024 3531 juxta
3048 3462 3215 3518 alium
3237 3478 3489 3528 sensum,
3538 3464 3627 3520 dic
3657 3464 3700 3536 ι]

2103 3555 2492 3612 Contristatus
2527 3571 2648 3611 sum
2686 3555 3078 3626 intempestivo
3107 3571 3366 3612 sermone
3401 3573 3544 3623 meo,
3591 3573 3705 3628 quo

2103 3649 2334 3706 assidue
2365 3649 2422 3704 in
2450 3647 2793 3718 quotidianis
2826 3647 3129 3720 colloquiis
3147 3649 3430 3720 superﬂue
3460 3659 3587 3705 utor
3607 3691 3622 3715 ,
3653 3667 3704 3705 et

2105 3739 2350 3794 turbatus
2385 3756 2506 3794 sum
2536 3740 2604 3793 ab
2630 3739 2845 3795 inimici
2884 3741 3015 3801 mei.
3051 3747 3107 3796 et
3135 3741 3204 3795 ab
3249 3741 3405 3812 inqui
3473 3756 3539 3797 ac
3576 3757 3706 3812 pee-

2103 3834 2312 3891 catoris
2339 3835 2606 3890 daemonis
2631 3834 2989 3905 suggestione
3012 3833 3342 3906 :Elongatus
3387 3837 3550 3892 etiam
3584 3853 3704 3891 sum

2103 3944 2137 3982 a
2167 3926 2298 3994 Deo,
2325 3934 2382 3982 et
2409 3925 2618 3982 adhaesi
2654 3926 2898 3992 diabolo,
2931 3928 3116 3996 pravis
3162 3929 3425 3982 nimirum
3459 3929 3701 3982 actioni-

2105 4019 2210 4075 bus
2227 4019 2400 4086 meis;
2438 4029 2487 4075 et
2514 4020 2691 4073 mansi
2711 4020 2766 4072 in
2791 4019 3107 4085 solitudine,
3128 4036 3227 4075 seu
3267 4019 3355 4092 [ut
3383 4020 3706 4090 expressius

2103 4111 2159 4165 in
2190 4110 2383 4168 Graeco
2411 4109 2667 4185 habetur]
2708 4114 2765 4166 in
2793 4128 2970 4167 eremo
2994 4151 3010 4177 ,
3051 4112 3156 4166 hoc
3207 4122 3317 4177 est,
3364 4112 3704 4172 in'deserto.

2102 4214 2271 4275 atque
2299 4205 2355 4260 in
2380 4205 2675 4261 sterilitate
2716 4206 3010 4263 virtutum.
3049 4203 3328 4276 Demerge,
3383 4203 3706 4272 Dontine,jet

2103 4297 2276 4356 divide
2322 4298 2532 4370 linguas
2574 4314 2802 4364 eorum;
2852 4297 3166 4353 dmmonum
3215 4297 3501 4365 nimirum;
3540 4299 3612 4351 ita
3645 4313 3704 4358 ut

2104 4392 2431 4464 conspirare
2489 4393 2728 4462 amplius
2799 4406 2910 4445 non
2961 4390 3212 4461 possint,
3257 4400 3354 4445 aut
3404 4398 3706 4448 contexere

2103 4485 2342 4542 insidias
2373 4483 2670 4539 adversum
2705 4497 2792 4538 me
2830 4501 2844 4539 :
2889 4482 3158 4548 Quoniam
3197 4483 3304 4538 vidi
3342 4483 3702 4552 iniquitatem,

2103 4584 2154 4629 et
2175 4574 2651 4630 contradictionem
2694 4575 2751 4628 in
2777 4575 3020 4639 civitate,
3054 4575 3158 4630 hoc
3193 4585 3298 4643 est,
3323 4576 3379 4630 in
3425 4576 3708 4632 communi

2109 4668 2332 4723 illorum
2379 4669 2832 4724 conversatione.
2883 4668 3078 4738 Inique
3125 4669 3272 4724 enim
3323 4679 3517 4738 agunt,
3570 4669 3704 4725 dum

2112 4768 2348 4830 peccant
2385 4774 2400 4812 :
2433 4767 2488 4812 et
2531 4757 2742 4814 divinis
2790 4758 3183 4814 contradicunt
3226 4758 3528 4823 mandatis,
3571 4758 3704 4814 dum

2106 4864 2170 4903 ea
2219 4847 2734 4917 transgrediuntur;
2787 4862 2887 4917 per
2933 4862 3128 4903 muros
3179 4857 3363 4903 autem
3411 4847 3706 4912 civitatis,

2102 4957 2199 4998 eos
2238 4942 2518 4997 daemones
2541 4941 2853 5012 intelligere
2887 4956 3223 5013 possumus,
3255 4942 3350 5013 qui
3387 4942 3530 4996 inter
3577 4940 3704 4996 illos

2103 5035 2442 5106 potentiores
2468 5045 2620 5090 sunt.
2647 5033 2716 5089 Et
2737 5035 2884 5105 quod
2909 5035 2985 5089 ait
3009 5035 3252 5092 laborem
3288 5049 3410 5092 05:8
3437 5034 3492 5088 in
3525 5033 3705 5088 medio

2105 5129 2256 5185 illius
2305 5129 2570 5194 civitatis,
2607 5138 2834 5200 propter
2855 5145 2952 5185 eos
2975 5130 3184 5184 dictum
3219 5136 3328 5192 est,
3352 5125 3444 5195 qui
3474 5133 3702 5181 strenue

2106 5237 2232 5278 cum
2273 5221 2384 5277 illis
2435 5222 2738 5277 decertant.
2801 5223 3007 5279 Plateae
3066 5223 3194 5275 item
3233 5219 3381 5272 illius
3433 5217 3701 5279 civitatis,

2109 5313 2420 5370 daemonum
2456 5314 2554 5369 via:
2586 5323 2738 5380 sunt,
2779 5322 2965 5384 utpote
2999 5312 3199 5366 divmae
3238 5309 3313 5363 illi
3351 5307 3449 5363 vite
3477 5309 3704 5376 opposi-

2106 5415 2194 5470 ιω,
2225 5421 2392 5478 quam
2423 5419 2635 5462 aretam
2666 5422 2788 5462 esse
2810 5405 3044 5477 legimus
3071 5406 3125 5458 in
3162 5399 3481 5472 Evangelia.
3515 5397 3700 5454 Usura

1756 5585 1956 5649 Varia)
1994 5585 2330 5652 lectiones.

475 5707 596 5780 (93)
623 5706 708 5762 Al.
734 5708 812 5761 Δι’
835 5707 1053 5780 ὀλίγων.

475 5778 595 5848 (94)
638 5780 724 5833 AI.
755 5778 1181 5849 προδεδομένην.

479 5851 598 5922 (95)
635 5850 719 5904 Al.
749 5851 1050 5920 ἁμαρτίας.

698 5947 970 6008 Ρλτιιοι..
1002 5947 1121 6010 Gn.
1150 5947 1242 6010 CX
1254 5946 1466 6010 XVIII.

2186 5713 2299 5784 (96)
2339 5713 2422 5768 AI.
2446 5714 2698 5781 λέγομεν.

2183 5781 2295 5855 (97)
2333 5785 2416 5838 ΑΙ.
2448 5785 2612 5856 ήτουν
2640 5781 2935 5854 ἐναλλαγήν

3141 5935 3214 5999 19
