4120 6420
454 358 560 433 681
1694 371 2097 433 eorum”
2138 372 2510 436 ZlGAB‘ENI
3616 354 3726 439 538

441 484 631 550 etiam,
664 492 789 555 qua!
823 491 1175 556 augmentum
1215 485 1354 542 sorti
1386 484 1635 555 apponit,
1679 492 2032 555 augmentum
2063 533 2068 548 λ

2096 504 2107 548 ι
2139 483 2255 554 τὴν
2280 484 2582 553 διαθήκην
2604 484 2814 552 αὐτοῦ,
2845 485 2968 540 ἀντὶ
2998 484 3092 540 τοῦ
3116 482 3227 559 (98)
3273 485 3723 559 Ἐξωλόθρευσαν.

444 574 720 648 significat
760 577 1004 647 priorum
1057 578 1351 633 scelerum.
1385 576 1542 644 Quod
1570 590 1699 632 vero
1736 576 1810 632 ait
1841 593 1855 630 :
1896 575 2044 643 Quo-

2149 579 2423 648 Ἥγγισαν
2449 578 2509 632 δὲ
2531 579 2666 649 ἡμῖν
2701 579 2757 632 αἱ
2790 579 3011 650 καρδίαι
3042 578 3245 644 αὐτῶν,
3277 580 3443 652 ἡτουν
3492 580 3563 635 τὰ
3606 580 3734 652 βου-

443 671 593 724 niam
636 670 683 724 si
730 670 985 725 inimicus
1033 686 1180 726 meus
1226 671 1595 726 maledici-isset
1648 669 1797 735 mihi,
1831 674 1887 725 et
1922 683 2044 739 qua:

2147 668 2393 737 λεύματα
2425 670 2629 725 αὐτῶν.
2669 669 3091 741 Ἦπαλύνθησαν
3138 670 3194 724 δὲ
3228 673 3277 726 οἱ
3330 670 3479 742 λόγοι
3527 673 3731 741 αὐτῶν,

434 770 756 832 sequuntur
787 777 960 833 usque
1009 762 1078 818 ad
1106 764 1198 818 illa
1232 763 1435 819 verba:
1487 761 1673 817 Veniat
1722 777 1881 831 super
1922 761 2044 816 illos

2148 762 2208 814 ὲν
2230 760 2308 830 τῷ
2333 760 2726 831 συμϐουλεύειν
2755 778 2772 793 ο
2803 762 3049 817 σαίνουσι
3080 762 3181 833 μὲν
3208 764 3317 836 γὰρ
3336 764 3398 819 τὸ
3422 765 3539 837 (99)
3590 783 3732 837 χρη-

444 870 610 920 mors,
641 854 789 911 dicta
822 865 952 911 sunt
997 873 1065 911 ex
1114 871 1348 923 persona
1385 856 1588 911 Christi
1641 855 1912 911 adversus
1948 852 2046 909 Ju-

1510 856 1588 911 isti
1641 855 1912 911 adversus
1948 852 2046 909 Ju-
2150 842 2278 906 στάν
2311 871 2326 887 ·
2358 854 2652 908 τελευτῶσι
2682 855 2738 908 δὲ
2769 857 2847 917 ei;
2878 858 3137 926 πονηρόν.

438 951 588 1011 dum,
632 959 693 1005 ut
746 948 1008 1008 diximus.
1070 948 1259 1003 Veniat
1309 958 1489 1004 autem
1537 962 1678 1002 mors
1706 960 1864 1015 super
1896 961 2011 1011 eos,
2048 944 2330 1001 daemones
2360 946 2648 1013 nimirum,
2681 946 2785 1002 hoc
2815 954 2939 1014 est,
2982 948 3051 1003 ad
3118 928 3492 1005 omnimodam
3566 967 3735 1023 pror—

438 1062 536 1103 sus
570 1047 897 1118 redigantur
929 1046 1312 1102 ineﬂicaciam.
1352 1042 1418 1098 Et
1451 1040 1597 1113 quod
1630 1041 1928 1112 sequitur:
1997 1036 2064 1092 Et
2138 1039 2484 1105 descendant,
2532 1048 2668 1105 etc.,
2722 1037 2846 1110 jam-
2913 1043 3172 1110 superius
3232 1046 3609 1114 exposuimus.
3663 1045 3738 1100 Ει

436 1146 583 1218 quod
637 1147 749 1199 ait:
780 1143 1048 1209 Quoniam
1104 1141 1318 1196 malitia
1364 1141 1421 1194 in
1463 1135 1788 1193 habitaculis
1822 1151 2026 1203 eorum,
2069 1136 2177 1193 alio
2208 1136 2373 1191 modo
2404 1135 2509 1207 legi
2583 1145 2763 1207 potest
2806 1157 2820 1195 ;
2872 1137 3135 1203 Quoniam
3180 1143 3390 1196 malitia
3461 1142 3515 1197 in
3576 1142 3731 1214 pere-

430 1238 830 1311 grinationibus
856 1252 1060 1293 eorum.
1092 1234 1299 1309 [Dictio
1331 1234 1480 1291 enim
1514 1232 1705 1289 Grieca
1754 1231 2045 1303 πα-ροικῐα,
2087 1231 2599 1300 peregrinationem
2661 1238 2719 1285 et
2764 1230 3068 1286 incolatnm
3105 1232 3429 1307 signiﬁcat.]
3494 1250 3591 1305 per
3636 1253 3732 1306 pe-

440 1335 856 1406 regrinationes
885 1333 1055 1403 igitur
1093 1330 1518 1392 dzemoniorum,
1549 1325 1774 1381 illorum
1817 1324 2059 1380 insultus
2131 1329 2296 1393 atque
2346 1322 2911 1394 appropinquationes
2965 1325 3265 1397 intelligit,
3326 1340 3466 1397 quas
3518 1329 3574 1382 in
3628 1345 3733 1384 nos

429 1428 679 1487 .faciunt.
724 1424 962 1483 Eosdem
990 1424 1156 1481 etiam
1188 1437 1312 1479 esse
1342 1418 1622 1490 intelligit,
1691 1432 1832 1490 quos
1907 1414 2435 1488 appropinquitates'
2470 1417 2754 1486 appellat:
2824 1430 2891 1471 eo
2937 1416 3087 1488 quod
3134 1416 3342 1488 impetu
3391 1430 3614 1492 semper
3673 1422 3730 1475 in

420 1534 540 1583 .nos
607 1522 995 1578 feruntur:et
1023 1519 1170 1591 quod
1209 1519 1310 1586 ait,
1375 1516 1506 1572 etin
1579 1513 1769 1570 multis
1844 1521 2000 1569 erant
2056 1528 2282 1581 mecum,
2370 1515 2679 1568 immutatis
2737 1513 3227 1584 praepositionibus
3287 1530 3545 1587 expone,
3603 1532 3735 1588 pro—

437 1629 567 1670 cum
600 1613 794 1670 multis
829 1619 989 1668 erant
1046 1611 1103 1666 ia
1147 1624 1257 1679 me,
1334 1610 1441 1664 hoc
1474 1617 1579 1677 est,
1614 1606 1892 1685 adversus
1917 1620 2025 1674 me,
2068 1621 2133 1661 ac
2162 1608 2207 1662 si
2240 1607 2389 1662 dicat
2421 1622 2435 1660 :
2469 1614 2525 1662 et
2550 1605 2727 1661 multi
2752 1613 2948 1663 contra
2982 1620 3070 1662 me
3130 1616 3534 1664 convenerunt.
3610 1609 3734 1666 Non

430 1716 519 1765 est
549 1708 660 1763 illis
684 1706 1068 1771 commutatio,
1108 1705 1210 1761 hoc
1243 1713 1350 1773 est,
1387 1704 1702 1759 immutatio
1751 1717 1781 1757 a
1814 1701 2024 1757 malitia
2090 1702 2157 1757 ad
2231 1702 2462 1767 bonum,
2519 1710 2582 1757 ut
2636 1704 3015 1770 praediximus.
3081 1701 3513 1773 Profanaoerunt
3571 1712 3734 1759 testa-

422 1815 669 1860 mentum
714 1802 852 1873 ejus,
902 1815 1011 1871 pro
1066 1797 1435 1868 Spreverunt.
1474 1795 1542 1850 Et
1578 1795 2137 1867 appropinquaverunt
2176 1795 2324 1850 nobis
2353 1803 2519 1849 corda
2543 1811 2751 1860 eorum,
2782 1796 2890 1853 hoc
2950 1803 3059 1861 est,
3112 1809 3308 1851 eorum
3363 1797 3618 1852 consilia.
3666 1796 3733 1851 Et

430 1900 621 1956 molles
675 1915 739 1954 ac
778 1897 919 1953 lenes
968 1894 1120 1951 nobis
1149 1893 1282 1962 facti
1307 1902 1435 1948 sunt
1483 1906 1666 1948 eorum
1717 1906 2022 1957 sermones;
2053 1892 2183 1947 dum
2243 1904 2345 1946 sua
2395 1890 2556 1948 nobis
2610 1891 2887 1947 instillant
2938 1891 3200 1947 eonsiiia.
3274 1888 3438 1947 initio
3506 1890 3736 1967 etenim,

420 1990 618 2056 nobis,
648 1987 909 2044 inanibus
941 1985 1271 2057 quibusdam
1303 1983 1487 2041 verbis
1522 1982 1910 2049 blandiuntur,
1930 1980 2030 2037 sed
2063 1996 2122 2039 re
2145 1982 2273 2054 ipsa
2306 1982 2532 2038 tandem
2558 1983 2827 2040 desinunt
2851 1984 2907 2039 in
2941 1984 3171 2038 malum.

422 2082 503 2137 λη
531 2084 692 2153 ﬁnem
740 2094 838 2149 pro
870 2077 1088 2150 papula,
1131 2078 1224 2144 qui
1264 2092 1297 2130 a
1345 2076 1550 2131 sanctis
1589 2076 1869 2147 elongatus
1915 2084 2033 2131 est:

2140 2071 2245 2143 Εἲς
2283 2080 2349 2131 τὸ
2382 2075 2561 2144 τέλος
2582 2075 2736 2147 ὑπὲρ
2770 2077 2879 2132 τοῦ
2910 2077 3066 2133 λαοῦ
3089 2077 3199 2132 toi?
3237 2077 3367 2135 ἀπά
3399 2076 3521 2133 τῶν
3549 2078 3735 2150 ἁγίων

507 2174 612 2244 ipsi
668 2171 861 2236 David,
910 2171 968 2224 in
1004 2168 1145 2224 tituli
1172 2168 1592 2236 inscriptionem,
1644 2180 1762 2221 cum
1806 2175 2037 2222 tenerent

2209 2171 2716 2242 μεμακρυμμένου
2736 2188 2752 2202 ο
2782 2170 2866 2237 τῷ
2898 2169 3080 2226 Δαϐὶᾶ
3122 2172 3212 2238 εἰς
3248 2173 3728 2242 στηλοῃοαερίαν,

507 2283 625 2322 eum
650 2264 921 2334 Allophyli
958 2263 1013 2317 in
1048 2259 1204 2318 ϐαιὴ.

2212 2265 2395 2318 ὁπότε
2416 2263 2765 2333 ἐκράτησαν
2788 2266 2844 2318 οἱ
2865 2263 3212 2333 ἀλλόφυλοι
3244 2264 3437 2319 αὐτὸν
3474 2264 3547 2320 ἐν
3588 2266 3730 2321 Γέθ.

988 2352 1320 2411 PSALMUS
1366 2353 1485 2408 LV.

2698 2356 2996 2413 ΨΑΛΜΟΣ
3024 2356 3150 2413 NE'.

509 2450 985 2522 Quemadmodum
1024 2448 1367 2518 coniunctim
1399 2448 1610 2519 positos
1654 2446 1898 2503 vidimus
1941 2460 2038 2503 eos

2214 2449 2427 2521 Ὠσπερ
2457 2451 2506 2505 οἱ
2537 2450 2748 2523 ψαλμοὶ
2792 2450 2939 2515 ὅσοις
2973 2449 3360 2522 ἐπεγέγραπτο
3387 2465 3718 2518 συνεσεως,

426 2548 702 2620 φρέοῐωοε,
753 2545 958 2615 quibus
990 2544 1324 2614 inscriptum
1368 2551 1456 2598 est
1511 2541 1900 2611 intelligentiae,
1954 2542 2029 2596 ita

2140 2544 2376 2614 ἐχόμενα
2402 2542 2651 2614 ἀλλήλων
2671 2541 2960 2614 ἐτέθησαν,
2982 2541 3129 2597 οὕτω
3157 2543 3254 2596 καὶ
3289 2543 3338 2597 at
3380 2545 3720 2615 ἐπιγεγραμ-

436 2642 607 2696 etiam
660 2637 950 2708 conjuncti
986 2635 1260 2690 habentur
1311 2632 1349 2689 ii
1401 2634 1606 2706 quibus
1656 2634 2033 2690 inscribitur:

2142 2637 2295 2708 μένοι
2317 2635 2400 2705 τὸ,
2434 2635 2532 2704 ΕΙ(
2564 2638 3046 2707 στηλογραςρίαν,
3071 2632 3147 2691 ὧν
3176 2638 3204 2691 ὁ
3235 2636 3428 2708 παρὼν
3478 2636 3714 2708 πρῶτος.

436 2734 495 2787 in
532 2731 677 2786 tituli
702 2729 1126 2799 inscriptionem,
1154 2741 1391 2798 quorum
1424 2741 1672 2795 praesens
1702 2726 1917 2795 primus
1942 2733 2038 2782 est

2140 2731 2287 2786 Λαδν
2324 2731 2382 2786 δὶ
2409 2731 2559 2800 λέγει
2587 2731 2682 2785 τὸν
2720 2730 3038 2798 Ἰουδαϊκὸν,
3081 2730 3141 2796 ὃς
3178 2730 3512 2804 δορυωωτος
3565 2731 3717 2799 παρὰ

438 2827 531 2898 qui
557 2825 625 2880 ad
651 2825 912 2894 populum
945 2822 1183 2893 pertinet
1216 2818 1534 2886 Judaicum,
1563 2821 1827 2891 quoniam
1860 2820 2037 2890 capti-

2139 2822 2504 2890 Βαϐυλωνίοις
2523 2824 2818 2890 δουλεύων,
2857 2824 3333 2896 μεμακρυμμένος
3353 2819 3421 2896 ἦν
3456 2821 3563 2876 ἀπὸ
3611 2820 3723 2875 ’τῶν

428 2910 540 2976 ηυξ
566 2918 758 2974 eratin
790 2915 1088 2988 Babylone,
1118 2924 1173 2970 et
1197 2913 1490 2986 elongatus
1517 2911 1698 2968 fuerat
1732 2927 1762 2967 a
1800 2913 2033 2979 sanctis,

2139 2912 2334 2983 ἁγίων,
2365 2915 2546 2969 εῐτουν
2589 2915 2700 2969 ἀπὸ
2728 2913 2824 2969 τοῦ
2852 2914 2913 2971 ἂν
2962 2906 3362 2986 Ἱεροσολύμοις
3420 2911 3572 2968 ναοῦ.
3634 2913 3725 2966 Διὸ

438 3013 547 3067 hoc
577 3019 687 3075 est,
721 3025 751 3064 a
785 3009 994 3080 templo
1029 3015 1198 3080 atque
1252 3008 1323 3063 ab
1370 3005 1633 3062 omnibus
1679 3006 1882 3068 sacris,
1912 3019 2039 3075 qua:

2137 3004 2235 3061 καὶ
2272 3008 2376 3073 Εἰς
2400 3005 2573 3073 τέλος
2611 3006 3039 3079 ἐπιγέγραπται,
3079 3006 3155 3071 ὡς
3195 3009 3277 3070 εἰς
3298 3006 3452 3070 τέλος
3504 3004 3724 3075 ἐπειγὸ-

432 3112 594 3158 erant
649 3103 703 3157 in
762 3101 1094 3168 Jerusalem,
1149 3114 1314 3171 quam
1366 3100 1437 3155 ob
1470 3112 1702 3155 causam
1749 3098 1917 3153 etiam
1977 3099 2039 3152 in

2141 3118 2304 3171 μενος
2334 3101 2443 3157 τῶν
2475 3103 2533 3157 ὲν
2559 3105 2737 3172 τούτῳ
2767 3119 2833 3157 πε
2844 3103 2898 3175 p‘t
2921 3102 3016 3157 τοῦ
3041 3101 3174 3157 λαοῦ
3209 3100 3723 3174 προφητευθέντων.

432 3196 596 3264 ﬁnem
647 3195 999 3260 inscribitur,
1035 3193 1166 3265 quia
1201 3192 1266 3249 ad
1304 3190 1467 3247 ﬁnem
1516 3205 1706 3247 eorum
1746 3190 2033 3256 tendebat,

2118 3194 2363 3249 -Νοεῖται
2390 3195 2449 3249 δὲ
2474 3196 2627 3263 λαὸς,
2668 3197 2763 3251 καὶ
2795 3198 2998 3262 πάντες
3034 3197 3224 3261 ἅπλῶς
3250 3198 3299 3250 οῖ
3347 3196 3484 3265 πρὸς
3534 3197 3726 3266 nar.va

436 3304 558 3358 qum
596 3288 651 3342 in
690 3303 756 3343 eo
781 3288 850 3343 de
869 3286 1073 3358 populo
1102 3286 1364 3357 prtedicta
1386 3283 1623 3339 fuerant.
1645 3284 1879 3339 Nomine
1906 3294 2035 3337 vero

2139 3288 2606 3360 μεμακρυμμένοι
2631 3290 2742 3344 ἀπὸ
2763 3288 2872 3343 τῶν
2905 3290 3079 3358 ἁγίων
3106 3288 3339 3360 ἀνδρῶν,
3380 3287 3470 3342 διὰ
3516 3286 3581 3341 τὸ
3631 3285 3722 3340 al-

424 3379 645 3450 .populi,
678 3395 876 3435 omnes
907 3379 962 3434 in
993 3379 1315 3434 universum
1365 3378 1676 3450 intelligere
1709 3389 2028 3447 possumus.

2096 3381 2591 3452 ,χμαλωτισθῆναι
2620 3383 2745 3445 ταῖς
2794 3381 3117 3453 ἁμαρτίαις,
3186 3378 3369 3450 ’Υπὲρ
3410 3379 3518 3433 τοῦ
3565 3376 3723 3433 λαοῦ

418 3471 528 3541 qui
569 3471 635 3526 ad
666 3479 882 3542 tempus
922 3484 952 3524 a
991 3470 1202 3527 sanctis
1237 3470 1557 3526 hominibus
1594 3469 1836 3541 elongati
1876 3476 2028 3532 sunt,

2095 3466 2103 3480 ’
2134 3472 2216 3541 δὲ,
2261 3472 2386 3529 ἀντὶ
2422 3472 2531 3529 Τοῦ
2556 3472 2853 3546 προσώπου
2878 3473 2973 3527 τοῦ
3012 3472 3166 3528 λαοῦ.
3198 3466 3333 3527 Εἶτα
3367 3470 3461 3525 καὶ
3492 3468 3722 3540 δευτέρα

433 3568 563 3618 ιιιιιιι
593 3563 797 3634 captivi
833 3562 937 3618 sub
973 3562 1183 3632 peccati
1211 3562 1346 3635 jugo
1376 3562 1716 3618 detinentur.
1762 3562 1827 3617 Et
1855 3562 2028 3632 quod,

2133 3567 2462 3639 πρόσκειται
2493 3567 2780 3638 ἐπιγραφή
2819 3581 2835 3599 ⁸
2891 3565 2976 3632 Τῷ
3030 3563 3211 3619 Δαϐῑδ
3259 3567 3348 3632 εις
3386 3565 3724 3632 στηλογραι

428 3659 536 3721 ait,
562 3655 668 3710 Pro
690 3656 907 3725 populo,
936 3656 1083 3710 idem
1101 3655 1205 3712 sibi
1234 3657 1350 3710 vult
1369 3670 1434 3711 ac
1455 3655 1772 3722 sidixisset,
1798 3654 1877 3709 Ex
1902 3670 2030 3725 per-

2131 3661 2299 3730 φίαν,
2324 3660 2420 3715 καὶ
2443 3659 2517 3714 τὰ
2543 3660 2671 3732 ἑξῆς
2704 3678 2718 3693 ·
2755 3660 2831 3725 ὡς
2859 3654 3002 3713 εἶναι
3057 3657 3254 3729 διπλῆν
3309 3656 3407 3729 τὴν
3460 3654 3720 3709 ὑπόθεσιν

417 3764 572 3803 sonu
613 3748 821 3818 populi.
856 3745 1065 3802 Deinde
1098 3746 1340 3803 secunda
1371 3750 1625 3819 sequitur
1675 3747 1973 3819 inscriptio
2009 3762 2026 3803 :

2130 3754 2225 3809 τοῦ
2256 3752 2500 3824 ψαλμοῦ.
2535 3751 2868 3824 Προείρηται
2892 3752 2951 3805 δὲ
2985 3753 3118 3823 ἡμῖν
3147 3754 3207 3806 ἐν
3234 3749 3315 3822 τῷ
3355 3749 3438 3820 λγ¹
3492 3746 3717 3820 ψαλμῷ,

424 3842 551 3910 .Ipsi
582 3840 754 3895 David
778 3843 831 3895 in
861 3840 1007 3895 tituli
1027 3842 1452 3911 inscriptionem,
1481 3854 1615 3907 etc.,
1634 3841 1709 3896 ita
1738 3851 1795 3897 ut
1825 3841 2025 3913 duplex

2129 3849 2212 3903 ὅτι
2242 3847 2462 3918 φεύγων
2489 3846 2582 3903 τὸν
2604 3845 2800 3913 Σαοὺλ,
2829 3846 3080 3919 ἀπῆλθεν
3139 3847 3221 3909 εἷς
3276 3843 3378 3899 Γὲθ
3430 3843 3570 3915 πρὸς
3626 3842 3720 3895 τὸν

432 3936 599 3988 etiam
626 3934 700 3989 sit
730 3934 928 4003 psalmi
968 3943 1378 4005 argumentum.
1424 3933 1674 3990 Diximus
1706 3935 1760 3989 in
1812 3935 2027 4006 psalmo

2143 3939 2397 4010 Ἀγχοὺς,
2452 3938 2547 3993 καὶ
2607 3937 2979 4001 ὑποπτευθεὶς
3036 3938 3189 4001 ὅστις
3244 3930 3338 4008 ἦν,
3383 3933 3720 3989 κινδυνεύειν

422 4041 589 4091 antu,
624 4026 771 4097 quod
802 4027 995 4083 beatus
1020 4026 1188 4083 David
1224 4027 1441 4098 fugiens
1470 4028 1714 4097 Saulem,
1744 4028 2027 4100 profectus

2128 4032 2348 4104 ἔμελλε.
2412 4027 2547 4085 Εἶτα
2618 4031 2817 4103 μανίαν
2868 4029 3211 4101 ὑποκριθεὶς,
3272 4028 3348 4094 ὡς
3395 4027 3714 4095 ἐπίληπτος,

431 4129 520 4173 est
552 4121 607 4173 in
643 4116 781 4174 Getb
833 4120 898 4173 ad
955 4118 1125 4174 Aeliis
1153 4118 1559 4177 Pbilistseorum
1611 4137 1815 4195 regem,
1845 4122 2025 4193 quod-

2091 4187 2101 4196 _
2128 4123 2439 4198 ὰφείθηῌ),
2461 4124 2558 4179 καὶ
2578 4123 2812 4194 διεσώθη
2833 4122 3177 4196 παραδόξως.
3202 4120 3518 4202 ηνικαῦτα
3536 4120 3718 4173 τοίνυν

430 4227 539 4281 quo
561 4227 685 4269 cum
706 4212 950 4283 suspicio
979 4224 1100 4268 orta
1132 4223 1300 4279 esset,
1346 4230 1473 4269 eum
1504 4230 1633 4272 esse
1685 4217 1878 4283 David,
1922 4216 2023 4289 qui

2127 4217 2224 4270 nati
2244 4217 2436 4271 τοῦτον
2474 4215 2684 4288 ἔγραψε
2714 4214 2804 4272 τὸν
2833 4214 3072 4286 ψαλμὸν,
3107 4214 3420 4287 ἁρμόζοντα
3452 4214 3571 4287 καὶ.
3604 4214 3717 4275 τοῖς

412 4302 642 4360 εΕΟΙίιιιιι
674 4305 975 4374 occiderat,
1000 4315 1055 4362 et
1086 4307 1386 4378 periclitari
1414 4309 1697 4379 coepisset,
1748 4306 2018 4366 insaniam

2125 4308 2247 4362 τότε
2280 4307 2481 4363 ἑαυτοῦ
2516 4306 2740 4370 πάθεσι,
2767 4308 2864 4362 καὶ
2903 4308 3018 4370 τοῖς
3059 4305 3154 4360 τοῦ
3209 4307 3342 4362 λαοῦ
3393 4307 3712 4378 μετέπειτα.

416 4397 630 4452 .ﬁnxit:
659 4397 938 4469 quodque,
976 4401 1134 4468 quasi
1190 4401 1418 4455 comitili
1459 4401 1656 4459 morbo
1717 4403 2019 4469 laboraret,

2127 4400 2469 4471 Βουλόμενος
2499 4398 2556 4452 δὲ
2594 4400 2684 4452 ἀεὶ
2714 4397 3092 4470 κηρύττεσθαι
3126 4401 3228 4471 τὴν
3281 4398 3435 4453 θείαν
3488 4399 3719 4470 εὐεργε-

412 4491 699 4547 dimissus
751 4499 858 4557 est,
907 4499 962 4547 et
1006 4499 1209 4561 prteter
1254 4493 1571 4562 Opinionem
1628 4507 1902 4553 servatus.
1943 4498 2022 4552 Eo

2127 4493 2275 4558 σίαν,
2315 4490 2601 4560 ἐπέγραψε
2637 4489 2718 4556 τὸ,
2750 4488 2852 4556 Εἰς
2871 4492 3354 4561 στηλογῬαςρίαν,
3410 4490 3714 4558 τουτέστιν,

431 4585 601 4655 igitur
629 4592 900 4655 tempore,
957 4586 1103 4640 hunc
1148 4587 1419 4656 psalmum
1469 4591 1840 4658 praesentibus
1902 4592 2019 4648 suis

2124 4588 2205 4651 εἰς
2238 4585 2598 4641 ἀνέκλειπτον
2626 4584 2873 4656 γραφὴν,
2924 4587 2990 4638 ἐκ
3048 4587 3369 4656 μεταφορᾶς
3416 4585 3525 4639 τῶν
3579 4583 3718 4637 λιθί-

431 4683 584 4739 tunc,
607 4685 662 4730 et
691 4674 892 4732 futuris
921 4675 1102 4746 populi
1121 4676 1510 4736 atllictionibus
1539 4682 2016 4738 accommodatum

2125 4680 2324 4751 ναις,ἢ
2354 4679 2583 4751 χαλκαῖς
2614 4678 2840 4750 στήλαις
2887 4679 3283 4750 ἐγγραφόντων
3311 4679 3536 4751 ῥήματά
3589 4693 3713 4731 τινα

409 4769 788 4838 conscripsit.
815 4767 1054 4840 Cupiens
1091 4781 1355 4841 praeterea
1392 4783 1502 4828 tam
1553 4775 1797 4846 amplum
1831 4773 1924 4831 Dei
1963 4777 2015 4831 in

1094 4781 1355 4841 prasterea
1392 4783 1502 4828 tam
1553 4775 1797 4846 amplum
1831 4773 1924 4831 Dei
1963 4777 2015 4831 in
2050 4776 2095 4832 D
2125 4776 2204 4842 εἰς
2239 4778 2465 4849 μνήμην
2483 4773 2721 4845 διηνεκῆ.

428 4877 489 4918 se
520 4864 847 4921 beneficium
888 4874 1156 4937 perpetuo
1182 4868 1471 4938 praedicari
1508 4869 1731 4939 debere,
1769 4887 1834 4928 ea
1882 4876 2121 4946 psalmo,
2152 4891 2275 4947 quae
2312 4873 2575 4938 vidimus,
2640 4869 2809 4925 verba
2867 4869 3213 4941 praeposuit:
3269 4868 3340 4925 In
3387 4867 3551 4933 tituli,
3609 4879 3709 4920 seu

414 4955 614 5024 potius
639 4955 692 5010 in
725 4964 943 5026 statuae,
993 4966 1089 5011 aut
1146 4959 1426 5015 columna:
1472 4960 1878 5031 inscriptionem
1934 4965 2426 5040 [quemadmodum
2478 4977 2576 5033 per
2626 4959 2871 5018 Graecam
2939 4962 3238 5019 dictionem
3300 4958 3713 5029 στηλογραφίαν

428 5052 617 5108 verius
655 5051 786 5107 alibi
809 5052 1054 5108 diximus
1088 5053 1454 5126 signiﬁcari];
1490 5070 1555 5111 ae
1588 5060 1636 5113 si
1668 5057 1878 5116 diceret
1906 5081 1920 5116 :
1960 5062 2021 5117 lu
2055 5063 2453 5133 sempiternam
2485 5059 2653 5129 hujus
2686 5056 2817 5112 facti
2901 5058 3250 5111 memoriam.
3313 5051 3475 5109 Hunc
3521 5064 3706 5108 autem

427 5147 687 5217 loquendi
719 5147 941 5203 modum
973 5159 1252 5220 sumptum
1284 5160 1562 5220 putamus.
1597 5170 1663 5207 ex
1699 5160 2022 5228 metaphora
2050 5173 2270 5225 eorum,
2340 5155 2436 5226 qui
2494 5152 2746 5224 lapideis,
2828 5159 2922 5206 aut
2971 5149 3139 5205 aeneis
3202 5148 3478 5204 columnis
3536 5146 3708 5204 verba

425 5241 675 5310 quaedam
720 5243 1119 5307 inscribebant,
1176 5242 1231 5296 in
1261 5254 1526 5299 aeternum
1579 5248 1813 5317 posteris
1856 5260 2297 5306 monumentum.

499 5355 661 5413 Vens.
699 5356 755 5410 2.
798 5355 1049 5413 Miserere
1072 5358 1193 5425 mei,
1221 5356 1662 5430 Deus,_quoniam
1689 5365 2018 5421 conculcavit

2201 5364 2503 5433 Ἐλέησόν
2525 5381 2625 5435 με,
2667 5366 2701 5418 ό
2733 5362 2900 5430 Θεὸς,
2932 5361 3022 5417 ὅτι
3058 5359 3443 5429 κατεπάτησέ
3473 5377 3552 5431 με
3591 5362 3706 5417 ἇν-

428 5466 509 5505 me
572 5452 746 5505 homo.
821 5450 1200 5517 Conculcavit,
1262 5467 1497 5523 expone,
1556 5471 1661 5526 pro
1720 5456 2014 5514 Contrivit.

2115 5462 2371 5529 θρωπος.
2407 5458 2863 5525 Κατεπάτησεν,
2886 5458 3006 5512 ἀντὶ
3051 5456 3143 5509 τοῦ
3180 5454 3530 5527 Συνέτριψεν.
3563 5455 3706 5511 Ἀπὸ

1743 5656 1944 5724 Variae
1968 5657 2301 5727 lectiones.

503 5800 617 5945 (98g
656 5802 740 5885 ῳ.
776 5804 1160 5889 ὲξουδένωσαν.
1362 5816 1365 5817 ⁷
2178 5814 2262 5887 (l)
2289 5814 2369 5871 Al.
2398 5814 2599 5888 ἀφέϐη.

503 5870 594 5942 (99
621 5871 712 5945 Τῳ
739 5891 985 5945 χρηστῳ,
1022 5880 1180 5936 idem.

492 5870 712 5945 499)τῷ
739 5870 985 5948 xenoni).
1022 5880 1180 5936 idem-
