4120 6418
419 371 540 441 asa

1615 363 2006 439 COMMENT.
2031 359 2130 435 ’IN
2173 375 2538 437 PSALMOs.

3599 367 3706 436 £90

435 491 534 561 μὲν
562 489 658 545 τοῦ
687 477 1030 574 δορυαλώτου
1055 472 1187 545 λαοῦ
1211 491 1505 562 λεγόμενος
1585 489 1771 564 λόγος,
1806 495 2020 567 ἄνθρω-

2133 490 2276 560 Quod
2305 493 2350 548 si
2385 508 2570 549 sermo
2599 507 2663 548 ex
2697 461 2898 561 captivi
2953 489 3139 562 populi
3181 501 3416 558 persona
3449 486 3703 558 profera-

421 600 535 635 αιον
565 571 725 637 καλεῖ
761 584 853 637 τδν
879 582 1222 637 Βαϐυλώνιον
1247 583 1477 655 βασιλέα
1500 569 1693 638 sane.
1718 585 1776 638 δὲ
1815 585 1924 639 τῶν
1963 588 2020 639 ἐν

434 675 764 745 ἁμαρτίαις,
793 677 884 728 τὶν
914 673 1162 728 διάϐολον
1187 692 1202 707 ο
1245 674 1387 729 οὕτω
1419 677 1525 748 γὰρ
1565 676 1727 730 αὐτόν
1760 676 2021 740 πολλάκις

433 770 466 838 ἡ
496 768 534 819 Γ
543 762 688 839 patri}
714 767 973 838 ὀνομάζει
1005 767 1093 821 διὰ
1129 767 1192 821 τὸ
1236 756 1519 840 φιλήδονον
1547 768 1714 822 αὐτοῦ
1741 810 1755 834 ,
1799 769 1876 832 ὡς
1927 771 2021 822 ἐπὶ

428 862 532 930 τῆς
564 860 884 930 παραδολῆς
913 860 1022 914 τῶν
1047 860 1306 925 ζιζανίων
1333 861 1526 932 ἐχθρὸν
1549 861 1712 916 αὐτὸν
1733 861 2021 932 ἄνθρωπον

427 953 698 1006 ἐκάλεσεν
732 965 748 984 ·
779 953 890 1004 ἀπὸ
917 951 976 1005 δὲ
1006 953 1100 1005 τοῦ
1131 952 1318 1018 Δασὶδ,
1360 953 1661 1007 αἰνίττεται
1699 954 1790 1007 τόν
1824 954 2018 1010 Σαούλ.

429 1045 506 1098 Τὸ
535 1046 720 1115 μέντοι
744 1044 1200 1115 Κατεπὰτησεν,
1227 1045 1482 1116 σημαίνει
1516 1047 1610 1101 καὶ
1639 1047 1700 1100 τὸ
1729 1046 2021 1118 Κατεφρύ-

429 1153 618 1207 νησεν,
643 1136 718 1201 ὡς
743 1136 804 1190 τό
825 1152 840 1166 ο
859 1138 924 1190 '0
956 1137 1065 1192 τὸν
1093 1139 1232 1194 Υἱὸν
1251 1140 1359 1196 τσῦ
1391 1139 1541 1195 Θεοῦ
1563 1140 2020 1209 καταπατήσας.
2061 1178 2071 1186 -

509 1401 702 1468 Ὅλην
736 1399 851 1468 τὴν
888 1401 1120 1470 ἡμέραν
1143 1400 1428 1472 πολεμῶν
1456 1403 1671 1472 ἕθλιψέ
1703 1420 1800 1473 με.
1835 1404 2023 1470 Ὅλην

427 1491 549 1562 τὴν
576 1493 826 1564 ἡμέραν,
859 1495 984 1548 ἀντὶ
1012 1496 1130 1561 τοῦ,
1159 1496 1296 1551 Καθ’
1326 1498 1545 1568 ἡμέραν
1569 1514 1582 1527 ·
1619 1497 1908 1567 Πολεμῶν
1940 1499 2019 1563 δὲ,

427 1587 554 1639 ἀντὶ
585 1586 678 1639 τοῦ
720 1585 1104 1655 Ἐπηρεάζειν
1130 1589 1564 1660 ἐπιτιθέμενος.

503 1678 953 1748 Κατεπάτησὰν
973 1685 1133 1751 μεόὶ
1161 1683 1364 1754 ἐχθροί
1389 1701 1510 1754 μου
1539 1685 1696 1753 ὅλην
1732 1684 1846 1754 τὴν
1879 1684 2022 1754 ἠμέ-

420 1785 566 1838 ραν.
603 1771 665 1823 Οἱ
691 1770 822 1841 περὶ
843 1770 935 1824 τὸν
964 1772 1330 1839 Βαϐυλώνιον,
1354 1773 1388 1844 ἢ
1413 1775 1472 1827 αἱ
1507 1775 1640 1844 περὶ
1672 1774 1763 1827 τόν
1788 1774 2022 1844 δαίμονα

428 1863 800 1916 ἀποστατικαὶ
830 1863 1108 1934 δυνάμεις,
1143 1865 1175 1936 ἢ
1211 1867 1260 1919 οἱ
1293 1868 1423 1937 περὶ
1461 1867 1552 1920 τὸν
1586 1866 1782 1922 Σαούλ.

505 1955 639 2009 Ὀτι
689 1957 910 2010 πολλοὶ
960 1960 1015 2011 ol
1055 1958 1464 2028 πολεμοῦντές
1508 1951 1601 2030 με⁵
1637 1961 1756 2015 ἀπὸ
1800 1949 2020 2030 ὕψοὺς.

433 2047 612 2118 ’Ὕψος
634 2047 894 2114 ἐνταῦθα,
917 2049 1016 2120 τὴν
1041 2051 1366 2106 δυναστείαν
1398 2053 1570 2122 λέγει,
1607 2053 1640 2125 ﬂ
1686 2055 1786 2126 τὴν
1831 2055 2020 2108 εὐστοδ

429 2143 560 2210 χίαν
587 2157 600 2170 ·
634 2141 684 2194 ol
703 2141 814 2212 γὰρ
831 2141 936 2196 ἀπὸ
962 2141 1131 2212 ὕψους
1157 2143 1363 2200 ἄνωθεν
1391 2146 1702 2217 βάλλοντες,
1725 2149 1849 2209 τοὺς
1875 2149 2024 2202 κάτω

432 2232 532 2287 καὶ
569 2234 958 2306 ταπεινότερον
992 2236 1237 2302 ἑστῶτας
1270 2240 1646 2306 εὐστογοῦσιν.

528 2415 774 2490 Ἡμέρας
813 2424 884 2476 οὐ
918 2425 1382 2495 φοϐηθήσομαιο
1430 2428 1544 2497 ἐγὼ
1589 2429 1659 2483 δὲ
1694 2431 1883 2486 ἐλπιω
1925 2434 2022 2486 ἐπὶ

445 2510 536 2564 σέ.
584 2511 828 2583 Ἡμέρας
853 2513 970 2580 νῦν,
1001 2517 1100 2580 τὰς
1126 2518 1430 2590 εὐημερίας
1461 2519 1608 2590 λέγει
1632 2512 1980 2598 τῶννὲχθρῶν
2008 2541 2021 2554 ·

437 2604 824 2675 ἀνακτώμενος
850 2607 960 2680 γὰρ
1011 2609 1223 2672 ἑαυτὸν,
1259 2613 1354 2664 καὶ
1390 2611 1492 2682 τὴν
1533 2613 1860 2686 ἀπαλλαγὴν
1892 2635 2024 2687 προδ

433 2695 714 2766 φητεύων,
768 2700 938 2770 φησὶν
972 2701 1056 2754 ὅτι
1087 2702 1162 2754 Ob
1211 2704 1596 2776 φοϐηθήσομαι
1633 2707 1730 2772 τὰς
1767 2710 2026 2776 τοιαύτας

432 2785 764 2859 εὐημερίας.

521 2881 628 2934 Ἐν
673 2880 754 2946 τῷ
789 2880 913 2948 Θεῷ
959 2883 1260 2944 ἐπαινέσω
1309 2889 1453 2956 τοὺς
1504 2893 1727 2962 λόγους
1759 2913 1900 2964 μου.
1957 2896 2028 2949 Τὸ

447 2971 780 3027 Ἐπαινέσω
803 2974 916 3043 νῦν,
937 2977 1056 3033 ἀντὶ
1075 2978 1169 3032 τοῦ
1195 2981 1476 3053 Κοσμήσω
1494 3001 1568 3037 πα
1579 2985 1888 3058 ρείληπται.
1917 2991 2026 3043 Καὶ

433 3066 780 3132 ἐπαινετοὺς,
823 3069 979 3140 φησι,
1013 3072 1230 3141 ποιήσω
1266 3075 1394 3137 τοὺς
1436 3075 1631 3144 λόγους
1667 3090 1791 3147 μου,
1842 3081 1901 3132 ὲν
1949 3082 2027 3151 τῷ

2126 595 2236 652 tur,
2273 601 2370 657 per
2405 588 2707 652 hominem,
2740 585 3173 657 Babyloniorum
3207 597 3391 654 regem
3425 579 3703 649 intelligo;

2126 677 2172 732 si
2203 692 2335 731 vero
2377 693 2444 732 ex
2480 686 2830 747 peccatorum
2882 691 3137 747 persona,
3190 673 3492 738 diabolum,
3543 685 3706 742 quem

2125 768 2425 840 aliquando
2458 768 2742 840 Scriptura
2798 769 2900 823 sub
2935 768 3176 822 hominis
3211 765 3576 837 appellatione
3609 777 3707 819 ex-

2124 859 2354 931 pressit,
2403 861 2571 916 veluti
2607 861 2658 914 in
2717 861 2978 931 parabola
3028 861 3387 915 zizaniormu.
3445 857 3706 913 Inimicus

2123 953 2294 1021 enim,
2321 953 2686 1024 inquit,honw
2712 952 2806 1006 hoc
2831 951 2952 1021 fecit
2981 953 3042 1007 ⁸⁸.
3072 951 3374 1018 Postremo,
3402 952 3446 1007 si
3473 967 3538 1006 ex
3565 949 3707 1005 beati

2125 1046 2294 1102 David
2326 1062 2562 1117 persona
2597 1047 2818 1117 legeris,
2850 1062 2948 1118 per
2982 1046 3258 1101 hominem
3288 1045 3508 1100 Saulem
3538 1045 3707 1099 intel-

2127 1139 2254 1213 lige.
2301 1140 2370 1194 Et
2403 1147 2558 1206 tunc,
2595 1139 2738 1210 quod
2775 1139 2869 1205 ait,
2906 1138 3259 1205 conculcanit,
3306 1153 3540 1208 expone,
3583 1153 3706 1206 pro,

2127 1232 2346 1303 Sprevit
2370 1249 2385 1297 ;
2413 1231 2571 1302 juxta
2592 1232 2736 1302 quod
2765 1232 2891 1287 alibi
2938 1233 3204 1303 scriptum
3230 1239 3348 1286 est:
3379 1229 3480 1294 Qui
3505 1227 3710 1284 Filium

2127 1325 2223 1381 Dei
2259 1327 2585 1380 conculcavit
2624 1326 2686 1380 ’⁸.

2202 1417 2332 1472 Tota
2369 1418 2453 1472 die
2497 1417 2701 1472 bellan:
2754 1419 2941 1488 afﬂixit
2977 1434 3078 1472 me.
3142 1416 3279 1470 Tota
3315 1417 3400 1471 die
3432 1419 3567 1471 dixit
3616 1433 3714 1485 pro

2129 1511 2403 1579 Quotidie.
2439 1513 2678 1575 Itellans,
2709 1521 2915 1577 autem,
2955 1511 3060 1565 hoc
3091 1520 3196 1577 est,
3224 1510 3447 1574 laedens,
3478 1526 3574 1565 seu
3609 1512 3713 1564 im—

2125 1613 2308 1674 petum
2350 1603 2578 1658 faciens.

2201 1697 2360 1752 νεεδ.
2405 1697 2458 1753 5.
2493 1696 2950 1752 Couculcaverunt
2983 1713 3066 1750 me
3090 1696 3294 1750 inimici
3321 1697 3420 1750 mei
3459 1704 3570 1750 tota
3602 1696 3709 1751 die.

2130 1789 2258 1846 Sive
2287 1790 2618 1863 Babylonios
2648 1789 2946 1862 intelligas,
2975 1791 3092 1846 sive
3127 1775 3432 1846 dia‘bolieas
3466 1800 3712 1861 potesta-

2132 1892 2217 1939 tes
2249 1884 2367 1941 sive
2400 1884 2578 1955 ipsum
2614 1883 2861 1940 Saulem.

2201 1976 2378 2041 Quam
2411 1977 2568 2030 mulli
2597 1975 2852 2032 bellantes
2887 1975 3171 2030 adversum
3207 1992 3284 2030 me
3313 1977 3378 2030 ab
3419 1978 3553 2031 alto.
3611 1977 3716 2032 Per

2127 2069 2470 2124 altitudinem
2512 2069 2616 2123 hoc
2659 2069 2711 2123 in
2743 2069 2865 2122 loco
2897 2076 3227 2138 potestatem
3285 2085 3346 2123 ac
3374 2069 3519 2124 vires
3555 2069 3715 2124 intel-

2126 2160 2264 2232 ligit.
2321 2159 2421 2215 Vel
2479 2161 2600 2216 ideo
2649 2159 2827 2216 dixit:
2871 2159 3018 2227 Alta,
3078 2161 3336 2231 quoniam
3367 2161 3457 2231 qui
3494 2176 3558 2217 ex
3605 2161 3719 2214 alto

2128 2261 2371 2323 pugnant
2443 2253 2664 2308 certiori
2734 2253 2848 2308 ictu
2914 2252 3118 2308 feriunt
3178 2268 3273 2309 eos
3335 2255 3428 2324 qui
3486 2253 3716 2309 inferius

2125 2354 2272 2400 sunt.

2201 2435 2364 2490 Vens.
2408 2437 2458 2490 4.
2521 2437 2642 2490 Dies
2674 2452 2777 2490 non
2810 2436 3025 2500 timebo,
3067 2453 3158 2506 ego
3190 2446 3367 2491 autem
3408 2438 3629 2507 sperabo
3663 2438 3717 2490 in

2131 2537 2199 2594 te,
2231 2528 2471 2584 Domine.
2509 2529 2652 2593 Dies,
2691 2531 2795 2585 hoc
2821 2537 2927 2593 est,
2961 2529 3275 2586 felicitatem
3303 2546 3368 2586 ac
3399 2546 3715 2602 prosperam

2132 2618 2438 2673 fel-tunam.
2490 2618 2798 2675 Consolans
2849 2620 2996 2675 enim
3033 2620 3299 2690 seipsum,
3337 2620 3716 2676 liberationem

2131 2727 2291 2767 suam
2349 2711 2620 2782 praedicit,
2675 2711 2957 2767 aliirmans
2995 2712 3219 2768 minime
3261 2726 3320 2767 se
3368 2712 3718 2767 inimicorum

2132 2819 2362 2860 suorum
2401 2804 2796 2876 prosperitates
2830 2803 3151 2858 formidare.

2208 2897 2368 2951 Vnus.
2405 2896 2460 2953 5.
2498 2896 2564 2950 1η
2592 2895 2700 2951 Deo
2723 2895 2952 2949 laudabo
2983 2911 3248 2949 seruiones
3281 2911 3440 2949 meos.
3477 2925 3547 2936 ——
3580 2893 3725 2950 Lauo

2131 2989 2269 3044 dabo
2315 2989 2401 3043 hic
2436 2989 2621 3059 posuit
2673 3004 2773 3058 pro
2820 2988 3067 3043 Ornabo.
3117 2987 3470 3050 Laudabiles,
3517 2990 3720 3058 inquit,

2133 3097 2230 3137 eos
2284 3082 2478 3136 faciam
2538 3081 2592 3135 in
2651 3095 2738 3146 eo,
2774 3080 2902 3135 dum
2937 3079 3239 3149 loquuntur
3265 3080 3332 3135 de
3397 3079 3527 3135 Deo.
3558 3081 3722 3135 Solus

438 3156 572 3225 περὶ
635 3157 770 3258 Θεοῦ
825 3159 1028 3258 λεγειν.
1079 3163 1255 3227 Μόνος
1307 3165 1416 3236 γὰρ
1471 3169 1758 3238 κοσμεῖται
1789 3171 1966 3239 λόγος,
2001 3177 2026 3226 ό

2134 3175 2337 3246 quippe
2368 3175 2460 3230 ille
2491 3189 2670 3230 sermo
2700 3174 2898 3228 merito
2930 3173 3102 3228 videri
3139 3181 3321 3242 potest
3349 3184 3599 3238 ornatus,
3626 3173 3722 3243 qui

439 3249 805 3316 μνημονεύων
859 3249 1018 3307 Θεοῦ.
1079 3255 1151 3307 Ἦ
1207 3256 1394 3327 ἐπειδὴ
1443 3259 1791 3332 ἐκαυχήσατο
1829 3264 2022 3330 εἰπὼν,

450 3340 696 3410 Ἡμέρας
726 3347 800 3399 οὺ
830 3347 1270 3418 φοϐηθήσομαι,
1303 3351 1598 3422 Θεραπεύει
1621 3355 1711 3408 τὸν
1739 3355 1916 3424 λόγον,
1943 3361 2026 3412 ὅτι

453 3435 552 3486 ἐν
583 3435 826 3504 τῷΘεῷ
849 3439 1173 3508 ἐπαινέσω,
1212 3445 1493 3496 τουτέστιν
1525 3441 1902 3513 ’ογκώσω,ἐξς
1928 3468 2025 3521 με·

438 3525 935 3599 γαλορῤημοσύνην
966 3531 1092 3595 τοὺς
1121 3533 1316 3601 λόγους
1349 3552 1471 3604 μου.

523 3615 655 3671 Ἐπὶ
712 3617 808 3690 τῷ.
840 3619 963 3687 Θεῷ
1028 3622 1288 3691 ἤλπισα,
1361 3630 1434 3680 οὐ
1489 3631 1909 3704 φοϐηθήσομαι
1972 3638 2027 3690 τε

437 3709 683 3778 ποιήσει
708 3729 805 3779 μοι
837 3712 994 3781 σάρξ
1002 3756 1014 3769 .
1045 3716 1209 3786 Σὰρξ,
1234 3719 1412 3773 είτουν
1431 3721 1732 3794 ,ἄνθρωπος
1751 3727 2024 3800 ἐμπαθὴς.

511 3887 713 3959 ,Ὅλην
740 3891 853 3960 τὴν
878 3893 1107 3964 ἡμέραν
1139 3899 1280 3966 τοὺς
1313 3903 1538 3972 λόγους
1571 3925 1691 3974 μου
1733 3905 2044 3965 ἐϐδελύσέ

435 3995 648 4036 σοντο.
701 3985 1108 4058 Κατεφρόνουν,
1157 3991 1212 4042 εί
1250 4009 1301 4044 τι
1332 3994 1426 4048 καὶ
1469 3991 1643 4060 εἷπον,
1701 3999 1850 4065 ἅπαξ
1888 4003 2026 4072 ἐμοῦ

438 4077 981 4145 καταφρονήσαντες.

513 4171 653 4222 Κατ’
699 4169 847 4238 ἐμοῦ
901 4171 1126 4241 πάντες
1156 4179 1210 4230 οἱ
1259 4177 1640 4250 διαλογισμοί
1693 4185 1894 4240 αὐτῶν
1941 4191 2034 4253 είς

439 4260 654 4314 κακόν.
689 4262 783 4324 Εἰς
813 4263 873 4316 τὸ
906 4266 1157 4320 κακῶσαί
1188 4287 1277 4339 με.

514 4353 965 4420 Παροικήσηουσι
994 4359 1091 4411 καὶ
1119 4364 1596 4434 κατακρύψουσι.
1619 4369 2025 4442 Παραμενοῦσι,

439 4446 539 4500 καὶ
565 4449 983 4518 κατακρύψουσί
1016 4469 1108 4522 μοι
1135 4454 1356 4525 ἐνέδραν
1382 4459 1476 4511 καὶ
1509 4461 1765 4530 παγίδας.

510 4627 695 4680 Αὐτοὶ
710 4627 822 4696 τὴν
844 4629 1112 4698 πτέρναν
1134 4652 1255 4703 μου
1271 4639 1640 4706 φυλάξουσιῖ.
1663 4644 1774 4713 Τὴν
1804 4648 2036 4717 πορείαν.

437 4717 538 4772 τοῦ
573 4719 694 4790 βίου
733 4739 834 4792 μου
867 4726 1316 4798 ὲπιτηρήσονσιν,
1350 4731 1491 4786 ὥστε
1537 4741 1752 4806 συσχεῖν
1794 4757 1863 4809 με
1906 4745 2030 4805 ταῖς

444 4811 675 4878 παγίσιν
702 4829 716 4843 ·
749 4816 1002 4884 ἐμφαίνει
1029 4818 1083 4870 δὲ
1114 4818 1202 4873 διὰ
1224 4824 1428 4876 τούτων
1452 4827 1551 4889 τὰς
1574 4831 1822 4893 ποικίλας
1847 4832 2028 4886 αὐτῶν

445 4901 760 4968 ἐπιϐουλάς.

516 4993 793 5064 Καθάπερ
814 5000 1148 5070 ὑπέμειναν
1179 5005 1297 5071 τὴν
1325 5009 1541 5075 ψυχήν
1563 5028 1706 5079 μου,
1738 5016 1892 5084 ὑπὲρ
1923 5019 2030 5072 τοῦ

436 5084 708 5154 μηδενὸς
738 5089 918 5156 ῶσεις
945 5096 1190 5162 αὐτούς.
1221 5097 1434 5170 Ὥσπερ
1469 5103 1624 5155 αὐτοὶ
1658 5106 2031 5177 ἐνεδρεύοντες

441 5180 800 5250 περιέμεινάν
856 5202 948 5254 με,
1006 5191 1148 5242 κατὰ
1207 5192 1563 5264 περίφρασιν,
1619 5198 1763 5253 οὕτω
1807 5202 1900 5255 καὶ
1963 5207 2027 5257 σὺ

439 5269 608 5335 ὧσεις
637 5275 859 5346 αὐτοὺς,
879 5276 1082 5345 εἶτουν,
1130 5282 1430 5348 ἀπελάσεις
1461 5305 1476 5318 ο
1509 5289 1540 5358 ἡ
1579 5289 1636 5342 δὲ
1686 5290 1866 5362 ’Υπὲρ
1897 5297 2031 5366 πρό-

441 5365 616 5431 θεσις,
645 5370 765 5422 ἀντὶ
787 5371 890 5440 τῆς
931 5373 1088 5428 ’Artl
1113 5378 1288 5430 κεῖται
1313 5378 1428 5432 νῦν.
1453 5376 1602 5448 Οἴον,
1648 5385 1788 5440 Ἀπ’
1817 5365 2031 5454 οὐδενὸς

437 5456 602 5522 ὦσεις
639 5461 862 5528 αὐτοὺς,
896 5463 926 5516 ὃ
956 5466 1097 5531 ἐστι,
1118 5468 1339 5540 ῥᾳδίως,
1373 5471 1449 5536 ὡς
1481 5475 1634 5530 οὐδὲν
1666 5476 1846 5542 ὄντας.

507 5551 637 5605 ’Ἕν
683 5554 834 5624 ὀργῇ
880 5557 1075 5637 λαοὺς
1124 5560 1428 5630 κατάξεις.
1487 5567 1664 5623 Μόνον
1711 5570 2025 5642 όργισθεῖς,

435 5643 624 5717 πλήθη
647 5646 744 5701 ὅλα
773 5650 1052 5716 κατάξεις,
1084 5655 1265 5707 εἴτουν
1293 5660 1634 5728 συντρίψεις.

516 5850 562 5882 ⁸⁵
593 5850 787 5911 Matth.
823 5871 916 5924 xv,
945 5858 1035 5914 28.
1118 5863 1160 5894 ”
1216 5861 1382 5920 Hebr.
1431 5881 1484 5932 Χ,
1532 5867 1624 5924 29.

2141 3267 2234 3322 Dei
2291 3268 2623 3322 meminerit.
2661 3266 2756 3321 Vel
2788 3268 2946 3321 aliter
2989 3285 3000 3320 :
3056 3267 3185 3337 quia
3224 3267 3492 3336 gloriatus
3539 3265 3724 3321 fuerat

2139 3361 2335 3416 beatus
2386 3358 2578 3426 David,
2617 3358 2849 3414 dicens:
2914 3359 3036 3414 Dies
3077 3375 3182 3412 non
3231 3359 3445 3424 timebo,
3489 3358 3726 3430 casﬁgat

2139 3468 2285 3507 nunc
2325 3468 2639 3509 sermonem
2695 3469 2878 3519 suum,
2919 3452 3155 3508 dicens:
3200 3450 3267 3507 In
3324 3451 3431 3506 Deo
3467 3451 3722 3516 laudabo,

2139 3545 2241 3599 hoc
2273 3556 2377 3610 est,
2415 3543 2715 3609 Extollani,
2750 3556 2805 3602 et
2830 3545 3195 3618 magniﬁcabo
3226 3560 3514 3602 sermones
3545 3561 3720 3602 meos.

2210 3639 2274 3694 In
2309 3639 2412 3694 Deo
2433 3642 2678 3711 speravi;
2709 3657 2815 3694 non
2851 3641 3043 3695 timebo
3067 3641 3193 3711 quid
3219 3641 3386 3710 faciat
3418 3640 3549 3694 mihi
3577 3657 3722 3695 caro.

2137 3731 2376 3788 Carnem
2428 3733 2586 3795 dicit,
2625 3748 2724 3803 pro
2759 3733 2972 3788 carnali
3006 3732 3250 3798 hemiue,
3306 3733 3401 3804 qui
3434 3733 3726 3790 all‘ectibus

2139 3839 2202 3878 ac
2232 3825 2585 3894 passionibus
2617 3825 2898 3894 subjectus
2931 3824 3022 3881 sit.

2206 3916 2375 3974 Vens.
2413 3917 2467 3972 6.
2509 3915 2644 3972 Tota
2676 3917 2760 3972 die
2787 3932 3055 3971 sermones
3082 3931 3222 3969 meos
3255 3914 3722 3972 abominabantur.

2138 4008 2253 4063 Hoc
2283 4017 2389 4074 est,
2442 4009 2846 4079 despiciebant,
2872 4009 2917 4061 si
2949 4007 3078 4077 quid
3123 4007 3382 4060 nimirum
3411 4023 3510 4078 ego
3541 4007 3715 4062 dixis-

2137 4115 2275 4154 sem.
2327 4099 2383 4154 ld
2421 4109 2604 4162 autem
2637 4099 2905 4169 agebatur
2934 4113 2997 4153 eo
3029 4097 3172 4166 quod
3209 4097 3544 4169 negligerent
3573 4115 3679 4156 me.

2209 4192 2496 4245 Adversum
2527 4208 2607 4245 me
2633 4206 2810 4244 omnes
2833 4191 3179 4260 cogitationes
3201 4205 3384 4243 eorum
3412 4191 3464 4242 in
3498 4192 3719 4244 malum.

2140 4281 2212 4338 Ut
2246 4283 2381 4337 mihi
2416 4283 2559 4337 mala
2587 4283 2883 4348 inferrent,
2917 4292 2976 4335 ut
3008 4295 3093 4336 me
3112 4280 3434 4351 allligerent.

2214 4375 2375 4430 Vens.
2405 4375 2460 4428 7.
2526 4372 2906 4428 Inhabitabunt
2935 4384 2979 4428 et
3014 4371 3350 4426 abscondent.
3385 4371 3726 4428 Assidebunt

2142 4468 2320 4534 mihi;
2399 4476 2566 4536 atque
2616 4465 2851 4522 insidias
2897 4475 2953 4521 et
3004 4465 3229 4534 laqueos
3279 4464 3494 4520 occulte
3538 4466 3727 4536 dispo-

2062 4567 2113 4625 D
2142 4570 2292 4614 nent.

2215 4651 2331 4718 Ipsi
2384 4651 2692 4705 calcaneum
2724 4668 2894 4704 meum
2929 4651 3301 4706 observabant.
3365 4651 3496 4715 lter,
3531 4651 3726 4722 inquit,

2144 4744 2271 4797 vitae
2304 4759 2438 4797 mea:
2465 4743 2898 4814 investigabunt,
2940 4752 2998 4798 ut
3033 4743 3153 4799 suis
3205 4755 3290 4797 me
3323 4742 3534 4812 laqueis
3569 4759 3726 4798 com-

2142 4835 2526 4904 prehendant:
2570 4835 2774 4905 quibus
2822 4835 3007 4890 verbis
3050 4833 3234 4890 varias
3265 4833 3487 4888 illorum
3518 4835 3728 4889 indicat

2140 4926 2390 4982 insidias.

2209 5020 2373 5074 Vens.
2419 5020 2471 5074 8.
2504 5019 2652 5075 Sicut
2703 5021 3068 5076 sustinuerunt
3118 5021 3356 5074 aninmm
3387 5037 3581 5082 meam,
3629 5036 3726 5088 pro

2139 5111 2300 5165 nihilo
2325 5113 2562 5181 impelle:
2616 5129 2723 5167 eos.
2767 5112 3246 5181 Quemadmodum
3279 5112 3380 5170 illi,
3419 5112 3618 5181 inquit,
3650 5111 3727 5164 la-

2140 5213 2316 5259 tentes
2352 5205 2404 5258 in
2440 5204 2658 5260 insidiis
2685 5211 3154 5276 exspectaverunt
3187 5218 3294 5266 me,
3349 5203 3421 5256 ita
3449 5213 3504 5257 et
3531 5212 3585 5256 tu
3622 5202 3726 5256 im-

2137 5297 2307 5366 pelles
2339 5311 2457 5363 eos,
2494 5297 2599 5352 hoc
2631 5304 2732 5364 est,
2774 5298 3033 5366 expelles,
3069 5303 3124 5350 et
3171 5293 3317 5365 quod
3350 5295 3450 5358 ait,
3500 5293 3606 5346 Pro
3638 5294 3724 5348 ni-

2139 5391 2270 5455 hilo,
2311 5390 2454 5446 idem
2515 5401 2601 5447 est
2659 5392 2846 5462 quod,
2905 5390 2982 5444 De
3043 5388 3212 5451 facili,
3268 5395 3527 5454 tanquam
3587 5387 3727 5443 nihil

2138 5484 2486 5538 exsisfeiites.

2208 5577 2276 5630 In
2348 5579 2432 5630 ira
2489 5577 2709 5646 populos
2765 5577 3090 5646 Confringes.
3155 5575 3235 5628 Tu
3294 5573 3494 5637 iratus,
3547 5573 3729 5630 victos

2141 5672 2445 5731 exercitus.
2484 5679 2538 5724 ct
2572 5671 3030 5727 innumerabilem
3059 5668 3388 5742 populorum
3421 5666 3731 5724 multitudi-

2144 5777 2265 5817 nem
2298 5771 2574 5819 εοιιιριὊε.
