4120 6416
408 333 528 401 ’δοί

492 451 661 517 Deus,
713 446 877 502 vitam
922 461 1091 500 meam
1127 443 1442 500 annuntiavi
1478 444 1595 499 tibi.
1629 447 2015 505 Conversatio-
2050 458 2093 514 Α

422 559 548 601 nem
578 541 675 598 tibi
699 552 875 595 meam
908 538 1236 609 signiﬁcavi,
1272 537 1576 594 secundum
1609 555 1775 609 quam
1797 542 2012 611 jamdiu

420 637 571 692 vivo.

492 726 736 783 Posuisti
762 726 1028 797 lacrymas
1055 740 1199 777 meas
1221 722 1276 776 in
1302 734 1581 792 conspectu
1606 733 1717 789 tuo,
1753 725 2013 794 quemad-

422 822 663 885 modum,
714 829 764 875 et
816 819 870 872 in
906 816 1258 888 promissione
1292 828 1406 870 tua.
1445 814 1528 869 Tu
1564 817 1773 882 vidisti,
1812 818 2013 883 inquit,

420 916 694 986 iacrymas
728 928 900 977 meas,
954 910 1418 980 quemadmodum
1452 910 1733 980 pollicitus
1774 911 1904 964 olim
1952 926 2013 967 es

418 1010 478 1063 in
511 1007 886 1078 promissione
937 1016 1050 1059 tua.
1090 1003 1284 1073 Legem
1335 1004 1483 1059 enim
1516 1010 1790 1070 statuens,
1827 1005 2014 1059 dixisti

422 1104 487 1157 de
517 1100 776 1156 omnibus
820 1099 910 1168 qui
942 1098 1200 1167 injuriam
1245 1098 1530 1167 patiuntur
1560 1114 1573 1151 :
1638 1094 1909 1150 Clamabit
1942 1098 2012 1151 ad

421 1202 725 1261 me,-et~,ego
748 1190 1043 1243 exaudiam
1069 1204 1209 1253 eum,
1250 1188 1551 1242 misericors
1584 1188 1727 1241 enim
1758 1203 1876 1241 sum
1908 1189 1975 1243 "’.

494 1284 879 1337 Convertentur
919 1279 1122 1335 inimici
1156 1279 1256 1332 mei
1282 1287 1593 1333 retrorsum.
1635 1280 1749 1334 Hoc
1783 1288 1887 1344 est,
1922 1278 2010 1333 fu-

423 1379 596 1448 gient.
628 1375 889 1430 Praedicit
921 1373 1092 1437 enim,
1141 1370 1287 1444 quod
1320 1371 1571 1426 futurum
1620 1379 1760 1426 erat.
1797 1370 2013 1426 Secun-

420 1472 552 1525 dum
588 1484 872 1540 anagogen
903 1481 1033 1520 vero
1068 1465 1253 1520 dicere
1282 1478 1605 1533 possumus,
1632 1464 1778 1534 quod
1813 1479 2010 1535 quem-

421 1564 716 1620 admodum
766 1563 1047 1617 daemones
1108 1558 1305 1629 przeire
1357 1572 1458 1613 nos
1509 1559 1713 1623 solent,
1795 1560 2013 1629 quoties

420 1675 523 1714 nos
548 1655 933 1726 superaverint
959 1660 1013 1708 et
1040 1651 1185 1706 viam
1214 1652 1377 1706 nobis
1402 1651 1698 1707 ostendere
1716 1666 1840 1720 qum
1860 1650 2013 1706 ducit

419 1747 927 1819 ad‘perditionem:
973 1745 1048 1798 ita
1092 1743 1369 1814 quotiesa
1398 1744 1556 1798 nobis
1604 1745 1735 1798 victi
1781 1744 2008 1805 fuerint,

417 1852 587 1907 retro,
620 1847 745 1911 post
772 1853 878 1894 nos
907 1844 1329 1907 consequuntur
1359 1836 1727 1892 oblatrantes.

490 1934 559 1989 In
597 1948 907 2005 quacunque
935 1932 1019 1987 die
1048 1932 1357 1986 invocavero
1383 1940 1594 1993 te,.eece
1637 1931 1855 2002 cognovi
1876 1930 2016 2001 quod

418 2040 475 2082 tu
519 2028 660 2083 Deus
695 2044 841 2082 meus
872 2044 948 2082 es.
982 2024 1236 2092 Quoties,
1273 2027 1473 2091 inquit,
1501 2026 1715 2080 ardenti
1749 2035 1799 2081 te
1833 2028 2017 2081 animo

417 2121 720 2193 aliquando
753 2120 1111 2181 invocavero.
1144 2118 1329 2174 statim
1366 2118 1626 2189 cognovi,
1656 2118 1759 2172 hoc
1776 2128 1880 2187 est,
1920 2132 2013 2172 c0-

419 2230 651 2287 gnusco,
688 2213 834 2283 quod
863 2221 922 2267 tu
975 2212 1119 2267 Deus
1153 2226 1310 2267 meus
1330 2227 1412 2268 es.
1461 2210 1654 2267 Posuit
1684 2210 1829 2266 enim
1879 2223 2017 2266 tem-

420 2326 523 2378 pus
579 2323 678 2379 pro
726 2317 994 2377 tempore.
1050 2305 1157 2362 Sed
1186 2302 1463 2376 quomodo
1497 2306 1823 2375 cognosco?
1878 2306 2013 2362 dum

421 2402 636 2457 scilicet
666 2402 952 2457 exaudies.

498 2494 665 2551 Vens.
702 2495 789 2548 11.
824 2492 890 2547 In
930 2494 1034 2547 Deo
1087 2493 1321 2548 laudabo
1386 2493 1619 2561 verbum,
1682 2494 1740 2547 in
1788 2491 2014 2547 Domino

408 2587 650 2641 laudabo
690 2603 1004 2641 sermonem.
1070 2584 1311 2642 Verbum
1382 2584 1644 2640 Laudabo
1683 2625 1699 2649 ,
1757 2584 2013 2641 eumdem

422 2683 512 2735 hic
572 2695 794 2736 sensum
830 2679 1017 2745 habet,
1048 2695 1211 2749 quem
1247 2681 1513 2751 superius
1547 2681 1871 2736 diximusin
1896 2694 2017 2735 ver-

416 2774 593 2829 siculo
618 2789 630 2825 :
678 2772 745 2825 In
774 2772 881 2826 Deo
900 2771 1135 2825 laudabo
1156 2789 1420 2828 sermones
1467 2790 1606 2828 uicos
1633 2788 1652 2837 ,°
1680 2781 1735 2828 et
1769 2787 1865 2842 per
1893 2787 2015 2826 ver-

420 2870 574 2935 bum,
600 2867 912 2922 breviorem
933 2865 1250 2921 orationem
1276 2866 1554 2938 intelligit,
1581 2880 1680 2936 per
1699 2878 2012 2921 sermonem

408 2973 569 3027 «vero,
601 2959 924 3029 longiorem.

484 3048 557 3103 .ln
585 3048 693 3102 Deo
741 3050 995 3119 speravi,
1055 3066 1159 3105 non
1228 3048 1417 3102 timebo
1479 3048 1607 3119 quid
1672 3049 1838 3118 faciat
1884 3047 2013 3101 mihi

1644 338 2041 400 EUTHYMII
2089 339 2455 402 ZiGABENI

3605 340 3716 407 592

2202 450 2268 503 '0
2310 451 2477 517 Θεὸς,
2530 446 2648 516 τὴν
2675 444 2833 520 ζωήν
2872 464 2995 519 μου
3044 446 3370 520 “ﬁn-ead
3416 462 3539 506 σοι.
3599 452 3720 525 Τὴν

2118 542 2400 598 πολιτείαν
2433 560 2538 615 μου
2575 543 2905 614 ἐφανέρωσά
2928 559 3032 610 σοι,
3069 544 3137 614 ἢν
3171 542 3297 614 ἄρτι
3328 542 3711 617 πολιτεύομαι.

2194 732 2375 787 Ἕθου
2420 730 2493 785 τὰ
2543 729 2779 799 δάκρυα
2827 729 3087 785 ἐνώπιόν
3123 745 3264 798 σου,
3298 731 3380 799 ὡς
3410 732 3510 787 καί
3542 733 3614 788 ἐν
3636 733 3713 803 τῇ

2116 824 2451 894 ἐπαγγελίᾳ
2489 838 2630 879 σου.
2679 824 2929 887 Ἐπεϊδες
2971 824 3040 878 τὰ
3075 824 3292 895 δάκρυά
3326 842 3452 896 μου,
3501 827 3577 890 ὡς
3617 828 3714 881 καὶ

2117 915 2175 965 ἐν
2199 917 2264 985 τῇ
2285 914 2590 987 ἐπαγγελίᾳ
2615 932 2708 967 σου
2740 915 3001 986 ὑπέσχου.
3031 915 3361 985 Νομοθετῶν
3382 917 3511 985 γὰρ,
3537 918 3716 985 ἐπηγ-

2117 1007 2337 1075 γείλατο
2374 1008 2504 1077 περὶ
2537 1006 2633 1060 τοῦ
2666 1008 3053 1077 ἀδικουμένου,
3105 1010 3190 1062 ὅτι
3236 1008 3520 1074 Στενάξει
3562 1010 3711 1077 πρός

2111 1116 2209 1168 με,
2233 1101 2328 1154 καί
2356 1099 2778 1172 ἐπακούσομαι
2809 1101 2999 1156 αὐτοῦ
3030 1116 3046 1133 '
3106 1101 3385 1171 ἐλεήμων
3416 1102 3527 1171 γάρ
3569 1104 3711 1172 ειμι.

2190 1287 2712 1357 Ἔπιστρέψουσιν
2747 1290 2802 1342 οι
2839 1289 3045 1357 ἐχθροί
3084 1306 3206 1359 μου
3232 1291 3323 1356 εις
3367 1288 3441 1343 τὰ
3493 1290 3711 1344 ὀπίσω.

2129 1381 2678 1452 Ἀποστραφήσονται
2695 1383 2775 1446 εἰς
2791 1385 2860 1435 τὰ
2877 1381 3071 1449 ὀπίσω,
3093 1382 3362 1449 τουτέστι,
3385 1382 3675 1451 φεύξονται
3690 1398 3706 1414 ο

2120 1472 2434 1542 προφητεία
2480 1471 2538 1525 δὲ
2582 1473 2763 1528 τοῦτο.
2808 1473 3201 1542 Ἀναγωγικῶς
3243 1473 3323 1539 δὲ,
3360 1471 3713 1543 κυριεύοντες

2128 1563 2228 1634 μὲν
2259 1563 2415 1635 ὑμῶν
2453 1565 2503 1617 οἱ
2549 1564 2806 1635 δαίμονες
2844 1564 3239 1636 προηγοῦνται,
3264 1564 3713 1628 ὑποδεικνύοντες

2116 1658 2251 1727 ἡμῖν
2282 1656 2382 1728 τὴν
2422 1658 2504 1720 εἰς
2558 1656 2841 1711 ἀπώλειαν
2880 1657 3156 1729 φέρουσαν
3198 1658 3357 1713 ὁδόνθ
3403 1656 3711 1727 ἡττώμενοι

2116 1746 2197 1812 δὲ,
2232 1746 2459 1800 ἕπονται
2492 1746 2993 1810 καθυλακτοῦντες.

2205 1926 2312 1979 Ἔν
2346 1942 2382 1997 ῃ
2412 1925 2491 1980 ἂν
2514 1926 2708 1996 ἡμέρᾳ
2737 1928 3195 2005 ἐπικαλέσωμαι
3228 1945 3323 1995 σε,
3355 1928 3487 1984 ἰδοὺ
3518 1930 3715 2000 ἔγνων

2122 2020 2213 2073 ὅτι
2253 2022 2397 2087 Θεός
2420 2038 2542 2090 μου
2564 2016 2624 2074 εἴ
2644 2023 2748 2077 σύ.
2781 2022 2951 2076 Ὅταν
2976 2024 3055 2089 δὲ,
3076 2025 3264 2094 φησιν,
3288 2022 3709 2093 ἐπικαλέσωμαι

2122 2113 2344 2183 Θερμῶς
2375 2154 2390 2179 ,
2424 2114 2587 2177 εὐθὺς
2622 2114 2815 2183 ἔγνων,
2859 2116 2981 2168 ιὶινειςί⁵
3009 2115 3105 2169 τοῦ
3135 2115 3417 2181 Γινώσκω,
3454 2118 3539 2169 ὅτι
3575 2117 3709 2180 Θεός

2121 2221 2224 2274 μου
2252 2200 2301 2256 εἶ
2326 2205 2389 2257 σύ
2411 2221 2425 2235 ·
2448 2206 2784 2278 ἁντιχρονίᾳ.
2824 2207 2949 2271 Πῶς
2983 2207 3037 2260 δὲ
3066 2207 3323 2277 γινώσκω
3351 2225 3367 2276 ;
3394 2208 3620 2272 Πάντως
3649 2210 3708 2261 ἐν

2117 2296 2196 2367 τῷ
2234 2298 2643 2353 εἰσακούεσοαι.

2202 2485 2334 2541 Ἐπί
2373 2486 2454 2553 τῷ
2480 2487 2610 2552 Θεῷ
2637 2488 2940 2542 ἐπαινέσω
2994 2488 3179 2558 ῥῆμα,
3223 2489 3322 2544 ἐπὶ
3382 2490 3466 2556 τῷ
3511 2492 3705 2558 Κυρίῳ

2117 2579 2418 2633 ἐπαινέσω
2445 2582 2656 2650 λόγον.
2706 2582 2780 2633 Τὸ
2832 2581 3167 2635 Ἐπαινέσω
3190 2583 3467 2636 κάνταῦθα
3516 2582 3691 2634 τοιοῦ-

2117 2672 2211 2725 τόν
2246 2673 2419 2736 ἐστιν,
2447 2669 2561 2725 οἷον
2596 2674 2827 2743 εἴπομεν
2859 2674 2954 2726 καὶ
3008 2674 3089 2737 τὸ,
3135 2676 3239 2728 Ἐν
3270 2673 3349 2739 τῷ
3377 2673 3496 2739 Θεῷ
3526 2675 3695 2727 ἐπαι-

2116 2765 2278 2820 νέσω
2308 2765 2452 2832 τοὺς
2472 2766 2701 2835 λόγους
2719 2783 2859 2834 μου.
2893 2764 3089 2835 Ῥῆμα
3128 2765 3229 2835 μὲν
3263 2761 3358 2820 οὖν
3402 2765 3573 2834 λέγει,
3606 2764 3698 2818 τὸν

2118 2858 2330 2930 βραχὺν
2359 2858 2521 2927 λόγον
2547 2871 2563 2887 ⁶
2590 2858 2781 2928 λόγον
2806 2856 2885 2923 δέ,
2908 2858 2999 2910 τὸν
3043 2857 3288 2927 μείζονα.

2187 3043 2321 3098 Ἐπί
2351 3042 2431 3109 τῷ
2451 3042 2574 3110 Θεῷ
2603 3042 2862 3113 ἤλπισα,
2898 3045 2969 3099 οὐ
3000 3041 3427 3113 φοϐηθήσομαι
3454 3043 3512 3096 τί
3536 3040 3708 3111 ποιή-

420 3142 598 3197 Ιιοηιο.
655 3140 751 3196 ille
807 3143 1068 3196 nimirum
1126 3143 1314 3206 homo,
1367 3142 1436 3196 de
1474 3156 1586 3212 quo
1636 3141 1688 3195 in
1739 3140 2008 3212 principio

2115 3154 2210 3192 σει
2231 3155 2335 3208 μοι
2381 3137 2720 3205 ἅνθρωπος.
2753 3140 2852 3192 Ὃν
2899 3133 3054 3191 εἶπεν
3103 3138 3161 3191 ὲν
3200 3138 3342 3208 ἀρχῇ
3388 3135 3703 3207 ἄνθρωπον,

419 3236 555 3290 dixit
585 3252 604 3288 :
640 3234 905 3300 Quoniam
931 3234 1260 3289 conculcauit
1298 3250 1378 3288 me
1404 3234 1578 3288 homo.

492 3414 653 3471 Vens.
686 3414 770 3469 12.
806 3414 871 3470 In
893 3431 974 3469 me
1021 3424 1169 3479 sunt,
1203 3414 1365 3482 Deus,
1415 3424 1557 3481 vota,
1600 3428 1717 3481 qua:
1787 3411 2009 3465 reddam

416 3508 749 3565 laudationis
787 3516 911 3565 tua‘.
976 3509 1037 3563 In
1097 3523 1244 3575 mea,
1302 3509 1507 3577 inquit,
1582 3506 1849 3561 memoria
1904 3503 2011 3559 illae

419 3602 758 3657 laudationis
802 3611 910 3655 tuae
952 3600 1357 3670 promissiones
1385 3609 1535 3665 sunt,
1576 3614 1715 3670 quas
1756 3612 1843 3652 me
1883 3597 2011 3652 red-

418 3699 661 3751 diturum
692 3693 1237 3751 aﬁirmo.Pollicitus
1275 3696 1421 3750 enim
1463 3693 1645 3750 fuerat
1685 3694 1878 3749 beatus
1902 3692 2009 3745 Da-

418 3789 530 3854 vid,
556 3803 616 3842 se
643 3787 809 3842 Deum
836 3786 1249 3842 benefactorem
1278 3802 1441 3842 suum
1475 3786 1825 3841 laudaturum
1860 3798 2003 3840 esse.

489 3878 774 3936 νεὼςΛᾶ
816 3880 1085 3946 Quoniam
1146 3880 1390 3949 eripuisti
1437 3879 1677 3932 animam
1712 3893 1883 3931 meam
1944 3876 2008 3931 de

416 3982 607 4026 morte.
641 3971 895 4026 Animam
928 3986 1130 4038 meam,
1161 3971 1266 4026 hoc
1332 3978 1453 4034 est,
1496 3970 1791 4041 meipsum.
1848 3967 2005 4035 Quod

420 4065 469 4120 si
533 4066 774 4119 animam
846 4064 900 4120 vi
966 4079 1065 4119 sua
1126 4063 1429 4134 signiﬁcari
1490 4063 1626 4117 velis
1676 4061 2006 4132 intelligere,

366 4186 377 4196 -
418 4174 516 4227 per
547 4167 777 4214 mortem
814 4167 1097 4227 peccatum
1132 4158 1398 4226 intellige,
1424 4157 1595 4212 veluti
1649 4156 1796 4227 quod
1825 4155 2007 4226 primo

419 4252 667 4306 omnium
704 4250 915 4321 parenti
950 4251 1148 4306 mortis
1178 4264 1346 4305 causa
1380 4250 1681 4305 exstiterit.

493 4340 689 4398 Oculos
717 4360 859 4398 meos
892 4361 924 4397 a
945 4344 1222 4413 lacrymis,
1253 4343 1409 4413 pedes
1450 4360 1592 4399 meos
1632 4362 1663 4399 a
1702 4346 1879 4415 lapsu.
1901 4344 2006 4400 Per

414 4435 777 4504 lapsum,aut
808 4450 1051 4505 praeceps
1071 4437 1290 4506 aliquod
1321 4438 1582 4508 intellige,
1612 4439 2004 4510 autlaqueum,

420 4534 475 4579 et
508 4542 602 4596 per
627 4526 815 4595 pedes,
852 4526 1017 4593 hujus
1047 4526 1171 4581 vita:
1204 4527 1364 4583 viam.

474 4708 722 4763 .‘Placebo
749 4727 931 4765 coram
961 4710 1190 4767 Domino
1218 4712 1274 4776 in
1304 4712 1502 4767 lumine
1531 4712 2008 4786 viuentiunt.,[lllud

422 4805 601 4873 primo
671 4803 1223 4859 animadvertendum
1283 4805 1563 4871 ducimus,
1635 4808 1780 4876 quod
1819 4806 2012 4861 Graeca

420 4897 589 4949 dictio
639 4896 999 4967 εὐαρεστήσω
1027 4911 1139 4951 non
1190 4896 1369 4952 solum
1432 4896 1709 4966 signiﬁcat
1770 4896 2011 4966 placebo,

421 4988 518 5044 sed
552 4987 716 5043 etiam
749 4998 963 5060 gratum
1016 4988 1259 5061 faciam].
1313 4987 1478 5043 Juxta
1538 5003 1700 5058 quem
1756 5004 2007 5055 sensum,

421 5078 555 5147 Quae
591 5080 722 5146 Deo,
755 5081 957 5152 inquit,
980 5092 1137 5153 grata
1170 5091 1321 5146 sunt,
1354 5081 1573 5145 faciam,
1610 5081 1791 5138 donec
1828 5083 2007 5138 lucem

422 5177 566 5229 hanc
603 5175 780 5240 video,
815 5191 939 5245 quae
988 5175 1302 5229 viventibus
1351 5174 1521 5230 lucet.
1551 5173 1688 5230 Nam
1716 5184 1839 5245 post
1858 5190 2006 5232 mor—

2113 3232 2246 3285 Ὀτι
2287 3230 2715 3300 κατεπάτησέν
2761 3247 2839 3301 με
2882 3231 3219 3299 ἅνθρωπος,
3271 3227 3461 3282 τοῦτον
3481 3229 3577 3281 καὶ
3608 3227 3703 3283 νῦν

2112 3324 2284 3379 λέγει.

2213 3342 2284 3379 ει.

2176 3342 2283 3471 ἴιῖν
2312 3416 2466 3487 ἐμοὶ,
2492 3419 2525 3471 ό
2566 3415 2732 3483 Θεὸς,
2757 3416 2956 3486 εὐχαί,
2987 3413 3059 3482 ἀς
3086 3414 3382 3469 ἀποδώσω
3410 3412 3703 3481 αίνέσεώς

2111 3528 2251 3566 σου.
2303 3510 2393 3565 Ἐν
2418 3515 2485 3583 τῇ
2523 3512 2714 3583 μνήμῃ
2745 3528 2841 3564 σου
2893 3509 3036 3563 εἰσὶν
3104 3509 3160 3562 αἰ
3229 3508 3562 3579 ὑποσχέσεις
3601 3508 3701 3578 τῆς

2112 3602 2379 3667 αἰνέσεώς
2406 3621 2524 3669 σου,
2562 3604 2629 3668 ἃς
2659 3600 2928 3657 ἀποδώσω
2953 3619 2968 3635 ο
2996 3601 3273 3672 ὑπέσχετο
3324 3600 3435 3672 γὰρ
3486 3601 3701 3655 αἰνέσαι

2112 3700 2205 3752 τὸν
2233 3698 2534 3769 εὐεργέτην
2567 3697 2721 3753 Θεόν.

2187 3882 2307 3935 Ὅτι
2338 3882 2572 3950 ἐρῤύσω
2594 3881 2711 3951 τὴν
2732 3882 2949 3952 ψυχήν
2981 3899 3102 3952 μου
3136 3881 3207 3936 ἐκ
3299 3880 3582 3935 θανάτου.
3628 3905 3701 3920 -·

2119 3974 2240 4043 Τὴν
2263 3977 2477 4045 ψυχήν
2518 3994 2664 4045 μου,
2713 3977 2835 4030 ἀντὶ
2875 3977 2970 4030 τοῦ
3034 3974 3188 4047 Ἐμὲ,
3220 3974 3698 4045 περιφραστικῶῖ.

2112 4065 2175 4118 Εἰ
2194 4064 2253 4116 δὲ
2279 4066 2375 4117 καὶ
2395 4064 2493 4135 τὴν
2524 4064 2706 4136 ψυχὴν
2736 4064 2907 4135 αὐτὴν
2954 4064 3134 4128 θέλεις
3190 4065 3406 4134 νοῆσαι,
3465 4062 3700 4117 θάνατον

2110 4157 2365 4223 καλέσεις
2392 4157 2491 4231 τὴν
2518 4158 2819 4229 ἁμαρτίαν,
2847 4158 2921 4222 ὡς
2953 4159 3137 4213 αἰτίαν
3157 4157 3389 4212 θανάτου
3410 4157 3699 4228 καταρχὰς

2111 4250 2419 4322 γενομένην
2443 4250 2521 4322 τῷ
2545 4250 2986 4323 πρωτοπλάστῳ.

2186 4342 2339 4410 Τοὺς
2372 4344 2726 4414 ὀφθαλμούς
2749 4362 2870 4414 μου
2894 4344 3015 4400 ἀπὸ
3040 4344 3336 4413 δακρύων,
3391 4346 3489 4400 καί
3553 4344 3699 4410 τοὺς

2114 4435 2308 4502 πόδας
2340 4452 2462 4504 μου
2487 4434 2608 4489 ἀπὸ
2631 4433 3065 4503 ὀλισθήματος.
3110 4434 3417 4506 Ὀλίσθημα
3468 4432 3581 4485 νόει
3606 4448 3701 4503 μοι

2038 4495 2084 4550 D
2114 4525 2207 4579 τὸν
2233 4495 2510 4596 κρημνὸν,
2542 4526 2574 4597 ἢ
2603 4527 2704 4598 τὴν
2728 4495 2934 4594 παγίδα
2953 4542 2968 4557 °
3020 4495 3214 4596 ώσπερ
3257 4495 3354 4580 καί
3395 4524 3585 4592 πόδας,
3606 4495 3619 4503 ⁷
3647 4523 3699 4577 εἰ

2114 4618 2317 4690 βούλει,
2349 4618 2450 4691 τὴν
2472 4620 2705 4691 πορείαν
2738 4619 2832 4672 τοῦ
2860 4618 3003 4690 βίου.

2183 4712 2596 4781 Εὐαρεστήσω
2628 4711 2886 4766 ἐνώπιον
2900 4712 3147 4780 Κυρίου,
3172 4711 3244 4765 ἐν
3271 4711 3416 4781 φωτί
3446 4709 3697 4771 ζώντων.

2115 4806 2405 4876 Εὐάρεστα
2431 4804 2643 4875 πράξω,
2669 4804 2772 4867 ἕως
2808 4805 2875 4858 ἂν
2900 4804 2964 4858 τὸ
3005 4805 3124 4874 φῶς
3158 4804 3318 4857 τοῦτο
3373 4803 3578 4871 βλέπω,
3634 4802 3698 4853 τὸ

2116 4900 2310 4966 φαῖνον
2343 4900 2457 4961 τοῖς
2481 4897 2637 4961 ζῶσι.
2668 4896 2826 4951 Μετὰ
2846 4897 2956 4966 γὰρ
3022 4896 3273 4960 θάνατον,
3336 4894 3696 4964 εὐαρέστησις

2113 4988 2215 5041 οὐκ
2246 4986 2385 5041 ἔστι.
2413 4986 2522 5040 Καὶ
2549 4985 2750 5050 ἄλλως,
2813 4984 2931 5055 φῶς
2966 4983 3188 5049 ζώντων
3220 4982 3367 5035 ἐστὶν
3395 4979 3451 5029 αἰ
3482 4975 3697 5029 ἐντολαὶ

2110 5082 2206 5135 τοῦ
2235 5081 2396 5135 Θεοῦ·
2443 5081 2742 5148 Ἠὲντολὴ
2764 5081 2895 5149 γὰρ,
2929 5079 3085 5149 φησὶ,
3105 5074 3331 5143 Κυρίου
3347 5069 3689 5139 τηλαυγὴς,

2109 5172 2448 5245 φωτίζουσα
2502 5173 2889 5243 ὀφθαλμούς·
2936 5174 3055 5236 καὶ,
3088 5169 3330 5235 Λύχνος
3384 5165 3509 5229 τοῖς
3543 5160 3693 5215 ποσί

419 5275 529 5321 tetu
565 5269 779 5321 nullum
813 5268 917 5322 erit
979 5266 1217 5336 amplius
1258 5266 1604 5335 gratiﬁcandi
1656 5276 1897 5338 tempus.
1940 5269 2006 5325 Et

2113 5285 2226 5338 μου
2277 5271 2309 5320 ό
2343 5267 2529 5337 νόμος
2596 5280 2715 5319 σου
2758 5282 2773 5295 ο
2810 5265 2868 5335 ἢ,
2921 5263 3235 5333 Εὐάρεστος
3263 5256 3579 5329 ὀφθήσομαι
3632 5255 3693 5307 ἐν

423 5359 607 5422 aliter,
659 5376 755 5430 per
800 5359 1104 5413 viventium
1147 5358 1353 5425 lucem,
1385 5358 1642 5413 mandata
1674 5360 1766 5416 Dei
1805 5362 2012 5417 intelli-

2124 5362 2203 5434 τῷ
2228 5361 2432 5430 αἰωνίῳ
2446 5360 2588 5429 φωτὶ
2610 5359 2719 5411 τῶν
2749 5358 2838 5411 ἀεὶ
2851 5356 3095 5421 ζώντων.

420 5451 517 5519 git.
580 5450 913 5517 Pra’ceptum
1001 5450 1148 5506 enim
1210 5448 1453 5518 Domini,
1521 5453 1721 5523 inquit,
1790 5454 2025 5509 lucidum
2071 5456 2383 5510 illuminans
2444 5452 2643 5507 oculos.
2719 5450 2873 5517 Item,
2923 5449 3199 5523 kLucerna
3252 5446 3471 5519 pedibus
3564 5440 3694 5495 meis

418 5545 630 5599 verbum
690 5554 838 5598 tuum
855 5545 1004 5612 ;vel,
1035 5544 1239 5602 Gratus
1281 5553 1446 5615 atque
1477 5555 1738 5618 acceptus
1802 5550 2076 5618 apparebo
2150 5551 2205 5607 in
2252 5556 2459 5605 aeterna
2502 5545 2727 5603 illorum
2773 5547 2921 5611 luce,
2984 5544 3081 5616 qui
3146 5548 3412 5615 perpetuo
3493 5534 3694 5593 victuri

418 5640 569 5688 sunt.

486 5812 531 5844 ⁸⁷
560 5812 707 5869 Psal.
752 5828 838 5879 xc,
868 5813 960 5868 15.
