  <div class='ocr_page' id='page_1' title='image "/cluster/home/n/w/nwhite01/storage/ocr_20150623/128:no.1/coo.31924054870336/304.png"; bbox 0 0 4120 6424; ppageno 0'>
   <div class='ocr_carea' id='block_1_1' title="bbox 448 424 562 492">
    <p class='ocr_par' dir='ltr' id='par_1_1' title="bbox 448 424 562 492">
     <span class='ocr_line' id='line_1_1' title="bbox 448 424 562 492; baseline -0.018 -1"><span class='ocrx_word' id='word_1_1' title='bbox 448 424 562 492; x_wconf 76' lang='lat'><strong>593</strong></span> 
     </span>
    </p>
   </div>
   <div class='ocr_carea' id='block_1_2' title="bbox 1624 421 2546 486">
    <p class='ocr_par' dir='ltr' id='par_1_2' title="bbox 1624 421 2546 486">
     <span class='ocr_line' id='line_1_2' title="bbox 1624 421 2546 486; baseline 0.001 -1"><span class='ocrx_word' id='word_1_2' title='bbox 1624 421 2017 485; x_wconf 79' lang='lat' dir='ltr'><strong>COMMENT.</strong></span> <span class='ocrx_word' id='word_1_3' title='bbox 2060 421 2142 483; x_wconf 75' lang='grc' dir='ltr'><strong>ΙΝ</strong></span> <span class='ocrx_word' id='word_1_4' title='bbox 2181 421 2546 486; x_wconf 79' lang='lat' dir='ltr'><strong>PSAL‘MOS.</strong></span> 
     </span>
    </p>
   </div>
   <div class='ocr_carea' id='block_1_3' title="bbox 3613 422 3721 487">
    <p class='ocr_par' dir='ltr' id='par_1_3' title="bbox 3613 422 3721 487">
     <span class='ocr_line' id='line_1_3' title="bbox 3613 422 3721 487; baseline 0 -1"><span class='ocrx_word' id='word_1_5' title='bbox 3613 422 3721 487; x_wconf 64' lang='lat'><strong>594</strong></span> 
     </span>
    </p>
   </div>
   <div class='ocr_carea' id='block_1_4' title="bbox 443 529 2035 611">
    <p class='ocr_par' dir='ltr' id='par_1_4' title="bbox 443 534 2032 607">
     <span class='ocr_line' id='line_1_4' title="bbox 443 534 2032 607; baseline -0.003 -14"><span class='ocrx_word' id='word_1_6' title='bbox 443 536 653 605; x_wconf 27' lang='lat' dir='ltr'><strong>Hic-td</strong></span> <span class='ocrx_word' id='word_1_7' title='bbox 687 535 887 603; x_wconf 69' lang='grc' dir='ltr'><strong>τέλος,</strong></span> <span class='ocrx_word' id='word_1_8' title='bbox 922 536 1011 607; x_wconf 73' lang='grc' dir='ltr'><strong>μὴ</strong></span> <span class='ocrx_word' id='word_1_9' title='bbox 1035 535 1408 607; x_wconf 74' lang='grc' dir='ltr'><strong>διαφθείρῃς,</strong></span> <span class='ocrx_word' id='word_1_10' title='bbox 1449 535 1528 602; x_wconf 86' lang='grc' dir='ltr'><strong>τῷ</strong></span> <span class='ocrx_word' id='word_1_11' title='bbox 1550 534 1728 590; x_wconf 77' lang='grc' dir='ltr'><strong>Δαϐὶδ</strong></span> <span class='ocrx_word' id='word_1_12' title='bbox 1761 537 1851 602; x_wconf 77' lang='grc' dir='ltr'><strong>εις</strong></span> <span class='ocrx_word' id='word_1_13' title='bbox 1883 548 2032 600; x_wconf 80' lang='grc' dir='ltr'><strong>στη-</strong></span> 
     </span>
    </p>
   </div>
   <div class='ocr_carea' id='block_1_5' title="bbox 2143 529 3730 611">
    <p class='ocr_par' dir='ltr' id='par_1_5' title="bbox 2143 532 3730 611">
     <span class='ocr_line' id='line_1_5' title="bbox 2143 532 3730 611; baseline 0 -20"><span class='ocrx_word' id='word_1_14' title='bbox 2143 532 2204 587; x_wconf 84' lang='lat' dir='ltr'><strong>lu</strong></span> <span class='ocrx_word' id='word_1_15' title='bbox 2249 536 2409 604; x_wconf 81' lang='lat' dir='ltr'><strong>ﬁnem</strong></span> <span class='ocrx_word' id='word_1_16' title='bbox 2463 552 2529 592; x_wconf 83' lang='lat' dir='ltr'><strong>ne</strong></span> <span class='ocrx_word' id='word_1_17' title='bbox 2586 554 2897 611; x_wconf 73' lang='lat' dir='ltr'><strong>corrumpas</strong></span> <span class='ocrx_word' id='word_1_18' title='bbox 2953 540 3058 606; x_wconf 83' lang='lat' dir='ltr'><strong>ipsi</strong></span> <span class='ocrx_word' id='word_1_19' title='bbox 3111 539 3284 595; x_wconf 82' lang='lat' dir='ltr'><strong>David</strong></span> <span class='ocrx_word' id='word_1_20' title='bbox 3331 541 3386 593; x_wconf 87' lang='lat' dir='ltr'><strong>in</strong></span> <span class='ocrx_word' id='word_1_21' title='bbox 3436 537 3584 593; x_wconf 86' lang='lat' dir='ltr'><strong>tituli</strong></span> <span class='ocrx_word' id='word_1_22' title='bbox 3636 538 3730 591; x_wconf 84' lang='lat' dir='ltr'><strong>in-</strong></span> 
     </span>
    </p>
   </div>
   <div class='ocr_carea' id='block_1_6' title="bbox 520 627 2029 701">
    <p class='ocr_par' dir='ltr' id='par_1_6' title="bbox 520 627 2029 701">
     <span class='ocr_line' id='line_1_6' title="bbox 520 627 2029 701; baseline -0.003 -15"><span class='ocrx_word' id='word_1_23' title='bbox 520 629 885 701; x_wconf 60' lang='lat' dir='ltr'><strong>Jorpagalar,</strong></span> <span class='ocrx_word' id='word_1_24' title='bbox 938 632 1012 685; x_wconf 79' lang='grc' dir='ltr'><strong>ἐν</strong></span> <span class='ocrx_word' id='word_1_25' title='bbox 1049 629 1130 695; x_wconf 83' lang='grc' dir='ltr'><strong>τῷ</strong></span> <span class='ocrx_word' id='word_1_26' title='bbox 1168 630 1362 685; x_wconf 79' lang='grc' dir='ltr'><strong>αὐτὸν</strong></span> <span class='ocrx_word' id='word_1_27' title='bbox 1387 628 1866 700; x_wconf 78' lang='grc' dir='ltr'><strong>ἀποδιδράσκειν</strong></span> <span class='ocrx_word' id='word_1_28' title='bbox 1906 627 2029 684; x_wconf 76' lang='grc' dir='ltr'><strong>ἀπὸ</strong></span> 
     </span>
    </p>
   </div>
   <div class='ocr_carea' id='block_1_7' title="bbox 519 719 1694 793">
    <p class='ocr_par' dir='ltr' id='par_1_7' title="bbox 519 719 1694 793">
     <span class='ocr_line' id='line_1_7' title="bbox 519 719 1694 793; baseline 0 -19"><span class='ocrx_word' id='word_1_29' title='bbox 519 719 852 793; x_wconf 68' lang='grc' dir='ltr'><strong>προσώπου</strong></span> <span class='ocrx_word' id='word_1_30' title='bbox 895 719 1100 776; x_wconf 77' lang='grc' dir='ltr'><strong>Σαοὺλ</strong></span> <span class='ocrx_word' id='word_1_31' title='bbox 1151 723 1240 787; x_wconf 81' lang='grc' dir='ltr'><strong>είς</strong></span> <span class='ocrx_word' id='word_1_32' title='bbox 1268 720 1337 774; x_wconf 84' lang='grc' dir='ltr'><strong>τὸ</strong></span> <span class='ocrx_word' id='word_1_33' title='bbox 1359 720 1694 789; x_wconf 72' lang='grc' dir='ltr'><strong>σπήλαιον.</strong></span> 
     </span>
    </p>
   </div>
   <div class='ocr_carea' id='block_1_8' title="bbox 1011 810 1477 882">
    <p class='ocr_par' dir='ltr' id='par_1_8' title="bbox 1011 810 1477 882">
     <span class='ocr_line' id='line_1_8' title="bbox 1011 810 1477 882; baseline 0 -13"><span class='ocrx_word' id='word_1_34' title='bbox 1011 814 1306 869; x_wconf 57' lang='lat' dir='ltr'><strong>“mox</strong></span> <span class='ocrx_word' id='word_1_35' title='bbox 1331 810 1477 882; x_wconf 74' lang='lat' dir='ltr'><strong>Nq&#39;.</strong></span> 
     </span>
    </p>
   </div>
   <div class='ocr_carea' id='block_1_9' title="bbox 517 903 2030 977">
    <p class='ocr_par' dir='ltr' id='par_1_9' title="bbox 517 903 2030 977">
     <span class='ocr_line' id='line_1_9' title="bbox 517 903 2030 977; baseline -0.003 -17"><span class='ocrx_word' id='word_1_36' title='bbox 517 906 630 961; x_wconf 74' lang='lat' dir='ltr'><strong>Kal.</strong></span> <span class='ocrx_word' id='word_1_37' title='bbox 654 906 715 960; x_wconf 83' lang='grc' dir='ltr'><strong>τὸ</strong></span> <span class='ocrx_word' id='word_1_38' title='bbox 740 906 799 960; x_wconf 71' lang='grc' dir='ltr'><strong>ἐν</strong></span> <span class='ocrx_word' id='word_1_39' title='bbox 833 903 912 975; x_wconf 81' lang='grc' dir='ltr'><strong>τῷ</strong></span> <span class='ocrx_word' id='word_1_40' title='bbox 931 904 1184 977; x_wconf 76' lang='grc' dir='ltr'><strong>σπηλαίῳ</strong></span> <span class='ocrx_word' id='word_1_41' title='bbox 1213 905 1313 976; x_wconf 82' lang='grc' dir='ltr'><strong>τῆς</strong></span> <span class='ocrx_word' id='word_1_42' title='bbox 1349 905 1562 977; x_wconf 76' lang='grc' dir='ltr'><strong>ἐρήμου</strong></span> <span class='ocrx_word' id='word_1_43' title='bbox 1592 905 1753 960; x_wconf 67' lang='grc' dir='ltr'><strong>Γαδδῖ</strong></span> <span class='ocrx_word' id='word_1_44' title='bbox 1782 904 2030 959; x_wconf 81' lang='grc' dir='ltr'><strong>κίνδυνον</strong></span> 
     </span>
    </p>
   </div>
   <div class='ocr_carea' id='block_1_10' title="bbox 446 995 2028 1072">
    <p class='ocr_par' dir='ltr' id='par_1_10' title="bbox 446 995 2028 1072">
     <span class='ocr_line' id='line_1_10' title="bbox 446 995 2028 1072; baseline -0.003 -18"><span class='ocrx_word' id='word_1_45' title='bbox 446 995 773 1072; x_wconf 73' lang='grc' dir='ltr'><strong>παραδόξως</strong></span> <span class='ocrx_word' id='word_1_46' title='bbox 829 998 1136 1069; x_wconf 76' lang='grc' dir='ltr'><strong>διαφυγὼν,</strong></span> <span class='ocrx_word' id='word_1_47' title='bbox 1195 1000 1284 1053; x_wconf 84' lang='grc' dir='ltr'><strong>ὅτε</strong></span> <span class='ocrx_word' id='word_1_48' title='bbox 1348 997 1805 1071; x_wconf 72' lang='grc' dir='ltr'><strong>ἑγκεκρυμμένου</strong></span> <span class='ocrx_word' id='word_1_49' title='bbox 1859 995 2028 1052; x_wconf 80' lang='grc' dir='ltr'><strong>αὐτοῦ</strong></span> 
     </span>
    </p>
   </div>
   <div class='ocr_carea' id='block_1_11' title="bbox 442 1095 2029 1169">
    <p class='ocr_par' dir='ltr' id='par_1_11' title="bbox 442 1095 2029 1169">
     <span class='ocr_line' id='line_1_11' title="bbox 442 1095 2029 1169; baseline -0.001 -19"><span class='ocrx_word' id='word_1_50' title='bbox 442 1096 743 1169; x_wconf 76' lang='grc' dir='ltr'><strong>ἐπεισῆλθε</strong></span> <span class='ocrx_word' id='word_1_51' title='bbox 776 1095 975 1162; x_wconf 76' lang='grc' dir='ltr'><strong>Σαοὺλ,</strong></span> <span class='ocrx_word' id='word_1_52' title='bbox 1003 1097 1100 1151; x_wconf 76' lang='grc' dir='ltr'><strong>καὶ</strong></span> <span class='ocrx_word' id='word_1_53' title='bbox 1123 1096 1474 1168; x_wconf 74' lang='grc' dir='ltr'><strong>ἐνηυλίσατο,</strong></span> <span class='ocrx_word' id='word_1_54' title='bbox 1521 1095 1710 1159; x_wconf 78' lang='grc' dir='ltr'><strong>καθὼς</strong></span> <span class='ocrx_word' id='word_1_55' title='bbox 1763 1095 2029 1166; x_wconf 84' lang='grc' dir='ltr'><strong>προειρή-</strong></span> 
     </span>
    </p>
   </div>
   <div class='ocr_carea' id='block_1_12' title="bbox 442 1186 2028 1259">
    <p class='ocr_par' dir='ltr' id='par_1_12' title="bbox 442 1186 2028 1259">
     <span class='ocr_line' id='line_1_12' title="bbox 442 1186 2028 1259; baseline -0.002 -15"><span class='ocrx_word' id='word_1_56' title='bbox 442 1206 649 1259; x_wconf 79' lang='grc' dir='ltr'><strong>καμεν,</strong></span> <span class='ocrx_word' id='word_1_57' title='bbox 683 1188 776 1243; x_wconf 91' lang='grc' dir='ltr'><strong>τὸν</strong></span> <span class='ocrx_word' id='word_1_58' title='bbox 809 1186 1027 1259; x_wconf 78' lang='grc' dir='ltr'>ψαλμὸν</span> <span class='ocrx_word' id='word_1_59' title='bbox 1043 1188 1235 1242; x_wconf 74' lang='grc' dir='ltr'><strong>τοῦτον</strong></span> <span class='ocrx_word' id='word_1_60' title='bbox 1261 1187 1544 1253; x_wconf 76' lang='grc' dir='ltr'><strong>συνέταξε,</strong></span> <span class='ocrx_word' id='word_1_61' title='bbox 1593 1188 1691 1242; x_wconf 71' lang='grc' dir='ltr'><strong>καῖ</strong></span> <span class='ocrx_word' id='word_1_62' title='bbox 1718 1187 1920 1258; x_wconf 86' lang='grc' dir='ltr'><strong>ὁμοίως</strong></span> <span class='ocrx_word' id='word_1_63' title='bbox 1971 1187 2028 1241; x_wconf 78' lang='grc' dir='ltr'><strong>δὲ</strong></span> 
     </span>
    </p>
   </div>
   <div class='ocr_carea' id='block_1_13' title="bbox 441 1278 2028 1353">
    <p class='ocr_par' dir='ltr' id='par_1_13' title="bbox 441 1278 2028 1353">
     <span class='ocr_line' id='line_1_13' title="bbox 441 1278 2028 1353; baseline -0.001 -19"><span class='ocrx_word' id='word_1_64' title='bbox 441 1282 524 1350; x_wconf 81' lang='grc' dir='ltr'><strong>τῷ</strong></span> <span class='ocrx_word' id='word_1_65' title='bbox 555 1279 666 1353; x_wconf 85' lang='grc' dir='ltr'><strong>πρὸ</strong></span> <span class='ocrx_word' id='word_1_66' title='bbox 694 1278 864 1335; x_wconf 82' lang='grc' dir='ltr'><strong>αὑτοῦ</strong></span> <span class='ocrx_word' id='word_1_67' title='bbox 892 1282 997 1348; x_wconf 75' lang='grc' dir='ltr'><strong>Εἰς</strong></span> <span class='ocrx_word' id='word_1_68' title='bbox 1058 1280 1520 1350; x_wconf 74' lang='grc' dir='ltr'><strong>στηλοτραφίαν</strong></span> <span class='ocrx_word' id='word_1_69' title='bbox 1575 1278 1912 1350; x_wconf 77' lang='grc' dir='ltr'><strong>ἐπέγραψεν,</strong></span> <span class='ocrx_word' id='word_1_70' title='bbox 1959 1279 2028 1333; x_wconf 90' lang='grc' dir='ltr'><strong>δι’</strong></span> 
     </span>
    </p>
   </div>
   <div class='ocr_carea' id='block_1_14' title="bbox 440 1366 2028 1446">
    <p class='ocr_par' dir='ltr' id='par_1_14' title="bbox 440 1366 2028 1446">
     <span class='ocr_line' id='line_1_14' title="bbox 440 1366 2028 1446; baseline 0.003 -22"><span class='ocrx_word' id='word_1_71' title='bbox 440 1374 515 1445; x_wconf 75' lang='grc' dir='ltr'><strong>ἦν</strong></span> <span class='ocrx_word' id='word_1_72' title='bbox 538 1373 725 1427; x_wconf 73' lang='grc' dir='ltr'><strong>αίτίαν</strong></span> <span class='ocrx_word' id='word_1_73' title='bbox 753 1374 1060 1446; x_wconf 74' lang='grc' dir='ltr'><strong>εἰρήκαμεν</strong></span> <span class='ocrx_word' id='word_1_74' title='bbox 1081 1390 1097 1405; x_wconf 71' lang='grc' dir='ltr'><strong><em>ο</em></strong></span> <span class='ocrx_word' id='word_1_75' title='bbox 1124 1377 1231 1440; x_wconf 75' lang='grc' dir='ltr'><strong>Εἰς</strong></span> <span class='ocrx_word' id='word_1_76' title='bbox 1249 1373 1318 1427; x_wconf 82' lang='grc' dir='ltr'><strong>τὸ</strong></span> <span class='ocrx_word' id='word_1_77' title='bbox 1339 1373 1520 1441; x_wconf 75' lang='grc' dir='ltr'><strong>τέλος</strong></span> <span class='ocrx_word' id='word_1_78' title='bbox 1548 1373 1604 1429; x_wconf 78' lang='grc' dir='ltr'><strong>δὲ</strong></span> <span class='ocrx_word' id='word_1_79' title='bbox 1625 1366 1804 1440; x_wconf 73' lang='grc' dir='ltr'><strong>οὗτος,</strong></span> <span class='ocrx_word' id='word_1_80' title='bbox 1832 1374 1909 1437; x_wconf 82' lang='grc' dir='ltr'><strong>ὡς</strong></span> <span class='ocrx_word' id='word_1_81' title='bbox 1927 1373 2028 1428; x_wconf 74' lang='grc' dir='ltr'><strong>ἒπ-</strong></span> 
     </span>
    </p>
   </div>
   <div class='ocr_carea' id='block_1_15' title="bbox 440 1464 2030 1538">
    <p class='ocr_par' dir='ltr' id='par_1_15' title="bbox 440 1464 2030 1538">
     <span class='ocr_line' id='line_1_15' title="bbox 440 1464 2030 1538; baseline 0.001 -20"><span class='ocrx_word' id='word_1_82' title='bbox 440 1465 736 1536; x_wconf 81' lang='grc' dir='ltr'><strong>ειγδμενος</strong></span> <span class='ocrx_word' id='word_1_83' title='bbox 761 1466 841 1527; x_wconf 84' lang='grc' dir='ltr'><strong>είς</strong></span> <span class='ocrx_word' id='word_1_84' title='bbox 865 1464 1019 1529; x_wconf 79' lang='grc' dir='ltr'><strong>τέλος</strong></span> <span class='ocrx_word' id='word_1_85' title='bbox 1057 1465 1168 1520; x_wconf 90' lang='grc' dir='ltr'><strong>τῶν</strong></span> <span class='ocrx_word' id='word_1_86' title='bbox 1195 1466 1254 1520; x_wconf 76' lang='grc' dir='ltr'><strong>ὲν</strong></span> <span class='ocrx_word' id='word_1_87' title='bbox 1285 1465 1460 1537; x_wconf 82' lang='grc' dir='ltr'><strong>τούτῳ</strong></span> <span class='ocrx_word' id='word_1_88' title='bbox 1502 1465 1635 1537; x_wconf 82' lang='grc' dir='ltr'><strong>περὶ</strong></span> <span class='ocrx_word' id='word_1_89' title='bbox 1668 1466 1769 1537; x_wconf 81' lang='grc' dir='ltr'><strong>τῆς</strong></span> <span class='ocrx_word' id='word_1_90' title='bbox 1798 1466 2030 1538; x_wconf 76' lang='grc' dir='ltr'><strong>Ἐκκλη-</strong></span> 
     </span>
    </p>
   </div>
   <div class='ocr_carea' id='block_1_16' title="bbox 443 1554 2027 1628">
    <p class='ocr_par' dir='ltr' id='par_1_16' title="bbox 443 1554 2027 1628">
     <span class='ocr_line' id='line_1_16' title="bbox 443 1554 2027 1628; baseline 0.003 -19"><span class='ocrx_word' id='word_1_91' title='bbox 443 1558 575 1618; x_wconf 78' lang='grc' dir='ltr'><strong>σίας</strong></span> <span class='ocrx_word' id='word_1_92' title='bbox 591 1554 704 1609; x_wconf 87' lang='grc' dir='ltr'><strong>τῶν</strong></span> <span class='ocrx_word' id='word_1_93' title='bbox 724 1554 895 1610; x_wconf 71' lang='grc' dir='ltr'><strong>ὲθνῶν</strong></span> <span class='ocrx_word' id='word_1_94' title='bbox 914 1556 1405 1627; x_wconf 80' lang='grc' dir='ltr'><strong>προφητευοέντων</strong></span> <span class='ocrx_word' id='word_1_95' title='bbox 1423 1573 1438 1590; x_wconf 89' lang='grc'><strong>·</strong></span> <span class='ocrx_word' id='word_1_96' title='bbox 1469 1556 1531 1611; x_wconf 87' lang='grc' dir='ltr'><strong>τὸ</strong></span> <span class='ocrx_word' id='word_1_97' title='bbox 1560 1558 1617 1612; x_wconf 77' lang='grc' dir='ltr'><strong>δὲ</strong></span> <span class='ocrx_word' id='word_1_98' title='bbox 1636 1557 1732 1625; x_wconf 79' lang='grc' dir='ltr'><strong>Μὴ</strong></span> <span class='ocrx_word' id='word_1_99' title='bbox 1758 1558 2027 1628; x_wconf 65' lang='grc' dir='ltr'><strong>διαφθεί-</strong></span> 
     </span>
    </p>
   </div>
   <div class='ocr_carea' id='block_1_17' title="bbox 432 1646 2030 1725">
    <p class='ocr_par' dir='ltr' id='par_1_17' title="bbox 432 1646 2030 1725">
     <span class='ocr_line' id='line_1_17' title="bbox 432 1646 2030 1725; baseline -0.001 -22"><span class='ocrx_word' id='word_1_100' title='bbox 432 1667 578 1720; x_wconf 76' lang='grc' dir='ltr'><strong>ρῃς,</strong></span> <span class='ocrx_word' id='word_1_101' title='bbox 613 1646 724 1719; x_wconf 73' lang='grc' dir='ltr'><strong>ἰδίᾳ</strong></span> <span class='ocrx_word' id='word_1_102' title='bbox 750 1648 847 1702; x_wconf 69' lang='grc' dir='ltr'><strong>καὶ</strong></span> <span class='ocrx_word' id='word_1_103' title='bbox 872 1648 999 1702; x_wconf 84' lang='grc' dir='ltr'><strong>καθ’</strong></span> <span class='ocrx_word' id='word_1_104' title='bbox 1022 1648 1221 1703; x_wconf 78' lang='grc' dir='ltr'><strong>ἑαυτὸν</strong></span> <span class='ocrx_word' id='word_1_105' title='bbox 1250 1650 1634 1715; x_wconf 81' lang='grc' dir='ltr'><strong>ἀναγνωστέον</strong></span> <span class='ocrx_word' id='word_1_106' title='bbox 1651 1669 1665 1683; x_wconf 77' lang='grc' dir='ltr'><strong><em>ο</em></strong></span> <span class='ocrx_word' id='word_1_107' title='bbox 1700 1653 1758 1705; x_wconf 73' lang='grc' dir='ltr'><strong>ὲν</strong></span> <span class='ocrx_word' id='word_1_108' title='bbox 1785 1656 1851 1725; x_wconf 79' lang='grc' dir='ltr'><strong>τῇ</strong></span> <span class='ocrx_word' id='word_1_109' title='bbox 1872 1654 2030 1709; x_wconf 79' lang='grc' dir='ltr'><strong>νυκτὶ</strong></span> 
     </span>
    </p>
   </div>
   <div class='ocr_carea' id='block_1_18' title="bbox 440 1738 2026 1814">
    <p class='ocr_par' dir='ltr' id='par_1_18' title="bbox 440 1738 2026 1814">
     <span class='ocr_line' id='line_1_18' title="bbox 440 1738 2026 1814; baseline 0.004 -24"><span class='ocrx_word' id='word_1_110' title='bbox 440 1739 558 1810; x_wconf 78' lang='grc' dir='ltr'><strong>γὰρ</strong></span> <span class='ocrx_word' id='word_1_111' title='bbox 587 1738 775 1812; x_wconf 70' lang='grc' dir='ltr'><strong>ἐκείνη</strong></span> <span class='ocrx_word' id='word_1_112' title='bbox 809 1739 1144 1810; x_wconf 70' lang='grc' dir='ltr'><strong>κοιμωμένῳ</strong></span> <span class='ocrx_word' id='word_1_113' title='bbox 1164 1738 1244 1810; x_wconf 82' lang='grc' dir='ltr'><strong>τῷ</strong></span> <span class='ocrx_word' id='word_1_114' title='bbox 1276 1740 1455 1794; x_wconf 79' lang='grc' dir='ltr'><strong>Σαοὺλ</strong></span> <span class='ocrx_word' id='word_1_115' title='bbox 1489 1740 1735 1796; x_wconf 82' lang='grc' dir='ltr'><strong>ἐπελθὼν</strong></span> <span class='ocrx_word' id='word_1_116' title='bbox 1767 1741 2026 1814; x_wconf 78' lang='grc' dir='ltr'><strong>ξιφήρης,</strong></span> 
     </span>
    </p>
   </div>
   <div class='ocr_carea' id='block_1_19' title="bbox 2206 629 3729 705">
    <p class='ocr_par' dir='ltr' id='par_1_19' title="bbox 2206 629 3729 705">
     <span class='ocr_line' id='line_1_19' title="bbox 2206 629 3729 705; baseline 0 -22"><span class='ocrx_word' id='word_1_117' title='bbox 2206 629 2551 698; x_wconf 75' lang='lat' dir='ltr'><strong>scriptionem</strong></span> <span class='ocrx_word' id='word_1_118' title='bbox 2622 647 2742 687; x_wconf 83' lang='lat' dir='ltr'><strong>cum</strong></span> <span class='ocrx_word' id='word_1_119' title='bbox 2805 634 3087 705; x_wconf 74' lang='lat' dir='ltr'><strong>[ageret&#39;a</strong></span> <span class='ocrx_word' id='word_1_120' title='bbox 3138 633 3278 703; x_wconf 80' lang='lat' dir='ltr'><strong>facie</strong></span> <span class='ocrx_word' id='word_1_121' title='bbox 3331 631 3467 688; x_wconf 81' lang='lat' dir='ltr'><strong>Saul</strong></span> <span class='ocrx_word' id='word_1_122' title='bbox 3512 631 3568 686; x_wconf 79' lang='lat' dir='ltr'><strong>in</strong></span> <span class='ocrx_word' id='word_1_123' title='bbox 3614 644 3729 697; x_wconf 84' lang='lat' dir='ltr'><strong>spe-</strong></span> 
     </span>
    </p>
   </div>
   <div class='ocr_carea' id='block_1_20' title="bbox 2102 722 2439 777">
    <p class='ocr_par' dir='ltr' id='par_1_20' title="bbox 2102 722 2439 777">
     <span class='ocr_line' id='line_1_20' title="bbox 2102 722 2439 777; baseline 0.009 -3"><span class='ocrx_word' id='word_1_124' title='bbox 2102 722 2124 742; x_wconf 87' lang='grc'><strong><em>⁸</em></strong></span> <span class='ocrx_word' id='word_1_125' title='bbox 2205 724 2439 777; x_wconf 74' lang='lat' dir='ltr'><strong>(uncam.</strong></span> 
     </span>
    </p>
   </div>
   <div class='ocr_carea' id='block_1_21' title="bbox 2635 816 3161 878">
    <p class='ocr_par' dir='ltr' id='par_1_21' title="bbox 2635 816 3161 878">
     <span class='ocr_line' id='line_1_21' title="bbox 2635 816 3161 878; baseline 0.013 -7"><span class='ocrx_word' id='word_1_126' title='bbox 2635 816 2968 878; x_wconf 75' lang='lat' dir='ltr'><strong>PSALMUS</strong></span> <span class='ocrx_word' id='word_1_127' title='bbox 3024 819 3161 878; x_wconf 73' lang='lat' dir='ltr'><strong>LW.</strong></span> 
     </span>
    </p>
   </div>
   <div class='ocr_carea' id='block_1_22' title="bbox 2205 908 3723 983">
    <p class='ocr_par' dir='ltr' id='par_1_22' title="bbox 2205 908 3723 983">
     <span class='ocr_line' id='line_1_22' title="bbox 2205 908 3723 983; baseline -0.003 -19"><span class='ocrx_word' id='word_1_128' title='bbox 2205 908 2486 967; x_wconf 86' lang='lat' dir='ltr'><strong>Psalmum</strong></span> <span class='ocrx_word' id='word_1_129' title='bbox 2515 910 2663 966; x_wconf 85' lang='lat' dir='ltr'><strong>hunc</strong></span> <span class='ocrx_word' id='word_1_130' title='bbox 2693 913 3028 983; x_wconf 89' lang='lat' dir='ltr'><strong>conscripsit</strong></span> <span class='ocrx_word' id='word_1_131' title='bbox 3089 913 3284 970; x_wconf 85' lang='lat' dir='ltr'><strong>beatus</strong></span> <span class='ocrx_word' id='word_1_132' title='bbox 3350 908 3542 973; x_wconf 80' lang='lat' dir='ltr'><strong>David,</strong></span> <span class='ocrx_word' id='word_1_133' title='bbox 3596 920 3723 961; x_wconf 87' lang='lat' dir='ltr'><strong>cum</strong></span> 
     </span>
    </p>
   </div>
   <div class='ocr_carea' id='block_1_23' title="bbox 2137 997 3723 1075">
    <p class='ocr_par' dir='ltr' id='par_1_23' title="bbox 2137 997 3723 1075">
     <span class='ocr_line' id='line_1_23' title="bbox 2137 997 3723 1075; baseline -0.013 -5"><span class='ocrx_word' id='word_1_134' title='bbox 2137 1010 2334 1071; x_wconf 70' lang='lat' dir='ltr'><strong>Prmter</strong></span> <span class='ocrx_word' id='word_1_135' title='bbox 2366 1016 2586 1057; x_wconf 89' lang='lat' dir='ltr'><strong>omnem</strong></span> <span class='ocrx_word' id='word_1_136' title='bbox 2616 1017 2771 1073; x_wconf 89' lang='lat' dir='ltr'><strong>spem</strong></span> <span class='ocrx_word' id='word_1_137' title='bbox 2818 1004 3124 1075; x_wconf 88' lang='lat' dir='ltr'><strong>periculum</strong></span> <span class='ocrx_word' id='word_1_138' title='bbox 3202 1002 3509 1075; x_wconf 78' lang='lat' dir='ltr'><strong>eliugisset,</strong></span> <span class='ocrx_word' id='word_1_139' title='bbox 3575 997 3723 1069; x_wconf 86' lang='lat' dir='ltr'><strong>quod</strong></span> 
     </span>
    </p>
   </div>
   <div class='ocr_carea' id='block_1_24' title="bbox 2136 1091 3726 1170">
    <p class='ocr_par' dir='ltr' id='par_1_24' title="bbox 2136 1091 3726 1170">
     <span class='ocr_line' id='line_1_24' title="bbox 2136 1091 3726 1170; baseline -0.005 -19"><span class='ocrx_word' id='word_1_140' title='bbox 2136 1093 2484 1151; x_wconf 74' lang='lat' dir='ltr'><strong>sustinuerat</strong></span> <span class='ocrx_word' id='word_1_141' title='bbox 2501 1094 2554 1150; x_wconf 91' lang='lat' dir='ltr'><strong>in</strong></span> <span class='ocrx_word' id='word_1_142' title='bbox 2578 1095 2841 1167; x_wconf 84' lang='lat' dir='ltr'><strong>spelunca</strong></span> <span class='ocrx_word' id='word_1_143' title='bbox 2867 1096 3211 1170; x_wconf 71' lang='lat' dir='ltr'><strong>desertiIGad</strong></span> <span class='ocrx_word' id='word_1_144' title='bbox 3240 1115 3254 1152; x_wconf 90' lang='lat'><strong>:</strong></span> <span class='ocrx_word' id='word_1_145' title='bbox 3277 1095 3495 1168; x_wconf 87' lang='lat' dir='ltr'><strong>quando</strong></span> <span class='ocrx_word' id='word_1_146' title='bbox 3511 1091 3726 1148; x_wconf 85' lang='lat' dir='ltr'><strong>scilicet</strong></span> 
     </span>
    </p>
   </div>
   <div class='ocr_carea' id='block_1_25' title="bbox 2138 1183 3724 1262">
    <p class='ocr_par' dir='ltr' id='par_1_25' title="bbox 2138 1183 3724 1262">
     <span class='ocr_line' id='line_1_25' title="bbox 2138 1183 3724 1262; baseline -0.004 -19"><span class='ocrx_word' id='word_1_147' title='bbox 2138 1186 2411 1257; x_wconf 83' lang='lat' dir='ltr'><strong>ipsoillic</strong></span> <span class='ocrx_word' id='word_1_148' title='bbox 2450 1187 2721 1255; x_wconf 67' lang='lat' dir='ltr'><strong>latitante,</strong></span> <span class='ocrx_word' id='word_1_149' title='bbox 2748 1187 3034 1258; x_wconf 78' lang='lat' dir='ltr'><strong>ingressus</strong></span> <span class='ocrx_word' id='word_1_150' title='bbox 3068 1189 3235 1245; x_wconf 84' lang='lat' dir='ltr'><strong>etiam</strong></span> <span class='ocrx_word' id='word_1_151' title='bbox 3258 1204 3325 1244; x_wconf 78' lang='lat' dir='ltr'><strong>eo</strong></span> <span class='ocrx_word' id='word_1_152' title='bbox 3353 1197 3430 1243; x_wconf 89' lang='lat' dir='ltr'><strong>est</strong></span> <span class='ocrx_word' id='word_1_153' title='bbox 3467 1183 3625 1245; x_wconf 87' lang='lat' dir='ltr'><strong>Saul,</strong></span> <span class='ocrx_word' id='word_1_154' title='bbox 3666 1189 3724 1262; x_wconf 84' lang='lat' dir='ltr'><strong>et</strong></span> 
     </span>
    </p>
   </div>
   <div class='ocr_carea' id='block_1_26' title="bbox 2137 1273 3725 1352">
    <p class='ocr_par' dir='ltr' id='par_1_26' title="bbox 2137 1273 3725 1352">
     <span class='ocr_line' id='line_1_26' title="bbox 2137 1273 3725 1352; baseline -0.004 -18"><span class='ocrx_word' id='word_1_155' title='bbox 2137 1280 2510 1350; x_wconf 83' lang='lat' dir='ltr'><strong>pernoctavit,</strong></span> <span class='ocrx_word' id='word_1_156' title='bbox 2543 1290 2603 1336; x_wconf 87' lang='lat' dir='ltr'><strong>ut</strong></span> <span class='ocrx_word' id='word_1_157' title='bbox 2658 1281 3042 1352; x_wconf 67' lang='lat' dir='ltr'><strong>praediximus.</strong></span> <span class='ocrx_word' id='word_1_158' title='bbox 3084 1279 3409 1337; x_wconf 85' lang='lat' dir='ltr'><strong>Inscribitur</strong></span> <span class='ocrx_word' id='word_1_159' title='bbox 3436 1278 3601 1333; x_wconf 86' lang='lat' dir='ltr'><strong>etiam</strong></span> <span class='ocrx_word' id='word_1_160' title='bbox 3633 1273 3725 1328; x_wconf 90' lang='lat' dir='ltr'><strong>bic</strong></span> 
     </span>
    </p>
   </div>
   <div class='ocr_carea' id='block_1_27' title="bbox 2136 1370 3723 1445">
    <p class='ocr_par' dir='ltr' id='par_1_27' title="bbox 2136 1370 3723 1445">
     <span class='ocr_line' id='line_1_27' title="bbox 2136 1370 3723 1445; baseline -0.005 -16"><span class='ocrx_word' id='word_1_161' title='bbox 2136 1381 2198 1429; x_wconf 88' lang='lat' dir='ltr'><strong>ut</strong></span> <span class='ocrx_word' id='word_1_162' title='bbox 2254 1374 2505 1444; x_wconf 78' lang='lat' dir='ltr'><strong>proxime</strong></span> <span class='ocrx_word' id='word_1_163' title='bbox 2557 1374 2895 1445; x_wconf 64' lang='lat' dir='ltr'><strong>praecedens,</strong></span> <span class='ocrx_word' id='word_1_164' title='bbox 2963 1373 3032 1429; x_wconf 84' lang='lat' dir='ltr'><strong><em>In</em></strong></span> <span class='ocrx_word' id='word_1_165' title='bbox 3102 1373 3248 1428; x_wconf 85' lang='lat' dir='ltr'><strong>tituli</strong></span> <span class='ocrx_word' id='word_1_166' title='bbox 3304 1370 3723 1444; x_wconf 57' lang='lat' dir='ltr'><strong>inscriptionem,</strong></span> 
     </span>
    </p>
   </div>
   <div class='ocr_carea' id='block_1_28' title="bbox 2136 1462 3723 1539">
    <p class='ocr_par' dir='ltr' id='par_1_28' title="bbox 2136 1462 3723 1539">
     <span class='ocr_line' id='line_1_28' title="bbox 2136 1462 3723 1539; baseline -0.005 -16"><span class='ocrx_word' id='word_1_167' title='bbox 2136 1465 2325 1523; x_wconf 84' lang='lat' dir='ltr'><strong>eadem</strong></span> <span class='ocrx_word' id='word_1_168' title='bbox 2360 1466 2620 1522; x_wconf 78' lang='lat' dir='ltr'><strong>nimirum</strong></span> <span class='ocrx_word' id='word_1_169' title='bbox 2651 1469 2888 1533; x_wconf 75' lang='lat' dir='ltr'><strong>ratione,</strong></span> <span class='ocrx_word' id='word_1_170' title='bbox 2943 1483 3109 1539; x_wconf 84' lang='lat' dir='ltr'><strong>quam</strong></span> <span class='ocrx_word' id='word_1_171' title='bbox 3145 1467 3219 1524; x_wconf 86' lang='lat' dir='ltr'><strong>ibi</strong></span> <span class='ocrx_word' id='word_1_172' title='bbox 3243 1467 3513 1522; x_wconf 77' lang='lat' dir='ltr'><strong>diximus.</strong></span> <span class='ocrx_word' id='word_1_173' title='bbox 3588 1462 3723 1517; x_wconf 86' lang='lat' dir='ltr'><strong>Item</strong></span> 
     </span>
    </p>
   </div>
   <div class='ocr_carea' id='block_1_29' title="bbox 2135 1556 3726 1630">
    <p class='ocr_par' dir='ltr' id='par_1_29' title="bbox 2135 1556 3726 1630">
     <span class='ocr_line' id='line_1_29' title="bbox 2135 1556 3726 1630; baseline -0.001 -17"><span class='ocrx_word' id='word_1_174' title='bbox 2135 1559 2188 1614; x_wconf 89' lang='lat' dir='ltr'><strong>in</strong></span> <span class='ocrx_word' id='word_1_175' title='bbox 2221 1558 2404 1628; x_wconf 81' lang='lat' dir='ltr'><strong>ﬁnem,</strong></span> <span class='ocrx_word' id='word_1_176' title='bbox 2440 1559 2568 1630; x_wconf 86' lang='lat' dir='ltr'><strong>quia</strong></span> <span class='ocrx_word' id='word_1_177' title='bbox 2599 1560 2667 1616; x_wconf 90' lang='lat' dir='ltr'><strong>ad</strong></span> <span class='ocrx_word' id='word_1_178' title='bbox 2701 1559 2862 1616; x_wconf 80' lang='lat' dir='ltr'><strong>linem</strong></span> <span class='ocrx_word' id='word_1_179' title='bbox 2920 1575 3114 1616; x_wconf 86' lang='lat' dir='ltr'><strong>eorum</strong></span> <span class='ocrx_word' id='word_1_180' title='bbox 3160 1559 3441 1624; x_wconf 82' lang='lat' dir='ltr'><strong>tendebat,</strong></span> <span class='ocrx_word' id='word_1_181' title='bbox 3493 1573 3614 1627; x_wconf 77' lang='lat' dir='ltr'><strong>qure</strong></span> <span class='ocrx_word' id='word_1_182' title='bbox 3655 1556 3726 1611; x_wconf 91' lang='lat' dir='ltr'><strong>de</strong></span> 
     </span>
    </p>
   </div>
   <div class='ocr_carea' id='block_1_30' title="bbox 2137 1648 3724 1723">
    <p class='ocr_par' dir='ltr' id='par_1_30' title="bbox 2137 1648 3724 1723">
     <span class='ocr_line' id='line_1_30' title="bbox 2137 1648 3724 1723; baseline -0.001 -18"><span class='ocrx_word' id='word_1_183' title='bbox 2137 1652 2382 1722; x_wconf 77' lang='lat' dir='ltr'><strong>gentium</strong></span> <span class='ocrx_word' id='word_1_184' title='bbox 2419 1650 2666 1708; x_wconf 83' lang='lat' dir='ltr'><strong>Ecclesia</strong></span> <span class='ocrx_word' id='word_1_185' title='bbox 2700 1652 2755 1708; x_wconf 92' lang='lat' dir='ltr'><strong>in</strong></span> <span class='ocrx_word' id='word_1_186' title='bbox 2781 1667 2849 1709; x_wconf 91' lang='lat' dir='ltr'><strong>eo</strong></span> <span class='ocrx_word' id='word_1_187' title='bbox 2875 1650 3274 1723; x_wconf 66' lang='lat' dir='ltr'><strong>praedicuntur.</strong></span> <span class='ocrx_word' id='word_1_188' title='bbox 3315 1652 3375 1706; x_wconf 86' lang='lat' dir='ltr'><strong>Et</strong></span> <span class='ocrx_word' id='word_1_189' title='bbox 3412 1650 3556 1719; x_wconf 81' lang='lat' dir='ltr'><strong>quod</strong></span> <span class='ocrx_word' id='word_1_190' title='bbox 3584 1648 3724 1718; x_wconf 73' lang='lat' dir='ltr'><strong>legi-</strong></span> 
     </span>
    </p>
   </div>
   <div class='ocr_carea' id='block_1_31' title="bbox 2137 1743 3725 1818">
    <p class='ocr_par' dir='ltr' id='par_1_31' title="bbox 2137 1743 3725 1818">
     <span class='ocr_line' id='line_1_31' title="bbox 2137 1743 3725 1818; baseline -0.004 -19"><span class='ocrx_word' id='word_1_191' title='bbox 2137 1760 2298 1801; x_wconf 88' lang='lat' dir='ltr'><strong>mus:</strong></span> <span class='ocrx_word' id='word_1_192' title='bbox 2339 1744 2424 1800; x_wconf 88' lang='lat' dir='ltr'><strong>Ne</strong></span> <span class='ocrx_word' id='word_1_193' title='bbox 2454 1762 2797 1818; x_wconf 80' lang='lat' dir='ltr'><strong>corrumpas,</strong></span> <span class='ocrx_word' id='word_1_194' title='bbox 2829 1762 2927 1802; x_wconf 88' lang='lat' dir='ltr'><strong>seu</strong></span> <span class='ocrx_word' id='word_1_195' title='bbox 2970 1743 3055 1818; x_wconf 87' lang='lat' dir='ltr'><strong>[ut</strong></span> <span class='ocrx_word' id='word_1_196' title='bbox 3093 1745 3255 1799; x_wconf 82' lang='lat' dir='ltr'><strong>aliter</strong></span> <span class='ocrx_word' id='word_1_197' title='bbox 3303 1743 3503 1813; x_wconf 79' lang='lat' dir='ltr'><strong>exponi</strong></span> <span class='ocrx_word' id='word_1_198' title='bbox 3546 1748 3725 1809; x_wconf 71' lang='lat' dir='ltr'><strong>potest</strong></span> 
     </span>
    </p>
   </div>
   <div class='ocr_carea' id='block_1_32' title="bbox 441 1829 2035 1911">
    <p class='ocr_par' dir='ltr' id='par_1_32' title="bbox 441 1829 2031 1906">
     <span class='ocr_line' id='line_1_32' title="bbox 441 1829 2031 1906; baseline 0.001 -20"><span class='ocrx_word' id='word_1_199' title='bbox 441 1829 610 1886; x_wconf 83' lang='grc' dir='ltr'><strong>τοῦτο</strong></span> <span class='ocrx_word' id='word_1_200' title='bbox 633 1831 696 1885; x_wconf 89' lang='grc' dir='ltr'><strong>τὸ</strong></span> <span class='ocrx_word' id='word_1_201' title='bbox 729 1832 948 1903; x_wconf 82' lang='grc' dir='ltr'><strong>πρόσρη</strong></span> <span class='ocrx_word' id='word_1_202' title='bbox 958 1849 1037 1902; x_wconf 67' lang='grc' dir='ltr'><strong>με.</strong></span> <span class='ocrx_word' id='word_1_203' title='bbox 1056 1832 1381 1905; x_wconf 80' lang='grc' dir='ltr'><strong>κατεπᾴδων</strong></span> <span class='ocrx_word' id='word_1_204' title='bbox 1405 1833 1587 1904; x_wconf 80' lang='grc' dir='ltr'><strong>ἐαυτῷ</strong></span> <span class='ocrx_word' id='word_1_205' title='bbox 1617 1834 2031 1906; x_wconf 78' lang='grc' dir='ltr'><strong>συνεχέστερον,</strong></span> 
     </span>
    </p>
   </div>
   <div class='ocr_carea' id='block_1_33' title="bbox 2143 1829 3725 1911">
    <p class='ocr_par' dir='ltr' id='par_1_33' title="bbox 2143 1830 3725 1911">
     <span class='ocr_line' id='line_1_33' title="bbox 2143 1830 3725 1911; baseline -0.006 -17"><span class='ocrx_word' id='word_1_206' title='bbox 2143 1837 2324 1894; x_wconf 66' lang='lat' dir='ltr'><strong>Graeca</strong></span> <span class='ocrx_word' id='word_1_207' title='bbox 2355 1837 2547 1911; x_wconf 88' lang='lat' dir='ltr'><strong>dictio]</strong></span> <span class='ocrx_word' id='word_1_208' title='bbox 2599 1838 2675 1910; x_wconf 76' lang='grc' dir='ltr'><strong>μὴ</strong></span> <span class='ocrx_word' id='word_1_209' title='bbox 2707 1838 3051 1910; x_wconf 76' lang='grc' dir='ltr'><strong>διαφθείρῃς,</strong></span> <span class='ocrx_word' id='word_1_210' title='bbox 3082 1853 3145 1892; x_wconf 82' lang='lat' dir='ltr'><strong>ne</strong></span> <span class='ocrx_word' id='word_1_211' title='bbox 3166 1837 3381 1906; x_wconf 80' lang='lat' dir='ltr'><strong>perdas,</strong></span> <span class='ocrx_word' id='word_1_212' title='bbox 3414 1849 3510 1905; x_wconf 88' lang='lat' dir='ltr'><strong>per</strong></span> <span class='ocrx_word' id='word_1_213' title='bbox 3535 1830 3725 1901; x_wconf 73' lang='lat' dir='ltr'><strong>septi-</strong></span> 
     </span>
    </p>
   </div>
   <div class='ocr_carea' id='block_1_34' title="bbox 439 1921 2036 1995">
    <p class='ocr_par' dir='ltr' id='par_1_34' title="bbox 439 1921 2036 1995">
     <span class='ocr_line' id='line_1_34' title="bbox 439 1921 2036 1995; baseline 0.004 -18"><span class='ocrx_word' id='word_1_214' title='bbox 439 1922 763 1978; x_wconf 76' lang='grc' dir='ltr'><strong>κατέστειλε</strong></span> <span class='ocrx_word' id='word_1_215' title='bbox 797 1921 890 1978; x_wconf 87' lang='grc' dir='ltr'><strong>τὸν</strong></span> <span class='ocrx_word' id='word_1_216' title='bbox 924 1923 1119 1995; x_wconf 88' lang='grc' dir='ltr'><strong>θυμὸν,</strong></span> <span class='ocrx_word' id='word_1_217' title='bbox 1150 1925 1249 1980; x_wconf 78' lang='grc' dir='ltr'><strong>καὶ</strong></span> <span class='ocrx_word' id='word_1_218' title='bbox 1273 1925 1374 1980; x_wconf 72' lang='grc' dir='ltr'><strong>οὐκ</strong></span> <span class='ocrx_word' id='word_1_219' title='bbox 1420 1926 1639 1981; x_wconf 75' lang='grc' dir='ltr'><strong>ἀνεῖλεν</strong></span> <span class='ocrx_word' id='word_1_220' title='bbox 1659 1926 1845 1981; x_wconf 83' lang='grc' dir='ltr'><strong>αὐτόν.</strong></span> <span class='ocrx_word' id='word_1_221' title='bbox 1871 1927 2036 1983; x_wconf 76' lang='grc' dir='ltr'><strong>Ὅθεν</strong></span> 
     </span>
    </p>
   </div>
   <div class='ocr_carea' id='block_1_35' title="bbox 440 2016 2035 2089">
    <p class='ocr_par' dir='ltr' id='par_1_35' title="bbox 440 2016 2035 2089">
     <span class='ocr_line' id='line_1_35' title="bbox 440 2016 2035 2089; baseline 0.003 -20"><span class='ocrx_word' id='word_1_222' title='bbox 440 2016 659 2087; x_wconf 76' lang='grc' dir='ltr'><strong>ιγραψε</strong></span> <span class='ocrx_word' id='word_1_223' title='bbox 690 2017 972 2071; x_wconf 68' lang='grc' dir='ltr'><strong>καὶτοῦτο</strong></span> <span class='ocrx_word' id='word_1_224' title='bbox 1003 2033 1020 2049; x_wconf 84' lang='lat'><strong><em>°</em></strong></span> <span class='ocrx_word' id='word_1_225' title='bbox 1060 2017 1092 2073; x_wconf 73' lang='grc' dir='ltr'><em>ἂ</em></span> <span class='ocrx_word' id='word_1_226' title='bbox 1102 2035 1179 2089; x_wconf 84' lang='grc' dir='ltr'><strong>μα</strong></span> <span class='ocrx_word' id='word_1_227' title='bbox 1210 2019 1333 2089; x_wconf 81' lang='grc' dir='ltr'><strong>μὲν,</strong></span> <span class='ocrx_word' id='word_1_228' title='bbox 1366 2018 1660 2085; x_wconf 77' lang='grc' dir='ltr'><strong>διδάσκων,</strong></span> <span class='ocrx_word' id='word_1_229' title='bbox 1705 2019 1826 2083; x_wconf 88' lang='grc' dir='ltr'><strong>πῶς</strong></span> <span class='ocrx_word' id='word_1_230' title='bbox 1870 2021 2035 2085; x_wconf 81' lang='grc' dir='ltr'><strong>αὐτὸς</strong></span> 
     </span>
    </p>
   </div>
   <div class='ocr_carea' id='block_1_36' title="bbox 438 2109 2038 2185">
    <p class='ocr_par' dir='ltr' id='par_1_36' title="bbox 438 2109 2038 2185">
     <span class='ocr_line' id='line_1_36' title="bbox 438 2109 2038 2185; baseline 0.004 -21"><span class='ocrx_word' id='word_1_231' title='bbox 438 2110 753 2180; x_wconf 67' lang='grc' dir='ltr'><strong>ικράτησεν</strong></span> <span class='ocrx_word' id='word_1_232' title='bbox 772 2110 868 2165; x_wconf 81' lang='grc' dir='ltr'><strong>τοῦ</strong></span> <span class='ocrx_word' id='word_1_233' title='bbox 886 2109 1063 2183; x_wconf 82' lang='grc' dir='ltr'><strong>θυμοῦ</strong></span> <span class='ocrx_word' id='word_1_234' title='bbox 1102 2127 1116 2141; x_wconf 83' lang='lat'><strong><em>°</em></strong></span> <span class='ocrx_word' id='word_1_235' title='bbox 1141 2111 1258 2181; x_wconf 69' lang='grc' dir='ltr'><strong>ἅμα</strong></span> <span class='ocrx_word' id='word_1_236' title='bbox 1284 2111 1365 2176; x_wconf 76' lang='grc' dir='ltr'><strong>δὲ,</strong></span> <span class='ocrx_word' id='word_1_237' title='bbox 1395 2112 1493 2167; x_wconf 70' lang='grc' dir='ltr'><strong>καὶ</strong></span> <span class='ocrx_word' id='word_1_238' title='bbox 1551 2112 1839 2185; x_wconf 82' lang='grc' dir='ltr'><strong>παραινῶν</strong></span> <span class='ocrx_word' id='word_1_239' title='bbox 1871 2115 2038 2170; x_wconf 79' lang='grc' dir='ltr'><strong>παντὶ</strong></span> 
     </span>
    </p>
   </div>
   <div class='ocr_carea' id='block_1_37' title="bbox 445 2201 2033 2277">
    <p class='ocr_par' dir='ltr' id='par_1_37' title="bbox 445 2201 2033 2277">
     <span class='ocr_line' id='line_1_37' title="bbox 445 2201 2033 2277; baseline 0.004 -22"><span class='ocrx_word' id='word_1_240' title='bbox 445 2201 526 2273; x_wconf 79' lang='grc' dir='ltr'><strong>μὴ</strong></span> <span class='ocrx_word' id='word_1_241' title='bbox 558 2201 906 2273; x_wconf 75' lang='grc' dir='ltr'><strong>διαφθείρειν</strong></span> <span class='ocrx_word' id='word_1_242' title='bbox 931 2201 1033 2273; x_wconf 78' lang='grc' dir='ltr'><strong>τὴν</strong></span> <span class='ocrx_word' id='word_1_243' title='bbox 1056 2203 1439 2269; x_wconf 79' lang='grc' dir='ltr'><strong>ἀνεξικακίαν.</strong></span> <span class='ocrx_word' id='word_1_244' title='bbox 1460 2204 1582 2277; x_wconf 81' lang='grc' dir='ltr'><strong>Χρὴ</strong></span> <span class='ocrx_word' id='word_1_245' title='bbox 1608 2205 1667 2260; x_wconf 68' lang='grc' dir='ltr'><strong>δὲ</strong></span> <span class='ocrx_word' id='word_1_246' title='bbox 1716 2204 2033 2275; x_wconf 79' lang='grc' dir='ltr'><strong>γινώσκειν,</strong></span> 
     </span>
    </p>
   </div>
   <div class='ocr_carea' id='block_1_38' title="bbox 443 2293 2034 2369">
    <p class='ocr_par' dir='ltr' id='par_1_38' title="bbox 443 2293 2034 2369">
     <span class='ocr_line' id='line_1_38' title="bbox 443 2293 2034 2369; baseline 0.003 -21"><span class='ocrx_word' id='word_1_247' title='bbox 443 2295 530 2348; x_wconf 76' lang='grc' dir='ltr'><strong>ὅτι</strong></span> <span class='ocrx_word' id='word_1_248' title='bbox 558 2293 752 2349; x_wconf 81' lang='grc' dir='ltr'><strong>τοῦτον</strong></span> <span class='ocrx_word' id='word_1_249' title='bbox 781 2293 881 2365; x_wconf 82' lang='grc' dir='ltr'><strong>μὲν</strong></span> <span class='ocrx_word' id='word_1_250' title='bbox 904 2295 997 2348; x_wconf 88' lang='grc' dir='ltr'><strong>τὸν</strong></span> <span class='ocrx_word' id='word_1_251' title='bbox 1023 2293 1243 2365; x_wconf 78' lang='grc' dir='ltr'><strong>ψαλμὸν</strong></span> <span class='ocrx_word' id='word_1_252' title='bbox 1275 2295 1511 2363; x_wconf 64' lang='grc' dir='ltr'><strong>ἐξελθὼν</strong></span> <span class='ocrx_word' id='word_1_253' title='bbox 1577 2296 1687 2351; x_wconf 87' lang='grc' dir='ltr'><strong>ἀπὸ</strong></span> <span class='ocrx_word' id='word_1_254' title='bbox 1735 2297 1830 2352; x_wconf 83' lang='grc' dir='ltr'><strong>τοῦ</strong></span> <span class='ocrx_word' id='word_1_255' title='bbox 1892 2316 2034 2369; x_wconf 86' lang='grc' dir='ltr'><strong>σπη-</strong></span> 
     </span>
    </p>
   </div>
   <div class='ocr_carea' id='block_1_39' title="bbox 2142 1923 3722 2002">
    <p class='ocr_par' dir='ltr' id='par_1_39' title="bbox 2142 1923 3722 2002">
     <span class='ocr_line' id='line_1_39' title="bbox 2142 1923 3722 2002; baseline -0.006 -16"><span class='ocrx_word' id='word_1_256' title='bbox 2142 1930 2312 1986; x_wconf 82' lang='lat' dir='ltr'><strong>vatim</strong></span> <span class='ocrx_word' id='word_1_257' title='bbox 2348 1930 2640 2002; x_wconf 75' lang='lat' dir='ltr'><strong>legendum</strong></span> <span class='ocrx_word' id='word_1_258' title='bbox 2683 1940 2791 1988; x_wconf 87' lang='lat' dir='ltr'><strong>est.</strong></span> <span class='ocrx_word' id='word_1_259' title='bbox 2820 1929 2896 1984; x_wconf 82' lang='lat' dir='ltr'><strong>Ea</strong></span> <span class='ocrx_word' id='word_1_260' title='bbox 2932 1930 3077 1985; x_wconf 86' lang='lat' dir='ltr'><strong>enim</strong></span> <span class='ocrx_word' id='word_1_261' title='bbox 3103 1937 3268 1984; x_wconf 90' lang='lat' dir='ltr'><strong>nocte</strong></span> <span class='ocrx_word' id='word_1_262' title='bbox 3289 1928 3488 1982; x_wconf 84' lang='lat' dir='ltr'><strong>beatus</strong></span> <span class='ocrx_word' id='word_1_263' title='bbox 3547 1923 3722 1979; x_wconf 83' lang='lat' dir='ltr'><strong>David</strong></span> 
     </span>
    </p>
   </div>
   <div class='ocr_carea' id='block_1_40' title="bbox 2139 2016 3723 2093">
    <p class='ocr_par' dir='ltr' id='par_1_40' title="bbox 2139 2016 3723 2093">
     <span class='ocr_line' id='line_1_40' title="bbox 2139 2016 3723 2093; baseline -0.004 -17"><span class='ocrx_word' id='word_1_264' title='bbox 2139 2036 2268 2077; x_wconf 89' lang='lat' dir='ltr'><strong>cum</strong></span> <span class='ocrx_word' id='word_1_265' title='bbox 2299 2021 2483 2093; x_wconf 74' lang='lat' dir='ltr'><strong>gladio</strong></span> <span class='ocrx_word' id='word_1_266' title='bbox 2522 2022 2603 2076; x_wconf 82' lang='lat' dir='ltr'><strong>ira</strong></span> <span class='ocrx_word' id='word_1_267' title='bbox 2633 2033 2946 2079; x_wconf 87' lang='lat' dir='ltr'><strong>commotus</strong></span> <span class='ocrx_word' id='word_1_268' title='bbox 3004 2037 3168 2093; x_wconf 81' lang='lat' dir='ltr'><strong>supra</strong></span> <span class='ocrx_word' id='word_1_269' title='bbox 3207 2019 3432 2077; x_wconf 85' lang='lat' dir='ltr'><strong>Saulem</strong></span> <span class='ocrx_word' id='word_1_270' title='bbox 3484 2016 3723 2073; x_wconf 82' lang='lat' dir='ltr'><strong>astabat.</strong></span> 
     </span>
    </p>
   </div>
   <div class='ocr_carea' id='block_1_41' title="bbox 2137 2109 3725 2184">
    <p class='ocr_par' dir='ltr' id='par_1_41' title="bbox 2137 2109 3725 2184">
     <span class='ocr_line' id='line_1_41' title="bbox 2137 2109 3725 2184; baseline -0.005 -14"><span class='ocrx_word' id='word_1_271' title='bbox 2137 2111 2340 2170; x_wconf 80' lang='lat' dir='ltr'><strong>Verum</strong></span> <span class='ocrx_word' id='word_1_272' title='bbox 2392 2114 2709 2184; x_wconf 76' lang='lat' dir='ltr'><strong>huiusmodi</strong></span> <span class='ocrx_word' id='word_1_273' title='bbox 2747 2115 2912 2171; x_wconf 74' lang='lat' dir='ltr'><strong>verba</strong></span> <span class='ocrx_word' id='word_1_274' title='bbox 2962 2113 3159 2170; x_wconf 87' lang='lat' dir='ltr'><strong>crebro</strong></span> <span class='ocrx_word' id='word_1_275' title='bbox 3204 2126 3436 2175; x_wconf 89' lang='lat' dir='ltr'><strong>canens,</strong></span> <span class='ocrx_word' id='word_1_276' title='bbox 3488 2109 3725 2163; x_wconf 79' lang='lat' dir='ltr'><strong>furorem</strong></span> 
     </span>
    </p>
   </div>
   <div class='ocr_carea' id='block_1_42' title="bbox 2135 2206 3729 2278">
    <p class='ocr_par' dir='ltr' id='par_1_42' title="bbox 2135 2206 3729 2278">
     <span class='ocr_line' id='line_1_42' title="bbox 2135 2206 3729 2278; baseline -0.006 -16"><span class='ocrx_word' id='word_1_277' title='bbox 2135 2215 2303 2278; x_wconf 87' lang='lat' dir='ltr'><strong>atque</strong></span> <span class='ocrx_word' id='word_1_278' title='bbox 2329 2208 2468 2263; x_wconf 84' lang='lat' dir='ltr'><strong>i-ram</strong></span> <span class='ocrx_word' id='word_1_279' title='bbox 2504 2224 2725 2265; x_wconf 85' lang='lat' dir='ltr'><strong>omnem</strong></span> <span class='ocrx_word' id='word_1_280' title='bbox 2778 2208 3066 2278; x_wconf 79' lang='lat' dir='ltr'><strong>repressit,</strong></span> <span class='ocrx_word' id='word_1_281' title='bbox 3118 2218 3167 2263; x_wconf 87' lang='lat' dir='ltr'><strong>et</strong></span> <span class='ocrx_word' id='word_1_282' title='bbox 3218 2206 3446 2261; x_wconf 86' lang='lat' dir='ltr'><strong>inimico</strong></span> <span class='ocrx_word' id='word_1_283' title='bbox 3494 2214 3729 2272; x_wconf 71' lang='lat' dir='ltr'><strong>paremus</strong></span> 
     </span>
    </p>
   </div>
   <div class='ocr_carea' id='block_1_43' title="bbox 2132 2292 3728 2368">
    <p class='ocr_par' dir='ltr' id='par_1_43' title="bbox 2132 2292 3728 2368">
     <span class='ocr_line' id='line_1_43' title="bbox 2132 2292 3728 2368; baseline -0.004 -17"><span class='ocrx_word' id='word_1_284' title='bbox 2132 2311 2242 2353; x_wconf 85' lang='lat' dir='ltr'><strong>non</strong></span> <span class='ocrx_word' id='word_1_285' title='bbox 2305 2296 2607 2353; x_wconf 88' lang='lat' dir='ltr'><strong>interemit.</strong></span> <span class='ocrx_word' id='word_1_286' title='bbox 2681 2296 3009 2368; x_wconf 85' lang='lat' dir='ltr'><strong>Hujusmodi</strong></span> <span class='ocrx_word' id='word_1_287' title='bbox 3089 2297 3255 2368; x_wconf 78' lang='lat' dir='ltr'><strong>igitur</strong></span> <span class='ocrx_word' id='word_1_288' title='bbox 3313 2295 3475 2350; x_wconf 85' lang='lat' dir='ltr'><strong>verba</strong></span> <span class='ocrx_word' id='word_1_289' title='bbox 3559 2292 3728 2349; x_wconf 88' lang='lat' dir='ltr'><strong>etiam</strong></span> 
     </span>
    </p>
   </div>
   <div class='ocr_carea' id='block_1_44' title="bbox 452 2383 2035 2464">
    <p class='ocr_par' dir='ltr' id='par_1_44' title="bbox 452 2386 2029 2464">
     <span class='ocr_line' id='line_1_44' title="bbox 452 2386 2029 2464; baseline 0.006 -26"><span class='ocrx_word' id='word_1_290' title='bbox 452 2386 606 2440; x_wconf 80' lang='grc' dir='ltr'><strong>λαίου</strong></span> <span class='ocrx_word' id='word_1_291' title='bbox 631 2386 981 2457; x_wconf 69' lang='grc' dir='ltr'><strong>συνέγραψεν</strong></span> <span class='ocrx_word' id='word_1_292' title='bbox 1005 2402 1020 2419; x_wconf 87' lang='grc'><strong>·</strong></span> <span class='ocrx_word' id='word_1_293' title='bbox 1045 2386 1140 2441; x_wconf 86' lang='grc' dir='ltr'><strong>τὸν</strong></span> <span class='ocrx_word' id='word_1_294' title='bbox 1160 2387 1218 2442; x_wconf 79' lang='grc' dir='ltr'><strong>δὲ</strong></span> <span class='ocrx_word' id='word_1_295' title='bbox 1258 2394 1387 2458; x_wconf 80' lang='grc' dir='ltr'><strong>ρμα⁹</strong></span> <span class='ocrx_word' id='word_1_296' title='bbox 1412 2387 1494 2442; x_wconf 73' lang='grc' dir='ltr'><strong>ἔτι</strong></span> <span class='ocrx_word' id='word_1_297' title='bbox 1522 2389 1660 2444; x_wconf 71' lang='grc' dir='ltr'><strong>ἐνὼν</strong></span> <span class='ocrx_word' id='word_1_298' title='bbox 1714 2391 1871 2464; x_wconf 81' lang='grc' dir='ltr'><strong>αὒτῷ</strong></span> <span class='ocrx_word' id='word_1_299' title='bbox 1932 2393 2029 2447; x_wconf 77' lang='grc' dir='ltr'><strong>καὶ</strong></span> 
     </span>
    </p>
   </div>
   <div class='ocr_carea' id='block_1_45' title="bbox 2143 2383 3727 2464">
    <p class='ocr_par' dir='ltr' id='par_1_45' title="bbox 2143 2383 3727 2462">
     <span class='ocr_line' id='line_1_45' title="bbox 2143 2383 3727 2462; baseline -0.006 -17"><span class='ocrx_word' id='word_1_300' title='bbox 2143 2390 2345 2460; x_wconf 76' lang='lat' dir='ltr'><strong>psabuo</strong></span> <span class='ocrx_word' id='word_1_301' title='bbox 2402 2390 2713 2462; x_wconf 82' lang='lat' dir='ltr'><strong>inscripsit,</strong></span> <span class='ocrx_word' id='word_1_302' title='bbox 2768 2391 2980 2447; x_wconf 82' lang='lat' dir='ltr'><strong>docens</strong></span> <span class='ocrx_word' id='word_1_303' title='bbox 3060 2387 3341 2460; x_wconf 87' lang='lat' dir='ltr'><strong>quomodo</strong></span> <span class='ocrx_word' id='word_1_304' title='bbox 3408 2385 3524 2455; x_wconf 90' lang='lat' dir='ltr'><strong>ipse</strong></span> <span class='ocrx_word' id='word_1_305' title='bbox 3583 2383 3727 2437; x_wconf 85' lang='lat' dir='ltr'><strong>iram</strong></span> 
     </span>
    </p>
   </div>
   <div class='ocr_carea' id='block_1_46' title="bbox 455 2477 1521 2551">
    <p class='ocr_par' dir='ltr' id='par_1_46' title="bbox 455 2477 1521 2551">
     <span class='ocr_line' id='line_1_46' title="bbox 455 2477 1521 2551; baseline 0.006 -20"><span class='ocrx_word' id='word_1_306' title='bbox 455 2478 719 2547; x_wconf 82' lang='grc' dir='ltr'><strong>ἀγωνιῶν,</strong></span> <span class='ocrx_word' id='word_1_307' title='bbox 754 2477 831 2542; x_wconf 80' lang='grc' dir='ltr'><strong>ὡς</strong></span> <span class='ocrx_word' id='word_1_308' title='bbox 858 2478 960 2550; x_wconf 72' lang='grc' dir='ltr'><strong>ἤδη</strong></span> <span class='ocrx_word' id='word_1_309' title='bbox 994 2478 1521 2551; x_wconf 79' lang='grc' dir='ltr'><strong>συγκεκλεισμένος.</strong></span> 
     </span>
    </p>
   </div>
   <div class='ocr_carea' id='block_1_47' title="bbox 2128 2481 3729 2554">
    <p class='ocr_par' dir='ltr' id='par_1_47' title="bbox 2128 2481 3729 2554">
     <span class='ocr_line' id='line_1_47' title="bbox 2128 2481 3729 2554; baseline -0.005 -14"><span class='ocrx_word' id='word_1_310' title='bbox 2128 2481 2497 2554; x_wconf 83' lang='lat' dir='ltr'><strong>superaverit,</strong></span> <span class='ocrx_word' id='word_1_311' title='bbox 2530 2490 2586 2540; x_wconf 88' lang='lat' dir='ltr'><strong>et</strong></span> <span class='ocrx_word' id='word_1_312' title='bbox 2610 2484 2916 2539; x_wconf 88' lang='lat' dir='ltr'><strong>admonens</strong></span> <span class='ocrx_word' id='word_1_313' title='bbox 2944 2482 3051 2537; x_wconf 87' lang='lat' dir='ltr'><strong>hoc</strong></span> <span class='ocrx_word' id='word_1_314' title='bbox 3083 2491 3244 2553; x_wconf 85' lang='lat' dir='ltr'><strong>pacto</strong></span> <span class='ocrx_word' id='word_1_315' title='bbox 3274 2487 3508 2534; x_wconf 67' lang='lat' dir='ltr'><strong>caeteros</strong></span> <span class='ocrx_word' id='word_1_316' title='bbox 3528 2490 3729 2532; x_wconf 85' lang='lat' dir='ltr'><strong>omnes</strong></span> 
     </span>
    </p>
   </div>
   <div class='ocr_carea' id='block_1_48' title="bbox 443 2570 3727 2661">
    <p class='ocr_par' dir='ltr' id='par_1_48' title="bbox 443 2570 3727 2661">
     <span class='ocr_line' id='line_1_48' title="bbox 443 2570 3727 2661; baseline -0 -37"><span class='ocrx_word' id='word_1_317' title='bbox 443 2584 514 2624; x_wconf 78' lang='lat' dir='ltr'><strong>ne</strong></span> <span class='ocrx_word' id='word_1_318' title='bbox 533 2577 892 2637; x_wconf 82' lang='lat' dir='ltr'><strong>corrumpant</strong></span> <span class='ocrx_word' id='word_1_319' title='bbox 939 2585 1036 2626; x_wconf 89' lang='lat' dir='ltr'><strong>seu</strong></span> <span class='ocrx_word' id='word_1_320' title='bbox 1073 2571 1328 2641; x_wconf 87' lang='lat' dir='ltr'><strong>perdant,</strong></span> <span class='ocrx_word' id='word_1_321' title='bbox 1384 2572 1489 2627; x_wconf 89' lang='lat' dir='ltr'><strong>hoc</strong></span> <span class='ocrx_word' id='word_1_322' title='bbox 1541 2580 1629 2628; x_wconf 82' lang='lat' dir='ltr'><strong>est</strong></span> <span class='ocrx_word' id='word_1_323' title='bbox 1684 2589 1754 2628; x_wconf 86' lang='lat' dir='ltr'><strong>ne</strong></span> <span class='ocrx_word' id='word_1_324' title='bbox 1811 2575 2040 2645; x_wconf 76' lang='lat' dir='ltr'><strong>abigant</strong></span> <span class='ocrx_word' id='word_1_325' title='bbox 2083 2575 2425 2645; x_wconf 85' lang='lat' dir='ltr'><strong>patientiam.</strong></span> <span class='ocrx_word' id='word_1_326' title='bbox 2489 2573 2626 2630; x_wconf 89' lang='lat' dir='ltr'><strong>Illud</strong></span> <span class='ocrx_word' id='word_1_327' title='bbox 2673 2575 2818 2631; x_wconf 88' lang='lat' dir='ltr'><strong>scire</strong></span> <span class='ocrx_word' id='word_1_328' title='bbox 2840 2582 3060 2661; x_wconf 80' lang='lat' dir='ltr'><strong>oportet</strong></span> <span class='ocrx_word' id='word_1_329' title='bbox 3083 2573 3228 2642; x_wconf 83' lang='lat' dir='ltr'><strong>quod</strong></span> <span class='ocrx_word' id='word_1_330' title='bbox 3249 2574 3398 2628; x_wconf 88' lang='lat' dir='ltr'><strong>hunc</strong></span> <span class='ocrx_word' id='word_1_331' title='bbox 3453 2570 3727 2639; x_wconf 79' lang='lat' dir='ltr'><strong>psalmum</strong></span> 
     </span>
    </p>
   </div>
   <div class='ocr_carea' id='block_1_49' title="bbox 440 2661 3731 2749">
    <p class='ocr_par' dir='ltr' id='par_1_49' title="bbox 440 2661 3731 2749">
     <span class='ocr_line' id='line_1_49' title="bbox 440 2661 3731 2749; baseline -0.001 -33"><span class='ocrx_word' id='word_1_332' title='bbox 440 2661 782 2732; x_wconf 70' lang='lat' dir='ltr'><strong>conscripsit</strong></span> <span class='ocrx_word' id='word_1_333' title='bbox 809 2670 1099 2749; x_wconf 71' lang='lat' dir='ltr'><strong>postquam</strong></span> <span class='ocrx_word' id='word_1_334' title='bbox 1147 2664 1218 2719; x_wconf 87' lang='lat' dir='ltr'><strong>de</strong></span> <span class='ocrx_word' id='word_1_335' title='bbox 1296 2664 1557 2735; x_wconf 84' lang='lat' dir='ltr'><strong>spelunca</strong></span> <span class='ocrx_word' id='word_1_336' title='bbox 1614 2681 1872 2737; x_wconf 77' lang='lat' dir='ltr'><strong>egressus</strong></span> <span class='ocrx_word' id='word_1_337' title='bbox 1952 2674 2082 2734; x_wconf 86' lang='lat' dir='ltr'><strong>est;</strong></span> <span class='ocrx_word' id='word_1_338' title='bbox 2117 2667 2484 2723; x_wconf 86' lang='lat' dir='ltr'><strong>centesimum</strong></span> <span class='ocrx_word' id='word_1_339' title='bbox 2519 2680 2654 2722; x_wconf 81' lang='lat' dir='ltr'><strong>vero</strong></span> <span class='ocrx_word' id='word_1_340' title='bbox 2679 2674 2734 2723; x_wconf 87' lang='lat' dir='ltr'><strong>et</strong></span> <span class='ocrx_word' id='word_1_341' title='bbox 2760 2664 3243 2738; x_wconf 78' lang='lat' dir='ltr'><strong>quadragesimum</strong></span> <span class='ocrx_word' id='word_1_342' title='bbox 3289 2663 3563 2735; x_wconf 83' lang='lat' dir='ltr'><strong>primum,</strong></span> <span class='ocrx_word' id='word_1_343' title='bbox 3600 2673 3731 2714; x_wconf 85' lang='lat' dir='ltr'><strong>cum</strong></span> 
     </span>
    </p>
   </div>
   <div class='ocr_carea' id='block_1_50' title="bbox 438 2751 3004 2828">
    <p class='ocr_par' dir='ltr' id='par_1_50' title="bbox 438 2751 3004 2828">
     <span class='ocr_line' id='line_1_50' title="bbox 438 2751 3004 2828; baseline 0.003 -24"><span class='ocrx_word' id='word_1_344' title='bbox 438 2751 629 2806; x_wconf 81' lang='lat' dir='ltr'><strong>adhuc</strong></span> <span class='ocrx_word' id='word_1_345' title='bbox 673 2752 727 2805; x_wconf 89' lang='lat' dir='ltr'><strong>in</strong></span> <span class='ocrx_word' id='word_1_346' title='bbox 803 2752 1067 2823; x_wconf 84' lang='lat' dir='ltr'><strong>spelunca</strong></span> <span class='ocrx_word' id='word_1_347' title='bbox 1131 2761 1279 2808; x_wconf 80' lang='lat' dir='ltr'><strong>esset</strong></span> <span class='ocrx_word' id='word_1_348' title='bbox 1331 2759 1500 2823; x_wconf 82' lang='lat' dir='ltr'><strong>atque</strong></span> <span class='ocrx_word' id='word_1_349' title='bbox 1551 2751 1608 2809; x_wconf 90' lang='lat' dir='ltr'><strong>in</strong></span> <span class='ocrx_word' id='word_1_350' title='bbox 1660 2754 1965 2825; x_wconf 74' lang='lat' dir='ltr'><strong>angustiis,</strong></span> <span class='ocrx_word' id='word_1_351' title='bbox 2018 2766 2074 2812; x_wconf 89' lang='lat' dir='ltr'><strong>et</strong></span> <span class='ocrx_word' id='word_1_352' title='bbox 2129 2755 2291 2828; x_wconf 87' lang='lat' dir='ltr'><strong>quasi</strong></span> <span class='ocrx_word' id='word_1_353' title='bbox 2311 2755 2381 2811; x_wconf 88' lang='lat' dir='ltr'><strong>ab</strong></span> <span class='ocrx_word' id='word_1_354' title='bbox 2412 2756 2654 2814; x_wconf 88' lang='lat' dir='ltr'><strong>inimicis</strong></span> <span class='ocrx_word' id='word_1_355' title='bbox 2683 2757 3004 2813; x_wconf 89' lang='lat' dir='ltr'><strong>conclusus.</strong></span> 
     </span>
    </p>
   </div>
   <div class='ocr_carea' id='block_1_51' title="bbox 526 2844 2035 2919">
    <p class='ocr_par' dir='ltr' id='par_1_51' title="bbox 526 2844 2035 2919">
     <span class='ocr_line' id='line_1_51' title="bbox 526 2844 2035 2919; baseline 0.003 -20"><span class='ocrx_word' id='word_1_356' title='bbox 526 2844 829 2912; x_wconf 70' lang='grc' dir='ltr'><strong>Ἐλέησόν</strong></span> <span class='ocrx_word' id='word_1_357' title='bbox 858 2863 957 2916; x_wconf 83' lang='grc' dir='ltr'><strong>με,</strong></span> <span class='ocrx_word' id='word_1_358' title='bbox 1009 2847 1043 2901; x_wconf 87' lang='grc' dir='ltr'><em>ὁ</em></span> <span class='ocrx_word' id='word_1_359' title='bbox 1066 2846 1231 2913; x_wconf 85' lang='grc' dir='ltr'><strong>Θεὸς,</strong></span> <span class='ocrx_word' id='word_1_360' title='bbox 1271 2846 1543 2917; x_wconf 74' lang='grc' dir='ltr'><strong>ἐλέησόν</strong></span> <span class='ocrx_word' id='word_1_361' title='bbox 1566 2865 1664 2919; x_wconf 82' lang='grc' dir='ltr'><strong>με,</strong></span> <span class='ocrx_word' id='word_1_362' title='bbox 1683 2848 1775 2903; x_wconf 86' lang='grc' dir='ltr'><strong>ὅτι</strong></span> <span class='ocrx_word' id='word_1_363' title='bbox 1804 2849 1904 2904; x_wconf 74' lang='grc' dir='ltr'><strong>ἐπὶ</strong></span> <span class='ocrx_word' id='word_1_364' title='bbox 1933 2848 2035 2905; x_wconf 82' lang='grc' dir='ltr'><strong>σοί</strong></span> 
     </span>
    </p>
   </div>
   <div class='ocr_carea' id='block_1_52' title="bbox 440 2937 2037 3010">
    <p class='ocr_par' dir='ltr' id='par_1_52' title="bbox 440 2937 2037 3010">
     <span class='ocr_line' id='line_1_52' title="bbox 440 2937 2037 3010; baseline 0.003 -18"><span class='ocrx_word' id='word_1_365' title='bbox 440 2938 792 3006; x_wconf 69' lang='grc' dir='ltr'><strong>πέποιθενή</strong></span> <span class='ocrx_word' id='word_1_366' title='bbox 822 2937 994 3009; x_wconf 65' lang='grc' dir='ltr'><strong>ψυχή</strong></span> <span class='ocrx_word' id='word_1_367' title='bbox 1029 2956 1171 3010; x_wconf 75' lang='grc' dir='ltr'><strong>μου.</strong></span> <span class='ocrx_word' id='word_1_368' title='bbox 1208 2938 1268 2994; x_wconf 87' lang='lat'><strong>&#39;0</strong></span> <span class='ocrx_word' id='word_1_369' title='bbox 1285 2939 1692 3010; x_wconf 82' lang='grc' dir='ltr'><strong>διπλασιασμὸς</strong></span> <span class='ocrx_word' id='word_1_370' title='bbox 1714 2939 2037 3009; x_wconf 74' lang='grc' dir='ltr'><strong>τοῦἙλέη-</strong></span> 
     </span>
    </p>
   </div>
   <div class='ocr_carea' id='block_1_53' title="bbox 442 3030 2035 3102">
    <p class='ocr_par' dir='ltr' id='par_1_53' title="bbox 442 3030 2035 3102">
     <span class='ocr_line' id='line_1_53' title="bbox 442 3030 2035 3102; baseline 0.001 -19"><span class='ocrx_word' id='word_1_371' title='bbox 442 3032 571 3084; x_wconf 63' lang='grc' dir='ltr'><strong>σίν</strong></span> <span class='ocrx_word' id='word_1_372' title='bbox 615 3047 710 3097; x_wconf 76' lang='grc' dir='ltr'><strong>με,</strong></span> <span class='ocrx_word' id='word_1_373' title='bbox 771 3030 872 3101; x_wconf 81' lang='grc' dir='ltr'><strong>τὴν</strong></span> <span class='ocrx_word' id='word_1_374' title='bbox 900 3030 1158 3084; x_wconf 76' lang='grc' dir='ltr'><strong>ἐπίτασιν</strong></span> <span class='ocrx_word' id='word_1_375' title='bbox 1189 3030 1452 3101; x_wconf 76' lang='grc' dir='ltr'><strong>ἐμφαίνει</strong></span> <span class='ocrx_word' id='word_1_376' title='bbox 1482 3031 1583 3101; x_wconf 81' lang='grc' dir='ltr'><strong>τῆς</strong></span> <span class='ocrx_word' id='word_1_377' title='bbox 1628 3031 1893 3102; x_wconf 80' lang='grc' dir='ltr'><strong>δεήσεως.</strong></span> <span class='ocrx_word' id='word_1_378' title='bbox 1958 3033 2035 3086; x_wconf 73' lang='lat' dir='ltr'><strong>Urb</strong></span> 
     </span>
    </p>
   </div>
   <div class='ocr_carea' id='block_1_54' title="bbox 2219 2844 3733 2914">
    <p class='ocr_par' dir='ltr' id='par_1_54' title="bbox 2219 2844 3733 2914">
     <span class='ocr_line' id='line_1_54' title="bbox 2219 2844 3733 2914; baseline -0.005 -11"><span class='ocrx_word' id='word_1_379' title='bbox 2219 2848 2389 2907; x_wconf 72' lang='lat' dir='ltr'><strong>Vsus.</strong></span> <span class='ocrx_word' id='word_1_380' title='bbox 2416 2850 2471 2906; x_wconf 75' lang='lat'><strong>2.</strong></span> <span class='ocrx_word' id='word_1_381' title='bbox 2512 2850 2760 2905; x_wconf 77' lang='lat' dir='ltr'><strong>Miserere</strong></span> <span class='ocrx_word' id='word_1_382' title='bbox 2784 2851 2906 2911; x_wconf 89' lang='lat' dir='ltr'><strong>mei,</strong></span> <span class='ocrx_word' id='word_1_383' title='bbox 2937 2849 3102 2909; x_wconf 81' lang='lat' dir='ltr'><strong>Deus.</strong></span> <span class='ocrx_word' id='word_1_384' title='bbox 3129 2849 3379 2904; x_wconf 81' lang='lat' dir='ltr'><strong>miserere</strong></span> <span class='ocrx_word' id='word_1_385' title='bbox 3425 2846 3549 2907; x_wconf 88' lang='lat' dir='ltr'><strong>mei,</strong></span> <span class='ocrx_word' id='word_1_386' title='bbox 3605 2844 3733 2914; x_wconf 76' lang='lat' dir='ltr'><strong>quia</strong></span> 
     </span>
    </p>
   </div>
   <div class='ocr_carea' id='block_1_55' title="bbox 2147 2936 3734 3012">
    <p class='ocr_par' dir='ltr' id='par_1_55' title="bbox 2147 2936 3734 3012">
     <span class='ocr_line' id='line_1_55' title="bbox 2147 2936 3734 3012; baseline -0.006 -16"><span class='ocrx_word' id='word_1_387' title='bbox 2147 2943 2271 2997; x_wconf 82' lang='lat' dir='ltr'><strong>inte</strong></span> <span class='ocrx_word' id='word_1_388' title='bbox 2291 2942 2511 3012; x_wconf 80' lang='lat' dir='ltr'><strong>conﬁdit</strong></span> <span class='ocrx_word' id='word_1_389' title='bbox 2544 2944 2725 2997; x_wconf 83' lang='lat' dir='ltr'><strong>anima</strong></span> <span class='ocrx_word' id='word_1_390' title='bbox 2774 2958 2911 2997; x_wconf 88' lang='lat' dir='ltr'><strong>mea.</strong></span> <span class='ocrx_word' id='word_1_391' title='bbox 2976 2941 3249 3011; x_wconf 76' lang='lat' dir='ltr'><strong>Repetitio</strong></span> <span class='ocrx_word' id='word_1_392' title='bbox 3315 2940 3428 3003; x_wconf 89' lang='lat' dir='ltr'><strong>illa,</strong></span> <span class='ocrx_word' id='word_1_393' title='bbox 3485 2936 3734 2991; x_wconf 80' lang='lat' dir='ltr'><strong>miserere</strong></span> 
     </span>
    </p>
   </div>
   <div class='ocr_carea' id='block_1_56' title="bbox 2147 3028 3732 3106">
    <p class='ocr_par' dir='ltr' id='par_1_56' title="bbox 2147 3028 3732 3106">
     <span class='ocr_line' id='line_1_56' title="bbox 2147 3028 3732 3106; baseline -0.006 -17"><span class='ocrx_word' id='word_1_394' title='bbox 2147 3036 2270 3100; x_wconf 83' lang='lat' dir='ltr'><strong>mei,</strong></span> <span class='ocrx_word' id='word_1_395' title='bbox 2291 3035 2566 3091; x_wconf 90' lang='lat' dir='ltr'><strong>intentum</strong></span> <span class='ocrx_word' id='word_1_396' title='bbox 2600 3036 2965 3106; x_wconf 82' lang='lat' dir='ltr'><strong>supplicantis</strong></span> <span class='ocrx_word' id='word_1_397' title='bbox 2983 3036 3225 3090; x_wconf 83' lang='lat' dir='ltr'><strong>aninmm</strong></span> <span class='ocrx_word' id='word_1_398' title='bbox 3247 3033 3471 3088; x_wconf 86' lang='lat' dir='ltr'><strong>indicat.</strong></span> <span class='ocrx_word' id='word_1_399' title='bbox 3490 3030 3553 3085; x_wconf 92' lang='lat' dir='ltr'><strong>In</strong></span> <span class='ocrx_word' id='word_1_400' title='bbox 3577 3028 3732 3083; x_wconf 86' lang='lat' dir='ltr'><strong>nullo</strong></span> 
     </span>
    </p>
   </div>
   <div class='ocr_carea' id='block_1_57' title="bbox 444 3120 2035 3227">
    <p class='ocr_par' dir='ltr' id='par_1_57' title="bbox 444 3120 2035 3196">
     <span class='ocr_line' id='line_1_57' title="bbox 444 3120 2035 3196; baseline 0.003 -22"><span class='ocrx_word' id='word_1_401' title='bbox 444 3120 712 3196; x_wconf 74' lang='grc' dir='ltr'><strong>πέποιθα,</strong></span> <span class='ocrx_word' id='word_1_402' title='bbox 733 3123 890 3194; x_wconf 71' lang='grc' dir='ltr'><strong>φησὶ,</strong></span> <span class='ocrx_word' id='word_1_403' title='bbox 919 3122 1007 3176; x_wconf 70' lang='grc' dir='ltr'><strong>ἐπ’</strong></span> <span class='ocrx_word' id='word_1_404' title='bbox 1028 3122 1175 3195; x_wconf 76' lang='grc' dir='ltr'><strong>ἄλλῳ</strong></span> <span class='ocrx_word' id='word_1_405' title='bbox 1204 3122 1314 3177; x_wconf 77' lang='grc' dir='ltr'><strong>τινὶ</strong></span> <span class='ocrx_word' id='word_1_406' title='bbox 1333 3121 1445 3177; x_wconf 87' lang='grc' dir='ltr'><strong>τῶν</strong></span> <span class='ocrx_word' id='word_1_407' title='bbox 1474 3123 1811 3188; x_wconf 83' lang='grc' dir='ltr'><strong>ἀπάντων,εί</strong></span> <span class='ocrx_word' id='word_1_408' title='bbox 1842 3122 1918 3196; x_wconf 77' lang='grc' dir='ltr'><strong>μὴ</strong></span> <span class='ocrx_word' id='word_1_409' title='bbox 1942 3124 2035 3178; x_wconf 73' lang='grc' dir='ltr'><strong>ἐπὶ</strong></span> 
     </span>
    </p>
   </div>
   <div class='ocr_carea' id='block_1_58' title="bbox 2143 3120 3719 3227">
    <p class='ocr_par' dir='ltr' id='par_1_58' title="bbox 2145 3123 3719 3200">
     <span class='ocr_line' id='line_1_58' title="bbox 2145 3123 3719 3200; baseline -0.004 -19"><span class='ocrx_word' id='word_1_410' title='bbox 2145 3129 2272 3194; x_wconf 87' lang='lat' dir='ltr'><strong>alio,</strong></span> <span class='ocrx_word' id='word_1_411' title='bbox 2333 3129 2534 3200; x_wconf 84' lang='lat' dir='ltr'><strong>inquit,</strong></span> <span class='ocrx_word' id='word_1_412' title='bbox 2592 3129 2830 3188; x_wconf 56' lang='lat' dir='ltr'><strong>conﬁdo.</strong></span> <span class='ocrx_word' id='word_1_413' title='bbox 2890 3129 2994 3185; x_wconf 88' lang='lat' dir='ltr'><strong>nisi</strong></span> <span class='ocrx_word' id='word_1_414' title='bbox 3052 3128 3107 3182; x_wconf 92' lang='lat' dir='ltr'><strong>in</strong></span> <span class='ocrx_word' id='word_1_415' title='bbox 3160 3135 3214 3183; x_wconf 87' lang='lat' dir='ltr'><strong>te</strong></span> <span class='ocrx_word' id='word_1_416' title='bbox 3269 3126 3409 3182; x_wconf 88' lang='lat' dir='ltr'><strong>solo.</strong></span> <span class='ocrx_word' id='word_1_417' title='bbox 3460 3123 3719 3179; x_wconf 79' lang='lat' dir='ltr'><strong>Miserere</strong></span> 
     </span>
    </p>
   </div>
   <div class='ocr_carea' id='block_1_59' title="bbox 448 3213 2029 3288">
    <p class='ocr_par' dir='ltr' id='par_1_59' title="bbox 448 3213 2029 3288">
     <span class='ocr_line' id='line_1_59' title="bbox 448 3213 2029 3288; baseline 0.003 -20"><span class='ocrx_word' id='word_1_418' title='bbox 448 3213 720 3284; x_wconf 76' lang='grc' dir='ltr'><strong>μόνῳσοί.</strong></span> <span class='ocrx_word' id='word_1_419' title='bbox 745 3216 839 3268; x_wconf 81' lang='grc' dir='ltr'><strong>Διὸ</strong></span> <span class='ocrx_word' id='word_1_420' title='bbox 861 3216 1087 3288; x_wconf 70' lang='grc' dir='ltr'><strong>ἐλέησόν</strong></span> <span class='ocrx_word' id='word_1_421' title='bbox 1122 3231 1212 3287; x_wconf 87' lang='grc' dir='ltr'><strong>με,</strong></span> <span class='ocrx_word' id='word_1_422' title='bbox 1244 3216 1337 3269; x_wconf 80' lang='grc' dir='ltr'><strong>τὸν</strong></span> <span class='ocrx_word' id='word_1_423' title='bbox 1364 3215 1509 3271; x_wconf 79' lang='grc' dir='ltr'><strong>οὕτω</strong></span> <span class='ocrx_word' id='word_1_424' title='bbox 1532 3217 2029 3286; x_wconf 82' lang='grc' dir='ltr'><strong>καταδιωκὸμενον.</strong></span> 
     </span>
    </p>
   </div>
   <div class='ocr_carea' id='block_1_60' title="bbox 532 3395 2035 3468">
    <p class='ocr_par' dir='ltr' id='par_1_60' title="bbox 532 3395 2035 3468">
     <span class='ocr_line' id='line_1_60' title="bbox 532 3395 2035 3468; baseline 0.001 -17"><span class='ocrx_word' id='word_1_425' title='bbox 532 3395 644 3452; x_wconf 82' lang='lat' dir='ltr'><strong>Kal</strong></span> <span class='ocrx_word' id='word_1_426' title='bbox 670 3397 742 3451; x_wconf 78' lang='grc' dir='ltr'><strong>ἐν</strong></span> <span class='ocrx_word' id='word_1_427' title='bbox 763 3396 841 3466; x_wconf 77' lang='grc' dir='ltr'><strong>τῇ</strong></span> <span class='ocrx_word' id='word_1_428' title='bbox 889 3396 1038 3467; x_wconf 81' lang='grc' dir='ltr'><strong>σκιᾷ</strong></span> <span class='ocrx_word' id='word_1_429' title='bbox 1055 3397 1176 3452; x_wconf 81' lang='grc' dir='ltr'><strong>τῶν</strong></span> <span class='ocrx_word' id='word_1_430' title='bbox 1203 3398 1519 3468; x_wconf 79' lang='grc' dir='ltr'><strong>πτερύγων</strong></span> <span class='ocrx_word' id='word_1_431' title='bbox 1539 3412 1660 3454; x_wconf 83' lang='grc' dir='ltr'><strong>σου</strong></span> <span class='ocrx_word' id='word_1_432' title='bbox 1682 3397 1891 3465; x_wconf 71' lang='grc' dir='ltr'><strong>ἐλπιῶ,</strong></span> <span class='ocrx_word' id='word_1_433' title='bbox 1923 3399 2035 3466; x_wconf 79' lang='grc' dir='ltr'><strong>ἕως</strong></span> 
     </span>
    </p>
   </div>
   <div class='ocr_carea' id='block_1_61' title="bbox 447 3482 2039 3560">
    <p class='ocr_par' dir='ltr' id='par_1_61' title="bbox 447 3482 2039 3560">
     <span class='ocr_line' id='line_1_61' title="bbox 447 3482 2039 3560; baseline 0.002 -18"><span class='ocrx_word' id='word_1_434' title='bbox 447 3482 529 3545; x_wconf 82' lang='grc' dir='ltr'><strong>οὗ</strong></span> <span class='ocrx_word' id='word_1_435' title='bbox 566 3486 647 3560; x_wconf 73' lang='lat'><strong>(‘2)</strong></span> <span class='ocrx_word' id='word_1_436' title='bbox 679 3487 952 3557; x_wconf 73' lang='grc' dir='ltr'><strong>παρέλθῃ</strong></span> <span class='ocrx_word' id='word_1_437' title='bbox 977 3488 1016 3557; x_wconf 77' lang='grc' dir='ltr'><em>ἠ</em></span> <span class='ocrx_word' id='word_1_438' title='bbox 1051 3490 1293 3558; x_wconf 72' lang='grc' dir='ltr'><strong>ἀνομία.</strong></span> <span class='ocrx_word' id='word_1_439' title='bbox 1346 3488 1515 3543; x_wconf 86' lang='grc' dir='ltr'><strong>Σκιὰν</strong></span> <span class='ocrx_word' id='word_1_440' title='bbox 1545 3489 1841 3559; x_wconf 78' lang='grc' dir='ltr'><strong>πτερύγων</strong></span> <span class='ocrx_word' id='word_1_441' title='bbox 1889 3490 2039 3559; x_wconf 82' lang='grc' dir='ltr'><strong>λέγει</strong></span> 
     </span>
    </p>
   </div>
   <div class='ocr_carea' id='block_1_62' title="bbox 451 3575 2037 3654">
    <p class='ocr_par' dir='ltr' id='par_1_62' title="bbox 451 3575 2037 3654">
     <span class='ocr_line' id='line_1_62' title="bbox 451 3575 2037 3654; baseline 0.003 -21"><span class='ocrx_word' id='word_1_442' title='bbox 451 3581 558 3652; x_wconf 79' lang='grc' dir='ltr'><strong>τὴν</strong></span> <span class='ocrx_word' id='word_1_443' title='bbox 588 3579 821 3653; x_wconf 82' lang='grc' dir='ltr'><strong>σκέπην,</strong></span> <span class='ocrx_word' id='word_1_444' title='bbox 866 3582 1000 3653; x_wconf 76' lang='grc' dir='ltr'><strong>περὶ</strong></span> <span class='ocrx_word' id='word_1_445' title='bbox 1026 3575 1095 3654; x_wconf 82' lang='grc' dir='ltr'><strong>ἧς</strong></span> <span class='ocrx_word' id='word_1_446' title='bbox 1126 3582 1434 3653; x_wconf 77' lang='grc' dir='ltr'><strong>εἰρήκαμεν</strong></span> <span class='ocrx_word' id='word_1_447' title='bbox 1486 3580 1677 3654; x_wconf 82' lang='grc' dir='ltr'><strong>σαφῶς</strong></span> <span class='ocrx_word' id='word_1_448' title='bbox 1736 3583 1796 3637; x_wconf 73' lang='grc' dir='ltr'><strong>ἐν</strong></span> <span class='ocrx_word' id='word_1_449' title='bbox 1848 3582 1929 3654; x_wconf 82' lang='grc' dir='ltr'><strong>τῶ</strong></span> <span class='ocrx_word' id='word_1_450' title='bbox 1960 3588 2037 3649; x_wconf 77' lang='grc' dir='ltr'><strong>ις’</strong></span> 
     </span>
    </p>
   </div>
   <div class='ocr_carea' id='block_1_63' title="bbox 440 3672 2036 3746">
    <p class='ocr_par' dir='ltr' id='par_1_63' title="bbox 440 3672 2036 3746">
     <span class='ocr_line' id='line_1_63' title="bbox 440 3672 2036 3746; baseline 0 -16"><span class='ocrx_word' id='word_1_451' title='bbox 440 3672 681 3744; x_wconf 72' lang='grc' dir='ltr'><strong>ψαλμῷ,</strong></span> <span class='ocrx_word' id='word_1_452' title='bbox 722 3674 802 3739; x_wconf 85' lang='grc' dir='ltr'><strong>είς</strong></span> <span class='ocrx_word' id='word_1_453' title='bbox 828 3674 920 3728; x_wconf 80' lang='grc' dir='ltr'><strong>τό·</strong></span> <span class='ocrx_word' id='word_1_454' title='bbox 950 3674 1056 3731; x_wconf 76' lang='grc' dir='ltr'><strong>Ἐν</strong></span> <span class='ocrx_word' id='word_1_455' title='bbox 1078 3674 1152 3745; x_wconf 79' lang='grc' dir='ltr'><strong>τῇ</strong></span> <span class='ocrx_word' id='word_1_456' title='bbox 1181 3675 1385 3741; x_wconf 74' lang='grc' dir='ltr'><strong>σκέπῃ</strong></span> <span class='ocrx_word' id='word_1_457' title='bbox 1425 3674 1548 3730; x_wconf 84' lang='grc' dir='ltr'><strong>τῶν</strong></span> <span class='ocrx_word' id='word_1_458' title='bbox 1568 3674 1885 3746; x_wconf 56' lang='lat' dir='ltr'><strong>«teporem</strong></span> <span class='ocrx_word' id='word_1_459' title='bbox 1915 3690 2036 3731; x_wconf 88' lang='grc' dir='ltr'><strong>σου</strong></span> 
     </span>
    </p>
   </div>
   <div class='ocr_carea' id='block_1_64' title="bbox 456 3766 2046 3840">
    <p class='ocr_par' dir='ltr' id='par_1_64' title="bbox 456 3766 2046 3840">
     <span class='ocr_line' id='line_1_64' title="bbox 456 3766 2046 3840; baseline 0.001 -18"><span class='ocrx_word' id='word_1_460' title='bbox 456 3766 911 3839; x_wconf 78' lang='grc' dir='ltr'><strong>σκεπάσειςμε.</strong></span> <span class='ocrx_word' id='word_1_461' title='bbox 956 3768 1217 3840; x_wconf 81' lang='grc' dir='ltr'><strong>’Δνομίαν</strong></span> <span class='ocrx_word' id='word_1_462' title='bbox 1245 3768 1321 3834; x_wconf 80' lang='grc' dir='ltr'><strong>δὲ,</strong></span> <span class='ocrx_word' id='word_1_463' title='bbox 1378 3769 1500 3837; x_wconf 77' lang='grc' dir='ltr'><strong>Τὴν</strong></span> <span class='ocrx_word' id='word_1_464' title='bbox 1553 3768 1912 3838; x_wconf 74' lang='grc' dir='ltr'><strong>ἐπιϐουλὴν,</strong></span> <span class='ocrx_word' id='word_1_465' title='bbox 1968 3769 2046 3834; x_wconf 83' lang='grc' dir='ltr'><strong>ὡς</strong></span> 
     </span>
    </p>
   </div>
   <div class='ocr_carea' id='block_1_65' title="bbox 458 3854 2046 3929">
    <p class='ocr_par' dir='ltr' id='par_1_65' title="bbox 458 3854 2046 3929">
     <span class='ocr_line' id='line_1_65' title="bbox 458 3854 2046 3929; baseline -0.003 -18"><span class='ocrx_word' id='word_1_466' title='bbox 458 3860 489 3911; x_wconf 87' lang='grc' dir='ltr'><strong>δ</strong></span> <span class='ocrx_word' id='word_1_467' title='bbox 532 3857 768 3923; x_wconf 78' lang='grc' dir='ltr'><strong>Ἀκύλας</strong></span> <span class='ocrx_word' id='word_1_468' title='bbox 803 3857 1093 3925; x_wconf 74' lang='grc' dir='ltr'><strong>ἐξέδωκεν.</strong></span> <span class='ocrx_word' id='word_1_469' title='bbox 1120 3859 1318 3912; x_wconf 77' lang='grc' dir='ltr'><strong>Νοοῖτο</strong></span> <span class='ocrx_word' id='word_1_470' title='bbox 1351 3856 1397 3912; x_wconf 83' lang='grc' dir='ltr'><strong>δ’</strong></span> <span class='ocrx_word' id='word_1_471' title='bbox 1424 3857 1514 3923; x_wconf 84' lang='grc' dir='ltr'><strong>ἂν,</strong></span> <span class='ocrx_word' id='word_1_472' title='bbox 1554 3855 1769 3929; x_wconf 78' lang='grc' dir='ltr'><strong>ἢπαρά</strong></span> <span class='ocrx_word' id='word_1_473' title='bbox 1820 3872 1898 3921; x_wconf 72' lang='grc' dir='ltr'><strong>τε,</strong></span> <span class='ocrx_word' id='word_1_474' title='bbox 1938 3854 2046 3908; x_wconf 89' lang='grc' dir='ltr'><strong>τῶν</strong></span> 
     </span>
    </p>
   </div>
   <div class='ocr_carea' id='block_1_66' title="bbox 456 3947 2046 4023">
    <p class='ocr_par' dir='ltr' id='par_1_66' title="bbox 456 3947 2046 4023">
     <span class='ocr_line' id='line_1_66' title="bbox 456 3947 2046 4023; baseline -0.001 -20"><span class='ocrx_word' id='word_1_475' title='bbox 456 3949 677 4021; x_wconf 79' lang='grc' dir='ltr'><strong>ὁρατῶν</strong></span> <span class='ocrx_word' id='word_1_476' title='bbox 714 3951 810 4004; x_wconf 76' lang='grc' dir='ltr'><strong>καὶ</strong></span> <span class='ocrx_word' id='word_1_477' title='bbox 834 3951 1088 4023; x_wconf 72' lang='grc' dir='ltr'><strong>ἀοράτων</strong></span> <span class='ocrx_word' id='word_1_478' title='bbox 1126 3950 1363 4022; x_wconf 81' lang='grc' dir='ltr'><strong>ἐχθρῶν.</strong></span> <span class='ocrx_word' id='word_1_479' title='bbox 1408 3949 1667 4021; x_wconf 78' lang='grc' dir='ltr'><strong>Παρέλθῃ</strong></span> <span class='ocrx_word' id='word_1_480' title='bbox 1695 3947 1754 4003; x_wconf 78' lang='grc' dir='ltr'><strong>δὲ</strong></span> <span class='ocrx_word' id='word_1_481' title='bbox 1799 3947 2046 4012; x_wconf 80' lang='grc' dir='ltr'><strong>πάντως,</strong></span> 
     </span>
    </p>
   </div>
   <div class='ocr_carea' id='block_1_67' title="bbox 458 4039 1815 4117">
    <p class='ocr_par' dir='ltr' id='par_1_67' title="bbox 458 4039 1815 4117">
     <span class='ocr_line' id='line_1_67' title="bbox 458 4039 1815 4117; baseline -0.001 -20"><span class='ocrx_word' id='word_1_482' title='bbox 458 4045 592 4098; x_wconf 79' lang='grc' dir='ltr'><strong>ὅταν</strong></span> <span class='ocrx_word' id='word_1_483' title='bbox 621 4042 759 4115; x_wconf 82' lang='grc' dir='ltr'><strong>πρὸς</strong></span> <span class='ocrx_word' id='word_1_484' title='bbox 782 4043 919 4097; x_wconf 81' lang='grc' dir='ltr'><strong>Θεὸν</strong></span> <span class='ocrx_word' id='word_1_485' title='bbox 957 4041 1204 4117; x_wconf 74' lang='grc' dir='ltr'><strong>ἀναλύσῃ</strong></span> <span class='ocrx_word' id='word_1_486' title='bbox 1230 4039 1815 4112; x_wconf 82' lang='grc' dir='ltr'><strong>στεφανωθησόμενος.</strong></span> 
     </span>
    </p>
   </div>
   <div class='ocr_carea' id='block_1_68' title="bbox 2145 3215 3737 3290">
    <p class='ocr_par' dir='ltr' id='par_1_68' title="bbox 2145 3215 3737 3290">
     <span class='ocr_line' id='line_1_68' title="bbox 2145 3215 3737 3290; baseline -0.003 -20"><span class='ocrx_word' id='word_1_487' title='bbox 2145 3233 2281 3288; x_wconf 74' lang='lat' dir='ltr'><strong>ergo</strong></span> <span class='ocrx_word' id='word_1_488' title='bbox 2308 3220 2440 3284; x_wconf 89' lang='lat' dir='ltr'><strong>mei,</strong></span> <span class='ocrx_word' id='word_1_489' title='bbox 2473 3229 2762 3290; x_wconf 83' lang='lat' dir='ltr'><strong>postquam</strong></span> <span class='ocrx_word' id='word_1_490' title='bbox 2791 3218 3113 3289; x_wconf 83' lang='lat' dir='ltr'><strong>bujusmodi</strong></span> <span class='ocrx_word' id='word_1_491' title='bbox 3143 3215 3584 3288; x_wconf 72' lang='lat' dir='ltr'><strong>persecutionem</strong></span> <span class='ocrx_word' id='word_1_492' title='bbox 3610 3226 3737 3268; x_wconf 85' lang='lat' dir='ltr'><strong>sus-</strong></span> 
     </span>
    </p>
   </div>
   <div class='ocr_carea' id='block_1_69' title="bbox 2143 3310 2313 3366">
    <p class='ocr_par' dir='ltr' id='par_1_69' title="bbox 2143 3310 2313 3366">
     <span class='ocr_line' id='line_1_69' title="bbox 2143 3310 2313 3366; baseline -0.006 -2"><span class='ocrx_word' id='word_1_493' title='bbox 2143 3310 2313 3366; x_wconf 81' lang='lat' dir='ltr'><strong>lineo.</strong></span> 
     </span>
    </p>
   </div>
   <div class='ocr_carea' id='block_1_70' title="bbox 2225 3401 3739 3475">
    <p class='ocr_par' dir='ltr' id='par_1_70' title="bbox 2225 3401 3739 3475">
     <span class='ocr_line' id='line_1_70' title="bbox 2225 3401 3739 3475; baseline 0 -19"><span class='ocrx_word' id='word_1_494' title='bbox 2225 3401 2298 3457; x_wconf 86' lang='lat' dir='ltr'><strong>Et</strong></span> <span class='ocrx_word' id='word_1_495' title='bbox 2335 3402 2389 3457; x_wconf 86' lang='lat' dir='ltr'><strong>in</strong></span> <span class='ocrx_word' id='word_1_496' title='bbox 2464 3405 2657 3459; x_wconf 81' lang='lat' dir='ltr'><strong>umbra</strong></span> <span class='ocrx_word' id='word_1_497' title='bbox 2716 3408 2931 3461; x_wconf 83' lang='lat' dir='ltr'><strong>alarum</strong></span> <span class='ocrx_word' id='word_1_498' title='bbox 3007 3415 3222 3461; x_wconf 84' lang='lat' dir='ltr'><strong>tuarum</strong></span> <span class='ocrx_word' id='word_1_499' title='bbox 3274 3405 3517 3475; x_wconf 86' lang='lat' dir='ltr'><strong>sperabo,</strong></span> <span class='ocrx_word' id='word_1_500' title='bbox 3575 3402 3739 3458; x_wconf 82' lang='lat' dir='ltr'><strong>donec</strong></span> 
     </span>
    </p>
   </div>
   <div class='ocr_carea' id='block_1_71' title="bbox 2150 3493 3735 3569">
    <p class='ocr_par' dir='ltr' id='par_1_71' title="bbox 2150 3493 3735 3569">
     <span class='ocr_line' id='line_1_71' title="bbox 2150 3493 3735 3569; baseline -0.003 -18"><span class='ocrx_word' id='word_1_501' title='bbox 2150 3498 2683 3569; x_wconf 83' lang='lat' dir='ltr'><strong>transeatiniquitas.</strong></span> <span class='ocrx_word' id='word_1_502' title='bbox 2710 3500 2815 3556; x_wconf 89' lang='lat' dir='ltr'><strong>Per</strong></span> <span class='ocrx_word' id='word_1_503' title='bbox 2841 3499 3092 3555; x_wconf 89' lang='lat' dir='ltr'><strong>umbram</strong></span> <span class='ocrx_word' id='word_1_504' title='bbox 3113 3499 3322 3555; x_wconf 87' lang='lat' dir='ltr'><strong>alarum</strong></span> <span class='ocrx_word' id='word_1_505' title='bbox 3343 3495 3461 3562; x_wconf 89' lang='lat' dir='ltr'><strong>Dei,</strong></span> <span class='ocrx_word' id='word_1_506' title='bbox 3494 3493 3735 3551; x_wconf 84' lang='lat' dir='ltr'><strong>divinam</strong></span> 
     </span>
    </p>
   </div>
   <div class='ocr_carea' id='block_1_72' title="bbox 2149 3584 3737 3658">
    <p class='ocr_par' dir='ltr' id='par_1_72' title="bbox 2149 3584 3737 3658">
     <span class='ocr_line' id='line_1_72' title="bbox 2149 3584 3737 3658; baseline -0.002 -17"><span class='ocrx_word' id='word_1_507' title='bbox 2149 3586 2572 3657; x_wconf 89' lang='lat' dir='ltr'><strong>protectionem,</strong></span> <span class='ocrx_word' id='word_1_508' title='bbox 2619 3596 2786 3658; x_wconf 85' lang='lat' dir='ltr'><strong>atque</strong></span> <span class='ocrx_word' id='word_1_509' title='bbox 2818 3587 3123 3644; x_wconf 90' lang='lat' dir='ltr'><strong>custodiam</strong></span> <span class='ocrx_word' id='word_1_510' title='bbox 3183 3586 3458 3657; x_wconf 75' lang='lat' dir='ltr'><strong>intelligit,</strong></span> <span class='ocrx_word' id='word_1_511' title='bbox 3509 3584 3577 3642; x_wconf 90' lang='lat' dir='ltr'><strong>de</strong></span> <span class='ocrx_word' id='word_1_512' title='bbox 3628 3599 3737 3654; x_wconf 88' lang='lat' dir='ltr'><strong>qua</strong></span> 
     </span>
    </p>
   </div>
   <div class='ocr_carea' id='block_1_73' title="bbox 2150 3674 3740 3749">
    <p class='ocr_par' dir='ltr' id='par_1_73' title="bbox 2150 3674 3740 3749">
     <span class='ocr_line' id='line_1_73' title="bbox 2150 3674 3740 3749; baseline -0.003 -17"><span class='ocrx_word' id='word_1_513' title='bbox 2150 3676 2325 3733; x_wconf 87' lang='lat' dir='ltr'><strong>multa</strong></span> <span class='ocrx_word' id='word_1_514' title='bbox 2357 3677 2601 3733; x_wconf 80' lang='lat' dir='ltr'><strong>diximus</strong></span> <span class='ocrx_word' id='word_1_515' title='bbox 2645 3678 2700 3732; x_wconf 92' lang='lat' dir='ltr'><strong>in</strong></span> <span class='ocrx_word' id='word_1_516' title='bbox 2731 3679 2946 3749; x_wconf 81' lang='lat' dir='ltr'><strong>psalmo</strong></span> <span class='ocrx_word' id='word_1_517' title='bbox 2987 3694 3101 3743; x_wconf 77' lang='lat' dir='ltr'><strong>xw,</strong></span> <span class='ocrx_word' id='word_1_518' title='bbox 3139 3677 3214 3732; x_wconf 86' lang='lat' dir='ltr'><strong>ibi</strong></span> <span class='ocrx_word' id='word_1_519' title='bbox 3254 3697 3267 3734; x_wconf 93' lang='lat'><strong>:</strong></span> <span class='ocrx_word' id='word_1_520' title='bbox 3307 3674 3369 3731; x_wconf 84' lang='lat' dir='ltr'><strong>lu</strong></span> <span class='ocrx_word' id='word_1_521' title='bbox 3415 3676 3740 3747; x_wconf 73' lang='lat' dir='ltr'><strong>proiectione</strong></span> 
     </span>
    </p>
   </div>
   <div class='ocr_carea' id='block_1_74' title="bbox 2151 3765 3740 3843">
    <p class='ocr_par' dir='ltr' id='par_1_74' title="bbox 2151 3765 3740 3843">
     <span class='ocr_line' id='line_1_74' title="bbox 2151 3765 3740 3843; baseline -0.001 -20"><span class='ocrx_word' id='word_1_522' title='bbox 2151 3767 2367 3823; x_wconf 84' lang='lat' dir='ltr'><strong>alarum</strong></span> <span class='ocrx_word' id='word_1_523' title='bbox 2400 3780 2614 3824; x_wconf 80' lang='lat' dir='ltr'><strong>tuarum</strong></span> <span class='ocrx_word' id='word_1_524' title='bbox 2649 3782 2890 3843; x_wconf 87' lang='lat' dir='ltr'><strong>proteges</strong></span> <span class='ocrx_word' id='word_1_525' title='bbox 2921 3788 3023 3826; x_wconf 86' lang='lat' dir='ltr'><strong>me.</strong></span> <span class='ocrx_word' id='word_1_526' title='bbox 3056 3769 3252 3841; x_wconf 79' lang='lat' dir='ltr'><strong>Aquila</strong></span> <span class='ocrx_word' id='word_1_527' title='bbox 3288 3777 3473 3824; x_wconf 86' lang='lat' dir='ltr'><strong>autem</strong></span> <span class='ocrx_word' id='word_1_528' title='bbox 3515 3765 3740 3822; x_wconf 80' lang='lat' dir='ltr'><strong>insidias</strong></span> 
     </span>
    </p>
   </div>
   <div class='ocr_carea' id='block_1_75' title="bbox 2149 3859 3741 3936">
    <p class='ocr_par' dir='ltr' id='par_1_75' title="bbox 2149 3859 3741 3936">
     <span class='ocr_line' id='line_1_75' title="bbox 2149 3859 3741 3936; baseline -0.002 -21"><span class='ocrx_word' id='word_1_529' title='bbox 2149 3860 2313 3928; x_wconf 75' lang='lat' dir='ltr'><strong>dixit,</strong></span> <span class='ocrx_word' id='word_1_530' title='bbox 2344 3863 2492 3933; x_wconf 89' lang='lat' dir='ltr'><strong>quod</strong></span> <span class='ocrx_word' id='word_1_531' title='bbox 2526 3862 2665 3918; x_wconf 81' lang='lat' dir='ltr'><strong>LXX</strong></span> <span class='ocrx_word' id='word_1_532' title='bbox 2702 3864 2790 3917; x_wconf 85' lang='lat' dir='ltr'><strong>hic</strong></span> <span class='ocrx_word' id='word_1_533' title='bbox 2812 3865 3148 3936; x_wconf 65' lang='lat' dir='ltr'><strong>iniquitatem</strong></span> <span class='ocrx_word' id='word_1_534' title='bbox 3191 3860 3576 3919; x_wconf 86' lang='lat' dir='ltr'><strong>reddiderunt.</strong></span> <span class='ocrx_word' id='word_1_535' title='bbox 3598 3859 3741 3915; x_wconf 84' lang='lat' dir='ltr'><strong>lusi-</strong></span> 
     </span>
    </p>
   </div>
   <div class='ocr_carea' id='block_1_76' title="bbox 2152 3952 3743 4028">
    <p class='ocr_par' dir='ltr' id='par_1_76' title="bbox 2152 3952 3743 4028">
     <span class='ocr_line' id='line_1_76' title="bbox 2152 3952 3743 4028; baseline -0.003 -18"><span class='ocrx_word' id='word_1_536' title='bbox 2152 3954 2273 4011; x_wconf 87' lang='lat' dir='ltr'><strong>dias</strong></span> <span class='ocrx_word' id='word_1_537' title='bbox 2304 3971 2437 4011; x_wconf 81' lang='lat' dir='ltr'><strong>vero</strong></span> <span class='ocrx_word' id='word_1_538' title='bbox 2467 3971 2566 4012; x_wconf 88' lang='lat' dir='ltr'><strong>eas</strong></span> <span class='ocrx_word' id='word_1_539' title='bbox 2590 3956 2897 4026; x_wconf 83' lang='lat' dir='ltr'><strong>intelligere</strong></span> <span class='ocrx_word' id='word_1_540' title='bbox 2916 3972 3231 4028; x_wconf 72' lang='lat' dir='ltr'><strong>possumus,</strong></span> <span class='ocrx_word' id='word_1_541' title='bbox 3263 3970 3403 4026; x_wconf 88' lang='lat' dir='ltr'><strong>quas</strong></span> <span class='ocrx_word' id='word_1_542' title='bbox 3436 3952 3743 4008; x_wconf 86' lang='lat' dir='ltr'><strong>invisibiles</strong></span> 
     </span>
    </p>
   </div>
   <div class='ocr_carea' id='block_1_77' title="bbox 2156 4041 3740 4116">
    <p class='ocr_par' dir='ltr' id='par_1_77' title="bbox 2156 4041 3740 4116">
     <span class='ocr_line' id='line_1_77' title="bbox 2156 4041 3740 4116; baseline -0.001 -20"><span class='ocrx_word' id='word_1_543' title='bbox 2156 4056 2313 4109; x_wconf 69' lang='lat' dir='ltr'><strong>aeque</strong></span> <span class='ocrx_word' id='word_1_544' title='bbox 2377 4056 2541 4116; x_wconf 86' lang='lat' dir='ltr'><strong>atque</strong></span> <span class='ocrx_word' id='word_1_545' title='bbox 2623 4047 2872 4103; x_wconf 89' lang='lat' dir='ltr'><strong>visibiles</strong></span> <span class='ocrx_word' id='word_1_546' title='bbox 2952 4048 3248 4104; x_wconf 85' lang='lat' dir='ltr'><strong>adversum</strong></span> <span class='ocrx_word' id='word_1_547' title='bbox 3336 4059 3441 4101; x_wconf 86' lang='lat' dir='ltr'><strong>nos</strong></span> <span class='ocrx_word' id='word_1_548' title='bbox 3530 4041 3740 4096; x_wconf 88' lang='lat' dir='ltr'><strong>inimici</strong></span> 
     </span>
    </p>
   </div>
   <div class='ocr_carea' id='block_1_78' title="bbox 458 4130 3741 4209">
    <p class='ocr_par' dir='ltr' id='par_1_78' title="bbox 458 4130 3741 4209">
     <span class='ocr_line' id='line_1_78' title="bbox 458 4130 3741 4209; baseline -0.002 -19"><span class='ocrx_word' id='word_1_549' title='bbox 458 4144 708 4190; x_wconf 86' lang='lat' dir='ltr'><strong>struunt.</strong></span> <span class='ocrx_word' id='word_1_550' title='bbox 737 4133 977 4190; x_wconf 84' lang='lat' dir='ltr'><strong>Omnino</strong></span> <span class='ocrx_word' id='word_1_551' title='bbox 1028 4142 1211 4191; x_wconf 88' lang='lat' dir='ltr'><strong>autem</strong></span> <span class='ocrx_word' id='word_1_552' title='bbox 1261 4142 1394 4189; x_wconf 90' lang='lat' dir='ltr'><strong>tunc</strong></span> <span class='ocrx_word' id='word_1_553' title='bbox 1448 4130 1789 4198; x_wconf 86' lang='lat' dir='ltr'><strong>transibunt,</strong></span> <span class='ocrx_word' id='word_1_554' title='bbox 1837 4130 2061 4203; x_wconf 86' lang='lat' dir='ltr'><strong>quando</strong></span> <span class='ocrx_word' id='word_1_555' title='bbox 2091 4132 2337 4190; x_wconf 87' lang='lat' dir='ltr'><strong>resoluto</strong></span> <span class='ocrx_word' id='word_1_556' title='bbox 2378 4150 2634 4209; x_wconf 90' lang='lat' dir='ltr'><strong>corpore,</strong></span> <span class='ocrx_word' id='word_1_557' title='bbox 2673 4150 2705 4193; x_wconf 88' lang='lat' dir='ltr'><strong>a</strong></span> <span class='ocrx_word' id='word_1_558' title='bbox 2795 4139 2905 4194; x_wconf 91' lang='lat' dir='ltr'><strong>Deo</strong></span> <span class='ocrx_word' id='word_1_559' title='bbox 2950 4136 3078 4209; x_wconf 89' lang='lat' dir='ltr'><strong>quis</strong></span> <span class='ocrx_word' id='word_1_560' title='bbox 3143 4135 3199 4191; x_wconf 92' lang='lat' dir='ltr'><strong>in</strong></span> <span class='ocrx_word' id='word_1_561' title='bbox 3253 4134 3396 4190; x_wconf 62' lang='lat' dir='ltr'><strong>calo</strong></span> <span class='ocrx_word' id='word_1_562' title='bbox 3445 4130 3741 4189; x_wconf 88' lang='lat' dir='ltr'><strong>coronabi-</strong></span> 
     </span>
    </p>
   </div>
   <div class='ocr_carea' id='block_1_79' title="bbox 461 4241 576 4284">
    <p class='ocr_par' dir='ltr' id='par_1_79' title="bbox 461 4241 576 4284">
     <span class='ocr_line' id='line_1_79' title="bbox 461 4241 576 4284; baseline 0 0"><span class='ocrx_word' id='word_1_563' title='bbox 461 4241 576 4284; x_wconf 78' lang='lat' dir='ltr'><strong>llll&#39;.</strong></span> 
     </span>
    </p>
   </div>
   <div class='ocr_carea' id='block_1_80' title="bbox 487 4246 2035 4394">
    <p class='ocr_par' dir='ltr' id='par_1_80' title="bbox 487 4246 2035 4394">
     <span class='ocr_line' id='line_1_80' title="bbox 487 4246 2035 4394; baseline -0.006 -14"><span class='ocrx_word' id='word_1_564' title='bbox 487 4246 911 4394; x_wconf 55' lang='grc' dir='ltr'><strong>ιηίίειιριίξομιιι</strong></span> <span class='ocrx_word' id='word_1_565' title='bbox 948 4321 1101 4392; x_wconf 75' lang='grc' dir='ltr'><strong>πρὸς</strong></span> <span class='ocrx_word' id='word_1_566' title='bbox 1113 4322 1220 4377; x_wconf 84' lang='grc' dir='ltr'><strong>τὸν</strong></span> <span class='ocrx_word' id='word_1_567' title='bbox 1261 4319 1433 4387; x_wconf 79' lang='grc' dir='ltr'><strong>Θεὸν,</strong></span> <span class='ocrx_word' id='word_1_568' title='bbox 1465 4318 1574 4373; x_wconf 77' lang='grc' dir='ltr'><strong>τὸν</strong></span> <span class='ocrx_word' id='word_1_569' title='bbox 1612 4316 1903 4388; x_wconf 73' lang='grc' dir='ltr'><strong>ὕψιστον,</strong></span> <span class='ocrx_word' id='word_1_570' title='bbox 1947 4317 2035 4372; x_wconf 60' lang='lat' dir='ltr'><strong>to:</strong></span> 
     </span>
    </p>
   </div>
   <div class='ocr_carea' id='block_1_81' title="bbox 2143 4246 3741 4394">
    <p class='ocr_par' dir='ltr' id='par_1_81' title="bbox 2231 4315 3741 4386">
     <span class='ocr_line' id='line_1_81' title="bbox 2231 4315 3741 4386; baseline -0.001 -14"><span class='ocrx_word' id='word_1_571' title='bbox 2231 4315 2393 4374; x_wconf 69' lang='lat' dir='ltr'><strong>Vens.</strong></span> <span class='ocrx_word' id='word_1_572' title='bbox 2430 4321 2484 4376; x_wconf 79' lang='lat'><strong>&#39;5.</strong></span> <span class='ocrx_word' id='word_1_573' title='bbox 2526 4320 2785 4376; x_wconf 82' lang='lat' dir='ltr'><strong>Clamabo</strong></span> <span class='ocrx_word' id='word_1_574' title='bbox 2846 4319 2916 4374; x_wconf 84' lang='lat' dir='ltr'><strong>ad</strong></span> <span class='ocrx_word' id='word_1_575' title='bbox 2952 4320 3119 4374; x_wconf 85' lang='lat' dir='ltr'><strong>Deum</strong></span> <span class='ocrx_word' id='word_1_576' title='bbox 3164 4318 3487 4373; x_wconf 78' lang='lat' dir='ltr'><strong>altissimum</strong></span> <span class='ocrx_word' id='word_1_577' title='bbox 3550 4316 3741 4386; x_wconf 70' lang='lat' dir='ltr'><strong>Deum,</strong></span> 
     </span>
    </p>
   </div>
   <div class='ocr_carea' id='block_1_82' title="bbox 462 4409 2035 4487">
    <p class='ocr_par' dir='ltr' id='par_1_82' title="bbox 462 4409 2035 4487">
     <span class='ocr_line' id='line_1_82' title="bbox 462 4409 2035 4487; baseline -0.008 -14"><span class='ocrx_word' id='word_1_578' title='bbox 462 4417 619 4473; x_wconf 73' lang='grc' dir='ltr'><strong>Θεὸν</strong></span> <span class='ocrx_word' id='word_1_579' title='bbox 653 4418 763 4472; x_wconf 76' lang='grc' dir='ltr'><strong>τὸν</strong></span> <span class='ocrx_word' id='word_1_580' title='bbox 793 4414 1289 4487; x_wconf 74' lang='grc' dir='ltr'><strong>εὐεργετήσαντὰ</strong></span> <span class='ocrx_word' id='word_1_581' title='bbox 1327 4430 1424 4484; x_wconf 78' lang='grc' dir='ltr'><strong>με.</strong></span> <span class='ocrx_word' id='word_1_582' title='bbox 1488 4410 1762 4482; x_wconf 80' lang='grc' dir='ltr'><strong>Ὕψιστον</strong></span> <span class='ocrx_word' id='word_1_583' title='bbox 1831 4409 1951 4481; x_wconf 68' lang='grc' dir='ltr'><strong>μὲν,</strong></span> <span class='ocrx_word' id='word_1_584' title='bbox 1980 4409 2035 4462; x_wconf 62' lang='lat' dir='ltr'><strong>tim</strong></span> 
     </span>
    </p>
   </div>
   <div class='ocr_carea' id='block_1_83' title="bbox 2143 4409 3744 4487">
    <p class='ocr_par' dir='ltr' id='par_1_83' title="bbox 2157 4411 3744 4484">
     <span class='ocr_line' id='line_1_83' title="bbox 2157 4411 3744 4484; baseline 0 -18"><span class='ocrx_word' id='word_1_585' title='bbox 2157 4413 2247 4484; x_wconf 83' lang='lat' dir='ltr'><strong>qui</strong></span> <span class='ocrx_word' id='word_1_586' title='bbox 2282 4412 2535 4482; x_wconf 71' lang='lat' dir='ltr'><strong>benefacit</strong></span> <span class='ocrx_word' id='word_1_587' title='bbox 2564 4413 3069 4470; x_wconf 80' lang='lat' dir='ltr'><strong>mihi.Altissimum</strong></span> <span class='ocrx_word' id='word_1_588' title='bbox 3099 4413 3352 4483; x_wconf 84' lang='lat' dir='ltr'><strong>appellat,</strong></span> <span class='ocrx_word' id='word_1_589' title='bbox 3387 4411 3534 4481; x_wconf 84' lang='lat' dir='ltr'><strong>quod</strong></span> <span class='ocrx_word' id='word_1_590' title='bbox 3571 4413 3744 4468; x_wconf 62' lang='lat' dir='ltr'><strong>caelos</strong></span> 
     </span>
    </p>
   </div>
   <div class='ocr_carea' id='block_1_84' title="bbox 467 4500 2035 4580">
    <p class='ocr_par' dir='ltr' id='par_1_84' title="bbox 467 4500 2035 4580">
     <span class='ocr_line' id='line_1_84' title="bbox 467 4500 2035 4580; baseline -0.008 -16"><span class='ocrx_word' id='word_1_591' title='bbox 467 4509 801 4580; x_wconf 80' lang='grc' dir='ltr'><strong>ὲπουράνιον</strong></span> <span class='ocrx_word' id='word_1_592' title='bbox 833 4526 846 4541; x_wconf 82' lang='grc'><em>’</em></span> <span class='ocrx_word' id='word_1_593' title='bbox 868 4506 1315 4578; x_wconf 78' lang='grc' dir='ltr'><strong>εὐεργετήσαντα</strong></span> <span class='ocrx_word' id='word_1_594' title='bbox 1371 4503 1452 4569; x_wconf 80' lang='grc' dir='ltr'><strong>δὲ,</strong></span> <span class='ocrx_word' id='word_1_595' title='bbox 1504 4501 1581 4567; x_wconf 81' lang='grc' dir='ltr'><strong>ὡς</strong></span> <span class='ocrx_word' id='word_1_596' title='bbox 1629 4500 1899 4575; x_wconf 84' lang='grc' dir='ltr'><strong>πρότερον</strong></span> <span class='ocrx_word' id='word_1_597' title='bbox 1963 4516 2035 4553; x_wconf 81' lang='grc' dir='ltr'><strong>κα</strong></span> 
     </span>
    </p>
   </div>
   <div class='ocr_carea' id='block_1_85' title="bbox 2143 4500 3744 4580">
    <p class='ocr_par' dir='ltr' id='par_1_85' title="bbox 2161 4500 3744 4575">
     <span class='ocr_line' id='line_1_85' title="bbox 2161 4500 3744 4575; baseline -0.003 -16"><span class='ocrx_word' id='word_1_598' title='bbox 2161 4519 2358 4561; x_wconf 89' lang='lat' dir='ltr'><strong>omnes</strong></span> <span class='ocrx_word' id='word_1_599' title='bbox 2406 4505 2567 4575; x_wconf 82' lang='lat' dir='ltr'><strong>longe</strong></span> <span class='ocrx_word' id='word_1_600' title='bbox 2625 4504 3023 4573; x_wconf 81' lang='lat' dir='ltr'><strong>transcendat.</strong></span> <span class='ocrx_word' id='word_1_601' title='bbox 3084 4503 3187 4570; x_wconf 84' lang='lat' dir='ltr'><strong>Qui</strong></span> <span class='ocrx_word' id='word_1_602' title='bbox 3251 4500 3526 4557; x_wconf 80' lang='lat' dir='ltr'><strong>benefecit</strong></span> <span class='ocrx_word' id='word_1_603' title='bbox 3585 4501 3744 4565; x_wconf 88' lang='lat' dir='ltr'><strong>mihi,</strong></span> 
     </span>
    </p>
   </div>
   <div class='ocr_carea' id='block_1_86' title="bbox 464 4592 2035 4672">
    <p class='ocr_par' dir='ltr' id='par_1_86' title="bbox 464 4596 1230 4672">
     <span class='ocr_line' id='line_1_86' title="bbox 464 4596 1230 4672; baseline -0.008 -16"><span class='ocrx_word' id='word_1_604' title='bbox 464 4601 568 4657; x_wconf 82' lang='grc' dir='ltr'><strong>νῦν</strong></span> <span class='ocrx_word' id='word_1_605' title='bbox 595 4601 910 4669; x_wconf 75' lang='grc' dir='ltr'><strong>ἀξιώσαντα</strong></span> <span class='ocrx_word' id='word_1_606' title='bbox 951 4596 1230 4672; x_wconf 84' lang='grc' dir='ltr'><strong>βοηθείας.</strong></span> 
     </span>
    </p>
   </div>
   <div class='ocr_carea' id='block_1_87' title="bbox 2143 4592 3718 4672">
    <p class='ocr_par' dir='ltr' id='par_1_87' title="bbox 2162 4592 3718 4669">
     <span class='ocr_line' id='line_1_87' title="bbox 2162 4592 3718 4669; baseline -0.002 -19"><span class='ocrx_word' id='word_1_607' title='bbox 2162 4610 2230 4650; x_wconf 93' lang='lat' dir='ltr'><strong>eo</strong></span> <span class='ocrx_word' id='word_1_608' title='bbox 2266 4594 2414 4665; x_wconf 91' lang='lat' dir='ltr'><strong>quod</strong></span> <span class='ocrx_word' id='word_1_609' title='bbox 2445 4605 2609 4652; x_wconf 84' lang='lat' dir='ltr'><strong>antea</strong></span> <span class='ocrx_word' id='word_1_610' title='bbox 2636 4596 2831 4662; x_wconf 87' lang='lat' dir='ltr'><strong>etiam,</strong></span> <span class='ocrx_word' id='word_1_611' title='bbox 2868 4595 3091 4669; x_wconf 76' lang='lat' dir='ltr'><strong>dignum</strong></span> <span class='ocrx_word' id='word_1_612' title='bbox 3133 4610 3218 4651; x_wconf 87' lang='lat' dir='ltr'><strong>me</strong></span> <span class='ocrx_word' id='word_1_613' title='bbox 3264 4608 3367 4650; x_wconf 92' lang='lat' dir='ltr'><strong>suo</strong></span> <span class='ocrx_word' id='word_1_614' title='bbox 3401 4592 3595 4650; x_wconf 80' lang='lat' dir='ltr'><strong>iecerit</strong></span> <span class='ocrx_word' id='word_1_615' title='bbox 3647 4609 3718 4648; x_wconf 88' lang='lat' dir='ltr'><strong>au</strong></span> 
     </span>
    </p>
   </div>
   <div class='ocr_carea' id='block_1_88' title="bbox 2168 4688 2322 4744">
    <p class='ocr_par' dir='ltr' id='par_1_88' title="bbox 2168 4688 2322 4744">
     <span class='ocr_line' id='line_1_88' title="bbox 2168 4688 2322 4744; baseline 0 -1"><span class='ocrx_word' id='word_1_616' title='bbox 2168 4688 2322 4744; x_wconf 80' lang='lat' dir='ltr'><strong>xilio.</strong></span> 
     </span>
    </p>
   </div>
   <div class='ocr_carea' id='block_1_89' title="bbox 2096 4718 3754 4848">
    <p class='ocr_par' dir='ltr' id='par_1_89' title="bbox 2096 4718 3754 4848">
     <span class='ocr_line' id='line_1_89' title="bbox 2170 4718 2322 4744; baseline 0 -1"><span class='ocrx_word' id='word_1_617' title='bbox 2170 4718 2322 4744; x_wconf 72' lang='grc' dir='ltr'><strong>ιιιιυ.</strong></span> 
     </span>
     <span class='ocr_line' id='line_1_90' title="bbox 2096 4718 3754 4848; baseline 0.002 -12"><span class='ocrx_word' id='word_1_618' title='bbox 2096 4718 2141 4775; x_wconf 74' lang='lat' dir='ltr'><strong>D</strong></span> <span class='ocrx_word' id='word_1_619' title='bbox 2241 4781 2409 4840; x_wconf 71' lang='lat' dir='ltr'><strong>Vens.</strong></span> <span class='ocrx_word' id='word_1_620' title='bbox 2433 4784 2488 4839; x_wconf 72' lang='grc'><strong>4.</strong></span> <span class='ocrx_word' id='word_1_621' title='bbox 2526 4782 2672 4838; x_wconf 69' lang='lat' dir='ltr'><strong>Misit</strong></span> <span class='ocrx_word' id='word_1_622' title='bbox 2699 4783 2762 4839; x_wconf 82' lang='lat' dir='ltr'><strong>de</strong></span> <span class='ocrx_word' id='word_1_623' title='bbox 2788 4784 2941 4848; x_wconf 74' lang='lat' dir='ltr'><strong>ctelo,</strong></span> <span class='ocrx_word' id='word_1_624' title='bbox 2958 4793 3007 4839; x_wconf 86' lang='lat' dir='ltr'><strong>et</strong></span> <span class='ocrx_word' id='word_1_625' title='bbox 3026 4783 3252 4840; x_wconf 75' lang='lat' dir='ltr'><strong>saluauit</strong></span> <span class='ocrx_word' id='word_1_626' title='bbox 3278 4799 3377 4839; x_wconf 87' lang='lat' dir='ltr'><strong>me.</strong></span> <span class='ocrx_word' id='word_1_627' title='bbox 3398 4781 3586 4840; x_wconf 79' lang='lat' dir='ltr'><strong>Robur</strong></span> <span class='ocrx_word' id='word_1_628' title='bbox 3620 4784 3754 4839; x_wconf 85' lang='lat' dir='ltr'><strong>milu</strong></span> 
     </span>
    </p>
   </div>
   <div class='ocr_carea' id='block_1_90' title="bbox 2168 4873 3758 4947">
    <p class='ocr_par' dir='ltr' id='par_1_90' title="bbox 2168 4873 3758 4947">
     <span class='ocr_line' id='line_1_91' title="bbox 2168 4873 3758 4947; baseline 0 -16"><span class='ocrx_word' id='word_1_629' title='bbox 2168 4890 2200 4931; x_wconf 90' lang='lat' dir='ltr'><strong>e</strong></span> <span class='ocrx_word' id='word_1_630' title='bbox 2222 4876 2368 4931; x_wconf 76' lang='lat' dir='ltr'><strong>cmlo</strong></span> <span class='ocrx_word' id='word_1_631' title='bbox 2389 4874 2631 4932; x_wconf 87' lang='lat' dir='ltr'><strong>demisit.</strong></span> <span class='ocrx_word' id='word_1_632' title='bbox 2662 4873 2852 4947; x_wconf 83' lang='lat' dir='ltr'><strong>Neque</strong></span> <span class='ocrx_word' id='word_1_633' title='bbox 2882 4877 3029 4932; x_wconf 90' lang='lat' dir='ltr'><strong>enim</strong></span> <span class='ocrx_word' id='word_1_634' title='bbox 3082 4876 3327 4932; x_wconf 86' lang='lat' dir='ltr'><strong>humano</strong></span> <span class='ocrx_word' id='word_1_635' title='bbox 3381 4876 3587 4930; x_wconf 81' lang='lat' dir='ltr'><strong>auxilio</strong></span> <span class='ocrx_word' id='word_1_636' title='bbox 3618 4875 3758 4931; x_wconf 81' lang='lat' dir='ltr'><strong>libe-</strong></span> 
     </span>
    </p>
   </div>
   <div class='ocr_carea' id='block_1_91' title="bbox 2169 4967 3756 5042">
    <p class='ocr_par' dir='ltr' id='par_1_91' title="bbox 2169 4967 3756 5042">
     <span class='ocr_line' id='line_1_92' title="bbox 2169 4967 3756 5042; baseline -0.003 -18"><span class='ocrx_word' id='word_1_637' title='bbox 2169 4977 2326 5024; x_wconf 89' lang='lat' dir='ltr'><strong>ratus</strong></span> <span class='ocrx_word' id='word_1_638' title='bbox 2361 4981 2509 5032; x_wconf 89' lang='lat' dir='ltr'><strong>sum,</strong></span> <span class='ocrx_word' id='word_1_639' title='bbox 2542 4981 2673 5024; x_wconf 90' lang='lat' dir='ltr'><strong>cum</strong></span> <span class='ocrx_word' id='word_1_640' title='bbox 2696 4968 2830 5025; x_wconf 88' lang='lat' dir='ltr'><strong>mihi</strong></span> <span class='ocrx_word' id='word_1_641' title='bbox 2864 4969 2919 5024; x_wconf 92' lang='lat' dir='ltr'><strong>in</strong></span> <span class='ocrx_word' id='word_1_642' title='bbox 2952 4969 3217 5042; x_wconf 88' lang='lat' dir='ltr'><strong>spelunca</strong></span> <span class='ocrx_word' id='word_1_643' title='bbox 3239 4968 3541 5041; x_wconf 88' lang='lat' dir='ltr'><strong>periculum</strong></span> <span class='ocrx_word' id='word_1_644' title='bbox 3574 4967 3756 5020; x_wconf 80' lang='lat' dir='ltr'><strong>immi-</strong></span> 
     </span>
    </p>
   </div>
   <div class='ocr_carea' id='block_1_92' title="bbox 2168 5068 2340 5117">
    <p class='ocr_par' dir='ltr' id='par_1_92' title="bbox 2168 5068 2340 5117">
     <span class='ocr_line' id='line_1_93' title="bbox 2168 5068 2340 5117; baseline -0.017 0"><span class='ocrx_word' id='word_1_645' title='bbox 2168 5068 2340 5117; x_wconf 78' lang='lat' dir='ltr'><strong>neret.</strong></span> 
     </span>
    </p>
   </div>
   <div class='ocr_carea' id='block_1_93' title="bbox 539 4769 2057 4849">
    <p class='ocr_par' dir='ltr' id='par_1_93' title="bbox 539 4769 2057 4849">
     <span class='ocr_line' id='line_1_94' title="bbox 539 4769 2057 4849; baseline -0.007 -13"><span class='ocrx_word' id='word_1_646' title='bbox 539 4780 1013 4849; x_wconf 70' lang='grc' dir='ltr'><strong>Ἑξαπέστειλεν</strong></span> <span class='ocrx_word' id='word_1_647' title='bbox 1042 4777 1113 4842; x_wconf 78' lang='grc' dir='ltr'><strong>ἐξ</strong></span> <span class='ocrx_word' id='word_1_648' title='bbox 1141 4774 1540 4845; x_wconf 77' lang='grc' dir='ltr'><strong>οὐριινοῦ,καὶ</strong></span> <span class='ocrx_word' id='word_1_649' title='bbox 1565 4773 1765 4830; x_wconf 76' lang='grc' dir='ltr'><strong>ἐσωσέ</strong></span> <span class='ocrx_word' id='word_1_650' title='bbox 1790 4790 1889 4844; x_wconf 83' lang='grc' dir='ltr'><strong>με.</strong></span> <span class='ocrx_word' id='word_1_651' title='bbox 1938 4769 2057 4837; x_wconf 80' lang='grc' dir='ltr'><strong>Ἐξ-</strong></span> 
     </span>
    </p>
   </div>
   <div class='ocr_carea' id='block_1_94' title="bbox 468 4863 2057 4942">
    <p class='ocr_par' dir='ltr' id='par_1_94' title="bbox 468 4863 2057 4942">
     <span class='ocr_line' id='line_1_95' title="bbox 468 4863 2057 4942; baseline -0.008 -13"><span class='ocrx_word' id='word_1_652' title='bbox 468 4873 801 4929; x_wconf 77' lang='grc' dir='ltr'><strong>απὲστειλεν</strong></span> <span class='ocrx_word' id='word_1_653' title='bbox 835 4871 1071 4942; x_wconf 83' lang='grc' dir='ltr'><strong>δύναμιν</strong></span> <span class='ocrx_word' id='word_1_654' title='bbox 1105 4868 1167 4935; x_wconf 73' lang='grc' dir='ltr'><strong>ἐξ</strong></span> <span class='ocrx_word' id='word_1_655' title='bbox 1205 4868 1377 4939; x_wconf 72' lang='grc' dir='ltr'><strong>ὕψους</strong></span> <span class='ocrx_word' id='word_1_656' title='bbox 1413 4884 1427 4898; x_wconf 84' lang='lat'><strong><em>°</em></strong></span> <span class='ocrx_word' id='word_1_657' title='bbox 1461 4868 1524 4921; x_wconf 83' lang='grc' dir='ltr'><strong>οὺ</strong></span> <span class='ocrx_word' id='word_1_658' title='bbox 1571 4867 1682 4937; x_wconf 81' lang='grc' dir='ltr'><strong>γὰρ</strong></span> <span class='ocrx_word' id='word_1_659' title='bbox 1729 4863 1789 4931; x_wconf 73' lang='grc' dir='ltr'><strong>ἐξ</strong></span> <span class='ocrx_word' id='word_1_660' title='bbox 1842 4865 2057 4935; x_wconf 82' lang='grc' dir='ltr'><strong>ἀνθρω-</strong></span> 
     </span>
    </p>
   </div>
   <div class='ocr_carea' id='block_1_95' title="bbox 472 4957 2055 5037">
    <p class='ocr_par' dir='ltr' id='par_1_95' title="bbox 472 4957 2055 5037">
     <span class='ocr_line' id='line_1_96' title="bbox 472 4957 2055 5037; baseline -0.006 -17"><span class='ocrx_word' id='word_1_661' title='bbox 472 4967 639 5035; x_wconf 80' lang='grc' dir='ltr'><strong>πίνης</strong></span> <span class='ocrx_word' id='word_1_662' title='bbox 666 4964 921 5037; x_wconf 79' lang='grc' dir='ltr'><strong>βοηθείας</strong></span> <span class='ocrx_word' id='word_1_663' title='bbox 946 4962 1224 5036; x_wconf 73' lang='grc' dir='ltr'><strong>ὲρῥύσθην</strong></span> <span class='ocrx_word' id='word_1_664' title='bbox 1263 4960 1359 5015; x_wconf 82' lang='grc' dir='ltr'><strong>τοῦ</strong></span> <span class='ocrx_word' id='word_1_665' title='bbox 1394 4961 1454 5015; x_wconf 83' lang='grc' dir='ltr'><strong>ὲν</strong></span> <span class='ocrx_word' id='word_1_666' title='bbox 1481 4959 1562 5032; x_wconf 84' lang='grc' dir='ltr'><strong>τῷ</strong></span> <span class='ocrx_word' id='word_1_667' title='bbox 1596 4957 1852 5031; x_wconf 83' lang='grc' dir='ltr'><strong>σπηλαίῳ</strong></span> <span class='ocrx_word' id='word_1_668' title='bbox 1880 4973 2055 5029; x_wconf 87' lang='grc' dir='ltr'><strong>προσ-</strong></span> 
     </span>
    </p>
   </div>
   <div class='ocr_carea' id='block_1_96' title="bbox 469 5055 1100 5130">
    <p class='ocr_par' dir='ltr' id='par_1_96' title="bbox 469 5055 1100 5130">
     <span class='ocr_line' id='line_1_97' title="bbox 469 5055 1100 5130; baseline -0.003 -16"><span class='ocrx_word' id='word_1_669' title='bbox 469 5058 792 5130; x_wconf 77' lang='grc' dir='ltr'><strong>δοκωμένου</strong></span> <span class='ocrx_word' id='word_1_670' title='bbox 822 5055 1100 5112; x_wconf 81' lang='grc' dir='ltr'><strong>κινδύνου.</strong></span> 
     </span>
    </p>
   </div>
   <div class='ocr_carea' id='block_1_97' title="bbox 537 5139 2035 5222">
    <p class='ocr_par' dir='ltr' id='par_1_97' title="bbox 537 5144 2030 5216">
     <span class='ocr_line' id='line_1_98' title="bbox 537 5144 2030 5216; baseline -0.008 -7"><span class='ocrx_word' id='word_1_671' title='bbox 537 5151 805 5208; x_wconf 77' lang='grc' dir='ltr'><strong>Ἔδωκεν</strong></span> <span class='ocrx_word' id='word_1_672' title='bbox 859 5149 1093 5214; x_wconf 74' lang='grc' dir='ltr'><strong>ὄνειδος</strong></span> <span class='ocrx_word' id='word_1_673' title='bbox 1114 5147 1260 5216; x_wconf 82' lang='grc' dir='ltr'><strong>τοὺς</strong></span> <span class='ocrx_word' id='word_1_674' title='bbox 1284 5144 1782 5211; x_wconf 77' lang='grc' dir='ltr'><strong>καταπατοῦντάς</strong></span> <span class='ocrx_word' id='word_1_675' title='bbox 1805 5161 1904 5214; x_wconf 82' lang='grc' dir='ltr'><strong>με.</strong></span> <span class='ocrx_word' id='word_1_676' title='bbox 1936 5144 2030 5198; x_wconf 88' lang='grc' dir='ltr'><strong>Μα</strong></span> 
     </span>
    </p>
   </div>
   <div class='ocr_carea' id='block_1_98' title="bbox 2143 5139 3750 5222">
    <p class='ocr_par' dir='ltr' id='par_1_98' title="bbox 2242 5146 3750 5222">
     <span class='ocr_line' id='line_1_99' title="bbox 2242 5146 3750 5222; baseline -0.006 -15"><span class='ocrx_word' id='word_1_677' title='bbox 2242 5152 2407 5210; x_wconf 75' lang='lat' dir='ltr'><strong>Vsus.</strong></span> <span class='ocrx_word' id='word_1_678' title='bbox 2441 5157 2496 5222; x_wconf 82' lang='grc'><strong>5,</strong></span> <span class='ocrx_word' id='word_1_679' title='bbox 2527 5155 2582 5210; x_wconf 80' lang='lat'><strong>6.</strong></span> <span class='ocrx_word' id='word_1_680' title='bbox 2620 5154 2781 5210; x_wconf 88' lang='lat' dir='ltr'><strong>Dedit</strong></span> <span class='ocrx_word' id='word_1_681' title='bbox 2807 5154 2863 5207; x_wconf 86' lang='lat' dir='ltr'><strong>in</strong></span> <span class='ocrx_word' id='word_1_682' title='bbox 2883 5151 3225 5222; x_wconf 81' lang='lat' dir='ltr'><strong>Opprobrium</strong></span> <span class='ocrx_word' id='word_1_683' title='bbox 3260 5146 3627 5203; x_wconf 78' lang='lat' dir='ltr'><strong>conculcanles</strong></span> <span class='ocrx_word' id='word_1_684' title='bbox 3651 5161 3750 5198; x_wconf 87' lang='lat' dir='ltr'><strong>me.</strong></span> 
     </span>
    </p>
   </div>
   <div class='ocr_carea' id='block_1_99' title="bbox 475 5232 2035 5315">
    <p class='ocr_par' dir='ltr' id='par_1_99' title="bbox 475 5238 2031 5315">
     <span class='ocr_line' id='line_1_100' title="bbox 475 5238 2031 5315; baseline -0.007 -13"><span class='ocrx_word' id='word_1_685' title='bbox 475 5245 669 5308; x_wconf 83' lang='grc' dir='ltr'><strong>θόντες</strong></span> <span class='ocrx_word' id='word_1_686' title='bbox 695 5244 806 5315; x_wconf 79' lang='grc' dir='ltr'><strong>γὰρ</strong></span> <span class='ocrx_word' id='word_1_687' title='bbox 820 5244 872 5298; x_wconf 78' lang='lat' dir='ltr'><strong>0i</strong></span> <span class='ocrx_word' id='word_1_688' title='bbox 904 5244 1039 5312; x_wconf 70' lang='grc' dir='ltr'><strong>περὶ</strong></span> <span class='ocrx_word' id='word_1_689' title='bbox 1076 5240 1254 5296; x_wconf 82' lang='grc' dir='ltr'><strong>Σαοὺλ</strong></span> <span class='ocrx_word' id='word_1_690' title='bbox 1296 5239 1359 5294; x_wconf 88' lang='grc' dir='ltr'><strong>τὸ</strong></span> <span class='ocrx_word' id='word_1_691' title='bbox 1374 5238 1620 5309; x_wconf 83' lang='grc' dir='ltr'><strong>γεγονὸς,</strong></span> <span class='ocrx_word' id='word_1_692' title='bbox 1650 5238 1793 5307; x_wconf 79' lang='grc' dir='ltr'><strong>ἄγαν</strong></span> <span class='ocrx_word' id='word_1_693' title='bbox 1857 5238 2031 5309; x_wconf 75' lang='grc' dir='ltr'><strong>ᾐσχύν</strong></span> 
     </span>
    </p>
   </div>
   <div class='ocr_carea' id='block_1_100' title="bbox 2143 5232 3750 5315">
    <p class='ocr_par' dir='ltr' id='par_1_100' title="bbox 2172 5232 3750 5312">
     <span class='ocr_line' id='line_1_101' title="bbox 2172 5232 3750 5312; baseline -0.01 -12"><span class='ocrx_word' id='word_1_694' title='bbox 2172 5244 2311 5312; x_wconf 85' lang='lat' dir='ltr'><strong>Quia</strong></span> <span class='ocrx_word' id='word_1_695' title='bbox 2341 5261 2468 5301; x_wconf 89' lang='lat' dir='ltr'><strong>cum</strong></span> <span class='ocrx_word' id='word_1_696' title='bbox 2522 5244 2652 5301; x_wconf 85' lang='lat' dir='ltr'><strong>Saul</strong></span> <span class='ocrx_word' id='word_1_697' title='bbox 2685 5253 2741 5300; x_wconf 91' lang='lat' dir='ltr'><strong>et</strong></span> <span class='ocrx_word' id='word_1_698' title='bbox 2774 5244 3009 5299; x_wconf 72' lang='lat' dir='ltr'><strong>comites</strong></span> <span class='ocrx_word' id='word_1_699' title='bbox 3066 5241 3188 5309; x_wconf 86' lang='lat' dir='ltr'><strong>ejus</strong></span> <span class='ocrx_word' id='word_1_700' title='bbox 3241 5238 3546 5291; x_wconf 75' lang='lat' dir='ltr'><strong>rescissem</strong></span> <span class='ocrx_word' id='word_1_701' title='bbox 3602 5232 3750 5303; x_wconf 83' lang='lat' dir='ltr'><strong>quml</strong></span> 
     </span>
    </p>
   </div>
   <div class='ocr_carea' id='block_1_101' title="bbox 476 5325 2035 5410">
    <p class='ocr_par' dir='ltr' id='par_1_101' title="bbox 476 5330 2035 5410">
     <span class='ocr_line' id='line_1_102' title="bbox 476 5330 2035 5410; baseline -0.006 -17"><span class='ocrx_word' id='word_1_702' title='bbox 476 5341 680 5410; x_wconf 81' lang='grc' dir='ltr'><strong>θησαν,</strong></span> <span class='ocrx_word' id='word_1_703' title='bbox 702 5337 781 5402; x_wconf 84' lang='grc' dir='ltr'><strong>ὡς</strong></span> <span class='ocrx_word' id='word_1_704' title='bbox 808 5335 1119 5407; x_wconf 82' lang='grc' dir='ltr'><strong>τηλικαῦτα</strong></span> <span class='ocrx_word' id='word_1_705' title='bbox 1141 5332 1466 5405; x_wconf 81' lang='grc' dir='ltr'><strong>σφαλέντες,</strong></span> <span class='ocrx_word' id='word_1_706' title='bbox 1517 5330 1612 5385; x_wconf 77' lang='grc' dir='ltr'><strong>καὶ</strong></span> <span class='ocrx_word' id='word_1_707' title='bbox 1661 5331 2035 5399; x_wconf 82' lang='grc' dir='ltr'><strong>καταγέλαστο</strong></span> 
     </span>
    </p>
   </div>
   <div class='ocr_carea' id='block_1_102' title="bbox 2143 5325 3755 5410">
    <p class='ocr_par' dir='ltr' id='par_1_102' title="bbox 2171 5325 3755 5406">
     <span class='ocr_line' id='line_1_103' title="bbox 2171 5325 3755 5406; baseline -0.007 -19"><span class='ocrx_word' id='word_1_708' title='bbox 2171 5343 2385 5406; x_wconf 78' lang='lat' dir='ltr'><strong>gestum</strong></span> <span class='ocrx_word' id='word_1_709' title='bbox 2419 5335 2614 5402; x_wconf 80' lang='lat' dir='ltr'><strong>fuerat,</strong></span> <span class='ocrx_word' id='word_1_710' title='bbox 2647 5349 2842 5406; x_wconf 77' lang='lat' dir='ltr'><strong>magna</strong></span> <span class='ocrx_word' id='word_1_711' title='bbox 2870 5348 2930 5388; x_wconf 89' lang='lat' dir='ltr'><strong>se</strong></span> <span class='ocrx_word' id='word_1_712' title='bbox 2971 5326 3269 5400; x_wconf 68' lang='lat' dir='ltr'><strong>ignominia</strong></span> <span class='ocrx_word' id='word_1_713' title='bbox 3317 5325 3545 5380; x_wconf 80' lang='lat' dir='ltr'><strong>all&#39;ectos</strong></span> <span class='ocrx_word' id='word_1_714' title='bbox 3595 5330 3755 5391; x_wconf 88' lang='lat' dir='ltr'><strong>puta-</strong></span> 
     </span>
    </p>
   </div>
   <div class='ocr_carea' id='block_1_103' title="bbox 478 5413 2035 5499">
    <p class='ocr_par' dir='ltr' id='par_1_103' title="bbox 478 5423 2035 5499">
     <span class='ocr_line' id='line_1_104' title="bbox 478 5423 2035 5499; baseline -0.008 -10"><span class='ocrx_word' id='word_1_715' title='bbox 478 5431 761 5499; x_wconf 78' lang='grc' dir='ltr'><strong>δόξαντες.</strong></span> <span class='ocrx_word' id='word_1_716' title='bbox 793 5429 941 5485; x_wconf 84' lang='grc' dir='ltr'><strong>Τίδὲ</strong></span> <span class='ocrx_word' id='word_1_717' title='bbox 976 5430 1096 5483; x_wconf 72' lang='grc' dir='ltr'><strong>ἔστι</strong></span> <span class='ocrx_word' id='word_1_718' title='bbox 1126 5427 1188 5482; x_wconf 87' lang='grc' dir='ltr'><strong>τὸ</strong></span> <span class='ocrx_word' id='word_1_719' title='bbox 1209 5426 1575 5493; x_wconf 79' lang='grc' dir='ltr'><strong>καταπατεῖν,</strong></span> <span class='ocrx_word' id='word_1_720' title='bbox 1604 5425 1825 5498; x_wconf 78' lang='grc' dir='ltr'><strong>εἴρηται</strong></span> <span class='ocrx_word' id='word_1_721' title='bbox 1876 5424 1937 5477; x_wconf 80' lang='grc' dir='ltr'><strong>ἐν</strong></span> <span class='ocrx_word' id='word_1_722' title='bbox 1984 5423 2035 5493; x_wconf 66' lang='lat' dir='ltr'><strong>1i</strong></span> 
     </span>
    </p>
   </div>
   <div class='ocr_carea' id='block_1_104' title="bbox 2143 5413 3753 5499">
    <p class='ocr_par' dir='ltr' id='par_1_104' title="bbox 2176 5413 3753 5496">
     <span class='ocr_line' id='line_1_105' title="bbox 2176 5413 3753 5496; baseline -0.008 -16"><span class='ocrx_word' id='word_1_723' title='bbox 2176 5434 2324 5490; x_wconf 86' lang='lat' dir='ltr'><strong>runt,</strong></span> <span class='ocrx_word' id='word_1_724' title='bbox 2350 5441 2416 5481; x_wconf 89' lang='lat' dir='ltr'><strong>eo</strong></span> <span class='ocrx_word' id='word_1_725' title='bbox 2436 5426 2580 5496; x_wconf 89' lang='lat' dir='ltr'><strong>quod</strong></span> <span class='ocrx_word' id='word_1_726' title='bbox 2612 5434 2824 5480; x_wconf 84' lang='lat' dir='ltr'><strong>tantam</strong></span> <span class='ocrx_word' id='word_1_727' title='bbox 2853 5421 2930 5476; x_wconf 91' lang='lat' dir='ltr'><strong>rei</strong></span> <span class='ocrx_word' id='word_1_728' title='bbox 2956 5420 3095 5474; x_wconf 83' lang='lat' dir='ltr'><strong>bene</strong></span> <span class='ocrx_word' id='word_1_729' title='bbox 3119 5415 3372 5489; x_wconf 72' lang='lat' dir='ltr'><strong>gerendae</strong></span> <span class='ocrx_word' id='word_1_730' title='bbox 3401 5413 3753 5468; x_wconf 85' lang='lat' dir='ltr'><strong>occasionem</strong></span> 
     </span>
    </p>
   </div>
   <div class='ocr_carea' id='block_1_105' title="bbox 479 5512 2035 5603">
    <p class='ocr_par' dir='ltr' id='par_1_105' title="bbox 479 5521 1086 5603">
     <span class='ocr_line' id='line_1_106' title="bbox 479 5521 1086 5603; baseline -0.007 -20"><span class='ocrx_word' id='word_1_731' title='bbox 479 5529 592 5603; x_wconf 84' lang='grc' dir='ltr'><strong>πρὸ</strong></span> <span class='ocrx_word' id='word_1_732' title='bbox 619 5525 813 5582; x_wconf 80' lang='grc' dir='ltr'><strong>τούτου</strong></span> <span class='ocrx_word' id='word_1_733' title='bbox 858 5521 1086 5596; x_wconf 79' lang='grc' dir='ltr'><strong>ψαλμῷ.</strong></span> 
     </span>
    </p>
   </div>
   <div class='ocr_carea' id='block_1_106' title="bbox 2143 5512 3751 5603">
    <p class='ocr_par' dir='ltr' id='par_1_106' title="bbox 2176 5512 3751 5582">
     <span class='ocr_line' id='line_1_107' title="bbox 2176 5512 3751 5582; baseline -0.008 -10"><span class='ocrx_word' id='word_1_734' title='bbox 2176 5517 2522 5582; x_wconf 83' lang='lat' dir='ltr'><strong>amisissent,</strong></span> <span class='ocrx_word' id='word_1_735' title='bbox 2587 5517 2731 5571; x_wconf 84' lang='lat' dir='ltr'><strong>unde</strong></span> <span class='ocrx_word' id='word_1_736' title='bbox 2773 5512 2992 5568; x_wconf 77' lang='lat' dir='ltr'><strong>ridiculi</strong></span> <span class='ocrx_word' id='word_1_737' title='bbox 3039 5522 3267 5581; x_wconf 88' lang='lat' dir='ltr'><strong>prorsus</strong></span> <span class='ocrx_word' id='word_1_738' title='bbox 3306 5514 3751 5561; x_wconf 76' lang='lat' dir='ltr'><strong>recenserentur.</strong></span> 
     </span>
    </p>
   </div>
   <div class='ocr_carea' id='block_1_107' title="bbox 2178 5596 3753 5675">
    <p class='ocr_par' dir='ltr' id='par_1_107' title="bbox 2178 5596 3753 5675">
     <span class='ocr_line' id='line_1_108' title="bbox 2178 5596 3753 5675; baseline -0.008 -11"><span class='ocrx_word' id='word_1_739' title='bbox 2178 5608 2323 5675; x_wconf 86' lang='lat' dir='ltr'><strong>Quid</strong></span> <span class='ocrx_word' id='word_1_740' title='bbox 2345 5618 2532 5666; x_wconf 88' lang='lat' dir='ltr'><strong>autem</strong></span> <span class='ocrx_word' id='word_1_741' title='bbox 2563 5609 2633 5665; x_wconf 90' lang='lat' dir='ltr'><strong>sit</strong></span> <span class='ocrx_word' id='word_1_742' title='bbox 2659 5605 3006 5670; x_wconf 83' lang='lat' dir='ltr'><strong>conculcare,</strong></span> <span class='ocrx_word' id='word_1_743' title='bbox 3059 5600 3304 5658; x_wconf 83' lang='lat' dir='ltr'><strong>diximus</strong></span> <span class='ocrx_word' id='word_1_744' title='bbox 3379 5598 3434 5653; x_wconf 84' lang='lat' dir='ltr'><strong>in</strong></span> <span class='ocrx_word' id='word_1_745' title='bbox 3485 5596 3753 5666; x_wconf 78' lang='lat' dir='ltr'><strong>superiori</strong></span> 
     </span>
    </p>
   </div>
   <div class='ocr_carea' id='block_1_108' title="bbox 2180 5700 2414 5771">
    <p class='ocr_par' dir='ltr' id='par_1_108' title="bbox 2180 5700 2414 5771">
     <span class='ocr_line' id='line_1_109' title="bbox 2180 5700 2414 5771; baseline 0.004 -15"><span class='ocrx_word' id='word_1_746' title='bbox 2180 5700 2414 5771; x_wconf 88' lang='lat' dir='ltr'><strong>psalmo.</strong></span> 
     </span>
    </p>
   </div>
   <div class='ocr_carea' id='block_1_109' title="bbox 1826 5788 2378 5859">
    <p class='ocr_par' dir='ltr' id='par_1_109' title="bbox 1826 5788 2378 5859">
     <span class='ocr_line' id='line_1_110' title="bbox 1826 5788 2378 5859; baseline 0.009 -6"><span class='ocrx_word' id='word_1_747' title='bbox 1826 5789 2028 5857; x_wconf 61' lang='lat' dir='ltr'><strong>Varias</strong></span> <span class='ocrx_word' id='word_1_748' title='bbox 2057 5788 2378 5859; x_wconf 82' lang='lat' dir='ltr'><strong>lectiones</strong></span> 
     </span>
    </p>
   </div>
   <div class='ocr_carea' id='block_1_110' title="bbox 558 5891 1713 5970">
    <p class='ocr_par' dir='ltr' id='par_1_110' title="bbox 558 5891 1713 5970">
     <span class='ocr_line' id='line_1_111' title="bbox 558 5891 1713 5970; baseline -0.003 -18"><span class='ocrx_word' id='word_1_749' title='bbox 558 5896 638 5970; x_wconf 64' lang='grc' dir='ltr'><strong>(ἓ)</strong></span> <span class='ocrx_word' id='word_1_750' title='bbox 669 5895 755 5952; x_wconf 86' lang='grc' dir='ltr'><strong>ΔΙ.</strong></span> <span class='ocrx_word' id='word_1_751' title='bbox 782 5894 1065 5967; x_wconf 73' lang='grc' dir='ltr'><strong>παρέλθει,</strong></span> <span class='ocrx_word' id='word_1_752' title='bbox 1096 5901 1153 5950; x_wconf 87' lang='lat' dir='ltr'><strong>ut</strong></span> <span class='ocrx_word' id='word_1_753' title='bbox 1174 5902 1229 5951; x_wconf 85' lang='lat' dir='ltr'><strong>et</strong></span> <span class='ocrx_word' id='word_1_754' title='bbox 1260 5894 1422 5967; x_wconf 81' lang='lat' dir='ltr'><strong>paulo</strong></span> <span class='ocrx_word' id='word_1_755' title='bbox 1463 5891 1713 5950; x_wconf 70' lang='lat' dir='ltr'><strong>inferius.</strong></span> 
     </span>
    </p>
   </div>
  </div>
