4120 6440
421 378 533 445 ἔί95

1630 374 2025 437 ΕΗΤΗΥΜΙΙ
2059 373 2431 437 ZlGABENI

3580 408 3581 411 η
3614 365 3720 431 596

408 554 432 565 ιι
496 496 646 551 Misit
688 494 948 549 Dominus
972 492 1458 571 inmisericordt'am
1505 511 1660 549 suam
1718 505 1767 549 et
1824 496 2018 551 verita-

2208 495 2679 562 Ἐξιιπέστειλεν
2712 495 2745 548 ὁ
2776 491 2921 558 Θεὸς
2938 490 3004 546 τὸ
3030 489 3207 557 ἕλεος
3235 487 3447 554 αὐτοῦ,
3473 486 3571 542 καὶ
3602 485 3721 555 τὴν

426 599 532 669 tem
562 607 740 657 suam,
759 598 807 644 et
837 589 1030 659 eripuit
1057 588 1295 642 animant
1354 604 1524 643 meam
1552 588 1615 643 de
1662 589 1833 644 medio
1872 598 2022 643 catu-

430 685 604 738 lorum
638 683 870 738 leonum.
923 681 1061 736 Cum
1129 681 1390 752 superius
1444 681 1772 755 simpliciter
1825 681 2024 737 dixerit

426 779 598 833 Deum
654 776 893 842 misisse,
960 789 1114 831 nunc
1176 772 1331 830 addit
1387 774 1518 844 quid
1600 775 1833 830 miserit.
1882 774 2021 829 lllud

426 881 610 927 autem
676 868 1228 925 animadvertendum
1292 869 1568 937 ducimus,
1635 868 1779 938 quod
1834 868 2022 923 multis

426 966 482 1019 iu
511 963 648 1019 locis
704 962 986 1033 Pi-Oplieta
1031 976 1130 1032 per
1160 961 1477 1028 veritatem,
1507 961 1783 1032 justitiam
1816 960 2021 1016 intelli«

424 1057 525 1127 git,
560 1067 619 1113 ut
657 1058 767 1112 hic.
796 1056 875 1112 Ex
917 1057 1147 1113 veritate
1186 1054 1334 1111 enim
1374 1053 1808 1125 deprehenditur
1857 1053 2022 1123 justi-

430 1152 526 1205 tia.
622 1150 773 1206 Misit
834 1131 979 1205 Deus
1043 1149 1212 1219 igitur
1279 1145 1742 1212 miscricordiam,
1804 1154 1865 1200 ut
1914 1144 2019 1203 mei

427 1243 835 1300 misereretur:
872 1244 1027 1309 item,
1065 1251 1117 1297 et
1141 1241 1409 1313 justitiam
1450 1246 1508 1295 ut
1530 1254 1625 1295 eos
1680 1237 2019 1294 condemna-

428 1342 536 1399 ret,
563 1334 659 1405 qui
692 1333 824 1388 mihi
872 1331 1131 1403 iniuriam
1192 1329 1521 1385 intulerunt.
1578 1327 1810 1385 Catulos
1835 1335 2017 1381 autem

384 1412 387 1415 ’
427 1425 624 1489 leonis,
664 1426 816 1495 ipsos
845 1424 1083 1495 appellat
1129 1422 1361 1478 comites
1391 1422 1614 1490 Saulis;
1647 1420 1778 1493 quia
1818 1420 2020 1495 robore

422 1534 493 1574 ac
541 1500 756 1574 viribus
809 1515 1408 1595 prmstabantJerique
1461 1522 1642 1579 erant,
1680 1528 1744 1569 ac
1792 1513 2021 1581 sangui-

426 1612 593 1675 narii,
659 1610 973 1681 cuiusmodi
1051 1618 1181 1666 sunt
1256 1612 1478 1664 leonum
1530 1607 1721 1664 catuli.
1781 1607 2021 1664 Possunt

2126 587 2421 656 ἀλήθειαν
2450 586 2665 651 αὐτοῦ,
2697 586 2796 642 καὶ
2836 584 3133 657 ἐῤῥύσατο
3166 581 3283 650 τὴν
3339 579 3554 652 ψυχήν
3596 597 3719 652 μου

2124 680 2195 734 ἐκ
2215 680 2415 748 μέσου
2439 677 2943 749 σκύμνων-,Εἰπὼν
2963 675 3309 748 «prii-roman
3327 671 3720 741 ἐξαπέστειλεν

2127 774 2338 838 ἁπλῶς,
2372 774 2624 845 ἐπήγαγε
2651 772 2750 826 καὶ
2778 770 2903 824 τίνα
2922 769 3241 825 ἀπέστειλε.
3275 766 3718 839 Παρατηρητέον

2108 866 2182 922 ,δὲ
2216 867 2300 921 ὅτι
2337 869 2397 921 ὲν
2440 866 2659 930 πολλοῖς
2689 864 2954 936 ἀλήθειαν
2983 862 3157 933 αὐτὴν
3188 859 3545 930 δικαιοσύνην
3595 859 3720 913 δνο-

2126 961 2314 1030 μάζει,
2367 957 2551 1022 καθὼς
2585 959 2678 1013 καὶ
2726 957 2844 1012 νῦν.
2908 957 3055 1012 Διότι
3115 954 3209 1009 καὶ
3249 952 3309 1019 ἐξ
3364 951 3651 1024 ἀληθειας,
3686 951 3721 1019 ἡ

2124 1052 2443 1122 δικαιοσύνη
2506 1048 3019 1120 καταλαμϐάνεται.
3083 1044 3503 1110 Ἐξαπέστειλεν
3534 1041 3627 1097 οὖν
3657 1041 3721 1095 τδ

2125 1141 2277 1206 ἔλεος
2296 1139 2420 1213 μὲν,
2435 1140 2525 1195 ἵνα
2542 1139 2745 1213 ἐλεήσῃ
2769 1157 2837 1210 με
2859 1156 2873 1170 ο
2896 1138 2998 1211 τὴν
3027 1136 3383 1207 δικαιοσύνην
3408 1136 3493 1202 δὲ,
3512 1136 3600 1190 ἵνα
3622 1151 3725 1189 κα-

2125 1234 2393 1308 ταδικάσῃ
2408 1235 2534 1299 τοὺς
2557 1233 2883 1300 ἀδικοῦντάς
2909 1251 3000 1304 με.
3034 1233 3143 1287 Σκύ
3154 1250 3320 1298 μνους
3344 1232 3401 1285 δὲ
3421 1229 3571 1300 λέγει
3595 1230 3723 1293 τοὺς

2125 1330 2258 1401 περὶ
2285 1329 2479 1398 Σαοὺλ,
2505 1329 2580 1394 ὡς
2605 1331 2663 1384 ἐν
2689 1331 2841 1402 ἀκμῇ
2868 1329 3183 1399 δυνάμεως,
3221 1327 3318 1384 καὶ
3357 1327 3433 1391 ὡς
3489 1325 3725 1397 ἀπηνεῖς

2124 1425 2220 1479 καὶ
2257 1424 2538 1495 φονικούς.
2567 1423 2817 1479 Τοιοῦτοι
2864 1421 2975 1493 γὰρ
2999 1425 3047 1476 oi
3082 1421 3323 1492 σκύμνοι
3357 1419 3452 1474 τοῦ
3484 1420 3723 1480 λέοντος.

2123 1517 2348 1572 Νοεϊται
2381 1516 2461 1583 δὲ,
2483 1518 2580 1572 καὶ
2607 1514 2890 1589 προσώπῳ
2927 1518 3029 1588 τῆς
3071 1514 3405 1586 Ἐκκλησίας
3472 1514 3579 1568 τῶν
3630 1528 3724 1566 πι-

2124 1611 2271 1666 στῶν
2312 1610 2343 1664 ὁ
2371 1610 2555 1680 λόγος,
2590 1610 2675 1664 ὃτι
2715 1608 2777 1663 '0
2806 1608 3001 1679 Πατὴρ
3028 1605 3418 1674 ἐξαπέστειλεν
3448 1604 3541 1660 τὸν
3572 1590 3745 1671 Υἱὸν,’

422 1705 593 1760 etiam
651 1705 767 1760 haec
799 1704 964 1759 verba
1001 1702 1257 1773 intelligi,
1294 1711 1353 1757 ut
1374 1702 1522 1758 dicta
1551 1702 1662 1758 sint
1691 1717 1756 1757 ex
1777 1717 2017 1773 persona

2131 1704 2226 1758 καὶ
2268 1703 2448 1760 ἐσωσὲ
2488 1721 2557 1775 με
2582 1704 2684 1776 τὴν
2709 1703 3084 1757 ἀπολωλυϊαν.
3104 1701 3356 1756 Ἔδωκεν
3386 1701 3469 1763 εἰς
3496 1698 3726 1762 ὄνειδος.

426 1796 852 1865 Ecclesiae,qu:n
886 1795 1009 1851 laeta
1035 1803 1196 1850 cauet
1230 1813 1245 1855 :
1279 1793 1443 1851 Pater
1471 1793 1622 1851 misit
1650 1793 1873 1858 Filium,
1921 1794 2015 1865 qui

2131 1799 2261 1863 τοὺς
2292 1799 2427 1869 πρὶν
2475 1796 2937 1861 καταπατοῦντας
2982 1813 3051 1868 με
3086 1795 3376 1865 δαίμονας.
3410 1793 3605 1857 Ἔλεος
3667 1792 3729 1846 δὲ

424 1905 515 1946 me
549 1889 665 1959 jam
687 1903 830 1960 pene
880 1887 1155 1960 perditam
1191 1886 1427 1943 salvavit
1464 1903 1480 1952 ;
1526 1894 1581 1942 et
1634 1884 1789 1940 dedit
1836 1885 1890 1939 in
1926 1900 2026 1955 op-

2131 1891 2379 1946 ὲνούσιον
2413 1891 2510 1946 καὶ
2533 1890 2790 1961 ἀλήθεια,
2818 1891 2847 1944 ὁ
2875 1887 3004 1955 Υἱός
3027 1907 3038 1920 ’
3076 1888 3313 1961 ἐλεήσας
3348 1886 3460 1958 γὰρ
3487 1883 3728 1939 ἀπολλυ-

426 1983 713 2055 ριόΙη-ἰυιη
746 1983 1029 2039 daemones
1059 1981 1191 2037 olim
1225 1980 1620 2037 conculcantes
1640 1994 1749 2034 me.
1785 1977 1889 2034 Per
1918 1978 2026 2034 mi-

2131 1984 2328 2053 μένους
2364 1985 2540 2055 ἡμᾶς,
2577 1983 2978 2056 ὲνηνθρώπησε
3012 1999 3026 2014 ⁸
3079 1983 3175 2037 καὶ
3229 1980 3397 2044 αὐτὸς
3451 1979 3680 2050 εἴρηκεν
3708 1994 3723 2008 °

427 2075 795 2130 sericordiam
858 2090 1017 2144 vero,
1067 2081 1121 2130 et
1169 2074 1459 2129 veritatem
1498 2070 2028 2127 consubstantialem

2131 2074 2272 2145 Ἐγώ
2293 2078 2411 2147 ειμι
2444 2078 2483 2147 ἡ
2519 2077 2797 2145 ἀλήθεια.
2832 2077 2909 2147 (3)
2942 2077 3055 2132 Καὶ
3109 2077 3144 2147 ὴ
3201 2073 3452 2147 σημασεα
3512 2072 3570 2126 δὲ
3626 2070 3731 2140 τῆς

427 2164 628 2222 Filium
684 2166 947 2239 intelligo.
1005 2167 1262 2223 Misertus
1325 2165 1473 2221 enim
1536 2162 1717 2219 nostri
1756 2170 1862 2226 est,
1902 2176 2028 2218 cum

2131 2168 2513 2241 δικαιοσύνης,
2548 2170 2625 2234 ὡς
2654 2169 2826 2243 φησὶν
2851 2171 2880 2223 ό
2918 2165 3562 2238 Ἀπόστολος,ὲγεννήθη
3596 2165 3732 2237 ἡμῖν

430 2258 632 2328 perditi
665 2274 916 2316 essemus
961 2276 975 2315 :
1008 2268 1062 2315 et
1090 2267 1376 2328 assumpta
1412 2257 1655 2312 humana
1687 2262 1892 2311 natura
1916 2269 2022 2309 no-

2133 2261 2301 2330 σοφξα
2332 2261 2444 2317 ἀπὸ
2472 2262 2980 2334 Θεοῢ,δικαιοσύνη
3016 2279 3098 2327 τε,
3133 2262 3232 2317 καὶ
3292 2258 3597 2330 ἁγιασμὸς.
3636 2255 3734 2311 καὶ

422 2361 569 2417 ειη,
592 2351 733 2407 dixit
764 2369 778 2406 :
811 2350 925 2423 Ego
945 2368 1066 2407 sum
1085 2352 1280 2406 veritas
1303 2350 1347 2382 ¹¹¹
1380 2366 1395 2416 ;
1424 2347 1695 2420 quietiam
1724 2345 2030 2419 aliquando

2132 2354 2542 2428 ἀπολύτρωσις.
2566 2357 2857 2429 Σκύμνους
2885 2351 2982 2412 οὖν
3007 2353 3295 2411 κάνταῦθα
3324 2353 3439 2407 νόει
3465 2353 3592 2414 τοὶς
3613 2348 3734 2404 δαί-

418 2444 642 2511 justitia
672 2445 1000 2516 appellatur.
1038 2441 1161 2514 Ipse
1188 2442 1364 2505 etaim,
1394 2441 1659 2512 utiuquit
1698 2439 2018 2511 Apostolus,
2136 2462 2330 2516 μονοις.

422 2535 603 2609 [actus
625 2543 703 2591 est
733 2514 882 2591 nobis
909 2536 1171 2606 sapientia
1206 2550 1239 2587 a
1271 2533 1400 2599 Deo,
1437 2543 1484 2587 et
1509 2532 1754 2603 justitia,
1792 2540 1842 2586 et
1885 2514 2264 2605 sanctiﬁcatio,
2299 2552 2347 2597 et
2380 2545 2670 2611 redemptio
2694 2546 2760 2599 ι’.
2793 2543 2858 2599 Et
2887 2542 3043 2614 juxta
3077 2543 3221 2598 hunc
3252 2556 3476 2599 sensum
3502 2553 3599 2609 per
3631 2548 3726 2592 ca-
3838 2514 3841 2517 l

432 2629 577 2684 tulos
612 2628 857 2690 leonum,
892 2626 1044 2697 ipsos
1074 2625 1352 2681 daemones
1386 2623 1651 2693 intelligo.

503 2722 746 2776 Dormivi
776 2719 1149 2774 conturbatus.
1188 2718 1424 2786 Quando
1471 2718 1734 2774 nimirum
1791 2717 1922 2774 Saul
1972 2729 2028 2774 et

420 2817 667 2872 comites
731 2813 854 2884 ejus
913 2812 1149 2885 ingressi
1199 2820 1329 2868 sunt
1362 2812 1416 2868 in
1475 2812 1818 2883 speluncam.
1870 2810 2030 2868 Tunc

429 2907 577 2962 enim
629 2906 917 2977 paululum
969 2904 1336 2971 dormiebam,
1371 2903 1467 2960 sed
1509 2920 1622 2977 prae
1654 2919 1873 2959 summo
1909 2914 2030 2961 tur-

434 3000 595 3054 batus
645 3014 771 3052 sum
813 2997 1082 3070 periculo,
1126 2997 1273 3068 quod
1336 2996 1473 3052 mihi
1538 2995 1786 3068 undique
1846 2996 2031 3052 immi-

432 3092 624 3149 nebat.

506 3184 641 3239 Filii
676 3184 968 3252 hominum,
1005 3182 1188 3238 dentes
1217 3199 1398 3238 eorum
1428 3199 1580 3237 arma
1630 3191 1680 3239 et
1708 3184 1942 3254 sagittae,
1969 3191 2021 3236 et

2219 2734 2593 2806 Ἔκοιμήθην
2619 2732 3084 2804 τεταραγμένος.
3124 2731 3258 2783 Ὅτε
3288 2727 3346 2781 ὲν
3368 2724 3447 2791 τῷ
3468 2721 3723 2792 σπηλαίῳ

2133 2828 2465 2900 ἐπεισῆλθον
2489 2829 2688 2897 οἱπερὶ
2722 2828 2812 2883 τὸν
2844 2825 3021 2881 Σαούλ
3043 2842 3060 2856 ·
3094 2819 3403 2892 ὲκοιμήθην
3418 2816 3526 2889 γὰρ
3556 2812 3728 2868 ὕπνον

2132 2922 2355 2995 μικρὸν,
2400 2922 2537 2977 ἀλλὰ
2563 2919 2997 2992 τεταραγμένον,
3029 2918 3135 2971 ὑπὸ
3159 2914 3256 2970 τοῦ
3289 2907 3731 2985 περιστοιχίσαν-

2131 3014 2223 3078 τός
2251 3031 2320 3085 με
2340 3013 2613 3070 κινδύνου.
3726 3004 3731 3007 ’

2204 3187 2282 3248 Ὦ
2301 3191 2419 3249 υἱοὶ
2448 3190 2569 3245 τῶν
2589 3189 2939 3260 ἀνθρώπων,
2968 3191 3023 3244 οἱ
3041 3187 3286 3253 ὀδόντες
3310 3181 3533 3249 αὐτῶν,
3575 3181 3655 3235 ὄπ
3671 3182 3738 3232 1a

433 3276 618 3344 lingua
642 3292 825 3329 eorum
856 3273 1069 3345 gladius
1104 3282 1315 3329 acutus.
1369 3273 1412 3329 Ο
1446 3272 1541 3327 lilii
1581 3274 1891 3339 hominum,
1943 3274 2028 3328 in»

2136 3284 2234 3338 καὶ
2256 3282 2419 3353 ,ϐέλη
2454 3300 2467 3313 ’
2492 3283 2592 3338 καὶ
2625 3283 2664 3351 ἡ
2697 3281 2954 3354 γλῶσσα
2986 3281 3210 3343 αὐτῶν,
3255 3276 3522 3349 μάχαιρα
3545 3271 3733 3339 ὀξεῖα·

432 3368 575 3439 quit,
609 3368 816 3425 audite.
859 3365 1063 3422 entes
1095 3366 1244 3421 enim
1263 3381 1481 3430 eorum,
1516 3367 1609 3436 qui
1645 3366 1781 3422 mihi
1816 3366 2031 3424 scilicet

434 3474 545 3515 non
578 3473 762 3525 secus,
783 3473 849 3514 ac
881 3456 1011 3513 ferae
1037 3457 1287 3528 quaedam
1314 3458 1672 3524 insidiantur,
1706 3474 1860 3514 arma
1879 3469 2032 3523 sunt,

435 3562 495 3609 et
538 3551 772 3623 sagittie,
824 3560 880 3607 et
924 3565 1048 3622 quae
1080 3559 1414 3621 sequuntur.
1446 3549 1553 3606 Per
1590 3550 1788 3607 dentes
1818 3560 2033 3616 autem,

435 3653 492 3701 et
518 3658 615 3713 per
643 3644 910 3715 linguam.
945 3657 1139 3698 eorum
1167 3657 1453 3700 sermones
1492 3642 1849 3714 signiﬁcavit,
1904 3644 2035 3714 quia

437 3735 736 3792 calumniis
808 3742 864 3791 et
936 3734 1148 3791 dolosis
1206 3734 1542 3807 quibusdam
1596 3735 2036 3793 detractionibus

433 3831 747 3896 vulnerant,
767 3840 818 3885 et
843 3828 1137 3903 [quantum
1171 3830 1296 3887 inse
1321 3828 1428 3901 est]
1469 3830 1821 3885 interimunt.
1867 3832 2036 3885 Arma

434 3933 619 3980 autem
647 3923 736 3978 hic
762 3937 825 3979 ea
852 3938 961 3977 non
996 3921 1154 3985 dicit,
1184 3936 1310 3993 qua:
1327 3921 1609 3989 servandi,
1645 3922 1742 3978 sed
1784 3938 1907 3993 qua:
1937 3923 2034 3980 lae-

437 4017 600 4072 dcndi
631 4030 800 4072 eausa
823 4013 1169 4071 deferuntur.

512 4107 679 4166 Vsus.
727 4107 783 4165 6.
812 4106 1104 4164 Ezsultare
1143 4125 1302 4177 super
1359 4108 1536 4174 catos,
1561 4109 1724 4177 Deus,
1792 4122 1842 4167 et
1878 4128 2039 4183 super

435 4218 641 4257 munem
677 4212 877 4258 terram
923 4201 1102 4272 gloria
1162 4211 1274 4260 tua.
1305 4201 1376 4259 Ut
1414 4203 1689 4270 sublimis,
1722 4212 1776 4260 et
1838 4219 2036 4276 super-

438 4293 688 4352 etnlestis
719 4294 789 4350 ab
837 4294 1097 4350 onmibus
1131 4296 1510 4364 cognoscaris,
1545 4297 1641 4367 qui
1674 4305 1726 4357 te
1766 4297 2036 4354 hactenus

440 4402 548 4441 nou
573 4394 873 4453 noverunt,
909 4395 964 4443 et
1004 4386 1416 4457 magniﬁcentia
1452 4400 1543 4445 tua
1591 4406 1687 4459 per
1722 4391 2032 4447 universam

416 4478 757 4550 ,divulgetur
787 4489 1017 4544 terram,
1052 4489 1347 4550 postquam
1393 4492 1502 4537 tam
1545 4484 1867 4539 admiranda
1899 4500 2035 4555 ope-

439 4569 608 4623 raris.
645 4567 882 4634 Quidam
929 4583 1245 4624 sermonem
1304 4568 1457 4625 hunc
1501 4570 1569 4627 ad
1609 4571 1891 4628 Christum
1940 4588 2032 4628 re-

2137 3371 2211 3431 Ὦ
2236 3377 2347 3430 υἱοὶ
2380 3376 2710 3448 ἀνθρώπων,
2743 3374 3019 3430 ἀκούσατε
3040 3391 3054 3406 ·
3102 3374 3154 3427 οἱ
3205 3371 3424 3433 ὀδόντες
3467 3366 3580 3423 τῶν
3613 3369 3735 3418 ὲπι-

2138 3468 2514 3524 ϐουλευόντων
2542 3486 2657 3540 μοι,
2676 3468 2835 3539 δίκην
2859 3466 3091 3538 θηρίων,
3119 3464 3263 3520 ὅπλα
3292 3461 3389 3517 καὶ
3445 3460 3599 3532 βέλη,
3637 3457 3736 3511 καὶ

2138 3561 2208 3616 τὰ
2238 3560 2388 3631 ἑξῆς.
2424 3560 2525 3614 Διά
2544 3560 2602 3615 δὲ
2625 3560 2737 3613 τῶν
2771 3560 3003 3614 ὀδόντων
3030 3559 3128 3613 καὶ
3167 3556 3269 3627 τῆς
3301 3553 3574 3625 γλώττης,
3604 3550 3735 3612 τοὺς

2139 3653 2336 3723 λόγους
2364 3652 2551 3708 αὐτῶν
2574 3652 2868 3724 ἐδήλωσεν,
2888 3652 2972 3705 ὅτι
3010 3652 3135 3715 ταῖς
3160 3647 3441 3710 διαϐολαῖς
3485 3645 3580 3699 καὶ
3634 3659 3732 3695 συ-

2140 3747 2366 3810 σκευαῖς
2392 3745 2504 3800 τῶν
2532 3746 2701 3800 δόλων
2724 3746 3117 3817 τιτρώσκουσι,
3158 3744 3256 3796 καὶ
3282 3741 3346 3795 τὸ
3393 3738 3482 3793 ἐπ’
3518 3737 3729 3797 αὐτοῖς.

2138 3839 2457 3910 ἀναιροῦσιν
2490 3855 2506 3871 ’
2539 3840 2684 3893 ὅπλα
2708 3838 2768 3894 δὲ
2811 3837 2931 3905 νῦν,
2960 3837 3025 3892 οὗ
3068 3837 3137 3892 τὰ
3201 3831 3540 3907 φυλακτικὰ,
3590 3825 3732 3885 ἀλλὰ

2137 3931 2399 4006 αἱρετικά
2420 3949 2610 4004 φησιν.

2222 4113 2514 4186 Ὑψὼθητι
2535 4113 2643 4167 ἐπὶ
2664 4113 2808 4181 τοὺς
2836 4109 3159 4181 οὐρανοὺς,
3185 4109 3215 4162 ὁ
3248 4107 3416 4171 Θεὸς,
3469 4103 3567 4157 καὶ
3628 4099 3732 4154 ἐπὶ

2138 4207 2349 4265 πᾶσαν
2373 4208 2490 4277 τὴν
2538 4205 2658 4276 γῆν
2690 4208 2729 4275 ἠ
2770 4205 2922 4271 δόξα
2952 4219 3094 4258 σου.
3133 4199 3370 4272 ’Υψηλδς
3426 4197 3525 4252 καὶ
3561 4194 3733 4249 Emu-

2142 4300 2329 4371 ράνιος
2351 4297 2689 4369 γνωρίσθητι
2714 4296 2808 4350 καὶ
2837 4298 2951 4359 τοῖς
2982 4296 3057 4365 μὴ
3091 4291 3262 4346 εἰδόσι
3313 4306 3397 4355 σε,
3454 4287 3553 4342 καὶ
3599 4286 3732 4356 δρα-

2142 4395 2293 4467 μέτω
2326 4392 2421 4447 ἐπὶ
2444 4393 2629 4446 πᾶσαν
2654 4389 2756 4460 τὴν
2786 4387 2894 4459 γῆν
2924 4390 2958 4458 ἠ
2996 4384 3360 4458 μεγαλειότης
3396 4399 3514 4444 σου,
3574 4371 3735 4433 δι’ὧν

2137 4488 2533 4560 τερατουργεϊς
2565 4483 2710 4537 οὕτω
2747 4481 3054 4552 παράδοξα.
3089 4480 3247 4543 Τινὲς
3278 4476 3336 4530 δὲ
3367 4472 3614 4545 καὶπρὸς
3638 4470 3735 4523 τὸν

2142 4579 2382 4653 Χριστὸν
2415 4576 2831 4647 ἀποστρέφουσι
2865 4572 2960 4627 τὸν
3007 4572 3191 4641 λόγον,
3239 4571 3325 4625 ὅτι
3370 4566 3610 4637 Τελέσας
3668 4561 3734 4615 τὸ

438 4657 570 4711 ferri
602 4666 819 4726 putant,
884 4667 945 4713 ut
998 4659 1072 4714 sit
1126 4675 1327 4716 sensus
1357 4676 1384 4713 ε·
1420 4660 1720 4733 Postquam
1774 4664 2030 4720 incarna-

2142 4632 2449 4745 poosﬁptov
2496 4632 3127 4743 cﬁdédavﬂpwrrﬁcewe,
3176 4632 3388 4734 ’ἀνέσης
3446 4634 3613 4714 πάλιν
3652 4632 3751 4718 εἰς’

440 4750 606 4805 tionis
684 4749 966 4820 perfecisti
1045 4753 1412 4824 mysterium,
1463 4765 1635 4812 restat
1698 4765 1760 4813 ut
1835 4774 2032 4815 rursus

443 4844 573 4898 illuc
607 4843 661 4898 in
700 4844 902 4899 cmlum
956 4844 1249 4912 ascendas,
1301 4846 1445 4903 unde
1505 4844 1841 4905 descendisti
1879 4867 1895 4906 :
1930 4850 2033 4907 ho-

439 4949 649 5006 norque
679 4949 745 4990 ac
791 4934 965 5005 gloria
1015 4944 1105 4990 tua
1152 4951 1249 5007 per
1266 4943 1436 4994 totam
1470 4939 1892 5009 percrebrescat
1920 4952 2031 4998 tero

438 5043 575 5084 ram.

514 5121 681 5177 Vsus.
721 5121 776 5177 7.
821 5121 1088 5191 Laqueum
1134 5135 1457 5190 paraverunt
1485 5126 1709 5192 pedibus
1771 5128 1925 5190 meis,
1981 5139 2031 5183 et
2092 5122 2111 5135 ’

441 5218 853 5272 incursaverant
905 5216 1142 5269 animum
1198 5232 1391 5272 meam.
1446 5215 1697 5288 Laqueos
1735 5220 2034 5291 quosdam,

440 5310 644 5378 inquit,
699 5324 762 5364 ac
819 5308 1028 5379 plagas,
1092 5306 1226 5362 mihi
1287 5320 1580 5366 venatores
1643 5320 2032 5379 contexerunt,

442 5402 647 5470 quibus
678 5399 1137 5457 artiﬁciosissime
1156 5399 1445 5469 dispositis
1465 5402 1911 5461 liumiliaverunL
1924 5421 2033 5462 me.

443 5495 770 5566 Huiusmodi
814 5502 1000 5548 autem
1041 5494 1224 5550 verbis
1274 5494 1609 5564 multiplices
1674 5498 2029 5554 inimicorum

442 5587 672 5643 insidias
711 5586 1005 5657 signiﬁcat.

521 5698 565 5733 ¹³
583 5699 743 5757 Joan.
764 5717 875 5765 xxv,
894 5702 949 5758 6.
1029 5702 1071 5736 ¹⁹
1100 5699 1120 5754 1
1146 5702 1276 5757 Cor.
1309 5719 1353 5768 ι,
1371 5703 1461 5759 30.

2145 4736 2436 4834 οὐρανοὺς,
2470 4736 2664 4831 ἀφλῶν
2689 4736 3093 4830 κατελήλυθας,
3132 4755 3228 4811 καὶ
3254 4753 3353 4808 ἐπὶ
3397 4752 3505 4823 γῆν
3551 4749 3766 4845 πᾰίσανι

2145 4856 2378 4911 ὁδευέτω
2403 4856 2436 4926 ἡ
2463 4854 2598 4926 τιμή
2622 4870 2743 4907 σου.

2213 5124 2444 5193 Παγίδα
2473 5124 2819 5193 ἡτοίμασαν
2846 5122 2974 5187 τοῖς
3008 5118 3161 5173 ποσί
3205 5135 3347 5189 μου,
3406 5113 3509 5171 καὶ
3556 5109 3733 5168 κατέ-

2133 5222 2387 5291 καμψαν
2408 5219 2524 5288 τὴν
2556 5217 2770 5288 ψυχήν
2793 5234 2936 5287 μου.
2967 5214 3230 5287 Θήρατρά
3281 5229 3373 5284 μοι
3426 5205 3731 5265 κατεσκεύο

2138 5332 2302 5376 ασαν,
2335 5313 2433 5367 καὶ
2458 5311 2841 5366 ἐταπείνωσαν
2880 5328 2950 5382 με
2973 5325 2989 5341 ο
3023 5308 3174 5380 λέγει
3224 5306 3284 5362 δὲ
3316 5305 3419 5370 τάς
3469 5302 3727 5367 ποικίλας

2138 5406 2458 5470 ὲπιὸουλάς.

1776 5792 1977 5854 Venite
2008 5791 2339 5855 lectiones.

521 5887 601 5962 (3)
629 5893 830 5947 ΔΗίαὶ
851 5891 994 5947 κατὰ
1021 5891 1123 5963 τὴν
1147 5894 1427 5965 σημασξαν
1459 5895 1515 5948 δὲ
1534 5894 1633 5965 τῆς
1654 5893 2026 5966 δικαιοσύνης,
2061 5891 2137 5958 ὥς
2176 5909 2344 5965 φησιν
2375 5890 2562 5956 αὐτός.
