4120 6452
449 384 557 449 597

1611 375 2004 438 COMMENT.
2049 375 2130 436 IN
2177 378 2306 437 PSA
2318 380 2538 441 LMOS'.

3625 374 3757 440 598'

523 491 793 564 Ὠρυξαν
826 492 940 560 πρὸ
965 488 1292 559 προσώπου
1317 504 1440 562 μου
1459 485 1711 553 βόθρον,
1739 485 1839 538 καὶ
1903 484 2034 540 ἐνέ-

2217 488 2491 544 Foderunt
2521 500 2643 545 ante
2668 490 2860 562 faciem
2896 505 3066 544 meum
3098 488 3329 559 foueam,
3363 487 3740 543 etinciderunt

449 601 648 643 πεσον
678 589 767 651 εις
796 585 1007 639 αὐτόν.
1035 580 1378 652 Εὐτρέπισαν
1396 579 1712 651 ἔμπροσθέν
1733 596 1836 649 μου
1860 579 2045 632 κίνδυ-

449 703 542 740 νον
566 699 580 714 °
616 683 879 738 ἐνέπεσον
908 680 965 733 δὲ
998 681 1174 733 αὐτοί.
1212 679 1359 749 Ἐγὼ
1389 678 1491 750 μὲν
1525 676 1637 748 γὰρ
1677 674 1866 730 θεόθεν
1916 695 2044 731 σκε-

450 779 706 845 πασθεὶς,
737 778 994 846 διέφυγον
1021 774 1268 847 ἀϐλαϐής
1289 792 1303 806 ·
1344 775 1502 832 αὐτοὶ
1543 774 1602 829 δὲ
1636 772 2042 839 ἐκινδύνευσαν,

449 879 512 930 ὲν
537 877 660 939 ταῖς
690 873 850 946 χερσί
887 891 990 944 μου
1017 872 1329 943 γενόμενοι.

532 969 776 1044 Ἑτοίμη
807 968 847 1035 ἡ
878 966 1094 1035 καρδία
1104 983 1245 1035 μου,
1267 966 1306 1020 ό
1334 962 1502 1030 Θεὸς,
1535 962 1740 1031 ἑτοίμη
1767 961 1806 1030 ἡ
1829 959 2045 1030 καρδιά

445 1081 593 1132 μου.
630 1060 894 1130 ’Έτοιμός
917 1061 1037 1129 εἰμι
1069 1057 1163 1112 τοῦ
1191 1055 1385 1110 λοιποῦ
1431 1053 1568 1123 πρὸς
1621 1054 1748 1118 τοὺς
1811 1053 2043 1124 ἐπερχο-

454 1158 660 1226 μένους
693 1154 1064 1227 πειρασμοὺς,
1090 1154 1150 1207 σὲ
1179 1149 1319 1222 ἔχων
1363 1149 1742 1220 ἀντίληπτορα
1762 1163 1776 1177 ·
1841 1144 1875 1216 ἢ
1908 1145 2046 1217 πρὸς

448 1253 523 1305 τὰ
558 1251 629 1305 σὰ
652 1248 961 1319 θελήματα,
992 1246 1026 1320 ἢ
1066 1247 1205 1318 πρὸς
1233 1240 1386 1299 αῒνόν
1419 1261 1537 1298 σου.

527 1511 808 1582 ’ᾼσομαι,
844 1509 943 1564 καὶ
975 1507 1154 1578 ψαλῶ
1185 1508 1252 1562 ἐν
1279 1507 1357 1576 τῇ
1391 1507 1545 1575 δόξῃ
1580 1520 1720 1560 σου.
1751 1505 1887 1575 Περὶ
1949 1503 2044 1558 τοῦ

455 1603 720 1671 ’ᾼσομαι
752 1601 846 1654 καὶ
883 1598 1088 1662 Ψαλῶ,
1124 1599 1383 1662 πολλάκις
1417 1598 1725 1669 εἰρήκαμεν
1757 1613 1771 1628 °
1804 1596 1962 1664 δόξαν
1988 1596 2044 1652 δὲ

451 1689 652 1755 αὑτοῦ,
682 1690 845 1746 καλεῖ
875 1689 972 1744 sint
1007 1690 1244 1752 σύνεσιν,
1276 1689 1344 1743 δι’
1367 1682 1435 1761 ἧς
1469 1688 1772 1757 ἐδοξάζετο.

2149 579 2204 633 in
2266 597 2407 635 eam.
2471 578 2808 634 Struxerunt
2895 586 3023 634 ante
3105 593 3191 634 me
3263 577 3592 648 periculum,
3682 578 3738 632 In

2147 673 2291 741 quod
2345 671 2446 743 ipsi
2492 671 2821 726 inciderunt.
2872 672 2987 743 Ego
3041 671 3242 732 etenim
3303 670 3454 728 evasi
3511 669 3738 736 illa-sus,

2150 767 2227 822 illi
2264 780 2394 821 vero
2437 765 2734 836 periclitati
2766 771 2920 828 sunt,
2964 764 3094 819 dum
3141 774 3331 822 essent
3375 764 3429 818 in
3486 764 3740 818 manibus

2151 861 2310 916 Inois.

2221 953 2390 1010 Vsus.
2418 953 2470 1008 8.
2500 953 2762 1008 Paratum
2791 969 2881 1007 cor
2930 970 3128 1017 meum,
3153 952 3318 1015 Deus,
3355 961 3608 1022 paratum
3647 966 3742 1004 cor

2150 1061 2346 1101 meum.
2393 1044 2689 1114 Promptus
2740 1060 2862 1099 sum
2919 1060 3041 1114 ego,
3095 1044 3294 1113 inquit,
3371 1043 3620 1114 posthac,
3680 1050 3739 1096 ut

2149 1139 2419 1194 adversus
2441 1153 2636 1194 omnes
2670 1138 2925 1193 resistam
2961 1138 3320 1203 insurgentes
3349 1135 3403 1188 in
3438 1149 3524 1188 me
3559 1141 3740 1188 tenta«

2151 1233 2352 1296 tiones,
2393 1247 2515 1287 cum
2548 1240 2598 1288 te
2631 1232 2765 1286 mihi
2787 1231 3136 1287 defensorem
3194 1229 3462 1295 habeam;
3497 1227 3605 1294 vel,
3659 1226 3740 1281 Ad

2149 1322 2368 1378 laudem
2401 1333 2549 1377 tuam
2566 1333 2794 1392 paratus
2815 1338 2960 1384 smn,
2988 1329 3080 1375 aut
3114 1320 3178 1375 ad
3216 1319 3551 1382 voluntatem
3590 1327 3742 1371 tuam

2151 1411 2556 1483 perferendam.

2215 1507 2457 1562 Cantan
2494 1519 2539 1562 et
2572 1507 2803 1576 psallunt
2847 1507 2903 1559 in
2939 1505 3115 1576 gloria
3165 1512 3280 1556 tua.
3323 1500 3397 1554 De
3433 1500 3521 1554 his
3565 1497 3747 1554 verbis

2147 1601 2322 1672 psallo
2350 1611 2399 1655 et
2417 1610 2572 1655 canto
2597 1600 2710 1670 j'tm
2741 1614 2885 1669 smpe
2909 1598 3040 1652 alibi
3076 1595 3340 1650 diximus.
3379 1591 3483 1646 Per
3511 1589 3744 1662 gloriam

2149 1702 2333 1750 autem
2385 1708 2564 1756 suam,
2593 1692 2872 1766 propriam
2907 1689 3165 1760 intelligit
3213 1685 3594 1759 prudentiam,
3617 1697 3748 1754 pro-

2187 1797 2270 1844 ter
2304 1802 2470 1857 quam
2501 1795 2789 1856 tantopere
2810 1784 2952 1854 apud
2985 1798 3173 1840 omnes
3201 1779 3427 1835 claruit.

540 1867 939 1936 Ἐξεγέρθητι,
994 1865 1032 1934 ἡ
1089 1865 1243 1932 δόξα
1309 1885 1447 1934 μου.
1515 1865 1686 1931 Δόξαν
1751 1859 1931 1932 αὖθις,
1983 1866 2044 1920 τὸ

2160 1803 2270 1860 pter
2304 1803 2470 1857 quam
2501 1803 2789 1856 tantopere
2810 1803 2952 1854 apuu
2985 1803 3173 1840 omnes
3201 1803 3427 1835 Clarult.

2221 1877 2386 1931 Vens.
2417 1878 2472 1934 9.
2492 1876 2758 1946 Exsurge,
2784 1875 2954 1945 gloria
2986 1891 3123 1929 mea.
3154 1872 3258 1926 Per
3292 1869 3524 1942 gloriam
3554 1881 3762 1924 rursus.

452 1957 837 2026 πνευματικὸν
867 1957 1131 2028 ὀνομάζει
1165 1958 1436 2029 χάρισμα.

538 2047 930 2117 Ἐξεγέρθητι,
962 2048 1306 2118 ψαλτήριον
1336 2049 1434 2106 καὶ
1458 2051 1691 2120 κιθάρα.
1724 2050 2047 2121 Ψαλτήριον

454 2141 562 2209 μὲν
583 2139 756 2209 λέγει,
793 2139 892 2212 τὴν
924 2140 1107 2211 ψυχήν
1133 2157 1147 2172 ο
1177 2140 1413 2212 κιθάραν
1442 2141 1498 2196 δὲ
1538 2141 1601 2197 τὸ
1649 2140 1829 2212 σῶμα,
1895 2142 1961 2197 δι’
1982 2139 2048 2207 ἃς

454 2231 670 2296 αἰτίας,
708 2231 1081 2302 προλαϐόντες
1109 2232 1540 2302 ἀποδεδώκαμεν
1558 2234 1616 2288 ὲν
1669 2235 1750 2307 τῷ
1797 2233 1898 2306 λβ’,
1951 2238 2048 2290 καὶ

465 2327 525 2378 ὲν
554 2324 634 2396 τῷ
671 2323 784 2395 μβ’,
818 2325 916 2380 καὶ
951 2327 1009 2379 ὲν
1042 2326 1121 2398 τῷ
1153 2325 1267 2396 μη⁹.
1302 2326 1576 2400 Διεγείρει
1611 2327 1670 2382 δὲ
1701 2329 1896 2384 ἑαυτὸν
1928 2329 2050 2383 ὅλον

471 2419 546 2480 εἰς
569 2416 741 2488 ὕμνον
780 2417 940 2484 Θεοῦ,
969 2418 1056 2472 ἵνα
1082 2419 1178 2472 καὶ
1221 2420 1517 2492 πνεῦματι,
1570 2422 1663 2476 καὶ
1710 2421 1877 2495 ψυχῇ,
1956 2425 2053 2479 καὶ

469 2509 703 2580 σώματι,
733 2509 956 2584 ὑμνήσῃ
991 2512 1083 2566 τὸν
1111 2512 1449 2585 Εὐεργέτην.

540 2605 1045 2677 Ἔξεγερθήσομαι
1077 2605 1311 2676 ὄρθρου.
1351 2607 1595 2679 Ταχέως.

539 2696 1106 2769 Ἐξομολογήσομαι
1135 2713 1234 2753 σοι
1263 2699 1334 2752 ἐν
1368 2698 1563 2766 λαοῖς,
1621 2699 1820 2768 Κύριε,
1877 2704 2055 2770 ψαλὼ

448 2809 557 2846 σοι
582 2793 655 2846 ἐν
683 2793 951 2849 ἔθνεσιν.
993 2822 1062 2835 -
1111 2793 1710 2864 Ἐξομολογήσομαι,
1777 2797 1899 2850 ἀντὶ
1959 2798 2054 2852 τοῦ

452 2885 896 2954 Εὐχάριστήσωο
930 2884 1080 2948 λαοῖς
1134 2885 1215 2947 δὲ,
1277 2885 1391 2946 τοῖς
1464 2885 1766 2950 Ἰουδαίοις.
1824 2888 1935 2940 Καὶ
1989 2889 2051 2941 ὲν

448 2978 569 3039 τοῖς
615 2977 896 3041 ’ῐουδαέοις
926 2978 1060 3048 γάρ,
1102 2978 1197 3030 καὶ
1225 2979 1280 3030 ἐν
1314 2980 1424 3042 τοῖς
1444 2977 1506 3042 ἐξ
1529 2976 1721 3044 ἐθνῶν,
1742 2980 2061 3052 εὐχαριστεῖ

455 3069 556 3123 καὶ
583 3068 777 3139 ψάλλει
811 3071 950 3142 Θεῷ.

2149 1970 2662 2040 spiritualetlonum
2715 1969 2992 2039 intelligit.

2223 2063 2486 2135 Exsurge,
2523 2063 2834 2132 psalterium
2877 2070 2924 2114 et
2965 2061 3191 2114 cithara.
3253 2057 3358 2112 Per
3419 2053 3743 2126 psalterium

2153 2159 2418 2223 animam,
2461 2173 2558 2228 per
2592 2158 2864 2212 citharam
2902 2171 3034 2210 vero
3064 2169 3278 2226 corpus
3304 2153 3486 2225 ipsum
3541 2149 3750 2206 intelli-

2153 2233 2366 2321 giti;iis
2393 2248 2660 2304 nimirum
2711 2247 3049 2308 rationib-us,
3092 2261 3232 2317 quas
3267 2248 3322 2299 in
3375 2258 3554 2307 χχιιι,
3611 2256 3748 2303 xm.

2153 2350 2206 2397 et
2233 2355 2394 2394 XLVIII
2431 2339 2646 2411 psalmo
2669 2339 3022 2394 tradidimus.
3067 2338 3287 2393 Excitat.
3311 2335 3746 2403 au—temseipsum

2157 2433 2434 2504 Propheta
2474 2431 2542 2487 ad
2567 2430 2662 2487 Dei
2688 2431 2904 2497 laudes,
2945 2439 3004 2486 ut
3042 2431 3266 2501 spiritu,
3301 2431 3504 2494 anima,
3531 2442 3595 2483 ac
3627 2441 3761 2482 cor—-

2157 2542 2287 2596 pore
2344 2525 2934 2582 benefactoremsuum
2969 2524 3177 2579 laudet.

2244 2621 2543 2692 Exsurgam
2566 2619 2826 2674 diluculo.
2848 2617 2972 2674 Cito
2999 2618 3282 2673 nimirum.

2234 2713 2399 2770 Vsus.
2469 2714 2551 2768 IO.
2595 2711 2900 2782 Conﬁtebor
2951 2711 3048 2766 tibi
3100 2712 3155 2766 in
3225 2709 3454 2780 populis.
3503 2707 3749 2775 Domine,

2157 2807 2388 2878 psallam
2422 2808 2518 2862 tibi
2549 2807 2603 2862 in
2631 2807 2896 2878 gentibus.
2926 2804 3264 2869 Conﬁtebor,
3293 2805 3398 2859 hoc
3421 2811 3526 2866 est,
3547 2801 3770 2872 gratias.-

2161 2916 2340 2971 agam.
2377 2899 2442 2955 In
2467 2899 2698 2971 populis,
2734 2899 2839 2954 hoc
2868 2905 2977 2964 est,
3016 2899 3160 2952 inter
3186 2894 3432 2950 Judaros.
3482 2892 3629 2947 Inter
3653 2888 3753 2945 Ju-

2161 2992 2310 3047 daaos
2360 2991 2588 3054 etenim,
2613 2999 2778 3060 atque
2803 2988 2946 3044 inter
2977 2995 3170 3057 gentes
3203 2987 3398 3042 beatus
3435 2982 3603 3039 David
3627 2999 3756 3054 gra-

2165 3086 2270 3140 tias
2301 3099 2518 3153 semper
2546 3083 2850 3152 agitatque
2877 3079 3064 3151 psallit
3093 3079 3224 3134 Deo.

535 3163 658 3216 Ὅτι
687 3163 1066 3233 ἐμεγαλύνθη
1098 3164 1210 3232 ἕως
1264 3165 1385 3225 τῶν
1429 3167 1705 3237 οἰιρανῶν
1757 3168 1823 3222 τὸ
1877 3170 2052 3236 ἔλεός

2236 3176 2406 3234 Vens.
2434 3177 2522 3230 Η.
2559 3172 2827 3240 Quoniam
2847 3173 3198 3245 magniﬁcam
3231 3181 3308 3225 est
3345 3186 3510 3240 usque
3545 3169 3614 3223 ad
3645 3185 3752 3223 rae-

451 3270 597 3321 σου,
646 3258 743 3311 καὶ
770 3257 880 3325 ἕως
909 3257 1029 3312 τῶν
1057 3257 1334 3328 νεφελῶν
1358 3261 1396 3330 ἠ
1428 3260 1684 3329 ἀλήθειά
1706 3276 1844 3317 σου.
1866 3261 2054 3317 Ταῦτα

455 3347 619 3405 εἶπεν
653 3351 748 3406 καὶ
783 3353 843 3406 ὲν
883 3352 960 3424 τῷ
986 3351 1061 3405 λε’
1107 3355 1202 3406 καὶ
1263 3352 1420 3425 ζήτει
1450 3356 1568 3409 ἐκεῖ
1606 3354 1705 3428 τὴν
1765 3355 2048 3428 ἐξήγησιν.

457 3443 625 3510 Λέγει
657 3442 736 3508 δὲ,
759 3443 840 3496 ὅτι
873 3444 1016 3498 Πολὺ
1075 3445 1172 3499 καὶ
1263 3446 1469 3518 ὑψηλὸν
1546 3447 1610 3501 τὸ
1696 3448 1848 3512 ἔλεός
1929 3466 2045 3516 σου,

457 3536 555 3588 καὶ
589 3537 620 3604 ἡ
658 3535 890 3605 ἀλήθειά
917 3554 1006 3591 σου
1035 3537 1110 3602 ὡς
1148 3538 1358 3611 διήκειν
1384 3539 1494 3594 ἀπὸ
1521 3539 1626 3612 γῆς
1661 3541 1824 3613 ἄχρις
1878 3541 2045 3614 οὖροι-

458 3627 556 3681 ·δοῦ
589 3629 685 3684 καὶ
711 3629 976 3702 νεφελῶν.
2022 3633 2028 3642 ”

571 3820 846 3888 Υψὼθητι
879 3818 980 3874 ἐπὶ
1006 3819 1150 3888 τοὺς
1180 3820 1506 3890 οὐρανοὺς,
1538 3824 1572 3877 ὁ
1619 3822 1787 3890 Θεὸς,
1837 3823 1935 3877 καὶ
1957 3822 2058 3876 ἐπὶ

457 3907 673 3966 πᾶσαν
701 3908 817 3976 τὴν
842 3909 961 3980 γῆν
995 3910 1032 3979 ή
1066 3910 1216 3975 δόξα
1245 3929 1385 3968 σου.
1419 3912 1555 3984 Περὶ
1589 3911 1824 3978 τούτων,
1857 3913 2058 3985 μικρὸν

459 3998 726 4070 ἀνωτέρω
755 3999 1096 4067 διελάὸομεν.

458 4117 510 4168 Ε
515 4115 572 4180 ις
592 4113 658 4168 τὸ
690 4114 889 4182 τέλος,
914 4115 1000 4184 μὴ
1033 4117 1404 4186 διαφθείρῃς,
1439 4117 1520 4183 τῷ
1571 4117 1753 4172 Audio
1785 4120 1871 4185 εὶς
1914 4136 2060 4186 στη-

1079 4189 1439 4258 λογφαερίαν.

1034 4283 1330 4338 ΨΔΛΜΟΣ
1369 4285 1494 4340 NZ'.

535 4372 691 4427 Μετὰ
722 4371 813 4426 τὸν
831 4373 937 4446 πρὸ
961 4375 1154 4429 τούτου
1186 4374 1404 4446 ψαλμὸν
1431 4376 1640 4449 ἔγραψε
1664 4379 1757 4431 τὸν
1788 4377 2056 4448 παρόντα,

2165 3269 2240 3322 los
2265 3265 2834 3331 misericordiatua,et
2867 3280 3028 3334 usque
3063 3263 3132 3317 ad
3188 3263 3348 3317 nubes
3380 3263 3578 3316 ueritas
3634 3270 3749 3314 tua.

2159 3359 2362 3414 Eadem
2397 3357 2510 3416 fere
2543 3357 2815 3412 habentur
2847 3355 3130 3427 inpsalmo
3153 3372 3318 3420 xxxv,
3352 3355 3424 3410 ibi
3462 3353 3751 3415 :Domine,

2156 3454 2209 3506 in
2241 3453 2370 3506 caelo
2396 3450 2764 3506 misericordia
2797 3458 2910 3516 tua,
2942 3460 2990 3504 et
3030 3449 3222 3504 ueritas
3252 3457 3343 3502 tua
3361 3463 3522 3518 usque
3559 3445 3627 3498 ad
3652 3462 3752 3498 nu—

2153 3547 2238 3599 bes
2276 3545 2410 3608 ;ubi
2444 3544 2587 3600 vide.
2627 3542 2850 3599 Multam
2898 3553 3082 3598 autem
3116 3556 3238 3599 esse
3276 3540 3410 3596 dicit
3458 3555 3522 3595 ac
3577 3539 3762 3594 subii--

2153 3651 2292 3690 mem
2320 3636 2605 3692 veritatem
2631 3650 2695 3689 ac
2719 3633 3158 3691 misericordiam
3193 3634 3306 3700 Dei,
3329 3636 3402 3688 ita
3435 3641 3492 3686 ut
3541 3647 3571 3687 a
3607 3640 3751 3686 terra

2153 3731 2218 3783 atl
2274 3730 2451 3786 nubes
2504 3738 2560 3782 et
2627 3728 2694 3783 ad
2741 3729 2918 3799 ipsum
2961 3730 3126 3783 etiam
3200 3727 3398 3784 omium
3457 3725 3749 3794 pertingat.

2237 3823 2401 3877 Vsus.
2454 3820 2539 3875 12.
2583 3820 2841 3874 Exaltare
2890 3837 3045 3888 super
3073 3819 3248 3880 cwlos,
3300 3818 3460 3883 Deus,
3493 3827 3544 3872 et
3598 3834 3756 3883 super

2163 3929 2369 3968 omnem
2403 3923 2600 3966 terram
2635 3911 2804 3981 gloria
2837 3919 2948 3964 tua.
2989 3909 3060 3964 De
3106 3909 3191 3963 his
3229 3908 3431 3962 dictum
3469 3915 3553 3961 est
3592 3906 3756 3974 paulo

2163 4008 2448 4077 superius.

2165 4121 2230 4176 In
2247 4123 2424 4192 ﬁnem,
2450 4137 2512 4174 ne
2531 4136 2880 4202 corrumpas.’
2899 4122 3001 4188 ipsi
3034 4120 3228 4184 David,
3272 4120 3502 4173 in'tituli
3555 4120 3753 4171 inseri-

2803 4201 3056 4258 pttonem.

2696 4281 3022 4340 PSALMUS
3075 4280 3237 4336 LVII.

2241 4379 2499 4448 Ejusdem
2527 4389 2609 4434 est
2639 4379 2730 4433 hic
2763 4377 3010 4447 psalmus
3061 4376 3394 4444 argumenti.
3445 4391 3570 4430 cum
3593 4391 3756 4444 supe-

463 4468 567 4536 τῆς
597 4467 768 4538 αὐτῆς
802 4468 1062 4538 ἐχόμενον
1089 4470 1404 4534 ὑποθέσεως
1439 4487 1452 4502 ⁸
1482 4471 1563 4526 διὸ
1595 4472 1690 4528 καὶ
1729 4474 1831 4542 τὴν
1885 4474 2053 4544 αὐτὴν

2169 4472 2299 4527 riori
2357 4471 2568 4542 psalmo
2603 4488 2617 4537 ;
2648 4480 2814 4541 atque
2835 4469 3084 4524 eamdem
3117 4467 3242 4522 ideo
3268 4469 3502 4524 sortitus
3552 4476 3637 4524 est
3666 4469 3752 4523 in-

463 4558 688 4621 ὲκείνην
717 4559 941 4629 εἴληφεν
969 4561 1307 4632 ἐπιγραφήν.

537 4652 609 4704 Ei
645 4651 888 4718 ἀληθῶς
913 4653 1033 4720 ἄρα
1062 4653 1467 4723 δικαιοσύνην
1497 4657 1762 4722 λαλεῖτε,
1823 4659 2063 4724 εὐθείας

462 4743 736 4811 κρίνατε,
769 4744 880 4798 υἱοὶ
906 4745 1025 4798 τῶν
1057 4744 1413 4815 ἀνθρώπων.
1446 4747 1886 4819 Προηγουμένως
1939 4751 2060 4819 μὲν,

467 4835 611 4906 πρὸς
634 4836 810 4891 Σαοὺλ
838 4838 1086 4902 καὶτοὺς
1120 4839 1250 4910 περὶ
1286 4841 1451 4893 αὑτὸν
1481 4842 1508 4892 ὁ
1535 4840 1694 4910 λόγος
1725 4857 1739 4871 ·
1777 4841 2064 4912 ἑπομένως

461 4929 542 4994 δὲ,
577 4930 672 4982 καὶ
713 4931 853 5000 πρὸς
897 4932 1111 4996 πάντας
1135 4936 1266 4998 τοὺς
1301 4939 1684 5004 μιμουμένους
1743 4936 1844 5008 τὴν
1895 4955 2068 5008 πονη-

467 5024 599 5092 ρίαν
629 5023 831 5079 αὐτῶν.
856 5026 1021 5094 Λέγει
1057 5027 1136 5092 δὲ,
1169 5028 1252 5082 ὅτι
1283 5029 1576 5100 Εἰάληθῶς
1611 5031 1797 5084 δίκαια
1829 5030 2065 5096 λαλεῖτε,

462 5117 723 5184 λέγοντες
752 5119 809 5172 ἐν
837 5119 1054 5182 ἑαυτοῖς
1109 5121 1349 5189 εὐλόγως
1410 5140 1477 5192 με
1541 5123 1926 5190 καταδιώκειν,
1992 5125 2069 5187 ὡς

463 5206 761 5260 ἐπίϐουλον
824 5209 1004 5279 ὑμῶν,
1073 5212 1232 5265 αὐτοὶ
1284 5215 1575 5284 γενόμενοι
1651 5214 1907 5270 δικασταὶ
1967 5214 2064 5268 τοῦ

470 5302 832 5373 πράγματος,
869 5305 1094 5370 εὐθείας
1115 5309 1332 5378 κρίσεις
1369 5310 1622 5379 κρίνατε,
1657 5310 1840 5363 εἷτουν
1897 5308 2062 5380 ὀρθὰς

466 5397 781 5465 ἀποφάσεις
835 5401 1184 5470 ἐξενέγκατε,
1243 5406 1302 5457 ἐν
1339 5403 1446 5457 τίνι
1483 5421 1548 5473 με
1611 5403 1846 5474 πονηρὸν
1891 5405 2062 5472 ἐγνώ-

468 5507 628 5545 κατε.

541 5763 648 5817 Καὶ
693 5765 797 5832 γὴρ
827 5766 896 5818 ἐν
933 5768 1149 5835 καρδίᾳ
1183 5770 1446 5838 ἀνομίαν
1480 5769 1798 5838 ἐργάζεσθε
1830 5769 1900 5823 ἐν
1960 5769 2033 5838 τῇ

467 5856 548 5928 τῦ
579 5875 590 5890 ⁶
618 5859 863 5917 ἀδικίαν
900 5865 958 5919 αἱ
980 5862 1174 5934 χεῖρες
1205 5863 1370 5935 ὑμῶν
1408 5865 1857 5935 συμπλέκουσι.
1915 5865 2059 5932 Hap-

2089 4543 2141 4602 D
2170 4568 2554 4637 scriptionem.

2251 4658 2415 4714 Vsus.
2475 4659 2532 4712 2.
2598 4657 2660 4714 Si
2716 4676 2830 4713 rere
2887 4659 3067 4728 utique
3122 4658 3397 4726 justitiam
3457 4657 3756 4727 loquimini,

2171 4761 2313 4806 recta
2333 4749 2604 4820 judicate,
2635 4749 2739 4818 ﬁlii
2767 4750 3063 4803 hominum.
3136 4746 3382 4803 Primum
3415 4748 3634 4817 quidem
3692 4749 3758 4802 ad

2167 4843 2420 4907 Saulem,
2453 4853 2509 4898 et
2573 4842 2793 4899 sodales
2825 4843 2944 4912 ejus
2973 4857 3288 4896 sermonem
3323 4841 3533 4912 dirigit,
3561 4841 3762 4896 deinde

2167 4937 2232 4992 ad
2256 4952 2448 4992 omnes
2480 4935 2618 4992 alios
2670 4934 2762 5006 qui
2798 4949 2989 4990 eorum
3051 4933 3462 5004 improbitatem
3501 4933 3762 4987 aetttulan-

2169 5044 2282 5084 tur.
2315 5029 2408 5084 Ait
2437 5028 2645 5098 igitur:
2674 5027 2730 5080 Si
2757 5042 2906 5093 vcre,
2941 5035 2993 5080 ct
3025 5025 3172 5096 quod
3207 5027 3418 5096 justum
3449 5024 3757 5093 est,loqui-

2168 5121 2325 5186 mini,
2372 5121 2620 5177 dicentes
2643 5135 2763 5176 eam
2806 5135 2904 5174 vos
2943 5119 3015 5176 ob
3069 5133 3297 5174 causam
3349 5131 3435 5170 me
3477 5114 3756 5186 persequi,

2174 5213 2320 5282 quod
2361 5211 2516 5268 vobis
2545 5212 2700 5282 prior
2734 5210 2965 5266 insidias
3010 5209 3334 5272 struxerim,
3397 5214 3494 5259 ant
3538 5219 3760 5274 gravent

2177 5305 2341 5360 aliam
2373 5303 2642 5360 olfensam
2699 5303 3006 5366 intulerim,
3039 5317 3138 5355 vos
3173 5301 3325 5370 ipsos
3356 5297 3488 5352 mihi
3541 5295 3762 5366 iudices

2181 5406 2392 5452 statuo:
2426 5412 2597 5452 unum
2637 5403 2847 5450 tantum
2871 5391 3150 5460 est,quod
3185 5405 3376 5460 posco,
3410 5396 3468 5442 ut
3499 5403 3629 5442 vera
3657 5387 3760 5442 de.

2180 5490 2423 5546 cernatis
2457 5489 2688 5560 judicia,
2728 5487 2833 5542 hoc
2882 5493 2986 5550 est,
3046 5491 3104 5537 ut
3167 5493 3349 5537 rectas
3394 5480 3763 5550 prommtictis

2180 5584 2514 5649 sententias,
2568 5581 2918 5636 decio-rantes
2957 5591 3196 5648 quanam
3230 5575 3284 5629 in
3329 5590 3408 5640 re,
3443 5589 3529 5629 me
3581 5575 3763 5629 minus

2174 5691 2391 5744 a-quum
2417 5673 2704 5734 noveritis.

2246 5769 2413 5820 Vsus.
2439 5767 2493 5820 5.
2534 5765 2741 5818 Etenim
2770 5764 2820 5815 in
2857 5762 3014 5815 corde
3073 5763 3405 5830 iniquitatem
3469 5760 3776 5828 operamini

2171 5863 2223 5916 in
2262 5870 2420 5928 terra,
2461 5858 2756 5926 iniustitias
2799 5873 2987 5912 manus
3014 5865 3207 5919 vestrm.
3238 5857 3574 5911 contulirant.
3616 5852 3770 5909 Rett-
