4120 6462
433 377 538 443 5E9

1641 385 2030 450 EUTHYMII
2076 391 2441 453 ZIGABENI

3606 398 3714 463 €00

430 503 542 560 cet,
591 493 741 568 quod
777 494 984 548 nullam
1009 503 1216 564 queant
1271 495 1491 566 injuriae
1523 512 1748 554 causam
1799 503 2022 570 aﬂerre,

2133 503 2232 574 ῆκε
2260 502 2343 568 τὸ,
2391 501 2531 556 Ἀλλ’
2588 503 2651 558 οὐ
2679 502 2916 560 δύνασθε
2970 504 3203 577 κρίνειν,
3269 506 3346 572 ὡς
3397 505 3712 579 νοούμενον.

429 586 590 656 quasi
625 585 1193 656 idqsubintelligatur;
1257 595 1310 643 et
1346 601 1658 644 sermonem
1693 607 1856 647 suum
1890 607 2016 662 pro—

433 677 708 748 sequitur,
763 678 955 734 dicens
997 695 1012 733 :
1073 677 1290 734 Etenim
1344 679 1400 733 in
1449 681 1616 737 corde
1660 681 2016 753 iniquitatem

432 769 792 835 meditemini,
831 777 1099 826 etmanus
1124 780 1320 827 vestrae
1341 771 1667 844 injustitiam
1696 756 2019 844 operantur.

435 859 502 912 Et
551 860 698 930 quod
749 861 846 925 ait,
897 860 1252 931 Complicant,
1317 879 1381 917 ex
1447 864 1768 935 metaphora
1825 881 2017 922 eorum

432 953 592 1018 dixit,
631 954 725 1025 qui
753 953 978 1025 laqueos
1007 955 1280 1018 tendunt,
1309 964 1408 1010 aut
1440 957 1648 1026 plagas,
1692 958 1763 1013 ob
1807 959 2016 1014 variam

435 1047 699 1104 nimirum
741 1049 1104 1105 consiliorum
1152 1049 1538 1104 calliditatem.
1581 1049 1735 1117 Quod
1766 1067 1895 1108 vero
1925 1053 2020 1118 ait,

2129 596 2240 649 Καὶ
2264 596 2373 666 γὰρ
2407 597 2465 650 έν
2495 595 2698 668 καρδίᾳ
2713 597 2948 668 ἀνομίαν
2986 597 3278 668 μελετᾶτε,
3307 601 3405 654 καὶ
3439 599 3495 652 αί
3531 601 3720 670 χεῖρες

2129 687 2285 758 ὑμῶν
2315 689 2548 759 ἀνομίαν
2590 689 2916 762 πράττουσι.
2948 689 3389 759 Συμπλέκουσι
3427 690 3485 744 δὲ
3537 684 3718 754 εἶπεν,

2126 781 2192 833 ὲκ
2228 783 2548 853 μεταφορᾶς
2577 783 2689 838 τῶν
2713 782 3031 838 πλεκόντων
3079 784 3342 853 παγίδας,
3387 782 3479 838 διὰ
3507 784 3568 837 τὸ
3601 799 3722 836 ποι-

2125 871 2276 926 κίλον
2311 873 2418 928 τῶν
2450 876 2905 948 ἐπιχειρημάτων
2933 893 2947 909 ·
2974 876 3037 931 τὸ
3064 877 3123 930 δὲ
3145 877 3254 932 Ἐν
3282 877 3358 946 τῇ
3409 876 3488 947 γῇ
3539 875 3721 948 πρόσ-

2125 981 2332 1031 κειται,
2364 967 2448 1022 ὅτι
2480 969 2536 1022 ὲν
2567 972 2634 1042 τῇ
2685 972 2760 1041 γῇ
2819 969 2998 1025 ταῦτα
3042 971 3252 1025 ποιεῖτε
3276 987 3290 1002 ο
3321 971 3380 1025 ὲν
3403 971 3461 1025 δὲ
3495 968 3576 1041 τῷ
3591 968 3718 1042 ᾄδῃ,

2130 1056 2231 1128 οὐχ
2263 1059 2439 1127 οὕτως
2476 1063 2651 1128 ἕξετε.

432 1141 500 1198 1η
544 1155 714 1212 terra,
746 1145 954 1200 dictum
989 1154 1095 1210 est,
1129 1144 1346 1215 quia-in
1379 1152 1523 1200 terra
1558 1145 1672 1201 haec
1723 1155 2017 1219 peragunt.
2051 1150 2190 1208 Nam
2221 1155 2278 1209 in
2321 1155 2560 1224 inferno,
2595 1165 2650 1214 et
2689 1158 2737 1216 si
2774 1159 3090 1215 animorum
3163 1158 3409 1228 pravitas
3493 1159 3724 1215 omnino

433 1254 541 1295 non
573 1237 837 1304 cessabit,
859 1237 975 1308 ipsa
997 1247 1175 1293 tamen
1208 1239 1350 1294 male
1371 1239 1564 1311 agendi
1598 1239 1832 1295 facultas
1851 1256 2084 1311 prorsus
2117 1246 2318 1303 aberit.

509 1330 673 1387 νεεδ.
707 1330 760 1386 4.
790 1330 1029 1385 Alienati
1060 1340 1183 1385 sunt
1227 1341 1528 1400 peccatores
1577 1349 1610 1386 a
1642 1332 1821 1386 vulva.
1863 1333 2024 1390 Inve-

435 1426 586 1480 hitur
613 1424 669 1479 in
702 1424 1013 1494 pertinaces
1044 1438 1107 1478 ac
1137 1421 1275 1480 ﬁxos
1302 1423 1356 1478 in
1383 1423 1630 1492 peccatis
1663 1424 1942 1493 homines,
1969 1433 2024 1480 et

436 1517 630 1590 paucis
657 1517 840 1582 docet,
909 1515 1225 1587 eujusuxodi
1287 1524 1494 1581 essent,
1537 1525 1592 1570 et
1650 1530 1816 1586 quam
1873 1517 2023 1587 passi

436 1619 567 1666 sunt
592 1611 833 1666 ruinam.
859 1609 943 1664 Ab
967 1610 1124 1679 ipsis,
1154 1609 1357 1676 inquit,
1396 1609 1756 1666 incunabulis
1795 1610 2021 1665 alienati

433 1714 562 1759 sunt
611 1719 642 1760 a
679 1703 839 1768 Deo;
894 1701 1056 1772 juxta
1118 1702 1266 1772 quod
1303 1702 1514 1758 scilicet
1540 1703 1854 1774 prmscilum
1904 1711 2028 1757 erat

2213 1341 2830 1414 Ἀπηλλοτριώθησαν
2858 1349 2916 1401 οἱ
2946 1345 3291 1417 ἁμαρτωλοί
3323 1345 3444 1400 ἀπὸ
3462 1341 3718 1414 μήτρας.

2129 1437 2447 1509 Στηλιτεύει
2493 1439 2624 1503 τοὺς
2677 1441 3120 1510 ἀνεπιπρὸφους
3173 1439 3556 1511 ἁμαρτωλοὺς,
3624 1436 3720 1490 καὶ

2129 1529 2376 1584 διδάσκει
2404 1531 2495 1586 διὰ
2531 1531 2987 1603 βραχέωνδποῖοι
3043 1534 3196 1596 ὄντες
3247 1531 3445 1586 ὁποίαν
3502 1529 3719 1600 λαμϐά-

2132 1640 2283 1678 νουσι
2337 1628 2746 1698 καταστροφήν.
2784 1625 2906 1680 Ἔτι
2941 1624 3470 1697 βρεφουργούμενοι,
3529 1621 3718 1692 φησὶν,

2133 1715 2662 1788 ἀπηλλοτριώθησαν
2686 1717 2780 1773 τοῦ
2813 1717 2974 1780 Θεοῦ,
3003 1717 3145 1772 κατὰ
3199 1716 3302 1785 τὴν
3352 1712 3520 1768 αὑτοῦ
3579 1712 3721 1782 πρό·

435 1815 465 1854 a
505 1799 636 1865 Deo,
689 1797 814 1852 illos
869 1812 997 1852 mox
1051 1796 1478 1862 alienandos,ac
1503 1795 2025 1868 misercperdendos

2135 1827 2363 1878 γνωσιν,
2413 1812 2509 1866 καὶ
2548 1810 3060 1882 ἀπηλλοτριωμένοι
3086 1808 3177 1862 διὰ
3204 1807 3268 1862 τὸ
3338 1806 3539 1879 μέλλον
3600 1805 3724 1858 ὲλο-

432 1906 577 1948 esse.

510 1982 832 2039 Erraverunt
875 1983 941 2037 ab
978 1990 1152 2036 utero.
1179 1980 1261 2036 Ab
1292 1980 1536 2036 Ecclesia
1568 1980 1848 2038 nimirum.
1869 1980 2020 2036 Uteri

433 2077 580 2131 enim
615 2091 678 2131 ac
724 2075 1077 2130 muliebrium
1131 2075 1376 2128 locorum
1443 2073 1686 2129 Ecclesia
1725 2073 1807 2129 eis
1849 2073 2024 2128 instar

432 2179 540 2234 est,
572 2169 666 2239 qui
705 2183 734 2222 a
775 2169 886 2224 Deo
923 2169 1298 2238 ad0ptantur;
1350 2168 1553 2238 quippe
1607 2181 1728 2238 quae
1784 2165 2022 2221 miriﬁco

433 2261 785 2331 baptismatis
816 2261 1058 2328 lavacro,
1089 2262 1142 2315 in
1179 2275 1353 2316 novos
1392 2261 1644 2316 homines
1677 2275 1773 2316 eos
1802 2260 2020 2315 format.

438 2352 775 2408 Erraverunt
812 2352 978 2422 igitur
1009 2367 1037 2406 a
1075 2351 1160 2408 via
1196 2351 1580 2407 mandatorum
1616 2351 1710 2407 Dei
1760 2351 2022 2406 aberran-

433 2453 520 2501 tes
549 2461 613 2500 ex
655 2453 806 2506 tunc.
843 2460 950 2500 non
983 2445 1271 2515 operibus,
1307 2453 1369 2500 ut
1402 2445 1643 2500 diximus
1671 2484 1688 2508 ,
1737 2443 1832 2500 sed
1882 2457 2024 2513 prae-

433 2535 665 2593 scientia
702 2536 815 2591 Dei.
847 2536 924 2591 Ita
973 2539 1118 2591 enim
1164 2537 1294 2591 alibi
1351 2537 1494 2604 apud
1519 2535 1816 2591 Jeremiam
1854 2549 1882 2590 a
1913 2534 2024 2590 Deo

433 2627 544 2682 dici
577 2626 809 2696 legimus
837 2647 851 2681 :
886 2625 1212 2697 Priusquam
1237 2637 1285 2680 te
1307 2628 1594 2695 formarem
1623 2627 1677 2679 in
1701 2634 1876 2688 utero,
1906 2627 2024 2679 novi

435 2730 507 2779 te,
536 2727 584 2774 et
626 2729 908 2790 antequam
940 2724 1110 2775 exires
1129 2719 1193 2774 de
1221 2721 1396 2785 vulva,
1439 2720 1771 2787 sanctiﬁcavi
1805 2728 1852 2774 te
1875 2718 1948 2772 ’°.

506 2812 693 2869 Loculi
730 2824 855 2870 sunt
881 2815 1051 2881 falsa.
1082 2814 1200 2869 Non
1229 2815 1298 2869 ab
1320 2822 1478 2868 utero
1509 2813 1643 2868 falsa
1683 2811 1848 2867 locuti
1870 2819 2022 2873 sunt,

435 2908 531 2963 sed
575 2907 741 2962 simul
777 2919 841 2962 ac
876 2909 942 2961 ad
979 2905 1331 2978 grandiorem
1366 2912 1582 2960 aetatem
1615 2917 1931 2974 pervenere.

509 2997 678 3055 Vsus.
720 2999 776 3054 5.
809 2998 988 3053 Furor
1007 2998 1114 3053 illis
1146 2997 1436 3053 secundum
1491 2996 1894 3052 similitudinem
1915 3013 2027 3052 ser-

434 3094 624 3162 pentis.
660 3092 827 3147 Aiunt
858 3102 1168 3161 serpentem
1202 3090 1293 3145 ubi
1319 3089 1376 3144 in
1400 3090 1636 3158 aliquem
1679 3088 1910 3160 coeperit
1941 3087 2026 3144 fu—

436 3201 579 3248 rere,
612 3198 895 3254 nunquam
937 3184 1074 3237 iram
1107 3193 1203 3237 aut
1231 3181 1475 3237 furorem
1524 3181 1817 3252 deponere,
1849 3181 2026 3238 donec

433 3291 706 3333 venenum
731 3273 1005 3340 intulerit,
1027 3281 1121 3328 aut
1145 3273 1350 3329 rabiem
1377 3288 1524 3328 mors
1548 3273 1836 3331 ademerit.
1852 3273 2031 3330 Furor

437 3385 593 3439 aeque
618 3369 788 3440 igitur
820 3367 905 3422 his
935 3367 1302 3438 implacabilis
1337 3378 1443 3423 est.
1486 3365 1852 3423 Perseverant
1881 3367 2027 3423 enim

436 3464 585 3526 irati,
614 3469 668 3518 et
697 3461 856 3516 dolos
887 3467 1154 3530 perpetuo
1207 3459 1529 3514 moliuntur.

503 3555 674 3620 Quasi
706 3553 908 3622 aspidis
945 3553 1124 3606 surda:
1149 3593 1164 3618 ,
1197 3559 1247 3605 et
1303 3552 1607 3606 obturantis
1664 3567 1822 3606 aures
1878 3568 2025 3605 suas.

437 3647 663 3702 Furoris
721 3644 1141 3701 similitudinem
1209 3644 1276 3698 ad
1331 3645 1503 3713 ipsam
1561 3644 1727 3698 etiam
1779 3643 2025 3715 aspidem

437 3737 719 3796 transfert.
760 3737 938 3791 Furor
966 3751 1179 3809 eorum,
1215 3736 1416 3804 inquit,
1449 3735 1608 3805 quasi
1637 3736 1788 3789 furor
1818 3735 2028 3805 aspidis

439 3832 622 3888 surdae
653 3849 666 3884 :
703 3845 812 3885 non
842 3828 1088 3900 aspidem
1119 3828 1264 3896 dico,
1302 3843 1425 3899 quae
1458 3835 1653 3883 natura
1712 3826 1880 3883 surda
1911 3826 1984 3882 sit
2011 3866 2026 3891 ,

440 3926 534 3984 sed
557 3939 677 3996 quae
710 3923 835 3978 data
869 3937 1058 3993 opera,
1085 3930 1248 3992 atque
1281 3930 1402 3976 astu
1453 3920 1692 3992 quodam
1723 3919 1915 3976 audire
1949 3935 2033 3975 re-

439 4018 602 4084 nuit;
639 4024 801 4085 atque
841 4015 965 4070 ideo
997 4024 1404 4085 consequenter
1435 4013 1648 4069 addidit
1681 4031 1695 4069 :
1741 4014 1911 4085 Atque
1931 4013 2028 4070 ob-

440 4114 670 4166 turantis
706 4126 864 4164 aures
889 4126 1039 4164 suas.
1065 4109 1271 4165 Deinde
1309 4115 1529 4175 tempus
1553 4116 1781 4164 enarrat
1807 4109 2030 4180 quando

441 4209 679 4261 maxime
707 4203 1086 4260 obsurdescit.

512 4297 679 4354 Vens.
718 4296 772 4351 6.
807 4295 941 4362 Quae
972 4314 1076 4351 non
1101 4296 1349 4352 exaudiet
1382 4312 1559 4351 vocem
1614 4297 2028 4362 incantantium,

439 4404 487 4449 et
519 4393 754 4463 veneﬁci,
786 4393 1071 4446 incantata
1093 4407 1125 4443 a
1155 4391 1403 4460 sapienti.
1431 4389 1532 4445 Per
1557 4390 1908 4445 incantantes
1935 4404 2031 4444 eos

440 4485 730 4555 intelligit,
779 4498 916 4555 quos
971 4483 1351 4537 incantatores
1385 4522 1399 4546 ,
1452 4496 1549 4536 seu
1601 4482 2030 4552 praestigiatores

2055 1875 2103 1933 B

2131 1905 2422 1977 γίσθησαν.
3736 1905 3749 1952 ἓ

2203 1996 2681 2066 Ἐπλανήθησαν
2713 1996 2834 2052 ἀπὸ
2862 1994 3148 2066 γαστρός.
3177 1993 3311 2048 Ἀπδ
3345 1993 3448 2063 τῆς
3487 1990 3726 2062 Ἐκκλη-

2133 2093 2292 2156 σίας·
2337 2093 2523 2164 μήτηρ
2557 2091 2664 2164 γὰρ
2699 2091 2838 2162 αὕτη
2872 2090 2968 2144 καὶ
3029 2087 3249 2160 γαστὴρ
3293 2087 3402 2141 τῶν
3444 2087 3723 2139 υίοθετου-

2133 2185 2317 2256 μένων
2344 2183 2425 2256 τῷ
2458 2183 2599 2255 Θεῷ,
2648 2181 3002 2251 άναγεννῶσα
3043 2179 3269 2244 τούτους
3309 2178 3398 2233 διὰ
3427 2179 3525 2231 τοῦ
3560 2176 3723 2245 ἁγίου

2135 2277 2541 2348 βαπτίσματος.
2617 2275 3038 2346 Ἐπλανήθησαν
3110 2271 3305 2344 πόρρω
3348 2270 3448 2338 τῆς
3503 2266 3727 2331 εὐθείας

2130 2369 2242 2424 τῶν
2281 2369 2443 2424 θείων
2474 2368 2728 2434 ἐντολῶν,
2760 2368 2862 2421 οὐκ
2903 2366 3176 2437 ἐνεργείᾳ,
3202 2362 3340 2426 ἀλλ’,
3374 2362 3452 2425 ὠς
3481 2361 3723 2431 εἴρηται,

2131 2464 2198 2533 τῇ
2256 2460 2570 2532 προγνώσει
2615 2459 2710 2512 τοῦ
2737 2457 2896 2512 Θεοῦ.
2927 2456 3088 2511 Οὕτω
3115 2454 3222 2526 γὰρ
3258 2449 3415 2506 εἶπεν
3459 2453 3555 2506 καὶ
3583 2450 3724 2520 πρὸς

2131 2554 2228 2607 τὸν
2268 2553 2546 2624 Ἰερεμίαν
2589 2553 2617 2605 ὁ
2643 2551 2777 2614 Θεός
2804 2566 2819 2580 ο
2865 2548 2987 2618 Πρὸ
3027 2548 3136 2604 τοῦ
3162 2564 3241 2617 με
3269 2545 3499 2600 πλάσαι
3536 2559 3611 2596 σε
3651 2543 3724 2595 ἐν

2132 2643 2353 2712 κοιλίᾳ,
2382 2643 2712 2712 ἐπίσταμαί
2740 2658 2837 2711 σε,
2861 2643 2962 2696 καὶ
2987 2641 3101 2711 πρὸ
3119 2640 3227 2696 τοῦ
3252 2653 3326 2692 σε
3347 2636 3620 2702 ἐξελθεῖν
3647 2633 3717 2688 ἐκ

2127 2737 2381 2806 μήτρας,
2413 2735 2634 2806 ἡγίακὰ
2672 2750 2767 2789 σε.

2217 2827 2570 2895 Ἐλάλησαν
2595 2825 2818 2897 ψευδῆ.
2843 2825 3016 2879 Τοῦτο
3043 2821 3144 2876 ούκ
3177 2819 3286 2876 ἀπὸ
3321 2817 3580 2890 γαστρὸς,
3604 2814 3721 2871 ἀλλ’

2137 2924 2220 2987 είς
2247 2921 2468 2994 ἠλικίαν
2499 2919 2770 2982 ἐλθόντες.

2207 3013 2404 3082 Θυμὸς
2458 3008 2686 3075 αὐτοῖς,
2721 3007 2873 3063 κατὰ
2901 3004 3020 3074 τὴν
3056 3007 3344 3076 ὁμοίωσιν
3377 3002 3486 3057 τοῦ
3509 3001 3725 3068 ὄφεως.

2132 3106 2271 3160 Φασὶ
2313 3104 2406 3158 τὸν
2461 3102 2586 3172 ὅφιν
2627 3098 2974 3170 ὲπιμανέντα
2996 3099 3128 3164 τινὶ,
3177 3097 3453 3168 μηδέποτε
3477 3092 3726 3165 μεθεῖναι

2133 3198 2226 3251 τὸν
2254 3194 2448 3266 θυμὸν,
2492 3194 2655 3265 ἄχρις
2691 3192 2758 3248 ἂν
2787 3191 2821 3262 ἢ
2856 3191 3034 3263 δράσῃ
3067 3207 3120 3245 τι
3152 3191 3345 3252 κακὸν,
3399 3187 3434 3258 ἢ
3479 3202 3727 3256 προαπο·

2138 3289 2299 3360 θάνῃ.
2321 3287 2506 3358 Θυμδς
2533 3283 2626 3340 οὖν
2668 3285 2763 3339 καὶ
2786 3283 3002 3347 τούτοις
3035 3283 3335 3348 ἀνένδοτος,
3367 3278 3463 3334 καὶ
3492 3278 3725 3332 διαπαν-

2138 3382 2231 3446 τὸς
2256 3379 2566 3442 ἐπίϐουλος.

2223 3559 2382 3615 Ὠσεὶ
2416 3559 2678 3625 ἀσπίδος
2735 3557 2964 3628 κωφῆς,
3025 3555 3126 3611 καὶ
3167 3552 3453 3620 ,θυούσης
3482 3550 3557 3604 τὰ
3607 3544 3729 3605 ὦτα

2097 3631 2352 3720 ἀϋτῆς.
2388 3651 2711 3722 Μεταφέρει
2748 3651 2806 3704 τὸ
2859 3649 3216 3720 παράδειγμα
3273 3645 3367 3700 τοῦ
3415 3641 3589 3712 θυμοῦ
3630 3641 3729 3694 καὶ

2138 3746 2236 3798 ἐπὶ
2261 3745 2362 3816 τὴν
2390 3745 2618 3799 ἀσπίδα.
2656 3743 2844 3813 Θυμδς
2872 3742 3010 3796 ὡσεὶ
3039 3741 3267 3803 ἀσπίδος
3302 3737 3513 3808 κωφῆς.
3542 3734 3636 3788 καὶ
3663 3733 3725 3785 οὐ

2139 3836 2302 3906 φύσει
2338 3835 2554 3906 κωφῆς,
2575 3834 2714 3889 ἀλλὰ
2743 3832 3075 3905 πανουργίᾳ.
3103 3831 3202 3885 Διὰ
3223 3829 3386 3884 τοῦτο
3422 3827 3529 3901 γὰρ
3561 3840 3732 3893 προσ-

2138 3929 2306 3998 έθηκε
2337 3927 2420 3982 τόο
2455 3927 2567 3982 Καὶ
2593 3927 2883 3996 ,θυούσης
2912 3925 2987 3980 τὰ
3014 3921 3136 3982 ὦτα
3175 3923 3400 3994 αὐτῆς·
3433 3917 3552 3976 εἷτα
3583 3919 3727 3986 διέξ-

2146 4039 2252 4076 εισι
2293 4023 2388 4077 καὶ
2416 4023 2547 4077 πότε
2580 4021 2846 4092 κωφεύει.

2212 4292 2380 4356 Ἤτις
2398 4291 2510 4345 οὐκ
2523 4290 2947 4345 εὶσακούσεται
2963 4287 3172 4359 φωνῆς
3185 4286 3553 4355 ἐπᾳδόντων,
3581 4302 3731 4356 gap.

2133 4383 2333 4454 μακοῦ
2371 4399 2458 4447 τε,
2504 4380 3009 4451 φαρμακευομένη
3043 4379 3203 4448 παρὰ
3217 4379 3439 4448 σοφοῦ.
3468 4378 3732 4449 Ἐπᾲδον-

2137 4492 2238 4537 τας
2261 4474 2412 4543 λέγει
2477 4475 2606 4536 τοὺς
2647 4471 3017 4542 καλουμένους
3050 4472 3363 4537 ἑπαοιδοὺς.
3396 4473 3594 4536 οἵτινες
3639 4472 3733 4527 διά

439 4578 782 4648 appellamus
812 4594 826 4631 :
865 4576 958 4646 qui
990 4575 1334 4631 carminibus
1365 4573 1694 4643 quibusdam
1722 4614 1736 4636 ,
1770 4581 1865 4628 aut
1896 4587 2025 4640 prae-

2140 4585 2306 4622 τινων
2350 4565 2581 4636 ἐπῳδῶν
2641 4564 3153 4636 καταγοητεύοντες
3187 4567 3316 4629 τοὺς
3369 4565 3579 4636 θυμοὺς
3621 4565 3733 4618 τῶν

441 4669 620 4740 stigiis
680 4669 986 4739 repentium
1049 4683 1116 4721 ac
1208 4675 1601 4722 venenatorum
1669 4664 2029 4719 animantium

443 4761 685 4814 furorem
719 4758 1002 4814 cohibent.
1038 4757 1167 4814 Suis
1216 4759 1362 4812 enim
1399 4757 1648 4812 artiﬁciis
1699 4771 1888 4811 eorum
1925 4769 2022 4810 sae-

439 4848 625 4903 vitiam
655 4847 892 4918 placant,
923 4855 1090 4916 atque
1115 4847 1218 4901 hoc
1252 4853 1412 4916 pacto
1452 4859 1516 4900 ea
1549 4853 1838 4908 venantur,
1869 4853 1926 4898 et
1959 4843 2025 4897 ad

442 4941 784 4997 medicorum
817 4955 977 4995 usum
1012 4946 1324 4994 asservant.
1365 4937 1528 5007 Aspis
1575 4935 1781 5008 igitur,
1837 4943 1892 4992 et
1941 4935 2030 4990 illa

441 5033 787 5103 potissimum
837 5047 960 5103 quae
994 5031 1294 5102 palamnaaa
1352 5029 1694 5099 appellatur,
1748 5028 1914 5084 certis
1979 5028 2033 5084 id

441 5127 779 5196 coniecturis
802 5138 1176 5195 prmnoscens,
1196 5123 1490 5177 obstruere
1519 5135 1684 5176 aures
1710 5134 1840 5176 snas
1870 5120 2029 5186 solet,

441 5225 607 5287 atque
647 5216 752 5270 hoc
783 5225 939 5286 pacto
967 5229 1158 5269 eorum
1192 5220 1337 5268 artes
1363 5211 1620 5267 evadere.
1655 5209 1807 5266 Ordo
1838 5219 2021 5265 autem

439 5308 734 5365 verborum
765 5288 1078 5376 hujusinodi
1113 5312 1198 5360 est
1230 5321 1244 5359 :
1287 5304 1418 5372 Quae
1446 5305 1593 5374 aspis
1630 5319 1738 5358 non
1773 5304 2028 5359 exaudiet

439 5413 626 5454 vocem
657 5397 1089 5462 incantantium,
1121 5403 1178 5453 et
1216 5411 1327 5452 non
1357 5396 1614 5452 exaudiet
1639 5410 1827 5451 vocem
1865 5410 2027 5451 vene-

441 5491 552 5556 lici,
594 5493 810 5546 tametsi
847 5493 1125 5545 incantata
1165 5491 1282 5556 sit,
1315 5504 1380 5544 ac
1437 5487 1728 5559 praestigiis
1776 5487 1953 5542 illecta
1997 5503 2026 5541 a

441 5583 673 5652 sapienti
702 5583 840 5639 viro.
895 5581 1212 5653 Sapientem
1242 5582 1444 5653 quippe
1494 5581 1584 5637 hic
1634 5582 1814 5650 ipsum
1849 5581 2027 5636 artiﬁ-

444 5689 562 5728 cem
620 5689 684 5728 ae
730 5675 1036 5732 veneﬁcum
1084 5675 1324 5746 appellat
1372 5719 1385 5733 .
1450 5674 1616 5732 veluti
1681 5673 1832 5730 illius
1893 5675 2030 5732 artis

515 5857 562 5894 ³⁸
587 5855 788 5915 Jercm.
829 5873 869 5927 ι,
901 5862 956 5916 5.

2137 4659 2410 4730 ἑρπετῶν,
2463 4657 2559 4711 καὶ
2603 4655 2665 4709 τὸ
2721 4658 3008 4727 ἀγριαῖνον
3068 4655 3243 4717 οὕτως
3306 4657 3728 4728 ἐξημεροῦντες,

2139 4753 2506 4823 λαμϐάνουσι,
2568 4753 2666 4807 καὶ
2731 4751 2974 4822 χρῶνται
3006 4750 3145 4822 πρὸς
3186 4751 3450 4822 ἰατρείαν.
3495 4752 3559 4804 'H
3597 4751 3731 4820 γοῦν

2139 4848 2336 4911 ἀσπὶς,
2364 4847 2459 4900 καὶ
2508 4847 2710 4916 μᾶλλον
2753 4845 3206 4916 ὲπονομαζομένη
3241 4845 3580 4915 παλαμναία,
3620 4843 3729 4898 ἀπό

2141 4955 2304 4991 τινων
2330 4937 2649 5008 τεκμηρίων
2664 4927 3242 5009 προαισθομένηίβύει
3265 4937 3334 4990 τὰ
3356 4937 3560 5008 ἑαυτῆς
3590 4933 3728 5002 ὦτα,

2143 5030 2240 5084 καὶ
2303 5028 2447 5083 οὕτω
2491 5029 2887 5101 διαδιδράσκει.
2952 5031 3106 5083 Ἐστι
3157 5029 3215 5083 δὲ
3259 5031 3292 5101 ή
3342 5030 3596 5096 σύνταξις
3617 5030 3728 5083 τῶν

2142 5122 2347 5194 ῥητῶν,
2382 5121 2578 5186 οὕτως·
2610 5123 2772 5186 ’Ἥτις
2803 5123 2902 5176 οὐκ
2938 5122 3325 5176 είσακούσεται
3359 5125 3543 5191 φωνῆς
3588 5127 3726 5196 ἐπᾳ-

2138 5216 2360 5280 δόντων,
2403 5215 2498 5268 καὶ
2563 5215 2888 5285 φαρμακοῦ,
2921 5217 3170 5270 τουτέστι
3213 5217 3434 5288 γόητος,
3463 5234 3728 5287 γοητευο-

2143 5306 2278 5376 μένη
2307 5306 2461 5378 παρὰ
2501 5306 2667 5375 σοφοῦ
2688 5307 2902 5376 ἀνδρός.
2926 5307 3098 5376 Σοφὸν
3125 5307 3182 5361 δὲ
3212 5307 3332 5374 νῦν,
3359 5309 3450 5362 τὸν
3475 5309 3731 5376 τεχνίτην

2136 5397 2387 5452 ἐκάλεσε.
2423 5396 2729 5466 Ιῐροσφυῶς
2760 5396 2817 5449 δὲ
2854 5397 2950 5451 καὶ
3002 5397 3094 5450 τὸν
3115 5397 3241 5468 δφιν
3267 5399 3362 5452 καὶ
3391 5399 3495 5470 τὴν
3523 5398 3728 5451 ἀσπίδα

2137 5489 2387 5543 τέθεικεν
2422 5491 2505 5552 είς
2535 5488 2893 5560 παράδειγμα
2917 5505 2930 5519 ⁶
2959 5492 2987 5543 ὁ
3009 5491 3184 5544 Σαοὺλ
3220 5491 3330 5563 γὰρ
3361 5497 3456 5548 καὶ
3485 5493 3730 5548 ἐνεκότει

2138 5582 2214 5646 ὡς
2246 5580 2395 5650 δφις,
2429 5581 2526 5635 καὶ
2563 5581 2828 5644 πολλάκις
2869 5582 3319 5653 κατεπᾳδόμενος
3355 5585 3540 5654 λόγοις
3581 5585 3727 5652 ἀγα-

2141 5674 2255 5738 θοῖς
2283 5671 2435 5744 παρὰ
2465 5669 2562 5726 τοῦ
2615 5671 2801 5740 Δαϐὶδ,
2833 5673 2915 5727 ὅτι
2947 5670 3112 5736 αὐτὸς
3142 5671 3242 5744 μέν
3273 5674 3392 5729 ἐστι
3415 5673 3606 5746 κύριος
3629 5671 3729 5727 καὶ
