4120 6418
353 397 462 466 θοι
1540 355 1935 458 contusum.
1973 392 2064 454 IN
2100 393 2471 456 PSALMOS.
3521 388 3631 452 602

349 511 627 582 δεσπότης
662 507 759 566 καὶ
817 505 1074 579 βασιλεύς
1097 522 1113 538 ’
1166 499 1320 570 οὗτος
1347 507 1426 570 δὲ.
1454 506 1644 573 δοῦλος
1668 508 1765 563 καὶ
1796 509 1946 562 κύων

2081 507 2310 563 ετίιιιτη.
2343 507 2640 566 Commode
2667 524 2799 566 vero
2825 507 3099 581 serpentis
3129 514 3183 564 et
3209 503 3418 578 aSpidis
3443 519 3632 560 exem-

351 603 631 673 τεθνηκὼς
657 603 746 658 καὶ
785 602 1006 673 ψύλλος,
1043 599 1400 670 ἐθελοκωφῶν
1419 596 1512 673 ἦν,
1542 602 1618 665 ὡς
1644 601 1832 665 ἀσπίς.

2081 601 2200 655 ›Ιιιιη
2238 599 2482 667 adducit,
2520 617 2646 656 cum
2680 602 2810 658 Saul
2841 611 2896 660 et
2918 603 3276 663 irasceretur,
3297 607 3355 652 ut
3376 609 3629 665 serpens,

350 707 405 752 et
441 695 892 761 obsurdesceret,
927 695 1077 750 velut
1107 693 1278 765 aspis,
1309 709 1434 749 cum
1469 693 1777 749 blandosac
1799 693 2037 749 mellitos
2067 692 2210 748 beati
2274 692 2441 748 David
2506 684 2791 752 sermones
2857 701 3178 767 sperneret,
3231 691 3433 761 quibus
3508 695 3636 740 tan-

351 806 518 861 quam
553 791 816 846 suavibus
848 791 1177 862 quibusdam
1239 797 1406 861 atque
1465 787 2164 859 eﬁicacibuslcarminibus
2233 788 2484 844 emollire
2564 789 2719 844 illum
2805 805 2870 844 ac
2917 789 3150 845 delinire
3226 783 3636 850 contenderat:

351 832 816 861 .,.....................
848 832 1177 862 .,................
1239 832 1405 861 -..νη
1467 832 2164 859 -...ν..ν..,..υ,ν............μ-
2234 832 2478 844 "es..."
2805 832 2870 844 ..ν
2919 832 3150 845 ..ν......υ
3229 832 3634 850 ν--.----------.

351 884 520 940 veluti
545 899 672 939 cum
703 883 922 940 Saulem
959 883 1259 955 principem
1293 897 1362 941 ac
1393 897 1575 954 regem
1631 898 1796 940 suum
1842 883 2178 955 appellabat,
2208 897 2267 938 se
2297 897 2424 938 vero
2451 897 2695 948 servum,
2758 899 2950 938 canem
3011 891 3310 943 mortuum,
3363 891 3416 936 et
3477 895 3636 950 pror-

352 999 448 1040 sus
477 983 773 1048 abiectum.
1853 993 1864 1004 ε

435 1077 494 1131 '0
522 1077 670 1144 Θεὸς
715 1077 1038 1146 συντρίψει
1068 1077 1212 1144 τοὺς
1262 1077 1517 1144 ὀδόντας
1542 1077 1747 1132 αὐτῶν
1769 1077 1840 1131 ἐν
1861 1075 1942 1142 τῷ

2115 1075 2291 1130 Vens.
2335 1076 2388 1129 7.
2427 1073 2571 1128 Dens
2607 1079 2839 1127 conteret
2871 1069 3051 1124 dentes
3083 1084 3264 1122 eorum
3304 1066 3360 1119 in
3385 1067 3638 1136 ιιι-εἰρεσ-

349 1171 606 1275 σξόματι
629 1169 849 1225 αὐτῶν.
891 1170 1142 1232 Ὀδόντας
1176 1168 1436 1240 ὀνομάζει
1458 1169 1558 1232 τὰς
1593 1168 1934 1230 κακυντικὰς

2081 1185 2180 1224 nm.
2214 1167 2318 1224 Per
2348 1167 2542 1222 dentes
2571 1205 2586 1229 ,
2618 1163 2957 1236 perniciosas
2985 1175 3046 1215 ac
3093 1159 3304 1214 validas
3336 1173 3528 1213 eorum
3561 1157 3640 1210 vi—

2167 1261 2180 1274 .
2231 1269 2241 1275 .
2285 1259 2340 1275 ιιι
2386 1259 2420 1275 ι,
2487 1265 2526 1275 Α.
2578 1257 2849 1275 ,-,,-,ξ.-,
2881 1253 2946 1275 ...1
2981 1251 3249 1275 ..-ι--..ΔΑ
3303 1249 3508 1275 ..Α-ΑΜ.--
3577 1247 3639 1275 De

351 1261 468 1316 τῶν
501 1264 764 1316 τοιούτων
786 1261 1054 1331 δυνάμεις
1073 1278 1088 1292 ·
1122 1260 1348 1323 ὀδόντας
1371 1260 1428 1314 δὲ
1461 1258 1657 1324 εἰπὼν,
1693 1260 1788 1312 καὶ
1819 1258 1944 1311 στό-

2081 1278 2133 1318 es
2167 1259 2446 1330 intelligit,
2476 1265 2531 1313 et
2569 1257 2851 1325 expositas
2879 1253 2947 1308 ad
2981 1251 3252 1324 patranda
3303 1249 3534 1304 scelera.
3577 1247 3643 1302 Et

357 1372 534 1426 ματος
587 1353 1021 1426 ἐμνημόνευσεν,
1074 1352 1104 1408 δ
1157 1353 1376 1425 νοήσεις
1430 1350 1532 1424 τὴν
1589 1348 1944 1422 περιεκτικήν

2081 1370 2169 1410 um
2200 1351 2447 1408 dentium
2479 1348 2812 1413 meminerit,
2863 1347 3042 1418 ipsum
3099 1344 3265 1399 etiam
3296 1358 3359 1398 os
3393 1341 3640 1404 addidit,

353 1447 647 1518 πονηρίαν·
2057 1463 2168 1519 quo
2195 1442 2597 1516 complectendi
2645 1449 2814 1512 atque
2857 1436 3362 1496 comorehendendi
3411 1435 3645 1490 facultas

2060 1539 2362 1596 indicatur.

429 1625 548 1694 Τὰς
568 1626 763 1696 μύλας
789 1624 912 1681 τῶν
943 1627 1214 1682 λεόντων
1244 1625 1635 1682 συνέθλασεν
1653 1627 1688 1681 ό
1713 1625 1948 1694 Κύριος.

2129 1632 2301 1688 Malas
2344 1630 2554 1684 leonum
2599 1624 2857 1697 confregit
2907 1622 3190 1677 Dominus.
3255 1619 3316 1674 In
3370 1615 3646 1686 superiori

365 1722 462 1828 I’Ev
495 1722 574 1828 τῷ
605 1722 1157 1795 προλαϐόντιψαλμῷ
1175 1723 1454 1793 σκύμνους
1479 1723 1650 1787 αὑτὰς
1683 1722 1948 1786 καλέσας,

2081 1725 2278 1782 isalmo
2303 1722 2520 1778 catulos
2543 1722 2761 1776 leonum
2795 1731 2891 1773 eos
2919 1713 3214 1787 appellavit
3245 1729 3260 1767 :
3291 1712 3348 1766 in
3385 1708 3646 1779 praesenti

2232 1819 2246 1828 .
2523 1814 2539 1828 ιι
2624 1824 2634 1828 -
2727 1812 2756 1828 ιι
2791 1811 2943 1828 ειη--
3002 1809 3124 1828 ει.--
3182 1805 3306 1828 Δε-2ι
3375 1803 3644 1828 ΙἿΑ-ιιΑ-..ω

353 1819 414 1871 ὲν
449 1815 535 1886 τῷ
564 1817 820 1930 πατρόντι,
867 1817 968 1871 καὶ
995 1817 1127 1887 περὶ
1156 1815 1389 1869 ὀδόντων
1417 1813 1607 1886 φησιν.
1643 1814 1801 1868 Ἐστι
1840 1814 1897 1867 δὲ
1923 1815 1951 1867 ὁ

2081 1835 2193 1876 γει-ο
2232 1819 2454 1873 leonum
2507 1814 2702 1869 dentes
2727 1811 2950 1872 Ihabere
3001 1809 3128 1864 illos
3175 1805 3329 1862 dicit.
3374 1803 3646 1859 Caeterum

2090 1928 2100 1930 _
2143 1911 2242 1930 [Α-
2272 1907 2539 1930 --μυεηλλ
2572 1904 2816 1930 ,ηαυιυκ
2843 1900 3038 1930 -.ι-,Αοζο
3095 1897 3426 1930 ,Ληιοηιῖιηη
3479 1908 3644 1930 nivem

358 1915 548 1986 στίχος
598 1903 754 1974 οὗτος
796 1909 1204 1978 διπλασιασμὸς
1253 1907 1350 1962 τοῦ
1391 1907 1501 1976 πρὸ
1531 1903 1723 1972 αὐτοῦ,
1764 1903 1948 1967 καθὼς

2081 1928 2109 1966 n
2143 1911 2247 1966 hoc
2271 1907 2542 1965 versiculo
2569 1891 2818 1961 eamdem
2843 1900 3042 1972 repetit
3095 1897 3427 1956 sententiam
3479 1908 3646 1965 quam

355 2008 415 2059 ἑν
447 2005 668 2067 πολλοῖς
723 2003 1050 2073 εἰρήκαμεν.
1095 1999 1249 2055 Ἐπεὶ
1282 1999 1377 2054 καλ⁸
1409 1999 1466 2053 αἱ
1511 1996 1699 2067 μύλαι,
1731 1997 1946 2060 ὀδόντες

2081 2022 2112 2060 n
2144 2000 2476 2075 praecedenti
2525 1997 2803 2054 vidimus:
2863 1991 3327 2065 quemadmodum
3391 1999 3647 2055 saepenu-

356 2101 526 2154 εἰσιν.
556 2097 653 2160 Ἦ,
678 2097 726 2149 εἰ
747 2093 951 2165 βούλει,
974 2092 1197 2156 ὀδόντας
1222 2091 1343 2160 μὲν,
1364 2093 1580 2160 νοήσεις
1595 2091 1943 2158 τοῦςτομεῖςο

2081 2111 2210 2152 nero
2247 2093 2492 2150 diximus
2543 2089 2865 2162 prophetam
2913 2086 3110 2140 facere.
3157 2081 3294 2137 Nam
3340 2089 3396 2135 et
3447 2079 3644 2141 molat,

361 2191 544 2264 μύλας
571 2189 650 2257 δὲ,
679 2188 810 2252 τοὺς
863 2187 1144 2257 ἐνδότερον
1173 2185 1416 2250 ὀδόντας,
1446 2182 1548 2247 οὒς
1581 2184 1675 2237 καὶ
1701 2182 1947 2236 λεαίνον-

2081 2187 2297 2256 najores
2323 2185 2518 2240 dentes
2552 2191 2702 2239 sunt.
2733 2182 2899 2234 Potes
2925 2179 3088 2233 etiam
3132 2191 3228 2245 per
3255 2172 3452 2227 dentes
3481 2168 3650 2223 intel-

360 2303 461 2348 τας
501 2283 763 2353 λέγομεν,
800 2281 877 2344 ὡς
908 2278 1151 2334 νοεῖσθαι
1180 2277 1272 2332 διὰ
1292 2277 1503 2331 τούτων
1530 2278 1632 2340 τὰς
1659 2270 1824 2346 ἧττον
1855 2274 1952 2328 καὶ

2081 2283 2217 2351 igere
2247 2292 2342 2332 eos
2372 2283 2581 2330 tantum
2616 2273 2705 2328 hic
2737 2271 2846 2326 dici
2873 2311 2888 2333 ,
2926 2269 3019 2336 qui
3074 2267 3256 2323 cibum
3313 2269 3606 2318 conterunt
3631 2297 3648 2323 ,

374 2375 570 2446 μᾶλλον
596 2352 826 2445 βλάὸας,
857 2367 948 2436 αἷς
987 2370 1261 2424 ἔϐλαπτον
1289 2369 1418 2432 τοὺς
1470 2367 1950 2440 παραπίπτοντας.

2081 2387 2146 2426 οι·
2174 2369 2347 2425 molas
2373 2382 2526 2434 vero,
2558 2380 2656 2422 eos
2687 2365 2782 2435 qui
2817 2363 3114 2417 interiores
3143 2368 3295 2420 sunt,
3321 2369 3459 2424 quos
3479 2352 3648 2406 etiam

376 2442 530 2538 δθρα
550 2442 607 2520 et
633 2467 784 2528 ὅπως
811 2463 943 2518 ποτὲ
971 2463 1094 2534 μὲν,
1125 2461 1202 2525 ὡς
1243 2461 1338 2514 ἐπὶ
1361 2459 1456 2513 τοῦ
1490 2459 1780 2529 μέλλοντος
1801 2457 1954 2525 λέγει

2081 2463 2296 2519 uolares
2362 2469 2457 2516 aut
2487 2459 2740 2516 leoninos
2780 2453 3162 2526 appellamus:
3193 2452 3266 2504 ita
3309 2457 3368 2502 ut
3415 2459 3513 2515 per
3544 2442 3650 2496 hu-

372 2535 697 2630 Συντρίψει
720 2575 736 2590 ο
769 2557 902 2612 ποτὲ
929 2556 1008 2621 δὲ,
1045 2556 1121 2618 ὡς
1156 2553 1250 2607 ἐπὶ
1309 2550 1772 2624 παρεληλυθότος,
1804 2553 1960 2604 Συν-

2081 2554 2291 2611 usmodi
2326 2553 2570 2609 dentium
2608 2549 3046 2610 distinctionem,
3075 2543 3314 2611 majores
3369 2546 3423 2593 et
3470 2535 3654 2590 mino-

358 2625 617 2709 ἔθλασε.
650 2652 907 2716 Τοιοῦτος
941 2649 1052 2722 γὰρ
1076 2651 1106 2704 ό
1142 2647 1308 2720 νόμος
1333 2646 1443 2701 τῶν
1481 2644 1959 2719 προφητευόντων,

2081 2663 2146 2704 rs
2174 2645 2518 2702 offensiones
2551 2642 2782 2711 intelligi
2812 2637 3052 2709 possint.
3084 2633 3222 2688 illud
3262 2631 3428 2685 etiam
3460 2625 3650 2682 consi—

357 2747 438 2812 ὡς
467 2747 742 2811 πολλάκις
766 2745 1012 2817 εἴρηται.

2081 2739 2190 2795 lera
2211 2736 2487 2809 quomodo
2510 2734 2805 2806 aliquando
2823 2730 3099 2800 Propheta
3116 2728 3168 2781 in
3192 2726 3375 2780 futuro
3396 2725 3648 2790 tempore

359 2844 560 2897 dicat:
593 2841 882 2908 Conteret;
932 2848 989 2895 et
1035 2836 1331 2909 aliquando
1353 2837 1410 2893 in
1441 2835 1748 2908 “praeterito.
1803 2833 2099 2906 Confregit.
2146 2833 2474 2905 Hujusmodi
2518 2832 2666 2888 enim
2737 2837 2825 2886 est
2899 2825 3296 2898 prophetarum
3369 2831 3533 2881 mos,
3596 2819 3658 2869 ut
3725 2809 3734 2817 ’

361 2939 569 3008 szepius
598 2939 862 2994 diximus.

420 3030 1072 3100 Ἔξουδενωθήσονται,
1092 3028 1235 3084 ὡσεὶ
1253 3025 1411 3094 ὕδωρ
1425 3022 1962 3094 διαπορευόμενον.

365 3129 442 3182 Οὐ
473 3125 769 3196 ποτάμιον,
821 3123 944 3178 οὐδὲ
995 3124 1252 3194 πηγαῖον,
1289 3119 1418 3175 ἀλλ’
1447 3117 1554 3172 ὑπό
1597 3131 1746 3175 τινος
1772 3113 1958 3186 χυθὲν,

363 3218 466 3272 καὶ
481 3215 561 3280 ὡς
596 3215 790 3284 ἔτυχεν
808 3211 1126 3283 φερόμενον,
1148 3207 1569 3278 ἐσκεδασμένον.
1597 3204 1960 3271 Ἐξουδενω·

366 3311 665 3379 θήσονται
698 3307 776 3371 δὲ,
813 3307 935 3360 ἀντὶ
961 3303 1061 3359 τοῦ
1085 3300 1709 3375 Καταφρονηθήσονται.

2143 3013 2306 3070 Vsus.
2349 3013 2404 3067 8.
2453 3011 2537 3065 Ad
2583 3007 2809 3063 nihilum
2850 3002 3153 3064 devenient,
3207 3007 3466 3066 tanquam
3517 3008 3659 3062 aqua

2070 3109 2378 3165 decurrens.
2403 3104 2613 3173 Aquam
2648 3101 2738 3154 hic
2771 3113 2879 3153 non
2899 3093 3146 3149 fluminis
3168 3090 3323 3152 dicit,
3344 3095 3439 3140 aut
3465 3083 3658 3149 fontis,

2069 3203 2163 3259 sed
2193 3213 2392 3270 aquam
2417 3193 2670 3263 intelligit
2693 3207 2723 3246 a
2751 3188 3009 3260 qu0piam
3028 3185 3285 3248 eﬂusam,
3316 3189 3410 3235 aut
3432 3177 3663 3233 fortuito

2069 3267 2301 3363 eiectam
2339 3328 2354 3352 ,
2387 3303 2453 3343 ac
2484 3285 2671 3340 statim
2707 3282 3043 3351 dispersam.
3110 3273 3178 3328 Et
3232 3271 3376 3342 quod
3419 3270 3540 3324 ait:
3580 3267 3662 3323 Ad

369 3367 596 3459 nihilum
626 3367 893 3454 devenient
923 3413 1022 3454 seu
1064 3396 1160 3470 [ut
1190 3367 1378 3453 Graece
1409 3367 1574 3450 unico
1603 3392 1771 3448 verbo
1804 3385 2056 3459 dicitur]
2115 3381 2609 3444 Adnihilabuntur,
2683 3389 2921 3446 expone,
2973 3387 3074 3443 pro
3151 3367 3535 3439 Spernentur,
3608 3373 3666 3420 et

370 3497 530 3556 nihili
567 3494 720 3551 ﬁent.

439 3591 715 3649 Ἐ’ντενεῖ
725 3592 792 3646 τὸ
809 3590 990 3655 τόξον
1009 3588 1221 3654 αὐτοῦ,
1240 3587 1353 3654 ἕως
1375 3581 1448 3643 οὗ
1468 3583 1952 3652 ἀσθενήσουσιν.

2146 3572 2389 3628 Intendet
2413 3582 2595 3622 arcum
2618 3580 2774 3618 suum
2808 3560 2976 3616 donec
3015 3557 3376 3626 inﬁrmentur.
3409 3545 3667 3604 lntendet

389 3686 632 3740 Ἐντενεῖ
662 3682 762 3754 τὴν
789 3682 1121 3752 κολαστικὴν
1155 3678 1322 3734 αὑτοῦ
1354 3679 1588 3749 δύναμιν
1614 3676 1735 3731 κατ’
1763 3673 1965 3740 αὐτῶν,

374 3782 473 3834 καὶ
510 3778 690 3848 βαλεῖ.

455 3873 623 3928 Ὦσεὶ
651 3870 838 3940 κηρός
866 3869 1073 3935 ταχεῖς
1097 3864 1749 3935 ἁνταναιρεθήσονται.
1814 3861 1972 3914 Ἀντ-

2071 3675 2265 3726 contra
2299 3679 2396 3718 eos
2425 3661 2566 3715 Deus
2595 3672 2751 3712 suam
2779 3655 2833 3709 in
2867 3653 3086 3708 inferno
3117 3648 3446 3720 potentiam,
3493 3650 3663 3710 atque

2073 3774 2168 3817 eos
2201 3756 2492 3829 percutiet.

2147 3826 2316 3905 Vetas.
2350 3848 2404 3903 9.
2435 3846 2606 3912 Quasi
2629 3859 2748 3898 cera
2788 3841 3073 3910 liquefacta
3117 3833 3449 3904 auferantur.
3500 3826 3670 3881 Aufe-

376 3965 546 4030 αξίως
591 3963 691 4032 τῆς
712 3918 968 4031 ⁵σιρονικῆς
1019 3918 1200 4014 αῗύτῶν
1231 3918 1459 4027 Tuti)an
1485 3918 1498 3932 ι
1518 3951 1974 4025 ἀναιρεθήσονται

2081 3955 2289 4010 rentur,
2326 3939 2618 4011 inquit,de
2648 3937 2817 3999 facili,
2844 3935 3021 3990 instar
3061 3929 3330 3998 liquantis
3371 3937 3535 3980 cerae.
3591 3918 3670 3973 Ita

378 4013 689 4122 agndum,"
708 4013 868 4124 δίκην
924 4013 1105 4124 κηροῦ
1131 4013 1626 4119 τακέντος..-⁶’Δμα
1653 4013 1782 4116 ’γὰρ
1809 4039 1966 4108 οὗτος

2081 4036 2220 4092 enim
2259 4040 2501 4088 meretur
2553 4027 2782 4083 immitis
2834 4039 2900 4079 ac
2947 4033 3128 4077 savus
3181 4030 3373 4073 eorum
3424 4013 3668 4068 animus.

383 4151 683 4226 πλησιάζει
714 4150 876 4222 πυρὶ,
907 4150 1004 4204 καὶ
1021 4147 1139 4219 ἅμα
1169 4147 1424 4218 τήκεται.

459 4335 698 4389 Ἔπεσε
749 4329 870 4399 πῦρ
913 4327 1008 4385 ἐπ’
1061 4325 1310 4394 αὐτοὺς,
1373 4324 1474 4380 καὶ
1504 4323 1617 4379 οὐκ
1652 4317 1819 4377 εἶδον
1868 4317 1979 4372 τόν

381 4428 583 4496 ἥλιον.
640 4421 834 4495 Κηροῦ
883 4420 1170 4493 μνησθεὶς,
1196 4417 1294 4473 κα)⁸
1336 4417 1451 4487 πῦρ
1499 4413 1833 4486 προσέθηκε,
1864 4406 1978 4477 πῦρ

381 4521 562 4588 λέγων
593 4517 687 4572 τδν
732 4516 998 4588 θεήλατον
1054 4512 1248 4582 θυμὸν,
1288 4511 1384 4566 καὶ
1411 4509 1573 4573 εὐθὺς
1613 4508 1695 4571 εἰς
1722 4504 1822 4575 τὴν
1849 4503 1977 4556 ἑπι-

384 4611 557 4668 οὖσαν
584 4608 804 4679 ἡμέραν
831 4605 930 4660 οὐκ
957 4603 1226 4674 ἔφθασαν.

457 4788 581 4860 Πρὸ
611 4788 721 4842 τοῦ
762 4786 1041 4841 συνιέναι
1060 4783 1169 4850 τὰς
1193 4781 1464 4847 ἀκάνθας
1495 4777 1666 4849 ὑμῶν
1705 4775 1823 4844 τὴν
1873 4773 1982 4843 ῥά-

379 4897 564 4954 μνον.
591 4880 735 4951 Πρὸς
755 4877 846 4931 τὸν
869 4877 1044 4931 Σαοὺλ
1059 4874 1201 4929 κατὰ
1223 4871 1581 4943 ἀποστροφὴν
1609 4873 1638 4923 ό
1669 4869 1858 4937 λόγος’
1899 4867 1981 4920 ὅτι

385 4974 552 5031 τοῦτο
586 4972 838 5026 πεσεῖται
853 4969 914 5022 τὺ
943 4967 1077 5038 πῦρ,
1111 4967 1219 5038 πρὸ
1235 4964 1328 5020 τοῦ
1353 4964 1656 5034 αὐξηθῆναι
1683 4962 1784 5025 τὰς
1805 4961 1980 5030 ἁμαρ-

387 5071 512 5132 τιας
541 5065 722 5132 ὑμῶν.
756 5063 874 5116 Ἵνα
898 5062 954 5115 δὲ
986 5059 1156 5122 σαφὲς
1182 5061 1267 5130 εἴη
1297 5058 1359 5111 τὸ
1396 5057 1712 5124 λεγόμενον,
1737 5052 1984 5108 ἄκανθαν

392 5160 495 5233 μὶν
523 5157 686 5212 καλεῖ
734 5157 768 5224 ἡ
809 5154 1001 5225 Γραφὴ
1029 5152 1130 5223 τὴν
1159 5148 1440 5221 ἁμαρτίαν
1463 5164 1478 5180 ·
1515 5147 1719 5218 ῥάμνος
1751 5143 1809 5198 δέ
1833 5145 1982 5196 ἐστιν

391 5249 536 5314 εἶδος
574 5247 826 5317 ἀκάνθης
886 5245 1146 5316 μέγιστον
1221 5241 1315 5296 καὶ
1359 5241 1753 5312 σκληρότατον.
1800 5236 1972 5306 Φησὶν

392 5344 511 5409 οὖν,
553 5344 640 5398 ὅτι
705 5341 782 5393 Τὸ
823 5337 1066 5409 δηλωθὲν
1098 5334 1210 5407 πῦρ
1268 5335 1550 5395 πεσεῖται,
1597 5332 1705 5400 πρὸ
1750 5329 1843 5384 τοῦ
1885 5329 1983 5392 τὰς

392 5437 648 5501 ἀκάνθας
691 5433 868 5506 ὑμῶν,
910 5433 1033 5504 ήτοι
1106 5429 1206 5493 τὰς
1254 5426 1558 5499 ἁμαρτίας.
1609 5423 1850 5477 συνιέναι
1885 5421 1984 5492 τὴν

397 5535 634 5602 ῥάμνον,
673 5527 923 5580 τουτέστι
980 5521 1174 5594 μαθεῖν
1227 5520 1325 5575 καὶ
1373 5519 1455 5582 εἰς
1509 5517 1586 5588 (4)
1643 5513 1757 5580 ἕξιν
1808 5512 1983 5567 ἐλθεῖν

399 5621 697 5697 μεγέθους,
731 5617 828 5672 καὶ
869 5617 974 5686 τῆς
1005 5613 1377 5686 σκληρότητος
1415 5608 1520 5682 τῆς
1544 5607 1775 5679 ῥάμνου,
1806 5605 1836 5659 ὃ
1865 5605 1984 5658 ἐστι

2078 4128 2214 4182 Nam
2251 4122 2416 4180 simul
2459 4136 2522 4176 ac
2567 4134 2690 4174 cera
2737 4116 2849 4186 igni
2888 4112 3108 4167 admota
3159 4107 3370 4170 fuerit,
3409 4102 3672 4157 continuo

2079 4215 2357 4287 liquescit.

2151 4309 2353 4366 Cecidit
2386 4306 2522 4377 ignis
2545 4319 2704 4372 super
2720 4318 2830 4366 eos,
2852 4309 2900 4354 et
2920 4314 3022 4352 non
3045 4295 3291 4350 viderunt
3316 4288 3502 4344 solem.
3518 4285 3674 4341 Cerae

2082 4400 2352 4465 meminit,
2384 4375 2547 4452 modo
2587 4397 2766 4464 ignem
2795 4389 2946 4446 addit
2975 4427 2990 4451 ,
3020 4387 3204 4458 ignem
3253 4379 3534 4452 appellans
3582 4375 3673 4430 ul-

2081 4495 2287 4548 tionem
2320 4506 2348 4544 a
2377 4491 2486 4545 Deo
2518 4487 2746 4542 illatam.
2767 4481 3069 4539 Confestim
3102 4479 3275 4548 igitur
3307 4491 3335 4528 a
3369 4481 3672 4541 conspectu

2082 4587 2228 4658 ignis
2259 4585 2575 4653 perierunt,
2632 4581 2726 4633 ita”
2759 4587 2819 4633 ut
2874 4576 2940 4631 ad
2985 4580 3304 4642 sequentem
3369 4566 3512 4621 diem
3565 4578 3675 4618 non

2083 4678 2455 4751 pervenerint.
2491 4675 2597 4730 Per
2621 4673 2788 4727 solem
2827 4670 2974 4725 enim
3013 4667 3158 4722 diem
3189 4659 3470 4726 intelligit.

2160 4773 2329 4829 VEns.
2386 4770 2473 4825 10.
2536 4767 2862 4836 Priusquam
2933 4760 3234 4830 intelligant
3283 4754 3450 4822 spina:
3496 4757 3680 4804 vestra:

2087 4866 2391 4921 rhamnum.
2445 4859 2794 4932 Apostrophe
2823 4855 2994 4911 utitur
3041 4849 3339 4920 Propheta.
3391 4839 3682 4900 Convertit

2085 4960 2229 5016 enim
2266 4969 2576 5013 sermonem
2611 4966 2772 5008 suum
2799 4949 2865 5003 ad
2895 4947 3138 5002 Saulem.
3163 4941 3451 5012 Ignisiste,
3473 4931 3678 5001 inquit.

2086 5067 2254 5122 super
2287 5064 2384 5104 vos
2435 5047 2684 5108 decidet,
2731 5043 3058 5113 priusquam
3112 5042 3337 5107 peccata
3393 5036 3572 5083 vestra
3623 5022 3678 5075 in

2084 5144 2415 5200 immensum
2440 5139 2736 5194 creverint.
2775 5135 2848 5189 Ut
2881 5141 3064 5186 autem
3109 5127 3312 5182 clarior
3350 5123 3442 5176 fiat
3485 5127 3680 5171 sensus

2086 5251 2246 5307 quem
2278 5233 2534 5298 dicimus,
2571 5231 2708 5286 illud
2757 5225 3155 5286 animadverte,
3209 5211 3678 5307 quod‘Scriptura

2085 5303 2232 5398 saepe
2269 5341 2365 5397 per
2390 5326 2637 5394 spinam,
2664 5323 2973 5390 'peccatum
3025 5308 3300 5378 intelligit.
3360 5303 3677 5398 Rhamnum

2087 5391 2582 5477 autem-dumorum
2605 5413 2876 5487 quoddam
2902 5421 3076 5480 genus
3096 5411 3202 5466 est,
3225 5397 3371 5470 quod
3423 5391 3680 5450 maximis

2088 5520 2252 5582 atque
2281 5486 2911 5565 acutissimisrefertum
2940 5506 3027 5552 est
3059 5492 3286 5549 aculeis.
3346 5487 3436 5542 Ait
3469 5486 3678 5555 igitur:

2089 5577 2239 5676 Ignis
2264 5603 2378 5667 ille,
2408 5615 2572 5674 quem
2605 5597 2874 5662 diximus,
2902 5591 3056 5664 prius
3084 5587 3281 5652 irruet,
3312 5595 3477 5653 quam
3507 5577 3685 5649 spina:

1777 5781 1980 5845 Variae
2021 5779 2360 5846 lectiones.

474 5898 556 5970 (4)
592 5895 679 5952 ΑΙ.
727 5895 899 5964 ἄξιον.
