4120 6430
528 351 635 418 £03

1770 358 2167 431 EUTHYMII
2210 363 2581 433 Z‘lGABENl

3690 377 3809 447 £04

528 476 743 531 vostrae,
778 463 885 523 hoc
908 472 1021 534 est,
1061 475 1283 537 peccata
1309 475 1516 533 vestra,
1579 467 1890 542 intelligam
1930 472 2094 527 rham‘

2220 475 2319 545 τῆς
2350 477 2775 552 ὑπερϐαλούσης
2832 480 3055 546 κακίας.
3104 481 3301 549 Οὕτως
3333 484 3445 558 γὰρ
3487 489 3585 544 καὶ
3615 489 3813 556 Σαοὺλ,

527 554 770 622 num;id
801 568 931 628 est,
976 561 1299 632 priusquam
1356 562 1427 618 ad
1491 553 1768 619 summum
1819 564 2112 621 deveniam

2218 567 2399 638 ὀλίγον
2428 573 2622 645 καιρὸν
2650 574 2885 645 ἐπέζησε
2919 577 2988 647 τῇ
3017 576 3212 650 κακίᾳ.

516 653 801 707 cumulum
843 673 858 707 :
891 668 959 710 eo
998 655 1182 722 modo,
1226 671 1336 726 quo
1371 657 1648 714 tenuiores
1684 658 1855 728 spinae
1878 659 2099 723 tandem
2140 661 2409 731 adauctae,
2464 667 2683 725 rhamni
2720 671 2960 741 speciem
2982 679 3229 742 gerunt:
3274 674 3443 744 ‘quod
3472 686 3529 733 et
3584 693 3647 735 re
3692 681 3813 752 ipsa

507 747 752 800 .accidit.
786 746 922 802 Nam
956 748 1086 803 Saul
1125 753 1471 821 postmodum
1503 768 1610 807 non
1649 752 1742 807 diu
1776 754 1935 809 vixit.

588 840 761 906 Quasi
794 843 1043 905 viventes,
1062 845 1221 914 quasi
1250 845 1304 899 in
1337 846 1418 899 ira
1447 847 1695 902 absorbet
1714 847 1989 918 eos.lgnis
2020 846 2113 904 ille

521 931 802 998 nimirum,
839 949 999 1003 quem
1026 936 1268 993 diximus
1301 954 1315 991 :
1353 937 1762 1005 Quasiviventes
1786 948 1966 995 autem
1988 941 2113 996 ideo

519 1022 682 1089 dixit,
715 1023 864 1094 quod
903 1026 974 1081 ab
1016 1041 1082 1081 eo
1115 1034 1362 1098 tempore
1406 1046 1516 1101 quo
1546 1030 1675 1086 Saul
1711 1047 1740 1085 a
1780 1033 2113 1105 pythonissa

519 1113 802 1172 interitum
839 1133 1001 1173 suum
1036 1132 1405 1190 praesenserat
1439 1141 1453 1179 :
1503 1125 1833 1195 praecognita
1888 1135 2110 1192 «torte,

2293 851 2456 907 Ὠσεί
2480 852 2725 923 ζῶντας,
2746 855 2891 921 ὡσεὶ
2917 856 2989 911 ἐν
3014 856 3166 926 ὀργῆ
3193 861 3805 932 καταπίεταιαὺτούς.

2210 943 2286 995 Τὸ
2308 944 2476 1014 ῥηθὲν
2504 945 2636 1018 πῦρο
2662 947 2806 1002 ὡσεί
2826 946 3053 1016 ζῶντας
3076 950 3154 1016 δὲ,
3190 950 3276 1004 διὰ
3304 952 3385 1020 τὸ,
3417 953 3509 1008 τὸν
3527 955 3703 1011 Σαοὺλ
3730 959 3807 1028 μὴ

2210 1036 2425 1106 κυρίως
2452 1037 2578 1109 ζῇν,
2601 1039 2804 1107 ἀφύτου
2827 1041 2984 1111 παρὰ
3007 1041 3106 1113 τῆς
3136 1045 3587 1116 ἐγγαστριμύθου
3620 1052 3807 1119 μεμά-

2208 1128 2352 1200 θηκε
2396 1130 2499 1202 τὴν
2546 1131 2930 1205 πανωλεθρίαν
2965 1134 3188 1193 ἑαυτοῦ.
3225 1136 3388 1191 Ὠσεί
3430 1136 3654 1208 ζῶντας
3684 1142 3805 1210 οὖν,

518 1207 681 1277 quasi
713 1223 825 1265 non
856 1210 1044 1267 vivere
1068 1211 1379 1269 videbatur.
1413 1214 1485 1270 Et
1510 1215 1669 1284 quasi
1690 1217 1743 1269 in
1764 1215 1866 1281 ira,
1892 1223 2094 1286 propth

2214 1223 2341 1279 ἀντὶ
2366 1223 2489 1289 τοῦ,
2522 1226 2615 1296 Μὴ
2674 1226 2881 1297 κυρίως
2912 1226 3148 1293 ζῶντας.
3195 1229 3357 1287 Ὠσεί
3395 1231 3466 1286 ἐν
3506 1234 3676 1304 ὀργῇ,
3717 1207 3810 1291 6ιά

500 1300 816 1369 violentum
852 1318 1022 1373 genus
1054 1306 1271 1360 mortis.
1289 1305 1615 1361 Absorbetur
1640 1308 1803 1363 etiam
1833 1310 1994 1375 dixit,
2029 1311 2113 1366 in—

517 1393 711 1452 dicans
746 1400 892 1466 quod
926 1398 1087 1456 facile
1132 1400 1242 1457 Deo
1265 1403 1431 1473 :esset
1466 1417 1569 1476 pro
1603 1403 1761 1461 libito
1815 1404 1940 1462 illos
1988 1421 2114 1477 per-

517 1485 672 1542 dere.

582 1576 752 1636 Visus.
775 1581 861 1637 Η.
885 1581 1181 1649 ιῳιαύίιιιι·
1200 1586 1405 1657 justus,
1435 1607 1554 1647 cum
1584 1592 1773 1648 viderit
1796 1594 2101 1651 vindictam.

510 1667 727 1728 Justum
769 1674 859 1730 hic
903 1692 1026 1732 eum
1063 1682 1350 1750 appellat,
1408 1686 1499 1740 cui
1560 1686 1760 1756 injuria
1806 1696 2104 1745 nectuntur

510 1762 752 1821 insidiae.
797 1767 1094 1825 laetabitur
1120 1782 1328 1840 autem,
1362 1792 1473 1832 non
1510 1777 1565 1833 in
1596 1779 1778 1849 lapsu,
1814 1790 1908 1835 aut
1944 1784 2101 1837 ruina

510 1868 805 1924 pravorum
837 1858 1258 1927 bominum,sed
1291 1869 1345 1920 in
1376 1869 1689 1938 aequissima
1732 1871 1824 1925 Dei
1855 1871 2098 1941 justitia,

507 1944 598 2015 qui
625 1946 886 2015 injuriam
918 1966 1112 2020 passos
1145 1952 1396 2013 homines
1424 1973 1534 2014 non
1561 1959 1809 2031 despexit
1837 2003 1852 2027 ,
1889 1979 1957 2017 ne
2000 1964 2102 2018 im-

493 2036 617 2113 yiis
647 2038 871 2111 impune
890 2045 1251 2113 peccantibus
1271 2090 1286 2114 ,
1320 2048 1666 2106 inﬁrmorum
1713 2053 1906 2107 animi
1937 2055 2102 2110 [mde-

511 2138 726 2186 rentur.

583 2226 780 2281 Manus
811 2244 939 2283 suas
974 2229 1177 2286 lauabit
1219 2234 1272 2288 in
1310 2237 1568 2308 sanguine
1610 2243 1926 2308 peccatoris.
1978 2241 2100 2299 Non

510 2314 718 2371 iavabit
748 2334 947 2376 manus
970 2323 1248 2397 intingens
1278 2341 1373 2384 eas
1397 2328 1452 2384 in
1483 2332 1907 2401 sauguine,sed,
1932 2336 2099 2391 veluti

506 2408 779 2467 innocens
820 2412 875 2467 in
928 2414 1048 2483 ipso
1091 2420 1402 2490 sanguine,
1448 2438 1648 2481 manus
1697 2441 1830 2482 suas
1873 2428 2099 2487 lavabit.

507 2499 664 2557 llunc
701 2511 881 2559 autem
938 2507 1195 2577 loquendi
1236 2513 1456 2569 modum
1518 2516 1649 2572 alibi
1705 2519 1988 2587 vidimus,
2046 2523 2100 2576 in

504 2592 721 2661 psalmo
766 2610 908 2663 xxv,
944 2599 1019 2655 ibi
1064 2601 1333 2660 :Lavabo
1384 2608 1437 2661 in
1483 2609 1851 2666 innocentibus
1908 2633 2100 2672 manus

505 2696 676 2738 meas.
707 2685 812 2741 Alii
847 2688 1039 2745 dicunt
1074 2692 1149 2747 ita
1183 2695 1413 2767 intelligi
1465 2698 1667 2756 debere
1694 2743 1711 2769 ,
1768 2706 1917 2775 quod
1966 2707 2098 2765 dum

486 2780 809 2856 peccatoris
837 2788 1070 2854 sanguis
1097 2785 1429 2857 eii‘undetur,
1455 2794 1638 2863 justus
1666 2798 1877 2855 iavabit
1905 2817 2102 2867 manus

504 2880 655 2933 suas,
688 2870 791 2926 hoc
829 2882 934 2941 est,
972 2880 1261 2936 mundabit
1289 2884 1540 2942 actiones
1572 2904 1738 2953 suas,
1774 2892 1958 2949 factus
2012 2897 2101 2951 ni-

502 2960 705 3015 mirum
771 2967 988 3021 cautior
1034 2985 1101 3025 ex
1161 2975 1505 3034 cruciatibus
1558 2985 1829 3050 peccatori
1881 2985 2095 3044 illatis:

2211 1320 2276 1374 τὸ
2301 1319 2581 1389 ἀπότομον
2606 1319 2701 1375 καὶ
2731 1321 3063 1390 ἀσυμπαθὲς
3094 1322 3191 1377 τοῦ
3222 1324 3449 1395 ὀλέθρου
3472 1342 3486 1356 ο
3511 1331 3807 1384 Καταπίε-

2208 1428 2304 1467 ται
2355 1412 2412 1466 δὲ
2444 1408 2590 1477 εἷπε,
2619 1412 2708 1466 διὰ
2735 1413 2795 1466 τὸ
2817 1414 3068 1486 εὐχερές.

2279 1588 2782 1660 Εὐφρανθήσεται
2836 1592 3089 1661 δίκαιος,
3134 1594 3284 1649 ὅταν
3326 1597 3426 1664 ιδῃ
3454 1597 3801 1668 ἐκδίκησιν.

2142 1723 2183 1778 Β
2208 1686 2428 1741 Δίκαιον
2459 1686 2608 1755 λέγει
2645 1686 2738 1741 τὸν
2774 1687 2975 1751 ἀδίκως
3004 1688 3516 1761 ἐπιϐουλευόμενον.
3554 1694 3806 1763 Εὐφραν-

2209 1779 2433 1851 θήσεται
2466 1780 2545 1849 δὲ,
2601 1780 2702 1834 οὐκ
2760 1782 2853 1834 ἐπὶ
2886 1785 2953 1853 τῇ
2986 1780 3192 1836 πτώσει
3231 1783 3320 1837 τοῦ
3360 1786 3627 1857 πονηροῦ,
3680 1788 3802 1842 ἀλλ’

2205 1874 2300 1929 ἐπὶ
2346 1877 2414 1947 τῇ
2464 1873 2789 1949 δικαιοσύνῃ
2824 1875 2921 1929 τοῦ
2952 1875 3111 1943 Θεοῦ,
3171 1878 3254 1931 ὅτι
3298 1878 3360 1933 οὐ
3404 1882 3646 1953 περιορᾷ
3675 1882 3803 1947 τοὺς

2205 1968 2624 2038 ἀδικουμένους,
2657 1967 2746 2024 ἵνα
2782 1967 2857 2040 μὴ
2886 1967 3142 2040 βλάϐειεν
3172 1972 3224 2024 oi
3258 1971 3621 2043 μικρόψυχοι.

2282 2237 2394 2304 Τὰς
2430 2235 2641 2306 χεῖρας
2689 2236 2879 2292 αὐτοῦ
2931 2239 3175 2309 νίφεται
3231 2239 3302 2295 ἐν
3346 2241 3426 2308 τῷ
3462 2243 3665 2312 αἵματι
3695 2243 3803 2299 τοῦ

2204 2328 2583 2400 ἀμαρτωλοῦ.
2636 2329 2712 2384 Οὐ
2746 2329 2972 2401 βάπτων
3022 2331 3195 2396 αὐτὰς
3235 2333 3295 2388 ἐν
3329 2333 3407 2405 τῷ
3436 2335 3652 2406 αἵματι,
3683 2335 3804 2390 ἀλλ’

2205 2424 2299 2477 ἐπὶ
2326 2421 2406 2494 τῷ
2433 2422 2633 2493 αἵματι
2668 2422 2839 2480 αὐτοῦ
2871 2424 3089 2495 νίφεται
3120 2424 3197 2489 ὡς
3221 2425 3400 2492 ἀθῶος
3424 2428 3521 2483 τοῦ
3548 2432 3796 2487 τοιούτου

2204 2515 2459 2586 αἵματος.
2492 2515 2728 2588 Εἴρηται
2754 2515 2812 2570 δὲ
2837 2518 2968 2589 περὶ
2992 2517 3086 2571 τοῦ
3108 2519 3315 2590 τρόπου
3351 2521 3450 2590 τῆς
3484 2525 3795 2594 ἀπονίψεως

2203 2609 2433 2678 ταύτης,
2481 2610 2542 2663 ὲν
2596 2609 2674 2680 τῷ
2716 2616 2794 2664 κε’
2848 2610 3079 2682 ψαλμῷ,
3134 2613 3217 2673 είς
3247 2612 3347 2666 τό·
3414 2616 3677 2685 Νίψρμαι
3717 2617 3792 2670 ἐν

2202 2701 2415 2769 ἀθώοις
2447 2702 2553 2770 τὰς
2577 2702 2783 2772 χεῖράς
2807 2721 2953 2772 μου.
2979 2704 3141 2768 Τινὲς
3174 2706 3232 2760 δὲ
3271 2705 3519 2776 λέγουσιν
3561 2707 3697 2783 [ὅτι]
3728 2711 3789 2764 ὲν

2202 2794 2553 2867 τῷτνχυοῆναι
2585 2795 2648 2850 τὸ
2688 2790 2832 2864 αἷμα
2848 2795 2950 2850 τοῦ
3000 2796 3358 2868 ἁμαρτωλοῦ,
3385 2801 3413 2853 ὁ
3449 2800 3660 2866 δίκαιος
3691 2818 3795 2855 κα-

2205 2887 2423 2959 θαρίσει
2448 2887 2547 2950 τὰς
2581 2887 2776 2941 ἑαυτοῦ
2807 2890 3021 2959 χεῖρας,
3044 2890 3215 2961 ἧγουν
3280 2890 3531 2962 πράξεις,
3561 2891 3796 2947 εὐλαϐέ-

2207 2995 2399 3050 στερος
2437 2977 2524 3033 διὰ
2554 2979 2647 3032 τὸν
2678 2978 2847 3048 φόϐον
2878 2978 3197 3050 γενόμενος.
3225 2981 3684 3052 Εὐφρανθήσεται
3713 2984 3796 3037 δί-

501 3049 902 3124 iretabiturque,
932 3075 1038 3115 non
1069 3063 1217 3131 quod
1262 3067 1499 3133 gaudeat
1538 3049 1664 3128 eum
1699 3076 1879 3144 pmnis
1912 3078 2052 3136 aﬂici
2082 3114 2094 3141 ι

2209 3089 2386 3136 καιος,
2419 3073 2518 3144 οὐχ
2540 3073 2831 3144 ἡδόμενος,
2863 3076 2945 3126 ὅτι
2986 3049 3196 3139 ἐκεῖνος
3227 3049 3541 3141 κολάζεται,
3570 3077 3684 3132 ἀλλ’
3713 3080 3796 3134 ὅτι

499 3144 595 3200 sed
626 3148 753 3216 quia
792 3149 939 3208 illius
973 3158 1227 3226 exemplo
1259 3158 1379 3231 ipse
1416 3164 1482 3218 tit
1533 3168 1862 3235 prudentior
1899 3187 1965 3227 ac
2002 3189 2094 3231 se-

2198 3163 2365 3226 αύτὸς
2396 3163 2610 3231 γίνεται
2643 3163 3092 3233 σωφρονέστερός
3147 3182 3207 3218 τε
3248 3165 3348 3225 καὶ
3379 3167 3795 3239 ἀσφαλέστερος

498 3240 706 3297 curior.
746 3242 1012 3302 Similiter
1048 3260 1103 3307 et
1134 3251 1341 3310 lavabit
1372 3272 1566 3315 manus
1588 3275 1740 3330 suas,
1767 3266 1896 3335 quia
1922 3271 2094 3327 actio-

2198 3256 2307 3310 ἀπὸ
2351 3258 2451 3326 τῆς
2505 3257 2720 3311 ἐκείνου
2771 3257 3073 3323 κολάσεως.
3148 3257 3386 3330 Ὁμοίως
3436 3263 3533 3315 καὶ
3558 3262 3640 3332 τὸ,
3681 3262 3796 3330 Τὰς

500 3346 600 3386 nes
630 3350 760 3391 suas
788 3342 1098 3406 mundabit,
1130 3345 1263 3401 dum
1320 3358 1580 3418 peccator
1626 3354 1719 3411 ille
1768 3359 2043 3416 occiditur
2073 3404 2090 3437 ,

501 3422 605 3478 hoc
631 3434 740 3493 est,
774 3429 904 3484 dum
943 3435 1194 3501 punitur.

554 3599 742 3669 γεω.
779 3606 867 3663 12.
900 3606 969 3663 Ει
1002 3611 1141 3666 dicet
1176 3613 1333 3669 homo
1360 3616 1469 3674 :Si
1526 3624 1706 3692 utique
1755 3636 1834 3681 est
1882 3627 2092 3697 [metus

495 3689 669 3756 justo.
702 3695 882 3764 utique
915 3708 994 3752 est
1027 3700 1168 3757 Deus
1189 3705 1443 3774 judicans
1475 3728 1563 3768 eos
1619 3689 1679 3769 in
1707 3689 1893 3774 terra:
1913 3722 1979 3776 Et
2001 3738 2093 3779 sa-

504 3781 681 3850 piens,
710 3783 916 3856 inquit,
949 3789 1035 3845 vir
1062 3794 1290 3867 aliquis,
1324 3816 1448 3856 eum
1490 3806 1758 3863 victorem
1804 3826 1925 3868 esse
1958 3827 2095 3870 con-

501 3876 766 3944 spiciens,
793 3881 887 3950 qui
919 3892 1083 3941 antea
1112 3878 1547 3964 opprimebatur,
1581 3899 1894 3971 liujusmodi
1925 3920 2091 3978 argu-

500 3980 687 4025 mento
721 3972 825 4029 iter
869 3976 975 4035 sibi
1008 3981 1080 4037 ad
1112 3984 1377 4055 yirtutem
1413 3992 1630 4059 parabit
1680 4012 1696 4050 :
1735 3994 1793 4051 Si
1843 3972 2049 4069 aliquis
2074 4040 2091 4066 ,

501 4061 881 4136 inquiens,.est
922 4071 1139 4132 fructus
1165 4078 1319 4148 justo
1359 4098 1373 4135 :
1407 4085 1454 4139 si
1504 4085 1610 4140 ulla
1660 4089 1811 4156 justo
1866 4061 2091 4161 praemia

496 4165 627 4211 sunt
661 4163 899 4230 reposita
944 4164 1177 4239 [clarum
1209 4180 1294 4228 est
1315 4185 1496 4232 autem
1520 4181 1667 4249 quod
1703 4182 1942 4240 vindicta
1972 4187 2088 4254 illa,

497 4267 663 4321 quam
704 4253 851 4315 Deus
884 4261 953 4314 de
981 4259 1257 4331 justorum
1297 4266 1537 4325 inimicis
1572 4272 1779 4340 sumit,
1818 4274 1942 4332 loco
1969 4253 2083 4332 true

497 4356 626 4402 ctus
652 4349 820 4418 justis
860 4355 997 4409 viris
1042 4360 1413 4437 reputatur],
1474 4367 1793 4425 necessario
1847 4377 1903 4425 et
1951 4369 2087 4426 illud

2197 3348 2402 3423 χεῖρας
2428 3349 2620 3405 αὐτοῦ
2645 3351 2911 3420 rip-crat,
2945 3350 3220 3424 Καθαριεῑ
3244 3352 3495 3425 δηλονότι
3526 3355 3626 3415 τὰς
3651 3355 3794 3426 πράο

2197 3442 2310 3509 Est;
2330 3442 2522 3509 αὐτοῦ,
2564 3445 2624 3498 ὲν
2675 3444 2754 3515 τῷ
2781 3445 3118 3515 σφάττεσθαι
3162 3447 3393 3514 ἐκεῖνον,
3424 3448 3596 3520 ἤγουν
3626 3450 3792 3505 κολά-

2197 3534 2413 3599 ζεσθαι.

2266 3629 2373 3684 Καὶ
2400 3627 2530 3698 ἐρεῖ
2546 3627 2854 3696 ἄνθρωπος
2881 3646 2896 3660 ο
2921 3630 2992 3681 El
3020 3629 3136 3696 ἄρα
3169 3629 3299 3684 ἐστι
3324 3631 3555 3701 καρπὸς
3583 3631 3664 3700 τῷ
3703 3633 3792 3689 δι-

2195 3722 2365 3787 καίῳ,
2395 3720 2510 3789 ἄρα
2538 3721 2715 3775 ἐστίν
2743 3725 2776 3776 ὁ
2807 3720 2952 3787 Θεὸς
2977 3723 3201 3791 κρίνων
3228 3724 3453 3792 αὐτοὺς
3478 3726 3554 3781 ἐν
3582 3727 3659 3796 τῇ
3688 3726 3785 3798 γῆ.

2192 3814 2311 3871 Καὶ
2360 3817 2389 3869 ό
2449 3815 2671 3879 συνετὸς
2721 3815 3019 3886 ἄνθρωπος
3063 3816 3191 3870 ἰδὼν
3249 3820 3346 3873 τὸν
3395 3821 3785 3892 ἀδικούμενον.

2196 3907 2438 3977 μάλιστα
2491 3908 2817 3981 νικήσαντα,
2875 3912 2993 3981 ὲρεί
3041 3912 3509 3982 συλλογιστικῶς·
3564 3918 3627 3972 Ei
3679 3919 3792 3999 ἄρα

2194 3999 2315 4054 ἐστὶ
2348 4000 2563 4072 καρπὸς
2602 4001 2683 4071 τῷ
2713 4002 2931 4068 δικαίῳ,
2966 4004 3061 4065 κα).
3087 4007 3137 4059 εί
3175 4007 3238 4063 οὐ
3282 4007 3464 4078 μάτην
3493 4009 3793 4078 ἐργάζεται

2194 4091 2295 4164 τὴν
2308 4088 2534 4164 ἀρετὴν,
2559 4094 2720 4163 δῆλον
2743 4096 2801 4150 δὲ
2816 4097 2897 4150 ὅτι
2915 4098 3128 4166 καρπός
3142 4101 3299 4159 ἐστιν
3313 4101 3464 4171 αὐτῷ
3480 4102 3789 4173 ἐκδίκησις·

2195 4183 2306 4255 ἄρα
2333 4185 2485 4240 ἐστὶν
2517 4186 2545 4239 ὁ
2580 4185 2712 4252 Θεὸς
2733 4188 2828 4242 καὶ
2853 4188 3087 4243 ἐνταῦθα
3119 4190 3322 4261 κρίνων
3344 4194 3564 4257 αὐτοὺς,
3585 4194 3792 4268 δηλαδὴ

2195 4279 2358 4332 αὐτὸν
2395 4276 2490 4335 τὸν
2522 4277 2699 4344 οὕτως
2746 4280 3227 4354 συλλογιζόμενον,
3289 4283 3385 4341 καὶ
3418 4286 3545 4351 τοὺς
3590 4286 3790 4351 ἄλλους

2195 4370 2546 4445 ἀνθρώπους.
2582 4372 2693 4427 Καὶ
2717 4373 2906 4430 λοιπὸν
2947 4372 3183 4446 βελτίὼν
3209 4378 3561 4443 ὲντεῢθενείς
3583 4380 3790 4451 ἀρετὴν

496 4437 793 4497 dicendum
821 4453 907 4501 est
947 4447 1118 4504 Deum
1149 4467 1293 4518 esse,
1324 4459 1419 4526 qui
1450 4459 1505 4514 in
1535 4461 1640 4516 hac
1672 4462 1785 4517 vita
1838 4471 1953 4518 tam
1993 4464 2081 4519 in-

2195 4464 2510 4534 γενήσεται.
2954 4532 2965 4545 δ

492 4530 911 4602 justosjudicat
938 4554 1100 4608 quam
1127 4543 1350 4616 justos;
1381 4551 1528 4608 unde
1561 4553 1884 4623 hujusmodi
1916 4530 2208 4613 rationem
2244 4530 2630 4620 considerans,
2705 4532 2988 4612 ardentior
3041 4556 3135 4613 ﬁet
3184 4558 3250 4615 ad
3314 4562 3607 4620 sectandas
3670 4566 3812 4649 vir~'

497 4637 663 4684 tutes.

494 4720 565 4777 In
592 4724 752 4792 ﬁnem
786 4744 850 4782 ne
878 4744 1211 4803 corrumpas,
1241 4739 1481 4804 psalmus
1515 4741 1617 4811 ipsi
1646 4742 1839 4809 David,
1857 4745 1910 4798 in
1935 4747 2082 4800 tituli

446 4874 453 4893 τ
564 4817 1001 4892 inscriptionem,
1040 4829 1252 4897 quando
1300 4831 1447 4886 misit
1492 4832 1627 4889 Saul
1684 4844 1732 4888 et
1795 4837 2079 4894 custodiuit

437 4908 457 4951 ³
561 4912 779 4969 domum
804 4915 921 4979 eius
960 4929 1018 4975 ut
1066 4921 1387 4991 interﬁceret
1421 4942 1564 4983 eum.

1015 5013 1243 5070 PSALM
1254 5016 1358 5072 US
1371 5017 1556 5075 LVNI.

562 5100 695 5156 Saul
736 5104 906 5161 livore
942 5122 1249 5164 succensus
1275 5109 1543 5167 adversus
1588 5114 1808 5170 beatum
1867 5116 2039 5174 David
2062 5161 2078 5186 ,

488 5194 969 5265 frequentissimas
995 5202 1044 5258 ei
1075 5203 1333 5260 tendebat
1394 5206 1649 5264 insidias.
1674 5209 1835 5277 {Cum
1897 5219 2080 5268 autem

487 5307 596 5346 una
630 5291 842 5349 dierum
880 5304 1162 5367 arreptum
1193 5297 1322 5354 Saul
1354 5299 1601 5369 jaculum
1666 5302 1723 5358 in
1781 5304 1933 5360 illum
1978 5308 2082 5361 im—

490 5385 757 5451 misisset,
795 5387 1070 5443 declinato
1106 5390 1213 5446 ictu
1242 5392 1416 5448 evasit
1441 5392 1632 5451 beatus
1666 5394 1839 5452 David
1868 5436 1884 5461 ,
1919 5407 1973 5453 et
2024 5399 2079 5454 in

489 5476 717 5530 domum
759 5494 917 5534 suam
952 5481 1114 5536 abiit.
1140 5481 1528 5541 Perseverante
1554 5495 1739 5543 autem
1795 5492 1941 5559 regis
1970 5492 2077 5556 ira,

496 5568 813 5623 mandatum
842 5578 950 5637 est,
983 5581 1043 5626 ut
1073 5573 1318 5644 diligenti
1370 5579 1603 5633 militum
1663 5581 1910 5636 custodia
1938 5582 2082 5639 Illius

492 5655 691 5711 domus
742 5661 1152 5731 observaretur,
1193 5681 1262 5721 ne
1323 5668 1532 5724 scilicet
1578 5668 1864 5740 eii‘ugeret.
1918 5672 2079 5737 Quod

495 5761 731 5803 cernens
753 5747 964 5807 Melcho
1005 5756 1123 5825 ejus
1155 5773 1292 5814 uxor
1323 5770 1376 5814 et
1396 5760 1577 5817 Saulis
1602 5761 1733 5827 tilia,
1766 5763 2079 5818 viroomnia

495 5839 859 5911 renuntiavit,
888 5852 1051 5916 atque
1081 5848 1128 5903 ci
1159 5864 1252 5918 per
1290 5848 1583 5908 fenestram
1622 5852 1882 5925 eﬂugium
1918 5867 2080 5923 para-

2182 4744 2285 4809 Εὶς
2303 4742 2366 4795 τὸ
2380 4740 2549 4803 τέλος
2558 4740 2644 4810 μὴ
2657 4739 3007 4811 διαφθείρῃς
3018 4742 3130 4797 τὸν
3145 4742 3324 4798 Δαϐὶδ
3340 4747 3431 4813 εὶς
3445 4750 3789 4818 στηλογριι-

2262 4836 2432 4905 φίαν,
2450 4835 2632 4888 ὁπότε
2657 4833 2985 4889 ἀπέστειλε
3006 4835 3232 4900 Σαοὺλ,
3256 4839 3355 4891 καὶ
3382 4838 3654 4908 ἐφύλαξε
3676 4843 3789 4897 τόν

2261 4926 2434 4985 οἷκον
2463 4927 2676 4995 αὐτοῦ,
2708 4928 2821 4983 τοῦ
2846 4929 3194 4984 θανατῶσαι
3222 4933 3436 4989 αὐτόν.

2741 5023 3037 5077 ΨΔΛΜΟΣ
3075 5025 3121 5077 Ν
3129 5023 3210 5080 H'.

2272 5117 2334 5170 Ὀ
2358 5115 2533 5170 Σαοὺλ
2561 5114 2869 5184 διαφθονῶν
2896 5114 2975 5186 τῷ
2997 5116 3186 5185 Δαϐὶδ,
3236 5118 3602 5178 ἐπεϐούλευεν
3630 5127 3786 5200 αὐτῷ

2191 5210 2609 5281 συνεχέστερον,
2643 5208 2741 5264 καί
2787 5226 2917 5263 ποτε
2948 5211 3401 5282 συνεστιώμενος
3444 5217 3617 5289 αὐτῷ,
3649 5220 3785 5294 δόρυ

2184 5302 2390 5367 λαϐὼν,
2437 5300 2754 5371 ἐπαφῆκεν.
2802 5300 3190 5367 Ἐκκλίναντος
3234 5304 3315 5369 δὲ,
3357 5309 3451 5362 καὶ
3493 5311 3786 5385 ἀναχωρή-

2187 5409 2408 5458 σαντος,
2463 5393 2831 5463 περιέστησεν
2861 5394 3133 5463 φρουρὰν,
3172 5397 3255 5459 είς
3289 5396 3382 5452 τὸν
3417 5395 3570 5454 οἶκον
3588 5404 3781 5460 αὐτοῦ.

2185 5484 2360 5539 Τοῦτο
2422 5484 2481 5540 δὲ
2521 5488 2554 5557 ἡ
2588 5483 2790 5555 Μελχὼ
2827 5487 2858 5556 η
2890 5485 3149 5557 θηγάτηρ
3185 5487 3286 5559 μὲν
3314 5490 3511 5560 Σαοὺλ,
3556 5497 3693 5563 γυνὴ
3722 5498 3781 5551 δὲ

2184 5576 2371 5640 Δαϐὶδ,
2430 5577 2875 5648 καταμηνύσασα
2923 5577 3002 5644 τῷ
3027 5578 3206 5651 ἀνδρὶ,
3252 5586 3642 5652 παρεσκεύασε
3692 5588 3782 5643 διὰ

2186 5667 2533 5740 φωταγωγοῦ
2563 5685 2709 5731 τινος
2730 5669 3061 5739 ἀποδρᾶναι,
3091 5670 3336 5743 καθὼςή
3369 5674 3563 5748 πρώτη
3594 5678 3782 5749 βίϐλος

2186 5761 2296 5815 τῶν
2347 5760 2651 5814 Βασιλειῶν
2705 5761 2910 5829 ἱστορεῖ
2950 5760 3307 5835 πλατύτερον,
3374 5767 3670 5839 Διαφυγὼν
3722 5770 3783 5825 δὲ

2189 5851 2451 5917 συνέταξε
2491 5851 2585 5906 τὸν
2617 5849 2986 5922 προκείμενον
3028 5852 3247 5933 ψαλμόν
3272 5870 3286 5884 ·
3327 5856 3420 5911 ἐπὶ
3450 5858 3545 5914 τοῦ
3574 5860 3785 5931 παρόν-
