4120 6454
384 413 495 475 605

1572 413 1966 476 COMMENT.
2006 413 2088 475 IN
2129 414 2503 476 PSALMOS.

3543 417 3656 480 606

376 543 468 588 τος
497 523 615 591 οὖν,
634 523 812 591 ἄλλως
838 523 1137 595 ἐξηγητέον
1161 524 1260 596 τὴν
1283 523 1379 577 τοῦ
1408 522 1510 590 Εις
1527 523 1704 590 τέλος
1726 525 1802 596 (5)
1825 542 1930 596 προ

2065 524 2178 590 vit,
2207 523 2672 594 quemadmodum
2709 523 2768 578 in
2804 523 3006 594 primo’
3028 523 3237 593 Regum
3291 524 3438 581 libro
3487 528 3658 584 latine

375 619 623 690 γραφήν.
661 619 958 690 Παρεγγυᾷ
988 617 1097 689 γὰρ
1128 619 1208 681 είς
1233 613 1294 670 τὸ
1316 617 1470 680 τέλος
1503 617 1611 670 τῶν
1636 619 1966 687 πειρασμῶν

371 714 530 784 ὁρᾷν,
584 711 680 766 καὶ
725 711 804 782 μὴ
854 711 1192 782 διαφθείρειν
1248 711 1346 781 τὴν
1392 709 1701 780 ὑπομονὴν.
1744 704 1876 762 Εἶτα
1903 709 1965 762 τὸ

371 803 500 875 ἑξῆς
531 807 630 875 τῆς
668 805 1008 875 ἐπιγραφῆς,
1039 802 1119 870 τῷ
1141 803 1340 867 Δαϐὶδ,
1368 803 1526 872 φησὶ,
1562 801 1859 871 πεποίηται
1885 803 1966 864 είς

368 897 761 963 ἀνεξάλειπτον
793 897 1020 968 μνήμην
1053 896 1164 950 τῶν
1196 897 1606 968 γεγενημένων.

2068 618 2405 672 continetur.
2431 616 2568 672 Cum
2587 617 2752 687 igitur
2775 625 2908 673 tunc
2932 617 3234 687 aufugisset
3259 617 3452 674 beatus
3483 618 3652 678 David

2069 715 2394 778 praesentem
2429 708 2702 777 psalmum
2748 707 3083 778 composuit.
3136 709 3202 764 Et
3249 711 3394 778 quod
3446 712 3692 780 psalmo'

2067 801 2375 871 inscripsit,
2405 801 2459 854 in
2492 802 2650 870 ﬁnem
2677 840 2692 865 ,
2722 817 2783 854 ne
2824 816 3135 868 corrumpas
3163 843 3178 864 ,
3209 801 3316 857 alio
3357 803 3521 857 modo
3561 821 3660 860 ex-

2068 891 2383 963 ponendum
2424 901 2507 946 est
2538 904 2567 954 ,'
2595 906 2760 962 quam
2808 892 2936 948 alibi
2988 894 3431 963 exposuerimus.
3490 894 3655 952 lubet

369 992 520 1048 enim
542 1006 642 1045 nos
673 991 949 1062 Propheta
976 991 1045 1048 ad
1067 993 1430 1047 tentationnm
1465 991 1623 1046 tinem
1658 992 1957 1059 respicere,
2000 984 2586 1056 Ionganimitatemque
2686 1001 2750 1040 ac
2796 986 3122 1054 patientiam
3193 1001 3300 1041 non
3390 989 3653 1057 abjicere.

371 1086 438 1142 Et
474 1087 618 1159 quod
647 1088 924 1158 sequitur,
954 1089 1056 1158 ipsi
1078 1087 1243 1144 David
1268 1092 1324 1145 in
1349 1090 1492 1144 tituli
1525 1088 1944 1156 inscriptionem,
1984 1080 2229 1152 intelligo
2284 1082 2407 1136 ideo
2457 1081 2661 1136 dictum
2728 1097 2852 1138 esse
2881 1122 2898 1148 ,
2939 1083 3068 1152 quia
3097 1081 3414 1140 elaboratus
3442 1125 3456 1149 ,
3491 1094 3657 1156 atque

366 1183 708 1252 compositus
730 1181 895 1236 fuerit
923 1182 1012 1236 hic
1035 1183 1302 1253 psalmus,
1329 1182 1383 1236 in
1418 1191 1736 1252 perpetuam
1775 1193 1957 1233 rerum
1999 1173 2343 1235 memoriam,
2375 1187 2498 1242 qua:
2533 1181 2665 1228 tunc
2699 1174 2748 1230 ei
2775 1171 3150 1242 contigerunt.

437 1277 694 1342 Ἐξελοῦ
721 1294 798 1346 με
838 1277 905 1331 ἐκ
929 1276 1048 1331 τῶν
1071 1277 1306 1347 ἐχθρῶν
1328 1296 1470 1347 μου,
1499 1281 1532 1332 ὀ
1557 1276 1724 1342 Θεὸς,
1761 1275 1858 1329 καὶ
1884 1275 1952 1328 ἐκ

367 1367 489 1420 τῶν
508 1368 1010 1436 ἐπανισταμένων
1037 1369 1132 1423 ἐπ’
1156 1369 1280 1438 ἐμὲ,
1319 1371 1396 1424 λύ
1408 1370 1637 1437 τρωσαί
1657 1369 1955 1438 tte-pocae

365 1461 532 1522 ιιεὲκ
560 1458 680 1514 τῶν
719 1460 1133 1531 ἐργαζομένων
1162 1462 1278 1532 τὴν
1309 1463 1590 1531 ἀνομίαν.
1617 1460 1714 1515 καὶ
1743 1461 1813 1526 ἐξ
1851 1461 1958 1515 ἀν-

364 1551 526 1619 δρῶν
566 1551 831 1621 αιμὰτων
859 1552 1072 1608 σῶσόν
1098 1573 1189 1623 με.
1241 1555 1742 1626 Ἐπανισταμένους
1786 1552 1957 1621 λέγει,

365 1646 496 1708 τοὺς
531 1644 949 1716 ἐπιτιθεμένους
987 1647 1081 1700 καὶ
1128 1647 1491 1716 ὲφορμῶντας
1539 1645 1711 1714 αὐτῷ,
1760 1644 1959 1714 δηλαδὴ

367 1739 464 1792 τὸν
500 1738 698 1804 Σαοὺλ,
749 1737 846 1792 καὶ
896 1740 1022 1803 τοὺς
1079 1741 1212 1809 περὶ
1260 1739 1426 1796 αὐτὸν
1469 1737 1830 1812 στρατιώτας,
1864 1739 1961 1793 καὶ

368 1833 497 1894 τοὺς
551 1831 972 1908 ὑπουργοῦντας
1024 1833 1207 1896 αὐτοῖς
1253 1833 1540 1903 δαίμονας.
1588 1832 1728 1896 Τοὺς
1759 1833 1960 1894 αὐτοὺς

2133 1269 2301 1322 Vens.
2335 1267 2389 1327 2,
2421 1269 2472 1322 5.
2515 1267 2672 1334 Eripe
2716 1284 2795 1322 me
2833 1267 2897 1322 de
2923 1269 3154 1323 inimicis
3201 1270 3351 1333 meis,
3394 1270 3561 1333 Deus,
3607 1281 3656 1325 et

2061 1364 2127 1416 ab
2162 1360 2554 1430 insurgentibus
2585 1361 2639 1413 in
2662 1376 2742 1414 me
2774 1360 2934 1415 libera
2959 1375 3079 1424 me;
3118 1362 3263 1430 eripe
3311 1378 3392 1414 me
3427 1361 3493 1415 ab
3536 1379 3653 1428 ope-

2063 1454 2308 1510 rantibus
2337 1454 2697 1522 iniquitatem,
2719 1463 2769 1507 et
2797 1453 2861 1507 de
2877 1454 3005 1507 viris
3031 1455 3350 1523 sanguinum
3379 1454 3529 1508 salua
3551 1470 3654 1509 me.

2065 1549 2426 1619 lnsurgentes
2450 1546 2572 1600 illos
2599 1546 2857 1616 appellat,
2883 1547 3187 1616 quicontra
3225 1561 3349 1601 eum
3387 1547 3650 1615 impetum

2065 1639 2333 1700 fecerant,
2371 1637 2590 1693 Saulem
2624 1639 2857 1704 scilicet,
2889 1645 2942 1693 et
2976 1637 3095 1706 ejus
3124 1638 3321 1693 milites
3358 1655 3376 1694 :
3409 1639 3492 1693 vel
3542 1637 3656 1692 daa-

2062 1749 2253 1790 mones
2287 1734 2491 1797 etiam,
2551 1731 2646 1803 qui
2689 1731 3115 1786 commissorum
3165 1731 3434 1785 scelerum
3495 1737 3656 1783 erant

2063 1825 2381 1896 participes.
2422 1823 2657 1879 Eosdem
2703 1825 2868 1878 etiam
2916 1823 3153 1893 appellat
3206 1831 3499 1892 operantes
3537 1820 3652 1874 ini-

366 1926 423 1978 δέ
443 1942 582 1994 φησι
615 1926 712 1978 καὶ
758 1923 1172 1995 ἐργαζομένους
1205 1925 1306 1995 τὴν
1340 1927 1597 1998 ἀνομίαν,
1622 1926 1720 1981 καὶ
1753 1927 1955 1996 ἄνδρας

2062 1920 2326 1988 quitatem
2357 1926 2412 1974 et
2443 1918 2589 1972 viros
2623 1917 2978 1986 sanguinnm,
3015 1931 3080 1970 eo
3110 1915 3256 1984 quod
3288 1915 3536 1984 iniquum
3576 1912 3654 1967 sit

369 1985 658 2085 αἱμάτων·
709 1985 984 2087 τότε.
1050 1985 1599 2080 ὲπιέουλεύεινιτοῖς
1655 1985 1955 2079 ἀναιτίοιςί

2064 2013 2296 2067 insidias
2332 2013 2553 2066 tendere
2585 2011 2854 2066 adversus
2886 2012 3254 2066 innocentem.
3305 2007 3647 2075 Sanguinum

366 2108 573 2178 ἄνομος
603 2109 697 2163 καὶ
717 2108 860 2181 ἀνὴρ
894 2107 1166 2179 αἱμάτων,
1200 2111 1455 2182 ὁχαίρων
1487 2112 1742 2182 αἴμασιν.

442 2285 571 2340 Ὅτι
590 2284 721 2340 ἰδοὺ
745 2284 1089 2354 ὲθήρευσαν
1117 2287 1233 2354 τὴν
1265 2286 1472 2358 ψυχήν
1489 2306 1631 2358 μου.
1668 2288 1793 2342 Ὅτι
1819 2287 1954 2349 ἰδοὺ,

373 2376 452 2436 ὡς
489 2377 634 2448 ὁρᾷς,
692 2377 755 2431 τὸ
787 2378 875 2432 ἔπ’
906 2379 1098 2442 αὐτοῖς
1145 2379 1443 2433 συνέλαϐον
1475 2397 1566 2450 με,
1603 2378 1953 2449 περικυκλὼ-

382 2485 576 2534 σαντες
600 2470 686 2525 τὸν
719 2465 872 2525 οἶκόν
896 2488 1026 2542 μου,
1060 2473 1111 2526 εἰ
1137 2471 1232 2526 καὶ
1259 2472 1348 2526 διὰ
1373 2471 1470 2526 σοῦ
1501 2475 1810 2544 σέσωσμαι.

449 2653 770 2709 Ἔπέθεντο
811 2655 908 2709 ἐπ’
951 2654 1061 2724 ἐμὲ
1095 2656 1385 2726 κραταιοί.
1431 2656 1710 2728 ’ἰσχυροὺς
1757 2655 1955 2718 αὐτοὺς

363 2745 650 2816 ὀνομάζει,
679 2747 765 2802 διά
809 2765 870 2801 τε
916 2747 1009 2804 τὸν
1052 2747 1284 2804 πλοῦτον
1351 2749 1448 2804 καὶ
1497 2751 1558 2805 τὸ
1584 2748 1813 2820 πλῆθος,
1859 2749 1956 2803 καὶ

365 2839 473 2908 τὴν
510 2838 769 2895 ἐντεῦθεν
799 2841 976 2914 ἰσχύν.

441 3019 596 3073 Οὔτε
621 3020 661 3088 ή
703 3019 924 3090 ἀνομία
961 3038 1103 3090 μου,
1127 3019 1266 3076 οὔτε
1304 3020 1343 3089 ἡ
1382 3021 1639 3092 ἁμαρτία
1665 3039 1807 3092 μου,
1837 3023 1956 3078 Κύ-

355 3128 477 3180 ριε.
521 3111 715 3168 Λείπει
773 3114 854 3176 τὸ,
919 3116 1112 3168 altior
1159 3113 1284 3168 οὔτε
1339 3115 1450 3184 γὰρ
1504 3115 1784 3186 ὴνόμησα,
1830 3113 1957 3170 οὔτε

363 3205 671 3280 ἡμάρτηκα.
707 3207 789 3269 εἰς
836 3207 1058 3271 αὐτοὺς,
1101 3207 1191 3260 ἵνα
1243 3209 1422 3278 ἔχοιεν
1461 3208 1556 3262 καὶ
1604 3208 1785 3261 αἰτίαν
1836 3208 1958 3262 κατ’

2063 2117 2244 2161 autem
2286 2106 2369 2160 vir
2400 2105 2489 2159 ille
2520 2105 2759 2171 dicitur,
2806 2105 2900 2174 qui
2954 2104 3010 2158 in
3058 2101 3342 2174 sanguinis
3387 2099 3655 2156 eﬂ'usione

2062 2200 2305 2254 laetatur.

2136 2291 2302 2346 Vens.
2332 2291 2386 2345 ι.
2413 2291 2680 2357 Quoniam
2700 2305 2815 2344 ecce
2841 2289 3017 2342 senati
3045 2294 3169 2340 sunt
3193 2285 3431 2353 animam
3456 2299 3652 2336 meam.

2060 2383 2356 2449 Quoniam,
2399 2383 2601 2454 inquit,
2639 2391 2698 2437 ut
2730 2381 3083 2453 perspicuum
3108 2387 3212 2442 est,
3245 2391 3462 2431 omnem
3499 2375 3656 2429 adhi-

2061 2475 2299 2532 buerunt
2329 2490 2584 2544 operam,
2609 2482 2672 2529 ut
2699 2489 2788 2529 me
2815 2472 2962 2528 domi
2995 2470 3264 2525 inclusum
3295 2466 3654 2533 comprehen-

2059 2569 2278 2630 derent,
2315 2569 2530 2622 tametsi
2569 2576 2662 2622 tuo
2699 2566 2922 2635 adjutus
2962 2563 3210 2620 subsidio
3231 2560 3521 2615 evaserim.
3623 2603 3626 2606 .

2131 2659 2410 2714 Irruerunt
2447 2661 2503 2714 in
2555 2677 2637 2714 me
2674 2659 2858 2728 fortes.
2904 2656 3102 2712 Fortes
3150 2654 3390 2725 appellat
3440 2666 3538 2706 eos
3581 2650 3652 2704 ob

2057 2751 2374 2808 divitiarum
2406 2751 2798 2806 abundantiam
2853 2758 2907 2805 et
2939 2749 3177 2802 militum
3237 2745 3446 2815 copias.
3475 2742 3532 2797 In
3565 2742 3652 2797 his

2057 2845 2258 2902 etenim
2287 2844 2458 2902 robur
2508 2859 2574 2898 ac
2604 2845 2752 2900 vires
2802 2841 3167 2913 pugnantium
3218 2837 3524 2894 consistere
3582 2836 3653 2889 ab

2059 2936 2318 2991 omnibus
2348 2937 2728 2991 existimatur.

2130 3027 2300 3084 Vens.
2331 3029 2383 3083 5.
2419 3027 2602 3098 Neque
2648 3026 2904 3095 iniquitas
2947 3042 3061 3080 mea
3092 3063 3107 3087 ,
3160 3039 3323 3091 neque
3376 3028 3650 3090 peccatum

2061 3139 2256 3184 meum,
2314 3122 2558 3176 Domine.
2595 3118 2955 3188 Subintellige
3009 3117 3068 3171 in
3122 3131 3288 3170 causa
3319 3122 3419 3168 est.
3466 3113 3653 3182 Neque

2063 3214 2210 3267 enim
2244 3213 2432 3282 inique
2469 3211 2576 3280 egi,
2607 3225 2785 3279 neque
2845 3207 3070 3280 peccavi
3120 3213 3309 3262 contra
3371 3203 3498 3260 illos
3525 3242 3539 3269 ,
3591 3211 3652 3260 ut

361 3297 506 3365 ἐμοῦ
568 3297 788 3368 μανίας.
833 3299 896 3352 Εἰ
923 3299 980 3354 δὲ
1015 3301 1110 3354 καὶ
1158 3299 1429 3370 διαφορὰν
1474 3299 1711 3354 ἐνταῦθα
1746 3303 1951 3372 ζητεῖςσ

2064 3318 2287 3360 causam
2325 3303 2561 3368 aliquam
2598 3300 2878 3361 haberent,
2920 3312 3022 3353 cur
3056 3297 3106 3350 in
3138 3312 3224 3352 me
3255 3305 3465 3354 tantum
3498 3297 3654 3352 saevi-

364 3389 601 3459 ἀνομίαν
627 3390 745 3461 μὲν,
769 3391 881 3445 νόει
912 3392 1012 3464 τὴν
1040 3392 1288 3463 μεγάλην
1320 3393 1702 3465 πλημμέλειαν
1728 3411 1742 3424 ⁸
1772 3395 1956 3466 ἀμαρ-

363 3480 490 3535 τξαν
515 3480 591 3546 δὲ,
628 3480 727 3552 τὴν
765 3482 992 3553 μικράν.

440 3662 616 3716 Ἄνευ
640 3661 896 3732 ἀνομίας
915 3661 1199 3734 ἔδραμον,
1224 3666 1322 3718 καὶ
1368 3664 1731 3719 κατεύθυνα.
1768 3663 1956 3736 Χωρὶς

369 3752 720 3823 πταίσμασος
753 3754 1198 3826 ἑπολιτευσάμην
1227 3756 1285 3811 ἐν
1320 3756 1530 3820 αὐτοῖς,
1567 3756 1660 3808 καὶ
1680 3754 1767 3809 διὰ
1796 3756 1956 3810 τοῦτο

373 3843 592 3912 μεγάλα
636 3843 981 3916 κατώρθωσα
1005 3858 1020 3876 ⁸
1049 3845 1082 3916 ἢ
1107 3845 1279 3916 χωρὶς
1311 3847 1543 3917 ἀνομίας
1588 3845 1953 3917 κατώρθωσα,

367 3937 467 3988 ὅσα
489 3933 856 4006 κατώρθωσα.
891 3936 1182 4010 Ἀρμόσεις
1207 3939 1252 3992 δ’
1279 3939 1344 3993 ἂν
1371 3940 1610 4008 μάλιστα
1635 3938 1714 4009 τῷ
1732 3939 1957 4010 Χριστῷ

366 4028 430 4081 τό
457 4046 470 4060 ο
534 4027 683 4083 Οὔτε
720 4029 758 4096 ἠ
799 4030 1018 4099 ἀνομία
1081 4049 1217 4100 μου,
1279 4032 1418 4087 οὔτε
1454 4032 1486 4100 ἡ
1521 4034 1776 4101 ἁμαρτία
1811 4052 1954 4102 μου,

370 4122 466 4175 καὶ
500 4123 567 4176 τὰ
591 4122 740 4195 ἑξῆς,
766 4123 966 4189 ἀδίκως
995 4124 1471 4196 ὲπιόουλευομένῳ
1502 4124 1656 4196 παρὰ
1670 4125 1780 4178 τῶν
1822 4125 1956 4179 Ἰου-

367 4212 557 4267 δαίων.

454 4485 832 4553 Ἔξεγέρθητι
848 4485 933 4551 είς
955 4485 1352 4552 συνάντησιν
1367 4504 1514 4556 μου,
1540 4486 1640 4541 καὶ
1658 4487 1768 4543 ἴδε.
1803 4488 1956 4542 mea

2061 3403 2202 3448 rent.
2236 3394 2394 3460 Quod
2429 3392 2472 3448 si
2510 3393 2635 3461 quis
2655 3390 2878 3446 diﬂ'erre
2907 3389 3189 3444 existimet
3223 3389 3574 3458 iniquitatem

2061 3494 2306 3552 peccato,
2331 3499 2426 3552 per
2459 3484 2607 3537 illam
2647 3483 2869 3552 gravius
2893 3481 3179 3545 delictum,
3206 3497 3304 3552 per
3327 3480 3451 3546 hoc,
3473 3480 3648 3536 levius

2058 3586 2303 3630 erratum
2339 3575 2600 3645 intelliget
2615 3615 2627 3629 .

2131 3668 2258 3724 Sine
2293 3670 2570 3739 iniquitate
2595 3668 2813 3722 cucurri
2860 3674 2910 3721 et
2933 3648 3126 3721 direxi.
3158 3665 3381 3736 Absque
3422 3669 3650 3735 peccato

2060 3777 2184 3817 cum
2217 3762 2298 3817 eis
2333 3769 2693 3817 conversatus
2723 3775 2867 3824 sum,
2902 3767 3070 3830 atque
3117 3759 3242 3814 ideo
3283 3759 3498 3825 direxi,
3546 3758 3649 3812 hoc

2059 3867 2165 3921 est,
2225 3857 2474 3911 actiones
2508 3871 2658 3910 meas
2691 3855 2757 3909 ad
2788 3855 3047 3908 virtutem
3077 3854 3364 3922 dirigendo
3399 3867 3484 3907 me
3527 3866 3651 3904 om-

2059 3948 2226 4004 nibus
2261 3963 2478 4016 aequum
2522 3947 2752 4016 praebui.
2799 3945 2920 4010 Vel,
2959 3948 3078 4001 sine
3109 3946 3402 4015 iniquitate
3427 3943 3601 3998 direxi
3631 3983 3646 4004 ,

2059 4037 2165 4092 hoc
2197 4044 2321 4103 est,
2356 4037 2558 4091 virtute
2584 4037 2724 4092 duce
2752 4074 2768 4100 ,
2815 4045 2966 4091 recta
3025 4050 3194 4106 opera
3252 4035 3365 4104 egi.
3429 4033 3649 4087 Christo

2057 4131 2222 4184 etiam
2271 4127 2795 4185 convenientissime
2836 4127 3023 4182 omnia
3062 4129 3180 4182 haec
3211 4133 3444 4196 possunt
3479 4125 3648 4178 verba

2059 4219 2236 4288 aptari
2270 4238 2284 4274 :
2321 4218 2504 4290 Neque
2522 4219 2772 4288 iniquitas
2799 4233 2935 4281 mea,
2965 4233 3127 4284 neque
3155 4225 3427 4284 peccatum
3451 4229 3645 4277 meum,

2059 4313 2173 4367 sine
2203 4311 2484 4380 iniquitate
2514 4311 2730 4364 cucurri
2781 4318 2831 4365 et
2857 4308 3075 4375 direxi,
3105 4319 3163 4366 et
3220 4308 3476 4364 similiter
3524 4322 3648 4377 quin

2059 4411 2388 4473 sequuntur.

2133 4496 2300 4551 Vens.
2334 4495 2388 4550 6.
2448 4495 2687 4566 Exsurge
2739 4497 2796 4549 in
2835 4512 3114 4551 occursum
3175 4509 3370 4558 meum,
3413 4503 3462 4548 et
3507 4494 3643 4549 uide.

368 4582 452 4642 εἰς
474 4579 537 4632 τὸ
567 4579 905 4649 συναντῆσαι
933 4597 1025 4647 μοι
1056 4579 1339 4648 φεύγοντι,
1375 4582 1468 4634 καὶ
1497 4581 1826 4654 ἐπιρρῶσαι,
1862 4585 1955 4636 καὶ

2065 4589 2219 4652 Veni,
2259 4589 2455 4658 inquit,
2495 4601 2549 4644 et
2583 4604 2816 4646 occurre
2868 4590 3006 4645 mihi
3067 4587 3340 4658 fugienti,
3391 4594 3447 4642 et
3498 4587 3646 4643 vires

367 4671 447 4725 ἴδε
478 4666 567 4724 οἶα
599 4671 817 4742 πάσχω.
853 4671 1040 4726 Ταῦτα
1081 4673 1136 4724 δὲ
1184 4671 1677 4743 ἁνθρωποπρεπῶς
1709 4675 1953 4745 εῐρηται⁹

367 4762 557 4826 καθὼς
588 4764 850 4826 πολλάκις
883 4765 1189 4836 εἰρήκαμεν
1216 4780 1230 4794 ο
1260 4765 1519 4836 ἀκίνητον
1551 4765 1662 4837 γὰρ
1688 4767 1749 4820 τὸ
1772 4770 1949 4832 Θεῖον,

366 4856 469 4910 καὶ
500 4854 724 4909 πάντων
750 4853 1077 4910 ἐπίσκοπον.

435 5043 548 5098 Καὶ
581 5042 683 5104 σὺ,
715 5043 894 5110 Κύριε
933 5045 966 5097 ὁ
996 5043 1144 5109 Θεὸς
1197 5042 1317 5096 τῶν
1361 5041 1698 5112 δυνάμεων.
1736 5047 1770 5098 ό
1809 5045 1955 5110 Θεὸς

364 5135 478 5192 τοῦ
524 5133 796 5203 Ἰσραὴλ,
839 5135 1106 5204 πρόσχες
1140 5135 1247 5190 τοῦ
1277 5136 1733 5204 ἐπισκέψασθαι
1756 5136 1956 5190 πάντα

368 5229 442 5282 τὰ
467 5227 639 5296 ἔθνη.
673 5228 940 5297 Δυνάμεις
969 5229 1142 5297 λέγει,
1175 5230 1242 5282 :3:
1267 5229 1536 5298 ἀγγελικὰ
1571 5229 1849 5297 τάγματα.
1880 5232 1953 5284 Ἢ

369 5317 551 5383 sese;
581 5317 694 5371 τῶν
718 5318 1028 5388 δυνάμεων,
1066 5320 1187 5374 ἀντὶ
1218 5319 1312 5374 τοῦ
1341 5323 1368 5374 ὁ
1387 5321 1636 5383 δυνατὸς,
1735 5323 1764 5376 ὁ
1792 5322 1955 5376 δυνά-

374 5428 526 5480 μεως
563 5410 799 5480 χορηγός
827 5427 840 5441 ⁶
875 5407 994 5464 εἶτα
1014 5412 1326 5481 παρακαλεῖ
1361 5413 1522 5465 αὐτὸν
1553 5413 1954 5482 ἐπισκέψασθαι

373 5502 556 5555 πάντα
584 5502 653 5555 τὰ
685 5501 836 5570 ἔθνη,
867 5501 958 5555 διὰ
975 5501 1070 5555 τοῦ
1109 5502 1553 5574 ἐνανορωπῆσαι,
1586 5503 1952 5574 προεγνωκὼς

371 5595 527 5658 τουτὶ
559 5591 623 5646 τὸ
655 5596 975 5664 μυστήριον.

2057 4693 2279 4751 praesta,
2311 4691 2364 4737 et
2393 4682 2514 4737 vide
2542 4698 2795 4752 quaenam
2834 4683 3034 4754 patiar.
3067 4681 3194 4737 Haec
3240 4689 3419 4736 autem
3457 4680 3562 4736 dici
3614 4697 3645 4735 a

2057 4773 2301 4839 Christo,
2331 4775 2573 4828 humano
2596 4788 2748 4828 more
2771 4774 3042 4844 Propheta
3074 4772 3400 4838 introducit,
3428 4780 3490 4828 ut
3512 4771 3644 4826 alibi

2059 4882 2204 4935 saepe
2229 4866 2488 4920 diximus.
2525 4867 2792 4922 Divinitas
2816 4867 2964 4922 enim
2997 4868 3185 4922 omnia
3213 4866 3408 4932 cernit,
3435 4874 3488 4920 et
3518 4879 3644 4918 mu-

2058 4957 2160 5010 tari
2193 4973 2304 5011 non
2337 4966 2539 5026 potest.

2128 5049 2195 5103 Et
2216 5059 2296 5113 tu,
2322 5049 2540 5104 Domine
2562 5050 2842 5114 uirtutum,
2865 5049 3008 5106 Deus
3040 5049 3236 5118 Israel,
3261 5049 3472 5104 inte-nde
3489 5047 3558 5102 ad
3575 5048 3648 5102 oi-

2053 5140 2297 5196 sitandas
2330 5158 2508 5196 omnes
2537 5153 2733 5214 gentes.
2781 5145 3025 5200 Virtutes
3069 5145 3306 5214 appellat
3363 5141 3648 5212 angelicas-

2056 5233 2302 5288 ordines.
2337 5231 2432 5286 Vel
2463 5234 2632 5290 Deum
2659 5235 2926 5291 virtutum
2953 5277 2970 5302 ,
3003 5235 3109 5288 hoc
3137 5244 3250 5300 est,
3287 5235 3455 5290 Deum
3490 5241 3642 5303 pote-

2049 5331 2260 5378 statum
2294 5340 2390 5380 seu
2427 5328 2795 5395 potentiarum
2827 5342 2926 5398 pro
2964 5341 3028 5381 eo
3060 5325 3238 5389 dixit,
3303 5323 3448 5392 quod
3503 5331 3589 5376 est
3619 5338 3636 5376 :

2059 5418 2196 5472 Deus
2221 5426 2435 5488 potens,
2462 5421 2545 5475 vel
2570 5421 2710 5476 Deus
2732 5421 2985 5492 potentia
3010 5420 3257 5489 largitor.
3286 5416 3492 5473 Deinde
3510 5431 3639 5470 eum

2059 5517 2216 5579 rogat
2244 5550 2259 5576 ,
2296 5519 2356 5566 ut
2403 5516 2638 5569 adventu
2677 5523 2840 5584 atque
2881 5511 3259 5568 incarnatione
3310 5525 3409 5566 sua
3449 5511 3641 5566 visitet

2049 5616 2253 5658 .onmes
2282 5613 2472 5674 gentes
2497 5644 2512 5671 ,
2546 5605 3004 5676 quemadmodum
3031 5605 3278 5660 futurum
3330 5619 3454 5660 esse
3493 5617 3648 5673 pm.

2065 5693 2304 5751 videbat.

1722 5801 1915 5866 Varie;
1971 5802 2298 5875 lectiones.

446 5901 526 5972 (Et)
560 5902 643 5956 Al.
680 5901 1029 5974 Συγγραφήν.
