4120 6492
442 427 544 492 ὓιη

1688 428 2079 492 EUTHYMII
2126 429 2493 490 ZlGABENI

3596 425 3710 488 608

519 549 600 604 Ne
631 548 929 604 miserearis
953 548 1194 603 omnibus
1232 549 1322 620 qui
1343 557 1634 619 operantur
1661 549 2018 618 iniquitatem.

2195 549 2291 618 Μὴ
2358 547 2740 617 οὶκτεφήσῃς
2797 546 3030 610 πάντας
3079 543 3220 610 τοὺς
3282 542 3718 613 ἐργαζομένους

449 643 525 698 Iis
554 642 838 708 nimirum,
873 642 968 712 qui
1019 643 1331 710 pertinaces
1377 651 1506 696 sunt
1537 641 1591 694 in
1630 641 1799 704 malo,
1835 639 2027 710 quales

449 742 608 789 erant
633 733 763 788 Saul
811 744 864 789 et
916 735 1078 799 socii,
1106 735 1289 800 Anna,
1325 735 1564 802 Caiphas
1628 743 1685 789 et
1731 733 2026 797 daemones,

450 837 618 896 atque
661 827 776 880 [nec
802 826 995 891 facito,
1027 834 1087 880 ut
1130 826 1312 882 caeteri
1357 826 1610 882 homines
1641 825 1744 881 hoc
1775 826 2029 896 exemplo

452 917 836 988 prudentiores
868 918 1023 972 ﬁant.

523 1008 690 1065 Vsus.
714 1010 782 1086 _7.
819 1009 1202 1064 Convertentur
1231 1010 1301 1063 ad
1324 1025 1611 1076 vesperam,
1643 1017 1692 1063 et
1717 1010 1913 1078 [amem
1933 1023 2032 1077 pa-

453 1105 651 1157 tientur
678 1113 735 1156 ut
765 1119 943 1164 canes.
990 1111 1040 1157 et
1066 1103 1367 1156 circuibunt
1407 1103 1690 1157 civitatem.
1725 1101 1806 1156 Ad
1842 1117 2033 1171 vespe-

455 1212 595 1263 ram,
635 1197 737 1249 hoc
765 1203 870 1258 est.
912 1210 1036 1250 sero
1069 1195 1387 1265 aliquando.
1425 1193 1681 1249 Pratdicit
1709 1194 1852 1248 enim
1885 1193 2034 1249 lutu-

454 1303 578 1342 rum
633 1302 760 1342 esse
812 1295 1049 1357 tempus,
1101 1285 1324 1356 quando
1369 1285 1681 1342 Judaeorum
1734 1287 1901 1356 aliqui
1964 1301 2030 1341 ex

456 1378 806 1447 dispersione
839 1393 936 1433 sua
967 1385 1315 1433 revertentur
1346 1380 1400 1432 in
1426 1376 1752 1440 Jerusalem,
1778 1386 1832 1431 et
1867 1377 2032 1433 nullis

457 1469 512 1524 in
559 1485 622 1524 ea
655 1471 894 1525 inventis
925 1470 1086 1535 cibis,
1125 1471 1252 1540 quia
1286 1471 1484 1524 civitas
1531 1471 1636 1525 sub
1678 1479 2031 1524 externorum

457 1564 567 1617 erit
601 1563 849 1633 imperio,
895 1564 1095 1618 misere
1145 1563 1414 1618 esurient.
1465 1562 1726 1628 Quinimo
1778 1577 1876 1618 nec
1923 1563 2035 1618 illic

458 1655 755 1724 persistere
783 1663 1065 1725 poterunt,
1098 1655 1194 1710 sed
1231 1663 1290 1710 ut
1327 1655 1563 1726 profani.
1591 1663 1758 1724 atque
1791 1655 1914 1710 ideo
1945 1671 2034 1710 re-

453 1745 608 1814 jecti,
640 1755 795 1801 extra
842 1761 1032 1801 muros
1079 1747 1325 1802 civitatis
1372 1749 1622 1818 jacentes
1669 1749 2030 1803 mmrebunt:

457 1836 604 1906 quod
632 1838 796 1890 etiam
828 1839 1308 1906 inpraesentiarum
1347 1840 1428 1894 eis
1477 1839 1728 1894 accidere
1761 1840 2030 1894 videmus.

457 1927 628 1983 Canis
655 1944 787 1984 vero
827 1929 1194 1986 similitudine
1225 1947 1362 1988 usus
1396 1941 1500 1996 est,
1537 1932 1685 2002 quod
1719 1931 2035 1987 famelicum

459 2021 664 2074 animal
695 2021 788 2088 sit,
817 2031 868 2076 et
900 2021 1217 2092 impudens.

529 2203 697 2259 Vens.
725 2205 779 2261 8.
809 2205 943 2261 Ecce
967 2207 1248 2276 loquentur
1290 2210 1346 2263 in
1393 2223 1482 2263 ore
1525 2225 1645 2264 suo.
1695 2209 2037 2266 Sententiam

461 2295 723 2350 nimirum
767 2299 1003 2354 ferentes
1035 2300 1325 2353 adversum
1361 2299 1640 2354 Christum
1670 2317 1684 2354 :
1719 2301 1886 2355 veluti
1914 2316 2038 2355 cum

460 2388 613 2442 cruci
649 2389 802 2443 illum
836 2389 975 2460 adigi
1011 2391 1415 2446 instantissime
1442 2393 1884 2461 postulaverunt.
1927 2391 2046 2448 Ob-

459 2480 793 2536 servandum
827 2497 957 2538 vero
989 2492 1098 2550 est,
1147 2491 1208 2538 ut
1240 2485 1624 2554 praediximus,
1669 2487 1814 2556 quod
1847 2486 2040 2551 dictio,

469 2573 620 2635 Ecce.
645 2575 888 2630 abundat
917 2592 1060 2647 saepe
1083 2579 1228 2648 apud
1259 2577 1540 2645 Hebraeos,
1573 2588 1740 2650 atque
1769 2590 1829 2635 ut
1861 2581 2035 2651 pluri-

466 2681 614 2720 mum
639 2675 722 2722 est
752 2668 1046 2738 superﬂua.

538 2756 610 2810 Et
655 2759 868 2826 gladius
921 2763 975 2814 in
1029 2762 1190 2818 labiis
1236 2781 1443 2818 eorum.
1496 2764 1747 2819 Gladium
1802 2766 2040 2836 appellat

465 2850 884 2906 acerbissimum
910 2869 1221 2910 sermonem
1270 2857 1496 2912 nefaria:
1542 2857 1690 2913 illius
1736 2858 2043 2926 sententiae,

468 2959 630 3015 quam
663 2946 825 3015 paulo
846 2958 970 3003 ante
1006 2949 1384 3018 praediximus.

541 3039 813 3106 Quoniam
854 3043 973 3114 quis
1025 3044 1279 3100 audivit?
1328 3043 1680 3113 Huiusmodi,
1730 3046 1929 3116 inquit,
1982 3047 2050 3102 ab

470 3131 555 3188 eis
587 3132 948 3201 proferuntur
980 3135 1170 3190 verba.
1223 3135 1361 3202 Quia
1391 3152 1579 3191 eorum
1624 3137 1833 3208 judicio
1866 3139 2051 3195 nullus

2131 645 2246 712 τὴν
2275 643 2554 714 ἀνομίαν.
2589 643 2728 703 Τοὺς
2767 639 3187 709 ἅνεπιστρόφως
3223 637 3465 708 ἔχοντας,
3504 635 3581 706 (6)
3633 636 3714 699 ὡς

2132 737 2181 791 οἱ
2223 737 2350 805 περὶ
2378 738 2470 790 τὸν
2499 735 2692 799 Σαοὺλ,
2723 737 2817 788 καὶ
2860 734 2951 787 τὸν
2987 734 3210 794 Ἀνναν,
3267 733 3361 784 καὶ
3431 731 3714 799 Καϊάφαν,

2134 831 2228 882 καὶ
2265 829 2392 891 τοὺς
2437 830 2723 894 δαίμονας,
2753 829 2838 882 ἵνα
2863 829 3298 899 σωφρονέστεροι
3327 825 3416 879 διὰ
3448 824 3542 879 τοῦ
3581 825 3720 878 ὑπο-

2131 924 2424 991 δείγματος
2456 924 2505 976 οἱ
2540 923 2819 992 ἄνθρωποι
2848 923 3114 989 γένωνται

2215 1016 2724 1083 Ἐπιστρέψ-ουσιν
2745 1016 2832 1080 είς
2865 1012 3152 1081 ἑσπέραν,
3185 1011 3279 1066 και
3339 1009 3718 1080 λιμὼξουσιν

2132 1110 2210 1176 ὡς
2241 1111 2424 1176 κύων,
2473 1110 2572 1162 καὶ
2620 1110 3011 1163 κυκλώσουσι
3059 1109 3262 1160 πόλιν.
3310 1103 3386 1157 Τδ
3447 1103 3714 1172 ἑσπέρας,

2133 1203 2195 1257 τὸ
2216 1204 2313 1268 ὀψέ
2341 1219 2470 1258 ποτε
2495 1203 2773 1272 σημαίνει.
2797 1200 3141 1271 Προφητεύει
3165 1200 3245 1265 δέ,
3290 1200 3374 1251 ὅτι
3408 1197 3562 1252 ἔσται
3587 1215 3719 1250 και-

2137 1295 2251 1369 ρὸς.
2281 1297 2371 1349 ὅτε
2411 1295 2556 1359 τινὲς
2578 1295 2686 1348 τῶν
2725 1293 2996 1347 Ἰουδαίων
3019 1290 3443 1362 ἐπιστρέφουσιν
3495 1289 3576 1351 εἰς
3618 1287 3718 1340 Ἰε-

2139 1389 2442 1461 ρουσαλὴμ,
2469 1388 2578 1442 ἀπὸ
2607 1391 2704 1458 τῆς
2728 1387 3057 1455 διασπορᾶς,
3097 1385 3194 1438 καὶ
3240 1383 3314 1452 μὴ
3357 1382 3610 1452 εὑρόντες
3657 1382 3718 1434 ἐν

2135 1485 2273 1554 αὐτῇ
2335 1480 2544 1553 τροφὰς
2602 1480 2688 1534 διὰ
2743 1479 2805 1532 τὸ
2854 1477 3154 1546 ἀλλόφυλον
3183 1477 3292 1530 τῶν
3350 1475 3721 1545 κυριευόντων

2137 1579 2330 1647 αὐτῆς,
2369 1573 2669 1645 λιμώξουσι
2698 1573 2970 1645 σφοδρῶς,
3006 1573 3101 1626 καὶ
3131 1570 3252 1625 οὐδὲ
3300 1570 3361 1622 ἐν
3389 1571 3456 1638 τῇ
3516 1567 3721 1636 Ἰερου-

2140 1673 2324 1742 σαλὴμ
2351 1671 2542 1741 στῆναι
2597 1670 3142 1741 συγχωρηθήσονται,
3195 1667 3311 1721 ἀλλ’
3343 1663 3723 1732 ἀπελαυνόμε-

2137 1763 2314 1825 νοιώς
2345 1763 2420 1832 (7)
2450 1763 2643 1830 ἄγγος,
2685 1760 2871 1831 κύκλῳ
2926 1763 3026 1830 τῆς
3090 1757 3222 1811 ποτέ
3264 1758 3472 1817 πόλεως
3539 1755 3721 1809 αὐτῶν

2139 1855 2582 1926 αὑλισθήσονται.
2605 1854 2633 1907 ὅ
2659 1856 2752 1908 καὶ
2788 1854 2950 1923 μέχρι
2989 1852 3083 1905 τοῦ
3111 1851 3204 1904 νῦν
3255 1851 3451 1919 ὁρᾶται
3498 1848 3724 1916 γινόμε-

2142 1961 2253 2000 νον.
2287 1945 2379 2006 Εἰς
2406 1943 2758 2012 παράδειγμα
2785 1941 2842 1995 δὲ
2873 1942 2963 1995 τὸν
3011 1942 3151 1996 κύνα
3178 1941 3480 2009 παρέλαϐε,
3538 1939 3628 1992 διὰ
3660 1939 3724 1990 τὸ

2139 2033 2436 2104 λιμώττειν
2465 2035 2606 2104 ἄγαν
2634 2033 2788 2087 τουτὶ
2845 2034 2906 2087 τὸ
2943 2035 3102 2099 ζῶον,
3155 2035 3248 2088 καὶ
3281 2033 3370 2087 διὰ
3430 2032 3529 2102 τὴν
3569 2031 3726 2085 ἀναί-

2139 2127 2310 2183 δειαν.

2227 2221 2384 2276 Ἰδοὺ
2423 2221 2904 2292 ἀποφθέγξονται
2947 2220 3018 2275 ἐν
3071 2219 3152 2285 τῷ
3195 2222 3448 2289 στόματι
3504 2218 3726 2274 αὐτῶν.

2157 2314 2458 2382 Ἀπόφασιν
2521 2312 2854 2380 ἐξενέγκωσι
2909 2311 3052 2366 κατὰ
3110 2311 3205 2366 τοῦ
3281 2312 3558 2382 Χριστοῦ,
3629 2311 3725 2365 τοῦ

2146 2407 2568 2475 Σταυρωθήτω.
2623 2407 3049 2477 Παρατηρητέον
3098 2405 3175 2469 δέ,
3230 2405 3305 2468 ὡς
3365 2405 3722 2476 προείπομεν,

2146 2499 2228 2553 δτι
2281 2499 2360 2564 τὸ,
2434 2499 2590 2554 ’Ῑδοὺ
2651 2497 2948 2561 πλεονάζον
2996 2495 3151 2568 παρὰ
3201 2500 3268 2567 τῇ
3315 2495 3577 2565 διαλέκτῳ
3617 2495 3721 2548 τῶν

2158 2592 2550 2663 Ἐϐραίων,ὠς
2574 2591 2671 2646 ἐπὶ
2726 2591 2787 2644 τὸ
2815 2585 3092 2655 πλεῖστον,
3145 2589 3398 2660 περιττὸν
3463 2587 3717 2640 τέθειται.

2221 2772 2335 2826 Καὶ
2359 2770 2628 2840 ῥομφαία
2653 2771 2724 2824 ἐν
2753 2770 2877 2835 τοῖς
2898 2771 3172 2840 χείλεσιν
3190 2767 3402 2823 αὐτῶν.
3418 2765 3724 2835 Ῥομφαίαν

2150 2864 2308 2919 καλεῖ
2338 2863 2432 2916 τὸν
2463 2861 2842 2933 θανατηφόρον
2869 2860 3054 2931 λόγον,
3090 2861 3150 2924 ὅς
3182 2861 3330 2914 ἐστιν
3365 2861 3398 2930 ἡ
3424 2857 3728 2928 δηλωθεῖσα

2151 2959 2448 3028 ἀπόφασις.

2225 3049 2355 3102 Ὀτι
2395 3048 2489 3114 τίς
2517 3047 2796 3117 ἦκουσε;
2847 3047 3086 3101 Τοιαῦτα
3119 3047 3174 3101 δὲ
3207 3047 3459 3112 λέγουσιν
3500 3047 3604 3110 ὅτι,
3657 3046 3736 3110 ὡς

2154 3143 2302 3195 δοκεῖ
2333 3143 2535 3205 αὐτοῖς,
2567 3140 2744 3203 οὐδεὶς
2773 3141 3031 3212 ἤκουσεν,
3088 3141 3323 3193 ἐκδικεῖν
3384 3138 3475 3192 τὸν
3510 3139 3736 3192 ἐπιϐου-

472 3224 723 3293 audivit;
783 3227 991 3292 nullus,
1046 3229 1294 3299 inquam,
1351 3229 1443 3297 qui
1497 3229 1776 3285 Christum
1828 3231 2048 3301 injuriis

2151 3236 2444 3304 λευόμενον
2492 3233 2814 3304 δυνάμενος.
2863 3233 3012 3287 Ἀντὶ
3073 3232 3181 3301 γὰρ
3218 3231 3310 3285 τοῦ
3374 3234 3491 3298 Τίς,
3526 3230 3739 3296 Οὐδεὶς

474 3332 798 3388 Oppressum
835 3330 1027 3389 posset
1055 3325 1316 3378 eximere.
1349 3321 1506 3378 Unde
1556 3323 1922 3394 Symmachus
1956 3341 2054 3394 pro

473 3416 613 3485 quis,
645 3432 795 3470 nemo
848 3417 1150 3472 transtulit.
1181 3418 1400 3472 Putavit
1445 3419 1615 3485 enim,
1656 3419 1858 3490 inquit,
1895 3418 2055 3473 Chri-

474 3517 619 3564 stum
651 3522 682 3562 a
711 3509 927 3564 nemine
958 3510 1204 3579 adjuvari
1235 3513 1454 3566 debere.

551 3598 722 3656 Vens.
776 3600 830 3656 9.
861 3600 933 3654 Et
965 3611 1044 3668 tu,
1080 3601 1332 3669 Domine,
1362 3602 1624 3658 deridebis
1656 3620 1766 3657 eos.
1804 3601 1919 3657 Hoc
1975 3610 2060 3657 est

478 3689 661 3745 simile
707 3691 780 3754 ei,
809 3691 956 3761 quod
991 3692 1116 3747 alibi
1165 3693 1393 3762 legimus
1426 3694 1481 3747 in
1529 3693 1772 3750 secundo
1800 3692 2009 3763 psalmo
2043 3711 2058 3752 :

481 3781 585 3848 Qui
609 3783 813 3838 habitat
841 3786 896 3839 in
926 3785 1094 3852 caelis,
1129 3786 1371 3842 irridebit
1397 3804 1508 3843 eos.

552 3965 635 4020 Ad
669 3965 894 4020 nihilum
926 3965 1150 4022 deducas
1182 3983 1359 4022 omnes
1390 3977 1586 4038 gentes.
1627 3968 1760 4033 Quae
1783 3965 2064 4035 Evangelii

483 4057 932 4129 praedicationem
977 4076 1087 4116 non
1119 4062 1454 4132 suscipiunt.
1492 4077 1614 4131 quae
1643 4059 1753 4114 tuis
1797 4060 2066 4114 resistunt.

484 4151 680 4207 servis.
711 4151 829 4217 Vel,
879 4167 978 4223 per
1017 4159 1230 4224 gentes,
1266 4153 1577 4208 daamonum
1619 4158 1873 4207 catervas
1906 4151 2068 4205 intel-

486 4243 622 4314 ligit.

557 4335 724 4391 VERS.
763 4336 848 4390 lo.
886 4335 1177 4406 Imperium
1218 4353 1390 4391 meum
1443 4336 1515 4390 ad
1549 4346 1598 4392 te
1653 4338 1894 4393 servabo.
1943 4336 2072 4392 Haec

489 4429 645 4483 aiunt
690 4432 906 4484 beatum
960 4429 1132 4484 David
1180 4428 1364 4486 dicere
1407 4429 1476 4486 de
1535 4431 1738 4500 seipso.
1795 4430 2070 4500 Regnum,

2161 3328 2424 3393 ἐξέδωκεν
2452 3328 2481 3380 ὁ
2528 3325 2828 3398 Σύμμαχος
2855 3342 2870 3357 ·
2901 3326 3106 3379 οἴονται
3154 3323 3288 3394 γὰρ,
3325 3323 3517 3394 φησὶν,
3576 3321 3740 3376 αὑτὸν

2159 3420 2484 3491 ἀϐοήθητον.

2233 3602 2312 3672 (8)
2365 3600 2448 3655 Σὺ
2488 3600 2578 3663 δὲ,
2639 3600 2835 3667 Κύριε,
2885 3595 3240 3664 ἐκγελάσας
3294 3595 3540 3660 αὐτούς.
3569 3591 3744 3646 Τοῦτο

2162 3694 2350 3764 ὅμοιόν
2383 3691 2624 3760 ἐστιτῷ,
2684 3689 2738 3741 ’0
2773 3687 3070 3744 κατοικῶν
3091 3689 3160 3743 ἐν
3195 3685 3477 3755 οὐρανοῖς
3496 3683 3744 3753 ἐκγελά-

2164 3803 2334 3841 σεται
2389 3784 2631 3848 αὐτοὺς,
2698 3783 2828 3854 περὶ
2875 3778 2936 3837 οὗ
2989 3784 3047 3837 ἐν
3095 3781 3172 3854 τῷ
3211 3783 3256 3853 β’
3311 3779 3513 3852 ψαλμῷ
3562 3779 3752 3850 προεί-

2170 3895 2352 3948 ρηται.
2785 3896 2788 3898 ⁷

2237 3970 2705 4035 Ἐξουδενώσεις
2730 3967 2927 4022 πάντα
2986 3968 3059 4021 τὰ
3111 3965 3280 4032 ἔθνη.
3344 3962 3428 4017 Τὰ
3481 3962 3554 4034 μὴ
3597 3961 3750 4032 δεχό-

2173 4081 2313 4136 μενα
2340 4063 2401 4117 τὸ
2433 4063 2699 4132 κήρυγμα
2726 4059 2821 4114 τοῦ
2856 4059 3217 4126 Εὐαγγελέου.
3271 4059 3338 4110 τὰ
3407 4054 3752 4124 πολεμοῦντα

2170 4160 2284 4221 τοῖς
2314 4156 2523 4220 δούλοις
2554 4173 2669 4210 σου.
2697 4154 2861 4223 Λέγει
2895 4152 2950 4206 δὲ
2986 4152 3080 4205 καὶ
3109 4150 3286 4213 ἄλλως
3309 4149 3398 4220 τὰ]
3424 4148 3753 4218 συστήματα

2170 4257 2279 4310 τῶν
2307 4255 2604 4322 δαιμόνων.

2247 4350 2316 4404 Τὸ
2343 4347 2558 4416 κράτος
2588 4361 2707 4416 μου
2741 4343 2892 4412 πρὸς
2919 4342 2995 4395 σὲ
3041 4339 3310 4408 φυλάξω.
3379 4336 3571 4400 Τοῦτο,
3627 4334 3756 4406 περὶ

2175 4441 2372 4496 ἐαυτοῦ
2408 4457 2572 4508 φασιν
2596 4439 2772 4490 εἰπεῖν
2809 4435 2898 4488 τὸν
2925 4433 3110 4495 Δαϐὶδ,
3145 4433 3226 4484 ὅτι
3251 4432 3363 4500 Τὴν
3395 4427 3757 4498 ὀφειλομένην

489 4521 686 4590 inquit.
722 4520 867 4590 quod
909 4529 1126 4574 mortuo
1171 4521 1358 4588 Saule,
1404 4521 1541 4576 mihi
1576 4521 1831 4587 debetur,
1863 4529 2048 4574 temeri

2180 4555 2270 4604 μοι
2295 4532 2574 4603 βασιλείαν
2606 4530 2706 4584 οὐκ
2738 4529 2901 4590 αὐτὸς
2938 4525 3358 4595 σφετερίσομαι,
3405 4521 3611 4575 ἀνελὼν
3663 4519 3758 4572 τὸν

487 4629 599 4668 non
632 4612 918 4678 invadam;
947 4628 1120 4682 neque
1148 4629 1247 4685 ego
1279 4614 1402 4670 ideo
1427 4614 1580 4668 illum
1609 4612 1881 4676 occidam,
1908 4612 2071 4679 quin-

493 4707 604 4760 imo
655 4704 789 4760 illud
835 4712 1011 4760 totum
1051 4715 1148 4760 tuo
1176 4706 1488 4777 relinquam
1523 4703 1779 4758 arbitrio.
1809 4703 1887 4756 lta
1919 4702 2067 4756 enim

494 4795 600 4848 hoc
635 4795 686 4848 in
716 4795 858 4859 loco,
893 4793 998 4849 sibi
1022 4796 1137 4850 vult
1168 4795 1391 4850 verbum
1425 4813 1438 4846 :
1472 4791 1726 4846 Servabo.
1758 4789 1916 4856 Quod
1939 4803 2070 4844 vero

493 4889 570 4943 ait
606 4905 618 4941 :
656 4888 724 4941 ad
757 4899 824 4952 te,
850 4887 1060 4943 dictum
1086 4899 1171 4944 est
1222 4903 1322 4957 pro
1352 4885 1508 4955 Apud
1538 4897 1605 4940 te.

446 4978 461 5035 Ξ
569 4979 835 5045 Quoniam
881 4990 958 5047 tu,
987 4981 1150 5046 Deus,
1179 4979 1395 5048 adjutor
1423 4995 1566 5031 meus
1583 4994 1659 5032 es.
1685 4975 1956 5043 Quoniam
1987 4984 2072 5042 tu,

492 5076 692 5144 inquit,
727 5077 818 5144 qui
845 5076 1029 5130 omnia
1053 5073 1381 5134 moderaris,
1418 5072 1620 5125 auxilio
1645 5070 1775 5124 mihi
1808 5086 1889 5125 es.

567 5166 735 5223 Vens.
770 5169 854 5223 Η.
893 5167 1032 5222 Deus
1060 5183 1228 5226 meus.
1260 5163 1630 5218 misericordia
1651 5163 1766 5232 ejus
1790 5163 2073 5231 praeveniet

497 5277 600 5314 me.
658 5258 812 5324 Vide,
865 5259 1065 5328 inquit,
1117 5255 1263 5326 quali
1317 5255 1570 5324 perfruar
1624 5255 1754 5319 Deo,
1815 5256 1907 5324 qui
1964 5263 2072 5309 tam

2179 4628 2374 4692 Σαοὺλ,
2413 4623 2550 4679 ἀλλὰ
2603 4623 2684 4675 σοὶ
2725 4621 2930 4690 ταύτην
2959 4619 3127 4683 ἐάσω,
3178 4615 3339 4669 τοῦτο
3385 4615 3492 4684 γὰρ
3533 4614 3613 4677 τὸ,
3643 4616 3759 4682 Φυ-

2177 4720 2364 4785 λάξω,
2385 4715 2641 4788 σημαίνει
2671 4713 2787 4776 νῦν,
2811 4710 3206 4780 δοθησομένην,
3234 4710 3363 4762 ὅταν
3391 4707 3649 4779 θελήσῃς.
3687 4703 3762 4756 Τὸ

2177 4814 2256 4877 δέ,
2284 4810 2440 4878 Πρὸς
2466 4808 2569 4874 σὲ,
2587 4805 2707 4860 ἀντὶ
2727 4805 2843 4870 τοῦ,
2876 4802 3034 4874 Παρὰ
3056 4805 3161 4858 σοί.

2255 4985 2386 5036 Ὀτι
2423 4979 2504 5034 σὺ
2529 4978 2914 5046 ἀντιλήπτωρ
2943 4990 3062 5042 μου
3088 4967 3161 5027 εἴ.
3192 4969 3337 5024 Διότι
3375 4966 3440 5022 σύ
3498 4984 3590 5037 μοι
3638 4966 3766 5037 βοη-

2186 5077 2322 5142 θεῖς,
2358 5076 2386 5128 ὁ
2420 5074 2602 5128 πάντα
2628 5070 2948 5136 δυνάμενος.

2268 5169 2322 5222 '0
2375 5167 2519 5232 Θεὸς
2548 5182 2666 5233 μου
2723 5160 2790 5216 τὸ
2829 5161 3004 5226 ἕλεος
3057 5155 3245 5212 αὑτοῦ
3286 5152 3623 5222 προφθάσει
3667 5168 3766 5220 με.

2173 5263 2256 5329 ,⁸0
2305 5259 2439 5321 Θεός
2479 5273 2581 5327 μου
2635 5249 2746 5317 οἷός
2783 5255 2901 5306 ἐστι
2931 5267 2946 5281 ·
2991 5250 3052 5303 τὸ
3098 5249 3251 5310 ἐλεος
3296 5244 3465 5300 αὑτοῦ
3516 5241 3772 5313 προλάσῃ

499 5361 702 5422 praesto
735 5366 953 5419 semper
983 5348 1115 5403 mihi
1145 5356 1249 5410 est.
1282 5358 1339 5402 ut
1379 5363 1594 5402 summa
1631 5360 1729 5403 sua
1762 5346 2048 5401 miscricor

2185 5355 2285 5426 τὴν
2303 5352 2444 5424 ἐμὴν
2473 5351 2710 5420 αἴτησιν.
2741 5345 2901 5400 Οὕτω
2921 5341 3090 5414 ταχύς
3123 5345 3240 5395 ἐστι
3267 5340 3347 5403 εἰς
3383 5336 3660 5408 βοήθειαν.

501 5446 590 5500 dia
625 5460 774 5500 meas
808 5444 970 5512 longe
1009 5442 1309 5513 praeveniat
1331 5457 1542 5511 preces.

497 5575 500 5579 ι
575 5534 745 5590 Vsus.
777 5533 864 5590 l2.
888 5533 1029 5588 Deus
1077 5550 1222 5588 meus
1269 5530 1507 5587 ostendet
1580 5532 1712 5586 mihi
1754 5533 1808 5586 in
1855 5531 2088 5586 inimicis

509 5630 662 5686 nisis.
697 5627 1228 5701 Subintelligendum
1277 5636 1362 5684 est
1396 5626 1627 5698 aliquid,
1659 5626 1814 5683 verbi
1849 5625 2026 5696 gratia
2065 5641 2080 5679 :

2280 5529 2346 5584 '0
2381 5526 2527 5592 Θεός
2561 5543 2681 5595 μου
2719 5522 2902 5585 δείξει
2923 5538 3025 5590 μοι
3072 5517 3142 5570 ἐν
3173 5515 3295 5582 τοῖς
3340 5511 3579 5583 ἐχθροῖς
3627 5527 3771 5611 μου.

2192 5623 2384 5679 Λειπει
2419 5621 2477 5674 τὸ
2514 5619 2653 5672 Ὅσα
2687 5616 2978 5688 βούλομαι,
3008 5612 3041 5683 ἢ
3073 5611 3216 5665 Ὅσα
3248 5607 3395 5671 εἰκός
3423 5607 3540 5660 ἐστι
3562 5620 3574 5635 ·
3603 5607 3775 5658 τοιοῦ-

1881 5738 2082 5803 Varice
2139 5735 2468 5800 lectiones.

583 5846 661 5914 (6)
703 5843 788 5899 Al.
827 5847 942 5899 ὅσοι

583 5917 659 5990 (7)
683 5917 768 5971 Al.
791 5917 942 5985 ἄγος.

2269 5832 2346 5904 (8)
2371 5831 2455 5886 ΑΙ.
2480 5829 2590 5884 Καὶ
2619 5826 2703 5882 σύ.
2743 5824 2910 5880 Idem.
