4120 6426
317 370 431 437 609

1491 363 1890 429 COMMENT.
1926 365 2010 429 IN
2050 365 2420 428 PSALMOS.

3491 371 3602 438 610

317 502 414 540 τον
453 479 523 556 ἦν
547 478 560 490 ’
585 481 648 537 τό
678 497 692 513 ·
732 480 845 536 Kal
901 480 972 536 ἐν
1017 478 1142 548 τοῖς
1185 477 1426 550 ἐχθροῖς
1467 496 1586 549 μου
1618 477 1856 533 ἐπεῖδεν
1885 480 1918 533 ὀ

2024 479 2291 538 Ostendet
2318 479 2453 536 mihi
2493 494 2842 552 quaecunque
2873 493 3160 555 optavero,
3181 488 3268 540 vel
3299 485 3598 552 Quodcun-

317 574 632 648 ὀφθαλμός
650 591 794 645 μου,
828 577 888 629 ἐν
909 572 988 646 τῷ
1025 590 1093 644 νγ
1131 571 1332 646 ψαλμῷ
1364 569 1645 643 κείμενον.

391 843 490 910 Μὴ
517 840 886 910 ἀποκτείνῃς
920 839 1167 907 αὐτοὺς,
1201 838 1281 910 μή
1337 852 1484 894 ποτε
1511 835 1915 892 ἐπιλάθωνται

317 937 427 991 τοῦ
452 938 644 1005 νόμον
675 950 795 990 σου
817 950 830 963 ·
867 934 1305 1004 διασκόρπισον
1350 931 1577 997 αὐτοὺς
1599 931 1669 985 ἐν
1693 929 1766 998 τῇ
1809 929 1913 984 δυ-

319 1028 495 1099 νάμει
525 1044 666 1091 σου,
726 1027 820 1081 καὶ
856 1025 1153 1096 κατάγαγε
1191 1024 1439 1090 αὐτοὺς,
1501 1026 1534 1077 ό
1580 1026 1914 1090 ὑπερασπι-

315 1121 474 1188 στὴς
493 1137 637 1191 μου,
662 1121 856 1188 Κύριε.
881 1119 1024 1189 "Ope.
1054 1119 1148 1170 τοῦ
1178 1120 1472 1188 Προφήτου
1521 1117 1622 1187 τὴν
1650 1117 1908 1182 ἀνεξικαο

317 1215 466 1276 κίαν,
517 1215 584 1284 ἢν
629 1212 713 1266 δεῖ
770 1213 1060 1280 μιμεῖσθαι
1104 1211 1200 1264 καὶ
1232 1212 1399 1280 ἡμᾶς.
1449 1209 1772 1278 Παρακαλεί
1801 1211 1912 1279 γὰρ

323 1308 400 1378 μὴ
417 1305 777 1374 ἀναιρεθῆναι
802 1304 928 1366 τοὺς
953 1302 1182 1373 ἐχθροὺς
1201 1301 1391 1365 αὑτοῦ,
1414 1302 1503 1355 ἵνα
1535 1303 1611 1372 μὴ
1644 1319 1912 1371 προαναι-

324 1400 597 1471 ρεθέντεε,
633 1396 1000 1450 ἐπιλάθωνται
1033 1395 1141 1448 τῶν
1173 1393 1336 1448 θείων
1367 1393 1600 1448 ἐντολῶν
1660 1392 1760 1446 τοῦ
1799 1391 1912 1446 λοι-

321 1492 452 1546 ποῦ.
511 1491 572 1544 ὐ
604 1492 715 1560 γὰρ
753 1488 1066 1548 ἀποθανὼν,
1101 1485 1525 1540 ἐπιλανθάνεται
1555 1487 1658 1558 ἤδη
1688 1484 1783 1538 τοῦ
1825 1485 1909 1539 νό-

323 1603 451 1656 μου.
483 1584 624 1654 Φησὶ
649 1584 760 1653 γάρ
789 1597 805 1614 ο
844 1581 974 1635 Ὅτι
1005 1582 1118 1634 οὐκ
1164 1579 1340 1634 ἐστιν
1370 1580 1442 1634 ἐν
1473 1578 1554 1644 τῷ
1591 1579 1827 1646 θανάτῳ
1876 1581 1911 1632 ὁ

313 1675 718 1745 μνημονεύων
769 1689 908 1730 σου.
945 1671 1110 1726 Ἀλλὰ
1147 1671 1646 1743 διασκορπισθῆναι
1685 1673 1908 1736 αὐτοὺς,

319 1767 682 1839 ἡττηθέντας,
718 1768 813 1820 καὶ
844 1765 1275 1835 ταπεινωθῆναι,
1324 1766 1420 1818 καὶ
1483 1764 1631 1818 οὕτω
1686 1763 1908 1836 βελτίω-

2019 587 2131 642 que
2158 570 2368 628 decens
2399 571 2592 640 fuerit,
2631 583 2690 628 ut
2721 575 2962 631 videam.
3007 574 3334 646 Hujusmodi
3364 580 3598 650 ligurum

2019 663 2282 732 loquendi
2317 663 2559 719 vidimus
2591 665 2644 719 in
2678 668 2888 736 psalmo
2919 684 3014 724 LIII
3043 671 3116 726 ibi
3155 687 3170 702 °
3200 671 3266 725 Et
3289 673 3344 726 in
3368 674 3598 730 inimicis

2023 757 2153 809 meis
2189 755 2434 824 despexit
2465 757 2650 812 oculus
2688 775 2854 815 meus.

2096 849 2180 904 Ne
2210 851 2424 906 occidas
2459 867 2576 915 eos,
2609 855 2885 921 nequando
2917 854 3298 913 obliviscantur
3319 859 3450 930 legis
3472 871 3599 916 tua'.

2019 940 2277 1012 Disperge
2309 960 2398 998 eos
2420 944 2478 998 in
2508 946 2705 1000 virtute
2737 957 2854 1013 tua,
2887 958 2936 1002 et
2961 949 3161 1018 depone
3189 968 3302 1016 eos,
3331 963 3601 1016 protector

2021 1052 2192 1102 meus,
2230 1035 2472 1093 Domine.
2510 1036 2646 1092 Vide
2691 1041 2886 1094 miram
2923 1041 3211 1110 Propheta
3243 1045 3593 1114 patientiam,

2019 1142 2184 1197 quam
2220 1135 2276 1180 et
2307 1142 2408 1182 nos
2441 1127 2647 1183 imitari
2679 1127 2859 1186 decet.
2892 1129 3070 1200 Rogat
3094 1133 3242 1186 enim
3285 1149 3385 1203 pro
3413 1136 3602 1189 inimi-

2017 1219 2101 1275 cis
2139 1235 2210 1274 ne
2251 1219 2603 1284 occidantur,
2641 1236 2707 1275 ne
2737 1231 2918 1277 morte
2949 1224 3600 1293 praeventi,obliviscan-

2017 1321 2109 1366 tur
2153 1315 2538 1366 mandatorum
2597 1313 2717 1368 Dei.
2765 1313 2898 1369 Nam
2949 1318 3045 1386 qui
3095 1320 3349 1383 moritur,
3399 1319 3600 1373 divina:

2016 1405 2155 1475 legis
2187 1405 2580 1472 obliviscitur;
2615 1407 2761 1462 unde
2795 1409 2923 1463 alibi
2951 1425 2966 1463 :
2999 1409 3269 1476 Quoniam
3300 1429 3404 1466 non
3437 1423 3517 1466 est
3541 1412 3597 1465 in

2017 1509 2188 1553 morte
2220 1499 2311 1569 qui
2338 1517 2538 1554 memor
2567 1503 2636 1553 sit
2671 1504 2784 1568 tui;
2815 1503 2909 1557 sed
2943 1504 3119 1558 victos
3146 1505 3213 1559 ad
3251 1506 3355 1559 hoc
3384 1515 3598 1560 tantum

2017 1592 2283 1662 dispergi,
2304 1591 2469 1659 deiici
2511 1601 2677 1663 atque
2716 1595 2994 1650 humiliari
3029 1605 3209 1666 rogat,
3232 1605 3292 1650 ut
3315 1599 3599 1667 probiores

2018 1682 2346 1738 reddantur.
2379 1682 2435 1738 Ei
2462 1685 2582 1756 ipse
2624 1685 2844 1754 quidem
2877 1686 3049 1742 David
3087 1689 3159 1741 ita
3187 1689 3434 1759 Optabat,
3456 1689 3602 1746 Deus

2019 1786 2199 1830 autem
2221 1777 2432 1846 justum
2473 1779 2708 1847 protulit
2735 1778 3033 1848 judicium,
3059 1791 3116 1836 et
3137 1797 3233 1836 eos
3261 1782 3352 1851 qui
3375 1782 3603 1837 insana-

321 1861 503 1930 θῆναι.
584 1859 644 1913 Ὀ
687 1860 784 1930 μὲν
832 1856 930 1914 οὖν
966 1859 1134 1913 Δασὶδ
1191 1857 1369 1922 οὕτως
1422 1859 1728 1930 ἐζήτησενο
1765 1857 1794 1910 ὁ
1853 1857 1911 1910 δὲ

2020 1865 2157 1922 biles
2207 1876 2391 1935 erant,
2441 1870 2690 1925 occidit:
2733 1871 2872 1926 alios
2929 1887 3082 1938 vero,
3148 1874 3241 1941 qui
3299 1874 3602 1943 aliquando

321 1954 454 2016 Θεὸς
515 1952 766 2005 ἐδίκασεν
825 1951 1080 2017 δικαίως,
1144 1953 1238 2005 καὶ
1300 1952 1430 2014 τοὺς
1505 1951 1604 2021 μὲν
1651 1950 1909 2012 ἀνιάτους

324 2043 502 2098 ἀνεῖλε
539 2059 555 2074 ο
600 2045 728 2106 τοὺς
786 2042 844 2096 δὲ
912 2042 1275 2113 βελτιωθῆναι
1327 2041 1641 2112 μέλλοντας,
1715 2042 1910 2110 φυγεῖν

323 2136 734 2208 παρεσκεύασε,
767 2139 862 2190 καὶ
893 2135 1068 2200 οὕτως
1124 2136 1414 2208 ἐπλήρωσε
1482 2134 1576 2188 τοῦ
1625 2133 1912 2206 δεηθέντος

321 2229 419 2300 τὴν
465 2228 702 2298 αἴτησιν.
737 2227 1044 2298 Κατάγαγε
1067 2229 1143 2295 δὲ,
1164 2229 1286 2281 ἀντὶ
1305 2228 1400 2281 τοῦ
1432 2227 1804 2281 Ταπείνωσον.

407 2321 471 2376 Ἦ
501 2322 758 2391 ἁμαρτία
789 2323 1091 2391 στόματος
1119 2321 1340 2379 αὐτῶν.
1375 2323 1407 2374 ό
1449 2321 1632 2391 λόγος
1663 2317 1915 2390 χειλέων

329 2409 550 2465 αὐτῶν.
616 2411 742 2466 Ἐπὶ
789 2411 882 2465 τὸν
929 2411 1090 2479 λόγον
1143 2414 1307 2465 πάλιν
1345 2411 1455 2466 τῶν
1507 2410 1914 2482 χριστοκτόνων

330 2501 710 2572 ἐπανατρὲχει,
742 2501 940 2571 λέγων,
967 2503 1048 2556 ὅτι
1073 2503 1322 2574 ἁμαρτία
1349 2502 1445 2556 τοῦ
1480 2502 1755 2572 στόματος
1812 2501 1912 2555 aii-

322 2588 436 2643 τῶν
456 2591 606 2643 ἐστιν
634 2593 662 2644 ὁ
707 2591 892 2654 ἄδικος
923 2591 1082 2660 λόγος
1140 2592 1249 2647 τῶν
1313 2594 1541 2664 χειλέων
1586 2594 1789 2662 αὐτῶν,
1857 2593 1917 2647 ὃν

317 2677 501 2750 εἷπον,
543 2683 970 2754 Σταυρωθήτω,
1005 2687 1100 2738 καὶ
1132 2687 1186 2740 εῐ
1209 2703 1261 2741 τι
1291 2685 1557 2740 τοιοῦτον.

387 2859 500 2916 Kal
525 2859 1148 2930 συλληφθήτωσανέν
1177 2859 1252 2929 τῇ
1281 2862 1662 2930 ὑπερηφανίᾳ
1695 2861 1917 2916 αὐτῶν.

318 2984 391 2996 -
411 2953 579 3010 Μετὰ
607 2953 719 3022 τῆς
755 2955 1170 3022 ὑπερηφανίας
1200 2953 1401 3008 αὐτῶν
1422 2954 1688 3018 ἐξέδωκεν
1718 2956 1746 3007 ὁ
1776 2954 1924 3026 Σύμ-

325 3064 499 3120 μαχος
533 3063 551 3081 ο
608 3047 1010 3117 ἠλαζονεύοντο
1069 3048 1202 3118 γὰρ,
1241 3047 1318 3110 ὡς
1387 3047 1643 3134 ⁹ᾼϐραὰμ
1681 3048 1923 3136 ἔκγονοι,

317 3141 421 3195 καὶ
452 3139 526 3203 ὡς
552 3138 649 3193 τοῦ
667 3138 832 3210 νόμου
864 3137 1126 3208 φύλακες.
1165 3138 1641 3210 Συλληφθήτωσαν
1684 3139 1742 3192 δὲ
1799 3141 1907 3194 ὑπὸ

321 3235 438 3288 τῶν
492 3233 804 3303 Ῥωμαίων.

375 3327 509 3382 Keil
538 3325 608 3391 ἐξ
645 3323 796 3393 ἀρᾶς
817 3325 913 3380 καὶ
952 3325 1221 3395 ψεύδους
1288 3324 1792 3396 διαγγελήσονται
1849 3342 1920 3382 εν

324 3419 673 3484 συντελείᾳ.
719 3418 888 3488 ’Δρὰν
946 3417 1188 3471 ἐνταῦθα
1214 3416 1314 3488 τὴν
1351 3417 1709 3488 βλασφημίαν
1734 3418 1915 3487 λέγει,

328 3513 397 3582 ῆν
424 3511 689 3580 κατέχεον
709 3508 808 3562 τοῦ
849 3509 1090 3581 Χριστοῦ
1119 3525 1134 3541 ο
1177 3509 1374 3580 ψεῦδος
1411 3510 1492 3574 δὲ,
1549 3510 1578 3562 ὃ
1638 3527 1922 3581 κατεμαρο

326 3603 578 3673 τύρησαν
615 3603 808 3669 αὐτοῦ,
843 3603 926 3656 ὃτι
957 3603 1174 3656 κελεύει
1222 3604 1299 3674 μὴ
1355 3601 1543 3656 δοῦναι
1581 3603 1787 3672 κῆνσον
1841 3601 1920 3673 τῷ

330 3697 598 3769 Καίσαρι,
663 3697 842 3749 καίτοι
896 3697 1085 3766 σαφῶς
1142 3697 1434 3759 εἰπόντος·
1502 3695 1782 3750 Ἀπόδοτε
1847 3695 1922 3749 τὰ

329 3791 638 3858 Καίσαρος
664 3790 936 3858 Καίσαρι.
979 3789 1082 3842 Διὰ
1097 3787 1198 3860 τὴν
1228 3787 1585 3859 βλασφημίαν
1614 3784 1730 3855 οὖν,
1760 3791 1917 3860 φησὶ,

330 3883 514 3936 καὶτὸ
541 3880 760 3952 ψεῦδος,
787 3881 1093 3952 διάγγελμα
1129 3884 1224 3936 καί⁵
1253 3881 1609 3952 περιλάλημα
1656 3881 1794 3934 πᾶσι
1829 3898 1924 3951 γε-

331 3975 614 4046 νήσονται,
646 3977 748 4028 οὐκ
782 3974 874 4027 ἐπί
900 3991 1008 4028 τινι
1031 3972 1454 4045 κατορθώματι,
1484 3973 1600 4026 ἀλλ’
1627 3973 1721 4026 ἐπὶ
1751 3989 1924 4026 κατα·

335 4071 570 4140 στροφῇ,
608 4067 729 4122 καθ’
768 4069 835 4140 ἦν
872 4067 1155 4124 ἀπώλοντο
1180 4083 1196 4100 ·
1218 4067 1431 4139 ταύτην
1473 4067 1588 4137 γὰρ
1644 4063 1764 4120 εἷπε
1796 4083 1922 4120 συν-

332 4160 573 4216 τέλειαν.

415 4456 525 4511 Ἓν
552 4456 699 4527 ὀργῃ
743 4455 1137 4522 συντελείας,
1175 4456 1274 4510 καί
1330 4457 1404 4511 οὐ
1442 4473 1531 4526 μη
1582 4455 1922 4525 ὐπάρξωσι.

2013 1959 2261 2015 futurum
2293 1971 2413 2016 erat
2445 1971 2505 2016 ut
2553 1963 2808 2019 meliores
2861 1963 3079 2028 tierent,
3121 1965 3361 2035 eti‘ugere
3397 1967 3603 2036 permi-

2019 2054 2114 2122 sit,
2137 2063 2304 2125 atque
2336 2056 2441 2110 hoc
2472 2063 2636 2126 pacto
2687 2057 3025 2128 supplicanti
3055 2057 3348 2130 Propheta!
3379 2061 3600 2118 annuit.

2015 2149 2079 2205 Et
2111 2152 2254 2222 quod
2307 2152 2436 2204 ait:
2488 2150 2737 2221 Depone,
2779 2151 2987 2206 dictum
3035 2160 3140 2218 est,
3189 2166 3288 2222 pro
3335 2151 3604 2219 Deprime,

2015 2256 2182 2318 atque
2220 2246 2488 2301 Humilia.

2086 2340 2252 2395 Vens.
2282 2340 2370 2394 15.
2412 2339 2679 2393 Delicium
2726 2338 2836 2393 oris
2886 2355 3096 2404 eorum,
3127 2355 3298 2394 sermo
3335 2339 3604 2394 labiorum

2017 2447 2255 2486 suorum.
2289 2429 2533 2486 Rursum
2569 2433 2635 2486 ad
2668 2445 2978 2486 sermonem
3009 2429 3150 2486 redit
3178 2430 3247 2485 de
3277 2429 3482 2486 Christi
3515 2431 3603 2484 in-

2019 2525 2438 2588 tcrl'ectoribus,
2468 2524 2867 2594 dicens..quod
2923 2533 3208 2594 peccatum
3239 2524 3355 2577 oris
3383 2537 3600 2586 eorum,

2021 2615 2128 2670 fuit
2160 2615 2364 2686 impius
2406 2614 2500 2670 ille
2551 2629 2760 2679 sermo,
2801 2629 2966 2684 quem
3014 2613 3286 2668 adversus
3313 2613 3602 2669 Christum

2023 2709 2397 2780 protulerunt,
2430 2708 2680 2763 dicentes
2726 2723 2739 2760 :
2781 2706 3170 2775 Cruciﬁgatur,
3220 2716 3318 2761 aut
3374 2707 3419 2762 si
3472 2707 3608 2777 quid

2022 2802 2172 2857 aliud
2203 2803 2476 2872 ejusmodi
2503 2811 2612 2857 est.

2099 2892 2169 2948 Et
2209 2894 2724 2962 comprehendantur
2765 2893 2820 2948 in
2879 2895 3130 2965 superbia
3180 2911 3303 2950 sua.
3354 2894 3611 2964 Symma-

2026 2987 2164 3042 chus
2197 2989 2506 3052 transmlit,
2536 3004 2654 3040 cum
2693 2989 2942 3056 superbia
2987 3005 3109 3044 sua.
3140 2986 3429 3042 Jactabant
3457 2985 3606 3040 enim

2027 3085 2193 3146 atque
2227 3077 2468 3132 inaniter
2497 3075 2903 3147 gloriabantur,
2955 3078 3110 3146 quod
3154 3085 3386 3146 nepotes
3417 3079 3608 3128 essent

1943 3195 1987 3255 ϐ
2027 3166 2330 3232 Abraham,
2359 3173 2414 3221 et
2445 3168 2538 3236 qui
2575 3166 2678 3220 soli
2719 3165 2964 3218 divinam
3003 3165 3178 3236 legem
3214 3165 3482 3219 haberent
3517 3176 3533 3216 :
3569 3174 3602 3214 a

2021 3259 2286 3316 Romanis
2319 3270 2451 3314 tunc
2480 3259 2804 3329 expugnati,
2835 3273 3027 3328 prunas
3069 3259 3294 3313 dedere.

2095 3351 2261 3409 Vsus.
2292 3353 2377 3407 id.
2415 3351 2484 3406 Et
2525 3352 2589 3406 de
2610 3353 2971 3406 exsecratione
2995 3361 3044 3406 et
3074 3353 3352 3406 mendacio
3383 3369 3601 3406 annun-

2023 3446 2304 3502 tiabuntur
2361 3446 2415 3499 in
2472 3446 2954 3500 consummatione.
3008 3444 3115 3500 Per
3166 3449 3607 3501 exsecrationem

2023 3557 2170 3596 nunc
2203 3539 2607 3611 blasphemiam
2652 3540 2932 3607 intelligit,
2963 3554 3127 3609 quam
3161 3539 3326 3608 impie
3361 3541 3413 3592 in
3440 3537 3606 3594 Chri-

2024 3640 2170 3688 stum
2203 3645 2538 3697 evomuere;
2574 3631 2928 3684 mendacium
2963 3645 3091 3684 vero
3114 3628 3247 3682 illud
3275 3629 3433 3689 dicit,
3456 3627 3605 3698 quod

2023 3723 2254 3789 ﬁnxere,
2293 3731 2625 3778 attestantes
2676 3722 2973 3794 prohibere
3003 3720 3292 3776 Christum
3329 3721 3447 3774 dari
3475 3735 3610 3774 cen-

2025 3832 2145 3872 sum
2187 3815 2414 3871 Caesari.
2450 3814 2639 3870 Palam
2673 3815 2877 3870 etenim
2921 3814 3282 3868 mandaverat
3343 3811 3610 3866 Dominus

2025 3912 2214 3965 dicens
2247 3924 2267 3963 :
2301 3906 2521 3963 Reddite
2559 3925 2678 3978 qute
2709 3906 2944 3962 Caesaris
2979 3918 3125 3968 sunt.
3152 3905 3377 3961 Ca'sari.
3404 3904 3614 3960 Sensus

2023 4011 2109 4055 est
2144 4000 2334 4070 igitur,
2368 3999 2518 4069 quod
2546 4006 2774 4068 propter
2824 3997 3230 4066 blaSphemiam
3278 4005 3335 4050 et
3379 3996 3609 4050 menda-

2026 4092 2174 4144 cium
2203 4087 2376 4143 Jndai
2401 4088 2662 4143 omnibus
2691 4101 2873 4142 sermo
2896 4096 3059 4141 erunt
3105 4097 3160 4140 et
3193 4085 3396 4139 fabula.
3423 4083 3612 4154 Neque

2024 4183 2170 4238 enim
2203 4181 2442 4251 amplius
2478 4181 2743 4250 praeclara
2775 4193 2967 4234 eorum
3012 4189 3168 4250 gesta
3207 4178 3612 4242 narrabuntur,

2026 4273 2120 4329 sed
2143 4287 2333 4327 eorum
2362 4271 2688 4337 destructio,
2729 4284 2898 4342 quam
2928 4270 3017 4324 hic
3047 4270 3600 4326 consummationem

2027 4367 2355 4437 appellavit.

2104 4460 2171 4515 In
2203 4462 2287 4515 ira
2335 4459 2840 4526 consummationis,
2877 4466 2927 4514 et
2962 4475 3064 4514 non
3117 4467 3294 4515 erant.
3327 4458 3448 4514 Non
3482 4458 3613 4513 sim-

334 4550 452 4605 Καὶ
481 4549 583 4603 οὐκ
614 4550 708 4604 ἐπὶ
751 4548 1036 4620 συντελείᾳ
1083 4549 1254 4620 ἁπλῇ,
1290 4547 1408 4602 ἀλλ’
1440 4551 1532 4601 ἐπὶ
1586 4549 1726 4622 ὀργῇ
1792 4567 1918 4604 συν-

2032 4554 2249 4625 pliciter
2265 4553 2403 4610 dixit
2428 4551 2488 4607 ln
2502 4551 3005 4621 consummatione,
3035 4553 3130 4608 sed
3159 4553 3218 4606 ln
3245 4553 3324 4606 ira
3349 4566 3614 4608 consum-

330 4643 549 4705 τελείας
577 4657 593 4671 ·
629 4642 723 4696 καὶ
749 4641 960 4708 λοιπὸν,
998 4642 1184 4695 οὐκέτι
1212 4641 1724 4713 πολιτευθὴσονται.

2035 4645 2326 4703 mationis.
2362 4646 2430 4701 Et
2455 4648 2626 4716 quod,
2678 4647 2756 4700 ait
2792 4663 2808 4700 :
2847 4645 2975 4701 Non
3021 4655 3200 4710 erunt,
3250 4646 3375 4701 ideo
3406 4645 3613 4701 dictum

329 4749 440 4802 est,
478 4737 607 4808 quia
635 4738 893 4808 deinceps
921 4737 1156 4807 amplius
1183 4738 1569 4792 conversaturi
1597 4753 1706 4793 non
1733 4747 1891 4794 erant
1932 4747 1994 4796 ut
2047 4750 2234 4808 antea,
2301 4757 2482 4813 neque
2527 4757 2879 4798 communem
2971 4743 3369 4814 rempublicam
3456 4742 3614 4802 habi-

331 4832 468 4887 turi.

408 4923 520 4978 Kal
553 4921 912 4993 γνώσονται,
947 4921 1034 4976 ὅτι
1065 4925 1098 4976 ό
1127 4923 1274 4989 Θεὸς
1312 4922 1590 4985 δεσπόζει
1647 4925 1756 4980 τοῦ
1801 4926 1920 4980 Ἰα-

334 5017 479 5081 κὼσ,
526 5015 622 5068 καὶ
644 5015 761 5067 τῶν
788 5014 1062 5083 περάτων
1094 5013 1203 5084 τῆς
1231 5015 1365 5086 γῆς.
1399 5015 1534 5070 Θεὸν
1569 5017 1805 5071 ἐνταῦθα
1827 5017 1922 5072 τὸν

333 5108 576 5182 Χριστόν
604 5123 788 5178 φησιν.

406 5201 928 5270 Ἐπιστρέψουσιν
947 5201 1034 5266 εὶς
1073 5199 1366 5269 ἑσπέραν,
1399 5201 1498 5256 καί
1544 5200 1923 5272 λιμώξουσιν
1962 5183 1982 5194 ’

333 5295 416 5361 ὡς
444 5295 632 5356 κύων,
667 5292 766 5348 καί
788 5293 1218 5348 κυκλὼσουσιν
1239 5297 1445 5349 πόλιν.
1497 5293 1610 5366 Τὴν
1671 5295 1783 5348 ἄνω
1825 5297 1925 5364 ρη-

335 5391 528 5444 θείσαν
563 5387 895 5459 πρόρρησιν,
929 5387 1262 5454 ἐπιϐεϐαιοῖ,
1317 5387 1407 5441 διὰ
1438 5390 1537 5460 τῆς
1587 5387 1696 5442 τῶν
1736 5387 1923 5461 ρημά·

335 5501 449 5537 των
476 5479 925 5544 ἀναδιπλὼσεως,

407 5575 594 5631 Αὐτοὶ
653 5573 1315 5643 διασκορπισθήσονται
1351 5615 1368 5641 ,
1411 5576 1520 5631 τοῦ
1579 5575 1816 5646 φαγεῖν.
1861 5575 1927 5628 Οί

343 5667 801 5742 περιλειφθέντες
853 5668 1058 5734 αὐτῶν,
1091 5669 1169 5740 μὴ
1210 5670 1429 5740 ἔχοντες
1463 5668 1598 5723 ἰδίαν
1626 5669 1706 5721 ἔτι
1748 5668 1924 5732 πόλιν,

340 5761 856 5832 διασπαρήσονται,
913 5760 1157 5839 στροφὴν
1209 5761 1426 5828 ἑαυτοῖς
1488 5759 1800 5833 ζητοῦντες,
1849 5760 1926 5826 ὡς

345 5859 664 5928 προσαῖται.

2105 4924 2174 4978 Et
2205 4935 2520 4995 cognoscent
2562 4926 2816 4995 quoniam
2854 4925 2995 4980 Deus
3027 4927 3344 4981 dominatur
3367 4925 3540 4980 Iacob
3565 4939 3617 4981 et

2030 5017 2220 5085 finium
2254 5025 2429 5069 terrte.
2469 5015 2571 5069 Per
2602 5013 2772 5070 Deum
2825 5017 2929 5072 hoc
2970 5017 3027 5071 in
3061 5019 3184 5073 loco
3220 5015 3502 5072 Christum
3533 5015 3617 5068 iu-

2030 5109 2248 5178 telligit.

2103 5202 2277 5259 Vens.
2316 5203 2406 5260 i5.
2444 5203 2828 5260 Convertentur
2884 5204 2954 5260 ad
3003 5220 3298 5272 vesperam,
3341 5211 3390 5256 et
3421 5201 3619 5271 famem

2031 5299 2306 5367 patientur
2332 5307 2392 5350 ut
2418 5313 2598 5362 canes,
2625 5308 2674 5353 et
2702 5299 3000 5352 circuibunt
3046 5297 3336 5348 civitatem.
3370 5292 3617 5362 Prophe-

2028 5393 2162 5446 tiam
2196 5390 2456 5461 superius
2504 5391 2708 5445 dictam
2745 5388 3064 5460 hujusmodi
3124 5387 3416 5442 verborum
3459 5400 3621 5456 repe-

2032 5486 2234 5554 titione
2267 5484 2583 5542 confirmat.

2096 5577 2264 5634 Vnus.
2310 5577 2396 5633 l6.
2433 5575 2550 5644 Ipsi
2580 5576 2950 5646 dispergentnr
2981 5574 3053 5629 ad
3083 5570 3534 5626 manducandum.
3576 5569 3620 5623 li

2026 5670 2123 5742 qui
2168 5687 2237 5726 ex
2270 5669 2353 5727 eis
2405 5671 2589 5726 relicti
2646 5668 2871 5732 fuerint,
2903 5668 3181 5739 propriam
3218 5679 3322 5718 non
3357 5663 3622 5716 habentes

2037 5766 2337 5832 civitatem,
2371 5765 2780 5835 dispergcntur,
2810 5770 2866 5817 et
2907 5764 3237 5819 miserorum
3273 5759 3476 5826 instar,
3505 5757 3624 5828 ipsa

2036 5858 2202 5915 etiam
2234 5857 2502 5914 alimenta
2527 5856 2948 5913 mendicabunt.
