4120 6432
503 362 618 428 εει

1771 357 2163 422 ΕΗΊἹΙΥΜῙΙ
2209 356 2592 421 ΖῙΕᾹΒΕΝῙ

3674 356 3797 424 ’ΜΞ

567 474 728 545 Quod
761 472 808 531 si
832 471 1066 529 saturati
1099 487 1205 527 non
1232 469 1433 541 fuerint
1462 476 1512 526 ct
1536 469 1973 527 murmurabunt.
1995 469 2099 527 Re-

2291 471 2429 527 Ὲὰν
2455 471 2525 525 δὲ
2549 469 2638 541 μὴ
2680 449 3089 541 χορταάθῶονι,
3129 467 3628 542 καὶὴ-ογγύονωσι.
3666 487 3806 529 Δια-

500 568 727 640 darguit
756 582 875 635 eos,
908 566 1062 637 quod
1094 565 1374 633 majorum
1422 579 1577 619 more
1629 563 1815 621 adhuc
1851 581 2104 622 murmu-

2210 564 2364 635 σύρει
2417 566 2641 630 αὐτοὺς,
2698 564 2774 627 ὡς
2835 564 2927 618 τόν
2960 565 3291 635 προγονικὸν
3346 567 3692 638 γογγυσμὸν,
3723 569 3806 640 (9)

501 672 628 723 rent
674 661 839 715 etiam
885 667 1011 731 post
1064 657 1434 730 dispersionis
1478 656 1916 729 castigationem.
1959 658 2099 715 Mth

2211 657 2349 729 μηδὲ
2378 657 2438 710 ὲν
2461 659 2528 729 τῇ
2563 656 2839 727 διασπορᾷ
2870 655 3269 722 καταλιπόντας
3300 671 3318 688 ο
3339 656 3675 725 γογγύζουσι
3694 660 3806 732 γὰρ

503 755 806 810 murabunt
836 754 1006 818 enim,
1043 753 1246 823 inquit,
1276 760 1337 807 et
1372 759 1507 806 tunc
1538 764 1731 807 contra
1781 750 1973 808 Deum.

514 906 519 915 ι
580 845 740 903 Vsus.
784 845 871 901 l7.
936 845 1049 917 Ego
1088 855 1269 900 autem
1317 844 1546 900 cantabo
1604 846 1855 900 virtutem
1922 855 2096 901 tuam.

506 937 784 1005 Cantabo,
821 938 874 993 id
902 946 1010 1003 est,
1041 938 1284 993 canticis
1318 935 1580 992 laudabo.

578 1029 651 1084 Et
681 1031 963 1086 cxsultabo
997 1046 1154 1085 mane
1187 1029 1609 1086 misericordiam
1663 1038 1835 1084 tuam.
1898 1030 2102 1086 Exsul-

508 1123 662 1188 tabo,
720 1123 925 1190 inquit,
977 1122 1032 1176 in
1083 1131 1178 1177 tua
1231 1121 1633 1187 misericordia,
1695 1121 1802 1187 vel,
1861 1122 1914 1175 in
1950 1131 2103 1175 tuam

504 1215 964 1271 misericordiam.
1018 1213 1182 1270 Mane
1227 1224 1413 1271 autem
1443 1215 1606 1283 dixit,
1642 1230 1763 1286 pro,
1797 1214 1945 1271 Cito.
1993 1214 2103 1271 Ne-

503 1321 617 1375 que
662 1310 810 1362 enim
864 1324 991 1363 sero
1041 1310 1150 1363 mei
1184 1309 1560 1365 misereberis.
1618 1307 1777 1374 Quod
1809 1322 1945 1363 vero
1979 1308 2099 1363 ait:

505 1395 811 1453 Exsultabo
849 1400 1275 1456 misericordiam
1325 1409 1493 1467 tuam,
1536 1400 1864 1470 promiscua
1898 1409 1985 1456 est
2014 1412 2103 1456 at-

502 1509 613 1564 que
644 1494 966 1551 indili‘erens
990 1496 1355 1551 constructio.

574 1586 739 1643 Vsus.
786 1588 874 1651 18,
923 1587 1012 1643 19.
1058 1588 1330 1655 Quoniam
1386 1588 1560 1657 [actus
1589 1603 1644 1642 es
1676 1587 1894 1656 adjutor
1929 1603 2099 1653 meus,

498 1690 550 1737 et
590 1680 853 1749 refugium
881 1696 1076 1746 meum,
1117 1684 1172 1734 in
1199 1681 1286 1735 die
1322 1678 1688 1735 tribulationis
1740 1695 1890 1746 metu,
1942 1682 2105 1751 adju-

2207 751 2302 805 καὶ
2331 752 2457 804 τότε
2492 750 2636 804 κατὰ
2662 748 2757 803 τοῦ
2788 750 2947 804 Θεοῦ.

2277 842 2431 912 Ἐγὼ
2454 842 2523 896 δὲ
2540 841 2762 913 ᾄσομαι
2790 841 2865 912 τῇ
2904 842 3151 915 δυνάμει
3183 856 3324 899 σου.
3361 844 3645 915 ’ᾼσομαι,
3678 846 3806 904 ἀντὶ

2204 936 2299 989 τοῦ
2347 934 2614 1007 ’Υμνήσω
2643 939 2701 989 ὲν
2727 936 2864 1008 ᾠδῇ.

2277 1029 2392 1083 Καὶ
2423 1030 2881 1101 ἀγαλλιάσομαι
2925 1031 2992 1086 τὸ
3035 1031 3190 1101 πρωῒ
3218 1031 3286 1086 τὸ
3318 1032 3495 1100 ἔλεός
3515 1051 3658 1091 σου.
3688 1036 3805 1092 Καὶ

2206 1123 2617 1195 ἀγαλλιάσομαι
2657 1123 2735 1194 τῷ
2773 1124 2918 1179 ἐλέει
2953 1141 3051 1179 σου
3075 1140 3092 1156 ο
3126 1125 3161 1196 ἢ
3189 1126 3272 1189 είς
3304 1125 3365 1179 τὸ
3391 1123 3544 1190 ἔλεός
3574 1144 3695 1182 σου.
3725 1127 3804 1182 Τὸ

2215 1215 2392 1283 Πρωῒ,
2427 1217 2550 1286 ἦτοι
2590 1216 2816 1287 Ταχέως
2842 1234 2857 1249 ⁸
2887 1218 2990 1272 οὐκ
3009 1219 3089 1282 είς
3123 1221 3346 1291 μακρὰν
3370 1219 3480 1290 γὰρ
3504 1219 3807 1290 ἐλεηθήσο-

2211 1321 2329 1374 μαι.
2355 1306 2427 1359 Τὸ
2454 1306 2513 1359 δὲ
2553 1305 3046 1377 Ἀγαλλιάσομαι,
3090 1308 3388 1380 ἀδιάφορον
3416 1310 3518 1381 τὴν
3542 1310 3803 1376 σύνταξιν

2206 1394 2391 1466 ἔσχεν.

2202 1592 2230 1615 ·ι
2279 1576 2410 1629 Ὅτι
2440 1576 2737 1647 ἐγενήθης
2761 1576 3149 1647 ἁντιλήκτωρ
3166 1597 3287 1649 μου
3341 1580 3443 1635 καὶ
3476 1585 3800 1655 καταφυγή

2199 1686 2320 1740 μου
2344 1671 2416 1724 ἐν
2445 1671 2638 1740 ἡμέρᾳ
2666 1671 2930 1740 θλίψεώς
2950 1687 3092 1741 μου.
3136 1674 3369 1741 Βοηθός
3400 1691 3523 1744 μου
3569 1673 3665 1731 εἷο
3698 1678 3801 1732 σοι

500 1781 585 1827 tor
617 1790 763 1827 meus
788 1790 865 1834 es.
887 1773 986 1829 tibi
1004 1773 1256 1844 psallam,
1273 1776 1527 1845 quoniam
1546 1775 1689 1830 Deus
1711 1776 1928 1845 adjutor
1954 1792 2099 1832 metu

2205 1761 2405 1831 ψαλῶ,
2430 1762 2521 1817 ὅτι
2540 1766 2575 1817 ό
2593 1764 2739 1830 Θεὸς
2768 1763 3155 1834 ἀντιλήπτωρ
3164 1783 3285 1836 μου
3317 1762 3390 1832 εἴ,
3418 1771 3452 1822 ὁ
3485 1770 3634 1835 Θεός
3654 1787 3798 1840 μου,

497 1878 575 1928 cs,
611 1865 987 1920 misericordia
1016 1864 1155 1923 utea.
1190 1866 1319 1921 llaec
1340 1869 1525 1923 omnia
1553 1883 1656 1938 per
1677 1883 1737 1924 se
1765 1869 1917 1923 clara
1948 1877 2099 1925 sum.

2208 1851 2273 1904 τὸ
2307 1850 2485 1917 ἔλεός
2512 1867 2655 1920 μου.
2688 1853 2878 1907 Ταῦτα
2909 1853 3090 1909 πάντα
3122 1858 3270 1928 σαφῆ
3292 1871 3307 1886 ο
3346 1836 3670 1930 εὐχαριστεί
3690 1836 3804 1933 γὰρ

501 1955 724 2013 Gratias
753 1961 901 2014 enim
936 1958 1049 2014 Deo
1080 1960 1191 2029 agit
1216 1968 1278 2013 ut
1306 1959 1667 2015 benefactori.

505 2088 566 2144 In
596 2091 753 2160 ﬁnem
784 2093 852 2147 iis
882 2095 974 2163 qui
1009 2095 1504 2159 commutabuntur,
1530 2095 1587 2149 in
1620 2095 1765 2149 tituli
1791 2096 2101 2167 inscriptio-

514 2198 521 2209 '
576 2199 714 2250 nem,
762 2186 864 2254 ipsi
917 2185 1092 2240 David
1144 2187 1199 2239 in
1253 2186 1580 2250 doctrinam,
1617 2188 1833 2258 quando
1862 2189 2097 2245 incendit

577 2274 1026 2345 Mesopotamiam
1061 2277 1259 2349 Syriaz,
1290 2288 1340 2334 et
1366 2277 1582 2348 Syriam
1638 2278 1822 2346 Sobal,
1872 2292 1920 2336 et
1969 2298 2099 2336 con-

568 2369 727 2425 vertit
757 2369 920 2437 Joab,
976 2379 1029 2424 et
1053 2371 1318 2437 percussit
1345 2371 1515 2441 juxta
1555 2370 1743 2426 vallem
1776 2371 2099 2429 Salinarum

574 2465 852 2519 duodecim
878 2464 1077 2519 millia.

1035 2550 1358 2609 PSALMUS
1418 2553 1558 2609 LIX.

574 2647 641 2702 In
675 2650 832 2718 ﬁnem
892 2647 1139 2717 quidem,
1178 2647 1438 2715 quoniam
1482 2646 1547 2701 ad
1595 2661 1785 2702 eorum
1827 2646 1987 2704 linem
2016 2664 2104 2704 re-

503 2742 721 2810 Spicere
775 2740 929 2809 jubet
978 2736 1257 2808 Propheta
1304 2722 1425 2808 qua:
1474 2739 1527 2792 in
1576 2740 1789 2809 psalmo
1836 2742 2100 2812 praedicta

503 2841 660 2887 sunt.
712 2829 970 2885 Praedicit
1001 2830 1148 2884 enim
1206 2832 1443 2900 posteris
1489 2831 1832 2901 captivorum
1883 2832 2102 2890 Juda‘o-

504 2924 625 2977 rum
675 2923 914 2978 reditum
952 2938 1016 2978 ex
1069 2916 1372 2994 Babylone,
1409 2931 1464 2978 et
1500 2923 1986 2980 remdilicatiouem
2020 2927 2099 2982 ci-

502 3016 691 3071 vitatis
719 3014 1057 3072 Jerusalem.
1094 3012 1254 3080 Quod
1295 3030 1426 3070 vero
1454 3014 1572 3070 ait:
1610 3015 1689 3070 Iis
1728 3017 1819 3087 qui
1861 3033 2099 3072 commu-

505 3106 657 3164 tamlt
685 3117 832 3172 sunt,
871 3108 1013 3163 idem
1049 3116 1155 3173 est,
1219 3120 1284 3163 ac
1314 3107 1359 3162 si
1421 3107 1671 3163 diceret:
1730 3107 1828 3175 lis,
1884 3110 1976 3179 qui
2030 3125 2097 3165 ex

2208 1942 2287 2014 τῷ
2306 1944 2579 2016 εὐεργέτῃ
2609 1944 2751 2013 Θεῷ.

2203 2075 2309 2145 Εἷς
2336 2078 2404 2133 τὸ
2451 2078 2628 2146 τέλος
2661 2080 2787 2148 τοῖς
2839 2081 3433 2156 ἀλλοιωθησομένοις
3463 2091 3553 2157 εὶς
3578 2095 3805 2162 στηλο-

2281 2173 2547 2243 γραφίαν
2576 2173 2656 2240 τῷ
2684 2175 2866 2229 Δαόὶδ
2904 2178 2993 2242 εις
3021 2176 3299 2249 διδαχὴν.
3350 2182 3555 2239 Ὁπότε
3590 2184 3804 2241 eremi.

2270 2282 2411 2336 ρισε
2433 2265 2547 2335 τὴν
2561 2271 3034 2339 Μεσοποταμίαν
3058 2272 3301 2342 Συρίας,
3324 2275 3554 2347 καὶτὴν
3572 2280 3803 2350 Συρίαν

2279 2357 2509 2423 suam,
2572 2358 2676 2414 καὶ
2726 2359 3109 2432 ἐπέστρεψεν
3167 2364 3347 2434 Ἰωὰό,
3382 2368 3485 2424 καὶ
3532 2370 3799 2438 ἐπάταξε

2276 2447 2392 2518 τὴν
2412 2446 2691 2523 φάραγγα
2737 2455 2855 2510 τῶν
2875 2455 3061 2522 ἀλῶν,
3095 2457 3328 2514 δώδεκα
3353 2462 3655 2531 χιλιάδας.

2774 2548 3070 2601 ΨΑΛΜΟΣ
3096 2549 3225 2606 ΝΘ.

2279 2636 2386 2702 Εῑς
2414 2638 2479 2690 τὸ
2503 2637 2681 2704 τέλος
2729 2639 2827 2709 μὲν
2864 2682 2880 2707 ,
2911 2643 2995 2696 ὅτι
3045 2646 3342 2716 παρεγγυᾷ
3373 2643 3591 2715 βλέπειν
3617 2648 3699 2711 εἰς
3728 2648 3789 2701 τὸ

2203 2729 2358 2793 τέλος
2419 2728 2529 2782 τῶν
2592 2733 3007 2803 περιεχομένων
3080 2737 3461 2807 προρρήσεων,
3540 2753 3791 2808 προαγο-

2204 2822 2358 2899 ρεύει
2390 2823 2502 2895 γὰρ
2542 2824 2643 2894 τὴν
2697 2826 2764 2879 ὲκ
2788 2825 3112 2892 Βαϐυλῶνος
3134 2828 3397 2883 ἐπάνοδον
3425 2829 3534 2884 τῶν
3562 2830 3797 2903 ὕστερον

2205 2916 2761 2987 αἰχμαλωτισθέντων
2799 2919 3094 2986 Ἰουδαίων,
3127 2922 3222 2976 καὶ
3252 2922 3351 2994 τὴν
3381 2922 3482 2994 τῆς
3519 2922 3800 2996 Ἰερουσαη

2203 3006 2317 3082 λὴμ
2344 3011 2763 3082 ἐπανόρθωσινο
2792 3015 2905 3077 τοῖς
2953 3014 3483 3086 ἁλλοιωθησομένοις
3526 3017 3586 3071 δὲ
3634 3016 3800 3073 τοῦτο

2202 3104 2520 3174 παρεγγυᾷ,
2554 3104 2809 3159 τουτέστι
2838 3107 2953 3170 τοῖς
2984 3107 3048 3159 ὲκ
3078 3106 3328 3170 δουλείας
3368 3108 3451 3173 είς
3477 3108 3799 3180 ἐλευθερίαν

505 3204 777 3258 servitute
811 3204 876 3255 ad
916 3200 1227 3256 libertatem
1284 3199 1520 3256 redituri
1568 3209 1719 3256 sunt.
1764 3200 1830 3254 Et
1859 3201 1914 3255 in
1955 3201 2099 3257 tituli

2207 3197 2753 3266 ὲπανελευσομένοις.
2819 3202 2928 3255 Καὶ
2992 3203 3074 3265 είς
3133 3204 3593 3274 στηλοψαφίαν
3673 3205 3795 3276 μὲν,

501 3294 924 3362 inscriptionem,
960 3295 1063 3347 hoc
1081 3300 1191 3358 est,
1221 3293 1277 3347 in
1306 3291 1658 3347 indelebilem
1683 3308 1749 3347 ac
1777 3302 2099 3364 perpetuam

503 3389 643 3441 tanti
672 3385 920 3441 beneﬁcii
956 3387 1303 3441 memoriam.
1348 3383 1412 3438 Et
1446 3384 1597 3455 quod
1632 3386 1710 3439 ait
1744 3392 1757 3440 ‘:
1826 3385 1947 3455 Ipsi
1984 3382 2097 3442 Da-

501 3478 611 3545 vid,
647 3479 892 3533 auctoris
939 3492 1145 3533 nomen
1180 3477 1411 3546 indicat,
1469 3494 1534 3532 ac
1561 3478 1606 3534 si
1637 3478 1807 3534 dicat.
1847 3477 2102 3536 Psalmus

504 3575 828 3628 elaboratus
876 3571 984 3641 ipsi
1041 3569 1235 3625 David.
1275 3569 1341 3624 1η
1376 3569 1706 3636 doctrinam,
1765 3574 1875 3626 hoc
1923 3579 2009 3626 est
2041 3576 2103 3627 υι

504 3665 724 3730 doceat,
763 3666 974 3735 gratias
1006 3663 1269 3717 nimirum
1316 3678 1510 3733 agere,
1559 3671 1655 3716 aut
1686 3662 2099 3732 paenitentiam.

505 3754 573 3811 Et
604 3771 727 3826 quae
759 3762 1092 3825 sequuntur,
1133 3763 1351 3825 tempus
1386 3755 1657 3822 indicant,
1698 3754 1924 3825 quando
1948 3770 2101 3809 com-

505 3848 723 3917 positus
756 3854 843 3902 est
878 3846 1148 3917 psalmus.
1183 3840 1388 3900 Verum
1420 3861 1545 3916 quae
1579 3847 1669 3901 hic
1719 3844 1797 3901 de
1844 3845 2100 3916 Mesopo-

508 3938 676 3991 tamia
705 3935 881 4007 Syriae
913 3946 969 3991 et
1000 3937 1067 3992 de
1106 3932 1267 4006 Syria
1334 3932 1500 3990 Sobal
1530 3942 1581 3990 et
1611 3933 1681 3990 de
1713 3937 1856 3991 valle
1887 3934 2104 3990 Salina-

507 4044 627 4082 rum
653 4029 802 4084 dicta
837 4038 990 4092 sunt,
1020 4030 1075 4082 in
1108 4027 1259 4081 nulla
1288 4024 1521 4083 historia
1553 4035 1745 4102 aperte
1771 4028 2096 4092 traduntur,

504 4119 615 4175 nisi
647 4121 884 4175 fortasse
918 4120 1105 4188 aliqua
1143 4119 1381 4174 obscura
1416 4119 1726 4174 habeantur
1756 4119 1811 4174 in
1846 4121 2099 4176 secundo

504 4210 716 4282 Regum
752 4212 936 4277 libro;
969 4220 1214 4265 attamen
1247 4209 1554 4266 verisimile
1583 4219 1667 4267 est
1696 4220 1750 4266 et
1781 4220 1936 4282 gesta
1985 4214 2101 4267 haec

507 4305 684 4362 fuisse
716 4306 924 4369 omnia.
978 4312 1034 4359 et
1065 4305 1273 4361 omlss’a
1325 4318 1451 4359 cum
1505 4304 1696 4359 multis
1733 4304 1877 4360 aliis.
1929 4303 2102 4361 Vallis

507 4407 690 4452 autem
726 4397 1044 4450 Salinarum
1078 4395 1236 4451 locus
1269 4402 1377 4463 est,
1425 4394 1522 4451 sed
1575 4396 1679 4451 loci
1729 4382 2100 4466 appellatione

2202 3291 2374 3363 ᾕγουν
2407 3291 2821 3359 ἁνεξάλειπτον,
2842 3296 2943 3348 καὶ
2966 3296 3101 3349 πᾶσι
3126 3296 3408 3368 γνώριμον
3443 3300 3667 3368 μνήμην
3694 3294 3800 3369 τῆς

2205 3384 2469 3459 τοιαύτης
2526 3374 2856 3456 εὐεργεσίας
2892 3385 2988 3442 τοῦ
3017 3387 3157 3442 Θεοῦ
3213 3390 3535 3462 συνεγράςρη
3583 3389 3668 3457 Τῷ
3689 3394 3800 3446 Δα-

2204 3478 2321 3531 ϐἱδ.
2351 3480 2457 3546 Eli;
2487 3477 2752 3549 διδαχὴν
2775 3479 2857 3546 δὲ,
2888 3479 3267 3552 εὐχαριστίας,
3316 3481 3349 3554 ἢ
3386 3484 3689 3556 ὑπομονῆς.
3720 3487 3799 3540 Τὸ

2202 3568 2249 3623 δ’
2277 3570 2429 3640 ἑξῆς,
2462 3571 2704 3639 διδάσκει
2745 3574 2840 3625 καὶ
2862 3574 2955 3627 τὸν
2979 3574 3095 3645 (10)
3122 3575 3335 3646 καιρὸν,
3361 3576 3455 3630 ὅτε
3484 3576 3660 3632 ταῦτα
3673 3579 3800 3648 ἐνη-

2204 3661 2393 3733 mea;
2445 3662 2552 3716 ὑπὸ
2593 3663 2695 3716 τοῦ
2714 3664 2872 3733 ἁγίου
2907 3666 3251 3737 Πνεύματος,
3291 3669 3658 3740 συνέγραψεν.
3704 3670 3799 3726 Ἐν

2203 3753 2433 3824 οὐδεμιᾷ
2458 3755 2515 3809 δὲ
2550 3757 2768 3827 ἱστορία
2810 3757 2879 3811 τὰ
2923 3760 3055 3829 περὶ
3076 3758 3177 3829 τῆς
3214 3762 3648 3833 Μεσοποταμίας
3686 3764 3798 3816 Συ-

2204 3846 2353 3916 ρίας,
2389 3848 2484 3901 καὶ
2514 3848 2614 3918 τῆς
2647 3850 2847 3920 Συρίας
2870 3850 3082 3918 meat,
3114 3851 3210 3907 καὶ
3240 3856 3344 3924 τῆς
3374 3855 3662 3925 Φάραγγος
3684 3856 3800 3910 τῶν

2204 3936 2372 4005 ἀλῶν,
2428 3941 2681 4011 φανερῶς
2702 3980 2707 3985 η
2726 3942 2998 4015 εἴρηνται,
3051 3944 3100 3996 εί
3127 3944 3207 4017 μὴ
3233 3947 3291 3998 ὲν
3332 3948 3398 4017 τῇ
3421 3946 3652 4018 δευτέρᾳ
3680 3947 3797 4002 τῶν

2204 4026 2508 4105 Βασιλειῶν
2534 4049 2657 4085 τινα
2693 4031 2902 4087 τούτων
2934 4034 3218 4104 ἀμυδρῶς.
3247 4034 3410 4099 Εἰκὸς
3441 4034 3502 4089 δὲ
3540 4037 3798 4109 πραχθῖμ

2203 4137 2291 4174 ναι
2323 4122 2420 4175 καὶ
2449 4114 2645 4188 ταῦτα,
2685 4126 2782 4178 καὶ
2815 4126 3253 4197 παραλειφθῆναι
3299 4127 3440 4197 μετὰ
3486 4127 3583 4193 κα).
3612 4128 3798 4186 ἄλλων

2209 4213 2428 4267 πολλῶν
2456 4229 2471 4245 ⁸
2518 4218 2686 4279 τόπος
2744 4218 2776 4283 ή
2828 4218 3048 4289 φάραγξ
3103 4220 3214 4274 τῶν
3260 4221 3444 4277 ἀλῶνο
3486 4221 3576 4276 διὰ
3605 4223 3664 4277 δὲ
3690 4224 3797 4295 τῆς

2205 4308 2452 4378 κλήσεως
2478 4309 2573 4362 τοῦ
2592 4310 2782 4378 τόπου,
2809 4314 2934 4376 τοὺς
2969 4313 3363 4378 κατοικοῦντας
3397 4316 3548 4387 αὐτῷ
3587 4317 3798 4384 ἐδήλω-

2206 4415 2298 4451 σεν
2343 4400 2375 4469 ἡ
2427 4400 2743 4471 ἐπιγραφὴ,
2798 4401 3106 4473 προσθεῖσα
3148 4406 3243 4459 καὶ
3278 4408 3372 4461 τὸν
3413 4407 3657 4479 ἀριθμὸν
3681 4409 3796 4463 τῶν

508 4489 851 4544 habitatores
900 4484 1008 4541 loci
1047 4487 1341 4557 intelllgit;
1397 4493 1448 4540 et
1492 4500 1783 4542 numerum
1844 4488 2099 4542 interem-

2205 4489 2537 4559 εἰρημένων.
2597 4491 2655 4545 Ὀ
2679 4491 2737 4545 δὲ
2784 4494 2961 4564 μέγας
3017 4493 3321 4562 Βασίλειος,
3370 4499 3796 4569 ἀλλοιωθησο-

512 4592 728 4654 ptorum
757 4581 933 4651 ponit.
961 4578 1192 4650 Magnus
1222 4594 1354 4634 vero
1386 4578 1624 4634 Basilius
1657 4581 1821 4634 Verba
1856 4580 1947 4635 illa
1973 4596 1988 4634 :
2014 4578 2097 4636 Iis

2205 4581 2430 4650 μένους
2463 4581 2587 4647 τοὺς
2623 4584 2989 4655 Χριστιανοὺς
3015 4589 3254 4658 μάλιστα
3282 4591 3451 4660 λέγει,
3483 4591 3573 4649 διά
3596 4610 3656 4646 τε
3689 4593 3796 4665 τὴν

503 4676 597 4744 qui
627 4675 1120 4737 commulabuntur,
1154 4670 1221 4727 de
1253 4670 1593 4727 Christianis
1640 4670 1899 4743 intelligit
1949 4672 2095 4727 dicta

2207 4672 2319 4726 ἀπὸ
2363 4673 2458 4726 τοῦ
2518 4672 2900 4748 βαπτίσματος
2929 4680 3317 4751 μεταποίησιν,
3349 4683 3445 4736 καὶ
3471 4681 3571 4756 τὴν
3600 4683 3666 4735 ἐκ
3690 4683 3795 4753 τῆς

505 4780 652 4828 esse.
707 4776 934 4835 propter
989 4762 1432 4818 immutationem
1483 4763 1696 4818 scilicet
1748 4766 1997 4834 quaz'lit
2042 4765 2096 4819 in

2206 4761 2457 4827 δουλείας
2494 4764 2607 4818 τῶν
2664 4764 2937 4838 δαιμόνων
2984 4769 3323 4840 ἐλευθερίαν,
3366 4772 3495 4844 περὶ
3528 4766 3588 4827 οῦ
3624 4771 3793 4826 ὕστε-

510 4857 815 4927 baptismo,
880 4868 929 4910 et
998 4866 1224 4927 propter
1278 4856 1656 4911 liberationem
1704 4871 1734 4910 a
1787 4860 2095 4911 daemonum

2209 4871 2303 4927 ρον
2331 4856 2588 4927 ἐροῦμεν.
2616 4858 2731 4912 Νῦν
2767 4859 2825 4913 δὲ
2874 4864 2988 4924 τοῖς
3017 4863 3076 4915 ἐν
3107 4863 3389 4918 Βαϐυλῶνι
3421 4863 3796 4937 αἰχμαλώτοις

510 4950 798 5004 servitute.
856 4946 1011 5003 Hanc
1056 4948 1464 5019 expositionem
1500 4949 1696 5002 ultimo
1742 4948 1864 5003 loco
1895 4956 2099 5002 tracta-

2207 4945 2501 5004 ἀναθετέον
2524 4952 2615 5004 τὸν
2635 4951 2875 5023 ψαλμόν.

513 5042 727 5108 bimus;
763 5041 815 5095 in
851 5041 1144 5111 praesentia
1188 5049 1373 5095 autem
1409 5040 1647 5110 priorem
1683 5055 2089 5112 prosequemur
2116 5038 2273 5112 juxta
2345 5059 2510 5114 quam
2560 5046 2832 5124 psalmum
2884 5047 3034 5103 hanc
3080 5050 3358 5119 pertinere
3414 5050 3655 5107 diximus
3721 5050 3795 5105 ad

508 5136 759 5205 captivos
789 5135 883 5205 qui
933 5143 1090 5189 erant
1126 5134 1180 5189 in
1223 5134 1525 5204 Babylone.

582 5226 749 5282 Vsus.
791 5230 848 5283 2.
896 5229 1055 5296 Deus,
1112 5227 1361 5298 repulisti
1387 5244 1504 5291 nos,
1554 5235 1606 5280 et
1636 5225 1949 5280 destruxisti
1979 5238 2097 5283 nos.

512 5319 806 5390 Bepulisti,
839 5321 966 5390 quia
995 5326 1048 5375 te
1086 5319 1468 5385 irritavimus;
1504 5327 1560 5373 et
1588 5318 1935 5382 destruxisti,
1982 5328 2098 5373 tra—

511 5414 652 5468 ilens
688 5427 791 5467 nos
823 5413 877 5467 in
904 5411 1283 5483 captivitatem
1308 5408 1648 5482 Babyloniis.
1683 5409 1914 5481 Spoliati
1940 5412 2089 5467 enim

512 5518 645 5564 sunt
674 5507 850 5564 Judaei
887 5516 1020 5563 tunc
1050 5521 1240 5578 regno,
1274 5513 1329 5561 et
1365 5505 1603 5561 viribus.

583 5598 772 5656 Iratus
801 5616 881 5668 cs,
914 5609 965 5655 et
1013 5601 1262 5655 misertus
1316 5614 1369 5652 es
1410 5597 1581 5655 nobis.
1627 5596 1804 5653 Iratus
1839 5612 1922 5661 es,
1971 5600 2101 5667 quia

2212 5210 2219 5219 '
2285 5228 2349 5282 'o
2389 5228 2554 5294 Θεὸς,
2575 5227 2797 5283 ἀπώσω
2833 5228 3012 5297 ἡμᾶς,
3048 5229 3146 5285 και
3183 5229 3463 5294 καθεῖλες
3490 5230 3668 5302 ἡμᾶς.
3701 5233 3799 5287 Ἀ-

2203 5322 2375 5375 πώσω
2426 5321 2545 5392 μὲν,
2600 5320 2676 5385 ὼς
2729 5322 3176 5392 παροργίσαντάς
3228 5338 3285 5374 σε
3321 5335 3334 5350 ⁶
3396 5322 3645 5388 καθεῖλες
3707 5323 3791 5389 δὲ,

2205 5414 2487 5485 παραδοὺς
2533 5416 2616 5477 είς
2677 5413 3005 5487 πολιορκίαν
3035 5417 3144 5478 τοῖς
3175 5412 3555 5479 Βαϐυλωνίοις.
3601 5412 3797 5487 Καθη-

2208 5507 2449 5579 ρέθησαν
2476 5506 2587 5578 γὰρ
2613 5506 2711 5560 καὶ
2739 5507 2841 5576 τῆς
2867 5507 3170 5578 βασιλείας,
3208 5508 3305 5561 καὶ
3332 5504 3435 5579 τῆς
3482 5507 3789 5581 δυνάμεως.

2277 5598 2616 5669 Ὠργίσθης,
2665 5598 2761 5651 καί
2826 5592 3200 5667 ᾠκτείρησας
3247 5597 3426 5669 ἡμᾶς.
3493 5599 3793 5673 Ὠργίσθης

1849 5739 2050 5803 Variae
2079 5740 2423 5805 lectiones.

592 5818 673 5905 (9)
703 5840 788 5892 Al.
823 5838 987 5907 μηδὲν
1017 5843 1077 5910 τῇ
1116 5840 1414 5915 διασπορᾷ,

2277 5839 2390 5909 (l0)
2410 5837 2657 5911 Καρπόν.
2676 5835 2843 5893 Idem.
