4120 6424
290 1312 305 1407 Ι

330 372 448 453 '6‘13
1539 355 1930 443 COMMENT.
1974 376 2059 438 IN
2099 346 2465 440 PSALMOS.
3502 367 3610 434 Ut

324 506 415 579 ἐφ’
450 499 532 565 οἷς
574 471 992 576 ἡμαρτάνομεν,
1047 498 1139 555 καὶ
1170 497 1216 572 ᾧ
1241 497 1539 571 κτείρησας
1580 496 1718 560 τέως
1745 496 1917 566 ἡμᾶς,

2034 492 2413 564 peccavimus;
2445 500 2501 549 et
2530 492 2741 548 interea
2786 497 2971 548 tamen
3011 490 3276 551 misertus
3327 508 3389 552 es
3420 496 3606 564 nobis,

323 596 414 655 σ’ία
442 599 519 670 μὴ
545 598 708 661 εὐθὺς
735 598 849 660 τοῖς
870 594 1052 657 ἄλλοις
1075 590 1493 659 συναπωλέσας,
1516 589 1655 645 ἁλλὰ
1677 588 1915 660 θελήσας

2033 583 2146 639 lum
2182 599 2290 640 non
2324 584 2612 656 perdidisti
2645 599 2750 641 nos
2776 583 3097 642 simul'cum
3131 586 3324 645 multis
3355 587 3500 650 aliis.
3548 590 3605 645 in

322 692 415 746 διὰ
460 691 524 745 τὸ
562 688 840 746 δουλεύειν
896 688 1012 752 τοῖς
1066 685 1435 749 Βαϐυλωνίοις
1477 680 1917 756 σωφρονισθῆναι

2033 686 2161 750 pios
2194 679 2432 748 amplius
2470 678 2626 734 saevit
2669 679 2822 734 furor
2862 690 3028 749 tuus;
3080 682 3333 752 quinimo
3392 699 3421 737 a
3450 683 3609 754 gravi

323 782 496 853 ἡμᾶς,
2022 773 2309 828 servitutis
2340 773 2475 843 jugo
2505 774 2781 839 liberasti,
2813 777 3047 845 cupiens
3081 776 3187 832 hoc
3217 786 3381 848 pacto
3413 779 3608 834 melio-

354 912 363 917 -
2020 881 2112 921 res
2146 881 2247 921 nos
2280 880 2344 920 ac
2375 866 2767 935 prudentiores
2796 867 2933 921 ﬁeri.

398 957 777 1026 Συνέσεισας
809 957 926 1027 τὴν
946 956 1083 1027 γῆν,
1127 958 1225 1012 καί
1257 957 1676 1027 συνετάραξας
1699 956 1915 1025 αὐτήν.

2097 959 2259 1015 Vens.
2285 960 2339 1014 5.
2365 957 2754 1029 Conquassasti
2783 969 3006 1029 terram,
3029 970 3078 1015 ct
3103 963 3433 1018 conturbasti
3461 980 3604 1019 eam.

330 1052 568 1121 Σεισμὺν
594 1050 689 1104 καὶ
737 1049 977 1121 τάραχον
1002 1030 1105 1122 τῆς
1137 1051 1261 1121 γῆς,
1293 1051 1405 1104 τῶν
1457 1050 1728 1105 Ἰουδαίων
1771 1050 1921 1119 λέγει

2033 1051 2128 1108 Per
2185 1054 2709 1125 conquassationem
2770 1063 2824 1111 et
2875 1057 3358 1113 conturbationem
3422 1066 3607 1127 terrae,

327 1146 432 1214 τὴν
456 1143 867 1215 καταστροφὴν,
895 1143 1006 1197 τῶν
1035 1145 1095 1197 ὲν
1120 1145 1259 1217 αὐτῇ
1283 1143 1513 1211 πόλεων,
1546 1144 1643 1199 uati.
1670 1146 1770 1217 τὴν
1791 1143 1920 1217 λεη-

330 1235 550 1300 λασίαν,
586 1238 682 1289 καὶ
712 1234 814 1305 τὴν
844 1234 1114 1306 σύγχυσιν
1136 1236 1248 1289 τῶν
1280 1234 1608 1308 ἀνθρώπων.

408 1417 612 1471 Ἴασαι
647 1414 723 1470 τὰ
760 1417 1180 1486 συντρίμματα
1216 1415 1431 1486 αὐτῆς,
1467 1415 1558 1472 ὅτι
1589 1416 1919 1486 ἐσαλεύθη.

333 1507 571 1577 Σεισμὸν
606 1507 801 1573 εἰπὼν,
837 1508 1150 1572 ἀκολούθως
1184 1509 1456 1578 ἐπήγαγε,
1498 1507 1594 1562 καὶ
1648 1508 1918 1579 συντρίμ-

330 1618 491 1673 ματα
526 1601 624 1657 καὶ
675 1600 974 1656 σάλευσινο
1029 1601 1170 1674 ἔργα
1214 1602 1395 1656 ταῦτα
1436 1601 1666 1674 σεισμοῦ
1697 1614 1714 1634 ⁸
1745 1604 1922 1658 αἰνίτ-

332 1709 487 1747 τεται
514 1692 573 1746 δὲ
603 1692 704 1762 τὴν
728 1694 942 1746 πτῶσιν
981 1694 1081 1763 τῆς
1121 1693 1507 1766 Ἰερουσαλήμ.

405 1868 691 1939 ἐδειξας
712 1872 792 1939 τῷ
843 1872 974 1940 λαῷ
1002 1890 1124 1930 σου
1162 1877 1285 1929 and
1299 1877 1434 1944 ιιρά.
1467 1876 1689 1950 Σκληρὰ
1711 1877 1823 1933 νόει
1854 1878 1925 1932 τὰ
1955 1841 1998 1898 Β

337 1964 602 2030 ιπίπονα,
656 1966 727 2019 τά
770 1983 831 2019 τι
873 1967 974 2037 τῆς
1003 1967 1345 2041 πολιορκίας,
1381 1970 1476 2023 καὶ
1513 1969 1616 2042 τῆς
1644 1970 1927 2042 αἰχμαλω-

335 2057 482 2123 σίας,
515 2058 613 2112 καὶ
642 2057 714 2111 τὰ
735 2058 836 2128 τῆς
861 2059 1136 2124 δουλείας.

416 2148 736 2216 ’Βπότισας
757 2148 918 2221 ἡμᾶς
931 2148 1103 2206 οἶνον
1132 2154 1538 2222 κατανύξεως.
1571 2150 1731 2211 Οἶνον
1756 2171 1928 2211 κατα-

334 2241 545 2306 νῦξεως
598 2242 737 2315 φησι
782 2244 882 2304 τὰς
914 2244 1146 2315 θλίψεις,
1191 2247 1290 2311 τὰς
1318 2250 1601 2320 φερούσας
1630 2250 1927 2316 κατάνυξιν

335 2334 437 2387 καὶ
476 2334 768 2405 μετάνοιαν
795 2330 874 2391 ὧν
909 2336 1305 2411 ἡμαρτήκασιν
1336 2340 1415 2413 τῷ
1441 2341 1585 2414 Θεῷ.

414 2608 685 2676 Ἐὃωκας
715 2611 842 2678 τοῖς
881 2613 1283 2684 φοϐουμένοις
1312 2632 1388 2671 σε
1415 2622 1768 2689 σημείωσιν,
1820 2624 1928 2687 τοῦ

333 2701 557 2771 φυγεῖν
610 2702 731 2757 ἀπὸ
788 2705 1124 2775 προσώπου
1163 2708 1367 2774 τόξου.
1428 2713 1493 2765 οι
1545 2714 1928 2785 διαφυγόντες,

336 2796 501 2864 φησι,
540 2795 642 2867 τὴν
678 2797 987 2869 ἀναίρεσιν,
1028 2804 1260 2872 σημεεον
1293 2799 1442 2875 εἶχον
1474 2804 1620 2876 ζωῆς
1654 2810 1806 2881 παρὰ
1832 2810 1927 2865 σοῦ

336 2889 688 2960 ὲνσημανθὲν
746 2891 935 2953 αὐτοῖς
983 2893 1232 2963 ἀφανῶς,
1292 2896 1373 2960 ὡς
1423 2899 1633 2965 δούλοις
1663 2918 1779 2958 σου.
1819 2905 1930 2959 Καὶ

334 2978 433 3033 ειά
458 2981 623 3036 τοῦτο
663 2986 943 3057 συμϐολῆς
974 2989 1103 3059 περὶ
1124 2989 1193 3043 τὰ
1239 2986 1394 3062 τείχη
1425 2995 1525 3065 τῆς
1567 2994 1931 3069 Ἰερουσαλὴμ

337 3075 663 3146 γενομένης,
678 3080 778 3132 οὐκ
794 3078 1164 3153 ἀνῃρέθησαν,
1182 3082 1283 3137 ἀλλ
1298 3082 1774 3158 ’ἐγεωργήσησαν.
1795 3091 1933 3163 Περὶ

2022 1143 2339 1201 Judaaorum
2398 1145 2838 1203 destructionem
2900 1149 3183 1221 intelligit,
3242 1151 3337 1220 qui
3382 1151 3437 1205 in
3489 1153 3611 1221 ipsa

2025 1244 2160 1294 tunc
2186 1246 2347 1294 erant
2379 1239 2631 1309 civitate,
2684 1240 3178 1313 captivitatemque
3210 1257 3276 1297 ac
3308 1243 3612 1314 dispersio-

2025 1343 2149 1383 nem
2179 1329 2486 1385 hominum.

2098 1419 2251 1476 Sana
2299 1424 2641 1478 contritiones
2688 1426 2827 1496 ejus,
2867 1425 2994 1496 quia
3025 1435 3294 1483 commota
3327 1436 3426 1483 est.
3465 1426 3607 1491 Cum

2027 1521 2189 1573 terra!
2218 1519 2740 1586 conquassationem
2767 1520 2994 1586 dixerit,
3024 1533 3436 1593 consequenter
3472 1539 3614 1579 con-

2026 1606 2305 1664 tritionem
2338 1619 2391 1664 et
2426 1610 2857 1667 commotionem
2888 1613 3063 1679 addit,
3093 1630 3233 1684 quas
3265 1624 3614 1673 terraemotus

2027 1701 2166 1757 solet
2208 1700 2443 1758 ellicere.
2502 1700 2570 1757 Et
2627 1704 2942 1775 signiﬁcare
2977 1708 3196 1763 videtur
3263 1710 3611 1767 eversionem

2025 1794 2355 1852 Jerusalem.

2100 1886 2268 1944 Vens.
2310 1888 2363 1944 4.
2410 1889 2708 1947 Ostendisti
2734 1893 2929 1964 populo
2965 1903 3056 1949 tuo
3089 1896 3252 1952 dura.
3292 1896 3461 1964 Dura,
3508 1898 3617 1954 hoc

2027 1989 2114 2037 est
2146 1981 2452 2037 laboriosa.
2524 1985 2720 2039 Omnia
2758 1994 2943 2041 autem
2981 2002 3044 2043 ea
3080 1987 3338 2060 intelligit
3382 2006 3505 2063 quae
3547 1993 3618 2048 ad

2029 2073 2401 2140 obsidionem,
2442 2086 2498 2132 et
2537 2077 2604 2132 ad
2637 2079 2965 2135 servitutem
3002 2080 3382 2150 pertinebant.

2099 2164 2319 2223 Potasti
2346 2185 2443 2225 nos
2481 2171 2601 2225 vino
2629 2175 3075 2242 compunctionis.
3115 2172 3218 2232 Per
3244 2176 3430 2232 vinum
3465 2193 3619 2233 com-

2030 2260 2373 2331 punctionis,
2401 2250 2745 2323 calamitates
2773 2267 3068 2338 intelligit:
3111 2280 3279 2340 atque
3305 2272 3617 2343 angustias,

2032 2366 2156 2422 quae
2192 2355 2681 2423 compunctionem
2712 2356 2976 2425 aﬂ'erunt,
3007 2367 3061 2414 et
3104 2362 3488 2430 paenitentiam
3517 2379 3617 2420 eo-

2032 2458 2154 2499 rum
2191 2444 2549 2515 delictorum,
2585 2448 2655 2505 ob
2686 2465 2807 2519 quae
2860 2450 3030 2506 Deum
3071 2462 3263 2508 contra
3306 2469 3369 2512 se
3416 2471 3617 2526 provo-

2031 2550 2319 2595 caverunt.

2102 2633 2269 2689 Vens.
2309 2634 2363 2688 5.
2407 2633 2619 2690 Dedisti
2659 2637 3013 2692 metuentibus
3053 2647 3103 2693 te
3147 2640 3617 2711 significationem,

2030 2738 2086 2780 ut
2121 2728 2331 2799 fugiant
2367 2744 2399 2781 α
2424 2728 2567 2799 facie
2597 2746 2781 2785 arcus.
2812 2731 2919 2798 Illi,
2958 2731 3162 2801 inquit,
3192 2735 3289 2804 qui
3311 2734 3622 2808 eﬂ‘ugerunt

2031 2812 2342 2885 interitum,
2397 2821 2617 2892 signum
2671 2836 2702 2876 a
2755 2834 2805 2879 te
2849 2825 3125 2893 quoddam
3174 2825 3301 2882 vita:
3346 2829 3623 2886 habebant

2032 2910 2140 2967 sibi
2191 2911 2449 2981 latenter,
2516 2915 2687 2970 veluti
2739 2918 2916 2972 servis
2971 2918 3081 2972 tuis
3134 2917 3458 2990 insignitum
3502 2923 3621 2978 :ob

2033 3004 2200 3074 quod,
2231 3019 2356 3060 Cum
2384 3007 2576 3062 hostes
2606 3023 2806 3064 manus
2829 3019 3190 3067 consererent
3211 3012 3360 3067 circa
3394 3017 3620 3082 inmitia,

2035 3092 2206 3148 occisi
2247 3109 2356 3148 non
2388 3105 2540 3159 sunt,
2580 3097 2675 3152 sed
2709 3100 2939 3154 servati.
2995 3094 3071 3156 De
3118 3101 3222 3156 hoc
3255 3103 3417 3171 signo
3452 3107 3621 3160 etiam

336 3168 540 3223 τούτου
558 3169 614 3223 δὲ
636 3171 734 3224 τοῦ
760 3173 1011 3245 σημείου,
1035 3177 1265 3246 προεῖπε
1284 3177 1381 3232 καὶ
1422 3178 1688 3252 Ἰεζεκιήλ
1711 3197 1724 3211 ’
1763 3185 1930 3236 Ἀπο-

2036 3186 2241 3257 legitur
2278 3184 2560 3256 Ezechiel,
2593 3191 2825 3259 quando
2842 3192 2956 3248 ait:
3013 3192 3251 3249 Occidit:
3280 3168 3350 3249 ait
3375 3199 3624 3252 extermi-

339 3265 616 3317 κτείνατε
643 3266 733 3332 εὶς
753 3265 1101 3338 ἐξάλειψινο
1142 3268 1243 3323 ἐπὶ
1272 3269 1342 3324 δὲ
1369 3270 1603 3340 πάντας
1630 3274 1725 3345 ἐφ’
1761 3275 1931 3345 ὅσοις

337 3356 475 3410 ἐστὶ
504 3357 573 3411 τὸ
598 3359 876 3429 σημεῖον,
897 3360 996 3417 ἐπὶ
1026 3360 1144 3417 τῶν
1151 3364 1463 3433 μετώπιον,
1489 3366 1577 3437 μὴ
1606 3369 1927 3440 ἐγγύσητε.

342 3449 652 3518 Πρόσωπον
712 3451 771 3505 δὲ
821 3452 999 3522 τόξου,
1035 3455 1098 3508 τὸ
1145 3455 1324 3526 βέλος,
1359 3448 1436 3522 ὦς
1481 3458 1932 3532 προϐεϐλημένον

340 3542 517 3595 αὑτοῦ
537 3557 555 3575 ο
588 3542 621 3615 ἦ
658 3545 804 3599 κατὰ
833 3547 1195 3619 περίφρασιν,
1240 3550 1375 3605 αὐτὸ
1398 3550 1461 3605 τὸ
1489 3552 1665 3619 τόξον.
1699 3555 1798 3610 Διά
1822 3556 1933 3629 γὰρ

339 3632 440 3686 τοῦ
469 3634 652 3703 τόξου,
684 3636 795 3692 πᾶν
823 3638 989 3693 ὅπλον
1021 3641 1345 3713 δεδήλωται,
1380 3643 1455 3708 ὡς
1491 3645 1601 3699 ἀπὸ
1629 3646 1834 3719 μέρους
1870 3649 1933 3704 τὸ

339 3727 474 3782 πᾶν.

445 3823 623 3888 Orta):
668 3821 745 3877 ἂν
777 3824 1097 3893 ρυσθῶσιν
1123 3830 1180 3884 οι
1217 3828 1521 3901 ἀγαπητοί
1542 3848 1683 3892 σου.
1739 3835 1932 3907 Τοῦτο,

340 3913 383 3981 ἡ
430 3912 586 3966 αἰτία
619 3912 720 3986 τῆς
753 3918 1137 3987 σημειώσεως.

431 4005 641 4062 Σῶσον
657 4005 734 4078 τῇ
761 4006 923 4080 δεξιᾷ
938 4028 1077 4079 σου,
1108 4014 1207 4068 καὶ
1232 4015 1589 4074 ἐπάκουσόν
1602 4038 1748 4091 μου.
1773 4018 1935 4089 Δεξιᾶ

344 4098 445 4155 νῦν
472 4140 488 4164 ,
523 4102 557 4171 ἠ
593 4099 846 4171 δύναμις.
905 4104 1286 4163 Ἐπάκουσον
1319 4109 1379 4164 δὲ
1412 4111 1585 4181 ἐμοῦ,
1627 4113 1723 4168 τοῦ
1761 4116 1821 4169 ὲν
1842 4116 1933 4170 al-

344 4191 645 4265 χμαλωσίᾳ
674 4192 832 4249 λαοῦ.

427 4285 495 4339 ’0
526 4287 671 4353 Θεὸς
709 4286 1023 4357 ἐλάλησεν
1057 4289 1128 4345 ἐν
1165 4291 1244 4358 τῷ
1272 4295 1419 4364 ἁγίῳ
1447 4297 1658 4354 αὐτοῦ.
1704 4298 1747 4353 Τ
1752 4302 1786 4355 ἁ
1834 4296 1936 4373 μὲν

344 4378 510 4443 ἄλλα,
543 4377 823 4450 προσώπῳ
861 4380 969 4436 τῶν
1011 4378 1378 4456 αἰχμαλώτων
1410 4388 1634 4462 είρηκεν
1660 4393 1690 4446 ὁ
1731 4396 1895 4450 Δαϐίδ
1920 4414 1935 4429 ο

2037 3276 2353 3346 nationem;
2391 3277 2501 3332 illis
2531 3289 2731 3349 autem,
2762 3280 2952 3351 quibus
2989 3293 3066 3337 est
3098 3285 3310 3352 signum
3336 3287 3390 3339 in
3427 3286 3624 3355 fronte,

2035 3368 2201 3424 nolite
2221 3372 2672 3442 appropinquare.
2705 3372 2810 3428 Per
2838 3373 3035 3430 faciem
3071 3391 3201 3431 vero
3226 3392 3411 3444 arcus,
3448 3379 3624 3448 ipsam

2037 3461 2296 3531 sagittam
2346 3461 2629 3534 intelligit,
2703 3465 2873 3521 veluti
2905 3482 3031 3536 quae
3079 3469 3234 3523 arcui
3268 3472 3625 3540 praeminet;

2037 3553 2121 3609 vel
2155 3556 2678 3626 circumloquendo,
2720 3572 2819 3628 per
2851 3557 3052 3615 faciem
3092 3575 3281 3629 arcus,
3315 3562 3501 3633 ipsum
3537 3578 3629 3618 ar-

2035 3662 2161 3704 cum
2197 3647 2473 3719 intelligit.
2506 3647 2574 3704 Et
2619 3650 2755 3705 dum
2801 3668 2993 3708 arcum
3027 3653 3193 3720 dixit,
3247 3670 3414 3713 omne
3445 3672 3630 3712 armo-

2036 3759 2158 3800 rum
2193 3759 2368 3815 genus
2394 3744 2745 3815 signiﬁcavit,
2767 3748 2926 3818 quasi
2960 3757 3135 3803 totum
3161 3763 3193 3804 a
3227 3760 3409 3820 parte.

2109 3836 2274 3894 Vens.
2319 3838 2371 3895 6.
2406 3835 2473 3894 Ut
2503 3839 2790 3895 liberentur
2811 3842 2994 3896 dilecti
3025 3844 3127 3899 tui.
3154 3841 3281 3900 Haec
3305 3844 3411 3901 fuit
3432 3861 3625 3917 causa,

2039 3944 2140 3989 (:ur
2166 3933 2383 4004 signum
2417 3934 2605 3988 datum
2636 3936 2733 3989 sit.

2108 4018 2275 4079 Salva
2316 4024 2507 4078 dextra
2556 4034 2672 4087 tua,
2724 4034 2775 4079 et
2801 4028 3000 4081 exaudi
3051 4043 3155 4081 me.
3187 4026 3293 4084 Per
3316 4028 3627 4091 dexteram.

2036 4116 2340 4188 potentiam
2405 4117 2690 4187 intelligit.
2747 4115 2966 4172 Exaudi
3015 4121 3183 4175 etiam
3241 4137 3322 4176 me
3357 4123 3621 4193 populum

2043 4200 2200 4265 tuum
2232 4208 2285 4262 in
2317 4209 2639 4278 captivitate
2668 4210 3066 4265 constitutum.

2116 4292 2281 4356 Vens.
2322 4300 2375 4357 7.
2420 4299 2562 4355 Deus
2599 4301 2807 4356 locutus
2836 4304 2996 4357 estin
3048 4314 3237 4360 sancto
3281 4322 3399 4364 suo.
3437 4306 3623 4377 Supe-

2040 4393 2187 4451 riora
2218 4394 2436 4463 quidem
2472 4410 2537 4448 ex
2589 4394 2929 4465 captivorum
2971 4411 3203 4465 persona
3256 4397 3406 4455 dicta
3451 4409 3624 4467 sunt;

344 4470 514 4524 τοῦτο
536 4470 594 4524 δὲ
620 4471 682 4525 τὸ
706 4474 893 4543 ῥητὸν,
927 4476 1141 4531 οἴκοθεν
1176 4483 1410 4553 προάγει
1444 4484 1601 4552 ἆγιον
1634 4476 1735 4561 μὲτν
1759 4489 1932 4559 λέγων

2042 4488 2208 4560 hujus
2252 4497 2438 4542 autem
2485 4487 2747 4542 versiculi
2796 4487 2964 4542 verba
3012 4488 3080 4542 ab
3116 4488 3238 4560 ipso
3271 4492 3628 4562 proferuntur

344 4564 382 4634 ἦ
450 4564 665 4631 ἑαυτὸν,
721 4564 799 4630 ὡς
856 4568 1253 4653 ἀφωσιωμὲνον
1306 4572 1385 4645 τῷ
1427 4572 1570 4646 Θεῷ,
1696 4556 1757 4633 τὸ
1791 4556 1932 4637 οεῖον

2046 4556 2317 4653 Propheta
2347 4599 2362 4637 :
2395 4581 2489 4652 qui
2525 4580 2768 4650 scipsum
2806 4581 2897 4637 hic
2931 4556 3205 4650 sanctum,
3238 4556 3345 4639 hoc
3381 4592 3489 4648 est,
3515 4583 3629 4640 Deo

346 4656 622 4726 Πνεῦμα·
658 4657 929 4714 διδάσκων
952 4660 1031 4726 δὲ,
1079 4665 1164 4717 ὅτι
1217 4664 1246 4716 ό
1291 4666 1423 4731 Θεὸς
1476 4669 1744 4744 ἐλάλησεν
1784 4677 1935 4748 αὑτῷ

344 4752 445 4803 καὶ
472 4748 514 4803 ἃ.
550 4751 681 4821 ἐρεῖ.
709 4750 842 4805 Τίνα
880 4753 939 4807 δέ
969 4756 1132 4821 εἰσιν,
1159 4755 1412 4815 ἄκουσον.

2045 4675 2452 4730 sanctiﬁcatum
2497 4686 2561 4726 ac
2605 4670 2917 4727 dedicatum
2974 4674 3233 4744 appellat.
3284 4671 3380 4729 Vel
3410 4713 3427 4738 ,
3484 4673 3628 4729 Deus

2045 4768 2254 4823 locutus
2283 4774 2364 4820 est
2394 4773 2579 4819 sancto
2607 4779 2726 4830 suo,
2759 4779 2857 4834 pro
2893 4765 3060 4831 Deus,
3087 4781 3186 4836 per
3214 4775 3465 4822 sanctum
3504 4765 3632 4838 Spi-

346 4853 524 4902 r’tum
552 4863 712 4903 suum
744 4849 877 4904 mihi
909 4850 1129 4909 locutus
1155 4862 1242 4910 est
1272 4873 1286 4912 :
1320 4862 1374 4911 et
1423 4856 1481 4911 in
1533 4875 1750 4918 summa
1793 4866 1932 4924 illud
1980 4867 2237 4933 adiuuat,
2268 4862 2418 4935 quod
2449 4877 2478 4915 a
2527 4860 2641 4917 Deo
2693 4875 2759 4917 ea
2805 4861 2912 4916 sibi
2951 4860 3177 4919 fuerunt
3206 4866 3465 4933 revelata,
3507 4881 3634 4937 qua

345 4942 518 4998 modo
577 4942 830 5001 dicturus
866 4955 969 5002 est.
1011 4946 1144 5015 Quae
1174 4960 1357 5007 autem
1388 4969 1451 5009 ea
1481 4958 1612 5023 sint,
1636 4959 1791 5016 audi.

433 5036 935 5108 Ἀγαλλιάσομαι.
962 5040 1043 5112 Τῇ
1070 5042 1430 5116 εὐαρεστήσει
1456 5047 1659 5121 δηλαδὴ
1694 5051 1802 5105 τῶν
1826 5053 1941 5125 (ll)

345 5131 441 5198 αἰχ
449 5128 739 5198 μαλώτων.

422 5219 534 5274 Καὶ
549 5220 827 5292 διαμεριῶ
842 5225 1096 5295 Σίκημα.
1113 5226 1334 5300 Σίκημα
1354 5230 1508 5296 πόλις
1525 5233 1627 5306 τῆς
1657 5235 1906 5310 Ἑφραῒμ
1923 5254 1939 5272 ο

2114 5048 2385 5106 ιωιαὺον.
2411 5046 2567 5114 Quod
2602 5045 2815 5102 scilicet
2833 5046 2869 5101 ii
2888 5047 2982 5117 qui
3018 5047 3073 5102 in
3103 5046 3400 5118 praesentia
3426 5044 3628 5114 captivi

2040 5152 2193 5208 sunt,
2228 5141 2362 5198 mihi
2392 5139 2694 5210 aliquando
2719 5140 3051 5196 conciliandi
3081 5146 3233 5194 sunt.

2113 5237 2182 5293 Et
2229 5235 2442 5306 partiar
2496 5233 2721 5290 Sicima.
2780 5233 2986 5289 Sicima
3045 5231 3241 5287 civitas
3311 5238 3397 5287 est
3448 5230 3635 5283 tribus

348 5316 559 5386 ταύτην
612 5312 727 5383 οὖν,
786 5320 984 5389 φησὶν,
1028 5320 1137 5375 ἀπὸ
1179 5322 1290 5377 τῶν
1344 5326 1685 5396 κατεχόντων
1727 5330 1932 5401 ἐχθρῶν

2038 5328 2324 5402 Ephraim.
2344 5325 2520 5391 lianc,
2557 5325 2760 5397 inquit,
2790 5325 3095 5388 civitatem,
3123 5323 3193 5377 ab
3223 5320 3483 5384 inimicis,
3500 5334 3623 5374 eam

343 5408 758 5482 ἀναρῤύσομαι,
786 5412 883 5466 καὶ
914 5412 1184 5485 διαμεριῶ
1213 5413 1292 5487 τῷ
1322 5415 1436 5488 λαῷ
1478 5434 1582 5488 μου
1636 5421 1718 5484 είς
1749 5439 1934 5479 κατοι-

346 5502 504 5560 θίαν.

464 5688 511 5718 ’⁸
539 5683 743 5740 Ezecb.
764 5701 841 5752 rx,
872 5686 926 5744 6.

2044 5420 2471 5493 occupantibus,
2499 5420 2766 5487 liberabo,
2790 5426 2847 5473 et
2863 5416 3073 5489 partior
3104 5430 3226 5470 eam
3261 5412 3466 5485 popqu
3497 5425 3626 5468 meo

2047 5515 2116 5571 ad
2145 5510 2524 5568 habitandum.

1700 5768 1904 5846 Varias
1932 5783 2261 5847 lectiones.

428 5883 540 5957 ιιι)
582 5883 670 5940 Al.
701 5882 1271 5955 αἰχμαλωτισθέντων.
