4120 6454
474 363 586 431 6i!)

1745 355 2104 418 EUTHYMI
2146 354 2511 417 ZlGABENI

3659 353 3772 421 616

545 475 618 530 Et
648 472 839 530 vallem
873 470 1335 529 tabernaculorum
1369 467 1581 524 metiar.
1613 463 1787 523 Vallis
1815 468 2069 523 taberna-

2243 465 2353 521 Καί
2389 465 2506 536 τὴν
2536 461 2793 520 κοιλάδα
2819 461 2940 518 τῶν
2959 463 3211 532 σκηνῶν
3239 464 3636 536 διαμετρήσω.
3662 465 3776 525 Καὶ

475 566 731 620 culorum
786 565 944 619 locus
991 573 1076 618 est
1125 563 1320 633 jacens
1370 567 1498 614 ante
1546 556 1775 624 Sicima,
1809 573 1972 628 quem
2015 571 2076 612 se

480 656 626 713 Deus
657 657 889 726 captivis
913 670 1174 710 mensura
1204 654 1407 724 pariter
1429 652 1737 707 divisurum
1763 650 2073 721 pollicetur.

482 747 547 802 Et
577 749 795 804 duobus
828 749 914 802 bis
946 748 1106 810 locis,
1136 746 1450 801 universam
1495 741 1741 798 Iudaeam
1785 742 2073 814 signiﬁca-

481 844 578 907 vit,
612 841 780 896 veluti
816 855 846 895 a
887 848 1044 911 parte
1076 848 1277 894 totum.

552 1019 736 1077 Vsus.~
757 1021 812 1078 8.
845 1024 995 1076 Meus
1031 1029 1109 1074 est
1140 1020 1376 1087 Calaad,
1407 1029 1454 1074 et
1487 1036 1632 1074 meus
1665 1029 1742 1074 est
1766 1016 2072 1073 Monaeses.

484 1117 528 1167 Α
562 1115 766 1168 minori
803 1115 869 1168 ad
904 1113 1167 1183 majorem
1199 1112 1472 1176 ascendit,
1510 1120 1678 1183 atque
1707 1127 1737 1167 a
1775 1112 2077 1182 posteriori

483 1207 550 1259 ad
607 1206 899 1276 priorem:
948 1208 1154 1274 quippe
1200 1221 1325 1259 cum
1387 1204 1592 1259 Galaad
1660 1204 2074 1275 progenitorcm

483 1315 644 1354 suum
684 1300 914 1352 haberet
949 1299 1283 1352 Manassem.
1319 1296 1423 1352 Per
1455 1297 1744 1352 Manassen
1775 1312 1904 1351 vero
1948 1296 2076 1350 uni-

483 1407 700 1446 versam
752 1391 1035 1446 Manasses
1066 1391 1268 1444 tribum
1311 1389 1588 1457 intelligit,
1621 1397 1676 1443 et
1721 1403 1818 1458 per
1847 1388 1952 1442 alia
1979 1403 2079 1458 pa-

483 1483 858 1539 triarcharum
892 1483 1140 1548 nomina,
1186 1482 1320 1536 alias
1356 1482 1691 1552 insigniores
1739 1482 1942 1545 tribus,
1981 1496 2078 1551 per

484 1593 624 1647 quas
659 1577 886 1647 reliquae
914 1577 1078 1630 etiam
1125 1575 1698 1646 comprehenduntur.
1739 1575 1829 1627 Ait
1861 1574 2070 1645 igitur:

494 1667 646 1721 Meus
691 1683 840 1720 nunc
872 1674 955 1720 est
1004 1674 1155 1720 totus
1197 1666 1453 1735 pepulus,
1509 1663 1730 1720 tametsi
1777 1664 2076 1734 aliquando

484 1774 610 1814 eum
642 1759 964 1827 repulerim,
1000 1758 1225 1826 quando
1252 1773 1337 1811 me
1373 1757 1636 1811 irritavit.

2179 559 2212 630 ὴ
2243 558 2430 624 κοιλὰς
2452 559 2562 613 τῶν
2600 558 2816 630 σκηνῶν
2841 557 3059 630 χωρίων
3093 551 3182 628 ἦν,
3230 559 3339 630 πρὸ
3373 559 3484 614 τῶν
3513 560 3779 632 Σικήμων

2179 651 2456 721 κείμενον,
2478 651 2506 704 ὃ
2537 652 2634 706 καὶ
2660 653 2795 706 αύτὸ
2825 653 3010 724 μέτρῳ
3041 654 3319 726 διανεῖμαι
3348 656 3460 719 τοῖς
3487 656 3778 728 αἰχμαλὼ-

2178 759 2296 806 τοις
2325 743 2695 814 ὑπισχνεῖται.
2743 743 2846 797 Διὰ
2869 743 2926 798 δὲ
2958 743 3165 799 τούτων
3185 744 3295 799 τῶν
3319 747 3525 815 τόπων,
3556 748 3652 803 καὶ
3675 748 3777 820 τὴν

2180 831 2482 902 σύμπασαν
2550 834 2812 891 Ἰουδαίαν
2840 876 2856 902 ,
2910 837 2987 901 ὼς
3032 838 3099 892 ἐκ
3145 838 3348 910 μέρους
3396 838 3459 892 τὸ
3495 841 3605 894 πᾶν
3649 841 3779 912 eos.

2181 924 2377 982 λωσεν.

2264 1019 2443 1088 Ἐμός
2473 1020 2605 1074 ἐστι
2632 1021 2906 1088 Γαλαὰδ,
2932 1023 3028 1076 καί
3059 1023 3206 1092 ἐμός
3240 1023 3374 1078 ἐστι
3401 1024 3775 1094 Μανασσῆς.

2191 1109 2327 1163 Ἀπὸ
2353 1110 2447 1165 τοῦ
2478 1113 2774 1182 ἀπογόνου,
2808 1115 2902 1167 ἐπὶ
2926 1114 3017 1168 τὸν
3045 1115 3316 1186 πρόγονον
3343 1116 3544 1187 ἀνῆλθε
3577 1134 3594 1150 ο
3634 1119 3776 1189 πρό-

2178 1218 2338 1270 γονος
2385 1203 2550 1274 γὰρδ
2599 1203 2904 1274 Μανασσῆς
2955 1207 3050 1259 τοῦ
3110 1206 3332 1260 Γαλαὰδ
3371 1225 3386 1240 ο
3442 1209 3532 1264 διὰ
3572 1210 3630 1264 δὲ
3676 1214 3774 1266 τοῦ

2179 1295 2484 1367 Μανασσῆ,
2535 1297 2633 1366 τὴν
2673 1296 2850 1368 φυλὴν
2882 1298 3051 1351 αὑτοῦ
3119 1299 3359 1371 ἐδήλωσε
3386 1319 3399 1331 ·
3431 1304 3525 1356 καί
3550 1303 3640 1357 διὰ
3663 1305 3777 1360 τῶν

2181 1387 2359 1442 ἄλλων
2383 1389 2794 1459 ὀνομάτων,τὰς
2815 1390 2983 1455 ἄλλας
3005 1393 3202 1461 φυλὰς,
3221 1395 3319 1458 τὰς
3338 1394 3774 1468 ἐπισημοτέρας,

2180 1474 2270 1543 αἷς
2314 1481 2407 1535 καί
2479 1482 2536 1534 αἰ
2602 1485 2789 1536 λοιπαὶ
2844 1485 3498 1555 συμπεριλαμϐάνονται.
3593 1489 3767 1558 Λέγει

2180 1572 2262 1640 δὲ,
2315 1573 2400 1627 ὃτι
2463 1573 2628 1645 Ἐμός
2662 1577 2779 1630 ἐστι
2827 1575 2947 1642 νῦν,
2994 1578 3088 1631 καὶ
3133 1581 3183 1632 εἰ
3220 1579 3536 1652 ἁπωσάμην
3565 1583 3776 1652 αὐτὸν,

2181 1663 2272 1716 ὅτε
2303 1682 2371 1735 με
2421 1681 2494 1717 πα
2502 1665 2768 1738 ρώργισε.

559 1849 629 1902 Et
661 1849 921 1919 Ephraim
956 1847 1224 1916 fortitudo
1255 1849 1448 1916 cupiti:
1480 1849 1601 1903 mei.
1632 1847 1735 1904 Per
1770 1857 1934 1918 caput
1974 1847 2078 1904 hoc

2257 1851 2368 1904 Καὶ
2415 1850 2694 1922 Ἐφροῒμ,
2753 1855 3118 1922 κραταίωσις
3166 1853 3280 1922 τῆς
3313 1855 3591 1924 κεφαλῆς
3631 1873 3776 1926 μου.

482 1939 606 1993 loco
639 1939 928 2007 imperium
965 1940 1249 2008 intelligit,
1279 1940 1744 2010 quemadmodum
1777 1941 1891 2011 ipse
1909 1943 2076 1998 etiam

485 2032 852 2103 Symmachus
883 2032 1194 2097 transtulit,
1225 2043 1279 2087 ct
1319 2048 1520 2088 sensus
1548 2043 1631 2088 est
1664 2051 1679 2088 :
1714 2036 1859 2104 quod
1889 2045 2082 2105 poten-

483 2127 701 2180 tissima
744 2141 867 2194 pars
906 2125 1059 2195 regni
1103 2123 1444 2193 Judteorum,
1481 2126 1534 2180 in
1572 2126 1640 2182 iis
1687 2129 1943 2182 consistit
1987 2131 2086 2183 tui-

485 2219 702 2281 litibus,
743 2221 836 2288 qui
869 2229 1000 2274 sunt
1037 2220 1104 2273 de
1145 2235 1346 2288 genere
1394 2218 1677 2289 Ephraim.
1726 2219 1840 2276 Hoc
1894 2230 2078 2278 autem

484 2313 836 2380 pronomine,
904 2327 1071 2375 meus,
1135 2312 1419 2366 vindicare
1493 2312 1597 2366 sibi
1659 2313 1879 2368 videtur
1935 2314 2081 2371 Deus

484 2418 679 2457 eorum
710 2419 962 2474 regnum,
997 2415 1261 2472 tanquam
1311 2402 1568 2472 proprius
1603 2402 1695 2456 ille
1731 2403 1834 2457 sibi
1872 2404 1945 2458 sit
1977 2419 2082 2473 po-

486 2497 699 2565 pulus,
751 2510 816 2550 ex
866 2509 977 2565 quo
1033 2494 1300 2564 majorem
1363 2494 1514 2550 illius
1575 2494 1744 2548 etiam
1810 2494 2075 2550 tlduciam

483 2597 732 2658 praestat.

563 2680 728 2736 Vsus.
764 2680 820 2734 9.
851 2678 1027 2734 ludas
1081 2677 1195 2733 Rea:
1233 2695 1402 2734 meus.
1459 2677 1537 2733 Ex
1581 2679 1728 2734 tribu
1787 2679 1924 2735 Juda
1977 2680 2084 2737 erit

488 2770 606 2828 Rex
672 2775 871 2842 pepulo
932 2773 1124 2827 Israel.
1190 2770 1326 2826 Nam
1387 2779 1444 2826 et
1498 2779 1624 2842 post
1681 2773 2082 2842 captivitatem,

487 2867 796 2922 Zorobabel
826 2868 916 2938 qui
948 2867 1016 2921 de
1053 2866 1202 2920 tribu
1242 2863 1385 2919 Juda
1414 2873 1557 2932 erat,
1597 2863 1708 2920 lie:
1738 2865 2080 2920 constitutus

486 2972 590 3016 est.
627 2960 738 3016 lloc
769 2961 1018 3014 etiamin
1060 2961 1204 3023 loco,
1238 2971 1541 3028 pronomen
1577 2973 1591 3009 :
1632 2973 1800 3024 meus,
1851 2971 2080 3026 regnum

491 3055 627 3110 illud
718 3053 1005 3124 preprium
1074 3051 1484 3124 quodammodo
1551 3051 1729 3121 ipsius
1795 3047 1890 3104 Dei
1956 3063 2081 3104 esse

487 3149 753 3204 ostendit.

564 3239 721 3294 Moab
761 3239 898 3294 lebes
939 3241 1049 3310 spei
1096 3254 1245 3293 mere.
1286 3236 1462 3292 Lebes
1499 3251 1675 3306 genus
1704 3246 1791 3291 est
1830 3234 1979 3305 vasis
2011 3234 2081 3290 ad

488 3333 798 3388 ministeria
835 3349 848 3386 :
879 3349 976 3402 per
1008 3333 1154 3402 quod
1189 3331 1433 3386 indicare
1464 3331 1705 3395 videtur,
1752 3331 1900 3399 quod
1927 3328 2081 3385 Moa-

492 3425 732 3480 bitarum
773 3425 1009 3494 populus
1057 3424 1162 3479 sibi
1210 3423 1592 3493 subjiciendus
1622 3431 1790 3486 esset,
1825 3431 1878 3478 et
1927 3423 2085 3477 mini-

491 3526 795 3572 straturus.
828 3514 950 3584 Spei
985 3531 1133 3584 mew,
1164 3515 1268 3570 hoc
1294 3523 1402 3581 est,
1433 3515 1853 3570 ministraturus
1882 3513 1952 3570 iis
1988 3515 2084 3585 qui

490 3609 547 3662 in
597 3625 681 3661 me
734 3609 1106 3676 speraverint,
1155 3607 1241 3661 vel
1289 3606 1357 3660 iis
1405 3606 1458 3660 in
1498 3605 1699 3676 quibus
1747 3621 1850 3676 ego
1897 3622 2080 3676 spero,

498 3701 646 3770 quod
681 3702 786 3755 mei
822 3700 995 3754 futuri
1021 3709 1172 3754 sunt.

566 3795 629 3847 In
703 3793 1007 3847 Idumwam
1064 3795 1347 3847 extendam
1405 3794 1828 3849 calceamentum
1885 3812 2080 3853 meum.

493 3886 598 3940 Per
651 3889 1089 3943 calceameutum
1144 3889 1250 3943 iter
1305 3888 1580 3958 intelligit.
1626 3886 1822 3953 Hauc,
1871 3889 2077 3960 inquit,

491 3974 787 4031 ldumteain
850 3979 1056 4047 populo
1101 3993 1223 4031 meo
1256 3979 1465 4047 pariter
1499 3978 1819 4048 subjiciam,
1853 3995 1980 4035 cum
2013 3993 2080 4036 eo

467 4070 558 4123 ad
587 4069 784 4124 bellum
815 4071 978 4124 simul
1013 4069 1332 4140 proﬁciens.

565 4157 702 4211 Mihi
735 4159 1042 4229 alienigenw
1073 4159 1269 4213 subditi
1293 4171 1437 4214 mut.
1465 4158 1737 4227 Moabitae,
1758 4169 1812 4216 et
1831 4159 2077 4229 Idumaei,

492 4251 560 4304 de
592 4251 792 4320 quibus
825 4251 1092 4315 diximus,
1125 4259 1178 4306 et
1212 4251 1303 4304 alii
1334 4251 1721 4308 circuuwicini
1761 4255 1973 4324 populi.
2014 4254 2082 4308 Et

496 4342 647 4413 quod
689 4343 806 4396 ait:
876 4342 1094 4397 Subditi
1145 4351 1291 4407 sunt,
1336 4341 1667 4413 Pr0plietico
1717 4359 1874 4400 more
1919 4345 2079 4414 dixit,

493 4436 831 4506 praeteritum
863 4451 963 4506 pro
995 4435 1184 4489 futuro
1212 4445 1429 4506 tempus
1459 4451 1696 4505 ponens.

2185 1942 2445 2013 Κεφαλὴν
2469 1944 2727 2008 ἐνταῦθα,
2758 1944 2860 2016 τὴν
2891 1945 3066 2017 ἀρχὴν
3093 1945 3354 2016 ὀνομάζει
3381 1962 3394 1977 ⁸
3425 1946 3570 2001 οὕτω
3603 1949 3713 2020 γὰρ
3750 1949 3779 2002 ό

2184 2034 2484 2106 Σύμμαχος
2525 2035 2783 2100 ἐξέδωκε.
2815 2039 2986 2106 Φησίν
3033 2037 3150 2104 οὖν,
3204 2040 3288 2092 ὅτι
3316 2040 3581 2110 κραταιὸν
3611 2041 3780 2113 μέρος

2183 2129 2282 2198 τῆς
2355 2127 2626 2199 Ἐϐραίων
2689 2128 2969 2198 βασιλείας
3029 2131 3246 2186 ἔσονται
3313 2133 3363 2184 οἰ
3427 2131 3536 2185 ἀπὸ
3587 2134 3780 2202 γένους

2201 2223 2469 2295 Ἐφραῖμ.
2501 2224 2604 2278 Διά
2627 2225 2683 2279 δὲ
2704 2226 2805 2295 τῆς
2823 2243 2943 2295 μου
2976 2228 3325 2298 ἁντωνυμίας
3357 2230 3653 2284 οἰκειοῦται
3679 2231 3780 2302 τὴν

2189 2315 2476 2386 βασιλείαν
2508 2318 2692 2374 αὐτῶν
2718 2321 2746 2373 ὁ
2771 2319 2930 2388 Θεὸς,
2953 2319 3028 2386 ὡς
3056 2324 3259 2377 οἰκεῖον
3301 2322 3454 2391 λαὸν,
3489 2323 3778 2396 θαρρύνων

2183 2409 2411 2475 αὐτούς,

2271 2681 2504 2750 Ἰούδας
2523 2683 2827 2751 ,βασιλεύς
2849 2702 2988 2754 μου.
3011 2687 3121 2740 Καὶ
3141 2687 3250 2743 ἀπὸ
3273 2689 3374 2760 τῆς
3402 2688 3563 2743 ’ἰούδα
3589 2689 3768 2760 φυλῆς

2186 2773 2339 2827 ἔσται
2374 2777 2402 2828 ὁ
2431 2774 2688 2845 βασιλεὺς
2718 2777 2922 2831 αὐτῶν.
2958 2774 3017 2831 '0
3053 2780 3361 2850 Ζοροϐάϐελ
3384 2781 3489 2851 γὰρ
3520 2781 3629 2835 ἀπὸ
3656 2781 3767 2849 τῆς

2186 2866 2571 2938 αἰχμαλωσίαν
2619 2867 2974 2922 ἐϐασίλευσεν
3025 2871 3207 2925 αὐτῶν
3260 2874 3326 2926 ὲκ
3364 2874 3459 2943 τῆς
3512 2873 3778 2944 τοιαύτης

2188 2961 2360 3033 φυλῆς
2385 2962 2789 3032 καταγόμενος.
2841 2964 3139 3020 Κάνταῦθα
3161 2966 3218 3020 δὲ
3238 2968 3298 3021 τὸ
3326 2987 3472 3037 μου,
3500 2968 3782 3023 οἰκείωσιν

2188 3053 2449 3124 ἐμφαίνει
2482 3053 2581 3124 τῆς
2603 3053 2867 3128 τοιαύτης
2899 3054 3202 3126 βασιλείας.

2261 3234 2445 3290 Μωὰϐ
2464 3233 2650 3303 λέϐης
2679 3235 2788 3305 τῆς
2818 3235 3067 3304 ἐλπίδος
3085 3254 3228 3308 μου.
3268 3237 3633 3308 Ὑπηρετικόν
3664 3241 3783 3294 ἐστι

2189 3326 2384 3392 σκεῦος
2433 3329 2462 3380 ὁ
2510 3326 2677 3398 λέϐης
2712 3343 2727 3358 ·
2770 3328 3067 3383 αἰνίττεται
3107 3329 3184 3393 δέ,
3233 3329 3317 3383 ὅτι
3361 3331 3422 3384 τὸ
3469 3331 3784 3387 Μωαϐιτῶν

2190 3421 2344 3484 ἔθνος
2381 3420 2794 3491 ὑποταγήσεται
2848 3422 3058 3487 αὐτοῖς,
3101 3424 3196 3476 καὶ
3241 3423 3554 3494 ὑπηρετοῦν
3598 3425 3778 3481 ἔσται.

2193 3512 2311 3582 Τῆς
2354 3513 2609 3581 ἐλπίδος
2637 3531 2782 3583 μου,
2832 3514 2956 3568 ἀντὶ
2994 3513 3114 3581 τοῦ,
3164 3514 3274 3568 τῶν
3309 3516 3644 3580 ἐλπιζόντων
3699 3519 3784 3583 εἰς

2189 3605 2294 3676 ἐμέ
2322 3623 2336 3638 ·
2369 3607 2487 3678 ἢέν
2516 3601 2599 3670 οἷς
2629 3605 2860 3675 ἐλπίζω,
2895 3607 2979 3661 ὅτι
3008 3609 3133 3678 ἐμοὶ
3165 3607 3406 3664 ἔσονται.
3439 3677 3442 3680 γ

2269 3786 2396 3840 Ἐπὶ
2422 3785 2539 3856 τὴν
2575 3787 2926 3857 Ἰδουμαίαν
2963 3787 3190 3842 ἐκτενῶ
3217 3788 3284 3843 τὸ
3318 3788 3602 3859 ὑπόδημα
3635 3809 3780 3861 μου.

2201 3880 2493 3952 ’Υπόδημα
2519 3881 2619 3952 τὴν
2665 3882 2896 3953 πορείαν
2941 3881 3113 3951 λέγει,
3144 3883 3393 3937 τουτέστι
3442 3885 3540 3938 καὶ
3572 3885 3785 3958 ταύτην

2189 3974 2446 4042 ὑπο-τάξω
2473 3973 2594 4045 λαῷ
2625 3992 2753 4046 μου,
2785 3977 3294 4046 συνεκστρατεύσας
3325 3976 3497 4048 αὐτῷ.

2275 4154 2434 4224 Ἐμοὶ
2469 4155 2817 4225 ἀλλόφυλοι
2858 4153 3278 4224 ὑπετάγησαν.
3311 4155 3381 4208 Οἵ
3420 4172 3480 4208 τε
3522 4155 3786 4229 ῥηθέντες

2187 4248 2484 4305 Μωαϐῖται
2512 4249 2608 4301 καὶ
2641 4247 2956 4318 Ἰδουμαῖοι,
2985 4248 3082 4301 καὶ
3113 4248 3161 4301 οἰ
3196 4246 3376 4318 πέριξ.
3411 4247 3484 4300 Τὸ
3509 4248 3565 4302 δὲ
3639 4249 3786 4303 ’Υπ-

2187 4343 2516 4413 animum»,
2553 4340 2696 4395 κατὰ
2723 4339 3068 4411 προφητικὸν
3119 4339 3318 4410 ἰδίωμα
3353 4341 3590 4411 εἰρηται,
3611 4341 3700 4396 διὰ
3721 4344 3787 4396 τὸ

2197 4434 2416 4506 μέλλον.

571 4527 733 4582 νκιε.
765 4529 854 4582 10.
891 4526 1023 4593 Quis
1055 4528 1276 4608 deducet
1305 4543 1386 4581 me
1425 4528 1478 4581 in
1523 4528 1789 4582 civitatem
1820 4530 2078 4585 munitio-

2266 4525 2366 4592 Τίς
2395 4525 2612 4589 ἀπάξει
2634 4542 2712 4595 με
2747 4527 2835 4594 εἰς
2877 4528 3064 4580 πόλιν
3105 4526 3402 4596 περιοχῆς
3433 4544 3455 4593 ;
3491 4528 3783 4602 Προσὼπῳ

493 4621 624 4674 nis?
656 4618 850 4673 Sermo
878 4628 960 4672 est
993 4634 1060 4673 ex
1093 4621 1432 4690 captivorum
1470 4634 1727 4689 persona.
1750 4617 2080 4675 Munitionis

496 4723 678 4768 autem
697 4715 890 4767 civitas
924 4713 1209 4768 dicebatur
1231 4710 1564 4778 Jerusalem,
1597 4713 1725 4782 quia
1761 4710 2082 4769 fortissimis

495 4813 616 4858 erat
645 4805 922 4859 moenibus
942 4802 1379 4867 circumdata,et
1403 4800 1648 4870 undique
1679 4801 1815 4854 bene
1848 4801 2082 4856 munita.

492 4896 612 4952 Prae
642 4913 855 4952 summa
881 4905 1062 4952 autem
1090 4896 1276 4951 laetitia
1325 4895 1442 4949 haec
1483 4893 1647 4948 verba
1685 4893 1934 4963 proferre
1988 4894 2084 4949 in-

495 4992 880 5054 troducuntur,
910 5006 1034 5045 cum
1071 4997 1230 5043 antea
1255 4988 1311 5042 in
1334 4986 1649 5057 captivitate
1673 4985 2075 5053 detinerentur,

495 5084 642 5139 unde
672 5083 820 5136 nulla
856 5083 997 5152 fugae
1025 5098 1153 5152 spes
1184 5087 1540 5151 apparuerat.

572 5175 706 5238 Qui:
743 5173 963 5226 deducet
1001 5187 1080 5224 me
1103 5187 1267 5241 usque
1289 5171 1344 5224 in
1379 5168 1677 5224 Idumwam
1711 5169 1736 5223 ?
1772 5167 1846 5224 Ita
1880 5177 1940 5223 ut
1975 5185 2083 5224 non

493 5275 708 5320 tantum
740 5267 792 5319 in
822 5267 1058 5335 patriam
1088 5268 1472 5327 restituamur,
1494 5263 1590 5317 sed
1610 5261 1896 5333 proximos
1913 5262 2076 5315 etiam

495 5359 932 5425 circumquaque
962 5355 1176 5410 vicinos
1211 5357 1445 5425 populos
1493 5354 1875 5424 subjugemus.

565 5448 734 5506 Vsus.
765 5451 851 5505 Η.
875 5447 1067 5503 Nonne
1105 5457 1184 5515 tu,
1222 5448 1380 5513 Deus,
1403 5449 1493 5519 qui
1521 5447 1759 5514 repuliin
1793 5461 1889 5500 nos
1919 5445 1945 5498 ?
1976 5441 2081 5499 Per

497 5543 986 5616 interrogationem
1022 5542 1128 5598 hoc
1160 5540 1453 5612 legendum
1491 5548 1598 5606 cst,
1634 5547 1687 5594 et
1724 5537 1890 5593 simili
1915 5536 2079 5591 modo

2189 4619 2300 4670 τῶν
2345 4616 2711 4689 αἰχμαλώτων
2755 4617 2785 4671 ὁ
2832 4618 2990 4688 λόγος
3023 4635 3038 4652 ο
3086 4618 3244 4681 πόλις
3296 4617 3354 4671 δὲ
3415 4619 3697 4691 περιοχῆς,
3743 4623 3779 4692 ἡ

2201 4708 2562 4779 Ἰερουσαλὴμ
2588 4706 2858 4770 ἐκαλεῖτο,
2890 4707 2979 4760 διὰ
3002 4705 3064 4760 τὸ
3089 4705 3425 4776 εὐτείχιστον
3454 4705 3646 4776 αὐτῆς,
3683 4710 3784 4761 καὶ

2190 4800 2580 4872 ὠχυρωμένον.
2633 4800 2771 4853 Ὑπὸ
2821 4800 3182 4871 περιχαρείας
3219 4798 3277 4851 δὲ
3306 4797 3467 4851 τοῦτο
3507 4798 3782 4868 λέγουσιν,

2192 4891 2280 4944 ὅτι
2319 4890 2561 4961 καὶίμὲ)
2594 4891 2652 4944 ἐν
2687 4889 2918 4961 ἀφύκτῳ
2944 4890 3263 4961 κατείχοντο
3286 4888 3440 4961 παρὰ
3476 4891 3544 4961 τῇ
3578 4892 3788 4963 αἰχμα-

2190 4981 2388 5034 λωσία.

2266 5158 2364 5222 Τίς
2400 5160 2695 5230 ὁδηγήσει
2719 5178 2798 5232 με
2824 5161 2938 5230 ἕως
2977 5161 3089 5233 τῆς
3141 5163 3486 5234 Ἰδουμαίας
3513 5181 3533 5231 ;
3582 5163 3670 5226 Ὣς
3701 5142 3784 5232 μῆ

2195 5255 2356 5326 μόνον
2385 5255 2483 5326 τὴν
2513 5255 2754 5326 πατρίδα
2783 5257 3102 5324 ἀπολαϐεῖν,
3155 5257 3291 5311 ἀλλὰ
3324 5257 3421 5312 καὶ
3459 5259 3584 5322 τοὺς
3615 5256 3784 5328 πέριξ

2191 5347 2420 5419 ἐχθροὺς
2445 5347 2840 5404 δουλώσασθαι.

2267 5439 2414 5507 οὐχί
2451 5439 2555 5504 σὺ,
2587 5443 2620 5494 ό
2653 5440 2818 5506 Θεὸς,
2869 5441 2903 5494 ό
2939 5441 3339 5512 ἀπωσάμενος
3373 5437 3530 5512 ἡμᾶς
3557 5458 3577 5507 ;
3609 5439 3783 5495 Τοῦτο

2191 5534 2318 5586 κατ’
2352 5531 2623 5606 ἐρώτησιν
2652 5533 3030 5604 ἀναγνωστέον
3061 5552 3074 5566 ο
3102 5535 3304 5607 ὁμοίως
3343 5534 3400 5588 δὲ
3431 5535 3527 5587 καὶ
3557 5533 3617 5586 τὸ
3647 5533 3782 5603 ἑξῆς

1849 5717 2052 5781 Varite
2094 5715 2428 5780 lectiones.

577 5825 695 5896 (ιε)
718 5826 800 5880 Al.
833 5825 944 5880 Καὶ
969 5828 1028 5882 ἐν
1055 5826 1281 5898 ἀφύκτῳ
1313 5827 1572 5896 λέγοντες
1598 5821 1936 5893 κατείχοντο.
