4120 6430
448 401 564 467 ῦΞὸ

1617 416 2009 479 COMMENT.
2052 416 2132 478 ΙΝ
2166 421 2533 485 PSALMOS.

3602 428 3713 493 626

528 519 617 585 τῷ
653 521 905 591 στόματι
926 523 1127 579 αὐτῶν
1150 528 1475 598 εὐλόγουν,
1545 531 1643 585 καὶ
1702 533 1776 602 τῇ
1827 530 2019 600 καρδίς

2220 534 2326 590 Ore
2353 554 2453 593 suo
2482 536 2874 606 benedicebanl,
2908 548 2960 594 et
3000 540 3157 595 corde
3180 556 3275 596 suo
3302 541 3712 600 maledicebant.

444 609 653 665 αὐτῶν
685 612 1052 681 κατηρῶντο.
1078 617 1169 687 Τῷ
1226 620 1465 690 στόματι
1505 622 1690 677 αὐτῶν
1750 627 2035 699 εὐφήμουν

450 714 550 768 με,
583 700 981 768 κολακεύοντες
1018 721 1030 735 ’
1071 708 1137 778 τῇ
1166 708 1224 761 δὲ
1252 709 1453 781 καρδίᾳ
1482 712 1664 766 αὐτῶν
1710 713 1935 784 ὕϐριζον
1960 716 2036 781 ὡς

445 792 675 863 ἐχθρὸν,
705 792 796 847 διὰ
821 794 884 849 τὸ
919 795 1181 868 διάφορον
1207 800 1306 870 τῆς
1334 800 1573 866 πίστεως
1595 819 1607 832 ·
1646 803 1742 856 καὶ
1786 804 1864 874 τῷ
1907 825 2035 875 φαι-

444 883 664 954 νομένῳ
689 884 790 954 μὲν
844 887 1234 944 συνεϐούλευον
1296 890 1374 955 ὡς
1424 892 1611 962 φίλοι·
1661 897 2034 970 κεκρυμμένῳ

438 976 503 1029 δὲ
534 975 764 1045 ἠπάτων
792 979 870 1042 ὡς
901 979 1108 1050 ἐχθροί.

516 1065 697 1134 Πλὴν
728 1066 809 1135 τῷ
839 1070 965 1135 8εῷ
996 1073 1347 1145 ὑποτάγηθι,
1371 1077 1409 1147 ἡ
1430 1079 1600 1149 ψυχή
1613 1098 1755 1149 μου,
1785 1079 1874 1135 ὅτι
1893 1080 2031 1150 παρ’

442 1159 635 1213 αὐτοῦ
673 1161 712 1228 ὴ
737 1161 1018 1230 ὑπομονὴ
1046 1181 1190 1233 μου.
1226 1167 1364 1240 Παρ’
1394 1170 1546 1241 αὐτῷ
1591 1172 1742 1225 ἐστιν
1781 1173 2029 1247 ὑπομονὴ

444 1267 578 1318 μου,
612 1251 710 1305 καὶ
734 1252 902 1316 αὐτός
934 1268 1028 1323 μοι
1049 1252 1235 1309 δίδωσι
1265 1257 1365 1329 τὴν
1391 1258 1449 1311 ἐν
1483 1263 1607 1324 ταῖς
1631 1261 1848 1332 θλίψεσι
1892 1280 2032 1337 καρ-

440 1341 660 1411 τερίαν.
690 1340 884 1398 Ταῦτα
903 1344 960 1399 δὲ
986 1346 1379 1402 συνεϐούλευον
1439 1351 1680 1420 ἑαυτοῖς,
1725 1355 1807 1419 ei;
1861 1355 2029 1428 εὐψυ-

438 1431 570 1502 χίαν
597 1433 945 1504 ἀλείφοντες.

508 1612 847 1680 ὀτιαὺτὸς
870 1616 1016 1682 Θεός
1035 1634 1158 1684 μου
1190 1618 1292 1673 καί
1336 1622 1538 1695 σωτήρ
1577 1642 1718 1694 μου,
1775 1629 2027 1699 ἀντιλή·

438 1718 603 1771 πτωρ
628 1721 771 1772 μου,
800 1708 873 1760 οὐ
912 1708 999 1777 μὴ
1016 1712 1509 1778 parati-arrectiora.
1539 1716 1613 1769 Οὐ
1651 1718 1726 1789 μὴ
1787 1738 2026 1790 μετανα-

436 1792 655 1847 utetiam
679 1795 789 1849 ἀπὸ
820 1796 925 1867 τῆς
955 1797 1206 1865 δουλείας
1234 1802 1331 1856 τοῦ
1358 1801 1495 1857 Θεοῦ
1526 1805 1666 1876 πρὸς
1691 1808 1790 1878 τὴν
1809 1812 1900 1866 τοῦ
1923 1813 2025 1886 βα..

436 1884 638 1949 σιλέως
680 1886 984 1959 Ἀντιόχου.
1570 1966 1587 1978 ο

524 1981 660 2035 Ἐπί
702 1981 786 2049 τῷ
810 1983 935 2051 Θεῷ
964 1984 1033 2040 τὸ
1062 1987 1367 2059 σωτήριόν
1382 2011 1504 2064 μου
1530 1997 1628 2052 καί
1659 1999 1698 2067 ἡ
1722 1999 2019 2071 δόξαμου.

444 2072 574 2125 Ἐπὶ
598 2071 679 2143 τῷ
703 2073 825 2145 θεῷ
843 2079 1022 2130 κεῖται
1053 2079 1148 2133 καὶ
1180 2081 1241 2134 τὸ
1270 2083 1542 2150 σώζεσθαί
1574 2106 1667 2160 με,
1720 2095 1815 2145 καὶ
1843 2093 1904 2146 τὸ
1932 2094 2021 2148 δο-

437 2163 718 2229 ξάζεσθαι,
749 2167 846 2221 καὶ
871 2168 975 2223 οὐκ
1000 2171 1088 2223 ἐπ’
1108 2172 1406 2247 ἀνθρώπῳ.
1453 2178 1526 2233 Ἦ
1553 2182 1611 2234 ὲν
1637 2181 1715 2253 τῷ
1765 2183 1886 2255 Θεῷ
1914 2185 2022 2255 ἔχω

437 2256 531 2349 ναὶ
548 2253 985 2349 τὴνασωτηρίαν,
1039 2263 1134 2317 xui
1166 2264 1268 2335 τὴν
1298 2267 1476 2334 δόξαν,
1506 2271 1601 2325 καὶ
1655 2273 1758 2328 οὐκ
1791 2253 2021 2349 ὲνήοίῲο

438 2344 617 2414 ὕήτινι
650 2346 799 2420 ἄλλῳ
826 2350 1143 2422 πράγματι.

529 2437 578 2490 ὀ
609 2439 757 2506 Θεὸς
778 2440 891 2510 τῆς
914 2442 1204 2513 βοηθείας
1240 2465 1381 2517 μου.
1429 2450 1488 2505 '0
1561 2452 1694 2519 Θεὸς
1745 2458 1773 2510 6
1829 2459 2020 2530 βοηθός

448 2545 569 2596 μου.
598 2531 848 2587 Καλοῦσι
874 2534 985 2607 γὰρ
1010 2536 1174 2593 αὐτὶν
1204 2540 1297 2611 ὑφ’
1319 2542 1517 2614 ἡδονῆς
1545 2546 1656 2600 τῶν
1694 2566 1821 2622 περι
1854 2553 2019 2607 αὑτοῦ

436 2619 632 2688 λόγων.

503 2801 614 2854 Kal
650 2800 691 2869 ἡ
714 2801 894 2871 ἐλπίς
921 2823 1038 2876 μου
1059 2808 1161 2863 ἐπι
1197 2811 1278 2879 τῷ
1304 2815 1444 2881 Θεῷ.
1471 2817 1551 2870 Τὰ
1578 2819 1719 2874 αὐτὰ
1746 2822 2015 2893 λέγουσιν,

431 2893 753 2983 ἐνηδόμενοί
775 2913 835 2949 τε
864 2898 962 2952 καὶ
1008 2904 1516 2977 παρρησιαζόμενοι
1553 2926 1572 2942 “
1617 2908 1739 2967 εἶτα
1771 2916 2018 2983 καὶτοὺς

431 2981 634 3128 ᾰέλους
691 2985 1003 3058 ἐγείρουσιν
1072 2993 1156 3058 είς
1197 2993 1293 3050 τὸν
1343 2997 1533 3068 ὅμοιον
1592 3000 1778 3073 ζῆλον,
1829 3006 1888 3059 ὲν
1940 2981 2016 3078 τῷ

431 3075 461 3126 λ
498 3093 619 3128 γειν
651 3093 667 3110 ⁸
1627 3118 1635 3124 ’

451 3093 558 3143 ιεγε
568 3095 619 3129 ιν
651 3093 667 3110 ·
1627 3118 1635 3124 -

2138 625 2366 696 Proprie
2390 643 2485 684 ore
2529 628 2818 686 adulantes
2847 647 2932 687 me
2967 632 3292 702 laudabant,
3365 636 3532 690 corde
3584 651 3714 691 vero

2137 716 2587 786 contemnebant,
2640 722 2785 790 quod
2836 722 3064 777 alteram
3120 723 3279 779 iidem
3325 731 3570 780 sectarer
3607 741 3623 779 :
3657 736 3713 780 et

2136 808 2316 875 palam
2354 808 2574 879 quidem
2611 810 2899 865 consilium
2926 828 3084 868 suum
3109 814 3523 884 mihiimpertiri
3559 814 3713 871 vide-

2136 898 2359 964 bantur,
2399 907 2454 955 et
2516 915 2729 955 mecum
2780 902 2967 957 eadem
3013 906 3496 973 sentire;secreto
3529 914 3711 962 tamen

2136 987 2301 1043 veluti
2342 988 2727 1058 inimicissimi,
2761 990 3005 1048 fallacias
3037 997 3458 1064 componebant.

2209 1077 2376 1133 Vens.
2402 1078 2456 1134 6.
2494 1078 2866 1136 Verumtamen
2897 1081 3005 1138 Deo
3059 1086 3295 1155 subjecta
3349 1096 3489 1154 esto,
3528 1089 3710 1144 anima

2135 1182 2251 1221 mea
2280 1182 2300 1221 :
2333 1169 2585 1239 quoniam
2623 1172 2688 1224 ab
2720 1172 2835 1239 ipso
2865 1173 3124 1244 patientia
3168 1191 3305 1230 mea.
3340 1177 3424 1233 Ab
3468 1179 3588 1248 ipso
3624 1190 3712 1236 est

2134 1260 2398 1330 patientia
2444 1263 2619 1333 :quia
2668 1263 2813 1320 inter
2863 1265 3209 1322 calamitates
3271 1268 3404 1323 mihi
3447 1281 3711 1329 constan-

2133 1352 2265 1406 tiam
2304 1361 2550 1423 praestat.
2589 1352 2717 1411 llaec
2747 1365 2928 1411 autem
2965 1366 3161 1412 mutuo
3199 1358 3345 1414 inter
3373 1374 3432 1415 se
3478 1362 3711 1418 consilia

2130 1445 2434 1517 agitabant,
2489 1448 2556 1501 ad
2596 1448 2863 1518 majorem
2913 1464 2973 1505 se
3016 1451 3529 1524 magnanimitatem
3570 1455 3710 1517 alter

2127 1539 2359 1593 alterum
2387 1540 2717 1597 excitantes.
2992 1606 3000 1615 ,

2200 1628 2369 1685 Vens.
2393 1630 2449 1686 7.
2484 1629 2751 1698 Quoniam
2792 1634 2901 1704 ipse
2932 1644 3015 1690 est
3056 1632 3197 1692 Deus
3229 1653 3398 1700 meas,
3440 1647 3490 1694 et
3516 1638 3698 1693 salua-

2129 1730 2212 1777 tor
2242 1739 2410 1787 meus,
2458 1732 2507 1779 et
2538 1723 2753 1795 adiutor
2805 1743 2973 1796 meus,
3009 1744 3113 1783 non
3161 1728 3425 1784 recedam.
3457 1729 3503 1784 Δ
3525 1732 3702 1788 servi-

2124 1808 2273 1879 tute,
2304 1815 2507 1886 inquit,
2544 1817 2636 1873 Dei
2685 1817 2752 1873 ad
2785 1819 3043 1875 Antiochi
3076 1820 3265 1892 jttgum
3298 1838 3581 1894 nunquam
3612 1824 3708 1881 de-

2124 1907 2360 1963 scivere.
2879 1927 2890 1939 '
3698 1988 3701 1991 Α

2194 1997 2361 2055 Vens.
2395 1999 2449 2056 8.
2489 1999 2554 2057 In
2589 1999 2701 2061 Deo
2753 2002 2996 2061 salutare
3034 2022 3208 2061 meum
3261 2016 3312 2062 et
3348 2007 3521 2075 gloria
3560 2025 3702 2069 mea.

2124 2089 2184 2145 in
2222 2094 2353 2159 Deo,
2403 2093 2607 2165 inquit,
2642 2094 2810 2150 situm
2869 2104 2977 2165 est,
3031 2098 3178 2169 quod
3224 2114 3328 2169 ego
3378 2100 3607 2155 salutem
3647 2109 3709 2158 et

2121 2185 2349 2257 gloriam
2409 2202 2743 2260 consequar,
2801 2200 2857 2247 et
2910 2207 3021 2247 non
3074 2191 3133 2248 in
3186 2192 3523 2251 hominibus.
3579 2193 3700 2258 Vel,

2124 2278 2180 2330 in
2230 2276 2342 2333 Deo
2394 2278 2569 2339 habeo
2600 2281 2841 2338 salutem
2887 2291 2944 2338 et
2982 2281 3240 2352 gloriam,
3296 2291 3352 2340 et
3394 2283 3547 2341 nulla
3593 2283 3700 2339 alia

2120 2363 2176 2422 In
2206 2381 2284 2421 re.

2193 2454 2332 2512 Deus
2382 2459 2575 2514 auxilii
2626 2458 2816 2515 mei.0
2863 2459 3036 2526 Deus,
3079 2460 3300 2531 adiutor
3351 2476 3529 2518 meus.
3587 2460 3702 2519 Vo-

2121 2552 2251 2601 cant
2303 2548 2449 2602 tnim
2512 2563 2638 2604 eum
2695 2551 2899 2621 sapius
2962 2566 3075 2622 prae
3126 2566 3341 2607 summa
3392 2547 3696 2623 voluptate,

2121 2653 2282 2708 quam
2327 2653 2392 2694 ex
2429 2634 2786 2698 sermonibus
2829 2640 2896 2698 de
2935 2656 3003 2699 eo
3043 2641 3247 2699 habitis
3274 2643 3697 2715 consequeban-

2123 2741 2228 2785 IIII‘.

2193 2821 2262 2877 Et
2296 2839 2411 2892 spes
2446 2839 2563 2878 mea
2589 2824 2644 2878 in
2682 2821 2791 2879 Deo
2839 2833 2939 2882 est.
2987 2823 3273 2892 Eamdem,
3315 2824 3387 2882 ob
3424 2841 3695 2883 summam

2121 2913 2390 2979 laetitiam,
2451 2915 2784 2970 sententiam
2835 2924 3133 2986 repetunt,
3188 2915 3365 2984 palam
3416 2931 3480 2974 ac
3526 2916 3696 2973 libere

2119 3019 2270 3076 spem
2299 3004 2351 3060 in
2395 3006 2506 3060 Deo
2550 3020 2704 3061 suam
2755 3006 3099 3076 profitentes.
3128 3007 3280 3064 Alios
3327 3018 3593 3081 praeterea
3625 3009 3697 3066 ad

2119 3091 2204 3145 sui
2228 3092 2629 3148 aemulationem
2664 3093 2988 3161 excit-antes,
3016 3095 3264 3151 addunt:

521 3169 852 3226 Ἐλπίσατε
887 3174 982 3229 ἐπ’
1002 3177 1214 3240 αὐτὸν,
1245 3178 1415 3237 πᾶσα
1446 3187 1773 3257 συναγωγὴ
1823 3188 2010 3254 λαῶν.

2187 3179 2355 3238 Vsus.
2389 3182 2443 3238 9.
2480 3182 2702 3254 Sperate
2718 3186 2772 3238 in
2800 3201 2881 3253 eo,
2914 3188 3084 3242 omnis
3108 3191 3446 3260 congregatio
3471 3190 3693 3263 populo-

424 3258 685 3327 ἐπεκέατο
721 3262 984 3319 ἐνώπιον
1007 3268 1198 3322 αὐτοῦ
1218 3269 1328 3336 τὰς
1365 3273 1618 3340 καρδίας
1671 3275 1858 3346 ὑμῶν,
1926 3278 2016 3336 ὅτι

430 3353 469 3407 ὁ
504 3352 650 3420 θεὸς
672 3354 906 3424 ,βὸηθὸς
934 3358 1120 3427 ἡμῶν.
1155 3361 1401 3435 Καρδίας
1422 3365 1657 3436 ἐνταῦθα
1713 3368 1863 3434 λέγει
1917 3373 2018 3438 τὰς

426 3442 689 3513 sequar
771 3447 993 3520 Έκχεῶ
1053 3451 1190 3525 γὰρ,
1262 3457 1448 3526 φησὶν,
1511 3457 1769 3516 ἐνώπιον
1823 3464 2012 3520 αὐτοῦ

428 3533 552 3603 τὴν
575 3537 1031 3612 δέησίνμου.ᾟ
1061 3545 1174 3617 γὰρ
1203 3546 1500 3621 εἰλικρινὴς
1532 3551 1714 3622 δέησις
1744 3555 1809 3609 ἐκ
1843 3556 2014 3625 μέσης

426 3630 667 3701 καρδίας
701 3629 893 3685 εἴωθεν
917 3632 1371 3705 ἀποπέμπεσθαι.
1425 3639 1708 3710 Ἐκχέατε
1752 3644 1809 3698 δὲ
1835 3640 2012 3715 εἷπεν,

424 3723 516 3776 ὃτι
546 3724 638 3793 ῥεῖ
660 3724 690 3777 6
719 3722 881 3792 λόγος
904 3724 1012 3779 ἀπὺ
1054 3725 1150 3779 τοῦ
1212 3728 1505 3800 στόματος.
1550 3733 1661 3786 Καὶ
1708 3734 1886 3800 ἄλλως
1933 3735 2012 3803 δὲ,

422 3812 732 3867 Κενώσατε
753 3813 993 3868 ἐνώπιον
1038 3816 1209 3869 αὐτοῦ
1239 3817 1309 3872 τὰ
1369 3821 1463 3892 τῆς
1509 3822 1738 3894 καρδίας
1795 3827 2015 3898 κρυπτὰ

418 3906 584 3977 πάθη
611 3904 681 3959 δι’
712 3906 1179 3980 ἑξομολογήσεως.

499 4182 683 4252 Πλὴν
706 4181 947 4253 μάταιοι
969 4186 1026 4238 oi
1040 4182 1291 4239 υίοίτῶν
1325 4182 1674 4253 ἀνθρώπων.
1720 4186 1795 4240 Τδ
1820 4190 2010 4257 πλὴν,

408 4282 541 4341 ἄνω
573 4278 677 4348 μὲν
723 4276 980 4349 περιττὸν
1039 4280 1218 4333 κεῖται
1243 4294 1259 4313 ·
1282 4278 1518 4334 ἐνταῦθα
1569 4280 1626 4334 δὲ
1684 4280 1745 4334 τδ
1772 4281 2013 4351 ἀληθῶς

410 4367 829 4439 ἀποσημαίνει.
861 4369 1209 4439 Ηαραινέσας
1233 4369 1368 4442 γὰρ,
1407 4366 1528 4425 εἶτα
1580 4372 1784 4440 συνεὶς,
1829 4372 1912 4428 ὅτι
1961 4377 2013 4431 οἰ

2120 3289 2263 3339 rum,
2322 3275 2580 3344 effundite
2620 3293 2802 3332 coram
2856 3278 2953 3334 illo
3005 3280 3166 3334 corda
3199 3283 3692 3353 uestra:quoniam

2122 3365 2280 3448 Deus,
2323 3368 2543 3432 adiutor
2567 3377 2766 3425 noster.
2798 3369 2905 3427 Per
2934 3372 3101 3428 corda
3132 3373 3237 3429 hoc
3280 3373 3336 3429 in
3372 3375 3499 3432 loco
3562 3390 3690 3448 pre-

2118 3445 2218 3514 ces.
2264 3467 2428 3530 atque
2460 3461 2876 3520 obsecrationes
2907 3464 3196 3538 intelligit;
3234 3465 3380 3522 unde
3413 3467 3543 3524 alibi
3565 3445 3688 3524 ait:

2121 3549 2414 3622 E/fundam
2460 3568 2643 3609 coram
2696 3572 2756 3611 eo
2804 3558 3101 3613 orationem
3151 3560 3428 3628 meum";
3474 3560 3692 3617 sincera

2117 3645 2317 3700 etenim
2349 3646 2680 3719 supplicatio
2702 3650 2768 3705 de
2797 3648 2974 3706 medio
3023 3652 3164 3709 solet
3185 3652 3368 3709 cordis
3388 3652 3692 3724 proﬁcisci.

2121 3732 2336 3791 En‘ttndi
2391 3747 2575 3794 autem
2628 3739 2889 3796 dicuntur
2945 3757 3158 3812 preces,
3197 3758 3264 3800 eo
3310 3744 3458 3814 quod
3509 3748 3692 3801 sermo

2117 3827 2339 3885 cﬂluere
2372 3831 2781 3901 quodammodo
2830 3832 3047 3889 videtur
3076 3833 3145 3889 ab
3180 3849 3297 3891 ore.
3348 3833 3445 3892 Vel
3476 3836 3635 3892 aliter
3672 3855 3687 3891 :

2116 3916 2349 3974 Educite
2403 3927 2569 3990 atque
2614 3931 2877 3976 evacuate
2926 3936 3113 3978 coram
3165 3937 3232 3980 eo
3279 3925 3529 3980 occultos
3569 3939 3692 3980 cor-

2114 4007 2202 4064 dis
2244 4009 2415 4065 vestri
2459 4009 2711 4079 aﬂ'ectus,
2768 4010 3042 4067 sinceram
3102 4022 3329 4085 agentes
3386 4013 3692 4072 coalessio-

2114 4114 2260 4155 nem.

2184 4191 2351 4247 γης.
2385 4190 2473 4247 10.
2517 4189 2889 4247 Verumtamen
2917 4195 3043 4249 vani
3067 4194 3172 4266 ﬁlii
3191 4194 3484 4250 hominum.
3511 4193 3690 4251 Dictio

2112 4292 2476 4338 verumtamen
2506 4284 2765 4355 superius
2797 4285 3022 4356 quidem
3071 4286 3358 4359 superﬂua
3386 4286 3557 4358 jacet,
3588 4290 3684 4344 sed

2117 4375 2296 4430 hocin
2335 4375 2458 4430 loco
2490 4375 2635 4432 idem
2667 4377 2964 4447 signiﬁcat,
3003 4380 3153 4451 quod
3200 4393 3338 4434 rere.
3372 4378 3510 4434 Cum
3540 4379 3703 4435 enim

412 4461 670 4532 πονηροὶ
693 4462 757 4516 οὐ
787 4462 1203 4532 πεισθήσονται.
1267 4463 1626 4534 γνωμολογεῖ,
1696 4466 1779 4520 ὅτι
1841 4465 2012 4534 ὅντως

2121 4467 2463 4523 admonuerit
2498 4466 2773 4539 Propheta
2837 4470 3154 4530 universum
3183 4471 3483 4527 humanum
3515 4487 3690 4543 genus

414 4553 659 4628 μάταιοι
701 4558 844 4610 εἰσιν
865 4555 1244 4627 οίᾶνθρωποι,
1273 4557 1366 4611 ἰπὶ
1404 4558 1656 4629 ματαίοις
1694 4559 2005 4628 πονοῦντες.

2121 4560 2244 4632 quid
2276 4559 2425 4617 facto
2456 4538 2723 4632 opussit.
2756 4570 2814 4618 et
2852 4562 3059 4620 deinde
3114 4564 3452 4620 intellexerit
3485 4538 3686 4636 pravos

404 4647 679 4702 Μάταιον
723 4647 806 4713 δὲ,
839 4647 903 4702 τὸ
935 4646 1162 4718 ἀνόητον
1190 4647 1286 4702 καὶ
1304 4649 1574 4720 ἄκαρπον.

2115 4653 2371 4710 homines
2397 4653 2498 4710 sibi
2522 4655 3001 4726 obtemperaturos
3035 4670 3146 4712 non
3184 4671 3331 4723 esse,
3355 4657 3687 4715 sententiam

402 4748 697 4806 adversus
721 4759 819 4801 eos
847 4743 1074 4834 profert.
1102 4746 1299 4802 dicens
1345 4746 1493 4817 quod
1520 4762 1650 4804 vero
1678 4750 1805 4805 vani
1856 4758 1987 4807 sunt
2026 4749 2124 4806 lilii
2150 4751 2461 4818 hominum,
2489 4752 2660 4809 veluti
2721 4753 2816 4826 qui
2853 4753 2912 4808 in
2945 4753 3265 4811 ranissimis
3330 4756 3499 4814 rebus
3565 4773 3690 4829 per-

402 4856 587 4899 verse
627 4847 950 4908 operantur.
990 4837 1199 4895 Vanum
1238 4850 1421 4897 autem
1473 4850 1558 4899 est
1600 4843 1748 4915 qttod
1793 4846 1991 4902 inutile
2025 4853 2112 4905 est
2141 4846 2660 4905 ctiniructuosum.

485 4930 751 4995 ‘P‘evde‘ic
782 4934 838 4985 οι
868 4931 988 4986 υιοι
1017 4932 1137 4987 τῶν
1162 4932 1497 5003 ἀνθρώπων
1519 4936 1592 4991 ἐν
1654 4936 1853 5009 ζυγοῖς
1898 4940 2009 4996 τοῦ

399 5025 741 5095 ἀδικῆσαι.
765 5027 997 5093 Ψευδεϊς
1025 5030 1168 5084 εἰσιν
1194 5030 1255 5084 ὲν
1272 5034 1394 5095 ταῖς
1423 5032 1759 5105 διακρίσεσι.
1793 5035 2014 5103 Ταύτας

400 5122 534 5192 γὰρ
561 5119 726 5174 καλεῖ
754 5119 982 5189 ζυγούς.
1015 5121 1282 5193 Διέφθορε
1313 5123 1525 5189 αὐτοῖς,
1555 5126 1710 5195 φησὶ,
1779 5128 1841 5181 τὸ
1890 5144 2012 5199 κριο

400 5214 641 5283 τήριον.
671 5211 1089 5282 ’Δνθαιροῦνται
1113 5214 1224 5286 γὰρ
1256 5216 1365 5269 τῶν
1405 5216 1661 5272 ἑστώτων
1687 5219 1754 5273 τὰ
1776 5219 2007 5285 dotata,

397 5296 638 5358 καὶτοῦ
664 5298 837 5353 καλοῦ
901 5300 961 5353 τὸ
990 5303 1182 5357 κακόν.
1243 5304 1475 5369 Ψευδείς
1534 5306 1590 5361 δέ
1637 5308 1796 5373 εἰσιν,
1865 5306 2017 5364 ὥστε

397 5394 686 5462 ἀδικῆσαι
711 5408 725 5423 ’
752 5393 1002 5449 ἀδικοῦσι
1027 5394 1085 5450 δὲ
1131 5396 1240 5468 πρὸ
1300 5395 1523 5453 πάντων
1570 5400 1821 5468 ἑαυτοὺς,
1868 5401 2008 5455 dno-

400 5481 755 5554 στεροῢντες
778 5484 877 5554 τῆς
906 5485 1110 5557 ἀρετῆς
1136 5489 1366 5559 ’ἀφορεῖ
1389 5488 1446 5542 δὲ
1470 5490 1500 5543 6
1527 5488 1687 5557 λόγος
1720 5490 1818 5544 καὶ
1867 5490 2004 5560 πρὸς

404 5577 640 5638 πάντας
667 5576 768 5645 μὲν
817 5577 947 5641 τοὶς
978 5579 1270 5650 πονηροὺς,
1318 5580 1554 5649 μάλιστα
1577 5580 1633 5635 δὲ
1691 5584 1816 5647 τοὺς
1886 5583 2014 5653 περὶ

398 5670 504 5725 τῦν
563 5668 872 5738 Ἀντίοχον,
944 5670 1273 5735 ἀδικοῦντας
1340 5673 1428 5727 διὰ
1492 5673 1810 5741 πλεονεξίαν
1888 5677 2014 5741 τοὺς

397 5759 734 5822 Ἰουδαίους.

456 5876 506 5908 ⁸³
528 5874 681 5931 Psal.
711 5888 861 5937 cm,
884 5875 936 5932 3.

2188 4943 2470 4999 Hendaees
2501 4943 2605 5013 lilii
2655 4944 2929 5000 hominum
2986 4946 3044 5001 in
3089 4947 3332 5013 steteris,
3383 4959 3442 5003 ut
3489 4950 3691 5020 injuste

2115 5046 2297 5106 agant.
2329 5036 2622 5093 Mendaces
2650 5044 2780 5092 sunt
2807 5026 2860 5091 in
2892 5052 3087 5094 eorum
3119 5037 3368 5108 iudiciis.
3396 5037 3501 5095 Per
3520 5050 3690 5097 state-

2113 5141 2207 5182 ras
2235 5126 2384 5181 enim
2414 5125 2624 5197 judicia
2671 5126 2795 5198 ipsa
2846 5128 3129 5199 intelligit.
3176 5128 3448 5197 Corrupta
3501 5139 3585 5185 est
3630 5133 3686 5185 in

2110 5218 2219 5283 eis,
2253 5216 2454 5288 inquit.
2482 5217 2681 5288 judieii
2708 5218 2894 5276 sedes.
2928 5218 3209 5275 lnstabilia
3248 5219 3451 5274 etenim
3477 5221 3686 5292 eligunt

2110 5322 2212 5380 pro
2254 5309 2571 5378 stabilibtts,
2603 5318 2656 5366 et
2703 5310 2844 5366 mala
2879 5325 2979 5380 pro
3025 5309 3195 5365 bonis
3225 5326 3240 5363 :
3274 5317 3333 5365 et
3362 5309 3504 5365 adeo
3534 5326 3685 5367 men-

2109 5401 2275 5458 daces
2301 5408 2456 5469 sunt,
2487 5411 2545 5459 ut
2575 5417 2635 5459 se
2669 5402 2819 5474 ipsos
2854 5401 2909 5459 in
2943 5398 3139 5471 primis
3183 5399 3386 5469 injuria
3417 5400 3679 5460 alliciant.

2107 5488 2239 5546 dum
2268 5489 2566 5547 virtutibus
2596 5505 2656 5547 se
2677 5492 2912 5560 privant.
2947 5489 3142 5546 Sermo
3169 5496 3351 5544 autem
3371 5488 3459 5545 hic
3484 5504 3683 5560 pravos

2109 5595 2305 5639 omnes
2336 5582 2390 5636 in
2417 5582 2743 5637 universum
2781 5581 2980 5654 tangit,
3020 5578 3116 5638 sed
3172 5578 3445 5649 praecipue
3490 5580 3681 5635 Antio-

2109 5673 2272 5729 chum
2305 5680 2360 5728 et
2389 5671 2594 5740 socios,
2633 5673 2726 5743 qui
2762 5672 2834 5729 ob
2865 5673 3153 5731 avaritiam
3184 5668 3389 5728 Iudaeis
3419 5668 3681 5742 iniuriam

2109 5764 2442 5823 inferebant.
