4064 6434
297 361 411 425 633

297 475 520 538 παθῶν,
571 478 971 546 ἐπαινούμενον
1029 481 1086 534 δὲ
1123 485 1210 536 τὸν
1271 484 1743 553 ἐπαγγελλόμενον
1812 485 1892 554 τῷ

298 566 445 634 Θεῷ,
483 567 599 636 ἦτοι
649 567 730 636 τῷ
785 569 909 641 Θεῷ
947 571 1040 624 τὸν
1062 572 1319 644 ἐνάρετον
1337 573 1451 642 βίον
1479 574 1886 643 ἐπαγγελλόμε-

299 676 396 711 νον
427 663 522 714 καὶ
549 660 872 730 βεϐαιοῦντα
895 666 996 736 τὴν
1035 669 1327 737 ὁμολογίαν
1381 669 1471 723 διὰ
1517 670 1626 723 τῶν
1685 671 1886 740 ἔργων.

1473 369 1682 430 ΟΟΜΜ
1697 371 1864 442 ENT,
1907 373 1991 432 IN
2029 372 2161 432 PSA
2174 373 2394 436 LMOS.

3451 385 3568 452 634

1993 486 2124 540 libet
2157 486 2465 555 intelligere
2501 493 2676 553 potes,
2722 488 2818 558 qui
2850 488 3142 549 all'eetibus
3195 487 3568 564 ac'passioni-

1997 580 2101 634 bus
2158 579 2394 648 propriis
2452 579 2768 637 dominatur
2829 587 3041 656 :juxta
3115 603 3278 658 quem
3339 606 3566 646 sensum

1997 686 2210 742 expone
2259 681 2576 741 sequentem
2628 676 2960 732 versiculum
3013 681 3212 749 :quod
3266 682 3342 734 illi
3393 683 3560 736 etiam

303 752 566 807 latitandi
600 765 751 821 sunt,
786 757 882 828 qui
913 759 1220 828 iuraverint
1253 761 1306 815 in
1366 761 1498 824 Deo,
1571 763 1624 816 id
1659 771 1761 825 est,
1809 763 1899 833 qui
1939 763 2106 818 vitam
2159 764 2272 818 Deo
2336 762 2666 833 pollicentur
2713 767 2912 822 virtute
2987 773 3295 839 praeditam,
3349 781 3404 828 et
3466 767 3566 843 qui

303 849 454 914 quod
496 847 719 915 polliciti
754 858 905 911 sunt,
937 852 1197 918 operibus
1225 854 1578 907 conlirmant.

394 942 925 1009 ἐπαινεσοήσεται
956 942 1074 1008 πᾶς
1103 947 1136 997 ό
1167 945 1408 1013 ὀμνύων
1439 947 1508 999 ἐν
1537 946 1894 1012 αὐτῷ.”·Εθος

304 1032 380 1101 ἦν
406 1037 464 1087 ἐν
493 1035 572 1102 τῷ
602 1033 816 1101 βασιλεῖ
855 1035 1101 1105 ὀμνύειν,
1153 1034 1287 1102 οἷον,
1319 1040 1412 1093 Μὰ
1467 1038 1565 1108 τὴν
1618 1039 1894 1108 σωτηρίαν

303 1127 404 1179 τοῦ
438 1127 724 1196 βασιλέως.
756 1128 924 1182 Ἀλλὰ
949 1131 1154 1194 ζῶντος
1199 1132 1312 1201 γὰρ
1360 1133 1556 1197 Σαοὺλ,
1605 1118 1894 1193 ἐκακίζετο

303 1222 402 1272 καὶ
432 1219 832 1282 ἐκινδύνευσεν,
869 1220 924 1272 εἴ
945 1238 1031 1284 τις
1090 1223 1393 1291 ἐτόλμησεν
1435 1222 1668 1292 ὁμνῦναι
1697 1224 1754 1275 ἐν
1813 1223 1891 1292 τῷ

309 1313 525 1378 βασιλεῖ
549 1310 714 1362 Δασίδ
735 1325 750 1340 ’
781 1313 918 1380 μετὰ
945 1313 1002 1364 δὲ
1051 1313 1152 1380 τὴν
1184 1313 1442 1385 τελευτὴν
1481 1313 1648 1368 αὐτοῦ
1689 1315 1890 1384 μᾶλλον

305 1406 585 1474 ἐπῃνεῖτο,
618 1403 692 1464 ὡς
734 1404 907 1473 φιλῶν
931 1405 1114 1460 αὐτόν.

384 1580 506 1633 ’Ότι
537 1579 834 1650 eve;de
867 1582 1061 1652 στόμα
1097 1585 1452 1640 ,λαλούντων
1499 1583 1697 1639 ἄδικα.
1775 1585 1892 1637 Ἐν-

305 1673 532 1744 rapiam
565 1674 644 1744 τῷ
685 1675 938 1745 θανάτῳσ
988 1677 1293 1730 λαλούντων
1314 1678 1371 1730 δὲ
1413 1679 1576 1732 ἄδικα
1619 1680 1741 1731 κατ’
1796 1680 1894 1732 αύ-

305 1763 428 1827 τοῦ,
480 1766 538 1816 ὲν
566 1764 642 1835 τῷ
693 1771 1057 1834 συκοφαντεῖν
1109 1769 1203 1821 καὶ
1252 1769 1532 1836 διασύρειν
1567 1771 1753 1832 αὑτὸν.
1791 1774 1887 1825 καὶ

305 1856 368 1905 ἐν
411 1855 490 1924 τῷ
533 1857 875 1911 ἐντέλλεσθαι
924 1859 1176 1929 ἀλλήλοις
1213 1862 1305 1913 τὸν
1362 1863 1557 1915 ἑαυτοῦ
1612 1862 1842 1917 θάνατον
1869 1883 1882 1896 ·

307 1948 426 2000 ἀλλ’
454 1947 597 2014 οὕτω
627 1949 728 2020 μὲν
767 1952 860 2003 καὶ
889 1952 982 2003 ἐπὶ
1019 1951 1125 2006 τὼν
1154 1954 1368 2020 ὁρατῶν
1397 1955 1619 2025 ἐχθρῶν
1640 1972 1654 1984 ·
1682 1958 1776 2008 ἐπὶ
1827 1957 1884 2009 δὲ

309 2040 418 2091 τῶν
447 2040 696 2108 ἀοράτων
729 2040 866 2111 (18),
906 2042 1307 2099 εἰσελεύσονται
1358 2049 1439 2110 εἰς
1477 2047 1546 2101 τὰ
1598 2048 1888 2102 κατώτατα

307 2131 412 2198 τῆς
443 2133 565 2199 γῆς,
588 2131 708 2202 ἢτοι
733 2134 811 2195 εἰς
847 2133 940 2187 τὸν
970 2133 1254 2205 Τάρταρον
1275 2152 1291 2167 ο
1327 2138 1460 2206 φησι
1483 2138 1592 2208 γὰρ
1619 2140 1829 2210 Πέτρος
1851 2144 1879 2194 ὁ

313 2223 712 2286 ἁπόστολος,ὅτι
727 2223 788 2277 '0
805 2226 952 2288 Θεὸς
967 2227 1189 2292 αὐτοὺς
1215 2229 1602 2296 ταρταρώσας
1617 2231 1853 2299 παρέδω
1865 2265 1882 2275 -

321 2318 517 2380 κεν-εις
529 2317 734 2383 κρίσιν
751 2334 764 2348 ⁸
789 2316 1130 2390 λέγεταιγὰρ
1155 2320 1260 2373 ὑπὸ
1281 2322 1386 2390 γῆν
1410 2319 1652 2377 εἷναιτὸν
1673 2327 1888 2394 Τάρτα-

339 2425 458 2473 pono
486 2411 751 2478 ῥομφαίαν
779 2411 835 2464 δὲ
865 2413 1079 2481 νοήσεις
1108 2415 1201 2467 ἐπὶ
1231 2415 1437 2468 τούτων
1467 2419 1565 2486 τὴν
1593 2421 1884 2489 τιμωρίαν.

2071 945 2463 1000 Laudabuntur
2491 965 2692 1010 omnes.
2720 951 2812 1020 qui
2847 952 3041 1020 jurrmt
3076 953 3129 1005 in
3153 967 3233 1008 co.
3273 954 3414 1009 Olim
3443 972 3567 1014 mos

1997 1039 2100 1092 fuit
2129 1049 2189 1092 ut
2217 1041 2468 1108 jurarent
2502 1059 2597 1108 per
2631 1059 2806 1113 reges,
2837 1044 2998 1098 veluti
3031 1045 3172 1100 :Per
3194 1046 3453 1110 salutem,
3472 1059 3568 1103 aut

1999 1140 2166 1200 caput
2219 1131 2382 1201 regis.
2440 1132 2674 1188 Vivente
2723 1136 2888 1204 igitur
2937 1135 3098 1190 Saule
3153 1137 3459 1204 periculum
3516 1141 3566 1193 ei

1995 1225 2212 1290 fuisset,
2263 1226 2356 1292 qui
2416 1241 2512 1294 per
2582 1225 2770 1280 Davidx
2818 1229 2960 1297 regis
3021 1229 3255 1282 salutem
3301 1229 3565 1298 jnrasset.

1993 1317 2230 1380 Mortuo,
2291 1317 2498 1386 inquit,
2541 1317 2725 1371 Saule'
2758 1317 2851 1372 ille
2901 1319 3219 1374 laudabitur
3247 1321 3463 1375 amicus
3513 1332 3568 1375 et

1995 1409 2319 1472 benevolus,
2382 1411 2472 1478 qui
2531 1425 2628 1480 per
2687 1409 2856 1465 David
2919 1414 3062 1482 regis
3120 1413 3356 1467 salutem
3409 1413 3568 1482 jura-

1999 1504 2159 1557 verit.

2072 1595 2335 1660 Quoniam
2375 1595 2703 1649 obstructum
2736 1605 2812 1650 est
2865 1613 2922 1651 os
2958 1597 3292 1668 loquentium
3338 1599 3564 1668 injuste.

2000 1686 2171 1741 Morte
2229 1687 2488 1741 nimirum
2538 1689 2884 1743 obstructum
2935 1698 3022 1744 est
3071 1704 3135 1744 os
3165 1691 3445 1743 hominum
3485 1691 3568 1742 ιο.

1996 1778 2282 1847 quentium
2347 1779 2548 1846 injusta
2603 1779 2876 1835 adversus
2944 1782 3122 1850 ipsum
3184 1780 3378 1843 David,
3437 1797 3565 1834 cum

1995 1870 2490 1934 calumniarentur,
2525 1871 2687 1940 eique
2712 1871 3089 1934 detraherent,
3123 1880 3286 1938 atque
3323 1872 3561 1925 invicem

1993 1961 2062 2016 de
2100 1963 2248 2017 illius
2292 1971 2466 2016 morte
2499 1971 2826 2017 tractarent.
2877 1965 2945 2018 Et
2993 1964 3107 2018 lucc
3136 1963 3357 2032 quidem
3391 1977 3564 2030 expo-

1996 2054 2128 2108 sitio
2179 2057 2244 2108 ad
2296 2057 2541 2110 visibiles
2578 2056 2834 2112 inimicos
2886 2057 3144 2126 pertinet.
3174 2056 3443 2110 Caeterum
3498 2055 3569 2109 de

1993 2148 2366 2203 invisitiilibns
2423 2148 2586 2203 simili
2654 2149 2820 2203 modo
2872 2148 3067 2216 exponi
3123 2154 3564 2216 potestzverum

1991 2239 2134 2308 quod
2169 2240 2258 2295 hic
2306 2241 2538 2309 legimus
2575 2258 2590 2296 :
2633 2238 2940 2293 Introibuut
2989 2241 3042 2292 in
3080 2238 3340 2307 inferiora
3379 2246 3559 2300 terrte,

1990 2342 2123 2386 tunc
2158 2348 2410 2402 expone,
2445 2333 2550 2386 hoc
2591 2342 2697 2398 est,
2741 2334 2794 2387 in
2835 2335 3016 2402 ipsum
3055 2334 3370 2386 Tartarum.
3403 2330 3564 2395 Quia,

1994 2435 2052 2478 ut
2091 2426 2224 2490 dicit
2281 2428 2565 2495 apostolus
2619 2427 2816 2482 Petrus
2875 2426 2941 2491 ⁸⁸,
2999 2427 3202 2483 missos
3254 2423 3377 2477 illos
3424 2420 3568 2476 Deus

333 2500 536 2556 tradidit
567 2506 621 2557 in
660 2504 954 2562 Tartarum
988 2505 1056 2560 ad
1085 2507 1378 2576 judicium.
1419 2507 1706 2566 Tartarum
1735 2529 1865 2570 vero
1902 2517 2006 2572 sub
2026 2527 2170 2575 terra
2195 2537 2318 2577 esse
2339 2522 2549 2577 dicunt.
2574 2520 2824 2575 Gladium
2887 2522 3052 2572 etiam
3111 2527 3242 2573 tunc
3301 2531 3566 2588 expones,

319 2610 421 2666 pro
442 2598 736 2668 supplicio.

596 2693 700 2756 Εὶς
725 2691 793 2744 τὸ
824 2691 1000 2758 τέλος
1034 2694 1282 2762 Ψαλμὸς
1305 2695 1385 2760 τῷ
1405 2697 1608 2755 Δαϐίδ.

873 2785 1168 2840 ΨΑΛΜΟΣ.
1211 2787 1328 2840 ΞΡ.

383 2876 500 2930 Καὶ
523 2871 678 2936 οὗτος
707 2881 734 2932 ὁ
754 2878 974 2948 ψαλμδς
1011 2879 1112 2950 τῆς
1133 2882 1308 2952 αὐτῆς
1333 2881 1519 2953 ἔχεται
1556 2884 1890 2951 ὑποθέσεως.

313 2971 600 3036 Διηγεῖται
639 2969 748 3039 γὰρ
782 2969 882 3033 τὰς
929 2969 1041 3023 τῶν
1075 2972 1333 3043 ἀνωτέρω
1364 2975 1642 3044 ῥηθέντων
1680 2978 1894 3048 ἐχθρῶν

308 3059 632 3122 ἐπιϐουλὰς,
665 3060 760 3113 καὶ
792 3062 1134 3131 προφητεύει
1181 3064 1282 3134 τὴν
1303 3065 1512 3120 τούτων
1545 3067 1892 3140 ἀπαλλαγὴν,

306 3148 379 3222 ἧς
413 3153 604 3205 ἕνεκεν
639 3157 743 3216 Εις
761 3155 829 3209 τὸ
862 3154 1036 3222 τέλος
1063 3157 1454 3228 ἑπιγέραπται.

375 3244 788 3314 Εισιίκουσον,
840 3251 873 3301 ό
937 3249 1102 3314 Θεὸς,
1151 3247 1260 3316 τῆς
1290 3252 1644 3321 προσευχῆς
1681 3271 1800 3322 μου
1824 3254 1895 3308 ἐν

309 3335 393 3402 τῷ
413 3335 660 3391 δέεσθαι
703 3354 783 3408 με
821 3339 972 3406 πρὸς
997 3339 1090 3404 σὲ,
1120 3340 1240 3395 ἁ.τύ
1298 3345 1488 3410 φόϐου
1515 3345 1734 3412 ἐχθροῦ
1758 3345 1887 3410 ἑξε-

307 3427 428 3482 λοῡ
465 3428 578 3496 τὴν
605 3429 820 3498 ψυχήν
848 3448 988 3498 μου,
1013 3431 1334 3486 σκέπασόν
1365 3450 1442 3502 με
1482 3435 1603 3488 ἀπὸ
1637 3452 1898 3504 συστρο-

305 3518 431 3592 φῆς
465 3521 986 3588 πονηρευομένων.
1023 3523 1143 3578 ἀπὸ
1172 3525 1448 3592 πλήθους
1494 3526 1898 3595 ἐργαζομένων

307 3612 576 3668 ἀδικίαν.
603 3614 684 3667 Τὰ
709 3614 809 3683 μὲν
843 3613 1002 3680 ἄλλα,
1049 3617 1196 3685 σαιρῆ
1217 3631 1232 3648 ·
1268 3618 1580 3690 συστροφὴν
1627 3619 1684 3672 δὲ
1723 3620 1895 3688 λέγει,

307 3706 370 3761 τὸ
399 3704 666 3775 σύστημα
699 3706 796 3758 καὶ
830 3705 886 3757 τὸ
913 3706 1223 3776 σύνταγμα.

383 3796 619 3860 Οττινες
652 3796 972 3864 ἡκόγησαν
1011 3797 1092 3862 ὠς
1118 3798 1427 3866 ῥομφαίαν
1470 3799 1576 3868 τὰς
1611 3800 1900 3869 γλώσσας

305 3889 536 3944 αὐτῶν.
573 3891 666 3952 Εἰς
695 3889 756 3942 τὸ
789 3889 990 3960 ῥᾳδίως
1052 3893 1413 3958 συκοφαντεῖν
1455 3893 1552 3944 καὶ
1609 3893 1898 3958 σκευάζειν

305 3981 635 4043 ἐπιϐουλάς.
689 3981 878 4033 Ἔοικε
930 3981 985 4032 δὲ
1025 3983 1053 4034 ὁ
1110 3983 1271 4048 λόγος
1299 3983 1401 4050 τῷ,
1436 3982 1544 4036 Kal
1579 3984 1617 4050 ἠ
1647 3982 1898 4051 γλῶσσα

302 4070 533 4134 αὐτῶν,
568 4072 829 4140 μάχαιρα
869 4071 1034 4137 ὀξεῖα
1063 4115 1080 4139 ,
1109 4075 1237 4144 περὶ
1267 4066 1329 4126 οὗ
1359 4073 1572 4146 εἴρηται
1603 4075 1661 4128 ἐν
1701 4074 1780 4144 τῷ
1810 4083 1898 4141 νς¹

304 4158 534 4229 ςαλμῷ.

390 4251 743 4304 Ἐνέτειναν
765 4253 969 4319 τόξον,
991 4253 1234 4324 πρᾶγμα
1255 4255 1492 4324 πικρὸν,
1521 4255 1628 4310 τοῦ
1647 4271 1895 4310 κατατο-

302 4344 531 4404 ξεῦσαι
575 4343 646 4395 ἐν
702 4345 1077 4415 ἁποκρύςσοις
1115 4347 1379 4414 ἄμωμον.
1440 4347 1709 4417 Ἀμωμον
1748 4348 1897 4416 λέγει

301 4438 397 4487 τὸν
465 4435 684 4539 ἀθῶονζ
720 4438 900 4490 εῖτουν
956 4438 1176 4492 ἑαυτόν.
1236 4439 1375 4494 Καθ’
1418 4439 1728 4506 ὑπερϐατὸν
1772 4440 1829 4492 δὲ
1863 4441 1894 4510 ἡ
1931 4486 1972 4539 D

305 4526 594 4591 σύνταξις,
625 4521 760 4592 οἷον,
787 4527 1135 4598 ΙΙύτρέπισαν
1158 4531 1308 4596 τόξον
1330 4531 1531 4596 αὐτῶν,
1555 4531 1694 4584 ὥστε
1723 4549 1918 4584 κατα-,

301 4618 571 4683 τοξεῦσαι
623 4620 680 4670 ἐν
723 4619 802 4688 τῷ
854 4619 1102 4690 λεληθότι
1151 4621 1243 4675 τὸν
1290 4623 1554 4685 ἀναίτιον,
1592 4624 1730 4695 ὅπερ
1781 4623 1898 4674 ἐστὶ

304 4710 556 4780 πρᾶγμα
573 4709 790 4774 πικρὸν,
816 4710 1062 4766 τουτέστι
1084 4711 1376 4782 zelen-va
1392 4713 1506 4766 δολε
1516 4713 1629 4784 ρόν·
1674 4713 1819 4780 λέγω
1833 4713 1896 4783 δὴ

305 4803 369 4853 τὸ
395 4802 466 4852 ἐν
504 4798 852 4868 ἀποκρύφοις
879 4800 1140 4865 τοξεύειν,
1166 4802 1253 4854 διὰ
1279 4807 1338 4856 τδ
1354 4803 1663 4872 ἀφύλακτον
1693 4821 1706 4834 ·
1744 4803 1897 4869 τόξον

299 4893 359 4946 δὲ
406 4889 603 4944 αὐτῶν
649 4891 752 4958 τὴν
794 4891 1050 4959 γλῶσσαν
1088 4893 1269 4946 αὐτῶν
1292 4895 1464 4947 καλεί-
1486 4895 1767 4966 ῥομφαίαν
1801 4897 1900 4964 μὲν

297 4987 420 5053 γὰρ
474 4978 639 5037 εἶπεν
692 4983 885 5054 αὐτὴν,
944 4985 1022 5048 ὡς
1067 4985 1196 5047 τοὺς
1250 4986 1480 5056 πλησίον
1537 4989 1902 5059 ἀναιροῦσαν,

291 5077 470 5143 τόξον
509 5075 594 5138 δὲ,
617 5075 696 5137 ὡς
727 5077 822 5128 καὶ
853 5077 978 5139 τοὺς
991 5078 1181 5147 neego
1205 5078 1527 5146 βάλλουσαν.
1557 5081 1650 5133 Ἐκ
1667 5081 1760 5134 τοῦ
1777 5097 1908 5148 προο

295 5168 524 5239 φανοῦς
562 5168 674 5238 γὰρ
713 5169 1090 5235 ἐπαινοῦντες,
1118 5169 1397 5241 λαθραίως
1425 5174 1906 5239 συνεσκευάζοντο.

2311 2702 2377 2757 1η
2420 2704 2580 2772 ﬁnem
2633 2699 2882 2754 Psalmus
2927 2697 3029 2763 ipsi
3066 2695 3257 2751 David.

2519 2789 2836 2844 PSALMUS
2857 2787 3037 2842 LXIII.

2069 2887 2166 2943 llic
2208 2886 2454 2956 psalmus
2485 2883 2760 2946 eamdem,
2796 2896 2963 2951 quam
3013 2878 3326 2946 praecedens
3370 2883 3571 2928 tractat

1998 2981 2311 3034 materiam.
2336 2976 2568 3031 Easdem
2613 2976 2805 3029 beatus
2836 2970 3004 3025 David
3041 2969 3388 3023 inimicorum
3431 2967 3566 3020 iusi-

1993 3073 2114 3127 dias
2136 3070 2332 3139 carpit,
2359 3080 2412 3123 et
2431 3068 2500 3122 ab
2524 3067 2605 3122 eis
2629 3081 2688 3121 se
2710 3064 3054 3120 liberandum
3081 3059 3326 3131 praedicit
3347 3099 3363 3124 ,
3393 3067 3559 3128 atque

1897 3143 1961 3199 (ἶ
1995 3163 2119 3217 ideo
2158 3163 2324 3217 etiam
2354 3158 2421 3214 In
2455 3160 2612 3228 ﬁnem
2639 3155 2978 3209 inscribitur.

2066 3253 2234 3307 VERS.
2263 3251 2317 3314 2,
2341 3252 2395 3305 5.
2429 3247 2659 3308 Exaudi.
2693 3247 2850 3311 Deus,
2888 3259 3061 3298 vacem
3095 3258 3288 3306 meam,
3323 3239 3447 3294 dum
3477 3255 3572 3293 oro

1997 3343 2065 3393 ad
2095 3349 2142 3394 te
2171 3354 2189 3392 :
2213 3356 2244 3391 a
2266 3338 2452 3390 timore
2473 3336 2675 3389 inimici
2705 3335 2848 3403 eripe
2879 3333 3116 3386 animam
3139 3347 3332 3392 meam,
3353 3338 3565 3398 protege

1996 3449 2078 3487 me
2106 3449 2136 3484 ιι
2169 3439 2423 3485 conventu
2453 3427 2883 3497 malignantium,
2917 3442 2949 3477 η
2982 3422 3322 3476 multitudine
3349 3436 3576 3490 operan-

2000 3526 2132 3577 tium
2153 3522 2501 3590 injustitiam.
2533 3519 2638 3573 Per
2665 3527 3020 3576 conventum,
3056 3515 3567 3583 congregationem,

1999 3625 2166 3685 atque
2191 3615 2442 3669 ordinem
2479 3611 2714 3666 militum
2744 3608 3026 3674 intelligit.
3063 3605 3272 3661 Caetera
3304 3619 3434 3658 vero
3475 3617 3572 3670 per

1999 3723 2059 3763 se
2085 3709 2231 3761 clara
2269 3714 2423 3760 sunt.

2071 3789 2234 3850 νειμ.
2262 3795 2317 3849 4.
2345 3795 2608 3860 Quoniam
2632 3799 2982 3855 emacuerunt,
3008 3797 3064 3842 ut
3091 3787 3322 3858 gladios,
3365 3785 3574 3851 linguas

2000 3907 2146 3946 suas.
2179 3888 2249 3943 Ut
2283 3887 2352 3942 de
2383 3888 2532 3942 facili
2571 3887 2833 3940 nimirum
2867 3881 3196 3939 calumniari
3238 3886 3462 3947 possent
3522 3880 3577 3926 et

1999 3991 2296 4037 contexere
2327 3979 2580 4032 insidias.
2638 3976 2704 4030 Et
2735 3976 2936 4031 similia
2978 3973 3234 4026 ridentur
3268 3969 3382 4022 haec
3410 3965 3576 4019 verba

2001 4071 2070 4124 iis
2100 4083 2223 4139 qua:
2253 4069 2490 4123 vidimus
2514 4069 2567 4122 in
2602 4066 2815 4136 psalmo
2843 4079 2929 4118 LVI
2963 4080 2977 4116 ι
3013 4060 3224 4130 Lingua
3261 4071 3441 4113 eorum
3461 4053 3577 4126 gla-

1997 4161 2121 4218 diu:
2150 4168 2359 4213 acutus.

2074 4252 2423 4310 Ittlenderunt
2454 4266 2636 4304 arcum
2671 4265 2844 4313 suum,
2880 4264 2990 4302 rem
3029 4261 3298 4306 amaram,
3325 4252 3380 4296 ut
3413 4242 3579 4310 sagit-

2001 4356 2108 4400 tent
2138 4347 2189 4398 in
2215 4344 2435 4398 occultis
2463 4342 2890 4396 immaculatum.
2947 4337 3364 4393 lmmaculatum
3415 4334 3575 4393 dixit,

2002 4452 2100 4506 pro
2131 4438 2476 4496 innocentem,
2508 4442 2562 4487 et
2589 4433 2833 4501 seipsum
2877 4428 3155 4496 intelligit.
3217 4425 3366 4479 Ordo
3393 4430 3576 4483 autem

2008 4528 2063 4580 lit
2103 4543 2197 4596 per
2227 4525 2590 4595 hyperbaton,
2625 4523 2729 4576 hoc
2761 4521 2924 4574 modo
2961 4537 2976 4573 :
3008 4517 3352 4571 l’araverunt
3383 4526 3572 4566 arcum

2005 4635 2193 4679 suum,
2235 4628 2294 4671 ut
2334 4618 2567 4670 latenter
2607 4615 2932 4685 sagittarent
2984 4612 3336 4666 innocentem
3397 4603 3580 4660 homie

2006 4726 2152 4777 nem,
2187 4718 2240 4764 et
2274 4724 2516 4762 amaram
2541 4723 2678 4768 rem,
2716 4706 2819 4761 hoc
2849 4714 2935 4760 est
2964 4717 3182 4774 giavem
3209 4717 3271 4754 ac
3291 4699 3583 4759 molestam

2007 4818 2131 4858 esse
2157 4802 2254 4863 ait,
2287 4799 2433 4868 quod
2470 4797 2787 4865 hujusmodi
2819 4796 2904 4851 usi
2939 4796 3054 4850 sint
3094 4800 3360 4863 apparatu
3391 4791 3579 4861 (appo-

2003 4893 2166 4947 sitivc
2205 4892 2349 4946 enim
2403 4890 2454 4944 id
2515 4890 2721 4943 dictum
2775 4897 2882 4952 est,
2929 4894 2984 4942 et
3027 4901 3120 4955 per
3156 4881 3583 4953 parenthesim);

2003 5004 2168 5057 grave
2197 4985 2398 5041 ctenim
2429 4992 2514 5039 est
2565 4990 2620 5037 ct
2669 4981 2845 5036 dolosi
2889 4978 3195 5048 cuiuspiam
3242 4989 3402 5043 Opus,
3436 4981 3492 5025 ut
3528 4972 3583 5023 in

2004 5083 2224 5137 occulto
2271 5079 2488 5147 sagittis
2535 5077 2852 5147 quempiam
2889 5073 3140 5141 impetat,
3173 5071 3268 5139 qui
3301 5066 3403 5123 sibi
3442 5063 3578 5118 nihil

2003 5183 2159 5228 cavet
2180 5171 2432 5243 (I9).Pcr
2463 5186 2651 5224 areum
2686 5184 2815 5224 vero
2848 5168 3089 5234 linguam
3114 5159 3388 5226 intelligit,
3416 5169 3582 5238 quam

290 5280 342 5322 et
384 5263 652 5335 gladium
687 5261 1022 5331 appellavit,
1055 5265 1220 5321 veluti
1267 5281 1387 5335 quae
1440 5267 1750 5334 proximum
1782 5268 1919 5321 adeo
1957 5268 2124 5331 ltedit,
2159 5275 2216 5319 ut
2245 5279 2383 5334 pene
2406 5263 2685 5318 interimat
2729 5279 2744 5315 :
2776 5270 2830 5314 et
2855 5268 3047 5310 arcum
3107 5250 3386 5312 simi-liter,
3447 5243 3578 5313 quia

286 5360 361 5411 de
393 5358 576 5425 longe
625 5352 775 5408 ferit.
817 5355 876 5408 In
931 5365 1124 5424 aperto
1179 5357 1381 5415 etenim
1456 5358 1758 5421 laudabant
1801 5374 1927 5420 cum
2005 5358 2236 5422 inimici,
2266 5372 2330 5412 ac
2381 5355 2805 5414 benedicebant.
2867 5349 3005 5409 clam
3052 5356 3183 5398 vero
3233 5357 3296 5398 ac
3347 5340 3582 5401 Ιδιεηῑεῐ

286 5449 440 5503 mala
488 5443 925 5511 conspirabant.

357 5571 414 5605 ιδ
453 5567 503 5624 ll
544 5565 702 5617 Pctr.
736 5577 796 5626 ll,
835 5563 890 5616 4.

1667 5653 1870 5714 Varia:
1927 5653 2258 5734 lectiones.

349 5764 480 5838 με)
522 5755 788 5838 _St_ibaudi
819 5753 1052 5838 νοήσεις.
1113 5825 1124 5838 Ι
1232 5826 1241 5835 ,

509 5829 606 5894 Ad
652 5824 885 5882 Vel'bllll'l
923 5841 936 5878 :
972 5823 1124 5895 Quod
1153 5825 1365 5895 quidem
1394 5841 1639 5879 amarum
1672 5835 1771 5890 est,
1801 5824 1896 5879 hoc

1999 5764 2072 5806 est
2095 5731 2250 5820 grave
2297 5764 2357 5799 οι·
2378 5746 2642 5822 dolosam,
2667 5743 2921 5822 nimirum
2945 5741 3001 5797 in
3029 5738 3262 5794 occultis
3291 5731 3577 5805 sagittam,

1999 5817 2116 5882 cuni
2147 5817 2432 5890 pra'caveri
2456 5832 2558 5869 non
2594 5817 2782 5884 possit.
