4064 6460
364 427 469 489 631
1539 447 1933 510 COMMENT.
1968 448 2048 509 IN
2074 456 2433 525 PSALMOS.
3518 479 3626 542 038

433 542 547 596 Kal
564 543 634 596 τὰ
659 544 965 615 ποιήματα
995 550 1185 605 αὑτοῦ
1219 556 1525 623 συνῆκαν.
1558 562 1900 628 Καὶ-ἐγνωσο

385 629 443 659 τ..
474 637 623 659 --μ’
654 635 867 659 ομΑιε..
898 658 901 659 ,
927 643 973 659 ~ut
1023 642 1049 659 «ι
1095 642 1128 657 μ
1300 647 1314 659 .
1393 646 1420 659 ..ρ
1498 650 1513 659 .
1698 653 1708 659 .
1889 653 1900 659 -

2008 577 2023 622 t
2132 571 2196 624 Et
2231 575 2380 641 facta
2417 577 2532 644 ejus
2560 578 2951 635 intellexerunt.
2988 584 3053 637 Et
3085 597 3463 655 cognoverunt
3485 606 3623 659 qua-

345 635 446 687 οἷα
472 637 623 689 ποιεῖ
652 635 868 705 βοηθῶν
889 643 1001 704 τοῖς
1020 642 1227 709 δούλοις
1253 646 1420 700 αὐτοῦ
1440 666 1454 679 ·
1482 650 1558 713 ὡς
1584 653 1854 723 γενόμενα
1885 653 1900 704 ε

379 725 402 743 τ
549 730 561 746 ι
794 732 810 746 1
1067 736 1080 746 ι
1479 742 1489 746 -

2231 635 2242 641 _
2440 635 2455 644 ,
3097 635 3462 655 ﬂown---"
3527 635 3592 644 ..μ

2044 665 2114 718 lia
2162 664 2325 720 faciat
2380 667 2648 723 Dominus
2685 669 2952 737 adjuvans
2994 688 3185 729 servos
3217 691 3372 746 suos.
3411 635 3620 733 l‘ut'ura

346 732 478 782 εἷπε
506 732 573 783 τὰ
604 732 978 803 γενησόμενα,
1021 736 1174 809 νόμῳ
1215 742 1580 811 προφητείας.

2044 765 2229 812 autem
2278 758 2438 822 dixit,
2479 767 2536 812 ut
2575 760 2689 830 jam
2731 732 2871 816 facta
2900 802 2915 827 ,
2960 764 3075 832 lege
3130 743 3345 821 scilicet
3388 768 3623 838 prophe-

2041 848 2149 902 tiae.

420 938 921 1006 Εὐφρανθιὶσεται
931 940 1163 1009 δίκαιος
1184 943 1255 996 ἐγ
1273 943 1353 1010 τῷ
1373 945 1589 1016 Κυρίῳ,
1616 947 1716 999 καὶ
1740 948 1900 1001 una

2110 939 2277 998 Vens.
2312 946 2399 999 Η.
2431 945 2730 1000 Lwtabitur
2762 948 2945 1016 justus
2974 950 3027 1002 in
3067 949 3311 1010 Domino,
3340 960 3390 1004 et
3427 967 3617 1020 spera-

338 1033 444 1083 s‘a’
475 1033 685 1087 αὐτόν.
724 1033 1180 1104 Εὐφρανθήσεται
1216 1036 1311 1090 καὶ
1349 1037 1554 1104 ἑλπιεῖ,
1587 1039 1801 1110 βλέπων
1833 1041 1900 1110 τὴ

2035 1035 2110 1087 bit
2142 1036 2195 1088 in
2230 1054 2311 1090 eo.
2350 1037 2655 1095 Laetabitur
2686 1050 2740 1095 et
2776 1042 3046 1111 sperabit,
3093 1043 3186 1097 ubi
3224 1059 3480 1113 magnum
3517 1044 3612 1097 Dei

336 1125 437 1177 ἐπ’
470 1127 599 1194 ἐμοὶ
632 1126 968 1195 κηδεμονίαν
987 1129 1178 1183 αὐτοῦ.
1518 1176 1523 1179 .

2032 1128 2276 1183 studium
2311 1131 2364 1182 in
2397 1146 2482 1185 me
2509 1132 2726 1187 viderit.

414 1216 530 1272 Kal
569 1218 1076 1284 ἐπαινεθήσονται
1107 1223 1335 1291 πάντες
1365 1228 1423 1280 οἱ
1451 1223 1651 1289 εὐθεῗς
1683 1222 1760 1292 τῇ
1783 1241 1896 1292 amp

2106 1218 2174 1273 Et
2204 1220 2572 1275 laudabuntur
2610 1240 2788 1278 omnes
2824 1226 2954 1279 recti
2982 1225 3159 1280 corde.
3186 1225 3247 1292 li,
3289 1227 3492 1296 inquit,
3516 1226 3617 1297 qui

329 1312 463 1378 δίᾳ.
504 1310 992 1380 Ἐπαινεθήσονται
1028 1317 1181 1385 παρὰ
1207 1316 1316 1371 τῶν
1341 1316 1647 1387 ἀνθρώπων
1666 1318 1715 1369 οἱ
1759 1316 1895 1386 μηδὲ

2032 1312 2321 1381 obliquum
2381 1315 2538 1378 nihil,
2599 1328 2695 1370 aut
2747 1326 3061 1371 tortuosum
3097 1319 3281 1373 ferunt
3333 1319 3387 1372 in
3425 1319 3613 1380 corde,

328 1403 556 1456 σκολιὸν
592 1406 650 1457 ἐν
689 1407 757 1474 τῇ
788 1406 988 1479 καρδίᾳ
1051 1406 1336 1477 φέροντες,
1361 1403 1474 1471 οἶος
1520 1404 1591 1479 ἦν
1630 1408 1815 1472 αὐτὸς,
1852 1408 1897 1460 ὡ

2030 1408 2213 1477 qualis
2245 1419 2364 1461 erat
2404 1409 2599 1464 beatus
2630 1407 2822 1472 David,
2859 1412 2928 1465 ab
2952 1413 3213 1468 omnibus
3253 1427 3471 1482 semper
3497 1411 3618 1464 lau-

322 1498 447 1559 τοῖς
476 1494 744 1558 τοιούτοις
771 1495 1097 1567 βοηθοῦντος
1135 1497 1303 1551 αὐτοῦ
1331 1498 1426 1551 τοῦ
1462 1497 1622 1552 Θεοῦ.
1669 1498 1763 1562 Ὠς
1779 1498 1895 1566 ἀγα

2029 1499 2335 1565 dabuntur,
2391 1502 2560 1555 veluti
2594 1503 2674 1555 eis
2718 1503 2867 1559 Deus
2899 1513 3102 1573 praesto
3141 1521 3361 1574 semper
3393 1506 3615 1558 futurus

324 1588 439 1652 ρος
481 1587 611 1655 γὰρ.
652 1587 839 1657 φησὶν,
891 1591 925 1641 ὁ
972 1590 1119 1654 θεὸς
1167 1590 1293 1658 τοῖς
1337 1591 1546 1646 εὐθέσι
1572 1590 1647 1660 τῇ
1683 1590 1900 1659 καρδίᾳ

2024 1591 2116 1645 sit.
2155 1591 2325 1656 Quum
2362 1591 2533 1645 bonus
2593 1593 2769 1654 enim,
2804 1592 3004 1662 inquit,
3035 1595 3173 1648 Deus
3206 1594 3383 1649 Israel
3409 1597 3496 1659 iis,
3522 1595 3615 1664 qui

321 1677 492 1740 Τινὲς
544 1676 601 1730 δὲ
654 1679 785 1749 mpi.
839 1678 934 1732 τοῦ
1010 1679 1181 1734 Ἰούδα
1234 1682 1600 1754 προειρῆσθαί
1643 1700 1810 1752 φασιν
1838 1683 1898 1735 τὸ

2026 1690 2164 1734 recto
2213 1691 2339 1734 sunt
2392 1680 2549 1736 corde
2583 1683 2675 1736 "l
2743 1682 2978 1749 Quidam
3033 1699 3094 1737 ea
3146 1685 3311 1739 verba
3345 1703 3359 1739 :
3391 1684 3613 1737 Accedet

325 1771 816 1837 Προσελεύσεται
885 1771 1226 1840 ἅνθρωπος.
1273 1774 1354 1839 ὃς,
1401 1776 1769 1846 παμπόνηρος
1821 1775 1898 1828 ὢν

2024 1774 2201 1837 homo,
2255 1775 2575 1846 intelligunt
2623 1777 2770 1830 dit-ta
2823 1792 2949 1831 esse
2995 1777 3061 1831 de
3087 1776 3226 1831 .luda
3265 1796 3278 1830 ε
3317 1778 3434 1845 qui,
3482 1791 3610 1830 cum

326 1863 641 1932 προσῆλθεν
691 1866 804 1927 τοῖς
836 1865 1056 1935 ἐχθροῖς
1081 1866 1175 1919 τοῦ
1210 1868 1476 1938 Χριστοῦ,
1504 1869 1599 1923 καὶ
1651 1871 1900 1939 ὑπέσχετς

2025 1868 2324 1935 depravato
2381 1878 2531 1922 esset
2591 1868 2800 1933 animo,
2864 1868 2931 1923 ad
2987 1869 3196 1924 Christi
3258 1868 3609 1923 adversarios

321 1953 627 2023 προδοῦναι
648 1956 836 2011 αὐτόν.
880 1957 1261 2028 Ἐμεγαλύνθη
1292 1960 1350 2013 δὲ
1377 1960 1578 2031 μᾶλλον
1603 1964 1629 2014 ὀ
1658 1962 1893 2031 Χριστὸς

2025 1959 2304 2030 profectus
2354 1969 2440 2016 est
2481 1972 2533 2017 et
2563 1962 2845 2031 pollicitus
2880 1978 2939 2016 se
2971 1963 3122 2017 illum
3160 1964 3240 2018 eis
3274 1962 3606 2016 traditurum

321 2046 533 2117 (ξοδερά
557 2063 617 2097 τε
654 2048 809 2117 παρᾶι
839 2048 930 2102 τὸν
954 2050 1151 2119 καιρὸν
1173 2050 1273 2120 τῆς
1310 2051 1672 2121 σταυρώσεως
1706 2052 1900 2124 θαῦμα.

2023 2068 2170 2108 esse.
2212 2053 2411 2107 Verum
2442 2052 2701 2109 Christus
2750 2070 2815 2108 cx
2867 2070 2933 2109 eo
2990 2057 3164 2126 magis
3221 2055 3606 2125 magniﬁcatus

318 2141 661 2209 τουργήσας,
709 2142 807 2193 καὶ
849 2142 1092 2205 ἀναστὰς
1116 2146 1182 2198 ἐκ
1229 2144 1340 2197 τῶν
1371 2146 1606 2216 νεκρῶν,
1639 2147 1711 2199 Αἰ
1729 2165 1789 2199 τε
1828 2165 1900 2201 ἐιη

2022 2154 2185 2212 atque
2209 2147 2484 2201 exaltatus
2517 2156 2622 2202 est.
2658 2146 2823 2200 Multa
2853 2149 3127 2218 siquidem
3178 2157 3233 2202 et
3266 2163 3482 2204 summa
3509 2146 3604 2200 ad-

328 2233 529 2302 μωρίαι
563 2231 631 2295 ἃς
662 2234 955 2304 ἐπήγαγον
1011 2237 1185 2306 αὐτῷ,
1222 2240 1305 2301 εἰς
1324 2239 1481 2292 οὐδὲν
1519 2242 1900 2311 ἐλογίσθησαν1

2024 2238 2320 2295 miratione
2357 2240 2523 2310 digna
2550 2240 2818 2295 miracula
2853 2250 2963 2294 tam
3016 2241 3278 2305 moriens,
3314 2255 3477 2310 quam
3514 2253 3606 2293 re-

329 2324 418 2376 aut
442 2341 498 2376 τε
523 2324 584 2377 τὸ
613 2324 716 2394 τῆς
745 2325 1002 2395 θεότητος
1032 2329 1263 2394 ἀπαθὲς,
1310 2333 1403 2383 καὶ
1431 2332 1521 2385 διὰ
1550 2333 1609 2385 τὸ
1645 2333 1720 2403 μὴ
1752 2335 1883 2405 δυνη

2021 2346 2280 2398 surgens,
2324 2338 2589 2401 operatus
2641 2338 2747 2395 est,
2791 2346 2913 2400 qua:
2950 2331 3097 2384 illius
3131 2330 3365 2400 gloriam
3404 2326 3608 2397 praedi-

339 2415 494 2479 θῆναι
535 2416 800 2483 ἀφανίσαι
839 2417 1026 2481 αὐτὸν,
1059 2419 1134 2482 ὡς
1169 2422 1370 2474 ἐκεῖνοι
1393 2420 1580 2493 ᾤοντο.
1618 2424 1826 2489 Πάντες
1858 2424 1900 2477 δί

2020 2431 2169 2477 cant.
2207 2423 2341 2478 Nam
2377 2423 2519 2493 quod
2555 2423 2822 2492 supplicia
2854 2424 3210 2487 sustinuerit,
3252 2421 3373 2490 ejus
3425 2420 3603 2491 gloria

338 2509 386 2559 οἱ
425 2510 482 2562 ἐν
526 2514 638 2575 τοῖς
688 2511 872 2567 ἔθνεσι
910 2513 1248 2585 θεωροῦντες
1297 2518 1425 2577 τοὺς
1473 2521 1900 2589 χριστοκτόνους.

2021 2532 2129 2570 non
2162 2516 2450 2579 minuitur,
2477 2533 2600 2571 cum
2650 2526 2703 2571 et
2732 2517 2995 2570 divinitas
3030 2517 3144 2584 ipsa
3200 2515 3428 2568 minime
3475 2514 3605 2567 laesa

326 2600 737 2669 παραδοθέντας
774 2608 888 2667 τοῖς
931 2607 1225 2676 Ῥωμαίοις
1255 2611 1336 2673 εἰς
1372 2609 1619 2681 ἆλεθρον,
1647 2611 1916 2682 ἐθορυϐή-

316 2694 493 2761 θησαν
517 2735 534 2757 ,
591 2697 687 2750 καὶ
722 2698 1073 2770 ὲφοὸἡθησαν
1101 2701 1193 2755 τὸν
1250 2703 1509 2774 Χριστὸν,
1541 2703 1610 2756 δι’
1655 2704 1714 2758 ὃν
1771 2700 1916 2761 οὗτοι

321 2785 660 2842 πεπόνθασι.
713 2791 971 2856 Δικαίους
999 2792 1057 2846 δὲ
1086 2794 1303 2865 νοήσεις
1337 2797 1467 2856 τοὺς
1504 2794 1564 2861 ἐξ
1612 2796 1804 2862 ἐθνῶν,
1838 2814 1916 2862 ως

312 2876 709 2943 δικαιωθέντας
745 2881 836 2935 διὰ
887 2886 1128 2949 πίστεως
1154 2904 1170 2919 ο
1205 2888 1255 2940 οἳ
1311 2887 1406 2941 καὶ
1444 2889 1916 2960 εὐφρανθήσονται

311 2970 408 3021 ἐπὶ
436 2972 516 3041 τῷ
536 2973 762 3044 Χριστῷ
789 2989 801 3002 ·
828 2976 955 3039 τοὺς
978 2977 1176 3041 αὐτοὺς
1198 2977 1245 3029 δ’
1275 2978 1342 3053 ἂν
1369 2979 1571 3045 εἴποις,
1601 2981 1696 3034 καὶ
1732 2982 1916 3047 εὐθεῖς

308 3064 376 3131 τῇ
407 3063 636 3135 καρδία,
668 3065 746 3128 ὡς
778 3068 835 3118 ἐν
860 3069 927 3136 τῇ
970 3069 1171 3140 καρδίᾳ
1216 3068 1292 3141 μὴ
1323 3074 1818 3141 παρεγκλίναντας,
1846 3070 1900 3146 ἧς

2019 3076 2251 3132 minum,
2283 3072 2353 3126 ub
2389 3087 2552 3141 quem
2585 3070 2904 3125 Iudaeorum
2938 3083 3112 3138 genus
3139 3064 3308 3119 tantis
3342 3063 3597 3117 ati'ectnm

313 3157 581 3230 μετέχον,
607 3156 774 3227 ὀρθῆς
803 3161 1062 3224 πίστεως.

2019 3176 2107 3221 est
2136 3164 2450 3234 suppliciis.
2476 3161 2723 3232 Etjuxta
2772 3163 2919 3216 hunc
2974 3175 3198 3215 sensum
3242 3173 3338 3227 per
3390 3155 3593 3225 iustos,

304 3246 505 3301 ﬁdeles
539 3260 733 3303 omnes
759 3264 823 3303 ex
849 3252 1103 3319 gentibus
1137 3252 1432 3327 intelliges,
1460 3257 1554 3326 qui
1590 3272 1686 3326 per
1718 3257 1879 3313 ﬁdem
1914 3257 2203 3327 iustiﬁcati
2262 3265 2413 3319 sunt,
2455 3253 2549 3324 qui
2592 3254 2757 3308 etiam
2788 3260 2848 3307 ut
2915 3251 3053 3306 recti
3102 3250 3269 3305 corde
3338 3246 3602 3301 laetabun-

301 3352 397 3394 tur
428 3340 484 3392 in
526 3338 770 3405 Christo,
829 3358 895 3398 eo
925 3347 1069 3415 quod
1128 3349 1179 3401 in
1216 3347 1381 3405 corde
1426 3364 1527 3404 suo
1578 3366 1860 3421 nunquam
1899 3365 1930 3404 a
1988 3360 2139 3405 recta
2186 3350 2274 3403 illa
2301 3347 2408 3402 ﬁde
2452 3345 2885 3409 declinaverunt,
2914 3357 3078 3415 quam
3119 3342 3284 3396 semel
3359 3339 3592 3409 rrol'cssi

293 3441 461 3501 δωιι.

2021 2610 2116 2672 sit,
2144 2618 2201 2661 et
2238 2607 2602 2662 humanitatis
2628 2608 2954 2671 excellentia
2990 2623 3053 2661 ac
3089 2623 3288 2660 nomen
3332 2604 3452 2671 ejus
3482 2604 3603 2657 tolli

2020 2700 2146 2755 ideo
2200 2714 2308 2753 non
2361 2700 2623 2769 potuerit,
2659 2707 2712 2750 ut
2746 2706 3028 2774 putat-ant.
3063 2695 3185 2751 Πίος
3213 2705 3390 2748 autem
3419 2693 3603 2747 omnia

2020 2808 2143 2849 cum
2172 2802 2466 2848 cernerent
2494 2793 2746 2863 gentiles,
2803 2801 2857 2846 et
2906 2792 3134 2858 insuper
3186 2790 3337 2867 ipsos
3393 2784 3603 2840 Christi

2016 2886 2375 2941 crucillxores
2464 2886 2604 2939 tradi
2693 2886 2942 2941 viderent
3012 2882 3278 2938 Romanis
3377 2880 3433 2933 in
3520 2879 3607 2932 in-

2018 2983 2266 3046 teritum,
2310 2981 2516 3036 turbati
2563 2960 2720 3046 sunt,
2751 2988 2805 3034 et
2836 2980 3141 3033 timuerunt
3171 2976 3456 3031 Christum
3493 2972 3602 3026 Do-

603 3532 706 3597 Εἱς
744 3531 808 3586 τὸ
834 3532 1008 3601 τέλος
1026 3536 1274 3606 Ψαλμός
1303 3536 1385 3604 ττῷ
1414 3537 1616 3592 Δαϐίδ.

2240 3528 2306 3582 In
2337 3527 2497 3597 ﬁnem
2529 3524 2771 3591 psalmus
2804 3523 3005 3575 cantici
3034 3523 3138 3584 ipsi
3186 3520 3383 3575 David.

885 3624 1178 3678 ΨΔΛΜΟΣ
1205 3626 1322 3683 ΞΝ.

369 3715 490 3779 Εἰς
529 3712 602 3767 τὸ
646 3712 822 3782 τέλος
852 3716 949 3770 καὶ
978 3713 1155 3783 οὗτος,
1197 3721 1280 3772 ὅτι
1316 3719 1656 3790 προφητεύει
1686 3722 1815 3790 περί
1839 3740 1901 3775 τε

288 3807 408 3873 τῆς
445 3805 718 3858 ἐπανόδου
751 3807 862 3860 τῶν
888 3809 945 3860 ἐν
969 3809 1252 3863 Βαϐυλῶνι
1280 3812 1665 3882 αἰχμαλώτων,
1698 3806 1775 3865 ὧν
1806 3814 1902 3865 καὶ

290 3894 599 3966 προσώπῳ
628 3898 1012 3962 συντέτακται,
1051 3903 1148 3955 καὶ
1191 3904 1316 3974 περὶ
1350 3903 1452 3969 τῆς
1486 3905 1770 3968 εὐσεϐείας
1791 3904 1900 3957 τῶν

285 3984 505 4038 ἐθνῶν.
540 3985 606 4038 Τί
635 3986 691 4039 δέ
717 3990 833 4040 ἐστι
866 3991 1112 4058 ψαλμοί·
1137 3992 1321 4061 ᾠδῆς,
1344 3994 1702 4066 παραδέδοται
1734 3996 1793 4047 ἐν
1819 3994 1899 4066 τῷ

290 4078 595 4150 προοιμίῳ
620 4080 722 4151 τῆς
751 4080 938 4152 βίόλου
968 4084 1078 4147 τῶν
1110 4085 1379 4154 Ψαλμῶν.

365 4356 483 4411 Σοὶ
512 4357 726 4424 πρέπει
758 4358 969 4428 ὕμνος,
1008 4362 1041 4415 ό
1073 4345 1241 4428 Θεὸς,
1286 4363 1360 4416 ἐν
1406 4362 1577 4418 Σιών.
1626 4366 1714 4418 Ἐν
1754 4367 1894 4423 Σιών

286 4467 389 4503 σοι
444 4448 673 4519 πρέπει,
732 4453 919 4520 φησιν,
948 4454 976 4505 ὁ
1017 4452 1189 4523 ὕμνος
1219 4472 1233 4485 ·
1287 4457 1407 4509 ἐκεῖ
1452 4458 1562 4528 γὰρ
1608 4459 1895 4528 λατρεύειν

281 4539 682 4611 προσέταξας.

365 4632 489 4686 Καὶ
538 4634 634 4687 σοι
672 4635 1119 4703 ἀποδοθήσεται
1160 4640 1313 4706 εὐχὴ
1351 4642 1423 4695 ἐν
1470 4642 1890 4713 Ἰερουσαλήμ.

278 4728 452 4796 Ὀρα
482 4725 586 4795 τὴν
632 4728 761 4798 περὶ
810 4729 911 4798 τῆς
940 4730 1204 4785 ἐπανόδου
1240 4734 1568 4805 πρόρρησιν.
1602 4735 1704 4805 Εἴη
1743 4736 1789 4788 δ’
1825 4736 1893 4789 ἂν

274 4816 398 4869 καὶ
454 4818 598 4868 κατὰ
640 4817 804 4886 λόγον
854 4820 1153 4890 ἀναγωγῆς
1193 4822 1335 4875 Σιὼν
1365 4825 1461 4878 καὶ
1510 4825 1889 4897 Ἰερουσαλὴμ,

2532 3615 2859 3674 PSALMUS
2890 3613 3077 3669 LXIV.

2086 3718 2147 3772 1η
2185 3718 2344 3786 linem
2374 3714 2539 3770 ctiam
2574 3710 2903 3767 inscribitur
2928 3709 3017 3763 hic
3047 3708 3313 3778 psalmus,
3349 3705 3476 3776 quia
3498 3719 3591 3761 ca-

2006 3814 2279 3884 ptivorum
2310 3808 2544 3864 reditum
2586 3804 2859 3876 przedieit,
2898 3803 2989 3875 qui
3019 3802 3073 3856 in
3114 3802 3389 3874 Babylone
3412 3812 3592 3864 erant.

2003 3919 2069 3957 ex
2104 3917 2344 3972 quorum
2385 3914 2624 3972 persona
2682 3897 2789 3951 fuit
2830 3911 2859 3949 a
2899 3896 3172 3963 Propheta
3217 3894 3589 3965 conscriptus.

2001 3993 2269 4047 Futuratn
2300 3991 2466 4045 etiam
2502 3989 2787 4058 gentilium
2830 3989 3152 4058 religionem
3185 4002 3249 4039 ac
3303 3984 3463 4038 ﬁdem
3503 3985 3594 4037 in-

2011 4087 2236 4139 terserit
2294 4090 2436 4154 (quae
2470 4081 2655 4136 omnia
2698 4079 2765 4137 ad
2809 4079 2969 4137 liuent
3031 4092 3193 4131 suum
3248 4074 3589 4145 tendebant).

2000 4177 2141 4243 Quid
2174 4187 2359 4231 autem
2390 4175 2461 4230 sit
2490 4172 2732 4241 psalmus
2782 4172 2982 4226 cantici
3015 4171 3069 4224 in
3100 4168 3370 4240 prommio
3400 4168 3587 4236 operis

1997 4271 2204 4325 dictum
2238 4279 2343 4323 est.

2070 4361 2234 4415 Vens.
2267 4360 2323 4414 2.
2351 4359 2421 4413 Te
2451 4360 2595 4412 decet
2629 4357 2876 4427 hymnus,
2910 4332 3069 4418 Deus,
3099 4354 3153 4407 in
3182 4352 3332 4409 Sion.
3363 4351 3479 4408 Illic
3507 4362 3593 4409 οι·
3672 4332 3675 4337 Ι

1995 4453 2141 4511 enim
2183 4463 2234 4507 te
2271 4451 2376 4506 coli
2409 4451 2611 4505 debere
2646 4447 2939 4503 mandasti.

2070 4635 2139 4689 Et
2173 4636 2268 4690 tibi
2320 4633 2571 4689 reddetur
2624 4641 2798 4688 votum
2832 4631 2887 4685 in
2918 4629 3244 4685 Jerusalem.
3281 4629 3415 4684 Vide
3452 4645 3589 4699 pro-

1998 4727 2240 4797 phetiam
2277 4727 2345 4781 de
2387 4725 2586 4779 reditu.
2619 4724 2783 4778 Juxta
2814 4737 3096 4792 anagogcn
3126 4737 3221 4792 per
3257 4720 3389 4777 Sion
3411 4732 3464 4777 et
3490 4738 3588 4792 per

1994 4819 2326 4885 Jerusalem,
2370 4817 2700 4872 universalis
2757 4816 2998 4871 ﬁdelium
3034 4814 3283 4871 Ecclesia
3322 4813 3586 4884 intelligi-

271 4911 312 4979 ἦ
358 4925 426 4959 τε
459 4908 732 4980 καθολικὴ
772 4910 1071 4980 Ἐκκλησία
1105 4913 1217 4966 τῶν
1262 4915 1494 4982 πιστῶν,
1511 4917 1605 4972 καὶ
1645 4920 1695 4971 οἱ
1749 4922 1895 4973 κατὰ

2008 4921 2114 4969 tur,
2143 4917 2198 4963 et
2223 4909 2427 4976 templa
2453 4906 2643 4968 etiam,
2675 4921 2797 4976 qua:
2843 4902 3100 4975 privatim
3132 4912 3317 4962 erecta
3364 4917 3494 4962 sunt
3527 4906 3583 4959 in

282 5001 480 5070 μέρος
517 5002 660 5053 ναοί.

361 5087 769 5144 Εἱσὰκουσον
797 5090 906 5161 τῆς
943 5095 1299 5166 προσευχῆς
1336 5114 1477 5166 μου.
1514 5100 1625 5169 Τῆς
1658 5103 1785 5171 περὶ
1814 5094 1891 5161 ὧν

273 5182 383 5235 ἀεὶ
405 5181 746 5251 παρακαλῶ.

354 5362 529 5431 Πρὸς
541 5360 619 5414 σὲ
643 5361 814 5418 πᾶσα
838 5363 997 5433 σὰρξ
1025 5366 1177 5433 ἥξει.
1207 5370 1379 5424 Τοῦτο
1428 5374 1735 5444 προφητεία
1763 5376 1892 5446 περὶ

272 5457 396 5517 τῶν
454 5455 656 5510 ἐθνῶν.
693 5457 883 5526 Σάρκα
915 5460 973 5513 δὲ
1020 5461 1221 5524 αὐτοὺς
1253 5463 1539 5532 ἐκάλεσεν,
1581 5465 1614 5536 ἢ
1662 5464 1738 5530 ὡς
1776 5466 1887 5520 ἀπὸ

274 5552 498 5620 μέρους
519 5547 588 5600 τὸ
617 5550 751 5621 πᾶν,
769 5549 801 5618 ἤ
838 5549 913 5614 ὡς
941 5552 1222 5621 σαρκικῶς
1254 5553 1486 5622 ζῶντας.
1530 5558 1603 5613 ’Ἦ
1638 5557 1732 5609 καὶ
1757 5558 1888 5628 περὶ

268 5643 376 5711 τῆς
407 5638 721 5708 καθολικῆς
751 5640 1110 5707 ἀναστάσεως
1140 5645 1167 5697 6
1197 5643 1380 5714 λόγος,

350 5911 400 5957 ’τι
438 5906 604 5984 Ρδαί.
652 5921 823 5976 Lxxu,
865 5908 915 5965 ι.

1998 5002 2168 5057 variis
2194 5001 2383 5054 inundi
2414 4999 2683 5067 partibus.

2075 5094 2238 5149 Vens.
2272 5095 2326 5148 5.
2364 5093 2584 5151 Exaudi
2647 5097 2947 5151 orationem
3007 5111 3200 5151 meam.
3261 5092 3578 5148 Orationem

1994 5187 2067 5245 de
2108 5185 2194 5238 his
2235 5183 2422 5248 rebus,
2475 5200 2575 5254 pro
2628 5186 2831 5255 quibus
2883 5201 3104 5255 semper
3156 5183 3226 5239 ad
3268 5191 3322 5237 te
3368 5195 3571 5251 preces

1997 5277 2192 5333 fundo.

2063 5370 2147 5424 Ad
2181 5380 2231 5424 te
2262 5385 2433 5423 omnis
2480 5386 2606 5424 cara
2640 5369 2827 5424 veniet.
2861 5367 3156 5437 Prophetia
3209 5367 3299 5421 hic
3342 5369 3577 5422 traditur

1990 5464 2059 5518 de
2086 5462 2265 5517 salute
2305 5462 2548 5528 gentium
2575 5478 2592 5527 ;
2620 5477 2718 5530 per
2760 5474 2982 5513 carnem
3024 5458 3229 5513 etenim
3261 5457 3411 5526 ipsas
3440 5474 3574 5528 gen-r

1989 5565 2074 5609 tes
2103 5554 2390 5624 intelligit,
2437 5562 2496 5608 ut
2527 5561 2702 5606 totum
2737 5567 2766 5604 a
2801 5562 2954 5620 parte
3002 5567 3017 5604 :
3053 5551 3133 5606 vel
3167 5549 3295 5619 quia
3333 5550 3463 5605 olim
3492 5551 3572 5603 vi-

1990 5646 2190 5699 vebant
2220 5644 2542 5700 carnaliter.
2586 5638 2685 5696 Vel
2738 5639 2992 5697 fortassis
3019 5655 3202 5697 sermo
3234 5648 3321 5695 cst
3347 5638 3416 5696 de
3440 5640 3565 5694 uni-

1990 5736 2186 5795 versali
2216 5748 2508 5804 corporum
2545 5731 2976 5787 resurrectione.
