4064 6452
461 402 567 463 639

1653 391 2036 454 EUTHYMII
2081 389 2438 449 ZlG.\BENl

3608 387 3718 450 640

538 511 696 564 Vens.
733 509 783 562 4.
849 507 1015 560 Verba
1070 507 1371 572 iniquorum
1426 504 1816 570 prwvaluerunt
1872 519 2028 571 super

2185 504 2362 572 Λόγοι
2382 502 2622 570 ἀνόμων
2641 497 3191 569 ὑπερεδυνάμωσαν
3212 498 3460 568 ἡμᾶς.Αἰ
3481 500 3557 562 εἰς
3585 501 3719 552 Θεδν

464 616 577 653 nos.
629 598 987 668 Biasphemim
1036 595 1384 650 inimicorum
1442 610 1578 661 quas
1610 595 1898 650 adversum
1936 608 2034 646 nos

463 699 627 759 atque
678 690 941 744 adversus
989 690 1167 759 ipsum
1216 686 1382 741 Deum
1432 687 1687 751 fundunt,
1733 686 2032 756 praevalne-

465 791 591 835 runt
632 797 797 857 super
849 796 970 846 nos,
1005 781 1108 834 hoc
1152 787 1260 842 est,
1305 787 1694 848 oppresserunt
1730 794 1850 842 nos,
1908 789 2032 828 cum

463 887 572 924 non
617 872 948 925 auderemus
979 872 1379 936 contradicere,
1412 870 1575 924 veluti
1626 870 1768 924 servi
1830 866 2033 921 ellecti.

463 965 564 1029 (Et
597 965 724 1033 quia
761 964 816 1016 in
850 963 1062 1030 Grazco,
1098 979 1196 1034 pro
1244 965 1411 1018 verbo
1437 1004 1451 1027 ,
1503 962 1921 1030 prwvaluerunt,
1959 961 2036 1012 le-

462 1056 660 1122 gimus,
709 1056 1260 1126 ὑπερεδυνὰμωσαν)
1299 1064 1477 1125 potest
1508 1055 1561 1108 id
1611 1053 1836 1107 verbum
1882 1052 2040 1103 aliter

460 1150 683 1217 exponi,
742 1159 801 1203 ut
849 1165 1072 1204 sensum
1131 1149 1293 1203 etiam
1351 1149 1690 1201 contrarium
1747 1145 1930 1208 l‘aeiat,
1985 1150 2040 1197 et

2143 593 2235 645 καὶ
2272 595 2352 654 εἰς
2395 594 2538 662 qui;
2579 590 2918 661 βλασφημίαι
2964 589 3075 643 τῶν
3107 590 3319 661 ἐχθρῶν
3373 588 3514 658 ὑπὲρ
3573 591 3720 659 ἡμᾶς

2141 683 2501 751 ἐδυνήθησαν,
2555 683 2824 746 τουτέστι,
2869 681 3379 735 κατεδυνάστευσαν
3426 679 3606 748 ἡμῶν,
3647 681 3722 749 μὴ

2140 776 2468 846 τολμώντων
2499 778 2795 836 ἀντειπεῖν,
2820 769 2907 828 οἷα
2934 773 3370 841 δεδουλωμένων.
3403 772 3474 824 ’Ἡ
3501 772 3726 824 τούναν-

2144 869 2256 922 τίον
2279 885 2292 898 ⁸
2325 869 2460 922 Δίαν
2492 867 2921 937 ἰσχυροποίησαν
2949 867 3098 936 ἡμᾶς
3123 864 3532 936 θαρρήσαντας,
3551 863 3632 916 ὃτι
3660 861 3724 913 οὐ

2146 959 2398 1029 περιόψει
2445 957 2646 1021 ταύτας
2707 956 3116 1026 ἀνεκδικήτους.
3151 955 3287 1008 Τινὰ
3332 953 3390 1006 δὲ
3419 952 3530 1006 τῶν
3571 952 3725 1005 ἀντι-

2145 1049 2375 1119 γράφων
2428 1046 2990 1114 ὐπερηδυνάμωσαν
3052 1044 3358 1114 γράφουσιν
3391 1084 3405 1109 ,
3467 1044 3496 1096 ὅ
3549 1044 3722 1106 ἐστιν,

2149 1140 2400 1203 ἀσθενεῖς
2429 1139 2695 1204 ἐποίησαν
2724 1140 2870 1208 ἡμᾶς
2883 1176 2897 1191 .

461 1241 732 1293 sententia
773 1241 844 1293 sit
886 1241 1109 1296 :Verha
1179 1240 1492 1309 iniquorum
1533 1238 1692 1291 vanle
1750 1234 1921 1288 fortes
1991 1248 2090 1286 nos
2149 1234 2521 1298 reddiderunt,
2569 1236 2641 1288 ita
2694 1245 2754 1288 ut
2808 1234 3064 1288 fiduciam
3129 1230 3508 1303 praestiterint,
3576 1229 3725 1297 quod

463 1335 608 1389 Deus
675 1333 989 1401 hujusmodi
1061 1335 1294 1402 injurias
1345 1333 1548 1387 inultas
1605 1345 1715 1384 non
1773 1329 2033 1384 dimittet.
2078 1329 2336 1394 Quazdam
2369 1339 2552 1384 autem
2590 1329 2924 1400 exemplaria
2952 1329 3203 1383 habent:

463 1443 581 1480 rum
610 1427 758 1480 valde
785 1426 1024 1495 inﬁrmos
1052 1442 1144 1478 nos
1168 1424 1524 1478 reddiderunt.

536 1518 606 1572 Et
635 1517 993 1583 impietatibus
1024 1519 1223 1571 nostris
1253 1528 1309 1570 tu
1356 1514 1756 1585 propitiaberis.
1802 1512 1910 1573 Tu,
1962 1513 2042 1566 in-

465 1610 601 1680 quit,
639 1609 705 1664 iis
732 1610 985 1679 ignosces
1018 1613 1280 1678 peccatis,
1326 1619 1553 1678 propter
1580 1622 1702 1675 qua!
1731 1622 1831 1661 nos
1856 1604 2037 1660 effecti

465 1715 660 1756 sumus
694 1699 921 1768 captivi,
951 1701 1098 1753 unde
1137 1699 1299 1754 etiam
1332 1698 1594 1753 liberabis
1627 1714 1754 1754 nos.

534 1791 699 1846 Vens.
723 1792 776 1846 5.
813 1791 1007 1845 Beatus
1037 1808 1188 1860 quem
1212 1791 1413 1861 elegisti
1447 1800 1494 1845 et
1529 1792 1864 1858 assumpsisti
1900 1807 1917 1846 :
1946 1791 2044 1844 Ιιαο

467 1884 656 1938 bitabit
704 1887 759 1938 in
808 1886 948 1938 aulis
995 1886 1121 1937 tuis.
1175 1882 1334 1938 Juxta
1389 1899 1610 1938 sensum
1666 1883 1985 1938 historicum
2027 1901 2041 1937 :

3287 1327 3456 1382 Verba
3519 1326 3729 1396 iniquo-

2220 1509 2328 1564 Kal
2362 1507 2492 1573 ταῖς
2518 1507 2862 1570 ἀσθενείαις
2895 1503 3066 1575 ἡμῶν
3094 1503 3177 1557 σὺ
3223 1504 3428 1573 ἱλάσῃ.
3461 1502 3572 1557 Kal
3604 1504 3729 1563 ταῖς

2147 1599 2449 1672 ἁμαρτίαις
2485 1598 2665 1667 ἡμῶν,
2687 1597 2756 1649 δι’
2779 1595 2845 1660 ἃς
2874 1595 3395 1666 ᾑχμαλωτίσθημεν,
3431 1592 3494 1645 σὺ
3518 1609 3728 1660 συγνω-

2152 1692 2429 1779 μονήσεις,
2455 1690 2549 1741 καί
2584 1686 2980 1758 ἐλευθερώσεις
3014 1687 3183 1755 ἡμᾶς.

2219 1778 2524 1850 Μακάριος
2551 1781 2625 1835 ὃν
2663 1780 2926 1844 ἐξελέξω
2956 1778 3053 1832 καί
3087 1778 3490 1844 προσελίίὄου.
3541 1779 3734 1830 Καττι-

2149 1874 2458 1943 σκηνώσει
2489 1875 2558 1926 ἐν
2581 1872 2708 1938 ταῖς
2739 1871 2955 1934 αὐλαῖς
2988 1886 3123 1924 σου.
3163 1869 3301 1922 Καθ’
3327 1868 3568 1937 ἱστορίαν
3611 1867 3735 1935 μὲν,

470 1977 688 2040 Beatus,
721 1976 922 2046 inquit,
957 1975 1269 2031 Judreorum
1304 1977 1536 2045 populus
1563 1975 1653 2045 qui
1688 1991 1753 2030 ex
1785 1976 2040 2029 onuirihus

2163 1968 2393 2038 Ζηλωτὸς
2418 2008 2433 2030 ,
2466 1965 2654 2036 φησὶν,
2690 1966 2718 2018 ὁ
2742 1965 2852 2017 τῶν
2886 1965 3062 2018 ἄλλων
3084 1963 3256 2016 ἐθνῶν
3290 1962 3576 2029 ἐκκλεγεὶς
3605 1959 3736 2022 λαὸς

467 2068 725 2136 gentibus
757 2085 784 2122 a
828 2079 877 2123 te
904 2069 1113 2124 electus
1139 2077 1244 2135 est,
1274 2078 1326 2123 et
1354 2080 1482 2124 tuus
1535 2068 1773 2139 pupulus
1801 2069 2048 2138 appella-

471 2172 582 2213 tur.
618 2162 695 2213 Ex
727 2161 1040 2230 captivitate
1077 2161 1280 2217 etenim
1328 2170 1637 2225 revocatus,
1674 2177 1891 2216 rursmn
1924 2175 2047 2213 cum

476 2252 688 2306 honore
726 2251 999 2306 habitabit
1054 2253 1108 2306 in
1151 2252 1454 2308 Jerusalem
1490 2269 1504 2307 :
1541 2267 1704 2322 quam
1755 2251 1910 2306 aulas
1955 2250 2048 2304 Dei

474 2355 596 2394 esse
627 2341 788 2404 dixit,
839 2349 1064 2410 propter
1101 2343 1522 2397 celeberrimmn
1584 2342 1845 2411 templum
1905 2339 2050 2409 quod

474 2430 528 2482 in
559 2446 622 2484 ea
666 2430 779 2485 Deo
815 2433 1056 2487 dicatum
1102 2441 1241 2487 erat.
1277 2432 1443 2488 Juxta
1486 2449 1766 2504 anagogen
1801 2446 1952 2492 vero,
1986 2431 2052 2484 de

471 2538 614 2577 novo
660 2523 906 2592 loquitur
933 2527 1155 2594 pepulo,
1185 2541 1349 2593 quem
1387 2525 1650 2580 Dominus
1681 2541 1748 2579 ex
1796 2524 2054 2594 gentibus

471 2615 573 2669 sibi
608 2615 660 2668 in
688 2616 1056 2672 hmreditatcm
1093 2619 1299 2688 elegit;
1351 2625 1404 2671 et
1430 2634 1524 2686 per
1561 2620 1714 2671 aulas
1742 2657 1757 2681 ,
1788 2617 2053 2671 ecclesias

475 2706 754 2776 intelligit,
815 2723 936 2776 quae
972 2707 1204 2777 ,ubique
1264 2708 1514 2762 locorum
1576 2706 1800 2760 Christo
1857 2714 2054 2759 erectae

477 2808 626 2851 sunt.
659 2797 888 2869 lntelligi
918 2801 1081 2853 etiam
1118 2811 1350 2870 possunt
1377 2801 1491 2854 haec
1522 2801 1709 2861 verba,
1741 2808 1798 2852 ut
1825 2799 2050 2852 unicui-

473 2898 580 2951 que
617 2893 874 2954 aptentur
908 2886 1077 2950 lideli,
1114 2889 1207 2957 qui
1245 2889 1329 2958 pie
1355 2903 1419 2942 ac
1463 2888 1716 2957 religiose
1744 2889 1914 2953 vivat,
1964 2889 2052 2956 qui

471 2976 682 3032 electus
737 2979 952 3034 dicetur
987 2991 1043 3033 et
1073 2990 1392 3050 assumptus
1417 2981 1482 3034 ad
1507 2982 1787 3034 caelestem
1828 2980 2056 3034 Jerusa-

473 3067 602 3131 lem,
637 3070 726 3123 uhi
759 3073 896 3126 aulm
925 3073 1014 3127 Dei
1051 3083 1181 3127 sunt
1210 3075 1523 3128 mansiones
1547 3073 1845 3142 justorum.

547 3158 720 3216 Vens.
761 3163 815 3216 6.
871 3163 1206 3232 Replebimur
1251 3167 1304 3218 in
1346 3167 1494 3219 bonis
1542 3167 1731 3218 domus
1773 3174 1896 3220 tum.
1952 3167 2060 3220 Per

474 3251 697 3306 domum
735 3254 824 3308 Dei
859 3265 912 3309 et
942 3256 1260 3313 inferiorem
1297 3259 1458 3324 hanc,
1495 3268 1547 3312 et
1573 3272 1864 3326 supernam
1893 3254 2058 3310 Jeru-

2156 2060 2265 2114 τῶν
2305 2058 2599 2118 Ἰουδαίων,
2637 2057 2732 2110 καὶ
2766 2056 2856 2118 σὸς
2884 2055 3234 2125 χρηματίσας
3261 2071 3273 2082 ·
3304 2054 3367 2106 ἐκ
3395 2055 3495 2122 τῆς
3531 2055 3738 2122 αἰχμα-

2155 2151 2358 2213 λωσίας
2389 2150 2497 2218 γὰρ
2528 2148 2763 2217 ἐντίμως
2797 2148 3071 2216 ἀναχθεὶς,
3109 2144 3527 2215 κατασκηνώσει
3569 2143 3735 2196 πάλιν

2157 2245 2216 2296 ἐν
2258 2245 2323 2312 τῇ
2373 2241 2524 2294 πόλει
2583 2257 2677 2293 σου
2738 2240 3120 2309 Ἰερουσαλήμ.
3171 2238 3389 2306 Ταύτην
3418 2237 3528 2307 γὰρ
3563 2235 3736 2296 αὐλὰς

2155 2337 2253 2391 τοῦ
2294 2337 2430 2389 Θεοῦ
2463 2337 2639 2400 καλεῖ,
2674 2334 2762 2389 διὰ
2809 2336 2900 2388 τὶν
2933 2337 2989 2387 ἐν
3033 2334 3171 2404 αὐτῇ
3204 2333 3552 2404 περιώνυμον
3586 2331 3736 2385 ναόν.

2169 2428 2558 2498 Ἀναγωγικῶς
2609 2427 2667 2481 δέ
2711 2426 3007 2481 αἰνίττεται
3049 2425 3140 2479 τὸν
3175 2425 3293 2478 νέον
3341 2424 3490 2486 λαὸν,
3530 2423 3621 2477 τὸν
3681 2422 3742 2488 ἐξ

2159 2523 2332 2576 ἐθνῶν
2402 2522 2698 2588 ἐκλεγέντα
2769 2519 2849 2590 τῷ
2913 2518 3139 2589 Χριστῷ
3202 2519 3285 2581 εἰς
3354 2517 3736 2588 κληρονομίαν.

2159 2617 2337 2680 Am;
2362 2615 2416 2669 δὲ
2443 2612 2608 2670 αὑτοῦ
2656 2613 2756 2678 τὰς
2793 2612 2935 2668 κατὰ
2958 2613 3167 2684 χώραν,
3219 2611 3514 2681 ἐκκλησίας
3541 2609 3742 2670 ὑπολη-

2163 2713 2349 2765 πτέον.
2377 2710 2603 2762 Νοεῖται
2634 2707 2691 2760 δὲ
2729 2705 2824 2760 καὶ
2870 2707 3004 2776 περὶ
3036 2704 3238 2767 παντὸς
3271 2705 3329 2756 ἐν
3363 2700 3616 2771 εὐσεϐείᾳ
3647 2716 3737 2750 τεο

2158 2803 2430 2864 λειοῦντος
2453 2802 2555 2871 τὴν
2599 2800 2767 2870 ζωήν.
2808 2798 3091 2866 Ἐκλεγείς
3123 2797 3231 2867 γὰρ
3261 2793 3740 2867 προσλαμϐάνεται

2160 2899 2239 2959 εἰς
2285 2893 2383 2965 τὴν
2424 2895 2536 2948 ἄνω
2580 2890 2962 2962 Ἰερουσαλὴμ,
2999 2891 3134 2944 ὅπου
3175 2889 3232 2945 αἰ
3279 2887 3437 2942 αὒλαί
3479 2886 3635 2950 εἰσιν,
3683 2883 3740 2936 αἰ

2162 2988 2324 3058 μοναὶ
2354 2986 2463 3039 τῶν
2495 2985 2745 3039 δικαίων.

2233 3171 2714 3238 Πλησθησόμεθα
2749 3170 2820 3223 ἐν
2855 3169 2983 3235 τοῖς
3011 3167 3254 3240 ἀγαθοῖς
3282 3165 3388 3221 τοῦ
3412 3165 3582 3218 οἷκου
3601 3175 3738 3216 σου.

2164 3259 2326 3326 Οἶκος
2355 3261 2492 3315 Θεοῦ
2524 3264 2556 3331 ἡ
2585 3262 2965 3333 Ἰερουσαλὴμ,
2989 3263 3023 3333 ἦ
3041 3279 3102 3314 τε
3134 3261 3285 3315 κάτω
3315 3257 3406 3312 καὶ
3440 3259 3470 3327 ἡ
3497 3257 3627 3317 ἄνω,
3649 3253 3744 3308 καὶ

476 3343 646 3399 salem
685 3347 950 3419 intellige,
999 3357 1052 3404 et
1107 3352 1334 3420 templa,
1387 3367 1509 3420 qum
1550 3350 1755 3418 ubique
1806 3351 2055 3404 locorum

2164 3357 2214 3409 oi
2246 3355 2388 3408 κατὰ
2418 3355 2584 3408 τόπον
2613 3357 2756 3408 ναοί.
2788 3354 2994 3422 ’Λγαθὰ
3025 3355 3081 3408 δέ
3106 3351 3372 3418 αὐτοῦ,τὰ
3404 3349 3522 3402 θεῖα
3546 3347 3748 3416 δόγμα-

477 3447 624 3491 Stllll.
660 3437 805 3493 Bona
836 3449 1019 3494 autem
1061 3443 1255 3508 domus
1291 3444 1380 3496 Dei
1417 3457 1574 3498 sacra
1621 3447 1753 3496 sunt
1777 3442 2054 3510 dogmata,

479 3541 544 3580 ae
593 3538 790 3584 caetera
843 3534 1152 3601 spiritualia
1188 3551 1251 3588 ac
1284 3537 1607 3602 temporalia
1637 3535 1801 3598 bona,
1854 3535 2055 3602 quibus

480 3619 587 3674 lrui
618 3638 681 3677 ac
720 3625 979 3679 delectari
1027 3626 1167 3680 Deus
1205 3627 1522 3682 hominibus
1570 3615 1787 3680 tribui't.
1831 3625 1923 3680 llis
1955 3640 2054 3679 au-

2164 3461 2255 3504 τα,
2296 3444 2389 3496 καὶ
2416 3444 2516 3496 ὅσα
2555 3444 2691 3514 πρὸς
2726 3445 3029 3498 ἀπόλαυσιν
3064 3443 3159 3497 καὶ
3188 3442 3400 3512 τέρψιν,
3444 3435 3540 3505 ὧν,
3589 3439 3745 3508 φησὶ,

2169 3533 2636 3604 πλησθησόμεθα,
2695 3535 3158 3604 ἐλευθερωθέντες
3205 3533 3304 3603 τῆς
3356 3530 3600 3591 δουλείας
3640 3526 3749 3580 τῶν

2161 3626 2394 3697 ἐχθρῶν.

479 3725 587 3768 tem
639 3716 797 3771 bouis
860 3718 1181 3787 replendum
1238 3721 1402 3773 etiam
1458 3719 1719 3790 populum
1772 3717 2050 3788 Propheta
2091 3723 2312 3786 asserit,
2353 3725 2516 3776 simul
2559 3738 2624 3776 ac
2699 3723 2770 3776 ab
2822 3721 3172 3775 inimicorum
3231 3718 3497 3774 servitute
3585 3714 3744 3768 l‘ucri'

479 3811 764 3866 liberatus.

554 3903 814 3958 Sanctum
837 3914 915 3959 est
957 3906 1205 3975 (emplum
1243 3916 1414 3974 tuum,
1443 3906 1689 3961 mirabile
1723 3907 1774 3960 in
1814 3906 2060 3976 justitia.

482 3994 587 4049 Per
618 3996 878 4065 templum
915 3997 1172 4052 similiter
1215 4009 1268 4053 et
1303 3999 1436 4053 illud
1489 3998 1754 4068 intellige,
1789 3999 1934 4067 quod
1983 4007 2068 4053 est

2245 3909 2376 3961 ’Ότι
2429 3913 2461 3963 ό
2502 3910 2651 3974 ναός
2681 3924 2800 3961 σου
2839 3905 3004 3975 ἅγιος
3037 3903 3382 3972 θαυμαστὸς
3429 3901 3499 3954 ἐν
3532 3901 3753 3954 δικαιο-

2166 3999 2357 4068 σύνῃ.
2397 4001 2542 4061 Nato;
2572 3999 2710 4053 Θεοῦ
2744 3999 2927 4061 πάλιν,
2953 4000 2981 4050 ὁ
3013 4001 3069 4050 ἐν
3097 3999 3162 4066 τῇ
3192 3995 3342 4048 κάτω
3374 3991 3752 4061 Ἰερουσαλὴμ,

483 4083 539 4135 in
570 4080 819 4136 inferiori
842 4082 1177 4151 Jerusalem,
1211 4094 1267 4141 et
1299 4087 1443 4156 quod
1477 4088 1530 4141 in
1559 4102 1797 4157 superna
1835 4104 1849 4140 :
1884 4097 1938 4141 et
1963 4088 2060 4142 alia

2163 4093 2263 4145 καὶ
2302 4095 2359 4144 ἐν
2393 4096 2456 4162 τῇ
2496 4093 2608 4147 ἄνω
2637 4133 2650 4157 ,
2693 4093 2788 4146 καὶ
2820 4095 2849 4145 ό
2894 4089 3036 4145 κατὰ
3078 4089 3245 4142 τόπον
3278 4079 3428 4148 οἶκος
3465 4084 3559 4139 τοῦ
3593 4083 3749 4136 Θεοῦ.

481 4173 644 4226 etiam
683 4174 882 4243 templa
918 4190 1040 4245 quae
1072 4177 1237 4231 variis
1273 4178 1460 4231 mundi
1501 4177 1638 4234 locis
1667 4187 1800 4233 sunt
1843 4177 2067 4233 Christo

391 4301 401 4318 .
485 4262 687 4319 dicata.
742 4264 1004 4319 Sanctum
1064 4274 1247 4321 autem
1301 4268 1562 4338 templum
1615 4269 1873 4338 appellat,
1923 4272 2070 4342 quod

485 4354 634 4410 illius
659 4371 780 4411 esse
812 4356 1038 4420 dicitur,
1072 4358 1165 4424 qui
1201 4367 1430 4413 sanctus
1454 4368 1556 4421 est,
1595 4367 1648 4413 et
1679 4361 1806 4428 quia
1845 4363 2065 4432 plenum

486 4455 573 4500 est
617 4448 1004 4503 sanctimonia.
1047 4448 1110 4500 Et
1167 4450 1415 4504 mirabile
1467 4450 1520 4502 in
1555 4451 1792 4519 justitia,
1849 4465 2072 4525 propter

483 4538 670 4609 justas
704 4543 878 4604 viros,
934 4541 1027 4608 qui
1079 4543 1131 4594 in
1186 4557 1252 4593 eo
1288 4551 1602 4597 versantur.
1661 4543 1759 4599 Vel
1805 4549 2068 4618 templum

489 4631 580 4684 Dei
613 4647 738 4686 esse
790 4632 1044 4701 intelligit
1078 4631 1226 4685 viros
1257 4649 1449 4688 omnes
1522 4635 1723 4692 virtute
1787 4640 2066 4708 prmditos,

492 4721 586 4788 qui
641 4720 1012 4774 habitaculum
1086 4721 1177 4776 Dei
1228 4724 1424 4777 merito
1480 4725 1586 4780 dici
1654 4740 1883 4796 possunt

2171 4183 2358 4247 ’Λγιος
2393 4183 2491 4251 μὲν
2523 4177 2638 4245 οὖν,
2669 4181 2746 4243 ὼς
2765 4179 2860 4233 τοῦ
2885 4179 3042 4248 ἁγίου
3074 4175 3219 4238 ναὸς,
3249 4174 3341 4227 καὶ
3369 4175 3446 4233 ὠς
3474 4168 3750 4238 ἁγιασμοῦ

2168 4272 2404 4343 πλήρης.
2436 4273 2764 4342 Θαυμαστὸς
2791 4271 2845 4323 δὲ
2878 4271 2937 4322 ἐν
2981 4272 3045 4340 τῇ
3095 4265 3410 4335 δικαιοσύνῃ
3446 4265 3556 4317 τῶν
3589 4264 3760 4330 ἐμπο-

2177 4365 2544 4433 λιτευομένων
2598 4364 2734 4433 αὐτῇ
2794 4361 3021 4416 δικαίων
3071 4358 3304 4428 ἀνδρῶν.
3347 4357 3414 4408 Ἢ
3465 4354 3591 4407 ναὸν
3621 4351 3758 4405 Θεοῦ

2179 4457 2330 4526 λέγει
2363 4457 2456 4508 τὸν
2509 4457 2787 4524 ἐνάρετον,
2819 4455 2878 4516 ὃς
2911 4455 3059 4506 ἐστιν
3097 4451 3417 4520 οἰκητήριον
3450 4446 3607 4499 Θεοῦ.
3647 4443 3756 4497 Καὶ

2181 4551 2337 4618 ἅγιος
2378 4549 2499 4618 μὲν,
2532 4547 2620 4599 διὰ
2649 4546 2748 4616 τὴν
2776 4546 3001 4614 ἁγνείαν
3036 4545 3147 4598 τῶν
3177 4541 3367 4595 παθῶν
3393 4556 3410 4572 ο
3445 4538 3759 4608 θαυμαστὸς

2180 4643 2258 4706 δὲ,
2291 4643 2382 4693 ἐπὶ
2409 4643 2473 4709 τῇ
2506 4637 2846 4707 δικαιοσύνῃ.

1937 4747 1952 4786 :
2017 4741 2072 4786 et
2112 4735 2289 4787 sancti
2347 4732 2562 4802 quidem
2617 4738 2770 4798 sunt,
2811 4730 2882 4786 ob
2923 4730 3047 4785 vitm
3115 4725 3462 4790 munditiam,
3538 4721 3760 4775 mirabi-

490 4813 569 4865 les
603 4827 732 4866 vero
785 4813 854 4868 ob
883 4827 1153 4868 summam
1195 4813 1559 4884 integritatem
1599 4834 1661 4874 ac
1693 4823 2273 4891 summamjustitiam.

565 4906 736 4960 Vens.
772 4909 825 4961 7.
860 4906 1073 4960 Exaudi
1107 4925 1224 4971 nos,
1269 4909 1425 4975 Deus,
1451 4910 1699 4966 Salvator
1729 4923 1931 4978 noster,
1960 4931 2074 4982 spes
2110 4919 2154 4973 D

492 5003 730 5056 omnium
776 5001 962 5054 finium
1012 5011 1187 5067 terrm,
1222 5011 1503 5070 eteorum,
1541 5006 1631 5075 qui
1677 5007 1733 5060 in
1777 5007 1916 5060 mari
1954 5016 2076 5060 sunt

496 5093 705 5164 procul.
771 5090 868 5146 Est
913 5099 966 5146 et
1017 5091 1132 5147 haec
1182 5095 1463 5164 prophetia
1516 5099 1581 5153 de
1626 5099 1904 5168 gentibus,
1960 5111 2082 5166 quae

495 5186 877 5240 crediderunt.
905 5184 1136 5251 Exaudi,
1171 5188 1368 5256 inquit,
1410 5199 1464 5242 tu
1518 5205 1642 5256 nos,
1677 5191 1769 5260 qui
1806 5189 1859 5243 in
1891 5199 2078 5259 poste-

496 5293 620 5338 rum
653 5277 876 5330 futurus
911 5292 970 5331 es
1010 5277 1252 5332 onmium
1283 5295 1430 5348 spes.
1476 5279 1640 5336 Fines
1685 5290 1865 5335 autem
1924 5289 2084 5334 terra:

498 5367 750 5424 homines
785 5369 1022 5437 appellat
1051 5369 1142 5437 qui
1177 5378 1334 5423 terrae
1368 5371 1502 5424 lines
1536 5371 1812 5424 incolunt.
1853 5369 1960 5422 Per
1985 5383 2082 5424 eos

498 5477 630 5516 vero
681 5477 821 5531 quos
878 5461 932 5514 in
993 5462 1130 5514 mari
1193 5463 1384 5531 procul
1435 5478 1559 5518 esse
1595 5463 1752 5524 dicit.
1800 5463 2092 5516 insulanos

509 5553 792 5621 intelligit.
849 5552 1026 5607 Dictio
1073 5561 1251 5607 autem
1289 5553 1475 5619 procul
1535 5555 1852 5608 distantiam
1887 5569 1981 5607 seu
2012 5553 2096 5606 in-

502 5645 790 5698 tervallum
821 5660 849 5697 a
880 5651 1027 5698 terra
1079 5646 1324 5699 denotat.
1389 5644 1737 5716 [Disjunctm
1777 5645 1919 5701 enim
1966 5655 2094 5701 sunt

505 5733 702 5792 insulse
736 5753 763 5788 a
794 5747 940 5790 terra
981 5735 1340 5807 continenti.]

575 5823 738 5884 Vens.
773 5829 826 5881 8.
866 5826 1184 5894 Prwparans
1229 5838 1430 5881 montes
1488 5830 1540 5882 in
1589 5829 1904 5897 fortitudine
1957 5845 2080 5884 sua.

2253 4915 2641 4969 Ἔπὰκουσον
2693 4911 2882 4981 ἡμῶν,
2930 4914 2963 4966 ὀ
3005 4910 3174 4975 Θεὸς,
3199 4911 3231 4962 ὀ
3255 4907 3458 4975 Σωτὴρ
3486 4903 3677 4976 ἡμῶν,
3725 4906 3764 4972 ῆ

2179 5010 2356 5073 ἐλπὶς
2387 5006 2634 5060 πάντων
2662 5004 2780 5059 τῶν
2812 5003 3086 5071 περάτων
3122 5000 3234 5068 τῆς
3258 4998 3393 5068 γῆς,
3428 4997 3524 5051 καὶ
3553 4997 3671 5050 τῶν
3694 4996 3766 5048 ἐν

2184 5099 2472 5167 θαλάσσῃ
2496 5097 2751 5166 μακράν.
2774 5096 2884 5150 Καὶ
2904 5096 3062 5148 τοῦτο
3085 5094 3390 5165 πρόρρησις
3409 5091 3510 5160 τῆς
3532 5089 3766 5151 πίστεως

2186 5192 2279 5246 τοῦ
2333 5192 2391 5258 ἐξ
2442 5191 2612 5244 ἐθνῶν
2663 5190 2816 5242 λαοῦ.
2867 5188 3227 5250 Ἐπάκουσον,
3280 5185 3469 5256 φησὶν,
3531 5181 3710 5252 ἡμῶν,
3741 5182 3769 5232 ὁ

2190 5283 2420 5354 ὕστερον
2473 5284 2732 5352 ἐσόμενος
2783 5280 2939 5343 ἐλπὶς
2983 5278 3225 5333 πάντων.
3273 5277 3494 5344 Πέρατα
3545 5274 3643 5340 μὲν
3675 5271 3771 5326 οὖν

2190 5378 2292 5444 τῆς
2313 5377 2415 5446 γῆς
2441 5375 2490 5428 οἰ
2511 5374 2579 5427 τὰ
2607 5375 2821 5443 πέρατα
2843 5372 2942 5441 τῆς
2965 5357 3069 5440 γῆς
3097 5366 3375 5429 οἰκοῦντες
3400 5383 3416 5400 ο
3440 5367 3498 5418 ἐν
3523 5364 3770 5434 θαλάσσῃ

2192 5468 2273 5531 δέ,
2304 5468 2399 5519 καὶ
2429 5467 2480 5519 οἱ
2509 5467 2566 5518 ἐν
2600 5467 2722 5527 ταῖς
2753 5465 2973 5532 νήσοις’
3004 5462 3066 5514 τὺ
3099 5461 3154 5512 δὲ
3179 5459 3424 5528 μακρὰν
3483 5456 3772 5529 ἐπίρρημά

2192 5560 2330 5622 ἐστι,
2362 5560 2628 5629 σημαῖνον
2657 5557 2719 5610 τὸ
2748 5555 2940 5626 πόρρω
2972 5553 3074 5621 τῆς
3101 5550 3355 5622 ⁴ἐμπείρου.

2294 5821 2748 5893 Ετειμάζὶυνὸρη
2771 5820 2838 5874 ἐν
2871 5835 2939 5887 τῃ
2972 5817 3140 5885 ισχύῖ
3167 5814 3373 5870 αὑτοῦ.
3397 5811 3529 5882 Περὶ
3559 5810 3654 5878 τῆς
3679 5808 3770 5864 τοῦ
