4064 6426
308 400 429 467 645

1483 418 1631 478 COM
1642 417 1691 476 Μ
1704 414 1871 475 ΕΝΤ.
1918 409 2002 472 ΙΝ
2038 411 2381 479 PSALMOS

3430 434 3561 499 ’646

307 519 509 590 φησιν,
554 519 708 589 ἡμᾶς
747 522 1016 594 ἀνατολὴ
1047 527 1115 591 ἐξ
1164 528 1418 600 ὕψουςγ
1449 532 1548 585 καὶ
1599 531 1880 600 ἑμέθυσιις

2001 532 2054 576 et
2085 539 2279 583 omnes
2316 538 2506 599 gentes
2534 532 2586 586 in
2616 549 2678 589 ea
2710 535 3018 595 habitantes
3059 541 3298 598 visitavit
3324 583 3340 608 ,
3391 556 3446 599 et
3497 549 3565 603 de

302 610 515 675 αὐτὴν
552 610 624 679 τῷ
649 611 778 679 οἴνῳ
799 613 900 683 τῆς
926 618 1293 684 κατανύξεως,
1329 622 1404 684 ὡς
1439 625 1496 675 ἐν
1529 620 1608 692 τῷ
1635 627 1690 685 ς’
1725 626 1892 689 στίχῳ

303 700 413 753 τοῦ
458 701 536 754 νϐ’
565 702 791 772 ψαλμοῦ
822 706 968 760 κατὰ
994 709 1292 782 ἀναγωγὴν
1334 712 1751 783 ὲξηγησάμεθα.
1809 713 1898 767 Ἐ-

308 792 605 861 πλήθυνας
629 798 731 865 τὴν
773 799 1139 870 εὐαγγελικὴν
1179 803 1422 873 ἀρδείαν,
1452 806 1540 858 ἶνα
1597 805 1895 877 πλουτίσης

300 882 415 955 τὴν
457 886 761 958 εἰρημένην
792 889 901 959 γῆν
933 892 1180 961 ἀρεταῖς.
1219 895 1472 964 Ποταμδς
1518 895 1577 949 δὲ
1608 897 1702 950 τοῦ
1756 897 1891 951 Θεοῦ

299 975 334 1026 ὀ
368 974 572 1044 Σωτὴρ
602 976 763 1046 ήμῶν
810 978 1039 1049 Ἰησοῦς.
1081 981 1294 1037 ’Υδατα
1340 983 1399 1061 δὲ
1441 986 1500 1037 αἱ
1556 984 1893 1040 διδασκαλίαι

300 1065 509 1119 αὐτοῦ.
540 1065 654 1121 Τοῦ
671 1070 943 1138 ποταμοῦ
972 1072 1101 1141 γὰρ,
1130 1074 1286 1142 φησὶ,
1328 1074 1401 1129 τὰ
1449 1079 1760 1147 όρμήματα
1795 1082 1894 1134 εὑ-

296 1154 643 1224 ςρραίνουσι
682 1159 799 1227 τὴν
826 1164 1015 1217 πόλιν
1041 1165 1150 1219 τοῦ
1177 1166 1348 1233 Θεοῦ,
1370 1167 1446 1231 ὡς
1468 1170 1526 1222 ὲν
1552 1169 1630 1239 τῷ
1654 1167 1699 1235 ζ’
1726 1172 1892 1242 στίχῳ

299 1248 407 1300 τοῦ
440 1256 529 1320 με’
554 1249 777 1321 ψαλμοῦ
810 1254 1241 1328 προδιελάὼμεν
1267 1276 1283 1290 ·
1315 1260 1425 1313 ἀπὸ
1459 1260 1650 1315 τούτου
1712 1263 1769 1315 δὲ
1796 1262 1890 1317 τοῦ

300 1340 574 1410 ποταμοῦ
607 1342 787 1413 ὀχετοὶ
837 1345 1138 1416 ἐρρύησαν,
1173 1350 1225 1402 0i
1261 1351 1589 1415 ἀπόστολοι,
1638 1354 1732 1408 καὶ
1792 1356 1891 1424 ἥρ-

296 1430 520 1484 δευσαν
552 1433 683 1504 ὅλην
706 1434 804 1505 τὴν
820 1437 1171 1508 οἰκουμένην.
1215 1439 1557 1513 Ἦτοίμασας
1588 1443 1645 1496 δὲ
1671 1444 1769 1513 τὴν
1803 1444 1892 1496 λο-

297 1521 480 1594 γικὴν
505 1523 715 1595 τροφὴν
748 1525 930 1580 αὐτῶν
962 1528 1072 1584 τῶν
1119 1530 1311 1587 ἐθνῶν.
1378 1533 1546 1598 Αὐτὸς
1584 1535 1693 1603 γὰρ
1722 1535 1892 1605 αὐτὴν

302 1615 616 1679 σκευάσας,
639 1616 728 1671 διὰ
750 1617 860 1673 τῶν
891 1619 1212 1690 θεοπρεπῶν
1227 1623 1535 1694 δογμάτων,
1565 1627 1891 1699 παρέδωκας

298 1707 428 1767 τοῖς
459 1706 783 1774 ἀποστόλοις
800 1709 1203 1780 ἐντειλάμενος,
1239 1715 1356 1779 πῶς
1380 1716 1464 1769 δεῖ
1505 1718 1729 1788 τρέφειν
1766 1737 1888 1772 πει-

300 1796 497 1860 νώσας
531 1795 711 1868 ψυχάς
742 1816 759 1831 ο
787 1799 869 1852 ὅτι
892 1799 1068 1864 οὕτως
1095 1804 1245 1856 ἐστὶν
1271 1807 1303 1874 ἡ
1346 1806 1553 1877 ἀληθὴς
1600 1809 1889 1880 ἑτοιμασία

303 1889 416 1958 τῆς
448 1889 713 1960 ἀληθινῆς
754 1890 986 1961 τροφῆς,
1013 1892 1088 1957 ὡς
1115 1894 1278 1957 αὐτὸς
1302 1896 1630 1968 ἡτοίμασας,
1664 1901 1758 1952 καὶ
1787 1902 1886 1953 οὐκ

300 1981 511 2042 ἄλλως.
541 1979 786 2046 Δῦλακες
816 1982 874 2035 δὲ
894 1983 995 2053 τῆς
1010 1984 1346 2059 δηλωθείσης
1366 1992 1490 2058 γῆς,
1524 1991 1590 2043 τά
1613 1991 1748 2061 βάθη
1776 1994 1885 2048 τῶν

300 2073 556 2143 καρδιῶν
581 2073 691 2127 τῶν
720 2073 1048 2146 ἀνθρώπων,
1081 2077 1148 2141 at;
1182 2077 1324 2146 ἄγαν
1358 2080 1886 2154 ἀρδευθῆναιπαρα-

302 2163 492 2228 καλεῖ,
522 2162 602 2227 ὡς
633 2164 1073 2238 ὲκόακχευθῆναι
1104 2170 1243 2239 πρὸς
1269 2171 1359 2224 τὸν
1387 2172 1467 2236 είς
1488 2173 1624 2227 Θεὸν
1681 2175 1880 2245 ἔρωτα,

306 2255 406 2309 καὶ
430 2256 689 2327 ἐκστῆναι
724 2258 827 2327 μὲν
864 2259 1047 2332 πάσης
1074 2261 1444 2334 σκληρότητος
1467 2306 1483 2331 ,
1512 2267 1884 2339 ἀπαλυνθῆναι

312 2347 524 2418 δὶπρὺς
559 2349 896 2422 ἡμερότητα.
924 2352 1245 2425 Γεννήματα
1277 2356 1334 2409 δὲ
1371 2357 1542 2427 αὐτῆς
1573 2360 1629 2411 αἱ
1667 2361 1880 2430 ἀρεταὶ,

324 2441 404 2502 ὡς
438 2442 639 2512 καρπὸς
699 2443 804 2512 τῆς
849 2445 1109 2509 πίστεως.
1156 2447 1428 2516 Σταγόνες
1472 2451 1529 2504 δὲ
1575 2453 1771 2522 αὐτῆς,
1824 2458 1881 2509 αἱ

316 2532 428 2586 ἀπὸ
457 2533 941 2589 τῶνδιδασκαλιῶν
970 2537 1265 2604 στάζουσαι
1288 2540 1526 2610 ψεκάδες
1579 2547 1681 2615 τῆς
1732 2546 1883 2602 διδα-

304 2628 414 2694 xii:
434 2642 448 2656 '
479 2626 513 2695 ἢ
542 2625 637 2679 καὶ
664 2625 735 2680 τὰ
766 2627 878 2681 ἀπὸ
925 2628 1035 2683 τῶν
1058 2630 1221 2686 θείων
1246 2633 1479 2703 Γραφῶν
1505 2636 1882 2708 ὲκσταζόμενα

296 2715 581 2786 νοήματα,
611 2713 649 2770 ἃ
680 2721 773 2771 καὶ
810 2717 886 2782 ὡς
930 2718 1118 2790 δρόσος
1161 2723 1459 2791 πιαίνουσι,
1510 2726 1601 2794 ὑφ’
1661 2724 1736 2783 ὧν
1789 2732 1881 2784 εὑ-

297 2809 686 2880 φρανθήσεται
727 2808 1001 2865 θάλλουσα
1023 2812 1117 2865 καὶ
1154 2813 1497 2890 αὐξανομένη
1520 2834 1533 2848 ·
1575 2820 1672 2872 καὶ
1702 2823 1885 2875 ἐνιαυ-

292 2905 391 2966 τὸς
418 2904 526 2973 μὲν
553 2904 941 2974 χρηστότητος,
979 2907 1007 2958 ὁ
1044 2908 1414 2977 χρηστότατος
1444 2911 1637 2983 καιρὸς
1667 2913 1761 2966 τοῦ
1788 2931 1882 2987 κη-

291 2995 612 3066 ρῦγματος.
648 2996 921 3065 Στέφανος
944 2996 1001 3051 δὲ
1024 2998 1194 3053 αὑτοῦ
1221 3001 1250 3054 ό
1271 3001 1535 3072 Χριστὸς,
1563 3002 1639 3068 ὡς
1671 3007 1881 3077 κοσμή-

294 3105 403 3152 σας
430 3089 532 3141 καὶ
562 3089 917 3159 καθωραῖσας
943 3090 1108 3146 αὐτὸν
1133 3093 1192 3147 ἐν
1226 3092 1375 3166 ἔργῳ
1408 3096 1504 3149 καὶ
1532 3094 1698 3168 λόγῳ.
1737 3100 1881 3170 Πρὸς

1998 631 2107 684 quo
2137 619 2342 674 dictum
2375 632 2461 677 est
2487 629 2629 693 quod
2665 626 2906 684 Visitat-it
2936 649 3030 687 nos
3053 636 3225 689 oriens
3253 653 3318 691 ex
3354 638 3467 694 alto
3495 640 3563 706 "';

1997 709 2091 776 qui
2117 712 2279 764 etiam
2308 713 2599 770 inebriavit
2618 727 2817 774 terram
2852 723 2976 778 vino
2996 725 3088 778 illo
3103 729 3566 796 compunctionis,

1997 797 2066 852 de
2100 816 2208 867 quo
2270 805 2328 858 in
2386 819 2543 863 sexto
2602 814 2875 868 versiculo
2932 816 3175 870 diximus
3222 820 3417 886 psalmi
3446 837 3557 885 LIX,

1998 906 2222 949 sensum
2259 899 2536 955 tradentes
2603 906 2978 975 anagogicnm.
3023 910 3395 980 Multiplicavit
3423 931 3565 985 pra"—

1997 994 2143 1041 terea
2194 992 2567 1063 irrigationem
2598 999 2962 1066 evangelicam
2986 1039 3002 1063 ,
3037 1012 3097 1055 ut
3133 1011 3332 1058 terram
3386 1006 3562 1067 illam,

1996 1093 2161 1145 quam
2214 1082 2508 1151 diximus,
2568 1088 2830 1140 virtutum
2897 1088 3166 1146 fructibus
3222 1093 3563 1151 fecundaret.

1993 1168 2225 1226 Flumen
2261 1184 2445 1229 autem
2509 1178 2601 1232 Dei
2655 1179 2910 1234 Salvator
2943 1191 3130 1235 noster
3167 1192 3246 1237 est
3272 1184 3431 1239 Jesus
3457 1226 3472 1251 ,
3508 1197 3565 1241 et

1995 1277 2152 1331 aqua:
2206 1264 2448 1323 ﬂuminis
2519 1270 2850 1340 multiplices
2901 1282 3033 1327 sunt
3109 1274 3232 1343 ejus
3280 1277 3565 1333 doctrinae.

1993 1351 2261 1410 Fluminis
2295 1360 2479 1425 enim,
2513 1362 2725 1431 inquit,
2771 1365 2991 1431 impetus
3023 1366 3260 1437 laetificat
3304 1370 3567 1424 civitatem

1992 1442 2110 1510 Dei,
2143 1448 2600 1515 quemadmodum
2642 1453 2694 1505 in
2748 1468 2850 1507 xu
2908 1456 3158 1524 psalmo,
3203 1458 3474 1513 versiculo
3510 1459 3565 1527 7,

1992 1534 2414 1595 declaravimus.
2452 1542 2537 1596 Ab
2568 1543 2673 1598 hoc
2700 1544 2927 1602 ﬂumine
2963 1549 3123 1604 rivuli
3159 1551 3378 1619 quidam
3401 1552 3570 1608 deﬁu-

1992 1642 2224 1697 xerunt,
2256 1637 2428 1688 sancti
2468 1636 2729 1692 nimirum
2778 1642 3045 1708 apostoli,
3099 1644 3194 1713 qui
3251 1647 3563 1701 universam

1990 1727 2340 1791 postmodum
2360 1738 2560 1784 terram
2583 1730 2905 1802 irrigarunt.
2927 1731 3007 1787 Tu
3030 1736 3192 1789 etiam
3223 1740 3563 1805 praeparasti,

1992 1817 2190 1885 inquit,
2225 1819 2546 1874 rationalem
2581 1823 2800 1885 cibum,
2873 1824 3048 1880 sacris
3096 1840 3161 1880 ac
3217 1826 3418 1882 divinis
3465 1827 3568 1883 do—

1989 1908 2265 1977 gmatibus
2283 1911 2391 1965 tuis
2414 1911 2747 1981 confectum,
2771 1923 2822 1969 et
2838 1915 3112 1971 tradidisti
3135 1933 3259 1971 eum
3278 1921 3563 1988 apostolis,

1988 2000 2210 2054 modum
2245 2003 2499 2057 nimirum
2537 2018 2601 2058 ac
2629 2006 2893 2061 rationem
2927 2008 3128 2062 docens
3155 2051 3168 2072 ,
3202 2010 3403 2076 quibus
3428 2027 3560 2067 esu-

1989 2092 2189 2147 rientes
2225 2109 2445 2162 pascere
2496 2096 2710 2152 animas
2754 2107 3078 2167 oporteret:
3131 2102 3390 2170 quoniam
3448 2109 3561 2160 veri

1987 2187 2099 2239 cibi
2135 2191 2463 2255 praeparatio
2518 2189 2833 2258 hujusmodi
2893 2201 3017 2258 cst,
3079 2201 3137 2247 ιιι
3191 2209 3258 2248 eo
3303 2196 3560 2250 nimirum

1988 2279 2150 2332 modo
2190 2279 2535 2347 conﬁciatur,
2568 2297 2677 2350 quo
2705 2291 2760 2337 tu
2799 2287 3119 2355 praeparasti
3146 2296 3201 2340 et
3241 2303 3350 2342 non
3383 2288 3562 2344 aliter.

1985 2366 2089 2422 Pcr
2116 2369 2301 2424 sulcos
2331 2371 2492 2425 etiam
2538 2372 2684 2425 illius
2715 2380 2874 2427 terrae
2899 2412 2915 2436 ,
2953 2374 3222 2444 profunda
3276 2376 3558 2431 hominum

1985 2459 2151 2513 corda
2189 2461 2543 2531 intelligimus
2580 2478 2759 2533 :qnos
2781 2465 2968 2520 sulcos
2997 2465 3132 2520 adeo
3159 2466 3375 2537 irrigari
3405 2469 3562 2538 jubet

1984 2547 2277 2618 Propheta,
2309 2560 2367 2604 ut
2402 2552 2590 2606 divino
2620 2568 2807 2609 amore
2838 2555 3213 2619 inebrientur,
3263 2566 3432 2627 utque
3488 2560 3557 2614 ab

1984 2642 2132 2698 omni
2164 2641 2423 2697 recedant
2462 2643 2689 2707 duritie.
2713 2655 2769 2699 et
2799 2645 2865 2699 ad
2901 2647 3375 2702 mansuetudinem
3422 2650 3563 2703 ntol-

1983 2731 2206 2786 liantnr.
2237 2732 2494 2802 Εμιειιριιι
2532 2746 2795 2804 praeterea
2830 2739 3076 2806 germina
3140 2741 3372 2797 virtutes
3404 2751 3557 2808 sunt,

1984 2823 2150 2877 veluti
2180 2826 2573 2894 elegantissimi
2627 2828 2750 2883 ﬁdei
2800 2828 3056 2896 fructus;
3109 2840 3162 2886 ct
3206 2845 3389 2902 guttas
3437 2834 3560 2903 ejus

1983 2928 2078 2968 eas
2110 2930 2234 2971 esse
2274 2917 2647 2988 intelligimus,
2676 2936 2797 2989 quae
2830 2935 2859 2974 a
2890 2920 3140 2976 doctrina
3197 2938 3368 2977 sacra:
3423 2925 3555 2981 stil-

1984 3007 2098 3060 lant
2129 3008 2435 3078 disciplinae
2458 3049 2473 3072 ,
2505 3010 2587 3063 vel
2616 3012 2968 3069 sublimiorcs
3023 3030 3216 3070 sensus
3268 3030 3297 3068 a
3356 3016 3563 3071 divinis

1982 3105 2301 3152 emanautcs
2349 3097 2694 3168 Scripturis,
2736 3104 2828 3171 qui
2886 3104 3029 3158 roris
3079 3105 3256 3159 instar
3313 3104 3556 3161 ﬁdelium

288 3182 393 3233 τὸν
425 3178 653 3249 Πατέρα
678 3178 736 3233 δὲ
756 3179 849 3233 τὸν
878 3179 1038 3250 λόγον
1095 3182 1354 3248 ἀνοίσεις,
1396 3185 1478 3239 ὅτι
1536 3187 1877 3259 εὐλογήσεις,

1984 3184 2198 3240 animas
2233 3186 2602 3258 impinguant,
2635 3200 2687 3244 et
2717 3200 2979 3261 praeterea
3009 3196 3213 3263 quibus
3245 3204 3388 3251 terra
3425 3197 3515 3251 illa
3536 3235 3558 3263 ,

290 3275 322 3324 ὃ
385 3273 566 3334 ἐστιν,
621 3269 968 3343 εὐφημήσεις
1022 3275 1119 3327 καὶ
1174 3274 1506 3340 ἐπαινέσεις.
1561 3278 1717 3331 Οὕτω
1771 3280 1878 3350 γὰρ

290 3368 398 3417 καὶ
473 3364 785 3430 πεποίηκεν
848 3365 1061 3418 είπών·
1127 3362 1318 3433 Οὗτός
1377 3368 1550 3422 ἐστιν
1633 3374 1667 3424 d
1748 3373 1880 3438 Υἱός

280 3474 414 3525 μου
478 3459 516 3511 ὁ
578 3456 907 3526 ἀγαπητὸς,
964 3457 1034 3511 ἐν
1096 3452 1144 3526 ᾧ
1209 3460 1551 3529 ηὐδόκησα.
1611 3466 1746 3536 Περὶ
1820 3468 1879 3521 δὲ

284 3548 413 3601 τῶν
444 3547 673 3614 πεδίων,
702 3549 798 3602 καὶ
831 3548 939 3602 τῶν
993 3549 1222 3619 βουνῶν,
1261 3552 1356 3604 καὶ
1425 3554 1536 3607 τῶν
1614 3557 1878 3612 κοιλάδων

284 3639 460 3709 ἁπλῷ
495 3638 648 3710 λόγῳ
698 3640 901 3708 φαμὲν,
958 3642 1040 3695 ὅτι
1101 3644 1464 3716 προαγορεύει
1532 3646 1593 3701 τὸ
1652 3649 1878 3718 Πνεῦμα

285 3733 357 3785 τὸ
432 3731 601 3800 ἅγιον
637 3733 713 3794 ὡς
762 3731 873 3800 ἄρα
938 3734 1047 3796 πᾶς
1127 3735 1294 3799 τόπος
1365 3737 1685 3804 ὑποδέξεται
1750 3743 1879 3806 τοὺς

286 3824 561 3887 πιστούς.
593 3823 674 3877 Τὰ
715 3824 873 3877 πεδία
917 3826 1038 3896 μὲν,
1089 3828 1219 3891 τοὺς
1274 3829 1569 3899 κληρικοὺς
1621 3833 1727 3886 τῶν
1783 3836 1878 3887 ὲκ-

290 3914 559 3985 κλησιῶν
591 3931 607 3947 ·
637 3915 708 3970 τά
731 3916 835 3987 ὅρη
856 3917 936 3982 δὲ,
964 3918 1093 3982 τοὺς
1164 3921 1532 3992 άναχωρητάς
1556 3940 1571 3955 ο
1633 3927 1691 3978 αἰ
1769 3944 1883 3980 κοι-

283 4008 461 4069 λάδες
509 4006 590 4070 δὲ,
638 4007 761 4071 τοὺς
808 4008 1192 4076 σπηλαιώτας·
1253 4012 1303 4065 οἳ
1366 4014 1464 4068 καὶ
1509 4016 1703 4087 πιότης
1765 4021 1878 4083 τοῖς

282 4097 569 4161 τοιούτοις
597 4096 811 4152 ἔσονται
846 4101 1056 4166 τόποις,
1092 4103 1187 4155 καὶ
1209 4103 1552 4171 ἀγαλλίασις,
1583 4108 1678 4160 καὶ
1706 4111 1876 4172 σῖτοςο

286 4185 426 4244 Εἶεν
455 4189 506 4242 δ’
537 4188 605 4243 ἂν
631 4190 725 4243 καὶ
741 4190 917 4255 ἄλλως
948 4195 1106 4247 πεδία
1137 4196 1256 4266 μὲν,
1288 4199 1343 4250 at
1372 4200 1635 4252 ταπειναὶ
1682 4201 1875 4271 ψυχαὶ,

284 4284 376 4352 τῷ
404 4281 584 4351 μηδὲν
614 4284 835 4352 φρονεῖν
864 4283 1069 4355 ὑψηλόν
1104 4301 1119 4316 ⁸
1167 4286 1269 4360 δρη
1327 4289 1408 4355 δὲ,
1460 4292 1517 4344 αἱ
1563 4294 1877 4363 ἐπηρμέναι

280 4376 360 4443 τῇ
402 4373 615 4443 ματαίᾳ
639 4373 802 4444 σοφίᾳ
827 4391 841 4405 ·
876 4375 1123 4439 κοιλάδες
1149 4377 1226 4445 δὲ,
1256 4379 1314 4433 αί
1337 4382 1419 4445 είς
1471 4382 1634 4452 βάθος
1692 4386 1877 4457 ἁμαρ-

281 4463 431 4518 τιῶν
458 4465 927 4538 κατολισθήσασαι
960 4486 976 4501 ·
1012 4469 1194 4540 ὡραῖα
1218 4470 1274 4525 δὲ
1327 4473 1426 4543 τῆς
1491 4480 1617 4530 κατ’
1671 4481 1875 4550 ἀρετὴν

278 4557 514 4626 ἐρήμου
548 4556 678 4626 γῆς,
701 4558 756 4610 αἱ
787 4559 1087 4632 ἐπιτήδειοι
1112 4560 1286 4632 ψυχαὶ¹
1310 4564 1447 4635 πρὸς
1471 4570 1870 4641 καρποφορίαν·

277 4647 446 4710 κριοὶ
475 4645 535 4697 δὲ
566 4646 677 4699 τῶν
701 4648 1019 4719 προϐάτων,
1064 4652 1114 4703 οἱ
1165 4653 1478 4722 ἀπόστολοι,
1530 4658 1606 4721 ὡς
1657 4660 1877 4732 ἔξαρχοι

278 4736 405 4789 τῶν
470 4736 712 4805 λογικῶν
780 4738 877 4792 τοῦ
934 4741 1180 4808 Χριστοῦ
1259 4744 1620 4817 θρεμμάτων,
1682 4752 1733 4805 οἳ
1782 4755 1876 4808 καὶ

273 4825 624 4881 ἐνεδύσαντο
667 4828 769 4898 τὴν
794 4827 958 4900 χάριν
996 4829 1090 4883 τοῦ
1119 4832 1292 4900 ἁγίουΔ
1339 4836 1674 4907 Πνεύματος,
1708 4842 1766 4894 ὲν
1799 4842 1876 4913 τῷ

271 4916 474 4987 καιρῷ
495 4917 594 4987 τῆς
620 4918 1028 4989 Πεντηκοστῆς,
1073 4922 1216 4976 κατὰ
1237 4923 1299 4977 τό
1318 4941 1332 4955 ο
1380 4926 1579 4995 Ὑμεῖς
1616 4929 1686 4983 δὲ
1724 4936 1868 4988 καθ-

268 5013 463 5063 ἰσατε
512 5008 584 5063 ἐν
619 5007 696 5077 τῇ
741 5010 915 5065 πόλει
958 5011 1369 5084 Ἰερουσαλὴμ,
1396 5016 1509 5083 ἕως
1549 5017 1627 5073 ἂν
1688 5020 1867 5077 ἐνδύ-

268 5098 489 5162 σησθε
517 5093 778 5166 δύναμιν
808 5098 878 5162 ἐξ
926 5099 1127 5167 ὕψους
1146 5117 1160 5130 ·
1191 5101 1226 5172 ἧ
1254 5105 1347 5156 καὶ
1379 5105 1429 5157 oi
1476 5107 1618 5160 κατὰ
1665 5109 1866 5176 τόπους

271 5186 582 5238 ἐπίσκοποι
601 5186 697 5239 καὶ
723 5185 911 5256 ἱερεῖς,
946 5188 997 5240 οἳ
1031 5188 1349 5245 ἐνεδύσαντο
1400 5193 1492 5248 διὰ
1543 5195 1638 5248 τοῦ
1667 5196 1864 5267 βαπτί-

274 5293 503 5345 σματος
533 5278 625 5329 τὸν
654 5277 895 5332 Χριστόν
918 5295 932 5308 ·
967 5280 1144 5334 ’Ὅσοι
1172 5284 1301 5352 γὰρ,
1337 5287 1529 5354 φησιν,
1590 5290 1678 5354 εἰς
1723 5291 1861 5357 Χρι-

274 5365 441 5421 στὸν
474 5366 900 5438 ἐϐαπτίσθητε,
924 5370 1186 5438 Χριστὸν
1204 5374 1603 5433 ἐνεδύσασθε.
1635 5380 1756 5451 Χρὴ
1808 5380 1863 5434 δὲ

273 5461 381 5511 καὶ
419 5457 581 5511 τοῦτο
612 5462 812 5525 εἰπεῖν,
843 5461 927 5513 ὅτι
957 5460 1057 5531 οὐχ
1090 5464 1421 5534 εὑρίσκομεν
1457 5469 1578 5521 καθ’
1617 5473 1862 5542 ἱστορέαν

272 5551 545 5624 τοιαύτης
570 5553 906 5621 ἀξιωθέντας
936 5553 1225 5626 εὐετηρίας
1277 5559 1403 5622 τοὺς
1462 5563 1861 5641 ἐπανελθόντας

383 5820 427 5851 ³⁸
460 5819 591 5878 Luc.
649 5838 691 5888 ι,
739 5820 833 5877 78.
911 5824 954 5855 ¹’
993 5825 1181 5881 Matth.
1246 5843 1328 5893 ttt,
1370 5826 1451 5891 l7,

1986 3289 2151 3343 quam
2181 3277 2415 3333 dicimus
2439 3322 2456 3347 ,
2487 3281 2804 3349 germinans
2835 3284 3129 3339 laetabitur.
3180 3287 3374 3342 Annus
3424 3286 3554 3340 item

1985 3363 2335 3436 benignitatis
2389 3374 2657 3442 optimum
2695 3376 3101 3445 praedicationis
3138 3385 3354 3446 tempus
3383 3377 3558 3448 signi-

1985 3468 2132 3531 ﬁcat,
2168 3464 2328 3534 cujus
2361 3465 2489 3519 anni
2547 3480 2751 3520 corona
2804 3465 3059 3523 Christus
3111 3475 3235 3531 est,
3290 3484 3358 3523 co
3404 3468 3551 3539 quod

1983 3555 2157 3624 ipsius
2194 3564 2402 3609 tantum
2433 3555 2639 3610 Christi
2668 3558 3020 3614 sermonibus
3074 3567 3239 3629 atque
3273 3562 3554 3629 operatio-

1980 3647 2145 3702 nibus
2174 3646 2579 3716 praedicationis
2610 3658 2824 3718 tempus
2854 3657 3105 3712 ornatur,
3136 3667 3199 3706 ac
3228 3652 3556 3707 decentissi-

1982 3756 2130 3795 mum
2171 3741 2435 3795 redditur.
2480 3741 2603 3797 litec
2637 3751 2817 3795 autem
2848 3743 3011 3798 verba
3043 3745 3109 3798 ad
3143 3743 3357 3799 Patrem
3410 3744 3556 3800 reie-

1980 3831 2149 3885 renda
2181 3841 2310 3886 sunt
2351 3848 2365 3884 :
2404 3831 2506 3895 Tn,
2541 3833 2738 3901 inquit,
2773 3832 2950 3899 Pater,
2984 3834 3033 3887 ei
3078 3834 3370 3890 benedices
3397 3874 3412 3894 ,
3455 3835 3559 3890 hoe

1980 3932 2090 3988 est,
2122 3924 2376 3979 laudabis
2405 3940 2552 3990 eum,
2589 3925 2736 3980 sicut
2779 3933 2833 3979 et
2868 3926 3062 3981 t'ecisse
3097 3940 3223 3981 eum
3281 3927 3510 3997 legimus
3534 3965 3555 3995 ,

1978 4016 2199 4084 quando
2239 4016 2315 4068 ait
2345 4032 2359 4068 :
2394 4017 2498 4069 Hic
2529 4026 2606 4070 est
2642 4013 2819 4071 Filius
2872 4034 3018 4072 meus
3071 4018 3328 4084 dilectus,
3357 4021 3413 4073 in
3451 4035 3556 4089 quo

1982 4106 2112 4158 mihi
2136 4106 2432 4174 complacui
2464 4108 2529 4160 “.
2569 4105 2646 4161 De
2678 4109 2888 4176 campis
2927 4117 3106 4164 autem
3132 4146 3148 4173 ,
3182 4111 3551 4180 collibusque,

1978 4204 2034 4252 et
2072 4197 2326 4261 vallibus,
2360 4196 2414 4251 in
2451 4213 2663 4252 summa
2689 4198 2749 4256 id
2801 4198 3092 4254 dicendum
3121 4201 3372 4265 videtur,
3407 4204 3555 4271 quod

1981 4287 2242 4342 universo
2277 4286 2370 4342 illo
2399 4303 2653 4343 sermone
2681 4290 2859 4345 sancti
2899 4288 3135 4359 Spiritus
3192 4294 3556 4347 annuntiatur

1979 4380 2269 4445 adventus,
2301 4394 2367 4434 eo
2399 4381 2544 4451 quod
2569 4419 2585 4446 ,
2612 4382 2935 4439 adveniente
2964 4383 3194 4454 Spiritu,
3222 4387 3339 4440 loca
3360 4388 3544 4440 omnia

1982 4471 2233 4527 ﬁdelibus
2250 4474 2505 4542 replenda
2529 4482 2686 4528 erant
2706 4491 2719 4527 :
2738 4476 2916 4544 campi
2949 4475 3168 4545 quidem
3191 4477 3548 4532 ecclesiarum

1979 4564 2284 4632 ministris;
2316 4555 2531 4622 montes
2562 4574 2765 4633 autem,
2795 4567 3185 4635 anachoretis;
3221 4570 3392 4623 valles
3420 4585 3556 4624 vero

1975 4657 2045 4712 iis
2066 4660 2274 4714 sanctis
2299 4658 2392 4729 qui
2428 4659 2677 4714 habitant
2700 4659 2754 4714 in
2805 4659 3104 4730 speluncis.
3136 4659 3340 4717 Omnes
3372 4670 3553 4716 autem

1977 4749 2294 4818 huiusmodi
2327 4751 2512 4807 ﬁdeles
2541 4752 2816 4822 pinguedo
2833 4752 3081 4821 quaedam
3104 4762 3159 4808 et
3186 4752 3444 4810 fertilitas
3466 4755 3553 4810 his

1979 4841 2116 4898 locis
2151 4842 2315 4897 futuri
2346 4853 2522 4912 erant,
2552 4855 2607 4900 et
2628 4845 3053 4901 exsultationem
3079 4853 3244 4916 atque
3268 4847 3556 4903 abundan-

1984 4935 2116 4988 tiam
2152 4935 2471 5002 prtestituri.
2514 4934 2612 4990 Vel
2652 4936 2811 4992 aliter
2837 4977 2853 5004 ,
2878 4953 2976 5007 per
3008 4952 3234 5009 campos
3263 4978 3281 5005 ,
3316 4939 3554 4995 humiles

1974 5027 2186 5080 animas
2218 5026 2521 5096 intelligere
2552 5044 2870 5096 possumus,
2897 5046 3017 5099 qure
3039 5031 3275 5086 sublime
3297 5030 3437 5084 nihil
3457 5045 3556 5084 co-

1973 5115 2145 5184 gitant
2203 5133 2219 5173 :
2270 5128 2326 5171 et
2379 5132 2475 5186 per
2506 5128 2721 5174 montes
2755 5159 2771 5184 ,
2803 5119 3063 5175 elatiores
3100 5121 3237 5175 alias
3264 5158 3280 5182 ,
3317 5135 3439 5189 quae
3476 5121 3547 5173 ad

1974 5208 2166 5264 inanes
2192 5207 2472 5263 doctrinas
2500 5219 2556 5263 et
2601 5212 2667 5264 ad
2702 5213 3031 5266 exteriorem
3065 5210 3205 5266 hanc
3237 5211 3424 5265 mundi
3457 5227 3552 5263 sa-

1971 5299 2230 5368 pientiam
2262 5300 2486 5354 elevatae
2507 5310 2637 5355 sunt
2666 5317 2681 5367 ;
2720 5316 2815 5370 per
2842 5300 3011 5353 valles
3038 5315 3190 5363 vero,
3215 5299 3547 5367 dejectiores

1972 5391 2235 5460 quasdam
2270 5392 2483 5447 animas
2511 5433 2526 5457 ,
2553 5407 2673 5461 quae
2732 5392 2785 5445 in
2819 5389 3149 5461 profundum
3191 5399 3539 5457 peccatorum

1971 5485 2241 5552 prolapsa:
2277 5491 2425 5539 sunt.
2476 5484 2731 5555 Speciosa
2773 5493 2952 5537 autem
2999 5482 3142 5536 illius
3193 5491 3389 5546 terrae,
3421 5499 3547 5552 qua:

1971 5574 2188 5630 deserta
2220 5590 2339 5631 esse
2371 5575 2572 5632 dicitur
2605 5575 2901 5630 virtutibus
2935 5614 2950 5639 ,
2989 5573 3185 5628 animae
3223 5571 3329 5626 illa:
3360 5583 3487 5629 sunt
3520 5612 3539 5638 ,
