4064 6438
488 422 595 486 647

1712 411 2092 475 EUTIIYMII
2129 410 2491 479 ZIGABENI

3649 392 3756 470 διε

489 547 631 604 quas
665 538 821 602 aptas
853 539 1018 600 atque
1053 528 1280 586 idoneas
1304 541 1428 584 esse
1458 526 1696 582 dicimus
1729 525 1794 579 ad
1815 526 2070 579 ferendos

2213 545 2237 580 κ
2295 527 2636 588 Βαϐυλῶνος.
2694 526 2803 580 Καὶ
2849 524 3036 578 λοιπον
3115 522 3343 594 ἁρμόζει
3384 521 3460 591 τῷ
3492 521 3590 590 τῆς
3624 523 3758 573 ἀνα-

488 625 728 676 fructus.
763 624 976 677 Arietes
1006 623 1171 676 etiam
1203 623 1413 684 ovium,
1445 619 1678 690 apostoli
1708 629 1858 680 sunt,
1901 619 2068 672 veluti

2216 636 2388 680 ωγης.

488 635 728 676 fructus.
763 635 976 677 arietes
1006 635 1171 676 etiam
1203 636 1413 684 ovium,
1445 635 1678 690 aposwu
1708 635 1858 680 sunt,
1901 635 2068 672 vetuit
2179 635 2388 687 γωγης.

488 714 664 768 duces
716 712 939 780 quidam
990 726 1055 766 ac
1108 707 1409 781 principes:
1461 707 1810 762 rationalium
1865 706 2073 760 Christi
2116 711 2341 777 gregum
2386 727 2398 760 :

2443 708 2536 774 qui
2586 706 2788 760 arietes
2832 705 3009 760 induti
3083 712 3212 759 sunt
3288 706 3466 760 sancti
3521 704 3760 774 Spiritus

491 808 744 882 gratiam,
773 822 896 875 quae
937 807 991 859 in
1023 806 1111 860 die
1178 804 1533 858 Pentecostes
1582 803 1636 856 in
1706 816 1905 856 omnes
1955 801 2144 856 ﬁdeles
2182 800 2380 855 diﬂnsa
2415 809 2547 860 est:
2593 800 2746 868 juxta
2796 800 2943 868 quod
2994 799 3229 869 legimus
3288 797 3354 850 ad
3396 813 3492 852 eos
3542 798 3754 850 dictutn

492 899 662 954 fuisse
707 914 737 953 a
786 898 1019 952 Domino
1063 915 1077 950 :

1148 895 1248 949 Vos
1295 905 1470 948 autem
1521 895 1693 947 sedete
1738 895 1792 946 in
1839 895 2050 947 civitate
2087 893 2414 958 Jerusalem,
2480 893 2646 946 donec
2697 893 3003 946 induamini
3044 893 3334 959 potentiam
3374 907 3440 944 ea:
3489 888 3598 942 alto
3669 887 3758 927 "'-

498 993 591 1045 Vcl
627 991 871 1059 episcopi
899 999 953 1044 et
979 990 1294 1044 sacerdotes
1325 1031 1340 1053 ,
1397 987 1490 1056 qui
1534 986 1741 1057 ubique
1794 994 2068 1041 terrarum
2111 998 2239 1042 sunt
2268 1027 2284 1054 ,
2325 987 2533 1057 quique
2602 988 2903 1041 induerunt
2979 987 3264 1042 Christum
3322 1001 3416 1056 per
3465 985 3763 1054 baptisma.

496 1081 806 1151 Quicunque
828 1083 998 1143 enim,
1031 1079 1228 1149 inquit,
1258 1080 1311 1132 in
1333 1077 1608 1132 Christum
1665 1076 1925 1144 baptizati
1996 1078 2145 1138 estis,
2188 1077 2461 1130 Christum
2506 1077 2756 1131 induistis
2803 1079 2876 1130 δ’.
2914 1078 3048 1131 illud
3083 1079 3246 1130 etiam
3292 1076 3477 1129 dicere
3515 1085 3762 1149 oportet,

498 1173 644 1241 quod
684 1172 872 1226 nullibi
908 1174 960 1224 in
1007 1170 1236 1225 historia
1283 1171 1589 1238 reperimus
1615 1208 1630 1234 ,
1664 1169 1811 1237 quod
1850 1171 2086 1237 populus
2125 1169 2218 1238 qui
2245 1185 2309 1224 ex
2350 1161 2626 1241 Babylone
2695 1185 2951 1225 reversus
3017 1178 3124 1231 est,
3187 1168 3504 1238 hujusmodi
3583 1171 3761 1223 abun-

496 1272 741 1326 dantiam
777 1269 1031 1322 habuerit
1065 1285 1080 1320 :
1117 1284 1180 1321 ex
1215 1283 1323 1334 quo
1352 1269 1600 1336 sequitur
1622 1307 1638 1333 ,
1685 1269 1830 1336 quod
1878 1271 2211 1338 anagogicus
2241 1284 2439 1324 sensus
2471 1269 2597 1322 huic
2630 1271 2842 1338 psalmo
2868 1271 3041 1339 magis
3064 1283 3366 1337 congruere
3390 1268 3620 1322 videtur.

627 1361 695 1415 1η
732 1362 889 1430 linem
927 1362 1192 1413 canticum
1230 1359 1420 1427 psalmi
1456 1359 1882 1414 resurrectionis.

1037 1450 1363 1506 PSALMUS
1390 1450 1551 1506 LXV.

464 1579 468 1582 -
554 1546 620 1599 In
647 1547 803 1614 linem
837 1544 1160 1598 inscribitur
1193 1554 1417 1612 prepter
1453 1545 1769 1614 prophetias
1800 1584 1816 1610 ,
1859 1560 1983 1614 qua:
2024 1545 2079 1599 iu

503 1655 570 1692 eo
602 1638 973 1699 continentur,
1010 1652 1131 1705 qua:
1153 1637 1218 1690 ad
1257 1637 1419 1692 linem
1453 1637 1793 1703 tendebant,
1830 1648 1892 1693 ut
1947 1640 2081 1694 alibi

497 1730 760 1783 diximus.
810 1728 1064 1784 Praedicit
1114 1738 1296 1784 autem
1354 1737 1411 1786 et
1455 1733 1698 1801 gentium
1767 1731 1971 1794 fidem,
2028 1741 2085 1786 et

499 1822 756 1891 martyris
787 1837 908 1890 qua:
938 1837 1036 1890 pro
1086 1821 1310 1876 Christo
1345 1823 1503 1876 multi
1562 1822 1823 1877 ﬁdelium.
1870 1825 2090 1892 passuri

497 1923 675 1969 erant.
704 1913 844 1979 Quid
878 1923 1061 1968 autem
1093 1915 1164 1966 sit
1193 1917 1472 1969 canticum
1515 1916 1733 1984 psalmi,
1765 1917 1972 1971 dictum
2006 1927 2092 1973 est

498 2007 552 2058 iu
583 2008 850 2073 prooemio
879 2006 1063 2073 aperis
1097 2044 1112 2059 .
1152 2005 1575 2060 Resurrectionis
1629 2024 1760 2062 vero
1811 2009 1949 2062 dixit
1995 2025 2094 2079 pro

501 2098 966 2151 transmutationis
986 2097 1120 2166 (23).
1148 2097 1208 2152 ln
1237 2114 1426 2153 eorum
1455 2100 1601 2154 enim
1636 2115 1926 2169 personam
1960 2117 2092 2156 con-

503 2189 739 2255 scriptus
765 2198 871 2251 est,
901 2188 998 2258 qui
1031 2204 1058 2241 a
1087 2189 1419 2260 Babylonica
1448 2194 1786 2247 servitutein
1815 2195 2090 2265 propriam

505 2277 736 2345 patriam
788 2278 1042 2330 translati
1092 2277 1340 2342 fuerant,
1376 2279 1451 2333 ita
1515 2291 1575 2333 ut
1622 2284 1690 2335 ah
1751 2300 2092 2355 unoquoque

503 2383 693 2422 eorum
719 2370 810 2437 qui
833 2371 1038 2423 reversi
1069 2380 1200 2424 sunt
1233 2371 1462 2440 proferri
1495 2375 1687 2442 possit.
1715 2374 1780 2427 Et
1809 2377 2091 2431 nihilomi—

503 2476 610 2515 nus
651 2463 909 2530 congruit
946 2462 1113 2515 etiam
1150 2463 1454 2533 unicuique
1495 2469 1827 2535 rcsurgcnti,
1858 2469 1960 2521 hoc
1987 2484 2090 2534 est,

505 2561 842 2606 commutato
871 2568 899 2606 a
929 2554 1194 2622 peccatis,
1238 2555 1294 2609 in
1329 2555 1533 2625 quibus
1569 2558 1721 2620 olim,
1765 2560 1931 2613 veluti
1959 2576 2086 2628 pas-

509 2645 726 2698 sionum
760 2645 976 2713 sagittis
1003 2644 1298 2700 confossus
1325 2685 1341 2712 ,
1375 2649 1640 2719 captivus
1686 2649 2037 2704 detinehatur
2065 2668 2094 2705 a

511 2732 779 2785 daemone.

587 2826 746 2881 Vsus.
781 2825 836 2879 2.
874 2825 1112 2880 Jubilate
1145 2827 1281 2891 Deo,
1317 2831 1486 2884 omnis
1531 2842 1696 2887 terra.
1737 2832 1877 2898 Quid
1906 2836 1976 2888 sit
2006 2835 2093 2902 ju-

512 2918 705 2971 bilatio
732 2917 974 2972 diximus
1011 2919 1064 2970 in
1101 2920 1344 2976 secundo
1377 2923 1648 2977 versiculo
1715 2926 1908 2993 psalmi
1952 2941 2093 2979 xm.

513 3009 677 3064 Jubet
707 3018 888 3063 autem
916 3008 1188 3080 Propheta
1241 3013 1480 3067 victoria:
1511 3016 1696 3070 Iaudes
1736 3016 1844 3070 Deo
1876 3032 2094 3084 canere,

2321 1363 2423 1428 Εἰς
2457 1361 2526 1415 τὸ
2563 1357 2740 1429 τέλος
2763 1363 2887 1430 (bii;
2919 1359 3176 1428 Ψαλμοῦ
3195 1360 3618 1425 ἀναστάσεως.

2747 1451 3043 1504 ΨΛΛΜΟΣ
3071 1447 3189 1504 EE'.

2243 1547 2346 1611 Εἰς
2372 1543 2438 1598 τὸ
2479 1543 2656 1608 τέλος
2687 1543 2806 1612 μὲν,
2835 1543 2922 1596 διὰ
2955 1544 3053 1610 τὴν
3079 1544 3135 1594 ἐν
3182 1541 3358 1610 τούτῳ
3403 1543 3770 1614 προφητείαν,

2188 1639 2262 1704 ὼς
2283 1642 2376 1693 καὶ
2408 1638 2502 1692 ἐπὶ
2533 1638 2709 1690 ἄλλων
2742 1636 2850 1688 τῶν
2875 1631 3052 1698 οὕτως
3082 1639 3582 1707 ἐπιγεγραμμένων
3613 1640 3775 1709 εἰρή-

2191 1748 2370 1796 καμεν
2404 1747 2419 1762 ·
2463 1728 2804 1799 προφητεύει
2863 1728 2974 1797 γὰρ
3021 1731 3151 1799 περὶ
3199 1731 3297 1800 τῆς
3355 1732 3592 1794 πίστεως
3664 1732 3779 1784 τῶν

2194 1821 2386 1885 ἐθνῶν,
2413 1821 2490 1874 ἔτι
2525 1822 2581 1875 δὲ
2614 1821 2708 1873 καὶ
2744 1822 2874 1888 περὶ
2906 1820 3014 1873 τῶν
3046 1822 3139 1873 τοῦ
3167 1822 3406 1891 Χριστοῦ
3453 1824 3774 1894 μαρτύρων.

2194 1911 2258 1963 Τί
2285 1911 2341 1964 δέ
2373 1914 2522 1964 ἐστιν
2552 1911 2661 1981 ᾠδὴ
2694 1909 2938 1979 ψαλμοῦ,
2977 1911 3516 1982 προαποδεδώκαμεν
3582 1915 3639 1966 ὲν
3696 1914 3780 1983 τῷ

2195 2005 2470 2074 προοιμίῳ
2493 2005 2592 2073 τῆς
2633 2003 2820 2073 βίϐλου
2864 2003 2974 2055 τῶν
3034 2003 3303 2074 Ψαλμῶν.
3366 2004 3782 2071 Ἀναστάσεως

2194 2097 2287 2164 δὲ,
2327 2098 2449 2152 ἀντὶ
2507 2097 2627 2159 τοῦ,
2657 2099 2783 2168 περὶ
2842 2098 2940 2166 τῆς
2995 2097 3345 2162 ἀναστάσεως
3373 2100 3485 2168 (ΞΗ)
3528 2100 3634 2154 τῶν
3694 2103 3785 2152 αἱ-

2195 2189 2499 2260 χμαλώτων
2536 2189 2643 2240 ἀπὸ
2692 2188 2792 2260 τῆς
2850 2189 2908 2242 ὲν
2954 2188 3232 2242 Βαϐυλῶνι
3267 2191 3510 2254 δουλείας
3542 2193 3635 2244 ἐπὶ
3681 2191 3786 2262 τὴν

2195 2279 2406 2332 οἰκείαν
2433 2279 2690 2349 πατρίδα.
2728 2277 2824 2340 Et;
2853 2277 2952 2348 τὴν
2983 2282 3318 2348 μετάστασιν
3365 2285 3476 2351 γὰρ
3505 2283 3722 2352 ἐκείνην
3753 2287 3784 2336 6

2193 2373 2412 2443 ψαλμὸς
2446 2372 2769 2441 πεποίηται,
2827 2368 2942 2429 οἷον
2979 2373 3133 2436 τινας
3168 2373 3235 2426 ἂν
3255 2373 3400 2426 εἴποι
3433 2374 3560 2436 τοὺς
3586 2375 3786 2441 λόγους

2196 2465 2431 2526 ἕκαστος
2470 2464 2580 2516 τῶν
2613 2465 2917 2534 ἁζαμένων
2943 2465 3044 2537 ἥδη
3079 2466 3177 2534 τῆς
3210 2465 3501 2518 ἐπανόδου.
3569 2465 3783 2536 Πρέπει

2196 2555 2326 2608 δ’ἂν
2355 2556 2450 2610 καὶ
2479 2557 2644 2609 παντὶ
2718 2557 3128 2629 μεθισταμένῳ,
3185 2558 3217 2627 ἢ
3276 2557 3620 2627 ἀνισταμένῳ
3674 2558 3792 2610 ἀπὸ

2195 2650 2296 2716 τῆς
2320 2650 2616 2720 ἁμαρτίας,
2649 2651 2728 2712 εἰς
2763 2651 2835 2721 ἣν
2865 2650 3145 2720 κατεσύρη
3176 2653 3288 2712 τοῖς
3317 2649 3498 2719 βέλεσι
3527 2649 3637 2701 τῶν
3680 2667 3794 2702 πα-

2198 2741 2330 2807 θιίν,
2361 2741 2825 2810 αἰχμαλωτισθεὶς
2859 2744 2965 2794 ὑπὸ
2999 2742 3105 2795 τῶν
3136 2743 3429 2812 δαιμόνων.

2266 2831 2641 2896 ’Λλαλάξατε
2672 2834 2752 2898 τῷ
2782 2835 2998 2902 Κυρίῳ,
3032 2833 3202 2888 πᾶσα
3241 2835 3275 2901 ἡ
3302 2833 3402 2903 γῆ.
3433 2833 3497 2886 Τί
3524 2833 3623 2902 μέν
3639 2834 3796 2886 ἐστιν

2199 2923 2537 2992 ἀλαλαγμὸς,
2563 2925 2867 2994 εἰρήκαμεν
2903 2927 2961 2977 ἐν
3001 2925 3080 2995 τῷ
3119 2926 3288 2994 στὲχῳ
3401 2924 3495 2977 τοῦ
3524 2933 3624 2995 μετ’
3651 2926 3798 2994 ψαλ-

2205 3014 2334 3084 μοῦ.
2372 3016 2754 3085 Προτρέπεται
2785 3015 2841 3067 δὲ
2873 3017 3142 3068 ἐπινίκιον
3175 3014 3343 3086 ὕμνον
3388 3011 3518 3086 ᾆσαι
3548 3017 3622 3086 τῷ
3647 3018 3795 3086 θεῷ,

511 3103 604 3170 qui
669 3109 722 3156 et
782 3103 1033 3158 inimicos
1069 3143 1084 3167 ,
1116 3106 1377 3174 aquibus
1431 3109 1534 3161 acti
1576 3107 1791 3163 fuerant
1825 3110 1878 3162 in
1929 3111 2096 3179 Capti-

2213 3112 2283 3181 τῷ
2321 3112 2622 3182 φοϐήσαντι
2677 3112 2804 3172 τοὺς
2864 3110 3406 3180 αἰχμαλωτίσαντας,
3479 3111 3575 3162 καὶ
3618 3113 3797 3181 ῥυσα-

513 3195 756 3257 vitatem,
796 3194 1087 3249 formidine
1119 3197 1326 3264 aﬂ'ecit,
1357 3211 1410 3254 et
1443 3200 1595 3269 ipsos
1641 3201 1862 3257 Judzeos
1922 3219 1950 3256 a
2012 3207 2102 3256 du-

514 3287 729 3339 rissima
764 3289 1028 3342 servitute
1056 3289 1326 3344 liberavit.
1378 3292 1481 3346 Per
1512 3309 1728 3348 omnem
1775 3305 1954 3348 autem
1989 3303 2102 3348 ter-

512 3393 628 3432 ram
667 3395 858 3435 omnes
909 3381 1162 3437 homines
1204 3383 1458 3453 intelligit
1508 3385 1604 3453 qui
1647 3394 1778 3441 sunt
1824 3386 1878 3439 in
1935 3397 2101 3440 terra.

516 3469 579 3522 Et
603 3471 704 3523 hoc
730 3481 887 3539 pacto
926 3471 1304 3542 Symmachus
1353 3475 1617 3532 reddidit.
1669 3478 1727 3530 lu
1775 3478 1860 3532 his
1920 3489 2101 3532 autem

514 3561 699 3614 verbis
732 3564 1017 3630 prophetia
1044 3567 1356 3620 continetur
1379 3568 1688 3623 vocationis
1718 3571 1985 3637 gentium.

589 3651 821 3705 Psallite
850 3654 1052 3706 nomini
1074 3654 1212 3722 ejus.
1247 3656 1319 3709 Ex
1330 3658 1661 3726 positionem
1685 3660 1807 3716 vide
1825 3662 1878 3714 iu
1899 3671 2102 3730 quarto

517 3745 796 3798 versiculo
832 3761 883 3797 ιιι
913 3746 1133 3815 psalmi.

594 3921 728 3974 Date
755 3922 979 3992 giarium
1038 3924 1188 3978 laudi
1229 3924 1366 3993 ejus.
1427 3924 1539 3979 Hoc
1590 3934 1671 3981 est
1736 3928 1998 3982 honorem
2053 3937 2109 3982 et

522 4014 1006 4083 magnificentiam.
1042 4015 1106 4070 Et
1153 4033 1354 4073 sensus
1392 4027 1516 4082 est,
1561 4021 1704 4088 quod
1754 4020 1993 4089 gloriose
2043 4035 2108 4075 ac

521 4107 809 4177 magniﬁce
847 4124 970 4162 cum
995 4109 1242 4174 laudent,
1278 4120 1332 4165 et
1363 4125 1469 4164 non
1505 4113 1749 4164 humano
1784 4127 1955 4166 more.

591 4288 756 4343 Vnus.
793 4290 846 4343 ὅ.
889 4287 1061 4344 Dicite
1105 4288 1250 4355 Deo,
1288 4291 1459 4355 Quam
1493 4293 1750 4346 terribilia
1779 4302 1905 4347 sunt
1953 4311 2106 4362 opera

523 4388 638 4432 tua.
671 4379 802 4446 Qua:
833 4381 1091 4434 nimirum
1125 4383 1254 4435 olim
1289 4391 1398 4435 tam
1426 4384 1477 4436 iu
1507 4382 1764 4453 Egypto,
1786 4400 1948 4452 quam
1976 4385 2105 4439 alibi

522 4473 764 4539 gentium
797 4479 1061 4535 operatus
1092 4487 1172 4525 es.

596 4561 669 4614 Ιη-
689 4561 1030 4615 multitudine
1059 4563 1270 4617 virtutis
1305 4573 1409 4617 tua:
1441 4567 1762 4620 mentiemur
1794 4577 1841 4621 te
1896 4568 2103 4620 inimici

530 4653 630 4703 tui.
666 4654 730 4704 Et
753 4667 949 4707 sensus
980 4663 1084 4716 cst,
1110 4655 1254 4722 quod
1289 4655 1603 4724 cognitione
1623 4657 1713 4712 Dei
1751 4660 1952 4728 ubique
1975 4675 2104 4729 geu-

527 4744 666 4795 tium
691 4744 966 4813 divulgata
997 4784 1014 4808 ,
1064 4747 1221 4799 multi
1267 4747 1519 4802 veritatis
1573 4749 1782 4803 inimici
1833 4766 2103 4804 summam

527 4836 673 4890 illius
701 4847 1026 4906 potestatem
1061 4840 1346 4906 timentes,
1373 4825 1538 4910 quam
1601 4843 1764 4898 habet
1822 4846 1876 4898 in
1939 4861 2106 4911 regno

529 4930 794 4995 fidelium,
825 4932 1182 4998 mentiemur,
1214 4951 1310 4990 seu
1361 4937 1706 4991 simulabant
1758 4937 1968 5004 Deum,
2005 4939 2109 4994 hoc

529 5031 637 5088 est,
669 5023 830 5076 ﬁdem
859 5024 1031 5092 ipsam
1066 5025 1270 5094 [quam
1327 5029 1381 5080 in
1440 5043 1506 5082 eo
1566 5029 1768 5083 habere
1842 5045 1900 5084 se
1975 5033 2111 5087 falso

533 5124 782 5169 asserent
805 5113 846 5185 ].
880 5114 1059 5184 Ipsam
1091 5118 1295 5170 etenim
1326 5120 1658 5189 hypocrisin:
1688 5137 1750 5174 ac
1804 5121 2111 5177 simulatio-

535 5221 656 5260 uetn
693 5207 795 5260 hoc
834 5208 887 5260 in
938 5207 1058 5261 loco
1112 5207 1461 5262 mendacium
1510 5212 1828 5280 appellavit.
1873 5211 1937 5266 Et
1981 5231 2115 5269 sane

528 5299 968 5368 quampluritnos
1003 5300 1318 5370 hujus-modi
1364 5304 1716 5359 simulatores
1757 5307 1940 5362 videre
1992 5309 2117 5361 licet

533 5402 640 5445 tam
667 5393 902 5460 gentiles
930 5409 1092 5447 auam
1129 5394 1437 5449 hau'eticos.

608 5570 674 5602 ³³·
716 5568 848 5624 Luc.
903 5585 1028 5622 xxtv
1106 5565 1196 5622 49.
1276 5571 1321 5605 ³ο
1377 5570 1560 5627 Galat.
1605 5589 1683 5640 ιιι,
1715 5572 1806 5628 27.

2209 3204 2357 3273 μένῳ
2393 3204 2519 3262 τοὺς
2569 3202 2963 3273 αἰχμαλώτους
3023 3205 3085 3254 ὲκ
3132 3203 3230 3272 τῆς
3279 3200 3527 3264 δουλείας
3587 3202 3794 3256 αὐτῶν.

2207 3295 2380 3350 Πᾶσα
2408 3297 2464 3348 δὲ
2492 3297 2528 3364 ἠ
2561 3293 2661 3364 τῆ,
2695 3295 2815 3348 ἀντὶ
2843 3294 2962 3363 τοῦ,
2993 3295 3193 3356 πάντες
3225 3295 3274 3346 οξ
3325 3294 3415 3347 ἐπὶ
3446 3294 3569 3362 γῆς.
3632 3293 3802 3348 Οὕτω

2206 3389 2313 3459 γὰρ
2348 3390 2375 3441 ὁ
2405 3387 2702 3458 Σύμμαχος
2736 3373 3025 3453 ἐξέδωκεν.
3056 3387 3199 3456 Ὅρα
3222 3385 3278 3439 δὲ
3306 3386 3404 3457 τὴν
3436 3384 3631 3456 κλῆσιν
3681 3386 3801 3439 τῶν

2207 3482 2399 3535 ἐθνῶν.

2281 3636 2522 3690 Ψὰλατε
2551 3635 2628 3700 δὴ
2679 3633 2760 3698 τῷ
2820 3635 3066 3702 ὀνόματι
3139 3631 3352 3686 αὐτοῦ.
3414 3633 3550 3702 Περὶ
3601 3631 3801 3685 τούτου

2210 3728 2367 3798 ζήτει
2415 3729 2514 3797 τὴν
2581 3725 2845 3797 ἐξήγησιν
2908 3726 3004 3779 τοῦ
3053 3727 3095 3779 δ’
3156 3726 3345 3796 στίχου
3403 3725 3497 3778 τοῦ
3563 3727 3606 3778 θ’
3657 3727 3807 3796 ψαλ-

2213 3819 2338 3888 μοῦ.

2280 3913 2421 3965 Δότε
2445 3911 2635 3975 δόξαν
2666 3912 2736 3965 ἐν
2772 3913 3003 3965 alr-eost
3035 3909 3245 3967 αὐτοῦ.
3299 3913 3429 3965 Δότε
3487 3913 3555 3982 τῇ
3591 3911 3804 3966 αἰνέσει

2209 4004 2375 4058 αὐτοῦ
2406 4004 2585 4068 δόξαν,
2623 4003 3014 4075 εἵτουντιμὴν,
3071 4005 3580 4075 μεγαλοπρέπειαν.
3631 4004 3800 4072 Λέγει

2209 4097 2289 4160 δὲ,
2313 4098 2395 4150 ὅτι
2439 4097 2695 4160 Ἑνδόξως
2725 4097 2977 4150 αἰνέσατε
3005 4096 3191 4162 αὑτὸν,
3226 4099 3323 4151 καὶ
3359 4099 3435 4168 μὴ
3485 4097 3560 4162 ὡς
3597 4099 3806 4152 αἰνεῖτε

2210 4192 2338 4254 τοὺς
2371 4187 2717 4260 ἀνθρώπους.

2277 4282 2502 4335 Εἴπατε
2532 4282 2611 4344 τῷ
2649 4281 2772 4346 Θεῷ
2803 4299 2820 4313 ·
2885 4282 2980 4349 Ὡς
3031 4283 3254 4352 φοϐερὰ
3319 4287 3393 4337 τὰ
3447 4284 3591 4353 ἔργα
3632 4301 3751 4338 σου
3783 4287 3808 4338 !

2215 4375 2359 4428 Ὅσα
2392 4378 2450 4427 ὲν
2505 4374 2770 4444 Αἰγύπτῳ
2820 4375 3325 4446 ὲτερατούργησας,
3387 4381 3480 4431 καὶ
3534 4381 3636 4432 ὅσα
3690 4381 3804 4450 πρὸ

2143 4459 2184 4512 Ι)
2213 4467 2442 4531 τούτων,
2477 4467 2573 4519 καὶ
2605 4468 2708 4520 ὅσα
2745 4467 2882 4536 μετὰ
2903 4469 3102 4523 ταῦτα.

2278 4557 2386 4612 Ἐν
2409 4559 2487 4624 τῷ
2506 4557 2722 4624 πλήθει
2752 4559 2864 4626 τῆς
2890 4559 3200 4628 δυνάμεώς
3232 4577 3350 4615 σου
3375 4562 3713 4630 ψεύσονταί
3727 4580 3809 4616 σε

2212 4653 2265 4704 οἱ
2291 4650 2497 4717 ἐχθροί
2545 4665 2684 4703 σου.
2733 4649 2990 4703 Τοιοῦτον
3041 4649 3158 4721 ἔχει
3207 4653 3268 4704 τδ
3314 4654 3479 4723 ῥητὸν
3539 4653 3684 4716 νοῦν,
3717 4655 3809 4708 ὅτι

2215 4739 2507 4810 Πανταχοῦ
2556 4742 2656 4808 τῆς
2689 4741 3023 4809 θεογνωσίας
3055 4745 3428 4809 ἁπλωθείσης,
3482 4746 3668 4798 πολλοὶ
3701 4748 3806 4815 τῆς

2215 4834 2478 4902 ἀληθείας
2511 4834 2696 4902 ἐχθροὶ
2718 4834 3047 4904 φοϐηθέντες
3079 4834 3176 4908 τὴν
3207 4837 3412 4907 πολλήν
3449 4857 3544 4891 σου
3569 4841 3805 4909 δύναμιν

2213 4927 2312 4995 τὴν
2342 4926 2400 4976 ἐν
2434 4929 2498 4996 τῇ
2529 4925 2782 4998 βασιλείᾳ
2839 4928 2950 4979 τῶν
2999 4929 3265 4994 εὐσεϐῶν,
3329 4931 3802 5001 ὑποκριοήσονταί

2212 5018 2308 5071 σει
2351 5021 2530 5071 εῐτουν
2559 5018 2657 5090 τὴν
2680 5021 2758 5082 εἰς
2791 5021 2848 5072 σὲ
2879 5020 3080 5075 πίστιν.
3121 5022 3330 5086 Ψεῦδος
3403 5023 3512 5095 γὰρ
3559 5024 3794 5078 ἐνταῦθα

2211 5110 2315 5179 τὴν
2349 5111 2642 5182 ὑπόκρισιν
2667 5113 2922 5183 ὀνομάζει
2965 5131 2978 5144 ·
3012 5116 3105 5167 καὶ
3145 5114 3210 5184 δὴ
3252 5115 3480 5180 πολλοὺς
3526 5118 3806 5181 τοιούτους

2215 5201 2552 5273 εὑρίσκομεν
2586 5203 2854 5274 Ἕλληνας
2880 5193 3311 5274 καὶάἱρετικοὺς
3341 5208 3623 5261 ἑκάστοτε.

1891 5684 2089 5747 Varia:
2123 5683 2456 5754 lectiones.

743 5777 948 5854 fotius
977 5786 1488 5854 transmigrationis.

609 5846 722 5915 ('24)
743 5846 964 5905 Videtur
990 5846 1280 5925 legendum
1311 5859 1716 5928 μεταστάσεως,
1748 5868 1804 5913 ut
1831 5859 1991 5915 vertit
2020 5861 2096 5916 iul

2213 5874 2292 5913 res
2330 5872 2344 5911 :
2385 5874 2509 5913 cum
2545 5859 2744 5914 subdat
2778 5861 2855 5924 εἰς
2885 5857 2983 5932 τὴν
3012 5861 3368 5932 μετάστασιν.
