  <div class='ocr_page' id='page_1' title='image "/cluster/home/n/w/nwhite01/storage/ocr_20150623/128:no.1/coo.31924054870336/333.png"; bbox 0 0 4064 6430; ppageno 0'>
   <div class='ocr_carea' id='block_1_1' title="bbox 492 414 3752 485">
    <p class='ocr_par' dir='ltr' id='par_1_1' title="bbox 492 414 3752 485">
     <span class='ocr_line' id='line_1_1' title="bbox 492 414 3752 485; baseline -0.002 0"><span class='ocrx_word' id='word_1_1' title='bbox 492 420 608 485; x_wconf 66' lang='grc' dir='ltr'><strong>Ὅ51</strong></span> <span class='ocrx_word' id='word_1_2' title='bbox 1700 414 2085 479; x_wconf 75' lang='lat' dir='ltr'><strong>EUTHYMII</strong></span> <span class='ocrx_word' id='word_1_3' title='bbox 2129 416 2490 480; x_wconf 79' lang='lat' dir='ltr'><strong>ZIGABENI</strong></span> <span class='ocrx_word' id='word_1_4' title='bbox 3643 416 3752 479; x_wconf 73' lang='lat'><strong>652</strong></span> 
     </span>
    </p>
   </div>
   <div class='ocr_carea' id='block_1_2' title="bbox 495 520 2065 602">
    <p class='ocr_par' dir='ltr' id='par_1_2' title="bbox 495 520 2065 601">
     <span class='ocr_line' id='line_1_2' title="bbox 495 520 2065 601; baseline -0.003 -13"><span class='ocrx_word' id='word_1_5' title='bbox 495 548 690 589; x_wconf 76' lang='lat' dir='ltr'><strong>versus</strong></span> <span class='ocrx_word' id='word_1_6' title='bbox 726 533 915 595; x_wconf 66' lang='lat' dir='ltr'><strong>Deum,</strong></span> <span class='ocrx_word' id='word_1_7' title='bbox 953 539 1113 601; x_wconf 86' lang='lat' dir='ltr'><strong>atque</strong></span> <span class='ocrx_word' id='word_1_8' title='bbox 1138 528 1185 586; x_wconf 90' lang='lat' dir='ltr'><strong>ci</strong></span> <span class='ocrx_word' id='word_1_9' title='bbox 1212 520 1684 584; x_wconf 84' lang='lat' dir='ltr'><strong>contradicebant.</strong></span> <span class='ocrx_word' id='word_1_10' title='bbox 1723 528 1986 585; x_wconf 74' lang='lat' dir='ltr'><strong>Similiter</strong></span> <span class='ocrx_word' id='word_1_11' title='bbox 2011 538 2065 585; x_wconf 92' lang='lat' dir='ltr'><strong>ct</strong></span> 
     </span>
    </p>
   </div>
   <div class='ocr_carea' id='block_1_3' title="bbox 2170 520 3755 602">
    <p class='ocr_par' dir='ltr' id='par_1_3' title="bbox 2170 525 3755 602">
     <span class='ocr_line' id='line_1_3' title="bbox 2170 525 3755 602; baseline -0.002 -18"><span class='ocrx_word' id='word_1_12' title='bbox 2170 530 2226 584; x_wconf 75' lang='grc' dir='ltr'><strong>δὲ</strong></span> <span class='ocrx_word' id='word_1_13' title='bbox 2246 531 2545 601; x_wconf 78' lang='grc' dir='ltr'><strong>προφῆται,</strong></span> <span class='ocrx_word' id='word_1_14' title='bbox 2560 525 2729 583; x_wconf 74' lang='grc' dir='ltr'>οἷκον</span> <span class='ocrx_word' id='word_1_15' title='bbox 2740 529 3291 599; x_wconf 75' lang='grc' dir='ltr'>παραπικραίνοντα</span> <span class='ocrx_word' id='word_1_16' title='bbox 3303 529 3526 593; x_wconf 82' lang='grc' dir='ltr'><strong>τούτους</strong></span> <span class='ocrx_word' id='word_1_17' title='bbox 3536 530 3755 602; x_wconf 80' lang='grc' dir='ltr'>ὠνόμα-</span> 
     </span>
    </p>
   </div>
   <div class='ocr_carea' id='block_1_4' title="bbox 499 621 2065 696">
    <p class='ocr_par' dir='ltr' id='par_1_4' title="bbox 499 621 2065 696">
     <span class='ocr_line' id='line_1_4' title="bbox 499 621 2065 696; baseline -0.002 -16"><span class='ocrx_word' id='word_1_18' title='bbox 499 627 588 681; x_wconf 82' lang='lat' dir='ltr'><strong>alii</strong></span> <span class='ocrx_word' id='word_1_19' title='bbox 625 625 904 696; x_wconf 74' lang='lat' dir='ltr'><strong>propheta:</strong></span> <span class='ocrx_word' id='word_1_20' title='bbox 935 622 1341 678; x_wconf 61' lang='lat' dir='ltr'><strong>exacerbantem</strong></span> <span class='ocrx_word' id='word_1_21' title='bbox 1359 621 1573 675; x_wconf 85' lang='lat' dir='ltr'><strong>domum</strong></span> <span class='ocrx_word' id='word_1_22' title='bbox 1594 635 1689 677; x_wconf 86' lang='lat' dir='ltr'><strong>eos</strong></span> <span class='ocrx_word' id='word_1_23' title='bbox 1715 622 2065 693; x_wconf 79' lang='lat' dir='ltr'><strong>appellavere.</strong></span> 
     </span>
    </p>
   </div>
   <div class='ocr_carea' id='block_1_5' title="bbox 2170 621 3753 696">
    <p class='ocr_par' dir='ltr' id='par_1_5' title="bbox 2179 621 3753 695">
     <span class='ocr_line' id='line_1_5' title="bbox 2179 621 3753 695; baseline 0.001 -19"><span class='ocrx_word' id='word_1_24' title='bbox 2179 640 2297 677; x_wconf 86' lang='grc' dir='ltr'>σαν.</span> <span class='ocrx_word' id='word_1_25' title='bbox 2334 624 2443 676; x_wconf 72' lang='grc' dir='ltr'>Καὶ</span> <span class='ocrx_word' id='word_1_26' title='bbox 2480 624 2658 686; x_wconf 81' lang='grc' dir='ltr'>ἄλλως</span> <span class='ocrx_word' id='word_1_27' title='bbox 2688 623 2746 675; x_wconf 78' lang='grc' dir='ltr'><strong>δὲ</strong></span> <span class='ocrx_word' id='word_1_28' title='bbox 2796 622 3040 690; x_wconf 82' lang='grc' dir='ltr'><strong>λέγοιντο</strong></span> <span class='ocrx_word' id='word_1_29' title='bbox 3086 621 3153 675; x_wconf 80' lang='grc' dir='ltr'>ἂν</span> <span class='ocrx_word' id='word_1_30' title='bbox 3187 623 3753 695; x_wconf 80' lang='grc' dir='ltr'>παραπικραίνοντες,</span> 
     </span>
    </p>
   </div>
   <div class='ocr_carea' id='block_1_6' title="bbox 500 711 2065 786">
    <p class='ocr_par' dir='ltr' id='par_1_6' title="bbox 500 711 2065 783">
     <span class='ocr_line' id='line_1_6' title="bbox 500 711 2065 783; baseline -0.002 -16"><span class='ocrx_word' id='word_1_31' title='bbox 500 715 594 769; x_wconf 84' lang='lat' dir='ltr'><strong>Vel</strong></span> <span class='ocrx_word' id='word_1_32' title='bbox 620 716 802 779; x_wconf 78' lang='lat' dir='ltr'><strong>aliter,</strong></span> <span class='ocrx_word' id='word_1_33' title='bbox 833 713 1003 769; x_wconf 64' lang='lat' dir='ltr'><strong>iudxi</strong></span> <span class='ocrx_word' id='word_1_34' title='bbox 1032 714 1108 767; x_wconf 84' lang='lat' dir='ltr'><strong>illi</strong></span> <span class='ocrx_word' id='word_1_35' title='bbox 1141 712 1534 768; x_wconf 79' lang='lat' dir='ltr'><strong>cxacerbautes</strong></span> <span class='ocrx_word' id='word_1_36' title='bbox 1560 711 1666 767; x_wconf 90' lang='lat' dir='ltr'><strong>dici</strong></span> <span class='ocrx_word' id='word_1_37' title='bbox 1696 721 1928 783; x_wconf 89' lang='lat' dir='ltr'><strong>possunt</strong></span> <span class='ocrx_word' id='word_1_38' title='bbox 1957 714 2065 783; x_wconf 87' lang='lat' dir='ltr'><strong>(seu</strong></span> 
     </span>
    </p>
   </div>
   <div class='ocr_carea' id='block_1_7' title="bbox 2170 711 3755 786">
    <p class='ocr_par' dir='ltr' id='par_1_7' title="bbox 2170 713 3755 786">
     <span class='ocr_line' id='line_1_7' title="bbox 2170 713 3755 786; baseline 0.002 -20"><span class='ocrx_word' id='word_1_39' title='bbox 2170 714 2251 777; x_wconf 80' lang='grc' dir='ltr'><strong>ὡς</strong></span> <span class='ocrx_word' id='word_1_40' title='bbox 2277 714 2573 777; x_wconf 80' lang='grc' dir='ltr'><strong>δεδωκότες</strong></span> <span class='ocrx_word' id='word_1_41' title='bbox 2597 715 2678 777; x_wconf 89' lang='grc' dir='ltr'>εἰς</span> <span class='ocrx_word' id='word_1_42' title='bbox 2707 713 2768 766; x_wconf 86' lang='grc' dir='ltr'><strong>τὸ</strong></span> <span class='ocrx_word' id='word_1_43' title='bbox 2799 713 2999 785; x_wconf 85' lang='grc' dir='ltr'>βρῶμα</span> <span class='ocrx_word' id='word_1_44' title='bbox 3024 714 3118 767; x_wconf 81' lang='grc' dir='ltr'>τοῦ</span> <span class='ocrx_word' id='word_1_45' title='bbox 3150 714 3390 784; x_wconf 80' lang='grc' dir='ltr'><strong>Χριστοῦ</strong></span> <span class='ocrx_word' id='word_1_46' title='bbox 3425 714 3590 786; x_wconf 84' lang='grc' dir='ltr'>χολήν</span> <span class='ocrx_word' id='word_1_47' title='bbox 3608 732 3623 748; x_wconf 77' lang='grc' dir='ltr'><strong><em>ο</em></strong></span> <span class='ocrx_word' id='word_1_48' title='bbox 3656 718 3755 769; x_wconf 77' lang='grc' dir='ltr'><strong>καὶ</strong></span> 
     </span>
    </p>
   </div>
   <div class='ocr_carea' id='block_1_8' title="bbox 501 802 2065 881">
    <p class='ocr_par' dir='ltr' id='par_1_8' title="bbox 501 802 2065 881">
     <span class='ocr_line' id='line_1_8' title="bbox 501 802 2065 881; baseline -0.004 -19"><span class='ocrx_word' id='word_1_49' title='bbox 501 810 707 879; x_wconf 92' lang='lat' dir='ltr'><strong>potius,</strong></span> <span class='ocrx_word' id='word_1_50' title='bbox 738 815 798 859; x_wconf 90' lang='lat' dir='ltr'><strong>ut</strong></span> <span class='ocrx_word' id='word_1_51' title='bbox 827 804 1015 861; x_wconf 70' lang='lat' dir='ltr'><strong>Graeca</strong></span> <span class='ocrx_word' id='word_1_52' title='bbox 1054 804 1226 859; x_wconf 90' lang='lat' dir='ltr'><strong>dictio</strong></span> <span class='ocrx_word' id='word_1_53' title='bbox 1279 803 1453 881; x_wconf 82' lang='lat' dir='ltr'><strong>magis</strong></span> <span class='ocrx_word' id='word_1_54' title='bbox 1513 803 1730 874; x_wconf 65' lang='lat' dir='ltr'><strong>proprie</strong></span> <span class='ocrx_word' id='word_1_55' title='bbox 1780 802 2065 874; x_wconf 75' lang='lat' dir='ltr'><strong>signiﬁcat,</strong></span> 
     </span>
    </p>
   </div>
   <div class='ocr_carea' id='block_1_9' title="bbox 2170 802 3758 881">
    <p class='ocr_par' dir='ltr' id='par_1_9' title="bbox 2173 806 3758 879">
     <span class='ocr_line' id='line_1_9' title="bbox 2173 806 3758 879; baseline 0.002 -20"><span class='ocrx_word' id='word_1_56' title='bbox 2173 809 2254 870; x_wconf 82' lang='grc' dir='ltr'>εἰς</span> <span class='ocrx_word' id='word_1_57' title='bbox 2285 807 2384 876; x_wconf 84' lang='grc' dir='ltr'><strong>τὴν</strong></span> <span class='ocrx_word' id='word_1_58' title='bbox 2409 806 2567 874; x_wconf 68' lang='grc' dir='ltr'>δίψαν</span> <span class='ocrx_word' id='word_1_59' title='bbox 2587 806 2755 861; x_wconf 80' lang='grc' dir='ltr'>αὐτοῦ</span> <span class='ocrx_word' id='word_1_60' title='bbox 2787 807 3108 870; x_wconf 74' lang='grc' dir='ltr'>ποτίσαντες</span> <span class='ocrx_word' id='word_1_61' title='bbox 3133 807 3297 862; x_wconf 76' lang='grc' dir='ltr'>αὐτὸν</span> <span class='ocrx_word' id='word_1_62' title='bbox 3322 807 3464 873; x_wconf 78' lang='grc' dir='ltr'>ὅξος.</span> <span class='ocrx_word' id='word_1_63' title='bbox 3483 810 3758 879; x_wconf 78' lang='grc' dir='ltr'>Δὶνιγμαο</span> 
     </span>
    </p>
   </div>
   <div class='ocr_carea' id='block_1_10' title="bbox 496 894 2065 970">
    <p class='ocr_par' dir='ltr' id='par_1_10' title="bbox 496 894 2065 969">
     <span class='ocr_line' id='line_1_10' title="bbox 496 894 2065 969; baseline -0.003 -14"><span class='ocrx_word' id='word_1_64' title='bbox 496 896 918 969; x_wconf 88' lang='lat' dir='ltr'><strong>amaricantes),</strong></span> <span class='ocrx_word' id='word_1_65' title='bbox 947 898 1040 967; x_wconf 89' lang='lat' dir='ltr'><strong>qui</strong></span> <span class='ocrx_word' id='word_1_66' title='bbox 1089 895 1316 952; x_wconf 83' lang='lat' dir='ltr'><strong>Christo</strong></span> <span class='ocrx_word' id='word_1_67' title='bbox 1347 895 1401 949; x_wconf 92' lang='lat' dir='ltr'><strong>in</strong></span> <span class='ocrx_word' id='word_1_68' title='bbox 1430 894 1612 950; x_wconf 90' lang='lat' dir='ltr'><strong>cibum</strong></span> <span class='ocrx_word' id='word_1_69' title='bbox 1664 895 2065 951; x_wconf 80' lang='lat' dir='ltr'><strong>amarissimum</strong></span> 
     </span>
    </p>
   </div>
   <div class='ocr_carea' id='block_1_11' title="bbox 2170 894 3752 970">
    <p class='ocr_par' dir='ltr' id='par_1_11' title="bbox 2172 897 3752 970">
     <span class='ocr_line' id='line_1_11' title="bbox 2172 897 3752 970; baseline 0.002 -20"><span class='ocrx_word' id='word_1_70' title='bbox 2172 897 2317 968; x_wconf 84' lang='grc' dir='ltr'><strong>τώδη</strong></span> <span class='ocrx_word' id='word_1_71' title='bbox 2340 898 2397 950; x_wconf 82' lang='grc' dir='ltr'><strong>δὲ</strong></span> <span class='ocrx_word' id='word_1_72' title='bbox 2432 898 2500 951; x_wconf 81' lang='grc' dir='ltr'>τὰ</span> <span class='ocrx_word' id='word_1_73' title='bbox 2516 898 2835 969; x_wconf 82' lang='grc' dir='ltr'>προφητικὰ</span> <span class='ocrx_word' id='word_1_74' title='bbox 2861 899 2955 952; x_wconf 77' lang='grc' dir='ltr'><strong>καὶ</strong></span> <span class='ocrx_word' id='word_1_75' title='bbox 2982 899 3192 970; x_wconf 79' lang='grc' dir='ltr'>ἀσαφῆ,</span> <span class='ocrx_word' id='word_1_76' title='bbox 3217 898 3286 952; x_wconf 75' lang='grc' dir='ltr'><strong>δι’</strong></span> <span class='ocrx_word' id='word_1_77' title='bbox 3311 899 3379 964; x_wconf 77' lang='grc' dir='ltr'>ἃς</span> <span class='ocrx_word' id='word_1_78' title='bbox 3407 902 3752 970; x_wconf 81' lang='grc' dir='ltr'>προέφημεν,</span> 
     </span>
    </p>
   </div>
   <div class='ocr_carea' id='block_1_12' title="bbox 494 984 2065 1061">
    <p class='ocr_par' dir='ltr' id='par_1_12' title="bbox 494 984 2065 1056">
     <span class='ocr_line' id='line_1_12' title="bbox 494 984 2065 1056; baseline -0.004 -9"><span class='ocrx_word' id='word_1_79' title='bbox 494 992 568 1047; x_wconf 81' lang='lat' dir='ltr'><strong>fel</strong></span> <span class='ocrx_word' id='word_1_80' title='bbox 609 991 904 1056; x_wconf 89' lang='lat' dir='ltr'><strong>dederunt,</strong></span> <span class='ocrx_word' id='word_1_81' title='bbox 954 1000 1011 1045; x_wconf 89' lang='lat' dir='ltr'><strong>et</strong></span> <span class='ocrx_word' id='word_1_82' title='bbox 1052 996 1270 1043; x_wconf 89' lang='lat' dir='ltr'><strong>acetum</strong></span> <span class='ocrx_word' id='word_1_83' title='bbox 1335 988 1389 1042; x_wconf 83' lang='lat' dir='ltr'><strong>in</strong></span> <span class='ocrx_word' id='word_1_84' title='bbox 1444 996 1653 1056; x_wconf 81' lang='lat' dir='ltr'><strong>pOtum.</strong></span> <span class='ocrx_word' id='word_1_85' title='bbox 1708 984 2065 1055; x_wconf 63' lang='lat' dir='ltr'><strong>IEniguiatica</strong></span> 
     </span>
    </p>
   </div>
   <div class='ocr_carea' id='block_1_13' title="bbox 2170 984 3753 1061">
    <p class='ocr_par' dir='ltr' id='par_1_13' title="bbox 2176 988 3753 1061">
     <span class='ocr_line' id='line_1_13' title="bbox 2176 988 3753 1061; baseline 0.004 -22"><span class='ocrx_word' id='word_1_86' title='bbox 2176 988 2359 1050; x_wconf 77' lang='grc' dir='ltr'>αἰτίας</span> <span class='ocrx_word' id='word_1_87' title='bbox 2384 1004 2399 1019; x_wconf 75' lang='grc' dir='ltr'><strong><em>ο</em></strong></span> <span class='ocrx_word' id='word_1_88' title='bbox 2433 989 2497 1042; x_wconf 80' lang='grc' dir='ltr'><strong>σὺ</strong></span> <span class='ocrx_word' id='word_1_89' title='bbox 2522 988 2580 1041; x_wconf 81' lang='grc' dir='ltr'><strong>δὲ</strong></span> <span class='ocrx_word' id='word_1_90' title='bbox 2613 990 3157 1060; x_wconf 80' lang='grc' dir='ltr'>παραπικραίνοντας</span> <span class='ocrx_word' id='word_1_91' title='bbox 3188 991 3313 1059; x_wconf 84' lang='grc' dir='ltr'>λέγε</span> <span class='ocrx_word' id='word_1_92' title='bbox 3336 1031 3351 1057; x_wconf 93' lang='grc'><strong>,</strong></span> <span class='ocrx_word' id='word_1_93' title='bbox 3385 992 3481 1045; x_wconf 77' lang='grc' dir='ltr'>καὶ</span> <span class='ocrx_word' id='word_1_94' title='bbox 3506 992 3573 1045; x_wconf 79' lang='grc' dir='ltr'>τὰ</span> <span class='ocrx_word' id='word_1_95' title='bbox 3606 991 3714 1061; x_wconf 83' lang='grc' dir='ltr'><strong>βάρ</strong></span> <span class='ocrx_word' id='word_1_96' title='bbox 3734 1022 3753 1032; x_wconf 72' lang='grc' dir='ltr'><strong>ο</strong></span> 
     </span>
    </p>
   </div>
   <div class='ocr_carea' id='block_1_14' title="bbox 495 1075 2065 1153">
    <p class='ocr_par' dir='ltr' id='par_1_14' title="bbox 495 1075 2065 1151">
     <span class='ocr_line' id='line_1_14' title="bbox 495 1075 2065 1151; baseline -0.004 -15"><span class='ocrx_word' id='word_1_97' title='bbox 495 1093 706 1146; x_wconf 90' lang='lat' dir='ltr'><strong>autem,</strong></span> <span class='ocrx_word' id='word_1_98' title='bbox 738 1090 901 1151; x_wconf 89' lang='lat' dir='ltr'><strong>atque</strong></span> <span class='ocrx_word' id='word_1_99' title='bbox 921 1078 1215 1135; x_wconf 82' lang='lat' dir='ltr'><strong>admodum</strong></span> <span class='ocrx_word' id='word_1_100' title='bbox 1241 1078 1473 1133; x_wconf 89' lang='lat' dir='ltr'><strong>obscura</strong></span> <span class='ocrx_word' id='word_1_101' title='bbox 1502 1085 1631 1133; x_wconf 90' lang='lat' dir='ltr'><strong>sunt</strong></span> <span class='ocrx_word' id='word_1_102' title='bbox 1654 1076 1768 1132; x_wconf 71' lang='lat' dir='ltr'><strong>lucc</strong></span> <span class='ocrx_word' id='word_1_103' title='bbox 1789 1075 2065 1147; x_wconf 70' lang='lat' dir='ltr'><strong>Propheta!</strong></span> 
     </span>
    </p>
   </div>
   <div class='ocr_carea' id='block_1_15' title="bbox 2170 1075 3754 1153">
    <p class='ocr_par' dir='ltr' id='par_1_15' title="bbox 2180 1079 3754 1153">
     <span class='ocr_line' id='line_1_15' title="bbox 2180 1079 3754 1153; baseline 0.002 -21"><span class='ocrx_word' id='word_1_104' title='bbox 2180 1080 2324 1150; x_wconf 78' lang='grc' dir='ltr'>ϐαρα</span> <span class='ocrx_word' id='word_1_105' title='bbox 2353 1079 2507 1151; x_wconf 77' lang='grc' dir='ltr'>ἔθνη,</span> <span class='ocrx_word' id='word_1_106' title='bbox 2544 1080 2641 1135; x_wconf 82' lang='grc' dir='ltr'><strong>καὶ</strong></span> <span class='ocrx_word' id='word_1_107' title='bbox 2669 1080 2795 1145; x_wconf 83' lang='grc' dir='ltr'>τοὺς</span> <span class='ocrx_word' id='word_1_108' title='bbox 2825 1081 3266 1153; x_wconf 75' lang='grc' dir='ltr'>δαίμονας,ἐχων</span> <span class='ocrx_word' id='word_1_109' title='bbox 3289 1083 3484 1152; x_wconf 74' lang='grc' dir='ltr'>ἔφορον</span> <span class='ocrx_word' id='word_1_110' title='bbox 3522 1081 3754 1137; x_wconf 78' lang='grc' dir='ltr'><strong>σεαυτοῦ</strong></span> 
     </span>
    </p>
   </div>
   <div class='ocr_carea' id='block_1_16' title="bbox 494 1168 2462 1239">
    <p class='ocr_par' dir='ltr' id='par_1_16' title="bbox 494 1168 2462 1239">
     <span class='ocr_line' id='line_1_16' title="bbox 494 1168 2462 1239; baseline -0.001 -11"><span class='ocrx_word' id='word_1_111' title='bbox 494 1175 687 1237; x_wconf 75' lang='lat' dir='ltr'><strong>verba,</strong></span> <span class='ocrx_word' id='word_1_112' title='bbox 725 1173 796 1230; x_wconf 86' lang='lat' dir='ltr'><strong>ob</strong></span> <span class='ocrx_word' id='word_1_113' title='bbox 849 1188 945 1229; x_wconf 89' lang='lat' dir='ltr'><strong>eas</strong></span> <span class='ocrx_word' id='word_1_114' title='bbox 1020 1172 1266 1227; x_wconf 81' lang='lat' dir='ltr'><strong>rationes</strong></span> <span class='ocrx_word' id='word_1_115' title='bbox 1324 1185 1457 1239; x_wconf 87' lang='lat' dir='ltr'><strong>quas</strong></span> <span class='ocrx_word' id='word_1_116' title='bbox 1519 1168 1645 1223; x_wconf 81' lang='lat' dir='ltr'><strong>alibi</strong></span> <span class='ocrx_word' id='word_1_117' title='bbox 1706 1169 2076 1239; x_wconf 63' lang='lat' dir='ltr'><strong>praediximus.</strong></span> <span class='ocrx_word' id='word_1_118' title='bbox 2182 1170 2272 1225; x_wconf 82' lang='grc' dir='ltr'>τὸν</span> <span class='ocrx_word' id='word_1_119' title='bbox 2306 1172 2462 1229; x_wconf 87' lang='grc' dir='ltr'>Θεόν.</span> 
     </span>
    </p>
   </div>
   <div class='ocr_carea' id='block_1_17' title="bbox 496 1260 3754 1339">
    <p class='ocr_par' dir='ltr' id='par_1_17' title="bbox 496 1260 3754 1339">
     <span class='ocr_line' id='line_1_17' title="bbox 496 1260 3754 1339; baseline 0.001 -20"><span class='ocrx_word' id='word_1_120' title='bbox 496 1264 825 1336; x_wconf 84' lang='lat' dir='ltr'><strong>Quicunque</strong></span> <span class='ocrx_word' id='word_1_121' title='bbox 853 1264 1016 1319; x_wconf 87' lang='lat' dir='ltr'><strong>etiam</strong></span> <span class='ocrx_word' id='word_1_122' title='bbox 1058 1263 1221 1317; x_wconf 78' lang='lat' dir='ltr'><strong>fuerit</strong></span> <span class='ocrx_word' id='word_1_123' title='bbox 1255 1261 1451 1327; x_wconf 90' lang='lat' dir='ltr'><strong>ﬁdelis,</strong></span> <span class='ocrx_word' id='word_1_124' title='bbox 1480 1263 1573 1331; x_wconf 89' lang='lat' dir='ltr'><strong>qui</strong></span> <span class='ocrx_word' id='word_1_125' title='bbox 1618 1260 1789 1316; x_wconf 82' lang='lat' dir='ltr'><strong>Deum</strong></span> <span class='ocrx_word' id='word_1_126' title='bbox 1831 1261 1915 1313; x_wconf 89' lang='lat' dir='ltr'><strong>sui</strong></span> <span class='ocrx_word' id='word_1_127' title='bbox 1950 1261 2230 1316; x_wconf 78' lang='lat' dir='ltr'><strong>custodem</strong></span> <span class='ocrx_word' id='word_1_128' title='bbox 2272 1265 2494 1335; x_wconf 86' lang='lat' dir='ltr'><strong>habeat,</strong></span> <span class='ocrx_word' id='word_1_129' title='bbox 2529 1268 2925 1324; x_wconf 81' lang='lat' dir='ltr'><strong>exacerbantes</strong></span> <span class='ocrx_word' id='word_1_130' title='bbox 2943 1268 3218 1339; x_wconf 86' lang='lat' dir='ltr'><strong>appellare</strong></span> <span class='ocrx_word' id='word_1_131' title='bbox 3249 1276 3431 1339; x_wconf 83' lang='lat' dir='ltr'><strong>potest</strong></span> <span class='ocrx_word' id='word_1_132' title='bbox 3472 1281 3578 1324; x_wconf 90' lang='lat' dir='ltr'><strong>tam</strong></span> <span class='ocrx_word' id='word_1_133' title='bbox 3604 1270 3754 1339; x_wconf 73' lang='lat' dir='ltr'><strong>ipsos</strong></span> 
     </span>
    </p>
   </div>
   <div class='ocr_carea' id='block_1_18' title="bbox 497 1351 1893 1424">
    <p class='ocr_par' dir='ltr' id='par_1_18' title="bbox 497 1351 1893 1424">
     <span class='ocr_line' id='line_1_18' title="bbox 497 1351 1893 1424; baseline -0.002 -16"><span class='ocrx_word' id='word_1_134' title='bbox 497 1358 790 1422; x_wconf 69' lang='lat' dir='ltr'><strong>dmmones,</strong></span> <span class='ocrx_word' id='word_1_135' title='bbox 826 1370 990 1424; x_wconf 90' lang='lat' dir='ltr'><strong>quam</strong></span> <span class='ocrx_word' id='word_1_136' title='bbox 1026 1352 1270 1407; x_wconf 82' lang='lat' dir='ltr'><strong>inimicas</strong></span> <span class='ocrx_word' id='word_1_137' title='bbox 1295 1367 1359 1407; x_wconf 90' lang='lat' dir='ltr'><strong>ac</strong></span> <span class='ocrx_word' id='word_1_138' title='bbox 1387 1351 1652 1408; x_wconf 84' lang='lat' dir='ltr'><strong>barbaras</strong></span> <span class='ocrx_word' id='word_1_139' title='bbox 1683 1359 1893 1423; x_wconf 85' lang='lat' dir='ltr'><strong>gentes.</strong></span> 
     </span>
    </p>
   </div>
   <div class='ocr_carea' id='block_1_19' title="bbox 585 1442 2065 1518">
    <p class='ocr_par' dir='ltr' id='par_1_19' title="bbox 585 1442 2058 1513">
     <span class='ocr_line' id='line_1_19' title="bbox 585 1442 2058 1513; baseline -0.003 -12"><span class='ocrx_word' id='word_1_140' title='bbox 585 1448 753 1502; x_wconf 72' lang='lat' dir='ltr'><strong>Vens.</strong></span> <span class='ocrx_word' id='word_1_141' title='bbox 794 1446 847 1501; x_wconf 92' lang='lat'><strong>8.</strong></span> <span class='ocrx_word' id='word_1_142' title='bbox 914 1444 1253 1508; x_wconf 85' lang='lat' dir='ltr'><strong>Benedicitc,</strong></span> <span class='ocrx_word' id='word_1_143' title='bbox 1314 1454 1510 1513; x_wconf 90' lang='lat' dir='ltr'><strong>gentes,</strong></span> <span class='ocrx_word' id='word_1_144' title='bbox 1581 1442 1744 1497; x_wconf 87' lang='lat' dir='ltr'><strong>Deum</strong></span> <span class='ocrx_word' id='word_1_145' title='bbox 1821 1452 2058 1498; x_wconf 86' lang='lat' dir='ltr'><strong>nostrum</strong></span> 
     </span>
    </p>
   </div>
   <div class='ocr_carea' id='block_1_20' title="bbox 2170 1442 3754 1518">
    <p class='ocr_par' dir='ltr' id='par_1_20' title="bbox 2254 1446 3754 1518">
     <span class='ocr_line' id='line_1_20' title="bbox 2254 1446 3754 1518; baseline 0.001 -18"><span class='ocrx_word' id='word_1_146' title='bbox 2254 1446 2598 1516; x_wconf 74' lang='grc' dir='ltr'>Εὐλογεῖτε,</span> <span class='ocrx_word' id='word_1_147' title='bbox 2631 1447 2799 1516; x_wconf 77' lang='grc' dir='ltr'>ἔθνη,</span> <span class='ocrx_word' id='word_1_148' title='bbox 2841 1447 2949 1502; x_wconf 81' lang='grc' dir='ltr'><strong>τὸν</strong></span> <span class='ocrx_word' id='word_1_149' title='bbox 2980 1448 3130 1502; x_wconf 78' lang='grc' dir='ltr'><strong>Θεὸν</strong></span> <span class='ocrx_word' id='word_1_150' title='bbox 3162 1446 3351 1517; x_wconf 72' lang='grc' dir='ltr'>ἡμῶν.</span> <span class='ocrx_word' id='word_1_151' title='bbox 3385 1446 3557 1518; x_wconf 79' lang='grc' dir='ltr'>Ἐθνη</span> <span class='ocrx_word' id='word_1_152' title='bbox 3597 1446 3683 1517; x_wconf 77' lang='grc' dir='ltr'><strong>ἐφ’</strong></span> <span class='ocrx_word' id='word_1_153' title='bbox 3716 1448 3754 1502; x_wconf 79' lang='grc' dir='ltr'><strong>ἃ</strong></span> 
     </span>
    </p>
   </div>
   <div class='ocr_carea' id='block_1_21' title="bbox 474 1533 2065 1611">
    <p class='ocr_par' dir='ltr' id='par_1_21' title="bbox 474 1533 2062 1605">
     <span class='ocr_line' id='line_1_21' title="bbox 474 1533 2062 1605; baseline -0.003 -11"><span class='ocrx_word' id='word_1_154' title='bbox 474 1541 684 1594; x_wconf 77' lang='lat' dir='ltr'><strong>Gentes</strong></span> <span class='ocrx_word' id='word_1_155' title='bbox 733 1537 891 1601; x_wconf 90' lang='lat' dir='ltr'><strong>dico,</strong></span> <span class='ocrx_word' id='word_1_156' title='bbox 946 1537 1012 1589; x_wconf 88' lang='lat' dir='ltr'><strong>ad</strong></span> <span class='ocrx_word' id='word_1_157' title='bbox 1075 1550 1211 1605; x_wconf 78' lang='lat' dir='ltr'><strong>quas</strong></span> <span class='ocrx_word' id='word_1_158' title='bbox 1257 1534 1503 1590; x_wconf 86' lang='lat' dir='ltr'><strong>custodia</strong></span> <span class='ocrx_word' id='word_1_159' title='bbox 1566 1542 1620 1588; x_wconf 90' lang='lat' dir='ltr'><strong>et</strong></span> <span class='ocrx_word' id='word_1_160' title='bbox 1679 1535 1950 1603; x_wconf 82' lang='lat' dir='ltr'><strong>protectio</strong></span> <span class='ocrx_word' id='word_1_161' title='bbox 1989 1533 2062 1589; x_wconf 88' lang='lat' dir='ltr'><strong>Dc</strong></span> 
     </span>
    </p>
   </div>
   <div class='ocr_carea' id='block_1_22' title="bbox 2170 1533 3115 1611">
    <p class='ocr_par' dir='ltr' id='par_1_22' title="bbox 2184 1538 3115 1611">
     <span class='ocr_line' id='line_1_22' title="bbox 2184 1538 3115 1611; baseline 0.003 -21"><span class='ocrx_word' id='word_1_162' title='bbox 2184 1538 2420 1609; x_wconf 82' lang='grc' dir='ltr'>μετέστη</span> <span class='ocrx_word' id='word_1_163' title='bbox 2462 1541 2496 1610; x_wconf 78' lang='grc' dir='ltr'>ἡ</span> <span class='ocrx_word' id='word_1_164' title='bbox 2529 1541 2807 1611; x_wconf 79' lang='grc' dir='ltr'>ὲπισκοπὴ</span> <span class='ocrx_word' id='word_1_165' title='bbox 2833 1541 2927 1595; x_wconf 81' lang='grc' dir='ltr'>τοῦ</span> <span class='ocrx_word' id='word_1_166' title='bbox 2954 1541 3115 1594; x_wconf 75' lang='grc' dir='ltr'>Θεοῦ.</span> 
     </span>
    </p>
   </div>
   <div class='ocr_carea' id='block_1_23' title="bbox 498 1629 868 1700">
    <p class='ocr_par' dir='ltr' id='par_1_23' title="bbox 498 1629 868 1700">
     <span class='ocr_line' id='line_1_23' title="bbox 498 1629 868 1700; baseline -0.014 -14"><span class='ocrx_word' id='word_1_167' title='bbox 498 1629 868 1700; x_wconf 79' lang='lat' dir='ltr'><strong>pcrtransivit.</strong></span> 
     </span>
    </p>
   </div>
   <div class='ocr_carea' id='block_1_24' title="bbox 566 1716 2065 1792">
    <p class='ocr_par' dir='ltr' id='par_1_24' title="bbox 566 1716 2065 1789">
     <span class='ocr_line' id='line_1_24' title="bbox 566 1716 2065 1789; baseline 0.001 -16"><span class='ocrx_word' id='word_1_168' title='bbox 566 1719 635 1773; x_wconf 88' lang='lat' dir='ltr'><strong>Et</strong></span> <span class='ocrx_word' id='word_1_169' title='bbox 674 1720 919 1774; x_wconf 84' lang='lat' dir='ltr'><strong>auditam</strong></span> <span class='ocrx_word' id='word_1_170' title='bbox 948 1720 1111 1789; x_wconf 86' lang='lat' dir='ltr'><strong>facite</strong></span> <span class='ocrx_word' id='word_1_171' title='bbox 1159 1734 1333 1774; x_wconf 83' lang='lat' dir='ltr'><strong>vocem</strong></span> <span class='ocrx_word' id='word_1_172' title='bbox 1384 1717 1562 1772; x_wconf 79' lang='lat' dir='ltr'><strong>laudis</strong></span> <span class='ocrx_word' id='word_1_173' title='bbox 1620 1718 1757 1787; x_wconf 83' lang='lat' dir='ltr'><strong>ejus.</strong></span> <span class='ocrx_word' id='word_1_174' title='bbox 1816 1716 1931 1773; x_wconf 83' lang='lat' dir='ltr'><strong>Hoc</strong></span> <span class='ocrx_word' id='word_1_175' title='bbox 1991 1730 2065 1774; x_wconf 91' lang='lat' dir='ltr'><strong>esl</strong></span> 
     </span>
    </p>
   </div>
   <div class='ocr_carea' id='block_1_25' title="bbox 2170 1716 3756 1792">
    <p class='ocr_par' dir='ltr' id='par_1_25' title="bbox 2246 1720 3756 1792">
     <span class='ocr_line' id='line_1_25' title="bbox 2246 1720 3756 1792; baseline 0.001 -17"><span class='ocrx_word' id='word_1_176' title='bbox 2246 1722 2356 1776; x_wconf 76' lang='grc' dir='ltr'><strong>Καὶ</strong></span> <span class='ocrx_word' id='word_1_177' title='bbox 2435 1721 2799 1776; x_wconf 74' lang='grc' dir='ltr'>ἀκουτίσατε</span> <span class='ocrx_word' id='word_1_178' title='bbox 2871 1720 2987 1787; x_wconf 76' lang='grc' dir='ltr'>τὴν</span> <span class='ocrx_word' id='word_1_179' title='bbox 3042 1722 3254 1792; x_wconf 75' lang='grc' dir='ltr'>φωνὴν</span> <span class='ocrx_word' id='word_1_180' title='bbox 3292 1721 3401 1790; x_wconf 83' lang='grc' dir='ltr'>τῆς</span> <span class='ocrx_word' id='word_1_181' title='bbox 3464 1724 3756 1788; x_wconf 72' lang='grc' dir='ltr'>αἰνέσεως</span> 
     </span>
    </p>
   </div>
   <div class='ocr_carea' id='block_1_26' title="bbox 494 1807 2065 1905">
    <p class='ocr_par' dir='ltr' id='par_1_26' title="bbox 494 1807 2065 1878">
     <span class='ocr_line' id='line_1_26' title="bbox 494 1807 2065 1878; baseline 0.001 -17"><span class='ocrx_word' id='word_1_182' title='bbox 494 1809 688 1878; x_wconf 84' lang='lat' dir='ltr'><strong>majori</strong></span> <span class='ocrx_word' id='word_1_183' title='bbox 744 1823 878 1864; x_wconf 84' lang='lat' dir='ltr'><strong>voce</strong></span> <span class='ocrx_word' id='word_1_184' title='bbox 912 1807 1184 1864; x_wconf 77' lang='lat' dir='ltr'><strong>extollite.</strong></span> <span class='ocrx_word' id='word_1_185' title='bbox 1240 1807 1337 1862; x_wconf 72' lang='lat' dir='ltr'><strong>Vel</strong></span> <span class='ocrx_word' id='word_1_186' title='bbox 1372 1809 1614 1861; x_wconf 74' lang='lat' dir='ltr'><strong>auditam</strong></span> <span class='ocrx_word' id='word_1_187' title='bbox 1669 1809 1829 1861; x_wconf 84' lang='lat' dir='ltr'><strong>l‘acite</strong></span> <span class='ocrx_word' id='word_1_188' title='bbox 1882 1823 2065 1864; x_wconf 82' lang='lat' dir='ltr'><strong>vocem</strong></span> 
     </span>
    </p>
   </div>
   <div class='ocr_carea' id='block_1_27' title="bbox 2170 1807 3762 1905">
    <p class='ocr_par' dir='ltr' id='par_1_27' title="bbox 2176 1813 3762 1886">
     <span class='ocr_line' id='line_1_27' title="bbox 2176 1813 3762 1886; baseline -0.001 -21"><span class='ocrx_word' id='word_1_189' title='bbox 2176 1813 2385 1869; x_wconf 82' lang='grc' dir='ltr'>αὐτοῦ.</span> <span class='ocrx_word' id='word_1_190' title='bbox 2416 1814 2717 1885; x_wconf 79' lang='grc' dir='ltr'>Ἀκουστὴν</span> <span class='ocrx_word' id='word_1_191' title='bbox 2734 1816 2997 1885; x_wconf 82' lang='grc' dir='ltr'>ποιήσατε</span> <span class='ocrx_word' id='word_1_192' title='bbox 3024 1831 3038 1845; x_wconf 83' lang='lat'><strong><em>°</em></strong></span> <span class='ocrx_word' id='word_1_193' title='bbox 3064 1815 3367 1880; x_wconf 82' lang='grc' dir='ltr'>τουτέστιν,</span> <span class='ocrx_word' id='word_1_194' title='bbox 3397 1815 3626 1885; x_wconf 69' lang='grc' dir='ltr'>ἐξάρατε</span> <span class='ocrx_word' id='word_1_195' title='bbox 3656 1832 3762 1886; x_wconf 68' lang='grc' dir='ltr'><strong>με-⁴</strong></span> 
     </span>
    </p>
   </div>
   <div class='ocr_carea' id='block_1_28' title="bbox 491 1898 1964 1969">
    <p class='ocr_par' dir='ltr' id='par_1_28' title="bbox 491 1898 1964 1969">
     <span class='ocr_line' id='line_1_28' title="bbox 491 1898 1964 1969; baseline 0 -17"><span class='ocrx_word' id='word_1_196' title='bbox 491 1899 672 1956; x_wconf 85' lang='lat' dir='ltr'><strong>laudis</strong></span> <span class='ocrx_word' id='word_1_197' title='bbox 708 1899 775 1955; x_wconf 90' lang='lat' dir='ltr'><strong>iis</strong></span> <span class='ocrx_word' id='word_1_198' title='bbox 808 1898 1145 1965; x_wconf 85' lang='lat' dir='ltr'><strong>hominibus,</strong></span> <span class='ocrx_word' id='word_1_199' title='bbox 1174 1899 1266 1969; x_wconf 88' lang='lat' dir='ltr'><strong>qui</strong></span> <span class='ocrx_word' id='word_1_200' title='bbox 1311 1908 1434 1968; x_wconf 89' lang='lat' dir='ltr'><strong>post</strong></span> <span class='ocrx_word' id='word_1_201' title='bbox 1466 1914 1563 1954; x_wconf 83' lang='lat' dir='ltr'><strong>vos</strong></span> <span class='ocrx_word' id='word_1_202' title='bbox 1599 1898 1772 1952; x_wconf 83' lang='lat' dir='ltr'><strong>futuri</strong></span> <span class='ocrx_word' id='word_1_203' title='bbox 1802 1908 1964 1954; x_wconf 87' lang='lat' dir='ltr'><strong>sunt.</strong></span> 
     </span>
    </p>
   </div>
   <div class='ocr_carea' id='block_1_29' title="bbox 562 2078 2072 2146">
    <p class='ocr_par' dir='ltr' id='par_1_29' title="bbox 562 2078 2072 2146">
     <span class='ocr_line' id='line_1_29' title="bbox 562 2078 2072 2146; baseline 0.002 -14"><span class='ocrx_word' id='word_1_204' title='bbox 562 2078 733 2134; x_wconf 74' lang='lat' dir='ltr'><strong>Vsus.</strong></span> <span class='ocrx_word' id='word_1_205' title='bbox 768 2080 821 2135; x_wconf 87' lang='lat'><strong>9.</strong></span> <span class='ocrx_word' id='word_1_206' title='bbox 853 2078 958 2145; x_wconf 86' lang='lat' dir='ltr'><strong>Qui</strong></span> <span class='ocrx_word' id='word_1_207' title='bbox 989 2079 1165 2146; x_wconf 83' lang='lat' dir='ltr'><strong>posuit</strong></span> <span class='ocrx_word' id='word_1_208' title='bbox 1195 2081 1429 2133; x_wconf 81' lang='lat' dir='ltr'><strong>animam</strong></span> <span class='ocrx_word' id='word_1_209' title='bbox 1463 2097 1631 2134; x_wconf 76' lang='lat' dir='ltr'><strong>meam</strong></span> <span class='ocrx_word' id='word_1_210' title='bbox 1654 2079 1723 2133; x_wconf 80' lang='lat' dir='ltr'><strong>ad</strong></span> <span class='ocrx_word' id='word_1_211' title='bbox 1753 2081 1935 2134; x_wconf 86' lang='lat' dir='ltr'><strong>vitam.</strong></span> <span class='ocrx_word' id='word_1_212' title='bbox 1968 2078 2072 2135; x_wconf 85' lang='lat' dir='ltr'><strong>Per</strong></span> 
     </span>
    </p>
   </div>
   <div class='ocr_carea' id='block_1_30' title="bbox 491 2171 2071 2243">
    <p class='ocr_par' dir='ltr' id='par_1_30' title="bbox 491 2171 2071 2243">
     <span class='ocr_line' id='line_1_30' title="bbox 491 2171 2071 2243; baseline 0.003 -20"><span class='ocrx_word' id='word_1_213' title='bbox 491 2175 658 2226; x_wconf 74' lang='lat' dir='ltr'><strong>vitam</strong></span> <span class='ocrx_word' id='word_1_214' title='bbox 706 2171 1023 2227; x_wconf 89' lang='lat' dir='ltr'><strong>libertatem</strong></span> <span class='ocrx_word' id='word_1_215' title='bbox 1085 2172 1361 2243; x_wconf 87' lang='lat' dir='ltr'><strong>intelligit,</strong></span> <span class='ocrx_word' id='word_1_216' title='bbox 1404 2174 1663 2241; x_wconf 87' lang='lat' dir='ltr'><strong>quoniam</strong></span> <span class='ocrx_word' id='word_1_217' title='bbox 1722 2173 1979 2239; x_wconf 76' lang='lat' dir='ltr'><strong>Servitus,</strong></span> <span class='ocrx_word' id='word_1_218' title='bbox 2014 2181 2071 2228; x_wconf 84' lang='lat' dir='ltr'><strong>ut</strong></span> 
     </span>
    </p>
   </div>
   <div class='ocr_carea' id='block_1_31' title="bbox 490 2261 1576 2331">
    <p class='ocr_par' dir='ltr' id='par_1_31' title="bbox 490 2261 1576 2331">
     <span class='ocr_line' id='line_1_31' title="bbox 490 2261 1576 2331; baseline 0.001 -16"><span class='ocrx_word' id='word_1_219' title='bbox 490 2262 772 2331; x_wconf 83' lang='lat' dir='ltr'><strong>sapientes</strong></span> <span class='ocrx_word' id='word_1_220' title='bbox 802 2261 1013 2328; x_wconf 90' lang='lat' dir='ltr'><strong>dicunt,</strong></span> <span class='ocrx_word' id='word_1_221' title='bbox 1045 2264 1207 2317; x_wconf 87' lang='lat' dir='ltr'><strong>morti</strong></span> <span class='ocrx_word' id='word_1_222' title='bbox 1241 2263 1439 2318; x_wconf 88' lang='lat' dir='ltr'><strong>similis</strong></span> <span class='ocrx_word' id='word_1_223' title='bbox 1471 2272 1576 2318; x_wconf 87' lang='lat' dir='ltr'><strong>est.</strong></span> 
     </span>
    </p>
   </div>
   <div class='ocr_carea' id='block_1_32' title="bbox 559 2351 2069 2425">
    <p class='ocr_par' dir='ltr' id='par_1_32' title="bbox 559 2351 2069 2425">
     <span class='ocr_line' id='line_1_32' title="bbox 559 2351 2069 2425; baseline 0.004 -21"><span class='ocrx_word' id='word_1_224' title='bbox 559 2351 628 2405; x_wconf 83' lang='lat' dir='ltr'><strong>Et</strong></span> <span class='ocrx_word' id='word_1_225' title='bbox 674 2354 768 2424; x_wconf 90' lang='lat' dir='ltr'><strong>qui</strong></span> <span class='ocrx_word' id='word_1_226' title='bbox 792 2369 894 2406; x_wconf 86' lang='lat' dir='ltr'><strong>non</strong></span> <span class='ocrx_word' id='word_1_227' title='bbox 924 2353 1065 2406; x_wconf 81' lang='lat' dir='ltr'><strong>dedit</strong></span> <span class='ocrx_word' id='word_1_228' title='bbox 1094 2354 1149 2406; x_wconf 87' lang='lat' dir='ltr'><strong>in</strong></span> <span class='ocrx_word' id='word_1_229' title='bbox 1173 2354 1572 2424; x_wconf 72' lang='lat' dir='ltr'><strong>ﬂuctuatione»:</strong></span> <span class='ocrx_word' id='word_1_230' title='bbox 1598 2355 1753 2425; x_wconf 85' lang='lat' dir='ltr'><strong>pedes</strong></span> <span class='ocrx_word' id='word_1_231' title='bbox 1779 2371 1940 2409; x_wconf 83' lang='lat' dir='ltr'><strong>meos.</strong></span> <span class='ocrx_word' id='word_1_232' title='bbox 1968 2354 2069 2421; x_wconf 83' lang='lat' dir='ltr'><strong>Qui</strong></span> 
     </span>
    </p>
   </div>
   <div class='ocr_carea' id='block_1_33' title="bbox 487 2442 2071 2514">
    <p class='ocr_par' dir='ltr' id='par_1_33' title="bbox 487 2442 2071 2514">
     <span class='ocr_line' id='line_1_33' title="bbox 487 2442 2071 2514; baseline 0.002 -19"><span class='ocrx_word' id='word_1_233' title='bbox 487 2442 958 2497; x_wconf 75' lang='lat' dir='ltr'><strong>conversationem</strong></span> <span class='ocrx_word' id='word_1_234' title='bbox 1017 2457 1083 2499; x_wconf 87' lang='lat' dir='ltr'><strong>ac</strong></span> <span class='ocrx_word' id='word_1_235' title='bbox 1122 2444 1285 2497; x_wconf 83' lang='lat' dir='ltr'><strong>vitam</strong></span> <span class='ocrx_word' id='word_1_236' title='bbox 1324 2460 1499 2497; x_wconf 87' lang='lat' dir='ltr'><strong>meam</strong></span> <span class='ocrx_word' id='word_1_237' title='bbox 1529 2460 1555 2497; x_wconf 87' lang='lat' dir='ltr'><strong>a</strong></span> <span class='ocrx_word' id='word_1_238' title='bbox 1588 2445 1790 2514; x_wconf 87' lang='lat' dir='ltr'><strong>pietate</strong></span> <span class='ocrx_word' id='word_1_239' title='bbox 1850 2459 1912 2499; x_wconf 88' lang='lat' dir='ltr'><strong>ac</strong></span> <span class='ocrx_word' id='word_1_240' title='bbox 1940 2442 2071 2499; x_wconf 88' lang='lat' dir='ltr'><strong>reli-</strong></span> 
     </span>
    </p>
   </div>
   <div class='ocr_carea' id='block_1_34' title="bbox 489 2534 1835 2607">
    <p class='ocr_par' dir='ltr' id='par_1_34' title="bbox 489 2534 1835 2607">
     <span class='ocr_line' id='line_1_34' title="bbox 489 2534 1835 2607; baseline 0.001 -18"><span class='ocrx_word' id='word_1_241' title='bbox 489 2534 654 2603; x_wconf 79' lang='lat' dir='ltr'><strong>gione</strong></span> <span class='ocrx_word' id='word_1_242' title='bbox 679 2535 747 2590; x_wconf 87' lang='lat' dir='ltr'><strong>ad</strong></span> <span class='ocrx_word' id='word_1_243' title='bbox 775 2536 1110 2607; x_wconf 88' lang='lat' dir='ltr'><strong>impietatem</strong></span> <span class='ocrx_word' id='word_1_244' title='bbox 1152 2536 1391 2605; x_wconf 82' lang='lat' dir='ltr'><strong>perverti</strong></span> <span class='ocrx_word' id='word_1_245' title='bbox 1426 2552 1532 2591; x_wconf 88' lang='lat' dir='ltr'><strong>nou</strong></span> <span class='ocrx_word' id='word_1_246' title='bbox 1561 2536 1835 2607; x_wconf 86' lang='lat' dir='ltr'><strong>permisit.</strong></span> 
     </span>
    </p>
   </div>
   <div class='ocr_carea' id='block_1_35' title="bbox 560 2624 2071 2694">
    <p class='ocr_par' dir='ltr' id='par_1_35' title="bbox 560 2624 2071 2694">
     <span class='ocr_line' id='line_1_35' title="bbox 560 2624 2071 2694; baseline 0.001 -15"><span class='ocrx_word' id='word_1_247' title='bbox 560 2624 729 2680; x_wconf 73' lang='lat' dir='ltr'><strong>Vsus.</strong></span> <span class='ocrx_word' id='word_1_248' title='bbox 755 2627 839 2680; x_wconf 78' lang='grc'><strong>10.</strong></span> <span class='ocrx_word' id='word_1_249' title='bbox 868 2625 1132 2692; x_wconf 76' lang='lat' dir='ltr'><strong>Quoniam</strong></span> <span class='ocrx_word' id='word_1_250' title='bbox 1152 2627 1390 2694; x_wconf 85' lang='lat' dir='ltr'><strong>probasti</strong></span> <span class='ocrx_word' id='word_1_251' title='bbox 1419 2645 1535 2692; x_wconf 83' lang='lat' dir='ltr'><strong>nos,</strong></span> <span class='ocrx_word' id='word_1_252' title='bbox 1562 2626 1720 2681; x_wconf 88' lang='lat' dir='ltr'><strong>Deus.</strong></span> <span class='ocrx_word' id='word_1_253' title='bbox 1760 2627 1884 2682; x_wconf 55' lang='lat' dir='ltr'><strong>Haec</strong></span> <span class='ocrx_word' id='word_1_254' title='bbox 1907 2626 2071 2681; x_wconf 84' lang='lat' dir='ltr'><strong>verba</strong></span> 
     </span>
    </p>
   </div>
   <div class='ocr_carea' id='block_1_36' title="bbox 472 2717 2069 2788">
    <p class='ocr_par' dir='ltr' id='par_1_36' title="bbox 472 2717 2069 2788">
     <span class='ocr_line' id='line_1_36' title="bbox 472 2717 2069 2788; baseline 0 -17"><span class='ocrx_word' id='word_1_255' title='bbox 472 2717 971 2788; x_wconf 57' lang='lat' dir='ltr'><strong>praestantissimis</strong></span> <span class='ocrx_word' id='word_1_256' title='bbox 1023 2718 1349 2788; x_wconf 79' lang='lat' dir='ltr'><strong>quibusdam</strong></span> <span class='ocrx_word' id='word_1_257' title='bbox 1401 2718 1607 2773; x_wconf 77' lang='lat' dir='ltr'><strong>sauttis</strong></span> <span class='ocrx_word' id='word_1_258' title='bbox 1668 2717 2069 2772; x_wconf 86' lang='lat' dir='ltr'><strong>accommodari</strong></span> 
     </span>
    </p>
   </div>
   <div class='ocr_carea' id='block_1_37' title="bbox 487 2810 2070 2883">
    <p class='ocr_par' dir='ltr' id='par_1_37' title="bbox 487 2810 2070 2883">
     <span class='ocr_line' id='line_1_37' title="bbox 487 2810 2070 2883; baseline -0.002 -16"><span class='ocrx_word' id='word_1_259' title='bbox 487 2818 749 2883; x_wconf 85' lang='lat' dir='ltr'><strong>possunt,</strong></span> <span class='ocrx_word' id='word_1_260' title='bbox 787 2812 983 2882; x_wconf 86' lang='lat' dir='ltr'><strong>quales</strong></span> <span class='ocrx_word' id='word_1_261' title='bbox 1033 2813 1186 2867; x_wconf 81' lang='lat' dir='ltr'><strong>fuere</strong></span> <span class='ocrx_word' id='word_1_262' title='bbox 1218 2810 1430 2876; x_wconf 89' lang='lat' dir='ltr'><strong>Daniel,</strong></span> <span class='ocrx_word' id='word_1_263' title='bbox 1471 2821 1527 2866; x_wconf 89' lang='lat' dir='ltr'><strong>et</strong></span> <span class='ocrx_word' id='word_1_264' title='bbox 1559 2824 1669 2866; x_wconf 92' lang='lat' dir='ltr'><strong>trcs</strong></span> <span class='ocrx_word' id='word_1_265' title='bbox 1698 2813 1872 2882; x_wconf 87' lang='lat' dir='ltr'><strong>pueri,</strong></span> <span class='ocrx_word' id='word_1_266' title='bbox 1897 2820 1952 2865; x_wconf 90' lang='lat' dir='ltr'><strong>et</strong></span> <span class='ocrx_word' id='word_1_267' title='bbox 1978 2810 2070 2865; x_wconf 86' lang='lat' dir='ltr'><strong>alii</strong></span> 
     </span>
    </p>
   </div>
   <div class='ocr_carea' id='block_1_38' title="bbox 487 2896 2066 2974">
    <p class='ocr_par' dir='ltr' id='par_1_38' title="bbox 487 2896 2066 2974">
     <span class='ocr_line' id='line_1_38' title="bbox 487 2896 2066 2974; baseline 0 -17"><span class='ocrx_word' id='word_1_268' title='bbox 487 2896 830 2974; x_wconf 75' lang='lat' dir='ltr'><strong>huiusmodi.</strong></span> <span class='ocrx_word' id='word_1_269' title='bbox 869 2904 1079 2960; x_wconf 86' lang='lat' dir='ltr'><strong>Deinde</strong></span> <span class='ocrx_word' id='word_1_270' title='bbox 1102 2912 1467 2959; x_wconf 87' lang='lat' dir='ltr'><strong>connumerat</strong></span> <span class='ocrx_word' id='word_1_271' title='bbox 1499 2918 1699 2974; x_wconf 85' lang='lat' dir='ltr'><strong>genera</strong></span> <span class='ocrx_word' id='word_1_272' title='bbox 1739 2903 2066 2973; x_wconf 84' lang='lat' dir='ltr'><strong>disciplinae.</strong></span> 
     </span>
    </p>
   </div>
   <div class='ocr_carea' id='block_1_39' title="bbox 483 2994 2067 3066">
    <p class='ocr_par' dir='ltr' id='par_1_39' title="bbox 483 2994 2067 3066">
     <span class='ocr_line' id='line_1_39' title="bbox 483 2994 2067 3066; baseline -0.001 -17"><span class='ocrx_word' id='word_1_273' title='bbox 483 2994 744 3052; x_wconf 86' lang='lat' dir='ltr'><strong>Probasti</strong></span> <span class='ocrx_word' id='word_1_274' title='bbox 800 3012 920 3063; x_wconf 88' lang='lat' dir='ltr'><strong>nos,</strong></span> <span class='ocrx_word' id='word_1_275' title='bbox 956 2996 1238 3066; x_wconf 88' lang='lat' dir='ltr'><strong>inquiunt,</strong></span> <span class='ocrx_word' id='word_1_276' title='bbox 1273 2997 1328 3049; x_wconf 92' lang='lat' dir='ltr'><strong>in</strong></span> <span class='ocrx_word' id='word_1_277' title='bbox 1364 2995 1789 3059; x_wconf 88' lang='lat' dir='ltr'><strong>tentationibus,</strong></span> <span class='ocrx_word' id='word_1_278' title='bbox 1828 2996 1930 3049; x_wconf 90' lang='lat' dir='ltr'><strong>boc</strong></span> <span class='ocrx_word' id='word_1_279' title='bbox 1961 3004 2067 3063; x_wconf 89' lang='lat' dir='ltr'><strong>est,</strong></span> 
     </span>
    </p>
   </div>
   <div class='ocr_carea' id='block_1_40' title="bbox 493 3087 2067 3159">
    <p class='ocr_par' dir='ltr' id='par_1_40' title="bbox 493 3087 2067 3159">
     <span class='ocr_line' id='line_1_40' title="bbox 493 3087 2067 3159; baseline 0 -17"><span class='ocrx_word' id='word_1_280' title='bbox 493 3088 850 3159; x_wconf 81' lang='lat' dir='ltr'><strong>Exquisivisti</strong></span> <span class='ocrx_word' id='word_1_281' title='bbox 908 3103 1151 3158; x_wconf 81' lang='lat' dir='ltr'><strong>quonam</strong></span> <span class='ocrx_word' id='word_1_282' title='bbox 1219 3087 1381 3143; x_wconf 85' lang='lat' dir='ltr'><strong>modo</strong></span> <span class='ocrx_word' id='word_1_283' title='bbox 1425 3087 1587 3141; x_wconf 85' lang='lat' dir='ltr'><strong>ﬁdem</strong></span> <span class='ocrx_word' id='word_1_284' title='bbox 1632 3101 1699 3141; x_wconf 90' lang='lat' dir='ltr'><strong>ac</strong></span> <span class='ocrx_word' id='word_1_285' title='bbox 1752 3087 2067 3156; x_wconf 81' lang='lat' dir='ltr'><strong>patientiam</strong></span> 
     </span>
    </p>
   </div>
   <div class='ocr_carea' id='block_1_41' title="bbox 485 3182 837 3236">
    <p class='ocr_par' dir='ltr' id='par_1_41' title="bbox 485 3182 837 3236">
     <span class='ocr_line' id='line_1_41' title="bbox 485 3182 837 3236; baseline -0.003 0"><span class='ocrx_word' id='word_1_286' title='bbox 485 3182 837 3236; x_wconf 82' lang='lat' dir='ltr'><strong>haberemus.</strong></span> 
     </span>
    </p>
   </div>
   <div class='ocr_carea' id='block_1_42' title="bbox 562 3256 2066 3344">
    <p class='ocr_par' dir='ltr' id='par_1_42' title="bbox 562 3256 2066 3344">
     <span class='ocr_line' id='line_1_42' title="bbox 562 3256 2066 3344; baseline 0.001 -17"><span class='ocrx_word' id='word_1_287' title='bbox 562 3272 694 3344; x_wconf 84' lang='lat' dir='ltr'><strong>Igne</strong></span> <span class='ocrx_word' id='word_1_288' title='bbox 733 3256 839 3327; x_wconf 27' lang='lat' dir='ltr'><strong>nos.</strong></span> <span class='ocrx_word' id='word_1_289' title='bbox 861 3274 1185 3328; x_wconf 74' lang='lat' dir='ltr'><strong>examinastt</strong></span> <span class='ocrx_word' id='word_1_290' title='bbox 1223 3281 1361 3326; x_wconf 75' lang='lat' dir='ltr'><strong>sicut</strong></span> <span class='ocrx_word' id='word_1_291' title='bbox 1393 3274 1733 3328; x_wconf 72' lang='lat' dir='ltr'><strong>examinatur</strong></span> <span class='ocrx_word' id='word_1_292' title='bbox 1765 3284 2066 3344; x_wconf 84' lang='lat' dir='ltr'><strong>argentum.</strong></span> 
     </span>
    </p>
   </div>
   <div class='ocr_carea' id='block_1_43' title="bbox 486 3365 2070 3439">
    <p class='ocr_par' dir='ltr' id='par_1_43' title="bbox 486 3365 2070 3439">
     <span class='ocr_line' id='line_1_43' title="bbox 486 3365 2070 3439; baseline -0.001 -17"><span class='ocrx_word' id='word_1_293' title='bbox 486 3369 602 3424; x_wconf 90' lang='lat' dir='ltr'><strong>lloc</strong></span> <span class='ocrx_word' id='word_1_294' title='bbox 652 3375 893 3439; x_wconf 89' lang='lat' dir='ltr'><strong>propter</strong></span> <span class='ocrx_word' id='word_1_295' title='bbox 946 3368 1225 3423; x_wconf 87' lang='lat' dir='ltr'><strong>caminum</strong></span> <span class='ocrx_word' id='word_1_296' title='bbox 1287 3365 1430 3438; x_wconf 81' lang='lat' dir='ltr'><strong>ignis</strong></span> <span class='ocrx_word' id='word_1_297' title='bbox 1477 3365 1686 3421; x_wconf 88' lang='lat' dir='ltr'><strong>dictqu</strong></span> <span class='ocrx_word' id='word_1_298' title='bbox 1736 3376 1841 3431; x_wconf 85' lang='lat' dir='ltr'><strong>est,</strong></span> <span class='ocrx_word' id='word_1_299' title='bbox 1875 3365 1927 3419; x_wconf 91' lang='lat' dir='ltr'><strong>in</strong></span> <span class='ocrx_word' id='word_1_300' title='bbox 1961 3381 2070 3436; x_wconf 89' lang='lat' dir='ltr'><strong>quo</strong></span> 
     </span>
    </p>
   </div>
   <div class='ocr_carea' id='block_1_44' title="bbox 484 3455 2065 3529">
    <p class='ocr_par' dir='ltr' id='par_1_44' title="bbox 484 3455 2065 3529">
     <span class='ocr_line' id='line_1_44' title="bbox 484 3455 2065 3529; baseline -0.002 -14"><span class='ocrx_word' id='word_1_301' title='bbox 484 3462 711 3517; x_wconf 77' lang='lat' dir='ltr'><strong>fuerunt</strong></span> <span class='ocrx_word' id='word_1_302' title='bbox 757 3471 868 3515; x_wconf 86' lang='lat' dir='ltr'><strong>tres</strong></span> <span class='ocrx_word' id='word_1_303' title='bbox 903 3457 1083 3528; x_wconf 87' lang='lat' dir='ltr'><strong>pueri.</strong></span> <span class='ocrx_word' id='word_1_304' title='bbox 1140 3455 1443 3513; x_wconf 82' lang='lat' dir='ltr'><strong>Possumus</strong></span> <span class='ocrx_word' id='word_1_305' title='bbox 1490 3459 1652 3513; x_wconf 88' lang='lat' dir='ltr'><strong>etiam</strong></span> <span class='ocrx_word' id='word_1_306' title='bbox 1708 3474 1805 3528; x_wconf 92' lang='lat' dir='ltr'><strong>per</strong></span> <span class='ocrx_word' id='word_1_307' title='bbox 1862 3459 2065 3529; x_wconf 89' lang='lat' dir='ltr'><strong>ignem,</strong></span> 
     </span>
    </p>
   </div>
   <div class='ocr_carea' id='block_1_45' title="bbox 484 3549 2067 3624">
    <p class='ocr_par' dir='ltr' id='par_1_45' title="bbox 484 3549 2067 3624">
     <span class='ocr_line' id='line_1_45' title="bbox 484 3549 2067 3624; baseline -0.002 -17"><span class='ocrx_word' id='word_1_308' title='bbox 484 3555 663 3624; x_wconf 88' lang='lat' dir='ltr'><strong>ipsam</strong></span> <span class='ocrx_word' id='word_1_309' title='bbox 708 3551 1122 3606; x_wconf 76' lang='lat' dir='ltr'><strong>tribulationem</strong></span> <span class='ocrx_word' id='word_1_310' title='bbox 1179 3557 1343 3619; x_wconf 90' lang='lat' dir='ltr'><strong>atque</strong></span> <span class='ocrx_word' id='word_1_311' title='bbox 1380 3549 1756 3604; x_wconf 87' lang='lat' dir='ltr'><strong>calamitatum</strong></span> <span class='ocrx_word' id='word_1_312' title='bbox 1789 3549 2067 3605; x_wconf 83' lang='lat' dir='ltr'><strong>ﬂammam</strong></span> 
     </span>
    </p>
   </div>
   <div class='ocr_carea' id='block_1_46' title="bbox 480 3645 811 3715">
    <p class='ocr_par' dir='ltr' id='par_1_46' title="bbox 480 3645 811 3715">
     <span class='ocr_line' id='line_1_46' title="bbox 480 3645 811 3715; baseline 0 -15"><span class='ocrx_word' id='word_1_313' title='bbox 480 3645 811 3715; x_wconf 78' lang='lat' dir='ltr'><strong>intelligere.</strong></span> 
     </span>
    </p>
   </div>
   <div class='ocr_carea' id='block_1_47' title="bbox 555 3732 2069 3805">
    <p class='ocr_par' dir='ltr' id='par_1_47' title="bbox 555 3732 2069 3805">
     <span class='ocr_line' id='line_1_47' title="bbox 555 3732 2069 3805; baseline 0 -17"><span class='ocrx_word' id='word_1_314' title='bbox 555 3732 725 3789; x_wconf 75' lang='lat' dir='ltr'><strong>Vsus.</strong></span> <span class='ocrx_word' id='word_1_315' title='bbox 756 3734 842 3790; x_wconf 78' lang='grc'><strong>11.</strong></span> <span class='ocrx_word' id='word_1_316' title='bbox 875 3733 1150 3788; x_wconf 79' lang='lat' dir='ltr'><strong>Induxiin</strong></span> <span class='ocrx_word' id='word_1_317' title='bbox 1178 3750 1270 3788; x_wconf 86' lang='lat' dir='ltr'><strong>nos</strong></span> <span class='ocrx_word' id='word_1_318' title='bbox 1308 3735 1360 3787; x_wconf 87' lang='lat' dir='ltr'><strong>in</strong></span> <span class='ocrx_word' id='word_1_319' title='bbox 1389 3734 1657 3805; x_wconf 86' lang='lat' dir='ltr'><strong>laqueum.</strong></span> <span class='ocrx_word' id='word_1_320' title='bbox 1698 3732 1813 3788; x_wconf 80' lang='lat' dir='ltr'><strong>Hoc</strong></span> <span class='ocrx_word' id='word_1_321' title='bbox 1847 3743 2069 3805; x_wconf 84' lang='lat' dir='ltr'><strong>propter</strong></span> 
     </span>
    </p>
   </div>
   <div class='ocr_carea' id='block_1_48' title="bbox 482 3825 2067 3897">
    <p class='ocr_par' dir='ltr' id='par_1_48' title="bbox 482 3825 2067 3897">
     <span class='ocr_line' id='line_1_48' title="bbox 482 3825 2067 3897; baseline 0.001 -17"><span class='ocrx_word' id='word_1_322' title='bbox 482 3826 667 3881; x_wconf 82' lang='lat' dir='ltr'><strong>lacum</strong></span> <span class='ocrx_word' id='word_1_323' title='bbox 710 3826 928 3881; x_wconf 86' lang='lat' dir='ltr'><strong>leonum</strong></span> <span class='ocrx_word' id='word_1_324' title='bbox 989 3825 1196 3880; x_wconf 90' lang='lat' dir='ltr'><strong>dictum</strong></span> <span class='ocrx_word' id='word_1_325' title='bbox 1261 3826 1496 3892; x_wconf 85' lang='lat' dir='ltr'><strong>videtur,</strong></span> <span class='ocrx_word' id='word_1_326' title='bbox 1538 3827 1591 3881; x_wconf 90' lang='lat' dir='ltr'><strong>in</strong></span> <span class='ocrx_word' id='word_1_327' title='bbox 1652 3842 1816 3897; x_wconf 91' lang='lat' dir='ltr'><strong>quem</strong></span> <span class='ocrx_word' id='word_1_328' title='bbox 1880 3826 2067 3881; x_wconf 88' lang='lat' dir='ltr'><strong>Daniel</strong></span> 
     </span>
    </p>
   </div>
   <div class='ocr_carea' id='block_1_49' title="bbox 486 3918 2067 3992">
    <p class='ocr_par' dir='ltr' id='par_1_49' title="bbox 486 3918 2067 3992">
     <span class='ocr_line' id='line_1_49' title="bbox 486 3918 2067 3992; baseline 0.004 -21"><span class='ocrx_word' id='word_1_329' title='bbox 486 3918 776 3974; x_wconf 87' lang='lat' dir='ltr'><strong>immissus</strong></span> <span class='ocrx_word' id='word_1_330' title='bbox 809 3927 895 3973; x_wconf 84' lang='lat' dir='ltr'><strong>est</strong></span> <span class='ocrx_word' id='word_1_331' title='bbox 929 3937 941 3972; x_wconf 90' lang='lat'><strong>:</strong></span> <span class='ocrx_word' id='word_1_332' title='bbox 985 3918 1202 3974; x_wconf 85' lang='lat' dir='ltr'><strong>tametsi</strong></span> <span class='ocrx_word' id='word_1_333' title='bbox 1234 3933 1398 3974; x_wconf 84' lang='lat' dir='ltr'><strong>omne</strong></span> <span class='ocrx_word' id='word_1_334' title='bbox 1431 3918 1581 3974; x_wconf 82' lang='lat' dir='ltr'><strong>aliud</strong></span> <span class='ocrx_word' id='word_1_335' title='bbox 1633 3919 1952 3976; x_wconf 83' lang='lat' dir='ltr'><strong>aﬂlictionis</strong></span> <span class='ocrx_word' id='word_1_336' title='bbox 1977 3935 2067 3992; x_wconf 80' lang='lat' dir='ltr'><strong>ge-</strong></span> 
     </span>
    </p>
   </div>
   <div class='ocr_carea' id='block_1_50' title="bbox 486 4012 1095 4083">
    <p class='ocr_par' dir='ltr' id='par_1_50' title="bbox 486 4012 1095 4083">
     <span class='ocr_line' id='line_1_50' title="bbox 486 4012 1095 4083; baseline 0.003 -17"><span class='ocrx_word' id='word_1_337' title='bbox 486 4026 594 4066; x_wconf 88' lang='lat' dir='ltr'><strong>nus</strong></span> <span class='ocrx_word' id='word_1_338' title='bbox 632 4012 864 4083; x_wconf 75' lang='lat' dir='ltr'><strong>intelligi</strong></span> <span class='ocrx_word' id='word_1_339' title='bbox 899 4012 1095 4083; x_wconf 87' lang='lat' dir='ltr'><strong>possit.</strong></span> 
     </span>
    </p>
   </div>
   <div class='ocr_carea' id='block_1_51' title="bbox 554 4102 2068 4178">
    <p class='ocr_par' dir='ltr' id='par_1_51' title="bbox 554 4102 2068 4178">
     <span class='ocr_line' id='line_1_51' title="bbox 554 4102 2068 4178; baseline 0.003 -21"><span class='ocrx_word' id='word_1_340' title='bbox 554 4102 799 4158; x_wconf 82' lang='lat' dir='ltr'><strong>Posuisti</strong></span> <span class='ocrx_word' id='word_1_341' title='bbox 833 4104 1208 4160; x_wconf 86' lang='lat' dir='ltr'><strong>tribulationes</strong></span> <span class='ocrx_word' id='word_1_342' title='bbox 1235 4106 1294 4160; x_wconf 88' lang='lat' dir='ltr'><strong>in</strong></span> <span class='ocrx_word' id='word_1_343' title='bbox 1325 4104 1481 4158; x_wconf 89' lang='lat' dir='ltr'><strong>dorso</strong></span> <span class='ocrx_word' id='word_1_344' title='bbox 1513 4114 1719 4160; x_wconf 81' lang='lat' dir='ltr'><strong>nostro.</strong></span> <span class='ocrx_word' id='word_1_345' title='bbox 1761 4105 1953 4178; x_wconf 74' lang='lat' dir='ltr'><strong>Plagas</strong></span> <span class='ocrx_word' id='word_1_346' title='bbox 1986 4107 2068 4162; x_wconf 85' lang='lat' dir='ltr'><strong>ni-</strong></span> 
     </span>
    </p>
   </div>
   <div class='ocr_carea' id='block_1_52' title="bbox 481 4191 2066 4266">
    <p class='ocr_par' dir='ltr' id='par_1_52' title="bbox 481 4191 2066 4266">
     <span class='ocr_line' id='line_1_52' title="bbox 481 4191 2066 4266; baseline 0.001 -16"><span class='ocrx_word' id='word_1_347' title='bbox 481 4196 684 4250; x_wconf 89' lang='lat' dir='ltr'><strong>mirum</strong></span> <span class='ocrx_word' id='word_1_348' title='bbox 718 4204 772 4249; x_wconf 90' lang='lat' dir='ltr'><strong>ct</strong></span> <span class='ocrx_word' id='word_1_349' title='bbox 799 4197 1050 4259; x_wconf 72' lang='lat' dir='ltr'><strong>verbera,</strong></span> <span class='ocrx_word' id='word_1_350' title='bbox 1086 4197 1289 4264; x_wconf 88' lang='lat' dir='ltr'><strong>quibus</strong></span> <span class='ocrx_word' id='word_1_351' title='bbox 1314 4194 1722 4266; x_wconf 88' lang='lat' dir='ltr'><strong>premebamur.</strong></span> <span class='ocrx_word' id='word_1_352' title='bbox 1754 4191 2066 4252; x_wconf 77' lang='lat' dir='ltr'><strong>Verisimile</strong></span> 
     </span>
    </p>
   </div>
   <div class='ocr_carea' id='block_1_53' title="bbox 481 4286 2063 4358">
    <p class='ocr_par' dir='ltr' id='par_1_53' title="bbox 481 4286 2063 4358">
     <span class='ocr_line' id='line_1_53' title="bbox 481 4286 2063 4358; baseline -0.001 -15"><span class='ocrx_word' id='word_1_353' title='bbox 481 4296 567 4343; x_wconf 83' lang='lat' dir='ltr'><strong>est</strong></span> <span class='ocrx_word' id='word_1_354' title='bbox 602 4297 789 4341; x_wconf 86' lang='lat' dir='ltr'><strong>autent</strong></span> <span class='ocrx_word' id='word_1_355' title='bbox 827 4302 923 4343; x_wconf 89' lang='lat' dir='ltr'><strong>eos</strong></span> <span class='ocrx_word' id='word_1_356' title='bbox 945 4288 1271 4343; x_wconf 86' lang='lat' dir='ltr'><strong>verberibus</strong></span> <span class='ocrx_word' id='word_1_357' title='bbox 1306 4302 1456 4358; x_wconf 79' lang='lat' dir='ltr'><strong>saepe</strong></span> <span class='ocrx_word' id='word_1_358' title='bbox 1482 4286 1653 4342; x_wconf 76' lang='lat' dir='ltr'><strong>fuisse</strong></span> <span class='ocrx_word' id='word_1_359' title='bbox 1684 4286 1935 4341; x_wconf 81' lang='lat' dir='ltr'><strong>alﬁictos.</strong></span> <span class='ocrx_word' id='word_1_360' title='bbox 1965 4287 2063 4342; x_wconf 77' lang='lat' dir='ltr'><strong>Vel</strong></span> 
     </span>
    </p>
   </div>
   <div class='ocr_carea' id='block_1_54' title="bbox 480 4376 2065 4450">
    <p class='ocr_par' dir='ltr' id='par_1_54' title="bbox 480 4376 2065 4450">
     <span class='ocr_line' id='line_1_54' title="bbox 480 4376 2065 4450; baseline -0.004 -15"><span class='ocrx_word' id='word_1_361' title='bbox 480 4395 580 4450; x_wconf 88' lang='lat' dir='ltr'><strong>per</strong></span> <span class='ocrx_word' id='word_1_362' title='bbox 614 4378 1030 4442; x_wconf 87' lang='lat' dir='ltr'><strong>tribulationes,</strong></span> <span class='ocrx_word' id='word_1_363' title='bbox 1067 4393 1232 4433; x_wconf 90' lang='lat' dir='ltr'><strong>omne</strong></span> <span class='ocrx_word' id='word_1_364' title='bbox 1264 4378 1644 4433; x_wconf 89' lang='lat' dir='ltr'><strong>calamitatum</strong></span> <span class='ocrx_word' id='word_1_365' title='bbox 1680 4391 1858 4446; x_wconf 84' lang='lat' dir='ltr'><strong>genus</strong></span> <span class='ocrx_word' id='word_1_366' title='bbox 1893 4376 2065 4445; x_wconf 78' lang='lat' dir='ltr'><strong>signi-</strong></span> 
     </span>
    </p>
   </div>
   <div class='ocr_carea' id='block_1_55' title="bbox 482 4466 2063 4540">
    <p class='ocr_par' dir='ltr' id='par_1_55' title="bbox 482 4466 2063 4540">
     <span class='ocr_line' id='line_1_55' title="bbox 482 4466 2063 4540; baseline -0.003 -13"><span class='ocrx_word' id='word_1_367' title='bbox 482 4472 631 4535; x_wconf 84' lang='lat' dir='ltr'><strong>ﬁcat,</strong></span> <span class='ocrx_word' id='word_1_368' title='bbox 674 4485 770 4540; x_wconf 89' lang='lat' dir='ltr'><strong>per</strong></span> <span class='ocrx_word' id='word_1_369' title='bbox 805 4470 1032 4524; x_wconf 86' lang='lat' dir='ltr'><strong>dorsum</strong></span> <span class='ocrx_word' id='word_1_370' title='bbox 1066 4478 1273 4534; x_wconf 88' lang='lat' dir='ltr'><strong>autem,</strong></span> <span class='ocrx_word' id='word_1_371' title='bbox 1327 4475 1505 4523; x_wconf 93' lang='lat' dir='ltr'><strong>totum</strong></span> <span class='ocrx_word' id='word_1_372' title='bbox 1541 4466 1843 4532; x_wconf 87' lang='lat' dir='ltr'><strong>hominem,</strong></span> <span class='ocrx_word' id='word_1_373' title='bbox 1892 4467 2063 4523; x_wconf 84' lang='lat' dir='ltr'><strong>veluti</strong></span> 
     </span>
    </p>
   </div>
   <div class='ocr_carea' id='block_1_56' title="bbox 481 4569 927 4630">
    <p class='ocr_par' dir='ltr' id='par_1_56' title="bbox 481 4569 927 4630">
     <span class='ocr_line' id='line_1_56' title="bbox 481 4569 927 4630; baseline -0.004 -15"><span class='ocrx_word' id='word_1_374' title='bbox 481 4569 661 4617; x_wconf 90' lang='lat' dir='ltr'><strong>totum</strong></span> <span class='ocrx_word' id='word_1_375' title='bbox 686 4575 716 4615; x_wconf 88' lang='lat' dir='ltr'><strong>a</strong></span> <span class='ocrx_word' id='word_1_376' title='bbox 750 4569 927 4630; x_wconf 88' lang='lat' dir='ltr'><strong>parte.</strong></span> 
     </span>
    </p>
   </div>
   <div class='ocr_carea' id='block_1_57' title="bbox 552 4650 2062 4722">
    <p class='ocr_par' dir='ltr' id='par_1_57' title="bbox 552 4650 2062 4722">
     <span class='ocr_line' id='line_1_57' title="bbox 552 4650 2062 4722; baseline 0 -15"><span class='ocrx_word' id='word_1_377' title='bbox 552 4652 865 4722; x_wconf 81' lang='lat' dir='ltr'><strong>Imposuisti</strong></span> <span class='ocrx_word' id='word_1_378' title='bbox 882 4652 1117 4707; x_wconf 80' lang='lat' dir='ltr'><strong>homines</strong></span> <span class='ocrx_word' id='word_1_379' title='bbox 1147 4667 1305 4721; x_wconf 84' lang='lat' dir='ltr'><strong>super</strong></span> <span class='ocrx_word' id='word_1_380' title='bbox 1328 4652 1504 4722; x_wconf 86' lang='lat' dir='ltr'><strong>capita</strong></span> <span class='ocrx_word' id='word_1_381' title='bbox 1529 4660 1737 4707; x_wconf 81' lang='lat' dir='ltr'><strong>nostra.</strong></span> <span class='ocrx_word' id='word_1_382' title='bbox 1767 4650 2062 4722; x_wconf 85' lang='lat' dir='ltr'><strong>Subjecisti</strong></span> 
     </span>
    </p>
   </div>
   <div class='ocr_carea' id='block_1_58' title="bbox 483 4745 2064 4817">
    <p class='ocr_par' dir='ltr' id='par_1_58' title="bbox 483 4745 2064 4817">
     <span class='ocr_line' id='line_1_58' title="bbox 483 4745 2064 4817; baseline -0.001 -16"><span class='ocrx_word' id='word_1_383' title='bbox 483 4761 585 4802; x_wconf 91' lang='lat' dir='ltr'><strong>nos</strong></span> <span class='ocrx_word' id='word_1_384' title='bbox 613 4746 848 4800; x_wconf 82' lang='lat' dir='ltr'><strong>inimicis</strong></span> <span class='ocrx_word' id='word_1_385' title='bbox 880 4745 1110 4812; x_wconf 90' lang='lat' dir='ltr'><strong>nostris,</strong></span> <span class='ocrx_word' id='word_1_386' title='bbox 1142 4746 1459 4817; x_wconf 88' lang='lat' dir='ltr'><strong>dedistique</strong></span> <span class='ocrx_word' id='word_1_387' title='bbox 1517 4746 1622 4812; x_wconf 91' lang='lat' dir='ltr'><strong>cis,</strong></span> <span class='ocrx_word' id='word_1_388' title='bbox 1657 4753 1717 4800; x_wconf 91' lang='lat' dir='ltr'><strong>ut</strong></span> <span class='ocrx_word' id='word_1_389' title='bbox 1767 4745 2064 4800; x_wconf 78' lang='lat' dir='ltr'><strong>conculca-</strong></span> 
     </span>
    </p>
   </div>
   <div class='ocr_carea' id='block_1_59' title="bbox 489 4835 2063 4907">
    <p class='ocr_par' dir='ltr' id='par_1_59' title="bbox 489 4835 2063 4907">
     <span class='ocr_line' id='line_1_59' title="bbox 489 4835 2063 4907; baseline -0.001 -15"><span class='ocrx_word' id='word_1_390' title='bbox 489 4853 696 4894; x_wconf 85' lang='lat' dir='ltr'><strong>remur.</strong></span> <span class='ocrx_word' id='word_1_391' title='bbox 739 4835 1148 4907; x_wconf 80' lang='lat' dir='ltr'><strong>Metapltoricus</strong></span> <span class='ocrx_word' id='word_1_392' title='bbox 1185 4839 1329 4894; x_wconf 89' lang='lat' dir='ltr'><strong>enim</strong></span> <span class='ocrx_word' id='word_1_393' title='bbox 1380 4852 1564 4893; x_wconf 89' lang='lat' dir='ltr'><strong>sermo</strong></span> <span class='ocrx_word' id='word_1_394' title='bbox 1589 4847 1700 4892; x_wconf 90' lang='lat' dir='ltr'><strong>est.</strong></span> <span class='ocrx_word' id='word_1_395' title='bbox 1729 4835 1871 4892; x_wconf 88' lang='lat' dir='ltr'><strong>Olim</strong></span> <span class='ocrx_word' id='word_1_396' title='bbox 1906 4852 2063 4891; x_wconf 89' lang='lat' dir='ltr'><strong>nam-</strong></span> 
     </span>
    </p>
   </div>
   <div class='ocr_carea' id='block_1_60' title="bbox 481 4928 2066 5002">
    <p class='ocr_par' dir='ltr' id='par_1_60' title="bbox 481 4928 2066 5002">
     <span class='ocr_line' id='line_1_60' title="bbox 481 4928 2066 5002; baseline -0.002 -17"><span class='ocrx_word' id='word_1_397' title='bbox 481 4946 591 5002; x_wconf 88' lang='lat' dir='ltr'><strong>que</strong></span> <span class='ocrx_word' id='word_1_398' title='bbox 616 4945 773 5002; x_wconf 84' lang='lat' dir='ltr'><strong>reges</strong></span> <span class='ocrx_word' id='word_1_399' title='bbox 794 4931 889 5000; x_wconf 86' lang='lat' dir='ltr'><strong>qui</strong></span> <span class='ocrx_word' id='word_1_400' title='bbox 911 4929 1129 5000; x_wconf 91' lang='lat' dir='ltr'><strong>aliquos</strong></span> <span class='ocrx_word' id='word_1_401' title='bbox 1153 4931 1498 4996; x_wconf 84' lang='lat' dir='ltr'><strong>devicerant,</strong></span> <span class='ocrx_word' id='word_1_402' title='bbox 1523 4928 1773 4987; x_wconf 86' lang='lat' dir='ltr'><strong>solebant</strong></span> <span class='ocrx_word' id='word_1_403' title='bbox 1797 4930 1852 4984; x_wconf 88' lang='lat' dir='ltr'><strong>in</strong></span> <span class='ocrx_word' id='word_1_404' title='bbox 1870 4930 2066 4984; x_wconf 83' lang='lat' dir='ltr'><strong>trium-</strong></span> 
     </span>
    </p>
   </div>
   <div class='ocr_carea' id='block_1_61' title="bbox 483 5024 1577 5095">
    <p class='ocr_par' dir='ltr' id='par_1_61' title="bbox 483 5024 1577 5095">
     <span class='ocr_line' id='line_1_61' title="bbox 483 5024 1577 5095; baseline 0.003 -18"><span class='ocrx_word' id='word_1_405' title='bbox 483 5025 607 5094; x_wconf 90' lang='lat' dir='ltr'><strong>pbis</strong></span> <span class='ocrx_word' id='word_1_406' title='bbox 641 5024 984 5093; x_wconf 85' lang='lat' dir='ltr'><strong>captivorum</strong></span> <span class='ocrx_word' id='word_1_407' title='bbox 1013 5025 1193 5095; x_wconf 89' lang='lat' dir='ltr'><strong>capita</strong></span> <span class='ocrx_word' id='word_1_408' title='bbox 1225 5026 1577 5081; x_wconf 87' lang='lat' dir='ltr'><strong>conculcare.</strong></span> 
     </span>
    </p>
   </div>
   <div class='ocr_carea' id='block_1_62' title="bbox 558 5109 2066 5187">
    <p class='ocr_par' dir='ltr' id='par_1_62' title="bbox 558 5109 2066 5187">
     <span class='ocr_line' id='line_1_62' title="bbox 558 5109 2066 5187; baseline 0 -23"><span class='ocrx_word' id='word_1_409' title='bbox 558 5110 721 5169; x_wconf 75' lang='lat' dir='ltr'><strong>Vens.</strong></span> <span class='ocrx_word' id='word_1_410' title='bbox 767 5113 855 5168; x_wconf 72' lang='grc'><strong>12.</strong></span> <span class='ocrx_word' id='word_1_411' title='bbox 898 5114 1266 5169; x_wconf 72' lang='grc' dir='ltr'>Τιέυιδίυὶηιιιε</span> <span class='ocrx_word' id='word_1_412' title='bbox 1296 5131 1390 5184; x_wconf 82' lang='lat' dir='ltr'><strong>per</strong></span> <span class='ocrx_word' id='word_1_413' title='bbox 1419 5116 1593 5187; x_wconf 87' lang='lat' dir='ltr'><strong>ignem</strong></span> <span class='ocrx_word' id='word_1_414' title='bbox 1623 5123 1674 5168; x_wconf 81' lang='lat' dir='ltr'><strong>et</strong></span> <span class='ocrx_word' id='word_1_415' title='bbox 1702 5128 1921 5184; x_wconf 85' lang='lat' dir='ltr'><strong>aquam.</strong></span> <span class='ocrx_word' id='word_1_416' title='bbox 1957 5109 2066 5166; x_wconf 87' lang='lat' dir='ltr'><strong>Per</strong></span> 
     </span>
    </p>
   </div>
   <div class='ocr_carea' id='block_1_63' title="bbox 485 5206 2064 5279">
    <p class='ocr_par' dir='ltr' id='par_1_63' title="bbox 485 5206 2064 5279">
     <span class='ocr_line' id='line_1_63' title="bbox 485 5206 2064 5279; baseline 0 -19"><span class='ocrx_word' id='word_1_417' title='bbox 485 5206 673 5279; x_wconf 88' lang='lat' dir='ltr'><strong>ignem</strong></span> <span class='ocrx_word' id='word_1_418' title='bbox 707 5217 761 5263; x_wconf 90' lang='lat' dir='ltr'><strong>et</strong></span> <span class='ocrx_word' id='word_1_419' title='bbox 795 5224 1019 5278; x_wconf 86' lang='lat' dir='ltr'><strong>aquam,</strong></span> <span class='ocrx_word' id='word_1_420' title='bbox 1058 5209 1242 5264; x_wconf 86' lang='lat' dir='ltr'><strong>varias</strong></span> <span class='ocrx_word' id='word_1_421' title='bbox 1292 5209 1641 5264; x_wconf 88' lang='lat' dir='ltr'><strong>calamitates</strong></span> <span class='ocrx_word' id='word_1_422' title='bbox 1694 5206 1965 5278; x_wconf 86' lang='lat' dir='ltr'><strong>iutellige,</strong></span> <span class='ocrx_word' id='word_1_423' title='bbox 2010 5214 2064 5261; x_wconf 89' lang='lat' dir='ltr'><strong>et</strong></span> 
     </span>
    </p>
   </div>
   <div class='ocr_carea' id='block_1_64' title="bbox 483 5297 2065 5371">
    <p class='ocr_par' dir='ltr' id='par_1_64' title="bbox 483 5297 2065 5371">
     <span class='ocr_line' id='line_1_64' title="bbox 483 5297 2065 5371; baseline -0.002 -17"><span class='ocrx_word' id='word_1_424' title='bbox 483 5301 614 5371; x_wconf 88' lang='lat' dir='ltr'><strong>quia</strong></span> <span class='ocrx_word' id='word_1_425' title='bbox 646 5302 887 5356; x_wconf 89' lang='lat' dir='ltr'><strong>animam</strong></span> <span class='ocrx_word' id='word_1_426' title='bbox 916 5302 1240 5364; x_wconf 87' lang='lat' dir='ltr'><strong>incendunt,</strong></span> <span class='ocrx_word' id='word_1_427' title='bbox 1266 5309 1320 5355; x_wconf 90' lang='lat' dir='ltr'><strong>ct</strong></span> <span class='ocrx_word' id='word_1_428' title='bbox 1352 5300 1482 5371; x_wconf 87' lang='lat' dir='ltr'><strong>quia</strong></span> <span class='ocrx_word' id='word_1_429' title='bbox 1513 5299 1839 5370; x_wconf 78' lang='lat' dir='ltr'><strong>demergunt</strong></span> <span class='ocrx_word' id='word_1_430' title='bbox 1868 5309 1920 5353; x_wconf 91' lang='lat' dir='ltr'><strong>et</strong></span> <span class='ocrx_word' id='word_1_431' title='bbox 1946 5297 2065 5354; x_wconf 83' lang='lat' dir='ltr'><strong>suf-</strong></span> 
     </span>
    </p>
   </div>
   <div class='ocr_carea' id='block_1_65' title="bbox 483 5390 2061 5462">
    <p class='ocr_par' dir='ltr' id='par_1_65' title="bbox 483 5390 2061 5462">
     <span class='ocr_line' id='line_1_65' title="bbox 483 5390 2061 5462; baseline -0.003 -18"><span class='ocrx_word' id='word_1_432' title='bbox 483 5391 692 5448; x_wconf 79' lang='lat' dir='ltr'><strong>focant.</strong></span> <span class='ocrx_word' id='word_1_433' title='bbox 725 5392 870 5446; x_wconf 81' lang='lat' dir='ltr'><strong>Illud</strong></span> <span class='ocrx_word' id='word_1_434' title='bbox 912 5392 1267 5462; x_wconf 73' lang='lat' dir='ltr'><strong>qumrendum</strong></span> <span class='ocrx_word' id='word_1_435' title='bbox 1313 5391 1556 5452; x_wconf 77' lang='lat' dir='ltr'><strong>videtur,</strong></span> <span class='ocrx_word' id='word_1_436' title='bbox 1606 5405 1706 5445; x_wconf 90' lang='lat' dir='ltr'><strong>cttr</strong></span> <span class='ocrx_word' id='word_1_437' title='bbox 1734 5390 1904 5444; x_wconf 89' lang='lat' dir='ltr'><strong>Deum</strong></span> <span class='ocrx_word' id='word_1_438' title='bbox 1960 5402 2061 5457; x_wconf 89' lang='lat' dir='ltr'><strong>po-</strong></span> 
     </span>
    </p>
   </div>
   <div class='ocr_carea' id='block_1_66' title="bbox 2176 1906 3756 1978">
    <p class='ocr_par' dir='ltr' id='par_1_66' title="bbox 2176 1906 3756 1978">
     <span class='ocr_line' id='line_1_66' title="bbox 2176 1906 3756 1978; baseline 0.001 -19"><span class='ocrx_word' id='word_1_439' title='bbox 2176 1908 2629 1978; x_wconf 82' lang='grc' dir='ltr'>γαλοφωνότερον</span> <span class='ocrx_word' id='word_1_440' title='bbox 2659 1926 2670 1939; x_wconf 88' lang='grc'><strong>·</strong></span> <span class='ocrx_word' id='word_1_441' title='bbox 2732 1908 2767 1978; x_wconf 78' lang='grc' dir='ltr'>ἢ</span> <span class='ocrx_word' id='word_1_442' title='bbox 2802 1908 3098 1962; x_wconf 74' lang='grc' dir='ltr'>ἐνωτίσατε</span> <span class='ocrx_word' id='word_1_443' title='bbox 3127 1908 3336 1977; x_wconf 83' lang='grc' dir='ltr'>ταύτην</span> <span class='ocrx_word' id='word_1_444' title='bbox 3371 1909 3452 1971; x_wconf 83' lang='grc' dir='ltr'><strong>είς</strong></span> <span class='ocrx_word' id='word_1_445' title='bbox 3475 1909 3605 1971; x_wconf 84' lang='grc' dir='ltr'>τοὺς</span> <span class='ocrx_word' id='word_1_446' title='bbox 3629 1906 3756 1978; x_wconf 83' lang='grc' dir='ltr'>μεθ’</span> 
     </span>
    </p>
   </div>
   <div class='ocr_carea' id='block_1_67' title="bbox 2178 1999 2349 2069">
    <p class='ocr_par' dir='ltr' id='par_1_67' title="bbox 2178 1999 2349 2069">
     <span class='ocr_line' id='line_1_67' title="bbox 2178 1999 2349 2069; baseline 0.018 -18"><span class='ocrx_word' id='word_1_447' title='bbox 2178 1999 2207 2051; x_wconf 83' lang='grc' dir='ltr'>ὕ</span> <span class='ocrx_word' id='word_1_448' title='bbox 2215 2000 2349 2069; x_wconf 82' lang='grc' dir='ltr'>μᾶς.</span> 
     </span>
    </p>
   </div>
   <div class='ocr_carea' id='block_1_68' title="bbox 2250 2089 3763 2161">
    <p class='ocr_par' dir='ltr' id='par_1_68' title="bbox 2250 2089 3763 2161">
     <span class='ocr_line' id='line_1_68' title="bbox 2250 2089 3763 2161; baseline 0.001 -18"><span class='ocrx_word' id='word_1_449' title='bbox 2250 2090 2361 2145; x_wconf 85' lang='grc' dir='ltr'><strong>Τοῦ</strong></span> <span class='ocrx_word' id='word_1_450' title='bbox 2394 2090 2648 2161; x_wconf 77' lang='grc' dir='ltr'><strong>θεμένου</strong></span> <span class='ocrx_word' id='word_1_451' title='bbox 2685 2089 2799 2158; x_wconf 75' lang='grc' dir='ltr'>τὴν</span> <span class='ocrx_word' id='word_1_452' title='bbox 2827 2089 3041 2159; x_wconf 70' lang='grc' dir='ltr'><strong>ψυχήν</strong></span> <span class='ocrx_word' id='word_1_453' title='bbox 3060 2107 3180 2160; x_wconf 80' lang='grc' dir='ltr'><strong>μου</strong></span> <span class='ocrx_word' id='word_1_454' title='bbox 3211 2092 3298 2156; x_wconf 79' lang='grc' dir='ltr'>εὶς</span> <span class='ocrx_word' id='word_1_455' title='bbox 3332 2089 3505 2157; x_wconf 72' lang='grc' dir='ltr'>ζωήν.</span> <span class='ocrx_word' id='word_1_456' title='bbox 3542 2090 3699 2145; x_wconf 68' lang='grc' dir='ltr'>Ἐπεὶ</span> <span class='ocrx_word' id='word_1_457' title='bbox 3720 2091 3763 2158; x_wconf 65' lang='grc' dir='ltr'><strong>ἡ</strong></span> 
     </span>
    </p>
   </div>
   <div class='ocr_carea' id='block_1_69' title="bbox 2170 2182 3757 2255">
    <p class='ocr_par' dir='ltr' id='par_1_69' title="bbox 2170 2182 3757 2255">
     <span class='ocr_line' id='line_1_69' title="bbox 2170 2182 3757 2255; baseline -0.001 -19"><span class='ocrx_word' id='word_1_458' title='bbox 2170 2182 2388 2238; x_wconf 85' lang='grc' dir='ltr'>δουλεία</span> <span class='ocrx_word' id='word_1_459' title='bbox 2418 2182 2633 2255; x_wconf 81' lang='grc' dir='ltr'>Θανάτῳ</span> <span class='ocrx_word' id='word_1_460' title='bbox 2663 2184 2950 2249; x_wconf 79' lang='grc' dir='ltr'>ἔοικεν,ώ;</span> <span class='ocrx_word' id='word_1_461' title='bbox 2982 2186 3031 2237; x_wconf 82' lang='lat' dir='ltr'><strong>oi</strong></span> <span class='ocrx_word' id='word_1_462' title='bbox 3064 2184 3391 2253; x_wconf 82' lang='grc' dir='ltr'>σοφοίιρασι,</span> <span class='ocrx_word' id='word_1_463' title='bbox 3443 2183 3590 2253; x_wconf 76' lang='grc' dir='ltr'>ζωὴν</span> <span class='ocrx_word' id='word_1_464' title='bbox 3604 2183 3757 2253; x_wconf 73' lang='grc' dir='ltr'>λέγει</span> 
     </span>
    </p>
   </div>
   <div class='ocr_carea' id='block_1_70' title="bbox 2171 2275 2791 2347">
    <p class='ocr_par' dir='ltr' id='par_1_70' title="bbox 2171 2275 2791 2347">
     <span class='ocr_line' id='line_1_70' title="bbox 2171 2275 2791 2347; baseline 0.003 -18"><span class='ocrx_word' id='word_1_465' title='bbox 2171 2275 2290 2341; x_wconf 85' lang='grc' dir='ltr'>νῦν,</span> <span class='ocrx_word' id='word_1_466' title='bbox 2316 2276 2419 2347; x_wconf 77' lang='grc' dir='ltr'>τὴν</span> <span class='ocrx_word' id='word_1_467' title='bbox 2449 2275 2637 2329; x_wconf 79' lang='grc' dir='ltr'>ὲλευθε</span> <span class='ocrx_word' id='word_1_468' title='bbox 2644 2276 2791 2346; x_wconf 88' lang='grc' dir='ltr'>ρίαν.</span> 
     </span>
    </p>
   </div>
   <div class='ocr_carea' id='block_1_71' title="bbox 2239 2368 3757 2440">
    <p class='ocr_par' dir='ltr' id='par_1_71' title="bbox 2239 2368 3757 2440">
     <span class='ocr_line' id='line_1_71' title="bbox 2239 2368 3757 2440; baseline -0.001 -16"><span class='ocrx_word' id='word_1_469' title='bbox 2239 2369 2353 2425; x_wconf 76' lang='grc' dir='ltr'><strong>Καὶ</strong></span> <span class='ocrx_word' id='word_1_470' title='bbox 2381 2370 2467 2440; x_wconf 81' lang='grc' dir='ltr'>μὴ</span> <span class='ocrx_word' id='word_1_471' title='bbox 2496 2370 2711 2437; x_wconf 80' lang='grc' dir='ltr'>δόντος</span> <span class='ocrx_word' id='word_1_472' title='bbox 2739 2372 2826 2436; x_wconf 85' lang='grc' dir='ltr'><strong>εις</strong></span> <span class='ocrx_word' id='word_1_473' title='bbox 2855 2369 3055 2423; x_wconf 72' lang='grc' dir='ltr'>σάλον</span> <span class='ocrx_word' id='word_1_474' title='bbox 3078 2369 3220 2435; x_wconf 80' lang='grc' dir='ltr'>τοὺς</span> <span class='ocrx_word' id='word_1_475' title='bbox 3255 2368 3447 2435; x_wconf 78' lang='grc' dir='ltr'>πόδας</span> <span class='ocrx_word' id='word_1_476' title='bbox 3480 2387 3623 2438; x_wconf 83' lang='grc' dir='ltr'>μου.</span> <span class='ocrx_word' id='word_1_477' title='bbox 3644 2370 3757 2424; x_wconf 75' lang='grc' dir='ltr'><strong>Καὶ</strong></span> 
     </span>
    </p>
   </div>
   <div class='ocr_carea' id='block_1_72' title="bbox 2175 2462 3759 2533">
    <p class='ocr_par' dir='ltr' id='par_1_72' title="bbox 2175 2462 3759 2533">
     <span class='ocr_line' id='line_1_72' title="bbox 2175 2462 3759 2533; baseline 0.002 -20"><span class='ocrx_word' id='word_1_478' title='bbox 2175 2462 2251 2532; x_wconf 77' lang='grc' dir='ltr'>μὴ</span> <span class='ocrx_word' id='word_1_479' title='bbox 2276 2462 2786 2533; x_wconf 78' lang='grc' dir='ltr'>παραχωρήσαντος</span> <span class='ocrx_word' id='word_1_480' title='bbox 2818 2462 3043 2531; x_wconf 83' lang='grc' dir='ltr'>δοθῆναι</span> <span class='ocrx_word' id='word_1_481' title='bbox 3084 2462 3166 2525; x_wconf 86' lang='grc' dir='ltr'>εἰς</span> <span class='ocrx_word' id='word_1_482' title='bbox 3212 2462 3575 2532; x_wconf 80' lang='grc' dir='ltr'>παρατροπὴν</span> <span class='ocrx_word' id='word_1_483' title='bbox 3600 2463 3759 2516; x_wconf 79' lang='grc' dir='ltr'>εὐσε-</span> 
     </span>
    </p>
   </div>
   <div class='ocr_carea' id='block_1_73' title="bbox 2172 2552 3471 2624">
    <p class='ocr_par' dir='ltr' id='par_1_73' title="bbox 2172 2552 3471 2624">
     <span class='ocr_line' id='line_1_73' title="bbox 2172 2552 3471 2624; baseline 0.004 -19"><span class='ocrx_word' id='word_1_484' title='bbox 2172 2552 2325 2617; x_wconf 74' lang='grc' dir='ltr'>ϐείας</span> <span class='ocrx_word' id='word_1_485' title='bbox 2355 2555 2454 2624; x_wconf 82' lang='grc' dir='ltr'><strong>τὴν</strong></span> <span class='ocrx_word' id='word_1_486' title='bbox 2489 2553 2768 2607; x_wconf 72' lang='grc' dir='ltr'>πολιτείαν</span> <span class='ocrx_word' id='word_1_487' title='bbox 2810 2571 2937 2623; x_wconf 87' lang='grc' dir='ltr'>μου.</span> <span class='ocrx_word' id='word_1_488' title='bbox 2968 2610 2975 2613; x_wconf 64' lang='grc'><strong>,</strong></span> <span class='ocrx_word' id='word_1_489' title='bbox 3460 2564 3471 2574; x_wconf 80' lang='lat'>‘</span> 
     </span>
    </p>
   </div>
   <div class='ocr_carea' id='block_1_74' title="bbox 2244 2642 3758 2716">
    <p class='ocr_par' dir='ltr' id='par_1_74' title="bbox 2244 2642 3758 2716">
     <span class='ocr_line' id='line_1_74' title="bbox 2244 2642 3758 2716; baseline 0.001 -20"><span class='ocrx_word' id='word_1_490' title='bbox 2244 2643 2375 2696; x_wconf 81' lang='grc' dir='ltr'>Ὀτι</span> <span class='ocrx_word' id='word_1_491' title='bbox 2429 2642 2799 2712; x_wconf 79' lang='grc' dir='ltr'><strong>ἐδοκίμασας</strong></span> <span class='ocrx_word' id='word_1_492' title='bbox 2855 2642 3034 2714; x_wconf 75' lang='grc' dir='ltr'>ἡμᾶς,</span> <span class='ocrx_word' id='word_1_493' title='bbox 3081 2647 3117 2699; x_wconf 82' lang='grc' dir='ltr'><strong><em>ό</em></strong></span> <span class='ocrx_word' id='word_1_494' title='bbox 3155 2645 3322 2711; x_wconf 64' lang='lat' dir='ltr'><strong>Cede.</strong></span> <span class='ocrx_word' id='word_1_495' title='bbox 3392 2644 3758 2716; x_wconf 82' lang='grc' dir='ltr'>Προηγουμέ-</span> 
     </span>
    </p>
   </div>
   <div class='ocr_carea' id='block_1_75' title="bbox 2170 2732 3757 2807">
    <p class='ocr_par' dir='ltr' id='par_1_75' title="bbox 2170 2732 3757 2807">
     <span class='ocr_line' id='line_1_75' title="bbox 2170 2732 3757 2807; baseline -0.001 -16"><span class='ocrx_word' id='word_1_496' title='bbox 2170 2754 2278 2799; x_wconf 82' lang='grc' dir='ltr'><strong>νως</strong></span> <span class='ocrx_word' id='word_1_497' title='bbox 2309 2736 2423 2807; x_wconf 74' lang='grc'>(26)</span> <span class='ocrx_word' id='word_1_498' title='bbox 2458 2735 2567 2789; x_wconf 82' lang='grc' dir='ltr'>ἀπὸ</span> <span class='ocrx_word' id='word_1_499' title='bbox 2600 2735 2709 2789; x_wconf 86' lang='grc' dir='ltr'><strong>τῶν</strong></span> <span class='ocrx_word' id='word_1_500' title='bbox 2741 2736 3014 2806; x_wconf 77' lang='grc' dir='ltr'>ὲναρέτων</span> <span class='ocrx_word' id='word_1_501' title='bbox 3046 2738 3074 2789; x_wconf 98' lang='lat'><strong>6</strong></span> <span class='ocrx_word' id='word_1_502' title='bbox 3102 2734 3283 2805; x_wconf 86' lang='grc' dir='ltr'>λόγος,</span> <span class='ocrx_word' id='word_1_503' title='bbox 3301 2732 3413 2790; x_wconf 77' lang='grc' dir='ltr'>οἷον</span> <span class='ocrx_word' id='word_1_504' title='bbox 3435 2735 3527 2789; x_wconf 83' lang='grc' dir='ltr'>τοῦ</span> <span class='ocrx_word' id='word_1_505' title='bbox 3551 2735 3757 2805; x_wconf 75' lang='grc' dir='ltr'>Δανιὴλ</span> 
     </span>
    </p>
   </div>
   <div class='ocr_carea' id='block_1_76' title="bbox 2171 2826 3757 2899">
    <p class='ocr_par' dir='ltr' id='par_1_76' title="bbox 2171 2826 3757 2899">
     <span class='ocr_line' id='line_1_76' title="bbox 2171 2826 3757 2899; baseline -0.001 -16"><span class='ocrx_word' id='word_1_506' title='bbox 2171 2831 2267 2883; x_wconf 76' lang='grc' dir='ltr'><strong>καὶ</strong></span> <span class='ocrx_word' id='word_1_507' title='bbox 2305 2829 2472 2899; x_wconf 84' lang='grc' dir='ltr'>τριῶν</span> <span class='ocrx_word' id='word_1_508' title='bbox 2520 2828 2748 2892; x_wconf 81' lang='grc' dir='ltr'>παίδων,</span> <span class='ocrx_word' id='word_1_509' title='bbox 2800 2830 2893 2881; x_wconf 76' lang='grc' dir='ltr'><strong>καὶ</strong></span> <span class='ocrx_word' id='word_1_510' title='bbox 2943 2826 3053 2879; x_wconf 84' lang='grc' dir='ltr'><strong>τῶν</strong></span> <span class='ocrx_word' id='word_1_511' title='bbox 3087 2826 3369 2881; x_wconf 86' lang='grc' dir='ltr'>τοιούτων.</span> <span class='ocrx_word' id='word_1_512' title='bbox 3418 2826 3757 2895; x_wconf 73' lang='grc' dir='ltr'>Καταλέγωιν</span> 
     </span>
    </p>
   </div>
   <div class='ocr_carea' id='block_1_77' title="bbox 2170 2920 3757 2992">
    <p class='ocr_par' dir='ltr' id='par_1_77' title="bbox 2170 2920 3757 2992">
     <span class='ocr_line' id='line_1_77' title="bbox 2170 2920 3757 2992; baseline 0 -17"><span class='ocrx_word' id='word_1_513' title='bbox 2170 2922 2238 2975; x_wconf 76' lang='grc' dir='ltr'><strong>τὰ</strong></span> <span class='ocrx_word' id='word_1_514' title='bbox 2274 2922 2388 2992; x_wconf 70' lang='grc' dir='ltr'><strong>εἴδη</strong></span> <span class='ocrx_word' id='word_1_515' title='bbox 2413 2922 2511 2991; x_wconf 87' lang='grc' dir='ltr'><strong>τῆς</strong></span> <span class='ocrx_word' id='word_1_516' title='bbox 2542 2920 2797 2984; x_wconf 87' lang='grc' dir='ltr'>παιδείας</span> <span class='ocrx_word' id='word_1_517' title='bbox 2822 2937 2837 2951; x_wconf 68' lang='grc'><strong><em>⁸</em></strong></span> <span class='ocrx_word' id='word_1_518' title='bbox 2871 2920 3236 2989; x_wconf 83' lang='grc' dir='ltr'>Ἐδοκίμασας</span> <span class='ocrx_word' id='word_1_519' title='bbox 3269 2921 3439 2990; x_wconf 79' lang='grc' dir='ltr'>ἡμᾶς,</span> <span class='ocrx_word' id='word_1_520' title='bbox 3470 2920 3658 2990; x_wconf 73' lang='grc' dir='ltr'>φησὶν,</span> <span class='ocrx_word' id='word_1_521' title='bbox 3693 2922 3757 2975; x_wconf 78' lang='grc' dir='ltr'>ἐν</span> 
     </span>
    </p>
   </div>
   <div class='ocr_carea' id='block_1_78' title="bbox 2169 3011 3757 3083">
    <p class='ocr_par' dir='ltr' id='par_1_78' title="bbox 2169 3011 3757 3083">
     <span class='ocr_line' id='line_1_78' title="bbox 2169 3011 3757 3083; baseline 0 -17"><span class='ocrx_word' id='word_1_522' title='bbox 2169 3014 2283 3075; x_wconf 81' lang='grc' dir='ltr'>τοῖς</span> <span class='ocrx_word' id='word_1_523' title='bbox 2311 3014 2644 3083; x_wconf 75' lang='grc' dir='ltr'>πειρασμοῖς</span> <span class='ocrx_word' id='word_1_524' title='bbox 2663 3027 2678 3042; x_wconf 72' lang='grc' dir='ltr'><strong><em>ο</em></strong></span> <span class='ocrx_word' id='word_1_525' title='bbox 2703 3011 3001 3077; x_wconf 84' lang='grc' dir='ltr'>τουτέστιν,</span> <span class='ocrx_word' id='word_1_526' title='bbox 3043 3011 3341 3082; x_wconf 79' lang='grc' dir='ltr'>Ἐξήτασας</span> <span class='ocrx_word' id='word_1_527' title='bbox 3363 3012 3512 3076; x_wconf 84' lang='grc' dir='ltr'>ὅπως</span> <span class='ocrx_word' id='word_1_528' title='bbox 3537 3011 3757 3083; x_wconf 76' lang='grc' dir='ltr'>ἔχωμεν</span> 
     </span>
    </p>
   </div>
   <div class='ocr_carea' id='block_1_79' title="bbox 2172 3104 2875 3175">
    <p class='ocr_par' dir='ltr' id='par_1_79' title="bbox 2172 3104 2875 3175">
     <span class='ocr_line' id='line_1_79' title="bbox 2172 3104 2875 3175; baseline -0.004 -15"><span class='ocrx_word' id='word_1_529' title='bbox 2172 3104 2413 3169; x_wconf 80' lang='grc' dir='ltr'>πίστεως</span> <span class='ocrx_word' id='word_1_530' title='bbox 2442 3104 2539 3159; x_wconf 67' lang='grc' dir='ltr'>καὶ.</span> <span class='ocrx_word' id='word_1_531' title='bbox 2572 3105 2875 3175; x_wconf 86' lang='grc' dir='ltr'>ὑπομονῆς.</span> 
     </span>
    </p>
   </div>
   <div class='ocr_carea' id='block_1_80' title="bbox 2255 3285 3752 3357">
    <p class='ocr_par' dir='ltr' id='par_1_80' title="bbox 2255 3285 3752 3357">
     <span class='ocr_line' id='line_1_80' title="bbox 2255 3285 3752 3357; baseline 0.002 -19"><span class='ocrx_word' id='word_1_532' title='bbox 2255 3286 2605 3354; x_wconf 80' lang='grc' dir='ltr'>Ἐπύρωο-ιις</span> <span class='ocrx_word' id='word_1_533' title='bbox 2624 3285 2782 3356; x_wconf 78' lang='grc' dir='ltr'>ἡμᾶς</span> <span class='ocrx_word' id='word_1_534' title='bbox 2815 3286 3009 3354; x_wconf 83' lang='grc' dir='ltr'>καθὼς</span> <span class='ocrx_word' id='word_1_535' title='bbox 3038 3288 3331 3356; x_wconf 77' lang='grc' dir='ltr'>πυροῦται</span> <span class='ocrx_word' id='word_1_536' title='bbox 3358 3286 3423 3342; x_wconf 81' lang='grc' dir='ltr'>τὸ</span> <span class='ocrx_word' id='word_1_537' title='bbox 3445 3287 3752 3357; x_wconf 71' lang='grc' dir='ltr'>ἀργύριον.</span> 
     </span>
    </p>
   </div>
   <div class='ocr_carea' id='block_1_81' title="bbox 2171 3376 3752 3452">
    <p class='ocr_par' dir='ltr' id='par_1_81' title="bbox 2171 3376 3752 3452">
     <span class='ocr_line' id='line_1_81' title="bbox 2171 3376 3752 3452; baseline 0.002 -22"><span class='ocrx_word' id='word_1_538' title='bbox 2171 3376 2343 3431; x_wconf 84' lang='grc' dir='ltr'>Τοῦτο</span> <span class='ocrx_word' id='word_1_539' title='bbox 2372 3378 2462 3431; x_wconf 75' lang='grc' dir='ltr'><strong>διὰ</strong></span> <span class='ocrx_word' id='word_1_540' title='bbox 2495 3377 2595 3450; x_wconf 72' lang='grc' dir='ltr'><strong>τὴν</strong></span> <span class='ocrx_word' id='word_1_541' title='bbox 2616 3378 2945 3445; x_wconf 72' lang='grc' dir='ltr'>ἐξαφθείταν</span> <span class='ocrx_word' id='word_1_542' title='bbox 2976 3382 3089 3444; x_wconf 84' lang='grc' dir='ltr'>τοῖς</span> <span class='ocrx_word' id='word_1_543' title='bbox 3116 3382 3266 3452; x_wconf 81' lang='grc' dir='ltr'>τρισὶ</span> <span class='ocrx_word' id='word_1_544' title='bbox 3292 3381 3449 3435; x_wconf 80' lang='grc' dir='ltr'>παισὶ</span> <span class='ocrx_word' id='word_1_545' title='bbox 3471 3382 3703 3450; x_wconf 83' lang='grc' dir='ltr'>κάμινον</span> <span class='ocrx_word' id='word_1_546' title='bbox 3731 3392 3752 3415; x_wconf 75' lang='grc' dir='ltr'><strong><em>ο</em></strong></span> 
     </span>
    </p>
   </div>
   <div class='ocr_carea' id='block_1_82' title="bbox 2172 3466 3358 3544">
    <p class='ocr_par' dir='ltr' id='par_1_82' title="bbox 2172 3466 3358 3544">
     <span class='ocr_line' id='line_1_82' title="bbox 2172 3466 3358 3544; baseline 0.004 -21"><span class='ocrx_word' id='word_1_547' title='bbox 2172 3470 2255 3540; x_wconf 74' lang='grc' dir='ltr'><strong>ειη</strong></span> <span class='ocrx_word' id='word_1_548' title='bbox 2285 3466 2354 3524; x_wconf 86' lang='grc' dir='ltr'>δι’</span> <span class='ocrx_word' id='word_1_549' title='bbox 2370 3469 2436 3525; x_wconf 84' lang='grc' dir='ltr'><strong>ἂν</strong></span> <span class='ocrx_word' id='word_1_550' title='bbox 2467 3473 2601 3540; x_wconf 83' lang='grc' dir='ltr'>πῦρ,</span> <span class='ocrx_word' id='word_1_551' title='bbox 2628 3473 2723 3524; x_wconf 79' lang='grc' dir='ltr'>καὶ</span> <span class='ocrx_word' id='word_1_552' title='bbox 2744 3472 2777 3541; x_wconf 82' lang='grc' dir='ltr'>ἡ</span> <span class='ocrx_word' id='word_1_553' title='bbox 2800 3472 2930 3540; x_wconf 71' lang='grc' dir='ltr'>φλὸξ</span> <span class='ocrx_word' id='word_1_554' title='bbox 2955 3473 3064 3527; x_wconf 87' lang='grc' dir='ltr'><strong>τῶν</strong></span> <span class='ocrx_word' id='word_1_555' title='bbox 3095 3472 3358 3544; x_wconf 74' lang='grc' dir='ltr'>θλίψεων.</span> 
     </span>
    </p>
   </div>
   <div class='ocr_carea' id='block_1_83' title="bbox 2240 3736 3749 3811">
    <p class='ocr_par' dir='ltr' id='par_1_83' title="bbox 2240 3736 3749 3811">
     <span class='ocr_line' id='line_1_83' title="bbox 2240 3736 3749 3811; baseline 0.005 -20"><span class='ocrx_word' id='word_1_556' title='bbox 2240 3736 2578 3809; x_wconf 77' lang='grc' dir='ltr'>Είσήγαγες</span> <span class='ocrx_word' id='word_1_557' title='bbox 2606 3739 2763 3808; x_wconf 80' lang='grc' dir='ltr'>ἡμᾶς</span> <span class='ocrx_word' id='word_1_558' title='bbox 2796 3742 2883 3808; x_wconf 68' lang='grc' dir='ltr'>εἰς</span> <span class='ocrx_word' id='word_1_559' title='bbox 2913 3742 3026 3808; x_wconf 80' lang='grc' dir='ltr'>τὴν</span> <span class='ocrx_word' id='word_1_560' title='bbox 3053 3742 3300 3811; x_wconf 74' lang='grc' dir='ltr'>παγίδα.</span> <span class='ocrx_word' id='word_1_561' title='bbox 3325 3743 3521 3807; x_wconf 82' lang='grc' dir='ltr'>Τοῦτο,</span> <span class='ocrx_word' id='word_1_562' title='bbox 3547 3744 3635 3799; x_wconf 82' lang='grc' dir='ltr'>διὰ</span> <span class='ocrx_word' id='word_1_563' title='bbox 3656 3744 3749 3799; x_wconf 76' lang='grc' dir='ltr'><strong>τὸν</strong></span> 
     </span>
    </p>
   </div>
   <div class='ocr_carea' id='block_1_84' title="bbox 2168 3828 3753 3908">
    <p class='ocr_par' dir='ltr' id='par_1_84' title="bbox 2168 3828 3753 3908">
     <span class='ocr_line' id='line_1_84' title="bbox 2168 3828 3753 3908; baseline 0.004 -27"><span class='ocrx_word' id='word_1_564' title='bbox 2168 3828 2375 3884; x_wconf 83' lang='grc' dir='ltr'>λάκκον</span> <span class='ocrx_word' id='word_1_565' title='bbox 2410 3832 2520 3885; x_wconf 79' lang='grc' dir='ltr'><strong>τῶν</strong></span> <span class='ocrx_word' id='word_1_566' title='bbox 2550 3831 2802 3897; x_wconf 81' lang='grc' dir='ltr'>λεόντων,</span> <span class='ocrx_word' id='word_1_567' title='bbox 2834 3836 2914 3893; x_wconf 80' lang='grc' dir='ltr'><strong>είς</strong></span> <span class='ocrx_word' id='word_1_568' title='bbox 2952 3834 3011 3888; x_wconf 73' lang='grc' dir='ltr'>ὃν</span> <span class='ocrx_word' id='word_1_569' title='bbox 3042 3835 3304 3906; x_wconf 79' lang='grc' dir='ltr'>ἐνεϐλήθη</span> <span class='ocrx_word' id='word_1_570' title='bbox 3336 3837 3364 3890; x_wconf 91' lang='lat'><strong>6</strong></span> <span class='ocrx_word' id='word_1_571' title='bbox 3391 3837 3591 3908; x_wconf 80' lang='grc' dir='ltr'>Δανιήλ</span> <span class='ocrx_word' id='word_1_572' title='bbox 3614 3854 3629 3868; x_wconf 91' lang='grc'><strong>·</strong></span> <span class='ocrx_word' id='word_1_573' title='bbox 3661 3836 3753 3908; x_wconf 72' lang='grc' dir='ltr'><strong>εἴη</strong></span> 
     </span>
    </p>
   </div>
   <div class='ocr_carea' id='block_1_85' title="bbox 2168 3921 3184 3997">
    <p class='ocr_par' dir='ltr' id='par_1_85' title="bbox 2168 3921 3184 3997">
     <span class='ocr_line' id='line_1_85' title="bbox 2168 3921 3184 3997; baseline 0.008 -23"><span class='ocrx_word' id='word_1_574' title='bbox 2168 3921 2215 3974; x_wconf 85' lang='grc' dir='ltr'>δ’</span> <span class='ocrx_word' id='word_1_575' title='bbox 2241 3922 2309 3977; x_wconf 82' lang='grc' dir='ltr'>ἂν</span> <span class='ocrx_word' id='word_1_576' title='bbox 2334 3924 2431 3978; x_wconf 75' lang='grc' dir='ltr'>καὶ</span> <span class='ocrx_word' id='word_1_577' title='bbox 2458 3925 2606 3978; x_wconf 83' lang='grc' dir='ltr'>πᾶσα</span> <span class='ocrx_word' id='word_1_578' title='bbox 2640 3924 2838 3997; x_wconf 81' lang='grc' dir='ltr'>συνοχὴ</span> <span class='ocrx_word' id='word_1_579' title='bbox 2863 3927 3184 3990; x_wconf 80' lang='grc' dir='ltr'>κακώσεως.</span> 
     </span>
    </p>
   </div>
   <div class='ocr_carea' id='block_1_86' title="bbox 2243 4099 3753 4174">
    <p class='ocr_par' dir='ltr' id='par_1_86' title="bbox 2243 4099 3753 4174">
     <span class='ocr_line' id='line_1_86' title="bbox 2243 4099 3753 4174; baseline 0.004 -20"><span class='ocrx_word' id='word_1_580' title='bbox 2243 4100 2427 4174; x_wconf 71' lang='grc' dir='ltr'>’βθου</span> <span class='ocrx_word' id='word_1_581' title='bbox 2454 4099 2698 4168; x_wconf 75' lang='grc' dir='ltr'>θλίψεις</span> <span class='ocrx_word' id='word_1_582' title='bbox 2720 4100 2819 4154; x_wconf 79' lang='grc' dir='ltr'><strong>ἐπὶ</strong></span> <span class='ocrx_word' id='word_1_583' title='bbox 2856 4101 2965 4155; x_wconf 80' lang='grc' dir='ltr'><strong>τὸν</strong></span> <span class='ocrx_word' id='word_1_584' title='bbox 3003 4101 3199 4158; x_wconf 76' lang='grc' dir='ltr'>νῶτον</span> <span class='ocrx_word' id='word_1_585' title='bbox 3237 4103 3429 4173; x_wconf 72' lang='grc' dir='ltr'>ἡμῶν.</span> <span class='ocrx_word' id='word_1_586' title='bbox 3461 4106 3753 4174; x_wconf 76' lang='grc' dir='ltr'>Μάστιγας</span> 
     </span>
    </p>
   </div>
   <div class='ocr_carea' id='block_1_87' title="bbox 2169 4190 3755 4264">
    <p class='ocr_par' dir='ltr' id='par_1_87' title="bbox 2169 4190 3755 4264">
     <span class='ocr_line' id='line_1_87' title="bbox 2169 4190 3755 4264; baseline 0.009 -22"><span class='ocrx_word' id='word_1_587' title='bbox 2169 4190 2482 4255; x_wconf 79' lang='grc' dir='ltr'>θλιϐούσας.</span> <span class='ocrx_word' id='word_1_588' title='bbox 2536 4191 2699 4256; x_wconf 76' lang='grc' dir='ltr'>Εἰκὸς</span> <span class='ocrx_word' id='word_1_589' title='bbox 2746 4193 2855 4264; x_wconf 78' lang='grc' dir='ltr'>γὰρ</span> <span class='ocrx_word' id='word_1_590' title='bbox 2910 4195 3109 4260; x_wconf 80' lang='grc' dir='ltr'>αὐτοὺς</span> <span class='ocrx_word' id='word_1_591' title='bbox 3168 4194 3263 4250; x_wconf 82' lang='grc' dir='ltr'><strong>καὶ</strong></span> <span class='ocrx_word' id='word_1_592' title='bbox 3322 4197 3642 4255; x_wconf 84' lang='grc' dir='ltr'>τύπτεσθαι.</span> <span class='ocrx_word' id='word_1_593' title='bbox 3679 4200 3755 4258; x_wconf 78' lang='grc' dir='ltr'>Ἵί</span> 
     </span>
    </p>
   </div>
   <div class='ocr_carea' id='block_1_88' title="bbox 2169 4285 3754 4365">
    <p class='ocr_par' dir='ltr' id='par_1_88' title="bbox 2169 4285 3754 4365">
     <span class='ocr_line' id='line_1_88' title="bbox 2169 4285 3754 4365; baseline 0.006 -25"><span class='ocrx_word' id='word_1_594' title='bbox 2169 4285 2380 4354; x_wconf 76' lang='grc' dir='ltr'>θλίψεις</span> <span class='ocrx_word' id='word_1_595' title='bbox 2419 4286 2569 4357; x_wconf 82' lang='grc' dir='ltr'>λέγει</span> <span class='ocrx_word' id='word_1_596' title='bbox 2596 4288 2663 4342; x_wconf 83' lang='grc' dir='ltr'>τὰ</span> <span class='ocrx_word' id='word_1_597' title='bbox 2688 4288 2830 4360; x_wconf 83' lang='grc' dir='ltr'>βάρη</span> <span class='ocrx_word' id='word_1_598' title='bbox 2865 4289 2975 4343; x_wconf 86' lang='grc' dir='ltr'>τῶν</span> <span class='ocrx_word' id='word_1_599' title='bbox 3021 4292 3347 4363; x_wconf 85' lang='grc' dir='ltr'>πειρασμῶν</span> <span class='ocrx_word' id='word_1_600' title='bbox 3373 4309 3389 4324; x_wconf 76' lang='grc' dir='ltr'><strong>ο</strong></span> <span class='ocrx_word' id='word_1_601' title='bbox 3418 4293 3531 4365; x_wconf 70' lang='lat'><strong>(27)</strong></span> <span class='ocrx_word' id='word_1_602' title='bbox 3549 4294 3754 4359; x_wconf 83' lang='grc' dir='ltr'>νὼτους</span> 
     </span>
    </p>
   </div>
   <div class='ocr_carea' id='block_1_89' title="bbox 2167 4376 3226 4452">
    <p class='ocr_par' dir='ltr' id='par_1_89' title="bbox 2167 4376 3226 4452">
     <span class='ocr_line' id='line_1_89' title="bbox 2167 4376 3226 4452; baseline 0.007 -21"><span class='ocrx_word' id='word_1_603' title='bbox 2167 4376 2222 4431; x_wconf 81' lang='grc' dir='ltr'><strong>δὲ</strong></span> <span class='ocrx_word' id='word_1_604' title='bbox 2246 4378 2495 4445; x_wconf 79' lang='grc' dir='ltr'>ἑαυτοὺς,</span> <span class='ocrx_word' id='word_1_605' title='bbox 2528 4378 2607 4444; x_wconf 83' lang='grc' dir='ltr'>ὡς</span> <span class='ocrx_word' id='word_1_606' title='bbox 2636 4380 2744 4434; x_wconf 84' lang='grc' dir='ltr'><strong>ἁπδ</strong></span> <span class='ocrx_word' id='word_1_607' title='bbox 2779 4380 2982 4452; x_wconf 83' lang='grc' dir='ltr'>μέρους</span> <span class='ocrx_word' id='word_1_608' title='bbox 3004 4382 3066 4436; x_wconf 74' lang='grc' dir='ltr'>τὸ</span> <span class='ocrx_word' id='word_1_609' title='bbox 3091 4385 3226 4440; x_wconf 82' lang='grc' dir='ltr'>πᾶν.</span> 
     </span>
    </p>
   </div>
   <div class='ocr_carea' id='block_1_90' title="bbox 2255 4647 3751 4726">
    <p class='ocr_par' dir='ltr' id='par_1_90' title="bbox 2255 4647 3751 4726">
     <span class='ocr_line' id='line_1_90' title="bbox 2255 4647 3751 4726; baseline 0.006 -24"><span class='ocrx_word' id='word_1_610' title='bbox 2255 4647 2649 4715; x_wconf 78' lang='grc' dir='ltr'>Ἐπεὸίόασας</span> <span class='ocrx_word' id='word_1_611' title='bbox 2669 4649 3020 4719; x_wconf 80' lang='grc' dir='ltr'>ἀνθρώπους</span> <span class='ocrx_word' id='word_1_612' title='bbox 3039 4652 3137 4707; x_wconf 77' lang='grc' dir='ltr'><strong>ἐπὶ</strong></span> <span class='ocrx_word' id='word_1_613' title='bbox 3151 4653 3260 4720; x_wconf 82' lang='grc' dir='ltr'>τὰς</span> <span class='ocrx_word' id='word_1_614' title='bbox 3273 4655 3545 4724; x_wconf 70' lang='grc' dir='ltr'>κεφαλὰς</span> <span class='ocrx_word' id='word_1_615' title='bbox 3562 4654 3751 4726; x_wconf 74' lang='grc' dir='ltr'>ἡμῶν.</span> 
     </span>
    </p>
   </div>
   <div class='ocr_carea' id='block_1_91' title="bbox 2185 4741 3754 4818">
    <p class='ocr_par' dir='ltr' id='par_1_91' title="bbox 2185 4741 3754 4818">
     <span class='ocr_line' id='line_1_91' title="bbox 2185 4741 3754 4818; baseline 0.004 -23"><span class='ocrx_word' id='word_1_616' title='bbox 2185 4741 2491 4809; x_wconf 78' lang='grc' dir='ltr'>’Υπέταξας</span> <span class='ocrx_word' id='word_1_617' title='bbox 2521 4743 2669 4812; x_wconf 79' lang='grc' dir='ltr'>ἡμᾶς</span> <span class='ocrx_word' id='word_1_618' title='bbox 2695 4745 2809 4807; x_wconf 87' lang='grc' dir='ltr'>τοῖς</span> <span class='ocrx_word' id='word_1_619' title='bbox 2839 4745 3054 4816; x_wconf 68' lang='grc' dir='ltr'>ἐχθροῖς</span> <span class='ocrx_word' id='word_1_620' title='bbox 3076 4761 3089 4775; x_wconf 88' lang='grc'><strong>·</strong></span> <span class='ocrx_word' id='word_1_621' title='bbox 3125 4746 3411 4801; x_wconf 80' lang='grc' dir='ltr'>πατεῖσθαι</span> <span class='ocrx_word' id='word_1_622' title='bbox 3436 4750 3583 4818; x_wconf 75' lang='grc' dir='ltr'>ἡμᾶς</span> <span class='ocrx_word' id='word_1_623' title='bbox 3617 4748 3754 4802; x_wconf 76' lang='grc' dir='ltr'><strong>ἔδω-</strong></span> 
     </span>
    </p>
   </div>
   <div class='ocr_carea' id='block_1_92' title="bbox 2175 4835 3755 4911">
    <p class='ocr_par' dir='ltr' id='par_1_92' title="bbox 2175 4835 3755 4911">
     <span class='ocr_line' id='line_1_92' title="bbox 2175 4835 3755 4911; baseline 0.004 -24"><span class='ocrx_word' id='word_1_624' title='bbox 2175 4852 2300 4898; x_wconf 89' lang='grc' dir='ltr'>κας.</span> <span class='ocrx_word' id='word_1_625' title='bbox 2342 4835 2734 4906; x_wconf 83' lang='grc' dir='ltr'>Μεταφορικδς</span> <span class='ocrx_word' id='word_1_626' title='bbox 2760 4836 2818 4890; x_wconf 82' lang='grc' dir='ltr'><strong>δὲ</strong></span> <span class='ocrx_word' id='word_1_627' title='bbox 2845 4840 2873 4891; x_wconf 90' lang='lat'><strong>6</strong></span> <span class='ocrx_word' id='word_1_628' title='bbox 2906 4837 3089 4906; x_wconf 83' lang='grc' dir='ltr'>λόγος.</span> <span class='ocrx_word' id='word_1_629' title='bbox 3121 4838 3299 4894; x_wconf 82' lang='grc' dir='ltr'>Πάλαι</span> <span class='ocrx_word' id='word_1_630' title='bbox 3328 4838 3437 4911; x_wconf 81' lang='grc' dir='ltr'>γὰρ</span> <span class='ocrx_word' id='word_1_631' title='bbox 3460 4840 3569 4895; x_wconf 81' lang='grc' dir='ltr'>τῶν</span> <span class='ocrx_word' id='word_1_632' title='bbox 3593 4841 3755 4911; x_wconf 60' lang='grc' dir='ltr'>βασις</span> 
     </span>
    </p>
   </div>
   <div class='ocr_carea' id='block_1_93' title="bbox 2171 4924 3756 5003">
    <p class='ocr_par' dir='ltr' id='par_1_93' title="bbox 2171 4924 3756 5003">
     <span class='ocr_line' id='line_1_93' title="bbox 2171 4924 3756 5003; baseline 0.006 -25"><span class='ocrx_word' id='word_1_633' title='bbox 2171 4924 2310 4979; x_wconf 87' lang='grc' dir='ltr'>λέων</span> <span class='ocrx_word' id='word_1_634' title='bbox 2350 4928 2400 4979; x_wconf 83' lang='lat' dir='ltr'><strong>oi</strong></span> <span class='ocrx_word' id='word_1_635' title='bbox 2442 4926 2708 4992; x_wconf 84' lang='grc' dir='ltr'>νικῶντες</span> <span class='ocrx_word' id='word_1_636' title='bbox 2748 4928 3002 5001; x_wconf 77' lang='grc' dir='ltr'>ἐχθροὺς,</span> <span class='ocrx_word' id='word_1_637' title='bbox 3043 4929 3474 5003; x_wconf 73' lang='grc' dir='ltr'>θριαμϐεύοντες</span> <span class='ocrx_word' id='word_1_638' title='bbox 3513 4935 3756 4989; x_wconf 69' lang='grc' dir='ltr'>ἐπάτουν</span> 
     </span>
    </p>
   </div>
   <div class='ocr_carea' id='block_1_94' title="bbox 2163 5018 3135 5093">
    <p class='ocr_par' dir='ltr' id='par_1_94' title="bbox 2163 5018 3135 5093">
     <span class='ocr_line' id='line_1_94' title="bbox 2163 5018 3135 5093; baseline 0.007 -22"><span class='ocrx_word' id='word_1_639' title='bbox 2163 5018 2265 5083; x_wconf 81' lang='grc' dir='ltr'>τὰς</span> <span class='ocrx_word' id='word_1_640' title='bbox 2298 5021 2543 5089; x_wconf 82' lang='grc' dir='ltr'>κεφαλὰς</span> <span class='ocrx_word' id='word_1_641' title='bbox 2572 5019 2683 5073; x_wconf 85' lang='grc' dir='ltr'>τῶν</span> <span class='ocrx_word' id='word_1_642' title='bbox 2705 5020 3135 5093; x_wconf 74' lang='grc' dir='ltr'>ὲζωγρημένων.</span> 
     </span>
    </p>
   </div>
   <div class='ocr_carea' id='block_1_95' title="bbox 2235 5107 3754 5190">
    <p class='ocr_par' dir='ltr' id='par_1_95' title="bbox 2235 5107 3754 5190">
     <span class='ocr_line' id='line_1_95' title="bbox 2235 5107 3754 5190; baseline 0.008 -29"><span class='ocrx_word' id='word_1_643' title='bbox 2235 5107 2570 5179; x_wconf 75' lang='grc' dir='ltr'>Διήλθομεν</span> <span class='ocrx_word' id='word_1_644' title='bbox 2618 5109 2718 5164; x_wconf 81' lang='grc' dir='ltr'><strong>διὰ</strong></span> <span class='ocrx_word' id='word_1_645' title='bbox 2766 5112 2956 5179; x_wconf 78' lang='grc' dir='ltr'>πυρὸς</span> <span class='ocrx_word' id='word_1_646' title='bbox 3015 5114 3114 5166; x_wconf 78' lang='grc' dir='ltr'><strong>καὶ</strong></span> <span class='ocrx_word' id='word_1_647' title='bbox 3170 5115 3414 5183; x_wconf 82' lang='grc' dir='ltr'>ὕδατος.</span> <span class='ocrx_word' id='word_1_648' title='bbox 3472 5118 3591 5190; x_wconf 85' lang='grc' dir='ltr'><strong>Πῦρ</strong></span> <span class='ocrx_word' id='word_1_649' title='bbox 3656 5120 3754 5173; x_wconf 78' lang='grc' dir='ltr'>καὶ</span> 
     </span>
    </p>
   </div>
   <div class='ocr_carea' id='block_1_96' title="bbox 2166 5196 3753 5281">
    <p class='ocr_par' dir='ltr' id='par_1_96' title="bbox 2166 5196 3753 5281">
     <span class='ocr_line' id='line_1_96' title="bbox 2166 5196 3753 5281; baseline 0.008 -30"><span class='ocrx_word' id='word_1_650' title='bbox 2166 5196 2332 5269; x_wconf 76' lang='grc' dir='ltr'>ὕδωρ,</span> <span class='ocrx_word' id='word_1_651' title='bbox 2366 5199 2475 5253; x_wconf 87' lang='grc' dir='ltr'>νόει</span> <span class='ocrx_word' id='word_1_652' title='bbox 2504 5198 2604 5263; x_wconf 82' lang='grc' dir='ltr'>τὰς</span> <span class='ocrx_word' id='word_1_653' title='bbox 2622 5203 2930 5273; x_wconf 76' lang='grc' dir='ltr'>συμφοράς.</span> <span class='ocrx_word' id='word_1_654' title='bbox 2958 5204 3132 5259; x_wconf 82' lang='grc' dir='ltr'>Τοῦτο</span> <span class='ocrx_word' id='word_1_655' title='bbox 3156 5206 3274 5276; x_wconf 85' lang='grc' dir='ltr'>μὲν,</span> <span class='ocrx_word' id='word_1_656' title='bbox 3306 5209 3382 5272; x_wconf 77' lang='grc' dir='ltr'>ὡς</span> <span class='ocrx_word' id='word_1_657' title='bbox 3404 5211 3753 5281; x_wconf 75' lang='grc' dir='ltr'>ἐμπιμπρῶ-</span> 
     </span>
    </p>
   </div>
   <div class='ocr_carea' id='block_1_97' title="bbox 2170 5291 3755 5365">
    <p class='ocr_par' dir='ltr' id='par_1_97' title="bbox 2170 5291 3755 5365">
     <span class='ocr_line' id='line_1_97' title="bbox 2170 5291 3755 5365; baseline 0.009 -21"><span class='ocrx_word' id='word_1_658' title='bbox 2170 5307 2271 5355; x_wconf 89' lang='grc' dir='ltr'><strong>σας</strong></span> <span class='ocrx_word' id='word_1_659' title='bbox 2323 5291 2422 5363; x_wconf 82' lang='grc' dir='ltr'>τὴν</span> <span class='ocrx_word' id='word_1_660' title='bbox 2477 5293 2655 5365; x_wconf 81' lang='grc' dir='ltr'>ψυχήν</span> <span class='ocrx_word' id='word_1_661' title='bbox 2682 5313 2694 5326; x_wconf 93' lang='grc'>·</span> <span class='ocrx_word' id='word_1_662' title='bbox 2743 5296 2903 5350; x_wconf 77' lang='grc' dir='ltr'>τοῦτο</span> <span class='ocrx_word' id='word_1_663' title='bbox 2948 5296 3027 5356; x_wconf 77' lang='grc' dir='ltr'><strong>δὲ.</strong></span> <span class='ocrx_word' id='word_1_664' title='bbox 3080 5300 3159 5362; x_wconf 78' lang='grc' dir='ltr'>ὡς</span> <span class='ocrx_word' id='word_1_665' title='bbox 3205 5301 3608 5365; x_wconf 75' lang='grc' dir='ltr'>ὲπικλυξούσας</span> <span class='ocrx_word' id='word_1_666' title='bbox 3652 5306 3755 5358; x_wconf 66' lang='lat' dir='ltr'><strong>sui.</strong></span> 
     </span>
    </p>
   </div>
   <div class='ocr_carea' id='block_1_98' title="bbox 2167 5381 3750 5462">
    <p class='ocr_par' dir='ltr' id='par_1_98' title="bbox 2167 5381 3750 5462">
     <span class='ocr_line' id='line_1_98' title="bbox 2167 5381 3750 5462; baseline 0.009 -28"><span class='ocrx_word' id='word_1_667' title='bbox 2167 5381 2602 5450; x_wconf 78' lang='grc' dir='ltr'>ἀποπνιγούσας.</span> <span class='ocrx_word' id='word_1_668' title='bbox 2637 5385 2821 5453; x_wconf 76' lang='grc' dir='ltr'>’Ἄξιον</span> <span class='ocrx_word' id='word_1_669' title='bbox 2867 5387 2922 5442; x_wconf 84' lang='grc' dir='ltr'>δὲ</span> <span class='ocrx_word' id='word_1_670' title='bbox 2973 5388 3210 5462; x_wconf 76' lang='grc' dir='ltr'>ζητῆσαι</span> <span class='ocrx_word' id='word_1_671' title='bbox 3246 5393 3385 5456; x_wconf 81' lang='grc' dir='ltr'>πῶς,</span> <span class='ocrx_word' id='word_1_672' title='bbox 3416 5394 3529 5446; x_wconf 83' lang='grc' dir='ltr'>τῶν</span> <span class='ocrx_word' id='word_1_673' title='bbox 3571 5395 3750 5449; x_wconf 76' lang='grc' dir='ltr'>Βαϐυ-</span> 
     </span>
    </p>
   </div>
   <div class='ocr_carea' id='block_1_99' title="bbox 485 5473 2065 5553">
    <p class='ocr_par' dir='ltr' id='par_1_99' title="bbox 485 5482 2055 5553">
     <span class='ocr_line' id='line_1_99' title="bbox 485 5482 2055 5553; baseline -0.001 -19"><span class='ocrx_word' id='word_1_674' title='bbox 485 5484 597 5538; x_wconf 87' lang='lat' dir='ltr'><strong>tius</strong></span> <span class='ocrx_word' id='word_1_675' title='bbox 626 5493 889 5540; x_wconf 90' lang='lat' dir='ltr'><strong>accusent</strong></span> <span class='ocrx_word' id='word_1_676' title='bbox 936 5482 1134 5551; x_wconf 63' lang='lat' dir='ltr'><strong>Judaei,</strong></span> <span class='ocrx_word' id='word_1_677' title='bbox 1189 5484 1351 5553; x_wconf 87' lang='lat' dir='ltr'><strong>eique</strong></span> <span class='ocrx_word' id='word_1_678' title='bbox 1406 5482 1781 5538; x_wconf 88' lang='lat' dir='ltr'><strong>calamitatum</strong></span> <span class='ocrx_word' id='word_1_679' title='bbox 1833 5496 2055 5535; x_wconf 89' lang='lat' dir='ltr'><strong>suarum</strong></span> 
     </span>
    </p>
   </div>
   <div class='ocr_carea' id='block_1_100' title="bbox 2170 5473 3754 5553">
    <p class='ocr_par' dir='ltr' id='par_1_100' title="bbox 2170 5473 3754 5543">
     <span class='ocr_line' id='line_1_100' title="bbox 2170 5473 3754 5543; baseline 0.009 -16"><span class='ocrx_word' id='word_1_680' title='bbox 2170 5473 2374 5530; x_wconf 83' lang='grc' dir='ltr'>λωνίων</span> <span class='ocrx_word' id='word_1_681' title='bbox 2400 5476 2599 5540; x_wconf 78' lang='grc' dir='ltr'>αὐτοὺς</span> <span class='ocrx_word' id='word_1_682' title='bbox 2633 5482 3026 5543; x_wconf 81' lang='grc' dir='ltr'>κακωσὰντων,</span> <span class='ocrx_word' id='word_1_683' title='bbox 3069 5484 3222 5536; x_wconf 70' lang='grc' dir='ltr'>αὐτοὶ</span> <span class='ocrx_word' id='word_1_684' title='bbox 3245 5485 3335 5538; x_wconf 87' lang='grc' dir='ltr'><strong>τὸν</strong></span> <span class='ocrx_word' id='word_1_685' title='bbox 3359 5486 3492 5539; x_wconf 72' lang='grc' dir='ltr'>Θεὸν</span> <span class='ocrx_word' id='word_1_686' title='bbox 3526 5487 3754 5542; x_wconf 56' lang='grc' dir='ltr'>αἰτιῶν-</span> 
     </span>
    </p>
   </div>
   <div class='ocr_carea' id='block_1_101' title="bbox 485 5570 2060 5646">
    <p class='ocr_par' dir='ltr' id='par_1_101' title="bbox 485 5570 2060 5646">
     <span class='ocr_line' id='line_1_101' title="bbox 485 5570 2060 5646; baseline -0.003 -18"><span class='ocrx_word' id='word_1_687' title='bbox 485 5588 710 5640; x_wconf 84' lang='lat' dir='ltr'><strong>causatn</strong></span> <span class='ocrx_word' id='word_1_688' title='bbox 740 5576 1045 5641; x_wconf 87' lang='lat' dir='ltr'><strong>aseribant,</strong></span> <span class='ocrx_word' id='word_1_689' title='bbox 1102 5576 1291 5646; x_wconf 89' lang='lat' dir='ltr'><strong>potius</strong></span> <span class='ocrx_word' id='word_1_690' title='bbox 1322 5590 1485 5646; x_wconf 89' lang='lat' dir='ltr'><strong>quam</strong></span> <span class='ocrx_word' id='word_1_691' title='bbox 1524 5572 1842 5645; x_wconf 84' lang='lat' dir='ltr'><strong>Babyloniis</strong></span> <span class='ocrx_word' id='word_1_692' title='bbox 1871 5587 1899 5625; x_wconf 88' lang='lat' dir='ltr'><strong>a</strong></span> <span class='ocrx_word' id='word_1_693' title='bbox 1933 5570 2060 5642; x_wconf 85' lang='lat' dir='ltr'><strong>qui-</strong></span> 
     </span>
    </p>
   </div>
   <div class='ocr_carea' id='block_1_102' title="bbox 2164 5567 3754 5646">
    <p class='ocr_par' dir='ltr' id='par_1_102' title="bbox 2164 5567 3754 5646">
     <span class='ocr_line' id='line_1_102' title="bbox 2164 5567 3754 5646; baseline 0.01 -26"><span class='ocrx_word' id='word_1_694' title='bbox 2164 5584 2255 5621; x_wconf 86' lang='grc' dir='ltr'><strong>ται</strong></span> <span class='ocrx_word' id='word_1_695' title='bbox 2289 5567 2492 5638; x_wconf 77' lang='grc' dir='ltr'>μᾶλλον</span> <span class='ocrx_word' id='word_1_696' title='bbox 2517 5589 2531 5601; x_wconf 87' lang='grc'><strong>·</strong></span> <span class='ocrx_word' id='word_1_697' title='bbox 2576 5571 2929 5641; x_wconf 82' lang='grc' dir='ltr'>Ἐπύρωσας</span> <span class='ocrx_word' id='word_1_698' title='bbox 2962 5573 3142 5643; x_wconf 75' lang='grc' dir='ltr'>ἡμᾶς,</span> <span class='ocrx_word' id='word_1_699' title='bbox 3180 5577 3452 5646; x_wconf 82' lang='grc' dir='ltr'>λέγοντες,</span> <span class='ocrx_word' id='word_1_700' title='bbox 3491 5581 3587 5634; x_wconf 77' lang='grc' dir='ltr'><strong>καὶ</strong></span> <span class='ocrx_word' id='word_1_701' title='bbox 3623 5582 3754 5635; x_wconf 80' lang='grc' dir='ltr'>εισ-</span> 
     </span>
    </p>
   </div>
   <div class='ocr_carea' id='block_1_103' title="bbox 1832 5748 2389 5814">
    <p class='ocr_par' dir='ltr' id='par_1_103' title="bbox 1832 5748 2389 5814">
     <span class='ocr_line' id='line_1_103' title="bbox 1832 5748 2389 5814; baseline -0.007 -1"><span class='ocrx_word' id='word_1_702' title='bbox 1832 5751 2033 5814; x_wconf 75' lang='lat' dir='ltr'><strong>Variae</strong></span> <span class='ocrx_word' id='word_1_703' title='bbox 2056 5748 2389 5814; x_wconf 89' lang='lat' dir='ltr'><strong>lectiones.</strong></span> 
     </span>
    </p>
   </div>
   <div class='ocr_carea' id='block_1_104' title="bbox 557 5848 1236 5923">
    <p class='ocr_par' dir='ltr' id='par_1_104' title="bbox 557 5848 1236 5923">
     <span class='ocr_line' id='line_1_104' title="bbox 557 5848 1236 5923; baseline 0.004 -20"><span class='ocrx_word' id='word_1_704' title='bbox 557 5848 671 5919; x_wconf 78' lang='lat'><strong>(26)</strong></span> <span class='ocrx_word' id='word_1_705' title='bbox 701 5850 780 5905; x_wconf 77' lang='lat' dir='ltr'><strong>Att</strong></span> <span class='ocrx_word' id='word_1_706' title='bbox 816 5850 922 5904; x_wconf 64' lang='grc' dir='ltr'><strong>ἀπὸ</strong></span> <span class='ocrx_word' id='word_1_707' title='bbox 958 5867 1055 5920; x_wconf 83' lang='lat' dir='ltr'><strong>pro</strong></span> <span class='ocrx_word' id='word_1_708' title='bbox 1089 5853 1236 5923; x_wconf 85' lang='grc' dir='ltr'>περί.</span> 
     </span>
    </p>
   </div>
   <div class='ocr_carea' id='block_1_105' title="bbox 2236 5850 2978 5921">
    <p class='ocr_par' dir='ltr' id='par_1_105' title="bbox 2236 5850 2978 5921">
     <span class='ocr_line' id='line_1_105' title="bbox 2236 5850 2978 5921; baseline 0.005 -18"><span class='ocrx_word' id='word_1_709' title='bbox 2236 5850 2347 5921; x_wconf 72' lang='lat'><strong>(‘27)</strong></span> <span class='ocrx_word' id='word_1_710' title='bbox 2381 5850 2566 5908; x_wconf 77' lang='lat' dir='ltr'><strong>Gt&#39;tece</strong></span> <span class='ocrx_word' id='word_1_711' title='bbox 2605 5853 2978 5907; x_wconf 77' lang='lat' dir='ltr'><strong>tontatiomm.</strong></span> 
     </span>
    </p>
   </div>
  </div>
