4064 6420
318 389 461 453 653
1241 385 1245 389 ’
1534 378 1929 442 COMMENT.
1972 377 2059 438 IN
2096 377 2459 437 PSAIMOS.
3516 371 3622 435 651

314 505 579 573 ἤγαγες
613 487 705 567 sle
726 499 842 568 τὴν
881 498 1124 565 παγίδα,
1171 498 1265 552 καὶ
1298 497 1366 551 τὰ
1398 496 1642 550 τοιαῦτα.
1681 490 1840 548 Ἔστι
1886 491 1941 545 δὲ

2058 488 2153 543 bus
2185 487 2372 543 alllicti
2413 487 2653 541 fuerant.
2689 487 2799 541 Deo
2830 485 3035 541 etenim
3072 485 3269 540 dirunt
3297 503 3310 542 :
3376 486 3500 558 Igne
3521 504 3615 543 nos

311 594 507 655 ὶᾶσις
544 591 642 646 τοῦ
673 590 1015 662 ζητήματος,
1064 591 1145 644 ὅτι
1186 591 1280 643 τὸν
1325 590 1460 644 Θεὸν
1497 591 1797 659 ἐγίνωσκον
1825 586 1940 657 (‘28)

2058 584 2366 639 nominasti
2385 598 2406 646 ;
2429 583 2587 637 item:
2617 582 2884 636 Induxisti
2906 598 3001 635 nos
3041 580 3095 634 in
3130 579 3398 649 laqueum,
3427 588 3481 636 ct
3516 582 3623 635 alia

314 682 559 746 αἴτιον,
586 678 662 738 ὧν
693 683 1019 750 πεπόνθασι,
1056 682 1540 753 παραχωρήσαντα
1567 682 1679 744 τοῖς
1701 680 1938 751 ἐχθροῖς,

2058 676 2384 747 iiujusmodi.
2421 675 2501 729 Ad
2532 674 2677 745 quod
2707 673 2999 729 dicendum
3038 680 3123 728 est
3151 673 3272 728 illus
3302 671 3411 728 Deo
3438 674 3623 727 omnia

315 775 498 831 οὕτω
531 777 841 849 χρήσασθαι
876 779 988 840 τοῖς
1020 775 1229 839 δούλοις
1260 773 1447 829 αὑτοῦ.

2058 774 2160 826 lucc
2192 769 2476 826 ascribere
2505 769 2634 838 quia
2664 766 3076 839 cognoscebant
3105 767 3175 822 ab
3205 766 3300 821 illo
3335 765 3530 832 fuisse,
3564 776 3626 821 ut

2047 862 2258 917 inimici
2317 871 2473 916 tanta
2526 859 2843 931 potuissent
2899 858 3165 915 adversus
3209 874 3305 926 se;
3352 857 3627 931 permittlt

2047 963 2228 1009 autem
2267 966 2649 1023 saepenumero
2682 965 2869 1006 servos
2897 964 3030 1006 suos
3062 951 3342 1022 castigari.

2117 1046 2186 1098 Et
2224 1042 2457 1097 eduxisti
2475 1056 2573 1095 nos
2598 1041 2654 1095 in
2678 1039 3033 1110 refrigerium.
3056 1037 3120 1094 Et
3153 1049 3334 1095 tamen
3363 1049 3418 1096 tu
3449 1042 3627 1097 nostri

2046 1135 2311 1189 misertus
2341 1133 2398 1188 in
2426 1131 2775 1203 refrigerium
2809 1145 2912 1186 nos
2941 1139 3132 1202 postea
3162 1132 3464 1188 adduxisti.
3492 1130 3629 1187 Illud

2047 1231 2214 1286 etiam
2246 1223 2821 1291 animadvertendum,
2847 1223 2995 1294 quod
3037 1222 3206 1278 verba
3234 1222 3325 1277 illa
3354 1241 3368 1278 :
3428 1221 3632 1278 Proba-

2049 1323 2121 1379 δεῖ
2148 1339 2265 1385 nos,
2289 1330 2343 1378 et
2376 1336 2499 1391 quae
2526 1326 2862 1391 sequuntur,
2895 1332 3074 1389 usque
3100 1317 3170 1372 ad
3201 1317 3293 1372 illa
3320 1333 3336 1371 :
3382 1315 3632 1372 Eduaisti

2050 1433 2168 1481 nos,
2202 1425 2263 1470 ut
2288 1415 2495 1469 Paulus
2523 1414 2686 1469 docet
2718 1413 2786 1477 ³¹,
2818 1409 3081 1482 praedicta
3114 1417 3247 1466 sunt
3287 1424 3355 1465 ex
3394 1424 3632 1479 persona

2052 1519 2356 1581 martyrum
2386 1507 2619 1562 Christi.
2652 1504 2778 1560 Hiec
2798 1505 3000 1559 etenim
3028 1502 3214 1557 omnia
3249 1501 3453 1557 Christi
3485 1516 3633 1557 mar-

2052 1611 2202 1673 tyres
2237 1598 2454 1655 divisim
2488 1598 2683 1652 saltem
2715 1594 3129 1651 sustinuerunt.

2124 1692 2290 1749 Vens.
2315 1690 2508 1759 13,14.
2536 1688 2883 1745 Introibimus
2907 1688 2960 1741 in
2983 1685 3196 1741 domum
3216 1695 3365 1741 tuam
3398 1686 3451 1741 in
3483 1686 3636 1742 holo-

2052 1782 2277 1839 caustis.
2326 1779 2490 1835 Juxta
2537 1778 2827 1835 historiam
2881 1777 3044 1832 verba
3078 1775 3225 1831 clara
3276 1784 3430 1842 sunt,
3475 1775 3636 1847 juxta

438 1048 781 1117 Ἔξήγαγρς
838 1044 998 1114 ἡμᾶς
1053 1048 1137 1111 είς
1204 1043 1559 1113 ἀναψυχήν.
1625 1043 1737 1096 Καὶ
1794 1043 1944 1113 ὅμως

321 1141 600 1210 ἐλεήσας
628 1141 794 1208 ἡμᾶς,
832 1139 1100 1208 ἐξήγαγες
1128 1138 1207 1198 είς
1233 1137 1566 1191 ἀνάπαυσιν.
1603 1134 1724 1208 Χρὴ
1749 1135 1807 1189 δὲ
1859 1153 1944 1203 γι⁴

318 1235 599 1287 νὼσκειν
643 1233 725 1286 ὅτι
752 1232 844 1284 τό·
892 1230 1292 1297 Ἐδοκίμασας
1329 1227 1522 1299 ἡμᾶς,
1548 1228 1638 1282 καὶ
1677 1229 1745 1281 τὰ
1793 1227 1943 1299 ἑξῆς,

323 1325 485 1392 ἄχρι
515 1321 615 1374 τοῦ
647 1321 754 1376 Kal
782 1321 1077 1390 ἐξήγαγες
1103 1319 1262 1390 ἡμᾶς
1292 1322 1379 1386 εἷς
1406 1319 1762 1390 ἀναψυχὴν,
1780 1337 1950 1390 προσ-

324 1415 494 1483 ώπῳ
534 1413 771 1481 μάλιστα
798 1413 909 1466 τῶν
942 1412 1038 1466 τοῦ
1074 1412 1313 1483 Χριστοῦ
1363 1413 1662 1483 μαρτύρων
1703 1430 1946 1484 προηγο-

332 1503 537 1574 ρξύθη
557 1519 573 1532 ·
624 1503 809 1566 καθώς
836 1521 970 1573 φησι
1012 1505 1109 1557 καὶ
1139 1502 1353 1568 Παῦλος
1380 1506 1408 1557 ὁ
1455 1505 1757 1571 ἀπόστολος
1778 1524 1791 1537 ³
1822 1506 1948 1560 ἐπεὶ

329 1593 453 1646 καὶ
493 1593 679 1647 πάντα
710 1594 851 1648 κατὰ
882 1594 1049 1667 μέρος
1082 1595 1423 1664 ὑπέστησαν.

422 1685 878 1753 Εἰσελεύσομαι
926 1688 1017 1751 εις
1070 1685 1179 1740 τὸν
1211 1680 1380 1740 οἶκόν
1432 1702 1550 1741 σου
1581 1687 1653 1741 ἐν
1695 1689 1950 1744 ὁλοκαυ-

332 1773 655 1844 τώμασιν.
693 1776 835 1829 Καθ’
889 1776 1132 1848 ἱστορίαν
1174 1777 1276 1849 μὲν
1309 1777 1486 1850 σαφὴς
1510 1778 1734 1849 δλὸγος.
1784 1781 1947 1836 Ἀνα-

331 1868 626 1936 γωγικῶς
674 1868 731 1922 δὲ
760 1865 912 1934 οἷκος
955 1870 1091 1924 Θεοῦ
1136 1873 1164 1925 ὀ
1198 1871 1461 1942 οὐρανόςσ
1514 1873 1949 1944 ὁλοκαυτώματα

336 1960 434 2025 δὲ,
471 1962 536 2012 αἱ
574 1960 839 2036 ὁλοτελεῖς
867 1963 1120 2033 ἐργασίαι
1147 1963 1258 2017 τῶν
1291 1964 1526 2037 ἀρετῶν,
1556 1964 1622 2031 ἃς
1651 1966 1840 2020 θύουσι
1871 1965 1950 2038 τῷ

337 2052 482 2121 Θεῷ
522 2053 731 2118 πάντες
758 2056 806 2108 οῐ
831 2054 1054 2110 δίκαιοι.

439 2144 760 2200 Ἇποδώσω
809 2144 917 2212 τὰς
963 2148 1149 2217 εὐχάς
1192 2165 1348 2218 μου,
1386 2149 1463 2217 ἅς
1520 2149 1818 2206 διέστειλε
1879 2153 1953 2207 τὰ

346 2238 539 2306 χείλη
561 2253 704 2306 μου,
733 2236 832 2291 καὶ
857 2237 1128 2304 Aldinae
1151 2239 1215 2293 τὸ
1256 2240 1451 2310 στόμα
1481 2259 1600 2311 μου
1622 2244 1692 2296 ἐν
1720 2241 1796 2313 τῇ
1821 2246 1952 2299 θλί-

352 2334 460 2398 ψει
496 2348 644 2398 μου.
699 2330 879 2401 Εὑχάς
914 2332 1073 2386 καλεῖ
1103 2333 1203 2388 νῦν
1249 2335 1350 2400 τὰς
1384 2335 1710 2407 ὑποσχέσεις
1732 2353 1747 2370 ο
1797 2340 1859 2391 τὸ
1893 2338 1952 2392 δὲ

375 2425 741 2490 ’2.ιὰλιισεν,
778 2427 1246 2498 ἐφερμηνευτικόν
1266 2431 1385 2483 ἐστι
1408 2429 1503 2484 τοῦ
1549 2432 1912 2486 Διέστειλεν.

446 2598 949 2694 Ὀλοκαυτώματα
975 2608 1410 2675 μεμυελωμένα
1429 2607 1657 2665 ἁνοίσω
1694 2626 1817 2667 σοι.
1838 2611 1956 2683 Οὑχ

362 2690 566 2754 ἁπλῶς
595 2690 1064 2764 ὁλοκαυτώματατ
1103 2695 1241 2750 ἀλλὰ
1286 2697 1473 2755 πίονα.
1511 2701 1660 2758 Πίων
1699 2702 1756 2757 δὲ
1789 2706 1956 2775 ὲργα-

362 2779 462 2833 οία
487 2781 696 2852 ἀρετῆς
724 2783 757 2852 ἡ
790 2780 1089 2854 ἐξαίρετος.

440 2963 607 3014 Μετὰ
640 2959 1006 3032 θυμιάματος
1040 2969 1139 3018 καὶ
1188 2966 1373 3032 κριῶν
1396 2965 1633 3021 ἀνοίσω
1668 2985 1768 3023 σοι
1798 2971 1958 3040 ,βόας

352 3054 518 3122 μετὰ
547 3052 837 3123 χιμάρων.
871 3055 1033 3109 Κατὰ
1055 3055 1157 3126 μὲν
1187 3056 1288 3127 τὴν
1316 3059 1578 3131 ἱστορίαν,
1610 3061 1687 3125 ὡς
1711 3062 1953 3132 εἴρηται,

2053 1888 2337 1944 anagogen
2369 1870 2567 1927 domus
2600 1869 2696 1926 Dei
2726 1870 2925 1925 caelum
2957 1877 3063 1925 est.
3099 1868 3427 1925 Ilolocausta
3451 1877 3634 1925 autem

2055 1965 2313 2037 perfectae
2345 1973 2476 2019 sunt
2511 1963 2863 2033 operationes
2898 1960 3192 2025 virtutum,
3222 1975 3363 2031 quas
3393 1961 3530 2031 justi
3565 1975 3634 2017 ac

2052 2058 2229 2115 sancti
2261 2057 2365 2111 viri
2395 2056 2504 2111 Deo
2529 2054 2868 2111 sacrificant.

2126 2146 2360 2202 Reddam
2387 2147 2483 2201 tibi
2508 2156 2627 2201 vota
2650 2162 2767 2201 mea
2795 2160 2914 2216 quae
2932 2143 3294 2200 distinxerunt
3323 2144 3468 2200 labia
3492 2162 3630 2208 mea,

2051 2250 2102 2297 et
2154 2241 2389 2296 locutum
2424 2250 2503 2295 est
2550 2256 2607 2294 os
2647 2255 2816 2293 meum
2850 2238 2908 2292 in
2959 2238 3301 2295 tribulatione
3335 2256 3472 2296 mea.
3535 2238 3641 2294 Per

2052 2343 2178 2387 vota
2208 2333 2609 2404 promissioues
2642 2331 2923 2403 intelligit.
2955 2330 3116 2396 Quod
3146 2345 3281 2387 vero
3312 2331 3388 2387 ait
3416 2347 3431 2387 :
3470 2331 3641 2388 Locu-

2057 2436 2168 2481 tum
2219 2432 2298 2481 est
2355 2442 2412 2481 os
2444 2441 2634 2491 meum,
2697 2423 3056 2492 declaranda,
3093 2425 3252 2491 dixit,
3306 2425 3490 2496 priora
3546 2426 3639 2481 illa

2053 2519 2265 2574 verba:
2312 2517 2684 2573 Distinxerunt
2731 2515 2877 2570 labia
2911 2532 3049 2570 mea.

2126 2610 2292 2667 Vens.
2335 2610 2417 2666 15η
2452 2608 3107 2664 Holocausta'medullala
3124 2609 3346 2679 offeram
3378 2609 3496 2664 tibi.
3519 2608 3639 2665 Non

2055 2704 2381 2776 simpliciter
2413 2703 2548 2758 dixit
2581 2688 2932 2767 holocausta,
2967 2701 3066 2756 sed
3100 2700 3351 2772 pinguia.
3413 2700 3512 2757 Est
3542 2716 3645 2756 an-

2058 2807 2166 2853 tem
2203 2792 2423 2866 pinguis
2471 2794 2562 2847 illa
2595 2793 2820 2849 virtutis
2866 2791 3140 2862 operatio,
3194 2807 3317 2863 quae
3362 2792 3640 2847 excellens

2054 2899 2162 2953 est,
2192 2896 2248 2943 et
2279 2901 2389 2957 prae
2410 2884 2669 2941 omnibus
2701 2885 2997 2954 praecipua.

2128 2980 2263 3038 Cant
2289 2981 2502 3035 incenso
2527 2979 2755 3034 arietum
2782 2979 3002 3048 oll'eram
3029 2978 3127 3033 tibi
3142 2978 3290 3034 boves
3314 2995 3432 3033 cum
3453 2980 3638 3036 hircis.

2057 3072 2222 3128 Juxta
2254 3072 2543 3128 historiam
2565 3071 2811 3142 quidem,
2834 3079 2894 3125 ut
2916 3064 3047 3125 alibi
3067 3070 3329 3135 diximus,
3347 3073 3640 3129 manifesta

356 3146 512 3215 δῆλα
538 3147 610 3201 τὰ
647 3146 762 3219 εἴδη
803 3147 913 3201 τῶν
944 3148 1172 3205 θυσιῶν.
1224 3150 1414 3206 Πάντα
1470 3155 1579 3226 γὰρ
1611 3155 1680 3209 τὰ
1716 3156 1953 3228 ῥηθέντα

2060 3169 2190 3219 sunt
2221 3161 2623 3219 sacriﬁciorum
2669 3175 2899 3230 genera.
2922 3160 3314 3217 Oﬁ‘erebantur
3349 3163 3496 3218 enim
3530 3179 3642 3217 om-

362 3238 767 3308 προσεφέρετο.
792 3238 950 3293 Κατὰ
982 3239 1040 3295 δὲ
1063 3240 1155 3296 τὸν
1182 3241 1341 3311 λόγον
1368 3246 1469 3316 τῆς
1495 3247 1811 3314 ἀναγωγῆς,
1846 3246 1953 3302 εἷεν

2065 3255 2153 3309 nia
2181 3268 2305 3324 quae
2344 3252 2435 3307 hic
2470 3261 3002 3319 commemorantur,
3039 3252 3093 3307 in
3127 3253 3434 3309 sacriﬁciis.
3477 3253 3641 3310 Juxta

364 3329 438 3382 ἂν
465 3328 795 3398 θυμιάματα
832 3328 955 3399 μὲν,
989 3331 1022 3400 ἠ
1050 3331 1401 3386 ἀπο-πνέουσα
1433 3334 1536 3404 τῆς
1576 3334 1826 3408 καθαρᾶς
1853 3337 1958 3408 ψυ-

364 3420 478 3491 χῆς
527 3420 723 3473 εὐωδία
746 3437 761 3451 ·
795 3422 943 3492 κριοὶ
970 3422 1050 3488 δὲ,
1087 3422 1138 3476 oi
1166 3424 1488 3496 ἡγεμονικοὶ
1524 3427 1622 3497 τῆς
1646 3427 1824 3501 ψυχῆς
1869 3430 1958 3484 λο-

367 3514 593 3583 γισμοὶ,
616 3514 998 3584 κερατίζοντες
1023 3515 1095 3569 τὰ
1124 3517 1271 3588 «πάθη
1298 3533 1314 3549 ⁸
1352 3517 1475 3590 βόες
1497 3520 1575 3587 δὲ,
1598 3525 1653 3575 αἱ
1684 3524 1957 3595 ἐνέργειαι

366 3605 473 3658 τοῦ
501 3605 774 3675 σώματος.
811 3605 920 3673 Γῆς
960 3604 1059 3675 μὲν
1086 3606 1196 3678 γὰρ
1224 3608 1466 3679 ἐργάτης
1494 3609 1523 3662 ὁ
1553 3609 1682 3680 βῦῦς
1703 3627 1717 3643 ⁸
1758 3613 1823 3664 ἐκ
1854 3614 1959 3684 γῆς

367 3697 430 3751 δὲ
464 3697 531 3749 τὸ
583 3697 766 3767 σῶμα,
804 3698 900 3750 καὶ
929 3701 1060 3764 περὶ
1101 3699 1207 3769 γῆν
1242 3700 1495 3769 ἐνεργεῖ*
1536 3699 1765 3773 χίμαροι
1792 3702 1869 3770 δὲ,
1901 3705 1958 3758 al

372 3788 527 3859 ὑπὲρ
552 3788 841 3859 ἁμαρτιῶν
879 3788 1115 3859 δεήσεις.
1153 3789 1328 3844 Πάλαι
1357 3790 1467 3861 γὰρ
1500 3793 1528 3844 ό
1555 3792 1789 3866 χίμαρος
1814 3794 1957 3866 ὑπὲρ

374 3882 672 3954 ἁμαρτιῶν
718 3882 929 3937 ἐθύετο.
993 3883 1158 3950 Λέγει
1186 3883 1368 3937 τοίνυν
1416 3885 1498 3938 ὅτι
1537 3886 1725 3941 Πάντα
1782 3889 1958 3943 ταῦτα

370 3979 584 4031 avom
642 3991 765 4041 σοι,
834 3972 1208 4040 ἀπαλλάξαντί
1259 3993 1328 4047 με
1390 3978 1491 4049 τῆς
1546 3978 1793 4044 δουλείας
1849 3980 1960 4033 τῶν

371 4066 471 4139 ἑχθ
478 4065 609 4139 ρῶν.

451 4342 653 4407 Δεῦτε,
683 4343 1009 4408 ἀκούσατε,
1049 4344 1150 4397 καὶ
1201 4343 1587 4414 διηγήσομαι,
1632 4343 1858 4412 πάντες
1906 4347 1961 4399 ol

377 4437 741 4507 φοϐούμενοι
761 4436 871 4490 τὸν
893 4435 1064 4500 Θεὸν,
1102 4437 1220 4490 ὅσα
1247 4437 1502 4505 ἐποίησε
1517 4437 1593 4507 τῇ
1622 4438 1799 4508 ψυχῇ
1815 4457 1960 4508 μου.

2061 3344 2545 3416 οηοςοςοηξνοτο,
2595 3345 2878 3399 incensum
2930 3345 3040 3400 dici
3090 3352 3294 3415 potest,
3337 3346 3516 3402 bonus
3552 3348 3644 3403 ille

2063 3437 2222 3503 odor,
2260 3439 2354 3508 qui
2388 3437 2456 3492 ab
2498 3436 2681 3491 anima
2717 3435 2923 3491 munda
2976 3451 3041 3493 ac
3072 3452 3209 3509 pura
3247 3439 3455 3509 spirat:
3487 3440 3645 3497 Arie-

2063 3539 2148 3585 tes
2198 3544 2353 3596 vero,
2398 3528 2824 3600 principaliores
2874 3528 3074 3584 anima:
3106 3530 3493 3602 cogitationes,
3522 3549 3645 3603 qua:

2061 3620 2227 3677 veluti
2261 3636 2437 3677 cornu
2494 3619 2732 3689 quodam
2785 3621 3039 3677 carnales
3089 3621 3294 3678 feriunt
3330 3625 3641 3694 psssiones;

2061 3724 2117 3770 et
2149 3714 2338 3779 boves,
2395 3712 2568 3783 ipsius
2619 3712 2876 3782 corporis
2923 3714 3307 3784 operationes.
3366 3712 3463 3770 Est
3496 3717 3643 3771 enim

2061 3806 2164 3862 bos
2183 3814 2344 3860 terra:
2368 3811 2650 3876 Operator,
2676 3811 2732 3859 et
2762 3804 3000 3860 hominis
3033 3819 3240 3875 corpus
3261 3819 3291 3861 e
3319 3812 3464 3860 terra
3491 3819 3648 3860 erea-

2065 3909 2179 3953 tum
2213 3910 2318 3962 est,
2357 3906 2411 3954 et
2446 3908 2648 3952 terram
2675 3896 2828 3951 colit.
2866 3896 2970 3952 Per
3003 3898 3189 3952 hircos
3216 3907 3399 3953 autem
3432 3900 3646 3969 suppli-

2064 3992 2312 4045 cationes
2366 3988 2726 4058 intelligimus
2762 4004 2861 4058 pro
2913 3989 3183 4057 peccatis,
3232 3984 3495 4057 quoniam
3541 4007 3643 4061 pro

2064 4080 2310 4151 peccatis
2341 4079 2481 4133 hirci
2513 4079 2646 4134 Olim
2682 4080 3129 4135 immolabantur.
3161 4075 3356 4133 Omnia
3387 4081 3524 4146 hmo,
3562 4083 3646 4139 in-

2062 4172 2200 4242 quit,
2234 4169 2335 4224 tibi
2367 4169 2629 4233 oderam,
2682 4169 2776 4224 ubi
2812 4184 2898 4225 me
2942 4170 3012 4223 ab
3062 4168 3417 4225 inimicorum
3467 4175 3645 4229 servi-

2064 4272 2179 4317 tute
2204 4261 2544 4315 liberaveris.

2135 4353 2299 4409 Vens.
2347 4351 2435 4407 l6.
2488 4348 2696 4406 Venite.
2741 4348 2945 4416 audite,
2982 4358 3034 4406 et
3063 4355 3298 4409 narrabo
3329 4353 3494 4419 vobis,
3526 4369 3646 4411 em-

2064 4461 2177 4509 nes,
2221 4444 2311 4514 qui
2373 4444 2567 4497 timetis
2622 4443 2811 4510 Deum,
2856 4452 3058 4514 quanta
3086 4444 3211 4514 fecit
3258 4446 3454 4502 animae
3485 4463 3639 4504 metu.

378 4526 524 4581 Καθ’
551 4527 859 4599 ὑπερϐατὸν
882 4528 916 4598 ἡ
943 4527 1054 4582 τῶν
1076 4528 1259 4598 ῥητῶν
1309 4529 1516 4584 τούτων
1547 4530 1819 4599 σύνταξις,
1869 4532 1953 4586 ἵνα

2063 4534 2212 4592 Ordo
2265 4535 2432 4605 hujus
2481 4534 2744 4590 versiculi
2780 4533 2840 4589 lit
2877 4551 2971 4605 per
3023 4534 3395 4606 hyperbaton,
3457 4545 3518 4592 ut
3567 4538 3642 4594 sit

378 4621 469 4690 εἴη
492 4619 750 4688 τοιαύτη·
784 4618 972 4683 Δεῦτε,
998 4619 1292 4688 ἀκούσατε,
1326 4622 1530 4685 πάντες
1559 4623 1609 4674 ot
1631 4624 1960 4694 φοϐούμενοι

376 4712 476 4766 τὸν
504 4710 659 4775 Θεὸν,
685 4713 780 4764 καὶ
815 4712 1149 4783 διηγήσομαι
1172 4713 1301 4782 ὑμῖν
1329 4713 1429 4765 ὅσα
1456 4714 1681 4784 ἐποίησε
1716 4719 1781 4787 τῇ
1812 4716 1964 4787 ψοχῇ

381 4822 492 4874 μου
514 4819 530 4834 ·
584 4798 717 4871 οἷον,
745 4805 921 4858 ὁπόσα
944 4803 1171 4874 ἐποίησέ
1206 4822 1299 4871 μοι
1349 4806 1512 4863 καλά.
1543 4803 1677 4862 Εἶτα
1718 4809 1960 4876 διέξεισι,

380 4899 505 4957 πῶς
531 4895 903 4967 εὐηργετήθη.

456 5169 617 5240 Πρὸς
651 5173 841 5228 αὐτὸν
887 5171 969 5240 τῷ
1018 5176 1275 5244 στόματί
1313 5194 1435 5245 μου
1488 5154 1800 5246 ἐκέκραξα,
1865 5179 1964 5233 καί

376 5261 606 5331 ὕψωσα
636 5266 751 5318 ὑπὸ
790 5267 906 5335 τὴν
949 5266 1246 5336 γλῶσσάν
1265 5287 1407 5339 μου.
1454 5270 1689 5339 ’Υψωσα
1718 5272 1964 5341 δηλονότι

376 5355 485 5427 τὴν
512 5358 695 5427 φωνήν
723 5358 1140 5428 μου,καλοῦσαν
1162 5360 1325 5415 αὑτὸν
1346 5363 1424 5426 είς
1453 5362 1759 5433 ἀντίληψιν.
1779 5366 1963 5435 Παρα-

472 5529 509 5562 ⁸⁸
539 5530 707 5589 ilebr.
748 5550 827 5600 xi,
873 5533 962 5590 '59.

2063 4644 2292 4685 sensus:
2322 4627 2539 4692 Venite,
2564 4636 2619 4683 et
2646 4626 3057 4698 auditezomnes,
3083 4630 3175 4699 qui
3201 4629 3408 4685 timetis
3433 4628 3638 4687 Deum:

2062 4731 2116 4776 et
2137 4720 2370 4776 narrabo
2396 4720 2553 4777 vobis
2585 4729 2792 4791 quanta
2826 4720 2955 4775 fecit
2978 4722 3176 4778 anima)
3206 4738 3365 4790 meae,
3401 4724 3507 4779 hoc
3532 4734 3640 4788 est.

2063 4820 2267 4885 quanta
2292 4812 2484 4868 fecerit
2508 4812 2758 4879 milii;vel
2788 4829 2884 4885 per
2916 4828 2976 4868 se
3005 4814 3331 4885 simpliciter
3354 4816 3646 4888 legendum

2064 4916 2188 4962 est:
2220 4909 2574 4978 Quaecunque
2604 4906 2736 4962 fecit
2762 4907 2960 4963 animae
2991 4923 3149 4974 mete,
3198 4910 3302 4966 hoc
3336 4918 3443 4978 est,
3497 4925 3644 4980 quae-

2068 5013 2290 5070 runque
2340 4999 2467 5054 fecit
2499 4998 2634 5053 mihi
2676 4999 2820 5054 bona
2851 4999 3089 5067 ;deinde
3123 5012 3333 5067 imrrat,
3368 5004 3645 5074 quomodo

2072 5099 2185 5146 tunc
2211 5090 2317 5148 sibi
2348 5090 2670 5161 praestiterit
2694 5092 2992 5150 beneﬁcia.

2139 5184 2303 5239 Vens.
2345 5183 2437 5238 l7.
2477 5183 2559 5236 Ad
2576 5184 2752 5253 ipsum
2784 5201 2873 5240 ore
2904 5203 3017 5241 meo
3047 5186 3295 5249 clamavi,
3336 5194 3385 5239 et
3417 5185 3647 5240 exaltari

2062 5275 2165 5331 sub
2219 5274 2404 5346 lingua
2437 5290 2578 5329 mea.
2614 5274 2888 5335 Exaltavi.
2940 5276 3141 5343 inquit,
3170 5276 3411 5345 linguam
3442 5290 3642 5339 meam,

2071 5368 2381 5424 invocanda
2408 5367 2564 5422 illum
2608 5367 2745 5422 mihi
2792 5367 2846 5421 in
2876 5366 3163 5422 auxilium.
3218 5364 3637 5421 Observandum

1719 5632 1922 5696 Varias
1955 5634 2288 5699 lectiones.

457 5753 570 5827 (28)
622 5754 812 5812 Graece
871 5759 1037 5813 unico
1088 5768 1144 5813 et
1209 5760 1472 5814 continuo
1534 5774 1754 5817 sensu:
1797 5760 1948 5827 Quod

386 5825 747 5896 intelligebant
778 5844 961 5883 eorum
991 5845 1110 5899 quae
1131 5830 1278 5899 passi
1311 5840 1479 5886 essent
1521 5841 1786 5885 auctorem
1819 5825 1955 5888 “esse

2062 5763 2252 5888 0:24p,
2308 5767 2401 5835 qui
2453 5765 2683 5840 dedisset
2732 5764 2967 5821 inimicis
3002 5773 3276 5837 tantopere
3323 5765 3487 5823 servis
3533 5781 3643 5821 suis

2062 5852 2093 5887 a
2134 5851 2164 5888 u
2196 5851 2407 5888 moue.

2061 5851 2210 5888 aaut:
2232 5851 2407 5904 posse.
