4064 6424
455 308 583 375 ³655

1685 316 2079 377 EUTIIYMII
2125 320 2163 377 Ζ
2179 320 2489 383 ξῦΑΒΕΝΙ

3629 337 3739 400 055

466 442 606 483 vero
641 435 748 493 est,
788 426 934 497 quod
995 426 1340 498 prmposltio,
1401 429 1520 496 sub,
1574 430 1756 500 posita
1816 441 1903 487 est
1956 446 2022 501 pr

2130 483 2132 489 .
2158 412 2427 506 τηρητέον
2481 436 2541 491 δὲ
2564 438 2664 512 τὴν
2695 440 2813 496 ὑπὸ
2850 441 3128 514 πρόθεσιν,
3149 443 3270 497 ἀντὶ
3299 445 3395 516 τῆς
3418 447 3489 501 ἐν
3521 451 3740 508 πάντως

472 519 867 590 praepositione
918 520 1000 587 in,
1029 534 1095 575 ac
1121 522 1168 576 si
1202 519 1451 578 diceret:
1502 522 1563 577 ιιι
1590 522 1776 595 lingua
1808 539 1967 592 mea;
1997 541 2022 582 e

2154 526 2435 597 κειμένην,
2491 524 2605 585 οἷον
2664 531 2751 586 Ἐν
2779 536 2847 604 τῇ
2884 534 3107 606 γλώσσῃ
3139 553 3241 604 μιν
3278 553 3291 567 ·
3326 538 3568 593 τοιοῦτόν
3617 545 3736 598 ἐστι

472 612 653 668 simile
678 621 783 679 est,
814 611 959 682 quod
987 613 1118 668 alibi
1148 612 1385 683 legimus
1413 632 1427 669 :
1465 612 1573 670 Sub
1601 616 1788 687 lingua
1818 618 1934 686 ejus
1964 619 2047 672 la-

466 703 567 758 bar
618 713 666 758 et
705 704 856 759 dolor
885 704 950 773 ³¹;
990 704 1120 760 item
1151 719 1166 759 :
1201 704 1470 762 Venenum
1500 708 1745 774 aspidum
1764 712 1858 764 sub
1890 710 2047 766 labiis

469 812 649 850 eorum
674 796 740 852 ³³.

540 891 705 945 Vsus.
749 890 834 963 18.
880 889 1211 959 Injustitiam
1264 894 1313 948 si
1358 893 1538 962 aspexi
1584 896 1639 950 in
1699 897 1856 951 corde
1906 914 2041 963 meo,

463 998 569 1036 non
611 960 867 1036 exaudiat
910 999 992 1038 me
1024 983 1305 1040 Dominus.
1342 984 1598 1052 Quando,
1638 987 1838 1057 inquit,
1872 987 2040 1044 Deum

462 1073 748 1145 rogabam,
780 1074 1051 1145 injustum
1084 1084 1218 1132 tunc
1247 1086 1343 1133 aut
1381 1078 1630 1148 iniquum
1667 1079 1952 1150 quippiam
1986 1081 2038 1134 in

460 1163 627 1220 corde
677 1180 804 1222 meo
849 1182 958 1222 non
1012 1167 1475 1233 considerabam.
1530 1171 1890 1242 sermonique
1939 1187 2040 1228 suo

442 1256 735 1328 -l‘ropheta
788 1256 952 1312 fidem
1002 1257 1237 1320 faciens,
1285 1275 1382 1329 per
1413 1260 1890 1330 imprecationcm,
1924 1263 2035 1317 ait:

461 1347 518 1401 Si
554 1346 872 1417 huiusmodi
914 1347 1149 1417 alicujus
1181 1349 1259 1403 rei
1289 1349 1421 1403 mihi
1452 1350 1529 1404 lui
1561 1350 1848 1416 conscius,
1892 1369 2034 1407 nuu-

456 1453 620 1507 quam
660 1454 745 1494 me
771 1438 1134 1509 imposterum
1171 1437 1323 1495 Deus
1347 1441 1626 1507 exaudiat,
1659 1444 1880 1513 quando
1908 1459 2032 1500 eum

456 1528 749 1586 invocabo.

525 1620 692 1676 Vsus.
736 1620 824 1675 19.
884 1620 1177 1692 Propterea
1224 1626 1492 1679 exaudivit
1550 1642 1631 1680 me
1686 1626 1848 1684 Deus.
1891 1627 2033 1695 Quo~

451 1710 602 1766 niam
635 1711 847 1767 scilicet
878 1727 1017 1783 puro
1053 1728 1118 1771 ac
1150 1716 1356 1771 mundo
1389 1717 1558 1774 corde
1603 1720 1651 1774 ei
1705 1735 1901 1791 preces
1932 1723 2033 1779 ob-

450 1804 575 1861 tuli.
632 1805 691 1860 Si
735 1806 945 1876 aliquid
994 1808 1062 1863 ab
1114 1823 1178 1863 eo
1214 1809 1384 1880 igitur
1417 1815 1772 1867 consecuturi
1813 1830 2026 1882 sumus,

448 1897 656 1954 munda
692 1914 795 1954 nos
823 1914 947 1955 cum
997 1902 1341 1957 conscientia
1369 1912 1588 1974 oportet
1623 1904 1691 1960 ad
1730 1920 1856 1962 eum
1901 1922 2020 1979 ευρ.

445 1988 717 2059 plicantes
749 1990 1032 2046 accedere.

517 2080 756 2136 Intendit
784 2083 898 2137 voci
956 2083 1214 2139 orationis
1244 2101 1394 2140 meae.
1434 2085 1628 2142 Simile
1657 2098 1742 2143 est
1767 2091 1914 2160 quod
1944 2092 2025 2145 le-

446 2173 629 2243 gimus
662 2175 717 2228 in
754 2176 921 2230 tertio
954 2176 1232 2233 versiculo
1263 2179 1442 2248 quinti
1475 2180 1693 2248 psalmi.

519 2264 686 2323 Vsus.
725 2264 815 2322 20.
858 2266 1174 2324 Benedictus
1227 2268 1365 2325 Deus
1414 2272 1504 2343 qui
1538 2288 1641 2327 non
1670 2276 1863 2330 amovit
1895 2292 2022 2330 ora-

430 2359 636 2411 tionem
674 2374 865 2413 meam.
892 2358 934 2411 A
978 2374 1084 2426 se,'
1108 2361 1358 2430 inquam.
1390 2376 1512 2417 eam
1548 2366 1914 2427 nonamovit.

515 2446 582 2501 Et
613 2448 1034 2504 misericordiam
1063 2466 1216 2504 suam
1247 2467 1280 2504 a
1309 2467 1410 2506 me.
1457 2454 1499 2506 A
1532 2456 1810 2510 communi
1851 2471 2017 2511 sensu

422 2541 771 2596 sumendum
803 2549 888 2598 est
917 2542 1145 2597 verbum
1176 2560 1190 2596 :
1221 2542 1344 2596 Non
1376 2547 1596 2612 amovit,

465 2632 539 2688 In
568 2635 735 2704 ﬁnem
776 2635 832 2689 in
872 2628 1080 2705 hymnis
1122 2633 1371 2691 Psalmus
1413 2636 1622 2692 Cantici
1653 2640 1757 2709 ipsi
1795 2641 1987 2699 David.

953 2782 1275 2871 PSALMUS
1315 2814 1502 2872 var.

507 2905 575 2959 In
609 2906 767 2974 ﬁnem
804 2906 1153 2972 inscribitur,
1206 2909 1467 2978 quoniam
1519 2909 1610 2964 Dei
1647 2909 1806 2966 Verbi
1836 2913 2016 2968 incar-

436 2997 713 3052 nationem
753 2996 1023 3067 praadicil,
1052 2997 1118 3051 ad
1148 2996 1308 3068 cujus
1341 2999 1503 3055 linem
1536 3002 1817 3071 respicere
1846 3005 2014 3062 lecto-

2152 618 2247 672 καὶ
2276 619 2337 672 τό
2358 635 2371 650 ο
2417 621 2554 675 Ὑπὸ
2597 623 2716 691 τὴν
2737 623 3033 694 γλῶσσαν
3062 628 3251 683 αὐτοῦ
3281 630 3471 697 κόπος
3505 633 3606 687 καὶ
3630 638 3740 690 πό-

2149 725 2287 774 νοςο
2318 709 2414 763 καὶ
2439 711 2499 765 τό
2523 728 2539 744 ο
2582 711 2689 779 uec
2720 714 3000 770 ἀσπίδων
3024 720 3143 772 ὑπὸ
3172 719 3241 773 τὰ
3269 722 3444 789 χείλη
3465 737 3606 790 σου,
3641 727 3735 779 καὶ

2147 799 2217 851 τὰ
2241 800 2488 855 τοιαῦτα.

2230 892 2490 948 Ἀδικίαν
2511 899 2563 951 ei
2609 897 2904 966 ἐθεώρουν
2933 901 3004 953 ἐν
3031 902 3248 970 καρδίᾳ
3292 922 3435 972 μου,
3477 906 3566 975 μὴ
3607 910 3734 964 είσ-
3798 974 3803 979 _

2144 982 2463 1038 ακουσάτω
2491 986 2729 1054 Κύριος.
2781 988 2906 1043 Ὀτι
2960 989 3040 1056 δὲ,
3072 992 3232 1062 φησι,
3259 994 3455 1049 τοῦτον
3483 1000 3732 1067 παρεκά-

2144 1067 2291 1135 λουν,
2319 1071 2420 1124 οὐκ
2453 1072 2725 1143 ἐθεώρουν
2757 1078 2814 1130 ὲν
2842 1081 2908 1149 τῇ
2942 1080 3139 1152 καρδίᾳ
3167 1099 3293 1151 μου,
3323 1085 3525 1140 κακίαν
3568 1089 3725 1143 τινά⁸

2142 1162 2237 1216 καὶ
2263 1162 2550 1218 πιστοῦται
2580 1168 2673 1219 τὸν
2698 1166 2853 1237 λόγον
2886 1170 3268 1242 ἐπαρώμενος,
3291 1176 3397 1243 ὅτι,
3420 1179 3481 1232 Et
3514 1182 3725 1250 συνεγί-

2140 1272 2349 1310 νωσκον
2370 1258 2507 1329 αὐτῇ
2533 1260 2781 1315 τοιοῦτόν
2806 1280 2881 1329 τι,
2917 1262 2995 1335 μὴ
3045 1268 3425 1324 εἰσακουσάτω
3476 1289 3580 1342 μου
3612 1275 3727 1329 Κύ-

2140 1366 2254 1417 ριος
2286 1350 2377 1403 τοῦ
2410 1350 2624 1419 λοιποῦ,
2653 1354 2846 1420 ὁσάκις
2894 1357 2960 1410 ἂν
2997 1358 3159 1413 αὐτὸν
3206 1361 3649 1436 ἐπικαλέσωμαι.

2210 1625 2315 1679 Διὰ
2346 1625 2523 1680 τοῦτο
2557 1629 2893 1698 εἰσήκουσέ
2918 1648 3040 1699 μου
3075 1635 3108 1686 ὀ
3162 1635 3327 1700 Θεός.
3380 1635 3527 1690 Διότι
3582 1638 3725 1707 μετὰ

2135 1719 2383 1788 καθαρᾶς
2402 1719 2629 1790 καρδίας
2657 1721 2906 1793 ἐδεόμην.
2946 1724 3067 1794 Χρὴ
3102 1725 3159 1779 δὲ
3186 1729 3283 1781 καὶ⁹
3310 1729 3484 1799 ἡμᾶς,
3510 1730 3560 1782 εί
3594 1730 3724 1801 μέλ-

2133 1808 2320 1878 λοιμεν
2347 1813 2741 1883 ἐπιτυγχάνειν
2794 1814 2928 1886 (ἳ9),
2967 1817 3104 1887 μετὰ
3135 1819 3382 1891 καθαροῦ
3416 1821 3721 1887 συνειδότος

2132 1902 2475 1970 παρακαλεῖν
2499 1904 2589 1957 τὸν
2622 1904 2757 1959 Θεόν

2200 2088 2518 2157 Προσέσχε
2553 2089 2628 2159 τῇ
2652 2091 2829 2162 φωνῇ
2876 2093 2988 2162 τῆς
3019 2094 3286 2164 δεήσεώς
3309 2114 3453 2166 μου.
3490 2098 3721 2168 Ὅμοιόν

2126 2178 2244 2231 ἐστι
2267 2179 2349 2251 τῷ
2368 2180 2539 2251 τρίτῳ
2565 2183 2735 2252 στίχῳ
2765 2183 2859 2236 τοῦ
2896 2185 3152 2255 πέμπτου
3209 2186 3451 2257 ψαλμοῦ.

2195 2270 2545 2341 Εὐλογητὸς
2598 2275 2630 2326 ό
2680 2273 2820 2341 Θεὸς
2851 2317 2865 2341 ,
2940 2275 3009 2342 ὃς
3064 2280 3177 2332 οὐκ
3225 2278 3541 2349 ἀπέστησε
3598 2278 3717 2347 τὴν

2124 2359 2479 2430 προσευχήν
2504 2378 2645 2430 μου.
2682 2363 2801 2432 Ἀφ’
2829 2365 3022 2419 ἑαυτοῦ
3045 2367 3314 2437 δηλονότι.

2194 2452 2306 2505 Καὶ
2336 2453 2404 2506 τὸ
2433 2453 2608 2519 ἕλεος
2634 2456 2822 2510 αὐτοῦ
2854 2456 2958 2511 ἀπ’
2993 2458 3163 2527 ἐμοῦ.
3205 2460 3340 2515 Ἀπὸ
3368 2461 3552 2517 κοινοῦ
3580 2463 3715 2519 κάν-

2131 2541 2318 2611 ταῦθα,
2345 2544 2428 2612 τὸ,
2467 2546 2568 2612 Ὃς
2599 2550 2715 2602 οὐκ
2745 2548 3121 2617 ἀπέστησεν.

2193 2635 2300 2700 Εἰς
2355 2635 2421 2689 τὸ
2450 2636 2627 2703 τέλος
2673 2638 2744 2692 ἐν
2792 2640 3004 2709 ϋμνοις
3061 2644 3309 2714 Ψαλμὸς
3354 2645 3515 2716 ᾠδῆς
3558 2647 3642 2714 τῷ

2823 2734 3023 2789 Δαϐίδ.

2665 2823 2962 2879 ΨΑΛΜΟΣ
3006 2823 3148 2894 εις-ν.

2192 2912 2237 2964 E
2262 2928 2289 2974 ς
2320 2912 2385 2965 τὸ
2417 2911 2595 2982 τέλος
2631 2914 2756 2986 μὲν,
2777 2917 2860 2970 ὅτι
2886 2916 3261 2991 προκηρύττει
3284 2920 3378 2974 τοῦ
3407 2922 3583 2991 Λόγου
3610 2929 3710 2979 καὶ

2117 3001 2255 3056 Θεοῦ
2284 3005 2383 3076 τὴν
2416 3006 2837 3079 ὲνανθρώπησιν
2859 3024 2872 3038 ·
2909 3004 2979 3082 ἦς
3006 3028 3152 3075 τινος
3188 3014 3269 3076 είς
3291 3013 3352 3067 τὸ
3382 3014 3538 3078 τέλος
3562 3016 3708 3085 ἀφο-

434 3088 765 3158 remjubet:
803 3088 856 3142 in
888 3089 1095 3158 hymnis
1122 3103 1276 3153 vero,
1313 3090 1444 3160 quia
1480 3092 1816 3149 laudandum
1854 3095 2005 3150 illum

2130 3094 2219 3164 οᾷν
2249 3094 2570 3151 ὑποτίθεται
2607 3098 2734 3160 τοὺς
2757 3098 3215 3169 ἐντυγχάνοντας.
3264 3101 3360 3155 Ἐν
3384 3102 3596 3172 ὕμνοις
3622 3103 3704 3169 δὲ,

429 3195 557 3236 esse
583 3180 866 3236 admouet.
899 3180 1039 3245 Quid
1088 3188 1271 3235 autem
1305 3184 1378 3236 sit
1404 3183 1640 3252 psalmus
1666 3187 1885 3253 cantici,
1929 3190 2009 3244 di-

431 3272 614 3327 ximus
643 3271 698 3327 in
731 3272 997 3342 praemio
1030 3271 1234 3340 operis.

507 3445 675 3507 Vsus.
691 3445 750 3505 2.
792 3444 932 3506 Deus
952 3446 1266 3505 misereatur
1296 3450 1496 3522 nostri,
1520 3459 1571 3509 et
1609 3451 1889 3512 benedicat
1918 3475 2013 3514 no-

422 3544 531 3599 bis.
563 3543 882 3599 Praevidens
907 3541 1182 3613 Propheta
1212 3543 1411 3599 divinae
1449 3546 1861 3605 incarnationis
1894 3567 2012 3622 my-

426 3636 692 3702 sterium,
722 3634 1013 3706 adimpleri
1065 3635 1362 3706 supplicat,
1416 3640 1563 3709 quod
1620 3642 1903 3711 praevidet.
1945 3644 2011 3701 Et

430 3725 609 3796 primo
632 3725 852 3797 quidem
882 3725 1056 3781 Deum
1087 3727 1257 3797 petit;
1295 3737 1355 3783 ut
1392 3730 1650 3785 humanae
1680 3734 2012 3789 misereatur

428 3823 661 3881 naturae,
711 3832 833 3887 qua:
864 3816 967 3873 sub
1019 3832 1162 3873 saeva
1218 3819 1484 3875 daemonis
1519 3820 1872 3879 detinebatur
1927 3834 2009 3897 ty-

426 3906 658 3963 rannide
706 3925 720 3961 :
751 3907 947 3964 deinde
983 3909 1234 3964 benedici
1264 3911 1454 3979 etiam,
1486 3912 1591 3967 hoc
1620 3920 1729 3979 est,
1763 3916 2009 3970 sanctiﬁ-

423 3996 539 4051 cari
567 4012 686 4053 eam
714 4006 891 4068 rogat.
920 3996 1061 4064 Ouid
1089 4006 1271 4054 autem
1291 4001 1370 4055 sit
1396 4001 1754 4070 benedicere,
1787 4002 1914 4060 vide
1944 4007 1999 4060 in

422 4087 616 4157 quinto
646 4088 921 4144 versiculo
958 4089 1152 4158 psalmi
1188 4106 1279 4145 xx.

488 4176 757 4246 Appareat
790 4177 963 4233 vultus
988 4181 1104 4249 ejus
1133 4195 1291 4249 super
1323 4199 1441 4237 nos.
1480 4180 1677 4240 Vultus
1703 4201 1801 4243 seu
1829 4187 2001 4247 facies

2113 3185 2195 3238 ὅτι
2223 3188 2317 3240 καί
2345 3188 2537 3260 ὑμνεῖν
2570 3191 2732 3244 αὐτὸν
2763 3191 3204 3262 παρακελεύεται
3224 3208 3238 3224 ο
3275 3193 3335 3247 τὸ
3360 3193 3417 3249 δὲ
3454 3198 3706 3266 Ψαλμὸς

2111 3278 2274 3350 ᾠδῆς
2298 3282 2843 3356 προηρμηνεύσαμεν
2870 3286 2928 3339 ὲν
2953 3284 3032 3357 τῷ
3068 3287 3343 3359 προοιμίῳ
3362 3287 3460 3360 τῆς
3492 3290 3704 3359 παρού-

2115 3393 2215 3446 σης
2251 3376 2434 3446 βίϐλου
2446 3416 2458 3432 .

2196 3467 2258 3520 '0
2308 3469 2453 3534 Θεὸς
2519 3469 2891 3540 οἰκτειρήσω
2962 3471 3157 3543 ἡμᾶς,
3216 3475 3315 3530 καὶ
3365 3477 3701 3549 εὐλογῆσαι

2112 3558 2290 3631 ἡμᾶς.
2328 3550 2698 3633 Προεγνωκὼς
2756 3566 2818 3617 τὺ
2869 3565 2970 3635 τῆς
3018 3565 3171 3631 θείας
3223 3569 3700 3643 ὲνανθρωπήσεως

2114 3654 2437 3724 μυστήριον,
2472 3653 2692 3725 εῦχεται
2742 3656 3105 3729 πληρωθῆναι
3133 3660 3340 3733 ταύτην
3369 3679 3383 3692 ·
3418 3663 3512 3717 καὶ
3545 3664 3698 3735 πρῶ-

2110 3763 2201 3799 τον
2230 3746 2330 3816 μὲν
2384 3748 2796 3819 οίκτειρηθῆναι
2830 3752 2931 3820 τὴν
2981 3752 3090 3805 τῶν
3147 3755 3456 3825 ἀνθρώπων
3506 3757 3692 3826 φύσιν,

2113 3833 2325 3903 πικρῶς
2351 3837 2796 3908 τυραννουμένην
2830 3839 2934 3893 ὑπὸ
2967 3840 3062 3893 τοῦ
3104 3841 3381 3898 διαϐόλου.
3436 3841 3574 3900 Εἶτα
3601 3847 3697 3899 εὖ·

2109 3924 2431 3995 λογηθῆναι,
2468 3926 2647 3981 είτουν
2694 3930 3044 4000 ἁγιασθῆναι.
3082 3934 3244 4002 Ζήτει
3287 3935 3345 3989 δὲ
3385 3936 3457 3990 τὰ
3489 3955 3695 4009 σημαι-

2109 4017 2309 4086 νόμενα
2359 4018 2458 4088 τῆς
2510 4020 2761 4088 εὐλογίας
2810 4024 2868 4075 ὲν
2899 4025 2966 4094 τῇ
3002 4024 3264 4097 ἐξηγήσει
3289 4027 3384 4082 τοῦ
3430 4027 3471 4082 ε’
3504 4031 3690 4102 στίχου

2108 4107 2202 4160 τοῦ
2231 4108 2480 4167 εἰκοστοῦ
2511 4110 2756 4179 ψαλμοῦ.

2195 4200 2510 4270 Ἐπιφάναι
2531 4204 2595 4256 τὸ
2620 4206 2950 4273 πρόσωπον
2966 4209 3154 4264 αὐτοῦ
3183 4210 3276 4280 ἐφ’
3306 4210 3484 4283 ἡμᾶς.
3513 4214 3691 4287 Πρόσ-

386 4296 397 4327 ν,
418 4266 623 4337 Patris,
658 4267 832 4326 Filius
859 4279 969 4326 est.
1001 4271 1108 4338 Qui
1143 4275 1274 4327 vidit
1306 4275 1476 4343 enim,
1508 4276 1704 4348 inquit,
1739 4296 1843 4348 me,
1870 4283 2002 4339 vidit

2130 4306 2258 4342 υπον
2294 4266 2390 4344 τοῦ
2438 4266 2676 4364 Πατρὸςξ
2703 4295 2731 4348 ὁ
2782 4296 2907 4361 Υἱός
2930 4313 2944 4327 ⁸
2996 4299 3059 4352 '0
3094 4266 3691 4378 Iqia}-

414 4369 463 4415 et
493 4359 712 4416 Patrem
739 4379 914 4417 meum
945 4364 1009 4417 3‘.
1051 4362 1308 4435 Optantis
1341 4368 1510 4438 igitur
1541 4370 1596 4424 in
1629 4376 2004 4432 morem°Pro-

2130 4379 2212 4446 ςὶν,
2227 4379 2351 4448 ἐμὲ,
2370 4359 2629 4449 ἑώρακεν
2650 4385 2759 4438 τὸν
2775 4359 3025 4457 Παεέρα.
3053 4359 3456 4457 Εὐκτικῶςσοῦν
3492 4359 3684 4468 eheu},

414 4451 579 4522 pheta
610 4454 724 4508 ait:
769 4454 1037 4523 Appareat
1084 4453 1263 4509 vultus
1313 4464 1454 4526 ejus,
1509 4460 1613 4516 hoc
1645 4473 1750 4528 est,
1784 4467 1997 4524 utinam

2135 4472 2434 4542 Επιφάναι
2454 4492 2465 4503 ·
2503 4476 2805 4543 τουτέστιν,
2842 4451 3160 4555 Ἐπιφανείη
3185 4483 3247 4537 τὸ
3274 4451 3568 4557 πρόσωπον
3587 4451 3682 4544 τοῦ

414 4541 642 4599 illuceat
687 4544 850 4599 nobis
890 4545 1076 4599 vultus
1114 4544 1315 4612 Patris,
1362 4549 1482 4618 ipse
1536 4552 1755 4611 scilicet
1790 4556 1990 4628 Filius,

2130 4566 2315 4637 ἰατρὸς
2341 4603 2359 4631 ,
2410 4568 2587 4622 εῐτουν
2632 4571 2660 4622 ὁ
2689 4541 2838 4636 mg,
2884 4541 3289 4645 scp"twa;'cosg
3316 4541 3410 4631 ἐπι
3437 4581 3563 4650 γῆς,
3595 4541 3683 4635 sta

416 4651 517 4690 sua
549 4636 810 4690 nimirum
868 4638 1287 4695 incarnatione:
1325 4649 1381 4694 et
1415 4657 1585 4714 super
1620 4661 1721 4701 nos
1746 4647 1993 4716 illuceat,

2130 4662 2455 4729 ταρκὼσεως.
2504 4661 2574 4714 Ἦ
2624 4661 2721 4716 καὶ
2764 4663 2858 4717 τοῦ
2910 4666 3152 4736 Χριστοῦ
3207 4669 3267 4722 τὸ
3301 4671 3446 4725 κατὰ
3496 4674 3677 4745 σάρκα

412 4727 509 4797 qui
537 4727 594 4781 in
627 4734 774 4781 terra
807 4727 1171 4793 sumus.‘Vel,
1222 4728 1407 4801 Vultus
1430 4732 1566 4802 ejus,
1602 4734 1705 4790 hoc
1728 4746 1837 4800 est,
1865 4740 1992 4793 vul-

2130 4727 2416 4820 προσωπον,
2453 4751 2482 4804 ὅ
2519 4751 2667 4806 ἐστιν
2694 4753 2858 4817 αὐτὸς
2882 4755 3026 4809 κατὰ
3067 4759 3429 4831 περίφρασιν.

412 4828 502 4874 tus
569 4819 777 4875 Christi
837 4822 1140 4876 secundum
1198 4838 1481 4881 carnem:
1562 4828 1678 4897 ipse
1733 4829 1990 4888 videlicet

409 4908 668 4964 Christus
695 4910 855 4964 nobis
887 4910 1131 4966 illuceat.

482 4997 549 5053 Et
587 5000 902 5054 misereatur
928 5004 1118 5057 nostri.
1151 5003 1244 5059 Bis
1274 5005 1447 5061 Deum
1478 5018 1639 5078 rogat
1670 5017 1728 5063 ut
1755 5012 1844 5065 sui
1882 5013 1988 5067 mi-

410 5101 658 5148 sereatur
687 5109 704 5159 ;
746 5094 914 5149 veluti
948 5104 1149 5165 Optata;
1178 5096 1255 5151 rei
1288 5097 1446 5154 valde
1478 5100 1738 5170 cupidus.

2167 5014 2278 5067 Kal
2310 5014 2562 5081 ἐλεῆσαι
2592 5014 2772 5085 ἡμᾶς.
2822 5019 3031 5074 Ταύτὸν
3069 5024 3131 5075 τὸ
3178 5026 3527 5099 οἰκτειρήσαι
3589 5046 3671 5099 τῳ

2096 5105 2353 5170 ἐλεῆσαι
2390 5105 2504 5177 ιὸθ)
2529 5121 2544 5136 ⁸
2576 5107 2658 5170 δὶς
2685 5104 2780 5162 οὖν
2814 5110 2932 5164 τόδε
2990 5112 3160 5181 λέγει,
3213 5117 3537 5189 γλιχόμενος
3580 5136 3677 5173 τυ-

2090 5199 2227 5267 χεῖν,
2263 5191 2324 5251 οὗ
2358 5198 2563 5268 ἐζήτει.
2642 5265 2645 5268 ν
3417 5235 3432 5252 .

484 5266 648 5323 Vnus.
683 5269 736 5322 5.
775 5269 837 5325 Ut
864 5282 1182 5340 cognoscant
1213 5273 1269 5324 in
1307 5281 1452 5326 terra
1475 5275 1614 5326 viam
1637 5285 1806 5332 tuam.
1840 5279 1980 5347 lloc,

2160 5286 2273 5340 Τοῦ
2302 5266 2522 5357 γνῶκαι
2549 5291 2619 5344 ἐν
2642 5266 2730 5360 τῇ
2757 5291 2836 5362 τῇ
2870 5295 2985 5364 τὴν
3013 5296 3159 5352 ὀδόν
3184 5315 3322 5354 σου.
3360 5302 3481 5373 Ετη,
3509 5305 3671 5374 φησι,

410 5357 612 5427 inquit,
647 5367 814 5428 atque
868 5360 1003 5415 illud
1043 5361 1157 5415 ﬁeri
1192 5372 1345 5431 opto,
1381 5373 1440 5416 ut
1498 5363 1751 5422 homines
1798 5371 1893 5439 qui
1924 5372 1979 5426 in

2130 5379 2229 5447 585,
2260 5380 2357 5434 καὶ
2379 5380 2500 5434 τόδε
2529 5382 2623 5435 ἐπὶ
2645 5357 2725 5454 alii
2753 5357 2955 5454 uvmva‘t
3010 5389 3138 5452 τοὺς
3198 5391 3257 5443 ὲν
3302 5395 3369 5463 τῇ

454 5501 497 5532 ετ
530 5500 670 5556 Psal.
708 5518 763 5568 x,
798 5504 884 5558 17.
959 5505 1003 5537 ³⁸
1031 5503 1185 5559 Psal.
1224 5518 1348 5568 τιιι,
1378 5504 1447 5571 5;
1480 5504 1599 5571 159,
1628 5506 1683 5560 4.
1772 5508 1821 5540 ³⁸
1850 5508 2012 5568 Joan.
2050 5531 2163 5594 xiv,
2189 5516 2244 5571 9.

1735 5601 1942 5668 Variae
1961 5604 2292 5670 lectiones.

476 5693 590 5762 (29)
620 5692 851 5749 Videtur
874 5695 1311 5751 subaudiendum
1341 5698 1510 5760 τινός.

476 5694 567 5762 (29
620 5693 851 5749 Videtur
874 5695 1311 5751 subaudiendum
1341 5698 1510 5760 τινός.

476 5693 592 5832 (3.03
624 5762 769 5819 Idem
802 5775 880 5819 est
932 5767 1075 5821 enim
1118 5769 1460 5839 οἰκτειρήσαι
1516 5787 1580 5825 ac
1626 5769 1870 5844 ἐλεῆσαι,
1912 5780 1972 5827 ut
2014 5792 2022 5827 l

2131 5771 2187 5827 in
2220 5781 2390 5828 textu.
2421 5773 2576 5840 Quod
2612 5776 2863 5835 consulto
2894 5777 3084 5836 omisit
3112 5780 3407 5853 interpres.
