4064 6436
439 427 546 491 659

1647 416 2033 478 EUTHYMII
2077 416 2439 477 ZlGABE‘Nl

3590 415 3702 477 660

438 536 792 611 praenuntiat,
834 533 966 605 quid
1004 537 1187 586 autem
1237 528 1310 585 sit
1344 525 1596 584 Psalmus
1646 527 1865 589 cantici,
1897 526 2009 596 jam

2136 526 2414 581 ιατάλυσιν
2439 525 2546 579 τῶν
2569 525 2861 596 δαιμόνων.
2913 525 2979 579 Τί
3008 525 3051 578 δ’
3086 524 3206 579 ἐστὶ
3246 521 3492 592 Ψαλμύς
3534 523 3699 593 ᾠδῆς

439 631 569 686 alibi
599 628 862 683 diximus.

512 719 681 775 Vsus.
724 719 779 772 9..
835 713 1107 784 Exsurgat
1161 711 1324 775 Deus,
1356 717 1404 764 el
1437 710 1761 778 dissipentur
1812 707 2020 762 inimici

441 817 579 887 ejus.
617 813 753 868 Cum
787 811 1064 865 daemones
1112 807 1168 860 in
1217 805 1520 859 humanum
1565 816 1737 874 genus
1774 801 2022 873 tyranni-

443 908 566 963 dem
623 907 971 962 excrcerent,
1004 913 1107 953 nec
1154 899 1319 952 homo
1373 894 1595 965 aliquis,
1657 909 1756 948 nec
1790 892 2018 963 angelus

443 996 675 1069 captivis
710 991 1033 1048 hominibus
1089 1004 1248 1058 opem
1284 985 1476 1047 ferret,
1528 994 1687 1039 vocat
1745 983 2020 1053 Pr0pheta

444 1093 498 1145 in
557 1086 822 1143 auxilium
884 1085 1063 1154 ipsum
1126 1079 1370 1135 onmium
1429 1076 1771 1141 Creatorem,
1822 1090 2021 1145 rogans

442 1196 567 1237 cum
601 1186 663 1235 ut
693 1177 954 1232 celeriter
977 1178 1261 1242 exsurgat.
1298 1169 1714 1224 Surrectionem
1750 1176 1933 1221 autem
1966 1167 2019 1221 in

441 1275 559 1330 Deo
587 1286 721 1327 sane
749 1282 803 1326 et
829 1268 997 1341 digne
1025 1265 1136 1321 Deo
1167 1263 1461 1330 intelliges,
1485 1268 1694 1315 motum
1728 1257 2019 1329 quemdam

443 1380 568 1422 esse
604 1363 671 1420 ad
700 1359 1139 1431 delinquentium
1171 1354 1491 1411 vindictam.
1530 1353 1596 1405 Et
1626 1352 1749 1406 licet
1770 1351 2021 1414 verbum,

443 1463 723 1525 exsurgat,
749 1449 1060 1522 imperativi
1080 1449 1153 1502 sit
1181 1445 1329 1501 modi
1363 1443 1443 1514 (nt
1470 1458 1536 1497 es
1565 1442 1753 1497 Graeca
1788 1440 2023 1495 lectione

445 1555 635 1618 aperte
674 1539 1068 1615 dignoscitur),
1098 1550 1323 1594 sensum
1349 1533 1597 1605 optantis
1633 1532 1798 1587 habet
1834 1530 2020 1586 hocin

2126 617 2476 691 προείρηται.

2206 708 2550 776 ’Δναστήτω
2572 710 2605 763 ό
2633 709 2779 774 Θεὸς
2808 707 2908 761 καὶ
2941 704 3594 773 διασκορπισθὴτωσαν
3647 702 3705 756 οἱ

2121 799 2323 869 ἐχθροὶ
2356 798 2565 857 αὑτοῦ.
2607 799 2731 851 Τῶν
2783 797 3060 869 δαιμόνων
3111 794 3548 866 τυραννούντων,
3603 793 3701 846 καὶ

2126 891 2264 962 μήτε
2284 889 2543 957 ἀγγέλου,
2571 890 2707 959 μήτε
2725 887 3019 959 ἀνθρώπου
3042 884 3367 957 βοηθοῦντος
3391 887 3504 948 τοῖς
3531 902 3707 940 κατα·
3738 920 3741 923 ν

2123 982 2489 1046 δουλωθεῖσιν,
2524 982 2686 1035 αὑτὸν
2720 980 2812 1033 τὸν
2838 979 3097 1049 Πλαστην
3120 977 3228 1032 τῶν
3248 993 3514 1047 τυραννον
3527 975 3708 1046 μένων

2124 1074 2281 1128 καλεῖ
2308 1074 2443 1143 ergo;
2469 1073 2704 1142 ἄμυναν.
2732 1073 3059 1127 Ἀνὰστασιν
3102 1070 3159 1124 δὲ
3193 1067 3521 1139 θεοπρεπῶς
3582 1070 3711 1139 νοή-

2130 1183 2243 1229 σεις
2274 1164 2376 1236 τὴν
2408 1166 2624 1234 κίνησιν
2650 1163 3052 1238 είςθὲκδίκησιν.
3093 1163 3155 1215 Εἰ
3180 1161 3236 1215 δὲ
3257 1161 3352 1214 καὶ
3373 1175 3709 1229 προστακτι-

2130 1257 2242 1320 κῶς
2288 1257 2690 1326 ἐσχημάτισται
2745 1255 2828 1319 τὸ,
2879 1252 3239 1320 Ἀναστήτω,
3288 1251 3384 1305 καὶ
3413 1252 3481 1305 τὰ
3555 1248 3709 1319 ἑξῆς,

2130 1348 2244 1401 ἀλλ’
2272 1348 2529 1403 εὐκτικοῦ
2556 1348 2716 1414 λόγου
2744 1345 3026 1416 σημασίαν
3054 1344 3294 1414 ἔχουσιν,
3319 1342 3396 1406 ὡς
3424 1343 3482 1394 ἐν
3529 1341 3712 1403 ἄλλοις

2131 1437 2456 1510 εἰρήκαμεν.
2490 1434 2712 1507 Ἐχθροὶ
2732 1433 2790 1487 δὲ
2810 1433 2905 1487 τοῦ
2936 1432 3073 1487 Θεοῦ
3106 1432 3314 1505 κυρίως
3343 1432 3393 1484 oi
3428 1430 3709 1501 δαίμονες,
3767 1428 3774 1431 “

2127 1529 2205 1593 ὡς
2224 1528 2536 1583 ἀποστάται
2559 1530 2655 1582 καὶ
2675 1526 3073 1598 ἀντικείμενοι.

445 1588 473 1601 ..
518 1588 635 1602 ω...
675 1588 1068 1615 ...νη-.-μμ
1098 1588 1279 1594 --ην
1388 1588 1403 1605 ,
2185 1588 2198 1593 -
2898 1588 2909 1598 _

444 1588 606 1695 laico:
639 1644 694 1692 et
729 1633 895 1689 simili
924 1630 1086 1686 modo
1120 1626 1224 1682 alia
1263 1622 1554 1696 sequentia
1598 1622 1789 1685 verba,
1825 1618 2294 1690 quemadmodum
2328 1624 2384 1673 et
2453 1618 2642 1672 multis
2695 1617 2825 1674 aliis
2901 1617 2956 1671 in
3048 1617 3187 1669 locis
3266 1614 3563 1685 reperitur,
3620 1588 3710 1666 ubi

443 1735 607 1791 etiam
636 1732 901 1786 diximus.
949 1724 1160 1780 Inimici
1194 1733 1374 1778 autem
1418 1719 1532 1784 Dei,
1569 1717 1789 1788 proprie
1817 1715 2097 1771 daemones
2130 1721 2287 1778 sunt,
2314 1712 2486 1769 veluti
2515 1711 2770 1778 rebelles,
2812 1726 2877 1765 ac
2902 1708 3012 1765 Deo
3044 1710 3427 1765 adversantes.

523 1824 588 1880 Et
616 1823 849 1895 fugiant,
880 1818 970 1891 qui
1000 1817 1219 1872 oderunt
1242 1831 1361 1869 eum
1389 1831 1419 1867 α
1451 1812 1589 1883 [avie
1617 1810 1755 1877 ejus.
1785 1807 2020 1880 Fugiunt

2199 1805 2308 1861 Kal
2393 1807 2752 1875 gavrétwcmr
2828 1803 2948 1859 ἀπὸ
3032 1802 3359 1871 προσώπου
3420 1800 3609 1854 αὑτοῦ
3656 1804 3712 1855 οὶ

444 1934 475 1973 a
527 1912 822 1987 prmsentia
869 1919 925 1966 et
978 1915 1276 1976 conspectu
1340 1904 1456 1968 Dei,
1512 1903 1657 1958 illius
1707 1901 1914 1955 vultmn
1972 1900 2025 1952 in

2126 1897 2455 1969 μισοῦντες
2486 1898 2694 1951 αὐτόν.
2736 1895 2871 1949 Ἀπὸ
2888 1894 2987 1965 τῆς
3028 1892 3356 1963 ἐπιφανείας
3412 1891 3578 1945 αὐτοῦ
3637 1891 3715 1959 μὴ

444 1981 613 2064 carne
634 2007 777 2061 ferre
805 2010 1171 2072 nequeuntes.
1204 1998 1359 2064 Quod
1380 1996 1542 2050 etiam
1562 1994 1741 2064 reipsa
1762 1991 2026 2046 accidisse

2136 1989 2396 2061 φέροντες
2426 1990 2526 2059 τὴν
2562 1988 2650 2041 διὰ
2681 1986 2887 2055 σαρκὸς
2928 1984 3092 2038 αὐτοῦ
3156 1982 3488 2054 παρουσίαν.
3543 1981 3718 2035 Ἔνθα

444 2097 704 2153 videmus
738 2112 753 2149 :
787 2108 913 2148 cum
966 2089 1145 2148 sicubi
1205 2086 1464 2144 Christus
1517 2084 1813 2148 coleretur,
1879 2081 2026 2137 illius

443 2189 584 2244 adeo
616 2185 965 2259 praesentiam
997 2183 1247 2255 ingerent
1277 2180 1580 2241 daemones,
1606 2186 1666 2231 ut
1694 2186 1839 2230 retro
1871 2190 2022 2228 unn-

444 2294 611 2351 quam
643 2285 1126 2332 converterentur.

521 2372 687 2428 Vsus.
718 2372 773 2425 5.
800 2368 949 2425 Sicut
976 2367 1151 2435 deﬁcit
1195 2366 1397 2435 fumus,
1430 2362 1712 2432 deﬁciunt.
1743 2358 2026 2425 Quemad-

445 2464 667 2521 modum
697 2460 883 2518 dellcit
927 2458 1119 2512 fumus
1156 2456 1405 2527 spirante
1444 2460 1634 2514 vento,
1664 2453 1737 2504 ita
1776 2450 1940 2503 etiam
1972 2448 2024 2500 hi

447 2558 726 2612 daemones
764 2548 1044 2615 deﬁciant,
1070 2546 1294 2617 impulsi
1327 2545 1587 2599 nimirum
1618 2557 1683 2596 ac
1709 2540 1963 2609 dissipati
1996 2554 2025 2591 a

448 2655 645 2701 sancto
671 2642 899 2712 Spiritu.

519 2734 669 2789 Sicut
703 2731 901 2802 liqueﬁt
966 2748 1085 2785 cera
1117 2748 1148 2783 a
1178 2728 1318 2799 facie
1350 2727 1508 2797 ignis.
1539 2725 1615 2779 sic
1656 2731 1873 2792 pereant
1903 2736 2024 2787 pec-

447 2835 655 2879 catores
686 2840 718 2876 a
744 2823 883 2892 {acie
908 2821 1023 2876 Dei.
1054 2817 1554 2889 Quemadmodum,
1573 2817 1772 2886 inquit,
1801 2823 2027 2883 aspectu

452 2917 595 2987 ignis
657 2930 786 2970 cera
838 2915 1115 2984 liquescit,
1186 2914 1258 2966 ita
1315 2912 1594 2966 dzrmones
1652 2923 1682 2962 a
1730 2915 2028 2977 conspectu

451 3008 657 3065 Christi
719 3008 812 3077 qni
847 3007 993 3077 ignis
1028 3015 1112 3061 est
1137 3017 1476 3061 consumens
1510 3001 1555 3034 ³⁸
1590 3000 2026 3070 improbitatem,

451 3098 753 3159 deﬂuentes
783 3105 1139 3155 evanescant.
1187 3096 1259 3150 Et
1304 3092 1449 3163 quod
1475 3094 1550 3146 ait
1585 3111 1597 3147 :
1632 3091 1885 3151 Pereunt.
1920 3106 2027 3146 non

2135 2082 2246 2150 γὰρ
2274 2079 2497 2149 παρείη,
2533 2076 2896 2148 ἔδραπέτευον
2925 2072 3357 2146 ἀμεταστρεπτί.

2212 2348 2312 2413 Ὠς
2336 2347 2603 2401 ἐκλείπει
2634 2342 2891 2406 καπνὸς,
2916 2337 3389 2395 ἐκλειπέτωσαγ.
3416 2336 3628 2407 ’Ὥσπερ
3684 2336 3718 2388 6

2133 2440 2342 2505 καπνὸς
2379 2439 2625 2492 ἐκλείπει
2648 2434 2736 2506 ’τῷ
2771 2434 3044 2501 πνεύματι
3072 2430 3166 2483 τοῦ
3190 2429 3416 2495 ἀνέμου,
3445 2426 3589 2482 οὕτω
3619 2426 3717 2480 κα)⁸

2132 2526 2280 2586 οῦτοι
2301 2530 2381 2598 τῷ
2430 2528 2712 2598 Πνεύματι
2750 2525 2828 2594 τῷ
2889 2523 3031 2590 ἁγίῳ
3085 2520 3438 2592 ἐλαυνόμενοι
3488 2534 3550 2572 τε
3617 2517 3717 2571 καὶ

2134 2620 2576 2693 σκεδαννύμενοι.

2218 2712 2313 2781 Ὠς
2341 2712 2584 2778 τήκεται
2613 2709 2794 2780 κηρὸς
2816 2709 2936 2764 ἀπὸ
2964 2705 3293 2775 προσώπου
3342 2702 3555 2771 πυρὸς,
3609 2701 3716 2755 οὔ·

2131 2821 2244 2872 τως
2267 2802 2638 2860 ἀπολοῦνται
2664 2803 2718 2855 ol
2745 2798 3079 2869 ἁμαρτωλοὶ
3104 2796 3220 2852 ἀπὸ
3239 2793 3566 2863 προσώπου
3604 2791 3715 2846 τοῦ

2135 2894 2308 2951 Θεοῦ.
2340 2893 2556 2962 Ὥσπερ
2585 2889 2800 2961 ὁκηρδς
2859 2889 3090 2960 τήκεται
3142 2888 3210 2957 τῇ
3261 2883 3556 2954 ἐπιφανείᾳ
3613 2881 3715 2935 τοῦ

2133 2986 2327 3059 πυρὸς,
2361 2983 2539 3049 οὕτως
2567 2977 2714 3038 οῦτοι
2742 2985 2811 3053 τῇ
2846 2979 3142 3052 ἐπιφανείᾳ
3165 2977 3261 3032 τοῦ
3321 2976 3587 3048 Χριστοῦ,
3655 2973 3719 3037 ὃς

2137 3076 2610 3150 προσαγορεύεται
2634 3075 2747 3145 πῦρ
2801 3073 3201 3127 καταναλίσκον
3250 3070 3350 3141 τὴν
3382 3067 3716 3139 μοχθηρίαν,

451 3193 579 3249 ideo
622 3193 784 3259 dixit,
835 3192 962 3266 quia
1024 3204 1255 3262 prorsus
1302 3185 1519 3243 delendi
1569 3187 1680 3242 sint
1726 3187 2024 3251 daunones,

2136 3170 2464 3242 τακήσονται
2515 3167 2912 3239 ὑπορρέοντες·
2973 3165 3035 3218 τὸ
3078 3164 3136 3218 δὲ
3202 3160 3612 3223 Ἀπολοῦνται,
3651 3160 3717 3210 οὐ

452 3290 554 3349 ita,
593 3293 651 3338 ut
690 3282 930 3353 amplius
963 3281 1098 3336 nulli
1133 3281 1271 3344 sint,
1299 3278 1396 3335 sed
1424 3278 1553 3349 quia
1583 3276 1639 3331 in
1671 3276 1878 3332 eisdem
1910 3293 2027 3332 ant-

448 3377 594 3448 ptius
617 3375 753 3430 locis
778 3390 888 3429 non
925 3373 1254 3444 rt'gnabunt.
1294 3370 1526 3426 Eosdem
1549 3368 1716 3425 etiam
1747 3368 2027 3425 daemones

452 3466 725 3537 PrOpheta
774 3474 1099 3536 peccatores
1146 3462 1417 3532 appellat,
1467 3461 1595 3529 quia
1629 3469 1683 3515 et
1715 3460 1875 3529 primi
1909 3475 2026 3513 om-

450 3559 603 3613 nium
634 3559 689 3611 iu
728 3556 895 3612 Deum
950 3560 1270 3625 peccarunt,
1302 3559 1356 3607 et
1386 3551 1515 3621 quia
1562 3556 1912 3620 peccatorum
1944 3551 2027 3603 in-

448 3657 707 3704 ventores
739 3646 936 3702 merito
964 3645 1071 3701 dici
1097 3652 1329 3714 possunt
1355 3652 1408 3698 et
1439 3642 1708 3711 magistri.

529 3737 697 3794 Vens.
731 3739 790 3793 ι.
825 3741 892 3792 El
911 3737 1052 3806 justi
1082 3736 1347 3791 laetemur.
1380 3733 1484 3789 Per
1505 3734 1710 3802 justos,
1739 3747 1835 3787 eos
1871 3734 2030 3787 intel-

450 3831 598 3902 tigit,
632 3830 725 3900 qui
759 3845 855 3901 per
883 3829 1047 3884 [idem
1078 3827 1133 3881 in
1169 3825 1453 3881 Christum
1483 3834 1642 3880 erant
1665 3824 2026 3894 jnstillcandi.

453 3923 521 3978 Hi
555 3923 726 3995 igitur
775 3922 1059 3977 destructa
1115 3918 1428 3974 daemonum
1480 3917 1777 3985 tyrannide
1840 3916 2027 3972 laeten—

451 4026 560 4070 tur.

525 4107 811 4163 Exsullent
855 4107 912 4159 in
949 4111 1228 4173 conspectu
1253 4101 1349 4156 Dei
1371 4115 1422 4156 et
1457 4101 1784 4156 delectentur
1808 4101 1861 4154 in
1889 4100 2027 4154 ιωιίο

453 4203 550 4256 tia.
585 4200 644 4254 In
678 4204 978 4270 conspectu
1010 4194 1130 4261 Dei,
1163 4194 1258 4264 qui
1308 4207 1407 4248 eos
1461 4193 1723 4248 nimirum
1767 4193 2026 4262 protegit,

451 4305 507 4351 et
539 4291 804 4358 custodit,
852 4291 1012 4359 juxta
1068 4287 1200 4344 illud
1236 4304 1250 4340 :
1304 4285 1461 4341 Oculi
1499 4284 1713 4341 Domini
1760 4299 1914 4352 super
1936 4283 2030 4352 ju-

450 4392 563 4439 stas
615 4382 681 4434 ³⁸.
732 4378 913 4436 Verba
963 4386 1147 4433 autem
1212 4374 1518 4441 Exsultenl,
1573 4375 1917 4435 delectentur,
1975 4380 2030 4427 et

451 4474 716 4535 laetentur,
757 4471 899 4527 idem
936 4468 1254 4541 signiﬁcant
1292 4485 1306 4521 :
1340 4467 1633 4536 conjuncta
1666 4475 1847 4520 tamen
1878 4479 2028 4518 sum-

451 4578 596 4619 mam
616 4561 801 4639 gaudii
830 4560 1076 4615 indicant
1105 4559 1505 4614 intensionem.

526 4734 693 4793 Vens.
727 4736 779 4791 5.
822 4736 1049 4792 Cantate
1087 4736 1218 4791 Deo.
1247 4734 1379 4813 Vos,
1418 4736 1512 4806 qui
1549 4737 1866 4808 huiusmodi
1895 4754 2026 4806 ειιιι⁴

453 4827 544 4884 dio
569 4827 718 4898 digni
758 4826 888 4882 facti
921 4827 1078 4884 estis.

528 4917 752 4974 Psallile
783 4920 990 4973 nomini
1022 4920 1159 4990 ejus.
1192 4919 1309 4976 Hoc
1354 4920 1758 4977 declaravimns
1785 4922 1837 4975 in
1869 4923 2030 4976 tertio

455 5012 730 5067 versiculo
755 5028 850 5067 vm
878 5013 1096 5082 psalmi.

528 5101 646 5158 Iter
672 5102 829 5169 facile
861 5104 930 5167 ei,
962 5104 1055 5173 qui
1090 5104 1331 5158 ascendit
1381 5119 1543 5173 super
1571 5118 1816 5168 occasus,
1853 5101 2032 5155 Domi.

456 5213 556 5250 nus
613 5211 801 5250 nomen
857 5194 961 5248 illi.
1000 5193 1081 5253 Ad
1119 5195 1408 5264 apostolos
1440 5202 1525 5249 est
1561 5208 1767 5255 sermo,
1800 5209 1910 5263 quo
1937 5194 2030 5260 jn-

454 5289 657 5343 bentur
690 5295 746 5339 nt
768 5285 834 5340 ad
877 5293 1069 5355 gentes
1091 5296 1410 5349 excurrant,
1439 5293 1494 5339 et
1524 5285 1665 5338 viam
1700 5284 2033 5347 animarum,

458 5379 706 5449 ipsarum
790 5377 1000 5431 scilicet
1068 5377 1337 5446 gentium,
1414 5390 1513 5443 per
1590 5374 2032 5444 praedicationem

460 5470 771 5526 advenienti
823 5466 1045 5523 Christo
1099 5478 1426 5539 prmparent.
1489 5466 1678 5523 Simile
1735 5464 1869 5520 illud
1930 5473 2034 5530 cst,

465 5562 613 5632 quod
667 5562 808 5631 apud
850 5561 1041 5614 Isaiam
1069 5575 1135 5613 ex
1168 5575 1400 5628 persona
1433 5558 1797 5614 l‘rmcursoris
1831 5557 2036 5612 dictum

464 5654 743 5726 legimus:
790 5654 984 5706 Parate
1038 5654 1175 5705 viam
1224 5654 1450 5707 Domino
1481 5652 1548 5707 ³⁷.
1610 5653 1784 5715 Viam,
1837 5651 2035 5719 inquit,

2133 3261 2234 3332 τὴν
2262 3260 2344 3323 είς
2368 3257 2430 3312 τὸ
2463 3259 2537 3329 μὴ
2561 3256 2622 3311 ὃν
2649 3257 2810 3321 ὅλως,
2835 3254 3017 3309 αὐτῶν
3041 3253 3306 3322 ἀφάνειαν
3332 3250 3582 3318 βούλεται
3613 3263 3720 3320 σηο

2138 3351 2374 3424 μαίνειν,
2402 3350 2538 3405 ἀλλὰ
2560 3351 2660 3420 τὴν
2689 3351 2772 3412 είς
2792 3348 2854 3400 τὸ
2877 3346 2951 3417 μὴ
2973 3340 3112 3399 εἶναι
3143 3348 3201 3399 ἐν
3222 3346 3335 3408 τοῖς
3352 3344 3541 3406 τόποις
3568 3340 3719 3393 ὲκεί-

2136 3461 2249 3509 νοις
2279 3443 2383 3498 ἔτι.
2426 3439 2773 3513 ’Δμαρτωλοὶ
2818 3437 2876 3492 δὲ
2927 3437 2979 3491 οί
3034 3434 3311 3507 δαίμονες,
3374 3433 3451 3498 ὡς
3506 3431 3720 3504 πρῶτοι

2136 3536 2560 3607 ἁμαρτήσαντες
2582 3572 2599 3599 ,
2631 3532 2727 3586 καὶ
2753 3531 2856 3600 τῆς
2883 3527 3167 3600 ἁμαρτίας
3199 3524 3442 3599 εὑρεταὶ,
3481 3524 3575 3577 καὶ
3631 3522 3718 3576 δι·-

2134 3628 2418 3684 δάσκαλοι.
3473 3622 3476 3625 ⁷

2207 3721 2315 3775 Καὶ
2345 3723 2398 3774 οι
2424 3718 2642 3772 δίκαιοι
2669 3714 3222 3786 εὐφρανθήσονται.
3251 3711 3365 3765 Καὶ
3423 3709 3611 3764 λοιπὸν
3662 3708 3718 3761 oi
3787 3708 3795 3715 ”

2135 3810 2518 3873 δικαιωθέντες
2545 3808 2635 3863 διὰ
2667 3808 2765 3878 τῆς
2790 3808 2871 3870 εἰς
2910 3804 3149 3877 Χριστὸν
3179 3804 3443 3867 πίστεως,
3477 3799 3717 3855 καταλυ-

2137 3901 2322 3972 θείσης
2380 3900 2480 3972 τῆς
2518 3897 2836 3969 τυραννίδος
2898 3894 3010 3950 τῶν
3064 3893 3361 3965 δαιμόνων,
3402 3890 3718 3963 εὐφρανθή-

2134 4007 2333 4045 τωσαν.

2219 4081 2755 4152 Ἀγαλλιάσθωσαν
2785 4079 3044 4134 ἐνώπιον
3095 4077 3202 4133 τοῦ
3229 4076 3378 4132 Θεοῦ
3403 4094 3416 4108 ·
3462 4073 3718 4144 τερφθῆ-

2135 4191 2337 4230 τωσιιν
2367 4173 2829 4243 ἐνεύφροσύνῃ.
2868 4171 3133 4225 Ἕνώπιον
3158 4171 3253 4224 τοῦ
3318 4168 3454 4223 Θεοῦ
3490 4170 3719 4222 ἐπισκο-

2136 4267 2366 4331 ποῦντος
2394 4266 2592 4329 αὐτοὺς
2622 4266 2710 4319 ἀεί
2732 4280 2747 4295 ·
2770 4262 3100 4332 Ὀφθαλμοί
3138 4263 3270 4334 γὰρ,
3304 4261 3459 4332 φησι,
3493 4259 3720 4328 Κυρίου

2134 4360 2230 4415 ἐπὶ
2287 4359 2579 4424 δικαίους.
2624 4356 2697 4411 Τὸ
2730 4354 2787 4408 δὲ
2830 4352 3358 4424 Εὑφρανθήτωσαν
3379 4352 3473 4406 καὶ
3518 4352 3721 4419 Ἀταλ-

2136 4452 2495 4508 λιάσθωσαν
2546 4450 2641 4504 καὶ
2677 4448 3115 4520 Τερφθήτωσαν
3149 4449 3207 4499 ἐν
3235 4443 3550 4518 εὐφροσύνῃ
3586 4441 3723 4496 ταύ-

2139 4544 2231 4599 τὸν
2289 4542 2651 4614 σημαίνοντα,
2703 4542 2803 4609 τὴν
2856 4541 3109 4594 ἐπίτασιν
3168 4539 3269 4607 τῆς
3314 4537 3491 4608 χαρᾶς
3519 4533 3726 4606 ἐμφαί-

2141 4652 2347 4690 νουσιν.

2216 4729 2441 4799 ’ᾼσατε
2472 4728 2552 4792 τῷ
2609 4724 2751 4792 Θεῷ.
2804 4727 2869 4779 Οἱ
2911 4726 3011 4794 τῆς
3042 4723 3302 4792 τοιαύτης
3337 4722 3515 4792 χαρᾶς
3541 4718 3725 4785 statos-

2145 4838 2319 4891 μενοι.

2216 4911 2458 4967 Ψὰλατε
2476 4911 2556 4977 τῷ
2581 4913 2828 4980 ὀνόματι
2850 4907 3060 4965 αὐτοῦ.
3090 4907 3231 4978 Περὶ
3280 4906 3472 4959 τούτου
3532 4901 3726 4972 προεξ-

2140 5021 2298 5076 ρηται
2337 5005 2467 5074 ἡμῖν
2494 5004 2551 5056 ἐν
2579 5003 2656 5073 τῷ
2678 5009 2726 5071 γ’
2770 5002 2936 5072 στίχῳ
2968 4999 3063 5054 τοῦ
3093 4998 3311 5069 ψαλμοῦ
3343 4996 3415 5069 η’.

2217 5094 2653 5160 Ὀδοποιήσατε
2680 5092 2761 5161 τῷ
2790 5094 3166 5160 ὲπιϐεόηκότι
3187 5089 3284 5144 ἐπὶ
3315 5088 3568 5158 δυσμῶν
3613 5087 3730 5142 Κύ-

2137 5205 2267 5258 ριος
2291 5188 2480 5259 ὄνομα
2504 5185 2686 5252 αὐτῷ.
2747 5186 2893 5259 Πρὸς
2937 5183 3065 5247 τοὺς
3122 5181 3458 5246 ἀποστόλους
3514 5175 3668 5243 οὗτος
3698 5181 3730 5232 ὁ

2144 5280 2325 5347 λόγος,
2357 5279 2598 5334 κελεύων
2620 5279 2852 5349 δραμεῖν
2877 5280 2957 5341 εἰς
2994 5276 3065 5329 τὰ
3101 5275 3256 5347 ἔθνη,
3296 5276 3393 5329 καὶ
3458 5276 3558 5345 τὴν
3607 5273 3730 5326 ὁδὸν

2146 5371 2254 5424 τῶν
2308 5372 2494 5441 ψυχῶν
2554 5370 2735 5423 αὐτῶν
2797 5368 3140 5440 εὐτρεπίσαι,
3195 5369 3260 5437 τῇ
3308 5366 3575 5436 ἐπιδημία
3629 5363 3728 5416 τοῦ

2145 5463 2406 5534 Χριστοῦ,
2433 5463 2520 5516 διὰ
2542 5463 2635 5515 τοῦ
2663 5462 3039 5531 κηρύγματος.
3072 5458 3244 5513 Τοῦτο
3276 5459 3334 5513 δὲ
3364 5458 3477 5511 ἴσον
3503 5457 3620 5510 ἐστὶ
3646 5456 3732 5526 τῷ

2155 5554 2537 5625 Ἑτοιμάσατε
2556 5554 2672 5622 τὴν
2687 5552 2832 5608 ὁδὸν
2848 5552 3090 5620 Κυρίου.
3121 5550 3532 5621 Ὀδοποιήσατε,
3571 5548 3729 5616 φησι,

2146 5647 2221 5717 τῷ
2246 5644 2486 5716 Χριστῷ,
2508 5647 2616 5698 πᾶν
2642 5644 2849 5698 σκῶλον
2878 5643 3197 5714 ἐξάραντες.
3234 5641 3317 5710 Τῷ
3348 5639 3730 5708 ἐπιϐεϐηκότι

539 5832 584 5864 ³⁵
612 5831 765 5887 Dent.
802 5846 876 5895 tv,
905 5831 1014 5898 24;
1058 5830 1224 5887 llebr.
1262 5845 1361 5895 xu,
1392 5830 1484 5886 29.
1547 5827 1591 5860 ³⁸
1616 5826 1765 5883 Psal.
1802 5842 1997 5893 sunt,
2032 5825 2113 5879 l6.
2194 5825 2238 5857 ³⁷
2268 5823 2371 5880 lsa.
2405 5838 2490 5889 XL,
2514 5822 2586 5889 5.;
2630 5819 2819 5877 Matth.
2850 5839 2930 5889 ιιι,
2955 5822 3007 5876 5.
