4064 6482
50 6118 71 6265 Ξ

396 353 502 417 663
1600 362 1981 424 EUTHYMII

2083 363 2206 423 lGA
2222 365 2402 425 BENl
3543 366 3651 430 664

395 472 647 527 habitare
704 472 855 540 facit,
895 475 962 531 de
1011 493 1117 545 qua
1170 478 1469 548 Apostolus
1521 478 1724 532 Paulus
1769 476 1904 532 dicit
1944 495 1958 529 :

2083 478 2137 530 ἓν
2164 479 2288 545 τοῖς
2325 481 2606 547 οὐρανοῖς
2634 480 2897 538 αἰώνιον.
2942 484 2999 536 '0
3029 483 3087 537 δὲ
3110 483 3406 553 Σύμμαχος
3448 485 3648 536 Μονα-

392 564 540 632 quod
570 565 948 622 habitationem
986 583 1051 622 ea:
1082 568 1190 622 Deo
1222 569 1470 624 habemus
1508 586 1613 623 non
1661 586 1820 623 manu
1880 568 1967 636 [a-
2016 616 2019 621 .

395 664 559 715 ctam,
596 667 849 712 a'temam
889 659 945 712 in
976 659 1120 713 ewlis
1152 660 1217 712 ιθ.
1257 658 1624 731 Symmachus
1679 676 1810 713 vero
1866 673 1964 726 pro

395 744 735 816 hominibus,
764 766 902 818 quos
934 751 1099 809 unius
1125 754 1297 807 moris
1328 767 1452 809 esse
1492 752 1631 806 dixit
1662 751 1957 818 Propheta,

2079 568 2222 636 χοὺς
2268 570 2551 637 ὲξέὃωκεεν,
2581 574 2657 637 ὡς
2684 573 3106 644 μεμονωμένους
3129 576 3332 638 παντὸς
3393 571 3652 644 βιωτικοῦ

2074 661 2397 729 πράγματος
2413 677 2428 694 ⁸
2460 662 2554 726 οὓς
2579 665 2880 731 κατοικίζει
2905 669 2963 720 ἐν
2983 666 3285 738 οἰκητηρίῳ
3308 663 3649 734 καταμόνας.

2069 751 2447 824 Προαγορεύει
2490 757 2549 811 δὲ
2602 759 2704 825 τὴν
2756 759 3042 812 πολιτείαν
3099 759 3211 814 τῶν
3251 755 3651 828 ἀναχωρητῶν.

396 853 492 894 seu
527 841 834 908 unanimes.
883 846 1167 899 monachos
1201 844 1643 915 reddidit,quasi
1690 845 1758 899 ab
1806 843 1957 897 omni
2000 846 2288 902 mundano
2309 849 2532 920 negotio
2551 866 2783 919 prorsus
2810 859 3151 922 segregatos,
3209 864 3273 904 ac
3333 848 3652 904 solitarius:

395 949 644 1006 quosque
675 936 1036 1006 singulariter
1070 939 1212 995 Deus
1261 939 1511 994 habitare
1578 938 1710 992 facit
1774 939 1827 991 in
1862 937 2045 1008 parvis
2083 938 2400 997 domiciliis.
2426 942 2493 998 Et
2506 945 2667 1013 justa
2699 946 2848 1001 hunc
2871 961 3092 1002 sensum
3113 945 3413 1016 praedicare
3442 943 3657 997 videtur

394 1026 665 1096 Propheta
699 1030 1163 1084 anachoretarum
1201 1031 1393 1085 vitam.

469 1118 711 1173 Educens
746 1122 944 1175 vinctos
972 1122 1025 1175 in
1052 1122 1386 1190 fortitudine.
1424 1123 1699 1185 Etlurens,
1733 1123 1837 1177 hoc
1865 1133 1969 1187 est,

396 1211 640 1266 liberans
694 1225 791 1266 eos
844 1212 1130 1278 nimirum,
1183 1213 1288 1283 qui
1347 1224 1696 1282 peccatorum
1742 1227 1969 1266 suorum

394 1301 630 1366 catenis,
663 1309 718 1356 et
748 1300 1063 1356 daemonum
1090 1301 1353 1365 vinculis,
1397 1302 1502 1358 hoc
1539 1313 1644 1365 est,
1679 1301 1969 1357 alIectibus

398 1408 495 1449 seu
531 1394 909 1464 passionibus,
955 1409 1019 1449 ac
1056 1403 1408 1464 peccatorum
1454 1394 1965 1465 perturbationibus

396 1484 592 1550 vincti,
625 1494 790 1553 atque
838 1485 1040 1556 alligati
1089 1495 1221 1540 sunt
1264 1504 1276 1539 :
1316 1501 1426 1555 quo
1476 1500 1729 1540 sermone
1776 1484 1963 1539 ﬁdeles

398 1575 672 1645 intelligit,
701 1577 792 1644 qui
816 1592 879 1630 ex
902 1577 1155 1645 gentibus
1181 1574 1549 1646 congregandi
1570 1586 1743 1630 erant.
1771 1576 1966 1631 Educit

397 1674 577 1721 autem
610 1683 707 1723 eos
737 1669 788 1721 in
817 1667 1159 1732 fortitudine,
1194 1667 1294 1722 hoc
1317 1676 1424 1732 est,
1446 1668 1500 1721 in
1529 1668 1710 1722 divina
1746 1668 1967 1733 virtute,

398 1773 461 1811 ac
510 1759 772 1826 putentia,
806 1775 911 1828 qua
945 1769 1237 1830 tyrannum
1279 1760 1506 1816 devicit.
1561 1758 1652 1814 Vel
1689 1759 1875 1824 etiam,
1914 1759 1969 1812 in

395 1850 601 1903 virtute
636 1850 907 1905 sermonis
932 1852 1268 1921 evangelici.

469 1940 730 1996 Similiter
765 1958 876 2005 eos,
906 1943 996 2011 qui
1023 1920 1366 2013 exasperant,
1411 1944 1501 2014 qui
1529 1943 1771 1997 habitant
1802 1944 1857 1997 in
1891 1959 1975 1997 se-
2008 1920 2051 1974 Β

394 2031 616 2098 pulcris.
656 2032 771 2088 Non
827 2036 1028 2100 solum,
1095 2034 1293 2105 inquit,
1366 2044 1423 2088 tu
1471 2034 1703 2104 gentiles
1732 2035 1983 2092 educise

397 2121 656 2188 vinculis,
676 2124 771 2179 sed
793 2134 847 2179 et
866 2126 1016 2195 ipsos
1038 2126 1198 2180 etiam
1218 2142 1282 2181 ex
1301 2125 1723 2182 circumcisione
1737 2124 1978 2194 Judarns,

397 2230 539 2285 quos
572 2227 954 2285 exasperantes
1007 2216 1273 2287 appellat,
1309 2231 1405 2271 seu
1463 2217 1882 2280 cxacerbantes,
1913 2231 1978 2270 ea
2008 2242 2014 2251 -

401 2310 615 2365 ratione
670 2323 837 2379 quam
890 2309 1138 2364 diximus
1186 2308 1241 2362 in
1291 2308 1507 2379 psalmo
1556 2325 1678 2362 va.
1738 2307 1980 2363 Possunt

398 2399 562 2453 etiam
599 2398 760 2454 verba
788 2400 899 2453 bmc
924 2400 993 2453 ita
1018 2399 1265 2469 intelligi,
1303 2407 1360 2453 ut
1395 2400 1740 2469 prophetiam
1797 2399 1978 2452 conti-

398 2497 589 2552 neant,
636 2490 703 2544 de
746 2491 1055 2546 universali
1110 2504 1455 2545 mortuorum
1513 2489 1923 2545 resurrectione
1961 2506 1975 2543 :

398 2580 547 2650 quod
575 2582 792 2637 scilicet
832 2582 977 2637 Deus
1025 2598 1091 2637 ex
1132 2584 1506 2637 monumentis
1535 2597 1728 2638 omnes
1763 2582 1977 2637 vinctos

402 2673 596 2727 mortis
624 2673 845 2727 vinculo
878 2674 1100 2741 educet,
1127 2689 1189 2728 ac
1211 2673 1523 2739 suscitabit,
1560 2685 1611 2729 et
1643 2673 1788 2744 quod
1821 2673 1976 2727 sitni-

402 2763 531 2817 liter
557 2764 757 2819 educet
786 2763 1025 2821 Judtcos.
1077 2765 1172 2820 Illa
1212 2766 1405 2822 autem
1437 2769 1599 2819 verlua
1638 2784 1651 2819 :
1690 2764 1795 2830 Qui
1824 2764 1977 2818 [tabi-

403 2864 519 2909 tant
548 2856 600 2909 in
634 2857 915 2925 sepulcris,
962 2859 1027 2912 ad
1075 2859 1337 2927 majorem
1364 2858 1792 2913 declarationem
1826 2858 1974 2912 dicta

2133 1122 2425 1188 "EEcirwr
2450 1123 2911 1191 πεπεδημένους
2943 1125 3013 1177 ἐν
3062 1124 3301 1192 ἀνδρίᾳ.
3385 1123 3653 1190 Ἐξάγωνν

2068 1215 2244 1266 εἴτουν
2273 1212 2601 1282 ἐλευθερῶν,
2629 1216 2760 1277 τοὺς
2816 1214 3235 1284 πεπεδημένους
3281 1216 3403 1274 ταῖς
3445 1217 3659 1283 σειραῖς

2064 1305 2178 1358 τῶν
2218 1303 2656 1374 ἁμαρτημάτων,
2686 1306 2719 1377 ἢ
2744 1307 2859 1369 τοῖς
2881 1308 3103 1377 δεσμοῖς
3125 1305 3223 1359 τοῦ
3260 1306 3520 1374 δαίμονος
3540 1323 3554 1336 ·
3620 1306 3657 1358 ἆ

2063 1396 2172 1447 εἱσι
2199 1395 2268 1447 τὰ
2298 1396 2469 1464 πάθη.
2527 1397 2691 1464 Λέγει
2732 1396 2789 1450 δὲ
2820 1399 2948 1460 τοὺς
3003 1397 3062 1463 ἐξ
3093 1377 3267 1449 ἐθνῶν
3322 1395 3653 1448 πιστεύσανο

2065 1502 2161 1548 τας
2192 1500 2206 1515 ’
2240 1485 2451 1553 ἐξάγων
2482 1486 2539 1538 δὲ
2572 1489 2699 1548 τοὺς
2747 1488 2805 1539 ἐν
2856 1486 3073 1558 ἀνδρίᾳ,
3137 1487 3307 1557 ἧγουν
3376 1487 3434 1538 ἐν
3504 1484 3656 1552 ἰσχύϊ

2063 1578 2353 1647 Θεότητος,
2402 1578 2889 1651 καταγωνιζομένῃ
2924 1579 3016 1631 τὸν
3046 1579 3315 1648 τύραννον
3345 1593 3359 1608 ·
3397 1578 3430 1646 ἦ
3474 1579 3570 1630 καὶ
3593 1580 3656 1629 ἐν

2065 1670 2297 1740 δυνάμει
2330 1670 2507 1739 λόγων
2529 1671 2639 1724 τῶν
2666 1671 3075 1740 εὖαγγελικῶν.

2167 1937 2413 2008 ἠμοιως
2440 1939 2584 2005 τοὺς
2622 1941 3219 2011 παραπικραίνοντας
3246 1942 3390 2010 τοὺς
3457 1958 3655 1996 κατοι-

2081 2029 2345 2098 κοῦντας
2371 2031 2440 2086 ἐν
2478 2032 2711 2102 τάφοις.
2772 2035 2846 2089 Οὐ
2878 2036 3037 2105 μόνον
3097 2035 3154 2091 δέ
3215 2034 3464 2102 τούτους,
3520 2035 3658 2089 ἀλλὰ

2080 2123 2178 2176 καὶ
2200 2123 2329 2187 τοὺς
2367 2124 2433 2177 ἐκ
2468 2128 2781 2197 περιτομῆς
2801 2143 2816 2156 '
2874 2129 3000 2191 τοὺς
3026 2129 3318 2192 Ἰουδαίους
3350 2130 3460 2199 γάρ
3506 2127 3665 2181 καλεῖ

2078 2216 2667 2285 παραπικραίνοντας
2694 2258 2710 2284 ,
2741 2220 2817 2283 ὡς
2837 2222 2897 2274 ἐν
2929 2220 3005 2290 τῷ
3028 2219 3101 2287 ξε¹
3141 2220 3344 2292 ψαλμῷ
3374 2220 3664 2293 προδιελά-

2078 2307 2268 2375 ϐομεν.
2322 2310 2419 2382 Είη
2447 2312 2492 2365 δ’
2517 2312 2584 2366 ἂν
2613 2313 2772 2366 ταυτὶ
2802 2313 2866 2367 τὰ
2902 2314 3045 2384 ῥητὰ
3072 2313 3169 2368 καὶ
3198 2312 3510 2385 προφητεία
3529 2313 3665 2382 περὶ

2078 2400 2177 2470 τῆς
2213 2405 2564 2474 παγκοσμίου
2594 2405 2704 2458 τῶν
2731 2406 2944 2475 νεκρῶν
2959 2407 3331 2469 ἀναστάσεως
3353 2446 3370 2471 ,
3405 2407 3489 2459 ὅτι
3517 2405 3661 2458 πάν-

2077 2507 2178 2554 τας
2213 2493 2387 2564 ἐεάγη
2416 2496 2526 2550 τῶν
2547 2498 2736 2567 τάφων
2755 2499 2883 2563 τοὺς
2912 2498 3120 2568 πεπεδη
3131 2499 3348 2567 μένους,
3368 2496 3661 2568 νεκρικῶςο

2082 2582 2284 2651 ὁμοίως
2316 2585 2372 2638 δὲ
2397 2589 2490 2639 καὶ
2527 2589 2655 2651 τοὺς
2700 2588 2994 2653 Ἰουδαίους
3019 2605 3034 2620 °
3065 2585 3187 2643 εἶτα
3216 2591 3250 2660 ή
3286 2589 3619 2661 ἐπεξήγησις
3643 2628 3664 2653 ,

2081 2673 2164 2725 ὃτι
2199 2674 2343 2740 τοὺς
2376 2676 2811 2745 κατοικοῦντας
2860 2679 2931 2732 ἐν
2961 2679 3204 2748 τάφοις·
3229 2680 3318 2733 διὰ
3353 2678 3559 2733 τούτοιν
3582 2678 3663 2743 δέ,

2082 2767 2176 2835 και
2204 2767 2332 2828 τοὺς
2360 2769 2419 2819 ἐν
2452 2771 2607 2839 πυρὶ,
2641 2771 2737 2823 καὶ
2772 2770 3046 2842 θαλάσσῃ,
3109 2771 3207 2824 καὶ
3262 2772 3410 2835 ὅπως
3464 2771 3664 2842 δήποτε

2082 2858 2485 2930 διαφθαρέντας
2509 2863 2804 2932 ἐδήλωσεν.

402 2963 554 3022 sunt,
586 2964 642 3013 et
673 2968 770 3024 per
811 2968 873 3010 ea
908 2971 1104 3012 omnes
1137 2956 1389 3011 homines
1465 2957 1782 3026 signiﬁcare
1859 2954 2050 3021 voluit,
2094 2957 2187 3025 qui
2223 2958 2423 3013 mortui
2475 2957 2703 3025 fuerint,
2759 2961 3080 3031 ubicunque
3134 2961 3188 3017 id
3243 2961 3325 3017 eis
3373 2960 3660 3023 acetderit,

401 3057 498 3104 aut
539 3049 594 3104 in
630 3058 800 3112 terra,
828 3059 922 3102 aut
955 3049 1007 3103 in
1041 3050 1207 3114 mari,
1244 3059 1341 3104 aut
1369 3051 1422 3103 in
1453 3052 1598 3121 igne.

473 3142 639 3199 Vens.
675 3143 729 3207 8,
760 3144 816 3198 9.
852 3145 1011 3206 Deus,
1037 3161 1157 3199 cum
1202 3145 1526 3215 egredereris
1581 3148 1637 3199 in
1695 3155 1971 3211 conspectu

400 3236 581 3305 populi
618 3236 715 3302 tui,
749 3251 865 3290 rum
896 3237 1252 3303 pertransires
1284 3239 1341 3291 in
1383 3238 1617 3301 deserto,
1645 3249 1789 3292 terra
1831 3249 1978 3293 mota

2166 3146 2224 3201 Ὀ
2244 3148 2412 3213 Θεὸς,
2447 3148 2511 3200 ἐν
2548 3146 2629 3214 τῷ
2651 3147 3086 3215 ἐκπορεύεσθαι
3129 3163 3206 3201 σε
3248 3145 3508 3199 ἐνώπιον
3557 3145 3667 3200 τοῦ

2085 3239 2240 3295 ,λαοῦ
2271 3254 2411 3303 σου,
2433 3239 2503 3294 ἐν
2523 3239 2602 3305 τῷ
2630 3239 2962 3294 διαϐαίνειν
2990 3254 3065 3293 σε
3090 3239 3160 3293 ἐν
3201 3237 3276 3306 τῇ
3313 3237 3530 3306 ἐρήμῳ,
3589 3238 3664 3307 γῆ

400 3342 477 3389 est
508 3351 526 3387 :
566 3332 761 3388 etenim
812 3332 928 3386 ειπείί
954 3332 1369 3388 distillaverunt.
1416 3335 1649 3399 Quando
1683 3333 1872 3389 dixisti
1908 3333 1975 3385 ad

2083 3332 2330 3399 ἐσείσθη
2359 3347 2372 3362 ο
2405 3331 2504 3385 καὶ
2539 3332 2649 3401 γὰρ
2669 3335 2723 3386 οὶ
2751 3331 2995 3399 οὐρανοὶ
3018 3330 3309 3393 ἕσταξαν.
3349 3331 3475 3383 Ὅτε
3504 3325 3667 3391 εἶπας

400 3424 622 3481 «Iudaeos
650 3442 664 3478 :
701 3424 831 3479 Ecce
861 3424 1152 3479 dimittitur
1178 3427 1369 3479 domus
1416 3434 1589 3480 vestra
1637 3426 1848 3479 deserta
1880 3426 1923 3455 δι
1958 3442 1973 3490 ;

402 3526 460 3574 ct
491 3519 715 3588 quando
743 3515 998 3572 Jeremite
1039 3518 1330 3588 prephetia
1380 3531 1445 3571 ex
1494 3532 1734 3587 persona
1770 3516 1977 3572 Christi

403 3613 640 3682 prolata,
676 3613 836 3666 linem
865 3614 1102 3678 accepit,
1127 3626 1248 3679 qua
1277 3610 1409 3664 dicit
1444 3626 1458 3662 :
1487 3608 1754 3674 Quoniam
1786 3608 1979 3663 dereli-

404 3712 633 3774 querunt
662 3703 875 3756 domum
907 3718 1098 3765 meam,
1121 3702 1301 3757 dimisi
1327 3702 1691 3757 hmreditatem
1718 3718 1888 3755 meam
1910 3702 1980 3756 ".

407 3795 569 3851 Tunc
604 3793 808 3848 etenim
860 3802 1154 3864 postquam
1208 3809 1467 3863 egressus
1506 3809 1590 3861 es,
1648 3795 1913 3850 recedens
1952 3808 1981 3847 a

407 3895 715 3955 conspectu
773 3885 985 3954 pepuli.
1044 3886 1135 3953 qui
1195 3900 1442 3954 eousuue
1498 3896 1624 3941 tuus
1680 3885 1881 3951 fuerat,
1931 3893 1987 3941 et

410 3975 759 4047 pertransisti
789 3975 854 4030 ad
876 3975 1179 4031 Ecclesium
1201 3991 1265 4031 ex
1288 3976 1543 4046 gentibus
1567 3986 1981 4047 congregatam,

408 4084 531 4139 qua:
562 4067 692 4123 olim
744 4067 963 4124 deserta
1021 4077 1160 4133 erat,
1216 4083 1281 4123 ac
1329 4068 1476 4121 nuda
1522 4068 1670 4122 omni
1725 4068 1983 4135 scientia,

408 4175 574 4233 atque
599 4165 917 4235 cognitione
941 4163 1414 4232 Dei,,sterilisque,
1437 4171 1605 4233 atque
1636 4161 1985 4218 infructuosa

409 4257 653 4327 germine
688 4258 978 4319 virtutum;
1014 4268 1164 4320 tunc,
1189 4257 1434 4324 inquam,
1468 4265 1760 4326 postquam
1794 4255 1984 4320 existi,

411 4361 561 4407 terra
594 4359 871 4406 commota
904 4359 1012 4414 est,
1047 4350 1329 4419 passionis
1370 4351 1663 4413 nimirum,
1704 4357 1759 4403 et
1795 4362 1985 4403 resur-

410 4442 680 4496 rectionis
720 4448 990 4510 tempore.
1019 4440 1090 4495 Et
1121 4440 1247 4494 cmli
1274 4441 1712 4503 distillaverunt,
1748 4437 1985 4493 descen-

409 4531 573 4586 dente
610 4538 806 4585 sancto
838 4530 1051 4599 Spiritu
1091 4531 1145 4582 in
1174 4531 1481 4599 apostolos,
1509 4529 1564 4583 in
1589 4529 1679 4583 die
1710 4526 1980 4593 Penteco-

2085 3422 2221 3490 πρὸς
2242 3420 2538 3483 Ἰουδαίους
2563 3437 2577 3451 ’
2631 3418 2788 3473 Ἰδοὺ
2814 3418 3053 3486 ἀφίεται
3088 3421 3136 3487 δ.
3155 3413 3322 3481 οἶκος
3345 3416 3512 3486 ὑμῶν
3531 3417 3666 3485 ἐρη-

2079 3531 2217 3582 μος,
2247 3512 2398 3575 τέλος
2435 3513 2536 3582 ἤδη
2561 3510 2949 3581 λαμϐανούσης
2991 3509 3087 3579 τῆς
3135 3508 3406 3580 Ἱερεμίου
3452 3523 3669 3579 προφηε

2084 3605 2260 3670 τείας,
2293 3606 2355 3656 ἐκ
2407 3603 2703 3674 προσώπου
2749 3620 2865 3668 σου,
2930 3601 3153 3672 Χριστέ,
3215 3602 3514 3672 φήσαντος,
3585 3600 3666 3652 ὅτι

2100 3695 2541 3764 Ἐγκατέλιπον
2572 3696 2680 3748 τὸν
2702 3691 2873 3749 οἶκόν
2888 3712 3010 3764 μου
3029 3712 3042 3724 ·
3073 3692 3283 3763 ἀφῆκα
3308 3693 3424 3760 τὴν
3447 3697 3668 3760 κληρο-

2086 3787 2306 3857 νομίαν
2332 3805 2475 3857 μου.
2500 3787 2634 3841 Τότε
2663 3788 2804 3857 μετὰ
2851 3787 2911 3841 τὺ
2973 3785 3383 3857 ἐκπορευθῆναί
3457 3803 3517 3839 σε
3573 3785 3668 3839 καὶ

2088 3880 2447 3950 ἀναχωρῆσαι
2492 3880 2725 3933 ἐνώπιον
2759 3877 2856 3932 τοῦ
2894 3879 3059 3949 μέχρι
3085 3877 3233 3944 τότε,
3266 3876 3400 3930 λαοῦ
3428 3895 3544 3941 σου,
3577 3875 3670 3930 καὶ

2087 3973 2373 4042 διαὸλῆναί
2444 3990 2504 4026 σε
2544 3974 2627 4035 είς
2676 3973 2778 4042 τὴν
2831 3970 3347 4043 ἁθροισθησομένην
3434 3970 3666 4039 Ἐκκλη-

2092 4066 2216 4120 σίαν
2245 4065 2356 4119 τῶν
2382 4065 2554 4120 ἐθνῶν
2588 4066 2691 4137 τὴν
2726 4064 2938 4138 ἔρημον
2972 4063 3329 4132 θεογνωσίας,
3361 4063 3457 4116 καὶ
3497 4063 3674 4131 ἄκαρ-

2091 4178 2192 4214 πον
2216 4160 2442 4232 ἀρετῆς,
2475 4161 2509 4229 ἡ
2540 4159 2613 4229 γῆ
2649 4158 2748 4229 μὲν
2780 4157 3003 4228 ἐσείσθη
3030 4155 3175 4211 κατὰ
3198 4156 3292 4209 τὸν
3344 4156 3535 4223 καιρὸν
3573 4153 3669 4206 τοῦ

2091 4252 2324 4318 πάθους,
2358 4254 2454 4308 καὶ
2493 4253 2593 4322 τῆς
2623 4251 3008 4313 ἀναστάσεως’
3052 4250 3103 4302 οἱ
3166 4248 3391 4320 οὐρανοὶ
3434 4247 3667 4311 ἕσταξαν

2091 4345 2192 4415 τὴν
2214 4346 2443 4400 κάθοδον
2473 4344 2568 4398 τοῦ
2590 4343 2747 4412 ἁγίου
2776 4343 3099 4412 Πνεύματος
3143 4342 3224 4404 είς
3245 4341 3374 4403 τοὺς
3437 4338 3672 4392 ἀποστό-

2092 4439 2239 4502 λους,
2273 4438 2330 4490 ἐν
2373 4436 2453 4506 τῷ
2480 4435 2662 4506 καιρῷ
2704 4435 2801 4503 τῆς
2859 4435 3266 4504 Πεντηκοστῆς.
3317 4434 3389 4486 Ἢ
3447 4431 3669 4500 ἐσείσθη

2099 4530 2198 4601 μὲν
2222 4531 2256 4601 ἡ
2278 4530 2350 4600 γῆ
2377 4527 2735 4599 μεταϐάντων
2766 4526 2876 4580 τῶν
2921 4526 3095 4579 ἐθνῶν
3157 4525 3267 4579 ἀπὸ
3303 4526 3404 4595 τῆς
3462 4523 3671 4591 πλάνης

409 4634 543 4677 stes.
598 4621 694 4676 Vel
749 4629 895 4677 terra
952 4632 1225 4677 commota
1285 4630 1393 4686 est,
1463 4621 1981 4691 pertranseuntibus

2094 4626 2175 4691 είς
2207 4623 2307 4692 τὴν
2342 4621 2604 4693 ἀλήθειαν
2632 4637 2647 4652 ο
2681 4619 2916 4684 ἐσταξαν
2951 4620 3010 4673 δὲ
3038 4621 3086 4672 οἱ
3115 4617 3409 4671 ἀπόστολοι
3437 4614 3498 4667 τὸ
3524 4613 3669 4682 ὕδωρ

410 4711 668 4779 gentibus
703 4711 772 4764 ab
803 4724 994 4765 errore
1028 4714 1096 4765 ad
1143 4713 1428 4766 veritatem

413 4803 650 4873 apostoli
683 4817 881 4872 aquam
936 4802 1509 4875 prmd:cationis,_qua
1562 4804 1749 4859 ﬁdeles
1796 4803 1991 4875 irriga-

412 4896 618 4950 bantur
643 4893 865 4948 auium.
898 4894 1145 4965 Apostoli
1176 4897 1382 4951 etenim
1404 4897 1670 4953 cteliesse
1703 4898 1989 4958 dicuntur,

412 4992 471 5040 et
509 4985 639 5054 quia
695 4983 939 5039 coelestia
998 4986 1241 5052 sapiunt,
1297 4996 1353 5042 et
1399 4991 1526 5057 quia
1560 4989 1991 5057 quibuscunque

414 5072 655 5130 terrenis
687 5074 858 5131 rebus
889 5076 1332 5144 supereminent.
1378 5075 1476 5131 Illa
1515 5088 1699 5133 autem
1755 5078 1983 5147 conjun-

412 5166 547 5233 ctio,
577 5165 739 5231 enim,
765 5166 1039 5238 superﬂua
1078 5175 1183 5223 est.

483 5258 529 5311 Α
552 5256 690 5328 faeie
715 5256 813 5312 Dei
835 5256 1009 5321 Sinai,
1026 5275 1059 5312 a
1078 5258 1212 5328 facie
1231 5259 1323 5314 Dei
1344 5258 1540 5317 Israel.
1572 5286 1641 5299 -—
1658 5261 1699 5312 A
1733 5258 1868 5328 facie
1894 5257 1991 5312 Dei

412 5350 899 5420 circumloquendo
948 5352 1109 5415 dixit,
1171 5367 1270 5423 pro
1309 5353 1387 5406 ab
1447 5354 1566 5421 ipso
1619 5351 1751 5414 Deo,
1808 5360 1868 5406 ut
1919 5351 1993 5405 sit

416 5457 615 5499 sensus
646 5462 661 5499 :
704 5443 832 5499 Haec
861 5444 1005 5499 facta
1038 5453 1168 5499 sunt
1196 5444 1265 5497 ab
1296 5459 1383 5511 eo,
1414 5445 1506 5514 qui
1538 5453 1627 5498 est
1663 5442 1808 5498 Deus
1835 5458 1995 5497 mon-

420 5535 490 5591 tis
515 5535 692 5591 Sinai.
735 5539 858 5606 Ipse
886 5537 1088 5591 etenim
1127 5536 1272 5591 idem
1303 5545 1409 5602 est,
1440 5537 1534 5608 qui
1566 5546 1621 5591 et
1656 5536 1798 5592 Deus
1830 5535 1984 5590 Sinai

418 5628 639 5693 dicitur,
695 5637 749 5685 et
799 5628 943 5685 Deus
972 5629 1164 5684 Israel.
1212 5627 1419 5683 Horum
1466 5638 1649 5686 autem
1697 5630 1981 5683 nominum

489 5809 535 5844 ³ο
560 5810 606 5864 ιι
638 5811 762 5865 Cor.
797 5828 851 5878 v,
898 5813 941 5865 ι.

1481 4729 1493 4765 :
1534 4720 1592 4765 et
1634 4712 1981 4766 stillaverunt

2088 4719 2184 4771 τοῦ
2210 4715 2590 4788 κηρύγματος,
2641 4713 2867 4787 ἀρδεῦον
2914 4712 3111 4783 ψυχάς.
3142 4710 3377 4781 Οὐρανοὶ
3435 4708 3543 4778 γὰρ
3576 4707 3670 4759 καὶ

2090 4802 2268 4868 οὗτοι,
2297 4808 2386 4862 διὰ
2410 4807 2473 4861 τὸ
2508 4809 2728 4879 φρονεῖν
2782 4805 3031 4877 οὐράνια,
3058 4802 3151 4857 καὶ
3200 4801 3261 4855 τὸ
3307 4797 3669 4885 ὑπερκεῖσθαι

2091 4901 2294 4965 παντὸς
2319 4900 2524 4972 γεηροῦ
2558 4899 2931 4971 πράγματος,
2957 4899 3017 4950 '0
3052 4896 3111 4950 δὲ
3134 4894 3440 4964 σύνδεσμος
3467 4893 3495 4945 ὁ
3533 4893 3668 4962 γὰρ,

2090 5009 2424 5064 περιττευει.

2179 5261 2312 5316 Ἀπὸ
2364 5257 2691 5327 προσώπου
2734 5255 2839 5309 τοῦ
2870 5255 3021 5310 Θεοῦ
3081 5253 3248 5318 Σινᾶ,
3297 5253 3416 5309 ἀπὸ
3479 5265 3666 5321 προσ-

2097 5356 2263 5408 ώπου
2292 5353 2401 5407 τοῦ
2434 5349 2582 5405 Θεοῦ
2626 5347 2897 5415 Ἰσραήλ.
2924 5343 3383 5417 Περιφραστικῶς
3414 5343 3494 5411 τὸ,
3538 5341 3673 5396 Ἀπὸ

2092 5444 2416 5515 προσώπου
2450 5439 2557 5494 τοῦ
2590 5440 2761 5503 Θεοῦ,
2793 5438 3072 5491 τουτέστιν
3092 5452 3107 5467 °
3133 5437 3216 5490 ὅτι
3249 5436 3424 5488 ταῦτα
3447 5434 3674 5501 γεγόνα-

2104 5555 2187 5590 σιν
2219 5533 2327 5588 ὑπὸ
2357 5532 2452 5587 τοῦ
2487 5534 2641 5597 ὄντος
2669 5532 2830 5596 Θεοῦ,
2870 5529 2966 5583 τοῦ
2991 5529 3124 5582 Σινᾶ
3152 5527 3336 5597 ὅρους.
3362 5525 3535 5589 Αὐτὸς
3564 5525 3673 5594 γάρ

2098 5632 2213 5681 ἐστι
2249 5628 2343 5681 καὶ
2376 5626 2470 5682 τοῦ
2497 5628 2630 5682 Σινᾶ
2656 5625 2811 5691 Θεὸς,
2849 5624 2946 5677 καὶ
2979 5619 3074 5674 τοῦ
3116 5618 3358 5691 Ἰσραήλ.
3398 5615 3673 5690 Ἐμνημό-

1024 5812 1063 5842 δι
1095 5809 1287 5865 Matth.
1351 5827 1508 5881 tum,
1541 5814 1629 5867 δῖ.
1708 5812 1751 5844 υ
1792 5810 1997 5867 Jerem.
2029 5825 2127 5879 xu,
2164 5808 2217 5864 7.
