4064 6424
261 384 387 450 665

1513 389 1660 448 COM
1671 389 1826 448 ΜΕΝ
1833 389 1900 448 'I‘.
1950 387 2024 444 IN
2073 389 2201 446 PSA
2214 391 2432 451 LMOS.

3507 393 3614 461 066

259 513 445 551 νευσε
476 496 546 550 δὲ
578 492 852 563 τούτων,
883 500 1096 561 δεικνὺς
1129 502 1211 552 ὅτι
1251 503 1280 552 6
1306 504 1362 553 ἐν
1403 503 1533 554 Σινὰ
1558 503 1926 572 τερατουργὴ-

2039 501 2286 554 meminit
2330 503 2628 573 Pmplicta,
2677 507 2804 576 quia
2839 518 2894 563 et
2945 509 2997 562 in
3050 519 3234 563 monte
3286 509 3418 562 Sina
3471 509 3614 564 Deus

262 606 374 651 σας
421 590 540 642 καὶ
611 590 715 659 τῷ
762 591 959 644 Ἰακὼὸ
994 592 1348 660 φαντασθεὶς,
1403 591 1573 652 αὐτὸς
1607 593 1699 643 καὶ
1758 591 1934 645 ταῦτα⁵

263 683 471 733 ποιεῖ·
510 683 630 734 καὶ
673 683 792 734 οὐκ
830 682 947 735 ἔστι
969 682 1100 745 Θεὸς
1125 682 1334 752 ἔτερος,
1369 682 1497 753 παρ’
1523 683 1752 734 ἐκεῖνον.

335 948 414 1013 Β]
435 945 641 1014 οχὴν
679 946 989 1002 ἑκούσιον
1031 947 1297 1017 ἀφοριεῖς
1329 951 1361 1002 ό
1397 949 1542 1014 Θεὸς
1597 948 1669 1013 τῇ
1718 951 1935 1016 κληρο-

255 1039 463 1106 νομίᾳ
498 1055 681 1091 σου.
761 1039 1121 1110 κληρονομία
1172 1040 1271 1109 μὲν
1302 1039 1460 1102 Θεοῦ,
1505 1039 1572 1092 τὰ
1603 1039 1750 1107 ἔθνη,
1790 1040 1931 1093 κατᾶ

253 1131 357 1182 τό⁶
401 1131 536 1184 Καὶ
590 1131 805 1185 δώσω
839 1145 939 1186 σοι
991 1133 1135 1200 ἔθνη
1183 1132 1299 1200 τὴν
1345 1133 1755 1200 κληρονομίαν
1788 1123 1927 1185 σου.

251 1217 466 1288 Βροχὴ
539 1219 615 1271 δὲ
657 1221 694 1272 ὁ
757 1219 922 1287 λόγος
972 1219 1066 1272 τοῦ
1100 1221 1436 1289 Εὐαγγελίου
1493 1221 1805 1283 ἁπαλύνων,
1838 1222 1930 1273 καὶ

252 1311 547 1382 ἀρδεύων
581 1311 711 1373 τὰς
740 1312 950 1382 ψυχάς.
991 1313 1274 1377 Ἐκοῦσιος
1309 1315 1364 1368 δὲ
1402 1314 1572 1385 βροχὴ
1604 1314 1765 1384 αὕτη,
1795 1315 1931 1367 διότι

252 1403 285 1455 ό
310 1403 428 1472 μὲν
461 1403 832 1464 Μωσαῖκὸς
861 1403 1047 1472 νόμος,
1071 1404 1133 1456 οὐ
1166 1405 1303 1456 κατὰ
1345 1403 1566 1473 Θέλησιν
1601 1404 1760 1466 Θεοῦ,
1795 1405 1932 1458 ἀλλὰ

252 1495 388 1546 κατ’
461 1495 889 1562 οἰκονομίανο
924 1496 984 1547 οὐ
1011 1495 1120 1566 γὰρ
1155 1496 1353 1567 ἔχρῃζε
1398 1497 1506 1549 τῶν
1546 1495 1769 1561 θυσιῶν,
1803 1497 1930 1550 οὐδὲ

249 1587 556 1639 τοιούτων
621 1585 832 1640 ἄλλων
868 1587 1384 1658 παρατηρημάτων.
1447 1587 1549 1654 Τίς
1584 1589 1718 1658 γὰρ,
1771 1589 1926 1658 φησὶ,

249 1680 460 1733 ταῦτα
519 1678 942 1744 ἐξεζήτησες
999 1681 1106 1731 Καὶ
1136 1680 1298 1734 πάλιν
1319 1697 1334 1711 ’
1388 1679 1610 1748 Μωσῆς
1639 1681 1790 1750 πρὸς
1818 1680 1931 1749 τὴν

249 1770 842 1839 σκληροκαρδίαν
898 1770 1067 1839 ὑμῶν
1091 1771 1389 1840 ἔγραψεν·
1434 1775 1461 1824 6
1504 1773 1560 1824 δὲ
1603 1773 1697 1824 τοῦ
1746 1775 1921 1842 icqu-

2037 594 2307 647 miraeula
2344 606 2607 664 operatus
2635 607 2740 659 est,
2767 610 2818 651 et
2839 600 2963 664 quia
2999 601 3251 668 apparuit
3290 600 3482 663 Israel,
3509 602 3614 654 hoc

2036 697 2140 749 ρει,
2177 687 2503 756 ροιτίαητιιτιξ
2555 688 2747 743 Jarob.
2798 691 2892 743 Est
2913 691 3057 744 enim
3107 691 3248 744 idem
3304 691 3469 754 Deus,
3505 693 3598 760 qui

2036 777 2151 831 haec
2191 777 2372 830 omnia
2409 787 2692 847 operatur,
2721 789 2775 834 et
2809 795 2920 834 non
2944 791 3027 836 est
3065 783 3207 836 alius
3236 781 3380 834 Deus
3414 791 3612 850 prmter

2035 884 2182 924 Clllll.

2107 955 2271 1011 Vens.
2317 957 2402 1011 l0.
2452 956 2694 1011 Pluviam
2721 957 3402 1030 voluntariamsegregabis,
3443 963 3605 1024 Deus,

2034 1048 2335 1102 krrreditali
2362 1059 2486 1101 (me.
2521 1048 2623 1101 Per
2655 1048 3028 1103 litercditatem
3070 1049 3187 1110 Dei,
3223 1060 3416 1119 gentes
3451 1052 3612 1105 intel«

2036 1135 2170 1204 ligit,
2195 1137 2351 1202 juxta
2387 1135 2519 1189 illud
2559 1155 2571 1190 :
2603 1134 2828 1190 I’ostula
2865 1155 2895 1190 a
2925 1155 3026 1202 me,
3057 1147 3106 1190 et
3138 1137 3275 1192 dabo
3312 1139 3405 1191 tibi
3437 1151 3611 1208 gemes

2035 1227 2400 1280 Iurreditatem
2444 1238 2589 1280 tuam
2613 1210 2718 1283 ἠε
2756 1231 2858 1282 Per
2901 1229 3138 1298 pluviam
3173 1244 3305 1283 vero
3331 1229 3612 1297 evangeli-

2033 1336 2156 1373 cum
2191 1335 2524 1383 sermonem,
2568 1336 2678 1388 quo
2709 1321 2965 1374 duriores
3004 1320 3308 1388 irrigantur
3374 1335 3436 1372 ac
3468 1325 3614 1372 mol-

2035 1411 2242 1464 liuntur
2279 1410 2519 1464 anima):
2556 1426 2720 1478 quam
2760 1410 3039 1479 Evangelii
3075 1410 3338 1477 pluviam,
3370 1411 3611 1479 appellat

2032 1497 2424 1559 voluntariam,
2454 1511 2519 1550 eo
2573 1498 2715 1565 quo-.l
2756 1497 2994 1550 Mosaica
3056 1498 3142 1549 lex
3186 1512 3294 1549 non
3330 1496 3458 1549 data
3493 1505 3614 1550 erat

2031 1603 2096 1644 ex
2127 1604 2274 1642 mera
2309 1586 2397 1642 Dei
2436 1588 2742 1650 voluntate,
2765 1587 2858 1640 sed
2885 1590 3066 1656 potius
3089 1604 3154 1641 ex
3173 1588 3610 1660 dispensatione.

2030 1678 2218 1748 Neque
2249 1679 2391 1732 enim
2444 1680 2690 1746 optabat,
2717 1679 3041 1733 autvolebat
3096 1680 3239 1734 Deus
3294 1679 3595 1744 sacriﬁcia,

2035 1781 2122 1824 aut
2151 1771 2289 1823 alias
2322 1769 2593 1832 eiusmodi
2643 1771 2826 1823 varias
2874 1770 3314 1834 observationes,
3346 1787 3469 1840 qua:
3508 1771 3608 1823 ha-

252 1880 487 1932 γματος
524 1863 736 1929 λόγος
762 1863 887 1914 κατ’
917 1862 1165 1914 εὐδοκίαν
1195 1863 1310 1914 ἐστὶ
1342 1861 1478 1914 Θεοῦ
1503 1881 1514 1892 ·
1539 1863 1570 1933 ἢ
1607 1864 1687 1916 ὅτι
1709 1865 1921 1926 ἐκεῖνος

2029 1863 2222 1916 bentur
2249 1860 2300 1912 in
2321 1861 2433 1929 lege
2461 1878 2474 1912 :
2498 1859 2627 1925 Quis
2652 1860 2812 1921 enim,
2840 1861 3034 1929 inquit,
3071 1860 3180 1915 Iiazc
3197 1829 3477 1929 exquisivit
3502 1865 3527 1916 7
3547 1861 3613 1916 Et

253 1957 355 2025 μὲν
380 1955 490 2008 καὶ
547 1955 838 2013 ἄκοντας
875 1953 1119 2016 ἐκείνους
1153 1952 1465 2022 ἠνάγκαζεν
1500 1953 1789 2022 φυλάττειν
1827 1953 1927 2017 τὰς

250 2049 499 2111 ἐντολάς
528 2062 552 2078 ⁸
632 2045 980 2106 λιθοϐολῶν,
1035 2046 1226 2111 καίων,
1285 2046 1381 2098 καὶ
1410 2045 1624 2114 πικρῶς
1654 2043 1923 2116 ἀναιρῶν·

252 2133 416 2202 οὗτος
498 2139 612 2202 δὲ,
669 2138 887 2190 οὐδένα
937 2137 1206 2208 βιάζεται,
1264 2137 1404 2191 ἀλλὰ
1451 2138 1694 2191 Θέλουσιν
1745 2139 1926 2201 αὐτοῖς

255 2228 736 2297 προσφέρεται.

256 2317 381 2387 quia
407 2319 505 2374 lex
555 2320 771 2373 etiam
815 2316 1020 2372 invitos
1040 2317 1266 2386 iubebat
1306 2319 1476 2388 legem
1507 2335 1756 2386 servare,
1786 2320 2032 2388 alioquin
2068 2321 2366 2390 lapidabat,
2395 2321 2662 2385 ctedrbat,
2697 2322 2951 2375 incendio
2979 2324 3260 2391 perdebat,

2024 1968 2216 2006 rursus
2247 1951 2374 2003 alibi
2403 1949 2669 2004 Dominus
2695 1969 2708 2006 :
2748 1952 3102 2004 Adduritiam
3146 1965 3369 2006 vestram
3395 1952 3606 2021 Moyses

2023 2046 2134 2099 ha'c
2149 2044 2360 2111 scripsit
2393 2042 2477 2113 (ab
2499 2044 2651 2095 initio
2678 2054 2852 2096 autem
2885 2062 2990 2097 non
3035 2054 3148 2098 erat
3176 2048 3252 2098 sic
3281 2045 3371 2115 M’).
3435 2045 3616 2098 Erant--

2025 2136 2211 2207 gelicae
2241 2145 2423 2188 autem
2461 2134 2864 2204 p.uedicationis
2899 2151 3084 2191 sermo
3123 2137 3323 2191 divina:
3380 2152 3611 2206 prorsus

2027 2227 2285 2296 congruit
2327 2226 2623 2281 voluntati.
2662 2228 2755 2282 Vel
2810 2229 3182 2282 voluntariam
3215 2231 3335 2284 ideo
3355 2229 3612 2298 appellat,

3336 2332 3390 2375 (ιι
3425 2323 3616 2376 salvis-

265 2409 392 2467 sime
430 2409 749 2479 denique
799 2409 1111 2462 oet-idebat.
1146 2411 1471 2469 Praedicatio
1515 2421 1698 2464 autem
1761 2412 2078 2481 evangelica
2124 2413 2397 2467 neminem
2445 2414 2612 2482 cogit,
2645 2413 2741 2468 sed
2773 2414 3082 2467 volentibus
3124 2425 3332 2467 tantum
3363 2413 3611 2468 oﬁ'ertur.

328 2510 439 2563 Kal
469 2505 883 2576 ἠσθένησε,
903 2505 986 2560 σὺ
1016 2506 1083 2560 δὲ
1114 2509 1454 2577 κατηρτίσω
1487 2509 1703 2578 αὐτήν.
1723 2510 1924 2564 ἮσΟέ-

258 2618 382 2672 mea
417 2602 636 2654 πάλιν
676 2598 1057 2667 συντριϐεῖσα
1088 2600 1366 2670 τυραννίδι
1409 2602 1520 2654 τῶν
1554 2603 1811 2657 εἰδώλων.
1851 2605 1922 2658 Σὺ

254 2693 309 2748 δὲ
363 2694 614 2766 ἀρτίαν
655 2688 856 2759 αὐτὴν
903 2689 1192 2759 ἐποίησας,
1229 2693 1588 2756 ἀνακαινίσας
1635 2695 1806 2764 αὐτὴν
1837 2695 1925 2748 διὰ

253 2786 352 2854 τῆς
385 2779 904 2851 παλιγγενεσίας
927 2780 1023 2833 τοῦ
1065 2781 1468 2850 βαπτίσματος,
1491 2784 1584 2836 καὶ
1615 2783 1922 2848 στερεὼσας

248 2879 342 2931 ἐπὶ
377 2878 495 2948 τὴν
541 2876 852 2930 ἄσειστον
883 2870 1090 2940 πέτραν
1112 2871 1222 2925 τῶν
1245 2871 1474 2925 ἐντολῶν
1508 2889 1624 2926 σου.

323 3057 412 3113 Τὰ
455 3053 606 3117 ζ’ῶὰ
649 3066 793 3105 σου
821 3049 1214 3104 κατοικοῦσιν
1237 3049 1308 3104 ἐν
1339 3050 1515 3120 αὐτῇ.
1558 3051 1625 3104 Οἱ
1651 3055 1800 3122 παρὰ
1830 3053 1925 3104 σοῦ

244 3144 723 3218 πνευματικῶς
790 3141 1126 3210 τρεφόμενοι
1177 3143 1272 3195 καὶ
1325 3144 1528 3205 ζῶντες
1579 3144 1682 3213 τὴν
1728 3148 1787 3196 ὲν
1843 3144 1928 3196 σοὶ

247 3241 431 3314 ζωήν.
480 3239 574 3293 Ἠ
642 3235 786 3300 ζῶα.
839 3233 935 3285 τοῦ
990 3235 1232 3304 Χριστοῦ
1287 3237 1336 3288 οἱ
1387 3236 1703 3302 ἀπόστολοι,
1766 3234 1859 3298 οὓς
1899 3238 1926 3287 6

2095 2506 2164 2562 Et
2197 2509 2474 2574 inﬁrmata
2497 2519 2595 2574 est,
2633 2520 2689 2562 tu
2719 2526 2836 2563 vero
2867 2510 3136 2578 perfecisti
3172 2527 3309 2562 eam.
3336 2508 3611 2563 Inﬁrmata

2024 2609 2136 2664 est,
2172 2609 2224 2654 et
2259 2599 2563 2666 debilitata,
2593 2615 2657 2656 ac
2687 2601 2780 2655 diu
2810 2616 3074 2670 oppressa
3105 2601 3374 2654 idolorum
3427 2608 3616 2668 tyran-

2022 2689 2171 2744 nide.
2197 2689 2278 2743 Tu
2311 2705 2440 2744 vero
2464 2705 2654 2744 sanam
2685 2706 2829 2752 eam,
2854 2699 2908 2743 et
2939 2689 3233 2759 perfectam
3303 2689 3611 2742 reddidisti.

2023 2795 2121 2849 per
2160 2781 2414 2850 baptismi
2457 2782 2958 2850 regenerationem.
3019 2796 3292 2835 renovans
3345 2779 3607 2833 nimirum

2024 2889 2168 2935 eam,
2192 2881 2427 2942 etsuper
2454 2873 2684 2926 solidam
2722 2872 3106 2926 mandatorum
3143 2881 3363 2924 tuorum
3402 2884 3610 2940 petram

2025 2963 2332 3020 stabiliens.

2104 3053 2278 3108 Vens.
2318 3055 2407 3109 ll.
2435 3054 2709 3108 Animalia
2743 3064 2833 3110 tua
2853 3055 3167 3109 habitabant
3193 3056 3245 3108 in
3268 3071 3350 3108 ea.
3383 3053 3418 3106 li
3449 3054 3616 3108 nimi-o

2029 3163 2150 3200 rum
2183 3146 2276 3215 qui
2319 3161 2349 3200 a
2387 3156 2436 3200 te
2468 3147 2742 3216 spirituali
2774 3148 2898 3201 cibo
2955 3148 3200 3211 aluntur,
3239 3146 3443 3215 quique
3487 3145 3612 3197 ani-

2031 3255 2200 3302 mam,
2271 3239 2376 3291 hoc
2430 3249 2534 3301 est,
2601 3239 2763 3290 vitam
2833 3239 3037 3292 habent
3079 3237 3133 3289 in
3194 3245 3266 3290 te.
3336 3235 3455 3296 Vel,
3514 3250 3612 3300 per

257 3333 643 3402 ’Δὸὁακοὺμ
721 3328 966 3392 ἵππους
1001 3325 1316 3396 ιῖονόμιίισεν⁹
1355 3329 1778 3393 Ἐπεϐίϐασας,
1829 3329 1887 3379 λέ

2029 3329 2284 3382 animalia
2309 3327 2512 3383 Christi
2543 3329 2824 3396 apostolos
2846 3327 3108 3394 intellige,
3176 3341 3316 3396 quos
3356 3324 3614 3377 llabaeuc

245 3443 390 3496 γων,
433 3427 543 3491 εις
599 3419 971 3477 θάλασσαν
1017 3417 1160 3483 τοὺς
1185 3420 1413 3485 ἵππους
1454 3436 1607 3474 σου·
1645 3421 1924 3475 θάλασσαν

245 3522 515 3582 καλέσας
557 3515 689 3586 τὴν
727 3509 949 3579 πικρὰν
986 3510 1262 3564 ἀπιστίαν.

330 3700 784 3770 Ἦτοίμιισας
818 3690 890 3744 ἐν
913 3688 988 3758 τῇ
1016 3692 1386 3760 χρηστότητί
1423 3708 1540 3747 σου
1574 3693 1652 3758 τῷ
1687 3695 1921 3762 πτωχῷ,

247 3800 281 3851 ὁ
314 3795 513 3860 θεός.
586 3784 855 3853 Πτωχὸς
905 3784 931 3835 6
980 3782 1088 3836 τῶν
1142 3783 1312 3837 ὲθ-νῶν
1365 3785 1514 3849 λαὸς,
1575 3787 1650 3849 ὡς
1721 3788 1926 3856 μηδένα

248 3886 517 3940 πλοῦτον
555 3871 986 3946 πνευματικὸν
1030 3873 1344 3944 δεξάμενος.
1381 3877 1456 3928 Οὐ
1499 3877 1610 3947 γὰρ
1642 3879 1807 3949 νόμον
1847 3875 1924 3932 εί-

248 3998 374 4050 χεν,
399 3979 475 4031 οὐ
512 3964 915 4044 προφητείας
936 3981 950 3996 ο
986 3965 1100 4017 ἀλλ’
1133 3968 1160 4018 ό
1192 3965 1324 4029 Θεὸς
1355 3967 1424 4020 δι’
1450 3970 1660 4021 οἰκείαν
1691 3971 1926 4040 χρηστό-

245 4091 428 4144 τητα,
472 4068 836 4140 ἡτοίμασεν
864 4057 1014 4128 αὐτῴ
1049 4059 1282 4112 πλοῦτον
1311 4059 1494 4126 ἄλλον,
1530 4062 1626 4133 τὴν
1659 4063 1925 4133 δηλωθεῑ-

251 4180 359 4218 σαν
404 4160 708 4216 ἑκούσιον
758 4152 996 4222 βροχήν.

325 4260 584 4324 Κύριος
612 4248 829 4304 δώσει
850 4243 1040 4312 ῥῆμα,
1090 4243 1213 4308 τοῖς
1238 4244 1789 4315 εὐαγγελιζομένοις
1817 4247 1924 4301 δυ-

245 4349 441 4419 νάμει
477 4338 754 4407 πολλῆ.
786 4335 968 4388 Τοῦτο
996 4330 1118 4387 εἷπε
1153 4335 1284 4404 περὶ
1328 4336 1434 4387 τῶν
1468 4337 1783 4389 ἀποστόλων
1807 4354 1817 4366 .
1844 4333 1925 4400 οἷς

249 4442 500 4497 ἁλιεῦσι
549 4436 662 4490 καὶ
707 4428 965 4490 ἰδιώταις
991 4427 1169 4491 οὖσιν,
1195 4433 1221 4482 6
1242 4429 1377 4490 Θεὸς
1401 4430 1741 4499 ἐχορήγησεν
1765 4431 1924 4498 λόγον

256 4538 511 4608 σοφίας.
544 4524 848 4594 Δυνάμει
876 4522 932 4574 δὲ
969 4521 1172 4588 πολλῇ
1205 4519 1382 4585 εἶπεν,
1405 4523 1488 4576 ὅτι
1517 4525 1631 4585 τοῖς
1678 4525 1923 4594 ῥήμασιν

250 4629 485 4692 αὐτῶν,
559 4616 912 4689 παρείπετο
953 4612 1072 4668 θεία
1129 4614 1364 4684 δύναμις
1426 4614 1927 4686 Θαυματουργοῦσα

251 4722 360 4774 ὅσα
393 4717 514 4771 καὶ
556 4710 904 4781 βούλοιντο.

342 4816 417 4868 '0
469 4799 838 4876 βασιλεὺς
880 4796 1000 4851 τῶν
1042 4797 1357 4865 δυνάμεων
1431 4798 1538 4851 τοῦ
1589 4797 1924 4866 ἀγαπητοῦ.

264 4899 644 4972 Ἀγαπητὸν
683 4893 849 4960 λέγει
892 4890 983 4942 τὸν
1014 4890 1279 4959 μονογενῆ
1309 4887 1439 4943 Υίὸν
1471 4891 1566 4942 καὶ
1599 4889 1754 4942 Θεόν.
1787 4892 1928 4960 Φησὶ

251 4999 399 5066 γὰρ,
478 4994 585 5046 ὅτι
653 4977 872 5044 Οὗτός
899 4980 1070 5032 ἐστιν
1117 4982 1150 5032 ὀ
1198 4981 1331 5044 Υἱός
1357 4997 1478 5048 μου
1507 4983 1540 5033 ό
1571 4979 1882 5048 ἀγαπητός
1911 4997 1925 5012 .

251 5090 569 5159 δυνάμεις
611 5078 683 5133 δὲ
711 5070 898 5128 αὑτοῦ
932 5072 1058 5135 τοὺς
1091 5071 1449 5135 ἀποστόλους,
1482 5071 1560 5135 ὡς
1589 5071 1930 5142 στρατιώτας

254 5180 479 5243 αὐτοῦ,
523 5169 702 5228 κατὰ
738 5164 859 5218 τῶν
901 5163 1378 5234 ἀντιτεταγμένων
1412 5163 1698 5233 δυνάμεων
1745 5179 1930 5232 παρα-

256 5268 710 5341 τεταγμένους
734 5273 752 5288 ⁹
789 5250 868 5310 ὧν
900 5257 1018 5308 ἐστι
1049 5255 1305 5326 βασιλεὺς
1335 5257 1364 5308 6
1396 5255 1606 5327 Πατὴρ,
1675 5254 1932 5326 βασιλεύ-

260 5388 374 5435 σας
407 5361 642 5424 αὐτῶν
683 5352 784 5408 διὰ
812 5351 912 5422 τῆς
941 5349 1035 5403 τοῦ
1064 5348 1202 5402 Υἱοῦ
1246 5347 1505 5418 σπουδῆς.

351 5641 446 5711 Τῇ
478 5631 838 5706 ὡραιότητι
868 5625 975 5680 τοῦ
999 5624 1168 5679 οἴκου
1197 5637 1315 5678 σου
1365 5621 1674 5678 διελέσθαι
1707 5623 1933 5678 σκῦλα.

356 5821 410 5856 δε
453 5814 628 5874 I'sal.
693 5807 848 5872 11,8.
934 5803 976 5835 “
1018 5803 1205 5859 Matth.
1270 5819 1378 5869 xix,
1437 5802 1487 5857 8.

2028 3437 2204 3489 equos
2261 3421 2557 3490 appellavit
2602 3438 2615 3472 :
2665 3420 2966 3484 Induxisti,
3016 3419 3296 3489 inquiens,
3354 3419 3409 3471 in
3464 3435 3612 3471 mare

2027 3531 2186 3584 equos
2209 3525 2349 3576 tuos,
2378 3529 2527 3568 mare
2546 3513 2849 3582 appellans,
2879 3528 3122 3566 amaram
3144 3513 3610 3581 (salsuginosam-

2029 3624 2157 3676 que.
2203 3621 2267 3660 ac
2302 3606 2549 3660 sterilem
2574 3606 2705 3658 olim
2741 3604 3016 3675 gentium)
3056 3604 3438 3657 inﬁdelitatem

2104 3699 2322 3753 Parasti
2349 3700 2403 3752 in
2437 3699 2667 3752 bonitate
2704 3709 2796 3750 tua
2840 3698 3086 3766 pauperi,
3118 3695 3281 3750 Deus.
3323 3695 3423 3748 Per
3468 3709 3613 3762 pau—

2030 3808 2236 3864 perem,
2264 3793 2519 3864 gentiletn
2550 3793 2809 3862 populum
2848 3791 3125 3861 intelligit,
3157 3791 3248 3859 qui
3279 3789 3454 3842 nullas
3484 3787 3611 3841 olim

2031 3884 2354 3953 Spirituales
2383 3883 2608 3937 divitias
2668 3892 2978 3952 acceperat.
3014 3882 3203 3950 Neque
3256 3882 3401 3933 enim
3437 3880 3612 3948 legem

2031 3976 2287 4039 habebat,
2319 3982 2414 4029 aut
2439 3974 2758 4043 prophetas,
2802 3975 2897 4027 sed
2924 3989 3035 4042 prie
3067 3987 3283 4026 summa
3320 3968 3416 4023 Dei
3452 3969 3614 4022 beni-

2030 4068 2258 4136 gnitate,
2314 4067 2433 4120 alia!
2483 4067 2565 4120 eis
2624 4075 2828 4133 paratae
2885 4065 3110 4117 I'uerunt
3163 4062 3368 4115 divitia:
3446 4077 3460 4113 :
3522 4061 3614 4113 illa

2032 4159 2287 4212 nimirum
2324 4157 2505 4224 pluvia
2536 4157 2871 4207 voluntaria.

2100 4245 2270 4300 Vsus.
2294 4249 2382 4299 12.
2415 4246 2672 4297 Dominus
2701 4245 2850 4295 dabit
2885 4243 3094 4296 verbum
3119 4240 3611 4310 cvangelizautibus

2028 4339 2221 4393 virtute
2258 4337 2447 4392 multa.
2496 4335 2610 4388 lloc
2661 4336 2725 4387 ad
2766 4335 3043 4402 apostolos
3076 4334 3334 4402 pertinet,
3370 4334 3598 4402 quibus.

2028 4445 2150 4482 cum
2188 4428 2494 4498 piscatores
2527 4433 2734 4488 essent,
2763 4436 2928 4494 atque
2967 4424 3172 4486 idiotie,
3209 4425 3607 4479 subministra-

2029 4521 2109 4576 vit
2141 4519 2283 4575 Deus
2315 4519 2602 4588 sapientiae
2629 4519 2856 4571 verbum
2905 4534 2918 4570 :
2953 4527 3118 4586 atque
3160 4516 3264 4568 hoc
3295 4523 3449 4568 tanta
3483 4532 3610 4570 cum

2030 4613 2257 4673 virtute,
2296 4620 2355 4664 ut
2399 4610 2568 4664 multa
2610 4610 2802 4676 etiam,
2845 4617 3010 4679 atque
3045 4607 3391 4662 admirabilia
3418 4622 3612 4678 opera-

1961 4693 2005 4747 Ῑ)
2035 4714 2226 4758 rentur
2255 4702 2548 4757 miracula.

2099 4795 2267 4849 Vens.
2298 4795 2383 4848 15.
2417 4793 2530 4846 Rex
2553 4794 2807 4845 virtutum
2841 4791 3044 4845 dilecti.
3075 4791 3350 4846 Dilectum
3380 4793 3618 4860 appellnt

2028 4888 2368 4954 unigenitum
2402 4883 2604 4938 Filium
2633 4883 2827 4946 Deum,
2867 4883 2936 4938 de
2966 4898 3076 4952 quo
3111 4884 3317 4939 dictum
3367 4882 3606 4953 legimus

2029 4994 2058 5030 a
2095 4977 2255 5030 Patre
2291 4994 2304 5028 :
2338 4973 2444 5028 Hic
2476 4984 2554 5028 est
2592 4973 2767 5028 Filius
2799 4991 2944 5029 meus
2981 4975 3208 5030 dilectus
3237 4974 3304 5030 “.
3345 4972 3450 5029 Per
3489 4976 3599 5028 vir-

2028 5079 2166 5124 tutes
2204 5083 2332 5123 vero
2366 5067 2573 5130 dilecti,
2609 5068 2763 5138 ipsos
2804 5070 3087 5138 apostolos
3130 5067 3392 5137 intellige,
3441 5067 3611 5121 veluti

2025 5163 2178 5217 illius
2217 5161 2447 5216 milites.
2508 5159 2619 5214 Eos
2658 5159 2864 5216 etenim
2909 5169 2970 5214 ut
3019 5159 3224 5213 milites
3259 5166 3605 5223 susceperat,

2030 5262 2090 5309 ut
2115 5268 2328 5308 summa
2355 5252 2407 5306 vi
2453 5266 2517 5306 ac
2558 5253 2802 5321 potentia
2863 5251 3129 5306 adversus
3156 5252 3464 5303 daemonum
3504 5249 3607 5300 iiii-

2035 5356 2222 5414 pctum
2283 5345 2628 5399 resisterent.
2679 5342 2885 5397 liarum
2931 5350 3112 5395 autem
3167 5338 3433 5392 virtutum
3494 5338 3612 5407 ipse

2033 5439 2176 5493 Deus
2208 5436 2388 5501 Pater,
2424 5436 2538 5492 Rex
2568 5435 2770 5490 dicitur
2807 5448 2954 5500 esse,
2984 5444 3156 5502 regno
3185 5429 3296 5484 hoc
3341 5426 3607 5483 nimirum

2035 5529 2138 5584 sihi
2170 5543 2265 5598 per
2284 5527 2482 5581 Filium
2523 5534 2738 5596 parato.

2107 5622 2308 5694 Speciei
2332 5623 2522 5680 domus
2551 5619 2789 5677 dividere
2821 5619 3022 5689 spolia.
3061 5617 3246 5682 Dabit.
3300 5611 3502 5685 inquit,
3531 5610 3612 5667 eis

1571 5801 1616 5834 "
1647 5801 1838 5859 Matth.
1897 5816 1973 5868 ιιι,
2011 5802 2097 5856 17.
