4064 6422
457 344 563 409 667

1649 344 2040 405 EUTHYMIl
2079 346 2449 407 ZlGABENI

3615 346 3723 409 oss
3808 300 3809 303 γ

462 453 608 510 Deus
650 452 905 521 verbum,
933 460 995 507 ut
1045 451 1399 509 inimicorum
1448 453 1679 509 exuvias
1724 453 1975 510 dividant
2012 493 2030 519 ,

2146 457 2314 509 Δώσει
2362 458 2551 521 αὐτοῖς
2595 455 2773 526 ῥῆμα,
2810 456 2893 518 εἰς
2922 454 2984 508 τὸ
3021 452 3451 525 διαμερίσαιεοαι
3504 452 3722 525 λάφυρα

457 545 609 614 ipsas
669 546 923 600 nimirum
966 553 1178 615 gentes.
1228 543 1465 600 Devictis
1511 544 1658 599 enim
1696 544 2040 601 daemonibus

2146 545 2246 598 τῶν
2270 546 2506 617 ἐχθρῶν,
2538 546 2575 601 ἃ
2605 546 2714 599 εἰσὶ
2756 545 2826 599 τὰ
2876 545 3009 614 ἔθνη
3034 561 3049 575 ο
3082 547 3413 615 νικήσαντες
3454 545 3566 615 γὰρ
3594 547 3723 607 τοὺς

459 638 848 706 exspoliarunt
880 651 977 692 eos
1016 635 1276 705 apostoli,
1314 643 1369 689 et
1396 635 1466 689 ab
1497 634 1608 691 illis
1658 634 1909 690 homines
1941 650 2039 692 eos

460 727 831 794 abstulerunt,
876 729 970 799 qui
1027 728 1136 785 illis
1182 736 1345 783 antea
1404 728 1801 783 inserviebam.
1856 726 2038 792 Dabit,

459 820 612 886 dico,
648 820 790 878 Deus
821 822 1090 893 apostolis
1120 823 1373 887 verbum,
1418 831 1477 877 ut
1526 821 1877 875 inimicorum
1915 836 2040 886 spo-

460 910 532 965 lia
577 912 845 981 dividant,
877 914 1300 973 formosissima:
1346 928 1413 968 ac
1448 911 1873 983 speciosissima:
1904 910 2040 964 ﬁde-

460 1000 593 1056 lium
649 1002 956 1063 Ecclesiae:
1012 1008 1069 1064 in
1115 1022 1249 1080 qua,
1300 1006 1469 1061 veluti
1540 1004 1595 1060 in
1641 1001 2035 1057 decentissima

460 1091 627 1149 domo
685 1094 945 1155 Christus
997 1097 1260 1155 Dominus
1307 1098 1540 1161 habitat,
1575 1092 2038 1165 quemadmodum

2139 634 2428 706 δαίμονας,
2461 636 2998 706 ὲλαςςυραγώγησαν,
3028 636 3358 705 ἀφελόμενοι
3380 635 3508 699 τοὺς
3539 635 3724 689 δεδου-

2139 725 2419 796 λωμένους
2467 728 2651 789 αὐτοῖς
2671 744 2685 757 ο
2717 727 2988 781 διελέσθαι
3019 728 3076 781 δὲ
3105 726 3249 780 αὐτὰ
3292 730 3358 798 τῇ
3410 728 3726 799 ὡραιοτάτη

2150 813 2455 887 Ἐκκλησία
2485 817 2595 869 τῶν
2626 816 2857 880 πιστῶν,
2959 819 3160 870 ἐνοικεῖ
3183 820 3212 871 6
3246 816 3403 880 Θεός.
3459 817 3571 871 Καὶ
3599 817 3729 886 μέν·

2138 923 2221 959 τοι
2255 905 2537 969 διείλοντο,
2566 908 2593 959 ὁ
2627 908 2726 976 μὲν
2767 907 2889 961 τόδε
2920 908 2980 960 τὸ
3020 908 3197 970 ἔθνος,
3241 909 3269 962 6
3298 907 3355 960 δὲ
3383 906 3503 960 τόδε
3551 923 3728 978 προσ-

2145 994 2395 1063 αγαγών.
2457 996 2557 1065 Εἴη
2603 998 2649 1051 δ’
2682 999 2750 1053 ἂν
2796 999 3073 1071 ώραιότης
3121 1001 3222 1071 τῆς
3261 999 3619 1072 Ἐκκλησίας,
3667 999 3730 1053 τὸ

2153 1087 2508 1156 Εὐαγγέλιον,
2544 1089 2613 1143 δι’
2643 1085 2705 1145 οῦ
2732 1091 2957 1157 τούτους
2982 1093 3266 1149 διείλοντο.

461 1192 517 1239 et
548 1201 653 1242 nos
705 1187 882 1244 divisa
933 1205 998 1245 ea
1052 1206 1175 1246 esse
1219 1190 1611 1259 conspicimus.
1644 1182 2032 1253 Apostolorum
2073 1179 2217 1232 enim
2244 1180 2380 1234 alter
2410 1184 2627 1250 gentem
2663 1182 2834 1246 illam,
2867 1192 2923 1238 et
2948 1184 3090 1239 alter
3150 1187 3377 1239 alteram
3438 1184 3506 1239 ad
3565 1184 3726 1239 ﬁdem

462 1278 715 1337 adduxit.
776 1284 1084 1339 Possumus
1138 1283 1304 1338 etiam
1357 1296 1454 1350 per
1511 1277 1752 1349 speciem
1806 1274 2028 1329 domus.
2072 1267 2352 1340 Evangelii
2402 1273 2871 1342 pulchritudinem
2921 1275 3259 1346 intelligere,
3344 1290 3456 1345 quo
3544 1277 3724 1340 veluti

463 1374 723 1444 quopiam
758 1376 1123 1433 instrumento
1159 1374 1392 1445 apostoli
1452 1374 1567 1427 hace
1618 1370 1794 1442 spolia
1834 1366 2147 1421 diviserunt
2172 1364 2389 1432 (verum
2433 1374 2564 1422 tunc
2632 1384 2743 1423 non
2808 1367 3015 1439 speciei
3068 1366 3362 1439 legendum
3447 1375 3558 1435 est,
3632 1372 3728 1426 sed

463 1473 664 1539 specie.
701 1470 946 1541 Utraque
977 1471 1125 1526 enim
1187 1471 1350 1525 lectio
1378 1469 1587 1525 Griecis
1640 1475 1823 1537 pOtest
1859 1457 2045 1516 verbis
2074 1460 2534 1532 accommodari).

537 1585 703 1642 Vens.
736 1588 824 1643 u.
860 1586 923 1643 Si
952 1587 1232 1642 dormiatis
1264 1589 1405 1641 inter
1430 1585 1629 1640 medios
1672 1584 1861 1637 cteros.
1900 1579 2041 1633 Dor-

464 1676 606 1730 mire
660 1676 713 1732 in
772 1680 1030 1747 presenti
1067 1679 1188 1733 loco
1250 1678 1431 1746 posuit
1482 1692 1582 1747 pro
1633 1677 1792 1729 mori.
1845 1672 2041 1726 Sermo

2235 1581 2373 1634 Ἐὰν
2409 1583 2736 1652 κοιμηθῆτε
2762 1584 2881 1639 ἀνὰ
2902 1584 3101 1653 μέσον
3127 1583 3249 1638 τῶν
3278 1584 3540 1654 πληρῶν.
3595 1587 3731 1640 Κοι-

2154 1672 2399 1743 μηθῆναι
2420 1676 2513 1729 ἐπὶ
2543 1675 2641 1730 τοῦ
2670 1677 2940 1747 παρόντος
2973 1676 3166 1747 ῥητοῦ,
3196 1676 3257 1730 τὸ
3282 1676 3579 1731 ἀποθανεῖν
3605 1680 3731 1748 νοή-

461 1767 609 1820 enim
639 1767 925 1837 Propheta:
954 1777 1040 1823 est
1083 1770 1149 1823 ad
1195 1770 1496 1838 apostolos,
1522 1766 1797 1822 dicentis:
1831 1765 1909 1817 lta
1940 1763 2036 1816 de-

2152 1782 2341 1836 σομεν.
2396 1769 2536 1838 Φησὶ
2586 1768 2697 1839 γὰρ
2748 1769 2886 1838 πρὸς
2911 1769 3110 1832 αὐτοὺς
3156 1770 3184 1821 6
3233 1769 3554 1840 Προφήτης,
3616 1770 3727 1837 ὅτι,

463 1873 614 1913 mum
650 1861 996 1918 adducentur
1033 1862 1189 1918 vobis
1249 1862 1365 1916 haec
1409 1861 1608 1931 spolia.
1646 1860 1692 1915 si
1733 1856 2043 1912 moriemini

468 1950 616 2005 inter
643 1953 854 2008 medios
885 1953 1087 2019 cleros,
1121 1954 1227 2008 hoc
1260 1962 1367 2016 est,
1408 1953 1553 2006 inter
1582 1952 1791 2006 medias
1824 1957 2041 2018 gentes,

464 2057 588 2111 quae
646 2044 698 2096 in
749 2044 983 2108 clerum,
1037 2045 1142 2098 hoc
1192 2052 1299 2109 est,
1342 2045 1397 2097 in
1445 2052 1651 2097 sortem
1701 2040 1853 2094 vobis
1902 2039 2045 2093 datae

466 2144 616 2189 sunt.
653 2136 718 2190 Et
749 2152 886 2191 sane
916 2138 1135 2200 quidem
1165 2137 1532 2207 prastlicantes
1556 2136 1727 2191 occisi
1762 2142 1913 2189 sunt.
1946 2131 2041 2187 Vel

465 2229 647 2292 aliter,
700 2228 755 2283 Si
787 2229 1143 2295 dormieritis,
1177 2229 1279 2286 hoc
1310 2244 1417 2293 εει,
1455 2238 1500 2283 st
1550 2228 1825 2282 immorati
1859 2227 2036 2281 fueri-

466 2319 558 2374 tis.
619 2318 948 2377 lmmoratur
1008 2321 1153 2376 enim
1215 2332 1271 2377 et
1323 2321 1530 2377 diutius
1581 2329 1889 2391 permanet,
1946 2318 2044 2390 qui

464 2404 688 2461 dormit.

538 2498 653 2553 Alae
698 2500 956 2555 columba:
1018 2504 1403 2573 deargentatw,
1452 2513 1501 2556 et
1550 2502 1847 2571 posteriora
1895 2500 2047 2555 dorsi

464 2592 580 2657 ejus
609 2593 663 2645 in
695 2592 900 2660 pallore
938 2595 1078 2649 auri.
1112 2594 1437 2649 Columbam
1472 2604 1731 2663 putamus
1759 2594 2043 2650 Christum

464 2698 612 2743 esse.
647 2684 719 2740 ob
746 2685 865 2754 ejus
897 2685 1158 2740 nimirum
1215 2689 1699 2743 mansuetudinem
1735 2704 1798 2743 ac
1825 2689 2047 2758 patien-

467 2777 621 2832 tiam.
647 2775 754 2831 Per
777 2778 941 2847 hujus
972 2785 1155 2833 autem
1186 2780 1453 2834 columba!
1484 2782 1626 2847 alas,
1658 2781 1868 2835 Christi
1919 2796 2044 2835 cor-

464 2884 569 2938 pus
602 2869 908 2941 intelligere
953 2886 1271 2939 possumus,
1329 2874 1500 2929 veluti
1556 2875 1914 2943 exteriorem,
1945 2890 2043 2931 seu

464 2963 642 3032 magis
691 2971 991 3019 extremam
1028 2978 1240 3036 partem
1287 2985 1299 3020 :
1363 2983 1460 3036 per
1509 2968 1815 3038 posteriora
1862 2977 2043 3023 autem

462 3054 613 3111 dorsi
636 3054 782 3128 [qum
804 3056 977 3113 Graeci
1010 3059 1173 3115 unico
1203 3061 1471 3114 vocabulo
1505 3061 1824 3131 μετάφρενα
1855 3060 2045 3116 dicunt

2151 1859 2637 1930 Προσαχοήσονται
2659 1861 2831 1915 ταῦτα
2860 1863 2926 1914 τὰ
2953 1860 3150 1924 σκῦλα,
3171 1862 3268 1914 ἐὰν
3289 1863 3601 1931 ἀποθανῆτε
3623 1864 3729 1917 ἀνὰ

2151 1953 2320 2020 μέσον
2355 1953 2465 2004 τῶν
2502 1954 2750 2024 κλήρων,
2784 1956 2903 2021 ἦτοι
2928 1954 3037 2006 τῶν
3068 1952 3577 2025 κληροδοτηθέντων
3601 1956 3732 2026 ὑμῖν

2148 2042 2340 2097 ἐθνῶν.
2379 2044 2487 2097 Καὶ
2519 2044 2702 2115 μέντοι
2728 2043 3130 2115 κηρύσσοντες,
3159 2043 3611 2114 ἀνῃρέθησαν.“Π
3640 2046 3733 2098 καὶ¹

2146 2135 2348 2199 ἄλλως,
2382 2136 2478 2189 ὲὰν
2528 2137 2854 2209 χρονίσητε·
2897 2135 3141 2208 χρονίζει
3203 2137 3311 2207 γὰρ
3370 2138 3647 2209 ἀκινήτως
3702 2139 3733 2192 6

2146 2228 2515 2298 κοιμώμενος.

2217 2494 2516 2565 Πτέρυγες
2550 2499 2909 2567 περιστερᾶς
2933 2505 3506 2573 περιηργηιρωμέναι,
3539 2504 3734 2559 καὶτὰ

2140 2587 2488 2656 μετάφρενα
2521 2590 2713 2660 αὐτῆς
2760 2592 2832 2646 ἐν
2872 2597 3205 2664 χλωρότητι
3252 2599 3535 2665 χρυσίου,
3570 2600 3736 2667 Περι-

2148 2682 2349 2749 στερὰν
2378 2682 2606 2750 οἰόμεθα
2646 2684 2737 2736 τὸν
2804 2686 3065 2756 Χριστὸν,
3128 2688 3217 2741 διὰ
3249 2689 3312 2742 τὸ
3345 2690 3735 2762 φιλάνθρωπον

2147 2775 2243 2826 καὶ
2281 2774 2633 2842 ἀνεξίκακον,
2688 2770 2750 2831 οῦ
2784 2779 3059 2851 πτέρυγες
3091 2780 3191 2849 μὲν
3231 2781 3319 2852 εἴη
3353 2782 3420 2836 ἂν
3449 2781 3512 2836 τὸ
3545 2783 3729 2854 σῶμα,

2147 2867 2224 2930 ώς
2260 2868 2589 2938 ἀκρότατον,
2631 2869 2950 2939 μετάφρενα
2981 2871 3038 2924 δὲ
3062 2875 3095 2943 ή
3121 2872 3293 2945 ψυχὴ,
3322 2874 3400 2938 ώς
3428 2875 3730 2947 ἐνδότερον.

2146 2957 2312 3025 Λέγει
2343 2958 2423 3023 δὲ,
2464 2959 2548 3011 ὅτι
2579 2957 3073 3030 λελαμπρυσμένον
3104 2964 3203 3033 μὲν
3248 2963 3308 3016 τὸ
3343 2964 3504 3034 σῶμα
3537 2964 3732 3029 αὑτοῦ,

2146 3048 2222 3110 ὡς
2279 3048 2709 3120 ἀναμάρτητον·
2773 3051 3030 3124 λαμπρὸς
3089 3053 3199 3124 γὰρ
3247 3057 3275 3107 6
3317 3056 3597 3129 ἄργυρος·
3670 3058 3732 3110 ἐν

462 3155 519 3201 et
550 3164 650 3204 nos
686 3165 986 3217 possumus
1012 3153 1274 3222 scapulas
1303 3155 1511 3226 dicere]
1559 3158 1799 3209 animam
1829 3154 2039 3210 Christi

2146 3139 2453 3213 χλωρότητι
2504 3143 2562 3195 δὲ
2592 3145 2822 3215 χρυσίου
2853 3146 2885 3217 ή
2927 3145 3077 3218 ψυχὴ
3133 3147 3325 3213 αὐτοῦ,
3360 3147 3437 3210 ὡς
3473 3147 3731 3219 ἡνωμένη

462 3238 737 3311 intelligit,
774 3251 1033 3312 tanquam
1096 3245 1450 3307 interiorem,
1498 3261 1561 3300 ac
1617 3246 1792 3315 magis
1838 3253 2039 3300 tectam

462 3339 696 3399 partem.
754 3332 1130 3403 Splendidam,
1189 3336 1388 3405 inquit.
1464 3346 1630 3407 atque
1682 3339 1905 3409 elegans
1957 3348 2042 3394 est

461 3422 664 3477 Christi
717 3438 941 3494 corpus.
987 3434 1042 3479 et
1078 3428 1291 3495 argenti
1346 3430 1524 3483 instar
1576 3428 1812 3500 refulget
1851 3431 2040 3485 :omni

459 3513 607 3568 enim
662 3523 814 3569 caret
874 3516 1082 3584 peccati
1143 3520 1355 3573 macula
1398 3534 1639 3585 ;verum
1702 3535 1818 3589 ipsa
1874 3523 2041 3576 etiam

463 3605 671 3667 anima,
721 3618 830 3658 non
872 3608 1071 3661 minori
1125 3607 1247 3664 luce
1299 3624 1363 3664 ac
1415 3610 1631 3683 fulgore
1682 3612 2041 3683 splendescit,

463 3709 589 3748 cmn
629 3695 933 3765 purissimo
990 3698 1167 3768 possit
1224 3715 1361 3756 auro
1390 3703 1727 3773 comparari.
1795 3706 1878 3760 Ab
1924 3705 2043 3776 ipsa

464 3786 611 3839 cnim
667 3787 986 3853 divinitate,
1023 3793 1111 3845 cui
1162 3794 1314 3846 unita
1372 3805 1539 3864 atque
1586 3797 1885 3866 conjuncta
1935 3797 2041 3864 est,

465 3878 783 3947 hujusmodi
816 3881 957 3937 lucis
984 3884 1171 3939 radios
1224 3887 1413 3940 sumit.
1450 3884 1723 3942 Pallorem
1758 3903 1891 3946 vero
1924 3890 2043 3945 auri

462 3972 624 4038 dixit,
653 3973 782 4042 quia
817 3976 1024 4045 pallere
1056 3979 1199 4032 solet
1241 3992 1462 4043 aurum,
1500 3980 1645 4049 quod
1674 3982 2041 4051 purissimum

462 4073 569 4120 est.
617 4065 725 4119 Alii
779 4070 1182 4137 praecedentem
1231 4071 1570 4126 versiculum
1615 4073 1747 4129 huic
1804 4075 2044 4145 conjun-

461 4164 671 4223 gentes,
696 4156 772 4210 ita
801 4169 1087 4227 exponunt
1120 4178 1135 4214 :
1182 4161 1239 4215 Si
1270 4161 1500 4216 stabiliti
1537 4162 1754 4220 fueritis
1784 4166 1837 4219 in
1863 4167 2046 4222 medio

463 4245 695 4302 duorum
722 4246 1223 4318 Testamentorum,
1244 4252 1460 4310 Veteris
1487 4256 1768 4321 nitnirum,
1802 4265 1857 4311 et
1885 4254 2043 4312 Novi.

465 4339 693 4395 Stabilis
730 4343 876 4397 enim
908 4358 972 4397 ac
1006 4345 1306 4400 immobilis
1335 4361 1660 4416 permanere
1694 4347 1937 4409 videtur,
1986 4357 2046 4402 ut

462 4432 732 4497 diximus,
787 4433 879 4502 qui
933 4435 1135 4489 dormit
1168 4453 1183 4490 :
1215 4445 1271 4491 et
1322 4445 1503 4493 sortes
1546 4440 1745 4494 merito
1777 4441 2042 4508 appellari

2145 3238 2213 3305 τῇ
2255 3234 2509 3303 Θεότητι.
2546 3235 2619 3289 Τὸ
2655 3236 2869 3308 χλωρὸν
2891 3240 3002 3310 γὰρ
3036 3240 3287 3312 χρυσίον,
3333 3241 3733 3311 καθαρώτατόν

2146 3329 2319 3383 ἐστιν.
2355 3328 2544 3382 Ἀλλοι
2582 3330 2638 3383 δὲ
2669 3330 2731 3383 τὸ
2764 3330 2872 3399 πρὸ
2931 3331 3123 3386 τούτου
3182 3333 3349 3404 ῥητὸν
3383 3334 3461 3403 τῷ
3496 3337 3733 3406 παρόντι

2146 3420 2559 3485 συντάττοντες,
2607 3421 2773 3490 φασίν
2801 3422 2883 3475 ὅτι
2906 3463 2921 3487 ,
2970 3423 3099 3476 Ἐὰν
3128 3424 3473 3496 στερεωθῆτε
3503 3426 3607 3480 ἀνὰ
3638 3426 3737 3492 μέ-

2146 3529 2238 3565 σον
2267 3513 2377 3565 τῶν
2401 3511 2495 3566 δύο
2523 3513 2836 3584 Διαθηκῶν,
2860 3515 2960 3582 τῆς
2979 3533 3038 3568 τε
3063 3517 3311 3582 Παλαιᾶς
3339 3519 3433 3572 καὶ
3453 3520 3551 3589 τῆς
3564 3519 3730 3583 Νέας”

2148 3605 2485 3673 ὲστερέωται
2514 3606 2626 3677 γὰρ
2656 3607 2935 3678 ἀκινήτως
2968 3611 2997 3663 6
3039 3608 3389 3680 κοιμώμενος
3411 3628 3424 3642 ·
3476 3614 3572 3664 καὶ
3600 3613 3734 3665 ἀπο-

2145 3693 2521 3765 κεκλήρωνται
2547 3697 2603 3749 αἱ
2618 3695 2955 3767 Διαθῆκαι,ή
2975 3697 3073 3768 μὲν
3089 3697 3166 3768 τῷ
3190 3698 3356 3753 πάλαι
3378 3698 3492 3769 λαῷ
3511 3699 3615 3771 πρὸ
3638 3702 3733 3755 τοῦ

2149 3784 2416 3854 σταυροῦ,
2453 3786 2485 3857 ἡ
2521 3786 2579 3840 δὲ
2613 3786 2692 3856 τῷ
2721 3788 2827 3859 νέῳ
2859 3788 2999 3857 μετὰ
3021 3788 3113 3842 τὸν
3139 3791 3408 3861 σταυρόνο
3450 3790 3548 3843 ἐὰν
3566 3790 3732 3856 οὕτω,

2150 3878 2307 3949 φησὶ,
2345 3881 2610 3949 ποιήσητε
2644 3880 2778 3951 ('56),
2821 3882 3151 3950 μεσάζοντες
3181 3883 3274 3936 καὶ
3308 3882 3735 3953 συμδιὸἀζοντες

2145 3972 2243 4043 τὴν
2270 3972 2416 4027 Νέαν
2452 3974 2587 4041 πρὸς
2608 3974 2708 4043 τὴν
2737 3974 2987 4027 Παλαιὰν
3005 3992 3019 4004 ⁵
3047 3976 3235 4047 ἐκείνη
3263 3974 3362 4046 μὲν
3397 3975 3506 4048 γὰρ
3538 3975 3734 4040 τύπος,

2148 4064 2291 4136 αὕτη
2345 4066 2404 4119 δὲ
2457 4065 2726 4137 ἀλήθεια⁹
2767 4066 2891 4119 τότε
2939 4069 3040 4137 τῆς
3084 4069 3450 4141 περιστερᾶς,
3483 4068 3603 4140 ήτοι
3638 4067 3735 4122 τοῦ

2149 4158 2307 4227 ἁγίου
2340 4158 2660 4228 Πνεύματος
2688 4158 2744 4213 αἱ
2779 4159 2878 4229 μὲν
2903 4159 3194 4230 πτέρυγες,
3228 4160 3406 4214 εῑτουν
3427 4160 3496 4214 τὰ
3529 4157 3736 4214 ἁπλού-

2150 4250 2456 4320 στερα,καὶ
2489 4251 2769 4321 ἁκρότατα
2801 4253 3071 4323 νοήματα.
3100 4252 3336 4323 λαμπρὰ
3371 4255 3732 4322 φανήσονταιο

2147 4343 2218 4396 τὰ
2246 4343 2303 4395 δὲ
2339 4343 2679 4413 μετάφρενα,
2702 4343 2987 4396 τουτέστιν
3013 4344 3081 4397 τὰ
3112 4345 3369 4416 ἐνδότερα
3401 4346 3495 4398 καὶ
3525 4361 3734 4413 μυστη-

2153 4434 2508 4506 ριωδέστερα,
2532 4434 2692 4503 δίκην
2722 4435 3070 4505 χλωρότητος
3101 4435 3312 4506 χρυσοῦ
3334 4434 3724 4506 καθαρώτερα·

465 4534 705 4592 possunt
728 4525 838 4581 duo
870 4526 1244 4594 Testamenta,
1270 4546 1392 4584 cum
1425 4531 1556 4585 illud
1590 4534 1816 4602 antiquo
1843 4534 2041 4604 populo

2149 4502 2199 4581 εί
2229 4528 2284 4581 δὲ
2314 4502 2571 4599 λαμπρὸς
2627 4502 2733 4597 μὲν
2761 4531 2788 4582 6
2826 4502 3388 4600 ἀργυροςξλαμπρὸς
3440 4502 3499 4580 δέ
3550 4502 3645 4581 καί
3706 4529 3733 4580 6

462 4617 592 4664 ante
622 4626 868 4677 crucem,
900 4615 1136 4668 alterum
1179 4630 1323 4670 novo
1374 4617 1600 4686 populo,
1627 4628 1753 4689 post
1792 4635 2040 4686 crucem,

2142 4620 2366 4691 χρυσὸς,
2424 4619 2541 4673 ἀλλ’
2590 4621 2624 4690 ἡ
2676 4618 2772 4672 τοῦ
2806 4620 3012 4691 χρυσοῦ
3060 4620 3388 4691 λαμπρότης
3457 4618 3735 4690 βαθυτέρα

464 4702 521 4754 in
562 4712 768 4757 sortem
799 4705 923 4759 data
965 4708 1097 4761 sint.
1124 4706 1181 4761 Si
1210 4707 1375 4777 igitur
1392 4708 1757 4763 constiteritis
1780 4710 1835 4764 in
1865 4713 2041 4768 medio

2146 4710 2262 4764 tati
2288 4725 2303 4741 ο
2345 4710 2687 4780 περιστερὰν
2714 4709 2772 4763 δὲ
2809 4709 2993 4763 νοοῦσι
3040 4710 3103 4763 τὸ
3151 4710 3309 4778 ἆγιον
3359 4709 3608 4780 Πνεῦμα,
3651 4708 3734 4763 ὅτι

464 4793 757 4863 utriusque
789 4796 1144 4864 Testamenti,
1187 4809 1246 4853 et
1278 4799 1427 4869 quad
1482 4815 1688 4855 novum
1733 4812 1840 4869 est,
1870 4804 2041 4859 veteri

2146 4802 2242 4857 καὶ
2274 4803 2333 4856 ὲν
2362 4802 2498 4855 εῖδει
2544 4804 2880 4879 περιστερᾶς
2910 4802 3184 4874 κατῆλθεν
3228 4803 3322 4857 ἐπὶ
3373 4803 3462 4857 τὸν
3496 4800 3737 4874 Χριστὸν

462 4901 766 4944 consonum
799 4892 1170 4948 credideritis.
1204 4892 1380 4949 Vetus
1410 4894 1619 4949 etenim
1647 4894 1820 4965 tlgura
1849 4905 1956 4962 est,
1987 4908 2041 4955 et

2146 4896 2566 4970 βαπτιζόμενον.
3504 4962 3509 4969 _

463 4982 669 5036 Novum
729 4984 932 5041 veritas
975 5002 990 5041 :
1028 4992 1161 5040 tunc
1227 4986 1330 5040 alte
1394 4985 1682 5053 columbte,
1751 4986 1856 5042 hoc
1918 4997 2003 5043 est
2070 4991 2370 5046 exteriores
2432 5003 2496 5043 ac
2545 4986 2910 5057 simpliciores
2974 4986 3151 5041 saneti
3216 4985 3457 5058 Spiritus
3513 4998 3736 5042 sensus.

462 5075 733 5143 splendidi
785 5092 910 5133 esse
939 5079 1095 5133 vobis
1141 5078 1472 5132 videbuntur
1505 5097 1520 5132 :
1553 5090 1608 5134 et
1672 5081 1933 5150 scapulae,
2001 5082 2107 5139 hoc
2145 5094 2253 5150 est,
2286 5083 2602 5144 interiores,
2635 5086 2691 5133 et
2721 5080 2898 5149 magis
2931 5080 3177 5150 mystica:
3199 5081 3733 5150 contemplationes,

464 5175 641 5228 instar
673 5171 1019 5241 pallidissimi
1053 5188 1119 5227 ac
1158 5173 1437 5242 purissimi
1472 5175 1589 5229 auri
1635 5175 1902 5245 fulgorem
1959 5194 2024 5232 ac
2064 5180 2240 5234 lucem
2288 5194 2441 5234 suam
2510 5177 2665 5232 vobis
2742 5176 3222 5232 demonstrabunt.
3279 5176 3344 5232 Et
3422 5192 3738 5248 quanquam

465 5276 758 5337 utrumque
780 5282 845 5321 ex
881 5267 967 5322 his
994 5268 1232 5322 metallis
1266 5269 1804 5338 _splendidissimum
1862 5274 1953 5338 sit,
1990 5275 2111 5329 auri
2155 5283 2338 5330 tamen
2381 5275 2642 5344 splendor
2692 5271 3055 5329 intensiorem
3106 5271 3392 5343 prmsefert
3443 5273 3737 5345 fulgorem.

1804 5451 1945 5513 Vari
1972 5473 2003 5511 ιε
2034 5452 2369 5516 lectiones.

545 5602 657 5674 (δι)
682 5604 926 5674 Eidelius
961 5621 1052 5658 nec
1086 5605 1198 5658 loco
1230 5616 1462 5658 moretur
1485 5608 1630 5674 quid.

547 5672 659 5731 (.33)
691 5673 880 5729 Graece
907 5677 1119 5729 ariditls
1147 5693 1160 5727 :
1183 5672 1518 5742 splendidum
1550 5678 1678 5729 dicit
1696 5677 1810 5740 ejus
1829 5691 2039 5740 corpus,

480 5749 654 5813 "male
704 5746 903 5808 percuti
940 5761 1144 5811 expers.
1200 5745 1443 5807 Splendet
1478 5756 1651 5798 autem
1700 5759 1980 5813 argentum
2021 5761 2036 5797 :

482 5808 662 5862 anima
696 5828 809 5866 t'cro
841 5828 952 5880 qua
994 5808 1047 5866 in
1098 5815 1296 5880 pallore
1349 5818 1492 5880 auri,
1550 5826 1729 5884 utpote
1767 5808 2048 5871 divinitati

2150 5609 2443 5663 adha’rens.
2490 5610 2689 5663 Aurum
2725 5625 2883 5677 porro
2916 5611 3120 5675 pallens
3151 5609 3496 5674 purissimum
3525 5616 3627 5661 est.

2224 5681 2334 5748 (5(5)
2373 5680 2589 5736 Clarius
2636 5690 2689 5736 et
2722 5681 2962 5745 lidelius,
3011 5690 3058 5732 ct
3108 5681 3339 5733 alterunt
3398 5696 3515 5733 cum
3566 5679 3740 5735 altera

2151 5749 2526 5805 conciliaritis.
