4064 6454
328 411 460 477 669

1501 423 1894 486 COMMENT.
1945 426 2027 486 ΙΝ
2059 427 2426 491 PSALMOS.

3504 437 3614 505 670

328 524 460 580 Per
497 525 812 581 columbam
844 541 996 593 vero,
1040 534 1291 584 sanctum
1323 529 1588 599 Spiritum
1614 534 1928 605 intelligunt
1969 538 2062 604 qui
2096 538 2148 592 in
2189 539 2458 595 columbae
2489 557 2671 607 speete
2701 559 2866 614 super
2932 544 3216 603 Clu-istum
3301 548 3612 612 descendit.

332 639 479 678 cum
513 622 910 691 baptizaretur.

433 719 545 772 Ἐν
570 717 648 782 τῷ
674 716 1064 773 διαστέλλειν
1093 719 1201 774 τὸν
1230 721 1620 790 ἐπουράνιον,
1653 727 1939 791 ,βασιλεῖς

2111 727 2275 782 Vens.
2337 729 2422 782 15.
2468 727 2605 782 Dum
2663 731 2913 784 discernit
2966 735 3193 790 cwleslis
3259 755 3401 804 reges
3458 756 3615 809 super

330 812 449 866 ἑπ⁹
505 810 700 880 αὐτῆς
751 813 1228 880 χιονωθήσονται
1263 818 1333 870 ἐν
1367 819 1632 889 Σελμών.
1687 821 1938 885 Βασιλεῖς

333 904 452 958 νῦν
482 907 614 969 τοὺς
645 906 981 970 ἀποστόλους
1013 909 1320 980 ὠνόμασεν,
1339 912 1414 974 ὡς
1437 913 1816 985 κληρονόμους
1839 915 1938 982 τῆς

334 996 645 1065 βασιλείας
673 998 784 1050 τῶν
820 999 1072 1069 οὐρανῶν
1097 1017 1111 1032 ο
1149 1001 1240 1064 οὓς
1274 1004 1367 1056 καὶ
1399 1005 1457 1058 ὲν
1481 1004 1559 1074 τῷ
1610 1007 1692 1073 μδ⁹
1738 1006 1940 1076 ψαλμῷ

332 1090 627 1160 ἄρχοντας
666 1091 1104 1159 προσηγόρευσε.
1157 1092 1423 1160 Προλέγει
1450 1093 1521 1147 -δὲ
1565 1095 1800 1149 ἐνταῦθα
1839 1097 1940 1167 τὴν

334 1183 433 1246 εἰς
467 1182 672 1244 αὐτοὺς
697 1183 1007 1252 γενομένην
1041 1185 1100 1237 ὲν
1121 1184 1198 1255 τῷ
1219 1185 1400 1255 καιρῷ
1424 1187 1523 1256 τῆς
1557 1189 1940 1259 Πεντηκοστῆς

336 1273 708 1342 ὲπιφοίτησιν
765 1275 860 1326 τοῦ
917 1275 1078 1342 ἁγίου
1113 1276 1472 1346 Πνεύματοςο
1517 1279 1685 1348 φησιν
1737 1279 1940 1333 οὖνότι

335 1365 409 1416 ὲν
442 1363 525 1432 τῷ
559 1362 651 1416 τὸν
696 1363 1023 1434 ἐπουράνιον
1070 1366 1202 1418 Θεὸν
1232 1367 1590 1421 ἀποστέλλειν
1617 1370 1650 1439 ἢ
1683 1369 1938 1440 διαιρεῖν,

341 1455 452 1510 καὶ
504 1455 840 1526 διακληροῦν
896 1455 1138 1525 βασιλεῖς
1172 1460 1259 1510 ἐπ’
1289 1461 1496 1530 αὐτῆς·
1533 1463 1678 1532 φημὶ
1716 1463 1800 1534 δὴ,
1842 1465 1942 1533 τῆς

340 1547 773 1618 προῤῥηθεὶσης
831 1548 1228 1620 κληρονομίας,
1291 1553 1412 1622 ἦτοι
1467 1553 1586 1607 ἐστὶ
1645 1554 1715 1608 τὰ
1774 1555 1937 1626 ἔθνη·

341 1640 767 1708 Πορευθέντες
798 1643 930 1710 γὰρ,
971 1643 1130 1712 φησὶ.
1178 1647 1600 1713 μαθητεύσατε
1641 1648 1836 1702 πάντα
1871 1650 1943 1704 τὰ

341 1732 527 1799 ἔθνη.
575 1733 1042 1802 Χιονωθήσονται,
1099 1738 1127 1790 ὅ
1173 1738 1291 1791 ἐστι
1345 1739 1809 1809 λευκανθήσονται
1850 1742 1943 1795 καὶ

339 1824 912 1894 λαμπρυνθήσονται,
970 1828 1059 1882 διὰ
1087 1830 1187 1896 τῆς
1228 1831 1340 1900 (57)
1375 1831 1575 1902 αἴγλης
1627 1833 1725 1886 τοῦ
1783 1835 1941 1901 ἁγίου

344 1915 700 1983 Πνεύματος.
738 1917 1058 1987 Προσέοηκε
1105 1919 1164 1973 δὲ
1198 1923 1294 1973 καὶ
1323 1921 1416 1974 τὴν
1448 1923 1612 1975 τόπον
1636 1939 1650 1953 ·
1697 1924 1945 1992 Σελμὼν

341 2007 458 2077 γὰρ
501 2007 865 2077 Ἰερουσαλὴμ
923 2011 1193 2075 ἐκαλεῖτο,
1247 2012 1377 2066 blla
1410 2013 1678 2084 ἐκάθηντο
1729 2015 1834 2078 ἕως
1875 2016 1940 2069 ἂν

2043 835 2180 877 eam,
2211 819 2368 886 quasi
2395 819 2510 872 nire
2535 818 2937 874 denlbabuntur
2964 825 3016 876 in
3049 824 3282 882 Selmon.
3311 827 3413 880 Per
3436 846 3612 900 reges,

2046 905 2197 973 ipsos
2232 906 2392 958 etiam
2439 909 2720 976 apostolos
2774 911 3048 981 intelligit,
3081 931 3145 967 eo
3177 919 3325 985 quod
3361 918 3484 972 οωΙί
3524 934 3614 972 re-

2045 1013 2212 1066 gnum
2255 998 2652 1052 haereditarnnt
2685 1018 2699 1055 :
2729 1017 2870 1070 quos
2907 1007 3072 1058 etiam
3122 1009 3175 1060 in
3229 1008 3447 1062 Psalmo
3493 1026 3616 1065 xuv

2044 1087 2324 1155 principes
2380 1089 2698 1156 appellavit.
2747 1091 3006 1146 Praedicit
3068 1096 3236 1166 igitur
3285 1100 3524 1152 futurum
3560 1103 3615 1154 in

2045 1178 2134 1233 die
2167 1179 2528 1234 Pentecostcs
2581 1184 2760 1237 sancti
2819 1185 3062 1255 Spiritus
3111 1189 3163 1241 in
3207 1191 3486 1258 apostolos
3516 1193 3617 1245 ad-

2044 1278 2288 1323 ventum.
2338 1270 2567 1336 Quando
2621 1275 2886 1340 cmlestis,
2921 1277 3122 1347 inquit,
3162 1277 3302 1334 Deus
3339 1282 3512 1334 mittet
3552 1297 3636 1335 ac.

2044 1360 2272 1424 dividet,
2320 1361 2422 1414 hoc
2475 1371 2580 1427 est,
2639 1365 2862 1432 quando
2917 1369 3184 1422 sortietur
3237 1385 3393 1439 reges
3450 1387 3616 1438 super

2044 1464 2161 1501 eam
2191 1465 2204 1513 ;
2255 1464 2421 1517 super
2455 1466 2597 1516 eam,
2643 1453 2890 1520 inquam,
2925 1456 3328 1521 btereditatem,
3368 1460 3471 1513 hoc
3505 1469 3617 1522 est,

2043 1555 2205 1608 super
2254 1550 2467 1609 gentes.
2502 1559 2624 1608 qua:
2658 1544 2948 1601 lnereditas
2998 1547 3204 1602 ChriSti
3265 1559 3430 1616 sunt;
3468 1553 3616 1621 quod

2045 1641 2176 1684 tunc
2205 1631 2445 1686 futurum
2489 1644 2625 1697 erat,
2661 1637 2884 1705 quando
2936 1639 3031 1712 ad_
3059 1643 3342 1710 apostolos
3397 1644 3616 1699 dicere-

2045 1732 2134 1776 tur
2167 1741 2182 1777 :
2213 1723 2409 1779 Euntes
2432 1725 2608 1781 docete
2639 1745 2818 1783 omnes
2844 1740 3022 1800 gentes
3062 1733 3129 1797 ",
3165 1741 3296 1786 tunc
3326 1749 3480 1804 rcges
3513 1736 3614 1797 illi,

2043 1817 2209 1869 veluti
2245 1818 2370 1871 nive
2397 1822 2628 1888 quadam
2655 1821 3078 1887 dealbalntntnr,
3107 1824 3209 1877 hoc
3245 1835 3349 1888 est,
3381 1826 3518 1879 clari
3553 1842 3618 1880 ac

2044 1907 2315 1972 Splendidi
2343 1910 2495 1971 (ient,
2521 1926 2618 1976 per
2639 1913 2872 1979 gratiam
2906 1915 3121 1968 scilicet
3151 1921 3326 1968 sancti
3351 1917 3614 1984 Spiritus.

2043 1991 2107 2044 Et
2144 1995 2318 2048 locum
2353 1997 2516 2048 etiam
2549 1998 2780 2064 addidit,
2808 2001 2999 2054 dicens
3030 2020 3045 2056 :
3077 2001 3394 2056 lnS:lmm.
3435 2004 3614 2073 Ipsam

346 2098 680 2152 ὲνεδύσαντο
709 2099 946 2170 δύναμιν
981 2102 1040 2168 ἐξ
1077 2101 1268 2170 ὕψους.
1300 2105 1732 2177 Παρατηρητέον
1755 2109 1811 2161 δὲ
1839 2109 1938 2176 τὴν

2044 2093 2222 2136 autem
2252 2083 2500 2154 intelligit
2525 2084 2846 2152 Jerusalem,
2873 2089 2962 2141 ubi
3003 2099 3125 2158 post
3147 2089 3359 2144 Dom‘ni
3400 2108 3622 2146 assum-

345 2191 419 2243 ἐν
449 2191 738 2260 πρόθεσιν,
787 2192 1051 2256 πολλάκις
1088 2195 1511 2264 ὑστεροχρονίαν
1545 2199 1934 2266 σημαίνουσαν,

347 2281 426 2344 ὡς
457 2283 554 2335 ἐπὶ
579 2281 674 2335 τοῦ
710 2284 975 2354 παρόντος
1001 2300 1014 2314 ·
1059 2286 1160 2340 Ἐν
1175 2286 1253 2350 τῷ
1268 2287 1653 2343 διαστέλλειν
1665 2292 1794 2360 γὰρ,
1817 2291 1939 2344 ἀντὶ

356 2375 446 2428 τοῦ
481 2374 644 2429 Μετὰ
675 2376 736 2429 τὸ
768 2377 1091 2431 διαστεῖλαι.
1134 2379 1354 2448 Ταύτην
1377 2379 1432 2432 δὲ
1467 2381 1566 2449 τὴν
1614 2383 1939 2452 παρατηρηο

365 2485 444 2520 σιν
497 2469 974 2540 παραδεδώκαμεν
1030 2471 1126 2524 καὶ
1185 2473 1243 2525 ὲν
1289 2474 1354 2542 τῇ
1407 2473 1690 2544 ἐπιγραφῇ
1739 2474 1834 2527 τοῦ
1893 2470 1936 2528 ν’

355 2556 597 2626 ᾧαλμοῦ.

428 2820 603 2890 Ὅρος
628 2821 735 2876 τοῦ
765 2821 936 2890 Θεοῦ,
965 2822 1104 2890 ὄρος
1126 2823 1290 2892 πῖον,
1325 2825 1464 2892 ὄρος
1504 2825 1936 2894 τετυρωμένον,

350 2912 498 2980 ὅρος
547 2915 711 2966 πῖον.
747 2912 916 2984 Ὀρος
963 2914 1058 2968 τοῦ
1092 2915 1227 2968 Θεοῦ
1283 2916 1439 2969 καλεῖ
1470 2917 1571 2986 τὴν
1611 2917 1939 2986 Ἐκκλησίαν

346 3004 462 3056 τῶν
505 3005 744 3057 πιστῶν·
792 3005 920 3075 ὅρος
963 3006 1083 3075 μὲν,
1115 3005 1191 3068 ὡς
1223 3007 1635 3077 ὑπερκειμένην
1662 3008 1774 3060 τῶν
1800 3025 1938 3078 γεη-

357 3097 492 3167 ρῶν,
511 3097 606 3149 καὶ
635 3099 716 3158 εἰς
746 3097 978 3166 οὐρανδν
1006 3099 1438 3168 ἀνατεινομένην
1464 3097 1553 3150 διὰ
1589 3099 1824 3167 Θεωρίας
1848 3100 1940 3151 καὶ

352 3187 648 3256 πράξεωςο
699 3187 796 3240 τοῦ
832 3188 968 3242 Θεοῦ
1013 3187 1092 3251 δὲ,
1143 3188 1220 3250 ὡς
1274 3189 1635 3261 ᾠκειωμένης
1666 3189 1743 3259 τῷ
1774 3190 1894 3261 Θεῷ
1921 3206 1936 3221 ο

353 3282 480 3332 πῖον
530 3279 610 3340 δὲ,
659 3278 746 3333 διὰ
782 3279 883 3349 τὴν
915 3278 1199 3348 δαψίλειαν
1241 3282 1338 3334 καὶ
1367 3281 1704 3351 εὐχρηστίαν
1743 3281 1843 3350 τῆς
1883 3284 1940 3334 ὲν

2043 2176 2312 2244 ptioncm,
2373 2177 2626 2246 discipuli
2671 2181 3058 2245 consederunt,
3094 2181 3268 2236 donec
3295 2183 3464 2235 induti
3500 2194 3621 2236 sunt

2043 2267 2286 2319 virtutem
2333 2282 2396 2320 ex
2445 2267 2579 2321 alto.
2631 2270 3044 2324 Observandum
3098 2282 3183 2327 est
3218 2282 3420 2338 autem,
3468 2275 3615 2344 quod

2040 2357 2232 2420 dictio,
2263 2359 2414 2422 dum,
2445 2374 2819 2428 saepenumero
2846 2363 3087 2416 futurum
3111 2373 3328 2431 tempus
3351 2365 3620 2434 designat,

2042 2461 2099 2503 ut
2129 2451 2180 2502 in
2223 2454 2476 2520 prmsenti
2506 2454 2624 2510 loco
2656 2469 2668 2505 :
2709 2454 2845 2506 Dum
2884 2456 3162 2518 discernit,
3193 2456 3296 2510 hoc
3325 2465 3432 2520 est,
3467 2468 3615 2523 post-

2040 2560 2200 2610 quam
2267 2543 2594 2596 discreverit.
2659 2544 2813 2598 lianc
2917 2555 3098 2600 autem
3176 2546 3617 2601 observationem

2044 2635 2372 2688 tradidimus
2404 2637 2568 2690 etiam
2616 2637 2670 2690 in
2703 2637 3067 2707 inscriptione
3098 2639 3298 2708 psalmi
3335 2640 3617 2709 quinqua-

2043 2727 2261 2797 gesimi.
3277 2729 3281 2732 ’

2117 2819 2284 2874 Vens.
2325 2819 2414 2874 16.
2456 2818 2611 2874 Mons
2640 2819 2756 2884 Dei,
2807 2837 2958 2875 mons
2997 2822 3231 2892 pinguis,
3257 2839 3409 2879 mons
3429 2839 3629 2894 coagu-

2043 2909 2209 2972 latus,
2249 2926 2396 2963 mons
2427 2912 2660 2980 pinguis.
2708 2911 2946 2966 Montem
3000 2912 3092 2967 Dei
3141 2912 3444 2968 Ecclesiam
3493 2913 3625 2968 tide-

2046 3001 2176 3054 limn
2208 3003 2470 3071 appellat,
2502 3002 2672 3054 vi-lnti
2707 3017 2734 3054 a
2779 3004 3016 3057 terrenis
3053 3004 3345 3069 elevatam,
3389 3012 3443 3059 et
3480 3020 3616 3060 cou—

2044 3090 2402 3158 tcmplatioue
2449 3101 2614 3157 atque
2675 3091 2988 3145 actionibus
3024 3092 3141 3147 suis
3190 3093 3507 3149 tendentem
3565 3095 3620 3148 in

2045 3180 2273 3236 caelum.
2307 3180 2398 3234 Dci
2448 3183 2612 3234 etiam
2645 3197 2766 3236 eam
2815 3197 2939 3237 esse
2967 3184 3126 3249 dicit,
3157 3186 3314 3254 quasi
3342 3187 3619 3257 propriam

2044 3272 2164 3341 ejus
2188 3272 2462 3334 etl‘cctam,
2483 3283 2648 3340 atque
2681 3273 2735 3326 in
2764 3274 2913 3329 illius
2942 3283 3269 3343 potestatem
3299 3277 3578 3347 delapsam
3605 3297 3619 3332 :

354 3371 498 3440 αὐτῇ
528 3373 913 3441 πνευματικῆς
962 3373 1134 3442 νομῆς
1155 3389 1170 3404 ·
1230 3373 1613 3442 τετυρωμένον
1641 3374 1720 3435 δὲ,
1753 3373 1841 3426 διὰ
1880 3374 1940 3426 τὸ

2046 3364 2302 3433 pinguem
2353 3363 2516 3416 etiam
2567 3364 2638 3417 ob
2683 3365 2993 3433 spiritualis
3034 3368 3248 3435 pabuli,
3295 3369 3526 3434 quodin
3557 3384 3620 3424 ea

359 3460 618 3522 συνεστὸς
660 3460 759 3512 καὶ
811 3461 1032 3530 στερεὸν
1057 3461 1166 3515 τῶν
1219 3463 1277 3514 ὲν
1317 3463 1453 3532 αὐτῇ
1515 3462 1806 3530 δογμάτων
1845 3463 1942 3530 τῆς

357 3551 639 3613 πίστεως·
687 3552 956 3620 πεπηγὼς
982 3553 1096 3622 (58)
1128 3553 1239 3624 γὰρ
1271 3556 1298 3607 ὀ
1353 3553 1540 3623 τυρός.
1593 3551 1726 3606 Εἶτα
1783 3554 1948 3607 πάλιν

369 3645 518 3707 πῖον,
547 3646 614 3712 τῇ
640 3643 896 3715 δαψιλείᾳ
929 3647 1040 3697 τῶν
1072 3646 1432 3715 χαρισμάτων
1460 3645 1555 3698 τοῦ
1585 3647 1742 3713 ἁγίου
1774 3643 1944 3699 Πνεύ-

361 3751 554 3803 ματος.
600 3734 858 3805 Ἑξυμνεῖ
890 3735 947 3788 δὲ
979 3735 1240 3798 ποικίλως
1270 3736 1332 3788 τὸ
1381 3736 1625 3790 τοιοῦτον
1671 3737 1819 3808 ὅρος,
1855 3735 1946 3788 διὰ

357 3826 462 3898 τὴν
489 3826 766 3880 ποικιλίαν
790 3826 901 3880 τῶν
934 3827 1221 3898 δυνάμεων
1257 3827 1450 3882 αὑτοῦ.

2047 3463 2151 3515 est.
2183 3465 2295 3507 tum
2333 3453 2750 3517 abundantiam,
2801 3467 2915 3510 tum
2964 3459 3132 3512 etiam
3181 3459 3570 3512 excellentiam
3603 3461 3624 3492 ⁸

2044 3555 2098 3600 et
2123 3545 2322 3601 deinde
2356 3546 2724 3612 coagulatam,
2767 3563 2862 3602 seu
2900 3547 2984 3619 [ut
3017 3550 3192 3620 magis
3227 3551 3402 3619 poscit
3426 3549 3612 3605 Grzeca

2043 3635 2239 3708 dictio]
2289 3645 2568 3691 caseatam
2619 3653 2739 3693 eam
2799 3654 2925 3694 esse
2977 3641 3110 3694 dicit
3150 3643 3220 3694 ob
3277 3641 3619 3696 soliditatem

2043 3733 2388 3805 tIOgmattitii;
2424 3751 2546 3804 qua:
2592 3736 2642 3788 in
2680 3753 2743 3789 ea
2785 3745 2938 3790 sunt.
2973 3737 3179 3791 Caseus
3225 3737 3426 3792 etenim
3457 3735 3623 3790 sicuti

2045 3840 2075 3878 a
2102 3828 2355 3880 coeundo
2395 3827 2578 3880 dictus
2615 3837 2718 3890 est,
2758 3838 2853 3881 aut
2881 3843 2908 3881 a
2935 3829 3078 3882 lacte
3109 3835 3324 3892 coacto,
3360 3829 3436 3882 ita
3457 3829 3624 3882 etiam

2046 3917 2382 3972 soliditatem
2419 3919 2712 3986 quamdam
2743 3918 3344 3987 sigiiiticat.Postremo
3366 3920 3624 3989 pinguem

359 4027 559 4067 rursus
602 3994 864 4082 appetat,
884 4011 953 4066 ob
980 4011 1380 4067 charismatum
1410 4026 1473 4066 ac
1496 4010 1771 4066 donorum
1819 4012 1998 4066 sancti
2041 4009 2287 4080 Spiritus
2321 4011 2740 4064 abundantiam.
2765 4011 2946 4067 Variis
2978 4028 3113 4067 vero
3153 4014 3412 4067 laudibus
3480 4013 3628 4067 hunc

359 4112 602 4161 montem
635 4106 819 4160 laudat
855 4114 1019 4173 atque
1076 4113 1306 4160 exornat
1349 4104 1620 4174 Propheta
1645 4105 1713 4157 ob
1746 4103 1929 4158 varias
1971 4103 2236 4157 nimirum
2274 4117 2338 4155 ac
2371 4103 2699 4170 multiplices
2731 4103 2877 4158 illius
2912 4106 3159 4159 virtutes.

432 4203 559 4258 Ἵνα
607 4201 664 4254 τί
692 4200 1151 4270 ὑπολαμϐάνετε
1197 4199 1304 4268 ὄρη
1349 4199 1764 4269 τετυρωμένα;
1796 4198 1939 4269 Πρὸς

361 4295 492 4356 τοὺς
519 4294 748 4364 ἐχθροὺς
777 4292 881 4362 τῆς
921 4291 1250 4363 Ἐκκλησίας
1295 4293 1642 4346 ἀποτείνεται
1687 4292 1940 4362 φάσκων,

362 4387 450 4439 ὅτι
495 4385 595 4438 Διὰ
625 4385 679 4438 τί
721 4383 1141 4455 ὑπολαμϐάνετε
1193 4385 1363 4458 ἕτερα
1404 4383 1507 4456 ὅρη
1563 4383 1942 4455 τετυρωμένα,

360 4478 518 4546 παρὰ
543 4475 718 4531 ταῦτα
739 4494 755 4543 ;

438 4569 512 4622 Τὸ
529 4568 671 4637 ὄρος
693 4568 724 4622 ὃ
744 4568 1088 4636 εὐδόκησεν
1113 4571 1145 4623 ό
1177 4567 1323 4633 Θεὸς
1352 4567 1657 4622 κατοικεῖν
1672 4566 1741 4621 ἐν
1761 4566 1941 4632 αὐτῷ.

361 4661 539 4716 Τοῦτό
569 4664 686 4714 ἐστι
729 4659 790 4713 τὺ
820 4661 947 4730 ὅρος
975 4698 990 4722 ,
1022 4664 1211 4730 φησιν,
1251 4658 1280 4711 ὂ
1310 4659 1580 4729 ἠθέλησεν
1611 4660 1639 4711 ὁ
1672 4657 1827 4722 Θεὸς,
1867 4660 1946 4719 εἰς

358 4757 422 4810 τὸ
451 4755 729 4809 κατοικεῖν
755 4754 814 4806 ὲν
846 4751 1017 4822 αὐτῷ.
1069 4753 1233 4820 Αὕτη
1281 4753 1412 4823 γὰρ,
1468 4751 1656 4823 φησὶν,
1691 4751 1729 4818 ἡ
1764 4750 1945 4804 κατά-

359 4844 595 4910 παυσις
618 4851 740 4913 μου
766 4846 855 4909 εὶς
878 4841 1068 4897 αἰῶνα
1100 4843 1340 4908 αἰῶνος.

435 4935 546 4990 Καὶ
569 4937 602 4988 ὁ
628 4935 846 5002 Κύριος
886 4932 1356 4998 κατασκηνώσει
1390 4933 1479 4996 εὶς
1512 4928 1715 4996 τέλος.
1757 4930 1949 4983 Κατα-

359 5026 638 5097 σκηνώσει
687 5028 747 5080 ὲν
774 5024 925 5094 αὐτῷ
954 5025 1035 5087 εἰς
1061 5023 1238 5089 τέλος,
1290 5024 1416 5077 ἀντὶ
1440 5021 1754 5086 διαπαντός.
1791 5023 1858 5075 Ti
1884 5022 1931 5074 δ’

2114 4196 2282 4260 Vsus,
2317 4196 2402 4260 Π,
2444 4197 2626 4262 Quare
2655 4197 3010 4265 suspieamini
3033 4208 3238 4251 montes
3266 4199 3577 4267 coagulatos
3597 4202 3624 4255 .’

2044 4289 2126 4342 Ad
2177 4287 2438 4341 Ecclesiae
2495 4288 2752 4342 inimicos
2793 4298 2876 4342 cst
2922 4303 3126 4342 sermo.
3184 4289 3387 4354 Quare,
3421 4292 3625 4360 inquit,

2045 4378 2442 4449 suspicamiui?
2471 4379 2574 4432 hoc
2598 4389 2704 4442 est,
2735 4394 2910 4448 quare
2939 4380 3266 4448 opinamini,
3293 4383 3433 4436 alios
3459 4384 3625 4435 etiam

2053 4478 2269 4524 montes
2299 4481 2572 4534 caseatos,
2604 4487 2769 4540 quam
2802 4471 2949 4525 hunc
2979 4483 3229 4526 nostrum
3262 4473 3546 4526 montem?

2130 4564 2284 4619 Mons
2315 4567 2370 4618 in
2394 4582 2496 4634 quo
2525 4565 2912 4636 benepiacitum
2946 4576 3024 4619 est
3064 4565 3173 4620 Deo
3207 4567 3446 4620 habitare
3467 4568 3521 4619 in
3545 4583 3626 4623 eo.

2056 4655 2238 4722 Mons,
2274 4657 2473 4723 inquit.
2505 4672 2669 4725 quem
2698 4655 2841 4710 Deus
2869 4657 3042 4710 voluit
3066 4673 3226 4710 suum
3261 4673 3404 4722 esse,
3432 4669 3491 4712 ut
3515 4660 3631 4713 illic

2056 4746 2333 4803 habitaret
2360 4789 2377 4816 ,
2412 4747 2568 4814 Haec,
2593 4749 2872 4818 inquiens,
2909 4749 3112 4818 requies
3147 4766 3260 4802 mea
3291 4751 3344 4803 in
3378 4753 3632 4805 siccatam

1978 4811 2024 4869 θ
2051 4840 2238 4893 steculi
2259 4840 2326 4893 ".

2120 4930 2335 4987 Etenim
2368 4932 2633 4989 Dominus
2677 4932 2946 4988 habitabit
2993 4935 3048 4989 in
3095 4934 3275 5004 ﬁnem.
3327 4935 3386 4989 In
3443 4935 3632 4999 linem,

2047 5023 2151 5078 boc
2208 5034 2310 5090 est,
2363 5034 2651 5096 perpetuo.
2698 5025 2840 5092 Quid
2896 5028 2964 5082 ad
3024 5027 3129 5083 lioc
3184 5029 3368 5082 dicent
3411 5025 3635 5081 Judaei?

359 5122 434 5176 ἂν
476 5120 687 5173 εἴποιεν
740 5099 804 5171 οῖ’
825 5117 1078 5171 Ἰουδαῖοι
1115 5115 1248 5186 περὶ
1278 5114 1506 5180 τούτους
1552 5115 1653 5168 οὐκ
1683 5116 1764 5178 εἰς
1794 5113 1940 5178 τέλος

2047 5131 2225 5187 neque
2267 5118 2418 5174 enim
2457 5119 2728 5174 habitavit
2760 5131 3030 5190 perpetuo
3062 5120 3330 5175 Dominus
3367 5120 3423 5172 in
3469 5121 3627 5179 Sion,

357 5211 478 5283 γὰρ
505 5210 834 5282 κατῴκησεν
855 5212 913 5262 ὲν
939 5207 1104 5276 Σιὼν,
1140 5207 1279 5264 ἀλλὰ
1311 5208 1476 5280 ῥητὸν
1508 5209 1725 5278 χρόνον.

441 5303 514 5358 Τὸ
545 5302 702 5375 ἅρμα
739 5301 848 5357 τοῦ
895 5299 1045 5356 Θεοῦ
1072 5297 1552 5372 μυριοπλάσιον.
1579 5295 1764 5351 Εἰπὼν
1791 5295 1906 5351 ἄνω
1931 5310 1946 5326 ·

439 5489 487 5522 ⁸⁸
525 5485 718 5543 Matth.
775 5499 970 5550 xxvm,
1016 5483 1100 5540 18.
1176 5485 1222 5517 ’δ’
1250 5482 1400 5537 Psal.
1446 5497 1630 5545 cum,
1665 5481 1756 5536 14.

2049 5210 2148 5266 sed
2177 5220 2330 5266 certo
2348 5226 2413 5266 ac
2441 5213 2597 5268 linito
2629 5221 2842 5267 tantum
2873 5223 3144 5281 tempore,

2125 5302 2292 5360 Vsus.
2327 5303 2415 5359 18.
2445 5303 2650 5360 Curras
2675 5304 2774 5359 Dei
2806 5306 2861 5358 in
2895 5304 3168 5371 inﬁnitum
3197 5300 3624 5371 multiplicatus.

1722 5597 1919 5659 Variae
1977 5595 2307 5661 lectiones.

445 5730 558 5799 (‘57)
581 5729 772 5785 Graece
810 5729 1166 5796 splendorem.

438 5794 553 5868 (58)
609 5794 974 5869 Ἐτυμολόγον
1003 5816 1061 5853 se
1093 5797 1222 5869 facit
1244 5797 1516 5864 interpres
1543 5803 1752 5869 noster.
1785 5794 1944 5860 Quod

368 5885 500 5928 eum
527 5867 757 5927 minimc
803 5869 1072 5937 decebat;
1117 5867 1290 5925 tutius
1341 5875 1461 5922 erat
1517 5867 1794 5924 adhaerere
1827 5875 1944 5922 tex-

2050 5730 2128 5782 tui
2166 5746 2180 5781 :
2218 5727 2418 5808 Caseus
2458 5730 2594 5783 enim
2627 5739 2931 5796 compactns
2973 5740 3068 5797 est,
3113 5729 3259 5801 quod
3315 5745 3477 5786 nemo
3525 5745 3622 5784 nc-

2047 5807 2280 5869 gavcrtt.
