4064 6476
424 431 524 495 (iii

1610 431 2003 495 EUTHYMII
2036 431 2403 493 ZIGABENI

3581 430 3700 496 (τε).

426 549 562 604 Cum
602 547 863 618 superius
914 548 1111 603 dixerit
1153 567 1164 603 :
1202 546 1314 603 Iter
1366 548 1530 618 facite
1557 550 1605 603 ei
1639 551 1731 620 qui
1765 549 2003 602 ascendit

2131 545 2560 614 Ὀδοποιήσατε
2580 544 2661 613 τῷ
2684 546 3088 614 ἑπιϐεϐηκότι,
3119 544 3215 600 νῦν
3238 546 3479 611 οἰκείως,
3506 548 3660 619 ἅρμα
3682 581 3702 590 -

428 658 587 710 super
613 658 852 705 occasus,
879 656 1022 693 nunc
1059 641 1110 692 in
1141 640 1345 710 specie,
1382 656 1580 696 currus
1615 640 1708 695 Dei
1732 639 2000 694 meminit.

433 731 538 787 Per
568 748 790 786 currum
823 745 951 784 vero
983 730 1098 793 Dei,
1121 746 1217 785 eos
1245 747 1440 787 omnes
1469 733 1774 802 intelligere
1807 746 2007 802 possu-

432 836 579 884 mus,
612 821 702 888 qui
735 821 855 874 ﬁdei
882 820 1122 873 habenas
1148 834 1462 889 suscepere,
1506 821 1710 890 quique
1738 821 1802 874 ad
1833 836 2001 875 suave

434 911 638 966 Christi
675 913 866 980 jugum
895 912 1078 980 juncti
1114 922 1267 975 sunt,
1303 927 1767 982 ascensoremque
1804 922 1861 966 et
1905 929 2008 965 au-

436 1002 606 1070 rigam
662 1017 784 1055 eum
847 1002 1070 1060 habent.
1144 1001 1468 1071 llujusmodi
1530 1004 1677 1057 enim
1735 1004 2007 1069 homines,

435 1107 637 1145 currus
696 1090 787 1146 Dei
857 1093 966 1147 dici
1024 1103 1308 1162 possunt:
1346 1096 1479 1162 quin
1531 1095 1641 1147 imo
1702 1104 1755 1146 ct
1808 1110 2011 1149 currus

435 1185 831 1254 multiplicatus
860 1186 932 1239 ab
978 1187 1204 1255 antiquo
1234 1186 1327 1241 illo
1370 1187 1644 1257 justorum
1694 1203 1882 1249 curru,
1916 1187 2010 1258 qui

434 1275 581 1330 inter
622 1276 837 1333 ludzens
866 1288 1050 1333 erant.

509 1368 689 1423 Millia
736 1371 1147 1425 abundantiam.
1197 1372 1830 1443 Subiutelligc‘verbum
1866 1382 2009 1427 siml.

436 1461 848 1516 Aluunlantium
912 1480 1042 1518 vero
1104 1465 1351 1520 ubertate
1399 1481 1462 1519 ac
1510 1464 1796 1520 fertilitate
1834 1466 2010 1519 \iztu-

440 1566 576 1610 tum.

511 1650 772 1705 Dominus
829 1653 884 1705 in
917 1652 992 1707 eis
1043 1653 1098 1705 in
1133 1653 1267 1706 Sina
1301 1662 1418 1707 erat
1461 1652 1516 1705 in
1554 1664 1761 1706 sancto.
1803 1651 2012 1707 Subiu-

436 1742 621 1812 tellige
648 1745 957 1805 relativum,
996 1745 1107 1814 qui,
1150 1752 1207 1798 ut
1235 1744 1307 1798 sit
1331 1760 1532 1800 sensus
1563 1763 1576 1798 :
1612 1743 1706 1798 Ille
1743 1744 2013 1798 Dominus

440 1835 496 1888 in
526 1834 607 1889 eis
631 1844 736 1898 est,
772 1837 864 1903 qui
896 1836 1027 1889 olim
1056 1847 1172 1889 erat
1198 1837 1250 1890 iu
1282 1844 1478 1890 sancto
1503 1835 1656 1903 Sina,
1684 1844 1738 1891 et
1767 1836 2011 1891 abundat

438 1925 610 1980 altera
639 1928 974 1995 praepositio,
1002 1928 1078 1982 in.
1105 1927 1261 1982 Unus
1293 1927 1461 1996 igitur
1492 1935 1657 1996 atque
1690 1927 1834 1981 idem
1868 1927 2015 1983 Deus

438 2026 526 2072 cst
558 2016 675 2083 ille,
706 2019 798 2089 qui
837 2030 967 2073 tunc
1002 2020 1057 2072 in
1098 2019 1252 2085 Sina,
1285 2028 1340 2074 et
1375 2019 1467 2088 qui
1507 2019 1669 2073 modo
1700 2018 1873 2087 legem
1902 2028 2015 2072 sta-

438 2113 566 2176 tuit_
607 2109 872 2165 Sanctum
916 2120 1102 2165 autem
1142 2109 1273 2164 Sina
1302 2109 1569 2180 appellat,
1607 2109 1777 2189 veluti
1812 2109 2019 2164 sancti-

444 2202 665 2256 ﬁcatum
728 2203 903 2270 ipsius
955 2202 1049 2257 Dei
1096 2203 1410 2270 prtesentia,
1445 2210 1610 2271 atque
1653 2204 1703 2257 ei
1748 2203 2013 2256 dicatum.

519 2291 680 2347 Vsus.
722 2294 812 2347 19.
847 2295 1154 2348 Ascendisti
1179 2295 1232 2347 in
1261 2295 1454 2357 altum,
1485 2295 1771 2363 captivasti
1799 2295 2021 2359 captivi-

449 2393 637 2438 tatem.
679 2385 733 2439 ln
768 2387 963 2451 altum,
991 2388 1096 2443 hoc
1120 2396 1228 2448 est,
1258 2389 1310 2441 in
1332 2403 1578 2450 crucem,
1610 2388 1691 2441 vel
1715 2387 1767 2440 in
1795 2387 2016 2441 cadum.
2048 2455 2055 2462 ι

439 2469 719 2527 Ascensus
745 2483 931 2528 autem
960 2475 1072 2538 hic,
1102 2476 1409 2530 libertatem
1441 2475 1710 2537 ostendit,
1738 2477 1867 2531 dum
1898 2477 1974 2530 ait
2003 2494 2015 2529 :

326 2581 341 2603 ο
441 2560 767 2629 Ascendisti,
801 2576 995 2635 sponte
1037 2576 1129 2620 tua
1181 2569 1468 2621 nimirum.
1522 2567 1600 2621 Τιι
1632 2569 1798 2622 etiam
1837 2569 2019 2636 ipsum

444 2655 753 2722 diabolum,
786 2660 877 2724 qui
903 2659 1248 2728 tyrannidem
1279 2660 1330 2711 iu
1361 2674 1462 2713 nos
1490 2660 1804 2721 exercebat,
1835 2657 2020 2712 erucis

439 2743 627 2811 jaculo
661 2745 984 2809 confodisti,
1028 2759 1080 2802 et
1132 2749 1378 2817 gentium
1429 2750 1807 2817 captivitatem
1845 2749 2022 2814 capti-

445 2836 610 2900 vasti,
658 2851 822 2903 quam
880 2838 975 2892 ille
1030 2848 1191 2892 antea
1223 2842 1622 2907 captivaverat.
1665 2858 1762 2897 eos
1814 2842 1917 2896 sibi
1963 2843 2017 2896 in

445 2928 767 2981 servitutem
800 2929 1406 2999 redigens.'[’ropterea
1449 2933 1568 3002 ipse
1597 2933 1867 2985 Dominus
1891 2932 2019 2984 alihi

448 3017 575 3071 ait:
619 3018 753 3072 Cum
795 3030 973 3074 autem
1021 3022 1290 3077 exaltalus
1340 3024 1492 3093 fuero
1541 3041 1574 3077 a
1623 3034 1791 3087 terra,
1838 3027 2021 3077 omnia

446 3108 660 3162 traham
697 3111 766 3162 ad
806 3128 885 3166 me
917 3113 986 3166 ⁸⁸,

518 3198 717 3265 Cepisti
765 3201 907 3255 dona
963 3205 1019 3257 in
1077 3203 1413 3258 hominibus.
1474 3203 1679 3259 Verum
1736 3205 2024 3275 apostolus
2057 3227 2100 3286 α

447 3286 654 3344 Paulus
688 3291 834 3345 hunc
882 3292 1130 3349 referens
1177 3294 1515 3350 versiculum
1557 3293 1623 3360 δ’,
1661 3310 1770 3350 non
1803 3294 2026 3366 Cepisti,

449 3380 547 3444 ait,
571 3383 667 3436 sed
693 3381 921 3450 Dedisti,
954 3393 1010 3439 et
1063 3392 1362 3454 utrumque
1409 3385 1612 3439 factum
1649 3394 1757 3441 est.
1792 3385 1929 3440 Nam
1963 3387 2032 3440 ab

448 3470 518 3525 iis
548 3473 641 3541 qui
688 3473 757 3527 ad
805 3488 868 3528 se
902 3474 1174 3530 accedunt
1222 3478 1367 3531 Deus
1420 3476 1578 3531 iidem
1643 3485 1699 3532 et
1731 3482 2029 3547 gratiarum

450 3562 724 3617 actionem
777 3566 950 3634 capit,
988 3574 1044 3622 et
1077 3568 1159 3621 eis
1209 3577 1404 3622 contra
1463 3568 1798 3639 multiplicia
1834 3569 2034 3624 tribuit

449 3653 850 3710 charismatum
882 3658 1052 3712 dona.

523 3745 738 3800 Etenim
770 3764 876 3800 non
915 3749 1183 3804 credentes
1235 3761 1290 3804 ut
1343 3752 1695 3809 inhabitans.
1751 3752 2033 3824 Accepisli

451 3833 600 3889 enim
636 3849 732 3890 eos
787 3835 1065 3903 homines,
1114 3839 1209 3907 qui
1257 3839 1497 3909 primum
1549 3856 1658 3895 non
1710 3841 2031 3896 credebant.

451 3918 729 3997 Accepisti
781 3939 964 3985 autem
996 3945 1115 3995 eos,
1159 3941 1219 3986 ut
1250 3934 1595 4002 inhabitares
1646 3934 1703 3990 in
1750 3935 1855 4002 eis,
1899 3937 1944 3989 si
1984 3942 2036 4016 te

452 4019 675 4090 dignum
698 4021 876 4078 eﬂ'ecti
902 4034 1088 4082 essent
1114 4026 1507 4095 habitaculum,

526 4202 696 4261 Vsus.
725 4204 821 4274 20,
849 4205 941 4261 21.
999 4206 1258 4262 Dominus
1303 4209 1440 4264 Deus
1497 4210 1819 4279 benedictus,
1885 4213 2037 4268 bene-

454 4299 631 4353 dictus
669 4299 927 4354 Dominus
958 4302 1023 4355 de
1053 4303 1138 4355 die
1164 4304 1219 4357 iu
1246 4303 1406 4357 diem.
1443 4301 1581 4358 Vide
1621 4320 1931 4359 sermonem
1969 4306 2037 4359 de

455 4385 648 4446 sancta
690 4392 961 4448 Trinitate
996 4411 1010 4448 :
1042 4394 1309 4450 Dominus
1345 4397 1491 4453 Deus
1532 4405 1587 4451 et
1621 4397 1910 4453 Dominus.
1945 4397 2038 4453 Sic

2044 1882 2091 1937 Β

2110 654 2201 699 τος
2234 639 2669 707 ἐμνημόνευσεν.
2699 630 2827 691 Εἶεν
2866 635 2912 688 δ’
2941 636 3007 689 ἂν
3055 636 3208 706 ἆρμα
3239 636 3374 689 Θεοῦ
3403 639 3602 703 πάντες
3641 642 3698 693 οἱ

2109 730 2201 782 τὸν
2228 730 2447 798 χαλινὸν
2479 729 2578 798 τῆς
2609 728 2850 790 πίστεως
2879 727 3190 797 δεξάμενοι,
3215 730 3308 782 καὶ
3329 729 3703 798 ὑποζυγέντες

2111 822 2188 892 τῷ
2221 821 2440 891 Χριστῷ
2495 820 2644 890 ζυγῷ
2675 820 2770 872 τοῦ
2824 821 3088 889 Χριστοῦ,
3143 822 3239 875 καὶ
3288 822 3560 892 ἐπιϐάτην
3598 826 3703 877 καὶ

2112 911 2350 982 ἡνίοχον,
2382 911 2555 981 αὐτὴν
2605 911 2849 981 ἔχοντες.
2885 912 3059 965 Τοῦτο
3108 912 3166 966 δὲ
3192 913 3254 967 τὸ
3298 914 3454 986 ἅρμα
3505 934 3706 988 μυριο-

2114 1002 2341 1055 πλάσιον
2397 998 2541 1055 εἶναι
2594 1003 2764 1071 λέγει,
2794 1002 2888 1057 τοῦ
2921 1003 3157 1057 παλαιοῦ
3205 1005 3455 1076 ἅρματος
3484 992 3592 1061 τῶν
3638 1010 3707 1061 ἐν

2126 1093 2407 1158 Ἰουδαίοις
2441 1095 2690 1149 δικαίων.

2186 1369 2462 1436 Χιλιάδες
2486 1373 2927 1439 εὐθηνούντων.
2967 1374 3157 1427 Λείπει
3203 1374 3265 1428 τδ
3298 1376 3492 1430 εἰσίν·
3528 1376 3702 1444 εὐθη-

2116 1461 2354 1515 νούντων
2380 1464 2461 1529 δὲ,
2503 1467 2568 1536 τῇ
2604 1467 2958 1539 καρποφορίᾳ
2988 1468 3095 1520 τῶν
3133 1469 3370 1538 ἀρετῶν.

2185 1642 2401 1709 Κύριος
2424 1642 2495 1695 ἐν
2521 1642 2730 1708 αὐτοῖς
2759 1643 2831 1697 ἐν
2860 1645 3009 1697 Σινὰ
3037 1640 3117 1714 ἦν
3139 1644 3210 1698 ἐν
3242 1645 3323 1711 τῷ
3346 1647 3513 1713 ἁγίῳ.
3569 1646 3706 1700 Λεί-

2121 1752 2213 1789 πει
2266 1734 2324 1787 δὲ
2383 1735 2445 1787 τὸ
2488 1735 2578 1801 ὃς,
2642 1736 2728 1789 ἵνα
2864 1736 3144 1790 τοιοῦτον·
3180 1736 3385 1808 Κύριος
3422 1741 3479 1791 ἐν
3517 1739 3709 1805 αὐτοῖς

2124 1827 2293 1891 ἐστιν,
2321 1825 2378 1890 ὃς
2416 1829 2474 1880 ἐν
2510 1825 2590 1897 τῷ
2629 1827 2762 1882 Σινὰ
2791 1823 2861 1900 ἦν
2890 1829 3059 1883 πάλαι
3103 1829 3182 1899 τῷ
3213 1830 3374 1900 ἁγίῳ.
3409 1833 3707 1900 Περιττευ-

2125 1920 2292 1991 ούσης
2317 1920 2419 1990 τῆς
2455 1921 2526 1975 ἐν
2555 1920 2634 1991 τῷ
2665 1919 2807 1993 ἁγίῳ
2856 1922 3209 1992 προθέσεως-ο
3252 1919 3334 1988 εἷς
3369 1924 3479 1994 γὰρ
3523 1926 3552 1977 ὁ
3608 1927 3712 1980 καὶ

2126 2014 2244 2067 ἐκεῖ
2267 2014 2362 2067 καὶ
2393 2014 2632 2068 ἐνταῦθα
2657 2014 2969 2084 νομοθετῶν
2992 2033 3007 2048 ·
3060 2016 3218 2084 ἅγιον
3248 2016 3307 2070 δὲ
3349 2017 3410 2069 τὸ
3438 2018 3591 2082 Σινᾶ,
3629 2019 3711 2083 ὡς

2127 2106 2417 2173 ἁγιασθὲν,
2454 2109 2522 2179 τῇ
2569 2108 2842 2180 ἐπιδημίᾳ
2867 2106 2963 2162 τοῦ
2996 2107 3155 2172 Θεοῦ,
3189 2108 3284 2161 καὶ
3319 2108 3397 2172 ὡς
3425 2109 3545 2181 Θεῷ
3570 2112 3709 2163 ἀνα-

2127 2197 2406 2267 κείμενον.

2209 2290 2456 2358 ’Δνέϐης
2498 2293 2586 2359 εἰς
2640 2291 2824 2361 ὕψος,
2873 2288 3355 2361 ᾐχμαλώτευσας
3404 2292 3718 2361 αἰχμαλω-

2127 2381 2293 2438 σίαν.
2327 2382 2421 2447 Et;
2459 2382 2521 2436 τὸ
2553 2384 2686 2455 ὕψος
2705 2384 2802 2438 τοῦ
2831 2383 3092 2456 σταυροῦ.
3129 2382 3197 2436 Ἢ
3225 2385 3308 2446 είς
3335 2383 3427 2436 τὸν
3456 2384 3717 2456 οὐρανὸν,

2128 2476 2287 2548 ὲντῷ
2317 2476 2495 2548 καιρῷ
2520 2481 2621 2548 τῆς
2668 2478 3020 2547 Ἀναλήψεως
3047 2493 3062 2509 ο
3107 2476 3356 2544 ’Λνέϐης
3387 2476 3480 2540 δὲ,
3515 2476 3605 2530 διὰ
3648 2478 3719 2530 τὸ

2130 2572 2380 2627 ἑκούσιον
2418 2572 2520 2641 τῆς
2551 2572 2896 2634 ἀναϐάσεως.
2928 2570 3019 2639 Τῷ
3040 2569 3229 2638 δόρατι
3255 2570 3312 2623 δὲ
3341 2569 3435 2622 τοῦ
3469 2570 3719 2638 σταυροῦ

2131 2663 2378 2717 καθελὼν
2417 2664 2510 2715 τὸν
2537 2661 2919 2733 τυραννοῦντα
2956 2661 3232 2722 διάϐολον,
3275 2660 3720 2732 ᾐχμαλώτευσας

2129 2758 2231 2822 τὴν
2293 2753 2677 2823 αἰχμαλωσίαν
2708 2753 2818 2805 τῶν
2870 2751 3043 2805 ἐθνῶν
3086 2753 3153 2823 ἢν
3182 2753 3391 2815 ἐκεῖνος
3444 2752 3721 2823 πρότερον

2131 2844 2561 2918 ᾐχμαλώτευσεν
2593 2844 2772 2912 ἑαυτῷ
2803 2844 2974 2897 ταῦτα
3013 2841 3595 2912 καταδουλωσάμενος.
3628 2842 3724 2893 Εἶ-

2134 2956 2270 3007 ρηκε
2297 2938 2404 3009 γὰρ
2433 2940 2462 2990 ὁ
2494 2937 2726 3007 Χριστός
2752 2952 2766 2965 ·
2798 2939 2988 2990 Ὅταν
3013 2934 3256 3005 ὑψωθῶ,
3280 2935 3525 2990 ἑλκύσω
3558 2933 3721 2989 πᾶν·

2130 3047 2204 3082 ττι
2234 3029 2384 3097 πρὸς
2406 3029 2692 3099 ἐμαυτόν.

2207 3210 2465 3274 Ἔλαϐες
2493 3206 2721 3277 δόματα
2746 3206 2816 3260 ἐν
2838 3204 3196 3275 ἀνθρώποις.
3215 3206 3276 3259 '0
3292 3205 3349 3259 δὲ
3364 3204 3715 3270 Ἀπόστολος,

2133 3300 2365 3368 Δόμαι-α
2392 3297 2637 3362 ἔδωκεν,
2692 3296 2868 3352 εἶπεν.
2910 3297 3224 3366 Ἀμφότερα
3257 3296 3315 3350 δὲ
3340 3297 3665 3365 γεγένηνται
3699 3313 3718 3331 ο

2133 3389 2429 3459 λαμϐάνων
2485 3389 2595 3458 γὰρ
2647 3388 2801 3457 παρὰ
2851 3388 2961 3441 τῶν
3002 3388 3339 3458 προσιόντων
3397 3388 3583 3442 πίστιν
3619 3389 3721 3442 καὶ

2134 3480 2514 3552 εὐχαριστίαν,
2552 3480 2726 3534 ἐδίδου
2756 3481 3080 3551 χαρίσματα
3110 3480 3371 3552 διάφορα.

2206 3755 2317 3807 Κα.
2346 3750 2456 3820 γὰρ
2487 3750 2886 3816 ἀπειθοῦντας
2914 3750 3022 3804 τοῦ
3070 3749 3566 3815 κατασκηνῶσαι.
3607 3750 3720 3804 Καὶ

2136 3843 2247 3912 γὰρ
2303 3843 2502 3904 αὐτοὺς
2555 3842 2802 3903 ἐκείνους
2832 3840 3025 3902 ἔλαϐες
3051 3881 3066 3902 ,
3098 3841 3224 3902 τοὺς
3254 3839 3523 3911 πρότερον
3551 3841 3719 3893 ἀπει-

2138 3934 2369 3997 θοῦντας
2422 3934 2770 4006 ἀνθρώπους,
2828 3933 3022 3996 ἔλαϐες
3081 3933 3139 3987 δὲ
3206 3934 3428 3997 αὐτοὺς,
3489 3933 3586 3986 ἐπὶ
3637 3933 3716 4005 τῷ

2137 4028 2567 4099 κατασκηνῶσαι
2601 4030 2659 4081 ἐν
2690 4029 2876 4092 αὐτοῖς
2905 4027 3038 4097 (59),
3095 4026 3413 4098 γενομένοις
3440 4026 3595 4092 ἄξιόν
3624 4046 3719 4081 σου

2137 4120 2582 4189 κατοικητήριον.

2208 4211 2425 4277 Κύριος
2459 4212 2492 4264 ό
2522 4210 2668 4274 Θεὸς
2700 4209 3054 4279 εὐλογητὸς,
3111 4211 3445 4279 εὐλογητὸς
3505 4213 3722 4282 Κύριος

2138 4302 2371 4373 ’ἡμέραν
2427 4303 2557 4358 καθ’
2593 4302 2852 4371 ἡμέραν.
2883 4303 3028 4374 Ὅρα
3064 4303 3159 4356 τὸν
3210 4305 3342 4374 περὶ
3402 4305 3503 4373 τῆς
3556 4305 3721 4373 ἁγίας

2139 4396 2368 4466 Τριάδος
2400 4395 2595 4459 λόγον·
2636 4394 2863 4463 Κύριος,
2910 4394 3007 4448 καὶ
3065 4396 3093 4448 ὸ
3128 4394 3282 4459 Θεὸς,
3333 4396 3428 4449 καὶ
3492 4395 3718 4466 Κύριος.

456 4484 601 4540 enim
628 4484 840 4555 Moyses
861 4485 1077 4541 dixerat
1114 4504 1130 4541 :
1158 4487 1326 4554 Audi,
1379 4487 1556 4542 Israel
1580 4488 1871 4543 :Dominus
1896 4489 2029 4543 Deus

2141 4488 2298 4542 Οὕτω
2326 4489 2435 4558 γὰρ
2464 4488 2559 4540 καὶ
2587 4484 3052 4555 Μωσῆςοεῷηκεν
3075 4502 3089 4518 ο
3144 4486 3386 4551 Ἄκουε,
3428 4484 3668 4553 Ἰσραήλ
3702 4503 3717 4519 ο

459 4586 580 4630 tuus
624 4576 763 4630 Deus
820 4592 959 4630 unus
996 4585 1074 4630 est
1097 4577 1167 4631 ³ο.
1213 4576 1281 4631 Et
1341 4594 1468 4633 cum
1510 4578 1851 4634 laudandum
1909 4597 2029 4635 eum

2141 4581 2358 4648 Κύριος
2385 4579 2418 4631 ὀ
2465 4577 2609 4640 Θεός
2656 4587 2797 4640 σου,
2848 4575 3067 4642 Κύριος
3098 4567 3188 4639 εἷς
3222 4574 3418 4627 ἐστιν.
3453 4573 3639 4628 Εἰπὼν
3665 4575 3720 4629 δὲ

458 4682 585 4724 esse
616 4669 849 4724 dixisset
901 4668 967 4722 de
1026 4668 1135 4733 die,
1158 4668 1266 4723 hoc
1287 4678 1393 4733 est,
1423 4684 1522 4739 per
1552 4678 1722 4724 totam
1759 4672 1926 4738 diem,
1954 4674 2039 4726 di-

460 4766 709 4816 ctionum
741 4761 1137 4816 obscuritatem
1173 4762 1495 4827 declaravit,
1524 4764 1752 4831 addens,
1789 4764 1857 4819 1η
1877 4765 2035 4819 diem.

459 4852 628 4907 verba
654 4850 791 4916 haec,
831 4851 904 4906 De
930 4852 1016 4906 die
1050 4853 1109 4906 in
1137 4853 1301 4920 diem,
1342 4855 1672 4924 simpliciter
1702 4858 2037 4928 intelligunt,

460 4944 567 4999 Alii
612 4952 793 5000 autem
833 4958 954 5015 pro,
988 4943 1239 5015 Semper,
1292 4942 1349 5001 et
1409 4963 1507 5018 per
1543 4948 1758 5004 dierum
1813 4965 2039 5006 succes-

462 5037 699 5093 sionem.

533 5128 861 5200 Prosperum
886 5132 988 5186 iter
1016 5131 1168 5188 uobis
1198 5132 1369 5203 faciat
1395 5130 1532 5187 Deus
1571 5132 1891 5188 salutarium
1913 5150 2039 5189 uos-

463 5226 697 5284 trorum,
731 5218 872 5275 Deus
910 5230 1111 5286 noster,
1163 5220 1305 5276 Deus
1335 5222 1558 5279 salutis.
1590 5222 1709 5278 Hoc
1754 5224 1920 5279 etiam
1987 5226 2045 5279 in

463 5308 588 5364 loco
608 5310 977 5380 contemplari
1008 5310 1138 5365 licet
1156 5325 1472 5366 sermonem
1499 5311 1569 5367 de
1601 5311 2046 5368 Trinitate.Nam

463 5407 547 5455 ter
565 5398 656 5455 hic
679 5400 969 5456 invocatur
1001 5401 1094 5456 Dei
1119 5415 1339 5455 nomen.
1364 5401 1431 5454 Et
1459 5404 1587 5471 quia
1626 5404 1681 5457 in
1714 5404 1905 5460 Graeca
1963 5406 2047 5461 le-

468 5490 652 5548 ctione
680 5491 852 5549 dictio
881 5492 1227 5556 salutarium,
1248 5503 1302 5547 et
1330 5493 1503 5548 dictio
1525 5494 1922 5564 salutum,solo
1957 5512 2050 5553 ac-

538 5665 586 5700 “
628 5666 790 5724 Joan.
827 5682 927 5737 xu,
955 5668 1047 5725 32.
1123 5669 1169 5704 δ’
1194 5666 1400 5739 Ephes.
1439 5684 1516 5736 tv,
1545 5670 1601 5727 8.
1678 5670 1724 5703 '°
1766 5671 1932 5729 Deut.
1972 5689 2050 5740 v1,
2078 5677 2134 5730 4.

2139 4670 2224 4722 ὅτι
2252 4666 2599 4735 εὐφημητέος
2626 4663 2776 4717 ἐστὶν
2799 4664 3048 4732 ἡμέραν,
3186 4663 3629 4730 συνεξακούεται,
3660 4665 3719 4717 τὸ

2153 4761 2287 4815 Ἀνὰ
2315 4758 2544 4823 πᾶσαν,
2578 4758 2878 4826 ὲσαφήνισε
2899 4758 3001 4826 τὴν
3028 4747 3351 4826 δυσχέρειαν
3372 4756 3479 4836 τῶν
3499 4757 3716 4822 λέξεων,

2146 4853 2425 4924 προσθεὶς,
2452 4851 2513 4905 τὸ
2543 4852 2690 4905 Καθ’
2728 4849 2960 4918 ἡμέραν
2983 4866 3000 4881 ·
3043 4849 3188 4911 τινὲς
3238 4849 3295 4902 δὲ
3338 4850 3398 4903 τὸ
3468 4848 3721 4919 Ἡμέραν

2144 4947 2276 5000 καθ’
2309 4943 2562 5014 ἡμέραν,
2592 4940 2781 5017 ἁπλῶς
2814 4941 3051 5008 νοοῦσιν,
3111 4940 3235 4994 avri.
3311 4940 3407 4995 τοῦ
3480 4943 3720 5012 Ἡμέρας

2145 5038 2205 5105 ἐξ
2233 5038 2472 5108 ἡμέρας.
2498 5036 2566 5089 ’Ὀ
2600 5037 2770 5096 ἐστιν,
2795 5035 2904 5091 ἀεὶ.
2937 5033 3080 5088 κατὰ
3109 5032 3363 5104 διαδοχὴν
3386 5032 3634 5113 ῂμερῶν.

2213 5129 2628 5188 Κατευοδώσαι
2662 5129 2808 5198 ἡμῖν
2832 5131 2867 5184 ἐ
2901 5126 3043 5192 Θεὸς
3065 5125 3185 5179 τῶν
3204 5126 3514 5193 σωτηρίων
3536 5124 3719 5194 ἡμῶν,

2144 5231 2180 5284 ό
2208 5227 2357 5293 Θεὸς
2391 5223 2583 5295 ἡμῶν,
2620 5225 2653 5278 ό
2676 5218 2823 5287 Θεὸς
2843 5219 2951 5274 τοῦ
2991 5216 3222 5277 σώζειν.
3261 5218 3404 5290 Ὅρα
3440 5218 3716 5272 κάνταῦθα

2141 5320 2237 5373 τὸν
2253 5317 2386 5387 περὶ
2411 5315 2513 5385 τῆς
2535 5313 2700 5382 ἁγίας
2727 5311 2961 5381 Τριάδος
2989 5310 3169 5379 λόγον.
3202 5310 3339 5380 Τρὶς
3384 5309 3494 5382 γὰρ
3547 5310 3717 5363 τέθει-

2144 5428 2236 5464 ται
2262 5410 2346 5468 τὸ.
2389 5407 2453 5460 '0
2483 5406 2647 5472 Θεὸς.
2680 5405 2795 5458 Οὐκ
2846 5403 3077 5466 ἀπεικὸς
3141 5402 3198 5455 δὲ
3253 5402 3351 5454 καὶ
3383 5416 3714 5472 σωτηρίων,

2149 5497 2589 5572 περισπωμένως
2619 5493 3040 5565 ἀναγινώσκειν.
3088 5490 3403 5563 Οὐδετὲρως
3454 5492 3555 5561 μὲν
3612 5494 3720 5563 γὰρ

1818 5759 2017 5825 Variae
2048 5760 2380 5827 lectiones.

540 5859 653 5929 (39)
686 5858 871 5917 Grzcce
900 5859 1058 5928 {actis
1086 5863 1302 5932 dignum
1328 5871 1374 5917 te
1414 5863 1800 5919 habitaculum.
