4064 6422
264 361 375 423 673

1434 363 1582 422 COM
1595 363 1826 425 MENT.
1858 364 1936 424 1N
1982 367 2119 425 PSA
2130 367 2347 429 LMOS.

3434 378 3548 443 6'."

261 484 414 540 παρο
428 472 739 538 ξυτονείται
772 486 784 500 ·
815 470 1067 542 θηλυκῶς
1089 470 1147 524 δὲ
1199 474 1537 543 περισπᾶται
1570 490 1582 502 ο
1633 474 1861 545 λέγομεν

1970 486 2132 531 centu
2166 477 2451 545 diﬂcrunt,
2483 480 2651 552 aliqui
2675 482 2844 538 etiam
2880 483 3055 541 Deum
3079 485 3545 559 salutumlegunt,

260 564 377 632 γάρ
406 564 506 615 καὶ
535 563 600 615 τὸ
634 562 957 630 σωτήριον,
996 561 1092 616 καὶ
1152 563 1190 630 ἠ
1251 564 1536 641 σωτηρία.
1574 564 1647 616 Τὸ
1702 565 1758 619 δὲ
1796 566 1858 620 '0

265 654 418 718 Θεὸς
452 652 574 706 τῶν
607 654 925 722 σωτηρίων
948 651 1137 721 ήμῶν,
1187 654 1282 708 καὶ
1323 654 1405 719 τὸ,
1445 656 1501 707 Ὀ
1551 656 1696 722 Θεὸς
1752 658 1859 713 τοῦ

262 743 502 808 σώζειν,
536 744 598 796 τὸ
618 744 752 797 αὐτὸ
787 744 1155 814 σημαίνουσιν
1197 760 1214 776 ’
1271 744 1378 809 ὅτι,
1415 745 1474 799 '0
1509 746 1713 818 Κύριος
1748 749 1856 802 τῶν

266 835 562 905 σωηρέων
589 833 772 905 ἡμῶν,
793 838 822 888 ὀ
854 835 1059 906 Κύριος
1089 835 1183 889 τοῦ
1243 835 1441 900 σώζειν
1473 854 1489 869 ·
1533 838 1588 905 ἦ,
1637 839 1695 893 '0
1726 839 1860 903 Θεὸς

262 929 294 979 ὁ
329 927 519 997 σωτὴρ
552 926 739 997 ἡμῶν,
771 928 799 979 ὁ
828 926 1004 989 Θεδςό
1030 925 1245 989 σώζων.

339 1018 450 1070 Καὶ
494 1016 603 1070 τοῦ
635 1017 859 1084 Κυρίου
886 1019 947 1071 αι
976 1016 1237 1081 διέξοδοι
1273 1018 1381 1072 τοῦ
1420 1020 1705 1076 θανάτου.
1743 1024 1857 1094 Τῆς

263 1105 556 1176 δυνάμεως
585 1104 680 1158 τοῦ
718 1105 855 1158 Θεοῦ
883 1107 1001 1159 ἐστι
1028 1106 1089 1159 τὸ
1117 1107 1340 1176 ἐξάγειν
1364 1110 1430 1162 ἐκ
1483 1110 1716 1164 θανάτου
1776 1114 1859 1176 είς

264 1198 441 1267 ζωήν.
472 1197 718 1251 Θάνατον
745 1197 803 1252 δὲ
837 1198 949 1253 νόει.
996 1200 1092 1253 καὶ
1148 1200 1241 1253 τὸν
1307 1200 1559 1269 φυσικὸν,
1617 1206 1713 1256 καὶ
1759 1205 1860 1274 τὴν

266 1290 571 1359 ἁμαρτίαν.
613 1290 672 1342 Ὀ
700 1293 800 1358 μέν
824 1291 933 1361 γὰρ
960 1294 1147 1362 νεκροῖ
1172 1295 1234 1345 τὸ
1254 1292 1414 1362 σῶμα
1466 1294 1603 1360 πρὸς
1630 1297 1729 1358 τὰς
1759 1315 1860 1364 cpu-

265 1382 436 1444 σικάς
475 1381 763 1451 ἐνεργείας
797 1399 813 1416 ’
841 1384 869 1435 ὁ
898 1384 955 1437 δὲ
981 1383 1081 1455 τὴν
1110 1384 1315 1456 ψυχὴν,
1350 1387 1490 1457 πρὸς
1540 1388 1639 1452 τὰς
1669 1390 1860 1461 ἐναρέ-

264 1488 413 1535 τους.
439 1472 542 1543 Είη
566 1472 610 1524 δ’
650 1473 717 1527 ἂν
782 1473 941 1527 τοῦτο
998 1477 1093 1529 καὶ
1124 1477 1454 1558 ιπρόρρησις
1506 1480 1637 1548 περὶ
1666 1480 1767 1547 τῆς
1797 1482 1861 1533 ἐκ

265 1560 485 1630 νεκρῶν
509 1560 882 1628 ἀναστάσεως,
910 1564 1006 1617 τοῦ
1050 1566 1305 1636 Σωτῆρος
1329 1584 1344 1599 ο
1378 1564 1473 1620 τοῦ
1525 1568 1631 1639 γάρ
1693 1569 1859 1623 αὑτοῦ

267 1653 470 1722 γέγονε
503 1653 723 1724 πρῶτον
748 1657 780 1725 ἡ
807 1655 1044 1720 διέξοδος
1075 1659 1172 1711 τοῦ
1205 1657 1462 1713 θανάτου.
1498 1659 1862 1725 διεξελθόντος

265 1744 464 1810 αὑτοῦ,
495 1747 592 1801 καὶ
613 1746 949 1811 ἀναστάντος
976 1748 1161 1819 σαρκί.

340 2012 518 2079 Πλὴν
547 2015 582 2067 δ
616 2013 761 2081 Θεὸς
790 2016 1134 2072 συνθλάσει
1165 2018 1440 2086 κεφαλὰς
1472 2018 1595 2072 τῶν
1626 2017 1859 2085 ἐχθρῶν

266 2104 480 2158 αὐτοῦ.
509 2104 622 2170 Τάς
652 2108 1006 2179 κυριωτάτας
1056 2108 1321 2178 δυνάμεις
1381 2109 1493 2161 τῶν
1544 2109 1856 2179 δαιμόνων·

268 2194 328 2244 ἐν
358 2196 426 2263 τῇ
454 2196 667 2267 κεφαλῇ
694 2198 805 2267 γὰρ
833 2201 890 2252 αἱ
919 2200 1263 2270 κυριώταται
1317 2201 1581 2269 δυνάμεις
1623 2201 1717 2255 τοῦ
1755 2201 1862 2254 σώ-

270 2301 467 2351 ματος.
500 2286 823 2357 Περιττεύει
850 2289 908 2342 δέ
939 2289 1220 2345 κάνταῦθα
1251 2292 1314 2344 τὸ
1335 2291 1534 2360 Πλήν.
1567 2291 1680 2363 (40)
1719 2292 1856 2345 Συν-

272 2376 454 2445 eam;
482 2377 541 2432 δέ
571 2379 768 2447 είπεῖν,
822 2381 1331 2454 συνθλάσεινοητῶς
1349 2384 1446 2447 τὰς
1467 2383 1663 2455 νοητὰς
1675 2382 1858 2437 αὐτῶν

277 2467 535 2535 κεφαλάς.

1965 571 2022 617 et
2066 580 2267 621 sensus
2315 567 2457 621 idem
2498 578 2606 624 est.
2646 570 2713 625 Et
2747 574 2893 643 quod
2925 576 3180 646 sequitur
3216 596 3230 632 :
3269 577 3408 634 Deus
3451 595 3546 634 sa-

1966 655 2118 722 Iutis,
2155 656 2221 712 ad
2265 659 2519 714 eumdem
2561 676 2785 717 sensum
2830 666 3087 734 pertinet,
3110 683 3173 724 ac
3205 669 3253 724 si
3282 669 3492 725 diceret
3522 686 3540 725 :

1966 746 2113 803 Deus
2139 748 2385 805 salvator
2410 761 2617 818 noster,
2651 762 2708 809 et
2737 755 2876 811 Deus
2902 757 3148 815 salvans.

2041 1009 2106 1063 Et
2194 1012 2407 1067 Domini
2476 1017 2649 1070 exitus
2738 1021 2944 1073 mortis.
3041 1022 3124 1079 Ad
3192 1032 3540 1093 potestatem,

1968 1101 2169 1171 inquit,
2204 1102 2296 1158 Dei
2328 1107 2592 1174 pertinet,
2614 1117 2672 1161 ιιι
2697 1124 2726 1162 a
2765 1119 2940 1165 morte
2970 1112 3096 1180 quis
3123 1114 3191 1166 ad
3224 1116 3389 1169 vitam
3412 1116 3547 1171 edu-

1966 1204 2148 1250 catur.
2170 1194 2271 1249 Pcr
2300 1206 2532 1253 mortem
2573 1215 2733 1264 vero,
2768 1212 2823 1256 et
2851 1202 2999 1256 illam
3033 1203 3336 1274 intelligere
3365 1216 3544 1276 potes,

1967 1303 2091 1356 qua:
2145 1290 2398 1358 corporis
2452 1293 2808 1361 operationes
2858 1296 3411 1365 exstinguit:ipsam
3462 1297 3547 1352 ni-

1968 1380 2168 1433 mirum
2208 1383 2517 1436 naturalem
2550 1394 2778 1437 mortem
2806 1400 2822 1450 ;
2857 1395 2912 1440 ct
2934 1387 3104 1452 illam,
3126 1403 3247 1457 qua:
3278 1388 3547 1444 virtutum

1967 1472 2318 1545 operationcs
2345 1473 2398 1525 in
2430 1475 2609 1526 animo
2647 1476 2967 1540 mortilicat,
3005 1492 3169 1545 quam
3202 1479 3548 1548 appellamus

1969 1572 2277 1631 peccatum.
2326 1564 2407 1618 Ab
2430 1572 2665 1632 utraque
2688 1566 2834 1619 enim
2854 1577 3028 1620 morte
3052 1574 3233 1635 potest
3264 1567 3409 1622 Deus
3445 1584 3550 1623 nos

1971 1654 2229 1708 liberare.
2291 1650 2521 1724 lntelligi
2575 1658 2742 1708 etiam
2796 1665 3031 1724 possunt
3083 1657 3197 1711 lucc
3239 1660 3431 1722 verba,
3490 1667 3551 1713 ut

1975 1745 2321 1816 prepbetiam
2357 1747 2677 1799 contineant
2698 1745 2765 1799 de
2787 1748 3091 1801 Salvatoris
3115 1750 3547 1814 resurrectione,

1882 1842 1928 1898 Β
1958 1838 2052 1907 qui
2085 1838 2301 1905 primus
2342 1838 2475 1891 exiit
2510 1854 2538 1891 a
2580 1846 2777 1894 morte.
2827 1836 2904 1892 Ea
2939 1840 3143 1894 etenim
3195 1850 3457 1910 superata
3490 1840 3546 1895 in

1957 1945 2057 1983 sua
2090 1944 2281 1993 carne,
2313 1946 2506 1983 rursus
2535 1932 2873 1984 resurrexit.

2035 2013 2197 2070 Vnus.
2239 2016 2333 2071 22.
2382 2015 2758 2071 Verumtamen
2809 2017 2945 2072 Deus
3003 2020 3296 2091 confringet
3359 2022 3542 2089 capita

1958 2105 2295 2158 inimicorum
2342 2122 2584 2159 suorum.
2626 2106 3074 2175 Principaliores,
3125 2111 3324 2179 inquit,
3378 2120 3544 2180 atque

1959 2194 2307 2248 efﬁcaciores
2360 2194 2673 2249 daemonum
2710 2199 2990 2266 potentias
3020 2200 3354 2271 confringet,
3405 2216 3547 2272 quas

1963 2285 2146 2354 capita
2172 2285 2296 2340 ideo
2327 2287 2644 2356 appellavit,
2689 2289 2818 2357 quia
2850 2290 2904 2343 in
2961 2293 3143 2360 capite
3186 2293 3453 2362 potiores,
3483 2308 3551 2349 ac

1967 2376 2244 2445 pracipue
2290 2387 2422 2432 sunt
2463 2379 2638 2434 nostri
2670 2382 2922 2449 Corporis
2956 2382 3120 2438 vires.
3159 2383 3415 2439 Abundat
3443 2384 3550 2441 hoc

1970 2467 2027 2522 in
2087 2468 2213 2522 loco
2299 2469 2498 2535 dictio,
2554 2482 2939 2527 verumtamen.
2988 2474 3316 2543 Hujusmodi
3363 2486 3546 2532 autem

270 2562 709 2619 tonitractionem
742 2565 1007 2636 capitum,
1042 2581 1152 2621 non
1184 2568 1457 2635 intelliges
1483 2568 1826 2639 corporalem
1869 2578 2017 2627 esse,
2047 2577 2178 2617 cum
2202 2564 2549 2633 corporibus
2582 2575 2810 2631 careant
2872 2566 3173 2632 daemones,
3231 2570 3326 2625 sed
3394 2573 3549 2629 intcL

270 2652 600 2721 lectualiter,
660 2672 784 2713 cum
826 2670 881 2714 et
924 2660 1027 2730 ipsi
1087 2660 1488 2715 intellectuales
1550 2662 1663 2716 sint
1712 2656 2061 2716 substantiae.

342 2745 635 2815 Κορυφὴν
670 2748 874 2816 τριχὸς
904 2747 1431 2819 διαπορευομένων
1461 2750 1530 2804 ἐν
1579 2754 1858 2821 πλημμε-

266 2838 471 2904 λεΙαις
491 2837 711 2893 αὐτῶν.
748 2840 872 2893 Τῶν
893 2840 1396 2911 διαπορευομένων,
1450 2842 1631 2896 εῐτουν
1686 2858 1859 2895 κατα-

272 2929 599 2983 Μτοὺντων
627 2930 726 3003 τὴν
762 2931 1011 3003 κορυφὴν
1055 2931 1157 3001 τῆς
1188 2932 1363 3002 κόμης
1387 2932 1500 3003 (41)
1536 2932 1644 2986 τῶν
1678 2934 1861 3002 ἁμαρο

269 3021 409 3075 τιῶν
446 3037 465 3055 ο
513 3023 677 3092 τρίχα
704 3023 813 3093 γὰρ
836 3022 931 3076 νῦν
960 3022 1061 3094 τὴν
1093 3023 1272 3094 κόμην
1327 3026 1561 3094 νοήσεις.
1594 3024 1865 3077 Καταπα-

270 3111 515 3165 ςούντων
543 3111 601 3165 δὲ
639 3112 833 3184 αὐτὴν,
881 3115 940 3166 ἐν
971 3113 1051 3182 τῷ
1081 3114 1431 3184 πλημμελεῖν
1480 3112 1700 3177 αὐτούς.
1734 3113 1864 3166 Ὅτε

269 3205 384 3275 γὰρ
417 3204 830 3275 ἁμαρτάνουσιν
856 3204 1159 3276 ἄνθρωποι,
1182 3206 1303 3258 τότε
1320 3204 1371 3258 οἱ
1391 3205 1648 3275 δαίμονες
1684 3221 1858 3258 κατα-

271 3293 544 3347 πατοῦσιν
613 3297 812 3359 αὐτοὺς
866 3295 1345 3364 ὑποτεταγμένους
1402 3295 1526 3367 ἤδη.
1591 3297 1748 3348 Ἔστι
1803 3296 1862 3349 δέ

272 3386 369 3439 καὶ
401 3385 581 3447 ἄλλως
609 3387 788 3440 εἰπεῖν
811 3402 827 3418 ο
863 3385 974 3438 τῶν
1006 3385 1122 3456 (42)
1156 3384 1660 3456 διαπορευομένων,
1692 3383 1720 3437 ὃ
1744 3385 1862 3469 ἐστι

269 3476 719 3546 διερευνωμὲνων
741 3478 799 3531 ἐν
826 3480 949 3543 ταῖς
976 3476 1384 3548 πλημμελείαις
1400 3477 1509 3531 τῶν
1535 3476 1861 3546 ἀνθρώπων,

270 3563 441 3634 τρίχα
468 3565 713 3635 κορυφῆς
750 3565 873 3620 κατ’
900 3566 1204 3639 ἐναλλαγήν
1232 3585 1246 3599 ο
1277 3566 1550 3631 τουτέστι,
1583 3566 1643 3619 τὸ
1670 3566 1864 3619 λεπτό-

269 3670 439 3707 τατον
466 3656 771 3728 ἁμάρτημα
792 3655 889 3711 τοῦ
912 3657 1226 3731 ἀνθρώπου.
1269 3656 1617 3726 Ἑξετάζουσι
1637 3660 1747 3730 γὰρ
1770 3659 1865 3713 καὶ

268 3747 343 3799 τά
368 3745 619 3813 τοιαῦτα,
651 3748 795 3803 κατὰ
823 3748 915 3804 τὸν
977 3750 1169 3822 καιρὸν
1227 3750 1336 3804 τῶν
1397 3750 1726 3820 λογοθεσίων
1766 3752 1865 3822 τῆς

269 3838 476 3911 eum.

350 4018 501 4077 Εἷπε
528 4025 743 4090 Κύριος
779 4040 795 4056 ο
827 4023 931 4079 Ἐκ
976 4024 1188 4079 Bucar
1241 4023 1607 4094 ἐπιστρέψω.
1651 4025 1718 4078 Ἦ
1761 4026 1864 4079 Βα-

274 4117 404 4179 σᾶν,
439 4116 746 4185 αὶσχύνην
775 4115 1105 4188 ἐρμηνεύει·
1149 4116 1485 4188 ἐπέστρεψεν
1529 4116 1624 4170 οὖν
1655 4118 1782 4180 τοὺς
1804 4117 1864 4185 ἐξ

270 4206 452 4260 ἐθνῶν
477 4207 587 4260 ἀπὸ
608 4208 712 4277 τῆς
741 4206 1011 4278 αἰσχύνης
1025 4206 1135 4261 τῶν
1161 4208 1422 4274 εἰδώλων,
1484 4209 1580 4263 καὶ
1637 4209 1737 4279 τῆς
1784 4210 1867 4262 air

273 4297 488 4369 σχύνης
511 4299 610 4364 τῆς
644 4300 943 4369 ἁμαρτίας.

360 4391 743 4459 Ἐπιστρέψω
769 4391 841 4444 ἐν
870 4391 1091 4458 βυθοῖς
1120 4392 1461 4460 θαλάσσης.
1529 4390 1866 4462 Ἑπέστρεψε

270 4485 332 4537 δέ
360 4486 565 4547 αὐτοὺς
599 4486 707 4538 ἀπὸ
748 4486 845 4555 τῆς
901 4485 1240 4556 δηλωθείσης
1293 4484 1580 4554 αἰσχύνης,
1632 4485 1722 4537 διὰ
1771 4482 1865 4536 τοῦ

2034 2744 2290 2800 Verticem
2361 2747 2544 2815 capilli
2620 2748 3109 2817 perambulantium
3211 2755 3269 2809 in
3337 2756 3547 2811 delicti!

1964 2852 2171 2891 eorum.
2246 2836 2600 2908 Confringet,
2673 2840 2877 2908 inquit,
2938 2845 3118 2911 capita
3193 2845 3548 2903 inimicorum

1957 2925 2458 2995 perambulantium
2506 2928 2764 2982 verticem
2794 2932 3003 3000 capilli,
3032 2933 3136 2987 hoc
3171 2944 3277 2999 est,
3310 2939 3547 2991 concul-

1970 3018 2216 3072 cantium
2268 3020 2530 3075 verticem
2584 3036 2777 3087 comae,
2803 3038 2972 3077 comm
3010 3024 3133 3079 dico
3176 3027 3552 3095 quorumlibet

1963 3107 2428 3176 delinquentium.
2458 3109 2732 3179 Capillum
2762 3113 2908 3165 enim
2939 3112 3029 3167 hic
3068 3113 3210 3169 dixit
3234 3130 3337 3184 pro
3367 3130 3548 3171 coma.

1889 3233 1933 3294 ο
1965 3201 2311 3254 Conculcare
2350 3216 2480 3257 vero
2536 3202 2978 3272 delinquentium
3019 3221 3235 3260 comam
3291 3208 3552 3263 dicuntur

1965 3293 2266 3357 daemones,
2293 3308 2357 3349 eo
2390 3295 2535 3363 quod
2579 3305 2904 3363 peccatores
2939 3313 3191 3367 quosque
3219 3298 3388 3353 veluti
3440 3299 3551 3354 sibi

1965 3385 2251 3455 subjectos
2301 3389 2658 3442 conculcant.
2698 3387 3002 3444 Possumus
3043 3391 3549 3456 etiam,immutato

1964 3493 2244 3546 sermone,
2297 3480 2459 3535 aliter
2491 3496 2770 3551 exponere
2801 3521 2818 3547 ,
2882 3482 3030 3551 quod
3086 3481 3398 3553 confringet
3442 3482 3551 3539 Do-

1966 3571 2150 3626 minus
2184 3572 2364 3642 capita
2395 3573 2683 3629 hominum
2718 3561 3260 3643 perambulantium,
3300 3577 3403 3631 hoc
3441 3587 3550 3638 est.

1965 3658 2412 3729 investigandum
2438 3660 2492 3714 in
2516 3659 2732 3713 delictis
2752 3660 3004 3715 humanis
3022 3662 3281 3732 capillum
3305 3663 3550 3728 verticis,

1965 3747 2070 3801 hoc
2093 3756 2198 3811 est,
2227 3750 2554 3803 tenuissima
2594 3763 2827 3818 quaeque
2850 3749 3133 3803 hominum
3169 3761 3415 3820 peccata.
3445 3753 3552 3805 Ex-

1965 3840 2195 3909 quirunt
2218 3840 2422 3894 etenim
2447 3840 2726 3895 daemones
2741 3840 2903 3893 etiam
2930 3842 3045 3895 haec
3069 3842 3315 3905 minima,
3334 3844 3555 3912 quoties

1966 3933 2208 3987 animam
2244 3932 2487 3986 viderint
2519 3932 2791 3986 rationem
2831 3931 2942 3985 Deo
2969 3948 3090 3986 esse
3124 3934 3490 3988 reddituram.

2031 4021 2304 4078 Vsas.23.
2329 4022 2474 4076 Dixit
2516 4021 2776 4077 Dominus
2814 4040 2828 4075 :
2875 4021 2958 4075 Ea:
2990 4021 3171 4075 Busan
3219 4034 3542 4080 convertam.

1968 4112 2147 4168 Basan
2191 4114 2570 4169 confusionem
2596 4115 2891 4183 sigmftcat.
2911 4128 3007 4168 seu
3031 4114 3247 4168 sordes.
3271 4114 3556 4172 Convertit

1966 4207 2135 4275 igitur
2172 4206 2314 4259 Deus
2335 4220 2429 4259 eos
2467 4205 2560 4273 qui
2598 4204 2784 4259 ﬁdeles
2819 4205 3047 4258 fuerunt
3082 4219 3149 4258 ex
3193 4206 3452 4275 gentibus
3479 4209 3554 4263 ab

1969 4299 2239 4353 idolorum
2269 4296 2619 4357 confusione.
2640 4305 2805 4366 atque
2832 4311 2860 4350 a
2887 4295 3145 4351 sordibus
3173 4305 3549 4367 peccatorum.

2042 4388 2353 4445 Couvertam
2390 4390 2443 4443 in
2474 4389 2760 4458 profundis
2805 4388 2996 4441 maris.
3032 4386 3321 4444 Convertit
3362 4398 3549 4445 autem

1971 4496 2069 4536 eos
2102 4480 2246 4535 Deus
2285 4495 2313 4533 a
2360 4479 2643 4542 sordibus,
2686 4485 2748 4531 ut
2795 4478 3064 4544 diximus,
3121 4486 3287 4546 atque
3343 4478 3447 4534 hoc
3497 4479 3553 4534 in

274 4577 441 4646 ἁγίου
470 4575 851 4646 βαπτίσματος
881 4593 895 4608 ο
924 4577 1084 4641 τοῦτο
1136 4578 1245 4647 γὰρ
1314 4578 1474 4631 καλεῖ
1524 4577 1719 4647 βυθοὺς
1768 4576 1861 4632 θα-

1970 4588 2129 4628 sacro
2178 4570 2523 4642 baptismatis
2571 4570 2813 4631 lavacro,
2868 4568 3012 4639 quod
3044 4566 3546 4637 profunda’maris

275 4669 513 4738 λάσσης,
545 4666 634 4722 διὰ
655 4669 716 4721 τὸ
752 4668 994 4738 βυθίζειν
1022 4670 1121 4736 τὴν
1182 4668 1456 4738 ἁλμυρὰν,
1514 4669 1610 4723 καὶ
1661 4669 1861 4738 πικράν

1966 4661 2290 4735 appellavit.
2323 4662 2382 4716 ln
2413 4676 2479 4717 eo
2513 4661 2718 4715 etenim
2752 4659 2899 4714 Deus
2931 4674 3181 4728 amarum
3216 4674 3281 4713 ac
3316 4659 3559 4729 salsugi-

276 4759 586 4828 ἁμαρτίαν.
617 4761 757 4829 Φησὶ
780 4759 891 4829 γάρ
926 4761 1022 4813 καὶ
1085 4759 1328 4828 Μιχαίας
1355 4776 1370 4789 ο
1449 4758 1684 4824 Αὐτοὺς
1744 4758 1861 4811 ἐπι-

1972 4771 2171 4811 nosum
2202 4753 2467 4809 demersit
2502 4758 2820 4822 peccatum,
2866 4750 3333 4819 quemadmodum
3369 4761 3425 4804 et
3456 4749 3560 4805 Mi-

278 4851 556 4919 στρέψει,
597 4850 697 4904 καί
723 4851 969 4916 ἐλεήσει
1004 4851 1188 4919 ἡμᾶς,
1227 4850 1328 4905 καί
1358 4852 1737 4905 κατακλύσει
1766 4850 1861 4916 τὰς

1968 4849 2153 4904 chazas
2180 4845 2450 4916 propheta
2476 4843 2734 4914 praedixit
2766 4859 2794 4908 :_
2819 4840 2966 4913 Ipse,
2988 4842 3270 4910 inquiens,
3289 4852 3553 4898 convertet

277 4944 572 5012 ἁμαρτίας
597 4941 781 5010 ἡμῶν.
798 4942 906 4996 Καὶ
932 4941 1484 5011 ἁπορῤιφθήσονται
1509 4944 1597 5008 είς
1619 4940 1693 4995 τὰ
1708 4940 1861 5007 βάθη

1970 4955 2089 5002 nos,
2163 4947 2214 4991 et
2272 4935 2607 4990 miserebitur
2665 4933 2856 4996 nostri,
2928 4942 2977 4987 et
3035 4931 3285 4987 dissolvet
3334 4939 3553 5001 peccata

281 5033 396 5100 τῆς
429 5033 750 5101 θαλάσσης
801 5032 927 5088 Εἶεν
959 5034 1003 5087 δ’
1024 5034 1090 5087 ἂν
1119 5034 1273 5104 βυθοὶ
1330 5033 1631 5103 θαλάσσης,
1670 5034 1768 5086 καὶ
1794 5033 1861 5085 τὰ

1974 5038 2159 5083 nostra
2205 5039 2251 5081 et
2282 5027 2638 5097 projicientur
2696 5026 2751 5078 in
2802 5024 3071 5095 profunda
3127 5025 3293 5077 maris
3326 5022 3395 5076 ".
3444 5019 3554 5075 Per

287 5126 428 5196 βάθη
463 5126 561 5195 τῆς
584 5128 884 5196 ἁμαρτίας,
908 5127 1087 5180 εἴτουν
1114 5125 1182 5179 τὰ
1213 5122 1576 5195 χαλεπώτατα
1610 5124 1861 5194 πλημμε-

1976 5120 2250 5194 profunda
2281 5121 2450 5175 etiam
2490 5118 2682 5184 maris,
2705 5127 3053 5188 peccatorum
3091 5114 3549 5185 profunditatem,

284 5220 510 5290 λήματα
530 5235 544 5251 θ
586 5219 682 5290 ἀφ’
708 5216 783 5274 ὧν
813 5218 1152 5290 ἐπέστρεψεν
1176 5219 1379 5281 αὐτοὺς
1404 5220 1432 5271 ὁ
1457 5217 1612 5281 Θεὸς,
1663 5217 1868 5283 ἐξαγα-

362 5380 406 5410 "
438 5379 602 5437 Mich.
635 5395 732 5446 vn,
774 5379 862 5434 19.

1981 5217 2087 5269 hoc
2116 5222 2224 5281 est,
2258 5212 2583 5283 gravissima
2617 5226 2850 5283 quasque
2880 5207 3105 5269 delicta,
3138 5217 3428 5275 possumus
3461 5201 3552 5253 in-

1629 5440 1833 5526 Variie
1864 5463 2201 5526 lectiones.

362 5577 473 5646 (40)
504 5579 801 5644 Συντόμως
830 5579 883 5627 et
912 5571 1124 5649 ﬁdelius
1142 5571 1339 5649 εἰπεῖν,
1364 5566 1688 5649 vertendum
1707 5575 1824 5649 erat
1854 5583 1870 5619 :

290 5635 595 5717 Con/ringet
618 5635 821 5717 autem,
849 5654 902 5694 ut
940 5642 1159 5717 breviter
1188 5641 1384 5702 dicam,
1418 5635 1870 5703 intellectualiter,

288 5710 670 5772 intellectitatiu
714 5716 947 5790 ipsorum
987 5710 1182 5790 capita.
1217 5789 1221 5790 γ
1462 5777 1473 5790 .

367 5791 473 5860 (ιι)
507 5789 724 5843 Mallem
763 5780 1130 5852 ἁμαρτωλῶν,
1173 5789 1232 5835 ιιι
1259 5780 1427 5835 vertit
1462 5780 1757 5846 interpres.

2054 5564 2166 5638 (42)
2200 5564 2260 5617 τό
2282 5565 2552 5638 hominum
2602 5562 2745 5631 quod
2782 5563 3054 5638 interpres
3094 5552 3302 5638 addidit
3324 5551 3549 5638 desito,

1984 5637 2117 5688 satis
2142 5635 2402 5691 ostendit.
2438 5649 2561 5687 eum
2590 5632 2833 5685 auctoris
2881 5642 3103 5684 sensum
3138 5632 3361 5679 minime
3397 5635 3552 5676 asse-

1984 5716 2173 5757 cutum
2208 5718 2349 5758 esse.
2377 5703 2569 5771 Neque
2594 5701 2741 5754 enim
2773 5702 2840 5755 de
2886 5696 3199 5771 hominibus
3230 5707 3414 5750 sermo
3443 5697 3548 5755 est,
3633 5730 3639 5735 .

1977 5790 2164 5829 verum
2197 5772 2266 5830 de
2295 5768 2659 5838 daemonibus,
2695 5779 2756 5825 ut
2801 5768 2997 5840 legenti
3025 5774 3195 5835 patet.
