4064 6430
479 368 587 430 675

1699 315 2055 428 ΕὖΤΠΥΜΙ

2164 357 2496 419 ζιΟΑΒΕΝΙ
3650 359 3754 421 676

482 481 733 552 telligere
771 495 785 532 ι
823 497 851 535 a
903 484 1105 552 quibus
1151 483 1367 537 delictis
1415 481 1692 534 convertit
1745 491 1846 532 nos
1895 474 2062 538 Deus,

2172 469 2286 538 γὼν
2309 470 2389 532 εἰς
2410 468 2526 536 φῶς
2555 467 2777 538 ἀρετῆς.
2824 465 3089 520 Ἐνταῦθα
3143 466 3200 520 δὲ
3232 467 3294 520 τὸ
3365 469 3467 521 Ἐν
3513 469 3754 534 βυθοῖς,

486 575 555 626 ad
585 573 803 626 virtutis
841 575 1016 628 lucem
1043 576 1347 628 adducens.
1390 573 1453 625 Et
1478 572 1634 640 juxta
1664 571 1811 623 hunc
1838 582 2062 622 sensum

483 661 631 728 quod
667 661 802 716 dicit
836 660 901 714 In
924 664 1225 731 pro/undis,
1257 676 1521 730 expones,
1571 674 1671 730 pro
1709 657 1791 710 Ea:
1842 657 2064 726 profun-

482 753 587 818 dis,
625 762 681 804 nt
709 754 782 806 sit
810 756 1126 822 prmpositin
1160 767 1259 820 pro
1292 748 1704 819 praepositione.

554 843 719 898 VEBS.
755 844 847 896 24.
881 844 948 897 Ut
980 845 1284 912 intingatur
1310 860 1397 909 pes
1432 851 1550 894 tuus
1573 841 1624 893 in
1651 833 2062 908 sanguine.lloc

480 947 662 988 autem
703 932 899 994 facies,
930 949 962 985 ο
997 932 1249 993 Domine,
1288 943 1343 985 nt
1380 947 1553 986 saevos
1579 943 1808 998 prorsus
1833 941 2062 994 superes

479 1023 784 1078 dmmones.
834 1021 930 1077 Est
959 1024 1108 1078 enim
1143 1038 1327 1078 sermo
1359 1021 1795 1090 metaphoricus.
1837 1026 1888 1070 et
1947 1024 2062 1068 tra-

480 1124 608 1168 ctus
639 1129 668 1166 a
731 1123 1085 1169 strenuorum
1141 1116 1377 1168 militum
1427 1113 1755 1177 certamine,
1790 1109 1886 1179 qui
1937 1124 2063 1162 cum

479 1203 687 1259 fuerint
715 1207 976 1270 victores,
1040 1221 1312 1259 caesorum
1351 1204 1594 1258 hostium
1621 1204 1889 1256 cadavera
1927 1217 2063 1255 con-

478 1296 781 1362 scendunt,
831 1304 885 1348 et
939 1297 990 1348 in
1037 1295 1297 1350 deﬂuenti
1351 1295 1621 1364 sanguine
1671 1293 1839 1363 pedes
1891 1293 2064 1345 intin-

473 1399 632 1456 gunt.
702 1386 1032 1453 llujnsmodi
1090 1387 1456 1442 translatione
1513 1387 1686 1439 utitur
1737 1384 1930 1446 Isaias,
1993 1399 2056 1437 ex

480 1494 721 1547 persona
758 1480 968 1533 Christi
1014 1479 1209 1534 dicens
1246 1496 1259 1532 :
1296 1477 1610 1530 Conculcavi
1649 1492 1734 1529 eos
1770 1477 1824 1528 in
1879 1475 2060 1542 furore

479 1584 612 1632 meo,
648 1580 696 1621 et
755 1570 949 1621 deduxi
1011 1570 1321 1639 sanguinem
1382 1583 1564 1628 eorum
1620 1569 1671 1619 in
1735 1577 1952 1629 terram,
2007 1575 2057 1618 et

479 1674 689 1726 aspersa
725 1669 848 1711 sunt
880 1659 1190 1712 vestimenta
1222 1675 1334 1711 mea
1406 1660 1460 1710 in
1494 1658 1714 1712 victoria
1743 1659 1807 1712 ".
1845 1658 2056 1710 Sensus

487 1746 656 1814 igitur
691 1748 982 1814 pt-msentis
1016 1746 1274 1801 versiculi
1327 1755 1433 1810 est,
1486 1746 1632 1815 quod
1685 1760 1780 1799 eos
1831 1759 2060 1814 prorsus

2173 560 2296 613 ἀντὶ
2352 557 2446 612 τοῦ
2514 557 2610 611 Ἐκ
2671 558 2850 628 βυθῶν
2897 559 3086 630 λήψῃ·
3146 557 3408 629 πρόθεσιν
3463 560 3584 614 ἀντὶ
3616 577 3752 630 προ-

2169 651 2397 715 θέσεως.

2241 831 2441 896 Ὅπως
2479 828 2747 898 ἂνβαςεῇ
2779 833 2812 883 ὁ
2831 830 2985 896 ποῦς
3003 845 3118 883 σου
3135 829 3204 882 ἐν
3233 831 3454 898 αἵματι.
3485 828 3655 883 Τοῦτο
3675 829 3753 893 δὲ,

2168 915 2213 972 ὦ
2263 921 2461 991 Κύριε,
2522 922 2790 990 ποιήσεις,
2825 921 2976 982 ὅπως
3011 921 3077 972 ἂν
3106 920 3290 973 τέλεον
3326 920 3564 990 νικήσῃς
3629 919 3756 982 τοὺς

2167 1012 2432 1083 δαίμονας
2461 1030 2474 1042 ·
2513 1011 2884 1082 μεταφορικὸς
2923 1012 2979 1064 δὲ
3002 1014 3029 1064 ὁ
3063 1011 3240 1078 λόγος.
3270 1013 3333 1063 Οἱ
3363 1011 3469 1080 γὰρ
3494 1010 3756 1072 νικῶντες

2168 1102 2226 1152 ὲν
2259 1101 2334 1171 τῷ
2367 1102 2683 1170 ἀριστεύειν
2733 1102 3156 1171 ἐπεμϐαίνοντες
3215 1105 3324 1163 τοῖς
3379 1102 3592 1170 σώμασι
3647 1100 3757 1152 τῶν

2167 1192 2531 1263 ἀνῃρημένων
2556 1193 2766 1263 ἐχθρῶν
2798 1194 3098 1263 βάπτονται
3147 1193 3276 1256 τοὺς
3315 1192 3502 1254 πόδας,
3563 1193 3621 1244 ὲν
3675 1189 3754 1258 τῷ

2167 1281 2526 1352 καταρῤἐοντι
2553 1281 2762 1334 τούτων
2791 1284 3009 1352 αἵματι.
3040 1284 3179 1353 Φησὶ
3205 1283 3315 1352 γὰρ
3338 1284 3430 1335 καὶ
3447 1281 3672 1345 Ἡσαΐας
3690 1283 3754 1334 ὲκ

2166 1375 2466 1440 προσώπου
2497 1374 2592 1426 τοῦ
2623 1375 2864 1443 Χριστοῦ
2897 1390 2912 1404 ⁸
2956 1374 3366 1441 Συτηεπάτησα
3399 1375 3625 1438 αὐτοὺς
3683 1374 3755 1426 ἐν

2167 1465 2244 1531 τῷ
2269 1465 2433 1535 θυμῷ
2465 1485 2611 1536 μου,
2653 1470 2752 1520 καὶ
2779 1468 3128 1538 κατήγαγον
3155 1470 3245 1533 εις
3276 1468 3415 1536 γῆν,
3473 1466 3540 1520 τὸ
3608 1462 3754 1534 alpa

2162 1559 2385 1624 αὐτῶν,
2456 1560 2554 1612 καὶ
2613 1562 3089 1628 κατερῤαντίσθη
3175 1559 3256 1624 τῷ
3315 1559 3753 1626 κατανικήματι

2159 1650 2362 1704 αὐτῶν
2387 1650 2463 1704 τὰ
2487 1651 2847 1721 Ιμὰτιάμου.
2876 1653 3063 1706 Ταῦτα
3111 1653 3220 1724 γὰρ
3278 1653 3346 1704 τὰ
3400 1652 3540 1722 ῥητὰ
3595 1651 3754 1703 τοῦτο

2157 1743 2440 1812 βούλονται
2499 1746 2810 1813 σημαίνειν,
2872 1745 2956 1797 ὅτι
3007 1745 3192 1798 τέλεον
3241 1745 3444 1807 αὐτοὺς
3503 1743 3748 1813 ἐνίκησε·

479 1838 781 1906 superabit.
823 1835 914 1891 Vel
958 1839 1140 1900 aliter,
1175 1836 1534 1906 intelligendo
1568 1836 1635 1888 de
1667 1835 1911 1893 Christo.
1969 1849 2063 1903 per

2170 1835 2279 1887 Kal.
2306 1834 2480 1897 ἄλλως
2505 1834 2558 1887 δὲ
2587 1834 2724 1898 ποῦς
2753 1836 2848 1888 τοῦ
2871 1837 3110 1906 Χριστοῦ
3145 1837 3178 1906 ἡ
3217 1836 3519 1906 Ἐκκλησία
3549 1833 3754 1902 λέγοιτ’

477 1929 684 1982 Christi
724 1929 918 1996 pedem
964 1931 1140 1999 ipsam
1199 1944 1500 1998 possumus
1553 1929 1854 1982 Eeclcsiaut
1899 1928 2064 1981 intel-

478 2020 670 2088 ligere,
706 2037 829 2088 qua!
891 2037 986 2088 per
1038 2021 1198 2075 ﬁdem
1246 2039 1370 2076 eum
1429 2022 1632 2090 ubique
1696 2019 1819 2074 fert.
1886 2020 2062 2088 Ipsius

479 2110 684 2162 ctenim
715 2109 979 2163 Ecclesite
1012 2119 1182 2179 caput
1215 2119 1298 2165 est
1332 2109 1613 2172 Christus,
1637 2117 1692 2162 et
1720 2109 1834 2177 ipsa
1868 2121 2062 2162 rursus

477 2187 685 2256 Christi
738 2202 934 2272 pedum
970 2203 1142 2255 vicem
1179 2213 1427 2270 praestat.
1463 2199 1588 2254 lianc
1619 2199 1787 2268 igitur
1815 2197 2061 2252 Ecclesia

480 2295 714 2349 iutincta
744 2303 830 2349 est
895 2295 948 2349 in
983 2295 1190 2347 Christi
1227 2293 1518 2364 sanguine,
1568 2306 1634 2346 eo
1671 2291 1935 2345 nimirum
1982 2291 2062 2344 si-

477 2394 640 2452 gnata
717 2391 880 2449 atque
939 2382 1192 2443 intincta,
1231 2391 1289 2434 ut
1323 2377 1788 2448 quemadmodum
1849 2377 2054 2430 ferrum

479 2477 751 2539 tinctura,
798 2477 876 2525 sic
927 2483 981 2528 et
1031 2476 1150 2543 ipsa
1202 2475 1324 2542 ejus
1376 2473 1647 2543 sanguine
1701 2470 2048 2526 consolidata

2157 1925 2246 1990 ἂν,
2278 1925 2627 1994 βαστάζουσα
2651 1927 2845 1980 τοῦτον
2879 1929 2968 1982 διὰ
2993 1928 3235 1991 πίστεως
3265 1945 3279 1958 ο
3339 1928 3463 1979 ἐπεὶ
3492 1927 3588 1979 καὶ
3620 1926 3754 1978 ταύ-

2159 2031 2260 2084 της
2299 2016 2511 2084 κεφαλὴ
2539 2015 2704 2079 αὐτὸς
2743 2016 2770 2067 ὁ
2805 2017 3042 2086 Χριστός
3071 2032 3084 2047 ·
3114 2016 3255 2087 αὕτη
3290 2015 3386 2069 οὖν
3441 2018 3620 2086 ἐδάφη
3675 2015 3754 2085 τῷ

2159 2107 2366 2177 αἵματι,
2413 2107 2507 2160 τοῦ
2581 2108 2846 2178 Χριστοῦ,
2922 2110 3323 2178 σφραγισθεῖσα
3381 2107 3580 2176 τούτῳ,
3656 2108 3754 2160 καὶ

2158 2199 2520 2269 τειχισθεῖσαι,
2591 2201 2686 2252 καὶ
2744 2201 3088 2270 στομωθεῖσα
3172 2200 3426 2271 καθάπερ
3482 2203 3548 2270 τῇ
3607 2199 3754 2269 βαφῇ

2164 2291 2392 2362 σίδηρος
2432 2309 2446 2322 ·
2485 2292 2519 2361 ἢ
2570 2293 2667 2346 καὶ
2703 2293 2783 2365 τῷ
2819 2293 3015 2363 αἵματι
3036 2291 3149 2345 τῶν
3179 2293 3273 2346 τοῦ
3332 2292 3572 2363 Χριστοῦ
3611 2307 3754 2361 μαρο

2164 2383 2348 2452 τύρων
2380 2400 2398 2417 ο
2429 2383 2464 2455 ἢ
2499 2386 2594 2438 καὶ
2627 2385 2737 2440 ⁶τῶν
2779 2385 2988 2455 νοητῶν
3043 2385 3234 2457 αἵματι
3293 2385 3404 2438 τῶν
3455 2383 3752 2456 δαιμόνων,

2158 2476 2369 2546 νοητῶς
2401 2479 2929 2550 ἀποσφαττομένων.

480 2567 651 2620 fuerit
698 2581 764 2619 ac
794 2567 1081 2629 roborata,
1132 2568 1217 2621 vel
1247 2568 1415 2619 etiam
1443 2573 1742 2634 martyrum
1775 2566 2082 2632 sanguine:
2125 2571 2346 2625 tametsi
2384 2571 2838 2628 inteilectualiter
2881 2573 3194 2629 demonum
3260 2573 3588 2643 sanguinem
3670 2569 3754 2624 in-

482 2655 866 2710 tellertnaliter
892 2657 1230 2722 occisorum,
1268 2655 1450 2724 possis
1482 2653 1649 2708 etiam
1686 2653 2014 2721 intelligere.
2052 2705 2076 2727 ς

550 2746 758 2817 Lingua
781 2763 974 2801 canum
1007 2758 1219 2800 tuorum
1249 2762 1314 2800 ex
1342 2747 1574 2799 inimicis
1601 2746 1664 2798 ab
1686 2745 1823 2814 ipso.
1847 2745 1888 2796 Δ
1911 2759 2066 2798 com~

481 2840 635 2892 muni
670 2853 838 2892 sensu
871 2855 1096 2893 rursum
1131 2839 1464 2893 sumendum
1492 2844 1578 2891 est
1620 2837 1848 2890 verbum
1885 2833 1954 2888 Ut
1983 2835 2069 2887 in-

479 2933 751 3002 tingatur.
789 2930 971 2987 Canes
1001 2940 1184 2984 autem
1221 2930 1456 2994 Christi,
1483 2929 1728 3000 episcopi
1763 2938 1917 2993 sunt,
1979 2927 2070 2996 qui

489 3024 856 3079 insidiatores
907 3025 1222 3094 expellunt,
1265 3031 1321 3077 et
1363 3022 1665 3077 rationales
1734 3035 1926 3092 greges
1981 3034 2077 3074 cu-

476 3117 986 3173 stodiunt.Horum
1026 3117 1196 3188 igitur
1227 3130 1426 3170 canmn
1459 3112 1851 3168 intellectualis
1887 3111 2072 3180 lingua

2252 2743 2317 2798 Ἠ
2357 2747 2612 2814 γλῶσσα
2642 2747 2762 2801 τῶν
2791 2746 2994 2802 κυνῶν
3033 2764 3150 2802 σου
3209 2749 3280 2813 ἐξ
3333 2747 3565 2816 ἐχθρῶν
3616 2735 3754 2812 παρ’

2169 2835 2380 2889 αὐτοῦ.
2441 2837 2574 2889 Ἀπὸ
2599 2837 2780 2890 κοινοῦ
2829 2839 3012 2905 πάλιν,
3069 2839 3131 2892 τὸ
3187 2839 3389 2904 Ὅπως
3443 2837 3751 2908 ἂνβαφῇ⁶

2171 2928 2335 2990 κύνες
2367 2927 2425 2981 δὲ
2447 2928 2542 2982 τοῦ
2579 2929 2821 3000 Χριστοῦ
2869 2932 2916 2982 ei
2987 2931 3103 3002 (43)
3149 2930 3461 2992 ἀπόστολοι,
3518 2931 3754 2986 καθυλα-

2170 3018 2430 3082 κτοῦντες
2464 3021 2574 3075 τῶν
2604 3023 2816 3091 νοητῶν
2847 3022 3048 3087 λύκων,
3102 3024 3196 3077 καὶ
3247 3025 3378 3088 τοὺς
3433 3024 3753 3089 ἐπιϐούλους

2170 3110 2597 3178 ἀποσοϐοῦντες,
2639 3115 2736 3166 καὶ
2765 3113 2835 3168 τὰ
2859 3114 3057 3183 λογικά
3087 3116 3315 3182 ποίμνια
3343 3114 3705 3183 φυλάττοντες
3733 3131 3749 3148 ο

477 3209 716 3263 intincta
746 3219 854 3274 est,
908 3208 963 3262 in
993 3209 1266 3278 sanguine
1300 3207 1585 3271 nimirum,
1617 3205 1711 3275 qui
1763 3202 2063 3274 perﬂuebat

2177 3199 2275 3255 καὶ
2303 3201 2511 3255 τούτων
2545 3205 2611 3256 ἂν
2642 3205 2675 3274 ή
2700 3207 2866 3274 νοητὴ
2896 3204 3120 3275 γλῶσσα
3137 3204 3314 3274 ὲϐάφη
3347 3205 3630 3258 λάπτουσα
3686 3207 3754 3259 ἐκ

477 3315 545 3354 ex
578 3300 846 3355 inimicis.
908 3299 1366 3355 Subandiendum
1425 3307 1511 3353 est
1545 3299 1693 3352 enim
1729 3294 1940 3365 aliquid
1997 3311 2062 3349 ex

480 3391 820 3460 pracedenti
847 3391 1156 3456 versiculo,
1216 3391 1292 3444 ita
1329 3401 1387 3443 ιιι
1425 3389 1563 3443 ordo
1595 3403 1660 3442 ac
1715 3401 1913 3442 sensus
1939 3400 2064 3456 per-

483 3483 663 3538 fectus
700 3485 812 3539 sit:
848 3482 915 3538 Ut
949 3483 1280 3552 intingatur,
1314 3482 1516 3551 inquit,
1547 3495 1738 3535 eorum
1784 3481 1969 3549 lingua
1999 3493 2064 3532 ex

478 3575 836 3628 inimicorum
869 3575 1164 3644 sanguine,
1215 3574 1425 3642 abipso
1465 3572 1573 3627 Deo
1603 3569 1765 3624 Patre
1801 3570 2062 3624 nimirum

480 3663 696 3733 adiuta.
735 3661 1047 3730 Esttautem
1083 3663 1174 3717 hic
1205 3677 1394 3718 sermo
1428 3659 1871 3729 metaphoricus.
1896 3657 2065 3714 Caesis

480 3756 755 3824 siquidem
810 3755 1078 3820 inimicis,
1110 3753 1442 3808 credentium
1485 3753 1930 3807 caneslambere
1978 3767 2068 3805 su-

479 3847 594 3901 lent
642 3845 958 3899 occisorum
1013 3845 1368 3914 sanguinem,
1428 3852 1484 3898 et
1521 3843 1746 3896 illorum
1794 3840 2064 3895 cadavera

476 3937 768 3992 dilaniare.

551 4031 715 4086 Vens.
749 4031 846 4085 25.
901 4030 1014 4084 Vixi
1045 4041 1167 4084 sunt
1199 4031 1440 4086 incessus
1464 4031 1562 4091 tui.
1597 4029 1761 4083 Deus.
1829 4028 1933 4084 Per
1981 4029 2064 4082 in-

477 4139 675 4179 cessus
707 4123 800 4177 ltie
857 4124 1112 4177 actiones
1165 4121 1374 4176 Christi
1432 4124 1487 4176 in
1551 4136 1720 4177 carne
1768 4135 2064 4176 conversa-

475 4215 819 4282 tionemque,
909 4229 972 4268 ac
1055 4214 1224 4268 vitam
1292 4213 1415 4283 ejus
1476 4214 1758 4283 intelligit,
1820 4229 2057 4282 quorum

475 4308 724 4361 omnium
782 4315 1128 4377 spectatores
1204 4309 1492 4376 apostolos
1564 4307 1739 4361 fuisse
1807 4307 2060 4376 legimus,

473 4397 634 4466 juxta
679 4397 824 4466 quod
875 4411 974 4466 per
1037 4395 1207 4450 alium
1268 4396 1597 4466 Prophetam
1659 4394 2060 4450 di‘eitur.Post

479 4489 592 4542 Iurc
626 4491 680 4542 in
713 4500 857 4542 terra
884 4489 1030 4540 visus
1074 4500 1178 4552 est,
1234 4499 1285 4543 et
1331 4505 1448 4542 cum
1501 4479 1799 4543 hominibus
1846 4505 2058 4542 conver-

473 4588 628 4630 satus
662 4587 738 4629 est
777 4578 844 4630 ⁵³.

550 4667 796 4722 Incessus
833 4670 930 4725 Dei
970 4671 1094 4736 mei,
1133 4670 1297 4742 Regis
1344 4673 1467 4737 mei,
1515 4673 1608 4742 qui
1652 4682 1730 4728 est
1757 4673 1813 4726 in
1849 4681 2053 4726 sancto.

475 4757 613 4814 Vide
643 4776 806 4830 quam
839 4762 1076 4831 ingenue
1106 4765 1299 4820 beatus
1333 4763 1524 4828 David,
1550 4765 1835 4821 Christum
1879 4764 2054 4820 fatea-

475 4862 568 4908 tur
607 4853 772 4908 Deum
807 4870 951 4920 esse,
981 4857 1146 4912 veluti
1195 4857 1290 4928 qui
1326 4857 1696 4913 certissimam
1740 4855 2054 4910 futurorum

479 4946 719 5000 habebat
745 4948 1055 5002 scientiam.
1092 4949 1358 5003 Sanctum
1395 4959 1576 5002 autem
1616 4945 1834 5001 Patrem
1871 4947 2051 5016 ipsum

476 5037 736 5106 appellat,
770 5040 823 5092 in
851 5053 962 5109 quo
995 5039 1167 5094 Filius
1201 5040 1554 5094 itteifabiliter
1581 5047 1666 5094 est
1706 5055 1720 5093 :
1752 5037 1866 5107 Ego
1891 5039 2049 5104 enim,

477 5130 678 5197 inquit,
709 5131 762 5182 in
797 5129 978 5194 Patre,
1012 5141 1059 5184 et
1101 5130 1264 5184 Pater
1293 5129 1346 5182 in
1375 5145 1452 5183 me
1492 5139 1568 5183 est
1595 5129 1660 5180 “.

553 5213 719 5270 Vens.
753 5216 845 5270 ‘26.
884 5217 1268 5270 Pra'reneruut
1298 5218 1558 5286 principes
1607 5218 1876 5288 conjuncti
1916 5219 2061 5286 psal-

486 5306 733 5361 lentibus.
767 5309 1068 5377 Apostolos
1102 5309 1383 5381 principes
1418 5310 1678 5378 appellat,
1707 5311 2062 5378 quemadmo-

479 5400 608 5452 dum
640 5408 693 5454 t-t
726 5401 855 5454 alibi
889 5417 902 5453 :
937 5400 1259 5467 Constitues,
1316 5402 1516 5471 inquit,
1550 5419 1634 5456 eos
1665 5402 1926 5470 principes
1969 5417 2059 5454 su-

2084 4581 2131 4643 C

2169 3293 2280 3346 τῶν
2307 3293 2521 3364 ἐχθρῶν
2560 3311 2574 3326 '
2608 3298 3110 3368 συνεξακουομένου
3153 3296 3436 3351 κάνταῦθα
3459 3296 3553 3350 τοῦ
3579 3297 3751 3368 αἵμα-

2166 3402 2280 3448 τος.
2309 3387 2463 3458 Βαφῇ
2493 3389 2552 3442 δὲ
2585 3391 2617 3460 ή
2649 3390 2872 3457 γλῶσσα
2900 3391 3104 3454 αὐτῶν,
3136 3393 3200 3443 ὲκ
3239 3391 3331 3444 τοῦ
3387 3393 3613 3462 αἵματος
3641 3389 3754 3445 τῶν

2167 3479 2378 3551 ἐχθρῶν
2408 3482 2543 3552 παρ’
2567 3481 2756 3551 αὑτοῦ,
2809 3484 3084 3549 τουτέστι,
3114 3485 3265 3555 παρά
3317 3483 3411 3538 τοῦ
3469 3483 3606 3537 Θεοῦ
3657 3486 3752 3538 καὶ

2171 3572 2384 3643 Πατρδς
2417 3573 2780 3645 βοηθουμένη.
2846 3577 2958 3628 Καὶ
3017 3576 3178 3629 τοῦτο
3227 3576 3284 3630 δὲ
3357 3577 3746 3649 μεταφορικόν.

2169 3665 2290 3716 Τῶν
2319 3665 2428 3736 γὰρ
2457 3666 2668 3736 ἐχθρῶν
2699 3668 3120 3738 ἀναιρεθέντων,
3177 3668 3272 3720 καὶ
3319 3669 3367 3721 οἱ
3423 3667 3585 3732 κύνες
3641 3669 3749 3723 τῶν

2169 3758 2492 3825 ἀνελόντων,
2511 3759 2775 3813 λάπτουσι
2792 3760 2870 3831 τῷ
2893 3761 3088 3832 αἵματι
3111 3760 3312 3827 αὐτῶν,
3337 3763 3431 3815 καὶ
3451 3762 3521 3816 τά
3542 3747 3750 3815 τοῦτων

2169 3848 2642 3919 διασπαράττουσι
2668 3851 2917 3920 σώματα.

2168 4029 2226 4096 If,
2254 4029 2714 4098 ’Edewpiidntrar
2734 4031 2795 4084 al
2822 4030 3063 4098 πορεῖαί
3089 4047 3230 4094 σου,
3258 4033 3290 4085 ὁ
3323 4031 3487 4097 Θεός.
3532 4034 3595 4086 ΛΞ
3639 4033 3749 4086 ὁδοὶ

2165 4124 2259 4176 καὶ
2293 4124 2637 4192 ἁναστροφαί
2671 4123 2767 4176 καὶ
2795 4123 3074 4194 διατριϐαὶ
3135 4124 3235 4192 τῆς
3274 4126 3542 4196 ἐνσάρκου
3597 4125 3751 4178 πολι-

2163 4216 2317 4278 τείας
2348 4231 2465 4268 σου.
2490 4215 2770 4267 Αὺτόπται
2805 4216 2915 4285 γὰρ
2938 4218 3144 4268 τούτων
3166 4218 3215 4270 οἱ
3240 4217 3531 4270 ἀπόστολοι
3585 4219 3743 4288 ὲχρη.

2167 4309 2426 4376 μάτισαν.
2451 4306 2618 4360 Μετὰ
2643 4307 2822 4360 τοῦτο
2853 4306 2984 4377 γὰρ,
3018 4310 3205 4376 φησιν,
3237 4308 3336 4362 ἐπὶ
3386 4307 3499 4378 γῆς
3554 4308 3741 4379 ὤφθη,

2164 4397 2262 4449 καὶ
2293 4396 2420 4464 τοῖς
2448 4396 2790 4464 ἀνθρώποις
2819 4398 3322 4467 συνανεστράφη.

2226 4666 2297 4718 Al
2331 4663 2570 4731 πορεῖαι
2606 4663 2715 4718 τοῦ
2739 4664 2888 4718 Θεοῦ
2917 4682 3040 4733 μου
3073 4665 3181 4719 τοῦ
3202 4665 3516 4730 ,ϐασιλέως
3544 4665 3651 4719 τοῦ
3673 4666 3744 4719 ἐν

2157 4755 2236 4823 τῷ
2259 4757 2428 4827 ἁγίῳ.
2467 4758 2612 4827 Ὅρα
2635 4757 2787 4821 ὅπως
2823 4758 2937 4823 (44)
2968 4758 3210 4828 γνησίως
3241 4758 3267 4809 ὁ
3292 4759 3457 4812 Δαϐὶδ
3484 4760 3576 4811 τὸν
3603 4761 3741 4828 Χρι-

2156 4847 2280 4899 στὸν
2311 4846 2568 4916 ὁμολογεῖ
2613 4846 2771 4911 Θεὸν,
2829 4847 2905 4908 ὡς
2979 4849 3082 4917 ἤδη
3145 4849 3731 4919 πεπληροφορημένος.

2153 4937 2344 5005 ’Ἂγιον
2366 4937 2422 4990 δὲ
2445 4936 2542 4990 νῦν
2566 4937 2720 5004 λέγει
2750 4937 2843 4990 τὸν
2875 4939 3121 5006 Πατέρα,
3150 4943 3207 4991 ὲν
3252 4935 3296 5006 ᾧ
3337 4936 3404 5011 ἦν
3459 4941 3738 5008 ἀρρήτως.

2155 5030 2307 5102 Ἐγὼ
2334 5033 2459 5102 γὰρ,
2485 5032 2668 5103 φησιν,
2701 5031 2772 5085 ἐν
2797 5030 2877 5096 τῷ
2937 5032 3146 5100 Πατρι,
3183 5032 3283 5085 καὶ
3329 5035 3362 5085 ό
3411 5031 3617 5100 Πατὴρ
3671 5032 3744 5086 ἐν

2157 5123 2312 5192 ἐμοί.

2230 5215 2632 5283 Προέφθιισαν
2669 5215 2985 5283 ἄρχοντες,
3051 5217 3311 5284 ἐχόμενα
3348 5218 3740 5284 ψαλλόντων.

2165 5306 2468 5375 Ἀρχοντας
2516 5307 2674 5359 καλεί
2730 5307 2858 5370 τοὺς
2907 5308 3260 5370 ἀποστόλους.
3324 5309 3742 5374 Καταστήσας

2162 5401 2293 5470 γὰρ’
2339 5401 2523 5470 “si”
2582 5399 2807 5466 αὐτοὺς
2851 5400 3153 5470 ἄρχοντας
3215 5400 3314 5455 ἐπὶ
3370 5398 3579 5460 πᾶσαν
3625 5400 3744 5468 τὴν

545 5579 592 5611 ⁵³
627 5579 728 5635 Isa.
763 5597 893 5636 thn
950 5583 1002 5636 4.
1080 5584 1127 5616 ⁸³
1166 5583 1376 5640 Baruch
1408 5601 1486 5651 Ill,
1511 5587 1599 5641 58.
1675 5587 1720 5617 ⁸⁸
1745 5585 1906 5641 Joan.
1941 5602 2054 5651 xiv,
2086 5585 2166 5639 10.

1812 5677 2014 5738 Varia)
2078 5677 2408 5739 lectiones.

549 5772 663 5836 (45)
694 5773 878 5828 Cra-ce
913 5778 1159 5843 apostoli.

2242 5777 2350 5846 (44)
2390 5775 2581 5832 Melius
2610 5791 2769 5846 quant
2799 5784 2956 5832 certe.
