4064 6440
390 420 495 481 6⁸ἴῖ

1559 427 1953 489 COMMENT.
1993 426 2074 488 IN
2116 427 2482 490 PSALMOS.

3543 435 3653 499 67R

395 531 535 600 γῆν.
577 531 668 594 Ὠς
699 532 756 584 ὲν
779 530 853 603 τῷ
890 532 973 604 με’
1001 531 1204 604 ψαλμῷ
1248 535 1735 608 παραδεδώκαμεν.
1809 532 1969 592 Οὗτοι

2081 553 2175 604 per
2204 554 2411 592 omnem
2444 547 2642 592 terram
2672 538 2756 605 ";
2794 546 2852 592 ut
2893 537 3137 594 diximus
3167 539 3222 595 in
3256 542 3472 612 psalmo
3503 560 3651 601 utr.

390 618 487 675 οὖν
528 623 831 694 προέλαϐον
853 626 1059 690 πάντας
1085 627 1213 689 τοὺς
1250 622 1311 691 ἐξ
1368 627 1563 696 ἐθνῶν,
1615 630 1825 701 πρῶτοι
1881 648 1972 684 πι-

391 714 742 779 στεύσαντες.
773 715 1097 780 Ψὰλλοντας
1117 716 1174 770 δὲ
1203 717 1377 786 λέγει,
1410 737 1536 783 τους
1570 722 1862 790 προφήτας
1894 720 1971 785 ὡς

390 804 708 876 φωνοὸντας
731 808 801 861 τὰ
839 806 1227 879 περὶΧριστοῦ
1251 825 1268 841 ·
1311 802 1388 863 ὧν
1417 811 1682 881 ἐχόμενα,
1718 811 1969 867 τουτέστι

388 895 664 965 σύνεγγυς
739 898 1057 967 γεγόνασιν⁸
1135 899 1187 952 oi
1236 901 1549 956 ἀπόστολοι.
1627 901 1970 973 Ἐξεχόμενοι

384 990 587 1053 αὐτῶν,
620 990 650 1043 ὃ
684 991 857 1058 ἐστιν,
889 990 1316 1056 ἀκολουθοῦντες
1340 992 1545 1062 αὐτοῖς,
1564 996 1659 1049 καὶ
1691 995 1767 1067 τῷ
1791 996 1969 1068 χρόνῳ

386 1081 481 1136 καὶ
506 1081 586 1152 τῷ
625 1081 975 1154 κηρύγματι.

464 1257 614 1312 Ἀνὰ
627 1257 824 1328 μέσον
848 1260 1143 1315 νεανίδων
1161 1262 1665 1332 τυμπανιστριῶν.
1698 1265 1788 1318 Ἐν
1816 1265 1882 1334 μί
1890 1282 1968 1335 σῳ

380 1348 496 1403 τῶν
540 1349 857 1405 Ἰουδαϊκῶν
877 1353 1216 1421 συναγωγῶν
1252 1369 1270 1386 ο
1309 1354 1552 1418 νεάνιδες
1605 1354 1727 1427 μὲν,
1767 1356 1857 1410 διὰ
1906 1358 1969 1412 τὸ

380 1439 578 1504 ἀτελὲς
617 1442 718 1511 τῆς
756 1440 1038 1507 πολιτείας
1077 1444 1261 1497 αὐτῶν
1284 1447 1753 1518 ⁹*ιυμπανίστριιιιι
1776 1449 1852 1515 δὲ,
1880 1449 1967 1504 διὰ

381 1534 443 1584 τὸ
480 1533 803 1602 σωματικὸν
833 1535 935 1605 τῆς
967 1535 1106 1606 πρὸς
1142 1535 1274 1590 Θεὸν
1318 1536 1597 1609 λατρείας.
1652 1540 1747 1593 Ἐκ
1784 1539 1969 1612 σώμα-

378 1641 469 1689 τος
525 1626 659 1694 γὰρ,
694 1624 754 1679 τὸ
785 1626 1093 1697 τύμπανον.
1128 1629 1200 1680 Ἦ
1235 1629 1295 1681 ἐν
1343 1629 1495 1700 μέσῳ
1530 1632 1641 1685 τῶν
1697 1632 1837 1686 κατὰ
1875 1633 1967 1686 τό-

379 1735 518 1780 πους
556 1718 924 1790 Ἐκκλησιῶν.
945 1722 1013 1774 Αἱ
1043 1721 1288 1785 νεάνιδες
1318 1722 1436 1792 μὲν,
1470 1723 1557 1775 διὰ
1588 1725 1649 1776 τὸ
1665 1725 1858 1794 νεαρὸν
1874 1725 1968 1779 καὶ

378 1806 628 1879 καθαρὸν
658 1809 761 1880 τῆς
831 1810 1093 1876 πίστεως,
1154 1816 1593 1884 τυμπανίστριαι
1649 1815 1707 1869 δὲ
1762 1817 1850 1869 διὰ
1906 1816 1968 1871 τὸ

2078 629 2145 684 Hi
2188 630 2361 700 igitur
2398 629 2695 699 principes,
2727 644 2921 686 omnes
2955 631 3091 687 alios
3122 633 3410 690 credentes
3461 637 3515 691 in
3546 638 3655 693 ﬁde

2078 730 2484 791 praevenerunt.
2516 718 2620 774 Per
2648 719 2944 777 Psallentes
2972 737 3126 786 vero.
3167 726 3319 794 ipsos
3345 727 3646 796 prophetas

2078 810 2355 880 intelligit,
2380 825 2445 865 eo
2464 809 2605 880 quod
2626 811 2811 865 omnia
2836 812 3160 880 cecinerim,
3187 830 3252 869 ac
3277 816 3651 886 praedixerint,

2076 918 2201 973 quae
2225 902 2293 956 ad
2321 900 2602 957 Christum
2629 903 3003 971 pertinebant.
3042 904 3140 961 llis
3165 906 3333 977 igitur
3364 910 3651 979 prophetis

2078 993 2312 1065 apostoli
2337 993 2622 1064 conjuncti
2652 994 2894 1058 fuerunt,
2931 995 3035 1050 hoc
3064 1005 3169 1063 est,
3205 999 3441 1067 proximi
3473 1014 3537 1053 ac
3569 999 3654 1053 vi-

2077 1085 2190 1139 cini
2223 1084 2561 1139 exstiterunt
2594 1086 2769 1155 :.quia
2798 1095 2853 1140 et
2883 1093 3134 1156 tempore
3173 1095 3229 1142 et
3255 1089 3649 1158 praedicatione

2074 1176 2198 1232 illos
2232 1178 2514 1233 consecuti
2554 1185 2706 1233 sunt.

2146 1267 2214 1323 In
2245 1270 2414 1324 medio
2446 1270 2850 1339 iuvencularum
2882 1274 3403 1342 tympanistriarum.
3432 1276 3491 1330 In
3528 1279 3646 1329 mc-

2073 1358 2165 1413 dio
2193 1357 2546 1415 Iudaicarum
2577 1375 3004 1433 svuagogarum,
3062 1380 3184 1433 qua:
3232 1374 3456 1435 propter
3519 1367 3643 1419 vita:

2075 1457 2239 1520 atque
2270 1451 2714 1506 conversationis
2750 1452 3254 1520 imperfectionem,
3317 1456 3650 1510 adolescen-

2077 1541 2200 1594 tulze
2230 1540 2433 1607 adhuc,
2470 1542 2576 1596 hoc
2604 1550 2710 1607 est,
2746 1542 3189 1612 imperfectiores
3245 1545 3419 1600 fuisse
3453 1546 3655 1600 dicun-

2076 1638 2202 1693 tur;
2261 1638 2318 1686 et
2371 1632 2791 1702 tympanistria,
2853 1634 2981 1703 quia
3030 1649 3137 1688 non
3192 1644 3300 1689 tam
3360 1637 3658 1705 spirituale

2074 1738 2239 1793 quam
2294 1724 2579 1794 corporale
2619 1727 2968 1795 obsequium,
3006 1737 3173 1796 atque
3200 1727 3404 1782 cultum
3447 1729 3559 1783 Deo
3586 1730 3641 1781 in

2076 1817 2340 1886 religione
2366 1830 2464 1872 sua
2505 1817 2861 1872 exhibebant.
2897 1818 2975 1872 Ex
3025 1834 3289 1888 corporea
3329 1820 3475 1874 enim
3507 1820 3648 1889 pelle

376 1901 613 1970 νεκροῦν
643 1900 706 1954 τὸ
728 1902 891 1973 σῶμα
929 1903 1075 1958 κατὰ
1106 1904 1265 1959 Θεόν.
1301 1905 1517 1976 Νεκρὸν
1547 1904 1657 1976 γὰρ
1712 1907 1874 1976 σῶμα
1901 1909 1964 1962 τὸ

2070 1908 2365 1964 coniicitur
2403 1919 2744 1980 tympanum.
2776 1910 2896 1977 Vel,
2938 1912 2991 1964 in
3039 1911 3218 1965 medio
3258 1913 3643 1977 ecclesiarum,

374 1989 688 2060 τύμπανον.

2064 2016 2187 2069 qum
2249 2000 2454 2070 ubique
2506 2001 2753 2055 locorum
2839 2010 2987 2055 sunt.
3043 2000 3175 2066 Quae
3227 2002 3649 2057 adulescentula:

374 2081 541 2135 etiam
572 2082 681 2137 dici
712 2091 967 2152 possunt,
1005 2083 1075 2139 ob
1105 2099 1300 2141 novam
1348 2102 1653 2159 purumque
1677 2104 1740 2144 ac
1769 2088 2045 2143 sinceram
2081 2088 2241 2143 tidem
2287 2106 2300 2142 :
2368 2099 2423 2143 et

2504 2093 2917 2162 tympanistria},
2971 2095 3098 2161 quia
3180 2093 3237 2147 in
3316 2093 3409 2148 Dei
3485 2095 3652 2152 obse-

375 2176 569 2244 quium
609 2191 815 2246 corpus
845 2192 1006 2233 suum
1044 2178 1399 2235 mortiﬁcant.
1432 2179 1713 2252 Tympana
1744 2182 1944 2237 etenim
1990 2197 2052 2236 ex
2096 2180 2298 2236 mortui
2332 2183 2583 2252 corporis
2606 2185 2747 2254 pelle
2785 2183 2985 2239 conﬁci
3015 2185 3212 2240 solent.

447 2268 556 2321 Ἔν
580 2266 939 2335 ἐκκλησίαις
967 2268 1274 2339 εὐλογεῖτε
1300 2271 1409 2325 τὸν
1459 2273 1626 2326 Θεόν.
1686 2272 1855 2325 Τοῦτο
1910 2272 1970 2325 τὸ

381 2362 549 2431 ῥητὸν
586 2362 687 2428 τῆς
728 2361 966 2431 νομικῆς
995 2362 1097 2431 μὲν
1124 2362 1384 2433 λατρείας
1426 2367 1811 2435 προαναφωνεί
1868 2364 1968 2435 τὴν

383 2452 630 2507 παῦλανο
687 2452 796 2506 τῶν
828 2453 887 2507 δὲ
949 2454 1095 2507 κατὰ
1150 2455 1318 2508 τόπον
1373 2456 1712 2526 Ἑκκλησιῶν
1771 2456 1970 2525 προθε-

380 2546 570 2611 σπίζει
635 2546 700 2599 τὸ
726 2545 934 2616 πλῆθος
965 2564 978 2576 ·
1015 2541 1095 2611 εἷς
1125 2548 1234 2619 γὰρ
1293 2542 1363 2619 ἦν
1398 2548 1568 2601 πάλαι
1627 2551 1739 2611 τοῖς
1797 2549 1967 2601 πᾶσιν

389 2636 673 2701 Ἰουδαίοις
709 2639 856 2701 ναός.

450 2731 650 2798 Κυρίῳ
683 2732 749 2784 ἐκ
779 2729 992 2800 πηγῶν
1017 2728 1290 2799 Ἰσραήλ.
1325 2730 1430 2783 Τὸν
1471 2728 1677 2801 Κύριον
1696 2730 1969 2797 εὐλογεῖτε

377 2819 547 2874 πάλιν
585 2823 651 2873 ὲκ
703 2819 815 2872 τῶν
872 2820 1118 2890 νομικῶν
1155 2821 1248 2873 καὶ
1314 2820 1672 2890 προφητικῶν
1719 2818 1919 2890 βίϐλων
1955 2857 1970 2873 .

375 2910 682 2984 αὗταιγὰρ
711 2913 889 2982 πηγαὶ
943 2911 1041 2964 τοῦ
1108 2911 1509 2983 Ἰσραηλιτικοῦ
1570 2910 1725 2975 λαοῦ,
1787 2910 1969 2979 πηγά-

377 3002 577 3068 {quoat
605 3004 760 3075 αὐτῷ
783 3004 884 3075 τὴν
919 3004 1276 3072 θεογνωσίαν.
1313 3005 1421 3056 Καὶ
1453 3002 1711 3070 μέντοιὲξ
1742 3003 1969 3058 ἐκείνων

375 3095 491 3149 τῶν
531 3094 736 3165 βίϐλων
762 3095 1129 3167 ἀρυσάμενοι,
1151 3096 1284 3157 τοὺς
1309 3092 1514 3164 ὕμνους
1545 3093 1627 3164 τῷ
1683 3092 1805 3164 Θεῷ
1839 3109 1968 3146 συν-

376 3188 587 3259 έθηκαν
615 3189 667 3242 οἱ
726 3188 985 3257 θεοφόροι
1025 3187 1272 3258 Πατέρες

452 3363 618 3418 Ἐκεῖ
636 3363 924 3433 Βενιαμὶν
957 3361 1245 3430 νεώτερος
1271 3362 1342 3417 ἐν
1406 3364 1716 3420 ἐκστάσει.
1784 3366 1935 3420 Ἐκεῖ
1953 3423 1970 3449 ’

376 3452 521 3521 ποῦς
572 3453 664 3506 Ἐν
685 3456 807 3517 ταῖς
845 3452 1224 3524 Ἐκκλησίαις.
1250 3454 1518 3524 Βενιαμὶν
1566 3455 1622 3509 δὲ
1648 3455 1822 3524 λέγει,
1872 3458 1966 3510 τὸν

377 3546 679 3600 ἀπόστολον
704 3544 941 3611 Παῦλον,
976 3544 1051 3608 ὡς
1083 3546 1148 3598 ὲκ
1178 3545 1353 3617 φυλῆς
1390 3545 1521 3599 ὄντα
1579 3546 1678 3617 τῆς
1713 3546 1973 3617 Βενιαμί-

376 3639 522 3702 τιδος
545 3654 561 3670 ο
604 3636 869 3709 νεώτερος
890 3637 970 3700 δὲ,
995 3635 1072 3701 ὼς
1111 3635 1340 3707 ὕστερον
1363 3635 1474 3690 τῶν
1504 3636 1681 3691 ἄλλων
1740 3636 1971 3692 ἀποστό-

376 3729 487 3781 λων
511 3727 814 3791 πιστεύσας
837 3744 853 3760 ·
887 3729 947 3780 ὲν
970 3728 1231 3781 ἐκστάσει
1288 3727 1349 3781 δὲ
1386 3726 1476 3782 διὰ
1512 3726 1613 3799 τὴν
1666 3728 1748 3791 είς
1790 3728 1972 3799 τρίτον

375 3819 609 3890 οὐρανὸν
671 3819 932 3888 ἁρπαγὴν
971 3816 1166 3885 αὐτοῦ,
1206 3819 1337 3888 περὶ
1374 3813 1444 3889 ἦς
1494 3834 1662 3888 φησιν
1699 3835 1713 3850 °
1738 3819 1880 3874 Εἴτε
1901 3820 1972 3874 ἐν

382 3911 629 3981 σώματι,
665 3914 777 3966 οὐκ
807 3907 943 3965 οῖδα
976 3925 989 3940 ⁸
1012 3911 1135 3966 εἶτε
1159 3911 1336 3976 ἐκτὸς
1368 3910 1475 3966 τοῦ
1500 3910 1802 3980 σώματος,
1853 3913 1968 3967 οὐκ

377 4000 512 4058 οἶδα
535 4021 553 4036 ·
584 4006 620 4059 ὁ
652 4004 801 4069 Θεὸς
818 3999 1005 4058 οἶδεν.
1034 4002 1131 4067 Εἰς
1159 4003 1351 4058 τοῦτον
1424 4003 1559 4076 γὰρ,
1628 4007 1721 4059 καὶ
1763 4005 1832 4059 τὰ
1871 4004 1970 4073 τῆς

379 4098 510 4167 περὶ
540 4096 637 4149 τοῦ
677 4096 944 4165 Βενιαμὶν
980 4094 1320 4166 προφητείας
1352 4094 1738 4166 πεπλήρωται.
1772 4095 1969 4151 Bena-

372 4188 482 4257 μὶν
503 4188 697 4254 λύκος
721 4185 946 4256 ἅρπαξ,
969 4186 1036 4240 τὸ
1064 4186 1445 4255 πρωῒέδεται,
1478 4186 1575 4239 καὶ
1609 4187 1674 4240 τὸ
1707 4186 1970 4255 ἑσπέρας

377 4280 692 4334 διαδίδωσι
713 4278 967 4349 τροφήν.
997 4278 1184 4333 Λύκου
1218 4277 1329 4347 γὰρ
1358 4266 1519 4346 δίκην
1549 4280 1577 4331 ὁ
1606 4278 1820 4343 Παῦλος
1867 4280 1967 4350 τὴν

379 4369 714 4440 Ἐκκλησίαν
743 4367 1019 4441 διήρπαζε
1055 4384 1069 4398 ’
1122 4368 1219 4422 καὶ
1282 4368 1552 4438 πρότερον
1620 4366 1740 4437 μὲν,
1793 4370 1966 4438 κατήα

377 4461 528 4515 σΘιεν
554 4461 727 4532 αὐτὴν
752 4461 830 4530 τῷ
871 4458 1052 4531 θυμῷ,
1084 4459 1177 4512 καὶ
1216 4457 1297 4527 τῷ
1336 4458 1484 4530 φόνῳ
1518 4474 1531 4488 '
1608 4457 1839 4529 ὕστερον
1908 4458 1967 4512 δὲ

372 4553 586 4624 τροφὴν
615 4556 732 4616 τοῖς
765 4552 950 4615 ἄλλοις
968 4550 1142 4605 ἐδίδου
1172 4547 1576 4621 πνευματικὴν,
1598 4548 1692 4602 τὸν
1715 4549 1966 4618 οὐράνιον

372 4647 545 4718 ἄρτον
572 4646 852 4716 διανέμων
889 4645 1098 4709 αὐτοῖς.

2152 2270 2321 2329 Vsus.
2345 2264 2434 2327 27.
2485 2272 2555 2327 In
2583 2274 2814 2328 ecclesiis
2843 2273 3127 2328 benedicile
3159 2274 3288 2331 Deo.
3317 2273 3416 2332 llic
3440 2291 3645 2343 sermo,

2075 2363 2265 2432 legalis
2287 2364 2470 2419 cultus
2502 2368 2868 2420 cessationem
2898 2365 3163 2432 praedicit,
3194 2376 3247 2420 et
3276 2366 3642 2423 Ecclesiarum

2077 2456 2512 2521 multitudinem,
2550 2472 2675 2525 quae
2720 2457 2773 2511 in
2825 2459 2994 2513 variis
3052 2445 3203 2513 orbis
3250 2459 3499 2529 partibus
3533 2462 3646 2516 eri-

2075 2537 2267 2614 gendae
2296 2555 2477 2601 erant.
2513 2547 2650 2602 Nam
2679 2549 2810 2602 olim
2844 2549 3069 2603 unicum
3120 2557 3340 2604 tantum
3374 2560 3495 2606 erat
3525 2567 3656 2607 om-

2074 2624 2241 2691 nibus
2271 2635 2478 2692 ludatis
2514 2636 2798 2705 templum.
2826 2642 2831 2647 ’

2137 2724 2364 2780 Domino
2390 2742 2457 2780 ex
2480 2726 2715 2797 fontibus
2740 2725 2939 2781 Israel.
2977 2726 3208 2783 Domino
3231 2743 3448 2784 rursum
3478 2729 3653 2786 bene-

2067 2816 2234 2871 dicite
2293 2832 2359 2872 es
2397 2818 2533 2889 legis
2578 2833 2643 2873 ac
2674 2819 3065 2889 prophetarum
3101 2820 3278 2884 libris,
3332 2836 3400 2875 ex
3440 2822 3652 2890 quibus

2066 2907 2238 2964 veluti
2274 2909 2609 2978 quibusdam
2638 2909 2887 2965 fontibus
2935 2911 3298 2980 perennibus,
3333 2911 3649 2967 Israelitico

2069 3002 2301 3071 populo,
2366 3002 2460 3056 Dei
2521 3002 2796 3065 doctrina,
2864 3009 3031 3071 atque
3075 3003 3317 3073 cognitio
3377 3012 3649 3073 perpetuo

2067 3092 2408 3148 scaturiebat
2445 3110 2459 3144 :
2491 3108 2557 3147 ex
2587 3093 2792 3162 quibus
2826 3092 3072 3147 fontibus
3119 3095 3297 3149 sancti
3343 3093 3536 3149 Patres
3575 3110 3651 3150 ac.

2073 3182 2185 3239 Deo
2213 3184 2359 3255 pleni
2387 3185 2561 3240 multa
2589 3184 2928 3248 haurientes,
2961 3185 3195 3253 hymnos
3221 3187 3277 3240 in
3301 3185 3394 3240 Dei
3427 3186 3650 3241 laudem

1995 3296 2037 3354 ο
2070 3284 2527 3345 composuerunt.

2145 3365 2313 3420 Vsus.
2340 3363 2431 3419 28.
2463 3364 2546 3418 Ibi
2585 3363 2870 3435 Beniamin
2901 3364 3326 3420 adolescentulus
3358 3366 3414 3418 in
3457 3366 3649 3421 mcntis

2073 3472 2307 3512 excessu.
2335 3456 2473 3523 illic,
2496 3456 2697 3526 inquit.
2731 3457 2785 3510 in
2815 3456 3078 3513 Ecclesiis
3107 3456 3392 3524 Benjamin
3417 3457 3609 3512 aderat
3631 3500 3647 3523 ,

2074 3548 2358 3618 apostolus
2416 3546 2631 3603 scilicet
2661 3545 2889 3611 Paulus,
2914 3547 3007 3617 qui
3032 3547 3101 3602 de
3132 3547 3277 3601 tribu
3319 3546 3423 3601 luit
3447 3545 3651 3615 Benja-

2074 3640 2212 3705 min,
2270 3648 2325 3694 ct
2386 3638 2842 3695 adolescentulus
2885 3637 3041 3711 [seu,
3090 3647 3151 3695 ut
3209 3638 3387 3709 magis
3448 3639 3651 3708 poscit,

2073 3728 2258 3786 Graeca
2284 3730 2481 3796 dictio,
2509 3729 2719 3802 junior]
2746 3729 2968 3795 dicitur,
2990 3729 3118 3800 quia
3150 3728 3378 3784 ultimus
3399 3730 3651 3783 omnium

2071 3823 2447 3893 apostolorum
2486 3823 2554 3876 ad
2601 3821 2765 3878 ﬁdem
2807 3822 3068 3878 accessit.
3118 3820 3182 3876 Et
3222 3822 3277 3876 in
3326 3820 3529 3875 mentis
3554 3837 3655 3872 ex-

2070 3930 2233 3972 cessu
2301 3914 2424 3986 [seu
2472 3922 2535 3969 ιιι
2570 3914 2794 3984 preprie
2842 3921 2929 3969 est
2976 3911 3167 3967 Graeca
3214 3913 3408 3978 dictio,
3456 3913 3510 3966 in
3549 3926 3653 3966 ex-

2070 4005 2234 4078 stasi]
2271 4013 2498 4074 propter
2527 4012 2746 4073 raptum
2794 4004 2915 4067 ejus
2961 4004 3029 4057 ad
3062 4003 3286 4057 tertium
3329 4004 3556 4064 cmlum,
3582 4002 3655 4057 de

2069 4113 2180 4167 quo
2213 4100 2329 4165 ipse
2358 4096 2476 4150 ait:
2513 4091 2633 4150 Sive
2688 4096 2742 4149 in
2792 4110 3034 4163 camare,
3089 4095 3198 4147 sive
3253 4103 3408 4146 cura
3455 4106 3657 4160 corpus

2070 4192 2246 4244 nescio
2278 4204 2298 4241 :
2343 4187 2480 4241 Deus
2530 4187 2630 4240 scit
2659 4186 2730 4240 ⁸⁸.
2790 4184 2924 4238 Nam
2973 4193 3029 4239 et
3079 4185 3134 4238 in
3173 4184 3335 4238 beato
3380 4182 3553 4236 Paulo
3582 4198 3650 4238 ea

2069 4282 2296 4346 impleta
2342 4292 2469 4333 sunt
2496 4293 2618 4348 qua:
2646 4276 2716 4332 de
2745 4275 3035 4345 Beniamin
3067 4290 3095 4326 a
3123 4272 3295 4329 .lacob
3323 4273 3656 4344 patriarcha

2070 4374 2149 4445 (in
2188 4369 2707 4441 Benedictionibus)
2744 4367 3001 4440 praedicta
3051 4366 3270 4420 fuerant
3308 4382 3323 4419 :
3367 4364 3659 4433 Benjamiis

2072 4466 2224 4537 lupus
2255 4478 2426 4530 rapax
2468 4446 2621 4516 mane
2653 4463 2913 4523 comedet,
2965 4474 3174 4524 vespere
3207 4457 3405 4511 dividet
3445 4455 3639 4511 cibum:

2071 4556 2194 4626 ipse
2215 4555 2489 4625 siquidem
2518 4552 2726 4609 Paulus
2756 4552 2823 4605 ab
2849 4550 3027 4613 initio,
3063 4548 3178 4617 lupi
3211 4550 3407 4611 instar,
3449 4545 3653 4623 Eccle-

1997 4641 2210 4701 Dsiam
2267 4646 2548 4709 vastabat,
2588 4642 2778 4698 lurore
2840 4650 3011 4708 atque
3071 4639 3313 4695 caedibus
3361 4652 3501 4704 pene
3528 4650 3657 4691 eam

373 4743 677 4804 devorans,
721 4748 777 4793 et
824 4737 1044 4792 tandem
1094 4750 1400 4792 conversus
1436 4735 1569 4808 (non
1623 4741 1837 4789 tantum
1873 4736 1958 4791 bis
2000 4739 2247 4794 caedibus
2293 4737 2586 4799 abstinuit,
2627 4735 2749 4803 sed)
2821 4731 3168 4803 spiritualcm
3209 4728 3398 4785 cibum
3481 4734 3657 4798 atque

375 4835 663 4889 cmlcstem
727 4847 925 4900 panem
984 4831 1243 4888 Ecclesiae
1311 4830 1606 4898 ﬁdelibus,
1679 4844 1775 4900 per
1831 4834 2153 4888 universum
2218 4835 2433 4895 orbem.
2475 4842 2535 4887 ut
2605 4831 2780 4885 ﬁdelis
2851 4842 2919 4883 ac
2964 4825 3209 4897 prudens
3304 4821 3656 4884 distributor.

373 4928 589 4989 divisit.

441 5023 763 5089 Ἄρχοντες
797 5017 998 5073 Ἰούδα
1034 5017 1327 5085 ἡγεμόνες
1375 5013 1577 5070 αὐτῶν
1601 5032 1617 5046 ·
1678 5014 1977 5085 ἄρχοντες

370 5110 722 5174 Ζαϐουλὼν,
750 5108 1043 5178 ἄρχοντες
1063 5108 1423 5176 Νεφθαλείμ.
1452 5105 1768 5175 Ἥγεμὸνες,
1788 5108 1972 5175 φησιν,

2148 5012 2431 5079 Principes
2457 5010 2606 5064 ,Ιιιιία
2640 5010 2799 5064 duces
2835 5022 3041 5074 eorum,
3070 5004 3330 5075 principes
3378 4998 3648 5059 Zabul‘on.

2068 5120 2117 5163 ct
2149 5107 2410 5175 principes
2434 5101 2799 5173 Nephthalim.
2833 5099 3106 5174 Ipsarum,
3136 5094 3340 5163 inquit,
3370 5089 3651 5146 Ecclesia-

372 5205 567 5261 αὐτῶν
591 5204 702 5258 τῶν
730 5200 1088 5272 Ἐκκλησιῶν
1121 5200 1339 5253 ἔσονται
1408 5199 1459 5250 οἱ
1496 5197 1814 5252 ἀπόστολοι.
1866 5196 1969 5262 Οὓς

2070 5215 2191 5253 rum
2219 5199 2387 5253 duces
2409 5204 2573 5250 erunt
2602 5193 2862 5265 apostoli.
2890 5189 3187 5260 Apostolus
3213 5184 3358 5239 enim
3391 5179 3652 5248 intelligit

373 5301 476 5355 καὶ
503 5298 593 5352 διὰ
628 5297 738 5350 τῶν
777 5295 1073 5367 φυλάρχων
1104 5292 1398 5363 ἐδήλωσεν.
1425 5290 1685 5353 Ἰάκωϐος
1731 5291 1833 5361 μὲν
1856 5292 1967 5362 γὰρ

375 5393 473 5445 καὶ
507 5388 750 5445 unum).
781 5386 1004 5454 ἀδελφοὶ
1023 5384 1119 5440 τοῦ
1160 5385 1388 5454 Κυρίου.
1431 5383 1524 5436 τὸν
1587 5380 1791 5435 Ἰούδαν
1822 5377 1972 5453 εἶχον

380 5481 733 5552 πατριάρχης)
769 5495 785 5510 °
815 5478 1020 5549 Πέτρος
1037 5477 1116 5542 δὲ,
1155 5476 1252 5531 καὶ
1293 5473 1572 5543 Ἀνδρέας,
1610 5473 1706 5525 καὶ
1773 5473 1966 5526 @041:-

454 5660 505 5694 ⁸⁸
533 5658 679 5715 Psal.
711 5674 854 5723 sur,
886 5658 972 5712 l7.
1047 5653 1094 5686 ⁸⁵
1116 5651 1160 5706 ιι
1189 5649 1318 5707 Cor.
1348 5665 1448 5715 xu,
1486 5648 1545 5714 2,
1582 5647 1638 5702 5.

2070 5293 2205 5345 dum
2246 5290 2415 5343 trium
2466 5286 2665 5341 harum
2725 5285 2969 5340 tribuum
3031 5276 3317 5348 principes
3378 5272 3652 5325 nominat.

2068 5377 2207 5434 Nam
2252 5386 2307 5434 ct
2347 5376 2591 5433 Iacobus
2624 5384 2680 5431 ct
2710 5372 2893 5430 caeteri
2939 5369 3144 5424 fratres
3188 5362 3408 5419 Domini
3436 5376 3469 5416 e
3496 5358 3654 5415 Iudae

2072 5473 2217 5528 tribu
2248 5471 2477 5527 luerunt
2510 5489 2525 5524 :
2555 5469 2780 5533 Petrus,
2819 5461 3095 5527 Andreas,
3134 5454 3404 5520 Joannes,
3429 5459 3487 5508 et
3516 5450 3648 5506 Phi-

1574 5736 1777 5802 Varim
1806 5731 2115 5795 lectiones
2162 5735 2225 5790 et
2266 5734 2455 5789 notia.

455 5856 570 5928 (45)
610 5855 814 5910 Cumae.
853 5851 998 5917 Illic,
1031 5849 1162 5904 ubi?
1210 5849 1262 5902 in
1307 5846 1578 5902 Ecclesiis.
1611 5837 1888 5907 Beujamin
1930 5845 2105 5889 autem
2134 5836 2279 5887 vocat
2311 5831 2414 5899 Ap.
2437 5829 2504 5884 P.
