  <div class='ocr_page' id='page_1' title='image "/cluster/home/n/w/nwhite01/storage/ocr_20150623/128:no.1/coo.31924054870336/347.png"; bbox 0 0 4064 6470; ppageno 0'>
   <div class='ocr_carea' id='block_1_1' title="bbox 390 430 497 491">
    <p class='ocr_par' dir='ltr' id='par_1_1' title="bbox 390 430 497 491">
     <span class='ocr_line' id='line_1_1' title="bbox 390 430 497 491; baseline 0 -1"><span class='ocrx_word' id='word_1_1' title='bbox 390 430 497 491; x_wconf 71' lang='grc'><strong>67.)</strong></span> 
     </span>
    </p>
   </div>
   <div class='ocr_carea' id='block_1_2' title="bbox 1595 411 2383 476">
    <p class='ocr_par' dir='ltr' id='par_1_2' title="bbox 1595 411 2383 476">
     <span class='ocr_line' id='line_1_2' title="bbox 1595 411 2383 476; baseline -0.008 0"><span class='ocrx_word' id='word_1_2' title='bbox 1595 413 1981 476; x_wconf 85' lang='lat' dir='ltr'><strong>EUTHYMII</strong></span> <span class='ocrx_word' id='word_1_3' title='bbox 2018 411 2383 473; x_wconf 82' lang='lat' dir='ltr'><strong>ZlGABENI</strong></span> 
     </span>
    </p>
   </div>
   <div class='ocr_carea' id='block_1_3' title="bbox 3541 404 3650 468">
    <p class='ocr_par' dir='ltr' id='par_1_3' title="bbox 3541 404 3650 468">
     <span class='ocr_line' id='line_1_3' title="bbox 3541 404 3650 468; baseline -0.037 0"><span class='ocrx_word' id='word_1_4' title='bbox 3541 404 3650 468; x_wconf 75' lang='grc'><strong>630</strong></span> 
     </span>
    </p>
   </div>
   <div class='ocr_carea' id='block_1_4' title="bbox 389 497 1980 611">
    <p class='ocr_par' dir='ltr' id='par_1_4' title="bbox 389 498 1965 611">
     <span class='ocr_line' id='line_1_4' title="bbox 389 498 1965 611; baseline -0.011 -16"><span class='ocrx_word' id='word_1_5' title='bbox 389 541 573 611; x_wconf 85' lang='lat' dir='ltr'><strong>lippus</strong></span> <span class='ocrx_word' id='word_1_6' title='bbox 618 550 683 589; x_wconf 75' lang='lat' dir='ltr'><strong>ex</strong></span> <span class='ocrx_word' id='word_1_7' title='bbox 730 535 853 587; x_wconf 79' lang='lat' dir='ltr'><strong>vico</strong></span> <span class='ocrx_word' id='word_1_8' title='bbox 903 537 1062 587; x_wconf 88' lang='lat' dir='ltr'><strong>erant</strong></span> <span class='ocrx_word' id='word_1_9' title='bbox 1117 498 1415 585; x_wconf 76' lang='lat' dir='ltr'><strong>Bethsaitla</strong></span> <span class='ocrx_word' id='word_1_10' title='bbox 1465 543 1476 579; x_wconf 93' lang='lat'><strong>:</strong></span> <span class='ocrx_word' id='word_1_11' title='bbox 1515 524 1859 585; x_wconf 77' lang='lat' dir='ltr'><strong>Matthannu,</strong></span> <span class='ocrx_word' id='word_1_12' title='bbox 1908 534 1965 579; x_wconf 81' lang='lat' dir='ltr'><strong>et</strong></span> 
     </span>
    </p>
   </div>
   <div class='ocr_carea' id='block_1_5' title="bbox 2081 497 3646 611">
    <p class='ocr_par' dir='ltr' id='par_1_5' title="bbox 2081 508 3646 593">
     <span class='ocr_line' id='line_1_5' title="bbox 2081 508 3646 593; baseline -0.002 -17"><span class='ocrx_word' id='word_1_13' title='bbox 2081 541 2192 590; x_wconf 77' lang='grc' dir='ltr'>πος,</span> <span class='ocrx_word' id='word_1_14' title='bbox 2230 526 2323 579; x_wconf 77' lang='grc' dir='ltr'><strong>καὶ</strong></span> <span class='ocrx_word' id='word_1_15' title='bbox 2347 522 2629 593; x_wconf 81' lang='grc' dir='ltr'><strong>Ἰωάννης,</strong></span> <span class='ocrx_word' id='word_1_16' title='bbox 2664 508 2772 576; x_wconf 62' lang='lat' dir='ltr'><strong>die</strong></span> <span class='ocrx_word' id='word_1_17' title='bbox 2800 520 3081 592; x_wconf 75' lang='grc' dir='ltr'>Βηθσαῖδᾶ</span> <span class='ocrx_word' id='word_1_18' title='bbox 3098 519 3198 592; x_wconf 82' lang='grc' dir='ltr'>τῆς</span> <span class='ocrx_word' id='word_1_19' title='bbox 3236 516 3433 588; x_wconf 75' lang='grc' dir='ltr'>κώμης</span> <span class='ocrx_word' id='word_1_20' title='bbox 3470 513 3646 591; x_wconf 81' lang='grc' dir='ltr'>ἦσαν’</span> 
     </span>
    </p>
   </div>
   <div class='ocr_carea' id='block_1_6' title="bbox 384 617 1965 698">
    <p class='ocr_par' dir='ltr' id='par_1_6' title="bbox 384 617 1965 698">
     <span class='ocr_line' id='line_1_6' title="bbox 384 617 1965 698; baseline -0.013 -10"><span class='ocrx_word' id='word_1_21' title='bbox 384 631 658 688; x_wconf 77' lang='lat' dir='ltr'><strong>Jacobum</strong></span> <span class='ocrx_word' id='word_1_22' title='bbox 700 624 911 698; x_wconf 64' lang='lat' dir='ltr'><strong>Alphei</strong></span> <span class='ocrx_word' id='word_1_23' title='bbox 939 624 1161 694; x_wconf 80' lang='lat' dir='ltr'><strong>degisse</strong></span> <span class='ocrx_word' id='word_1_24' title='bbox 1191 620 1425 688; x_wconf 78' lang='lat' dir='ltr'><strong>legimus</strong></span> <span class='ocrx_word' id='word_1_25' title='bbox 1447 618 1502 672; x_wconf 92' lang='lat' dir='ltr'><strong>in</strong></span> <span class='ocrx_word' id='word_1_26' title='bbox 1532 617 1918 687; x_wconf 87' lang='lat' dir='ltr'><strong>Capharnaum</strong></span> <span class='ocrx_word' id='word_1_27' title='bbox 1951 633 1965 668; x_wconf 88' lang='lat'><strong>:</strong></span> 
     </span>
    </p>
   </div>
   <div class='ocr_carea' id='block_1_7' title="bbox 388 706 1968 779">
    <p class='ocr_par' dir='ltr' id='par_1_7' title="bbox 388 706 1968 779">
     <span class='ocr_line' id='line_1_7' title="bbox 388 706 1968 779; baseline -0.014 0"><span class='ocrx_word' id='word_1_28' title='bbox 388 724 583 779; x_wconf 88' lang='lat' dir='ltr'><strong>Simon</strong></span> <span class='ocrx_word' id='word_1_29' title='bbox 627 729 811 775; x_wconf 84' lang='lat' dir='ltr'><strong>autem</strong></span> <span class='ocrx_word' id='word_1_30' title='bbox 842 714 1060 771; x_wconf 88' lang='lat' dir='ltr'><strong>Zelotes</strong></span> <span class='ocrx_word' id='word_1_31' title='bbox 1094 712 1440 768; x_wconf 79' lang='lat' dir='ltr'><strong>Chanameus</strong></span> <span class='ocrx_word' id='word_1_32' title='bbox 1480 708 1606 762; x_wconf 84' lang='lat' dir='ltr'><strong>fuit.</strong></span> <span class='ocrx_word' id='word_1_33' title='bbox 1644 706 1838 762; x_wconf 87' lang='lat' dir='ltr'><strong>Omnia</strong></span> <span class='ocrx_word' id='word_1_34' title='bbox 1871 722 1968 759; x_wconf 85' lang='lat' dir='ltr'><strong>au-</strong></span> 
     </span>
    </p>
   </div>
   <div class='ocr_carea' id='block_1_8' title="bbox 391 798 1968 872">
    <p class='ocr_par' dir='ltr' id='par_1_8' title="bbox 391 798 1968 872">
     <span class='ocr_line' id='line_1_8' title="bbox 391 798 1968 872; baseline -0.01 -6"><span class='ocrx_word' id='word_1_35' title='bbox 391 824 499 869; x_wconf 87' lang='lat' dir='ltr'><strong>tem</strong></span> <span class='ocrx_word' id='word_1_36' title='bbox 527 813 640 866; x_wconf 65' lang='lat' dir='ltr'><strong>haec</strong></span> <span class='ocrx_word' id='word_1_37' title='bbox 672 810 789 864; x_wconf 87' lang='lat' dir='ltr'><strong>loca</strong></span> <span class='ocrx_word' id='word_1_38' title='bbox 823 808 875 861; x_wconf 91' lang='lat' dir='ltr'><strong>in</strong></span> <span class='ocrx_word' id='word_1_39' title='bbox 919 806 1143 861; x_wconf 66' lang='lat' dir='ltr'><strong>Galilma</strong></span> <span class='ocrx_word' id='word_1_40' title='bbox 1169 811 1330 859; x_wconf 85' lang='lat' dir='ltr'><strong>erant</strong></span> <span class='ocrx_word' id='word_1_41' title='bbox 1360 801 1604 872; x_wconf 81' lang='lat' dir='ltr'><strong>regione,</strong></span> <span class='ocrx_word' id='word_1_42' title='bbox 1636 815 1758 869; x_wconf 66' lang='lat' dir='ltr'><strong>qua:</strong></span> <span class='ocrx_word' id='word_1_43' title='bbox 1790 798 1968 852; x_wconf 87' lang='lat' dir='ltr'><strong>Zabu-</strong></span> 
     </span>
    </p>
   </div>
   <div class='ocr_carea' id='block_1_9' title="bbox 389 893 1965 971">
    <p class='ocr_par' dir='ltr' id='par_1_9' title="bbox 389 893 1965 971">
     <span class='ocr_line' id='line_1_9' title="bbox 389 893 1965 971; baseline -0.008 -12"><span class='ocrx_word' id='word_1_44' title='bbox 389 906 505 969; x_wconf 89' lang='lat' dir='ltr'><strong>lon,</strong></span> <span class='ocrx_word' id='word_1_45' title='bbox 537 911 592 957; x_wconf 87' lang='lat' dir='ltr'><strong>et</strong></span> <span class='ocrx_word' id='word_1_46' title='bbox 622 901 971 971; x_wconf 84' lang='lat' dir='ltr'><strong>Nephtbalim</strong></span> <span class='ocrx_word' id='word_1_47' title='bbox 1016 899 1272 951; x_wconf 80' lang='lat' dir='ltr'><strong>tribubus</strong></span> <span class='ocrx_word' id='word_1_48' title='bbox 1302 897 1353 948; x_wconf 91' lang='lat' dir='ltr'><strong>iu</strong></span> <span class='ocrx_word' id='word_1_49' title='bbox 1386 901 1595 951; x_wconf 86' lang='lat' dir='ltr'><strong>sortem</strong></span> <span class='ocrx_word' id='word_1_50' title='bbox 1640 893 1965 946; x_wconf 85' lang='lat' dir='ltr'><strong>obvenerat.</strong></span> 
     </span>
    </p>
   </div>
   <div class='ocr_carea' id='block_1_10' title="bbox 392 981 1966 1059">
    <p class='ocr_par' dir='ltr' id='par_1_10' title="bbox 392 981 1966 1059">
     <span class='ocr_line' id='line_1_10' title="bbox 392 981 1966 1059; baseline -0.011 -11"><span class='ocrx_word' id='word_1_51' title='bbox 392 993 663 1048; x_wconf 84' lang='lat' dir='ltr'><strong>Similiter</strong></span> <span class='ocrx_word' id='word_1_52' title='bbox 695 1001 750 1046; x_wconf 90' lang='lat' dir='ltr'><strong>et</strong></span> <span class='ocrx_word' id='word_1_53' title='bbox 780 991 873 1044; x_wconf 84' lang='lat' dir='ltr'><strong>alii</strong></span> <span class='ocrx_word' id='word_1_54' title='bbox 913 988 1150 1059; x_wconf 86' lang='lat' dir='ltr'><strong>apostoli</strong></span> <span class='ocrx_word' id='word_1_55' title='bbox 1196 1002 1263 1041; x_wconf 83' lang='lat' dir='ltr'><strong>ex</strong></span> <span class='ocrx_word' id='word_1_56' title='bbox 1302 986 1389 1039; x_wconf 88' lang='lat' dir='ltr'><strong>his</strong></span> <span class='ocrx_word' id='word_1_57' title='bbox 1416 983 1672 1038; x_wconf 90' lang='lat' dir='ltr'><strong>tribubus</strong></span> <span class='ocrx_word' id='word_1_58' title='bbox 1697 981 1966 1051; x_wconf 81' lang='lat' dir='ltr'><strong>originem</strong></span> 
     </span>
    </p>
   </div>
   <div class='ocr_carea' id='block_1_11' title="bbox 386 1072 1965 1149">
    <p class='ocr_par' dir='ltr' id='par_1_11' title="bbox 386 1072 1965 1149">
     <span class='ocr_line' id='line_1_11' title="bbox 386 1072 1965 1149; baseline -0.008 -10"><span class='ocrx_word' id='word_1_59' title='bbox 386 1085 699 1139; x_wconf 87' lang='lat' dir='ltr'><strong>trahebant.</strong></span> <span class='ocrx_word' id='word_1_60' title='bbox 756 1080 822 1135; x_wconf 85' lang='lat' dir='ltr'><strong>Et</strong></span> <span class='ocrx_word' id='word_1_61' title='bbox 860 1082 1137 1149; x_wconf 71' lang='lat' dir='ltr'><strong>principes</strong></span> <span class='ocrx_word' id='word_1_62' title='bbox 1171 1093 1268 1133; x_wconf 87' lang='lat' dir='ltr'><strong>eos</strong></span> <span class='ocrx_word' id='word_1_63' title='bbox 1299 1076 1615 1146; x_wconf 84' lang='lat' dir='ltr'><strong>appellavit,</strong></span> <span class='ocrx_word' id='word_1_64' title='bbox 1665 1090 1773 1127; x_wconf 88' lang='lat' dir='ltr'><strong>non</strong></span> <span class='ocrx_word' id='word_1_65' title='bbox 1820 1072 1965 1142; x_wconf 84' lang='lat' dir='ltr'><strong>quod</strong></span> 
     </span>
    </p>
   </div>
   <div class='ocr_carea' id='block_1_12' title="bbox 391 1163 1968 1231">
    <p class='ocr_par' dir='ltr' id='par_1_12' title="bbox 391 1163 1968 1231">
     <span class='ocr_line' id='line_1_12' title="bbox 391 1163 1968 1231; baseline -0.008 -2"><span class='ocrx_word' id='word_1_66' title='bbox 391 1173 724 1229; x_wconf 88' lang='lat' dir='ltr'><strong>civitatibus</strong></span> <span class='ocrx_word' id='word_1_67' title='bbox 773 1181 828 1226; x_wconf 85' lang='lat' dir='ltr'><strong>et</strong></span> <span class='ocrx_word' id='word_1_68' title='bbox 868 1173 1003 1226; x_wconf 89' lang='lat' dir='ltr'><strong>locis</strong></span> <span class='ocrx_word' id='word_1_69' title='bbox 1050 1170 1157 1223; x_wconf 85' lang='lat' dir='ltr'><strong>illis</strong></span> <span class='ocrx_word' id='word_1_70' title='bbox 1197 1168 1642 1229; x_wconf 81' lang='lat' dir='ltr'><strong>dominarentur,</strong></span> <span class='ocrx_word' id='word_1_71' title='bbox 1703 1164 1801 1219; x_wconf 88' lang='lat' dir='ltr'><strong>sed</strong></span> <span class='ocrx_word' id='word_1_72' title='bbox 1842 1163 1968 1231; x_wconf 83' lang='lat' dir='ltr'><strong>quia</strong></span> 
     </span>
    </p>
   </div>
   <div class='ocr_carea' id='block_1_13' title="bbox 392 1254 1968 1331">
    <p class='ocr_par' dir='ltr' id='par_1_13' title="bbox 392 1254 1968 1331">
     <span class='ocr_line' id='line_1_13' title="bbox 392 1254 1968 1331; baseline -0.009 -11"><span class='ocrx_word' id='word_1_73' title='bbox 392 1267 818 1321; x_wconf 79' lang='lat' dir='ltr'><strong>excellentiores</strong></span> <span class='ocrx_word' id='word_1_74' title='bbox 870 1272 1036 1331; x_wconf 88' lang='lat' dir='ltr'><strong>atque</strong></span> <span class='ocrx_word' id='word_1_75' title='bbox 1124 1259 1513 1314; x_wconf 86' lang='lat' dir='ltr'><strong>honoratiores</strong></span> <span class='ocrx_word' id='word_1_76' title='bbox 1567 1264 1750 1319; x_wconf 87' lang='lat' dir='ltr'><strong>erant,</strong></span> <span class='ocrx_word' id='word_1_77' title='bbox 1800 1254 1968 1308; x_wconf 89' lang='lat' dir='ltr'><strong>animi</strong></span> 
     </span>
    </p>
   </div>
   <div class='ocr_carea' id='block_1_14' title="bbox 386 1346 1970 1419">
    <p class='ocr_par' dir='ltr' id='par_1_14' title="bbox 386 1346 1970 1419">
     <span class='ocr_line' id='line_1_14' title="bbox 386 1346 1970 1419; baseline -0.008 -8"><span class='ocrx_word' id='word_1_78' title='bbox 386 1356 696 1411; x_wconf 73' lang='lat' dir='ltr'><strong>nobilitate.</strong></span> <span class='ocrx_word' id='word_1_79' title='bbox 722 1351 813 1407; x_wconf 87' lang='lat' dir='ltr'><strong>Vel</strong></span> <span class='ocrx_word' id='word_1_80' title='bbox 835 1352 1184 1419; x_wconf 81' lang='lat' dir='ltr'><strong>subimellige</strong></span> <span class='ocrx_word' id='word_1_81' title='bbox 1198 1348 1515 1411; x_wconf 87' lang='lat' dir='ltr'><strong>dictionem,</strong></span> <span class='ocrx_word' id='word_1_82' title='bbox 1541 1362 1604 1400; x_wconf 77' lang='lat' dir='ltr'><strong>ea:</strong></span> <span class='ocrx_word' id='word_1_83' title='bbox 1626 1362 1646 1410; x_wconf 87' lang='lat'><strong><em>;</em></strong></span> <span class='ocrx_word' id='word_1_84' title='bbox 1669 1356 1724 1400; x_wconf 91' lang='lat' dir='ltr'><strong>ut</strong></span> <span class='ocrx_word' id='word_1_85' title='bbox 1743 1346 1815 1400; x_wconf 90' lang='lat' dir='ltr'><strong>sit</strong></span> <span class='ocrx_word' id='word_1_86' title='bbox 1843 1360 1970 1399; x_wconf 86' lang='lat' dir='ltr'><strong>sen-</strong></span> 
     </span>
    </p>
   </div>
   <div class='ocr_carea' id='block_1_15' title="bbox 389 1438 1968 1515">
    <p class='ocr_par' dir='ltr' id='par_1_15' title="bbox 389 1438 1968 1515">
     <span class='ocr_line' id='line_1_15' title="bbox 389 1438 1968 1515; baseline -0.006 -15"><span class='ocrx_word' id='word_1_87' title='bbox 389 1464 505 1513; x_wconf 87' lang='lat' dir='ltr'><strong>sus,</strong></span> <span class='ocrx_word' id='word_1_88' title='bbox 538 1448 682 1514; x_wconf 80' lang='lat' dir='ltr'><strong>quod</strong></span> <span class='ocrx_word' id='word_1_89' title='bbox 716 1447 996 1515; x_wconf 81' lang='lat' dir='ltr'><strong>principes</strong></span> <span class='ocrx_word' id='word_1_90' title='bbox 1032 1443 1246 1496; x_wconf 80' lang='lat' dir='ltr'><strong>fuerunt</strong></span> <span class='ocrx_word' id='word_1_91' title='bbox 1277 1456 1343 1494; x_wconf 76' lang='lat' dir='ltr'><strong>ex</strong></span> <span class='ocrx_word' id='word_1_92' title='bbox 1371 1440 1513 1494; x_wconf 90' lang='lat' dir='ltr'><strong>tribu</strong></span> <span class='ocrx_word' id='word_1_93' title='bbox 1544 1438 1709 1502; x_wconf 86' lang='lat' dir='ltr'><strong>Juda,</strong></span> <span class='ocrx_word' id='word_1_94' title='bbox 1732 1454 1794 1493; x_wconf 83' lang='lat' dir='ltr'><strong>ex</strong></span> <span class='ocrx_word' id='word_1_95' title='bbox 1824 1438 1968 1492; x_wconf 83' lang='lat' dir='ltr'><strong>tribu</strong></span> 
     </span>
    </p>
   </div>
   <div class='ocr_carea' id='block_1_16' title="bbox 388 1537 1347 1609">
    <p class='ocr_par' dir='ltr' id='par_1_16' title="bbox 388 1537 1347 1609">
     <span class='ocr_line' id='line_1_16' title="bbox 388 1537 1347 1609; baseline -0.007 -14"><span class='ocrx_word' id='word_1_96' title='bbox 388 1542 659 1603; x_wconf 88' lang='lat' dir='ltr'><strong>Zabulou,</strong></span> <span class='ocrx_word' id='word_1_97' title='bbox 695 1558 760 1594; x_wconf 80' lang='lat' dir='ltr'><strong>ex</strong></span> <span class='ocrx_word' id='word_1_98' title='bbox 797 1541 941 1594; x_wconf 89' lang='lat' dir='ltr'><strong>tribu</strong></span> <span class='ocrx_word' id='word_1_99' title='bbox 974 1537 1347 1609; x_wconf 82' lang='lat' dir='ltr'><strong>Nephthalim.</strong></span> 
     </span>
    </p>
   </div>
   <div class='ocr_carea' id='block_1_17' title="bbox 462 1621 1972 1695">
    <p class='ocr_par' dir='ltr' id='par_1_17' title="bbox 462 1621 1972 1695">
     <span class='ocr_line' id='line_1_17' title="bbox 462 1621 1972 1695; baseline -0.009 -7"><span class='ocrx_word' id='word_1_100' title='bbox 462 1634 627 1688; x_wconf 71' lang='lat' dir='ltr'><strong>Vens.</strong></span> <span class='ocrx_word' id='word_1_101' title='bbox 656 1635 747 1695; x_wconf 73' lang='lat'><strong>9.9,</strong></span> <span class='ocrx_word' id='word_1_102' title='bbox 781 1632 871 1686; x_wconf 78' lang='lat'><strong>30.</strong></span> <span class='ocrx_word' id='word_1_103' title='bbox 909 1629 1136 1694; x_wconf 70' lang='lat' dir='ltr'><strong>Blanda,</strong></span> <span class='ocrx_word' id='word_1_104' title='bbox 1162 1628 1321 1693; x_wconf 83' lang='lat' dir='ltr'><strong>Deus,</strong></span> <span class='ocrx_word' id='word_1_105' title='bbox 1365 1626 1550 1681; x_wconf 71' lang='lat' dir='ltr'><strong>uirtuti</strong></span> <span class='ocrx_word' id='word_1_106' title='bbox 1586 1634 1710 1678; x_wconf 68' lang='lat' dir='ltr'><strong>tuae.</strong></span> <span class='ocrx_word' id='word_1_107' title='bbox 1744 1621 1874 1676; x_wconf 69' lang='grc' dir='ltr'><strong>Ηωο</strong></span> <span class='ocrx_word' id='word_1_108' title='bbox 1905 1621 1972 1675; x_wconf 84' lang='lat' dir='ltr'><strong>ad</strong></span> 
     </span>
    </p>
   </div>
   <div class='ocr_carea' id='block_1_18' title="bbox 388 1717 1976 1787">
    <p class='ocr_par' dir='ltr' id='par_1_18' title="bbox 388 1717 1976 1787">
     <span class='ocr_line' id='line_1_18' title="bbox 388 1717 1976 1787; baseline -0.007 -8"><span class='ocrx_word' id='word_1_109' title='bbox 388 1724 602 1780; x_wconf 82' lang='lat' dir='ltr'><strong>Patrem</strong></span> <span class='ocrx_word' id='word_1_110' title='bbox 625 1727 766 1779; x_wconf 84' lang='lat' dir='ltr'><strong>dicta</strong></span> <span class='ocrx_word' id='word_1_111' title='bbox 795 1732 945 1787; x_wconf 90' lang='lat' dir='ltr'><strong>sunt,</strong></span> <span class='ocrx_word' id='word_1_112' title='bbox 989 1732 1045 1775; x_wconf 92' lang='lat' dir='ltr'><strong>ut</strong></span> <span class='ocrx_word' id='word_1_113' title='bbox 1078 1721 1216 1776; x_wconf 81' lang='lat' dir='ltr'><strong>Filio</strong></span> <span class='ocrx_word' id='word_1_114' title='bbox 1250 1724 1469 1773; x_wconf 73' lang='lat' dir='ltr'><strong>mandet</strong></span> <span class='ocrx_word' id='word_1_115' title='bbox 1509 1734 1571 1773; x_wconf 86' lang='lat' dir='ltr'><strong>ea</strong></span> <span class='ocrx_word' id='word_1_116' title='bbox 1601 1733 1723 1787; x_wconf 68' lang='lat' dir='ltr'><strong>qua:</strong></span> <span class='ocrx_word' id='word_1_117' title='bbox 1754 1717 1818 1770; x_wconf 87' lang='lat' dir='ltr'><strong>ad</strong></span> <span class='ocrx_word' id='word_1_118' title='bbox 1842 1730 1976 1785; x_wconf 67' lang='lat' dir='ltr'><strong>prie-</strong></span> 
     </span>
    </p>
   </div>
   <div class='ocr_carea' id='block_1_19' title="bbox 388 1810 1974 1882">
    <p class='ocr_par' dir='ltr' id='par_1_19' title="bbox 388 1810 1974 1882">
     <span class='ocr_line' id='line_1_19' title="bbox 388 1810 1974 1882; baseline -0.003 -13"><span class='ocrx_word' id='word_1_119' title='bbox 388 1817 722 1870; x_wconf 74' lang='lat' dir='ltr'><strong>dfcationem</strong></span> <span class='ocrx_word' id='word_1_120' title='bbox 820 1816 1121 1882; x_wconf 68' lang='lat' dir='ltr'><strong>pertinent.</strong></span> <span class='ocrx_word' id='word_1_121' title='bbox 1168 1816 1210 1868; x_wconf 86' lang='lat' dir='ltr'><strong><em>A</em></strong></span> <span class='ocrx_word' id='word_1_122' title='bbox 1254 1830 1333 1867; x_wconf 84' lang='lat' dir='ltr'><strong>me</strong></span> <span class='ocrx_word' id='word_1_123' title='bbox 1372 1815 1485 1875; x_wconf 82' lang='lat' dir='ltr'><strong>ipso</strong></span> <span class='ocrx_word' id='word_1_124' title='bbox 1523 1813 1751 1872; x_wconf 85' lang='lat' dir='ltr'><strong>etenim,</strong></span> <span class='ocrx_word' id='word_1_125' title='bbox 1796 1810 1974 1879; x_wconf 85' lang='lat' dir='ltr'><strong>inquit</strong></span> 
     </span>
    </p>
   </div>
   <div class='ocr_carea' id='block_1_20' title="bbox 387 1902 1971 1974">
    <p class='ocr_par' dir='ltr' id='par_1_20' title="bbox 387 1902 1971 1974">
     <span class='ocr_line' id='line_1_20' title="bbox 387 1902 1971 1974; baseline -0.002 -18"><span class='ocrx_word' id='word_1_126' title='bbox 387 1905 670 1968; x_wconf 71' lang='lat' dir='ltr'><strong>Christus,</strong></span> <span class='ocrx_word' id='word_1_127' title='bbox 751 1906 884 1958; x_wconf 78' lang='lat' dir='ltr'><strong>nihil</strong></span> <span class='ocrx_word' id='word_1_128' title='bbox 935 1910 1141 1974; x_wconf 72' lang='lat' dir='ltr'><strong>loquor,</strong></span> <span class='ocrx_word' id='word_1_129' title='bbox 1183 1903 1273 1957; x_wconf 79' lang='lat' dir='ltr'><strong>sed</strong></span> <span class='ocrx_word' id='word_1_130' title='bbox 1306 1917 1627 1973; x_wconf 60' lang='lat' dir='ltr'><strong>quacunque</strong></span> <span class='ocrx_word' id='word_1_131' title='bbox 1676 1902 1892 1954; x_wconf 84' lang='lat' dir='ltr'><strong>audiero</strong></span> <span class='ocrx_word' id='word_1_132' title='bbox 1937 1917 1971 1953; x_wconf 84' lang='grc' dir='ltr'><strong>α</strong></span> 
     </span>
    </p>
   </div>
   <div class='ocr_carea' id='block_1_21' title="bbox 388 1994 1969 2062">
    <p class='ocr_par' dir='ltr' id='par_1_21' title="bbox 388 1994 1969 2062">
     <span class='ocr_line' id='line_1_21' title="bbox 388 1994 1969 2062; baseline -0.001 -16"><span class='ocrx_word' id='word_1_133' title='bbox 388 1996 556 2050; x_wconf 82' lang='lat' dir='ltr'><strong>l’atre</strong></span> <span class='ocrx_word' id='word_1_134' title='bbox 584 1998 652 2051; x_wconf 82' lang='grc'><strong>⁸⁷.</strong></span> <span class='ocrx_word' id='word_1_135' title='bbox 689 1994 845 2062; x_wconf 79' lang='lat' dir='ltr'><strong>Quod</strong></span> <span class='ocrx_word' id='word_1_136' title='bbox 887 2006 1072 2050; x_wconf 81' lang='lat' dir='ltr'><strong>autent</strong></span> <span class='ocrx_word' id='word_1_137' title='bbox 1098 1995 1360 2050; x_wconf 85' lang='lat' dir='ltr'><strong>Christus</strong></span> <span class='ocrx_word' id='word_1_138' title='bbox 1390 1997 1568 2049; x_wconf 85' lang='lat' dir='ltr'><strong>virtus</strong></span> <span class='ocrx_word' id='word_1_139' title='bbox 1601 1994 1691 2048; x_wconf 88' lang='lat' dir='ltr'><strong>Dei</strong></span> <span class='ocrx_word' id='word_1_140' title='bbox 1730 1994 1969 2058; x_wconf 80' lang='lat' dir='ltr'><strong>dicatur,</strong></span> 
     </span>
    </p>
   </div>
   <div class='ocr_carea' id='block_1_22' title="bbox 386 2085 1974 2157">
    <p class='ocr_par' dir='ltr' id='par_1_22' title="bbox 386 2085 1974 2157">
     <span class='ocr_line' id='line_1_22' title="bbox 386 2085 1974 2157; baseline -0.002 -17"><span class='ocrx_word' id='word_1_141' title='bbox 386 2085 695 2156; x_wconf 63' lang='lat' dir='ltr'><strong>Apostolus</strong></span> <span class='ocrx_word' id='word_1_142' title='bbox 742 2088 952 2157; x_wconf 85' lang='lat' dir='ltr'><strong>docuit,</strong></span> <span class='ocrx_word' id='word_1_143' title='bbox 990 2086 1186 2142; x_wconf 86' lang='lat' dir='ltr'><strong>dicens</strong></span> <span class='ocrx_word' id='word_1_144' title='bbox 1236 2086 1304 2141; x_wconf 91' lang='lat' dir='ltr'><strong>de</strong></span> <span class='ocrx_word' id='word_1_145' title='bbox 1333 2100 1420 2149; x_wconf 85' lang='lat' dir='ltr'><strong>eo,</strong></span> <span class='ocrx_word' id='word_1_146' title='bbox 1459 2086 1608 2156; x_wconf 89' lang='lat' dir='ltr'><strong>quod</strong></span> <span class='ocrx_word' id='word_1_147' title='bbox 1655 2085 1746 2139; x_wconf 88' lang='lat' dir='ltr'><strong>Dei</strong></span> <span class='ocrx_word' id='word_1_148' title='bbox 1798 2085 1974 2138; x_wconf 85' lang='lat' dir='ltr'><strong>virtus</strong></span> 
     </span>
    </p>
   </div>
   <div class='ocr_carea' id='block_1_23' title="bbox 384 2175 1100 2244">
    <p class='ocr_par' dir='ltr' id='par_1_23' title="bbox 384 2175 1100 2244">
     <span class='ocr_line' id='line_1_23' title="bbox 384 2175 1100 2244; baseline -0.001 -14"><span class='ocrx_word' id='word_1_149' title='bbox 384 2186 469 2230; x_wconf 81' lang='lat' dir='ltr'><strong>est</strong></span> <span class='ocrx_word' id='word_1_150' title='bbox 503 2185 559 2229; x_wconf 84' lang='lat' dir='ltr'><strong>et</strong></span> <span class='ocrx_word' id='word_1_151' title='bbox 594 2175 691 2229; x_wconf 82' lang='lat' dir='ltr'><strong>Dei</strong></span> <span class='ocrx_word' id='word_1_152' title='bbox 726 2177 1000 2244; x_wconf 85' lang='lat' dir='ltr'><strong>sapientia</strong></span> <span class='ocrx_word' id='word_1_153' title='bbox 1032 2176 1100 2229; x_wconf 80' lang='grc'>⁸⁸.</span> 
     </span>
    </p>
   </div>
   <div class='ocr_carea' id='block_1_24' title="bbox 459 2263 1974 2335">
    <p class='ocr_par' dir='ltr' id='par_1_24' title="bbox 459 2263 1974 2335">
     <span class='ocr_line' id='line_1_24' title="bbox 459 2263 1974 2335; baseline -0.001 -17"><span class='ocrx_word' id='word_1_154' title='bbox 459 2264 731 2333; x_wconf 84' lang='lat' dir='ltr'><strong>Conﬁrma</strong></span> <span class='ocrx_word' id='word_1_155' title='bbox 768 2266 887 2330; x_wconf 76' lang='lat' dir='ltr'><strong>hoc,</strong></span> <span class='ocrx_word' id='word_1_156' title='bbox 924 2266 1086 2329; x_wconf 85' lang='lat' dir='ltr'><strong>Deus,</strong></span> <span class='ocrx_word' id='word_1_157' title='bbox 1114 2266 1255 2335; x_wconf 86' lang='lat' dir='ltr'><strong>quod</strong></span> <span class='ocrx_word' id='word_1_158' title='bbox 1285 2276 1539 2335; x_wconf 76' lang='lat' dir='ltr'><strong>operatus</strong></span> <span class='ocrx_word' id='word_1_159' title='bbox 1575 2281 1630 2320; x_wconf 84' lang='lat' dir='ltr'><strong>es</strong></span> <span class='ocrx_word' id='word_1_160' title='bbox 1664 2266 1718 2318; x_wconf 87' lang='lat' dir='ltr'><strong>in</strong></span> <span class='ocrx_word' id='word_1_161' title='bbox 1741 2263 1912 2329; x_wconf 81' lang='lat' dir='ltr'><strong>nobis,</strong></span> <span class='ocrx_word' id='word_1_162' title='bbox 1940 2280 1974 2316; x_wconf 89' lang='lat' dir='ltr'><strong>a</strong></span> 
     </span>
    </p>
   </div>
   <div class='ocr_carea' id='block_1_25' title="bbox 386 2356 1975 2428">
    <p class='ocr_par' dir='ltr' id='par_1_25' title="bbox 386 2356 1975 2428">
     <span class='ocr_line' id='line_1_25' title="bbox 386 2356 1975 2428; baseline -0.003 -15"><span class='ocrx_word' id='word_1_163' title='bbox 386 2361 580 2428; x_wconf 80' lang='lat' dir='ltr'><strong>templo</strong></span> <span class='ocrx_word' id='word_1_164' title='bbox 602 2360 759 2412; x_wconf 89' lang='lat' dir='ltr'><strong>tuoin</strong></span> <span class='ocrx_word' id='word_1_165' title='bbox 784 2356 1105 2415; x_wconf 80' lang='lat' dir='ltr'><strong>Jerusalem.</strong></span> <span class='ocrx_word' id='word_1_166' title='bbox 1130 2358 1253 2413; x_wconf 67' lang='lat' dir='ltr'><strong>llaec</strong></span> <span class='ocrx_word' id='word_1_167' title='bbox 1273 2359 1339 2413; x_wconf 88' lang='lat' dir='ltr'><strong>ad</strong></span> <span class='ocrx_word' id='word_1_168' title='bbox 1365 2356 1554 2412; x_wconf 84' lang='lat' dir='ltr'><strong>Filium</strong></span> <span class='ocrx_word' id='word_1_169' title='bbox 1571 2358 1717 2412; x_wconf 87' lang='lat' dir='ltr'><strong>dicta</strong></span> <span class='ocrx_word' id='word_1_170' title='bbox 1742 2365 1893 2417; x_wconf 85' lang='lat' dir='ltr'><strong>sunt,</strong></span> <span class='ocrx_word' id='word_1_171' title='bbox 1916 2364 1975 2408; x_wconf 88' lang='lat' dir='ltr'><strong>ut</strong></span> 
     </span>
    </p>
   </div>
   <div class='ocr_carea' id='block_1_26' title="bbox 390 2449 1971 2521">
    <p class='ocr_par' dir='ltr' id='par_1_26' title="bbox 390 2449 1971 2521">
     <span class='ocr_line' id='line_1_26' title="bbox 390 2449 1971 2521; baseline -0.002 -18"><span class='ocrx_word' id='word_1_172' title='bbox 390 2452 667 2521; x_wconf 76' lang='lat' dir='ltr'><strong>Evangelii</strong></span> <span class='ocrx_word' id='word_1_173' title='bbox 705 2450 1176 2521; x_wconf 78' lang='lat' dir='ltr'><strong>praedicationem,</strong></span> <span class='ocrx_word' id='word_1_174' title='bbox 1205 2454 1352 2519; x_wconf 86' lang='lat' dir='ltr'><strong>quod</strong></span> <span class='ocrx_word' id='word_1_175' title='bbox 1387 2451 1441 2504; x_wconf 91' lang='lat' dir='ltr'><strong>in</strong></span> <span class='ocrx_word' id='word_1_176' title='bbox 1475 2465 1599 2513; x_wconf 88' lang='lat' dir='ltr'><strong>nos,</strong></span> <span class='ocrx_word' id='word_1_177' title='bbox 1631 2449 1715 2503; x_wconf 89' lang='lat' dir='ltr'><strong>vel</strong></span> <span class='ocrx_word' id='word_1_178' title='bbox 1744 2456 1971 2518; x_wconf 86' lang='lat' dir='ltr'><strong>propter</strong></span> 
     </span>
    </p>
   </div>
   <div class='ocr_carea' id='block_1_27' title="bbox 386 2539 1977 2615">
    <p class='ocr_par' dir='ltr' id='par_1_27' title="bbox 386 2539 1977 2615">
     <span class='ocr_line' id='line_1_27' title="bbox 386 2539 1977 2615; baseline -0.003 -16"><span class='ocrx_word' id='word_1_179' title='bbox 386 2562 492 2601; x_wconf 90' lang='lat' dir='ltr'><strong>nos</strong></span> <span class='ocrx_word' id='word_1_180' title='bbox 534 2556 801 2615; x_wconf 87' lang='lat' dir='ltr'><strong>operatus</strong></span> <span class='ocrx_word' id='word_1_181' title='bbox 843 2554 948 2610; x_wconf 89' lang='lat' dir='ltr'><strong>est,</strong></span> <span class='ocrx_word' id='word_1_182' title='bbox 989 2546 1312 2599; x_wconf 81' lang='lat' dir='ltr'><strong>validiorem</strong></span> <span class='ocrx_word' id='word_1_183' title='bbox 1349 2559 1413 2598; x_wconf 86' lang='lat' dir='ltr'><strong>ac</strong></span> <span class='ocrx_word' id='word_1_184' title='bbox 1444 2543 1817 2612; x_wconf 87' lang='lat' dir='ltr'><strong>potentiorem</strong></span> <span class='ocrx_word' id='word_1_185' title='bbox 1852 2539 1977 2595; x_wconf 60' lang='lat' dir='ltr'><strong>red.</strong></span> 
     </span>
    </p>
   </div>
   <div class='ocr_carea' id='block_1_28' title="bbox 386 2634 1971 2707">
    <p class='ocr_par' dir='ltr' id='par_1_28' title="bbox 386 2634 1971 2707">
     <span class='ocr_line' id='line_1_28' title="bbox 386 2634 1971 2707; baseline -0.003 -16"><span class='ocrx_word' id='word_1_186' title='bbox 386 2638 504 2692; x_wconf 85' lang='lat' dir='ltr'><strong>dat.</strong></span> <span class='ocrx_word' id='word_1_187' title='bbox 540 2636 640 2693; x_wconf 79' lang='lat' dir='ltr'><strong>Vel</strong></span> <span class='ocrx_word' id='word_1_188' title='bbox 671 2639 938 2692; x_wconf 81' lang='lat' dir='ltr'><strong>conﬁrma</strong></span> <span class='ocrx_word' id='word_1_189' title='bbox 980 2638 1127 2707; x_wconf 87' lang='lat' dir='ltr'><strong>quod</strong></span> <span class='ocrx_word' id='word_1_190' title='bbox 1157 2646 1422 2706; x_wconf 85' lang='lat' dir='ltr'><strong>operatus</strong></span> <span class='ocrx_word' id='word_1_191' title='bbox 1456 2651 1518 2690; x_wconf 90' lang='lat' dir='ltr'><strong>es</strong></span> <span class='ocrx_word' id='word_1_192' title='bbox 1562 2650 1592 2688; x_wconf 90' lang='lat' dir='ltr'><strong>a</strong></span> <span class='ocrx_word' id='word_1_193' title='bbox 1621 2634 1825 2702; x_wconf 88' lang='lat' dir='ltr'><strong>templo</strong></span> <span class='ocrx_word' id='word_1_194' title='bbox 1854 2643 1971 2699; x_wconf 92' lang='lat' dir='ltr'><strong>tuo,</strong></span> 
     </span>
    </p>
   </div>
   <div class='ocr_carea' id='block_1_29' title="bbox 394 2727 1975 2802">
    <p class='ocr_par' dir='ltr' id='par_1_29' title="bbox 394 2727 1975 2802">
     <span class='ocr_line' id='line_1_29' title="bbox 394 2727 1975 2802; baseline -0.003 -18"><span class='ocrx_word' id='word_1_195' title='bbox 394 2733 502 2785; x_wconf 88' lang='lat' dir='ltr'><strong>hoe</strong></span> <span class='ocrx_word' id='word_1_196' title='bbox 536 2739 642 2795; x_wconf 89' lang='lat' dir='ltr'><strong>est,</strong></span> <span class='ocrx_word' id='word_1_197' title='bbox 684 2732 833 2802; x_wconf 87' lang='lat' dir='ltr'><strong>quod</strong></span> <span class='ocrx_word' id='word_1_198' title='bbox 886 2729 1165 2799; x_wconf 78' lang='lat' dir='ltr'><strong>perfecisti</strong></span> <span class='ocrx_word' id='word_1_199' title='bbox 1206 2746 1300 2797; x_wconf 87' lang='lat' dir='ltr'><strong>per</strong></span> <span class='ocrx_word' id='word_1_200' title='bbox 1337 2740 1680 2797; x_wconf 90' lang='lat' dir='ltr'><strong>assumptam</strong></span> <span class='ocrx_word' id='word_1_201' title='bbox 1718 2727 1975 2783; x_wconf 81' lang='lat' dir='ltr'><strong>Immani-</strong></span> 
     </span>
    </p>
   </div>
   <div class='ocr_carea' id='block_1_30' title="bbox 389 2821 1977 2893">
    <p class='ocr_par' dir='ltr' id='par_1_30' title="bbox 389 2821 1977 2893">
     <span class='ocr_line' id='line_1_30' title="bbox 389 2821 1977 2893; baseline 0.001 -17"><span class='ocrx_word' id='word_1_202' title='bbox 389 2830 587 2886; x_wconf 85' lang='lat' dir='ltr'><strong>tatem,</strong></span> <span class='ocrx_word' id='word_1_203' title='bbox 623 2838 745 2893; x_wconf 67' lang='grc' dir='ltr'>ηυδε</span> <span class='ocrx_word' id='word_1_204' title='bbox 776 2824 1043 2892; x_wconf 85' lang='lat' dir='ltr'><strong>templum</strong></span> <span class='ocrx_word' id='word_1_205' title='bbox 1077 2822 1304 2887; x_wconf 85' lang='lat' dir='ltr'><strong>dicitur,</strong></span> <span class='ocrx_word' id='word_1_206' title='bbox 1337 2838 1404 2877; x_wconf 88' lang='lat' dir='ltr'><strong>ac</strong></span> <span class='ocrx_word' id='word_1_207' title='bbox 1444 2821 1862 2877; x_wconf 88' lang='lat' dir='ltr'><strong>tabernaculum</strong></span> <span class='ocrx_word' id='word_1_208' title='bbox 1893 2822 1977 2877; x_wconf 89' lang='lat' dir='ltr'><strong>di-</strong></span> 
     </span>
    </p>
   </div>
   <div class='ocr_carea' id='block_1_31' title="bbox 386 2911 1973 2983">
    <p class='ocr_par' dir='ltr' id='par_1_31' title="bbox 386 2911 1973 2983">
     <span class='ocr_line' id='line_1_31' title="bbox 386 2911 1973 2983; baseline -0.002 -15"><span class='ocrx_word' id='word_1_209' title='bbox 386 2914 661 2969; x_wconf 85' lang='lat' dir='ltr'><strong>vinitatis.</strong></span> <span class='ocrx_word' id='word_1_210' title='bbox 692 2914 828 2968; x_wconf 82' lang='lat' dir='ltr'><strong>Nam</strong></span> <span class='ocrx_word' id='word_1_211' title='bbox 854 2914 1000 2982; x_wconf 84' lang='lat' dir='ltr'><strong>quod</strong></span> <span class='ocrx_word' id='word_1_212' title='bbox 1029 2912 1187 2980; x_wconf 81' lang='lat' dir='ltr'><strong>ait,&#39;_A</strong></span> <span class='ocrx_word' id='word_1_213' title='bbox 1211 2912 1405 2983; x_wconf 80' lang='lat' dir='ltr'><strong>tentpto</strong></span> <span class='ocrx_word' id='word_1_214' title='bbox 1433 2921 1547 2976; x_wconf 87' lang='lat' dir='ltr'><strong>tuo,</strong></span> <span class='ocrx_word' id='word_1_215' title='bbox 1569 2911 1973 2982; x_wconf 55' lang='lat' dir='ltr'><strong>exponi,debet,</strong></span> 
     </span>
    </p>
   </div>
   <div class='ocr_carea' id='block_1_32' title="bbox 387 3002 1975 3076">
    <p class='ocr_par' dir='ltr' id='par_1_32' title="bbox 387 3002 1975 3076">
     <span class='ocr_line' id='line_1_32' title="bbox 387 3002 1975 3076; baseline -0.003 -15"><span class='ocrx_word' id='word_1_216' title='bbox 387 3006 494 3061; x_wconf 85' lang='lat' dir='ltr'><strong>Per</strong></span> <span class='ocrx_word' id='word_1_217' title='bbox 523 3006 784 3076; x_wconf 86' lang='lat' dir='ltr'><strong>templum</strong></span> <span class='ocrx_word' id='word_1_218' title='bbox 819 3015 973 3059; x_wconf 88' lang='lat' dir='ltr'><strong>tuqu</strong></span> <span class='ocrx_word' id='word_1_219' title='bbox 1011 3022 1025 3059; x_wconf 87' lang='lat'><strong>:</strong></span> <span class='ocrx_word' id='word_1_220' title='bbox 1059 3004 1205 3074; x_wconf 88' lang='lat' dir='ltr'><strong>quod</strong></span> <span class='ocrx_word' id='word_1_221' title='bbox 1234 3003 1519 3073; x_wconf 86' lang='lat' dir='ltr'><strong>templum,</strong></span> <span class='ocrx_word' id='word_1_222' title='bbox 1546 3003 1654 3057; x_wconf 90' lang='lat' dir='ltr'><strong>hoc</strong></span> <span class='ocrx_word' id='word_1_223' title='bbox 1684 3010 1790 3068; x_wconf 90' lang='lat' dir='ltr'><strong>est,</strong></span> <span class='ocrx_word' id='word_1_224' title='bbox 1824 3002 1975 3072; x_wconf 85' lang='lat' dir='ltr'><strong>quod</strong></span> 
     </span>
    </p>
   </div>
   <div class='ocr_carea' id='block_1_33' title="bbox 392 3092 1972 3168">
    <p class='ocr_par' dir='ltr' id='par_1_33' title="bbox 392 3092 1972 3168">
     <span class='ocr_line' id='line_1_33' title="bbox 392 3092 1972 3168; baseline -0.003 -16"><span class='ocrx_word' id='word_1_225' title='bbox 392 3108 799 3168; x_wconf 87' lang='lat' dir='ltr'><strong>eorpustuum,</strong></span> <span class='ocrx_word' id='word_1_226' title='bbox 830 3096 1098 3151; x_wconf 89' lang='lat' dir='ltr'><strong>habitavit</strong></span> <span class='ocrx_word' id='word_1_227' title='bbox 1135 3104 1190 3151; x_wconf 84' lang='lat' dir='ltr'><strong>et</strong></span> <span class='ocrx_word' id='word_1_228' title='bbox 1214 3095 1608 3166; x_wconf 67' lang='lat' dir='ltr'><strong>praadicavitiu</strong></span> <span class='ocrx_word' id='word_1_229' title='bbox 1630 3092 1972 3150; x_wconf 83' lang='lat' dir='ltr'><strong>Jerusalem:</strong></span> 
     </span>
    </p>
   </div>
   <div class='ocr_carea' id='block_1_34' title="bbox 389 3186 2044 3268">
    <p class='ocr_par' dir='ltr' id='par_1_34' title="bbox 389 3186 2044 3268">
     <span class='ocr_line' id='line_1_34' title="bbox 389 3186 2044 3268; baseline -0.002 -24"><span class='ocrx_word' id='word_1_230' title='bbox 389 3191 508 3260; x_wconf 83' lang='lat' dir='ltr'><strong>Ego</strong></span> <span class='ocrx_word' id='word_1_231' title='bbox 538 3190 699 3256; x_wconf 87' lang='lat' dir='ltr'><strong>enim,</strong></span> <span class='ocrx_word' id='word_1_232' title='bbox 735 3190 943 3259; x_wconf 83' lang='lat' dir='ltr'><strong>inquit,</strong></span> <span class='ocrx_word' id='word_1_233' title='bbox 978 3192 1301 3244; x_wconf 77' lang='lat' dir='ltr'><strong>constitutus</strong></span> <span class='ocrx_word' id='word_1_234' title='bbox 1335 3206 1453 3243; x_wconf 81' lang='lat' dir='ltr'><strong>sum</strong></span> <span class='ocrx_word' id='word_1_235' title='bbox 1488 3187 1602 3243; x_wconf 78' lang='lat' dir='ltr'><strong>Rea:</strong></span> <span class='ocrx_word' id='word_1_236' title='bbox 1627 3186 1693 3242; x_wconf 87' lang='lat' dir='ltr'><strong>ab</strong></span> <span class='ocrx_word' id='word_1_237' title='bbox 1728 3204 1788 3241; x_wconf 86' lang='lat' dir='ltr'><strong>eo</strong></span> <span class='ocrx_word' id='word_1_238' title='bbox 1818 3202 1976 3256; x_wconf 76' lang='lat' dir='ltr'><strong>super</strong></span> <span class='ocrx_word' id='word_1_239' title='bbox 2002 3209 2044 3268; x_wconf 68' lang='grc' dir='ltr'><strong>ρ</strong></span> 
     </span>
    </p>
   </div>
   <div class='ocr_carea' id='block_1_35' title="bbox 388 3280 1973 3350">
    <p class='ocr_par' dir='ltr' id='par_1_35' title="bbox 388 3280 1973 3350">
     <span class='ocr_line' id='line_1_35' title="bbox 388 3280 1973 3350; baseline -0.002 -15"><span class='ocrx_word' id='word_1_240' title='bbox 388 3281 520 3336; x_wconf 85' lang='lat' dir='ltr'><strong>Sion</strong></span> <span class='ocrx_word' id='word_1_241' title='bbox 561 3290 792 3336; x_wconf 84' lang='lat' dir='ltr'><strong>montem</strong></span> <span class='ocrx_word' id='word_1_242' title='bbox 838 3293 1084 3336; x_wconf 79' lang='lat' dir='ltr'><strong>sanctum</strong></span> <span class='ocrx_word' id='word_1_243' title='bbox 1139 3281 1277 3348; x_wconf 81' lang='lat' dir='ltr'><strong>eius,</strong></span> <span class='ocrx_word' id='word_1_244' title='bbox 1309 3280 1604 3350; x_wconf 77' lang='lat' dir='ltr'><strong>prwdicans</strong></span> <span class='ocrx_word' id='word_1_245' title='bbox 1655 3289 1973 3349; x_wconf 66' lang='lat' dir='ltr'><strong>praeceptum</strong></span> 
     </span>
    </p>
   </div>
   <div class='ocr_carea' id='block_1_36' title="bbox 388 3375 617 3444">
    <p class='ocr_par' dir='ltr' id='par_1_36' title="bbox 388 3375 617 3444">
     <span class='ocr_line' id='line_1_36' title="bbox 388 3375 617 3444; baseline -0.009 -15"><span class='ocrx_word' id='word_1_246' title='bbox 388 3375 508 3444; x_wconf 73' lang='lat' dir='ltr'><strong>(jus</strong></span> <span class='ocrx_word' id='word_1_247' title='bbox 547 3375 617 3427; x_wconf 80' lang='lat'><strong>”.</strong></span> 
     </span>
    </p>
   </div>
   <div class='ocr_carea' id='block_1_37' title="bbox 462 3465 1967 3537">
    <p class='ocr_par' dir='ltr' id='par_1_37' title="bbox 462 3465 1967 3537">
     <span class='ocr_line' id='line_1_37' title="bbox 462 3465 1967 3537; baseline 0 -16"><span class='ocrx_word' id='word_1_248' title='bbox 462 3466 580 3521; x_wconf 85' lang='lat' dir='ltr'><strong>Tibi</strong></span> <span class='ocrx_word' id='word_1_249' title='bbox 614 3466 838 3537; x_wconf 72' lang='lat' dir='ltr'><strong>oﬂ&#39;erent</strong></span> <span class='ocrx_word' id='word_1_250' title='bbox 899 3482 1049 3537; x_wconf 80' lang='lat' dir='ltr'><strong>reges</strong></span> <span class='ocrx_word' id='word_1_251' title='bbox 1103 3482 1350 3521; x_wconf 82' lang='lat' dir='ltr'><strong>munera.</strong></span> <span class='ocrx_word' id='word_1_252' title='bbox 1401 3465 1658 3522; x_wconf 85' lang='lat' dir='ltr'><strong>Gentium</strong></span> <span class='ocrx_word' id='word_1_253' title='bbox 1701 3468 1967 3523; x_wconf 89' lang='lat' dir='ltr'><strong>nimirum</strong></span> 
     </span>
    </p>
   </div>
   <div class='ocr_carea' id='block_1_38' title="bbox 388 3558 1974 3632">
    <p class='ocr_par' dir='ltr' id='par_1_38' title="bbox 388 3558 1974 3632">
     <span class='ocr_line' id='line_1_38' title="bbox 388 3558 1974 3632; baseline -0.001 -16"><span class='ocrx_word' id='word_1_254' title='bbox 388 3577 569 3632; x_wconf 82' lang='lat' dir='ltr'><strong>reges.</strong></span> <span class='ocrx_word' id='word_1_255' title='bbox 623 3561 849 3616; x_wconf 77' lang='lat' dir='ltr'><strong>Munera</strong></span> <span class='ocrx_word' id='word_1_256' title='bbox 904 3571 1112 3624; x_wconf 84' lang='lat' dir='ltr'><strong>autem,</strong></span> <span class='ocrx_word' id='word_1_257' title='bbox 1158 3575 1284 3629; x_wconf 68' lang='lat' dir='ltr'><strong>qua:</strong></span> <span class='ocrx_word' id='word_1_258' title='bbox 1326 3558 1651 3613; x_wconf 90' lang='lat' dir='ltr'><strong>obtulerunt</strong></span> <span class='ocrx_word' id='word_1_259' title='bbox 1686 3559 1741 3612; x_wconf 87' lang='lat' dir='ltr'><strong>bi</strong></span> <span class='ocrx_word' id='word_1_260' title='bbox 1793 3574 1974 3630; x_wconf 86' lang='lat' dir='ltr'><strong>reges,</strong></span> 
     </span>
    </p>
   </div>
   <div class='ocr_carea' id='block_1_39' title="bbox 390 3650 1971 3725">
    <p class='ocr_par' dir='ltr' id='par_1_39' title="bbox 390 3650 1971 3725">
     <span class='ocr_line' id='line_1_39' title="bbox 390 3650 1971 3725; baseline -0.004 -14"><span class='ocrx_word' id='word_1_261' title='bbox 390 3656 594 3725; x_wconf 85' lang='lat' dir='ltr'><strong>templa</strong></span> <span class='ocrx_word' id='word_1_262' title='bbox 635 3662 788 3719; x_wconf 87' lang='lat' dir='ltr'><strong>sunt,</strong></span> <span class='ocrx_word' id='word_1_263' title='bbox 820 3661 875 3706; x_wconf 90' lang='lat' dir='ltr'><strong>et</strong></span> <span class='ocrx_word' id='word_1_264' title='bbox 909 3651 1116 3722; x_wconf 68' lang='lat' dir='ltr'><strong>praedia</strong></span> <span class='ocrx_word' id='word_1_265' title='bbox 1145 3650 1257 3706; x_wconf 88' lang='lat' dir='ltr'><strong>Deo</strong></span> <span class='ocrx_word' id='word_1_266' title='bbox 1296 3650 1507 3717; x_wconf 87' lang='lat' dir='ltr'><strong>dicata,</strong></span> <span class='ocrx_word' id='word_1_267' title='bbox 1554 3656 1609 3706; x_wconf 87' lang='lat' dir='ltr'><strong>et</strong></span> <span class='ocrx_word' id='word_1_268' title='bbox 1660 3651 1814 3706; x_wconf 87' lang='lat' dir='ltr'><strong>varia</strong></span> <span class='ocrx_word' id='word_1_269' title='bbox 1859 3651 1971 3706; x_wconf 89' lang='lat' dir='ltr'><strong>alia</strong></span> 
     </span>
    </p>
   </div>
   <div class='ocr_carea' id='block_1_40' title="bbox 392 3740 1973 3809">
    <p class='ocr_par' dir='ltr' id='par_1_40' title="bbox 392 3740 1973 3809">
     <span class='ocr_line' id='line_1_40' title="bbox 392 3740 1973 3809; baseline -0.001 -10"><span class='ocrx_word' id='word_1_270' title='bbox 392 3747 535 3800; x_wconf 88' lang='lat' dir='ltr'><strong>dona</strong></span> <span class='ocrx_word' id='word_1_271' title='bbox 575 3745 646 3797; x_wconf 87' lang='lat' dir='ltr'><strong>ab</strong></span> <span class='ocrx_word' id='word_1_272' title='bbox 677 3744 759 3799; x_wconf 88' lang='lat' dir='ltr'><strong>eis</strong></span> <span class='ocrx_word' id='word_1_273' title='bbox 794 3742 984 3796; x_wconf 88' lang='lat' dir='ltr'><strong>divino</strong></span> <span class='ocrx_word' id='word_1_274' title='bbox 1012 3741 1189 3796; x_wconf 89' lang='lat' dir='ltr'><strong>cultui</strong></span> <span class='ocrx_word' id='word_1_275' title='bbox 1229 3743 1318 3809; x_wconf 86' lang='lat' dir='ltr'><strong>pie</strong></span> <span class='ocrx_word' id='word_1_276' title='bbox 1368 3741 1577 3798; x_wconf 89' lang='lat' dir='ltr'><strong>oblata.</strong></span> <span class='ocrx_word' id='word_1_277' title='bbox 1629 3740 1754 3795; x_wconf 63' lang='lat' dir='ltr'><strong>llaec</strong></span> <span class='ocrx_word' id='word_1_278' title='bbox 1790 3751 1973 3798; x_wconf 87' lang='lat' dir='ltr'><strong>autem</strong></span> 
     </span>
    </p>
   </div>
   <div class='ocr_carea' id='block_1_41' title="bbox 395 3832 1975 3902">
    <p class='ocr_par' dir='ltr' id='par_1_41' title="bbox 395 3832 1975 3902">
     <span class='ocr_line' id='line_1_41' title="bbox 395 3832 1975 3902; baseline -0.001 -13"><span class='ocrx_word' id='word_1_279' title='bbox 395 3850 627 3890; x_wconf 86' lang='lat' dir='ltr'><strong>munera</strong></span> <span class='ocrx_word' id='word_1_280' title='bbox 678 3834 865 3887; x_wconf 87' lang='lat' dir='ltr'><strong>statim</strong></span> <span class='ocrx_word' id='word_1_281' title='bbox 894 3832 1149 3897; x_wconf 81' lang='lat' dir='ltr'><strong>oll&#39;erent,</strong></span> <span class='ocrx_word' id='word_1_282' title='bbox 1185 3848 1311 3887; x_wconf 89' lang='lat' dir='ltr'><strong>cum</strong></span> <span class='ocrx_word' id='word_1_283' title='bbox 1349 3833 1586 3902; x_wconf 88' lang='lat' dir='ltr'><strong>primum</strong></span> <span class='ocrx_word' id='word_1_284' title='bbox 1616 3842 1668 3887; x_wconf 90' lang='lat' dir='ltr'><strong>te</strong></span> <span class='ocrx_word' id='word_1_285' title='bbox 1691 3835 1975 3888; x_wconf 88' lang='lat' dir='ltr'><strong>immorta-</strong></span> 
     </span>
    </p>
   </div>
   <div class='ocr_carea' id='block_1_42' title="bbox 392 3922 1974 3996">
    <p class='ocr_par' dir='ltr' id='par_1_42' title="bbox 392 3922 1974 3996">
     <span class='ocr_line' id='line_1_42' title="bbox 392 3922 1974 3996; baseline 0.001 -17"><span class='ocrx_word' id='word_1_286' title='bbox 392 3928 498 3980; x_wconf 85' lang='lat' dir='ltr'><strong>leltl</strong></span> <span class='ocrx_word' id='word_1_287' title='bbox 559 3942 756 3980; x_wconf 88' lang='lat' dir='ltr'><strong>eorum</strong></span> <span class='ocrx_word' id='word_1_288' title='bbox 813 3939 939 3979; x_wconf 88' lang='lat' dir='ltr'><strong>esse</strong></span> <span class='ocrx_word' id='word_1_289' title='bbox 1002 3922 1229 3993; x_wconf 77' lang='lat' dir='ltr'><strong>Regem,</strong></span> <span class='ocrx_word' id='word_1_290' title='bbox 1271 3930 1326 3977; x_wconf 91' lang='lat' dir='ltr'><strong>et</strong></span> <span class='ocrx_word' id='word_1_291' title='bbox 1374 3922 1544 3979; x_wconf 83' lang='lat' dir='ltr'><strong>Deum</strong></span> <span class='ocrx_word' id='word_1_292' title='bbox 1592 3926 1974 3996; x_wconf 83' lang='lat' dir='ltr'><strong>cognoverint.</strong></span> 
     </span>
    </p>
   </div>
   <div class='ocr_carea' id='block_1_43' title="bbox 394 4016 1980 4086">
    <p class='ocr_par' dir='ltr' id='par_1_43' title="bbox 394 4016 1980 4086">
     <span class='ocr_line' id='line_1_43' title="bbox 394 4016 1980 4086; baseline -0.001 -13"><span class='ocrx_word' id='word_1_293' title='bbox 394 4020 725 4086; x_wconf 76' lang='lat' dir='ltr'><strong>Quanquam</strong></span> <span class='ocrx_word' id='word_1_294' title='bbox 766 4027 822 4071; x_wconf 90' lang='lat' dir='ltr'><strong>et</strong></span> <span class='ocrx_word' id='word_1_295' title='bbox 865 4018 1159 4069; x_wconf 84' lang='lat' dir='ltr'><strong>immutate</strong></span> <span class='ocrx_word' id='word_1_296' title='bbox 1190 4016 1597 4071; x_wconf 84' lang='lat' dir='ltr'><strong>versiculorum</strong></span> <span class='ocrx_word' id='word_1_297' title='bbox 1628 4019 1846 4085; x_wconf 83' lang='lat' dir='ltr'><strong>ordine,</strong></span> <span class='ocrx_word' id='word_1_298' title='bbox 1876 4018 1980 4072; x_wconf 61' lang='lat' dir='ltr'><strong>alio</strong></span> 
     </span>
    </p>
   </div>
   <div class='ocr_carea' id='block_1_44' title="bbox 395 4107 1979 4178">
    <p class='ocr_par' dir='ltr' id='par_1_44' title="bbox 395 4107 1979 4178">
     <span class='ocr_line' id='line_1_44' title="bbox 395 4107 1979 4178; baseline 0 -16"><span class='ocrx_word' id='word_1_299' title='bbox 395 4117 479 4162; x_wconf 85' lang='lat' dir='ltr'><strong>ter</strong></span> <span class='ocrx_word' id='word_1_300' title='bbox 506 4109 784 4177; x_wconf 84' lang='lat' dir='ltr'><strong>possimus</strong></span> <span class='ocrx_word' id='word_1_301' title='bbox 842 4120 1145 4175; x_wconf 85' lang='lat' dir='ltr'><strong>exponere,</strong></span> <span class='ocrx_word' id='word_1_302' title='bbox 1200 4114 1260 4158; x_wconf 92' lang='lat' dir='ltr'><strong>ut</strong></span> <span class='ocrx_word' id='word_1_303' title='bbox 1316 4120 1517 4161; x_wconf 89' lang='lat' dir='ltr'><strong>sensus</strong></span> <span class='ocrx_word' id='word_1_304' title='bbox 1574 4107 1693 4161; x_wconf 88' lang='lat' dir='ltr'><strong>sit:</strong></span> <span class='ocrx_word' id='word_1_305' title='bbox 1743 4107 1979 4178; x_wconf 40' lang='lat' dir='ltr'><strong>Ab4hoc</strong></span> 
     </span>
    </p>
   </div>
   <div class='ocr_carea' id='block_1_45' title="bbox 398 4197 1978 4268">
    <p class='ocr_par' dir='ltr' id='par_1_45' title="bbox 398 4197 1978 4268">
     <span class='ocr_line' id='line_1_45' title="bbox 398 4197 1978 4268; baseline 0.002 -15"><span class='ocrx_word' id='word_1_306' title='bbox 398 4201 651 4254; x_wconf 88' lang='lat' dir='ltr'><strong>terrestri</strong></span> <span class='ocrx_word' id='word_1_307' title='bbox 691 4208 789 4253; x_wconf 90' lang='lat' dir='ltr'><strong>tuo</strong></span> <span class='ocrx_word' id='word_1_308' title='bbox 837 4199 1066 4268; x_wconf 84' lang='lat' dir='ltr'><strong>templo,</strong></span> <span class='ocrx_word' id='word_1_309' title='bbox 1123 4212 1280 4268; x_wconf 85' lang='lat' dir='ltr'><strong>reges</strong></span> <span class='ocrx_word' id='word_1_310' title='bbox 1338 4197 1517 4254; x_wconf 77' lang='lat' dir='ltr'><strong>ferent</strong></span> <span class='ocrx_word' id='word_1_311' title='bbox 1574 4200 1672 4255; x_wconf 89' lang='lat' dir='ltr'><strong>tibi</strong></span> <span class='ocrx_word' id='word_1_312' title='bbox 1722 4201 1886 4267; x_wconf 89' lang='lat' dir='ltr'><strong>dona,</strong></span> <span class='ocrx_word' id='word_1_313' title='bbox 1920 4202 1978 4256; x_wconf 91' lang='lat' dir='ltr'><strong>in</strong></span> 
     </span>
    </p>
   </div>
   <div class='ocr_carea' id='block_1_46' title="bbox 398 4288 1977 4360">
    <p class='ocr_par' dir='ltr' id='par_1_46' title="bbox 398 4288 1977 4360">
     <span class='ocr_line' id='line_1_46' title="bbox 398 4288 1977 4360; baseline 0.001 -15"><span class='ocrx_word' id='word_1_314' title='bbox 398 4306 696 4360; x_wconf 86' lang='lat' dir='ltr'><strong>supernam</strong></span> <span class='ocrx_word' id='word_1_315' title='bbox 732 4288 1043 4345; x_wconf 81' lang='lat' dir='ltr'><strong>Jerusalem</strong></span> <span class='ocrx_word' id='word_1_316' title='bbox 1073 4308 1088 4345; x_wconf 90' lang='lat'><strong>:</strong></span> <span class='ocrx_word' id='word_1_317' title='bbox 1116 4290 1245 4359; x_wconf 87' lang='lat' dir='ltr'><strong>quia</strong></span> <span class='ocrx_word' id='word_1_318' title='bbox 1279 4306 1375 4359; x_wconf 89' lang='lat' dir='ltr'><strong>per</strong></span> <span class='ocrx_word' id='word_1_319' title='bbox 1400 4294 1743 4346; x_wconf 81' lang='lat' dir='ltr'><strong>terrestrium</strong></span> <span class='ocrx_word' id='word_1_320' title='bbox 1778 4294 1977 4348; x_wconf 91' lang='lat' dir='ltr'><strong>horum</strong></span> 
     </span>
    </p>
   </div>
   <div class='ocr_carea' id='block_1_47' title="bbox 403 4386 1979 4459">
    <p class='ocr_par' dir='ltr' id='par_1_47' title="bbox 403 4386 1979 4459">
     <span class='ocr_line' id='line_1_47' title="bbox 403 4386 1979 4459; baseline 0.003 -20"><span class='ocrx_word' id='word_1_321' title='bbox 403 4402 697 4441; x_wconf 83' lang='lat' dir='ltr'><strong>numerant</strong></span> <span class='ocrx_word' id='word_1_322' title='bbox 762 4386 1120 4449; x_wconf 85' lang='lat' dir='ltr'><strong>oblationem,</strong></span> <span class='ocrx_word' id='word_1_323' title='bbox 1162 4402 1451 4441; x_wconf 87' lang='lat' dir='ltr'><strong>accessum</strong></span> <span class='ocrx_word' id='word_1_324' title='bbox 1485 4396 1541 4442; x_wconf 89' lang='lat' dir='ltr'><strong>et</strong></span> <span class='ocrx_word' id='word_1_325' title='bbox 1575 4390 1807 4458; x_wconf 85' lang='lat' dir='ltr'><strong>gratiam</strong></span> <span class='ocrx_word' id='word_1_326' title='bbox 1835 4389 1979 4459; x_wconf 89' lang='lat' dir='ltr'><strong>apud</strong></span> 
     </span>
    </p>
   </div>
   <div class='ocr_carea' id='block_1_48' title="bbox 397 4478 1304 4546">
    <p class='ocr_par' dir='ltr' id='par_1_48' title="bbox 397 4478 1304 4546">
     <span class='ocr_line' id='line_1_48' title="bbox 397 4478 1304 4546; baseline -0.001 -15"><span class='ocrx_word' id='word_1_327' title='bbox 397 4480 567 4532; x_wconf 84' lang='lat' dir='ltr'><strong>Deum</strong></span> <span class='ocrx_word' id='word_1_328' title='bbox 595 4479 650 4531; x_wconf 90' lang='lat' dir='ltr'><strong>in</strong></span> <span class='ocrx_word' id='word_1_329' title='bbox 683 4478 826 4532; x_wconf 62' lang='lat' dir='ltr'><strong>coelo</strong></span> <span class='ocrx_word' id='word_1_330' title='bbox 865 4488 1304 4546; x_wconf 86' lang='lat' dir='ltr'><strong>consequentur.</strong></span> 
     </span>
    </p>
   </div>
   <div class='ocr_carea' id='block_1_49' title="bbox 472 4543 2062 4635">
    <p class='ocr_par' dir='ltr' id='par_1_49' title="bbox 472 4543 2062 4635">
     <span class='ocr_line' id='line_1_49' title="bbox 472 4543 2062 4635; baseline 0.004 -16"><span class='ocrx_word' id='word_1_331' title='bbox 472 4566 634 4622; x_wconf 75' lang='lat' dir='ltr'><strong>Vsus.</strong></span> <span class='ocrx_word' id='word_1_332' title='bbox 672 4568 763 4620; x_wconf 80' lang='lat'><strong>5|.</strong></span> <span class='ocrx_word' id='word_1_333' title='bbox 798 4566 1021 4634; x_wconf 71' lang='lat' dir='ltr'><strong>lncrepa</strong></span> <span class='ocrx_word' id='word_1_334' title='bbox 1055 4543 1198 4635; x_wconf 62' lang='grc' dir='ltr'>Ϊεναι</span> <span class='ocrx_word' id='word_1_335' title='bbox 1236 4568 1539 4623; x_wconf 84' lang='lat' dir='ltr'><strong>arundinis.</strong></span> <span class='ocrx_word' id='word_1_336' title='bbox 1587 4568 1698 4625; x_wconf 85' lang='lat' dir='ltr'><strong>Fac</strong></span> <span class='ocrx_word' id='word_1_337' title='bbox 1723 4571 1983 4626; x_wconf 85' lang='lat' dir='ltr'><strong>obmute-</strong></span> <span class='ocrx_word' id='word_1_338' title='bbox 2010 4543 2062 4603; x_wconf 72' lang='grc' dir='ltr'><strong>ι)</strong></span> 
     </span>
    </p>
   </div>
   <div class='ocr_carea' id='block_1_50' title="bbox 399 4659 1991 4727">
    <p class='ocr_par' dir='ltr' id='par_1_50' title="bbox 399 4659 1991 4727">
     <span class='ocr_line' id='line_1_50' title="bbox 399 4659 1991 4727; baseline 0.001 -14"><span class='ocrx_word' id='word_1_339' title='bbox 399 4675 578 4721; x_wconf 84' lang='lat' dir='ltr'><strong>scere,</strong></span> <span class='ocrx_word' id='word_1_340' title='bbox 607 4660 806 4727; x_wconf 86' lang='lat' dir='ltr'><strong>inquit,</strong></span> <span class='ocrx_word' id='word_1_341' title='bbox 850 4659 1255 4714; x_wconf 86' lang='lat' dir='ltr'><strong>intellectuales</strong></span> <span class='ocrx_word' id='word_1_342' title='bbox 1311 4665 1497 4716; x_wconf 85' lang='lat' dir='ltr'><strong>leones</strong></span> <span class='ocrx_word' id='word_1_343' title='bbox 1536 4677 1550 4712; x_wconf 89' lang='lat'><strong>:</strong></span> <span class='ocrx_word' id='word_1_344' title='bbox 1604 4662 1845 4717; x_wconf 89' lang='lat' dir='ltr'><strong>immites</strong></span> <span class='ocrx_word' id='word_1_345' title='bbox 1906 4661 1991 4716; x_wconf 89' lang='lat' dir='ltr'><strong>ni-</strong></span> 
     </span>
    </p>
   </div>
   <div class='ocr_carea' id='block_1_51' title="bbox 399 4752 1997 4822">
    <p class='ocr_par' dir='ltr' id='par_1_51' title="bbox 399 4752 1997 4822">
     <span class='ocr_line' id='line_1_51' title="bbox 399 4752 1997 4822; baseline 0.004 -20"><span class='ocrx_word' id='word_1_346' title='bbox 399 4752 599 4803; x_wconf 84' lang='lat' dir='ltr'><strong>mirum</strong></span> <span class='ocrx_word' id='word_1_347' title='bbox 635 4766 700 4803; x_wconf 84' lang='lat' dir='ltr'><strong>ac</strong></span> <span class='ocrx_word' id='word_1_348' title='bbox 731 4765 911 4804; x_wconf 67' lang='lat' dir='ltr'><strong>saevos</strong></span> <span class='ocrx_word' id='word_1_349' title='bbox 960 4753 1259 4817; x_wconf 67' lang='lat' dir='ltr'><strong>(laetuones,</strong></span> <span class='ocrx_word' id='word_1_350' title='bbox 1293 4752 1385 4822; x_wconf 91' lang='lat' dir='ltr'><strong>qui</strong></span> <span class='ocrx_word' id='word_1_351' title='bbox 1425 4753 1592 4808; x_wconf 87' lang='lat' dir='ltr'><strong>veluti</strong></span> <span class='ocrx_word' id='word_1_352' title='bbox 1615 4756 1839 4822; x_wconf 86' lang='lat' dir='ltr'><strong>quidam</strong></span> <span class='ocrx_word' id='word_1_353' title='bbox 1881 4755 1997 4809; x_wconf 85' lang='lat' dir='ltr'><strong>leo-</strong></span> 
     </span>
    </p>
   </div>
   <div class='ocr_carea' id='block_1_52' title="bbox 411 4841 1997 4909">
    <p class='ocr_par' dir='ltr' id='par_1_52' title="bbox 411 4841 1997 4909">
     <span class='ocr_line' id='line_1_52' title="bbox 411 4841 1997 4909; baseline 0.004 -15"><span class='ocrx_word' id='word_1_354' title='bbox 411 4857 511 4894; x_wconf 88' lang='lat' dir='ltr'><strong>nes</strong></span> <span class='ocrx_word' id='word_1_355' title='bbox 543 4843 595 4893; x_wconf 90' lang='lat' dir='ltr'><strong>iu</strong></span> <span class='ocrx_word' id='word_1_356' title='bbox 660 4841 1025 4897; x_wconf 83' lang='lat' dir='ltr'><strong>arundinibus</strong></span> <span class='ocrx_word' id='word_1_357' title='bbox 1059 4843 1252 4909; x_wconf 87' lang='lat' dir='ltr'><strong>latent,</strong></span> <span class='ocrx_word' id='word_1_358' title='bbox 1276 4843 1404 4898; x_wconf 86' lang='lat' dir='ltr'><strong>dum</strong></span> <span class='ocrx_word' id='word_1_359' title='bbox 1447 4845 1503 4899; x_wconf 90' lang='lat' dir='ltr'><strong>in</strong></span> <span class='ocrx_word' id='word_1_360' title='bbox 1541 4844 1762 4900; x_wconf 89' lang='lat' dir='ltr'><strong>levitate</strong></span> <span class='ocrx_word' id='word_1_361' title='bbox 1790 4861 1855 4899; x_wconf 89' lang='lat' dir='ltr'><strong>ac</strong></span> <span class='ocrx_word' id='word_1_362' title='bbox 1884 4853 1997 4900; x_wconf 87' lang='lat' dir='ltr'><strong>ste-</strong></span> 
     </span>
    </p>
   </div>
   <div class='ocr_carea' id='block_1_53' title="bbox 403 4932 1993 5003">
    <p class='ocr_par' dir='ltr' id='par_1_53' title="bbox 403 4932 1993 5003">
     <span class='ocr_line' id='line_1_53' title="bbox 403 4932 1993 5003; baseline 0.003 -17"><span class='ocrx_word' id='word_1_363' title='bbox 403 4933 607 4986; x_wconf 85' lang='lat' dir='ltr'><strong>rilitate</strong></span> <span class='ocrx_word' id='word_1_364' title='bbox 652 4932 990 4988; x_wconf 80' lang='lat' dir='ltr'><strong>iustabitium</strong></span> <span class='ocrx_word' id='word_1_365' title='bbox 1017 4944 1181 5003; x_wconf 88' lang='lat' dir='ltr'><strong>atque</strong></span> <span class='ocrx_word' id='word_1_366' title='bbox 1211 4937 1647 4990; x_wconf 88' lang='lat' dir='ltr'><strong>inconstantium</strong></span> <span class='ocrx_word' id='word_1_367' title='bbox 1674 4937 1729 4989; x_wconf 91' lang='lat' dir='ltr'><strong>in</strong></span> <span class='ocrx_word' id='word_1_368' title='bbox 1761 4936 1865 4991; x_wconf 78' lang='lat' dir='ltr'><strong>[ide</strong></span> <span class='ocrx_word' id='word_1_369' title='bbox 1890 4938 1993 4990; x_wconf 81' lang='lat' dir='ltr'><strong>ho-</strong></span> 
     </span>
    </p>
   </div>
   <div class='ocr_carea' id='block_1_54' title="bbox 400 5025 1993 5097">
    <p class='ocr_par' dir='ltr' id='par_1_54' title="bbox 400 5025 1993 5097">
     <span class='ocr_line' id='line_1_54' title="bbox 400 5025 1993 5097; baseline 0.004 -20"><span class='ocrx_word' id='word_1_370' title='bbox 400 5025 636 5087; x_wconf 87' lang='lat' dir='ltr'><strong>minum,</strong></span> <span class='ocrx_word' id='word_1_371' title='bbox 668 5025 904 5079; x_wconf 87' lang='lat' dir='ltr'><strong>latebras</strong></span> <span class='ocrx_word' id='word_1_372' title='bbox 937 5041 1001 5080; x_wconf 88' lang='lat' dir='ltr'><strong>ac</strong></span> <span class='ocrx_word' id='word_1_373' title='bbox 1029 5027 1189 5080; x_wconf 87' lang='lat' dir='ltr'><strong>nidos</strong></span> <span class='ocrx_word' id='word_1_374' title='bbox 1225 5043 1354 5082; x_wconf 91' lang='lat' dir='ltr'><strong>suos</strong></span> <span class='ocrx_word' id='word_1_375' title='bbox 1384 5026 1591 5080; x_wconf 80' lang='lat' dir='ltr'><strong>faciunt</strong></span> <span class='ocrx_word' id='word_1_376' title='bbox 1630 5026 1821 5095; x_wconf 81' lang='lat' dir='ltr'><strong>:juxta</strong></span> <span class='ocrx_word' id='word_1_377' title='bbox 1847 5028 1993 5097; x_wconf 92' lang='lat' dir='ltr'><strong>quod</strong></span> 
     </span>
    </p>
   </div>
   <div class='ocr_carea' id='block_1_55' title="bbox 401 5113 1987 5186">
    <p class='ocr_par' dir='ltr' id='par_1_55' title="bbox 401 5113 1987 5186">
     <span class='ocr_line' id='line_1_55' title="bbox 401 5113 1987 5186; baseline 0.004 -20"><span class='ocrx_word' id='word_1_378' title='bbox 401 5113 469 5167; x_wconf 88' lang='lat' dir='ltr'><strong>de</strong></span> <span class='ocrx_word' id='word_1_379' title='bbox 501 5113 725 5167; x_wconf 84' lang='lat' dir='ltr'><strong>diabolo</strong></span> <span class='ocrx_word' id='word_1_380' title='bbox 774 5115 1040 5184; x_wconf 86' lang='lat' dir='ltr'><strong>scriptum</strong></span> <span class='ocrx_word' id='word_1_381' title='bbox 1095 5118 1328 5186; x_wconf 79' lang='lat' dir='ltr'><strong>legimus</strong></span> <span class='ocrx_word' id='word_1_382' title='bbox 1373 5119 1518 5184; x_wconf 89' lang='lat' dir='ltr'><strong>apud</strong></span> <span class='ocrx_word' id='word_1_383' title='bbox 1585 5115 1807 5170; x_wconf 87' lang='lat' dir='ltr'><strong>beatum</strong></span> <span class='ocrx_word' id='word_1_384' title='bbox 1860 5116 1987 5182; x_wconf 84' lang='lat' dir='ltr'><strong>Job,</strong></span> 
     </span>
    </p>
   </div>
   <div class='ocr_carea' id='block_1_56' title="bbox 401 5205 1995 5274">
    <p class='ocr_par' dir='ltr' id='par_1_56' title="bbox 401 5205 1995 5274">
     <span class='ocr_line' id='line_1_56' title="bbox 401 5205 1995 5274; baseline 0.001 -16"><span class='ocrx_word' id='word_1_385' title='bbox 401 5205 548 5274; x_wconf 82' lang='lat' dir='ltr'><strong>quod</strong></span> <span class='ocrx_word' id='word_1_386' title='bbox 575 5205 671 5259; x_wconf 86' lang='lat' dir='ltr'><strong>sub</strong></span> <span class='ocrx_word' id='word_1_387' title='bbox 704 5207 847 5260; x_wconf 88' lang='lat' dir='ltr'><strong>omni</strong></span> <span class='ocrx_word' id='word_1_388' title='bbox 884 5205 1084 5259; x_wconf 82' lang='lat' dir='ltr'><strong>dormit</strong></span> <span class='ocrx_word' id='word_1_389' title='bbox 1142 5206 1334 5260; x_wconf 83' lang='lat' dir='ltr'><strong>arbore</strong></span> <span class='ocrx_word' id='word_1_390' title='bbox 1383 5209 1522 5274; x_wconf 81' lang='lat' dir='ltr'><strong>apud</strong></span> <span class='ocrx_word' id='word_1_391' title='bbox 1556 5207 1895 5273; x_wconf 84' lang='lat' dir='ltr'><strong>arundinem,</strong></span> <span class='ocrx_word' id='word_1_392' title='bbox 1944 5215 1995 5261; x_wconf 83' lang='lat' dir='ltr'><strong>et</strong></span> 
     </span>
    </p>
   </div>
   <div class='ocr_carea' id='block_1_57' title="bbox 399 5297 1994 5367">
    <p class='ocr_par' dir='ltr' id='par_1_57' title="bbox 399 5297 1994 5367">
     <span class='ocr_line' id='line_1_57' title="bbox 399 5297 1994 5367; baseline 0.005 -20"><span class='ocrx_word' id='word_1_393' title='bbox 399 5313 681 5367; x_wconf 78' lang='lat' dir='ltr'><strong>papyrum,</strong></span> <span class='ocrx_word' id='word_1_394' title='bbox 717 5307 766 5351; x_wconf 81' lang='lat' dir='ltr'><strong>et</strong></span> <span class='ocrx_word' id='word_1_395' title='bbox 823 5300 1052 5352; x_wconf 80' lang='lat' dir='ltr'><strong>caricem</strong></span> <span class='ocrx_word' id='word_1_396' title='bbox 1082 5299 1150 5353; x_wconf 75' lang='grc' dir='ltr'><strong>⁸ο.</strong></span> <span class='ocrx_word' id='word_1_397' title='bbox 1200 5297 1524 5365; x_wconf 90' lang='lat' dir='ltr'><strong>llujusmodi</strong></span> <span class='ocrx_word' id='word_1_398' title='bbox 1555 5301 1757 5355; x_wconf 86' lang='lat' dir='ltr'><strong>etenim</strong></span> <span class='ocrx_word' id='word_1_399' title='bbox 1787 5315 1994 5355; x_wconf 84' lang='lat' dir='ltr'><strong>sermo-</strong></span> 
     </span>
    </p>
   </div>
   <div class='ocr_carea' id='block_1_58' title="bbox 401 5390 1991 5459">
    <p class='ocr_par' dir='ltr' id='par_1_58' title="bbox 401 5390 1991 5459">
     <span class='ocr_line' id='line_1_58' title="bbox 401 5390 1991 5459; baseline 0.001 -16"><span class='ocrx_word' id='word_1_400' title='bbox 401 5404 471 5444; x_wconf 80' lang='lat' dir='ltr'><strong>ne</strong></span> <span class='ocrx_word' id='word_1_401' title='bbox 510 5427 526 5453; x_wconf 93' lang='lat'><strong>,</strong></span> <span class='ocrx_word' id='word_1_402' title='bbox 586 5391 934 5459; x_wconf 82' lang='lat' dir='ltr'><strong>requiescere</strong></span> <span class='ocrx_word' id='word_1_403' title='bbox 1004 5390 1308 5443; x_wconf 75' lang='lat' dir='ltr'><strong>danuonem</strong></span> <span class='ocrx_word' id='word_1_404' title='bbox 1386 5390 1740 5459; x_wconf 79' lang='lat' dir='ltr'><strong>intelligimus</strong></span> <span class='ocrx_word' id='word_1_405' title='bbox 1807 5392 1863 5445; x_wconf 91' lang='lat' dir='ltr'><strong>in</strong></span> <span class='ocrx_word' id='word_1_406' title='bbox 1923 5392 1991 5444; x_wconf 86' lang='lat' dir='ltr'><strong>iis</strong></span> 
     </span>
    </p>
   </div>
   <div class='ocr_carea' id='block_1_59' title="bbox 407 5481 1993 5552">
    <p class='ocr_par' dir='ltr' id='par_1_59' title="bbox 407 5481 1993 5552">
     <span class='ocr_line' id='line_1_59' title="bbox 407 5481 1993 5552; baseline 0.004 -21"><span class='ocrx_word' id='word_1_407' title='bbox 407 5481 744 5545; x_wconf 82' lang='lat' dir='ltr'><strong>hominibus,</strong></span> <span class='ocrx_word' id='word_1_408' title='bbox 784 5484 877 5551; x_wconf 88' lang='lat' dir='ltr'><strong>qui</strong></span> <span class='ocrx_word' id='word_1_409' title='bbox 901 5481 1239 5551; x_wconf 89' lang='lat' dir='ltr'><strong>plantarum,</strong></span> <span class='ocrx_word' id='word_1_410' title='bbox 1281 5497 1420 5552; x_wconf 89' lang='lat' dir='ltr'><strong>quas</strong></span> <span class='ocrx_word' id='word_1_411' title='bbox 1447 5498 1616 5552; x_wconf 83' lang='lat' dir='ltr'><strong>supra</strong></span> <span class='ocrx_word' id='word_1_412' title='bbox 1655 5499 1993 5539; x_wconf 80' lang='lat' dir='ltr'><strong>commemo-</strong></span> 
     </span>
    </p>
   </div>
   <div class='ocr_carea' id='block_1_60' title="bbox 2001 1867 2048 1927">
    <p class='ocr_par' dir='ltr' id='par_1_60' title="bbox 2001 1867 2048 1927">
     <span class='ocr_line' id='line_1_60' title="bbox 2001 1867 2048 1927; baseline 0 0"><span class='ocrx_word' id='word_1_413' title='bbox 2001 1867 2048 1927; x_wconf 82' lang='grc' dir='ltr'><strong><em>Β</em></strong></span> 
     </span>
    </p>
   </div>
   <div class='ocr_carea' id='block_1_61' title="bbox 2071 611 3653 683">
    <p class='ocr_par' dir='ltr' id='par_1_61' title="bbox 2071 611 3653 683">
     <span class='ocr_line' id='line_1_61' title="bbox 2071 611 3653 683; baseline -0.003 -12"><span class='ocrx_word' id='word_1_414' title='bbox 2071 613 2349 678; x_wconf 82' lang='grc' dir='ltr'>Ματθαῖος</span> <span class='ocrx_word' id='word_1_415' title='bbox 2375 618 2470 670; x_wconf 74' lang='grc' dir='ltr'><strong>καὶ</strong></span> <span class='ocrx_word' id='word_1_416' title='bbox 2505 616 2787 680; x_wconf 81' lang='grc' dir='ltr'>Ἰάκωϐος,</span> <span class='ocrx_word' id='word_1_417' title='bbox 2821 616 2850 668; x_wconf 83' lang='grc' dir='ltr'>ὁ</span> <span class='ocrx_word' id='word_1_418' title='bbox 2881 614 2977 667; x_wconf 89' lang='grc' dir='ltr'><strong>τοῦ</strong></span> <span class='ocrx_word' id='word_1_419' title='bbox 3006 611 3288 682; x_wconf 82' lang='grc' dir='ltr'>’Δλφαίου,</span> <span class='ocrx_word' id='word_1_420' title='bbox 3315 613 3374 667; x_wconf 83' lang='grc' dir='ltr'>ὲν</span> <span class='ocrx_word' id='word_1_421' title='bbox 3430 614 3653 683; x_wconf 77' lang='grc' dir='ltr'>Καπερο</span> 
     </span>
    </p>
   </div>
   <div class='ocr_carea' id='block_1_62' title="bbox 2072 703 3653 781">
    <p class='ocr_par' dir='ltr' id='par_1_62' title="bbox 2072 703 3653 781">
     <span class='ocr_line' id='line_1_62' title="bbox 2072 703 3653 781; baseline -0.004 -18"><span class='ocrx_word' id='word_1_422' title='bbox 2072 711 2250 781; x_wconf 77' lang='grc' dir='ltr'>ναοὺμ</span> <span class='ocrx_word' id='word_1_423' title='bbox 2285 710 2497 778; x_wconf 82' lang='grc' dir='ltr'><strong>διάγειν</strong></span> <span class='ocrx_word' id='word_1_424' title='bbox 2539 707 2879 779; x_wconf 73' lang='grc' dir='ltr'>ἱστοροῦνται</span> <span class='ocrx_word' id='word_1_425' title='bbox 2905 724 2919 739; x_wconf 67' lang='grc' dir='ltr'><strong>ε</strong></span> <span class='ocrx_word' id='word_1_426' title='bbox 2962 706 3149 776; x_wconf 85' lang='grc' dir='ltr'>Σίμων</span> <span class='ocrx_word' id='word_1_427' title='bbox 3214 704 3272 758; x_wconf 79' lang='grc' dir='ltr'><strong>δὲ</strong></span> <span class='ocrx_word' id='word_1_428' title='bbox 3315 705 3344 758; x_wconf 87' lang='grc' dir='ltr'>ὁ</span> <span class='ocrx_word' id='word_1_429' title='bbox 3398 703 3653 776; x_wconf 76' lang='grc' dir='ltr'>Ζηλωτὴε,</span> 
     </span>
    </p>
   </div>
   <div class='ocr_carea' id='block_1_63' title="bbox 2073 798 3656 872">
    <p class='ocr_par' dir='ltr' id='par_1_63' title="bbox 2073 798 3656 872">
     <span class='ocr_line' id='line_1_63' title="bbox 2073 798 3656 872; baseline -0.002 -18"><span class='ocrx_word' id='word_1_430' title='bbox 2073 802 2387 872; x_wconf 85' lang='grc' dir='ltr'>Κανανίτης</span> <span class='ocrx_word' id='word_1_431' title='bbox 2420 800 2495 854; x_wconf 84' lang='grc' dir='ltr'>ὣν</span> <span class='ocrx_word' id='word_1_432' title='bbox 2522 800 3002 870; x_wconf 71' lang='grc' dir='ltr'>ἐτύγχανε.Ταυτὶ</span> <span class='ocrx_word' id='word_1_433' title='bbox 3028 799 3087 852; x_wconf 82' lang='grc' dir='ltr'><strong>δὲ</strong></span> <span class='ocrx_word' id='word_1_434' title='bbox 3120 799 3298 853; x_wconf 83' lang='grc' dir='ltr'>πάντα</span> <span class='ocrx_word' id='word_1_435' title='bbox 3331 798 3511 870; x_wconf 81' lang='grc' dir='ltr'><strong>χωρία</strong></span> <span class='ocrx_word' id='word_1_436' title='bbox 3555 800 3656 870; x_wconf 80' lang='grc' dir='ltr'>τῆς</span> 
     </span>
    </p>
   </div>
   <div class='ocr_carea' id='block_1_64' title="bbox 2070 888 3657 963">
    <p class='ocr_par' dir='ltr' id='par_1_64' title="bbox 2070 888 3657 963">
     <span class='ocr_line' id='line_1_64' title="bbox 2070 888 3657 963; baseline -0.002 -17"><span class='ocrx_word' id='word_1_437' title='bbox 2070 893 2365 956; x_wconf 79' lang='grc' dir='ltr'><strong>Γαλιλαίας</strong></span> <span class='ocrx_word' id='word_1_438' title='bbox 2383 888 2545 963; x_wconf 77' lang='grc' dir='ltr'>ἦσαν.</span> <span class='ocrx_word' id='word_1_439' title='bbox 2600 893 2665 945; x_wconf 82' lang='grc' dir='ltr'>Ἡ</span> <span class='ocrx_word' id='word_1_440' title='bbox 2693 891 2750 943; x_wconf 80' lang='grc' dir='ltr'><strong>δὲ</strong></span> <span class='ocrx_word' id='word_1_441' title='bbox 2786 891 3050 944; x_wconf 73' lang='grc' dir='ltr'>Γαλιλαία</span> <span class='ocrx_word' id='word_1_442' title='bbox 3090 890 3168 960; x_wconf 83' lang='grc' dir='ltr'>τῷ</span> <span class='ocrx_word' id='word_1_443' title='bbox 3211 890 3499 943; x_wconf 74' lang='grc' dir='ltr'>Ζαϐουλὼν</span> <span class='ocrx_word' id='word_1_444' title='bbox 3559 891 3657 943; x_wconf 77' lang='grc' dir='ltr'>καὶ</span> 
     </span>
    </p>
   </div>
   <div class='ocr_carea' id='block_1_65' title="bbox 2068 980 3655 1054">
    <p class='ocr_par' dir='ltr' id='par_1_65' title="bbox 2068 980 3655 1054">
     <span class='ocr_line' id='line_1_65' title="bbox 2068 980 3655 1054; baseline -0.004 -18"><span class='ocrx_word' id='word_1_445' title='bbox 2068 983 2147 1054; x_wconf 79' lang='grc' dir='ltr'>τῷ</span> <span class='ocrx_word' id='word_1_446' title='bbox 2178 983 2503 1053; x_wconf 78' lang='grc' dir='ltr'>Νεφθαλεὶμ</span> <span class='ocrx_word' id='word_1_447' title='bbox 2541 982 2970 1053; x_wconf 82' lang='grc' dir='ltr'>ἐκληροδοτήθη.</span> <span class='ocrx_word' id='word_1_448' title='bbox 3005 980 3117 1034; x_wconf 83' lang='grc' dir='ltr'><strong>Καὶ</strong></span> <span class='ocrx_word' id='word_1_449' title='bbox 3155 982 3204 1034; x_wconf 86' lang='grc' dir='ltr'>οἱ</span> <span class='ocrx_word' id='word_1_450' title='bbox 3236 981 3385 1034; x_wconf 76' lang='grc' dir='ltr'>ἄλλοι</span> <span class='ocrx_word' id='word_1_451' title='bbox 3417 980 3474 1033; x_wconf 83' lang='grc' dir='ltr'><strong>δὲ</strong></span> <span class='ocrx_word' id='word_1_452' title='bbox 3491 980 3655 1034; x_wconf 78' lang='grc' dir='ltr'>πάλιν</span> 
     </span>
    </p>
   </div>
   <div class='ocr_carea' id='block_1_66' title="bbox 2071 1071 3657 1145">
    <p class='ocr_par' dir='ltr' id='par_1_66' title="bbox 2071 1071 3657 1145">
     <span class='ocr_line' id='line_1_66' title="bbox 2071 1071 3657 1145; baseline -0.006 -14"><span class='ocrx_word' id='word_1_453' title='bbox 2071 1076 2262 1131; x_wconf 78' lang='grc' dir='ltr'>ἐκτῶν</span> <span class='ocrx_word' id='word_1_454' title='bbox 2300 1075 2561 1129; x_wconf 80' lang='grc' dir='ltr'><strong>τοιούτων</strong></span> <span class='ocrx_word' id='word_1_455' title='bbox 2634 1075 2913 1145; x_wconf 83' lang='grc' dir='ltr'>ὥρμηντο.</span> <span class='ocrx_word' id='word_1_456' title='bbox 2974 1074 3279 1143; x_wconf 79' lang='grc' dir='ltr'>’Λρχοντας</span> <span class='ocrx_word' id='word_1_457' title='bbox 3343 1072 3398 1124; x_wconf 79' lang='grc' dir='ltr'><strong>δὲ</strong></span> <span class='ocrx_word' id='word_1_458' title='bbox 3456 1071 3657 1133; x_wconf 73' lang='grc' dir='ltr'>αὐτοὺς</span> 
     </span>
    </p>
   </div>
   <div class='ocr_carea' id='block_1_67' title="bbox 2069 1161 3658 1239">
    <p class='ocr_par' dir='ltr' id='par_1_67' title="bbox 2069 1161 3658 1239">
     <span class='ocr_line' id='line_1_67' title="bbox 2069 1161 3658 1239; baseline -0.003 -18"><span class='ocrx_word' id='word_1_459' title='bbox 2069 1166 2249 1236; x_wconf 82' lang='grc' dir='ltr'>εἷπε-ν,</span> <span class='ocrx_word' id='word_1_460' title='bbox 2286 1169 2384 1239; x_wconf 67' lang='grc' dir='ltr'><strong>οὐχ</strong></span> <span class='ocrx_word' id='word_1_461' title='bbox 2423 1169 2499 1230; x_wconf 86' lang='grc' dir='ltr'>ὡς</span> <span class='ocrx_word' id='word_1_462' title='bbox 2568 1168 2838 1238; x_wconf 75' lang='grc' dir='ltr'>ἄρχοντας</span> <span class='ocrx_word' id='word_1_463' title='bbox 2886 1166 2997 1219; x_wconf 79' lang='grc' dir='ltr'><strong>τῶν</strong></span> <span class='ocrx_word' id='word_1_464' title='bbox 3054 1165 3351 1235; x_wconf 83' lang='grc' dir='ltr'>πατρίδων,</span> <span class='ocrx_word' id='word_1_465' title='bbox 3399 1161 3518 1215; x_wconf 82' lang='grc' dir='ltr'>ἀλλ’</span> <span class='ocrx_word' id='word_1_466' title='bbox 3579 1164 3658 1226; x_wconf 82' lang='grc' dir='ltr'><strong>ὡς</strong></span> 
     </span>
    </p>
   </div>
   <div class='ocr_carea' id='block_1_68' title="bbox 2070 1256 3658 1334">
    <p class='ocr_par' dir='ltr' id='par_1_68' title="bbox 2070 1256 3658 1334">
     <span class='ocr_line' id='line_1_68' title="bbox 2070 1256 3658 1334; baseline -0.006 -15"><span class='ocrx_word' id='word_1_467' title='bbox 2070 1265 2391 1334; x_wconf 77' lang='grc' dir='ltr'><strong>ἐξαιρέτους</strong></span> <span class='ocrx_word' id='word_1_468' title='bbox 2418 1263 2513 1316; x_wconf 81' lang='grc' dir='ltr'>καὶ</span> <span class='ocrx_word' id='word_1_469' title='bbox 2540 1260 2932 1332; x_wconf 79' lang='grc' dir='ltr'><strong>τιμιωτέρους,</strong></span> <span class='ocrx_word' id='word_1_470' title='bbox 2974 1259 3064 1312; x_wconf 84' lang='grc' dir='ltr'>διὰ</span> <span class='ocrx_word' id='word_1_471' title='bbox 3085 1258 3186 1328; x_wconf 79' lang='grc' dir='ltr'><strong>τὴν</strong></span> <span class='ocrx_word' id='word_1_472' title='bbox 3252 1256 3492 1327; x_wconf 81' lang='grc' dir='ltr'>ψυχικὴν</span> <span class='ocrx_word' id='word_1_473' title='bbox 3565 1258 3658 1310; x_wconf 85' lang='grc' dir='ltr'>εὐ-</span> 
     </span>
    </p>
   </div>
   <div class='ocr_carea' id='block_1_69' title="bbox 2072 1349 3657 1428">
    <p class='ocr_par' dir='ltr' id='par_1_69' title="bbox 2072 1349 3657 1428">
     <span class='ocr_line' id='line_1_69' title="bbox 2072 1349 3657 1428; baseline -0.006 -17"><span class='ocrx_word' id='word_1_474' title='bbox 2072 1357 2395 1428; x_wconf 75' lang='grc' dir='ltr'>γένειανοῆ</span> <span class='ocrx_word' id='word_1_475' title='bbox 2465 1356 2735 1425; x_wconf 76' lang='grc' dir='ltr'>ἄρχοντας</span> <span class='ocrx_word' id='word_1_476' title='bbox 2808 1353 2867 1418; x_wconf 73' lang='grc' dir='ltr'><strong>ἐξ</strong></span> <span class='ocrx_word' id='word_1_477' title='bbox 2946 1351 3140 1413; x_wconf 82' lang='grc' dir='ltr'>Ἰούδα.</span> <span class='ocrx_word' id='word_1_478' title='bbox 3229 1350 3326 1403; x_wconf 75' lang='grc' dir='ltr'><strong>καὶ</strong></span> <span class='ocrx_word' id='word_1_479' title='bbox 3388 1349 3657 1419; x_wconf 83' lang='grc' dir='ltr'>ἄρχοντας</span> 
     </span>
    </p>
   </div>
   <div class='ocr_carea' id='block_1_70' title="bbox 2073 1440 3657 1517">
    <p class='ocr_par' dir='ltr' id='par_1_70' title="bbox 2073 1440 3657 1517">
     <span class='ocr_line' id='line_1_70' title="bbox 2073 1440 3657 1517; baseline -0.007 -13"><span class='ocrx_word' id='word_1_480' title='bbox 2073 1453 2138 1505; x_wconf 83' lang='grc' dir='ltr'>ὲκ</span> <span class='ocrx_word' id='word_1_481' title='bbox 2164 1448 2477 1513; x_wconf 72' lang='grc' dir='ltr'>Ζαϐουλὼν,</span> <span class='ocrx_word' id='word_1_482' title='bbox 2504 1449 2601 1501; x_wconf 73' lang='grc' dir='ltr'><strong>καὶ</strong></span> <span class='ocrx_word' id='word_1_483' title='bbox 2627 1447 2895 1517; x_wconf 78' lang='grc' dir='ltr'>ἄρχοντας</span> <span class='ocrx_word' id='word_1_484' title='bbox 2929 1445 2994 1497; x_wconf 79' lang='grc' dir='ltr'>ὲκ</span> <span class='ocrx_word' id='word_1_485' title='bbox 3048 1442 3374 1511; x_wconf 80' lang='grc' dir='ltr'>Νεφθαλείμ</span> <span class='ocrx_word' id='word_1_486' title='bbox 3398 1458 3413 1474; x_wconf 83' lang='grc'><em>’</em></span> <span class='ocrx_word' id='word_1_487' title='bbox 3457 1440 3657 1507; x_wconf 77' lang='grc' dir='ltr'>ἔξωθεν</span> 
     </span>
    </p>
   </div>
   <div class='ocr_carea' id='block_1_71' title="bbox 2072 1537 3052 1613">
    <p class='ocr_par' dir='ltr' id='par_1_71' title="bbox 2072 1537 3052 1613">
     <span class='ocr_line' id='line_1_71' title="bbox 2072 1537 3052 1613; baseline -0.007 -16"><span class='ocrx_word' id='word_1_488' title='bbox 2072 1542 2497 1613; x_wconf 79' lang='grc' dir='ltr'>λαμϐανομένης</span> <span class='ocrx_word' id='word_1_489' title='bbox 2545 1539 2644 1609; x_wconf 82' lang='grc' dir='ltr'>τῆς</span> <span class='ocrx_word' id='word_1_490' title='bbox 2715 1537 3052 1609; x_wconf 80' lang='grc' dir='ltr'><strong>προθέσεως.</strong></span> 
     </span>
    </p>
   </div>
   <div class='ocr_carea' id='block_1_72' title="bbox 2151 1623 3658 1697">
    <p class='ocr_par' dir='ltr' id='par_1_72' title="bbox 2151 1623 3658 1697">
     <span class='ocr_line' id='line_1_72' title="bbox 2151 1623 3658 1697; baseline -0.009 -8"><span class='ocrx_word' id='word_1_491' title='bbox 2151 1635 2480 1697; x_wconf 72' lang='grc' dir='ltr'>Ἔντειλαι,</span> <span class='ocrx_word' id='word_1_492' title='bbox 2508 1634 2540 1685; x_wconf 83' lang='grc' dir='ltr'><em>ὁ</em></span> <span class='ocrx_word' id='word_1_493' title='bbox 2575 1628 2743 1695; x_wconf 83' lang='grc' dir='ltr'><strong>Θεὸς,</strong></span> <span class='ocrx_word' id='word_1_494' title='bbox 2767 1626 2841 1697; x_wconf 78' lang='grc' dir='ltr'>τῇ</span> <span class='ocrx_word' id='word_1_495' title='bbox 2866 1625 3118 1696; x_wconf 83' lang='grc' dir='ltr'><strong>δυνάμει</strong></span> <span class='ocrx_word' id='word_1_496' title='bbox 3143 1641 3281 1680; x_wconf 90' lang='grc' dir='ltr'>σου.</span> <span class='ocrx_word' id='word_1_497' title='bbox 3316 1623 3491 1678; x_wconf 87' lang='grc' dir='ltr'>Τοῦτο</span> <span class='ocrx_word' id='word_1_498' title='bbox 3523 1623 3658 1693; x_wconf 82' lang='grc' dir='ltr'>πρὸς</span> 
     </span>
    </p>
   </div>
   <div class='ocr_carea' id='block_1_73' title="bbox 2076 1715 3657 1797">
    <p class='ocr_par' dir='ltr' id='par_1_73' title="bbox 2076 1715 3657 1797">
     <span class='ocr_line' id='line_1_73' title="bbox 2076 1715 3657 1797; baseline -0.008 -16"><span class='ocrx_word' id='word_1_499' title='bbox 2076 1729 2167 1781; x_wconf 80' lang='grc' dir='ltr'><strong>τὸν</strong></span> <span class='ocrx_word' id='word_1_500' title='bbox 2227 1727 2468 1797; x_wconf 79' lang='grc' dir='ltr'>Πατέρα,</span> <span class='ocrx_word' id='word_1_501' title='bbox 2502 1725 2591 1777; x_wconf 83' lang='grc' dir='ltr'><strong>ἵνα</strong></span> <span class='ocrx_word' id='word_1_502' title='bbox 2641 1722 2950 1792; x_wconf 81' lang='grc' dir='ltr'>ὲντείληται</span> <span class='ocrx_word' id='word_1_503' title='bbox 2987 1722 3066 1791; x_wconf 85' lang='grc' dir='ltr'>τῷ</span> <span class='ocrx_word' id='word_1_504' title='bbox 3106 1718 3222 1789; x_wconf 84' lang='grc' dir='ltr'><strong>Υίῷ</strong></span> <span class='ocrx_word' id='word_1_505' title='bbox 3253 1718 3325 1771; x_wconf 82' lang='grc' dir='ltr'>τὰ</span> <span class='ocrx_word' id='word_1_506' title='bbox 3387 1718 3514 1788; x_wconf 58' lang='grc' dir='ltr'><strong>περὶ⁵</strong></span> <span class='ocrx_word' id='word_1_507' title='bbox 3561 1715 3657 1770; x_wconf 86' lang='grc' dir='ltr'><strong>τοῦ</strong></span> 
     </span>
    </p>
   </div>
   <div class='ocr_carea' id='block_1_74' title="bbox 2081 1808 3663 1891">
    <p class='ocr_par' dir='ltr' id='par_1_74' title="bbox 2081 1808 3663 1891">
     <span class='ocr_line' id='line_1_74' title="bbox 2081 1808 3663 1891; baseline -0.008 -18"><span class='ocrx_word' id='word_1_508' title='bbox 2081 1820 2464 1891; x_wconf 79' lang='grc' dir='ltr'><strong>κηρύγματος.</strong></span> <span class='ocrx_word' id='word_1_509' title='bbox 2538 1815 2670 1870; x_wconf 79' lang='grc' dir='ltr'><strong>Ἀπ’</strong></span> <span class='ocrx_word' id='word_1_510' title='bbox 2712 1813 2976 1884; x_wconf 82' lang='grc' dir='ltr'><strong>ἐμαυτοῦ</strong></span> <span class='ocrx_word' id='word_1_511' title='bbox 3029 1814 3161 1884; x_wconf 84' lang='grc' dir='ltr'>γὰρ,</span> <span class='ocrx_word' id='word_1_512' title='bbox 3234 1810 3422 1880; x_wconf 65' lang='grc' dir='ltr'>φησιν,</span> <span class='ocrx_word' id='word_1_513' title='bbox 3479 1808 3663 1863; x_wconf 81' lang='grc' dir='ltr'>οὐδὲν</span> 
     </span>
    </p>
   </div>
   <div class='ocr_carea' id='block_1_75' title="bbox 2076 1901 3657 1972">
    <p class='ocr_par' dir='ltr' id='par_1_75' title="bbox 2076 1901 3657 1972">
     <span class='ocr_line' id='line_1_75' title="bbox 2076 1901 3657 1972; baseline -0.008 -6"><span class='ocrx_word' id='word_1_514' title='bbox 2076 1911 2248 1967; x_wconf 73' lang='grc' dir='ltr'><strong>λαλῶ</strong></span> <span class='ocrx_word' id='word_1_515' title='bbox 2281 1928 2296 1943; x_wconf 75' lang='grc' dir='ltr'><strong>ο</strong></span> <span class='ocrx_word' id='word_1_516' title='bbox 2332 1912 2472 1965; x_wconf 73' lang='grc' dir='ltr'><em>ἀλλ’</em></span> <span class='ocrx_word' id='word_1_517' title='bbox 2504 1908 2622 1963; x_wconf 75' lang='grc' dir='ltr'>ὅσα</span> <span class='ocrx_word' id='word_1_518' title='bbox 2661 1906 2739 1961; x_wconf 84' lang='grc' dir='ltr'><strong>ἂν</strong></span> <span class='ocrx_word' id='word_1_519' title='bbox 2766 1907 3014 1961; x_wconf 83' lang='grc' dir='ltr'><strong>ἀκούσω</strong></span> <span class='ocrx_word' id='word_1_520' title='bbox 3039 1903 3201 1972; x_wconf 80' lang='grc' dir='ltr'>παρὰ</span> <span class='ocrx_word' id='word_1_521' title='bbox 3240 1901 3348 1956; x_wconf 87' lang='grc' dir='ltr'><strong>τοῦ</strong></span> <span class='ocrx_word' id='word_1_522' title='bbox 3402 1902 3657 1969; x_wconf 81' lang='grc' dir='ltr'><strong>Πατρός.</strong></span> 
     </span>
    </p>
   </div>
   <div class='ocr_carea' id='block_1_76' title="bbox 2075 1996 3339 2076">
    <p class='ocr_par' dir='ltr' id='par_1_76' title="bbox 2075 1996 3339 2076">
     <span class='ocr_line' id='line_1_76' title="bbox 2075 1996 3339 2076; baseline -0.006 -19"><span class='ocrx_word' id='word_1_523' title='bbox 2075 2003 2313 2076; x_wconf 77' lang='grc' dir='ltr'>Χριστὸς</span> <span class='ocrx_word' id='word_1_524' title='bbox 2343 2002 2402 2056; x_wconf 78' lang='grc' dir='ltr'><strong>δὲ</strong></span> <span class='ocrx_word' id='word_1_525' title='bbox 2427 2000 2563 2055; x_wconf 86' lang='grc' dir='ltr'>Θεοῦ</span> <span class='ocrx_word' id='word_1_526' title='bbox 2589 2001 2821 2071; x_wconf 81' lang='grc' dir='ltr'>δύναμις</span> <span class='ocrx_word' id='word_1_527' title='bbox 2850 1998 2947 2052; x_wconf 74' lang='grc' dir='ltr'><strong>καὶ</strong></span> <span class='ocrx_word' id='word_1_528' title='bbox 2986 1996 3122 2050; x_wconf 86' lang='grc' dir='ltr'>Θεοῦ</span> <span class='ocrx_word' id='word_1_529' title='bbox 3153 1996 3339 2066; x_wconf 73' lang='grc' dir='ltr'>σοφία.</span> 
     </span>
    </p>
   </div>
   <div class='ocr_carea' id='block_1_77' title="bbox 2145 2255 3662 2330">
    <p class='ocr_par' dir='ltr' id='par_1_77' title="bbox 2145 2255 3662 2330">
     <span class='ocr_line' id='line_1_77' title="bbox 2145 2255 3662 2330; baseline -0.005 -16"><span class='ocrx_word' id='word_1_530' title='bbox 2145 2261 2537 2330; x_wconf 78' lang='grc' dir='ltr'>Δυνάμωσον,</span> <span class='ocrx_word' id='word_1_531' title='bbox 2584 2261 2617 2314; x_wconf 84' lang='grc' dir='ltr'><em>ό</em></span> <span class='ocrx_word' id='word_1_532' title='bbox 2677 2257 2843 2325; x_wconf 79' lang='grc' dir='ltr'>θεὸς,</span> <span class='ocrx_word' id='word_1_533' title='bbox 2897 2257 3075 2311; x_wconf 79' lang='grc' dir='ltr'>τοῦτο</span> <span class='ocrx_word' id='word_1_534' title='bbox 3105 2256 3136 2310; x_wconf 86' lang='grc' dir='ltr'>ὃ</span> <span class='ocrx_word' id='word_1_535' title='bbox 3175 2255 3546 2325; x_wconf 77' lang='grc' dir='ltr'><strong>κατειργάσω</strong></span> <span class='ocrx_word' id='word_1_536' title='bbox 3590 2255 3662 2307; x_wconf 73' lang='grc' dir='ltr'><strong>ἐν</strong></span> 
     </span>
    </p>
   </div>
   <div class='ocr_carea' id='block_1_78' title="bbox 2075 2348 3662 2424">
    <p class='ocr_par' dir='ltr' id='par_1_78' title="bbox 2075 2348 3662 2424">
     <span class='ocr_line' id='line_1_78' title="bbox 2075 2348 3662 2424; baseline -0.004 -17"><span class='ocrx_word' id='word_1_537' title='bbox 2075 2355 2243 2424; x_wconf 77' lang='grc' dir='ltr'>ἡμῖν,</span> <span class='ocrx_word' id='word_1_538' title='bbox 2280 2355 2400 2409; x_wconf 81' lang='grc' dir='ltr'><strong>ἀπὸ</strong></span> <span class='ocrx_word' id='word_1_539' title='bbox 2435 2354 2542 2408; x_wconf 83' lang='grc' dir='ltr'><strong>τοῦ</strong></span> <span class='ocrx_word' id='word_1_540' title='bbox 2570 2353 2721 2408; x_wconf 79' lang='grc' dir='ltr'>ναοῦ</span> <span class='ocrx_word' id='word_1_541' title='bbox 2749 2368 2868 2406; x_wconf 91' lang='grc' dir='ltr'><strong>σου</strong></span> <span class='ocrx_word' id='word_1_542' title='bbox 2900 2352 3001 2404; x_wconf 76' lang='grc' dir='ltr'><strong>ἐπὶ</strong></span> <span class='ocrx_word' id='word_1_543' title='bbox 3042 2351 3458 2418; x_wconf 69' lang='grc' dir='ltr'>Ἰερουσαλήμ.</span> <span class='ocrx_word' id='word_1_544' title='bbox 3488 2348 3662 2402; x_wconf 82' lang='grc' dir='ltr'>Τοῦτο</span> 
     </span>
    </p>
   </div>
   <div class='ocr_carea' id='block_1_79' title="bbox 2076 2440 3663 2515">
    <p class='ocr_par' dir='ltr' id='par_1_79' title="bbox 2076 2440 3663 2515">
     <span class='ocr_line' id='line_1_79' title="bbox 2076 2440 3663 2515; baseline -0.003 -18"><span class='ocrx_word' id='word_1_545' title='bbox 2076 2446 2214 2514; x_wconf 84' lang='grc' dir='ltr'>πρὸς</span> <span class='ocrx_word' id='word_1_546' title='bbox 2255 2446 2347 2498; x_wconf 73' lang='grc' dir='ltr'><strong>τὸν</strong></span> <span class='ocrx_word' id='word_1_547' title='bbox 2375 2445 2529 2509; x_wconf 75' lang='grc' dir='ltr'>Υἰὸν,</span> <span class='ocrx_word' id='word_1_548' title='bbox 2565 2445 2652 2498; x_wconf 78' lang='grc' dir='ltr'><strong>ἵνα</strong></span> <span class='ocrx_word' id='word_1_549' title='bbox 2677 2442 3001 2515; x_wconf 73' lang='grc' dir='ltr'>κραταιώσῃ</span> <span class='ocrx_word' id='word_1_550' title='bbox 3039 2446 3100 2495; x_wconf 82' lang='grc' dir='ltr'><strong>τὸ</strong></span> <span class='ocrx_word' id='word_1_551' title='bbox 3124 2444 3391 2514; x_wconf 84' lang='grc' dir='ltr'>κήρυγμα</span> <span class='ocrx_word' id='word_1_552' title='bbox 3409 2440 3505 2494; x_wconf 89' lang='grc' dir='ltr'><strong>τοῦ</strong></span> <span class='ocrx_word' id='word_1_553' title='bbox 3555 2441 3663 2494; x_wconf 82' lang='grc' dir='ltr'><strong>Εὐ-</strong></span> 
     </span>
    </p>
   </div>
   <div class='ocr_carea' id='block_1_80' title="bbox 2078 2535 3659 2606">
    <p class='ocr_par' dir='ltr' id='par_1_80' title="bbox 2078 2535 3659 2606">
     <span class='ocr_line' id='line_1_80' title="bbox 2078 2535 3659 2606; baseline -0.001 -16"><span class='ocrx_word' id='word_1_554' title='bbox 2078 2538 2340 2606; x_wconf 87' lang='grc' dir='ltr'>αγγελίου</span> <span class='ocrx_word' id='word_1_555' title='bbox 2369 2553 2384 2567; x_wconf 75' lang='grc'><strong><em>⁸</em></strong></span> <span class='ocrx_word' id='word_1_556' title='bbox 2427 2537 2455 2588; x_wconf 83' lang='grc' dir='ltr'><strong>ὃ</strong></span> <span class='ocrx_word' id='word_1_557' title='bbox 2495 2538 2904 2605; x_wconf 84' lang='grc' dir='ltr'>κατειργάσατο</span> <span class='ocrx_word' id='word_1_558' title='bbox 2940 2538 3021 2601; x_wconf 88' lang='grc' dir='ltr'><strong>είς</strong></span> <span class='ocrx_word' id='word_1_559' title='bbox 3074 2536 3244 2604; x_wconf 80' lang='grc' dir='ltr'>ἡμᾶς,</span> <span class='ocrx_word' id='word_1_560' title='bbox 3281 2535 3314 2606; x_wconf 80' lang='grc' dir='ltr'><strong>ἢ</strong></span> <span class='ocrx_word' id='word_1_561' title='bbox 3373 2535 3446 2587; x_wconf 80' lang='grc' dir='ltr'><strong>δι’</strong></span> <span class='ocrx_word' id='word_1_562' title='bbox 3488 2535 3659 2605; x_wconf 78' lang='grc' dir='ltr'>ἡμᾶς.</span> 
     </span>
    </p>
   </div>
   <div class='ocr_carea' id='block_1_81' title="bbox 2076 2624 3659 2700">
    <p class='ocr_par' dir='ltr' id='par_1_81' title="bbox 2076 2624 3659 2700">
     <span class='ocr_line' id='line_1_81' title="bbox 2076 2624 3659 2700; baseline -0.003 -19"><span class='ocrx_word' id='word_1_563' title='bbox 2076 2628 2502 2697; x_wconf 85' lang='grc' dir='ltr'>Κατειργάσατο</span> <span class='ocrx_word' id='word_1_564' title='bbox 2532 2627 2608 2691; x_wconf 78' lang='grc' dir='ltr'>δὲ,</span> <span class='ocrx_word' id='word_1_565' title='bbox 2647 2627 2929 2679; x_wconf 77' lang='grc' dir='ltr'><strong>τουτέστιν</strong></span> <span class='ocrx_word' id='word_1_566' title='bbox 2967 2628 3246 2700; x_wconf 77' lang='grc' dir='ltr'>ἀπήρτισε</span> <span class='ocrx_word' id='word_1_567' title='bbox 3315 2624 3497 2689; x_wconf 84' lang='grc' dir='ltr'>τοῦτο,</span> <span class='ocrx_word' id='word_1_568' title='bbox 3566 2624 3659 2677; x_wconf 73' lang='grc' dir='ltr'><strong>διὰ</strong></span> 
     </span>
    </p>
   </div>
   <div class='ocr_carea' id='block_1_82' title="bbox 2074 2715 3660 2794">
    <p class='ocr_par' dir='ltr' id='par_1_82' title="bbox 2074 2715 3660 2794">
     <span class='ocr_line' id='line_1_82' title="bbox 2074 2715 3660 2794; baseline -0.004 -20"><span class='ocrx_word' id='word_1_569' title='bbox 2074 2722 2172 2774; x_wconf 85' lang='grc' dir='ltr'><strong>τοῦ</strong></span> <span class='ocrx_word' id='word_1_570' title='bbox 2215 2722 2652 2794; x_wconf 84' lang='grc' dir='ltr'>προσλήμματος</span> <span class='ocrx_word' id='word_1_571' title='bbox 2674 2720 2862 2775; x_wconf 83' lang='grc' dir='ltr'>αὐτοῦ.</span> <span class='ocrx_word' id='word_1_572' title='bbox 2921 2720 3095 2772; x_wconf 86' lang='grc' dir='ltr'>Τοῦτο</span> <span class='ocrx_word' id='word_1_573' title='bbox 3148 2719 3258 2789; x_wconf 81' lang='grc' dir='ltr'>γὰρ</span> <span class='ocrx_word' id='word_1_574' title='bbox 3321 2717 3504 2784; x_wconf 63' lang='lat' dir='ltr'><strong>Haec,</strong></span> <span class='ocrx_word' id='word_1_575' title='bbox 3565 2715 3660 2769; x_wconf 78' lang='grc' dir='ltr'>καὶ</span> 
     </span>
    </p>
   </div>
   <div class='ocr_carea' id='block_1_83' title="bbox 2078 2808 3657 2883">
    <p class='ocr_par' dir='ltr' id='par_1_83' title="bbox 2078 2808 3657 2883">
     <span class='ocr_line' id='line_1_83' title="bbox 2078 2808 3657 2883; baseline -0.004 -17"><span class='ocrx_word' id='word_1_576' title='bbox 2078 2816 2346 2883; x_wconf 81' lang='grc' dir='ltr'>σκήνωμα</span> <span class='ocrx_word' id='word_1_577' title='bbox 2381 2813 2482 2882; x_wconf 78' lang='grc' dir='ltr'>τῆς</span> <span class='ocrx_word' id='word_1_578' title='bbox 2512 2812 2790 2881; x_wconf 80' lang='grc' dir='ltr'><strong>θεότητος.</strong></span> <span class='ocrx_word' id='word_1_579' title='bbox 2828 2810 2976 2865; x_wconf 82' lang='grc' dir='ltr'><strong>Ἀπὸ</strong></span> <span class='ocrx_word' id='word_1_580' title='bbox 3014 2809 3121 2864; x_wconf 86' lang='grc' dir='ltr'><strong>τοῦ</strong></span> <span class='ocrx_word' id='word_1_581' title='bbox 3171 2808 3323 2863; x_wconf 79' lang='grc' dir='ltr'>ναοῦ</span> <span class='ocrx_word' id='word_1_582' title='bbox 3371 2823 3489 2861; x_wconf 91' lang='grc' dir='ltr'><strong>σου</strong></span> <span class='ocrx_word' id='word_1_583' title='bbox 3526 2808 3657 2876; x_wconf 90' lang='lat'><strong>7&amp;9,</strong></span> 
     </span>
    </p>
   </div>
   <div class='ocr_carea' id='block_1_84' title="bbox 2075 2900 3662 2971">
    <p class='ocr_par' dir='ltr' id='par_1_84' title="bbox 2075 2900 3662 2971">
     <span class='ocr_line' id='line_1_84' title="bbox 2075 2900 3662 2971; baseline -0.005 -11"><span class='ocrx_word' id='word_1_584' title='bbox 2075 2905 2197 2960; x_wconf 79' lang='grc' dir='ltr'>ἀντὶ</span> <span class='ocrx_word' id='word_1_585' title='bbox 2221 2905 2336 2970; x_wconf 86' lang='grc' dir='ltr'>τοῦ,</span> <span class='ocrx_word' id='word_1_586' title='bbox 2364 2905 2464 2958; x_wconf 83' lang='grc' dir='ltr'><strong>Διά</strong></span> <span class='ocrx_word' id='word_1_587' title='bbox 2489 2903 2585 2958; x_wconf 91' lang='grc' dir='ltr'><strong>τοῦ</strong></span> <span class='ocrx_word' id='word_1_588' title='bbox 2614 2904 2744 2958; x_wconf 88' lang='grc' dir='ltr'>ναοῦ</span> <span class='ocrx_word' id='word_1_589' title='bbox 2788 2921 2906 2970; x_wconf 90' lang='grc' dir='ltr'>σου,</span> <span class='ocrx_word' id='word_1_590' title='bbox 2978 2902 3074 2958; x_wconf 85' lang='grc' dir='ltr'><strong>τοῦ</strong></span> <span class='ocrx_word' id='word_1_591' title='bbox 3141 2903 3237 2955; x_wconf 80' lang='grc' dir='ltr'><strong>ἐπὶ</strong></span> <span class='ocrx_word' id='word_1_592' title='bbox 3301 2900 3662 2971; x_wconf 78' lang='grc' dir='ltr'>Ἰερουσαλὴμ</span> 
     </span>
    </p>
   </div>
   <div class='ocr_carea' id='block_1_85' title="bbox 2073 2994 3656 3069">
    <p class='ocr_par' dir='ltr' id='par_1_85' title="bbox 2073 2994 3656 3069">
     <span class='ocr_line' id='line_1_85' title="bbox 2073 2994 3656 3069; baseline -0.005 -15"><span class='ocrx_word' id='word_1_593' title='bbox 2073 2998 2521 3069; x_wconf 80' lang='grc' dir='ltr'>ἀναστραφέντος</span> <span class='ocrx_word' id='word_1_594' title='bbox 2572 2998 2668 3050; x_wconf 78' lang='grc' dir='ltr'>καὶ</span> <span class='ocrx_word' id='word_1_595' title='bbox 2716 2997 3055 3067; x_wconf 82' lang='grc' dir='ltr'>κηρύξαντος</span> <span class='ocrx_word' id='word_1_596' title='bbox 3083 3010 3096 3025; x_wconf 90' lang='grc'><strong>·</strong></span> <span class='ocrx_word' id='word_1_597' title='bbox 3142 2994 3278 3049; x_wconf 78' lang='grc' dir='ltr'><strong>Ἐπὶ</strong></span> <span class='ocrx_word' id='word_1_598' title='bbox 3323 2994 3480 3048; x_wconf 86' lang='grc' dir='ltr'><strong>Σιὼν</strong></span> <span class='ocrx_word' id='word_1_599' title='bbox 3526 2995 3656 3064; x_wconf 81' lang='grc' dir='ltr'>γὰρ,</span> 
     </span>
    </p>
   </div>
   <div class='ocr_carea' id='block_1_86' title="bbox 2075 3085 3657 3161">
    <p class='ocr_par' dir='ltr' id='par_1_86' title="bbox 2075 3085 3657 3161">
     <span class='ocr_line' id='line_1_86' title="bbox 2075 3085 3657 3161; baseline -0.003 -18"><span class='ocrx_word' id='word_1_600' title='bbox 2075 3093 2231 3161; x_wconf 73' lang='grc' dir='ltr'>φησι,</span> <span class='ocrx_word' id='word_1_601' title='bbox 2259 3088 2327 3144; x_wconf 86' lang='grc' dir='ltr'>τὸ</span> <span class='ocrx_word' id='word_1_602' title='bbox 2354 3089 2493 3158; x_wconf 82' lang='grc' dir='ltr'>ὄρος</span> <span class='ocrx_word' id='word_1_603' title='bbox 2540 3090 2606 3143; x_wconf 81' lang='grc' dir='ltr'>τὸ</span> <span class='ocrx_word' id='word_1_604' title='bbox 2668 3088 2843 3159; x_wconf 76' lang='grc' dir='ltr'>ἅγιον</span> <span class='ocrx_word' id='word_1_605' title='bbox 2890 3088 3102 3153; x_wconf 83' lang='grc' dir='ltr'>αὑτοῦ,</span> <span class='ocrx_word' id='word_1_606' title='bbox 3150 3086 3529 3157; x_wconf 71' lang='grc' dir='ltr'>διαγγέλλων</span> <span class='ocrx_word' id='word_1_607' title='bbox 3586 3085 3657 3140; x_wconf 83' lang='grc' dir='ltr'>τὸ</span> 
     </span>
    </p>
   </div>
   <div class='ocr_carea' id='block_1_87' title="bbox 2076 3181 2702 3252">
    <p class='ocr_par' dir='ltr' id='par_1_87' title="bbox 2076 3181 2702 3252">
     <span class='ocr_line' id='line_1_87' title="bbox 2076 3181 2702 3252; baseline 0 -17"><span class='ocrx_word' id='word_1_608' title='bbox 2076 3182 2435 3252; x_wconf 80' lang='grc' dir='ltr'>πρόσταγμα</span> <span class='ocrx_word' id='word_1_609' title='bbox 2456 3181 2702 3249; x_wconf 85' lang='grc' dir='ltr'>Κυρίου.</span> 
     </span>
    </p>
   </div>
   <div class='ocr_carea' id='block_1_88' title="bbox 2138 3464 3664 3537">
    <p class='ocr_par' dir='ltr' id='par_1_88' title="bbox 2138 3464 3664 3537">
     <span class='ocr_line' id='line_1_88' title="bbox 2138 3464 3664 3537; baseline 0.002 -19"><span class='ocrx_word' id='word_1_610' title='bbox 2138 3465 2241 3519; x_wconf 78' lang='grc' dir='ltr'><strong>Σοὶ</strong></span> <span class='ocrx_word' id='word_1_611' title='bbox 2275 3465 2522 3520; x_wconf 73' lang='grc' dir='ltr'>οἴσουσι</span> <span class='ocrx_word' id='word_1_612' title='bbox 2544 3464 2829 3532; x_wconf 73' lang='grc' dir='ltr'>,ϐασιλεῖς</span> <span class='ocrx_word' id='word_1_613' title='bbox 2888 3465 3069 3535; x_wconf 82' lang='grc' dir='ltr'>δῶρα.</span> <span class='ocrx_word' id='word_1_614' title='bbox 3128 3467 3194 3521; x_wconf 83' lang='lat' dir='ltr'><strong>Ol</strong></span> <span class='ocrx_word' id='word_1_615' title='bbox 3249 3467 3487 3537; x_wconf 66' lang='grc' dir='ltr'>βασιλεῖς</span> <span class='ocrx_word' id='word_1_616' title='bbox 3552 3468 3664 3522; x_wconf 85' lang='grc' dir='ltr'><strong>τῶν</strong></span> 
     </span>
    </p>
   </div>
   <div class='ocr_carea' id='block_1_89' title="bbox 2079 3554 3662 3632">
    <p class='ocr_par' dir='ltr' id='par_1_89' title="bbox 2079 3554 3662 3632">
     <span class='ocr_line' id='line_1_89' title="bbox 2079 3554 3662 3632; baseline 0.003 -24"><span class='ocrx_word' id='word_1_617' title='bbox 2079 3556 2399 3626; x_wconf 82' lang='grc' dir='ltr'>ἁπανταχοῦ</span> <span class='ocrx_word' id='word_1_618' title='bbox 2418 3554 2789 3626; x_wconf 82' lang='grc' dir='ltr'>ὲθνῶν.Δῶρα</span> <span class='ocrx_word' id='word_1_619' title='bbox 2813 3556 2871 3610; x_wconf 79' lang='grc' dir='ltr'><strong>δὲ</strong></span> <span class='ocrx_word' id='word_1_620' title='bbox 2894 3559 2944 3610; x_wconf 80' lang='grc' dir='ltr'><strong>οἱ</strong></span> <span class='ocrx_word' id='word_1_621' title='bbox 2986 3557 3130 3623; x_wconf 78' lang='grc' dir='ltr'>ναοὶ,</span> <span class='ocrx_word' id='word_1_622' title='bbox 3179 3560 3274 3612; x_wconf 77' lang='grc' dir='ltr'><strong>καὶ</strong></span> <span class='ocrx_word' id='word_1_623' title='bbox 3298 3557 3366 3612; x_wconf 75' lang='grc' dir='ltr'>τὰ</span> <span class='ocrx_word' id='word_1_624' title='bbox 3397 3558 3662 3632; x_wconf 83' lang='grc' dir='ltr'>καθιερω-</span> 
     </span>
    </p>
   </div>
   <div class='ocr_carea' id='block_1_90' title="bbox 2080 3648 3662 3724">
    <p class='ocr_par' dir='ltr' id='par_1_90' title="bbox 2080 3648 3662 3724">
     <span class='ocr_line' id='line_1_90' title="bbox 2080 3648 3662 3724; baseline 0.003 -22"><span class='ocrx_word' id='word_1_625' title='bbox 2080 3649 2241 3702; x_wconf 83' lang='grc' dir='ltr'>θέντα</span> <span class='ocrx_word' id='word_1_626' title='bbox 2274 3648 2487 3712; x_wconf 83' lang='grc' dir='ltr'>τούτοις</span> <span class='ocrx_word' id='word_1_627' title='bbox 2515 3650 2716 3720; x_wconf 83' lang='grc' dir='ltr'>χωρία,</span> <span class='ocrx_word' id='word_1_628' title='bbox 2737 3649 2834 3704; x_wconf 80' lang='grc' dir='ltr'>καὶ</span> <span class='ocrx_word' id='word_1_629' title='bbox 2862 3650 2931 3702; x_wconf 81' lang='grc' dir='ltr'>τὰ</span> <span class='ocrx_word' id='word_1_630' title='bbox 2969 3651 3289 3705; x_wconf 83' lang='grc' dir='ltr'>παντοδαπὰ</span> <span class='ocrx_word' id='word_1_631' title='bbox 3310 3653 3662 3724; x_wconf 84' lang='grc' dir='ltr'>ἀναθήματα.</span> 
     </span>
    </p>
   </div>
   <div class='ocr_carea' id='block_1_91' title="bbox 2081 3743 3667 3814">
    <p class='ocr_par' dir='ltr' id='par_1_91' title="bbox 2081 3743 3667 3814">
     <span class='ocr_line' id='line_1_91' title="bbox 2081 3743 3667 3814; baseline 0.003 -20"><span class='ocrx_word' id='word_1_632' title='bbox 2081 3743 2304 3795; x_wconf 80' lang='grc' dir='ltr'>οἴσουσι</span> <span class='ocrx_word' id='word_1_633' title='bbox 2333 3743 2392 3796; x_wconf 83' lang='grc' dir='ltr'>δὲ</span> <span class='ocrx_word' id='word_1_634' title='bbox 2435 3743 2632 3808; x_wconf 84' lang='grc' dir='ltr'>ταῦτα,</span> <span class='ocrx_word' id='word_1_635' title='bbox 2677 3743 2994 3811; x_wconf 78' lang='grc' dir='ltr'>ἐπιγνόντες</span> <span class='ocrx_word' id='word_1_636' title='bbox 3060 3746 3120 3797; x_wconf 84' lang='grc' dir='ltr'>σὲ</span> <span class='ocrx_word' id='word_1_637' title='bbox 3174 3743 3401 3814; x_wconf 82' lang='grc' dir='ltr'>βασιλέα</span> <span class='ocrx_word' id='word_1_638' title='bbox 3459 3745 3667 3798; x_wconf 79' lang='grc' dir='ltr'>ἑαυτῶν</span> 
     </span>
    </p>
   </div>
   <div class='ocr_carea' id='block_1_92' title="bbox 2080 3834 3664 3901">
    <p class='ocr_par' dir='ltr' id='par_1_92' title="bbox 2080 3834 3664 3901">
     <span class='ocr_line' id='line_1_92' title="bbox 2080 3834 3664 3901; baseline 0.001 -14"><span class='ocrx_word' id='word_1_639' title='bbox 2080 3834 2375 3901; x_wconf 80' lang='grc' dir='ltr'>ἀθάνατον,</span> <span class='ocrx_word' id='word_1_640' title='bbox 2436 3836 2513 3898; x_wconf 86' lang='grc' dir='ltr'><strong>ὡς</strong></span> <span class='ocrx_word' id='word_1_641' title='bbox 2566 3836 2722 3889; x_wconf 84' lang='grc' dir='ltr'>Θεόν.</span> <span class='ocrx_word' id='word_1_642' title='bbox 2781 3837 3005 3889; x_wconf 85' lang='grc' dir='ltr'>Νοεῖται</span> <span class='ocrx_word' id='word_1_643' title='bbox 3065 3837 3121 3889; x_wconf 79' lang='grc' dir='ltr'>δὲ</span> <span class='ocrx_word' id='word_1_644' title='bbox 3178 3839 3273 3890; x_wconf 70' lang='grc' dir='ltr'><strong>καὶ</strong></span> <span class='ocrx_word' id='word_1_645' title='bbox 3310 3837 3485 3901; x_wconf 76' lang='grc' dir='ltr'>ἄλλως</span> <span class='ocrx_word' id='word_1_646' title='bbox 3540 3837 3664 3891; x_wconf 84' lang='grc' dir='ltr'>κατ’</span> 
     </span>
    </p>
   </div>
   <div class='ocr_carea' id='block_1_93' title="bbox 2080 3926 3668 4000">
    <p class='ocr_par' dir='ltr' id='par_1_93' title="bbox 2080 3926 3668 4000">
     <span class='ocr_line' id='line_1_93' title="bbox 2080 3926 3668 4000; baseline 0 -19"><span class='ocrx_word' id='word_1_647' title='bbox 2080 3926 2386 3996; x_wconf 71' lang='grc' dir='ltr'>ἐναλλαγὴν</span> <span class='ocrx_word' id='word_1_648' title='bbox 2430 3927 2541 3980; x_wconf 82' lang='grc' dir='ltr'><strong>τῶν</strong></span> <span class='ocrx_word' id='word_1_649' title='bbox 2587 3927 2795 3997; x_wconf 79' lang='grc' dir='ltr'>ῥητῶν,</span> <span class='ocrx_word' id='word_1_650' title='bbox 2858 3928 2943 3980; x_wconf 79' lang='grc' dir='ltr'>ὅτι</span> <span class='ocrx_word' id='word_1_651' title='bbox 2983 3927 3121 3983; x_wconf 85' lang='grc' dir='ltr'><strong>Ἀπὸ</strong></span> <span class='ocrx_word' id='word_1_652' title='bbox 3141 3927 3234 3979; x_wconf 87' lang='grc' dir='ltr'><strong>τοῦ</strong></span> <span class='ocrx_word' id='word_1_653' title='bbox 3282 3929 3425 3981; x_wconf 86' lang='grc' dir='ltr'>κατὰ</span> <span class='ocrx_word' id='word_1_654' title='bbox 3483 3926 3668 4000; x_wconf 82' lang='grc' dir='ltr'>χώραν</span> 
     </span>
    </p>
   </div>
   <div class='ocr_carea' id='block_1_94' title="bbox 2083 4015 3666 4089">
    <p class='ocr_par' dir='ltr' id='par_1_94' title="bbox 2083 4015 3666 4089">
     <span class='ocr_line' id='line_1_94' title="bbox 2083 4015 3666 4089; baseline -0.002 -16"><span class='ocrx_word' id='word_1_655' title='bbox 2083 4017 2212 4073; x_wconf 79' lang='grc' dir='ltr'>ναοῦ</span> <span class='ocrx_word' id='word_1_656' title='bbox 2227 4034 2321 4070; x_wconf 89' lang='grc' dir='ltr'><strong>σου</strong></span> <span class='ocrx_word' id='word_1_657' title='bbox 2349 4017 2443 4069; x_wconf 74' lang='grc' dir='ltr'>ἐπὶ</span> <span class='ocrx_word' id='word_1_658' title='bbox 2474 4016 2575 4085; x_wconf 82' lang='grc' dir='ltr'>τὴν</span> <span class='ocrx_word' id='word_1_659' title='bbox 2604 4015 2720 4070; x_wconf 80' lang='grc' dir='ltr'>ἄνω</span> <span class='ocrx_word' id='word_1_660' title='bbox 2749 4015 3129 4089; x_wconf 82' lang='grc' dir='ltr'>Ἰερουσαλὴμ,</span> <span class='ocrx_word' id='word_1_661' title='bbox 3152 4018 3362 4072; x_wconf 72' lang='grc' dir='ltr'>οἴσουσι</span> <span class='ocrx_word' id='word_1_662' title='bbox 3387 4035 3469 4071; x_wconf 87' lang='grc' dir='ltr'><strong>σοι</strong></span> <span class='ocrx_word' id='word_1_663' title='bbox 3494 4018 3666 4089; x_wconf 73' lang='grc' dir='ltr'>δῶρα,</span> 
     </span>
    </p>
   </div>
   <div class='ocr_carea' id='block_1_95' title="bbox 2082 4109 3669 4181">
    <p class='ocr_par' dir='ltr' id='par_1_95' title="bbox 2082 4109 3669 4181">
     <span class='ocr_line' id='line_1_95' title="bbox 2082 4109 3669 4181; baseline 0.001 -19"><span class='ocrx_word' id='word_1_664' title='bbox 2082 4111 2131 4163; x_wconf 86' lang='grc' dir='ltr'><strong>οί</strong></span> <span class='ocrx_word' id='word_1_665' title='bbox 2164 4109 2426 4179; x_wconf 77' lang='grc' dir='ltr'>βασιλεῖς.</span> <span class='ocrx_word' id='word_1_666' title='bbox 2463 4110 2591 4173; x_wconf 84' lang='grc' dir='ltr'>Τοῖς</span> <span class='ocrx_word' id='word_1_667' title='bbox 2613 4109 2726 4181; x_wconf 82' lang='grc' dir='ltr'>γὰρ</span> <span class='ocrx_word' id='word_1_668' title='bbox 2750 4112 2903 4173; x_wconf 87' lang='grc' dir='ltr'>ναοῖς</span> <span class='ocrx_word' id='word_1_669' title='bbox 2942 4109 3221 4180; x_wconf 76' lang='grc' dir='ltr'>αἰσθητῶς</span> <span class='ocrx_word' id='word_1_670' title='bbox 3245 4111 3316 4164; x_wconf 80' lang='grc' dir='ltr'>τὰ</span> <span class='ocrx_word' id='word_1_671' title='bbox 3355 4110 3508 4181; x_wconf 84' lang='grc' dir='ltr'>δῶρα</span> <span class='ocrx_word' id='word_1_672' title='bbox 3573 4127 3669 4164; x_wconf 83' lang='grc' dir='ltr'>κο-</span> 
     </span>
    </p>
   </div>
   <div class='ocr_carea' id='block_1_96' title="bbox 2085 4201 3671 4274">
    <p class='ocr_par' dir='ltr' id='par_1_96' title="bbox 2085 4201 3671 4274">
     <span class='ocr_line' id='line_1_96' title="bbox 2085 4201 3671 4274; baseline 0.001 -20"><span class='ocrx_word' id='word_1_673' title='bbox 2085 4202 2361 4271; x_wconf 82' lang='grc' dir='ltr'>μίζοντες,</span> <span class='ocrx_word' id='word_1_674' title='bbox 2395 4201 2607 4272; x_wconf 86' lang='grc' dir='ltr'>νοητῶς</span> <span class='ocrx_word' id='word_1_675' title='bbox 2629 4202 2700 4256; x_wconf 88' lang='grc' dir='ltr'><strong>δι’</strong></span> <span class='ocrx_word' id='word_1_676' title='bbox 2717 4202 2901 4258; x_wconf 79' lang='grc' dir='ltr'>αὐτῶν</span> <span class='ocrx_word' id='word_1_677' title='bbox 2924 4205 3006 4267; x_wconf 84' lang='grc' dir='ltr'><strong>είς</strong></span> <span class='ocrx_word' id='word_1_678' title='bbox 3026 4203 3119 4256; x_wconf 79' lang='grc' dir='ltr'>τὸν</span> <span class='ocrx_word' id='word_1_679' title='bbox 3142 4204 3372 4274; x_wconf 76' lang='grc' dir='ltr'>οὐρανὸν</span> <span class='ocrx_word' id='word_1_680' title='bbox 3404 4204 3671 4273; x_wconf 80' lang='grc' dir='ltr'>ἀνάγουσι</span> 
     </span>
    </p>
   </div>
   <div class='ocr_carea' id='block_1_97' title="bbox 2080 4294 3321 4367">
    <p class='ocr_par' dir='ltr' id='par_1_97' title="bbox 2080 4294 3321 4367">
     <span class='ocr_line' id='line_1_97' title="bbox 2080 4294 3321 4367; baseline 0.002 -19"><span class='ocrx_word' id='word_1_681' title='bbox 2080 4294 2181 4366; x_wconf 79' lang='grc' dir='ltr'>τὴν</span> <span class='ocrx_word' id='word_1_682' title='bbox 2219 4294 2612 4367; x_wconf 79' lang='grc' dir='ltr'>προσαγωγὴν,</span> <span class='ocrx_word' id='word_1_683' title='bbox 2650 4296 2746 4349; x_wconf 77' lang='grc' dir='ltr'>καὶ</span> <span class='ocrx_word' id='word_1_684' title='bbox 2771 4295 2933 4366; x_wconf 84' lang='grc' dir='ltr'>χάριν</span> <span class='ocrx_word' id='word_1_685' title='bbox 2975 4295 3086 4349; x_wconf 83' lang='grc' dir='ltr'><strong>τῶν</strong></span> <span class='ocrx_word' id='word_1_686' title='bbox 3109 4296 3321 4367; x_wconf 85' lang='grc' dir='ltr'>δώρων.</span> 
     </span>
    </p>
   </div>
   <div class='ocr_carea' id='block_1_98' title="bbox 2178 4560 3685 4637">
    <p class='ocr_par' dir='ltr' id='par_1_98' title="bbox 2178 4560 3685 4637">
     <span class='ocr_line' id='line_1_98' title="bbox 2178 4560 3685 4637; baseline 0.002 -21"><span class='ocrx_word' id='word_1_687' title='bbox 2178 4560 2581 4631; x_wconf 74' lang='grc' dir='ltr'>Ἐπιτίμησον</span> <span class='ocrx_word' id='word_1_688' title='bbox 2608 4562 2732 4629; x_wconf 82' lang='grc' dir='ltr'>τοῖς</span> <span class='ocrx_word' id='word_1_689' title='bbox 2759 4564 2986 4632; x_wconf 82' lang='grc' dir='ltr'>θηρίοις</span> <span class='ocrx_word' id='word_1_690' title='bbox 3013 4565 3120 4619; x_wconf 88' lang='grc' dir='ltr'><strong>τοῦ</strong></span> <span class='ocrx_word' id='word_1_691' title='bbox 3158 4566 3454 4635; x_wconf 72' lang='grc' dir='ltr'>καλάμου.</span> <span class='ocrx_word' id='word_1_692' title='bbox 3482 4567 3685 4637; x_wconf 74' lang='grc' dir='ltr'>Φίμωο’</span> 
     </span>
    </p>
   </div>
   <div class='ocr_carea' id='block_1_99' title="bbox 2103 4655 3676 4730">
    <p class='ocr_par' dir='ltr' id='par_1_99' title="bbox 2103 4655 3676 4730">
     <span class='ocr_line' id='line_1_99' title="bbox 2103 4655 3676 4730; baseline 0.003 -24"><span class='ocrx_word' id='word_1_693' title='bbox 2103 4671 2194 4706; x_wconf 89' lang='grc' dir='ltr'><strong>σον</strong></span> <span class='ocrx_word' id='word_1_694' title='bbox 2245 4655 2372 4717; x_wconf 83' lang='grc' dir='ltr'>τοὺς</span> <span class='ocrx_word' id='word_1_695' title='bbox 2430 4656 2654 4723; x_wconf 83' lang='grc' dir='ltr'>νοητοὺς</span> <span class='ocrx_word' id='word_1_696' title='bbox 2706 4656 2971 4726; x_wconf 85' lang='grc' dir='ltr'>δαίμονας</span> <span class='ocrx_word' id='word_1_697' title='bbox 2998 4674 3012 4688; x_wconf 88' lang='grc'><strong>·</strong></span> <span class='ocrx_word' id='word_1_698' title='bbox 3061 4656 3238 4711; x_wconf 82' lang='grc' dir='ltr'>είτουν</span> <span class='ocrx_word' id='word_1_699' title='bbox 3275 4660 3406 4715; x_wconf 78' lang='grc' dir='ltr'>τοὺς</span> <span class='ocrx_word' id='word_1_700' title='bbox 3444 4660 3676 4730; x_wconf 81' lang='grc' dir='ltr'>ἀγρίους</span> 
     </span>
    </p>
   </div>
   <div class='ocr_carea' id='block_1_100' title="bbox 2097 4748 3675 4820">
    <p class='ocr_par' dir='ltr' id='par_1_100' title="bbox 2097 4748 3675 4820">
     <span class='ocr_line' id='line_1_100' title="bbox 2097 4748 3675 4820; baseline 0.003 -20"><span class='ocrx_word' id='word_1_701' title='bbox 2097 4748 2195 4800; x_wconf 65' lang='grc' dir='ltr'><strong>καὶ⁵</strong></span> <span class='ocrx_word' id='word_1_702' title='bbox 2222 4749 2453 4816; x_wconf 85' lang='grc' dir='ltr'>ἀπηνεῖς</span> <span class='ocrx_word' id='word_1_703' title='bbox 2498 4749 2788 4819; x_wconf 86' lang='grc' dir='ltr'>δαίμονας,</span> <span class='ocrx_word' id='word_1_704' title='bbox 2831 4750 3032 4812; x_wconf 81' lang='grc' dir='ltr'>οἵτινες</span> <span class='ocrx_word' id='word_1_705' title='bbox 3064 4750 3140 4815; x_wconf 83' lang='grc' dir='ltr'><strong>ὡς</strong></span> <span class='ocrx_word' id='word_1_706' title='bbox 3170 4751 3424 4820; x_wconf 72' lang='grc' dir='ltr'>αἰσθητοὶ</span> <span class='ocrx_word' id='word_1_707' title='bbox 3450 4752 3675 4817; x_wconf 80' lang='grc' dir='ltr'>λέοντες</span> 
     </span>
    </p>
   </div>
   <div class='ocr_carea' id='block_1_101' title="bbox 2095 4837 3675 4912">
    <p class='ocr_par' dir='ltr' id='par_1_101' title="bbox 2095 4837 3675 4912">
     <span class='ocr_line' id='line_1_101' title="bbox 2095 4837 3675 4912; baseline 0.006 -24"><span class='ocrx_word' id='word_1_708' title='bbox 2095 4837 2352 4906; x_wconf 80' lang='grc' dir='ltr'>καλάμῳ,</span> <span class='ocrx_word' id='word_1_709' title='bbox 2421 4837 2595 4901; x_wconf 78' lang='grc' dir='ltr'>οὕτως</span> <span class='ocrx_word' id='word_1_710' title='bbox 2667 4840 3050 4908; x_wconf 76' lang='grc' dir='ltr'>ὲμφωλεύουσι</span> <span class='ocrx_word' id='word_1_711' title='bbox 3107 4844 3174 4910; x_wconf 72' lang='grc' dir='ltr'>τῇ</span> <span class='ocrx_word' id='word_1_712' title='bbox 3229 4843 3527 4912; x_wconf 74' lang='grc' dir='ltr'>κουφότητι</span> <span class='ocrx_word' id='word_1_713' title='bbox 3577 4845 3675 4897; x_wconf 75' lang='grc' dir='ltr'><strong>καὶ</strong></span> 
     </span>
    </p>
   </div>
   <div class='ocr_carea' id='block_1_102' title="bbox 2101 4930 3671 5005">
    <p class='ocr_par' dir='ltr' id='par_1_102' title="bbox 2101 4930 3671 5005">
     <span class='ocr_line' id='line_1_102' title="bbox 2101 4930 3671 5005; baseline 0.005 -25"><span class='ocrx_word' id='word_1_714' title='bbox 2101 4930 2357 5000; x_wconf 81' lang='grc' dir='ltr'>ἀκαρπίᾳ</span> <span class='ocrx_word' id='word_1_715' title='bbox 2401 4931 2511 4982; x_wconf 82' lang='grc' dir='ltr'><strong>τῶν</strong></span> <span class='ocrx_word' id='word_1_716' title='bbox 2571 4931 2924 5001; x_wconf 87' lang='grc' dir='ltr'>ἀστηρίκτων</span> <span class='ocrx_word' id='word_1_717' title='bbox 2992 4935 3070 4996; x_wconf 82' lang='grc' dir='ltr'>εἰς</span> <span class='ocrx_word' id='word_1_718' title='bbox 3127 4933 3313 4986; x_wconf 85' lang='grc' dir='ltr'>πίστιν</span> <span class='ocrx_word' id='word_1_719' title='bbox 3341 4934 3671 5005; x_wconf 81' lang='grc' dir='ltr'>ἀνθρώπων.</span> 
     </span>
    </p>
   </div>
   <div class='ocr_carea' id='block_1_103' title="bbox 2092 5022 3672 5093">
    <p class='ocr_par' dir='ltr' id='par_1_103' title="bbox 2092 5022 3672 5093">
     <span class='ocr_line' id='line_1_103' title="bbox 2092 5022 3672 5093; baseline 0.006 -22"><span class='ocrx_word' id='word_1_720' title='bbox 2092 5022 2230 5090; x_wconf 77' lang='grc' dir='ltr'>Φησὶ</span> <span class='ocrx_word' id='word_1_721' title='bbox 2281 5022 2338 5074; x_wconf 82' lang='grc' dir='ltr'><strong>δὲ</strong></span> <span class='ocrx_word' id='word_1_722' title='bbox 2378 5023 2474 5074; x_wconf 76' lang='grc' dir='ltr'><strong>καὶ</strong></span> <span class='ocrx_word' id='word_1_723' title='bbox 2515 5022 2637 5076; x_wconf 81' lang='grc' dir='ltr'><strong>Ἰὼϐ</strong></span> <span class='ocrx_word' id='word_1_724' title='bbox 2664 5024 2794 5093; x_wconf 79' lang='grc' dir='ltr'>περὶ</span> <span class='ocrx_word' id='word_1_725' title='bbox 2840 5025 2934 5078; x_wconf 91' lang='grc' dir='ltr'><strong>τοῦ</strong></span> <span class='ocrx_word' id='word_1_726' title='bbox 2978 5026 3229 5079; x_wconf 78' lang='grc' dir='ltr'>διαϐόλου</span> <span class='ocrx_word' id='word_1_727' title='bbox 3264 5025 3440 5089; x_wconf 75' lang='grc' dir='ltr'>οὓτως</span> <span class='ocrx_word' id='word_1_728' title='bbox 3466 5043 3479 5056; x_wconf 91' lang='grc'><strong>·</strong></span> <span class='ocrx_word' id='word_1_729' title='bbox 3523 5025 3672 5082; x_wconf 75' lang='grc' dir='ltr'><strong>’Υπὸ</strong></span> 
     </span>
    </p>
   </div>
   <div class='ocr_carea' id='block_1_104' title="bbox 2093 5114 3675 5189">
    <p class='ocr_par' dir='ltr' id='par_1_104' title="bbox 2093 5114 3675 5189">
     <span class='ocr_line' id='line_1_104' title="bbox 2093 5114 3675 5189; baseline 0.005 -22"><span class='ocrx_word' id='word_1_730' title='bbox 2093 5114 2218 5168; x_wconf 71' lang='grc' dir='ltr'><strong>,πᾶν</strong></span> <span class='ocrx_word' id='word_1_731' title='bbox 2252 5115 2507 5184; x_wconf 78' lang='grc' dir='ltr'><strong>δένδρον</strong></span> <span class='ocrx_word' id='word_1_732' title='bbox 2527 5118 2823 5187; x_wconf 80' lang='grc' dir='ltr'>κοιμᾶται,</span> <span class='ocrx_word' id='word_1_733' title='bbox 2852 5118 3012 5186; x_wconf 81' lang='grc' dir='ltr'>παρὰ</span> <span class='ocrx_word' id='word_1_734' title='bbox 3028 5119 3323 5189; x_wconf 77' lang='grc' dir='ltr'>κάλαμον,</span> <span class='ocrx_word' id='word_1_735' title='bbox 3343 5121 3445 5174; x_wconf 71' lang='grc' dir='ltr'>καὶ</span> <span class='ocrx_word' id='word_1_736' title='bbox 3474 5122 3675 5175; x_wconf 82' lang='grc' dir='ltr'>πάπυ-</span> 
     </span>
    </p>
   </div>
   <div class='ocr_carea' id='block_1_105' title="bbox 2090 5210 3676 5281">
    <p class='ocr_par' dir='ltr' id='par_1_105' title="bbox 2090 5210 3676 5281">
     <span class='ocr_line' id='line_1_105' title="bbox 2090 5210 3676 5281; baseline 0.002 -20"><span class='ocrx_word' id='word_1_737' title='bbox 2090 5224 2227 5275; x_wconf 83' lang='grc' dir='ltr'>ρον,</span> <span class='ocrx_word' id='word_1_738' title='bbox 2275 5211 2375 5262; x_wconf 78' lang='grc' dir='ltr'>καὶ</span> <span class='ocrx_word' id='word_1_739' title='bbox 2426 5210 2759 5279; x_wconf 79' lang='grc' dir='ltr'>βούτομον,</span> <span class='ocrx_word' id='word_1_740' title='bbox 2789 5212 2967 5281; x_wconf 83' lang='grc' dir='ltr'>δηλῶν</span> <span class='ocrx_word' id='word_1_741' title='bbox 2999 5213 3082 5265; x_wconf 86' lang='grc' dir='ltr'><strong>ὅτι</strong></span> <span class='ocrx_word' id='word_1_742' title='bbox 3116 5213 3535 5266; x_wconf 84' lang='grc' dir='ltr'>ὲπαναπαύεται</span> <span class='ocrx_word' id='word_1_743' title='bbox 3560 5213 3676 5275; x_wconf 84' lang='grc' dir='ltr'>τοῖς</span> 
     </span>
    </p>
   </div>
   <div class='ocr_carea' id='block_1_106' title="bbox 2100 5301 3678 5375">
    <p class='ocr_par' dir='ltr' id='par_1_106' title="bbox 2100 5301 3678 5375">
     <span class='ocr_line' id='line_1_106' title="bbox 2100 5301 3678 5375; baseline 0.003 -23"><span class='ocrx_word' id='word_1_744' title='bbox 2100 5301 2286 5370; x_wconf 81' lang='grc' dir='ltr'>έχουσι</span> <span class='ocrx_word' id='word_1_745' title='bbox 2330 5303 2429 5364; x_wconf 84' lang='grc' dir='ltr'>τὰς</span> <span class='ocrx_word' id='word_1_746' title='bbox 2488 5302 2761 5372; x_wconf 76' lang='grc' dir='ltr'>ιδιότητας</span> <span class='ocrx_word' id='word_1_747' title='bbox 2780 5303 2887 5359; x_wconf 85' lang='grc' dir='ltr'><strong>τῶν</strong></span> <span class='ocrx_word' id='word_1_748' title='bbox 2917 5305 3231 5375; x_wconf 84' lang='grc' dir='ltr'>εἰρημένων</span> <span class='ocrx_word' id='word_1_749' title='bbox 3278 5306 3482 5374; x_wconf 82' lang='grc' dir='ltr'>φυτῶν,</span> <span class='ocrx_word' id='word_1_750' title='bbox 3514 5304 3678 5375; x_wconf 80' lang='grc' dir='ltr'>ξηρό-</span> 
     </span>
    </p>
   </div>
   <div class='ocr_carea' id='block_1_107' title="bbox 2096 5394 3673 5468">
    <p class='ocr_par' dir='ltr' id='par_1_107' title="bbox 2096 5394 3673 5468">
     <span class='ocr_line' id='line_1_107' title="bbox 2096 5394 3673 5468; baseline 0.004 -24"><span class='ocrx_word' id='word_1_751' title='bbox 2096 5410 2239 5461; x_wconf 86' lang='grc' dir='ltr'>τητα</span> <span class='ocrx_word' id='word_1_752' title='bbox 2277 5395 2413 5464; x_wconf 85' lang='grc' dir='ltr'>πρὸς</span> <span class='ocrx_word' id='word_1_753' title='bbox 2446 5394 2670 5465; x_wconf 79' lang='grc' dir='ltr'>ἀρετὴν,</span> <span class='ocrx_word' id='word_1_754' title='bbox 2696 5397 2792 5449; x_wconf 72' lang='grc' dir='ltr'><strong>καὶ</strong></span> <span class='ocrx_word' id='word_1_755' title='bbox 2817 5396 3095 5467; x_wconf 78' lang='grc' dir='ltr'>ὑγρότητα</span> <span class='ocrx_word' id='word_1_756' title='bbox 3134 5396 3273 5467; x_wconf 82' lang='grc' dir='ltr'>πρὸς</span> <span class='ocrx_word' id='word_1_757' title='bbox 3321 5396 3673 5468; x_wconf 60' lang='grc' dir='ltr'>φιληδονίαν</span> 
     </span>
    </p>
   </div>
   <div class='ocr_carea' id='block_1_108' title="bbox 2097 5484 3333 5558">
    <p class='ocr_par' dir='ltr' id='par_1_108' title="bbox 2097 5484 3333 5558">
     <span class='ocr_line' id='line_1_108' title="bbox 2097 5484 3333 5558; baseline 0.005 -21"><span class='ocrx_word' id='word_1_758' title='bbox 2097 5484 2323 5537; x_wconf 84' lang='grc' dir='ltr'>τοιαῦτα</span> <span class='ocrx_word' id='word_1_759' title='bbox 2352 5487 2462 5556; x_wconf 88' lang='lat'><strong>7&amp;9</strong></span> <span class='ocrx_word' id='word_1_760' title='bbox 2490 5489 2518 5539; x_wconf 83' lang='grc' dir='ltr'>ὁ</span> <span class='ocrx_word' id='word_1_761' title='bbox 2544 5487 2795 5556; x_wconf 82' lang='grc' dir='ltr'>πάπυρος</span> <span class='ocrx_word' id='word_1_762' title='bbox 2826 5489 2923 5541; x_wconf 74' lang='grc' dir='ltr'><strong>καὶ</strong></span> <span class='ocrx_word' id='word_1_763' title='bbox 2962 5488 3023 5542; x_wconf 77' lang='grc' dir='ltr'><strong>τὸ</strong></span> <span class='ocrx_word' id='word_1_764' title='bbox 3051 5488 3333 5558; x_wconf 83' lang='grc' dir='ltr'>βούτομον.</span> 
     </span>
    </p>
   </div>
   <div class='ocr_carea' id='block_1_109' title="bbox 406 5580 3681 5656">
    <p class='ocr_par' dir='ltr' id='par_1_109' title="bbox 406 5580 3681 5656">
     <span class='ocr_line' id='line_1_109' title="bbox 406 5580 3681 5656; baseline 0.002 -24"><span class='ocrx_word' id='word_1_765' title='bbox 406 5581 650 5636; x_wconf 87' lang='lat' dir='ltr'><strong>ravimus</strong></span> <span class='ocrx_word' id='word_1_766' title='bbox 709 5583 1078 5652; x_wconf 86' lang='lat' dir='ltr'><strong>proprietates</strong></span> <span class='ocrx_word' id='word_1_767' title='bbox 1127 5591 1353 5638; x_wconf 85' lang='lat' dir='ltr'><strong>servant</strong></span> <span class='ocrx_word' id='word_1_768' title='bbox 1389 5600 1403 5635; x_wconf 87' lang='lat'><strong>:</strong></span> <span class='ocrx_word' id='word_1_769' title='bbox 1440 5582 1533 5650; x_wconf 86' lang='lat' dir='ltr'><strong>qui</strong></span> <span class='ocrx_word' id='word_1_770' title='bbox 1591 5582 1804 5637; x_wconf 86' lang='lat' dir='ltr'><strong>scilicet</strong></span> <span class='ocrx_word' id='word_1_771' title='bbox 1852 5580 1992 5635; x_wconf 88' lang='lat' dir='ltr'><strong>aridi</strong></span> <span class='ocrx_word' id='word_1_772' title='bbox 2032 5590 2181 5646; x_wconf 89' lang='lat' dir='ltr'><strong>sunt,</strong></span> <span class='ocrx_word' id='word_1_773' title='bbox 2207 5582 2273 5635; x_wconf 89' lang='lat' dir='ltr'><strong>ad</strong></span> <span class='ocrx_word' id='word_1_774' title='bbox 2307 5582 2561 5638; x_wconf 84' lang='lat' dir='ltr'><strong>ferendas</strong></span> <span class='ocrx_word' id='word_1_775' title='bbox 2590 5583 2843 5651; x_wconf 86' lang='lat' dir='ltr'><strong>virtutes,</strong></span> <span class='ocrx_word' id='word_1_776' title='bbox 2931 5593 2984 5638; x_wconf 89' lang='lat' dir='ltr'><strong>et</strong></span> <span class='ocrx_word' id='word_1_777' title='bbox 3029 5584 3124 5654; x_wconf 91' lang='lat' dir='ltr'><strong>qui</strong></span> <span class='ocrx_word' id='word_1_778' title='bbox 3194 5599 3422 5640; x_wconf 88' lang='lat' dir='ltr'><strong>succum</strong></span> <span class='ocrx_word' id='word_1_779' title='bbox 3513 5593 3681 5656; x_wconf 88' lang='lat' dir='ltr'><strong>atque</strong></span> 
     </span>
    </p>
   </div>
   <div class='ocr_carea' id='block_1_110' title="bbox 408 5674 3682 5751">
    <p class='ocr_par' dir='ltr' id='par_1_110' title="bbox 408 5674 3682 5751">
     <span class='ocr_line' id='line_1_110' title="bbox 408 5674 3682 5751; baseline 0.004 -26"><span class='ocrx_word' id='word_1_780' title='bbox 408 5674 693 5727; x_wconf 86' lang='lat' dir='ltr'><strong>humorem</strong></span> <span class='ocrx_word' id='word_1_781' title='bbox 735 5679 966 5731; x_wconf 85' lang='lat' dir='ltr'><strong>multum</strong></span> <span class='ocrx_word' id='word_1_782' title='bbox 999 5677 1202 5732; x_wconf 87' lang='lat' dir='ltr'><strong>habent</strong></span> <span class='ocrx_word' id='word_1_783' title='bbox 1235 5679 1302 5733; x_wconf 85' lang='lat' dir='ltr'><strong>ad</strong></span> <span class='ocrx_word' id='word_1_784' title='bbox 1366 5675 1689 5732; x_wconf 75' lang='lat' dir='ltr'><strong>nutriendos</strong></span> <span class='ocrx_word' id='word_1_785' title='bbox 1732 5676 2064 5747; x_wconf 85' lang='lat' dir='ltr'><strong>voluptates.</strong></span> <span class='ocrx_word' id='word_1_786' title='bbox 2110 5676 2433 5747; x_wconf 86' lang='lat' dir='ltr'><strong>llujusmodi</strong></span> <span class='ocrx_word' id='word_1_787' title='bbox 2498 5681 2700 5736; x_wconf 88' lang='lat' dir='ltr'><strong>ctenim</strong></span> <span class='ocrx_word' id='word_1_788' title='bbox 2760 5680 3112 5751; x_wconf 84' lang='lat' dir='ltr'><strong>proprietatis</strong></span> <span class='ocrx_word' id='word_1_789' title='bbox 3171 5691 3223 5738; x_wconf 90' lang='lat' dir='ltr'><strong>et</strong></span> <span class='ocrx_word' id='word_1_790' title='bbox 3273 5689 3484 5738; x_wconf 73' lang='lat' dir='ltr'><strong>naturae</strong></span> <span class='ocrx_word' id='word_1_791' title='bbox 3550 5691 3682 5739; x_wconf 84' lang='lat' dir='ltr'><strong>sunt</strong></span> 
     </span>
    </p>
   </div>
   <div class='ocr_carea' id='block_1_111' title="bbox 409 5776 957 5834">
    <p class='ocr_par' dir='ltr' id='par_1_111' title="bbox 409 5776 957 5834">
     <span class='ocr_line' id='line_1_111' title="bbox 409 5776 957 5834; baseline 0.015 -20"><span class='ocrx_word' id='word_1_792' title='bbox 409 5776 542 5834; x_wconf 77' lang='lat' dir='ltr'><strong>papy</strong></span> <span class='ocrx_word' id='word_1_793' title='bbox 556 5779 649 5818; x_wconf 88' lang='lat' dir='ltr'><strong>rus</strong></span> <span class='ocrx_word' id='word_1_794' title='bbox 678 5779 735 5820; x_wconf 85' lang='lat' dir='ltr'><strong>et</strong></span> <span class='ocrx_word' id='word_1_795' title='bbox 773 5783 957 5823; x_wconf 84' lang='lat' dir='ltr'><strong>carex.</strong></span> 
     </span>
    </p>
   </div>
   <div class='ocr_carea' id='block_1_112' title="bbox 479 5870 2012 5953">
    <p class='ocr_par' dir='ltr' id='par_1_112' title="bbox 479 5870 2012 5953">
     <span class='ocr_line' id='line_1_112' title="bbox 479 5870 2012 5953; baseline 0.01 -25"><span class='ocrx_word' id='word_1_796' title='bbox 479 5874 525 5907; x_wconf 68' lang='grc'><strong>⁸⁷</strong></span> <span class='ocrx_word' id='word_1_797' title='bbox 552 5870 711 5933; x_wconf 80' lang='lat' dir='ltr'><strong>Joan.</strong></span> <span class='ocrx_word' id='word_1_798' title='bbox 750 5894 862 5945; x_wconf 66' lang='lat' dir='ltr'><strong>xiv,</strong></span> <span class='ocrx_word' id='word_1_799' title='bbox 903 5881 986 5934; x_wconf 89' lang='lat' dir='ltr'><strong>l0.</strong></span> <span class='ocrx_word' id='word_1_800' title='bbox 1065 5883 1110 5914; x_wconf 80' lang='grc'><strong>⁸⁸</strong></span> <span class='ocrx_word' id='word_1_801' title='bbox 1145 5882 1315 5939; x_wconf 87' lang='lat' dir='ltr'><strong>lCor.</strong></span> <span class='ocrx_word' id='word_1_802' title='bbox 1362 5903 1399 5952; x_wconf 86' lang='grc' dir='ltr'><strong>ι,</strong></span> <span class='ocrx_word' id='word_1_803' title='bbox 1432 5886 1525 5941; x_wconf 65' lang='grc'><strong>24.</strong></span> <span class='ocrx_word' id='word_1_804' title='bbox 1601 5888 1645 5921; x_wconf 74' lang='grc' dir='ltr'><strong>ε’</strong></span> <span class='ocrx_word' id='word_1_805' title='bbox 1675 5885 1821 5943; x_wconf 82' lang='lat' dir='ltr'><strong>Psal.</strong></span> <span class='ocrx_word' id='word_1_806' title='bbox 1867 5904 1924 5953; x_wconf 89' lang='grc' dir='ltr'><strong>ιι,</strong></span> <span class='ocrx_word' id='word_1_807' title='bbox 1959 5889 2012 5944; x_wconf 81' lang='lat'><strong>6.</strong></span> 
     </span>
    </p>
   </div>
   <div class='ocr_carea' id='block_1_113' title="bbox 2126 5887 2537 5954">
    <p class='ocr_par' dir='ltr' id='par_1_113' title="bbox 2126 5887 2537 5954">
     <span class='ocr_line' id='line_1_113' title="bbox 2126 5887 2537 5954; baseline -0.005 -11"><span class='ocrx_word' id='word_1_808' title='bbox 2126 5891 2171 5921; x_wconf 80' lang='grc'><strong>⁶⁰</strong></span> <span class='ocrx_word' id='word_1_809' title='bbox 2195 5887 2302 5943; x_wconf 78' lang='lat' dir='ltr'><strong>Job</strong></span> <span class='ocrx_word' id='word_1_810' title='bbox 2330 5904 2414 5954; x_wconf 70' lang='lat' dir='ltr'><strong>aL,</strong></span> <span class='ocrx_word' id='word_1_811' title='bbox 2452 5888 2537 5943; x_wconf 76' lang='lat'><strong>16.</strong></span> 
     </span>
    </p>
   </div>
  </div>
