4064 6406
294 363 400 430 681

1476 357 1850 418 COMMENT
1913 359 1997 419 ΙΝ
2039 357 2169 418 PSA
2180 357 2280 417 LM
2289 358 2402 423 ΟΒ.

3471 359 3580 422 682

383 484 460 536 Ἡ
497 480 822 552 συκαῖ-ω]νὴ
864 478 983 534 τῶν
1036 477 1272 547 ταύρων
1311 479 1382 532 ἐν
1415 480 1544 546 ταῖς
1587 479 1883 550 δαμάλεσι

2071 479 2720 550 Congrega'iotaurm'um
2778 478 2832 531 in
2884 478 3057 532 vaccis
3113 477 3452 548 populorum,
3514 493 3570 535 ut

294 572 424 626 τῶν
457 571 640 637 λαῶν’,
676 574 783 627 τοῦ
815 571 1249 639 ἐκκλεισθῆνιιι
1281 573 1420 640 τοὺς
1453 573 1885 641 δεδοκιμασμέ-

294 684 452 734 νους
492 665 572 732 τῷ
619 667 906 736 ἀργυρίῳ.
958 665 1210 735 Ταύρους
1255 664 1403 732 λέγει
1456 666 1583 728 τοὺς
1611 666 1890 735 ἀρχιερεῖς

294 759 396 812 καὶ
462 757 846 828 Γραμματεῖς,
875 757 974 810 κα)⁸
1013 757 1236 820 λοιποὺς
1292 758 1564 828 ἄρχοντας
1611 757 1721 810 τῶν
1760 759 1890 811 ’1ου-

292 850 488 914 δαίων,
519 848 592 911 ὡς
619 849 844 919 θρασεῖς
897 847 992 902 καὶ
1019 849 1374 918 κερατιστὰς,
1425 847 1688 917 δαμάλεις
1721 847 1778 900 δὲ
1826 849 1893 902 τὰ

299 941 724 1010 ὑποτεταγμένα
754 940 966 1004 τούτοις
996 939 1180 1010 πλήθη
1195 939 1304 992 τῶν
1349 939 1497 992 λαῶν
1519 953 1532 967 ·
1586 939 1748 1010 ἄρχει
1788 939 1888 1010 μὲν

294 1034 408 1105 γὰρ
439 1035 468 1086 ὁ
491 1030 714 1098 ταῦρος,
765 1032 1136 1085 ὑποτέτακται
1161 1032 1220 1084 δὲ
1242 1033 1276 1103 ἡ
1305 1030 1560 1099 δάμαλις.
1600 1032 1769 1100 Φησὶν
1794 1028 1889 1084 οὖν

292 1125 380 1175 ὅτι
413 1123 466 1174 οἱ
493 1121 821 1192 προέχοντες
873 1125 932 1176 ἐν
960 1124 1114 1193 μέσῳ
1145 1123 1258 1176 τῶν
1295 1123 1440 1176 λαῶν
1495 1125 1765 1191 ἐγένοντο,
1794 1124 1888 1178 ἐπὶ

293 1217 378 1289 τῷ
403 1219 708 1286 ἐγκλεῖσαι,
735 1218 916 1271 εῖτουν
934 1217 1181 1271 κωλῦσαι
1208 1218 1335 1282 τοὺς
1357 1217 1887 1288 δεῖοκισμασμὲνους

295 1312 380 1372 εἱς
421 1311 608 1363 πίστιν
635 1311 728 1364 καὶ
751 1310 954 1380 ἀρετὴν
986 1310 1349 1377 ἀποστόλους,
1391 1313 1784 1382 ἐπειγο;.ἐνου;
1807 1315 1888 1376 εἰς

295 1403 364 1455 τὸ
412 1401 734 1472 κηρύττειν.
806 1403 1320 1473 Προσκαλεσάμενοι
1366 1403 1496 1474 γὰρ,
1551 1407 1706 1476 φησὶ,
1763 1408 1889 1468 τοὺς

298 1496 666 1559 ἀποστόλους,
732 1497 1034 1568 δείραντες,
1119 1497 1499 1568 παρήγγειλαν
1567 1499 1642 1567 μὴ
1707 1499 1890 1551 λαλεῖν

295 1587 392 1639 ἐπὶ
427 1587 505 1658 τῷ
541 1587 767 1658 ὀνόματι
818 1588 910 1640 τοῦ
971 1587 1170 1658 Ἰησοῦ.
1213 1587 1298 1652 Τῷ
1337 1589 1598 1657 ἁργιιρίῳ
1645 1589 1722 1655 δὲ,
1769 1591 1891 1643 ἀντὶ

296 1677 417 1741 τοῦ,
452 1677 529 1738 ὡς
553 1677 818 1749 ἀργύριον
857 1695 870 1709 ο
902 1677 1099 1747 ἰδίωμα
1127 1677 1236 1749 γὰρ
1262 1679 1357 1731 καὶ
1386 1677 1547 1731 τοῦτο
1575 1677 1888 1748 Ἐϐραῖκάν.

311 1767 381 1818 Ἦ
417 1766 602 1820 λείπει
628 1768 707 1831 τὸ,
742 1767 1171 1838 παραπλησίως.

1994 576 2355 630 excludantur
2390 573 2479 641 qui
2508 573 2720 642 probati
2773 582 2892 626 sunt
2929 582 3173 642 argento.
3234 573 3335 625 Per
3393 581 3584 626 tauros

1993 665 2278 736 pontiﬁces
2299 672 2352 719 et
2377 662 2602 716 Scribas
2627 671 2680 717 et
2707 664 2946 733 reliquos
2967 663 3278 718 Judzeurum
3306 665 3585 732 principes

1994 757 2272 826 intelligit,
2308 756 2476 808 veluti
2507 756 2829 809 temerarios
2857 771 2921 809 ac
2947 771 3116 809 cornu
3151 755 3415 810 ferientes
3445 773 3459 807 :
3491 769 3586 822 per

2001 863 2196 903 vaccas
2221 863 2352 902 vero
2380 849 2501 918 (seu
2539 855 2599 901 ut
2645 849 2830 914 potius
2865 846 3051 903 Graves
3086 849 3256 901 dictio
3310 847 3585 916 signiﬁcat

2001 941 2392 1012 perjuvencas
2425 938 2778 1010 populorum)
2833 940 3007 1008 plebis
3057 940 3464 996 multitudinem
3501 940 3586 992 in-

1997 1033 2214 1103 telligit,
2249 1048 2370 1102 quae
2402 1033 2511 1087 illis
2539 1032 2786 1088 suberat.
2825 1032 3076 1086 Prsesuut
3100 1033 3244 1086 enim
3274 1034 3328 1086 in
3363 1047 3586 1086 armen-

1998 1126 2068 1181 tis
2103 1125 2270 1189 tauri,
2311 1137 2358 1179 et
2385 1126 2626 1180 subsunt
2653 1125 2933 1195 juvencte.
2966 1125 3029 1178 Et
3052 1140 3246 1180 sensus
3296 1134 3404 1190 est,
3434 1126 3582 1195 quod

1998 1219 2033 1273 ii
2065 1219 2160 1288 qui
2192 1218 2406 1273 caeteris
2459 1219 2726 1290 dignitate
2783 1220 3214 1290 praeeminebant
3269 1218 3495 1278 fuerunt
3526 1222 3582 1272 in

2000 1309 2181 1364 medio
2219 1312 2568 1379 populorum,
2608 1321 2666 1365 ut
2699 1313 2982 1382 apostolos
3034 1312 3416 1376 excluderent,
3485 1314 3586 1370 hoc

1998 1410 2103 1469 est,
2125 1413 2186 1456 ut
2222 1404 2553 1474 impedirent
2597 1419 2691 1460 eos
2722 1419 2750 1458 a
2783 1407 3178 1474 praedicatione
3206 1409 3356 1462 verbi
3386 1428 3400 1472 ;
3454 1425 3588 1479 apo—

1998 1495 2170 1549 stolos
2187 1495 2312 1549 dico
2329 1497 2421 1566 qui
2442 1507 2687 1567 argento,
2713 1497 2814 1551 hoc
2833 1509 2939 1563 est,
2968 1499 3139 1568 quiin
3162 1499 3265 1553 ﬁde
3283 1501 3590 1557 autvirtute

2001 1587 2216 1655 probati
2250 1597 2398 1642 sunt.
2443 1587 2700 1656 Legimus
2742 1589 2890 1645 enim
2940 1590 2992 1643 in
3025 1589 3204 1654 Actis,
3259 1593 3406 1660 quod
3458 1609 3586 1648 cum

2001 1679 2280 1749 principes
2345 1682 2691 1735 sacerdotum
2742 1689 2794 1734 et
2825 1681 3073 1736 seniores
3115 1692 3409 1739 vocassent
3453 1699 3587 1754 apo-

2003 1771 2199 1833 stolos,
2238 1781 2293 1827 et
2316 1773 2644 1827 verberibus
2676 1773 3360 1845 caecidissent,jusscrnnt
3405 1791 3473 1831 ne
3499 1777 3586 1830 lo-

296 1873 608 1930 querentur
637 1861 692 1915 in
732 1860 955 1916 nomine
979 1859 1109 1916 Jesu
1147 1860 1212 1914 ⁶¹.
1256 1860 1488 1931 Argento
1517 1869 1700 1916 autem
1760 1862 2022 1932 probatos
2052 1865 2225 1933 dixit,
2287 1881 2407 1936 pro,
2450 1870 2709 1935 probatos
2775 1877 3036 1938 tanquam
3095 1881 3420 1939 argentum;
3499 1885 3587 1930 est

291 1959 446 2012 enim
482 1956 772 2013 chraicaa
805 1957 1007 2029 linguae
1041 1957 1329 2028 proprium
1374 1958 1599 2013 idioma.
1629 1957 1723 2014 Vel
1773 1960 2244 2034 subintelligendo
2268 1963 2569 2019 dictionem
2637 1964 2795 2032 quasi
2845 1964 2952 2019 alia
3017 1975 3197 2036 potest
3263 1968 3417 2023 reddi
3470 1969 3586 2025 lec-
3625 1981 3630 1986 ·

293 2056 396 2118 tio,
429 2062 489 2106 ut
521 2053 595 2107 sit
625 2071 638 2106 :
671 2052 774 2118 Qui
806 2053 1019 2132 probati
1055 2063 1207 2116 sunt,
1235 2054 1393 2124 quasi
1433 2065 1743 2125 argentum.

360 2150 818 2217 Διασκόρπισον
839 2149 983 2216 ἔθνη
1012 2151 1082 2204 τὰ
1105 2150 1250 2216 τοὺς
1269 2150 1578 2220 πολέμους
1602 2152 1881 2209 θέλοντα.

2067 2155 2282 2218 Dissipa
2341 2162 2519 2221 gentes
2571 2167 2688 2222 qua:
2732 2148 2867 2203 bella
2917 2149 3117 2203 colunt.
3181 2148 3583 2211 lntellectuales

293 2244 402 2297 Καὶ
431 2242 504 2294 τὰ
533 2242 728 2311 νοητὰ,
767 2245 862 2294 καὶ
881 2240 949 2293 τὰ
979 2241 1234 2311 αἰσθητά.

363 2335 633 2399 Ἵιξυυσι
688 2335 976 2402 πρέσϐεις
1023 2335 1092 2399 ἐξ
1122 2336 1450 2402 Αἰγύπτου.
1487 2338 1763 2406 Αἴγυπτόν
1795 2356 1888 2409 μοι

305 2429 406 2480 νόει
435 2430 625 2481 πᾶσαν
655 2429 758 2497 γῆν
792 2427 902 2480 τῶν
937 2427 1131 2494 ὲο·.ὦν,
1160 2429 1293 2499 ὅσης
1319 2430 1604 2502 ἐκυρίευεν
1634 2431 1662 2483 ὁ
1697 2433 1888 2502 νοητὸς

299 2518 496 2588 Φαραὼ
541 2518 812 2584 διάϐολος,
865 2520 960 2588 de)"
989 2513 1055 2592 ἧς
1085 2520 1266 2591 πάσης
1309 2521 1463 2591 ἥξειν
1490 2523 1627 2592 πρὸς
1650 2521 1887 2590 Χριστὸν

294 2617 521 2672 τιστοϋς
559 2611 918 2682 προφητεύει,
969 2613 1382 2684 πρεσϐεύοντας
1431 2615 1576 2686 ὑπὲρ
1616 2618 1740 2671 ὅλου
1793 2617 1887 2670 τοῦ

295 2704 506 2774 κόσμου
537 2705 742 2768 παντός
752 2744 764 2756 .

367 2797 650 2851 Αἰθιοπία
670 2797 1017 2868 προφθάσει
1035 2798 1206 2868 χεῖρα
1239 2801 1433 2866 αὺττῆς
1454 2801 1534 2867 τῷ
1565 2802 1708 2856 Θεῷ.
1741 2807 1887 2871 Upo-

285 2886 538 2957 φθάσει,
568 2889 692 2942 ἀντὶ
719 2889 838 2956 τοῦ,
875 2890 1093 2958 φθάσει,
1145 2894 1172 2946 ὅ
1219 2895 1393 2959 ἐστιν,
1422 2896 1636 2952 εκτενεί
1660 2911 1673 2924 ·
1706 2896 1734 2947 ὁ
1776 2897 1888 2967 γὰρ

295 2982 524 3050 φθάνων
549 2983 811 3037 ἐκτείνων
843 2983 943 3054 τὴν
969 2987 1150 3056 χεῖρα,
1183 2987 1377 3054 φθάνει
1406 2987 1466 3040 τὸ
1498 2989 1708 3059 nepeta.
1755 2987 1888 3042 Ἀπὸ

287 3071 391 3124 τοῦ
426 3072 700 3141 ἑπομένου
734 3071 916 3124 τοίνυν
969 3073 1032 3126 τὸ
1057 3074 1366 3144 ἡγούμενον
1401 3076 1698 3145 ἐσήμανεν.
1737 3074 1886 3138 Ἐξὲ·

286 3182 444 3217 τεινε
472 3163 582 3233 γὰρ
607 3165 686 3224 είς
730 3165 966 3235 Χριστὸν
1015 3165 1108 3219 τὸν
1148 3167 1465 3237 Κανδάκην,
1505 3168 1568 3219 ὃν.
1605 3168 1698 3220 καὶ
1728 3169 1886 3237 χεῖρα

289 3255 472 3322 αὐτῆς
515 3257 544 3306 ὁ
591 3253 749 3322 λόγος
808 3255 1100 3306 ἐκάλεσενο
1151 3257 1211 3308 ἐν
1249 3261 1314 3326 τῇ
1366 3256 1512 3328 χειρὶ
1559 3257 1668 3328 γὰρ
1715 3259 1746 3327 ἡ
1788 3255 1886 3309 τοῦ

287 3346 592 3418 ἀνθρώπου
622 3348 855 3418 δύναμις
876 3364 892 3378 ο
932 3349 1056 3402 ἐπεὶ
1088 3348 1182 3402 καὶ
1213 3354 1278 3420 τῇ
1314 3349 1606 3422 βασιλίσσῃ
1648 3350 1884 3418 παρεδεδ-

290 3441 547 3495 νάστευε.
585 3443 820 3511 Περιττή
859 3442 913 3494 δὲ
960 3445 992 3510 ἡ
1031 3443 1294 3512 πρόθεσις
1340 3443 1477 3513 (46).
1520 3444 1678 3506 Τινὲς
1706 3443 1764 3496 δὲ
1795 3444 1882 3495 λέ-

1992 2248 2253 2302 nimirnm
2291 2257 2345 2301 et
2374 2245 2668 2300 sensibiles
2693 2254 2905 2315 gentes.

2067 2338 2235 2393 Vens.
2262 2339 2352 2392 '52.
2370 2336 2581 2392 Venient
2603 2337 2764 2409 legati
2790 2355 2856 2392 ea:
2877 2339 3129 2411 ﬁgi/pta.
3155 2339 3258 2395 Per
3282 2343 3576 2414 Egyptum

1992 2449 2187 2489 omnes
2236 2433 2481 2502 gentium
2535 2433 2788 2502 regiones
2823 2434 3086 2504 iutellige,
3119 2438 3320 2504 quibus
3367 2439 3582 2494 iutcllca

1993 2523 2194 2579 ctualis
2230 2523 2443 2576 Pharao
2491 2523 2702 2576 dtemon
2741 2523 3080 2579 dominatur.
3121 2528 3193 2580 Ex
3246 2529 3342 2581 irae
3371 2532 3577 2584 etenim

1993 2611 2514 2684 {Egyptogvcnturos
2535 2628 2658 2668 esse
2689 2614 2934 2681 prtedieit
2962 2615 3150 2672 fideles
3175 2619 3240 2671 ad
3271 2617 3577 2682 Christum,

1996 2722 2094 2776 pro
2123 2715 2239 2760 toto
2266 2707 2399 2760 orbe
2425 2707 2849 2760 intercessuros.

2065 2793 2344 2864 ΛΞιΙιίορία
2370 2796 2649 2860 ρνιινυεηίει
2673 2811 2887 2848 manum
2927 2813 3077 2850 suam
3104 2795 3234 2853 Deo.
3263 2797 3577 2866 Prtetveniet,

1994 2883 2099 2939 hoc
2126 2892 2233 2948 est,
2270 2884 2566 2949 extendet;
2615 2899 2740 2937 nam
2769 2885 2862 2954 qui
2896 2901 3120 2941 manum
3145 2892 3411 2958 extendit,
3441 2907 3580 2962 prte-

1993 2977 2183 3031 vcuire
2249 2974 2659 3047 quodammodo
2726 2975 2860 3030 illud
2915 2978 3132 3033 videtur
3193 2981 3340 3051 quod
3389 2985 3578 3052 procul

1988 3070 2225 3139 jacebat.
2259 3070 2341 3124 Ab
2372 3085 2436 3125 eo
2475 3069 2637 3139 igitur
2657 3072 2802 3140 quod
2837 3076 3221 3143 consequitur,
3246 3078 3580 3146 signiﬁcavit

1992 3161 2043 3216 id
2082 3163 2226 3231 quod
2272 3161 2552 3230 praecedit.
2605 3161 2863 3216 Extendit
2889 3170 3072 3218 autem
3107 3163 3394 3238 IEtltinpia
3424 3168 3572 3224 Can-

1992 3257 2185 3309 dacem
2225 3255 2404 3316 illum,
2447 3268 2610 3320 quem
2646 3269 2872 3309 manum
2920 3271 3067 3311 nunc
3095 3260 3361 3327 prepheta
3387 3264 3581 3331 appel-

1991 3349 2091 3410 lat,
2134 3348 2300 3402 veluti
2361 3352 2644 3415 potentem
2698 3347 2844 3401 inter
2891 3348 3199 3420 Ethiopcs.
3250 3350 3344 3406 Vis
3374 3357 3577 3408 ctenim

1996 3458 2060 3497 ac
2089 3441 2520 3498 robnrhominis
2551 3441 2604 3494 in
2633 3456 2796 3495 manu
2829 3444 3180 3512 potissimum
3207 3447 3574 3516 dignoscitur.

299 3551 462 3601 γουσι
489 3535 578 3586 διὰ
602 3534 699 3603 μὲν
731 3535 830 3602 τῆς
859 3533 1138 3602 Αἰγύπτου
1189 3536 1371 3588 πᾶσαν
1405 3536 1506 3606 γῆν
1539 3535 1834 3606 δηλοῦσθαι
1866 3552 1878 3566 ·

1993 3538 2193 3593 Potens
2273 3545 2454 3590 autem
2535 3545 2655 3590 erat
2709 3537 2800 3591 ille
2867 3536 3195 3605 Candaces,
3258 3557 3382 3594 cum
3453 3554 3576 3610 post

296 3628 477 3695 πάσης
510 3630 617 3694 γὰρ
666 3628 768 3696 γῆς
832 3627 861 3678 ὁ
904 3629 1090 3697 νοητὸς
1135 3625 1339 3696 Φαραὼ
1377 3627 1698 3699 κεκράτηκε
1727 3644 1742 3658 ο
1793 3629 1881 3681 διὶ

293 3719 348 3772 δὲ
380 3721 480 3788 τῆς
510 3719 804 3783 Αἰθιοπίας
852 3719 954 3774 καὶ
983 3721 1125 3774 αὐτὰ
1147 3724 1216 3774 τὰ
1261 3720 1357 3774 τοῦ
1405 3720 1614 3792 κόσμου
1647 3722 1879 3792 πέρατα·

290 3811 518 3881 ἔσχατοι
565 3813 674 3884 γὰρ
721 3813 944 3866 πάντων
995 3812 1324 3884 ἀνθρώπων,
1350 3815 1402 3874 oi
1430 3817 1487 3866 ὲν
1518 3815 1753 3886 ἀνατολῇ
1790 3817 1884 3868 uati.

291 3908 449 3959 δύσει
485 3908 745 3970 Αἰθίοπες
786 3947 800 3962 .
857 3909 1339 3975 Μνησθήσονται
1398 3911 1528 3977 γὰρ,
1577 3911 1733 3980 φησὶ,
1783 3910 1881 3966 καί

289 4001 854 4070 ἐπιστραφήσονται
883 4004 1034 4069 πρὸς
1059 4002 1282 4069 Κύριον
1321 4000 1522 4054 πάντα
1555 4001 1631 4054 τὰ
1654 4003 1882 4067 πέρατα

291 4091 404 4160 τῆς
434 4091 542 4161 γῆς
569 4109 581 4120 ·
612 4092 846 4146 ἐνταῦθα
884 4093 941 4145 δὲ
976 4093 1060 4157 τὸ,
1097 4091 1437 4161 amca-addam
1466 4091 1654 4160 χεῖρα,
1691 4092 1882 4154 ἁπλῶς

293 4182 670 4253 λαμϐάνομεν,
721 4185 842 4237 ἀντὶ
894 4184 1013 4250 τοῦ,
1078 4186 1324 4239 Ἐκτενεῖ
1359 4187 1457 4248 τὰς
1506 4188 1692 4256 χεῖρας
1717 4188 1774 4239 ὲν
1804 4186 1880 4255 τῷ

287 4275 548 4345 ιῦχεσθαι
577 4279 714 4348 πρὸς
741 4279 1002 4350 Χριστὸν,
1035 4279 1138 4349 ’ήδη
1183 4279 1546 4333 πιστεύσασα.

290 4373 530 4442 Etjuxta
563 4373 882 4442 hujusmodi
914 4374 1340 4443 expositionem,
1373 4373 1521 4444 quod
1593 4375 1672 4429 ait
1713 4393 1726 4430 ;

1994 3631 2236 3699 reginam
2273 3628 2326 3681 in
2353 3627 2584 3698 imperio
2603 3630 2812 3696 primus
2837 3628 3174 3698 haberetur;
3204 3641 3359 3686 vacat
3391 3643 3573 3688 autem

1991 3721 2333 3792 praepositio.
2363 3721 2548 3789 Aliqui
2582 3737 2678 3789 per
2701 3719 3002 3792 lEgyptum
3029 3724 3352 3778 universum
3385 3724 3581 3778 dicunt

1992 3816 2182 3869 urbem
2230 3813 2552 3884 signiﬁcari,
2605 3827 2674 3869 eo
2713 3819 2860 3884 quod
2909 3813 3302 3871 intellectualis
3365 3815 3580 3886 Pharao

1991 3909 2164 3961 tutius
2196 3907 2348 3961 orbis
2399 3907 2800 3971 dominaretur,
2835 3915 2890 3961 et
2925 3922 3020 3975 per
3053 3905 3392 3976 {Ethiopiam
3424 3889 3577 3980 ejus-

1993 3999 2117 4053 deni
2155 3999 2308 4052 orbis
2353 3996 2490 4050 ﬁnes
2524 3997 2804 4049 denotari.
2843 3995 2984 4049 Sunt
3013 3999 3158 4049 enim
3194 3997 3482 4067 xEtliiopes
3523 4001 3575 4054 iit

1991 4076 2124 4144 orbe
2174 4088 2423 4141 omnium
2477 4087 2763 4140 hominum
2815 4088 3073 4152 extremi,
3136 4089 3228 4157 qui
3284 4087 3568 4146 Orientem

1991 4181 2239 4236 incolunt
2256 4186 2309 4233 et
2328 4175 2703 4232 Occidentem.
2726 4175 3160 4232 Reminiscentnr
3181 4183 3344 4246 enim,
3372 4183 3578 4252 inquit,

1987 4287 2034 4328 et
2065 4280 2437 4327 convertentur
2462 4271 2531 4323 ad
2563 4270 2850 4323 Dominum
2882 4272 3108 4324 universi
3161 4273 3291 4334 ﬁnes
3323 4284 3477 4328 terra:
3505 4276 3570 4339 ⁸³,

1802 4371 2093 4427 Ρνιευεηὶει
2157 4384 2374 4421 manum
2444 4382 2619 4431 suam,
2658 4364 2986 4433 simpliciter
3023 4381 3086 4419 ac
3133 4365 3291 4435 juxta
3334 4367 3568 4422 litteram

289 4466 553 4535 intellige,
584 4463 733 4534 quod
770 4466 1052 4535 supplices
1083 4465 1152 4520 ad
1185 4464 1472 4522 Christum
1516 4481 1717 4522 manus
1764 4465 2028 4520 extendet
2056 4462 2239 4518 ﬁdelis
2263 4461 2475 4515 scilicet
2500 4460 2618 4528 jam
2649 4459 2864 4512 eﬁecta.

353 4561 427 4612 Αι
462 4558 781 4621 βασιλεῖαι
808 4557 922 4628 τῆς
958 4559 1070 4628 γῆς
1119 4560 1308 4628 ᾆσατε
1339 4560 1418 4626 τῷ
1453 4559 1596 4626 Θεῷ,
1639 4560 1878 4630 ’ψάλαῖε

293 4649 367 4716 τῷ
397 4653 613 4720 Κυρίῳ.
647 4652 820 4706 Τοῦτο
839 4653 949 4705 τῶν
981 4653 1338 4722 δηλωθέντων
1371 4654 1466 4706 δύο
1498 4653 1680 4725 ῥητῶν
1707 4656 1878 4723 ἐφειρ·

2069 4558 2233 4611 Vens.
2263 4555 2352 4611 55.
2379 4554 2563 4624 Regna
2609 4562 2788 4614 terra,
2819 4561 3037 4605 cantate
3065 4551 3194 4613 Deo,
3227 4553 3445 4621 psallite
3471 4553 3572 4607 Do-

1989 4654 2154 4704 mino.
2195 4649 2294 4704 llic
2319 4650 2629 4704 versiculus
2657 4649 2723 4700 ad
2750 4647 2986 4700 duorum
3019 4647 3446 4717 praecedentium
3482 4653 3576 4703 de-

290 4743 645 4808 μηνευτικὸν,
685 4740 996 4805 καθολικῶς
1045 4744 1216 4795 πᾶσιν
1265 4745 1478 4797 ἔθνεσιν
1506 4744 1872 4814 ἐγκελευόμεο

1992 4744 2351 4799 clarationem
2384 4741 2762 4810 consequitur.
2799 4737 3100 4794 Universas
3131 4742 3336 4795 etenim
3369 4755 3566 4812 gentes

285 4850 373 4886 νον
401 4835 551 4904 ᾄδειν
578 4834 673 4887 καὶ
705 4834 938 4904 ψάλλειν·
957 4837 1199 4906 Χριστῷ.

354 4926 444 4990 Τῷ
467 4927 846 4995 ἐπιϐεϐηκότι
890 4929 988 4981 ἐπί
1029 4931 1136 4981 τὸν
1170 4932 1437 4996 οὐρανον
1474 4934 1582 4983 τοῦ
1613 4930 1876 4998 οὐρανοῦ

276 5020 436 5074 κατὰ
482 5021 812 5087 ἀνατολάς.
843 5022 932 5093 Τῷ
970 5023 1342 5094 ἀναϐεὕηκότι
1381 5025 1462 5087 εἰς
1506 5024 1598 5077 τὸν
1647 5024 1877 5093 οὐρανὸν

275 5113 523 5186 οὐρανοῦ
585 5117 644 5167 ὲν
697 5116 988 5178 ἀνατολαῖς
1013 5157 1029 5179 ,
1072 5117 1251 5168 εῖτουν
1300 5116 1554 5185 φανερῶς
1580 5131 1595 5147 ο
1630 5115 1877 5168 κάτωθεν

274 5208 543 5277 ὁρώντων
603 5209 928 5261 ἀποστόλων
960 5250 974 5271 ,
1024 5210 1234 5263 ἄνωθεν
1290 5212 1345 5264 δὲ
1407 5208 1517 5262 τῶν
1561 5209 1874 5278 ἀσωμάτων

269 5300 586 5373 δυνάμεων.
628 5302 724 5353 Ἐκ
746 5303 847 5370 μὲν
872 5305 978 5371 γὰρ
997 5302 1090 5355 τοῦ
1113 5303 1352 5374 οὐρανοῦ
1375 5303 1512 5372 πρὸς
1545 5302 1650 5370 γῆν
1678 5301 1873 5353 κατελ-

271 5394 428 5459 θὼν,
466 5394 526 5444 ὲν
556 5393 741 5446 δύσεσι
773 5394 1067 5463 κατῆλθεν,
1100 5397 1128 5448 ὃ
1163 5399 1313 5450 ἐστιν
1355 5393 1582 5463 ἀφανῶς
1607 5411 1619 5423 ·
1660 5394 1870 5454 πάντας

389 5537 435 5568 ⁶¹
464 5539 583 5592 Act.
617 5554 689 5602 iv,
721 5537 806 5593 18.
887 5538 930 5570 “
961 5539 1104 5594 Psal.
1132 5555 1245 5605 xxi,
1278 5538 1368 5592 28.

1988 4837 2303 4906 promiscue
2328 4849 2530 4888 canere
2559 4832 2781 4887 Christo
2808 4831 2983 4900 jubet,
3017 4843 3068 4886 et
3103 4834 3358 4900 psallere.

2057 4927 2225 4985 Vitis.
2268 4927 2356 4981 54.
2399 4927 2506 4992 Qui
2567 4927 2821 4980 ascendet
2877 4940 3036 4993 super
3086 4927 3276 4982 etclam
3340 4931 3458 4982 caeli
3517 4931 3571 4981 in

1989 5021 2283 5077 Orientem.
2319 5021 2422 5087 Qui
2455 5020 2706 5074 ascendit
2734 5020 2787 5072 in
2820 5021 3018 5075 caelum
3047 5021 3100 5073 in
3134 5019 3436 5084 Orientem,
3468 5022 3570 5072 huc

1985 5123 2094 5177 est,
2167 5113 2350 5183 palam
2415 5127 2480 5167 ac
2543 5111 2862 5178 manifeste,
2930 5111 3188 5167 omnibus
3253 5112 3568 5166 videntibus

1977 5207 2274 5275 apostolis,
2298 5205 2393 5275 qui
2441 5204 2496 5258 in
2533 5213 2680 5259 terra
2736 5215 2918 5271 erant,
2947 5215 3002 5258 et
3052 5202 3370 5257 videntibus
3398 5206 3565 5257 etiam

1987 5300 2250 5354 omnibus
2279 5298 2624 5368 incnrporeis
2655 5297 2976 5367 angelorum
3006 5294 3324 5348 ordinibus.
3354 5293 3393 5346 E
3426 5295 3569 5348 etelo

1983 5395 2188 5449 etenim
2225 5393 2570 5448 descendens
2622 5392 2679 5446 in
2733 5399 2962 5456 terram,
2998 5386 3286 5442 descendit
3319 5387 3370 5440 in
3402 5389 3566 5439 Occi-

1615 5632 1822 5695 Varize
1859 5630 2194 5694 lectiones.

351 5737 469 5812 (46)
503 5737 772 5794 Nimirum
827 5740 955 5811 πρὸ,
1018 5743 1071 5796 in
1141 5741 1308 5796 verbo
1367 5739 1865 5812 npo'pﬁa'tcstzqttre

273 5809 507 5880 quidem
547 5813 712 5865 verba
766 5809 881 5865 non
917 5812 1182 5867 videntur
1215 5813 1338 5867 loco
1371 5809 1472 5865 suo
1519 5809 1716 5878 posita.
1759 5809 1864 5861 Re.

270 5883 427 5935 ctius
479 5881 636 5935 initio
685 5884 874 5936 statim
939 5893 1064 5948 post
1125 5883 1482 5946 versiculum,
1536 5890 1629 5935 aut
1678 5881 1862 5950 potius

628 5978 912 6062 Βιτῐιοι..
958 5978 1068 6036 Gtt.
1110 5977 1430 6038 CXXVIII.

1751 6060 1929 6084 ._...._..:1

1979 5733 2552 5876 litecﬁanitnadversio,
2583 5741 2638 5783 ut
2675 5740 2726 5783 (ἰ
2761 5733 2878 5784 aliae
2915 5727 3254 5799 hujusuiodi,
3308 5743 3432 5786 vere
3467 5743 3565 5780 πε-

1979 5823 2096 5876 ρῑττ
2143 5844 2155 5856 .

1977 5823 2155 5876 ρῑττη.

3081 5957 3158 6016 22
