4064 6426
394 353 505 421 683

1614 346 1995 406 EUTiIYMll
2032 342 2396 404 ZlGABENI

3576 331 3697 396 684*

397 473 638 534 dentem,
676 468 779 522 hoc
825 479 930 529 est,
965 464 1105 519 claui
1167 470 1223 518 et
1278 461 1512 515 latenter
1563 460 1634 515 ab
1686 462 2011 521 οιιιιιίιιιιε,,

2104 479 2283 537 .αθὼν.
2340 476 2821 548 ὲπικρυπτομὲνηξ
2851 473 3109 547 aegr-1n»;
3130 522 3133 523 ,
3154 472 3255 542 τῆς
3280 470 3542 541 θεότητος
3570 486 3584 499 ·
3615 470 3683 522 ὲκ

397 566 690 632 velataque
718 570 774 615 et
808 558 1026 613 obtecta
1061 553 1324 610 ineﬂ'ab'tli
1361 553 1603 623 quodam
1631 557 1795 605 modo
1824 552 1976 605 illius

397 655 703 713 divinitate.
739 651 1061 707 Ascendens
1094 663 1222 702 vero
1252 664 1283 702 e
1313 660 1465 702 terra
1496 649 1553 701 in
1613 648 1838 709 uelum,
1883 660 1978 713 pa-

399 751 509 803 lam
556 744 843 803 ascendit:
880 753 933 798 et
982 742 1086 796 hoc
1129 752 1236 806 est,
1282 739 1427 810 quod
1464 739 1542 794 ait
1577 738 1897 795 ascendisse
1926 736 1980 789 in

399 843 705 896 Orientem.
741 836 847 893 Alii
882 835 1007 890 ideo
1044 833 1260 889 dictum
1293 847 1422 887 esse
1454 839 1653 902 putant
1702 830 1761 883 in
1801 827 1988 883 Orien-

402 942 524 991 tem,
554 927 682 997 quia
699 924 964 981 Christus
985 923 1038 976 in
1064 918 1333 977 Orientali
1359 917 1667 975 Jerusalem
1690 932 1788 973 ora
1811 925 1982 981 esset,

397 1022 619 1093 quando
652 1020 708 1074 in
751 1019 958 1073 etelum
988 1022 1314 1084 assumptus
1340 1020 1453 1068 est.
1499 1015 1579 1066 lta
1611 1011 1758 1065 enim
1797 1010 1985 1079 jacere

401 1115 594 1169 dicunt
651 1111 718 1165 ad
765 1108 1073 1165 Jerusalem
1120 1117 1359 1161 montem
1414 1105 1719 1160 Olivarnm.
1768 1103 1981 1157 Caelum

402 1220 538 1262 vero
582 1204 711 1258 caeli
769 1201 905 1257 illud
946 1200 1210 1270 appellat,
1245 1197 1395 1268 quod
1450 1205 1538 1250 est
1588 1211 1753 1266 supra
1801 1196 1987 1248 ﬁrma-

404 1308 673 1357 mentum,
702 1293 955 1365 quodque
994 1300 1124 1347 ante
1148 1304 1342 1345 omnes
1365 1289 1504 1343 alios
1533 1288 1704 1345 cmlos
1735 1296 1984 1341 creatum

404 1399 527 1453 est;
560 1387 694 1443 illud
739 1386 884 1442 enim
932 1384 1264 1439 ﬁrmamenti
1314 1381 1515 1437 cretum
1565 1382 1793 1434 dicitur.
1848 1379 1985 1432 Nam

409 1497 507 1551 per
536 1482 939 1534 lirmamentum
974 1486 1224 1533 nostrum
1257 1474 1462 1528 coelum
1502 1471 1888 1542 intelligimus.

480 1571 612 1624 Ecce
639 1570 791 1622 dabit
841 1571 949 1622 uoci
990 1583 1101 1621 sua:
1128 1581 1301 1620 vocem
1332 1566 1566 1619 virtutis.
1614 1561 1732 1618 Vox
1780 1562 1987 1619 Christi

407 1665 639 1734 apostoli
693 1673 847 1727 sunt,
901 1662 994 1731 qui
1059 1659 1264 1713 Christi
1321 1660 1627 1726 loquuntur
1674 1672 1985 1711 sermones.

405 1755 502 1811 llis
529 1755 698 1825 ig.tur
734 1756 788 1808 in
823 1754 913 1808 die
944 1752 1305 1807 Pentecostes
1336 1759 1593 1806 sanctum
1626 1748 1776 1803 dedit
1807 1749 1984 1817 Spiri-

2093 571 2148 622 δὲ
2173 571 2273 638 τῆς
2286 573 2389 638 γῆς
2412 570 2494 629 εις
2522 568 2583 620 ού
2594 564 3035 636 ρανδνηὰνελθὼν,
3060 564 3118 615 ὲν
3139 562 3430 624 ἀνατολαῖς
3453 559 3681 623 evntes-

2095 663 2254 715 τοῦτο
2288 663 2397 730 γὰρ
2421 661 2574 731 δηλοῖ
2602 661 2690 722 τὸ,
2724 664 2877 713 κατὰ
2912 656 3241 722 ἀνατολάς.
3268 654 3426 718 Τινὲς
3459 655 3518 708 δέ
3547 671 3684 723 φασι

2095 756 2157 806 τὸ
2182 757 2328 807 κατὰ
2355 752 2626 815 ἀνατολὰς
2653 750 2933 822 εἰρῆσθαι,
2961 749 3048 802 διὰ
3078 749 3170 801 τοῦ
3199 752 3264 802 ἐκ
3296 747 3391 799 τοῦ
3432 745 3688 800 ἀνατολι-

2099 847 2349 916 κωτὲρου
2392 842 2592 914 μέρους
2616 842 2718 912 τῆς
2763 841 3118 911 Ἰερουσαλὴμ
3157 836 3538 907 ἀναληφθῆναι
3593 836 3686 888 τὸν

2099 937 2327 1007 Κύριον.
2350 935 2510 989 Οὕτω
2529 935 2640 1004 γὰρ
2663 938 2842 987 κεῖται
2863 935 2923 986 τὸ
2939 933 3064 1003 ὅρος
3087 932 3197 985 τῶν
3232 931 3482 984 Ἐλαιῶν.
3503 929 3686 996 Οὐρα-

2099 1029 2189 1081 νὸν
2235 1027 2288 1079 δὲ
2330 1026 2561 1096 ούρανοῦ
2587 1027 2681 1081 τὸν
2708 1025 2848 1096 ὑπὲρ
2877 1025 2937 1077 τὸ
2955 1025 3246 1096 στερέωμα
3296 1022 3550 1091 οὐρανὸν,
3592 1020 3686 1072 τὸν

2099 1118 2205 1188 πρὸ
2238 1118 2463 1171 πάντων
2489 1118 2849 1189 παρηγμένον
2871 1117 3155 1184 ὠνόμασεν
3207 1116 3416 1172 ἐκεῖνος
3443 1113 3544 1183 μὲν
3573 1112 3686 1180 γὰρ

2099 1210 2193 1262 τοῦ
2246 1211 2633 1280 crepabunt—:4;
2702 1213 2853 1265 ἐστιν
2908 1211 3136 1279 ούρανές
3168 1224 3181 1238 ·
3211 1208 3273 1261 τὸ
3304 1207 3361 1259 δὲ
3393 1207 3687 1277 στερέωμα

2102 1306 2266 1359 πάλιν
2292 1305 2522 1374 οὐρανὸς
2550 1304 2731 1374 ἡμῶν.

2185 1575 2342 1629 Ἰδοὺ
2367 1574 2549 1629 δώσει
2584 1574 2656 1644 τῇ
2694 1576 2866 1645 φωνῇ
2893 1575 3081 1631 αὐτοῦ
3111 1575 3327 1645 φωνὴν
3352 1576 3686 1643 δυνάμεως.

2101 1667 2257 1740 Φωνὴ
2289 1668 2387 1721 τοῦ
2431 1669 2673 1741 Χριστοῦ
2728 1670 2781 1721 οἱ
2834 1670 3131 1722 ἀπόστολοι
3157 1688 3169 1698 ·
3217 1663 3307 1721 οἷα
3336 1668 3463 1738 τοὺς
3493 1667 3689 1731 λόγους

2103 1760 2270 1814 αὐτοῦ
2300 1762 2588 1826 λαλοῦντες
2619 1778 2633 1792 ⁸
2692 1762 2903 1825 τούτοις
2943 1761 3038 1814 οὖν
3069 1762 3237 1813 ἔδωκε
3270 1760 3330 1813 τὸ
3370 1759 3594 1828 Πνεῦμα
3627 1759 3690 1810 τ’)

408 1824 735 1918 tum,quem
768 1846 875 1900 hoc
931 1846 1054 1898 loco
1111 1843 1310 1898 heatus
1341 1842 1513 1896 David
1540 1841 1766 1893 virtutis
1799 1854 1989 1893 vocem

2104 1857 2256 1922 ᾰγιον
2285 1859 2342 1910 ἐν
2374 1856 2452 1926 τῷ
2479 1854 2658 1927 καιρῷ
2676 1857 2774 1927 τῆς
2826 1856 3211 1926 Πεντηκοστῆς
3245 1872 3258 1884 ·
3278 1855 3311 1906 ὃ
3333 1852 3427 1905 νῦν
3456 1854 3689 1905 ἐκάλεσε

408 1941 668 2011 appellat,
696 1939 853 2008 juxta
883 1936 1031 2007 quod
1061 1934 1242 1990 Lucas
1271 1937 1369 2001 ait,
1394 1934 1542 2003 quod
1579 1933 1775 1987 Factus
1807 1942 1885 1986 est
1917 1949 1994 1986 re-

409 2043 560 2103 pente
608 2030 670 2085 de
698 2029 828 2083 cmlo
867 2043 1031 2081 sonus
1087 2036 1347 2096 tanquam
1393 2024 1720 2081 advenientis
1770 2024 1991 2090 spiritus

409 2125 724 2180 vehementis
771 2124 841 2176 ⁸³.
892 2121 1077 2176 Sonus
1120 2128 1309 2193 autem
1357 2118 1480 2173 voci
1524 2116 1843 2173 simillimus
1883 2123 1990 2172 est.

424 2216 649 2271 Virtutis
704 2230 834 2271 vero
884 2229 1060 2269 vocem
1108 2212 1273 2276 dixit,
1320 2212 1447 2283 quia
1483 2223 1537 2267 et
1565 2212 1685 2281 ipse
1723 2210 1995 2267 Dominus

411 2310 669 2363 virtutem
699 2322 825 2362 eum
846 2306 1170 2376 appellavit,
1207 2306 1402 2360 dicens
1433 2320 1450 2359 :
1486 2305 1663 2359 Donec
1688 2305 1995 2360 induamini

410 2403 658 2455 virtutem
687 2415 751 2453 ex
783 2399 895 2453 alto
925 2398 992 2453 “.
1028 2395 1121 2452 Vel
1155 2397 1337 2462 aliter,
1369 2412 1465 2466 per
1495 2412 1684 2453 vocem
1719 2397 1818 2453 Dei
1851 2414 1993 2468 pra:-

412 2507 696 2549 eursorem
736 2488 1006 2545 Joannem
1038 2489 1310 2558 intellige,
1342 2488 1409 2542 de
1459 2503 1572 2558 quo
1601 2489 1817 2543 dictum
1853 2500 1940 2543 est
1977 2498 1991 2544 :

414 2584 548 2639 Ecce
580 2584 732 2637 mitto
759 2581 1003 2652 angelum
1034 2596 1209 2634 meum
1231 2589 1355 2633 ante
1377 2579 1573 2649 [aciem
1608 2561 1758 2634 tuam
1786 2581 1867 2645 ‘5;
1896 2596 1996 2650 per

418 2692 607 2732 vocent
664 2690 794 2731 vero
842 2673 1086 2740 virtutis,
1141 2672 1323 2742 ipsum
1380 2671 1709 2741 Christum;
1750 2689 1817 2729 eo
1849 2674 1993 2742 quod

416 2780 537 2837 post
568 2766 844 2821 salutares
877 2763 1026 2818 illius
1057 2776 1341 2818 sermones
1407 2762 1596 2816 divina
1630 2763 1880 2833 quaedam
1914 2766 2000 2821 vis

414 2878 478 2917 ac
514 2862 686 2915 virtus
719 2858 1186 2927 consequebatur.
1220 2855 1358 2910 Nam
1388 2854 1555 2910 simul
1595 2870 1660 2911 ac
1687 2857 1897 2927 aliquid
1931 2860 2000 2915 ab

412 2969 479 3011 eo
509 2954 718 3011 dictum
750 2962 890 3017 erat,
922 2950 1109 3006 statim
1165 2950 1333 3005 etiam
1370 2962 1536 3018 opere
1568 2950 1992 3020 adimplehatur.

2101 1947 2289 2018 φωνὴν
2339 1946 2627 2017 δυνάμεως
2663 1949 2691 2000 ό
2731 1947 2896 1999 Δαϐἰδ
2928 1966 2942 2015 ς
2976 1947 3162 2017 φωνὴν
3204 1947 3327 2015 μὲν,
3366 1946 3504 1998 διότι
3555 1945 3690 2013 φησὶ

2098 2042 2346 2104 Λουκᾰςο
2373 2043 2487 2095 Καὶ
2517 2039 2756 2108 ἐγένετο
2783 2039 2951 2109 ἄφνω
2977 2040 3047 2119 ἐκ
3078 2039 3185 2093 τοῦ
3225 2038 3487 2106 οὐρανοῦ
3515 2034 3689 2109 ἦχος,

2098 2134 2303 2204 ὥσπερ
2340 2135 2681 2205 φερομένης
2703 2135 2916 2200 βιαίας
2955 2133 3167 2203 φωνῆς
3201 2150 3216 2166 ο
3248 2136 3276 2185 ὁ
3307 2132 3364 2186 δὲ.
3396 2127 3526 2203 ἦχος
3554 2133 3694 2186 πάιν⁴

2098 2251 2208 2296 τως
2242 2234 2429 2305 φωνή⁸
2468 2232 2753 2303 δυνάμεως
2788 2230 2867 2295 δὲ,
2901 2232 2984 2284 ὅτι
3017 2232 3111 2283 καὶ
3142 2234 3169 2283 ὁ
3200 2229 3407 2299 Κύριος
3455 2227 3695 2297 δύναμιν

2101 2325 2237 2379 αὐτὸ
2269 2327 2564 2395 κέκληκεν,
2595 2322 2787 2378 εἰπών·
2820 2324 2970 2388 Ἕως
3003 2322 3083 2378 ἂν
3114 2322 3464 2390 ἐνδύσησθε
3505 2320 3692 2374 δύνα-

2088 2434 2197 2486 μιν
2234 2416 2305 2481 ἐξ
2347 2416 2571 2485 ὕψους.
2603 2416 2675 2468 ’Ἡ
2692 2415 2786 2469 καὶ
2813 2414 3012 2477 ἄλλως,
3068 2415 3221 2483 φωνὴ
3251 2413 3354 2482 μὲν
3408 2410 3505 2465 τοῦ
3551 2411 3691 2464 Θεοῦ

2097 2513 2126 2564 ὁ
2177 2511 2489 2581 πρόδρομος
2556 2508 2851 2579 Ἰωάννηςο
2899 2508 3056 2579 Ἰδοὺ
3102 2508 3235 2578 γὰρ,
3293 2508 3482 2577 φησὶν,
3541 2507 3695 2560 ἀπο-

2097 2603 2338 2657 στέλλω
2356 2602 2464 2655 τὸν
2481 2601 2747 2671 ἄγγελόν
2771 2618 2886 2669 μου
2897 2600 3013 2669 πρὸ
3037 2599 3367 2668 προσώπου
3394 2614 3533 2653 σου.
3569 2600 3689 2650 Φω-

2108 2696 2175 2766 νὴ
2198 2696 2254 2748 δὲ
2289 2695 2573 2765 δυνάμεως
2609 2698 2636 2748 ὀ
2683 2695 2954 2766 Χριστός*
2988 2692 3063 2756 ὡς
3114 2695 3227 2756 τοῖς
3277 2693 3459 2760 λόγοις
3518 2691 3693 2743 αὑτοῦ

2111 2786 2619 2858 παρακολουθείσης
2653 2786 2801 2849 θείας
2868 2785 3175 2852 δυνάμεως.
3202 2783 3356 2850 Ἅμα
3385 2784 3495 2849 γὰρ
3514 2779 3690 2846 ἔλεγε,

2110 2882 2206 2935 καὶ
2227 2882 2344 2949 ἅμα
2376 2882 2619 2948 ἐγίνοντο
2644 2880 2713 2933 τὰ
2730 2878 2988 2948 θαύματα
3012 2877 3191 2944 (46⁸).

491 3043 659 3098 Vsus.
691 3042 782 3097 55.
830 3041 963 3095 L’ate
991 3040 1223 3111 gloriam
1271 3038 1408 3095 Deo.
1450 3039 1535 3094 Ad
1565 3039 1757 3097 ﬁdeles
1812 3061 2000 3105 sermo

2178 3059 2323 3113 Δότε
2368 3059 2560 3125 δόξαν
2592 3059 2675 3125 τῷ
2732 3058 2879 3123 Θεῷ.
2913 3058 3058 3129 Πρὸς
3092 3059 3216 3121 τοὺς
3253 3057 3612 3129 Χριστιανοὺς
3662 3058 3691 3109 ὁ

415 3148 518 3203 est,
558 3137 826 3191 mandans
856 3146 916 3189 ut
937 3134 1112 3188 Deum
1142 3133 1476 3204 gloriﬁcent,
1507 3135 1604 3203 qui
1647 3144 1855 3192 tantam
1891 3142 2000 3198 illis

417 3229 731 3298 ttupertitus
768 3239 852 3283 est
882 3226 1346 3281 misericordiam.

491 3322 661 3391 Super
685 3319 865 3375 Israel
888 3320 1290 3389 magniﬁcentia
1314 3320 1454 3389 ejus.
1474 3320 1770 3395 Magnalia,
1795 3325 2001 3397 inquit,

418 3418 513 3473 Dei
547 3419 614 3472 iis
642 3415 961 3469 hominibus
990 3413 1371 3479 innotescunt,
1398 3419 1492 3485 qui
1524 3416 1722 3470 divina:
1749 3429 2001 3473 content.

422 3511 653 3581 plntioni
713 3508 1049 3563 vacaverint.
1107 3505 1278 3563 lsrael
1342 3509 1546 3562 etenim
1604 3507 2004 3579 interpretatur

422 3622 566 3659 mens
606 3604 782 3657 videns
803 3600 1008 3668 Deum;
1041 3601 1132 3655 ille
1162 3617 1294 3657 vero
1318 3601 1411 3671 qui
1441 3600 1734 3659 all‘ectibus
1770 3618 1834 3659 ac
1876 3619 2006 3675 pas-

420 3698 673 3752 sionihus
704 3694 873 3749 fuerit
905 3694 1243 3759 obcaicatus,
1277 3694 1641 3764 contemplari
1665 3710 1775 3749 non
1800 3698 2007 3765 poterit

422 3799 651 3862 quanta
678 3803 744 3842 ac
799 3788 984 3858 qualia
1029 3788 1171 3842 Deus
1216 3787 1287 3841 ob
1333 3794 1583 3842 nostram
1617 3788 1688 3842 sit
1742 3800 2005 3858 operatus

419 3870 675 3940 saluiem.
717 3880 785 3934 Et
842 3879 990 3951 quod
1019 3880 1097 3934 ait
1144 3897 1158 3933 :
1211 3896 1369 3951 super
1416 3878 1618 3949 Israel,
1686 3882 1825 3938 dixit
1881 3900 2004 3955 pro,

420 3978 524 4047 ipsi
558 3973 745 4032 Israel.
809 3973 899 4029 Vel
931 3973 1134 4029 aliter:
1175 3972 1354 4046 Super
1390 3973 1632 4044 ﬁdelium
1677 3974 2004 4046 Ecclesiam,

422 4086 544 4143 quae
575 4082 760 4126 mente
794 4083 859 4125 ac
891 4069 1090 4139 spiritu
1135 4069 1421 4125 Christum
1460 4068 1635 4136 videt,
1664 4069 1805 4126 ﬁunt
1836 4072 2007 4127 mira-

421 4166 551 4221 bilia
584 4164 703 4230 Dei,
732 4178 972 4235 quorum
1002 4162 1472 4234 contemplatione
1504 4163 1671 4234 digna
1706 4178 1832 4220 esse
1862 4180 2009 4220 sem-

425 4274 521 4327 per
544 4265 861 4328 reputatur.

494 4352 562 4405 Et
607 4352 773 4406 virtus
807 4350 924 4420 ejus
957 4352 1012 4404 iu
1047 4349 1301 4403 nubibus.
1344 4347 1667 4408 Per.nubes
1715 4349 1806 4406 hic
1854 4350 2008 4420 ipsos

422 4449 588 4500 etiam
628 4444 911 4515 apostolos
936 4442 1220 4513 intelligit,
1265 4442 1435 4498 veluti
1467 4457 1637 4514 supra
1670 4445 2006 4500 exsistentes
2038 4431 2084 4488 Ῐ)

421 4549 592 4609 atque
622 4540 937 4593 eminentes
967 4552 996 4589 a
1031 4536 1276 4591 terrenis
1298 4538 1561 4606 negotiis,
1593 4552 1658 4591 ac
1686 4537 1854 4592 veluti
1886 4538 2006 4607 spi-

423 4631 611 4686 rituali
644 4646 787 4700 aqua
838 4632 1054 4700 plenos,
1088 4644 1254 4699 quam
1284 4644 1350 4684 ex
1388 4631 1568 4686 sancti
1603 4630 1845 4700 Spiritus
1878 4645 2008 4699 pro-

426 4726 616 4781 fundis
650 4726 977 4789 liauserunt,
1035 4733 1094 4778 ut
1128 4724 1438 4779 animarum
1475 4739 1607 4779 arva
1659 4737 1722 4778 ac
1755 4738 2003 4794 campos,

424 4820 531 4873 itm:
566 4830 671 4882 ρει..
704 4826 760 4873 ιιι
789 4821 939 4887 ipsos
974 4819 1269 4875 credentes
1301 4802 1618 4888 irrigat-ent.

494 4909 665 4966 Vens.
706 4912 796 4967 56.
835 4912 1104 4968 Mirabilis
1153 4915 1300 4969 Deus
1334 4916 1388 4967 in
1427 4910 1631 4966 sanctis
1686 4926 1817 4963 suis.
1866 4908 2005 4974 Soli,

419 5005 620 5074 inquit,
660 5008 835 5060 sancti
874 5004 1042 5059 Deum
1077 5006 1428 5059 admirantur
1467 5020 1480 5056 :
1519 5001 1688 5057 veluti
1739 5001 1834 5069 qui
1885 5016 2006 5056 ma-

418 5099 652 5170 gniﬁcas
683 5112 850 5168 atque
879 5098 1264 5168 amplissimas
1302 5097 1451 5151 illius
1488 5096 2007 5150 administrationes
2050 5078 2060 5089 ’

424 5191 528 5247 soli
554 5206 652 5261 pro
686 5191 856 5245 animi
886 5190 1153 5260 dignitate
1199 5191 1497 5257 concipere
1533 5203 1601 5241 ac
1633 5188 1970 5257 comprehen
1992 5220 2006 5231 -

420 5286 551 5340 dere
583 5285 817 5354 possint.
855 5283 1125 5337 Mirabilis
1152 5283 1317 5352 igitur
1343 5292 1507 5351 atque
1535 5282 1895 5336 admirandus
1922 5282 2006 5336 eis

379 5388 387 5395 '
419 5386 525 5432 est.

500 5556 545 5588 ιθ
571 5561 691 5609 Act.
730 5572 787 5619 ιι,
824 5557 880 5609 ‘2.

2105 3152 2285 3221 λόγος,
2324 3155 2776 3225 προτρεπόμενος
2816 3152 3062 3218 δοξάζειν
3105 3156 3196 3205 τὸν
3219 3152 3374 3216 Θεὸν,
3430 3152 3693 3218 τοιαύτης

2107 3244 2519 3316 φιλανθρωπίας
2553 3247 2908 3311 ἀξιωθέντας.

2178 3328 2315 3387 Ἐπὶ
2346 3336 2453 3386 τὸν
2506 3335 2756 3403 Ἰσραὴλ
2795 3335 2833 3403 ἡ
2859 3336 3346 3404 μεγαλοπρέπεια
3372 3333 3580 3388 αὐτοῦ.
3601 3333 3692 3403 Τῷ

2109 3423 2512 3497 θεωρικωτάτῳ
2546 3429 2703 3499 ἀνδρὶ
2748 3429 2816 3481 τὰ
2841 3428 3108 3499 μεγαλεῖα
3137 3428 3231 3481 τοῦ
3257 3426 3393 3482 Θεοῦ
3425 3429 3692 3498 γνωρίζειν

2106 3537 2220 3574 ται.
2261 3520 2478 3592 Ἰσραὴλ
2510 3522 2618 3593 γὰρ
2646 3522 3038 3594 ἑρμηνεύεται,
3067 3522 3216 3589 νοῦς
3244 3524 3402 3591 ὀρῶν
3432 3526 3593 3578 Θεόν.
3635 3524 3694 3574 '0

2112 3612 2219 3683 γὰρ
2253 3612 2557 3682 τυφλωθεὶς
2615 3617 2679 3667 ἐκ
2731 3614 2922 3669 παθῶν
2962 3614 3024 3668 οὐ
3063 3615 3289 3669 δύναται
3332 3616 3692 3686 κατανοῆσαι,

2110 3704 2212 3758 ὅσα
2236 3707 2331 3758 καὶ
2358 3701 2447 3759 οἷα
2476 3709 2503 3760 ὀ
2524 3707 2657 3770 Θεὸς
2675 3707 2765 3760 διὰ
2789 3708 2888 3777 τὴν
2906 3708 3187 3779 ἡμετέραν
3208 3709 3486 3778 σωτηρίαν
3518 3710 3692 3776 ἐπρα-

2113 3799 2483 3867 γματεύσατο.
2528 3799 2652 3852 Ἐπὶ
2709 3800 2815 3853 τὸν
2867 3801 3117 3868 Ἰσραίμὶ
3155 3799 3268 3864 οῦν,
3299 3802 3422 3853 ἀντὶ
3456 3801 3580 3864 τοῦ,
3615 3799 3695 3869 τῷ

2125 3891 2369 3962 Ἰσραήλ.
2406 3892 2505 3951 Ἢ,
2534 3893 2629 3945 καὶ
2686 3891 2886 3955 ἄλλως.
2926 3890 3053 3942 Ἐπὶ
3098 3890 3196 3960 τὴν
3245 3890 3546 3959 ἐκκλησίαν
3582 3890 3695 3941 τὼν

2112 3987 2346 4050 πιστῶν,
2401 3987 2525 4058 ἥτις
2585 3985 2789 4056 νοερῶς
2808 3986 2912 4056 ὁρᾷ
2936 3984 3028 4040 τὸν
3058 3984 3321 4055 Χριστὸν,
3363 3984 3575 4051 γίνεται
3625 3984 3696 4035 τὰ

2112 4077 2398 4148 θαυμάσια
2422 4079 2520 4134 τοῦ
2554 4079 2692 4133 Θεοῦ
2725 4097 2741 4113 ο
2767 4080 2861 4133 καὶ
2891 4077 3031 4149 αὕτη
3067 4078 3272 4132 τούτων
3301 4077 3548 4143 ἀξιοῦται
3606 4075 3695 4130 διὰ

2113 4190 2342 4237 παντος.

2183 4352 2293 4406 Καὶ
2320 4354 2358 4421 ἢ
2392 4351 2649 4421 δύναμις
2687 4349 2876 4406 αὐτοῦ
2902 4348 2973 4402 ἐν
3018 4347 3146 4413 ταῖς
3178 4347 3485 4416 νεφέλαις.
3517 4345 3700 4414 Νεφέ-

2109 4445 2205 4507 λας
2235 4443 2331 4496 νῦν
2389 4444 2543 4513 λέγει
2574 4443 2702 4508 τοὺς
2730 4442 3091 4509 ἀποστόλους,
3134 4441 3210 4504 ὡς
3257 4441 3697 4510 ὑπερκειμένους

2108 4536 2217 4590 τῶν
2270 4534 2487 4606 γεηρῶν
2518 4535 2902 4607 πραγμάτων,
2962 4536 3055 4587 καὶ
3092 4533 3560 4602 πεπληρωμένους
3598 4529 3695 4584 τοῦ

2111 4629 2491 4698 πνευματικοῦ
2550 4627 2765 4692 ὕδατος,
2809 4626 2960 4680 ὃτοῦ
2994 4625 3161 4697 βυθοῦ
3225 4625 3318 4678 τοῦ
3377 4624 3696 4694 ili/stipato;

2111 4722 2534 4787 ἀνελκύσαντες,
2566 4721 2635 4774 δι’
2670 4720 2839 4775 αὐτοῦ
2874 4723 2972 4784 τὰς
3009 4722 3249 4791 ψυχικὰς
3289 4720 3532 4790 ἀρούρας
3586 4718 3698 4769 τῶν

2112 4815 2485 4869 πιστευόντων
2513 4814 2874 4884 κατήρδευον.

2179 4910 2538 4977 Θαυμαστὸς
2590 4912 2621 4963 ό
2670 4910 2817 4972 Θεὸς
2866 4910 2936 4962 ἐν
2988 4908 3117 4974 τοῖς
3170 4907 3361 4977 ἁγίοις
3393 4903 3602 4960 αὐτοῦ.
3632 4904 3697 4955 υἱ

2114 5002 2284 5070 ἆγιοι,
2318 5001 2474 5072 φησὶ,
2514 5002 2666 5072 μόνοι
2698 5000 3043 5070 θαυμάζουσι
3069 4998 3164 5051 τὸν
3192 4998 3326 5051 Θεόν
3351 5012 3364 5026 ·
3399 4992 3489 5051 οἶα
3531 4996 3697 5048 δυνὰ-

2118 5113 2269 5166 μενοι
2345 5097 2630 5150 κατανοεῖν
2705 5096 2804 5157 τὰς
2876 5092 3319 5163 μεγαλοπρεπεῖς
3377 5091 3741 5160 οἰκονομέαςι

2113 5188 2281 5243 αὑτοῦ
2307 5206 2320 5220 ·
2365 5187 2676 5258 θαυμαστὸς
2701 5182 2795 5240 οῦν
2833 5184 3045 5249 τούτοις
3069 5184 3238 5239 ἐστίν.

968 5557 1012 5587 θλ
1038 5556 1171 5610 an.
1207 5572 1356 5620 xxiv,
1390 5557 1481 5612 49.
1546 5558 1589 5589 ⁸⁵
1620 5555 1852 5612 Malach.
1895 5571 1975 5620 ιιι,
2008 5554 2068 5612 i:
2111 5554 2305 5611 Matth.
2361 5570 2441 5621 χι,
2497 5554 2585 5608 10.

1743 5671 1944 5732 Variae
1978 5670 2306 5734 lectiones.

459 5760 471 5849 ς
494 5767 628 5840 (45’)
657 5769 857 5849 Diuisit
885 5771 1155 5849 ittlei‘pt‘ES
1181 5772 1247 5826 τὰ
1276 5772 1533 5849 θαύματα
1572 5773 1855 5849 miracula,
1881 5790 2001 5843 qua:

420 5841 529 5894 vim
586 5855 646 5893 ac
678 5841 939 5894 virtutem
978 5841 1218 5896 divinam
1256 5841 1559 5913 postulant.
1609 5841 1942 5901 Vcrtcndunt
1980 5864 1994 5899 :

2112 5777 2291 5830 Simul
2333 5773 2473 5832 enim
2525 5784 2573 5828 et
2632 5771 2862 5839 dicebat,
2910 5780 2957 5824 et
3014 5769 3275 5825 miracula
3327 5756 3722 5846 adintplebano;

2109 5859 2217 5901 (ιη’.
