4064 6458
421 412 521 481 691

1635 412 2023 475 EUTHYMII
2052 413 2420 478 ZIGABENI

3603 419 3715 486 692

422 534 531 590 tas,
562 539 829 596 aquarum
862 525 1060 591 instar,
1094 524 1354 581 facillime
1383 538 1579 582 omnes
1615 522 1871 590 sut’focat,
1908 524 2008 594 qui

2114 525 2183 579 τά
2232 525 2428 593 ὕδατα,
2475 526 2878 599 περιγενόμενα
2908 525 3002 581 τοῦ
3047 524 3320 598 σώματος,
3368 527 3579 600 ἥψαντο
3618 521 3715 588 κα¹ἱ

423 619 480 672 in
512 633 632 673 eam
664 617 982 674 inciderint.
1013 616 1344 688 Huiusmodi
1377 633 1558 689 aquae,
1597 617 1799 689 inquit,
1833 626 2008 672 totum

426 725 514 765 me
544 711 894 778 obtexerunt,
934 720 989 766 et
1017 711 1088 766 ad
1122 711 1300 782 ipsam
1331 727 1506 783 usque
1534 711 1776 767 animam
1812 726 2009 781 perve-

420 812 626 857 nerunt
651 820 666 858 :
703 817 815 873 quo
840 817 1099 860 sermone
1123 803 1338 859 doloris
1367 804 1456 859 sui
1482 802 1887 860 vehementiam
1917 801 2013 857 dc-

422 903 716 951 monstrat.

497 984 659 1050 Vens.
704 985 755 1039 5.
798 983 1014 1055 Inﬁxus
1048 1000 1167 1040 sum
1194 985 1249 1038 in
1279 983 1406 1038 timo
1427 982 1704 1054 profundi,
1728 991 1777 1036 et
1802 997 1907 1036 non
1930 993 2012 1036 est

416 1077 786 1134 subsistentia.
819 1078 1083 1146 Quaedam
1117 1078 1450 1148 exemplaria
1486 1078 1690 1133 habent
1718 1094 1734 1131 :
1793 1075 2008 1145 Inﬁxus

414 1187 533 1224 sum
566 1172 622 1226 in
645 1173 895 1226 materia.
920 1169 942 1244 [
963 1170 1166 1227 Graecae
1188 1172 1334 1227 enim
1355 1171 1627 1226 dictiones
1659 1170 1774 1233 ἰλὺς
1795 1178 1852 1224 et
1879 1169 2006 1239 ὕλη,

417 1278 654 1333 quarum
693 1263 846 1335 prior
897 1264 1106 1327 timum,
1161 1264 1334 1319 altera
1369 1263 1656 1317 materiam
1708 1260 2005 1332 significat,

418 1355 635 1411 modica
667 1366 723 1413 et
755 1356 1073 1412 litterarum
1120 1365 1175 1413 et
1219 1371 1416 1412 vocum
1453 1354 1766 1411 differentia
1802 1353 2005 1409 distin-

418 1456 686 1517 guuntur.
735 1447 1009 1517 Quocirca
1044 1450 1383 1516 scriptorum
1439 1449 1572 1504 vitio
1623 1447 1786 1503 facile
1831 1446 2008 1501 intro-

415 1540 582 1596 ducta
628 1552 713 1599 est
767 1543 1017 1599 lectionis
1092 1540 1383 1614 varietas.]
1450 1539 1652 1596 Verum
1732 1550 2012 1609 utcunque

2119 618 2294 689 αὐτῆς
2333 622 2433 691 τῆς
2461 621 2641 692 ψυχῆς
2683 638 2806 692 μου.
2859 620 3152 692 Ἐμφαίνει
3188 620 3246 676 δὲ
3277 620 3366 677 διὰ
3394 624 3587 677 τούτου
3612 623 3712 696 τὴν

2119 712 2460 786 σφοδρότητα
2492 715 2591 785 τῆς
2620 713 2938 786 ἀλγηδόνος.

2200 978 2545 1049 Ἐνεπὰγην
2571 981 2660 1047 είς
2682 981 2824 1035 ἰλὺν
2848 982 3070 1047 βυθοῦ,
3105 981 3205 1036 καὶ
3223 983 3336 1035 οὐκ
3358 981 3533 1036 ἔστιν
3557 983 3712 1037 {istd-

2112 1085 2354 1138 στασις.
2404 1073 2539 1128 Τινὰ
2578 1074 2690 1128 τῶν
2751 1076 3103 1145 ἀντιγράφων
3175 1075 3341 1144 ὕλην
3376 1074 3709 1145 γράφουσιν.

2118 1169 2279 1222 Ἔστι
2306 1170 2364 1222 δὲ
2399 1169 2493 1222 καὶ
2524 1171 2686 1223 τοῦτο
2721 1173 2947 1226 κάκεῖνο
2975 1174 3008 1242 ἡ
3046 1171 3379 1241 ὑποστάθμη
3411 1170 3504 1224 τοῦ
3537 1172 3595 1224 ὲν
3630 1170 3709 1240 τῷ

2117 1260 2265 1332 βυθῷ
2335 1262 2548 1325 ὓδατος.
2616 1264 3006 1334 Μεταφορικδς
3055 1264 3111 1316 δὲ
3167 1267 3195 1318 ὁ
3245 1263 3448 1329 λόγος·
3508 1258 3710 1332 οίγάρ

2114 1354 2535 1426 ὲμπηγνύμενοι
2557 1358 2624 1428 τῇ
2661 1356 2888 1428 τοιαύτῃ
2915 1356 3243 1429 ὑποστάθμῃ
3270 1356 3368 1426 οὐχ
3421 1354 3699 1423 εὑρίσκουο

2121 1464 2208 1500 σιν
2247 1448 2579 1515 ὑπόστασιν,
2630 1449 2811 1503 εἷτουν
2853 1449 3166 1521 ὲδραίωσιν,
3202 1450 3288 1503 ἀεὶ
3344 1445 3711 1520 συνιζανούσῃ

2119 1541 2211 1594 διὰ
2240 1541 2299 1594 τὸ
2321 1541 2520 1612 τέλμα.
3170 1540 3173 1543 ’
3448 1532 3453 1537 ’

415 1635 590 1706 legas,
624 1635 813 1694 fascem
864 1638 1012 1692 illam
1046 1635 1322 1708 Pmpheta
1359 1635 1739 1707 metaphorice
1786 1633 2101 1706 significare
2147 1634 2341 1700 voluit,
2393 1651 2515 1707 quae
2583 1637 2688 1692 sub
2765 1634 3044 1706 profundo
3105 1649 3260 1704 aqum
3330 1648 3454 1690 esse
3544 1632 3706 1688 solet.

415 1730 520 1796 Qui
553 1731 720 1801 igitur
759 1732 812 1786 in
846 1731 1167 1807 huiusmodi
1204 1729 1335 1786 faece
1375 1728 1529 1784 infixi
1615 1736 1764 1792 sunt,
1814 1727 2259 1796 subsistentiam,
2313 1730 2419 1784 hoc
2470 1739 2576 1793 est,
2642 1729 2996 1785 stabilitatem
3088 1728 3295 1783 nullam
3387 1728 3705 1793 inveniunt,

416 1829 536 1896 ipsa
569 1825 830 1882 nimirum
869 1826 1024 1892 fmce,
1079 1826 1152 1882 ob
1181 1838 1463 1882 caenosam
1498 1839 1564 1880 ae
1597 1822 1802 1878 fluxam
1856 1823 2003 1877 illam
2046 1824 2362 1890 materiam,
2393 1838 2610 1894 semper
2644 1824 2822 1894 magis
2856 1822 2999 1877 infra
3047 1837 3105 1876 se
3133 1821 3488 1877 considente.

500 1920 630 1976 Veni
681 1921 738 1974 in
782 1919 1055 1990 profunda
1093 1920 1285 1982 maris.
1331 1927 1381 1974 et
1446 1927 1732 1987 tempestas
1760 1918 2010 1973 demersit
2043 1928 2086 1983 Β

416 2028 520 2067 me.
546 2011 644 2066 llis
667 2011 845 2066 tribus
859 2012 1129 2081 proximis
1144 2010 1437 2067 versiculis
1455 2009 1707 2065 eamdem
1730 2008 2011 2080 Pmpbeta

418 2104 628 2176 ubique
648 2105 853 2174 repetit
877 2103 1232 2165 sententiam.
1254 2100 1654 2169 multiplicibus
1687 2100 2011 2169 absorptum

417 2214 480 2256 se
498 2214 625 2255 esse
643 2213 902 2255 asserens
926 2197 1354 2263 calamitatibus,
1375 2209 1515 2267 quas
1545 2194 1709 2249 variis
1737 2193 2017 2263 explicare

415 2299 657 2346 conatur
713 2289 1069 2345 nominibus:
1121 2303 1297 2359 aquas
1364 2287 1544 2356 primo
1582 2300 1677 2343 eas
1710 2284 2014 2356 appellans,

412 2399 482 2438 eo
528 2385 675 2455 quod
726 2384 933 2455 impetu
987 2385 1223 2454 quodam
1251 2395 1409 2452 aqum
1460 2383 1638 2436 instar
1678 2378 1925 2434 deﬂuunt
1963 2385 2019 2433 et

415 2475 731 2543 suﬂocant;
784 2476 984 2531 deinde
1009 2475 1225 2540 glimum
1256 2472 1536 2543 profundi,
1566 2480 1788 2542 propter
1825 2469 2013 2525 inlini-

2188 1913 2425 1974 ’Πλθον
2455 1925 2545 1983 είς
2578 1917 2651 1972 τὰ
2673 1919 2839 1988 βάθη
2865 1916 2977 1987 τῆς
3002 1915 3347 1984 θαλάσσης.
3376 1915 3473 1967 καὶ
3506 1929 3711 1968 καται-

2117 2010 2211 2081 ri;-
2240 1998 2649 2069 κατὲπόντισέ
2685 2031 2782 2085 με.
2817 2014 2880 2067 Oi
2926 2015 3079 2084 τρεῖς
3120 2005 3265 2067 οὗτοι
3296 2010 3469 2081 στίχοι
3493 2010 3555 2064 τὸ
3579 2011 3713 2064 αὖτό

2117 2105 2371 2174 λέγουσιν
2400 2122 2416 2136 ο
2468 2108 2550 2161 ὅτι
2584 2105 3042 2177 Κατεποντίσοην
3094 2103 3200 2157 ὑπὸ
3246 2102 3356 2157 τῶν
3388 2101 3710 2171 συμφορῶν,

2117 2193 2181 2255 ἃς
2213 2195 2484 2266 διαφόρως
2521 2196 2819 2267 ὠνόμασαν
2850 2215 2864 2231 ·
2909 2196 3078 2250 ὕδατα
3110 2195 3229 2265 μὲν,
3256 2194 3345 2249 διὰ
3370 2194 3432 2248 τὸ
3461 2195 3714 2264 ὲπιρῥεῖν

2119 2285 2214 2339 καὶ
2241 2286 2569 2352 ἀποπνίγειν
2602 2288 2717 2344 ἰλὺν
2750 2288 2939 2360 βυθοῦ,
2965 2287 3055 2343 διά
3083 2287 3145 2340 τδ
3174 2285 3481 2358 ἀπέραντον
3508 2299 3524 2315 ·
3557 2282 3701 2353 βάθη

2118 2378 2176 2432 δὲ
2198 2380 2500 2450 θαλάσσης,
2531 2383 2621 2438 διὰ
2649 2384 2710 2437 τὺ
2738 2383 2943 2454 πλῆθος
2970 2381 3070 2436 καὶ
3098 2380 3196 2453 τὴν
3225 2378 3474 2450 πικρίαν.
3498 2378 3715 2431 Καταιη

2122 2470 2250 2539 γίδα
2277 2473 2334 2527 δὲ
2368 2476 2527 2529 καλεῖ
2571 2475 2671 2547 τὴν
2696 2477 2905 2531 τούτων
2936 2474 3347 2550 σφοδρότητα.-

421 2576 620 2633 tatem;
661 2579 718 2623 et
748 2568 911 2623 tertio
943 2567 1214 2637 profunda
1248 2565 1439 2631 maris,
1471 2565 1543 2621 ob
1564 2564 1777 2633 copiam
1804 2574 1968 2633 atque
1993 2566 2417 2623 amaritudinem
2457 2584 2763 2640 aquarum;
2805 2578 3090 2641 postremo
3125 2570 3289 2624 etiam
3327 2575 3713 2640 tempestatem

415 2660 488 2716 oh
512 2674 784 2714 summam
814 2656 1127 2729 huiusmodi
1158 2656 1537 2713 calamitatum
1577 2654 2006 2711 vehementiam.

426 2786 431 2791 -
492 2749 656 2805 νειμ.
707 2750 762 2804 4.
814 2748 1082 2805 Laboravt
1135 2748 1401 2803 ctamans.
1458 2746 1730 2804 Clamans
1792 2746 2009 2802 scilicet

416 2844 483 2899 ad
517 2853 592 2900 te.

484 2936 681 2991 Raucae
710 2936 870 3007 factm
898 2945 1021 2990 sunt
1051 2933 1234 3005 fauces
1265 2946 1416 2988 mem.
1447 2930 1686 2987 Assidue
1716 2939 1882 3002 atque
1907 2928 1992 2986 in-

414 3038 575 3085 tenso
618 3029 861 3086 clamore
883 3027 1116 3084 effectus
1147 3041 1272 3082 sum
1302 3039 1532 3081 raucus.

489 3120 802 3191 Defecerunt
831 3119 974 3175 oculi
1001 3120 1123 3174 mei.
1158 3117 1392 3189 Fatigati
1425 3116 1685 3172 nimirum
1749 3130 1816 3171 ac
1845 3115 2004 3172 debi-

412 3218 497 3273 les
528 3215 707 3272 effecti
739 3216 870 3270 dum
914 3212 1107 3268 intenti
1138 3219 1192 3266 te
1225 3212 1536 3267 intuentur.

484 3309 626 3363 Dum
663 3324 815 3377 sper.»
877 3307 929 3361 in
992 3304 1162 3361 Deum
1203 3321 1399 3359 neeum.
1455 3303 1572 3360 Hoc
1619 3302 1753 3358 mihi
1803 3300 2009 3358 accidit

2194 2747 2531 2805 Ἐκοπιάσα
2565 2745 2814 2816 κράζων.
2839 2748 2983 2815 Πρὸς
3020 2746 3105 2807 σέ.

2194 2920 2634 2995 Ἐϐραγχίασέν
2666 2929 2698 2982 ὀ
2730 2926 2972 2999 λάρυγξ
2998 2946 3147 2999 μου.
3183 2928 3317 2983 Ἀπὸ
3339 2927 3434 2982 τοῦ
3462 2926 3713 2998 συνεχῶς

2109 3020 2203 3072 καὶ
2237 3020 2655 3091 ἐπιτεταμένως
2691 3018 2945 3091 κράζειν.

2198 3110 2520 3177 Ἐξέλιπον
2541 3115 2597 3167 οἱ
2619 3113 3068 3185 όφθαλμοίμου.
3089 3114 3712 3188 Ἀπέ,καμον,ὴτόνησαν

2116 3201 2321 3266 ἀτενῶς
2345 3202 2426 3265 είς
2457 3203 2516 3257 σὲ
2543 3204 2883 3275 ἀφορῶντες.

2200 3293 2346 3349 Ἀπὸ
2377 3297 2485 3350 τοῦ
2514 3296 2772 3359 ἐλπίζειν
2797 3314 2876 3367 με
2909 3299 3008 3353 ἐπὶ
3027 3299 3135 3354 τὸν
3173 3300 3324 3355 Θεόν
3344 3317 3485 3367 μου.
3529 3299 3710 3354 Τοῦτο

412 3406 544 3475 quia
570 3405 627 3460 in
658 3415 712 3460 te
743 3409 956 3459 tantum
992 3416 1177 3472 spero.
1208 3400 1255 3458 A
1285 3409 1337 3456 te
1376 3399 1725 3456 solummodo
1757 3414 1916 3470 opem
1955 3403 2009 3453 et

2114 3386 2169 3441 δὲ
2204 3387 2543 3442 πεπόνθασιν
2578 3389 2668 3443 διὰ
2688 3389 2750 3444 τὸ
2790 3390 3036 3456 ἐλπίζειν
3070 3409 3137 3462 με
3165 3395 3261 3447 ἐπὶ
3292 3393 3352 3446 οὲ
3394 3393 3578 3463 μόνον,
3609 3393 3709 3445 καὶ

412 3512 585 3568 posco
616 3503 673 3551 et
702 3503 969 3566 exspecto
989 3535 1005 3561 ,
1041 3502 1207 3562 atque
1243 3492 1367 3548 ideo
1398 3492 1644 3549 intentus
1677 3498 1730 3545 te
1758 3490 2002 3546 intueor.

486 3675 658 3732 Vens.
687 3674 742 3730 5.
780 3672 1129 3741 Multiplicati
1162 3682 1287 3730 sunt
1333 3688 1494 3741 super
1526 3670 1753 3739 capillos
1809 3671 2002 3739 capitis

414 3771 518 3825 mei
542 3770 630 3838 qui
649 3771 879 3824 oderunt
904 3786 985 3824 me
1007 3768 1177 3839 gratis
1219 3783 1239 3821 :
1269 3766 1606 3821 innatuerunt
1643 3765 1847 3821 inimici
1875 3764 2001 3829 mei,

411 3863 504 3934 qui
531 3871 922 3932 persequuntur
951 3878 1032 3916 me
1068 3860 1287 3931 injuste.
1324 3858 1389 3912 Et
1416 3857 1598 3923 multi,
1632 3857 1831 3927 inquit,
1871 3867 2003 3913 sunt

411 3968 468 4012 et
496 3964 774 4027 potentes,
806 3955 901 4024 qui
937 3959 1355 4026 persequuntur
1383 3965 1471 4007 me
1506 3991 1522 4016 ,
1578 3958 1634 4006 et
1679 3950 1798 4005 sine
1833 3962 2002 4005 causa

411 4042 650 4105 oderunt
682 4063 790 4103 me.

485 4138 617 4205 Quae
670 4155 773 4193 non
802 4138 994 4205 ‘rapui,
1030 4147 1154 4192 tunc
1211 4135 1566 4190 exsolvebam.
1598 4130 2004 4202 Metaphoricus

410 4243 497 4288 cst
537 4247 720 4288 sermo
751 4272 767 4298 ,
795 4230 1122 4301 dcsumplus
1158 4230 1229 4285 ab
1257 4230 1324 4285 iis
1353 4229 1442 4299 qui
1486 4242 1549 4281 ca
1603 4226 1840 4282 reddunt
1883 4237 2005 4294 quae

412 4340 697 4396 nunquam
733 4324 1115 4380 abstulerunt.
1142 4322 1209 4376 Et
1234 4336 1432 4378 sensus
1470 4328 1557 4376 est
1582 4361 1597 4386 ,
1627 4317 1773 4390 quod
1806 4332 1997 4373 earum

413 4432 600 4471 rerum
631 4430 801 4472 causa
832 4430 893 4471 se
923 4429 1113 4484 poenas
1149 4414 1280 4469 dare
1327 4413 1482 4480 dicit,
1511 4427 1612 4482 pro
1650 4409 1854 4480 quibus
1880 4408 2000 4478 ipse

2116 3479 2271 3551 παρὰ
2326 3480 2421 3533 σοῦ
2475 3481 2641 3551 μόνου
2691 3482 3000 3554 προσδοκᾷν
3047 3482 3328 3557 βοήθειαν,
3364 3487 3460 3539 καὶ
3509 3484 3710 3538 τούτου

2114 3572 2304 3628 ἕνεκεν
2335 3572 2510 3639 οὕτως
2544 3576 2748 3641 ἀτενῶς
2776 3578 2987 3649 ἀφορῶ.

2199 3667 2706 3738 Ἐπληθύνθησαν
2731 3671 2883 3738 ὑπὲρ
2915 3675 3022 3741 τὰς
3058 3674 3270 3744 τρίχας
3293 3673 3404 3743 τῆς
3432 3672 3708 3743 κεφαλῆς

2107 3778 2228 3830 μου
2255 3766 2310 3816 ot
2335 3764 2669 3833 μισοῦντές
2687 3784 2765 3833 με
2797 3765 3027 3836 δωρεάν
3053 3784 3067 3797 ⁸
3108 3769 3604 3839 ἐκραταιὼθησαν
3649 3772 3708 3823 οι

2106 3852 2314 3921 ἐχθροί
2326 3872 2468 3923 μου,
2505 3859 2562 3911 οἱ
2587 3856 2981 3926 ἐκδιώκοντές
3002 3878 3081 3931 με
3105 3862 3352 3929 ἀδίκως.
3378 3862 3488 3916 Καὶ
3519 3862 3706 3917 πολλοί

2105 3946 2235 4011 είσι,
2255 3945 2352 4001 καὶ
2373 3948 2628 4019 κραταιοί
2644 3966 2658 3980 ⁸
2679 3952 2727 4005 οί
2763 3951 3119 4017 ὲκδιώκοντες
3140 3954 3220 4021 δὲ,
3247 3956 3367 4011 ἀντὶ
3389 3955 3509 4020 τοῦ,
3529 3972 3705 4010 nata-

2106 4037 2420 4104 διώκοντες,
2467 4042 2670 4105 εῐτουν,
2702 4044 2994 4112 μισοῦντες
3025 4048 3306 4111 ἀναιτίως.

2187 4132 2258 4187 Ἀ
2287 4134 2402 4203 οὐχ
2437 4132 2728 4204 ἥρπαζον,
2750 4140 2885 4193 τότε
2901 4140 3288 4199 ἁπετίννυον.
3313 4142 3706 4213 Μεταφορικδς

2120 4226 2221 4296 μὲν
2249 4228 2278 4279 ό
2307 4226 2465 4295 λόγος
2489 4228 2597 4282 ἀπὸ
2623 4229 2756 4294 τῶν,
2787 4230 2824 4285 ἃ
2853 4233 2953 4303 οὐχ
2982 4233 3261 4305 ἥρπασαν,
3311 4236 3701 4294 ἀποδιδόντων.

2125 4316 2420 4386 Ἐμφαίνει
2483 4318 2543 4372 δὲ
2595 4320 2680 4373 ὅτι
2725 4321 2863 4393 Περὶ
2901 4315 2976 4376 ὧν
3018 4325 3120 4378 οὐκ
3170 4326 3430 4396 ἠδίκησα,
3492 4326 3703 4382 τούτων

2110 4408 2400 4465 ἀπεδίδουν
2433 4410 2592 4475 δίκας
2621 4414 2768 4477 τότε,
2804 4415 2968 4468 όπὸτε
3003 4418 3358 4489 ἀπαιτούμην
3391 4420 3582 4484 αὐτάς.

414 4494 725 4565 molestiam
758 4508 922 4562 alicui
970 4507 1210 4575 aliquam
1263 4520 1544 4576 nunquam
1594 4504 1878 4559 intulerat.
1936 4498 2003 4554 Et
2040 4504 2183 4571 quod
2226 4503 2349 4558 ait:
2388 4502 2536 4559 Tunc
2556 4506 2912 4573 “solvebam,
2950 4507 3016 4562 ad
3054 4509 3189 4564 illud
3275 4520 3487 4581 tempus
3554 4512 3703 4568 refe-

413 4601 643 4656 rendum
669 4611 775 4664 est,
810 4603 1037 4670 quando
1065 4613 1239 4669 [nenae
1269 4597 1588 4667 huiusmodi
1614 4596 1685 4651 ab
1719 4608 1787 4650 eo
1812 4592 2193 4664 exigebantur.

494 4699 656 4753 Vsus.
690 4696 743 4751 6.
789 4696 955 4765 Deus,
994 4705 1051 4751 tu
1096 4697 1238 4751 nosti
1282 4697 1646 4762 insipientiam
1705 4708 1902 4756 meam,
1950 4702 2000 4745 et
2033 4695 2078 4751 ι)

412 4792 610 4846 delicta
646 4805 760 4843 mea
792 4804 825 4843 α
863 4800 911 4844 te
942 4806 1046 4844 non
1077 4801 1202 4843 sunt
1228 4789 1564 4843 abscondita.
1616 4783 1697 4838 Tu
1724 4825 1738 4851 ,
1776 4782 1957 4852 inquit
1986 4820 2002 4846 ,

414 4885 558 4938 nosti
597 4884 806 4947 omnia,
846 4894 902 4937 tu
955 4883 1330 4953 insipientiam
1374 4893 1553 4935 meam
1585 4875 1771 4932 cernis
1800 4916 1814 4939 ,
1850 4884 1905 4928 ct
1957 4873 2001 4928 si

411 4976 542 5047 quid
567 4976 836 5039 adversus
865 4991 963 5031 eos
983 4982 1079 5030 aut
1105 4973 1486 5045 imprudenter
1509 4973 1616 5042 egi,
1641 4980 1738 5026 aut
1769 4967 2000 5038 deliqui,

413 5069 551 5124 nihil
576 5084 804 5139 prorsus
833 5076 887 5123 te
918 5067 1071 5121 latet.

482 5160 648 5216 Vsus.
682 5162 737 5215 7.
774 5159 896 5215 Non
925 5159 1235 5213 erubescant
1270 5174 1429 5227 super
1462 5174 1543 5213 me
1566 5201 1580 5222 ,
1611 5161 1700 5229 qui
1733 5160 1998 5214 sustinent

408 5260 480 5315 te,
519 5252 766 5315 Domine,
804 5249 1030 5305 Domine
1078 5249 1361 5303 virtutum.
1398 5247 1553 5315 Quod
1584 5251 1658 5302 ait
1694 5265 1860 5317 super
1888 5266 2002 5315 me,

298 5397 309 5407 ,
409 5354 494 5400 cst
524 5341 1233 5411 constructioindifl‘erens,
1273 5357 1392 5412 pro,
1436 5345 1616 5397 inme.
1653 5340 1772 5398 Non
1801 5344 2001 5399 erube-

408 5444 569 5488 scant
608 5435 774 5507 igitur
810 5434 865 5487 in
909 5446 1034 5497 me,
1094 5432 1253 5502 quasi
1305 5434 1356 5486 id
1407 5435 1669 5488 attxilium
1724 5449 1833 5487 non
1891 5435 1995 5489 sim

403 5536 745 5581 consecutus
775 5524 920 5595 quod
960 5538 989 5578 a
1017 5531 1070 5579 te
1101 5527 1514 5595 exspectabam.
1570 5525 1651 5579 Illi
1675 5565 1692 5590 ,
1726 5525 1949 5591 inquam
1976 5567 1992 5588 ,

403 5631 516 5671 non
558 5618 891 5673 erubescant
923 5620 981 5674 in
1010 5633 1120 5685 me,
1150 5620 1242 5688 qui
1274 5618 1554 5680 sustinent
1580 5658 1596 5683 ,
1628 5618 1730 5673 hoc
1758 5628 1866 5682 est,
1898 5617 1991 5688 qui

403 5716 729 5777 exspectant
761 5722 816 5766 te
842 5710 944 5766 sibi
994 5710 1304 5782 adiutorem
1360 5712 1634 5766 futurum.
1694 5709 1987 5766 Dominum

2195 4694 2261 4746 '0
2293 4695 2459 4760 Θεὸς,
2486 4697 2570 4751 σὺ
2588 4699 2776 4767 ἔγνως
2793 4698 2911 4768 τὴν
2937 4699 3298 4770 ἀφροσύνην
3323 4719 3440 4771 μου
3463 4714 3476 4727 ·
3512 4703 3609 4757 καὶ
3640 4708 3706 4761 (ιι

2109 4787 2518 4857 πλημμέλειαι
2544 4806 2663 4857 μου
2698 4791 2817 4845 ἀπὸ
2840 4790 2958 4845 σοῦ
2981 4794 3094 4845 οὐκ
3119 4793 3572 4861 ἁπεκρύϐησαν.
3602 4796 3701 4861 Σὺ,

2106 4876 2299 4945 φησὶν,
2332 4878 2361 4930 ό
2390 4877 2574 4931 πάντα
2610 4878 2791 4942 εἰδὼς,
2817 4874 2963 4944 οἶδας
2992 4882 3091 4949 τὴν
3129 4882 3445 4953 ἀφροσύνην
3488 4901 3613 4954 μου,
3649 4887 3709 4939 εί

2101 4985 2155 5020 τι
2186 4970 2305 5022 κατ’
2336 4967 2519 5022 αὐτῶν
2569 4970 2978 5042 ἠφρονησάμην
3001 4988 3013 5001 ·
3039 4972 3130 5026 καὶ
3160 4973 3295 5026 εἶ”τι
3329 4975 3466 5047 πρὸς
3496 4976 3702 5042 αὐτοὺς

2104 5060 2538 5132 ἐπλημμέλησα,
2573 5062 2634 5114 οὐ
2667 5063 2880 5116 διέλαθέ
2910 5080 2993 5118 σε.

2180 5156 2276 5221 Μὴ
2340 5156 2827 5225 αἰσχυνθείησαν
2884 5157 2980 5209 ἐπ’
3056 5157 3166 5228 ἐμὲ
3228 5161 3284 5215 οἱ
3360 5160 3701 5231 ὑπομένον-

2105 5248 2205 5314 τές
2236 5266 2331 5315 σε,
2374 5250 2559 5316 Κύριε
2587 5249 2707 5304 τῶν
2752 5249 3088 5321 δυνάμεων.
3139 5253 3214 5307 Τὸ
3259 5253 3354 5306 ἐπ’
3400 5254 3508 5323 ἐμὲ
3540 5255 3699 5309 ἀδια-

2105 5342 2309 5409 φόρως,
2370 5342 2496 5397 ἀντὶ
2554 5342 2649 5395 τοῦ
2696 5343 2786 5395 ἐπ’
2829 5344 2997 5413 ὲμοίῖ
3049 5345 3551 5419 Ἀποτυγχάνοντες
3597 5347 3699 5417 τῆς

2094 5434 2567 5506 προσδοκωμένης
2598 5435 2708 5488 άπὸ
2751 5436 2846 5489 σοῦ
2878 5436 3132 5507 βοηθείας
3185 5453 3198 5467 ο
3239 5439 3604 5509 ὑπομένοντες
3638 5439 3702 5492 δὲ

2094 5527 2143 5577 ei
2174 5526 2565 5596 περιμένοντές
2589 5545 2669 5592 σε,
2698 5530 2992 5602 ἐπίκουρον
3022 5530 3253 5585 ἑαυτῶν.
3277 5531 3483 5607 Κύριον
3510 5533 3564 5587 δὲ
3588 5533 3701 5587 τῶν

2101 5618 2391 5691 δυνάμεων
2445 5623 2612 5677 αὐτὸν
2661 5619 2841 5688 εἶπεν,
2892 5624 2969 5687 ὡς
3013 5624 3317 5696 δυνάμενον
3346 5626 3543 5693 σώζειν
3566 5627 3700 5693 τοὺς

2103 5711 2585 5787 ἐπικαλουμένους
2614 5715 2799 5771 αὐτόν.
3120 5736 3123 5739 ‘
3666 5732 3671 5735 λ

402 5808 585 5853 autem
625 5800 887 5857 virtutqu
939 5818 1037 5859 seu
1093 5805 1458 5875 potentias-um
1510 5819 1635 5861 eum
1680 5803 2009 5876 appellavit,
2055 5804 2224 5860 veluti
2272 5806 2365 5877 qui
2403 5808 2620 5866 salvare
2664 5826 2861 5868 omnes
2917 5823 3101 5884 potest
3163 5815 3255 5887 qui
3304 5815 3457 5871 illum
3536 5814 3701 5878 inve.

401 5908 552 5958 cant.
