4064 6414
325 398 438 464 691

1513 409 1906 473 COMMENT.
1940 415 2024 474 IN
2063 417 2428 480 PSALMOS.

3495 431 3606 494 698

403 521 568 576 Κατὰ
586 520 655 575 τὸ
673 521 912 590 πλῆθος
933 517 1051 578 τῶν
1081 526 1398 595 οἰκτιρμῶν
1429 545 1567 596 σου,
1587 530 1910 600 ἐπίϐλεψον

2099 537 2404 594 Secundum
2459 543 2854 599 multitudinem
2923 546 3323 600 miserationum
3371 556 3609 612 tuarum,

326 615 424 668 ἐπ’
456 613 581 683 ἐμέ.
614 615 688 668 To
736 616 837 686 μὲν
864 620 1027 671 Κατὰ
1053 619 1119 671 τὸ
1151 618 1386 687 πλῆθος
1431 621 1552 676 τῶν
1601 623 1918 693 οἰκτιρμῶν

327 723 476 772 σου,
514 708 835 780 ήρμηνεύϐιι
872 711 932 763 ἐν
969 710 1045 782 τῷ
1093 713 1138 765 ν’
1192 711 1396 784 ψαλμῷ
1437 733 1451 748 ·
1487 717 1546 770 τὸ
1576 715 1639 771 δὲ.
1667 717 1820 787 ἑξῆς,
1858 719 1918 772 ὲν

326 797 409 868 τῷ
430 795 529 854 κδ’.

405 888 502 956 Μὴ
549 890 945 964 ἀποστιέψῃς
993 894 1058 948 τὸ
1102 897 1434 964 πρόσωπόν·
1494 914 1614 953 σου
1649 899 1770 954 ἀπὸ
1804 899 1912 955 τοῦ

326 982 546 1048 παιδός
574 1001 712 1047 σου,
753 984 840 1040 ὅτι
863 988 1138 1058 θλίϐομαι
1169 1004 1183 1018 ’
1212 990 1366 1059 ταχὺ
1393 991 1746 1046 ἐπάκουσόν
1769 1011 1910 1061 μου.

330 1074 475 1145 Περὶ
505 1074 608 1144 μὲν
639 1077 757 1144 τοῦ,
782 1075 880 1142 Μὴ
906 1079 1300 1148 ἀποστρέψῃς
1321 1083 1386 1136 τὸ
1427 1083 1754 1150 πρόσωπόν
1771 1101 1911 1150 σου,

325 1168 553 1238 εἴρηται
579 1170 638 1223 ἐν
663 1171 741 1242 τῷ
778 1169 872 1236 κς⁹
908 1171 1112 1246 ψαλμῷ
1134 1189 1146 1200 ⁸
1169 1175 1390 1243 Παιὸός
1410 1193 1530 1232 σου
1551 1177 1631 1244 δὲ,
1681 1178 1775 1232 τοῦ
1800 1180 1914 1232 Μο-

323 1279 606 1331 νογενους.

399 1357 676 1428 Πρόσχες
716 1359 792 1429 τῇ
829 1361 1002 1431 ψυχῇ
1044 1379 1164 1432 μου
1211 1363 1310 1417 καὶ
1351 1365 1657 1434 λύτρωσαι
1691 1366 1908 1434 αὐτήν.

322 1446 578 1518 Ηρόσχες
607 1452 745 1520 αὐτῇ
777 1451 1094 1524 Θλιόομένῃ.

399 1539 626 1595 Ἕνεκα
673 1540 793 1595 τῶν
844 1543 1075 1611 ἐχθρῶν
1101 1563 1244 1614 μου,
1298 1549 1489 1616 ῥῦσαι
1525 1567 1623 1619 με.
1667 1552 1786 1606 Ἵνα
1833 1554 1908 1626 μὴ

319 1633 636 1702 ἐπιχειρῶσι
661 1636 738 1706 τῷ
767 1637 983 1710 ῢανὰτῳ
1020 1657 1146 1706 μου.

391 1730 480 1781 Σὺ
505 1729 614 1798 γὰρ
640 1729 950 1799 γινώσκεις
972 1734 1080 1792 τὸν
1118 1736 1464 1806 ὀνειδισμόν
1485 1756 1629 1808 μου,
1662 1741 1764 1794 καί
1794 1741 1912 1808 τὴν

317 1823 631 1890 αισχύνην
659 1841 798 1892 μου,
827 1826 926 1880 και
954 1826 1069 1896 τὴν
1094 1828 1397 1899 ἐντροπήν
1427 1849 1569 1901 μου.
1626 1831 1784 1897 Οἶδας
1809 1835 1911 1889 ὅσα

2035 633 2236 700 respice
2268 635 2325 687 in
2356 651 2455 689 mc.
2493 634 2568 689 Ea
2613 638 2801 707 verba,
2861 638 3169 697 Secundum
3211 640 3612 695 multitudinem

2032 725 2435 781 miserationum
2467 738 2707 794 tuarum,
2738 737 3102 802 exposuimus
3135 733 3190 787 in
3219 733 3440 802 psalmo
3479 750 3534 798 ι,
3555 740 3610 787 et

2030 831 2152 884 quae
2187 829 2502 888 sequuntur
2528 821 2582 875 in
2622 825 2836 891 psalmo
2862 840 3011 879 xnv.

2100 907 2266 965 Vens.
2300 911 2388 965 l8.
2430 911 2514 967 Ne
2545 925 2753 969 avertas
2796 915 2986 984 facient
3035 927 3184 971 tuam
3220 934 3255 970 a
3290 932 3452 984 puero
3492 925 3605 982 tuo,

2027 1004 2276 1073 quoniam
2304 1006 2572 1072 tribulor;
2606 1008 2851 1062 velociter
2875 1010 3071 1063 exaudi
3105 1026 3204 1064 me.
3270 1009 3346 1066 De
3402 1011 3607 1073 verbis,

2025 1096 2108 1151 Ne
2138 1106 2349 1151 avertas
2375 1098 2565 1167 faciem
2596 1106 2774 1165 tuam,
2821 1100 3064 1155 diximus
3087 1101 3142 1155 in
3192 1102 3409 1170 psalmo
3435 1117 3602 1157 xxvr:

2025 1211 2124 1266 per
2194 1211 2429 1266 puerum
2499 1207 2680 1252 autem
2753 1197 2841 1253 hic
2930 1198 3275 1268 unigenitum
3355 1197 3609 1268 intelligit

2013 1287 2246 1343 Filium.

2091 1380 2259 1436 Vens.
2286 1380 2375 1437 19.
2415 1380 2644 1436 Intende
2677 1384 2870 1437 anima:
2895 1399 3025 1437 mea:
3065 1391 3115 1435 et
3156 1382 3322 1436 libera
3344 1397 3484 1436 eam.
3513 1381 3609 1433 ln-

2020 1470 2188 1525 tende
2217 1471 2266 1525 ei
2300 1471 2354 1525 in
2389 1471 2809 1526 calamitatibus
2837 1470 3181 1526 constitutae.

2089 1562 2313 1633 Propter
2329 1564 2577 1619 inimicos
2613 1580 2756 1619 meos
2793 1563 2959 1617 libera
3004 1580 3107 1619 me.
3168 1561 3247 1617 Ne
3284 1571 3460 1618 morte
3511 1561 3600 1618 lte-

2025 1665 2211 1711 tentur
2243 1672 2385 1711 mea.
2656 1719 2658 1724 ν

2098 1749 2265 1806 Vens.
2295 1750 2388 1805 20.
2441 1749 2522 1804 Tu
2544 1752 2682 1805 enim
2716 1751 2990 1821 cognoscis
3022 1749 3362 1818 opprobrium
3411 1765 3606 1819 meum,

2020 1853 2066 1898 et
2089 1842 2442 1913 ignominiam
2473 1857 2647 1895 meam
2695 1850 2744 1894 et
2795 1840 3162 1909 confusionem
3209 1856 3401 1895 meam.
3447 1837 3604 1894 Nosti

322 1935 394 1987 με
421 1918 769 1984 ὀνειδίζουσι,
803 1920 1004 1989 φάγον,
1035 1925 1128 1976 καὶ
1163 1927 1474 1996 οἰνοπότην,
1507 1927 1606 1981 καὶ
1658 1929 1910 1983 τελωνῶν

2019 1942 2223 2005 quanta
2252 1933 2386 1988 mihi
2415 1933 2773 2004 exprobrent,
2827 1943 3138 1988 voratorem
3191 1948 3255 1987 ac
3293 1932 3406 1986 vini
3450 1943 3608 2002 pota-

316 2009 417 2062 καὶ
477 2011 826 2081 ἁμαρτωλῶν
880 2015 1058 2083 φίλον,
1082 2017 1177 2069 καὶ
1218 2019 1588 2088 δαιμονῶντα,
1634 2023 1730 2076 καὶ
1761 2023 1913 2076 ἀντε-

316 2103 446 2155 θεον
479 2104 809 2175 ὀνομάζουσι
838 2125 853 2139 ο
879 2110 975 2162 καὶ
1005 2110 1374 2181 αἰσχύνοντες,
1413 2114 1508 2167 καὶ
1527 2114 1909 2185 ἐντρέποντες,

315 2193 392 2260 ὥς
417 2195 611 2261 αὐτοῖς
630 2199 799 2253 δοκεῖ.

401 2382 723 2437 Ἑναντίον
785 2399 904 2440 σου
945 2386 1172 2453 πάντες
1214 2391 1268 2442 ol
1327 2391 1638 2460 θλίϐοντές
1662 2411 1756 2462 με.
1797 2393 1911 2448 Ἐν-

328 2473 494 2528 ὡπιόν
527 2474 624 2528 σού
662 2493 729 2546 με
764 2475 1032 2545 θλίϐουσι,
1101 2480 1194 2533 σοῦ
1248 2481 1428 2537 πάντα
1483 2485 1797 2552 βλέποντος.
1840 2489 1910 2542 Ἦ

319 2566 558 2621 ἐνώπιόν
589 2567 684 2622 σού
718 2571 823 2624 εἱσι
860 2571 938 2644 μὴ
963 2571 1254 2642 δυνάμενοί
1299 2593 1358 2630 σε
1399 2578 1717 2647 διαδρᾶναιο
1753 2582 1802 2634 el
1855 2581 1911 2635 δέ

316 2674 404 2722 τις
479 2661 831 2730 ὲπαπορήσει
883 2663 1003 2726 πῶς
1049 2666 1282 2720 τοιαῦτα
1342 2669 1560 2741 δεηθεὶς
1616 2671 1771 2742 ὅμως
1811 2673 1912 2726 οὐκ

317 2751 559 2832 ἐξέφυγε
585 2756 712 2818 τοὺς
748 2757 1030 2822 τοιούτους
1054 2762 1426 2831 πειρασμοὺς,
1463 2763 1779 2830 ἀκουσάτω,
1829 2766 1911 2819 ὅτι

317 2844 525 2916 ηὔχετο
557 2847 657 2916 μὲν
683 2848 760 2913 ὡς
805 2849 1092 2921 ἄνθρωπος
1148 2857 1223 2924 μὴ
1256 2856 1523 2911 εἰσελθεῖν
1576 2859 1660 2922 εἰς
1710 2876 1908 2931 πειρα-

319 2939 486 3006 σμόν.
522 2940 630 2993 Καὶ
661 2942 768 3011 γὰρ
818 2945 953 3014 ἡμῖν
991 2946 1166 3010 οὕτως
1227 2948 1484 3020 εὔχεσθαι
1529 2955 1907 3023 παραδέδωκε.

316 3033 470 3086 Auiti
510 3034 583 3088 Τὸ
609 3036 846 3104 πνεῦμα
873 3039 1207 3106 πρόθυμον,
1245 3043 1284 3108 ἠ
1324 3043 1394 3096 δὲ
1423 3045 1582 3114 σὰρξ
1615 3046 1908 3119 ἀσθενής.

332 3127 494 3180 Ἐπεὶ
524 3127 582 3181 δὲ
618 3130 886 3199 συνέφερε
920 3133 1120 3188 παθεῖν
1147 3135 1313 3189 αὐτὸν
1343 3137 1433 3190 διὰ
1487 3139 1585 3208 τὴν
1630 3142 1910 3212 ἡμετέραν

2019 2039 2192 2086 torem
2280 2029 2647 2100 appellantes.
2708 2028 3020 2097 publicanis
3082 2043 3146 2081 ac
3219 2026 3606 2096 peccatoribus

2015 2124 2276 2188 amicum,
2297 2123 2724 2184 daemoniacum,
2748 2129 2801 2176 et
2821 2120 2932 2176 Deo
2953 2123 3317 2176 contrarium.
3333 2120 3416 2175 Tu
3442 2121 3605 2176 etiam

2016 2217 2160 2273 nosti
2199 2217 2476 2287 quomodo
2525 2231 2613 2270 me
2653 2215 3016 2279 confundant,
3055 2216 3163 2269 "hoc
3213 2222 3315 2283 est,
3377 2225 3604 2288 quanta,

2016 2319 2078 2365 ut
2115 2311 2198 2388 eis
2227 2309 2472 2371 videtur,
2515 2308 2814 2380 ignominia
2857 2324 2942 2362 me
2976 2322 3039 2362 ac
3081 2308 3294 2377 pudore
3343 2309 3606 2365 alliciant.

2085 2403 2255 2457 Vens.
2283 2400 2375 2457 2|.
2419 2402 2482 2456 In
2510 2411 2788 2470 conspectu
2812 2412 2901 2455 tuo
2944 2411 3067 2454 sunt
3099 2418 3277 2456 omnes
3315 2402 3407 2468 qui
3434 2401 3603 2456 tribuo

2018 2498 2131 2552 lant
2163 2512 2263 2552 me.
2287 2495 2390 2561 Me,
2413 2496 2616 2566 inquit,
2652 2495 2896 2564 allligunt
2925 2509 3111 2548 coram
3143 2503 3196 2550 te
3222 2504 3332 2563 με,
3353 2496 3603 2563 inquam,

2018 2591 2238 2646 vidente
2271 2605 2334 2644 ac
2376 2591 2730 2645 discernente
2777 2591 2986 2644 omnia.
3029 2586 3161 2652 Vel,
3202 2598 3335 2644 sunt
3386 2590 3441 2644 in
3476 2603 3608 2644 con-

2019 2691 2210 2753 spectu
2241 2690 2357 2747 tuo,
2391 2684 2495 2736 hoc
2530 2690 2639 2749 est,
2665 2679 2906 2752 effugere
2948 2696 2976 2734 a
3011 2688 3063 2737 te
3106 2690 3403 2750 neque-unt.
3445 2679 3604 2746 Quod

2018 2775 2063 2830 si
2097 2775 2221 2845 quis
2266 2773 2548 2829 addubitet
2602 2788 2713 2844 quo
2753 2786 2912 2844 pacto
2955 2788 3064 2828 non
3088 2773 3324 2842 potuerit
3351 2771 3608 2828 Christus

2018 2877 2142 2938 post
2173 2875 2255 2922 tot
2289 2883 2351 2922 ac
2396 2878 2576 2923 tantas
2620 2869 3052 2938 supplicationes
3103 2867 3479 2922 calamitatum
3543 2879 3609 2919 ac

2022 2963 2390 3016 tentationum
2429 2961 2733 3017 molestiam
2763 2963 2993 3028 evitare,
3035 2959 3436 3016 animadvertat
3460 2958 3606 3027 quod

2018 3053 2276 3110 Christus
2307 3061 2366 3109 ut
2413 3053 2581 3109 homo
2613 3053 2840 3124 rogabat
2873 3068 2982 3106 non
3027 3052 3313 3107 incurrere
3337 3049 3392 3104 in
3429 3055 3608 3103 tenta-

2019 3149 2218 3213 tioncs,
2270 3159 2332 3202 ut
2388 3147 2707 3215 huiusmodi
2763 3145 3107 3216 supplicandi
3146 3157 3394 3198 normam
3441 3139 3604 3196 nobis

321 3223 628 3290 σωτηρίαν,
689 3224 1022 3291 κατέδεξατο
1065 3229 1139 3282 τὰ
1200 3229 1370 3302 πάθη,
1416 3232 1793 3302 προελόμενος
1847 3239 1908 3290 τὸ

2019 3242 2282 3302 traderet,
2322 3241 2450 3310 quia
2499 3239 2734 3309 Spiritus
2760 3239 2971 3308 quidem
3021 3245 3300 3307 promptus
3341 3244 3441 3299 est,
3477 3249 3604 3287 caro

319 3314 470 3368 Θεῖον
510 3315 730 3387 θέλημα
759 3319 913 3389 παρὰ
937 3319 1000 3373 τὸ
1026 3321 1375 3393 ἀνθρώπινον
1409 3341 1422 3354 ·
1453 3326 1550 3378 καὶ
1584 3327 1693 3398 γὰρ
1743 3346 1913 3398 προσ-

320 3406 624 3476 ευξάμενος
644 3425 657 3438 ·
685 3410 878 3480 Πάτερ
902 3431 1044 3482 μου,
1083 3417 1138 3468 el
1189 3418 1463 3474 δυνατόν
1508 3420 1660 3486 ἐστι,
1690 3427 1883 3491 cursz
1903 3454 1914 3462 -

2023 3343 2201 3388 autem
2229 3335 2451 3402 inﬁrma
2478 3331 2546 3387 τι.
2574 3331 2682 3386 Sed
2716 3331 2978 3401 quoniam
3005 3330 3076 3385 ob
3106 3327 3605 3384 nostram-salutem

2022 3429 2172 3482 illum
2202 3429 2313 3498 pati
2347 3427 2662 3496 oportebat,
2684 3426 2976 3496 passiones
3003 3435 3223 3479 nostras
3257 3422 3433 3477 libens
3465 3421 3521 3475 in
3547 3435 3606 3475 se

320 3499 472 3553 θέτω
493 3501 596 3555 ἀπ’
625 3501 771 3570 ἐμοῦ
806 3505 874 3558 τὸ
903 3506 1194 3575 ποτήριον
1221 3510 1418 3576 τοῦτο,
1451 3511 1679 3583 ὕστερον
1704 3517 1910 3585 ἐλπήγαι

2021 3521 2293 3590 suscepit,
2338 3527 2390 3580 et
2433 3520 2525 3574 llei
2577 3518 2759 3572 Patris
2795 3519 3136 3573 voluntatem
3191 3516 3448 3570 humanae
3492 3528 3608 3570 sua:

320 3609 384 3659 γε
420 3607 438 3624 ·
471 3593 662 3663 Πάτερ
689 3615 832 3664 μου,
874 3599 927 3651 εὶ
965 3601 1037 3654 οὐ
1067 3600 1318 3656 δύναται
1349 3605 1529 3660 τοῦτο
1590 3610 1914 3676 παρελθεῖν

319 3681 423 3794 ἀπ’
459 3685 606 3751 ἐμοῦ
665 3688 778 3742 ἐὰν
806 3688 894 3758 μὴ
929 3691 1080 3746 αὐτὸ
1103 3695 1241 3762 πίω,
1299 3697 1606 3765 γενηθήτω
1637 3701 1702 3753 τὸ
1738 3700 1914 3766 θέλη-

314 3795 400 3844 μα
437 3795 572 3834 σου.

401 3965 784 4036 Ὀνειὸισμύν
817 3970 1287 4040 προσεδόκησεν
1316 3973 1356 4042 ἡ
1394 3975 1568 4042 ψυχή
1620 3993 1760 4044 μου,
1811 3978 1909 4030 καὶ

319 4060 742 4126 ταλαιπωρίαν.
773 4061 1212 4130 Προεγίνωσκον,
1250 4065 1407 4135 φησὶ,
1435 4066 1629 4122 ταῦτα.
1669 4069 1778 4121 Καὶ
1806 4071 1912 4139 γὰρ

317 4153 426 4213 τοῖς
462 4150 734 4225 μαθηταῖς
766 4152 960 4222 ἔλεγεν
985 4173 998 4186 ·
1038 4156 1196 4211 Ἰδοὺ
1237 4159 1650 4228 ἀναϐαίνομεν
1669 4163 1759 4227 εἰς
1809 4162 1910 4215 Ἰεο

310 4243 652 4311 ροσόλςσμα,
701 4247 804 4299 καὶ
851 4250 886 4300 ό
915 4247 1044 4311 Υἱὸς
1075 4250 1182 4304 τοῦ
1217 4251 1538 4319 ἀνθρώπου
1590 4255 1911 4322 παραδίδο-

316 4352 408 4388 ται
446 4335 567 4400 τοῖς
594 4337 938 4405 ἀρχιερεῦσι
970 4341 1066 4392 καὶ
1101 4343 1536 4412 Γραμματεῦσι
1565 4361 1577 4374 ·
1603 4346 1700 4400 καὶ
1733 4365 1910 4400 κατα-

314 4429 632 4496 κρινοῦσιν
659 4433 866 4497 αὐτὸν,
901 4433 994 4488 καὶ
1017 4433 1084 4488 τὰ
1115 4435 1261 4506 ἑξῆς.

383 4520 498 4574 Καὶ
523 4521 816 4590 ὑπέμεινα
848 4527 1387 4596 συλλυποιῂιενον,
1423 4532 1525 4585 ναὶ
1558 4535 1670 4602 οὐχ
1715 4535 1906 4604 ὑπῆρ-

314 4609 382 4676 ξε
409 4629 422 4640 ·
455 4611 555 4664 καὶ
579 4615 1074 4682 παρακαλοῦντα,
1106 4619 1204 4672 καὶ
1239 4621 1352 4686 οὐχ
1384 4617 1590 4689 εὗρον.
1633 4652 1698 4663 --
1743 4625 1911 4679 Ὑπέ-

307 4720 512 4772 μεινα,
553 4704 677 4757 ἀντὶ
711 4704 806 4758 τοῦ
856 4708 1210 4778 Περιέμεινα,
1251 4711 1284 4779 ἢ
1329 4709 1599 4782 ἐζήτησα.
1641 4717 1915 4783 Παρακα-

308 4792 579 4857 λοῦντας
601 4794 679 4858 δὲ,
717 4795 840 4848 ἀντὶ
873 4796 967 4849 τοῦ
1002 4795 1569 4869 Παραμυθουμένους.
1607 4805 1718 4858 Καὶ
1752 4806 1911 4858 τοῦτο

306 4884 364 4937 δὲ
397 4885 647 4951 γέγονεν,
682 4887 794 4951 ὅτε,
822 4888 1162 4958 παραλαϐὼν
1219 4891 1313 4944 τὸν
1349 4893 1563 4962 Πέτρον
1626 4895 1719 4946 καὶ
1782 4897 1912 4958 τοὺς

305 4982 466 5043 υἱοὺς
492 4981 590 5034 τοῦ
620 4983 934 5050 Ζεϐεδαίου,
975 4986 1180 5057 ἤρξατο
1213 4986 1506 5042 λυπεῖσθαι
1553 4988 1651 5044 καὶ
1693 4991 1908 5061 ἀδημο-

304 5075 451 5138 νεῖν,
483 5075 641 5142 Τότε,
696 5077 853 5147 φησὶ,
881 5077 1050 5146 λέγει
1091 5081 1299 5148 αὐτοῖς
1351 5084 1384 5136 ό
1428 5083 1703 5151 Ἰησοῦς-θ
1741 5071 1910 5154 Περιέ-

303 5167 515 5232 λυπός
547 5167 724 5222 ἐστιν
760 5170 798 5238 ἠ
825 5172 999 5241 ’ψυχή
1022 5191 1144 5241 μου
1171 5173 1282 5241 ἕως
1322 5175 1586 5230 θανάτου
1615 5193 1627 5208 ·
1660 5178 1908 5248 μείνατε

299 5253 428 5313 ὧδε
461 5261 563 5313 καὶ
617 5263 964 5332 γρηγορεῖτε
1010 5267 1140 5335 μετ’
1175 5268 1345 5337 ἐμοῦ.
1395 5263 1542 5323 Εἶτα
1589 5271 1905 5338 προελθὼν

293 5355 535 5422 μικρὸν
569 5355 669 5410 καὶ
703 5357 1221 5429 προσευξάμενος,
1255 5361 1494 5431 ἔρχεται
1553 5364 1706 5431 πρὸς
1770 5366 1912 5430 τοὺς

2019 3615 2320 3686 ιιι-ςιιροδιιῑι
2351 3613 2642 3669 voluntati.
2673 3611 2853 3668 Orans
2886 3609 3334 3666 ctenimvdicebat
3371 3625 3384 3661 :
3412 3605 3603 3672 Pater,

2016 3712 2064 3764 si
2091 3711 2338 3779 possibile
2361 3718 2460 3775 est,
2491 3717 2724 3762 transeat
2747 3707 2878 3775 aEme
2909 3707 3050 3760 calix
3075 3705 3175 3760 iste
3200 3704 3280 3766 7’;
3310 3712 3364 3758 et
3387 3701 3605 3756 domum

2017 3804 2228 3859 addidit
2263 3821 2274 3856 :
2315 3801 2477 3857 Pater
2505 3804 2598 3866 mi,
2634 3802 2680 3857 si
2709 3818 2813 3855 non
2845 3810 3016 3862 potest
3044 3799 3282 3852 transire
3313 3813 3345 3849 a
3384 3811 3465 3850 me
3507 3793 3610 3849 nisi

2019 3895 2193 3949 bibero
2221 3895 2392 3954 illum,
2423 3896 2519 3964 ﬁat
2548 3894 2792 3948 voluntas
2820 3903 2914 3946 tua
2938 3893 3006 3944 ⁷⁸.

2091 3986 2448 4054 Opprobrium
2479 3985 2805 4054 exspectavit
2838 3984 3024 4037 anima
3057 3999 3196 4046 inea,
3234 3989 3281 4034 et
3312 3979 3603 4033 miseriam.

2017 4076 2391 4131 levidcbam
2420 4076 2574 4139 olim,
2607 4073 2806 4142 inquit,
2840 4073 2954 4128 haec
2980 4071 3188 4126 omnia.
3214 4068 3442 4124 "Dicebat
3459 4068 3604 4124 enim

2016 4166 2305 4236 discipulis
2361 4184 2376 4220 :
2436 4165 2570 4220 Ecce
2631 4165 2964 4218 ascendimus
3011 4160 3444 4231 Hierosolymam
3474 4200 3494 4226 .,
3555 4173 3605 4216 et

2016 4259 2196 4315 Filius
2247 4258 2479 4313 hominis
2526 4257 2770 4311 tradetur
2803 4255 3132 4324 principibus
3163 4253 3524 4318 sacerdotum,
3555 4260 3605 4304 et

2017 4352 2246 4417 Scribis,
2283 4361 2332 4407 et
2366 4350 2791 4406 condemnabam
2844 4366 2964 4404 eum
2995 4348 3064 4413 ⁷⁷,
3099 4359 3152 4402 et
3210 4360 3334 4416 qua:
3391 4345 3463 4399 ibi
3514 4358 3606 4400 sc-

2015 4453 2280 4513 quuntur.

2097 4535 2165 4589 Et
2205 4533 2455 4599 sustinui,
2489 4531 2579 4601 qui
2608 4530 2764 4585 simul
2789 4528 3290 4592 contristnretur,et
3322 4544 3426 4581 non
3453 4536 3603 4589 erat;

2017 4628 2108 4698 qui
2135 4627 2528 4690 consolaretur,
2570 4636 2617 4680 et
2652 4641 2753 4677 non
2792 4625 2984 4677 inveni.
3009 4652 3073 4662 -ν
3105 4620 3348 4676 Sustinui
3373 4637 3470 4690 pro
3502 4621 3605 4674 Ex-

2019 4719 2261 4787 spectavi
2298 4719 2503 4788 posuit,
2539 4733 2636 4772 seu
2669 4732 2770 4784 pro
2811 4715 3074 4781 Quaesivi.
3105 4713 3218 4769 lloc
3250 4725 3432 4769 autem
3460 4715 3609 4770 acci-

2017 4811 2122 4872 dit,
2189 4809 2430 4878 quando,
2477 4817 2756 4888 asslrrnpto
2814 4808 2979 4861 Petro
3036 4815 3089 4860 et
3142 4807 3268 4861 ﬁliis
3319 4805 3608 4874 Zebedaai,

2016 4902 2180 4970 etrapit
2201 4901 2523 4957 contristari
2548 4909 2604 4955 et
2638 4917 2892 4956 Intererc.
2917 4901 3064 4955 Tunc
3103 4901 3277 4966 enim,
3298 4901 3496 4969 inquit,
3529 4900 3610 4953 di-

2011 4994 2093 5047 xit
2109 4991 2392 5048 eislesus:
2418 4992 2612 5048 Tristis
2637 5003 2714 5047 est
2741 4994 2921 5047 anima
2940 5010 3057 5048 mea
3076 5009 3240 5063 usque
3262 4991 3332 5046 ul
3356 5002 3608 5056 mortem,

2021 5096 2324 5155 exspectate
2345 5084 2430 5140 hic
2468 5094 2517 5141 et
2543 5085 2758 5155 vigilate
2790 5073 3014 5139 mecum.
3047 5082 3114 5136 Et
3158 5099 3470 5154 progressus
3496 5099 3608 5136 mo-

2020 5178 2224 5242 dicum,
2266 5193 2386 5232 cum
2441 5189 2667 5244 orasset,
2701 5178 2837 5232 venit
2863 5175 2932 5230 ad
2955 5176 3268 5244 discipulos,
3312 5181 3364 5227 et
3418 5173 3609 5227 invenit

2021 5289 2109 5327 eos
2139 5271 2548 5336 dormientes,et
2582 5273 2720 5325 dixit
2754 5271 2933 5325 Petro:
2957 5268 3051 5325 Sic
3083 5285 3184 5322 non
3214 5267 3465 5336 potuistis
3501 5282 3607 5318 una

2023 5367 2158 5420 liora
2191 5367 2415 5437 vigilare
2446 5383 2650 5421 mecum
2677 5366 2724 5398 ⁷⁸
2750 5365 2776 5416 ‘l

293 5442 603 5514 μαθητὰς,
629 5446 730 5499 καὶ
769 5448 1036 5516 εὑρίσκει
1087 5451 1314 5519 αὐτοὺς
1374 5452 1786 5522 καθεύδοντας
1820 5471 1837 5487 ο
1877 5455 1976 5510 καὶ
2018 5457 2185 5526 λέγει
2253 5447 2346 5523 τῷ’
2381 5457 2582 5526 Πέτρῳ
2617 5475 2629 5488 ·
2687 5457 2887 5521 Οὕτως
2937 5456 3049 5511 οὐκ
3102 5452 3402 5522 ἰσχύσατε
3457 5452 3607 5521 μίαν

299 5537 474 5607 ὥραν
502 5536 891 5607 ἀγρυπνῆσαι
920 5543 1044 5611 μετ’
1073 5543 1222 5612 ἐμοῦ
1243 5559 1264 5607 ;

383 5629 662 5684 Ἐδωκαν
686 5635 775 5699 εὶς
807 5633 872 5687 τὸ
891 5633 1106 5706 ,ϐρῶμὰ
1135 5657 1259 5709 μου
1293 5640 1514 5711 χολὴν,
1543 5642 1644 5698 καὶ
1675 5646 1764 5711 εὶς
1790 5663 1821 5699 τ
1830 5646 1908 5712 ἦν

296 5722 506 5791 δίψαν
521 5740 644 5792 μου
671 5723 972 5780 ἑπότισάν
999 5745 1078 5797 με
1123 5729 1288 5798 ὄξος.
1331 5732 1505 5804 Φησὶν
1547 5736 1577 5789 ὀ
1615 5735 1904 5806 εὐαγγελι-

383 5904 427 5940 τι
457 5905 647 5969 Matth.
679 5925 835 5980 xm,
878 5909 969 5967 tr.
1031 5911 1270 6001 gnta.
1305 5914 1392 5972 59.
1438 5915 1507 6001 ff
1543 5913 1678 5972 Ibid.
1732 5913 1820 5972 ta.
1906 5918 1910 5926 ·

2019 5916 2173 5974 latlh.
2223 5935 2312 5984 xx,
2370 5919 2450 5975 18.

2091 5638 2256 5695 Vens.
2283 5639 2374 5694 ‘12.
2421 5639 2490 5693 Et
2529 5639 2782 5694 dederunt
2820 5639 2874 5692 in
2904 5640 3079 5692 cibum
3111 5653 3285 5692 meum
3327 5637 3421 5707 fel,
3459 5646 3508 5690 et
3547 5638 3605 5689 in

2016 5734 2107 5788 siti
2167 5749 2284 5787 mea
2335 5741 2649 5798 paraverunt
2695 5747 2776 5786 me
2820 5742 2990 5786 aceto.
3021 5731 3112 5785 Ait
3162 5729 3310 5785 enim
3364 5729 3608 5786 Joannes

2569 5920 2614 5952 ⁷⁸
2644 5919 2839 5976 Matth.
2878 5934 3029 5986 xxvr,
3073 5916 3266 5970 5740.
