  <div class='ocr_page' id='page_1' title='image "/cluster/home/n/w/nwhite01/storage/ocr_20150623/128:no.1/coo.31924054870336/358.png"; bbox 0 0 4064 6412; ppageno 0'>
   <div class='ocr_carea' id='block_1_1' title="bbox 365 429 480 496">
    <p class='ocr_par' dir='ltr' id='par_1_1' title="bbox 365 429 480 496">
     <span class='ocr_line' id='line_1_1' title="bbox 365 429 480 496; baseline 0.017 -3"><span class='ocrx_word' id='word_1_1' title='bbox 365 429 480 496; x_wconf 77' lang='grc' dir='ltr'><strong>τοι</strong></span> 
     </span>
    </p>
   </div>
   <div class='ocr_carea' id='block_1_2' title="bbox 1553 395 2481 472">
    <p class='ocr_par' dir='ltr' id='par_1_2' title="bbox 1553 395 2481 472">
     <span class='ocr_line' id='line_1_2' title="bbox 1553 395 2481 472; baseline -0.016 1"><span class='ocrx_word' id='word_1_2' title='bbox 1553 405 1952 472; x_wconf 82' lang='lat' dir='ltr'><strong>COMMENT.</strong></span> <span class='ocrx_word' id='word_1_3' title='bbox 1993 402 2079 464; x_wconf 88' lang='lat' dir='ltr'><strong>IN</strong></span> <span class='ocrx_word' id='word_1_4' title='bbox 2116 395 2481 461; x_wconf 81' lang='lat' dir='ltr'><strong>PSALMOS.</strong></span> 
     </span>
    </p>
   </div>
   <div class='ocr_carea' id='block_1_3' title="bbox 3487 374 3663 442">
    <p class='ocr_par' dir='ltr' id='par_1_3' title="bbox 3487 374 3663 442">
     <span class='ocr_line' id='line_1_3' title="bbox 3487 374 3663 442; baseline -0.028 1"><span class='ocrx_word' id='word_1_5' title='bbox 3487 380 3493 385; x_wconf 77' lang='grc'><em>’</em></span> <span class='ocrx_word' id='word_1_6' title='bbox 3553 374 3663 442; x_wconf 72' lang='lat'><strong>702</strong></span> 
     </span>
    </p>
   </div>
   <div class='ocr_carea' id='block_1_4' title="bbox 371 494 3659 618">
    <p class='ocr_par' dir='ltr' id='par_1_4' title="bbox 371 494 3659 618">
     <span class='ocr_line' id='line_1_4' title="bbox 371 494 3659 618; baseline -0.015 -19"><span class='ocrx_word' id='word_1_7' title='bbox 371 542 630 618; x_wconf 82' lang='lat' dir='ltr'><strong>corporis</strong></span> <span class='ocrx_word' id='word_1_8' title='bbox 659 552 886 598; x_wconf 81' lang='lat' dir='ltr'><strong>sensum</strong></span> <span class='ocrx_word' id='word_1_9' title='bbox 919 533 1105 593; x_wconf 83' lang='lat' dir='ltr'><strong>omnia</strong></span> <span class='ocrx_word' id='word_1_10' title='bbox 1138 527 1477 602; x_wconf 81' lang='lat' dir='ltr'><strong>intelligunt,</strong></span> <span class='ocrx_word' id='word_1_11' title='bbox 1512 501 1872 581; x_wconf 65' lang='lat' dir='ltr'><strong>offenduntur</strong></span> <span class='ocrx_word' id='word_1_12' title='bbox 1931 517 2035 571; x_wconf 90' lang='lat' dir='ltr'><strong>bac</strong></span> <span class='ocrx_word' id='word_1_13' title='bbox 2073 512 2363 586; x_wconf 71' lang='lat' dir='ltr'><strong>prophetia</strong></span> <span class='ocrx_word' id='word_1_14' title='bbox 2397 510 2482 581; x_wconf 90' lang='lat' dir='ltr'><strong>(et</strong></span> <span class='ocrx_word' id='word_1_15' title='bbox 2526 506 2876 580; x_wconf 76' lang='lat' dir='ltr'><strong>perquirunt,</strong></span> <span class='ocrx_word' id='word_1_16' title='bbox 2916 499 3198 573; x_wconf 78' lang='lat' dir='ltr'><strong>quomodo</strong></span> <span class='ocrx_word' id='word_1_17' title='bbox 3244 499 3358 568; x_wconf 72' lang='lat' dir='ltr'><strong>iam</strong></span> <span class='ocrx_word' id='word_1_18' title='bbox 3416 497 3532 553; x_wconf 59' lang='lat' dir='ltr'><strong>haec</strong></span> <span class='ocrx_word' id='word_1_19' title='bbox 3602 494 3659 549; x_wconf 90' lang='lat' dir='ltr'><strong>in</strong></span> 
     </span>
     <span class='ocr_line' id='line_1_5' title="bbox 1826 589 3634 618; baseline 0 0"><span class='ocrx_word' id='word_1_20' title='bbox 1826 614 1839 618; x_wconf 75' lang='lat'><strong>-</strong></span> <span class='ocrx_word' id='word_1_21' title='bbox 2032 611 2043 618; x_wconf 90' lang='lat'><strong>.</strong></span> <span class='ocrx_word' id='word_1_22' title='bbox 2321 606 2335 618; x_wconf 89' lang='lat'>.</span> <span class='ocrx_word' id='word_1_23' title='bbox 2499 603 2521 618; x_wconf 79' lang='grc' dir='ltr'><strong>ιι</strong></span> <span class='ocrx_word' id='word_1_24' title='bbox 2560 602 2571 614; x_wconf 76' lang='grc' dir='ltr'><strong><em>ο</em></strong></span> <span class='ocrx_word' id='word_1_25' title='bbox 2651 616 2658 618; x_wconf 32' lang='grc' dir='ltr'><em>Α</em></span> <span class='ocrx_word' id='word_1_26' title='bbox 2734 616 2747 618; x_wconf 94' lang='lat'>_</span> <span class='ocrx_word' id='word_1_27' title='bbox 2779 597 3015 618; x_wconf 67' lang='lat'><strong>|9__-_|_.-</strong></span> <span class='ocrx_word' id='word_1_28' title='bbox 3110 595 3202 618; x_wconf 65' lang='grc' dir='ltr'><strong>ιιι,</strong></span> <span class='ocrx_word' id='word_1_29' title='bbox 3235 603 3415 618; x_wconf 34' lang='grc' dir='ltr'><strong>---ινηη</strong></span> <span class='ocrx_word' id='word_1_30' title='bbox 3473 589 3634 618; x_wconf 67' lang='lat' dir='ltr'><strong>......L-</strong></span> 
     </span>
    </p>
   </div>
   <div class='ocr_carea' id='block_1_5' title="bbox 367 589 3666 708">
    <p class='ocr_par' dir='ltr' id='par_1_5' title="bbox 367 589 3666 708">
     <span class='ocr_line' id='line_1_6' title="bbox 367 589 3666 708; baseline -0.017 -11"><span class='ocrx_word' id='word_1_31' title='bbox 367 589 594 708; x_wconf 62' lang='lat' dir='ltr'><strong>Christo</strong></span> <span class='ocrx_word' id='word_1_32' title='bbox 622 635 918 703; x_wconf 87' lang='lat' dir='ltr'><strong>adimpleta</strong></span> <span class='ocrx_word' id='word_1_33' title='bbox 950 629 1098 699; x_wconf 85' lang='lat' dir='ltr'><strong>sint)</strong></span> <span class='ocrx_word' id='word_1_34' title='bbox 1133 635 1186 682; x_wconf 91' lang='lat' dir='ltr'><strong>et</strong></span> <span class='ocrx_word' id='word_1_35' title='bbox 1234 622 1681 679; x_wconf 76' lang='lat' dir='ltr'><strong>scandalizentur</strong></span> <span class='ocrx_word' id='word_1_36' title='bbox 1713 614 2006 673; x_wconf 89' lang='lat' dir='ltr'><strong>credentes</strong></span> <span class='ocrx_word' id='word_1_37' title='bbox 2032 611 2148 667; x_wconf 57' lang='lat' dir='ltr'><strong>hac</strong></span> <span class='ocrx_word' id='word_1_38' title='bbox 2190 606 2434 663; x_wconf 88' lang='lat' dir='ltr'><strong>nondum</strong></span> <span class='ocrx_word' id='word_1_39' title='bbox 2495 602 2668 658; x_wconf 82' lang='lat' dir='ltr'><strong>fuisse</strong></span> <span class='ocrx_word' id='word_1_40' title='bbox 2728 597 3044 669; x_wconf 88' lang='lat' dir='ltr'><strong>adimpleta.</strong></span> <span class='ocrx_word' id='word_1_41' title='bbox 3110 595 3209 650; x_wconf 85' lang='lat' dir='ltr'><strong>Illa</strong></span> <span class='ocrx_word' id='word_1_42' title='bbox 3233 603 3418 649; x_wconf 85' lang='lat' dir='ltr'><strong>autem</strong></span> <span class='ocrx_word' id='word_1_43' title='bbox 3473 589 3666 669; x_wconf 59' lang='lat' dir='ltr'><strong>verba’</strong></span> 
     </span>
     <span class='ocr_line' id='line_1_7' title="bbox 2065 684 3659 708; baseline -0.014 4"><span class='ocrx_word' id='word_1_44' title='bbox 2065 701 2078 708; x_wconf 87' lang='lat'><strong>-</strong></span> <span class='ocrx_word' id='word_1_45' title='bbox 2383 698 2395 708; x_wconf 92' lang='lat'><strong>.</strong></span> <span class='ocrx_word' id='word_1_46' title='bbox 2456 696 2469 708; x_wconf 94' lang='lat'><strong>.</strong></span> <span class='ocrx_word' id='word_1_47' title='bbox 2607 705 2615 708; x_wconf 91' lang='lat'><strong>_</strong></span> <span class='ocrx_word' id='word_1_48' title='bbox 2680 688 2987 708; x_wconf 17' lang='grc' dir='ltr'><strong>γε</strong></span> <span class='ocrx_word' id='word_1_49' title='bbox 3063 687 3209 708; x_wconf 30' lang='lat' dir='ltr'><strong>NA”</strong></span> <span class='ocrx_word' id='word_1_50' title='bbox 3305 684 3409 708; x_wconf 51' lang='lat' dir='ltr'><strong>LM</strong></span> <span class='ocrx_word' id='word_1_51' title='bbox 3475 691 3659 708; x_wconf 46' lang='lat' dir='ltr'><strong>“mm</strong></span> 
     </span>
    </p>
   </div>
   <div class='ocr_carea' id='block_1_6' title="bbox 369 688 2991 804">
    <p class='ocr_par' dir='ltr' id='par_1_6' title="bbox 369 688 2991 804">
     <span class='ocr_line' id='line_1_8' title="bbox 369 688 2991 804; baseline -0.018 -16"><span class='ocrx_word' id='word_1_52' title='bbox 369 735 496 804; x_wconf 78' lang='lat' dir='ltr'><strong>ﬁat,</strong></span> <span class='ocrx_word' id='word_1_53' title='bbox 545 729 970 788; x_wconf 77' lang='lat' dir='ltr'><strong>obtenebrcntur,</strong></span> <span class='ocrx_word' id='word_1_54' title='bbox 1026 727 1082 776; x_wconf 92' lang='lat' dir='ltr'><strong>et</strong></span> <span class='ocrx_word' id='word_1_55' title='bbox 1120 719 1250 783; x_wconf 88' lang='lat' dir='ltr'><strong>alia,</strong></span> <span class='ocrx_word' id='word_1_56' title='bbox 1303 730 1425 786; x_wconf 75' lang='lat' dir='ltr'><strong>quae</strong></span> <span class='ocrx_word' id='word_1_57' title='bbox 1479 716 1812 782; x_wconf 84' lang='lat' dir='ltr'><strong>sequuntur,</strong></span> <span class='ocrx_word' id='word_1_58' title='bbox 1862 701 2078 759; x_wconf 76' lang='lat' dir='ltr'><strong>tametsi</strong></span> <span class='ocrx_word' id='word_1_59' title='bbox 2132 714 2321 755; x_wconf 87' lang='lat' dir='ltr'><strong>vocem</strong></span> <span class='ocrx_word' id='word_1_60' title='bbox 2383 696 2624 751; x_wconf 82' lang='lat' dir='ltr'><strong>habeam</strong></span> <span class='ocrx_word' id='word_1_61' title='bbox 2678 688 2991 761; x_wconf 75' lang='lat' dir='ltr'><strong>imperativi</strong></span> 
     </span>
     <span class='ocr_line' id='line_1_9' title="bbox 1842 783 2991 804; baseline -0.016 0"><span class='ocrx_word' id='word_1_62' title='bbox 1842 801 1859 804; x_wconf 69' lang='lat'><strong>-</strong></span> <span class='ocrx_word' id='word_1_63' title='bbox 2017 797 2028 804; x_wconf 89' lang='lat'><em>_</em></span> <span class='ocrx_word' id='word_1_64' title='bbox 2224 795 2238 804; x_wconf 83' lang='grc'><strong>,</strong></span> <span class='ocrx_word' id='word_1_65' title='bbox 2346 802 2354 804; x_wconf 15' lang='grc' dir='ltr'>ξ</span> <span class='ocrx_word' id='word_1_66' title='bbox 2554 797 2566 804; x_wconf 57' lang='grc'><strong>,</strong></span> <span class='ocrx_word' id='word_1_67' title='bbox 2906 783 2991 804; x_wconf 35' lang='grc' dir='ltr'><strong>,ιω</strong></span> 
     </span>
    </p>
   </div>
   <div class='ocr_carea' id='block_1_7' title="bbox 3062 684 3661 749">
    <p class='ocr_par' dir='ltr' id='par_1_7' title="bbox 3062 684 3661 749">
     <span class='ocr_line' id='line_1_10' title="bbox 3062 684 3661 749; baseline -0.02 -6"><span class='ocrx_word' id='word_1_68' title='bbox 3062 687 3234 749; x_wconf 88' lang='lat' dir='ltr'><strong>modi,</strong></span> <span class='ocrx_word' id='word_1_69' title='bbox 3305 684 3410 739; x_wconf 85' lang='lat' dir='ltr'><strong>hoc</strong></span> <span class='ocrx_word' id='word_1_70' title='bbox 3475 691 3661 736; x_wconf 89' lang='lat' dir='ltr'><strong>tamen</strong></span> 
     </span>
    </p>
   </div>
   <div class='ocr_carea' id='block_1_8' title="bbox 370 778 3661 892">
    <p class='ocr_par' dir='ltr' id='par_1_8' title="bbox 370 778 3661 892">
     <span class='ocr_line' id='line_1_11' title="bbox 370 778 1575 804; baseline -0.017 -1"><span class='ocrx_word' id='word_1_71' title='bbox 370 778 496 804; x_wconf 75' lang='grc' dir='ltr'><strong>ι’--ι</strong></span> <span class='ocrx_word' id='word_1_72' title='bbox 545 778 875 785; x_wconf 52' lang='grc' dir='ltr'><strong>τν-ν-ν-η-νν</strong></span> <span class='ocrx_word' id='word_1_73' title='bbox 955 778 969 788; x_wconf 77' lang='grc' dir='ltr'><em>ι</em></span> <span class='ocrx_word' id='word_1_74' title='bbox 1235 778 1246 783; x_wconf 91' lang='grc'><strong>-</strong></span> <span class='ocrx_word' id='word_1_75' title='bbox 1321 778 1340 786; x_wconf 93' lang='grc'><strong>-</strong></span> <span class='ocrx_word' id='word_1_76' title='bbox 1561 778 1575 782; x_wconf 83' lang='grc'><strong>-</strong></span> 
     </span>
     <span class='ocr_line' id='line_1_12' title="bbox 370 778 3661 892; baseline -0.019 -6"><span class='ocrx_word' id='word_1_77' title='bbox 370 833 500 886; x_wconf 83' lang='lat' dir='ltr'><strong>loco</strong></span> <span class='ocrx_word' id='word_1_78' title='bbox 565 824 733 883; x_wconf 80' lang='lat' dir='ltr'><strong>futuri</strong></span> <span class='ocrx_word' id='word_1_79' title='bbox 797 818 1259 892; x_wconf 73' lang='lat' dir='ltr'><strong>signiﬁcationem</strong></span> <span class='ocrx_word' id='word_1_80' title='bbox 1327 811 1583 873; x_wconf 87' lang='lat' dir='ltr'><strong>retinent,</strong></span> <span class='ocrx_word' id='word_1_81' title='bbox 1637 820 1759 877; x_wconf 88' lang='lat' dir='ltr'><strong>pro,</strong></span> <span class='ocrx_word' id='word_1_82' title='bbox 1833 801 1944 866; x_wconf 81' lang='lat' dir='ltr'><strong>ﬁet,</strong></span> <span class='ocrx_word' id='word_1_83' title='bbox 1964 795 2471 875; x_wconf 76' lang='lat' dir='ltr'><strong>obscurabuntur,</strong></span> <span class='ocrx_word' id='word_1_84' title='bbox 2514 797 2571 846; x_wconf 91' lang='lat' dir='ltr'><strong>et</strong></span> <span class='ocrx_word' id='word_1_85' title='bbox 2623 794 2842 844; x_wconf 66' lang='lat' dir='ltr'><strong>caetera.</strong></span> <span class='ocrx_word' id='word_1_86' title='bbox 2902 781 3214 839; x_wconf 71' lang='lat' dir='ltr'><strong>Praedicunt</strong></span> <span class='ocrx_word' id='word_1_87' title='bbox 3272 778 3418 834; x_wconf 91' lang='lat' dir='ltr'><strong>enim</strong></span> <span class='ocrx_word' id='word_1_88' title='bbox 3482 778 3661 830; x_wconf 82' lang='lat' dir='ltr'><strong>futura</strong></span> 
     </span>
    </p>
   </div>
   <div class='ocr_carea' id='block_1_9' title="bbox 368 869 3664 992">
    <p class='ocr_par' dir='ltr' id='par_1_9' title="bbox 368 869 3664 992">
     <span class='ocr_line' id='line_1_13' title="bbox 370 869 1651 892; baseline -0.019 -7"><span class='ocrx_word' id='word_1_89' title='bbox 370 869 500 886; x_wconf 65' lang='lat' dir='ltr'><strong>ww</strong></span> <span class='ocrx_word' id='word_1_90' title='bbox 1571 869 1579 873; x_wconf 58' lang='grc'><strong>,</strong></span> <span class='ocrx_word' id='word_1_91' title='bbox 1638 869 1651 877; x_wconf 87' lang='lat'>_</span> 
     </span>
     <span class='ocr_line' id='line_1_14' title="bbox 368 869 3664 992; baseline -0.017 -12"><span class='ocrx_word' id='word_1_92' title='bbox 368 924 538 989; x_wconf 85' lang='lat' dir='ltr'><strong>mala,</strong></span> <span class='ocrx_word' id='word_1_93' title='bbox 588 935 713 992; x_wconf 71' lang='lat' dir='ltr'><strong>quae</strong></span> <span class='ocrx_word' id='word_1_94' title='bbox 758 917 881 972; x_wconf 90' lang='lat' dir='ltr'><strong>illos</strong></span> <span class='ocrx_word' id='word_1_95' title='bbox 913 911 1381 983; x_wconf 88' lang='lat' dir='ltr'><strong>comprehensura</strong></span> <span class='ocrx_word' id='word_1_96' title='bbox 1429 911 1609 961; x_wconf 88' lang='lat' dir='ltr'><strong>erant.</strong></span> <span class='ocrx_word' id='word_1_97' title='bbox 1647 897 1958 958; x_wconf 86' lang='lat' dir='ltr'><strong>Verisimile</strong></span> <span class='ocrx_word' id='word_1_98' title='bbox 2010 901 2096 949; x_wconf 86' lang='lat' dir='ltr'><strong>est</strong></span> <span class='ocrx_word' id='word_1_99' title='bbox 2146 892 2312 948; x_wconf 89' lang='lat' dir='ltr'><strong>etiam</strong></span> <span class='ocrx_word' id='word_1_100' title='bbox 2377 869 2660 944; x_wconf 72' lang='lat' dir='ltr'><strong>Christum</strong></span> <span class='ocrx_word' id='word_1_101' title='bbox 2718 883 2799 938; x_wconf 85' lang='lat' dir='ltr'><strong>uti</strong></span> <span class='ocrx_word' id='word_1_102' title='bbox 2889 878 3061 936; x_wconf 91' lang='lat' dir='ltr'><strong>Deum</strong></span> <span class='ocrx_word' id='word_1_103' title='bbox 3110 875 3295 932; x_wconf 83' lang='lat' dir='ltr'><strong>omnia</strong></span> <span class='ocrx_word' id='word_1_104' title='bbox 3390 874 3664 943; x_wconf 82' lang='lat' dir='ltr'><strong>imperare</strong></span> 
     </span>
    </p>
   </div>
   <div class='ocr_carea' id='block_1_10' title="bbox 368 1015 907 1090">
    <p class='ocr_par' dir='ltr' id='par_1_10' title="bbox 368 1015 907 1090">
     <span class='ocr_line' id='line_1_15' title="bbox 368 1015 907 1090; baseline -0.013 -18"><span class='ocrx_word' id='word_1_105' title='bbox 368 1033 498 1090; x_wconf 66' lang='lat' dir='ltr'><strong>quae</strong></span> <span class='ocrx_word' id='word_1_106' title='bbox 533 1015 719 1071; x_wconf 78' lang='lat' dir='ltr'><strong>futura</strong></span> <span class='ocrx_word' id='word_1_107' title='bbox 754 1018 907 1068; x_wconf 89' lang='lat' dir='ltr'><strong>sunt.</strong></span> 
     </span>
    </p>
   </div>
   <div class='ocr_carea' id='block_1_11' title="bbox 444 1106 953 1172">
    <p class='ocr_par' dir='ltr' id='par_1_11' title="bbox 444 1106 953 1172">
     <span class='ocr_line' id='line_1_16' title="bbox 444 1106 953 1172; baseline -0.024 -5"><span class='ocrx_word' id='word_1_108' title='bbox 444 1106 953 1172; x_wconf 78' lang='grc' dir='ltr'><strong>Σκοτισθήτωσαν</strong></span> 
     </span>
    </p>
   </div>
   <div class='ocr_carea' id='block_1_12' title="bbox 361 1177 1966 1274">
    <p class='ocr_par' dir='ltr' id='par_1_12' title="bbox 361 1177 1966 1274">
     <span class='ocr_line' id='line_1_17' title="bbox 361 1177 1966 1274; baseline -0.021 -12"><span class='ocrx_word' id='word_1_109' title='bbox 361 1205 651 1274; x_wconf 64' lang='grc' dir='ltr'><strong>βλέπειν.</strong></span> <span class='ocrx_word' id='word_1_110' title='bbox 683 1200 747 1254; x_wconf 79' lang='lat' dir='ltr'><strong>Oi</strong></span> <span class='ocrx_word' id='word_1_111' title='bbox 775 1197 872 1268; x_wconf 84' lang='grc' dir='ltr'><strong>τῆς</strong></span> <span class='ocrx_word' id='word_1_112' title='bbox 902 1193 1083 1266; x_wconf 78' lang='grc' dir='ltr'><strong>ψυχῆς</strong></span> <span class='ocrx_word' id='word_1_113' title='bbox 1110 1207 1128 1225; x_wconf 79' lang='grc' dir='ltr'><strong>ο</strong></span> <span class='ocrx_word' id='word_1_114' title='bbox 1157 1187 1346 1255; x_wconf 74' lang='grc' dir='ltr'><strong>ἐπειδὴ</strong></span> <span class='ocrx_word' id='word_1_115' title='bbox 1380 1184 1481 1239; x_wconf 73' lang='grc' dir='ltr'><strong>οὐκ</strong></span> <span class='ocrx_word' id='word_1_116' title='bbox 1506 1181 1782 1254; x_wconf 76' lang='grc' dir='ltr'><strong>ἠθέλησαν</strong></span> <span class='ocrx_word' id='word_1_117' title='bbox 1836 1177 1966 1230; x_wconf 73' lang='grc' dir='ltr'><strong>ἰδεῖν</strong></span> 
     </span>
    </p>
   </div>
   <div class='ocr_carea' id='block_1_13' title="bbox 367 1268 1968 1364">
    <p class='ocr_par' dir='ltr' id='par_1_13' title="bbox 367 1268 1968 1364">
     <span class='ocr_line' id='line_1_18' title="bbox 367 1268 1968 1364; baseline -0.018 -13"><span class='ocrx_word' id='word_1_118' title='bbox 367 1300 435 1351; x_wconf 77' lang='grc' dir='ltr'><strong>τὸ</strong></span> <span class='ocrx_word' id='word_1_119' title='bbox 481 1297 623 1364; x_wconf 75' lang='grc' dir='ltr'><strong>φῶς,</strong></span> <span class='ocrx_word' id='word_1_120' title='bbox 672 1288 1000 1359; x_wconf 70' lang='grc' dir='ltr'><strong>τδοφωτίζον</strong></span> <span class='ocrx_word' id='word_1_121' title='bbox 1054 1283 1236 1337; x_wconf 79' lang='grc' dir='ltr'><strong>πάντα</strong></span> <span class='ocrx_word' id='word_1_122' title='bbox 1283 1279 1602 1352; x_wconf 77' lang='grc' dir='ltr'><strong>ἄνθρωπον,</strong></span> <span class='ocrx_word' id='word_1_123' title='bbox 1663 1272 1784 1328; x_wconf 71' lang='grc' dir='ltr'><strong>οὐδὲ</strong></span> <span class='ocrx_word' id='word_1_124' title='bbox 1841 1268 1968 1323; x_wconf 86' lang='grc' dir='ltr'><strong>θεά-</strong></span> 
     </span>
    </p>
   </div>
   <div class='ocr_carea' id='block_1_14' title="bbox 371 1360 1968 1449">
    <p class='ocr_par' dir='ltr' id='par_1_14' title="bbox 371 1360 1968 1449">
     <span class='ocr_line' id='line_1_19' title="bbox 371 1360 1968 1449; baseline -0.019 -6"><span class='ocrx_word' id='word_1_125' title='bbox 371 1360 578 1445; x_wconf 70' lang='grc' dir='ltr'><strong>σασθαι</strong></span> <span class='ocrx_word' id='word_1_126' title='bbox 609 1386 701 1440; x_wconf 76' lang='grc' dir='ltr'><strong>τὸν</strong></span> <span class='ocrx_word' id='word_1_127' title='bbox 730 1383 921 1438; x_wconf 84' lang='grc' dir='ltr'><strong>’Ἥλιον</strong></span> <span class='ocrx_word' id='word_1_128' title='bbox 942 1381 1042 1449; x_wconf 86' lang='grc' dir='ltr'><strong>τῆς</strong></span> <span class='ocrx_word' id='word_1_129' title='bbox 1081 1372 1436 1443; x_wconf 76' lang='grc' dir='ltr'><strong>δικαιοσύνης</strong></span> <span class='ocrx_word' id='word_1_130' title='bbox 1466 1383 1480 1398; x_wconf 87' lang='grc'><strong>·</strong></span> <span class='ocrx_word' id='word_1_131' title='bbox 1524 1364 1839 1437; x_wconf 71' lang='grc' dir='ltr'><strong>ὀφθαλμοὺς</strong></span> <span class='ocrx_word' id='word_1_132' title='bbox 1857 1360 1968 1431; x_wconf 83' lang='grc' dir='ltr'><strong>γὰρ</strong></span> 
     </span>
    </p>
   </div>
   <div class='ocr_carea' id='block_1_15' title="bbox 370 1460 1966 1558">
    <p class='ocr_par' dir='ltr' id='par_1_15' title="bbox 370 1460 1966 1558">
     <span class='ocr_line' id='line_1_20' title="bbox 370 1460 1966 1558; baseline -0.018 -21"><span class='ocrx_word' id='word_1_133' title='bbox 370 1484 622 1553; x_wconf 66' lang='grc' dir='ltr'><strong>ἔχοντες,</strong></span> <span class='ocrx_word' id='word_1_134' title='bbox 654 1476 757 1558; x_wconf 76' lang='grc' dir='ltr'><strong>οὐκ</strong></span> <span class='ocrx_word' id='word_1_135' title='bbox 784 1475 1034 1537; x_wconf 76' lang='grc' dir='ltr'><strong>ἔϐλεπον,</strong></span> <span class='ocrx_word' id='word_1_136' title='bbox 1058 1471 1156 1525; x_wconf 69' lang='grc' dir='ltr'><strong>καὶ</strong></span> <span class='ocrx_word' id='word_1_137' title='bbox 1189 1462 1306 1522; x_wconf 79' lang='grc' dir='ltr'><strong>ὦτα</strong></span> <span class='ocrx_word' id='word_1_138' title='bbox 1343 1465 1579 1534; x_wconf 75' lang='grc' dir='ltr'><strong>ἔχοντες,</strong></span> <span class='ocrx_word' id='word_1_139' title='bbox 1608 1461 1709 1515; x_wconf 71' lang='grc' dir='ltr'><strong>οὐκ</strong></span> <span class='ocrx_word' id='word_1_140' title='bbox 1741 1460 1966 1530; x_wconf 72' lang='grc' dir='ltr'><strong>’ἢκουον⁸</strong></span> 
     </span>
    </p>
   </div>
   <div class='ocr_carea' id='block_1_16' title="bbox 371 1551 1968 1632">
    <p class='ocr_par' dir='ltr' id='par_1_16' title="bbox 371 1551 1968 1632">
     <span class='ocr_line' id='line_1_21' title="bbox 371 1551 1968 1632; baseline -0.016 -3"><span class='ocrx_word' id='word_1_141' title='bbox 371 1551 438 1628; x_wconf 35' lang='grc' dir='ltr'><strong>δη</strong></span> <span class='ocrx_word' id='word_1_142' title='bbox 472 1573 568 1628; x_wconf 76' lang='grc' dir='ltr'><strong>καὶ</strong></span> <span class='ocrx_word' id='word_1_143' title='bbox 631 1551 862 1632; x_wconf 72' lang='grc' dir='ltr'><strong>Ἡσαΐας</strong></span> <span class='ocrx_word' id='word_1_144' title='bbox 912 1567 1096 1628; x_wconf 79' lang='grc' dir='ltr'><strong>αὐτοῖς</strong></span> <span class='ocrx_word' id='word_1_145' title='bbox 1162 1561 1446 1625; x_wconf 85' lang='grc' dir='ltr'><strong>ὠνείδισε,</strong></span> <span class='ocrx_word' id='word_1_146' title='bbox 1498 1556 1594 1611; x_wconf 75' lang='grc' dir='ltr'><strong>καὶ</strong></span> <span class='ocrx_word' id='word_1_147' title='bbox 1646 1557 1675 1609; x_wconf 85' lang='grc' dir='ltr'>ὁ</span> <span class='ocrx_word' id='word_1_148' title='bbox 1729 1551 1968 1625; x_wconf 84' lang='grc' dir='ltr'><strong>Χριστὸς</strong></span> 
     </span>
    </p>
   </div>
   <div class='ocr_carea' id='block_1_17' title="bbox 374 1666 635 1737">
    <p class='ocr_par' dir='ltr' id='par_1_17' title="bbox 374 1666 635 1737">
     <span class='ocr_line' id='line_1_22' title="bbox 374 1666 635 1737; baseline 0 -17"><span class='ocrx_word' id='word_1_149' title='bbox 374 1666 635 1737; x_wconf 76' lang='grc' dir='ltr'><strong>ὕστερον.</strong></span> 
     </span>
    </p>
   </div>
   <div class='ocr_carea' id='block_1_18' title="bbox 454 1819 1975 1899">
    <p class='ocr_par' dir='ltr' id='par_1_18' title="bbox 454 1819 1975 1899">
     <span class='ocr_line' id='line_1_23' title="bbox 454 1819 1975 1899; baseline -0.016 -1"><span class='ocrx_word' id='word_1_150' title='bbox 454 1843 565 1898; x_wconf 75' lang='grc' dir='ltr'><strong>Καὶ</strong></span> <span class='ocrx_word' id='word_1_151' title='bbox 606 1842 713 1897; x_wconf 86' lang='grc' dir='ltr'><strong>τὸν</strong></span> <span class='ocrx_word' id='word_1_152' title='bbox 747 1841 944 1895; x_wconf 85' lang='grc' dir='ltr'><strong>νῶτον</strong></span> <span class='ocrx_word' id='word_1_153' title='bbox 981 1837 1082 1892; x_wconf 81' lang='grc' dir='ltr'><strong>διὰ</strong></span> <span class='ocrx_word' id='word_1_154' title='bbox 1135 1832 1364 1898; x_wconf 80' lang='grc' dir='ltr'><strong>παντὸς</strong></span> <span class='ocrx_word' id='word_1_155' title='bbox 1409 1827 1797 1899; x_wconf 74' lang='grc' dir='ltr'><strong>σύγκαμψον.</strong></span> <span class='ocrx_word' id='word_1_156' title='bbox 1840 1819 1975 1876; x_wconf 72' lang='grc' dir='ltr'><strong>Ἀπὸ</strong></span> 
     </span>
    </p>
   </div>
   <div class='ocr_carea' id='block_1_19' title="bbox 374 1915 1974 2002">
    <p class='ocr_par' dir='ltr' id='par_1_19' title="bbox 374 1915 1974 2002">
     <span class='ocr_line' id='line_1_24' title="bbox 374 1915 1974 2002; baseline -0.016 -13"><span class='ocrx_word' id='word_1_157' title='bbox 374 1932 476 1989; x_wconf 73' lang='grc' dir='ltr'><strong>τοῦ</strong></span> <span class='ocrx_word' id='word_1_158' title='bbox 506 1932 777 2002; x_wconf 68' lang='grc' dir='ltr'><strong>ἑπομένου</strong></span> <span class='ocrx_word' id='word_1_159' title='bbox 799 1929 863 1985; x_wconf 82' lang='grc' dir='ltr'><strong>τὸ</strong></span> <span class='ocrx_word' id='word_1_160' title='bbox 883 1925 1301 1999; x_wconf 77' lang='grc' dir='ltr'><strong>προηγούμενον</strong></span> <span class='ocrx_word' id='word_1_161' title='bbox 1335 1920 1628 1990; x_wconf 79' lang='grc' dir='ltr'><strong>ἐδήλωσεν.</strong></span> <span class='ocrx_word' id='word_1_162' title='bbox 1657 1915 1974 1970; x_wconf 86' lang='grc' dir='ltr'><strong>Αἱνίσσεται</strong></span> 
     </span>
    </p>
   </div>
   <div class='ocr_carea' id='block_1_20' title="bbox 374 2003 1974 2094">
    <p class='ocr_par' dir='ltr' id='par_1_20' title="bbox 374 2003 1974 2094">
     <span class='ocr_line' id='line_1_25' title="bbox 374 2003 1974 2094; baseline -0.016 -13"><span class='ocrx_word' id='word_1_163' title='bbox 374 2028 437 2080; x_wconf 63' lang='grc' dir='ltr'><strong>δὲ</strong></span> <span class='ocrx_word' id='word_1_164' title='bbox 469 2026 498 2079; x_wconf 82' lang='grc' dir='ltr'>ὀ</span> <span class='ocrx_word' id='word_1_165' title='bbox 521 2026 681 2094; x_wconf 83' lang='grc' dir='ltr'><strong>λόγος</strong></span> <span class='ocrx_word' id='word_1_166' title='bbox 731 2024 833 2094; x_wconf 76' lang='grc' dir='ltr'><strong>τὴν</strong></span> <span class='ocrx_word' id='word_1_167' title='bbox 861 2020 1144 2076; x_wconf 79' lang='grc' dir='ltr'><strong>δουλείαν·</strong></span> <span class='ocrx_word' id='word_1_168' title='bbox 1179 2017 1377 2070; x_wconf 76' lang='grc' dir='ltr'><strong>ἕπεται</strong></span> <span class='ocrx_word' id='word_1_169' title='bbox 1427 2012 1532 2082; x_wconf 73' lang='grc' dir='ltr'><strong>γὰρ</strong></span> <span class='ocrx_word' id='word_1_170' title='bbox 1577 2010 1692 2072; x_wconf 82' lang='grc' dir='ltr'><strong>τοῖς</strong></span> <span class='ocrx_word' id='word_1_171' title='bbox 1749 2003 1974 2063; x_wconf 81' lang='grc' dir='ltr'><strong>δουλεύ-</strong></span> 
     </span>
    </p>
   </div>
   <div class='ocr_carea' id='block_1_21' title="bbox 373 2098 1980 2184">
    <p class='ocr_par' dir='ltr' id='par_1_21' title="bbox 373 2098 1980 2184">
     <span class='ocr_line' id='line_1_26' title="bbox 373 2098 1980 2184; baseline -0.016 -10"><span class='ocrx_word' id='word_1_172' title='bbox 373 2136 533 2175; x_wconf 84' lang='grc' dir='ltr'><strong>ουσιν</strong></span> <span class='ocrx_word' id='word_1_173' title='bbox 593 2115 1004 2184; x_wconf 69' lang='grc' dir='ltr'><strong>ἐπικεκυφότας</strong></span> <span class='ocrx_word' id='word_1_174' title='bbox 1055 2112 1329 2182; x_wconf 76' lang='grc' dir='ltr'><strong>βαδίζειν·</strong></span> <span class='ocrx_word' id='word_1_175' title='bbox 1381 2104 1544 2160; x_wconf 75' lang='grc' dir='ltr'><strong>τοῦτο</strong></span> <span class='ocrx_word' id='word_1_176' title='bbox 1590 2103 1690 2173; x_wconf 85' lang='grc' dir='ltr'><strong>μὲν</strong></span> <span class='ocrx_word' id='word_1_177' title='bbox 1741 2098 1980 2170; x_wconf 76' lang='grc' dir='ltr'><strong>ἁχθοφο·</strong></span> 
     </span>
    </p>
   </div>
   <div class='ocr_carea' id='block_1_22' title="bbox 378 2194 1975 2285">
    <p class='ocr_par' dir='ltr' id='par_1_22' title="bbox 378 2194 1975 2285">
     <span class='ocr_line' id='line_1_27' title="bbox 378 2194 1975 2285; baseline -0.014 -16"><span class='ocrx_word' id='word_1_178' title='bbox 378 2214 655 2285; x_wconf 62' lang='grc' dir='ltr'><strong>ροῦνταςι,</strong></span> <span class='ocrx_word' id='word_1_179' title='bbox 725 2211 889 2267; x_wconf 82' lang='grc' dir='ltr'><strong>τοῦτο</strong></span> <span class='ocrx_word' id='word_1_180' title='bbox 931 2209 990 2269; x_wconf 75' lang='grc' dir='ltr'><strong>δὲ</strong></span> <span class='ocrx_word' id='word_1_181' title='bbox 1044 2201 1453 2278; x_wconf 79' lang='grc' dir='ltr'><strong>βαρυνομένους</strong></span> <span class='ocrx_word' id='word_1_182' title='bbox 1514 2199 1641 2260; x_wconf 82' lang='grc' dir='ltr'><strong>ταῖς</strong></span> <span class='ocrx_word' id='word_1_183' title='bbox 1705 2194 1975 2263; x_wconf 76' lang='grc' dir='ltr'><strong>θλίψεσιν.</strong></span> 
     </span>
    </p>
   </div>
   <div class='ocr_carea' id='block_1_23' title="bbox 376 2284 1979 2377">
    <p class='ocr_par' dir='ltr' id='par_1_23' title="bbox 376 2284 1979 2377">
     <span class='ocr_line' id='line_1_28' title="bbox 376 2284 1979 2377; baseline -0.016 -15"><span class='ocrx_word' id='word_1_184' title='bbox 376 2284 531 2377; x_wconf 46' lang='grc' dir='ltr'><strong>ὲΟρα.</strong></span> <span class='ocrx_word' id='word_1_185' title='bbox 559 2306 614 2359; x_wconf 77' lang='grc' dir='ltr'><strong>δὲ</strong></span> <span class='ocrx_word' id='word_1_186' title='bbox 636 2306 734 2373; x_wconf 78' lang='grc' dir='ltr'><strong>τὴν</strong></span> <span class='ocrx_word' id='word_1_187' title='bbox 766 2301 1077 2374; x_wconf 76' lang='grc' dir='ltr'><strong>ἀκρίϐειαν.</strong></span> <span class='ocrx_word' id='word_1_188' title='bbox 1113 2297 1214 2352; x_wconf 82' lang='grc' dir='ltr'><strong>Διὰ</strong></span> <span class='ocrx_word' id='word_1_189' title='bbox 1244 2293 1447 2357; x_wconf 76' lang='grc' dir='ltr'><strong>παντὸς</strong></span> <span class='ocrx_word' id='word_1_190' title='bbox 1480 2293 1591 2361; x_wconf 82' lang='grc' dir='ltr'><strong>γὰρ</strong></span> <span class='ocrx_word' id='word_1_191' title='bbox 1654 2284 1833 2353; x_wconf 77' lang='grc' dir='ltr'><strong>εἶπεν,</strong></span> <span class='ocrx_word' id='word_1_192' title='bbox 1894 2285 1979 2338; x_wconf 83' lang='grc' dir='ltr'><strong>ὅτι</strong></span> 
     </span>
    </p>
   </div>
   <div class='ocr_carea' id='block_1_24' title="bbox 373 2380 1978 2470">
    <p class='ocr_par' dir='ltr' id='par_1_24' title="bbox 373 2380 1978 2470">
     <span class='ocr_line' id='line_1_29' title="bbox 373 2380 1978 2470; baseline -0.019 -13"><span class='ocrx_word' id='word_1_193' title='bbox 373 2401 482 2470; x_wconf 76' lang='grc' dir='ltr'><strong>οὐχ</strong></span> <span class='ocrx_word' id='word_1_194' title='bbox 504 2398 582 2460; x_wconf 78' lang='grc' dir='ltr'><strong>ὡς</strong></span> <span class='ocrx_word' id='word_1_195' title='bbox 610 2394 868 2458; x_wconf 76' lang='grc' dir='ltr'><strong>πολλάκις</strong></span> <span class='ocrx_word' id='word_1_196' title='bbox 889 2390 1274 2453; x_wconf 79' lang='grc' dir='ltr'><strong>δουλωθέντες,</strong></span> <span class='ocrx_word' id='word_1_197' title='bbox 1307 2383 1427 2440; x_wconf 78' lang='grc' dir='ltr'><strong>εἷτα</strong></span> <span class='ocrx_word' id='word_1_198' title='bbox 1469 2380 1978 2449; x_wconf 84' lang='grc' dir='ltr'><strong>ἀπαλλαγήσονται,</strong></span> 
     </span>
    </p>
   </div>
   <div class='ocr_carea' id='block_1_25' title="bbox 376 2470 1976 2560">
    <p class='ocr_par' dir='ltr' id='par_1_25' title="bbox 376 2470 1976 2560">
     <span class='ocr_line' id='line_1_30' title="bbox 376 2470 1976 2560; baseline -0.016 -14"><span class='ocrx_word' id='word_1_199' title='bbox 376 2487 506 2546; x_wconf 71' lang='grc' dir='ltr'><strong>ἀλλ’</strong></span> <span class='ocrx_word' id='word_1_200' title='bbox 539 2488 666 2560; x_wconf 81' lang='grc' dir='ltr'><strong>ἄχρι</strong></span> <span class='ocrx_word' id='word_1_201' title='bbox 716 2485 818 2555; x_wconf 79' lang='grc' dir='ltr'><strong>τῆς</strong></span> <span class='ocrx_word' id='word_1_202' title='bbox 848 2484 944 2539; x_wconf 81' lang='grc' dir='ltr'><strong>τοῦ</strong></span> <span class='ocrx_word' id='word_1_203' title='bbox 995 2483 1203 2552; x_wconf 78' lang='grc' dir='ltr'><strong>κόσμου</strong></span> <span class='ocrx_word' id='word_1_204' title='bbox 1258 2476 1572 2540; x_wconf 81' lang='grc' dir='ltr'><strong>συντελείας</strong></span> <span class='ocrx_word' id='word_1_205' title='bbox 1626 2470 1976 2529; x_wconf 80' lang='grc' dir='ltr'><strong>δουλεύσουσι</strong></span> 
     </span>
    </p>
   </div>
   <div class='ocr_carea' id='block_1_26' title="bbox 381 2580 925 2645">
    <p class='ocr_par' dir='ltr' id='par_1_26' title="bbox 381 2580 925 2645">
     <span class='ocr_line' id='line_1_31' title="bbox 381 2580 925 2645; baseline -0.007 -9"><span class='ocrx_word' id='word_1_206' title='bbox 381 2585 526 2640; x_wconf 76' lang='grc' dir='ltr'><strong>πᾶσι</strong></span> <span class='ocrx_word' id='word_1_207' title='bbox 550 2583 661 2645; x_wconf 79' lang='grc' dir='ltr'><strong>τοῖς</strong></span> <span class='ocrx_word' id='word_1_208' title='bbox 683 2580 925 2637; x_wconf 74' lang='grc' dir='ltr'><strong>ἔθνεσιν.</strong></span> 
     </span>
    </p>
   </div>
   <div class='ocr_carea' id='block_1_27' title="bbox 2057 1337 3170 1411">
    <p class='ocr_par' dir='ltr' id='par_1_27' title="bbox 2057 1337 3170 1411">
     <span class='ocr_line' id='line_1_32' title="bbox 2057 1337 3170 1411; baseline -0.018 -3"><span class='ocrx_word' id='word_1_209' title='bbox 2057 1364 2293 1408; x_wconf 87' lang='lat' dir='ltr'><strong>omnem</strong></span> <span class='ocrx_word' id='word_1_210' title='bbox 2323 1345 2647 1410; x_wconf 83' lang='lat' dir='ltr'><strong>hominem;</strong></span> <span class='ocrx_word' id='word_1_211' title='bbox 2700 1350 2757 1396; x_wconf 90' lang='lat' dir='ltr'><strong>et</strong></span> <span class='ocrx_word' id='word_1_212' title='bbox 2800 1338 2930 1411; x_wconf 86' lang='lat' dir='ltr'><strong>quia</strong></span> <span class='ocrx_word' id='word_1_213' title='bbox 2989 1337 3170 1409; x_wconf 90' lang='lat' dir='ltr'><strong>ipsum</strong></span> 
     </span>
    </p>
   </div>
   <div class='ocr_carea' id='block_1_28' title="bbox 999 1047 1989 1168">
    <p class='ocr_par' dir='ltr' id='par_1_28' title="bbox 999 1081 1965 1168">
     <span class='ocr_line' id='line_1_33' title="bbox 999 1081 1965 1168; baseline -0.02 -13"><span class='ocrx_word' id='word_1_214' title='bbox 999 1101 1056 1154; x_wconf 79' lang='grc' dir='ltr'><strong>οἱ</strong></span> <span class='ocrx_word' id='word_1_215' title='bbox 1090 1092 1389 1168; x_wconf 70' lang='grc' dir='ltr'><strong>ὀφθαλμοὶ</strong></span> <span class='ocrx_word' id='word_1_216' title='bbox 1449 1088 1651 1146; x_wconf 87' lang='grc' dir='ltr'><strong>αὐτῶν</strong></span> <span class='ocrx_word' id='word_1_217' title='bbox 1712 1085 1821 1141; x_wconf 84' lang='grc' dir='ltr'><strong>τοῦ</strong></span> <span class='ocrx_word' id='word_1_218' title='bbox 1882 1081 1965 1151; x_wconf 77' lang='grc' dir='ltr'><strong>μὴ</strong></span> 
     </span>
    </p>
   </div>
   <div class='ocr_carea' id='block_1_29' title="bbox 2099 1047 3661 1168">
    <p class='ocr_par' dir='ltr' id='par_1_29' title="bbox 2099 1047 3661 1168">
     <span class='ocr_line' id='line_1_34' title="bbox 2142 1047 3661 1130; baseline -0.021 0"><span class='ocrx_word' id='word_1_219' title='bbox 2142 1075 2306 1130; x_wconf 70' lang='lat' dir='ltr'><strong>Vsus.</strong></span> <span class='ocrx_word' id='word_1_220' title='bbox 2342 1069 2436 1124; x_wconf 69' lang='lat'><strong>‘24.</strong></span> <span class='ocrx_word' id='word_1_221' title='bbox 2481 1064 2907 1123; x_wconf 87' lang='lat' dir='ltr'><strong>Obtenebreutur</strong></span> <span class='ocrx_word' id='word_1_222' title='bbox 2933 1058 3077 1113; x_wconf 77' lang='lat' dir='ltr'><strong>oculi</strong></span> <span class='ocrx_word' id='word_1_223' title='bbox 3101 1069 3311 1114; x_wconf 87' lang='lat' dir='ltr'><strong>eorum.</strong></span> <span class='ocrx_word' id='word_1_224' title='bbox 3346 1066 3408 1105; x_wconf 90' lang='lat' dir='ltr'><strong>ue</strong></span> <span class='ocrx_word' id='word_1_225' title='bbox 3429 1047 3661 1104; x_wconf 81' lang='lat' dir='ltr'><strong>uideant.</strong></span> 
     </span>
     <span class='ocr_line' id='line_1_35' title="bbox 2099 1147 3631 1168; baseline -0.022 31"><span class='ocrx_word' id='word_1_226' title='bbox 2099 1165 2104 1168; x_wconf 66' lang='grc'><em>’</em></span> <span class='ocrx_word' id='word_1_227' title='bbox 2262 1163 2274 1168; x_wconf 79' lang='grc'><strong><em>“</em></strong></span> <span class='ocrx_word' id='word_1_228' title='bbox 2523 1159 2556 1168; x_wconf 76' lang='grc'><strong>’⁸</strong></span> <span class='ocrx_word' id='word_1_229' title='bbox 2898 1162 2909 1168; x_wconf 88' lang='grc'><strong><em>-</em></strong></span> <span class='ocrx_word' id='word_1_230' title='bbox 2970 1150 3028 1168; x_wconf 70' lang='grc' dir='ltr'><strong>Α·</strong></span> <span class='ocrx_word' id='word_1_231' title='bbox 3054 1158 3069 1168; x_wconf 84' lang='grc'><strong>·</strong></span> <span class='ocrx_word' id='word_1_232' title='bbox 3090 1164 3139 1168; x_wconf 46' lang='grc' dir='ltr'><strong>Α*</strong></span> <span class='ocrx_word' id='word_1_233' title='bbox 3159 1147 3420 1168; x_wconf 61' lang='grc' dir='ltr'><strong>-1--ι--ιη-</strong></span> <span class='ocrx_word' id='word_1_234' title='bbox 3451 1152 3631 1168; x_wconf 66' lang='grc' dir='ltr'><strong>...ειηηι</strong></span> 
     </span>
    </p>
   </div>
   <div class='ocr_carea' id='block_1_30' title="bbox 2076 1147 3665 1221">
    <p class='ocr_par' dir='ltr' id='par_1_30' title="bbox 2076 1147 3665 1221">
     <span class='ocr_line' id='line_1_36' title="bbox 2076 1147 3665 1221; baseline -0.02 -2"><span class='ocrx_word' id='word_1_235' title='bbox 2076 1164 2152 1221; x_wconf 90' lang='lat' dir='ltr'><strong>De</strong></span> <span class='ocrx_word' id='word_1_236' title='bbox 2185 1163 2385 1218; x_wconf 69' lang='lat' dir='ltr'><strong>animae</strong></span> <span class='ocrx_word' id='word_1_237' title='bbox 2414 1159 2592 1216; x_wconf 84' lang='lat' dir='ltr'><strong>oculis</strong></span> <span class='ocrx_word' id='word_1_238' title='bbox 2618 1169 2801 1213; x_wconf 83' lang='lat' dir='ltr'><strong>sermo</strong></span> <span class='ocrx_word' id='word_1_239' title='bbox 2831 1162 2936 1209; x_wconf 91' lang='lat' dir='ltr'><strong>est.</strong></span> <span class='ocrx_word' id='word_1_240' title='bbox 2968 1147 3420 1206; x_wconf 86' lang='lat' dir='ltr'><strong>Obtenebrentur</strong></span> <span class='ocrx_word' id='word_1_241' title='bbox 3451 1152 3665 1201; x_wconf 86' lang='lat' dir='ltr'><strong>autem,</strong></span> 
     </span>
    </p>
   </div>
   <div class='ocr_carea' id='block_1_31' title="bbox 2071 1230 3670 1330">
    <p class='ocr_par' dir='ltr' id='par_1_31' title="bbox 2071 1230 3670 1330">
     <span class='ocr_line' id='line_1_37' title="bbox 2071 1230 3670 1330; baseline -0.019 -17"><span class='ocrx_word' id='word_1_242' title='bbox 2071 1259 2202 1330; x_wconf 85' lang='lat' dir='ltr'><strong>quia</strong></span> <span class='ocrx_word' id='word_1_243' title='bbox 2235 1256 2413 1311; x_wconf 88' lang='lat' dir='ltr'><strong>lucem</strong></span> <span class='ocrx_word' id='word_1_244' title='bbox 2447 1253 2597 1306; x_wconf 87' lang='lat' dir='ltr'><strong>illam</strong></span> <span class='ocrx_word' id='word_1_245' title='bbox 2628 1250 2816 1305; x_wconf 87' lang='lat' dir='ltr'><strong>videre</strong></span> <span class='ocrx_word' id='word_1_246' title='bbox 2860 1245 3159 1302; x_wconf 86' lang='lat' dir='ltr'><strong>noluerunt</strong></span> <span class='ocrx_word' id='word_1_247' title='bbox 3220 1254 3343 1309; x_wconf 78' lang='lat' dir='ltr'><strong>quze</strong></span> <span class='ocrx_word' id='word_1_248' title='bbox 3393 1230 3670 1289; x_wconf 86' lang='lat' dir='ltr'><strong>illuminat</strong></span> 
     </span>
    </p>
   </div>
   <div class='ocr_carea' id='block_1_32' title="bbox 3227 1323 3673 1397">
    <p class='ocr_par' dir='ltr' id='par_1_32' title="bbox 3227 1323 3673 1397">
     <span class='ocr_line' id='line_1_38' title="bbox 3227 1323 3673 1397; baseline -0.013 -12"><span class='ocrx_word' id='word_1_249' title='bbox 3227 1330 3394 1385; x_wconf 87' lang='lat' dir='ltr'><strong>etiam</strong></span> <span class='ocrx_word' id='word_1_250' title='bbox 3439 1323 3673 1397; x_wconf 64' lang='lat' dir='ltr'><strong>iustitiae</strong></span> 
     </span>
    </p>
   </div>
   <div class='ocr_carea' id='block_1_33' title="bbox 2077 1420 3671 1501">
    <p class='ocr_par' dir='ltr' id='par_1_33' title="bbox 2077 1420 3671 1501">
     <span class='ocr_line' id='line_1_39' title="bbox 2077 1420 3671 1501; baseline -0.019 0"><span class='ocrx_word' id='word_1_251' title='bbox 2077 1443 2266 1501; x_wconf 64' lang='lat' dir='ltr'><strong>Solem</strong></span> <span class='ocrx_word' id='word_1_252' title='bbox 2301 1438 2507 1495; x_wconf 88' lang='lat' dir='ltr'><strong>intueri</strong></span> <span class='ocrx_word' id='word_1_253' title='bbox 2538 1437 2865 1493; x_wconf 88' lang='lat' dir='ltr'><strong>noluerunt.</strong></span> <span class='ocrx_word' id='word_1_254' title='bbox 2897 1430 3103 1487; x_wconf 86' lang='lat' dir='ltr'><strong>Oculos</strong></span> <span class='ocrx_word' id='word_1_255' title='bbox 3142 1425 3348 1482; x_wconf 89' lang='lat' dir='ltr'><strong>etenim</strong></span> <span class='ocrx_word' id='word_1_256' title='bbox 3400 1420 3671 1475; x_wconf 90' lang='lat' dir='ltr'><strong>habentes</strong></span> 
     </span>
    </p>
   </div>
   <div class='ocr_carea' id='block_1_34' title="bbox 2075 1511 3668 1599">
    <p class='ocr_par' dir='ltr' id='par_1_34' title="bbox 2075 1511 3668 1599">
     <span class='ocr_line' id='line_1_40' title="bbox 2075 1511 3668 1599; baseline -0.018 -8"><span class='ocrx_word' id='word_1_257' title='bbox 2075 1551 2185 1592; x_wconf 86' lang='lat' dir='ltr'><strong>non</strong></span> <span class='ocrx_word' id='word_1_258' title='bbox 2222 1534 2502 1599; x_wconf 87' lang='lat' dir='ltr'><strong>viderunt,</strong></span> <span class='ocrx_word' id='word_1_259' title='bbox 2554 1539 2611 1585; x_wconf 90' lang='lat' dir='ltr'><strong>et</strong></span> <span class='ocrx_word' id='word_1_260' title='bbox 2659 1527 2927 1583; x_wconf 86' lang='lat' dir='ltr'><strong>habentes</strong></span> <span class='ocrx_word' id='word_1_261' title='bbox 2979 1534 3144 1577; x_wconf 87' lang='lat' dir='ltr'><strong>aures</strong></span> <span class='ocrx_word' id='word_1_262' title='bbox 3184 1531 3294 1572; x_wconf 91' lang='lat' dir='ltr'><strong>non</strong></span> <span class='ocrx_word' id='word_1_263' title='bbox 3348 1511 3668 1571; x_wconf 89' lang='lat' dir='ltr'><strong>audierunt,</strong></span> 
     </span>
    </p>
   </div>
   <div class='ocr_carea' id='block_1_35' title="bbox 2076 1605 3670 1697">
    <p class='ocr_par' dir='ltr' id='par_1_35' title="bbox 2076 1605 3670 1697">
     <span class='ocr_line' id='line_1_41' title="bbox 2076 1605 3670 1697; baseline -0.018 -13"><span class='ocrx_word' id='word_1_264' title='bbox 2076 1628 2241 1684; x_wconf 84' lang='lat' dir='ltr'><strong>sicuti</strong></span> <span class='ocrx_word' id='word_1_265' title='bbox 2271 1634 2326 1682; x_wconf 87' lang='lat' dir='ltr'><strong>et</strong></span> <span class='ocrx_word' id='word_1_266' title='bbox 2349 1626 2467 1697; x_wconf 90' lang='lat' dir='ltr'><strong>ipse</strong></span> <span class='ocrx_word' id='word_1_267' title='bbox 2517 1621 2717 1686; x_wconf 85' lang='lat' dir='ltr'><strong>Isaias,</strong></span> <span class='ocrx_word' id='word_1_268' title='bbox 2772 1627 2829 1675; x_wconf 89' lang='lat' dir='ltr'><strong>et</strong></span> <span class='ocrx_word' id='word_1_269' title='bbox 2860 1616 3120 1673; x_wconf 87' lang='lat' dir='ltr'><strong>Christus</strong></span> <span class='ocrx_word' id='word_1_270' title='bbox 3153 1610 3323 1666; x_wconf 86' lang='lat' dir='ltr'><strong>etiam</strong></span> <span class='ocrx_word' id='word_1_271' title='bbox 3353 1605 3435 1661; x_wconf 87' lang='lat' dir='ltr'><strong>eis</strong></span> <span class='ocrx_word' id='word_1_272' title='bbox 3463 1616 3670 1675; x_wconf 81' lang='lat' dir='ltr'><strong>expro—</strong></span> 
     </span>
    </p>
   </div>
   <div class='ocr_carea' id='block_1_36' title="bbox 2080 1719 2288 1776">
    <p class='ocr_par' dir='ltr' id='par_1_36' title="bbox 2080 1719 2288 1776">
     <span class='ocr_line' id='line_1_42' title="bbox 2080 1719 2288 1776; baseline -0.024 0"><span class='ocrx_word' id='word_1_273' title='bbox 2080 1719 2288 1776; x_wconf 86' lang='lat' dir='ltr'><strong>bravit.</strong></span> 
     </span>
    </p>
   </div>
   <div class='ocr_carea' id='block_1_37' title="bbox 2153 1784 3672 1870">
    <p class='ocr_par' dir='ltr' id='par_1_37' title="bbox 2153 1784 3672 1870">
     <span class='ocr_line' id='line_1_43' title="bbox 2153 1784 3672 1870; baseline -0.02 -1"><span class='ocrx_word' id='word_1_274' title='bbox 2153 1813 2224 1868; x_wconf 83' lang='lat' dir='ltr'><strong>Et</strong></span> <span class='ocrx_word' id='word_1_275' title='bbox 2267 1811 2489 1866; x_wconf 78' lang='lat' dir='ltr'><strong>dorsum</strong></span> <span class='ocrx_word' id='word_1_276' title='bbox 2533 1821 2714 1862; x_wconf 87' lang='lat' dir='ltr'><strong>eorum</strong></span> <span class='ocrx_word' id='word_1_277' title='bbox 2771 1816 2976 1870; x_wconf 80' lang='lat' dir='ltr'><strong>semper</strong></span> <span class='ocrx_word' id='word_1_278' title='bbox 3018 1796 3259 1851; x_wconf 82' lang='lat' dir='ltr'><strong>incurva.</strong></span> <span class='ocrx_word' id='word_1_279' title='bbox 3314 1790 3397 1845; x_wconf 84' lang='lat' dir='ltr'><strong>Ab</strong></span> <span class='ocrx_word' id='word_1_280' title='bbox 3428 1784 3672 1864; x_wconf 84' lang='lat' dir='ltr'><strong>eoquod</strong></span> 
     </span>
    </p>
   </div>
   <div class='ocr_carea' id='block_1_38' title="bbox 2079 1880 3671 1976">
    <p class='ocr_par' dir='ltr' id='par_1_38' title="bbox 2079 1880 3671 1976">
     <span class='ocr_line' id='line_1_44' title="bbox 2079 1880 3671 1976; baseline -0.021 -11"><span class='ocrx_word' id='word_1_281' title='bbox 2079 1904 2441 1976; x_wconf 86' lang='lat' dir='ltr'><strong>consequitur</strong></span> <span class='ocrx_word' id='word_1_282' title='bbox 2463 1896 2744 1955; x_wconf 85' lang='lat' dir='ltr'><strong>denotavit</strong></span> <span class='ocrx_word' id='word_1_283' title='bbox 2759 1894 2811 1949; x_wconf 92' lang='lat' dir='ltr'><strong>id</strong></span> <span class='ocrx_word' id='word_1_284' title='bbox 2837 1890 2986 1964; x_wconf 88' lang='lat' dir='ltr'><strong>quod</strong></span> <span class='ocrx_word' id='word_1_285' title='bbox 3016 1885 3303 1961; x_wconf 81' lang='lat' dir='ltr'><strong>praecedit.</strong></span> <span class='ocrx_word' id='word_1_286' title='bbox 3325 1881 3443 1937; x_wconf 83' lang='lat' dir='ltr'><strong>Hoc</strong></span> <span class='ocrx_word' id='word_1_287' title='bbox 3463 1880 3671 1935; x_wconf 86' lang='lat' dir='ltr'><strong>etenim</strong></span> 
     </span>
    </p>
   </div>
   <div class='ocr_carea' id='block_1_39' title="bbox 2082 1970 3674 2056">
    <p class='ocr_par' dir='ltr' id='par_1_39' title="bbox 2082 1970 3674 2056">
     <span class='ocr_line' id='line_1_45' title="bbox 2082 1970 3674 2056; baseline -0.02 0"><span class='ocrx_word' id='word_1_288' title='bbox 2082 1970 2341 2056; x_wconf 74' lang='lat' dir='ltr'><strong>sermone</strong></span> <span class='ocrx_word' id='word_1_289' title='bbox 2372 1993 2696 2051; x_wconf 81' lang='lat' dir='ltr'><strong>servitutem</strong></span> <span class='ocrx_word' id='word_1_290' title='bbox 2730 1988 2909 2043; x_wconf 82' lang='lat' dir='ltr'><strong>voluit</strong></span> <span class='ocrx_word' id='word_1_291' title='bbox 2943 1982 3103 2039; x_wconf 90' lang='lat' dir='ltr'><strong>nobis</strong></span> <span class='ocrx_word' id='word_1_292' title='bbox 3132 1978 3413 2049; x_wconf 89' lang='lat' dir='ltr'><strong>Propheta</strong></span> <span class='ocrx_word' id='word_1_293' title='bbox 3460 1970 3674 2043; x_wconf 79' lang='lat' dir='ltr'><strong>signiﬁ-</strong></span> 
     </span>
    </p>
   </div>
   <div class='ocr_carea' id='block_1_40' title="bbox 2081 2073 3673 2150">
    <p class='ocr_par' dir='ltr' id='par_1_40' title="bbox 2081 2073 3673 2150">
     <span class='ocr_line' id='line_1_46' title="bbox 2081 2073 3673 2150; baseline -0.019 0"><span class='ocrx_word' id='word_1_294' title='bbox 2081 2108 2233 2150; x_wconf 90' lang='lat' dir='ltr'><strong>care.</strong></span> <span class='ocrx_word' id='word_1_295' title='bbox 2268 2089 2405 2147; x_wconf 85' lang='lat' dir='ltr'><strong>illud</strong></span> <span class='ocrx_word' id='word_1_296' title='bbox 2452 2094 2638 2142; x_wconf 89' lang='lat' dir='ltr'><strong>autem</strong></span> <span class='ocrx_word' id='word_1_297' title='bbox 2680 2098 2779 2140; x_wconf 92' lang='lat' dir='ltr'><strong>eos</strong></span> <span class='ocrx_word' id='word_1_298' title='bbox 2811 2095 3005 2137; x_wconf 89' lang='lat' dir='ltr'><strong>omnes</strong></span> <span class='ocrx_word' id='word_1_299' title='bbox 3039 2085 3098 2131; x_wconf 92' lang='lat' dir='ltr'><strong>ut</strong></span> <span class='ocrx_word' id='word_1_300' title='bbox 3134 2073 3434 2146; x_wconf 88' lang='lat' dir='ltr'><strong>plurimum</strong></span> <span class='ocrx_word' id='word_1_301' title='bbox 3472 2081 3673 2123; x_wconf 77' lang='lat' dir='ltr'><strong>censa-</strong></span> 
     </span>
    </p>
   </div>
   <div class='ocr_carea' id='block_1_41' title="bbox 2082 2159 3676 2260">
    <p class='ocr_par' dir='ltr' id='par_1_41' title="bbox 2082 2159 3676 2260">
     <span class='ocr_line' id='line_1_47' title="bbox 2082 2159 3676 2260; baseline -0.02 -17"><span class='ocrx_word' id='word_1_302' title='bbox 2082 2169 2294 2260; x_wconf 77' lang='lat' dir='ltr'><strong>quitur,</strong></span> <span class='ocrx_word' id='word_1_303' title='bbox 2335 2182 2428 2254; x_wconf 88' lang='lat' dir='ltr'><strong>qui</strong></span> <span class='ocrx_word' id='word_1_304' title='bbox 2463 2180 2607 2237; x_wconf 87' lang='lat' dir='ltr'><strong>servi</strong></span> <span class='ocrx_word' id='word_1_305' title='bbox 2644 2183 2797 2241; x_wconf 87' lang='lat' dir='ltr'><strong>sunt,</strong></span> <span class='ocrx_word' id='word_1_306' title='bbox 2851 2181 2913 2228; x_wconf 91' lang='lat' dir='ltr'><strong>ut</strong></span> <span class='ocrx_word' id='word_1_307' title='bbox 2971 2185 3141 2227; x_wconf 88' lang='lat' dir='ltr'><strong>onere</strong></span> <span class='ocrx_word' id='word_1_308' title='bbox 3171 2175 3266 2223; x_wconf 88' lang='lat' dir='ltr'><strong>aut</strong></span> <span class='ocrx_word' id='word_1_309' title='bbox 3313 2165 3425 2220; x_wconf 89' lang='lat' dir='ltr'><strong>alio</strong></span> <span class='ocrx_word' id='word_1_310' title='bbox 3468 2159 3676 2217; x_wconf 78' lang='lat' dir='ltr'><strong>laboris</strong></span> 
     </span>
    </p>
   </div>
   <div class='ocr_carea' id='block_1_42' title="bbox 2087 2252 3673 2340">
    <p class='ocr_par' dir='ltr' id='par_1_42' title="bbox 2087 2252 3673 2340">
     <span class='ocr_line' id='line_1_48' title="bbox 2087 2252 3673 2340; baseline -0.019 -6"><span class='ocrx_word' id='word_1_311' title='bbox 2087 2252 2184 2334; x_wconf 74' lang='lat' dir='ltr'><strong>seu</strong></span> <span class='ocrx_word' id='word_1_312' title='bbox 2226 2252 2564 2331; x_wconf 83' lang='lat' dir='ltr'><strong>calamitatis</strong></span> <span class='ocrx_word' id='word_1_313' title='bbox 2590 2280 2791 2340; x_wconf 73' lang='lat' dir='ltr'><strong>genere</strong></span> <span class='ocrx_word' id='word_1_314' title='bbox 2818 2261 3096 2336; x_wconf 87' lang='lat' dir='ltr'><strong>oppressi,</strong></span> <span class='ocrx_word' id='word_1_315' title='bbox 3143 2255 3356 2314; x_wconf 90' lang='lat' dir='ltr'><strong>curvati</strong></span> <span class='ocrx_word' id='word_1_316' title='bbox 3390 2252 3673 2309; x_wconf 80' lang='lat' dir='ltr'><strong>incedant.</strong></span> 
     </span>
    </p>
   </div>
   <div class='ocr_carea' id='block_1_43' title="bbox 2085 2344 3674 2430">
    <p class='ocr_par' dir='ltr' id='par_1_43' title="bbox 2085 2344 3674 2430">
     <span class='ocr_line' id='line_1_49' title="bbox 2085 2344 3674 2430; baseline -0.02 -3"><span class='ocrx_word' id='word_1_317' title='bbox 2085 2366 2392 2427; x_wconf 87' lang='lat' dir='ltr'><strong>Considera</strong></span> <span class='ocrx_word' id='word_1_318' title='bbox 2423 2363 2590 2421; x_wconf 88' lang='lat' dir='ltr'><strong>etiam</strong></span> <span class='ocrx_word' id='word_1_319' title='bbox 2626 2346 2832 2430; x_wconf 81' lang='lat' dir='ltr'><strong>quanta</strong></span> <span class='ocrx_word' id='word_1_320' title='bbox 2862 2369 2995 2411; x_wconf 90' lang='lat' dir='ltr'><strong>cura</strong></span> <span class='ocrx_word' id='word_1_321' title='bbox 3030 2364 3344 2408; x_wconf 90' lang='lat' dir='ltr'><strong>sermonem</strong></span> <span class='ocrx_word' id='word_1_322' title='bbox 3377 2360 3535 2404; x_wconf 87' lang='lat' dir='ltr'><strong>suum</strong></span> <span class='ocrx_word' id='word_1_323' title='bbox 3573 2344 3674 2397; x_wconf 85' lang='lat' dir='ltr'><strong>ad-</strong></span> 
     </span>
    </p>
   </div>
   <div class='ocr_carea' id='block_1_44' title="bbox 2088 2435 3679 2526">
    <p class='ocr_par' dir='ltr' id='par_1_44' title="bbox 2088 2435 3679 2526">
     <span class='ocr_line' id='line_1_50' title="bbox 2088 2435 3679 2526; baseline -0.02 -8"><span class='ocrx_word' id='word_1_324' title='bbox 2088 2474 2284 2518; x_wconf 85' lang='lat' dir='ltr'><strong>versus</strong></span> <span class='ocrx_word' id='word_1_325' title='bbox 2319 2471 2420 2513; x_wconf 91' lang='lat' dir='ltr'><strong>eos</strong></span> <span class='ocrx_word' id='word_1_326' title='bbox 2450 2451 2793 2526; x_wconf 83' lang='lat' dir='ltr'><strong>perstringat</strong></span> <span class='ocrx_word' id='word_1_327' title='bbox 2822 2445 3121 2515; x_wconf 87' lang='lat' dir='ltr'><strong>Propheta,</strong></span> <span class='ocrx_word' id='word_1_328' title='bbox 3153 2440 3282 2496; x_wconf 93' lang='lat' dir='ltr'><strong>dum</strong></span> <span class='ocrx_word' id='word_1_329' title='bbox 3307 2440 3419 2493; x_wconf 87' lang='lat' dir='ltr'><strong>ait:</strong></span> <span class='ocrx_word' id='word_1_330' title='bbox 3457 2435 3679 2502; x_wconf 80' lang='lat' dir='ltr'><strong>Semper</strong></span> 
     </span>
    </p>
   </div>
   <div class='ocr_carea' id='block_1_45' title="bbox 2084 2528 3679 2616">
    <p class='ocr_par' dir='ltr' id='par_1_45' title="bbox 2084 2528 3679 2616">
     <span class='ocr_line' id='line_1_51' title="bbox 2084 2528 3679 2616; baseline -0.019 -6"><span class='ocrx_word' id='word_1_331' title='bbox 2084 2556 2354 2616; x_wconf 79' lang='lat' dir='ltr'><strong>incurva;</strong></span> <span class='ocrx_word' id='word_1_332' title='bbox 2389 2563 2452 2604; x_wconf 92' lang='lat' dir='ltr'><strong>ac</strong></span> <span class='ocrx_word' id='word_1_333' title='bbox 2486 2546 2535 2602; x_wconf 92' lang='lat' dir='ltr'><strong>si</strong></span> <span class='ocrx_word' id='word_1_334' title='bbox 2589 2543 2800 2600; x_wconf 86' lang='lat' dir='ltr'><strong>diceret</strong></span> <span class='ocrx_word' id='word_1_335' title='bbox 2836 2538 2986 2594; x_wconf 85' lang='lat' dir='ltr'><strong>:Eos</strong></span> <span class='ocrx_word' id='word_1_336' title='bbox 3031 2533 3270 2606; x_wconf 85' lang='lat' dir='ltr'><strong>amplius</strong></span> <span class='ocrx_word' id='word_1_337' title='bbox 3321 2545 3352 2584; x_wconf 86' lang='grc' dir='ltr'><strong>ιι</strong></span> <span class='ocrx_word' id='word_1_338' title='bbox 3411 2528 3679 2583; x_wconf 88' lang='lat' dir='ltr'><strong>servitute</strong></span> 
     </span>
    </p>
   </div>
   <div class='ocr_carea' id='block_1_46' title="bbox 383 2618 3682 2736">
    <p class='ocr_par' dir='ltr' id='par_1_46' title="bbox 383 2618 3682 2736">
     <span class='ocr_line' id='line_1_52' title="bbox 387 2618 925 2645; baseline -0.004 -11"><span class='ocrx_word' id='word_1_339' title='bbox 387 2618 526 2640; x_wconf 68' lang='grc' dir='ltr'><strong>..νιν-</strong></span> <span class='ocrx_word' id='word_1_340' title='bbox 560 2618 659 2645; x_wconf 79' lang='grc' dir='ltr'><strong>.υ.,</strong></span> <span class='ocrx_word' id='word_1_341' title='bbox 683 2618 925 2637; x_wconf 57' lang='grc' dir='ltr'><strong>εμπ...</strong></span> 
     </span>
     <span class='ocr_line' id='line_1_53' title="bbox 383 2618 3682 2736; baseline -0.018 -4"><span class='ocrx_word' id='word_1_342' title='bbox 383 2677 704 2733; x_wconf 86' lang='lat' dir='ltr'><strong>liberandos</strong></span> <span class='ocrx_word' id='word_1_343' title='bbox 731 2689 840 2728; x_wconf 88' lang='lat' dir='ltr'><strong>non</strong></span> <span class='ocrx_word' id='word_1_344' title='bbox 876 2685 1018 2736; x_wconf 87' lang='lat' dir='ltr'><strong>esse,</strong></span> <span class='ocrx_word' id='word_1_345' title='bbox 1058 2667 1280 2724; x_wconf 85' lang='lat' dir='ltr'><strong>tametsi</strong></span> <span class='ocrx_word' id='word_1_346' title='bbox 1332 2676 1714 2736; x_wconf 58' lang='lat' dir='ltr'><strong>saepenumero</strong></span> <span class='ocrx_word' id='word_1_347' title='bbox 1738 2644 1792 2714; x_wconf 89' lang='lat' dir='ltr'><strong>in</strong></span> <span class='ocrx_word' id='word_1_348' title='bbox 1827 2651 2167 2727; x_wconf 66' lang='lat' dir='ltr'><strong>praeteritum</strong></span> <span class='ocrx_word' id='word_1_349' title='bbox 2192 2645 2400 2702; x_wconf 79' lang='lat' dir='ltr'><strong>fuerint</strong></span> <span class='ocrx_word' id='word_1_350' title='bbox 2430 2637 2675 2706; x_wconf 84' lang='lat' dir='ltr'><strong>liberati,</strong></span> <span class='ocrx_word' id='word_1_351' title='bbox 2703 2620 2807 2693; x_wconf 23' lang='lat' dir='ltr'><strong>sed.</strong></span> <span class='ocrx_word' id='word_1_352' title='bbox 2862 2632 2931 2689; x_wconf 88' lang='lat' dir='ltr'><strong>ad</strong></span> <span class='ocrx_word' id='word_1_353' title='bbox 2993 2629 3174 2699; x_wconf 86' lang='lat' dir='ltr'><strong>ipsum</strong></span> <span class='ocrx_word' id='word_1_354' title='bbox 3245 2639 3424 2694; x_wconf 90' lang='lat' dir='ltr'><strong>usque</strong></span> <span class='ocrx_word' id='word_1_355' title='bbox 3482 2618 3682 2688; x_wconf 67' lang='lat' dir='ltr'><strong>mundi</strong></span> 
     </span>
    </p>
   </div>
   <div class='ocr_carea' id='block_1_47' title="bbox 386 2740 2546 2837">
    <p class='ocr_par' dir='ltr' id='par_1_47' title="bbox 386 2740 2546 2837">
     <span class='ocr_line' id='line_1_54' title="bbox 386 2740 2546 2837; baseline -0.017 -11"><span class='ocrx_word' id='word_1_356' title='bbox 386 2775 576 2833; x_wconf 88' lang='lat' dir='ltr'><strong>tinem,</strong></span> <span class='ocrx_word' id='word_1_357' title='bbox 630 2769 682 2823; x_wconf 94' lang='lat' dir='ltr'><strong>in</strong></span> <span class='ocrx_word' id='word_1_358' title='bbox 718 2779 1045 2837; x_wconf 85' lang='lat' dir='ltr'><strong>quacunque</strong></span> <span class='ocrx_word' id='word_1_359' title='bbox 1070 2762 1222 2818; x_wconf 86' lang='lat' dir='ltr'><strong>orbis</strong></span> <span class='ocrx_word' id='word_1_360' title='bbox 1254 2769 1408 2831; x_wconf 79' lang='lat' dir='ltr'><strong>parte</strong></span> <span class='ocrx_word' id='word_1_361' title='bbox 1441 2759 1668 2824; x_wconf 77' lang='lat' dir='ltr'><strong>fuerint,</strong></span> <span class='ocrx_word' id='word_1_362' title='bbox 1704 2753 1826 2809; x_wconf 89' lang='lat' dir='ltr'><strong>aliis</strong></span> <span class='ocrx_word' id='word_1_363' title='bbox 1858 2744 2183 2805; x_wconf 84' lang='lat' dir='ltr'><strong>nationibus</strong></span> <span class='ocrx_word' id='word_1_364' title='bbox 2217 2740 2546 2796; x_wconf 83' lang='lat' dir='ltr'><strong>servituros.</strong></span> 
     </span>
    </p>
   </div>
   <div class='ocr_carea' id='block_1_48' title="bbox 465 2845 1981 2930">
    <p class='ocr_par' dir='ltr' id='par_1_48' title="bbox 465 2845 1981 2930">
     <span class='ocr_line' id='line_1_55' title="bbox 465 2845 1981 2930; baseline -0.013 -15"><span class='ocrx_word' id='word_1_365' title='bbox 465 2864 718 2930; x_wconf 81' lang='grc' dir='ltr'><strong>Ἕκχεον</strong></span> <span class='ocrx_word' id='word_1_366' title='bbox 744 2858 837 2912; x_wconf 76' lang='grc' dir='ltr'><strong>ἐπ’</strong></span> <span class='ocrx_word' id='word_1_367' title='bbox 857 2855 1082 2922; x_wconf 82' lang='grc' dir='ltr'><strong>αὐτοὺς</strong></span> <span class='ocrx_word' id='word_1_368' title='bbox 1122 2856 1240 2922; x_wconf 80' lang='grc' dir='ltr'><strong>τὴν</strong></span> <span class='ocrx_word' id='word_1_369' title='bbox 1264 2850 1452 2923; x_wconf 79' lang='grc' dir='ltr'><strong>ὀργήν</strong></span> <span class='ocrx_word' id='word_1_370' title='bbox 1474 2866 1614 2912; x_wconf 75' lang='grc' dir='ltr'><strong>σου,</strong></span> <span class='ocrx_word' id='word_1_371' title='bbox 1652 2846 1751 2900; x_wconf 77' lang='grc' dir='ltr'><strong>καὶ</strong></span> <span class='ocrx_word' id='word_1_372' title='bbox 1798 2846 1830 2899; x_wconf 85' lang='grc' dir='ltr'><em>ὀ</em></span> <span class='ocrx_word' id='word_1_373' title='bbox 1879 2845 1981 2898; x_wconf 84' lang='grc' dir='ltr'><strong>θυ-</strong></span> 
     </span>
    </p>
   </div>
   <div class='ocr_carea' id='block_1_49' title="bbox 384 2934 1983 3028">
    <p class='ocr_par' dir='ltr' id='par_1_49' title="bbox 384 2934 1983 3028">
     <span class='ocr_line' id='line_1_56' title="bbox 384 2934 1983 3028; baseline -0.018 -12"><span class='ocrx_word' id='word_1_374' title='bbox 384 2963 503 3028; x_wconf 79' lang='grc' dir='ltr'><strong>μὸς</strong></span> <span class='ocrx_word' id='word_1_375' title='bbox 531 2956 643 3023; x_wconf 85' lang='grc' dir='ltr'><strong>τῆς</strong></span> <span class='ocrx_word' id='word_1_376' title='bbox 657 2952 838 3023; x_wconf 77' lang='grc' dir='ltr'><strong>ὀργῆς</strong></span> <span class='ocrx_word' id='word_1_377' title='bbox 866 2968 982 3006; x_wconf 88' lang='grc' dir='ltr'><strong>σου</strong></span> <span class='ocrx_word' id='word_1_378' title='bbox 1004 2947 1327 3003; x_wconf 57' lang='lat' dir='ltr'><strong>numicier</strong></span> <span class='ocrx_word' id='word_1_379' title='bbox 1352 2943 1596 3008; x_wconf 77' lang='grc' dir='ltr'><strong>αὐτούς.</strong></span> <span class='ocrx_word' id='word_1_380' title='bbox 1615 2941 1691 2994; x_wconf 85' lang='grc' dir='ltr'><strong>Τὸ</strong></span> <span class='ocrx_word' id='word_1_381' title='bbox 1715 2937 1848 2992; x_wconf 76' lang='grc' dir='ltr'><strong>αὐτο</strong></span> <span class='ocrx_word' id='word_1_382' title='bbox 1888 2934 1983 2989; x_wconf 73' lang='grc' dir='ltr'><strong>καὶ</strong></span> 
     </span>
    </p>
   </div>
   <div class='ocr_carea' id='block_1_50' title="bbox 386 3026 1984 3119">
    <p class='ocr_par' dir='ltr' id='par_1_50' title="bbox 386 3026 1984 3119">
     <span class='ocr_line' id='line_1_57' title="bbox 386 3026 1984 3119; baseline -0.018 -13"><span class='ocrx_word' id='word_1_383' title='bbox 386 3026 563 3119; x_wconf 67' lang='grc' dir='ltr'><strong>ἄμφω</strong></span> <span class='ocrx_word' id='word_1_384' title='bbox 608 3046 763 3101; x_wconf 77' lang='grc' dir='ltr'><strong>ταυτὶ</strong></span> <span class='ocrx_word' id='word_1_385' title='bbox 802 3043 874 3098; x_wconf 79' lang='grc' dir='ltr'><strong>τὰ</strong></span> <span class='ocrx_word' id='word_1_386' title='bbox 908 3042 1049 3114; x_wconf 75' lang='grc' dir='ltr'><strong>ῥητὰ</strong></span> <span class='ocrx_word' id='word_1_387' title='bbox 1077 3039 1300 3110; x_wconf 81' lang='grc' dir='ltr'><strong>δηλοῦσι</strong></span> <span class='ocrx_word' id='word_1_388' title='bbox 1339 3054 1353 3070; x_wconf 89' lang='grc'><strong>·</strong></span> <span class='ocrx_word' id='word_1_389' title='bbox 1384 3035 1528 3105; x_wconf 79' lang='grc' dir='ltr'><strong>πλὴν</strong></span> <span class='ocrx_word' id='word_1_390' title='bbox 1562 3035 1651 3089; x_wconf 83' lang='grc' dir='ltr'><strong>ὅτι</strong></span> <span class='ocrx_word' id='word_1_391' title='bbox 1693 3030 1755 3085; x_wconf 77' lang='grc' dir='ltr'><strong>τὸ</strong></span> <span class='ocrx_word' id='word_1_392' title='bbox 1802 3026 1984 3082; x_wconf 80' lang='grc' dir='ltr'><strong>δεύτε-</strong></span> 
     </span>
    </p>
   </div>
   <div class='ocr_carea' id='block_1_51' title="bbox 393 3132 1333 3214">
    <p class='ocr_par' dir='ltr' id='par_1_51' title="bbox 393 3132 1333 3214">
     <span class='ocr_line' id='line_1_58' title="bbox 393 3132 1333 3214; baseline -0.012 -18"><span class='ocrx_word' id='word_1_393' title='bbox 393 3161 492 3214; x_wconf 77' lang='grc' dir='ltr'><strong>ρον</strong></span> <span class='ocrx_word' id='word_1_394' title='bbox 513 3141 883 3210; x_wconf 74' lang='grc' dir='ltr'><strong>,σφοδρότερον</strong></span> <span class='ocrx_word' id='word_1_395' title='bbox 907 3134 1002 3190; x_wconf 81' lang='grc' dir='ltr'><strong>τοῦ</strong></span> <span class='ocrx_word' id='word_1_396' title='bbox 1032 3132 1333 3204; x_wconf 82' lang='grc' dir='ltr'><strong>προτέρου.</strong></span> 
     </span>
    </p>
   </div>
   <div class='ocr_carea' id='block_1_52' title="bbox 470 3212 1985 3300">
    <p class='ocr_par' dir='ltr' id='par_1_52' title="bbox 470 3212 1985 3300">
     <span class='ocr_line' id='line_1_59' title="bbox 470 3212 1985 3300; baseline -0.014 -12"><span class='ocrx_word' id='word_1_397' title='bbox 470 3232 790 3300; x_wconf 74' lang='grc' dir='ltr'><strong>Γενηθήτω</strong></span> <span class='ocrx_word' id='word_1_398' title='bbox 814 3230 852 3296; x_wconf 81' lang='grc' dir='ltr'>ἡ</span> <span class='ocrx_word' id='word_1_399' title='bbox 887 3228 1149 3291; x_wconf 71' lang='grc' dir='ltr'><strong>ἔπαυλις</strong></span> <span class='ocrx_word' id='word_1_400' title='bbox 1191 3221 1394 3279; x_wconf 85' lang='grc' dir='ltr'><strong>αὐτῶν</strong></span> <span class='ocrx_word' id='word_1_401' title='bbox 1415 3217 1777 3290; x_wconf 75' lang='grc' dir='ltr'><strong>ἠρημωμένη</strong></span> <span class='ocrx_word' id='word_1_402' title='bbox 1814 3231 1830 3246; x_wconf 75' lang='grc'><strong>⁸</strong></span> <span class='ocrx_word' id='word_1_403' title='bbox 1884 3212 1985 3269; x_wconf 79' lang='grc' dir='ltr'><strong>καὶ</strong></span> 
     </span>
    </p>
   </div>
   <div class='ocr_carea' id='block_1_53' title="bbox 390 3303 1985 3391">
    <p class='ocr_par' dir='ltr' id='par_1_53' title="bbox 390 3303 1985 3391">
     <span class='ocr_line' id='line_1_60' title="bbox 390 3303 1985 3391; baseline -0.014 -12"><span class='ocrx_word' id='word_1_404' title='bbox 390 3328 467 3379; x_wconf 72' lang='grc' dir='ltr'><strong>ἐν</strong></span> <span class='ocrx_word' id='word_1_405' title='bbox 486 3324 615 3391; x_wconf 83' lang='grc' dir='ltr'><strong>τοῖς</strong></span> <span class='ocrx_word' id='word_1_406' title='bbox 652 3320 1052 3391; x_wconf 84' lang='grc' dir='ltr'><strong>σκηνώμασιν</strong></span> <span class='ocrx_word' id='word_1_407' title='bbox 1082 3314 1286 3371; x_wconf 83' lang='grc' dir='ltr'><strong>αὐτῶν</strong></span> <span class='ocrx_word' id='word_1_408' title='bbox 1298 3313 1385 3385; x_wconf 79' lang='grc' dir='ltr'><strong>μὴ</strong></span> <span class='ocrx_word' id='word_1_409' title='bbox 1417 3312 1575 3368; x_wconf 75' lang='grc' dir='ltr'><strong>ἔστω</strong></span> <span class='ocrx_word' id='word_1_410' title='bbox 1599 3312 1632 3365; x_wconf 84' lang='grc' dir='ltr'><em>ό</em></span> <span class='ocrx_word' id='word_1_411' title='bbox 1661 3303 1985 3363; x_wconf 81' lang='grc' dir='ltr'><strong>κατοικῶν.</strong></span> 
     </span>
    </p>
   </div>
   <div class='ocr_carea' id='block_1_54' title="bbox 395 3399 1990 3484">
    <p class='ocr_par' dir='ltr' id='par_1_54' title="bbox 395 3399 1990 3484">
     <span class='ocr_line' id='line_1_61' title="bbox 395 3399 1990 3484; baseline -0.016 -11"><span class='ocrx_word' id='word_1_412' title='bbox 395 3417 671 3472; x_wconf 81' lang='grc' dir='ltr'><strong>Ἔπαυλιν</strong></span> <span class='ocrx_word' id='word_1_413' title='bbox 726 3415 825 3484; x_wconf 84' lang='grc' dir='ltr'><strong>μὲν</strong></span> <span class='ocrx_word' id='word_1_414' title='bbox 865 3410 1064 3472; x_wconf 82' lang='grc' dir='ltr'><strong>κοινῶς</strong></span> <span class='ocrx_word' id='word_1_415' title='bbox 1123 3408 1274 3475; x_wconf 86' lang='grc' dir='ltr'><strong>λέγει</strong></span> <span class='ocrx_word' id='word_1_416' title='bbox 1338 3405 1441 3475; x_wconf 81' lang='grc' dir='ltr'><strong>τὴν</strong></span> <span class='ocrx_word' id='word_1_417' title='bbox 1482 3401 1639 3456; x_wconf 79' lang='grc' dir='ltr'><strong>πόλιν</strong></span> <span class='ocrx_word' id='word_1_418' title='bbox 1713 3399 1990 3470; x_wconf 76' lang='grc' dir='ltr'><strong>Ἰερουσα-</strong></span> 
     </span>
    </p>
   </div>
   <div class='ocr_carea' id='block_1_55' title="bbox 394 3488 1989 3579">
    <p class='ocr_par' dir='ltr' id='par_1_55' title="bbox 394 3488 1989 3579">
     <span class='ocr_line' id='line_1_62' title="bbox 394 3488 1989 3579; baseline -0.013 -17"><span class='ocrx_word' id='word_1_419' title='bbox 394 3510 535 3578; x_wconf 72' lang='grc' dir='ltr'><strong>λὴμ,</strong></span> <span class='ocrx_word' id='word_1_420' title='bbox 567 3510 625 3560; x_wconf 84' lang='grc' dir='ltr'><strong>ὲν</strong></span> <span class='ocrx_word' id='word_1_421' title='bbox 668 3499 933 3579; x_wconf 81' lang='grc' dir='ltr'><strong>ᾖπάντες</strong></span> <span class='ocrx_word' id='word_1_422' title='bbox 959 3501 1011 3554; x_wconf 76' lang='lat' dir='ltr'><strong>oi</strong></span> <span class='ocrx_word' id='word_1_423' title='bbox 1064 3498 1162 3554; x_wconf 81' lang='grc' dir='ltr'><strong>τοῦ</strong></span> <span class='ocrx_word' id='word_1_424' title='bbox 1204 3496 1460 3568; x_wconf 81' lang='grc' dir='ltr'><strong>Σωτῆρος</strong></span> <span class='ocrx_word' id='word_1_425' title='bbox 1510 3494 1695 3563; x_wconf 81' lang='grc' dir='ltr'><strong>φονεῖς</strong></span> <span class='ocrx_word' id='word_1_426' title='bbox 1737 3488 1989 3559; x_wconf 69' lang='grc' dir='ltr'><strong>ηύζίλονο</strong></span> 
     </span>
    </p>
   </div>
   <div class='ocr_carea' id='block_1_56' title="bbox 396 3579 1988 3666">
    <p class='ocr_par' dir='ltr' id='par_1_56' title="bbox 396 3579 1988 3666">
     <span class='ocr_line' id='line_1_63' title="bbox 396 3579 1988 3666; baseline -0.013 -13"><span class='ocrx_word' id='word_1_427' title='bbox 396 3619 484 3665; x_wconf 78' lang='grc' dir='ltr'><strong>το,</strong></span> <span class='ocrx_word' id='word_1_428' title='bbox 549 3597 887 3666; x_wconf 76' lang='grc' dir='ltr'><strong>σκηνώματα</strong></span> <span class='ocrx_word' id='word_1_429' title='bbox 955 3594 1014 3648; x_wconf 79' lang='grc' dir='ltr'><strong>δὲ</strong></span> <span class='ocrx_word' id='word_1_430' title='bbox 1074 3591 1223 3653; x_wconf 77' lang='grc' dir='ltr'><strong>ἰδίως</strong></span> <span class='ocrx_word' id='word_1_431' title='bbox 1296 3587 1397 3651; x_wconf 85' lang='grc' dir='ltr'><strong>τὰς</strong></span> <span class='ocrx_word' id='word_1_432' title='bbox 1454 3584 1740 3647; x_wconf 82' lang='grc' dir='ltr'><strong>κατοικίας</strong></span> <span class='ocrx_word' id='word_1_433' title='bbox 1786 3579 1988 3635; x_wconf 78' lang='grc' dir='ltr'><strong>αὐτῶν.</strong></span> 
     </span>
    </p>
   </div>
   <div class='ocr_carea' id='block_1_57' title="bbox 398 3673 1991 3762">
    <p class='ocr_par' dir='ltr' id='par_1_57' title="bbox 398 3673 1991 3762">
     <span class='ocr_line' id='line_1_64' title="bbox 398 3673 1991 3762; baseline -0.013 -16"><span class='ocrx_word' id='word_1_434' title='bbox 398 3696 514 3747; x_wconf 64' lang='grc' dir='ltr'><strong>Καὶ</strong></span> <span class='ocrx_word' id='word_1_435' title='bbox 545 3692 608 3762; x_wconf 83' lang='grc' dir='ltr'><strong>δὴ</strong></span> <span class='ocrx_word' id='word_1_436' title='bbox 635 3688 779 3743; x_wconf 74' lang='grc' dir='ltr'><strong>οὕτω</strong></span> <span class='ocrx_word' id='word_1_437' title='bbox 800 3687 976 3742; x_wconf 66' lang='grc' dir='ltr'><strong>ταῦτα</strong></span> <span class='ocrx_word' id='word_1_438' title='bbox 1022 3685 1271 3752; x_wconf 80' lang='grc' dir='ltr'><strong>γέγονεν,</strong></span> <span class='ocrx_word' id='word_1_439' title='bbox 1321 3680 1418 3735; x_wconf 75' lang='grc' dir='ltr'><strong>καὶ</strong></span> <span class='ocrx_word' id='word_1_440' title='bbox 1457 3678 1633 3742; x_wconf 74' lang='grc' dir='ltr'><strong>οὐδεὶς</strong></span> <span class='ocrx_word' id='word_1_441' title='bbox 1698 3676 1758 3743; x_wconf 78' lang='grc' dir='ltr'>ἐξ</span> <span class='ocrx_word' id='word_1_442' title='bbox 1806 3673 1991 3730; x_wconf 83' lang='grc' dir='ltr'><strong>αὐτῶν</strong></span> 
     </span>
    </p>
   </div>
   <div class='ocr_carea' id='block_1_58' title="bbox 403 3767 1994 3856">
    <p class='ocr_par' dir='ltr' id='par_1_58' title="bbox 403 3767 1994 3856">
     <span class='ocr_line' id='line_1_65' title="bbox 403 3767 1994 3856; baseline -0.013 -16"><span class='ocrx_word' id='word_1_443' title='bbox 403 3783 729 3856; x_wconf 82' lang='grc' dir='ltr'><strong>κατῴκησεν</strong></span> <span class='ocrx_word' id='word_1_444' title='bbox 782 3782 842 3833; x_wconf 72' lang='grc' dir='ltr'><strong>ἐν</strong></span> <span class='ocrx_word' id='word_1_445' title='bbox 904 3778 1135 3841; x_wconf 82' lang='grc' dir='ltr'><strong>ταύταις</strong></span> <span class='ocrx_word' id='word_1_446' title='bbox 1212 3775 1354 3848; x_wconf 83' lang='grc' dir='ltr'><strong>μετὰ</strong></span> <span class='ocrx_word' id='word_1_447' title='bbox 1406 3772 1508 3845; x_wconf 78' lang='grc' dir='ltr'><strong>τὴν</strong></span> <span class='ocrx_word' id='word_1_448' title='bbox 1575 3774 1641 3825; x_wconf 78' lang='grc' dir='ltr'><strong>ὲκ</strong></span> <span class='ocrx_word' id='word_1_449' title='bbox 1698 3767 1994 3839; x_wconf 85' lang='grc' dir='ltr'><strong>Ῥωμαίων</strong></span> 
     </span>
    </p>
   </div>
   <div class='ocr_carea' id='block_1_59' title="bbox 404 3858 1999 3945">
    <p class='ocr_par' dir='ltr' id='par_1_59' title="bbox 404 3858 1999 3945">
     <span class='ocr_line' id='line_1_66' title="bbox 404 3858 1999 3945; baseline -0.011 -16"><span class='ocrx_word' id='word_1_450' title='bbox 404 3873 793 3945; x_wconf 72' lang='grc' dir='ltr'><strong>πανωλεθρίαν</strong></span> <span class='ocrx_word' id='word_1_451' title='bbox 812 3870 924 3924; x_wconf 85' lang='grc' dir='ltr'><strong>τῶν</strong></span> <span class='ocrx_word' id='word_1_452' title='bbox 960 3866 1380 3939; x_wconf 82' lang='grc' dir='ltr'><strong>Ἰεροσολύμων.</strong></span> <span class='ocrx_word' id='word_1_453' title='bbox 1415 3863 1604 3918; x_wconf 79' lang='grc' dir='ltr'><strong>Ταῦτα</strong></span> <span class='ocrx_word' id='word_1_454' title='bbox 1625 3862 1684 3915; x_wconf 82' lang='grc' dir='ltr'><strong>δὲ</strong></span> <span class='ocrx_word' id='word_1_455' title='bbox 1737 3860 1807 3914; x_wconf 80' lang='grc' dir='ltr'><strong>τὰ</strong></span> <span class='ocrx_word' id='word_1_456' title='bbox 1857 3858 1999 3928; x_wconf 78' lang='grc' dir='ltr'><strong>ῥητὰ</strong></span> 
     </span>
    </p>
   </div>
   <div class='ocr_carea' id='block_1_60' title="bbox 404 3950 1999 4036">
    <p class='ocr_par' dir='ltr' id='par_1_60' title="bbox 404 3950 1999 4036">
     <span class='ocr_line' id='line_1_67' title="bbox 404 3950 1999 4036; baseline -0.011 -15"><span class='ocrx_word' id='word_1_457' title='bbox 404 3968 614 4036; x_wconf 77' lang='grc' dir='ltr'><strong>Πέτρος</strong></span> <span class='ocrx_word' id='word_1_458' title='bbox 641 3967 669 4021; x_wconf 81' lang='grc' dir='ltr'>ὁ</span> <span class='ocrx_word' id='word_1_459' title='bbox 707 3960 1010 4023; x_wconf 73' lang='grc' dir='ltr'><strong>ἀπόστολος</strong></span> <span class='ocrx_word' id='word_1_460' title='bbox 1039 3960 1121 4021; x_wconf 87' lang='grc' dir='ltr'><strong>είς</strong></span> <span class='ocrx_word' id='word_1_461' title='bbox 1152 3958 1245 4012; x_wconf 77' lang='grc' dir='ltr'><strong>τὸν</strong></span> <span class='ocrx_word' id='word_1_462' title='bbox 1273 3955 1544 4029; x_wconf 76' lang='grc' dir='ltr'><strong>προδότην</strong></span> <span class='ocrx_word' id='word_1_463' title='bbox 1577 3954 1783 4008; x_wconf 73' lang='grc' dir='ltr'><strong>Ἰούδαν</strong></span> <span class='ocrx_word' id='word_1_464' title='bbox 1811 3950 1999 4015; x_wconf 79' lang='grc' dir='ltr'><strong>ἐξέλαο</strong></span> 
     </span>
    </p>
   </div>
   <div class='ocr_carea' id='block_1_61' title="bbox 406 4046 1997 4127">
    <p class='ocr_par' dir='ltr' id='par_1_61' title="bbox 406 4046 1997 4127">
     <span class='ocr_line' id='line_1_68' title="bbox 406 4046 1997 4127; baseline -0.013 -13"><span class='ocrx_word' id='word_1_465' title='bbox 406 4063 525 4127; x_wconf 71' lang='grc' dir='ltr'><strong>ὗεν,</strong></span> <span class='ocrx_word' id='word_1_466' title='bbox 548 4060 622 4122; x_wconf 75' lang='grc' dir='ltr'><strong>ὡς</strong></span> <span class='ocrx_word' id='word_1_467' title='bbox 653 4059 749 4112; x_wconf 71' lang='grc' dir='ltr'><strong>καὶ</strong></span> <span class='ocrx_word' id='word_1_468' title='bbox 780 4055 948 4110; x_wconf 78' lang='grc' dir='ltr'><strong>αὐτὸν</strong></span> <span class='ocrx_word' id='word_1_469' title='bbox 977 4054 1078 4122; x_wconf 72' lang='grc' dir='ltr'><strong>τῆς</strong></span> <span class='ocrx_word' id='word_1_470' title='bbox 1122 4050 1342 4121; x_wconf 77' lang='grc' dir='ltr'><strong>μερίδος</strong></span> <span class='ocrx_word' id='word_1_471' title='bbox 1385 4049 1517 4104; x_wconf 78' lang='grc' dir='ltr'><strong>ὅντα</strong></span> <span class='ocrx_word' id='word_1_472' title='bbox 1543 4049 1652 4102; x_wconf 81' lang='grc' dir='ltr'><strong>τῶν</strong></span> <span class='ocrx_word' id='word_1_473' title='bbox 1673 4046 1997 4101; x_wconf 79' lang='grc' dir='ltr'><strong>Θεοκτόνων.</strong></span> 
     </span>
    </p>
   </div>
   <div class='ocr_carea' id='block_1_62' title="bbox 482 4139 2001 4213">
    <p class='ocr_par' dir='ltr' id='par_1_62' title="bbox 482 4139 2001 4213">
     <span class='ocr_line' id='line_1_69' title="bbox 482 4139 2001 4213; baseline -0.01 -8"><span class='ocrx_word' id='word_1_474' title='bbox 482 4155 605 4205; x_wconf 87' lang='grc' dir='ltr'><strong>Ὅτι</strong></span> <span class='ocrx_word' id='word_1_475' title='bbox 635 4150 707 4205; x_wconf 78' lang='grc' dir='ltr'><strong>ὃν</strong></span> <span class='ocrx_word' id='word_1_476' title='bbox 731 4149 814 4204; x_wconf 85' lang='grc' dir='ltr'><strong>σὺ</strong></span> <span class='ocrx_word' id='word_1_477' title='bbox 865 4146 1193 4213; x_wconf 79' lang='grc' dir='ltr'><strong>ἐπάταξας,</strong></span> <span class='ocrx_word' id='word_1_478' title='bbox 1236 4145 1427 4200; x_wconf 81' lang='grc' dir='ltr'><strong>αὐτὸν</strong></span> <span class='ocrx_word' id='word_1_479' title='bbox 1478 4140 1870 4204; x_wconf 77' lang='grc' dir='ltr'><strong>κατεδίωξαν.</strong></span> <span class='ocrx_word' id='word_1_480' title='bbox 1904 4139 2001 4191; x_wconf 74' lang='grc' dir='ltr'><strong>ΔΤὸ</strong></span> 
     </span>
    </p>
   </div>
   <div class='ocr_carea' id='block_1_63' title="bbox 407 4216 2003 4308">
    <p class='ocr_par' dir='ltr' id='par_1_63' title="bbox 407 4216 2003 4308">
     <span class='ocr_line' id='line_1_70' title="bbox 407 4216 2003 4308; baseline -0.013 -8"><span class='ocrx_word' id='word_1_481' title='bbox 407 4242 771 4307; x_wconf 75' lang='grc' dir='ltr'><strong>Ἐπάταξας,</strong></span> <span class='ocrx_word' id='word_1_482' title='bbox 814 4240 958 4303; x_wconf 68' lang='grc' dir='ltr'><strong>ἀντὶ,</strong></span> <span class='ocrx_word' id='word_1_483' title='bbox 987 4236 1312 4305; x_wconf 81' lang='grc' dir='ltr'><strong>Καταγῆναι</strong></span> <span class='ocrx_word' id='word_1_484' title='bbox 1336 4216 1683 4308; x_wconf 72' lang='grc' dir='ltr'><strong>παρέδωκας.</strong></span> <span class='ocrx_word' id='word_1_485' title='bbox 1715 4229 1870 4284; x_wconf 83' lang='grc' dir='ltr'><strong>Οὕτω</strong></span> <span class='ocrx_word' id='word_1_486' title='bbox 1891 4229 2003 4298; x_wconf 66' lang='grc' dir='ltr'><strong>γὰρ</strong></span> 
     </span>
    </p>
   </div>
   <div class='ocr_carea' id='block_1_64' title="bbox 408 4317 2005 4403">
    <p class='ocr_par' dir='ltr' id='par_1_64' title="bbox 408 4317 2005 4403">
     <span class='ocr_line' id='line_1_71' title="bbox 408 4317 2005 4403; baseline -0.009 -16"><span class='ocrx_word' id='word_1_487' title='bbox 408 4337 509 4387; x_wconf 77' lang='grc' dir='ltr'><strong>καὶ</strong></span> <span class='ocrx_word' id='word_1_488' title='bbox 556 4333 826 4403; x_wconf 83' lang='grc' dir='ltr'><strong>Ζαχαρίας</strong></span> <span class='ocrx_word' id='word_1_489' title='bbox 877 4324 1035 4385; x_wconf 78' lang='grc' dir='ltr'><strong>εἶπεν</strong></span> <span class='ocrx_word' id='word_1_490' title='bbox 1069 4343 1085 4360; x_wconf 85' lang='grc'>⁶</span> <span class='ocrx_word' id='word_1_491' title='bbox 1148 4327 1400 4389; x_wconf 77' lang='grc' dir='ltr'><strong>Πατάξω</strong></span> <span class='ocrx_word' id='word_1_492' title='bbox 1445 4324 1556 4381; x_wconf 75' lang='grc' dir='ltr'><strong>τὸν</strong></span> <span class='ocrx_word' id='word_1_493' title='bbox 1609 4322 1867 4393; x_wconf 78' lang='grc' dir='ltr'><strong>ποιμένα</strong></span> <span class='ocrx_word' id='word_1_494' title='bbox 1903 4317 2005 4373; x_wconf 80' lang='grc' dir='ltr'><strong>καὶ</strong></span> 
     </span>
    </p>
   </div>
   <div class='ocr_carea' id='block_1_65' title="bbox 409 4413 2002 4493">
    <p class='ocr_par' dir='ltr' id='par_1_65' title="bbox 409 4413 2002 4493">
     <span class='ocr_line' id='line_1_72' title="bbox 409 4413 2002 4493; baseline -0.011 -14"><span class='ocrx_word' id='word_1_495' title='bbox 409 4422 1077 4493; x_wconf 74' lang='grc' dir='ltr'><strong>διασκορπισθήσονται</strong></span> <span class='ocrx_word' id='word_1_496' title='bbox 1103 4422 1176 4476; x_wconf 82' lang='grc' dir='ltr'><strong>τὰ</strong></span> <span class='ocrx_word' id='word_1_497' title='bbox 1214 4420 1483 4489; x_wconf 77' lang='grc' dir='ltr'><strong>πρόϐατα</strong></span> <span class='ocrx_word' id='word_1_498' title='bbox 1542 4413 1653 4483; x_wconf 79' lang='grc' dir='ltr'><strong>τῆς</strong></span> <span class='ocrx_word' id='word_1_499' title='bbox 1700 4414 1961 4482; x_wconf 72' lang='grc' dir='ltr'><strong>ποίμνης</strong></span> <span class='ocrx_word' id='word_1_500' title='bbox 1989 4426 2002 4439; x_wconf 91' lang='grc'><strong>·</strong></span> 
     </span>
    </p>
   </div>
   <div class='ocr_carea' id='block_1_66' title="bbox 411 4502 2007 4583">
    <p class='ocr_par' dir='ltr' id='par_1_66' title="bbox 411 4502 2007 4583">
     <span class='ocr_line' id='line_1_73' title="bbox 411 4502 2007 4583; baseline -0.011 -10"><span class='ocrx_word' id='word_1_501' title='bbox 411 4520 510 4573; x_wconf 72' lang='grc' dir='ltr'><strong>καὶ</strong></span> <span class='ocrx_word' id='word_1_502' title='bbox 562 4516 788 4579; x_wconf 76' lang='grc' dir='ltr'><strong>Ἡσαΐας</strong></span> <span class='ocrx_word' id='word_1_503' title='bbox 828 4533 845 4547; x_wconf 78' lang='lat'><strong>&#39;</strong></span> <span class='ocrx_word' id='word_1_504' title='bbox 870 4515 1089 4583; x_wconf 84' lang='grc' dir='ltr'><strong>Κύριος</strong></span> <span class='ocrx_word' id='word_1_505' title='bbox 1129 4513 1477 4580; x_wconf 76' lang='grc' dir='ltr'><strong>παρέδωκεν</strong></span> <span class='ocrx_word' id='word_1_506' title='bbox 1501 4507 1690 4565; x_wconf 82' lang='grc' dir='ltr'><strong>αὐτὸν</strong></span> <span class='ocrx_word' id='word_1_507' title='bbox 1714 4504 1869 4574; x_wconf 80' lang='grc' dir='ltr'><strong>ὑπὲρ</strong></span> <span class='ocrx_word' id='word_1_508' title='bbox 1888 4502 2007 4557; x_wconf 85' lang='grc' dir='ltr'><strong>τῶν</strong></span> 
     </span>
    </p>
   </div>
   <div class='ocr_carea' id='block_1_67' title="bbox 411 4593 2009 4678">
    <p class='ocr_par' dir='ltr' id='par_1_67' title="bbox 411 4593 2009 4678">
     <span class='ocr_line' id='line_1_74' title="bbox 411 4593 2009 4678; baseline -0.012 -14"><span class='ocrx_word' id='word_1_509' title='bbox 411 4607 717 4678; x_wconf 84' lang='grc' dir='ltr'><strong>ἁμαρτιῶν</strong></span> <span class='ocrx_word' id='word_1_510' title='bbox 747 4605 942 4676; x_wconf 80' lang='grc' dir='ltr'><strong>ήμῶν.</strong></span> <span class='ocrx_word' id='word_1_511' title='bbox 994 4605 1217 4674; x_wconf 81' lang='grc' dir='ltr'><strong>’ἰδίωμα</strong></span> <span class='ocrx_word' id='word_1_512' title='bbox 1276 4604 1388 4673; x_wconf 79' lang='grc' dir='ltr'><strong>γὰρ</strong></span> <span class='ocrx_word' id='word_1_513' title='bbox 1430 4599 1531 4669; x_wconf 80' lang='grc' dir='ltr'><strong>τῆς</strong></span> <span class='ocrx_word' id='word_1_514' title='bbox 1606 4596 1891 4665; x_wconf 80' lang='grc' dir='ltr'><strong>Ἐϐραῖδος</strong></span> <span class='ocrx_word' id='word_1_515' title='bbox 1944 4593 2009 4646; x_wconf 83' lang='grc' dir='ltr'><strong>τὸ</strong></span> 
     </span>
    </p>
   </div>
   <div class='ocr_carea' id='block_1_68' title="bbox 410 4688 2011 4772">
    <p class='ocr_par' dir='ltr' id='par_1_68' title="bbox 410 4688 2011 4772">
     <span class='ocr_line' id='line_1_75' title="bbox 410 4688 2011 4772; baseline -0.009 -19"><span class='ocrx_word' id='word_1_516' title='bbox 410 4702 515 4771; x_wconf 78' lang='grc' dir='ltr'><strong>τὴν</strong></span> <span class='ocrx_word' id='word_1_517' title='bbox 535 4698 935 4772; x_wconf 79' lang='grc' dir='ltr'><strong>παραχώρησιν</strong></span> <span class='ocrx_word' id='word_1_518' title='bbox 981 4698 1145 4769; x_wconf 75' lang='grc' dir='ltr'><strong>ἔργον</strong></span> <span class='ocrx_word' id='word_1_519' title='bbox 1186 4695 1501 4764; x_wconf 77' lang='grc' dir='ltr'><strong>ὀνομάζειν,</strong></span> <span class='ocrx_word' id='word_1_520' title='bbox 1551 4691 1628 4755; x_wconf 85' lang='grc' dir='ltr'><strong>ὡς</strong></span> <span class='ocrx_word' id='word_1_521' title='bbox 1679 4688 1777 4743; x_wconf 83' lang='grc' dir='ltr'><strong>τοῦ</strong></span> <span class='ocrx_word' id='word_1_522' title='bbox 1831 4704 2011 4758; x_wconf 86' lang='grc' dir='ltr'><strong>παρα-</strong></span> 
     </span>
    </p>
   </div>
   <div class='ocr_carea' id='block_1_69' title="bbox 412 4781 2008 4864">
    <p class='ocr_par' dir='ltr' id='par_1_69' title="bbox 412 4781 2008 4864">
     <span class='ocr_line' id='line_1_76' title="bbox 412 4781 2008 4864; baseline -0.007 -19"><span class='ocrx_word' id='word_1_523' title='bbox 412 4792 725 4864; x_wconf 76' lang='grc' dir='ltr'><strong>χωροῦντος</strong></span> <span class='ocrx_word' id='word_1_524' title='bbox 750 4790 1056 4860; x_wconf 70' lang='grc' dir='ltr'><strong>δυναμένου</strong></span> <span class='ocrx_word' id='word_1_525' title='bbox 1083 4789 1334 4848; x_wconf 79' lang='grc' dir='ltr'><strong>κωλῦσαι</strong></span> <span class='ocrx_word' id='word_1_526' title='bbox 1352 4829 1366 4852; x_wconf 86' lang='grc'><strong>,</strong></span> <span class='ocrx_word' id='word_1_527' title='bbox 1399 4786 1496 4839; x_wconf 75' lang='grc' dir='ltr'><strong>καὶ</strong></span> <span class='ocrx_word' id='word_1_528' title='bbox 1552 4784 1628 4857; x_wconf 83' lang='grc' dir='ltr'><strong>μὴ</strong></span> <span class='ocrx_word' id='word_1_529' title='bbox 1682 4781 2008 4843; x_wconf 87' lang='grc' dir='ltr'><strong>κωλύοντος.</strong></span> 
     </span>
    </p>
   </div>
   <div class='ocr_carea' id='block_1_70' title="bbox 414 4867 2007 4949">
    <p class='ocr_par' dir='ltr' id='par_1_70' title="bbox 414 4867 2007 4949">
     <span class='ocr_line' id='line_1_77' title="bbox 414 4867 2007 4949; baseline -0.008 -11"><span class='ocrx_word' id='word_1_530' title='bbox 414 4886 493 4938; x_wconf 80' lang='grc' dir='ltr'>Τὸ</span> <span class='ocrx_word' id='word_1_531' title='bbox 524 4885 580 4938; x_wconf 68' lang='grc' dir='ltr'><strong>δὲ</strong></span> <span class='ocrx_word' id='word_1_532' title='bbox 613 4883 1005 4949; x_wconf 75' lang='grc' dir='ltr'><strong>κατεδίωξαν,</strong></span> <span class='ocrx_word' id='word_1_533' title='bbox 1033 4867 1154 4934; x_wconf 65' lang='grc' dir='ltr'><strong>ἀντὶ</strong></span> <span class='ocrx_word' id='word_1_534' title='bbox 1179 4876 1295 4944; x_wconf 78' lang='grc' dir='ltr'><strong>τοῦ,</strong></span> <span class='ocrx_word' id='word_1_535' title='bbox 1318 4877 1532 4949; x_wconf 68' lang='grc' dir='ltr'><strong>Σφόδρα</strong></span> <span class='ocrx_word' id='word_1_536' title='bbox 1558 4874 1974 4945; x_wconf 73' lang='grc' dir='ltr'><strong>ἐτιμωρήσαντο</strong></span> <span class='ocrx_word' id='word_1_537' title='bbox 1993 4887 2007 4904; x_wconf 80' lang='grc'><em>’</em></span> 
     </span>
    </p>
   </div>
   <div class='ocr_carea' id='block_1_71' title="bbox 412 4964 2002 5046">
    <p class='ocr_par' dir='ltr' id='par_1_71' title="bbox 412 4964 2002 5046">
     <span class='ocr_line' id='line_1_78' title="bbox 412 4964 2002 5046; baseline -0.006 -18"><span class='ocrx_word' id='word_1_538' title='bbox 412 4979 448 5045; x_wconf 78' lang='grc' dir='ltr'><strong>ἠ</strong></span> <span class='ocrx_word' id='word_1_539' title='bbox 513 4978 622 5046; x_wconf 75' lang='grc' dir='ltr'><strong>γὰρ</strong></span> <span class='ocrx_word' id='word_1_540' title='bbox 681 4975 942 5046; x_wconf 81' lang='grc' dir='ltr'><strong>πρόθεσις</strong></span> <span class='ocrx_word' id='word_1_541' title='bbox 987 4971 1301 5043; x_wconf 74' lang='grc' dir='ltr'><strong>ὲμφαντική</strong></span> <span class='ocrx_word' id='word_1_542' title='bbox 1354 4971 1504 5023; x_wconf 74' lang='grc' dir='ltr'><strong>ἐστιν</strong></span> <span class='ocrx_word' id='word_1_543' title='bbox 1557 4966 1906 5029; x_wconf 71' lang='grc' dir='ltr'><strong>ἐπιτάσεως*</strong></span> <span class='ocrx_word' id='word_1_544' title='bbox 1942 4964 2002 5036; x_wconf 77' lang='grc' dir='ltr'><strong>ἢ,</strong></span> 
     </span>
    </p>
   </div>
   <div class='ocr_carea' id='block_1_72' title="bbox 414 5062 1424 5136">
    <p class='ocr_par' dir='ltr' id='par_1_72' title="bbox 414 5062 1424 5136">
     <span class='ocr_line' id='line_1_79' title="bbox 414 5062 1424 5136; baseline -0.006 -17"><span class='ocrx_word' id='word_1_545' title='bbox 414 5066 782 5136; x_wconf 76' lang='grc' dir='ltr'><strong>Κατέδραμον</strong></span> <span class='ocrx_word' id='word_1_546' title='bbox 811 5064 974 5134; x_wconf 75' lang='grc' dir='ltr'><strong>ἄχρις</strong></span> <span class='ocrx_word' id='word_1_547' title='bbox 1011 5062 1079 5116; x_wconf 86' lang='grc' dir='ltr'><strong>ἂν</strong></span> <span class='ocrx_word' id='word_1_548' title='bbox 1098 5062 1424 5131; x_wconf 78' lang='grc' dir='ltr'><strong>ἐφόνευσαν.</strong></span> 
     </span>
    </p>
   </div>
   <div class='ocr_carea' id='block_1_73' title="bbox 2158 2809 3682 2896">
    <p class='ocr_par' dir='ltr' id='par_1_73' title="bbox 2158 2809 3682 2896">
     <span class='ocr_line' id='line_1_80' title="bbox 2158 2809 3682 2896; baseline -0.018 -10"><span class='ocrx_word' id='word_1_549' title='bbox 2158 2830 2325 2887; x_wconf 71' lang='lat' dir='ltr'><strong>Vsus.</strong></span> <span class='ocrx_word' id='word_1_550' title='bbox 2361 2828 2454 2885; x_wconf 78' lang='lat'><strong>25.</strong></span> <span class='ocrx_word' id='word_1_551' title='bbox 2501 2825 2736 2896; x_wconf 81' lang='lat' dir='ltr'><strong>E/funde</strong></span> <span class='ocrx_word' id='word_1_552' title='bbox 2763 2838 2926 2893; x_wconf 84' lang='lat' dir='ltr'><strong>super</strong></span> <span class='ocrx_word' id='word_1_553' title='bbox 2956 2824 3045 2875; x_wconf 67' lang='lat' dir='ltr'><strong>cos</strong></span> <span class='ocrx_word' id='word_1_554' title='bbox 3079 2818 3215 2871; x_wconf 87' lang='lat' dir='ltr'><strong>iram</strong></span> <span class='ocrx_word' id='word_1_555' title='bbox 3248 2822 3421 2874; x_wconf 85' lang='lat' dir='ltr'><strong>tuam,</strong></span> <span class='ocrx_word' id='word_1_556' title='bbox 3450 2819 3500 2865; x_wconf 85' lang='lat' dir='ltr'><strong>et</strong></span> <span class='ocrx_word' id='word_1_557' title='bbox 3526 2809 3682 2879; x_wconf 62' lang='lat' dir='ltr'><strong>fure?</strong></span> 
     </span>
    </p>
   </div>
   <div class='ocr_carea' id='block_1_74' title="bbox 2086 2899 3680 2988">
    <p class='ocr_par' dir='ltr' id='par_1_74' title="bbox 2086 2899 3680 2988">
     <span class='ocr_line' id='line_1_81' title="bbox 2086 2899 3680 2988; baseline -0.018 -9"><span class='ocrx_word' id='word_1_558' title='bbox 2086 2924 2186 2979; x_wconf 72' lang='lat' dir='ltr'><strong>ira:</strong></span> <span class='ocrx_word' id='word_1_559' title='bbox 2234 2931 2341 2976; x_wconf 64' lang='lat' dir='ltr'><strong>tuae</strong></span> <span class='ocrx_word' id='word_1_560' title='bbox 2390 2915 2803 2988; x_wconf 82' lang='lat' dir='ltr'><strong>comprehendat</strong></span> <span class='ocrx_word' id='word_1_561' title='bbox 2835 2929 2947 2967; x_wconf 89' lang='lat' dir='ltr'><strong>eos.</strong></span> <span class='ocrx_word' id='word_1_562' title='bbox 2983 2909 3164 2965; x_wconf 91' lang='lat' dir='ltr'><strong>Unum</strong></span> <span class='ocrx_word' id='word_1_563' title='bbox 3201 2913 3368 2974; x_wconf 87' lang='lat' dir='ltr'><strong>atque</strong></span> <span class='ocrx_word' id='word_1_564' title='bbox 3400 2902 3541 2955; x_wconf 80' lang='lat' dir='ltr'><strong>idem</strong></span> <span class='ocrx_word' id='word_1_565' title='bbox 3593 2899 3680 2953; x_wconf 76' lang='lat' dir='ltr'><strong>di-</strong></span> 
     </span>
    </p>
   </div>
   <div class='ocr_carea' id='block_1_75' title="bbox 2086 2992 3677 3073">
    <p class='ocr_par' dir='ltr' id='par_1_75' title="bbox 2086 2992 3677 3073">
     <span class='ocr_line' id='line_1_82' title="bbox 2086 2992 3677 3073; baseline -0.016 -1"><span class='ocrx_word' id='word_1_566' title='bbox 2086 3024 2224 3072; x_wconf 91' lang='lat' dir='ltr'><strong>cunt</strong></span> <span class='ocrx_word' id='word_1_567' title='bbox 2254 3013 2311 3067; x_wconf 90' lang='lat' dir='ltr'><strong>bi</strong></span> <span class='ocrx_word' id='word_1_568' title='bbox 2340 3011 2451 3067; x_wconf 92' lang='lat' dir='ltr'><strong>duo</strong></span> <span class='ocrx_word' id='word_1_569' title='bbox 2479 3006 2766 3073; x_wconf 87' lang='lat' dir='ltr'><strong>versiculi,</strong></span> <span class='ocrx_word' id='word_1_570' title='bbox 2805 3019 2873 3061; x_wconf 92' lang='lat' dir='ltr'><strong>eo</strong></span> <span class='ocrx_word' id='word_1_571' title='bbox 2907 3009 3159 3071; x_wconf 84' lang='lat' dir='ltr'><strong>excepto,</strong></span> <span class='ocrx_word' id='word_1_572' title='bbox 3212 2993 3362 3069; x_wconf 88' lang='lat' dir='ltr'><strong>quod</strong></span> <span class='ocrx_word' id='word_1_573' title='bbox 3394 2992 3677 3050; x_wconf 85' lang='lat' dir='ltr'><strong>secundus</strong></span> 
     </span>
    </p>
   </div>
   <div class='ocr_carea' id='block_1_76' title="bbox 2086 3090 3216 3166">
    <p class='ocr_par' dir='ltr' id='par_1_76' title="bbox 2086 3090 3216 3166">
     <span class='ocr_line' id='line_1_83' title="bbox 2086 3090 3216 3166; baseline -0.017 -3"><span class='ocrx_word' id='word_1_574' title='bbox 2086 3100 2488 3163; x_wconf 79' lang='lat' dir='ltr'><strong>vehementiori</strong></span> <span class='ocrx_word' id='word_1_575' title='bbox 2528 3100 2707 3154; x_wconf 92' lang='lat' dir='ltr'><strong>utitur</strong></span> <span class='ocrx_word' id='word_1_576' title='bbox 2731 3093 2992 3166; x_wconf 89' lang='lat' dir='ltr'><strong>loquendi</strong></span> <span class='ocrx_word' id='word_1_577' title='bbox 3029 3090 3216 3146; x_wconf 90' lang='lat' dir='ltr'><strong>modo.</strong></span> 
     </span>
    </p>
   </div>
   <div class='ocr_carea' id='block_1_77' title="bbox 2162 3177 3686 3257">
    <p class='ocr_par' dir='ltr' id='par_1_77' title="bbox 2162 3177 3686 3257">
     <span class='ocr_line' id='line_1_84' title="bbox 2162 3177 3686 3257; baseline -0.018 -6"><span class='ocrx_word' id='word_1_578' title='bbox 2162 3195 2332 3250; x_wconf 74' lang='lat' dir='ltr'><strong>Vsus.</strong></span> <span class='ocrx_word' id='word_1_579' title='bbox 2374 3193 2464 3257; x_wconf 73' lang='grc'><strong>26,</strong></span> <span class='ocrx_word' id='word_1_580' title='bbox 2511 3189 2638 3247; x_wconf 88' lang='lat' dir='ltr'><strong>Fiat</strong></span> <span class='ocrx_word' id='word_1_581' title='bbox 2662 3187 2928 3244; x_wconf 78' lang='lat' dir='ltr'><strong>habitatio</strong></span> <span class='ocrx_word' id='word_1_582' title='bbox 2954 3199 3139 3240; x_wconf 87' lang='lat' dir='ltr'><strong>eorum</strong></span> <span class='ocrx_word' id='word_1_583' title='bbox 3165 3181 3403 3240; x_wconf 88' lang='lat' dir='ltr'><strong>deserta,</strong></span> <span class='ocrx_word' id='word_1_584' title='bbox 3429 3177 3481 3229; x_wconf 88' lang='lat' dir='ltr'><strong>in</strong></span> <span class='ocrx_word' id='word_1_585' title='bbox 3506 3178 3686 3228; x_wconf 81' lang='lat' dir='ltr'><strong>taber—</strong></span> 
     </span>
    </p>
   </div>
   <div class='ocr_carea' id='block_1_78' title="bbox 2093 3267 3687 3347">
    <p class='ocr_par' dir='ltr' id='par_1_78' title="bbox 2093 3267 3687 3347">
     <span class='ocr_line' id='line_1_85' title="bbox 2093 3267 3687 3347; baseline -0.018 -1"><span class='ocrx_word' id='word_1_586' title='bbox 2093 3289 2303 3346; x_wconf 84' lang='lat' dir='ltr'><strong>naculis</strong></span> <span class='ocrx_word' id='word_1_587' title='bbox 2336 3283 2523 3343; x_wconf 85' lang='lat' dir='ltr'><strong>eorum</strong></span> <span class='ocrx_word' id='word_1_588' title='bbox 2577 3276 2684 3338; x_wconf 83' lang='lat' dir='ltr'><strong>nan</strong></span> <span class='ocrx_word' id='word_1_589' title='bbox 2733 3281 2828 3343; x_wconf 88' lang='lat' dir='ltr'><strong>sit,</strong></span> <span class='ocrx_word' id='word_1_590' title='bbox 2874 3278 2966 3347; x_wconf 86' lang='lat' dir='ltr'><strong>qui</strong></span> <span class='ocrx_word' id='word_1_591' title='bbox 3004 3274 3286 3331; x_wconf 80' lang='lat' dir='ltr'><strong>inhabitet.</strong></span> <span class='ocrx_word' id='word_1_592' title='bbox 3332 3270 3439 3327; x_wconf 86' lang='lat' dir='ltr'><strong>Per</strong></span> <span class='ocrx_word' id='word_1_593' title='bbox 3471 3267 3687 3323; x_wconf 81' lang='lat' dir='ltr'><strong>habita-</strong></span> 
     </span>
    </p>
   </div>
   <div class='ocr_carea' id='block_1_79' title="bbox 2094 3362 3682 3445">
    <p class='ocr_par' dir='ltr' id='par_1_79' title="bbox 2094 3362 3682 3445">
     <span class='ocr_line' id='line_1_86' title="bbox 2094 3362 3682 3445; baseline -0.019 -5"><span class='ocrx_word' id='word_1_594' title='bbox 2094 3384 2326 3445; x_wconf 90' lang='lat' dir='ltr'><strong>tionem,</strong></span> <span class='ocrx_word' id='word_1_595' title='bbox 2360 3378 2676 3435; x_wconf 82' lang='lat' dir='ltr'><strong>universam</strong></span> <span class='ocrx_word' id='word_1_596' title='bbox 2713 3372 2953 3444; x_wconf 81' lang='lat' dir='ltr'><strong>appellat</strong></span> <span class='ocrx_word' id='word_1_597' title='bbox 2985 3366 3452 3437; x_wconf 81' lang='lat' dir='ltr'><strong>Hierosolymam,</strong></span> <span class='ocrx_word' id='word_1_598' title='bbox 3488 3362 3543 3415; x_wconf 95' lang='lat' dir='ltr'><strong>in</strong></span> <span class='ocrx_word' id='word_1_599' title='bbox 3570 3374 3682 3428; x_wconf 88' lang='lat' dir='ltr'><strong>qua</strong></span> 
     </span>
    </p>
   </div>
   <div class='ocr_carea' id='block_1_80' title="bbox 2095 3453 3688 3535">
    <p class='ocr_par' dir='ltr' id='par_1_80' title="bbox 2095 3453 3688 3535">
     <span class='ocr_line' id='line_1_87' title="bbox 2095 3453 3688 3535; baseline -0.02 0"><span class='ocrx_word' id='word_1_600' title='bbox 2095 3493 2288 3535; x_wconf 91' lang='lat' dir='ltr'><strong>omnes</strong></span> <span class='ocrx_word' id='word_1_601' title='bbox 2315 3473 2520 3532; x_wconf 86' lang='lat' dir='ltr'><strong>Christi</strong></span> <span class='ocrx_word' id='word_1_602' title='bbox 2556 3453 2839 3526; x_wconf 82' lang='lat' dir='ltr'><strong>occisores</strong></span> <span class='ocrx_word' id='word_1_603' title='bbox 2885 3461 3247 3524; x_wconf 78' lang='lat' dir='ltr'><strong>habitabant;</strong></span> <span class='ocrx_word' id='word_1_604' title='bbox 3281 3472 3378 3528; x_wconf 88' lang='lat' dir='ltr'><strong>per</strong></span> <span class='ocrx_word' id='word_1_605' title='bbox 3430 3454 3688 3508; x_wconf 86' lang='lat' dir='ltr'><strong>taberna-</strong></span> 
     </span>
    </p>
   </div>
   <div class='ocr_carea' id='block_1_81' title="bbox 2098 3545 3688 3636">
    <p class='ocr_par' dir='ltr' id='par_1_81' title="bbox 2098 3545 3688 3636">
     <span class='ocr_line' id='line_1_88' title="bbox 2098 3545 3688 3636; baseline -0.019 -8"><span class='ocrx_word' id='word_1_606' title='bbox 2098 3571 2220 3629; x_wconf 83' lang='lat' dir='ltr'><strong>cula</strong></span> <span class='ocrx_word' id='word_1_607' title='bbox 2261 3581 2391 3623; x_wconf 88' lang='lat' dir='ltr'><strong>vero</strong></span> <span class='ocrx_word' id='word_1_608' title='bbox 2436 3564 2685 3636; x_wconf 88' lang='lat' dir='ltr'><strong>privatas</strong></span> <span class='ocrx_word' id='word_1_609' title='bbox 2712 3573 2908 3616; x_wconf 90' lang='lat' dir='ltr'><strong>eorum</strong></span> <span class='ocrx_word' id='word_1_610' title='bbox 2933 3555 3129 3612; x_wconf 89' lang='lat' dir='ltr'><strong>domos</strong></span> <span class='ocrx_word' id='word_1_611' title='bbox 3156 3548 3434 3619; x_wconf 75' lang='lat' dir='ltr'><strong>intelligit.</strong></span> <span class='ocrx_word' id='word_1_612' title='bbox 3464 3545 3531 3599; x_wconf 87' lang='lat' dir='ltr'><strong>Et</strong></span> <span class='ocrx_word' id='word_1_613' title='bbox 3555 3559 3688 3598; x_wconf 84' lang='lat' dir='ltr'><strong>sane</strong></span> 
     </span>
    </p>
   </div>
   <div class='ocr_carea' id='block_1_82' title="bbox 2099 3637 3692 3720">
    <p class='ocr_par' dir='ltr' id='par_1_82' title="bbox 2099 3637 3692 3720">
     <span class='ocr_line' id='line_1_89' title="bbox 2099 3637 3692 3720; baseline -0.02 0"><span class='ocrx_word' id='word_1_614' title='bbox 2099 3665 2177 3720; x_wconf 90' lang='lat' dir='ltr'><strong>ita</strong></span> <span class='ocrx_word' id='word_1_615' title='bbox 2203 3660 2460 3717; x_wconf 80' lang='lat' dir='ltr'><strong>effectum</strong></span> <span class='ocrx_word' id='word_1_616' title='bbox 2494 3663 2601 3712; x_wconf 89' lang='lat' dir='ltr'><strong>est.</strong></span> <span class='ocrx_word' id='word_1_617' title='bbox 2633 3652 2805 3709; x_wconf 80' lang='lat' dir='ltr'><strong>Nemo</strong></span> <span class='ocrx_word' id='word_1_618' title='bbox 2825 3651 2969 3707; x_wconf 92' lang='lat' dir='ltr'><strong>enim</strong></span> <span class='ocrx_word' id='word_1_619' title='bbox 3008 3648 3064 3703; x_wconf 92' lang='lat' dir='ltr'><strong>in</strong></span> <span class='ocrx_word' id='word_1_620' title='bbox 3099 3645 3182 3702; x_wconf 89' lang='lat' dir='ltr'><strong>eis</strong></span> <span class='ocrx_word' id='word_1_621' title='bbox 3210 3642 3444 3711; x_wconf 85' lang='lat' dir='ltr'><strong>amplius</strong></span> <span class='ocrx_word' id='word_1_622' title='bbox 3478 3637 3692 3692; x_wconf 86' lang='lat' dir='ltr'><strong>habita-</strong></span> 
     </span>
    </p>
   </div>
   <div class='ocr_carea' id='block_1_83' title="bbox 2100 3730 3688 3825">
    <p class='ocr_par' dir='ltr' id='par_1_83' title="bbox 2100 3730 3688 3825">
     <span class='ocr_line' id='line_1_90' title="bbox 2100 3730 3688 3825; baseline -0.019 -16"><span class='ocrx_word' id='word_1_623' title='bbox 2100 3757 2204 3819; x_wconf 88' lang='lat' dir='ltr'><strong>vit,</strong></span> <span class='ocrx_word' id='word_1_624' title='bbox 2237 3762 2361 3825; x_wconf 88' lang='lat' dir='ltr'><strong>post</strong></span> <span class='ocrx_word' id='word_1_625' title='bbox 2389 3747 2730 3807; x_wconf 88' lang='lat' dir='ltr'><strong>eversionem</strong></span> <span class='ocrx_word' id='word_1_626' title='bbox 2783 3744 2934 3799; x_wconf 88' lang='lat' dir='ltr'><strong>illam</strong></span> <span class='ocrx_word' id='word_1_627' title='bbox 2964 3756 2996 3798; x_wconf 88' lang='lat' dir='ltr'><strong>a</strong></span> <span class='ocrx_word' id='word_1_628' title='bbox 3026 3739 3405 3796; x_wconf 82' lang='lat' dir='ltr'><strong>Romanorum</strong></span> <span class='ocrx_word' id='word_1_629' title='bbox 3445 3730 3688 3786; x_wconf 84' lang='lat' dir='ltr'><strong>exercitu</strong></span> 
     </span>
    </p>
   </div>
   <div class='ocr_carea' id='block_1_84' title="bbox 2101 3826 3693 3904">
    <p class='ocr_par' dir='ltr' id='par_1_84' title="bbox 2101 3826 3693 3904">
     <span class='ocr_line' id='line_1_91' title="bbox 2101 3826 3693 3904; baseline -0.018 0"><span class='ocrx_word' id='word_1_630' title='bbox 2101 3849 2332 3904; x_wconf 90' lang='lat' dir='ltr'><strong>illatam.</strong></span> <span class='ocrx_word' id='word_1_631' title='bbox 2376 3843 2503 3901; x_wconf 73' lang='lat' dir='ltr'><strong>Haec</strong></span> <span class='ocrx_word' id='word_1_632' title='bbox 2535 3849 2718 3897; x_wconf 89' lang='lat' dir='ltr'><strong>autem</strong></span> <span class='ocrx_word' id='word_1_633' title='bbox 2753 3836 2921 3894; x_wconf 89' lang='lat' dir='ltr'><strong>verba</strong></span> <span class='ocrx_word' id='word_1_634' title='bbox 2971 3830 3261 3904; x_wconf 89' lang='lat' dir='ltr'><strong>apostolus</strong></span> <span class='ocrx_word' id='word_1_635' title='bbox 3310 3826 3507 3881; x_wconf 88' lang='lat' dir='ltr'><strong>Petrus</strong></span> <span class='ocrx_word' id='word_1_636' title='bbox 3561 3836 3693 3892; x_wconf 84' lang='lat' dir='ltr'><strong>pro-</strong></span> 
     </span>
    </p>
   </div>
   <div class='ocr_carea' id='block_1_85' title="bbox 2101 3914 3695 3999">
    <p class='ocr_par' dir='ltr' id='par_1_85' title="bbox 2101 3914 3695 3999">
     <span class='ocr_line' id='line_1_92' title="bbox 2101 3914 3695 3999; baseline -0.019 -3"><span class='ocrx_word' id='word_1_637' title='bbox 2101 3939 2268 3996; x_wconf 84' lang='lat' dir='ltr'><strong>ditori</strong></span> <span class='ocrx_word' id='word_1_638' title='bbox 2307 3936 2462 3993; x_wconf 74' lang='lat' dir='ltr'><strong>Iuda:</strong></span> <span class='ocrx_word' id='word_1_639' title='bbox 2493 3927 2936 3990; x_wconf 82' lang='lat' dir='ltr'><strong>accommodavit</strong></span> <span class='ocrx_word' id='word_1_640' title='bbox 2965 3936 3227 3995; x_wconf 86' lang='lat' dir='ltr'><strong>tanquam</strong></span> <span class='ocrx_word' id='word_1_641' title='bbox 3260 3920 3351 3999; x_wconf 85' lang='lat' dir='ltr'><strong>uni</strong></span> <span class='ocrx_word' id='word_1_642' title='bbox 3402 3934 3467 3974; x_wconf 79' lang='lat' dir='ltr'><strong>ex</strong></span> <span class='ocrx_word' id='word_1_643' title='bbox 3503 3916 3569 3972; x_wconf 90' lang='lat' dir='ltr'><strong>iis</strong></span> <span class='ocrx_word' id='word_1_644' title='bbox 3602 3914 3695 3985; x_wconf 88' lang='lat' dir='ltr'><strong>qui</strong></span> 
     </span>
    </p>
   </div>
   <div class='ocr_carea' id='block_1_86' title="bbox 2103 4024 2764 4088">
    <p class='ocr_par' dir='ltr' id='par_1_86' title="bbox 2103 4024 2764 4088">
     <span class='ocr_line' id='line_1_93' title="bbox 2103 4024 2764 4088; baseline -0.015 0"><span class='ocrx_word' id='word_1_645' title='bbox 2103 4033 2384 4088; x_wconf 83' lang='lat' dir='ltr'><strong>Christum</strong></span> <span class='ocrx_word' id='word_1_646' title='bbox 2420 4024 2764 4085; x_wconf 85' lang='lat' dir='ltr'><strong>occiderunt.</strong></span> 
     </span>
    </p>
   </div>
   <div class='ocr_carea' id='block_1_87' title="bbox 2177 4103 3700 4186">
    <p class='ocr_par' dir='ltr' id='par_1_87' title="bbox 2177 4103 3700 4186">
     <span class='ocr_line' id='line_1_94' title="bbox 2177 4103 3700 4186; baseline -0.018 -7"><span class='ocrx_word' id='word_1_647' title='bbox 2177 4124 2341 4179; x_wconf 69' lang='lat' dir='ltr'><strong>Vsus.</strong></span> <span class='ocrx_word' id='word_1_648' title='bbox 2379 4121 2474 4176; x_wconf 72' lang='lat'><strong>27.</strong></span> <span class='ocrx_word' id='word_1_649' title='bbox 2517 4118 2789 4186; x_wconf 81' lang='lat' dir='ltr'><strong>Quoniam</strong></span> <span class='ocrx_word' id='word_1_650' title='bbox 2814 4129 2969 4186; x_wconf 88' lang='lat' dir='ltr'><strong>quem</strong></span> <span class='ocrx_word' id='word_1_651' title='bbox 3002 4120 3059 4165; x_wconf 89' lang='lat' dir='ltr'><strong>tu</strong></span> <span class='ocrx_word' id='word_1_652' title='bbox 3079 4105 3386 4177; x_wconf 77' lang='lat' dir='ltr'><strong>percussisti</strong></span> <span class='ocrx_word' id='word_1_653' title='bbox 3422 4103 3524 4169; x_wconf 81' lang='lat' dir='ltr'><strong>ipsi</strong></span> <span class='ocrx_word' id='word_1_654' title='bbox 3565 4115 3700 4169; x_wconf 86' lang='lat' dir='ltr'><strong>per—</strong></span> 
     </span>
    </p>
   </div>
   <div class='ocr_carea' id='block_1_88' title="bbox 2103 4204 3693 4273">
    <p class='ocr_par' dir='ltr' id='par_1_88' title="bbox 2103 4204 3693 4273">
     <span class='ocr_line' id='line_1_95' title="bbox 2103 4204 3693 4273; baseline -0.017 0"><span class='ocrx_word' id='word_1_655' title='bbox 2103 4217 2269 4273; x_wconf 87' lang='lat' dir='ltr'><strong>secuti</strong></span> <span class='ocrx_word' id='word_1_656' title='bbox 2301 4223 2449 4270; x_wconf 85' lang='lat' dir='ltr'><strong>sunt.</strong></span> <span class='ocrx_word' id='word_1_657' title='bbox 2482 4208 2807 4268; x_wconf 81' lang='lat' dir='ltr'><strong>Percussisti</strong></span> <span class='ocrx_word' id='word_1_658' title='bbox 2850 4204 3007 4270; x_wconf 83' lang='lat' dir='ltr'><strong>dixit,</strong></span> <span class='ocrx_word' id='word_1_659' title='bbox 3060 4215 3182 4272; x_wconf 87' lang='lat' dir='ltr'><strong>pro,</strong></span> <span class='ocrx_word' id='word_1_660' title='bbox 3226 4205 3512 4267; x_wconf 83' lang='lat' dir='ltr'><strong>percutere</strong></span> <span class='ocrx_word' id='word_1_661' title='bbox 3566 4208 3693 4264; x_wconf 83' lang='lat' dir='ltr'><strong>per-</strong></span> 
     </span>
    </p>
   </div>
   <div class='ocr_carea' id='block_1_89' title="bbox 2107 4287 3701 4369">
    <p class='ocr_par' dir='ltr' id='par_1_89' title="bbox 2107 4287 3701 4369">
     <span class='ocr_line' id='line_1_96' title="bbox 2107 4287 3701 4369; baseline -0.019 1"><span class='ocrx_word' id='word_1_662' title='bbox 2107 4309 2330 4369; x_wconf 88' lang='lat' dir='ltr'><strong>misisti.</strong></span> <span class='ocrx_word' id='word_1_663' title='bbox 2359 4306 2453 4363; x_wconf 88' lang='lat' dir='ltr'><strong>Sic</strong></span> <span class='ocrx_word' id='word_1_664' title='bbox 2481 4309 2648 4362; x_wconf 90' lang='lat' dir='ltr'><strong>etiam</strong></span> <span class='ocrx_word' id='word_1_665' title='bbox 2683 4297 2984 4355; x_wconf 85' lang='lat' dir='ltr'><strong>Zacharias</strong></span> <span class='ocrx_word' id='word_1_666' title='bbox 3017 4292 3159 4348; x_wconf 82' lang='lat' dir='ltr'><strong>dixit</strong></span> <span class='ocrx_word' id='word_1_667' title='bbox 3186 4309 3198 4343; x_wconf 94' lang='lat'>:</span> <span class='ocrx_word' id='word_1_668' title='bbox 3239 4287 3551 4342; x_wconf 85' lang='lat' dir='ltr'><strong>Percutiam</strong></span> <span class='ocrx_word' id='word_1_669' title='bbox 3599 4302 3701 4356; x_wconf 86' lang='lat' dir='ltr'><strong>pa-</strong></span> 
     </span>
    </p>
   </div>
   <div class='ocr_carea' id='block_1_90' title="bbox 2107 4380 3696 4469">
    <p class='ocr_par' dir='ltr' id='par_1_90' title="bbox 2107 4380 3696 4469">
     <span class='ocr_line' id='line_1_97' title="bbox 2107 4380 3696 4469; baseline -0.018 -10"><span class='ocrx_word' id='word_1_670' title='bbox 2107 4413 2305 4459; x_wconf 88' lang='lat' dir='ltr'><strong>storem</strong></span> <span class='ocrx_word' id='word_1_671' title='bbox 2337 4410 2386 4456; x_wconf 92' lang='lat' dir='ltr'><strong>et</strong></span> <span class='ocrx_word' id='word_1_672' title='bbox 2420 4400 2784 4469; x_wconf 85' lang='lat' dir='ltr'><strong>dispergentur</strong></span> <span class='ocrx_word' id='word_1_673' title='bbox 2808 4408 2924 4445; x_wconf 81' lang='lat' dir='ltr'><strong>oves</strong></span> <span class='ocrx_word' id='word_1_674' title='bbox 2950 4391 3125 4459; x_wconf 84' lang='lat' dir='ltr'><strong>gregis</strong></span> <span class='ocrx_word' id='word_1_675' title='bbox 3138 4385 3203 4439; x_wconf 83' lang='grc'><strong>⁸³.</strong></span> <span class='ocrx_word' id='word_1_676' title='bbox 3233 4381 3301 4435; x_wconf 86' lang='grc' dir='ltr'><strong>Ει</strong></span> <span class='ocrx_word' id='word_1_677' title='bbox 3330 4381 3503 4436; x_wconf 86' lang='lat' dir='ltr'><strong>Isaias</strong></span> <span class='ocrx_word' id='word_1_678' title='bbox 3528 4380 3653 4434; x_wconf 86' lang='lat' dir='ltr'><strong>alibi</strong></span> <span class='ocrx_word' id='word_1_679' title='bbox 3682 4397 3696 4431; x_wconf 95' lang='lat'>:</span> 
     </span>
    </p>
   </div>
   <div class='ocr_carea' id='block_1_91' title="bbox 2116 4471 3701 4556">
    <p class='ocr_par' dir='ltr' id='par_1_91' title="bbox 2116 4471 3701 4556">
     <span class='ocr_line' id='line_1_98' title="bbox 2116 4471 3701 4556; baseline -0.019 -4"><span class='ocrx_word' id='word_1_680' title='bbox 2116 4497 2376 4552; x_wconf 83' lang='lat' dir='ltr'><strong>Dominus</strong></span> <span class='ocrx_word' id='word_1_681' title='bbox 2431 4490 2663 4549; x_wconf 81' lang='lat' dir='ltr'><strong>tradidit</strong></span> <span class='ocrx_word' id='word_1_682' title='bbox 2719 4502 2838 4542; x_wconf 87' lang='lat' dir='ltr'><strong>eum</strong></span> <span class='ocrx_word' id='word_1_683' title='bbox 2872 4499 2969 4556; x_wconf 88' lang='lat' dir='ltr'><strong>pro</strong></span> <span class='ocrx_word' id='word_1_684' title='bbox 3023 4479 3261 4550; x_wconf 84' lang='lat' dir='ltr'><strong>peccatis</strong></span> <span class='ocrx_word' id='word_1_685' title='bbox 3319 4475 3544 4531; x_wconf 83' lang='lat' dir='ltr'><strong>nostris.</strong></span> <span class='ocrx_word' id='word_1_686' title='bbox 3604 4471 3701 4528; x_wconf 77' lang='lat' dir='ltr'><strong>Est</strong></span> 
     </span>
    </p>
   </div>
   <div class='ocr_carea' id='block_1_92' title="bbox 2110 4565 3705 4646">
    <p class='ocr_par' dir='ltr' id='par_1_92' title="bbox 2110 4565 3705 4646">
     <span class='ocr_line' id='line_1_99' title="bbox 2110 4565 3705 4646; baseline -0.016 -2"><span class='ocrx_word' id='word_1_687' title='bbox 2110 4590 2273 4644; x_wconf 83' lang='lat' dir='ltr'><strong>etiam</strong></span> <span class='ocrx_word' id='word_1_688' title='bbox 2306 4598 2360 4642; x_wconf 90' lang='lat' dir='ltr'><strong>et</strong></span> <span class='ocrx_word' id='word_1_689' title='bbox 2392 4588 2504 4640; x_wconf 73' lang='lat' dir='ltr'><strong>haec</strong></span> <span class='ocrx_word' id='word_1_690' title='bbox 2559 4579 2843 4638; x_wconf 83' lang='lat' dir='ltr'><strong>Hebraicae</strong></span> <span class='ocrx_word' id='word_1_691' title='bbox 2902 4578 3103 4646; x_wconf 82' lang='lat' dir='ltr'><strong>linguae</strong></span> <span class='ocrx_word' id='word_1_692' title='bbox 3156 4571 3490 4643; x_wconf 83' lang='lat' dir='ltr'><strong>preprietas.</strong></span> <span class='ocrx_word' id='word_1_693' title='bbox 3537 4575 3597 4641; x_wconf 77' lang='lat' dir='ltr'><strong>ut</strong></span> <span class='ocrx_word' id='word_1_694' title='bbox 3653 4565 3705 4619; x_wconf 89' lang='lat' dir='ltr'><strong>ei</strong></span> 
     </span>
    </p>
   </div>
   <div class='ocr_carea' id='block_1_93' title="bbox 2111 4658 3706 4752">
    <p class='ocr_par' dir='ltr' id='par_1_93' title="bbox 2111 4658 3706 4752">
     <span class='ocr_line' id='line_1_100' title="bbox 2111 4658 3706 4752; baseline -0.016 -15"><span class='ocrx_word' id='word_1_695' title='bbox 2111 4683 2205 4752; x_wconf 82' lang='lat' dir='ltr'><strong>qui</strong></span> <span class='ocrx_word' id='word_1_696' title='bbox 2263 4678 2536 4751; x_wconf 89' lang='lat' dir='ltr'><strong>permittit</strong></span> <span class='ocrx_word' id='word_1_697' title='bbox 2576 4674 2784 4731; x_wconf 79' lang='lat' dir='ltr'><strong>factum</strong></span> <span class='ocrx_word' id='word_1_698' title='bbox 2836 4669 3100 4734; x_wconf 83' lang='lat' dir='ltr'><strong>ascribat,</strong></span> <span class='ocrx_word' id='word_1_699' title='bbox 3135 4681 3201 4719; x_wconf 80' lang='lat' dir='ltr'><strong>co</strong></span> <span class='ocrx_word' id='word_1_700' title='bbox 3229 4661 3375 4734; x_wconf 87' lang='lat' dir='ltr'><strong>quod</strong></span> <span class='ocrx_word' id='word_1_701' title='bbox 3413 4658 3706 4730; x_wconf 85' lang='lat' dir='ltr'><strong>prohibere</strong></span> 
     </span>
    </p>
   </div>
   <div class='ocr_carea' id='block_1_94' title="bbox 2112 4750 3709 4846">
    <p class='ocr_par' dir='ltr' id='par_1_94' title="bbox 2112 4750 3709 4846">
     <span class='ocr_line' id='line_1_101' title="bbox 2112 4750 3709 4846; baseline -0.018 -16"><span class='ocrx_word' id='word_1_702' title='bbox 2112 4750 2316 4846; x_wconf 84' lang='lat' dir='ltr'><strong>potuit,</strong></span> <span class='ocrx_word' id='word_1_703' title='bbox 2373 4781 2429 4828; x_wconf 93' lang='lat' dir='ltr'><strong>et</strong></span> <span class='ocrx_word' id='word_1_704' title='bbox 2489 4786 2599 4825; x_wconf 90' lang='lat' dir='ltr'><strong>non</strong></span> <span class='ocrx_word' id='word_1_705' title='bbox 2675 4763 2982 4837; x_wconf 87' lang='lat' dir='ltr'><strong>prohibuit.</strong></span> <span class='ocrx_word' id='word_1_706' title='bbox 3044 4757 3202 4826; x_wconf 82' lang='lat' dir='ltr'><strong>Quod</strong></span> <span class='ocrx_word' id='word_1_707' title='bbox 3262 4769 3393 4812; x_wconf 89' lang='lat' dir='ltr'><strong>vero</strong></span> <span class='ocrx_word' id='word_1_708' title='bbox 3448 4750 3709 4822; x_wconf 79' lang='lat' dir='ltr'><strong>persecuti</strong></span> 
     </span>
    </p>
   </div>
   <div class='ocr_carea' id='block_1_95' title="bbox 2113 4841 3708 4935">
    <p class='ocr_par' dir='ltr' id='par_1_95' title="bbox 2113 4841 3708 4935">
     <span class='ocr_line' id='line_1_102' title="bbox 2113 4841 3708 4935; baseline -0.018 -12"><span class='ocrx_word' id='word_1_709' title='bbox 2113 4882 2257 4934; x_wconf 86' lang='lat' dir='ltr'><strong>sunt,</strong></span> <span class='ocrx_word' id='word_1_710' title='bbox 2316 4879 2574 4935; x_wconf 85' lang='lat' dir='ltr'><strong>expone,</strong></span> <span class='ocrx_word' id='word_1_711' title='bbox 2621 4874 2743 4928; x_wconf 83' lang='lat' dir='ltr'><strong>pro,</strong></span> <span class='ocrx_word' id='word_1_712' title='bbox 2791 4854 3055 4928; x_wconf 78' lang='lat' dir='ltr'><strong>gravibus</strong></span> <span class='ocrx_word' id='word_1_713' title='bbox 3110 4849 3427 4904; x_wconf 65' lang='lat' dir='ltr'><strong>amiserunt</strong></span> <span class='ocrx_word' id='word_1_714' title='bbox 3490 4841 3708 4915; x_wconf 72' lang='lat' dir='ltr'><strong>pmnis;</strong></span> 
     </span>
    </p>
   </div>
   <div class='ocr_carea' id='block_1_96' title="bbox 2114 4941 3424 5025">
    <p class='ocr_par' dir='ltr' id='par_1_96' title="bbox 2114 4941 3424 5025">
     <span class='ocr_line' id='line_1_103' title="bbox 2114 4941 3424 5025; baseline -0.02 -7"><span class='ocrx_word' id='word_1_715' title='bbox 2114 4963 2222 5025; x_wconf 88' lang='lat' dir='ltr'><strong>vel,</strong></span> <span class='ocrx_word' id='word_1_716' title='bbox 2260 4957 2544 5016; x_wconf 85' lang='lat' dir='ltr'><strong>Persecuti</strong></span> <span class='ocrx_word' id='word_1_717' title='bbox 2573 4961 2726 5013; x_wconf 88' lang='lat' dir='ltr'><strong>sunt.</strong></span> <span class='ocrx_word' id='word_1_718' title='bbox 2766 4944 3060 5021; x_wconf 82' lang='lat' dir='ltr'><strong>quousque</strong></span> <span class='ocrx_word' id='word_1_719' title='bbox 3093 4941 3424 4999; x_wconf 86' lang='lat' dir='ltr'><strong>occiderint.</strong></span> 
     </span>
    </p>
   </div>
   <div class='ocr_carea' id='block_1_97' title="bbox 495 5117 1989 5227">
    <p class='ocr_par' dir='ltr' id='par_1_97' title="bbox 495 5117 1989 5227">
     <span class='ocr_line' id='line_1_104' title="bbox 495 5117 1989 5227; baseline -0.008 -12"><span class='ocrx_word' id='word_1_720' title='bbox 495 5117 725 5215; x_wconf 53' lang='lat' dir='ltr'><strong>Kairérti</strong></span> <span class='ocrx_word' id='word_1_721' title='bbox 759 5158 827 5212; x_wconf 82' lang='grc' dir='ltr'><strong>τὸ</strong></span> <span class='ocrx_word' id='word_1_722' title='bbox 850 5117 1044 5227; x_wconf 57' lang='lat' dir='ltr'><strong>21mg-</strong></span> <span class='ocrx_word' id='word_1_723' title='bbox 1089 5117 1208 5209; x_wconf 63' lang='grc' dir='ltr'><strong>των</strong></span> <span class='ocrx_word' id='word_1_724' title='bbox 1247 5117 1621 5223; x_wconf 69' lang='grc' dir='ltr'><strong>⁷τραυμάτων</strong></span> <span class='ocrx_word' id='word_1_725' title='bbox 1650 5168 1771 5221; x_wconf 73' lang='grc' dir='ltr'><strong>μου</strong></span> <span class='ocrx_word' id='word_1_726' title='bbox 1825 5164 1989 5219; x_wconf 78' lang='grc' dir='ltr'><strong>,τίροσ¹</strong></span> 
     </span>
    </p>
   </div>
   <div class='ocr_carea' id='block_1_98' title="bbox 2099 5117 3700 5227">
    <p class='ocr_par' dir='ltr' id='par_1_98' title="bbox 2193 5117 3700 5214">
     <span class='ocr_line' id='line_1_105' title="bbox 2193 5117 3700 5214; baseline -0.021 -13"><span class='ocrx_word' id='word_1_727' title='bbox 2193 5146 2259 5200; x_wconf 81' lang='lat' dir='ltr'><strong>Et</strong></span> <span class='ocrx_word' id='word_1_728' title='bbox 2290 5160 2451 5214; x_wconf 85' lang='lat' dir='ltr'><strong>super</strong></span> <span class='ocrx_word' id='word_1_729' title='bbox 2489 5140 2727 5195; x_wconf 86' lang='lat' dir='ltr'><strong>dolorem</strong></span> <span class='ocrx_word' id='word_1_730' title='bbox 2769 5128 3046 5192; x_wconf 76' lang='lat' dir='ltr'><strong>uulnerum</strong></span> <span class='ocrx_word' id='word_1_731' title='bbox 3081 5141 3316 5183; x_wconf 83' lang='lat' dir='ltr'><strong>meorum</strong></span> <span class='ocrx_word' id='word_1_732' title='bbox 3351 5117 3700 5174; x_wconf 73' lang='lat' dir='ltr'><strong>addiderunt.</strong></span> 
     </span>
    </p>
   </div>
   <div class='ocr_carea' id='block_1_99' title="bbox 414 5242 2009 5321">
    <p class='ocr_par' dir='ltr' id='par_1_99' title="bbox 414 5242 2009 5321">
     <span class='ocr_line' id='line_1_106' title="bbox 414 5242 2009 5321; baseline -0.011 -12"><span class='ocrx_word' id='word_1_733' title='bbox 414 5253 669 5320; x_wconf 67' lang='grc' dir='ltr'><strong>ἐθηκαν.</strong></span> <span class='ocrx_word' id='word_1_734' title='bbox 708 5249 970 5321; x_wconf 78' lang='grc' dir='ltr'><strong>Ηῦξησάν</strong></span> <span class='ocrx_word' id='word_1_735' title='bbox 1003 5266 1091 5318; x_wconf 89' lang='grc' dir='ltr'><strong>μοι</strong></span> <span class='ocrx_word' id='word_1_736' title='bbox 1118 5249 1180 5301; x_wconf 79' lang='grc' dir='ltr'><strong>τὸ</strong></span> <span class='ocrx_word' id='word_1_737' title='bbox 1212 5246 1387 5315; x_wconf 78' lang='grc' dir='ltr'><strong>ἄλγος</strong></span> <span class='ocrx_word' id='word_1_738' title='bbox 1416 5246 1527 5298; x_wconf 80' lang='grc' dir='ltr'><strong>τῶν</strong></span> <span class='ocrx_word' id='word_1_739' title='bbox 1567 5242 1908 5312; x_wconf 81' lang='grc' dir='ltr'><strong>τραυμάτων</strong></span> <span class='ocrx_word' id='word_1_740' title='bbox 1941 5244 2009 5313; x_wconf 82' lang='grc' dir='ltr'><strong>τῇ</strong></span> 
     </span>
    </p>
   </div>
   <div class='ocr_carea' id='block_1_100' title="bbox 417 5332 2015 5415">
    <p class='ocr_par' dir='ltr' id='par_1_100' title="bbox 417 5332 2015 5415">
     <span class='ocr_line' id='line_1_107' title="bbox 417 5332 2015 5415; baseline -0.007 -17"><span class='ocrx_word' id='word_1_741' title='bbox 417 5343 709 5415; x_wconf 74' lang='grc' dir='ltr'><strong>προσθήκῃ</strong></span> <span class='ocrx_word' id='word_1_742' title='bbox 739 5343 835 5396; x_wconf 82' lang='grc' dir='ltr'><strong>τοῦ</strong></span> <span class='ocrx_word' id='word_1_743' title='bbox 865 5336 1197 5411; x_wconf 68' lang='grc' dir='ltr'><strong>ὀνεῶισμοῦ,</strong></span> <span class='ocrx_word' id='word_1_744' title='bbox 1228 5340 1262 5410; x_wconf 84' lang='grc' dir='ltr'>ἢ</span> <span class='ocrx_word' id='word_1_745' title='bbox 1298 5342 1365 5410; x_wconf 75' lang='grc' dir='ltr'><strong>τῇ</strong></span> <span class='ocrx_word' id='word_1_746' title='bbox 1403 5332 1880 5408; x_wconf 72' lang='grc' dir='ltr'><strong>συκοφαντίᾳ,’ὅτι</strong></span> <span class='ocrx_word' id='word_1_747' title='bbox 1917 5351 2015 5388; x_wconf 85' lang='grc' dir='ltr'><strong>τα-</strong></span> 
     </span>
    </p>
   </div>
   <div class='ocr_carea' id='block_1_101' title="bbox 420 5432 1393 5510">
    <p class='ocr_par' dir='ltr' id='par_1_101' title="bbox 420 5432 1393 5510">
     <span class='ocr_line' id='line_1_108' title="bbox 420 5432 1393 5510; baseline -0.004 -21"><span class='ocrx_word' id='word_1_748' title='bbox 420 5436 846 5510; x_wconf 39' lang='grc' dir='ltr'><strong>φεὶςοὲκλάπην,</strong></span> <span class='ocrx_word' id='word_1_749' title='bbox 866 5434 983 5487; x_wconf 82' lang='grc' dir='ltr'><strong>ἀλλ’</strong></span> <span class='ocrx_word' id='word_1_750' title='bbox 1004 5435 1104 5488; x_wconf 81' lang='grc' dir='ltr'><strong>οὐκ</strong></span> <span class='ocrx_word' id='word_1_751' title='bbox 1133 5432 1393 5503; x_wconf 80' lang='grc' dir='ltr'><strong>ἀνέστην.</strong></span> 
     </span>
    </p>
   </div>
   <div class='ocr_carea' id='block_1_102' title="bbox 497 5692 2014 5770">
    <p class='ocr_par' dir='ltr' id='par_1_102' title="bbox 497 5692 2014 5770">
     <span class='ocr_line' id='line_1_109' title="bbox 497 5692 2014 5770; baseline -0.005 -13"><span class='ocrx_word' id='word_1_752' title='bbox 497 5702 768 5770; x_wconf 79' lang='grc' dir='ltr'><strong>Πρόσθες</strong></span> <span class='ocrx_word' id='word_1_753' title='bbox 818 5698 1080 5769; x_wconf 77' lang='grc' dir='ltr'><strong>ἀνομίαν</strong></span> <span class='ocrx_word' id='word_1_754' title='bbox 1124 5695 1226 5751; x_wconf 73' lang='grc' dir='ltr'><strong>ἐπὶ</strong></span> <span class='ocrx_word' id='word_1_755' title='bbox 1285 5696 1405 5765; x_wconf 82' lang='grc' dir='ltr'><strong>τὴν</strong></span> <span class='ocrx_word' id='word_1_756' title='bbox 1464 5692 1731 5765; x_wconf 78' lang='grc' dir='ltr'><strong>ἀνομίαν</strong></span> <span class='ocrx_word' id='word_1_757' title='bbox 1787 5692 2014 5750; x_wconf 84' lang='grc' dir='ltr'><strong>αὐτῶν.</strong></span> 
     </span>
    </p>
   </div>
   <div class='ocr_carea' id='block_1_103' title="bbox 478 5878 1569 5951">
    <p class='ocr_par' dir='ltr' id='par_1_103' title="bbox 478 5878 1569 5951">
     <span class='ocr_line' id='line_1_110' title="bbox 478 5878 1569 5951; baseline -0.015 -2"><span class='ocrx_word' id='word_1_758' title='bbox 478 5889 527 5923; x_wconf 82' lang='grc'><strong>⁸³</strong></span> <span class='ocrx_word' id='word_1_759' title='bbox 554 5886 788 5951; x_wconf 76' lang='lat' dir='ltr'><strong>Zachar.</strong></span> <span class='ocrx_word' id='word_1_760' title='bbox 814 5902 937 5947; x_wconf 79' lang='lat' dir='ltr'><strong>xm.</strong></span> <span class='ocrx_word' id='word_1_761' title='bbox 969 5883 1001 5937; x_wconf 89' lang='lat'><strong>7</strong></span> <span class='ocrx_word' id='word_1_762' title='bbox 1026 5900 1043 5945; x_wconf 84' lang='lat'><strong>:</strong></span> <span class='ocrx_word' id='word_1_763' title='bbox 1077 5881 1270 5938; x_wconf 78' lang='lat' dir='ltr'><strong>Matth.</strong></span> <span class='ocrx_word' id='word_1_764' title='bbox 1298 5896 1451 5941; x_wconf 76' lang='lat' dir='ltr'><strong>xxvr.</strong></span> <span class='ocrx_word' id='word_1_765' title='bbox 1480 5878 1569 5937; x_wconf 73' lang='lat'><strong>&#39;51.</strong></span> 
     </span>
    </p>
   </div>
   <div class='ocr_carea' id='block_1_104' title="bbox 2119 5212 3706 5295">
    <p class='ocr_par' dir='ltr' id='par_1_104' title="bbox 2119 5212 3706 5295">
     <span class='ocr_line' id='line_1_111' title="bbox 2119 5212 3706 5295; baseline -0.023 1"><span class='ocrx_word' id='word_1_766' title='bbox 2119 5241 2409 5295; x_wconf 80' lang='lat' dir='ltr'><strong>Auxerunt</strong></span> <span class='ocrx_word' id='word_1_767' title='bbox 2438 5234 2575 5290; x_wconf 85' lang='lat' dir='ltr'><strong>mihi</strong></span> <span class='ocrx_word' id='word_1_768' title='bbox 2604 5231 2896 5288; x_wconf 87' lang='lat' dir='ltr'><strong>vulnerum</strong></span> <span class='ocrx_word' id='word_1_769' title='bbox 2927 5224 3196 5284; x_wconf 89' lang='lat' dir='ltr'><strong>dolorem,</strong></span> <span class='ocrx_word' id='word_1_770' title='bbox 3225 5212 3479 5271; x_wconf 83' lang='lat' dir='ltr'><strong>addendo</strong></span> <span class='ocrx_word' id='word_1_771' title='bbox 3504 5224 3706 5278; x_wconf 86' lang='lat' dir='ltr'><strong>oppro-</strong></span> 
     </span>
    </p>
   </div>
   <div class='ocr_carea' id='block_1_105' title="bbox 2118 5303 3708 5397">
    <p class='ocr_par' dir='ltr' id='par_1_105' title="bbox 2118 5303 3708 5397">
     <span class='ocr_line' id='line_1_112' title="bbox 2118 5303 3708 5397; baseline -0.024 -7"><span class='ocrx_word' id='word_1_772' title='bbox 2118 5335 2259 5390; x_wconf 86' lang='lat' dir='ltr'><strong>bria.</strong></span> <span class='ocrx_word' id='word_1_773' title='bbox 2317 5329 2438 5395; x_wconf 84' lang='lat' dir='ltr'><strong>Vel,</strong></span> <span class='ocrx_word' id='word_1_774' title='bbox 2519 5341 2687 5397; x_wconf 88' lang='lat' dir='ltr'><strong>super</strong></span> <span class='ocrx_word' id='word_1_775' title='bbox 2728 5322 3017 5377; x_wconf 82' lang='lat' dir='ltr'><strong>vulnerum</strong></span> <span class='ocrx_word' id='word_1_776' title='bbox 3076 5312 3324 5367; x_wconf 86' lang='lat' dir='ltr'><strong>dolorem</strong></span> <span class='ocrx_word' id='word_1_777' title='bbox 3380 5303 3708 5359; x_wconf 83' lang='lat' dir='ltr'><strong>addiderunt</strong></span> 
     </span>
    </p>
   </div>
   <div class='ocr_carea' id='block_1_106' title="bbox 2116 5387 3701 5484">
    <p class='ocr_par' dir='ltr' id='par_1_106' title="bbox 2116 5387 3701 5484">
     <span class='ocr_line' id='line_1_113' title="bbox 2116 5387 3701 5484; baseline -0.021 -7"><span class='ocrx_word' id='word_1_778' title='bbox 2116 5387 2476 5484; x_wconf 86' lang='lat' dir='ltr'><strong>calumniam,</strong></span> <span class='ocrx_word' id='word_1_779' title='bbox 2510 5387 2781 5477; x_wconf 66' lang='lat' dir='ltr'><strong>dicentes,</strong></span> <span class='ocrx_word' id='word_1_780' title='bbox 2811 5405 2954 5480; x_wconf 84' lang='lat' dir='ltr'><strong>quod</strong></span> <span class='ocrx_word' id='word_1_781' title='bbox 3003 5400 3279 5471; x_wconf 80' lang='lat' dir='ltr'><strong>sepultura</strong></span> <span class='ocrx_word' id='word_1_782' title='bbox 3321 5408 3408 5448; x_wconf 88' lang='lat' dir='ltr'><strong>me</strong></span> <span class='ocrx_word' id='word_1_783' title='bbox 3440 5387 3701 5459; x_wconf 87' lang='lat' dir='ltr'><strong>discipuli</strong></span> 
     </span>
    </p>
   </div>
   <div class='ocr_carea' id='block_1_107' title="bbox 2120 5496 3704 5570">
    <p class='ocr_par' dir='ltr' id='par_1_107' title="bbox 2120 5496 3704 5570">
     <span class='ocr_line' id='line_1_114' title="bbox 2120 5496 3704 5570; baseline -0.022 -5"><span class='ocrx_word' id='word_1_784' title='bbox 2120 5510 2270 5567; x_wconf 79' lang='lat' dir='ltr'><strong>furto</strong></span> <span class='ocrx_word' id='word_1_785' title='bbox 2305 5507 2733 5570; x_wconf 80' lang='lat' dir='ltr'><strong>subtraxissent,</strong></span> <span class='ocrx_word' id='word_1_786' title='bbox 2784 5509 2838 5557; x_wconf 90' lang='lat' dir='ltr'><strong>et</strong></span> <span class='ocrx_word' id='word_1_787' title='bbox 2889 5501 3148 5569; x_wconf 76' lang='lat' dir='ltr'><strong>negantes</strong></span> <span class='ocrx_word' id='word_1_788' title='bbox 3196 5500 3286 5547; x_wconf 88' lang='lat' dir='ltr'><strong>me</strong></span> <span class='ocrx_word' id='word_1_789' title='bbox 3336 5497 3462 5539; x_wconf 79' lang='lat' dir='ltr'><strong>vere</strong></span> <span class='ocrx_word' id='word_1_790' title='bbox 3512 5496 3704 5535; x_wconf 77' lang='lat' dir='ltr'><strong>resur-</strong></span> 
     </span>
    </p>
   </div>
   <div class='ocr_carea' id='block_1_108' title="bbox 2151 5617 2353 5656">
    <p class='ocr_par' dir='ltr' id='par_1_108' title="bbox 2151 5617 2353 5656">
     <span class='ocr_line' id='line_1_115' title="bbox 2151 5617 2353 5656; baseline 0 0"><span class='ocrx_word' id='word_1_791' title='bbox 2151 5617 2353 5656; x_wconf 64' lang='lat' dir='ltr'><strong>EXISSC.</strong></span> 
     </span>
    </p>
   </div>
   <div class='ocr_carea' id='block_1_109' title="bbox 2119 5616 3706 5756">
    <p class='ocr_par' dir='ltr' id='par_1_109' title="bbox 2119 5616 3706 5756">
     <span class='ocr_line' id='line_1_116' title="bbox 2151 5617 2353 5656; baseline 0 -1"><span class='ocrx_word' id='word_1_792' title='bbox 2151 5619 2179 5656; x_wconf 88' lang='lat' dir='ltr'><strong>e</strong></span> <span class='ocrx_word' id='word_1_793' title='bbox 2221 5617 2234 5653; x_wconf 95' lang='lat' dir='ltr'><strong>l</strong></span> <span class='ocrx_word' id='word_1_794' title='bbox 2337 5641 2353 5656; x_wconf 93' lang='lat'><strong>.</strong></span> 
     </span>
     <span class='ocr_line' id='line_1_117' title="bbox 2119 5616 3706 5756; baseline -0.026 -3"><span class='ocrx_word' id='word_1_795' title='bbox 2119 5619 2145 5657; x_wconf 51' lang='grc' dir='ltr'><strong><em>Γ</em></strong></span> <span class='ocrx_word' id='word_1_796' title='bbox 2181 5616 2368 5749; x_wconf 45' lang='lat' dir='ltr'><strong>xviri.</strong></span> <span class='ocrx_word' id='word_1_797' title='bbox 2409 5688 2763 5756; x_wconf 72' lang='lat' dir='ltr'><strong>28..Appone</strong></span> <span class='ocrx_word' id='word_1_798' title='bbox 2807 5678 3147 5751; x_wconf 82' lang='lat' dir='ltr'><strong>iniquitatem</strong></span> <span class='ocrx_word' id='word_1_799' title='bbox 3178 5683 3335 5740; x_wconf 86' lang='lat' dir='ltr'><strong>super</strong></span> <span class='ocrx_word' id='word_1_800' title='bbox 3365 5665 3706 5737; x_wconf 81' lang='lat' dir='ltr'><strong>iniquitatem</strong></span> 
     </span>
    </p>
   </div>
  </div>
