4064 6486
296 461 410 531 ⁸103

1543 472 1648 534 EU
1661 470 1932 537 I‘HYMII
1980 472 2347 539 ZIGABENI

3467 471 3574 540 704

302 592 511 633 eorum.
570 575 678 634 Per
756 576 1100 650 iniquitatem
1152 582 1244 638 hic
1298 583 1458 639 multi
1514 585 1889 640 calamitatem

2006 586 2264 661 ’Δνομίαν
2303 592 2539 647 ἐνταῦθα
2573 594 2672 668 τὴν
2728 599 3017 669 συμφορὰν
3072 600 3121 652 oi
3166 593 3437 666 ἐξηγηταὶ
3489 611 3577 647 νε·

302 669 537 743 intelligi
589 670 808 736 dicunt,
855 673 1322 744 quemadmodum
1358 674 1527 733 etiam
1580 680 1635 733 in
1673 678 1890 749 psalmo

303 779 414 829 avt,
453 765 570 820 ibi:
615 765 790 820 Donec
839 775 1080 823 transeat
1126 770 1424 840 iniquitas;
1476 769 1569 826 ubi
1625 770 1886 829 diximus.

303 858 546 926 Augebis
573 868 656 926 tu,
684 860 884 932 inquit,
913 875 1105 917 eorum
1137 863 1502 929 calamitates,
1542 866 1672 935 quia
1703 873 1758 919 et
1783 863 1887 935 ipsi

302 946 626 1007 amictiones
653 951 786 1007 mihi
820 952 985 1009 etiam
1012 959 1318 1026 augebant.

369 1040 438 1096 Et
462 1059 565 1097 non
593 1044 792 1099 intrent
826 1045 879 1098 in
903 1045 1180 1115 justitiam
1213 1056 1388 1103 tuam.
1421 1044 1540 1101 Non
1578 1045 1886 1118 ingredien-

276 1142 414 1200 ‘tur,
445 1134 654 1206 inquit,
685 1144 749 1191 ut
773 1135 1158 1207 justilicentur
1194 1153 1225 1193 a
1257 1149 1331 1204 te,
1381 1148 1437 1195 et
1469 1147 1890 1210 consequantur

276 1226 766 1293 misericordiam,
816 1244 883 1286 eo
914 1231 1077 1286 modo
1109 1247 1218 1301 quo
1254 1247 1377 1288 eam
1411 1242 1606 1288 clunes
1642 1230 1718 1285 illi
1752 1245 1887 1286 cou-

298 1319 553 1373 secuturi
583 1331 735 1388 suut,
763 1321 964 1393 quibus
992 1337 1026 1378 a
1061 1335 1114 1379 te
1165 1323 1384 1380 dicetur
1416 1341 1431 1381 :
1479 1322 1685 1389 Venite,
1737 1324 1893 1378 bene-

299 1408 435 1464 dicti
470 1407 654 1466 Patris
683 1413 784 1468 mei
832 1413 902 1470 “.
946 1414 1129 1485 Aliqui
1165 1431 1298 1472 vero
1347 1415 1626 1487 Justitiam
1661 1415 1751 1470 hic
1799 1426 1893 1470 ac-

304 1500 412 1572 cipi
463 1502 657 1559 dicunt
680 1520 786 1576 pro
815 1504 1135 1579 Evangelia.
1168 1507 1268 1566 Est
1295 1510 1499 1566 etenim
1524 1509 1889 1580 ‘Evangelium

300 1591 542 1661 iustitia,
589 1611 657 1652 eo
690 1601 836 1667 quod
871 1612 1063 1655 omnes
1109 1617 1267 1671 aeque
1298 1614 1462 1658 vocat
1513 1602 1582 1658 ad
1634 1602 1892 1665 salutem,

304 1696 359 1741 ct
385 1702 578 1746 omnes
609 1692 842 1763 suscipit
873 1695 967 1764 qui
1002 1695 1069 1749 ad
1102 1694 1238 1750 illud
1264 1694 1555 1751 accedunt.

379 1777 550 1837 Vsus.
595 1781 687 1839 29.
730 1783 1026 1840 Deleantur
1053 1785 1118 1841 de
1159 1786 1299 1842 libro
1328 1787 1639 1843 viventium.
1662 1784 1777 1841 'llic
1808 1794 1893 1841 est

300 1870 397 1927 ille
429 1872 570 1930 liber
599 1875 668 1931 de
718 1892 833 1948 quo
871 1878 1136 1950 legimus,
1166 1880 1318 1950 quod
1350 1896 1477 1937 cum
1513 1884 1694 1936 iratus
1741 1889 1891 1937 esset

304 1962 449 2022 Deus
474 1966 773 2025 adversum
824 1974 1117 2041 populum,
1148 1973 1243 2044 qui
1283 1972 1524 2029 vitulum
1572 1973 1801 2038 fecerat,
1836 1985 1892 2028 et

300 2056 537 2115 dixisset
555 2062 604 2116 ei
634 2060 837 2118 Moiscs
874 2081 887 2118 :
925 2062 986 2119 Si
1008 2066 1219 2136 quidem
1242 2066 1470 2122 dimittis
1491 2068 1566 2122 eis
1594 2077 1891 2138 peccatum,
1920 2132 1921 2139 η

301 2146 546 2217 dimitte;
601 2153 651 2208 si
704 2154 907 2222 minus,
939 2156 1054 2212 dele
1092 2173 1173 2213 nte
1231 2158 1295 2215 de
1351 2159 1511 2226 libro,
1546 2176 1701 2232 quem
1750 2163 1891 2216 scri-

301 2240 464 2306 psisti
485 2259 507 2308 ;
537 2245 831 2316 respondit
854 2248 905 2303 ei
934 2246 1081 2306 Deus
1110 2267 1124 2334 ς
1149 2248 1210 2305 Si
1231 2253 1350 2322 quis
1381 2254 1678 2321 peccaverit
1707 2270 1891 2308 coram

1993 683 2276 752 νοήκασιν,
2306 683 2382 747 ὡς
2428 686 2488 739 ἓν
2513 685 2591 756 τῷ
2621 693 2709 751 νς¹
2740 688 2943 759 ψαλμῶ
2991 689 3461 760 προειρήκαμεν,
3493 687 3575 748 εἰς

1991 777 2075 840 τὸ,
2106 777 2256 844 Ἕως
2284 772 2358 833 οὗ
2386 777 2657 848 παρέλθῃ
2686 779 2724 847 ἡ
2760 781 3002 851 ἀνομία.
3039 778 3306 853 Προλέγει
3341 769 3457 842 οὖν,
3490 777 3576 830 ὅτι

1988 867 2264 934 ᾉὺξήσεις
2306 871 2492 933 αὐτοῖς
2554 869 2654 934 τὰς
2708 870 3020 943 συμφορὰς,
3098 869 3221 925 ἐπεὶ
3262 870 3359 924 καὶ
3415 866 3613 922 αὐτοι

1992 957 2290 1031 αὐξήσουσι
2309 959 2409 1025 τὰς
2432 961 2644 1032 θλίψεις
2673 965 2819 1035 ἐμοι.

2061 1052 2169 1108 Kal
2197 1053 2285 1123 μὴ
2317 1054 2758 1110 εῑσελθέτωσαν
2787 1056 2857 1125 ἐν
2879 1055 3235 1123 δικαιοσύνῃ
3277 1067 3420 1107 σου.
3463 1049 3579 1105 Καὶ

1990 1143 2093 1199 ούκ
2153 1143 2554 1198 εἰσελεύσονται
2610 1147 2691 1209 εἰς
2726 1147 2786 1199 τὸ
2834 1136 3199 1214 δικαιωθῆναι
3273 1140 3428 1212 παρά
3454 1141 3577 1203 σοῦ,

1992 1240 2088 1294 καὶ
2119 1240 2304 1309 τυχεῖν
2331 1238 2534 1302 ἐλέους,
2565 1238 2641 1301 ὡς
2665 1239 2714 1292 οἱ
2753 1237 3091 1301 ἀκούσαντες
3119 1235 3180 1289 τό
3212 1250 3227 1267 ο
3272 1235 3472 1297 Δεῦτε,
3520 1234 3579 1286 οἱ

1992 1328 2402 1403 ιεὺλοτιτυιένοι⁴
2447 1326 2557 1383 τοῦ
2608 1330 2840 1398 Πατρός
2877 1345 3021 1399 μου.
3082 1325 3245 1389 Τινὲς
3293 1325 3350 1379 sa
3393 1324 3579 1378 νοοῦσι

1991 1419 2340 1493 δικαιοσύνην
2388 1419 2450 1474 τὸ
2507 1414 2846 1495 Εὐαγγέλιον
2899 1438 2916 1455 ο
2973 1420 3291 1491 δικαιοσύνη
3365 1417 3478 1489 γὰρ
3516 1417 3584 1470 τὸ

1994 1515 2206 1579 πάντας
2235 1514 2426 1570 καλεῖν
2453 1518 2534 1580 εἰς
2584 1511 3017 1588 σωτηρίάνμαὶ
3081 1515 3293 1578 πάντας
3342 1510 3582 1584 παραδέ-

1990 1609 2186 1678 χεσθαι
2206 1609 2334 1673 τοὺς
2370 1604 2871 1680 προσερχομένους.

2079 1786 2651 1858 Ἕξαλειςρθήτωσαν
2665 1786 2736 1840 ἐκ
2757 1786 2987 1851 βίϐλου
3016 1783 3273 1847 ζώντων.
3309 1781 3417 1836 Τοῦ
3450 1781 3586 1836 Mm-

1999 1884 2138 1948 σέως
2166 1883 2421 1946 εἰπόντος
2468 1883 2606 1952 πρὸς
2661 1877 2798 1936 Θεὸν
2844 1878 2987 1951 ὑπὲρ
3050 1876 3147 1931 τοῦ
3188 1874 3324 1930 λαοῦ
3380 1890 3586 1946 μοσχο-
3664 1879 3677 1883 ⁴

1995 1976 2333 2047 ποιήσαντος
2354 1991 2370 2006 ·
2403 1975 2474 2028 ει
2490 1972 2610 2041 μὲν
2637 1971 2802 2042 ἁφῆς
2829 1970 3035 2041 αὐτοῖς
3093 1969 3211 2039 τὴν
3261 1966 3586 2038 ἁμαρτίαν,

1992 2069 2146 2141 ἄφες
2171 2084 2186 2101 '
2213 2070 2269 2124 ει
2299 2068 2369 2122 δὲ
2392 2068 2504 2138 μὴ,
2531 2066 2864 2136 ἐξάλειψόν
2887 2082 2964 2153 με
2991 2066 3062 2119 ἐκ
3088 2063 3203 2134 τῆς
3234 2063 3481 2151 βίϐλου,
3504 2053 3586 2130 ἧς

1992 2165 2301 2234 ἔγραψας*
2331 2163 2494 2226 αὐτὸς
2550 2161 2892 2232 ἀπεκρίνατο
2914 2176 2929 2191 ο
2965 2159 3051 2227 Εἶ-
3086 2175 3178 2227 τις
3232 2155 3589 2225 ἡμάρτηκεν

1983 2257 2254 2312 ’ἐνώπιόν
2278 2275 2421 2327 μου,
2461 2256 2771 2324 ἐξαλείψω
2808 2253 2999 2309 αὑτὸν
3070 2252 3140 2306 ἐκ
3204 2238 3321 2317 τῆξ
3359 2247 3588 2313 ,ϐίόλου

288 2334 613 2400 σηιεμίείεὺο
645 2354 762 2392 eum
813 2340 879 2394 de
928 2341 1062 2396 libro
1090 2356 1210 2399 meo
1260 2343 1327 2401 ⁸⁸.
1356 2342 1515 2401 Unus
1563 2356 1651 2402 est
1703 2348 1891 2418 itaque

1999 2368 2129 2420 μου.
2149 2351 2266 2406 Μία
2300 2350 2399 2420 μὲν
2429 2350 2523 2402 οὖν
2547 2348 2687 2420 α’ύτη
2710 2341 2946 2419 βίϐλοςῇ
2970 2345 3148 2416 ὲγγρά
3160 2338 3582 2412 φονταιοὶζωῆς

303 2426 517 2484 liberin
542 2445 653 2501 quo
682 2446 876 2489 omnes
904 2436 1254 2505 scribuntur,
1277 2441 1372 2511 qui
1406 2442 1518 2494 vita
1553 2428 1705 2511 digni
1733 2453 1889 2504 Sunl,

303 2527 359 2573 et
395 2535 559 2589 quem
587 2522 868 2594 Propheta
930 2528 1019 2583 hic
1060 2531 1367 2586 viventium
1427 2532 1630 2588 librum
1703 2535 1893 2606 appel-

304 2614 461 2681 lavit,
500 2615 810 2684 praedicens
839 2620 965 2676 illos
994 2638 1105 2677 non
1131 2623 1225 2678 diu
1255 2634 1381 2694 post
1410 2629 1717 2684 morituros
1742 2644 1892 2684 esse.

306 2705 463 2762 Alius
490 2707 661 2763 etiam
693 2709 836 2766 liber
862 2722 972 2778 εει,
1011 2713 1066 2768 in
1101 2731 1213 2784 quo
1237 2715 1372 2785 juSti
1407 2734 1602 2775 omnes
1627 2710 1891 2777 scribun-

309 2804 423 2863 tur,
452 2813 618 2870 quem
654 2802 817 2858 nobis
844 2803 1181 2875 signiﬁcavit
1210 2805 1489 2880 Propheta
1516 2811 1712 2869 dicens
1741 2830 1756 2868 :

378 2886 450 2942 Et
477 2906 598 2945 eum
621 2891 789 2962 justis
810 2910 913 2950 non
934 2899 1260 2954 scribantur.
1291 2899 1371 2956 De
1401 2901 1505 2957 hoc
1534 2913 1716 2959 autem
1750 2905 1892 2962 libro

306 2981 529 3040 locutus
560 2994 641 3039 est
668 2984 952 3052 Chrisms,
975 2992 1197 3060 quando
1216 2991 1285 3048 ad
1316 2995 1598 3065 apostolos
1629 2997 1887 3071 dicebat:

305 3074 545 3131 Gaudete
570 3081 698 3148 quia
730 3083 949 3136 nomina
974 3096 1151 3140 vestra
1181 3087 1386 3156 scripta
1421 3090 1621 3144 suntin
1652 3091 1800 3147 oculis
1816 3089 1887 3148 ⁸⁸.

304 3169 399 3222 Ait
430 3170 600 3241 igitur
625 3188 722 3229 eos
751 3177 1054 3233 morituros
1084 3192 1230 3246 esse,
1263 3189 1318 3235 et
1343 3196 1466 3237 cum
1500 3184 1890 3253 peccatoribus

1994 2442 2315 2514 ἀξιούμενοι
2341 2459 2355 2473 ο
2384 2443 2456 2513 ’ἢν
2487 2443 2582 2496 καὶ
2647 2440 2831 2511 βίϐλον
2896 2437 3121 2504 ζώντων
3149 2439 3178 2492 ὁ
3208 2434 3422 2506 ψαλμὺς
3485 2432 3589 2485 νῦν

1992 2532 2284 2598 ἐκάλεσεν,
2315 2530 2733 2603 προαγορεύων,
2763 2529 2850 2583 ὅτι
2910 2526 3263 2598 τεθνήξονται
3315 2524 3383 2577 δι’
3427 2523 3586 2577 ἀναι-

1999 2628 2222 2698 ρέσεως.
2264 2625 2459 2696 Ἑτέρα
2488 2625 2544 2677 δὲ
2580 2625 2767 2685 πάλιν,
2886 2621 3265 2692 ἐγγράφονται
3293 2617 3343 2671 οἱ
3381 2616 3586 2670 δίκαιοι

1994 2720 2064 2792 ἢν
2104 2718 2198 2774 καὶ⁸
2231 2719 2400 2786 αὐτὴν
2436 2716 2699 2784 ἐνέφηνεν
2728 2712 2903 2777 οὕτως
2931 2711 3102 2765 εἰπών
3129 2727 3146 2743 ο

2066 2900 2178 2955 Καὶ
2197 2899 2348 2972 μετὰ
2379 2894 2633 2952 δικαίων
2652 2895 2738 2966 μὴ
2764 2892 3191 2966 γραφήτωσαν.
3216 2888 3360 2971 Περὶ
3376 2884 3585 2955 ταύτης

1995 2994 2095 3065 τῆς
2131 2992 2316 3064 βίϐλου
2347 2991 2443 3046 καὶ
2490 2990 2520 3043 ὁ
2576 2988 2815 3059 Χριστὸς
2873 2982 2996 3039 εἷπε
3045 2986 3162 3048 τοῖς
3219 2980 3582 3078 ancoram?

1992 3088 2243 3156 Χαίρετε
2268 3084 2336 3138 δὲ
2367 3083 2459 3138 ὅτι
2490 3081 2563 3136 τὰ
2594 3078 2863 3151 ὀνόματα
2894 3078 3064 3146 ὑμῶν
3097 3073 3330 3157 ἐτράφη
3358 3071 3429 3124 ἐν
3458 3071 3589 3133 τοῖς

1996 3176 2298 3247 οὐρανοῖς.
2326 3176 2491 3244 Λέγει
2525 3173 2727 3236 τοίνυν,
2778 3172 2861 3224 ὅτι
2914 3169 3009 3223 καὶ
3072 3164 3422 3237 τεθνήξονται
3486 3162 3588 3211 καὶ

305 3267 814 3323 connumeraudos.
857 3266 957 3323 Est
989 3276 1044 3324 et
1081 3270 1280 3327 tertius
1331 3272 1495 3340 liber,
1525 3275 1581 3330 in
1619 3278 1732 3346 quo
1760 3292 1891 3348 pec-

1999 3273 2108 3336 τοῖς
2132 3267 2481 3341 ἁμαρτωλοῖς
2509 3259 3129 3334 συνταγήσονται.Ἔστι
3151 3257 3263 3327 γὰρ
3294 3256 3392 3309 καὶ
3422 3253 3584 3348 τρίτη

306 3361 525 3410 catores
569 3357 917 3415 scribuntur.
967 3359 1250 3418 Iudicium
1295 3366 1467 3432 enim,
1496 3366 1702 3437 inquit,
1729 3368 1890 3437 sedit,

305 3454 353 3499 et
387 3445 510 3500 libri
543 3450 716 3517 aperti
766 3461 893 3505 sunt
932 3453 1007 3509 ³⁸⁷.
1042 3451 1150 3510 Per
1181 3454 1354 3512 libros
1385 3465 1568 3512 autem
1602 3460 1892 3531 Scriptura

307 3539 517 3594 variam
564 3555 633 3598 ac
687 3543 1050 3617 multiplicem
1108 3547 1203 3603 Dei
1247 3544 1621 3621 cognitionem
1661 3555 1893 3624 ﬁgurate

311 3632 586 3707 intelligit.

380 3721 550 3782 Vens.
586 3724 679 3785 3!.
710 3729 925 3801 Pauper
954 3743 1004 3788 et
1033 3733 1219 3789 dolens
1269 3752 1385 3791 sum
1415 3754 1533 3809 ego.
1567 3738 1643 3795 De
1681 3740 1887 3798 Christi

308 3826 635 3888 paupertate
664 3821 907 3881 diximus
961 3825 1017 3880 in
1055 3828 1266 3897 psalmo
1295 3846 1409 3885 xu.
1438 3832 1505 3888 Et
1528 3849 1675 3891 nunc
1721 3837 1888 3892 etiam

308 3910 583 3980 dicemus,
620 3916 765 3985 quod
803 3932 1054 3977 suumtus
1108 3921 1223 3977 Rex
1282 3939 1471 3996 regum
1523 3927 1779 3989 Christus
1825 3932 1895 3987 de

310 4004 667 4072 pauperrima
703 4017 883 4064 matre
912 4019 1079 4070 natus
1106 4022 1215 4080 est,
1256 4030 1365 4071 non
1398 4018 1452 4072 in
1486 4018 1651 4076 domo
1683 4022 1891 4094 aliqua,

310 4094 409 4150 sed
448 4096 503 4152 in
552 4099 858 4168 spelunca;
902 4106 1232 4177 positusque
1265 4122 1375 4164 non
1410 4110 1463 4165 in
1498 4111 1663 4179 lecto,
1697 4116 1796 4171 sed
1838 4118 1893 4177 in

309 4189 716 4248 irrationalium
767 4198 1091 4254 animalium
1150 4207 1446 4274 prmsepio,
1488 4206 1779 4265 vilissimis
1830 4224 1895 4265 ac

309 4286 824 4357 eontemptibilibus
850 4292 1051 4361 pannis
1080 4293 1441 4365 induebatur,
1489 4299 1758 4368 nulloque
1797 4316 1895 4358 co-

310 4378 537 4436 mitatus
562 4394 724 4437 servo
752 4382 1109 4451 circumibat,
1137 4396 1303 4459 atque
1327 4391 1448 4462 ipso
1473 4394 1642 4449 etiam
1668 4393 1894 4452 carebat

274 4514 279 4521 .
308 4473 553 4542 tugurio,
573 4482 629 4528 et
661 4476 730 4530 ab
760 4476 885 4533 aliis
912 4478 1179 4535 alimenta
1206 4482 1255 4535 ei
1287 4485 1720 4551 praestabantur.
1756 4482 1896 4540 Eru-

310 4564 546 4622 bescant
591 4566 762 4639 igitur
792 4569 890 4639 qui
946 4570 1265 4642 gloriantur
1321 4576 1377 4631 in
1414 4577 1651 4636 divitiis.
1695 4577 1893 4636 Dolere

311 4673 443 4714 vero
495 4674 619 4715 eum
668 4654 973 4718 introducit
1031 4662 1334 4738 Propheta,
1405 4670 1477 4727 ob
1525 4669 1897 4726 sacratissimi

308 4751 566 4821 corporis
618 4753 933 4823 passiones,
983 4769 1124 4827 quas
1157 4770 1391 4829 prOpter
1442 4776 1546 4819 nos
1603 4762 1897 4819 sustinuit.

312 4841 598 4900 Ilactenus
631 4854 816 4901 autem
848 4861 913 4904 es
945 4849 1217 4921 unigeniti
1255 4851 1384 4909 Filii
1411 4870 1649 4923 persona
1684 4870 1901 4913 sermo-

311 4952 441 4992 nem
492 4938 645 4994 fecit.
681 4936 812 5006 Quae
856 4952 1173 5014 sequuntur
1216 4959 1286 5002 ex
1336 4944 1602 5005 Ecclesiae
1653 4963 1896 5022 persona

306 5030 626 5101 conscripta
655 5041 807 5086 sunt.

382 5120 547 5178 Salus
574 5133 691 5189 tua,
743 5123 908 5191 Deus,
936 5126 1144 5199 adiuvit
1176 5144 1279 5183 me.
1313 5128 1435 5194 llla,
1481 5129 1682 5202 inquit,
1725 5133 1901 5201 salus,

310 5230 437 5286 quae
490 5229 522 5270 a
566 5225 617 5273 te
665 5217 1057 5288 proﬁciscitur,
1109 5219 1179 5275 ab
1217 5234 1409 5278 errore
1471 5221 1526 5278 in
1577 5239 1692 5296 quo
1745 5242 1900 5282 eram

316 5322 404 5363 me
432 5305 713 5363 liberavit.

385 5397 558 5457 Vsus.
589 5400 783 5457 31-55.
822 5401 1086 5459 Laudabo
1118 5421 1308 5460 nomen
1345 5405 1444 5461 Dei
1482 5409 1583 5463 mei
1618 5425 1736 5463 cum
1770 5428 1901 5466 can-

310 5492 445 5561 tico,
469 5492 828 5564 magniﬁcabo
859 5511 979 5550 eum
1008 5499 1063 5551 in
1105 5496 1286 5563 laude,
1323 5508 1373 5552 et
1401 5498 1630 5568 placebit
1662 5500 1771 5557 Deo
1800 5521 1894 5559 su.

313 5597 409 5651 per
438 5582 668 5639 uitulum
701 5578 963 5640 novellum
993 5603 1197 5643 cornua
1220 5589 1620 5659 producentem,
1654 5601 1705 5646 et
1724 5610 1894 5664 ungu-

2007 3366 2212 3438 βιὸλος,
2244 3364 2304 3416 ὲν
2425 3359 2731 3432 γράφονται
2785 3356 2833 3409 οἱ
2886 3351 3228 3424 ἁμαρτωλοί.
3268 3347 3589 3418 Κριτήριον

2002 3460 2134 3531 γὰρ,
2186 3456 2375 3526 φησὶν,
2415 3451 2687 3513 ἐκάθισε,
2756 3447 2855 3502 καὶ
2909 3440 3585 3543 ,Βίόἶλοιῇὴνειρχθησατα

2005 3550 2234 3612 Βίϐλους
2264 3544 2323 3602 δὲ
2356 3546 2410 3598 αἱ
2440 3542 2659 3614 Γραφαὶ
2695 3538 2944 3601 καλοῦσι,
2969 3536 3072 3598 τὰς
3126 3533 3419 3600 διαφόρους
3443 3533 3587 3597 γνώ-

2006 3658 2119 3704 σεις
2152 3639 2248 3694 τοῦ
2275 3637 2434 3691 Θεοῦ.

2076 3732 2323 3801 Πτωχὸς
2353 3730 2450 3784 καὶ
2475 3724 2681 3799 ἀλγῶν
2710 3727 2829 3796 ειμι
2858 3720 2994 3793 ἐγώ.
3016 3720 3163 3790 ’Περὶ
3193 3720 3289 3789 τῆς
3318 3715 3411 3769 τοῦ
3452 3715 3588 3782 Χρι-

2008 3826 2135 3881 στοῦ
2163 3823 2441 3891 πτωχείας
2468 3820 2689 3892 εἴρηται
2719 3819 2778 3870 ὲν
2811 3815 2889 3886 τῷ
2944 3811 3032 3868 κα¹
3059 3811 3260 3883 ψαλμῷ
3282 3826 3296 3841 ο
3355 3808 3593 3880 ῥηθήσε-

2004 3937 2096 3973 ται
2123 3917 2182 3971 es
2222 3917 2338 3980 νῦν,
2377 3915 2513 3968 ὅτιὸ
2550 3908 2938 3982 ’παμϐασιλεὺς
2996 3908 3028 3959 ὁ
3087 3903 3408 3966 παν-τέλειος
3467 3898 3587 3952 ἑτέ-

2007 4013 2109 4083 χθη
2145 4010 2326 4081 μὲνέκ
2359 4004 2568 4077 μητρὸς
2604 4002 2905 4074 πενιχρᾶς,
2960 4000 3056 4052 καὶ
3105 3994 3229 4051 οὐδὲ
3300 3995 3359 4047 ἐν
3416 3992 3589 4062 οἰκίᾳ,

2005 4105 2119 4158 ἀλλ’
2147 4105 2205 4156 ὲν
2238 4098 2492 4170 σπηλαίῳ
2521 4111 2538 4126 ⁸
2561 4096 2760 4167 ἐτέχθη
2815 4094 2873 4148 δὲ
2928 4091 3030 4145 οὐκ
3066 4092 3159 4145 ἐπὶ
3216 4089 3432 4158 κλίνης,
3470 4083 3596 4140 άλῐθ

2008 4199 2101 4252 ἐπὶ
2124 4196 2335 4266 φάτνης
2366 4193 2580 4260 ἀλόγων
2615 4202 2630 4219 ·
2676 4185 3077 4260 περιεϐέϐλητο
3108 4182 3164 4237 δὲ
3195 4182 3317 4236 λιτᾶ
3346 4178 3443 4235 καὶ
3495 4179 3589 4231 εὖ..

2006 4286 2400 4359 καταφρόνητα
2436 4283 2575 4356 (55),
2633 4278 2852 4352 περιῄει
2885 4277 2942 4331 δὲ
2987 4274 3157 4347 χωρὶς
3209 4271 3542 4343 θεράποντος
3570 4285 3590 4304 ο

2005 4382 2118 4454 εἶχε
2144 4383 2201 4436 δὲ
2244 4380 2367 4434 οὐδὲ
2422 4375 2710 4447 καλύὸηνο
2761 4371 3024 4443 ἐτρέφετο
3076 4368 3134 4423 δὲ
3185 4366 3318 4436 παρ’
3390 4365 3533 4420 ἄλλω
3556 4380 3584 4419 ⁸.

2004 4473 2460 4548 Αἱσχυνὲσθωσαν
2499 4466 2594 4524 οὖν
2646 4468 2698 4520 οἱ
2758 4465 2853 4518 ἐπὶ
2907 4462 3125 4534 πλούτῳ
3189 4459 3591 4531 κομπάζοντες.

2019 4570 2228 4639 Ἀλγῶν
2257 4566 2315 4621 δὲ
2334 4561 2402 4637 ἦν
2428 4566 2545 4628 τοῖς
2604 4560 2674 4615 δι’
2702 4561 2852 4630 ἡμᾶς
2910 4557 3112 4612 πάθεσι
3168 4554 3263 4609 τοῦ
3318 4552 3592 4620 παναγίου

2007 4663 2174 4721 αὐτοῦ
2206 4662 2464 4733 σώματος
2484 4673 2499 4689 ·
2533 4656 2700 4727 μέχρι
2745 4653 2846 4724 μὲν
2876 4647 2972 4706 οὖν
3005 4648 3249 4705 ἐνταῦθα
3277 4647 3374 4701 τοῦ
3415 4646 3594 4700 Μονο-

2007 4755 2199 4827 γενοῦς
2226 4755 2277 4809 οἱ
2306 4752 2479 4821 λόγοι.
2512 4748 2597 4804 Τὰ
2620 4747 2677 4802 δὲ
2707 4746 2835 4815 ἑξῆς
2906 4738 3189 4816 προσώπῳ
3220 4739 3325 4811 τῆς
3363 4737 3595 4808 Ἐκκλη-

2009 4850 2130 4913 σίας
2155 4847 2267 4900 τῶν
2297 4841 2507 4898 πιστῶν
2530 4837 2969 4910 ἀναγέγραπται.

2088 5130 2164 5185 Ἦ
2220 5123 2488 5194 σωτηρία
2547 5135 2690 5186 σου,
2739 5122 2773 5173 d
2828 5116 2995 5181 Θεὸς,
3032 5109 3399 5168 ἀντελάϐετὸ
3448 5126 3592 5181 μου.

2013 5227 2081 5279 Ἠ
2153 5218 2427 5291 σωτηρία,
2481 5217 2519 5287 ἡ
2568 5213 2680 5272 ἀπὸ
2736 5210 2853 5276 σοῦ,
2913 5206 3269 5281 ἠλευθέρωσέ
3350 5222 3416 5275 με
3492 5202 3594 5273 τῆς

2003 5319 2232 5387 πλάνης.

2071 5408 2305 5464 Δινέσω
2336 5404 2402 5460 τὸ
2434 5402 2625 5470 ὄνομα
2657 5400 2764 5454 τοῦ
2785 5397 2934 5453 Θεοῦ
2970 5414 3112 5468 μου,
3154 5395 3276 5461 μετ’
3302 5392 3464 5462 ᾠδῆς
3491 5407 3594 5462 με·

2008 5497 2251 5573 γαλυνῶ
2271 5496 2461 5552 αὐτὸν
2510 5495 2582 5549 ἐν
2608 5493 2860 5548 αἰνέσει.
2929 5487 3039 5545 Καὶ
3089 5487 3295 5557 ἀρέσει
3345 5481 3437 5552 τῷ’
3474 5482 3597 5550 Θεῷ

2008 5593 2163 5662 ὑπὲρ
2186 5590 2426 5661 μόσχον
2443 5586 2608 5653 νέον,
2639 5586 2859 5655 κέρατα
2875 5581 3210 5652 ἐκφέροντα
3245 5579 3344 5636 καὶ
3372 5576 3593 5644 ὁπλάς.

395 5765 442 5797 ⁸⁵
467 5763 655 5821 Matth.
698 5784 825 5835 xxv,
854 5769 944 5827 54.
1018 5770 1061 5805 ⁸³
1093 5772 1263 5829 Exod.
1291 5791 1463 5845 χχιιι,
1499 5773 1589 5835 32,
1635 5772 1724 5829 35.
1806 5771 1851 5804 “
1886 5771 1892 5825 Ι

2006 5814 2020 5827 .
2077 5789 2132 5836 x,
2179 5772 2272 5827 20.
2349 5772 2396 5805 ⁸⁷
2431 5778 2579 5840 Apoc
2629 5787 2713 5829 xx.
2757 5769 2837 5823 l2.

1689 5867 1887 5931 Variae
1911 5866 2248 5930 lectiones.

396 5956 509 6027 (Εὖ)
540 5958 783 6028 διιὶιιιιωὶ
808 5963 1016 6031 ἱμάτια.
