4064 6420
310 310 424 370 705

1500 315 1890 381 COMMENT.
1914 319 1997 383 IN
2036 318 2404 383 PSALMOS.

3486 325 3602 396 706

343 423 468 498 θρα
498 426 598 497 τὴν
626 429 997 499 εὖαγγελικὴν
1052 429 1244 486 θυσίαν
1303 437 1742 508 προτιμωμένην
1803 438 1894 509 τῆς

2007 437 2111 494 las.
2149 436 2284 496 Vide
2311 437 2693 510 evangelicum
2725 440 3064 498 sacriﬁcium
3117 441 3279 516 legali
3311 447 3592 518 praeponi,

308 515 577 585 νομικῆς,
614 518 714 587 τὴν
747 517 974 590 λογικὴν
1005 522 1107 590 τῆς
1142 521 1366 592 ἀλόγου.
1426 525 1642 598 Ἀκμῆς
1675 527 1733 581 δὲ
1765 529 1910 600 σύμ-

314 609 482 661 ϐολον
539 611 574 678 ἠ
609 611 874 679 ἀρτιφυϊα
897 612 1005 665 τῶν
1062 613 1311 685 κεράτων
1363 618 1456 670 καὶ
1510 619 1620 672 τῶν
1681 619 1910 690 ὀνύχων.

325 700 784 773 ’Υποδηλοῦσιδὲ
832 703 1009 763 “ra-73a
1065 707 1160 758 καὶ
1213 707 1313 777 τῆς
1362 708 1596 779 νομικῆς
1652 709 1912 780 λατρείας

316 793 424 862 τὴν
502 795 822 865 νέκρωσιν·
884 798 1055 867 νεκρᾶ
1137 798 1250 870 γὰρ
1286 795 1380 854 ’τὰ
1431 802 1645 873 κέρατα
1703 805 1798 856 καὶ
1855 805 1911 856 al

306 886 498 937 ὁπλαὶ.

395 1071 722 1126 Ἰδέτωσαν
751 1073 1002 1142 πτωχοί,
1039 1074 1137 1128 καὶ
1175 1074 1721 1144 εὐφρανθήτωσαν.
1755 1077 1910 1130 Πτω-

306 1164 445 1234 χοὺς
476 1163 571 1216 καὶ
607 1165 850 1234 πένητας
879 1165 1007 1229 τοὺς
1041 1169 1271 1230 πιστοὺς
1302 1167 1610 1236 ὠνόμασεν,
1647 1169 1724 1232 ὡς
1756 1187 1909 1242 προ-

303 1255 626 1324 ειρήκαμεν
654 1257 711 1308 ἐν
743 1255 826 1326 τῷ
858 1255 904 1310 θ’
930 1256 1157 1328 ψαλμῷ.
1203 1257 1517 1325 Ἰδέτωσαν,
1569 1263 1760 1331 φησιν,
1807 1264 1907 1316 ὅσα

307 1349 337 1398 ὁ
369 1345 511 1409 Θεὸς
540 1344 780 1400 πέπονθε
826 1346 896 1400 δι’
948 1350 1169 1416 αὐτοὺς,
1199 1351 1296 1404 καὶ
1350 1353 1451 1406 ὅσα
1515 1352 1904 1424 κατώρθωσεν.

396 1523 804 1591 Ἐκζητήσατε
830 1525 940 1580 τὸν
973 1529 1142 1595 Θεὸν,
1193 1529 1295 1583 καί
1334 1530 1574 1598 ζήσεται
1643 1533 1680 1601 ἡ
1735 1534 1907 1603 ψυχὴ

305 1615 505 1686 ὑμῶν.
559 1619 796 1686 Ζήσεται
821 1621 920 1688 τὴν
954 1623 1236 1692 μακαρίαν
1265 1623 1434 1697 ζωήν.

379 1711 876 1774 ’ωιεῖσήκουσε
931 1715 1046 1768 τῶν
1103 1717 1386 1786 πενήτων
1444 1721 1478 1772 ὁ
1517 1720 1755 1789 Κύριος,
1807 1724 1903 1774 καί

303 1801 460 1868 τοὺς
505 1804 964 1873 πεπεδημένους
1035 1807 1224 1862 αὐτοῦ
1277 1811 1389 1862 οὐκ
1460 1810 1898 1875 ἐξουδένωσεν.

308 1894 484 1956 Τίνας
525 1895 674 1962 λέγει
719 1897 1160 1967 πεπεδημένους,
1226 1901 1535 1970 είρήκαμεν
1581 1905 1638 1955 ἐν
1686 1903 1765 1974 τῷ
1825 1905 1900 1969 εξ

305 1985 538 2054 ψαλμῷ.

382 2078 824 2132 Αἱνεσιίτωσαν
855 2081 1044 2138 αὐτὸν
1073 2084 1129 2136 oi
1157 2085 1404 2151 οὐρανοί
1435 2089 1533 2140 καὶ
1563 2087 1601 2156 ἡ
1657 2090 1754 2159 γῆ,
1800 2090 1900 2145 καὶ

308 2167 684 2236 ἠθάλασσα,
747 2173 846 2229 καί
901 2173 1100 2227 πάντα
1152 2175 1226 2228 τὰ
1280 2177 1543 2245 ἔρποντα
1602 2181 1672 2234 ἐν
1720 2182 1896 2251 αὐτῇ.

323 2261 411 2322 Ὠς
445 2262 550 2315 οὐκ
580 2263 964 2336 ἐξαρκούντων
992 2266 1104 2320 τῶν
1128 2271 1382 2338 ἀγγέλων
1421 2275 1515 2326 καὶ
1541 2274 1650 2327 τῶν
1679 2276 1899 2348 ἀνθρώ-

307 2369 429 2404 πων
452 2353 538 2417 είς
566 2355 668 2424 τὴν
696 2358 1084 2428 προσήκουσαν
1110 2363 1469 2432 εὐχαριστίαν
1502 2366 1598 2418 τοῦ
1623 2367 1783 2431 Θεοῦ,
1805 2369 1900 2422 καὶ

300 2446 372 2497 τὰ
411 2450 659 2515 στοιχεῖα
685 2450 950 2516 συγκαλεί
975 2452 1111 2522 πρὸς
1139 2451 1314 2520 αἶνον,
1371 2450 1448 2510 ὧν
1508 2457 1537 2508 ὁ
1592 2461 1804 2532 Μωσῆς
1836 2466 1895 2515 ὲν

304 2539 454 2608 ἀρχῇ
492 2539 590 2608 τῆς
624 2540 896 2606 Γενέσεως
924 2545 1357 2616 ἐμνημόνευσεν.
1403 2550 1738 2623 ’Λδιαφὸρως
1782 2555 1896 2627 (54)

307 2630 456 2684 δὲτὰ
480 2631 721 2703 ἕρποντα
771 2637 1156 2708 προσέθηκεν·
1225 2642 1257 2712 ἦ
1305 2644 1402 2696 καὶ
1452 2645 1539 2699 διὰ
1583 2647 1646 2701 τὸ
1689 2649 1894 2719 πλῆθος

309 2721 422 2772 τῶν
485 2721 706 2792 ἰχθύων.

379 2813 518 2868 Ὀτι
557 2818 590 2869 ὁ
619 2818 762 2884 Θεὸς
786 2819 974 2874 σώσει
988 2822 1102 2891 τὴν
1119 2823 1293 2880 Σιών.
1331 2828 1471 2881 Σ.ὼν
1498 2829 1647 2899 λέγει
1673 2832 1768 2886 νῦν
1795 2837 1896 2904 τὴν

305 2903 464 2969 νέαν,
503 2907 627 2977 ἢτοι
674 2908 776 2982 τὴν
831 2911 1158 2984 Ἐκκλησίαν
1217 2917 1326 2970 τῶν
1389 2921 1622 2976 πιστῶν.
1667 2924 1738 2977 Ἦ
1800 2903 1894 2978 καὶ

303 2997 483 3070 αὐτὴν
513 3000 612 3072 τὴν
645 3003 1007 3076 Ἰερουσαλὴμ
1037 3011 1369 3080 συντηρήσει
1406 3013 1600 3085 ἐαυτῷ.
1640 3019 1748 3071 Καὶ
1783 3020 1894 3091 γὰρ

305 3091 386 3197 τῶ
413 3093 643 3204 Χριστιῖι
678 3098 913 3164 ἀνεῖται,
951 3101 1045 3154 καὶ
1095 3104 1194 3174 οὐχ
1250 3107 1423 3178 ἑτέρῳ
1499 3108 1620 3182 Θεῷ
1653 3129 1668 3143 ⁸
1714 3115 1892 3168 καίτοι
1920 3145 1965 3204 C

299 3185 417 3238 τῶν
453 3187 670 3241 ἀσεϐῶν
705 3191 806 3260 τῆς
838 3192 1024 3263 χώρας
1056 3195 1276 3268 ἐκείνης
1313 3198 1700 3271 κυριευόντων.

371 3373 486 3425 Ral
524 3371 1183 3443 οίκοδομηθήσονταιαί
1202 3382 1413 3446 πόλεις
1442 3381 1552 3451 τῆς
1584 3382 1891 3455 Ἰουδαίας.

302 3462 849 3535 οἰκοδομηθήσονται
927 3471 1011 3532 είς
1076 3472 1240 3536 ναοὺς
1330 3477 1483 3546 παρᾶ
1559 3477 1669 3530 τῶν
1756 3481 1894 3552 Χρι-

303 3573 542 3611 στιανων
549 3593 561 3611 ι

372 3653 484 3708 Καὶ
516 3667 999 3725 κατοικησουσικ
1017 3658 1160 3728 ἐκεῖ,
1189 3661 1286 3716 καί
1314 3666 1891 3737 κληρονομήσουσιν

300 3745 518 3815 αὐτήν.
557 3748 618 3800 Ol
653 3749 1002 3818 Χριστιανοί.

372 3837 486 3891 Καὶ
518 3841 585 3894 τὸ
613 3844 854 3912 σπέρμα
909 3845 1026 3898 τῶν
1075 3846 1315 3902 δούλων
1350 3867 1468 3905 σου
1523 3854 1890 3919 καθέξουσιν

301 3932 524 3999 αὐτήν.
551 3933 739 3987 Δοῦλοι
767 3935 868 4004 μὲν
896 3937 990 3990 τοῦ
1019 3940 1260 4010 Χριστοῦ
1293 3943 1342 3994 oi
1368 3942 1664 4001 ἀπόστολοι
1690 3964 1703 3977 ⁸
1740 3950 1888 4002 [ἰσιῦ⁴

298 4024 390 4084 λος
417 4023 526 4093 γάρ
561 4042 731 4096 φησι⁸
775 4028 1006 4095 Δοῦλος
1071 4032 1275 4100 Ἰησοῦ
1313 4037 1575 4105 Χριστοῦ
1607 4056 1622 4070 ο
1665 4042 1887 4112 σπέρμα

299 4115 357 4168 δὲ
425 4116 605 4169 αὐτῶν
637 4121 684 4170 oi
721 4120 964 4191 μαθηταὶ
999 4124 1183 4176 αὐτῶν
1219 4126 1564 4196 Χριστιανοὶ,
1626 4130 1701 4196 ὡς
1752 4135 1883 4185 ἀνα-

299 4209 654 4279 γεννηθέντες
702 4212 885 4276 αὐτοῖς
913 4214 1000 4267 διὰ
1031 4215 1122 4269 τοῦ
1142 4215 1523 4288 βαπτίσματος
1561 4225 1660 4292 τῆς
1689 4224 1886 4292 παλιγ-

296 4304 575 4370 γενεσίας.
606 4304 710 4357 Τοῦ
737 4308 792 4359 δὲ
821 4309 1203 4374 Ιίαθέξουσιν
1247 4319 1278 4384 ὴ
1325 4316 1583 4384 πρόθεσις
1629 4318 1884 4372 ἐπίτασιν

295 4397 396 4451 καὶ
438 4400 782 4469 μσνιμὸτητα
810 4401 981 4472 δηλοῖ.
1045 4404 1213 4458 Μόνοι
1270 4406 1380 4476 γὰρ
1415 4408 1740 4478 Χριστιανοὶ
1793 4411 1884 4480 βε-

2014 538 2069 582 et
2097 529 2368 584 rationale
2405 529 2741 584 irrationali.
2790 529 2942 588 Nova
2967 541 3154 589 autem
3187 550 3458 594 cornuum
3513 548 3600 595 at-

2013 633 2124 688 que
2185 621 2515 691 ungularum
2590 622 2884 691 productio
2954 626 3164 696 vigoris
3227 643 3325 684 seu
3384 631 3602 690 roboris

2014 711 2285 766 indicium
2337 722 2444 770 est.
2480 712 2548 768 Et
2595 716 2900 774 subnotare
2934 719 3159 775 videtur
3196 721 3473 790 PrOpheta
3512 722 3600 777 his

2013 805 2201 860 verbis
2260 809 2507 860 futuram
2540 807 2730 878 legalis
2761 812 2948 865 cultus
2981 814 3430 870 exstinctioncm.
3461 815 3601 869 Cor-

2013 912 2122 951 nua
2155 898 2432 967 siquidem
2482 911 2536 954 et
2563 902 2803 972 ungulae,
2837 915 3106 962 emortua’
3134 908 3384 975 qnzedam
3412 915 3600 977 partes

2012 998 2142 1043 sunt
2175 990 2230 1043 in
2263 1005 2526 1060 corpore.

2093 1080 2317 1136 Videant
2376 1101 2659 1153 pauperes,
2714 1096 2766 1141 et
2829 1090 3100 1146 lwtentur.
3152 1091 3257 1147 Per
3306 1094 3496 1162 inopes
3543 1102 3600 1147 et

2011 1187 2305 1244 pauperes,
2365 1175 2552 1233 lideles
2603 1179 2887 1252 intelligit,
2942 1191 3001 1237 ut
3036 1183 3302 1250 diximus,
3343 1185 3396 1238 in
3450 1186 3600 1254 psalo

2014 1283 2106 1322 mo
2143 1284 2193 1322 ix
2229 1288 2242 1322 :
2288 1269 2542 1333 Videant,
2599 1271 2806 1343 inquit,
2841 1289 3187 1346 quaecunque
3227 1284 3455 1346 propter
3498 1291 3598 1331 eos

2013 1361 2157 1417 Delus
2188 1377 2383 1431 passus
2408 1372 2514 1430 est,
2549 1373 2603 1420 et
2628 1382 2979 1440 qumcunquc
3007 1370 3174 1424 etiam
3201 1371 3468 1439 praeclara
3493 1369 3594 1424 ad-

2013 1454 2370 1511 ministravit.
2400 1477 2404 1482 ·

2085 1549 2322 1613 Qum-ite
2353 1549 2546 1614 Deum,
2575 1560 2624 1605 et
2653 1553 2782 1607 vivet
2821 1555 3004 1608 anima
3037 1566 3238 1610 vestra.
3277 1553 3497 1610 Beatam
3531 1569 3597 1608 ac

2011 1640 2226 1696 felicem
2265 1645 2436 1697 vitam
2467 1645 2636 1700 vivet.

2087 1735 2249 1790 Vens.
2283 1737 2374 1791 34.
2409 1738 2679 1804 Quoniam
2722 1739 2994 1794 exaudivit
3024 1755 3277 1808 pauperes
3305 1739 3592 1803 Dominus,

2009 1833 2059 1878 et
2093 1827 2293 1879 vinctos
2318 1843 2441 1881 suos
2471 1844 2575 1880 non
2611 1828 2865 1898 neglexit.
2898 1830 3136 1894 Quinam
3170 1838 3357 1883 autem
3387 1829 3422 1882 ii
3453 1831 3592 1895 sint,

2005 1933 2145 1989 quos
2179 1920 2399 1974 vinctos
2434 1929 2618 1984 vocat,
2649 1920 2894 1976 diximus
2929 1923 2982 1976 in
3016 1923 3228 1991 psalmo
3257 1937 3426 1976 vau.

2073 2098 2247 2156 Vens.
2292 2101 2387 2156 55.
2433 2099 2679 2156 Laudent
2722 2118 2842 2156 eum
2880 2103 3020 2166 coeli,
3055 2114 3101 2158 et
3133 2113 3300 2166 terra,
3329 2119 3502 2170 mare,
3539 2115 3590 2158 et

2007 2191 2189 2245 omnia
2231 2194 2471 2261 repentis
2527 2195 2583 2245 in
2615 2209 2697 2246 eo.
2735 2192 2907 2258 Quasi
2944 2209 3052 2248 non
3079 2194 3192 2248 sint
3231 2196 3370 2248 satis
3406 2198 3587 2266 angeli

2001 2300 2182 2354 neque
2203 2285 2453 2341 homines
2481 2285 2550 2341 ad
2584 2286 2860 2355 agendum
2885 2287 3090 2356 gratias
3111 2287 3244 2347 Deo.
3271 2288 3387 2358 ipsa
3417 2290 3580 2342 etiam

2004 2359 2276 2432 convocat
2303 2376 2578 2448 Propheta
2613 2379 2887 2433 elementa
2927 2379 2995 2433 ad
3033 2379 3129 2434 Dei
3157 2381 3370 2444 laudes,
3399 2397 3466 2435 eo
3493 2398 3586 2434 or-

2001 2468 2127 2521 dine
2156 2481 2267 2536 quo
2298 2482 2488 2521 eorum
2516 2469 2764 2523 meminit
2789 2469 3009 2540 Moyses
3033 2471 3088 2524 in
3115 2470 3394 2526 Genescos
3425 2472 3580 2540 prin-

2001 2558 2170 2627 cipio.
2231 2556 2298 2610 Et
2353 2559 2652 2628 improprie
2707 2562 2857 2631 ipsos
2908 2560 3089 2630 pisces
3162 2562 3456 2631 appellavit
3501 2578 3592 2618 re-

1999 2644 2188 2719 pentia
2225 2669 2238 2704 :
2275 2656 2440 2719 atque
2504 2650 2580 2704 ita
2643 2649 2905 2708 fortassis
2954 2653 3024 2707 ob
3068 2653 3301 2722 piscium
3336 2652 3589 2708 multitu‘

1998 2741 2184 2798 dinem

2075 2833 2242 2889 Vens.
2279 2835 2368 2890 56.
2406 2835 2669 2900 Quoniam
2712 2835 2848 2890 Deus
2883 2836 3088 2891 saluam
3120 2838 3252 2907 facit
3283 2837 3438 2894 Sion.
3469 2837 3584 2892 No-

1999 2941 2122 2982 vam
2147 2926 2412 2982 nimirum
2441 2926 2598 2992 Sion,
2634 2928 2687 2982 id
2719 2939 2804 2984 est
2847 2929 3144 2983 Erclcsiam
3177 2930 3442 2997 ﬁdelium,
3501 2931 3586 2986 vel

1998 3018 2179 3088 ipsam
2220 3017 2533 3074 Jerusalem
2570 3019 2780 3075 salvam
2815 3020 3006 3086 faciet,
3045 3021 3149 3075 hoc
3205 3033 3308 3088 est,
3355 3037 3585 3077 conscr-

1999 3113 2170 3178 vabit,
2206 3113 2312 3167 sibi
2366 3113 2472 3183 ipsi
2525 3113 2784 3168 videlicet
2834 3115 3081 3180 Christo,
3134 3117 3222 3170 cui
3259 3115 3359 3170 soli
3431 3116 3582 3174 illius

1999 3221 2135 3260 cura
2168 3205 2467 3261 commissa
2497 3212 2603 3269 est,
2656 3216 2710 3259 et
2743 3222 2850 3260 non
2895 3206 3056 3260 alteri
3112 3225 3126 3261 :
3165 3209 3380 3263 tametsi
3413 3209 3575 3262 modo

1998 3295 2157 3366 impii
2185 3295 2334 3349 illius
2364 3295 2720 3350 dominentur
2753 3297 3024 3364 regionis.
3480 3301 3482 3304 ’

2068 3386 2139 3442 Et
2169 3387 2580 3457 wdiﬁeabunlur
2627 3388 2865 3442 civitates
2915 3387 3145 3444 Judazar.
3194 3388 3324 3444 Mihi
3375 3389 3575 3460 templa

1997 3479 2282 3540 nimirum,
2309 3486 2472 3547 atque
2503 3477 2609 3532 hoc
2641 3495 2669 3531 a
2700 3477 3054 3535 Christianis.

2068 3656 2136 3711 Et
2170 3657 2548 3712 inhabitabant
2588 3656 2664 3711 ibi
2687 3666 2736 3712 et
2783 3657 3098 3712 hwreditate
3129 3658 3574 3728 acquirenteam.

1994 3749 2296 3805 Christiani
2340 3749 2618 3804 videlicet.

2070 3841 2238 3897 Vens.
2274 3843 2365 3896 57.
2403 3841 2471 3896 Et
2509 3859 2684 3896 semen
2714 3861 2986 3898 servorum
3032 3854 3241 3896 tuorum
3282 3842 3575 3913 possidebit

1992 3955 2132 3992 eam.
2165 3937 2322 3991 Servi
2366 3932 2592 4006 quidem
2645 3936 2854 3991 Christi
2891 3937 3120 4004 apostoli
3155 3944 3324 3990 sunt:
3367 3934 3572 3988 Paulus

1991 4029 2160 4088 enim,
2221 4026 2422 4095 inquit,
2478 4037 2659 4078 servus
2705 4025 2831 4080 Jesu
2882 4023 3083 4080 Christi
3107 4026 3174 4080 ⁸⁸.
3204 4023 3408 4080 Eorum
3440 4040 3575 4079 vero
3636 4093 3645 4101 .

1991 4131 2204 4176 semen,
2260 4113 2548 4184 apostolici
2608 4113 2887 4181 discipuli,
2937 4123 3202 4180 tanquam
3257 4111 3325 4164 ah
3354 4111 3436 4165 eis
3469 4127 3564 4179 per

1992 4201 2264 4272 baptisma
2297 4199 2574 4270 spirituali
2622 4199 2832 4254 semine
2866 4198 3200 4266 regenerati.
3239 4196 3570 4267 Praepositio

1990 4305 2170 4348 autem
2209 4293 2362 4347 verbi
2420 4291 2744 4356 καθέξουσιν
2777 4291 3144 4344 iutensionem
3180 4300 3234 4344 et
3271 4289 3570 4360 singulari-

1992 4395 2156 4441 tatem
2191 4383 2488 4454 signiﬁcat.
2531 4383 2661 4438 Soli.
2695 4383 2838 4436 enim
2893 4383 3194 4438 Christiani
3241 4391 3566 4438 constanter

290 4490 466 4553 διίως
531 4493 701 4563 αὐτὴν
756 4494 1008 4561 οἰκοῦσιν
1076 4500 1355 4562 παντελῶς
1427 4503 1534 4555 τῶν
1610 4503 1880 4571 Ἐϐραίων

1998 4479 2166 4548 ipsam
2199 4477 2528 4540 inhabitant,
2556 4476 2760 4538 Judaeis
2793 4489 3019 4545 prorsus
3049 4475 3322 4545 expulsis.

287 4581 715 4648 ἑξελασθέντων.

363 4675 473 4728 Καὶ
503 4677 556 4727 οἱ
611 4676 960 4744 ἀγαπῶντες
992 4679 1279 4750 τὸόνομά
1314 4697 1432 4734 σου
1487 4688 1879 4753 κατασκηνώ-

286 4780 522 4820 σουσιν
544 4767 614 4819 ἐν
643 4767 817 4836 αὐτῇ.
855 4771 915 4823 Οί
946 4773 1004 4842 τὸ
1030 4771 1204 4841 ὄνομα
1229 4772 1289 4823 τὸ
1331 4773 1421 4826 σὸν
1445 4775 1878 4846 ἐπικαλούμενοι

285 4859 636 4928 Χριστιανοὶ.
669 4863 882 4932 Ὥσπερ
911 4865 976 4917 δὲ.
997 4865 1093 4918 καὶ¹
1116 4866 1202 4917 τὰ..
1223 4867 1489 4936 προοίμια
1537 4870 1630 4922 τοῦ
1661 4870 1881 4941 ψαλμοῦ

285 4957 461 5024 μέχρι
542 4957 660 5014 τοῦ.
733 4960 1329 5027 Ἀπηλλοτριωμένος
1387 4963 1686 5031 ἐγενήθην
1756 4966 1882 5031 τοῖς

277 5046 578 5115 ἀδελφοῖς
595 5067 742 5116 μου,
775 5050 875 5105 καὶ
907 5050 1084 5117 ξένος
1114 5053 1239 5118 τοῖς
1286 5055 1439 5121 υἱοῖς
1489 5056 1596 5123 τῆς
1649 5064 1879 5128 μητρός

271 5156 426 5207 μου,
453 5141 600 5202 τινες
635 5143 821 5195 πιστοὶ
846 5143 933 5214 τῷ,
949 5145 1172 5216 Χριστῷ
1206 5149 1618 5218 προσαρμόζειν
1660 5150 1878 5215 βιάζον-

275 5247 378 5282 ται
415 5243 433 5260 ο
459 5227 605 5282 οὕτω
631 5233 809 5285 πάλιν
835 5232 1084 5290 Ἰουδαῖοι
1123 5236 1221 5289 καὶ
1251 5239 1320 5291 τὰ
1377 5240 1591 5292 ἐκεῖθεν
1620 5241 1752 5311 ἄχρι
1790 5244 1878 5296 τέ-

231 5321 413 5383 ,ςλους
469 5321 549 5390 τῷ
575 5324 632 5376 ἐν
662 5323 945 5378 Βαϐυλῶνι
975 5324 1309 5398 αἰχμαλώτῳ
1356 5329 1470 5399 λαῷ
1527 5333 1872 5389 ἀνατιθέασι.

275 5413 410 5483 Χρὴ
440 5414 500 5466 δὲ
528 5416 650 5468 κατ’
685 5417 961 5488 ἐπιτομὴν
993 5421 1191 5487 εἰπεῖν,
1221 5422 1371 5484 ὅπως
1432 5423 1590 5476 αὐτοὶ
1659 5425 1870 5494 ὲκλαμυ

542 4955 660 5014 τοῦ.

363 5595 410 5625 ⁸⁸
435 5593 596 5648 Rom.
628 5612 663 5659 ι,
691 5596 743 5649 1.

2071 4694 2133 4747 Et
2165 4710 2344 4748 omnes
2375 4697 2464 4762 qui
2499 4694 2730 4764 diligunt
2767 4711 2953 4749 nomen
2991 4704 3140 4747 tuum
3173 4693 3488 4749 habitabant
3517 4697 3574 4748 in

1991 4806 2075 4842 ea.
2117 4786 2413 4841 Christiani
2446 4787 2658 4841 scilicet
2721 4803 2922 4842 nomen
3004 4798 3153 4841 tuum
3221 4789 3568 4843 invocantes.

1993 4878 2192 4933 Verum
2220 4879 2684 4948 quemadmodum
2715 4879 2954 4933 ﬁdelium
2981 4880 3138 4933 multi
3171 4880 3336 4949 hujus
3369 4882 3568 4950 psalmi

1986 4969 2318 5040 principium
2363 4986 2536 5040 usque
2580 4971 2645 5024 ad
2697 4972 3031 5026 versiculum
3095 4988 3108 5024 :
3148 4971 3450 5025 Extraneus
3482 4973 3567 5040 [a-

1985 5072 2100 5116 ctus
2128 5078 2243 5115 sum
2277 5063 2538 5131 fratribus
2570 5065 2723 5129 meis,
2755 5063 3102 5118 contendunt
3133 5062 3326 5116 referri
3361 5061 3564 5116 debere

1982 5156 2049 5208 ad
2081 5154 2388 5217 Christum,
2417 5157 2490 5208 ita
2514 5154 2686 5209 ,ιιιάεεί
2715 5164 2905 5210 contra
2959 5154 3173 5223 captivo
3205 5154 3259 5206 in
3286 5152 3564 5221 Babylone

1986 5247 2191 5315 populo
2249 5247 2437 5301 omnia
2495 5249 2769 5316 applicant
2803 5262 2923 5316 quae
2950 5247 3100 5299 illinc
3128 5250 3436 5312 sequuntur
3467 5259 3563 5296 us-

1986 5351 2094 5405 que
2154 5338 2222 5390 ad
2290 5337 2450 5393 linem
2519 5339 2738 5408 psalmi.
2809 5336 3244 5406 Opot'tetitnqtle
3318 5334 3562 5387 breviter

1982 5441 2278 5496 exponere,
2306 5431 2769 5500 quemadmodum
2822 5427 2928 5498 ipsi
2975 5430 3087 5492 haec
3115 5425 3412 5495 accipiant.
3453 5423 3553 5478 Ex-

1653 5690 1844 5752 Varite
1870 5691 2198 5758 lectiones.

361 5791 470 5862 (51)
503 5790 745 5857 Rectius,
773 5788 1154 5856 indi/ferenter.
