4064 6458
378 362 513 448 τοι·

1597 376 1918 442 EUTHYM
1935 380 1995 441 II
2032 376 2214 441 ZIGA
2227 370 2412 440 BENI

3552 324 3659 441 τι

379 506 633 565 traneus,
669 476 950 569 inquiunt,
972 494 1150 553 lactus
1175 512 1296 553 sum
1321 494 1469 569 [seu,
1494 503 1552 551 ut
1580 497 1756 567 magis
1779 504 1960 566 poscit

2073 495 2351 551 δάνουσιν.
2403 489 2891 566 ’Δπηλλοτριὼθην
2941 468 3052 547 τίύν
3106 490 3356 564 ἀδελφῶν
3405 512 3532 565 μου,
3576 498 3660 567 μὴ

377 589 569 646 Graeca
601 591 771 646 dictio
826 588 1373 662 ἀπηλλοτριωμένος,
1422 588 1695 645 alienatus
1738 603 1862 643 sum
1907 585 1961 660 a]
2013 647 2015 650 γ

380 682 648 741 fratribus
679 686 841 750 meis,
881 684 1008 755 quia
1035 682 1167 737 mibi
1195 696 1522 737 concessum
1554 694 1663 735 non
1701 690 1788 736 est
1835 696 1961 735 cum

380 776 464 833 eis
508 778 712 833 vivere.
756 777 1003 833 Diversis
1072 775 1347 847 siquidem
1386 773 1631 828 dominis
1669 773 1959 828 servieba-

383 881 532 931 mus,
552 878 604 921 et
626 867 755 937 quia
777 881 1060 923 servorum
1084 868 1474 936 cognationem
1497 866 1585 920 lex
1610 865 1762 919 nulla
1788 866 1959 920 novit.

381 958 587 1013 Eadem
624 961 901 1015 sententia
949 959 1004 1014 in
1042 959 1300 1030 proximo
1332 958 1449 1014 illic
1494 960 1766 1029 repetitur
1796 957 1962 1012 versi-

379 1051 528 1106 culo.
562 1050 776 1107 Mecum
810 1064 1075 1124 prasterea
1112 1053 1305 1123 templi
1341 1051 1746 1108 desolationem
1798 1067 1962 1121 repu-

380 1154 529 1207 tans,
589 1159 701 1199 non
755 1146 1021 1201 mediocri
1073 1160 1375 1203 eonsumor
1411 1145 1627 1210 dolore,
1676 1151 1731 1201 et
1765 1160 1967 1216 oppro-

384 1236 503 1289 bria
529 1247 644 1305 tua,
684 1238 850 1302 Deus,
876 1252 1000 1307 qua;-
1021 1251 1052 1289 a
1086 1236 1405 1308 Babyloniis
1431 1238 1696 1301 sustines,
1724 1252 1848 1291 cum
1878 1250 1969 1290 ar-

381 1343 509 1383 cere
537 1344 645 1383 non
671 1331 875 1399 possim
900 1329 1036 1400 (56),
1056 1331 1278 1403 propria
1312 1330 1561 1401 reputavi
1585 1346 1599 1384 :
1622 1330 1767 1384 unde
1794 1331 1961 1383 etiam

383 1421 590 1476 amisso
638 1422 747 1476 cibi
784 1423 1056 1492 appetitu,
1115 1421 1298 1477 lassus
1325 1424 1610 1478 contabui.
1647 1422 1852 1479 Verum
1885 1422 1966 1477 illi

385 1512 561 1582 magis
587 1528 674 1567 me
691 1514 1124 1583 exprobrabant,
1142 1513 1310 1568 veluti
1340 1512 1622 1569 incassum
1651 1512 1964 1582 jejunarem

385 1606 464 1673 (et
503 1607 557 1658 in
594 1603 916 1661 alﬂietionis
964 1604 1230 1660 indicium
1286 1604 1558 1660 induebar
1606 1618 1792 1660 sacco.
1832 1604 1966 1670 Quae

382 1706 689 1767 sequuntur
736 1698 1013 1767 apertiora
1059 1695 1262 1767 sunt.).
1314 1695 1520 1750 Deinde
1559 1696 1636 1750 ait
1674 1714 1687 1750 :
1722 1694 1962 1751 Orabam

383 1793 547 1846 etiam
582 1791 648 1845 ad
683 1799 758 1856 te,
778 1790 1040 1860 quoniam
1073 1798 1297 1860 tempus
1327 1799 1413 1845 est
1444 1791 1604 1845 bona:
1632 1791 1960 1854 voluntatis,

2068 585 2535 656 συγχωρούμενος
2576 585 2891 652 συνδιάγειν
2945 584 3133 648 αὐτοῖς
3164 599 3178 614 ⁸
3228 584 3324 639 ἆτε
3378 584 3660 656 διαφόροις

2062 678 2357 741 δεσπόταις
2401 678 2768 731 δουλευόντων
2788 678 2903 750 (55)
2944 695 2958 709 °
2994 679 3091 731 καὶ
3135 679 3216 731 ὅτι
3262 681 3290 732 ὁ
3352 680 3520 748 νόμος
3558 680 3661 732 ούκ

2063 767 2173 824 οἶδε
2203 770 2409 823 δούλων
2441 768 2770 838 συγγένειαν
2790 788 2805 801 ο
2837 770 2897 821 τὸ
2922 769 3056 823 αὐτὸ
3124 770 3183 822 δὲ
3233 770 3328 822 καὶ
3373 770 3401 822 ὀ
3456 768 3661 840 ἑφεξῆς

2064 859 2290 926 διέξεισι
2324 862 2508 932 στίχος
2529 877 2544 893 ο
2569 858 3031 931 ἀναλογιζόμενος
3068 860 3125 913 δὲ
3154 861 3251 913 καὶ
3279 861 3379 932 τὴν
3427 864 3658 933 ἐρήμω-

2067 970 2152 1007 σιν
2184 952 2283 1007 τοῦ
2311 952 2463 1021 ναοῦ,
2495 953 2915 1026 δαπανῶμαιτῇ
2953 954 3101 1027 λύπῃ
3129 971 3143 985 ο
3206 958 3300 1008 καὶ
3358 955 3485 1018 τοὺς
3533 955 3661 1018 σοὺς

2066 1052 2409 1124 ὀνειδισμοὺς
2466 1052 2562 1116 οὓς
2627 1052 2867 1124 ὀνειδίζῃ
2925 1052 3077 1123 παρὰ
3112 1052 3223 1106 τῶν
3271 1051 3657 1115 Βαϐυλωνίων,

2065 1147 2142 1210 ὡς
2177 1147 2253 1218 μὴ
2275 1146 2580 1216 δυνάμενός
2608 1164 2698 1217 μοι
2727 1145 2970 1217 βοηθεῖν,
3013 1146 3252 1210 οἰκείους
3306 1144 3635 1214 λελόγισμαι

2065 1241 2159 1292 Διὸ
2185 1243 2280 1293 καὶ
2303 1238 2379 1310 μὴ
2404 1238 2763 1310 προσιέμενος
2780 1240 2988 1310 τροφὴν
3022 1240 3248 1309 ὲτὰκην.
3278 1240 3341 1291 0i
3366 1237 3424 1290 δὲ
3455 1236 3659 1307 μᾶλλον

2066 1329 2344 1398 ὠνείδιζον
2391 1330 2467 1395 ὡς
2534 1326 2712 1402 μάτην
2783 1332 3117 1403 νηστευόντα
3162 1330 3277 1404 (57)
3333 1331 3427 1383 καὶ
3465 1330 3658 1399 καιρὶς

2069 1423 2487 1493 ἀγαθοθελείας,
2522 1423 2704 1478 εἴτουν
2729 1424 3128 1494 ὲλεημοσύνης.
3175 1424 3258 1476 Τὰ
3286 1422 3344 1475 δὲ
3376 1420 3656 1483 ἐντεῦθεν,

2064 1517 2142 1583 ὡς
2167 1516 2736 1589 προηρμηνεύσαμεν,
2768 1518 2910 1588 πλὴν
2948 1517 3035 1570 ὅτι
3058 1516 3226 1570 παῖδα
3255 1516 3316 1570 οὐ
3351 1516 3442 1570 τὸν
3465 1514 3654 1583 φύσει,

2068 1608 2208 1662 ἀλλὰ
2229 1609 2321 1660 τὸν
2354 1608 2506 1661 θέσ-ι
2538 1610 2798 1676 λέγουσιν
2824 1625 2837 1639 ο
2878 1607 3016 1674 Υἱὸς
3047 1605 3180 1679 γὰρ,
3222 1606 3378 1678 φησὶ,
3435 1606 3661 1673 πρωτό-

2068 1702 2247 1766 τοκός
2268 1718 2389 1769 μου
2418 1700 2657 1767 Ἰσραήλ
2685 1717 2700 1731 ⁸
2736 1702 2769 1771 ἢ
2806 1702 2902 1754 καὶ
2939 1700 3140 1764 ἄλλως,
3167 1699 3278 1771 (58)
3304 1700 3396 1753 τὸν
3412 1699 3654 1768 οἰκέτην.

2068 1787 2226 1855 Εἶτα,
2260 1790 2352 1844 τὸν
2374 1790 2687 1861 ὀνειδισμὸν
2711 1793 2803 1843 τὸν
2872 1790 2961 1844 διὰ
2998 1791 3060 1843 σὲ
3099 1789 3505 1860 προσεδόκησα,
3563 1788 3662 1840 καὶ

383 1883 485 1936 hoc
516 1892 619 1948 est,
660 1890 880 1952 tempus
917 1881 1340 1937 misericordim.
1373 1879 1507 1947 Quae
1531 1891 1845 1952 sequuntur
1873 1898 1967 1936 ex-

2073 1883 2170 1952 ·ιὴν
2202 1880 2372 1948 ἀλλην
2420 1882 2825 1945 κακοπάθειαν,
2882 1875 2971 1934 οἷα
3007 1880 3473 1951 αἱχμαλωτισθεὶς
3504 1894 3518 1909 ·
3578 1878 3662 1930 διὸ

382 1990 544 2044 pone,
582 1984 641 2027 ut
664 1976 777 2042 jam
803 1973 1182 2044 prtediximus,
1206 1983 1572 2044 praeterquam
1602 1973 1749 2044 quod
1792 1974 1962 2027 [ilium

382 2083 495 2121 non
516 2075 714 2121 natura
745 2065 1045 2136 intelliges,
1075 2064 1172 2121 sed
1204 2065 1501 2134 adeptione
1532 2083 1545 2119 :
1576 2063 1756 2120 Filius
1790 2067 1960 2131 enim,

380 2160 587 2228 inquit,
645 2158 1034 2229 primogenitae
1084 2174 1229 2212 meus
1282 2158 1456 2212 Israel
1481 2157 1557 2213 °’.
1601 2156 1698 2213 Vel
1751 2159 1960 2213 aliter:

380 2250 645 2313 Puerum,
675 2251 725 2304 id
751 2260 858 2315 est,
881 2264 1125 2305 servum.
1150 2248 1521 2321 Opprobrium
1543 2249 1729 2316 etiam,
1760 2249 1962 2320 inquit,

383 2349 440 2393 ct
471 2339 653 2396 varias
677 2338 1009 2395 alﬂictiones
1039 2338 1382 2409 exspectavi,
1420 2348 1649 2409 propter
1679 2347 1754 2401 te,
1800 2338 1964 2409 quasi

382 2433 678 2502 captivus:
713 2442 767 2488 et
827 2431 949 2487 ideo
981 2431 1211 2503 quaesivi
1255 2432 1520 2501 aliquem,
1567 2433 1663 2501 qui
1709 2433 1969 2487 consola-

385 2534 557 2590 retur,
590 2534 647 2581 et
674 2539 782 2579 non
817 2524 1027 2591 inveni,
1059 2539 1183 2578 cum
1217 2538 1328 2578 non
1360 2524 1764 2579 concederetur
1796 2526 1954 2590 mihi,

383 2627 446 2673 ut
475 2615 765 2673 commode
793 2632 919 2670 eum
949 2616 1204 2688 cognatis
1253 2615 1391 2670 meis
1424 2631 1703 2672 versarer.
1736 2617 1803 2672 Et
1831 2618 1963 2673 dum

384 2724 450 2763 ea
478 2715 766 2778 exponunt
812 2707 979 2762 verba
1012 2725 1031 2761 :
1063 2707 1332 2762 Dederunt
1365 2709 1421 2764 in
1452 2707 1626 2762 cibum
1666 2724 1839 2763 meum
1864 2709 1965 2780 fel,

383 2811 437 2857 ct
477 2801 536 2855 in
564 2801 656 2854 siti
686 2815 801 2855 mea
830 2809 1147 2867 potaueruut
1201 2817 1282 2856 me
1318 2809 1489 2865 aceto,
1545 2800 1809 2857 labuntur
1855 2819 1963 2859 non

384 2891 756 2958 mediocriter,
781 2890 912 2944 dum
939 2906 1005 2946 ex
1030 2892 1216 2962 populi
1243 2907 1476 2959 persona
1502 2891 1712 2948 dictum
1743 2902 1967 2963 putant,

384 2984 533 3056 quod
581 2984 868 3056 Babylonii
927 3000 1176 3039 amarum
1210 2986 1415 3056 populo
1482 2986 1739 3056 poculum
1797 2988 1959 3058 quasi

387 3090 548 3131 servo
574 3077 815 3144 cuipiam
862 3074 1224 3145 projeeerint,
1256 3084 1311 3130 et
1342 3074 1496 3146 quod
1525 3075 1806 3130 sitientem
1839 3090 1968 3130 aee-

387 3176 509 3223 toSo
541 3169 849 3239 potaverint
884 3169 1032 3233 vino,
1067 3178 1124 3222 et
1145 3168 1292 3239 quod
1320 3170 1393 3223 ob
1421 3169 1604 3225 varias
1625 3167 1964 3224 aillictiones

385 3266 589 3315 laetum
615 3263 708 3327 sit,
748 3271 804 3315 ut
836 3262 997 3317 cibus
1031 3263 1079 3317 ei
1114 3277 1340 3318 amarus
1389 3271 1444 3317 et
1478 3271 1645 3333 potus
1690 3263 1970 3317 videretur

384 3356 639 3408 acerbus.
677 3351 841 3420 Quod
870 3370 1003 3408 vero
1040 3358 1294 3426 sequitur
1335 3372 1349 3409 :
1384 3353 1505 3409 Fiat
1539 3372 1722 3410 mensa
1762 3372 1968 3423 eorum,

385 3459 441 3499 et
477 3457 700 3511 caetera,
727 3448 883 3518 juxta
911 3447 1152 3516 priorem
1181 3448 1590 3517 expositionem
1622 3448 1965 3519 intelligunt,

387 3546 443 3591 et
472 3541 721 3601 proxima
753 3541 841 3593 his
868 3541 1035 3594 verba
1085 3542 1540 3609 imprecationetn
1567 3544 1857 3599 continere
1888 3542 1970 3597 di-

385 3639 522 3682 cunt
562 3635 833 3687 adversus
858 3630 1214 3702 Babylonios.
1245 3633 1352 3689 Per
1383 3635 1781 3695 habitationem
1838 3632 1970 3691 vero

387 3722 672 3776 civitatem
734 3725 1053 3795 intelligunt
1104 3727 1436 3783 Jerusalem.
1487 3726 1643 3784 Illum
1702 3739 1969 3800 praeterea

2070 1976 2314 2048 ἐζήτησα
2345 1975 2437 2028 τὸν
2474 1972 3002 2044 παραμυθούμενον,
3030 1974 3127 2024 καὶ
3154 1973 3257 2041 οὺχ
3282 1964 3464 2041 εὗρον,
3484 1970 3558 2032 ὠς
3583 1970 3660 2038 μὴ

2072 2068 2385 2140 συνομιλεῖν
2424 2066 2701 2137 εὐκαίρως
2730 2068 2845 2130 τοῖς
2869 2065 3163 2137 ὁμογενέσι
3205 2081 3310 2133 μου
3344 2061 3661 2132 συγχωρού-

2071 2181 2254 2235 μενος.
2297 2163 2390 2226 Είς
2414 2163 2471 2216 δὲ
2500 2163 2560 2215 τό
2579 2178 2594 2191 ·
2631 2161 2910 2214 Ἔδωκαν
2935 2144 3048 2226 εἰς’
3079 2157 3145 2211 τὸ
3179 2155 3394 2226 ,βρῶμά
3415 2171 3536 2225 μου
3562 2169 3665 2222 χο-

2068 2258 2215 2327 λὴν,
2243 2256 2343 2312 καὶ
2374 2258 2463 2322 είς
2515 2256 2633 2324 τὴν
2675 2253 2868 2323 δίψαν
2907 2269 3027 2322 μου
3060 2248 3354 2304 ἐπότισάν
3385 2263 3462 2318 με
3496 2245 3662 2312 ὄξος,

2069 2350 2481 2420 προσκρούουσι
2534 2348 2809 2412 λέγοντες,
2871 2346 2954 2399 δτι
3019 2344 3232 2415 Πικράν
3305 2357 3397 2410 μοι
3452 2337 3665 2408 τροφὴν

2070 2440 2409 2511 ὲπέρῤιπτον
2437 2439 2487 2491 οἱ
2551 2434 3094 2506 αίχμαλωτίσαντες,
3152 2432 3229 2493 ὡς
3286 2426 3459 2497 δούλῳ
3497 2443 3510 2457 ·
3567 2428 3667 2476 καὶ

2071 2532 2317 2602 διψῶντά
2349 2548 2417 2601 με
2449 2527 2702 2591 ὲπότιζον
2732 2527 2916 2596 ὀξίνην
2954 2518 3099 2579 οἶνον
3125 2540 3140 2555 °
3167 2523 3201 2593 ἢ
3229 2520 3434 2590 πικράν
3450 2534 3543 2588 μοι
3562 2518 3667 2585 τὴν

2074 2623 2280 2695 βρῶσιν
2316 2620 2612 2690 φαίνεσθαι
2665 2616 3108 2689 παρεσκεύαζον,
3145 2614 3234 2667 διὰ
3288 2612 3386 2681 τᾲς
3429 2608 3665 2677 θλίψεις,

2071 2715 2166 2770 καὶ
2183 2716 2438 2786 δριμεῖαν
2465 2711 2564 2781 τὴν
2597 2711 2778 2763 πόσιν.
2798 2708 2873 2762 Τὸ
2899 2707 2981 2774 δὲ,
2999 2704 3324 2774 Γενηθήτω
3352 2705 3391 2771 ἡ
3412 2698 3668 2770 acinacis

2070 2807 2291 2872 αὐτῶν,
2323 2805 2464 2860 κατὰ
2498 2805 2598 2876 τὴν
2635 2803 2862 2873 πρώτην
2899 2799 3163 2870 ἐξήγησιν
3185 2815 3199 2828 ⁸
3237 2797 3306 2850 τὰ
3334 2795 3380 2848 δ’
3412 2792 3666 2851 ἐντεῦθεν

2070 2897 2436 2968 κατεύχεσθαι
2477 2897 2587 2949 τῶν
2612 2891 2974 2947 Βαόυλωνέων
3029 2906 3044 2919 ·
3088 2888 3318 2942 ἔπαυλιν
3372 2887 3429 2940 δὲ
3484 2883 3666 2938 αὐτῶν

2070 2990 2171 3059 τὴν
2190 2987 2351 3042 πόλιν
2382 2986 2585 3042 αὐτῶν.
2609 2982 2745 3040 Εἶτα
2775 2985 2870 3038 τὸν
2891 2984 3042 3050 λαὸν,
3094 2982 3285 3053 φησιν,
3325 2980 3385 3035 ὃν
3426 2981 3490 3033 σὺ
3531 2995 3668 3030 πσιι-

2071 3077 2328 3150 δευθῆναι
2353 3078 2806 3149 παρεσκεύασας,
2829 3077 2983 3130 αὐτοὶ
3004 3076 3208 3145 σφόδρα
3225 3069 3663 3145 ἐτιμωρήσαντο,

2075 3172 2171 3226 καὶ
2203 3172 2367 3225 πάλιν
2400 3171 2757 3243 προσέθηκαν
2790 3168 2885 3223 ἐπὶ
2908 3168 2980 3222 τὰ
3000 3168 3347 3239 προλαϐόντα
3377 3167 3541 3235 ἄλγη,
3569 3163 3670 3215 καὶ

2078 3264 2151 3317 τὰ
2188 3264 2337 3334 ἑξῆς.
2372 3264 2465 3327 Εἰς
2513 3263 2570 3316 δὲ
2596 3264 2682 3329 τὸ,
2731 3261 2964 3331 Ἀρέσει
2986 3261 3067 3326 τῷ
3105 3260 3228 3325 Θεῷ
3256 3258 3409 3327 ὑπὲρ
3423 3262 3671 3328 μόσχον

2072 3356 2241 3424 νέον,
2270 3356 2478 3427 ὁμοίως
2510 3354 2939 3429 προσκρούουσι.
2966 3354 3049 3408 Τὰ
3074 3353 3130 3407 δὲ
3153 3351 3430 3414 ἐντεῦθεν,
3464 3351 3539 3414 ὡς
3563 3350 3625 3419 (pi
3652 3381 3662 3390 -

2079 3450 2171 3503 λον
2231 3450 2416 3513 αὐτοῖς
2469 3448 2806 3519 ἐκδέχονται,
2854 3446 3149 3517 συνᾴδοντα
3174 3448 3242 3516 τῇ
3304 3444 3517 3515 ἱστορίᾳ
3568 3444 3674 3512 τῆς

2072 3541 2336 3596 ἐπανόδου
2365 3541 2475 3595 τῶν
2508 3541 2898 3611 αἰχμαλώτων.
2928 3538 3123 3608 Ἡμεῖς
3147 3537 3230 3606 δὲ,
3284 3539 3400 3598 τοῖς
3434 3535 3669 3605 ἀκρισί-

2083 3638 2298 3705 στέροις
2324 3636 2433 3688 τῶν
2456 3634 2719 3704 Πατέρων
2736 3630 3231 3702 ἀκολουθήσαντες,
3249 3625 3671 3697 ἀσφαλεστάτην

2078 3727 2466 3799 ἐποιησάμεθα
2495 3726 2594 3797 τὴν
2625 3725 2915 3795 ἐξήγησιν.
3032 3707 3048 3721 ’

388 3815 677 3883 populum,
736 3816 1035 3884 inquiunt,
1103 3832 1265 3885 quem
1321 3828 1377 3873 tu
1434 3819 1670 3874 erudisti
1732 3831 1787 3876 et
1836 3819 2150 3889 castigasti,
2190 3833 2286 3874 seu
2367 3833 2531 3887 quem
2604 3816 2865 3887 castigari
2942 3814 3267 3887 permisiSti,
3332 3809 3677 3882 gravissimis

383 3905 668 3976 Babylonii
732 3907 1048 3963 afﬂixerunt
1121 3910 1538 3980 suppliciis,et
1599 3911 1878 3982 prioribus
1954 3913 2238 3970 doloribus
2322 3909 2427 3980 ipsi
2517 3908 2674 3979 plura
2748 3923 2967 3978 semper
3054 3905 3403 3960 addiderunt.
3496 3907 3551 3958 In
3605 3919 3677 3958 eo

387 4000 552 4054 etiam
595 4002 870 4055 versiculo
903 4002 994 4073 qui
1025 4001 1162 4057 dicit
1191 4020 1205 4056 :
1232 4002 1301 4057 Et
1332 4003 1564 4071 placebit
1601 4004 1828 4060 Domino
1875 4022 2033 4077 super
2057 4006 2280 4061 vitulum
2313 4001 2603 4065 novellum,
2674 4001 2790 4071 pari
2848 4001 3110 4055 labuntur
3166 4016 3375 4055 errore.
3429 3999 3496 4054 Et
3553 4016 3679 4070 qua!

387 4098 695 4158 sequuntur
725 4091 971 4159 gratiora
996 4094 1077 4149 eis
1107 4102 1239 4149 sunt
1260 4093 1397 4164 (59),
1436 4097 1606 4151 veluti
1634 4097 1808 4167 magis
1838 4112 2084 4152 consona
2126 4095 2330 4150 reditui
2368 4110 2435 4150 ex
2469 4092 2807 4167 Babylonica
2850 4095 3191 4164 captivitate.
3227 4092 3339 4148 Nos
3367 4103 3545 4147 autem
3582 4108 3679 4144 ac-

388 4193 635 4236 curatam
683 4195 1000 4239 sanctorum
1070 4186 1290 4241 Patrum
1345 4189 1662 4259 opinionem
1723 4201 2039 4261 sequentes,
2081 4205 2206 4245 eam
2267 4188 2679 4259 expositionem
2739 4188 2914 4242 veluti
2961 4187 3222 4243 tutiorem
3294 4188 3679 4258 amplectimur

392 4294 556 4346 quam
585 4279 840 4347 superius
864 4279 1181 4336 retulimus.

390 4391 459 4447 In
489 4397 644 4465 [ineat
675 4396 916 4462 psalmus
966 4397 1069 4467 ipsi
1131 4398 1299 4454 Darid
1351 4401 1408 4455 in
1459 4414 1971 4457 rememorattonem.

921 4511 1245 4567 PSALMUS
1272 4512 1458 4568 LXIX.

465 4601 621 4656 llunc
673 4603 941 4673 psalmmn
968 4604 1159 4661 beatus
1209 4605 1383 4660 David
1433 4608 1626 4663 iisdem
1673 4623 1812 4678 perte
1852 4622 1981 4663 sen-

395 4693 588 4749 tentiis
650 4709 715 4748 ac
754 4696 937 4750 vetbis
987 4699 1319 4768 composuit,
1366 4714 1489 4769 quas
1529 4700 1660 4754 alibi
1706 4714 1802 4769 per
1855 4715 1980 4754 eum

390 4786 539 4840 dicta
570 4801 696 4842 esse
719 4787 970 4844 videmus
997 4791 1050 4844 in
1084 4792 1301 4860 psalmo
1325 4807 1514 4851 χχιιι.
1547 4791 1980 4863 Ρι·οιιιριιιιι.ηιιο

391 4895 457 4933 ac
486 4893 600 4947 prae
631 4880 886 4935 manibus
924 4897 1051 4936 eum
1104 4897 1321 4954 semper
1352 4884 1612 4951 habebat,
1642 4887 1860 4954 quoties
1890 4884 1986 4940 de-

393 4972 506 5024 licti
552 4972 1016 5028 reminiscebatur
1045 4976 1195 5044 quod
1232 4966 1503 5032 adversus
1533 4974 1725 5032 Uriatn
1760 4981 1989 5033 commi-

393 5074 560 5117 serat.
582 5062 740 5118 lllum
765 5066 971 5121 etenim
992 5067 1162 5121 veluti
1196 5078 1391 5138 potens
1413 5070 1635 5140 aliquod
1654 5086 1877 5127 carmen
1891 5074 1990 5126 ad-

393 5154 867 5211 versusdaemoites
881 5156 1111 5212 canebat
1124 5165 1382 5230 tanquam
1393 5161 1653 5218 adversus
1668 5164 1991 5229 eos'nostes,

2264 4401 2370 4463 Εἰς
2412 4395 2478 4449 τὸ
2499 4394 2680 4459 τέλος
2711 4389 2790 4457 τῷ
2817 4391 3001 4446 Δαϐὶδ
3023 4393 3110 4457 εὶς
3141 4387 3506 4459 ἀνάμνησιν.
3544 4473 3557 4485 ι

2695 4512 2994 4567 ΨΑΛΜΟΣ
3030 4508 3152 4566 ΞΘ’.

2159 4612 2266 4663 Τὸν
2300 4609 2546 4679 παρόντα
2575 4606 2792 4676 ψαλμὸν
2823 4606 2933 4657 ἀπὸ
2978 4605 3089 4656 τῶν
3140 4603 3450 4673 εἰρημένων
3497 4603 3553 4653 ἐν
3602 4601 3681 4671 τῷ

2090 4701 2169 4755 λθ’
2197 4698 2399 4771 ψαλμῷ
2431 4698 2650 4760 συνθεὶς
2679 4697 2978 4768 πρόχειρον
3026 4691 3176 4764 εἶχεν
3233 4696 3321 4748 ἀεί
3357 4710 3371 4725 ⁸
3442 4695 3536 4746 καὶ
3590 4694 3680 4746 ὅτε

2090 4793 2542 4862 ἀνεμιμνῄσκετο
2574 4789 2678 4860 τῆς
2703 4789 2846 4843 κατὰ
2875 4790 2969 4840 τὶν
3000 4787 3207 4856 Οὐρίαν
3235 4785 3681 4857 ἀμαρτῑας,τὸτε

2091 4887 2311 4947 τοῦτον,
2340 4884 2461 4936 οἵαν
2497 4884 2622 4935 τινὰ
2644 4881 2769 4957 ᾖδεν
2800 4881 3018 4954 ἐπῳδὴν
3060 4879 3206 4934 κατὰ
3238 4879 3346 4933 τῶν
3381 4880 3682 4949 δαιμόνων,

2091 4976 2201 5029 τῶν
2232 4975 2312 5037 εἰς
2344 4975 2444 5044 τὴν
2465 4975 2852 5045 πλημμέλειαν
2902 4972 3118 5043 ἐκείνην
3168 4972 3684 5043 ἐκτραχηλισάντωι

2104 5068 2297 5131 αὐτὸν,
2329 5066 2605 5137 δεόμενος,
2658 5066 2858 5138 μηκέτι
2918 5063 3443 5135 κατακυριευθῆναι.
3493 5065 3556 5118 οι
3621 5065 3683 5118 δέ

2101 5177 2269 5233 φασιν
2294 5160 2404 5225 ὅτι,
2434 5162 2522 5213 ὅτε
2556 5159 3006 5232 ἁνεμιμνήῖσκετο
3038 5158 3142 5211 ὅσα
3162 5157 3314 5227 παρὰ
3328 5157 3438 5211 τῶν
3470 5156 3685 5228 ἐχθρῶν

476 5342 522 5374 ⁸⁸
569 5343 742 5397 Exod.
796 5358 874 5407 tv,
918 5342 1011 5397 22.
1888 5398 1893 5403 ,

1754 5440 1959 5500 Vat-ite
1986 5439 2317 5504 lectiones.

473 5589 577 5661 (55)
625 5589 1158 5660 Vitleturlegendutn
1178 5590 1527 5646 δουλεύουσιν
1559 5604 1616 5647 ut
1653 5594 1983 5661 respondeat

396 5660 713 5781 ἷῲαύτοῖς,
751 5664 1512 5734 ουιευοαιιᾱίουιίυιιιὴμῶν,
1555 5660 1795 5731 genitivo
1823 5666 1988 5737 abso-

423 5741 510 5781 ult‘.
541 5741 736 5784 υοδιιο.

470 5746 510 5779 ‘t‘.
628 5756 631 5757 '
725 5769 736 5783 .

470 5746 1009 5872 ἱδύῗᾛὲιιυυὶηοιυε
1065 5810 1153 5856 est
1208 5804 1483 5872 interpres
1515 5804 1566 5856 in
1606 5804 1832 5859 minime
1888 5805 1984 5858 obs

400 5881 563 5924 scut'o
596 5870 739 5924 loco.
786 5872 997 5929 Sensus
1047 5882 1152 5939 est,
1197 5870 1392 5948 Quasi.
1420 5875 1551 5928 mihi
1598 5875 1853 5929 auxiliari
1881 5892 1984 5929 non

2090 5609 2293 5663 posses.

2168 5665 2281 5735 (57)
2315 5664 2547 5722 Videtur
2603 5669 2798 5724 deesse
2868 5667 3078 5738 aliquid
3147 5668 3294 5735 quod
3363 5666 3686 5725 transitioni

2095 5738 2381 5809 inserviat.
2420 5738 2555 5792 Puta
2590 5738 2710 5793 εἶτα
2734 5740 2903 5807 λέγει,
2951 5750 3008 5791 ιιι
3038 5740 3202 5793 vertit
3232 5739 3527 5809 interpres.

2166 5807 2280 5876 (58)
2324 5807 2527 5877 Snpple
2557 5812 2649 5861 τὸν
2678 5809 2841 5862 παῖδα
2870 5809 3071 5861 νοοῦσι.

2173 5879 2284 5940 (59)
2311 5877 2534 5935 Rectius
2563 5895 2656 5951 pro
2678 5882 2845 5933 (abitu
2875 5881 3164 5934 acciuiunt.
