4064 6462
400 403 506 476 ’111

1601 376 1988 468 summu
2027 399 2392 461 ZIGABENI

3557 384 3666 453 ’ἵιέ

475 522 644 581 Vitas.
675 522 732 578 5.
768 520 900 577 Esto
938 520 1066 576 milii
1095 523 1152 576 in
1185 521 1354 577 Deum
1404 532 1779 594 protectorem.
1827 531 1876 577 et
1926 520 1980 575 in

2158 515 2351 571 Γενοῦ
2372 532 2475 585 μοι
2496 514 2582 578 εὶς
2606 511 2756 566 Θεὸν
2773 511 3147 579 ὑπερασπιστ
3162 507 3256 575 iw,
3272 506 3365 560 καὶ
3385 507 3468 569 εις
3483 506 3670 557 τόπον

398 616 569 673 locum
598 614 880 681 munitum,
916 623 975 668 ut
1000 613 1205 668 salvum
1230 631 1310 670 me
1335 615 1530 686 facias.
1561 616 1635 672 lbi
1664 630 1774 671 non
1806 613 1984 669 muni-

401 719 512 765 tum
536 709 708 764 locum
734 707 894 772 dixit,
924 706 1021 763 sed
1055 707 1228 762 locum
1255 709 1469 780 refugii.

473 802 735 868 Quoniam
764 800 1159 867 ﬁrmamentum
1188 818 1360 856 meum
1402 812 1452 857 et
1510 802 1773 872 refugium
1809 815 1981 854 meum

404 913 454 951 ιε
483 904 557 948 tu.
599 894 673 948 ibi
705 891 1071 962 fortitudinem
1102 894 1239 950 dixit
1266 910 1363 964 pro
1402 897 1760 965 ﬁrmamento.

475 989 639 1044 Vnus.
668 988 725 1043 4.
761 985 900 1042 Deus
932 1003 1100 1053 meus,
1133 986 1299 1042 libera
1319 1004 1420 1053 me,
1447 990 1510 1042 de
1548 1003 1709 1041 manu
1736 993 1980 1055 peccato-

402 1082 502 1146 ris,
525 1088 577 1135 et
596 1081 660 1134 de
683 1096 847 1134 manu
870 1081 1050 1151 inique
1080 1084 1285 1151 agentis
1318 1091 1366 1135 et
1401 1081 1608 1150 injusti.
1637 1077 1800 1134 Tales
1837 1077 1983 1133 enim

401 1180 561 1227 erant
588 1171 683 1240 qui
711 1173 795 1227 eis
821 1171 1273 1227 dominabantur.

478 1261 642 1318 Vrsas.
678 1262 735 1318 5.
771 1264 1035 1329 Quoniam
1061 1273 1116 1317 tu
1139 1280 1192 1319 es
1225 1268 1547 1334 exspectatio
1575 1278 1718 1327 mea,
1745 1261 1982 1315 Domine.

406 1354 621 1411 Dictum
652 1362 740 1410 est
786 1354 840 1408 in
883 1354 1094 1425 psalmo
1148 1372 1376 1421 xxxvm,
1412 1356 1484 1409 ibi
1525 1374 1539 1407 :
1578 1352 1646 1408 Et
1678 1369 1836 1419 nunc,
1867 1368 1988 1422 qua:

403 1447 729 1519 exspectatio
755 1462 870 1501 mea
897 1449 922 1502 2’
956 1464 1125 1501 nonne
1155 1458 1235 1514 tu,
1272 1449 1410 1502 Deus
1440 1449 1465 1503 7
1497 1447 1628 1502 item
1682 1446 1739 1501 in
1773 1446 1988 1516 psalmo

409 1556 558 1608 χειν,
597 1541 671 1596 ibi
702 1559 715 1594 :
749 1540 820 1594 Et
853 1549 901 1594 te
923 1542 1221 1609 exspectavi
1247 1549 1357 1595 tota
1390 1542 1497 1597 die.

475 1633 736 1688 Dominus
783 1648 896 1699 spes
944 1649 1058 1687 mea
1086 1632 1412 1702 ajuventute
1459 1648 1597 1688 mea.
1657 1632 1773 1688 Hoc
1803 1648 1897 1703 per
1929 1646 1989 1687 se

406 1725 615 1779 clarum
643 1734 746 1781 est.

482 1814 647 1872 Vens.
677 1816 731 1871 θ.
776 1816 842 1871 In
876 1827 924 1872 te
956 1817 1206 1888 ﬁrmatus
1236 1834 1353 1873 sum
1395 1833 1462 1872 ea:
1501 1827 1675 1874 utero.
1713 1819 1902 1891 Neque
1932 1824 1986 1874 in

410 1917 464 1964 te
493 1915 704 1961 tantum
736 1909 955 1978 speravi
998 1923 1029 1961 a
1069 1911 1384 1980 juventute,
1443 1910 1538 1964 sed
1587 1925 1655 1964 ex
1698 1910 1819 1978 ipso
1876 1928 1994 1964 rna-

411 2009 570 2055 terno
599 2010 783 2067 utero,
817 2001 921 2056 hoc
964 2010 1072 2067 est,
1125 2017 1187 2055 ex
1240 2016 1307 2056 eo
1365 2010 1613 2072 tempore
1660 2018 1771 2072 quo
1832 2013 1994 2075 natus

411 2106 559 2159 sum,
591 2094 647 2148 in
673 2100 727 2149 te
754 2093 873 2150 solo
909 2093 1190 2149 stabilitus
1216 2108 1360 2158 sum,
1380 2092 1551 2149 veluti
1570 2109 1736 2164 super
1753 2096 1992 2165 quodam

415 2186 814 2242 sustentaculo
844 2201 909 2242 ac
939 2188 1243 2242 munimine
1274 2186 1407 2240 mihi
1436 2202 1467 2242 a
1499 2187 1825 2258 parentibus
1857 2191 1994 2246 meis

415 2280 638 2335 tradito.
677 2277 752 2333 Ex
784 2293 895 2349 quo
913 2279 1165 2349 judicare
1198 2278 1414 2336 videtur
1436 2282 1559 2351 pios
1593 2296 1654 2336 se
1679 2295 1743 2336 ac
1771 2282 1993 2353 religio-

412 2383 508 2425 sos
544 2379 801 2439 parentes
827 2370 1111 2427 habuisse.
1140 2370 1236 2426 Vel
1260 2371 1421 2426 aliter
1458 2390 1470 2425 :
1504 2371 1640 2428 Cum
1688 2384 1880 2430 octava
1906 2376 1995 2432 die

412 2459 703 2516 universos
794 2459 1036 2516 infantes
1092 2462 1571 2529 circuutcidcrent,
1610 2478 1676 2517 ex
1706 2466 1817 2532 ipso
1844 2467 1997 2536 quasi

413 2562 560 2604 utero
617 2565 713 2606 eos
765 2549 1000 2605 Domino
1058 2552 1341 2608 dicabant.
1403 2554 1538 2608 illud
1614 2564 1799 2611 autem
1850 2557 1996 2612 scire

414 2651 659 2710 oportet,
685 2642 831 2712 quod
862 2644 1025 2701 verba
1057 2645 1195 2711 haec,
1226 2661 1292 2700 ea:
1320 2654 1498 2711 utero,
1531 2646 1687 2712 item,
1717 2645 1782 2702 de
1820 2657 1997 2704 ventre

415 2737 606 2789 matris
635 2752 783 2799 mete.
831 2746 886 2791 cl.
934 2738 1041 2791 alia
1098 2739 1439 2808 hujusmodi,
1495 2754 1596 2810 per
1634 2740 1993 2810 hyperbolen,

419 2829 523 2882 hoc
568 2839 676 2895 est,
738 2844 835 2899 per
877 2844 1166 2885 excessum
1226 2830 1285 2885 in
1338 2832 1510 2885 veteri
1545 2832 1830 2902 Scriptura
1885 2834 1995 2890 dici

413 2919 631 2986 solent,
688 2920 1147 2992 intelligendiqne
1198 2936 1266 2977 ac
1321 2923 1600 2993 cogitandi
1655 2924 1873 2981 initium
1931 2943 1997 2984 ac

413 3024 630 3082 tempus
657 3012 995 3083 signiﬁcant,
1024 3013 1160 3069 illud
1187 3016 1449 3070 nimirum
1480 3025 1722 3086 tempus,
1759 3033 1869 3089 quo
1898 3033 1996 3074 co-

412 3106 588 3177 gitare
614 3107 745 3178 quis
766 3121 832 3163 ac
857 3120 1057 3179 sapere
1094 3106 1309 3179 incipit.
1354 3108 1549 3166 Simile
1591 3110 1724 3183 quid
1759 3112 1995 3182 legimus

2084 605 2311 673 ὀχυρὸν
2350 603 2455 656 τοῦ
2518 601 2720 655 σῶσαί
2755 617 2852 670 με.
2908 600 3057 653 Ἐκεῖ
3105 597 3162 649 δὲ
3202 597 3325 649 ἀντὶ
3386 591 3505 657 τοῦ,
3564 595 3672 658 Εις

2084 698 2274 750 τόπον
2297 695 2546 764 ὀχυρὸν,
2582 697 2670 759 εἰς
2709 689 2883 747 οἶκον
2907 689 3284 760 καταφυγῆς,
3318 688 3562 757 εἴρηται.

2162 792 2290 843 Ὀτι
2321 786 2628 857 στερέωμά
2647 803 2767 856 μου
2793 785 2887 839 καὶ
2926 782 3242 852 καταφυγή
3292 798 3412 848 μου
3457 773 3516 832 εἴ
3563 776 3669 831 σύ.

2101 881 2188 934 Ἑν
2218 879 2413 950 ἐκείνῳ
2444 879 2524 941 δὲ,
2558 876 2648 930 ὅτι
2676 874 3021 945 κραταιωμὰ
3046 891 3191 944 μου,
3226 870 3417 942 φησιν.

2172 977 2236 1030 Ὀ
2294 978 2439 1042 Θεός
2453 993 2596 1044 μου,
2623 973 2820 1042 ῥῦσαι
2840 990 2919 1043 με
2947 971 3016 1025 ἐκ
3064 970 3264 1039 χειρὸς
3292 965 3670 1053 ἁμαρτω-ευρ,

2086 1064 2155 1119 ἐκ
2174 1064 2372 1133 χειρός
2397 1060 2895 1133 παρανομοῦντος
2906 1059 3006 1115 καὶ
3026 1056 3407 1122 ἀδικοῦντος.
3425 1053 3675 1108 Τοιοῦτοι

2090 1158 2200 1227 γὰρ
2228 1152 2372 1226 ἦσαν
2397 1154 2448 1207 οἱ
2478 1154 2834 1223 κυριεύοντες
2865 1151 3073 1205 αὐτῶν.

2160 1251 2282 1304 Ὀτι
2309 1248 2392 1303 σὺ
2421 1246 2478 1303 εἴ
2500 1249 2538 1318 ἡ
2569 1244 2845 1316 ὑπομονή
2899 1262 3036 1314 μου,
3058 1242 3267 1311 Κύριε.
3316 1240 3547 1312 Εἴρηται
3616 1240 3676 1290 ἐν

2088 1345 2167 1415 τῷ
2191 1346 2273 1415 λη’
2327 1341 2565 1413 ψαλμῷο
2623 1338 2735 1395 Kal
2781 1339 2900 1394 νῦν
2947 1339 3042 1404 τίς
3088 1338 3129 1405 ἡ
3184 1333 3461 1402 ὑπομονή
3518 1344 3673 1399 μους

2088 1437 2226 1508 οὐχὶ
2250 1435 2508 1505 Κύριοςε
2535 1437 2644 1489 Καὶ
2676 1436 2733 1485 ἐν
2771 1432 2852 1502 τῷ
2886 1432 2962 1489 κδ’
2999 1429 3203 1502 ψαλμῷ
3225 1448 3239 1461 ·
3274 1426 3386 1481 Καὶ
3420 1427 3496 1481 σὲ
3523 1424 3672 1481 ὑπέ-

2086 1546 2267 1600 μεινα
2298 1527 2454 1596 ὅλην
2476 1527 2592 1595 τὴν
2617 1524 2868 1595 ἡμέραν.

2163 1621 2346 1689 Κύριε
2385 1623 2424 1689 ἠ
2468 1618 2648 1685 ἐλπίς
2694 1636 2815 1687 μου
2867 1618 2937 1671 ἐκ
2982 1615 3271 1684 νεότητός
3315 1630 3458 1684 μου.
3505 1609 3679 1664 Τοῦτο

2091 1719 2271 1790 δῆλον.

2178 1813 2315 1868 Ἐπὶ
2345 1813 2421 1868 σὲ
2467 1810 2919 1879 ἐπεστηρίχθην
2947 1805 3065 1861 ἀπὸ
3103 1802 3389 1872 γαστρός.
3424 1795 3536 1851 Καὶ
3574 1795 3678 1848 οὐκ

2098 1909 2163 1962 ὲκ
2202 1908 2461 1977 νεότητος
2514 1905 2677 1975 μόνον
2713 1903 2805 1955 ἐπὶ
2837 1897 2923 1952 σοὶ
2979 1898 3209 1969 ἧλπισα,
3273 1891 3408 1947 ἀλλὰ
3462 1889 3560 1943 καὶ
3616 1882 3680 1949 ἐξ

2098 2003 2270 2071 αὐτῆς
2308 2003 2406 2070 τῆς
2435 1995 2698 2071 μητρῴας
2744 1994 2982 2064 γαστρός
3007 2009 3022 2023 ο
3062 1991 3243 2044 εἵτουν
3302 1986 3467 2048 εὐθὺς
3532 1983 3675 2053 μετὰ

2096 2096 2160 2148 τὸ
2208 2092 2471 2163 τεχθῆναι
2527 2092 2621 2143 ἐπὶ
2671 2089 2731 2141 σὲ
2787 2083 3137 2157 ὲφηδράσθην
3182 2081 3258 2142 ὡς
3301 2077 3394 2130 ἐπὶ
3445 2075 3680 2146 ἔρεισμα

2101 2189 2252 2258 παρὰ
2280 2187 2389 2240 τῶν
2416 2184 2568 2255 ἐμῶν
2598 2184 2824 2252 γονέων.
2858 2177 3019 2250 Δηλοῖ
3046 2176 3104 2230 δὲ
3157 2170 3410 2230 ἐντεῦθεν
3449 2169 3546 2223 καὶ
3600 2166 3680 2228 ὼς

2098 2281 2347 2345 εὐσεϐεῖς
2369 2280 2497 2350 ἔσχε
2539 2278 2668 2340 τοὺς
2693 2273 3053 2345 γεννήτορας.
3080 2271 3190 2324 Καὶ
3219 2263 3396 2329 ἄλλως
3425 2264 3553 2334 γάρ’
3586 2260 3683 2313 Ἔν

2097 2377 2164 2446 τῇ
2204 2372 2368 2444 ὀγδόῃ
2399 2370 2585 2441 ἡμέρᾳ
2611 2366 3038 2440 περιτέμνοντες
3081 2363 3152 2415 τὰ
3186 2357 3365 2432 βρέφη
3424 2354 3502 2426 τῷ
3536 2352 3680 2446 Θεῷ,

2098 2445 2273 2521 ταῦτα
2306 2462 2697 2518 κατεπίστευον
2725 2476 2738 2495 ·
2769 2458 2877 2530 χρὴ
2911 2456 2969 2510 δὲ
3002 2453 3293 2524 γινώσκειν
3316 2452 3401 2505 ὅτι
3433 2449 3496 2501 τὸ
3539 2445 3684 2501 Ἀπὸ

2100 2558 2380 2631 γαστρὸς,
2418 2553 2516 2608 καὶ
2543 2555 2612 2607 ἐκ
2639 2552 2874 2615 κοιλίας
2899 2548 3151 2621 μητρὸς,
3179 2547 3274 2599 καὶ
3297 2544 3366 2597 τὰ
3428 2538 3682 2602 τοιαῦτα,

2100 2651 2226 2705 καθ’
2295 2646 2603 2720 ὑπερϐολὴν
2670 2646 2706 2716 ἡ
2761 2642 2970 2697 παλαιὰ
3025 2640 3307 2700 διάλεκτος
3378 2633 3685 2704 λαμϐάνειν

2101 2743 2332 2800 εἴωθεν
2390 2740 2733 2812 σημαίνοντα
2779 2738 2880 2808 τὴν
2950 2733 3128 2805 ἀρχὴν
3185 2732 3286 2801 τῆς
3330 2729 3676 2800 φρονήσεως.

2100 2838 2307 2905 ὲξότον
2358 2836 2581 2905 φρονεῖν
2638 2849 2722 2896 τις
2775 2829 3001 2901 ἤρξατο.
3063 2826 3204 2894 Φησὶ
3265 2824 3373 2893 γὰρ
3411 2821 3577 2874 ’1ώό”
3614 2820 3691 2875 El

2101 2927 2284 2984 δὲκαὶ
2313 2930 2431 2997 rer,
2450 2926 2666 2995 ψωμόν
2684 2941 2803 2993 μου
2833 2921 3063 2992 ἔφαγον
3085 2918 3297 2988 μόνος,
3326 2915 3424 2973 καὶ
3446 2909 3691 2983 ὀρφανῷ

2100 3025 2174 3078 οὐ
2192 3020 2522 3094 μετέδωκα,
2553 3020 2606 3071 el
2625 3018 2711 3087 μὴ
2747 3015 2814 3069 ἐκ
2848 3014 3082 3077 κοιλίας
3104 3012 3330 3083 μητρὸς
3355 3007 3686 3078 μετέδωκα,

2103 3117 2200 3171 καὶ
2237 3116 2304 3168 τὰ
2340 3112 2491 3183 ἑξῆς.
2528 3110 2817 3165 Ἀδύνατον
2833 3105 2943 3175 γὰρ
2964 3105 3024 3171 ἐξ
3051 3102 3223 3173 αὐτῆς
3243 3099 3553 3170 γεννήσεως
3583 3113 3693 3149 κα-

413 3201 560 3270 apud
619 3201 838 3256 beatum
897 3199 1000 3255 Job
1049 3217 1065 3256 :
1110 3199 1172 3256 Si
1227 3202 1542 3267 buccellam,
1574 3204 1777 3274 inquit,
1827 3221 1994 3260 meam

2104 3207 2337 3279 τορθοῦν
2361 3204 2608 3258 τοιαῦτα.
2639 3201 2808 3271 Δῆλον
2830 3194 2923 3253 οὖν
2951 3199 3033 3251 ὅτι
3058 3199 3118 3249 τὸ
3146 3193 3275 3265 ἑξῆς
3301 3193 3525 3262 φρονεῖν
3578 3189 3687 3258 ἠρ-

413 3293 619 3347 comedi
641 3294 808 3358 solus,
838 3301 889 3346 et
908 3294 1163 3360 orphanis
1187 3310 1292 3349 non
1321 3294 1507 3360 tribui,
1536 3295 1583 3349 si
1611 3311 1713 3349 non
1733 3311 1799 3350 ea:
1822 3304 1998 3351 ventre

413 3385 607 3439 matris
634 3401 761 3440 mete
807 3385 918 3439 dua:
966 3385 1077 3440 illis
1123 3387 1208 3456 [ui
1251 3387 1322 3455 ’°,
1370 3395 1484 3442 etc.
1530 3384 1882 3457 lmpossibile
1914 3398 2000 3447 est
2037 3400 2244 3455 autem,
2271 3388 2342 3444 ab
2375 3389 2492 3458 ipsa
2536 3384 2843 3448 nativitate,

2108 3295 2292 3365 ξάμην
2317 3295 2380 3347 τὸ
2409 3294 2597 3363 σχῆμα
2638 3291 2798 3343 τοῦτο
2835 3288 3010 3360 δηλοῖ.

2933 3380 3250 3451 huiusmodi
3322 3373 3527 3447 aliquid
3566 3372 3690 3428 ciii-

413 3491 561 3533 cere.
603 3475 795 3532 Restat
843 3477 1015 3547 igitur
1040 3487 1101 3533 ut
1154 3479 1245 3534 hic
1301 3480 1561 3551 loquendi
1621 3481 1819 3537 modus
1860 3481 1997 3537 illud
2038 3492 2257 3555 tempus
2288 3482 2585 3554 signiﬁcet,
2607 3496 2675 3534 ex
2708 3493 2819 3548 quo
2881 3476 3005 3547 quis
3039 3487 3237 3545 sapere
3296 3471 3507 3540 incipit.

486 3573 563 3627 De
594 3582 771 3628 uentre
827 3575 1018 3628 matris
1062 3591 1193 3631 mete
1228 3587 1287 3630 tu
1336 3593 1390 3631 es
1426 3586 1700 3646 protector
1748 3593 1915 3631 meus.
1943 3576 2002 3633 Si

416 3666 563 3719 enim
600 3666 784 3719 divina
832 3665 1006 3720 virtus
1044 3666 1235 3721 fretum
1290 3685 1397 3723 non
1431 3668 1798 3735 custodisset,
1833 3670 1879 3726 si
1912 3668 2001 3740 in-

417 3754 622 3809 fantem
658 3771 765 3809 non
799 3770 1096 3823 servasset,
1136 3761 1182 3812 si
1216 3775 1443 3827 puerum
1473 3775 1584 3814 non
1638 3758 1997 3829 protexisset,

420 3847 659 3917 perisset
693 3863 825 3903 sane
857 3851 1000 3903 inter
1040 3853 1223 3904 varios
1256 3866 1421 3907 casus
1450 3852 1635 3921 aliquo
1666 3851 1997 3908 infortunio.

2190 3581 2293 3634 Ἐκ
2327 3577 2560 3643 κοιλίας
2593 3574 2821 3646 μητρός
2843 3589 2963 3642 μου
2992 3570 3074 3624 σὺ
3104 3564 3165 3625 εἷ
3211 3564 3586 3632 σκεπαστής.
3623 3564 3688 3617 Εἰ

2104 3672 2216 3745 γὰρ
2247 3670 2383 3742 μὴή
2419 3668 2539 3722 θεία
2591 3666 2826 3733 δύναμις
2872 3660 3137 3734 ἐφρούρει
3165 3661 3227 3714 τὸ
3275 3658 3539 3731 ἔμϐρυον,
3590 3657 3692 3710 καὶ

2107 3765 2383 3835 ἐφύλαττε
2412 3763 2471 3815 τὸ
2491 3759 2714 3832 βρέφος,
2732 3758 2827 3812 καὶ
2850 3756 3055 3810 ἔσκεπε
3085 3754 3148 3807 τὸ
3173 3754 3391 3824 νήπιον,
3421 3748 3691 3820 διεφθάρη

2108 3859 2175 3913 ἂν
2227 3856 2455 3918 πολλαῖς
2486 3852 2807 3923 συμπίπτον
2835 3848 3216 3919 περιστάσεσι.
3265 3844 3456 3899 Ταῦτα
3515 3842 3572 3896 δὲ
3617 3843 3693 3895 τὰ

419 3942 484 3995 lii
528 3955 658 3996 vero
699 3949 811 3996 tres
842 3944 1120 4007 versiculi,
1187 3946 1380 4015 paucis
1435 3947 1687 4009 mutatis,
1724 3947 1994 4003 habentur

2104 3951 2234 4024 τρία
2266 3947 2405 4021 ῥητὰ
2439 3948 2532 4001 καὶ
2563 3946 2622 3999 ὲν
2648 3944 2729 4015 τῷ
2758 3950 2865 3997 ua."
2897 3940 3099 4012 ψαλμῴ
3134 3938 3381 3993 τέθεικεν
3406 3938 3435 3992 ὁ
3497 3933 3689 3998 Δαϐὶδ,

416 4037 581 4088 etiam
625 4036 679 4088 in
711 4035 923 4104 psalmo
963 4051 1048 4090 ut
1078 4055 1093 4102 ;
1137 4051 1328 4092 verum
1380 4038 1493 4093 illic
1523 4042 1710 4093 omnia
1740 4040 1808 4095 ad
1837 4040 2000 4096 Clu-i-

418 4136 563 4182 stum
600 4129 935 4183 referuntur.

2108 4045 2307 4117 μικρὸν
2336 4038 2713 4113 παραλλάξας.
2748 4037 2896 4108 Πλὴν
2942 4036 3127 4090 ἐκεῖνα
3167 4034 3246 4095 εἰς
3295 4030 3531 4105 Χριστὸν
3552 4029 3695 4099 ἀνή-

2105 4137 2337 4209 χθησαν.

491 4219 659 4275 Vrsas.
695 4221 748 4274 7.
783 4219 846 4272 In
869 4228 918 4274 te
943 4220 1186 4274 laudatio
1215 4238 1331 4276 mea
1358 4239 1581 4293 semper.
1609 4224 1669 4275 In
1697 4232 1771 4289 te,
1807 4225 1994 4293 inquit,

2191 4230 2296 4282 Ἐν
2321 4226 2423 4283 σοὶ
2453 4228 2490 4294 ἡ
2522 4224 2791 4291 ὕμνησίς
2814 4237 2934 4291 μου
2972 4219 3071 4273 διὰ
3134 4218 3384 4283 παντός.
3441 4216 3530 4269 Ἐν
3581 4216 3691 4281 σοὶ,

432 4312 665 4383 hymnos
701 4326 764 4364 ac
800 4312 991 4365 Iaudes
1020 4326 1170 4367 taleas
1196 4329 1418 4383 semper
1444 4315 1580 4371 fero.

2106 4321 2227 4374 ἀντὶ
2266 4319 2385 4385 τοῦ,
2417 4318 2497 4381 εἰς
2532 4315 2593 4369 σὲ
2622 4318 2808 4385 μόνον,
2839 4312 3002 4383 φησί·
3044 4310 3104 4362 σὲ
3137 4309 3345 4378 ὕμνουν
3368 4307 3475 4361 ἀεί.

490 4403 660 4467 Quasi
682 4404 980 4473 prodigium
1020 4403 1197 4471 factus
1232 4420 1350 4458 sum
1379 4407 1583 4469 multis,
1620 4419 1669 4464 et
1698 4417 1757 4462 tu
1787 4408 1994 4477 adjutor

2189 4412 2351 4467 Ὠσεὶ
2381 4409 2558 4477 τέρας
2600 4400 2900 4478 ἐγενήθην
2952 4403 3080 4469 τοῖς
3136 4401 3415 4466 πολλοῖς,
3471 4398 3691 4453 καὶσὺ

414 4494 601 4562 fortis.
650 4494 786 4562 Ego,
825 4493 1023 4562 inquit,
1091 4495 1423 4562 squallidus,
1476 4508 1645 4569 atque
1695 4498 1930 4554 amictus
1954 4506 1994 4554 cl

2100 4503 2333 4571 ,ϐοηθός
2359 4517 2479 4568 μου
2502 4498 2807 4567 κραταιός.
2835 4493 3131 4557 Συντακεὶς
3156 4491 3263 4546 ὑπὸ
3290 4491 3565 4562 νηστείας,
3593 4489 3692 4541 καὶ

415 4589 688 4644 deformis
742 4588 978 4645 effectus
1025 4605 1171 4652 sum,
1236 4606 1346 4660 ριεε
1389 4593 1601 4665 jejunio
1642 4609 1920 4664 saccoque
1945 4602 1994 4649 et

2107 4595 2483 4657 σακκοδυτῶς,
2522 4593 2619 4644 καὶ
2668 4580 2914 4657 εἰδεχθὴς
2970 4588 3035 4640 ὲκ
3094 4583 3273 4655 λύπης
3334 4583 3689 4652 φαινόμενος,

419 4682 704 4736 tristitia:
747 4692 909 4747 atque
973 4679 1098 4735 ideo
1154 4696 1183 4734 a
1248 4685 1433 4739 multis
1484 4687 1643 4757 quasi
1688 4694 1994 4741 monstrum

2104 4690 2238 4743 ὡσεὶ
2268 4687 2433 4759 τέρας
2496 4683 2767 4753 ἐγενήθην
2830 4681 2943 4743 τοῖς
2998 4676 3238 4739 πολλοῖς.
3305 4674 3452 4728 Ὠαεὶ
3522 4674 3692 4744 τέρας

413 4773 691 4842 quoddam
759 4774 1106 4828 existimatus
1173 4792 1338 4852 sum,_
1377 4779 1595 4833 tametsi
1649 4792 1841 4833 revera
1888 4795 1994 4835 non

2115 4783 2175 4837 δὲ
2213 4776 2359 4844 εἷπε,
2436 4779 2528 4832 διὰ
2593 4777 2655 4830 τὸ
2718 4774 2795 4845 μὴ
2841 4770 3056 4842 ἀληθῶς
3104 4764 3247 4823 εἷναι
3306 4768 3493 4838 τέρας,
3547 4762 3689 4818 ἀλλὰ

416 4866 492 4918 ita
518 4881 721 4929 essem,
748 4868 839 4920 sed
874 4866 955 4921 sic
985 4870 1225 4933 viderer,
1261 4872 1711 4940 imprudentibus
1740 4871 1994 4927 nimirum

2101 4864 2319 4929 δοκεῖν⁴
2348 4872 2442 4925 καὶ
2474 4869 2537 4921 οὐ
2562 4870 2677 4931 τοῖς
2704 4868 2998 4936 ἔμφροσιν,
3049 4861 3186 4916 ἀλλὰ
3245 4863 3356 4922 τοῖς
3401 4856 3687 4929 χυδαιοτέ-

416 4972 480 5012 ac
511 4958 693 5012 viliori
732 4959 1093 5018 multitudini.
1140 4962 1244 5015 Per
1276 4965 1487 5017 multos
1531 4963 1678 5016 enim
1712 4961 1994 5032 Scriptura

2109 4982 2226 5039 ροις
2256 4981 2271 4996 ⁸
2310 4962 2542 5024 πολλοὺς
2572 4963 2685 5032 γὰρ
2725 4961 2758 5029 ή
2796 4957 2991 5027 Γραφὴ
3021 4955 3151 5019 τοὺς
3215 4953 3468 5025 χείρονας
3509 4951 3683 5019 λέγει.

419 5052 561 5104 solet
612 5064 756 5119 saepe
798 5051 1095 5108 vilissimos
1125 5069 1377 5124 quosque
1430 5054 1757 5125 intelligere.
1798 5053 1994 5111 Paulus

2104 5058 2245 5130 Φησὶ
2274 5056 2332 5110 δὲ
2352 5054 2448 5108 καὶ
2466 5052 2722 5116 ὁΠαῦλος
2745 5068 2757 5081 ·
2793 5049 2993 5119 Ἡμεῖς
3027 5048 3125 5102 διὰ
3174 5045 3434 5114 Χριστὸν
3456 5042 3641 5113 μωροι
3667 5056 3687 5074 ’

415 5142 583 5196 etiam
607 5156 852 5197 consona
878 5141 1168 5214 Prophetas
1198 5146 1369 5199 nostri
1396 5145 1580 5201 verbis
1605 5145 1673 5201 de
1696 5148 1994 5201 multorum

2103 5150 2275 5220 ὑμεῖς
2305 5148 2374 5202 δὲ
2392 5149 2690 5217 φρόνιμοι.

415 5233 679 5302 opinione
711 5231 944 5304 loquens
969 5236 1190 5290 dicebat
1218 5253 1231 5289 :
1269 5234 1382 5290 Nos
1422 5237 1578 5290 stulti
1603 5250 1815 5307 propter
1842 5237 1998 5294 Clari-

415 5336 578 5393 stum,
617 5344 705 5381 vos
747 5338 921 5382 autem
960 5330 1241 5398 prudentes
1271 5331 1324 5384 in
1354 5329 1561 5385 Christo
1592 5334 1660 5386 ".

490 5416 654 5472 Vens.
696 5418 751 5473 8.
786 5417 1083 5488 Impleatur
1124 5434 1181 5473 os
1233 5435 1406 5473 meum
1458 5420 1637 5487 laude,
1679 5432 1735 5475 ut
1793 5432 1999 5475 cantem

416 5506 645 5577 gloriam
675 5521 843 5579 tuam,
864 5522 974 5565 tota
1008 5511 1094 5564 die
1124 5512 1539 5581 magnitudinem
1562 5523 1734 5568 tuam.
1767 5513 1999 5583 Implea-

421 5611 510 5652 tur
544 5603 870 5670 imperantis
896 5604 1123 5658 verbum
1156 5613 1263 5668 est,
1301 5604 1397 5659 sed
1425 5604 1665 5674 positum
1707 5623 1807 5677 pro
1835 5616 1993 5676 opta-

425 5692 559 5755 tivo,
593 5701 650 5746 ut
690 5693 954 5749 diximus.
988 5694 1314 5765 lmplcbitur
1363 5705 1570 5762 autem,
1622 5699 1670 5754 si
1706 5701 1994 5767 servitute,

2176 5414 2555 5483 Πληρωθήτω
2610 5413 2678 5464 τὸ
2713 5411 2909 5478 στόμα
2976 5420 3096 5477 μου
3153 5405 3466 5471 αἰνέσεως,
3523 5401 3692 5468 ὅπως

2106 5508 2365 5579 ὑμνήσω
2393 5506 2508 5575 τὴν
2558 5505 2750 5567 δόξαν
2803 5519 2946 5570 σου,
2972 5502 3129 5567 ὅλην
3152 5499 3267 5567 τὴν
3307 5499 3538 5567 ἡμέραν
3562 5494 3686 5561 τὴν

2104 5599 2630 5674 μεγαλοπρέπειαν
2668 5616 2807 5652 σου.
2851 5597 2925 5651 Τὸ
2965 5593 3362 5664 Πληρωθήτω,
3395 5593 3520 5647 ἀντὶ
3561 5586 3685 5655 τοῦ,

2113 5699 2455 5772 πληρωθείη,
2490 5695 2923 5766 ιιληρωθήσεται
2958 5690 3036 5755 δὲ,
3069 5690 3117 5743 εἰ
3144 5687 3243 5758 τῆς
3299 5683 3545 5745 δουλείας
3574 5682 3688 5733 ὰπ-

528 5868 577 5902 ⁹⁰
602 5867 706 5924 1ου
738 5886 890 5935 xxxi,
931 5872 1020 5925 i7.
1097 5874 1140 5905 οι
1192 5871 1211 5925 1
1252 5875 1380 5929 Cor.
1417 5887 1494 5931 tv.
1522 5872 1610 5927 10.
