4064 6438
290 344 393 412 715

284 468 427 517 mala
461 465 612 530 milii,
650 456 898 534 exposita
940 467 1160 521 fuerunt
1191 467 1245 521 in
1274 466 1493 522 Psalnto
1530 484 1740 522 xxxv".
1764 470 1856 525 ln-

290 557 476 611 venies
511 559 677 612 etiam
712 557 764 611 in
797 558 1008 626 psalmo
1059 573 1187 612 cun
1232 576 1244 612 :

283 651 494 703 niantes
531 664 613 703 me
648 648 975 719 confusione,
1006 660 1061 703 et
1084 653 1393 720 aperiantur
1445 652 1581 706 sicut
1636 652 1865 720 diploide

283 741 485 807 pudore
511 758 628 797 sua.

368 834 531 888 Vens.
560 834 644 888 14.
697 831 809 903 Ego
859 845 1037 888 autem
1080 853 1281 905 semper
1326 837 1546 907 sperabo
1595 838 1646 888 in
1694 847 1757 898 te,
1815 845 1865 889 et

282 924 541 992 adjiciam
586 941 745 990 super
800 942 1009 980 onmem
1059 927 1273 981 laudem
1316 938 1484 982 luam.
1540 928 1677 994 Quia
1716 929 1866 996 quod

285 1017 427 1071 votis
480 1019 879 1087 cxpetiveram,
942 1019 1173 1090 adeptus
1232 1035 1374 1075 sum.
1433 1019 1652 1075 Omnem
1683 1028 1864 1075 autem

282 1108 490 1163 laudem
515 1109 636 1164 ideo
654 1111 813 1177 dixit,
836 1111 963 1181 quia
989 1127 1099 1168 non
1122 1128 1379 1169 sermone
1400 1122 1611 1168 tantum
1636 1121 1731 1167 aut
1745 1127 1868 1168 vcr-

276 1201 385 1268 bis,
411 1205 507 1259 sed
536 1206 808 1274 operibus
839 1208 1007 1260 etiam
1041 1207 1297 1263 laudetur
1329 1208 1610 1263 Dominus.
1650 1211 1713 1263 Et
1746 1210 1868 1265 ideo

279 1294 538 1349 Saluator
581 1311 770 1351 noster
822 1298 1044 1354 «licebat
1084 1316 1098 1354 :
1138 1297 1204 1353 Ut
1258 1299 1467 1355 videant
1520 1300 1655 1355 bona
1706 1316 1866 1371 opera

276 1395 475 1449 vestra,
532 1401 580 1442 et
633 1391 932 1460 gloriﬁcent
995 1390 1212 1447 Patrem
1272 1402 1503 1447 uestrum
1557 1393 1737 1462 quiin
1768 1408 1870 1446 cte-

279 1477 342 1531 lis
379 1488 456 1533 est
481 1480 549 1536 θ’.

352 1568 514 1626 Vens.
553 1575 642 1629 15.
679 1576 750 1630 Os
783 1593 955 1630 meum
1007 1579 1349 1633 aununtiabit
1372 1580 1644 1648 justitiam
1693 1591 1864 1645 tuam,

277 1670 387 1714 tota
419 1660 503 1715 die
533 1663 760 1719 salutem
789 1674 956 1722 luant.
987 1665 1220 1732 Quando
1301 1668 1409 1721 νὶᾱι
1433 1667 1559 1723 licet
1595 1679 1647 1723 et
1688 1668 1868 1723 inimi-

275 1765 369 1805 cos
403 1751 889 1823 condemnavcris,
923 1766 976 1812 et
1007 1773 1108 1813 nos
1140 1759 1470 1814 salvaveris.

345 1930 508 1993 Vens.
546 1936 628 1989 l6.
666 1935 933 2002 Quoniam
953 1953 1054 1993 nou
1080 1940 1204 1993 novi
1235 1939 1595 2000 litteraturae,
1630 1940 1863 1995 introiba
1896 1926 1936 1981 Β

270 2028 335 2080 in
366 2036 643 2095 potentatu
673 2026 908 2084 Domini.
941 2028 1075 2084 Cum
1112 2029 1390 2099 pollicitus
1416 2031 1486 2085 sit
1513 2028 1783 2100 PrOpbcta
1806 2047 1867 2086 se

273 2119 727 2177 annuntiaturnm
758 2136 882 2177 esse
906 2121 1176 2191 justitiam
1209 2120 1404 2187 Dei,et
1435 2122 1670 2177 salutem
1694 2136 1860 2192 quam

271 2215 339 2261 ab
369 2225 435 2264 eo
464 2209 641 2265 fuerat
687 2222 1061 2277 consecutus,
1093 2223 1148 2269 et
1179 2215 1529 2285 postmodum
1571 2230 1631 2269 se
1664 2216 1729 2269 ad
1758 2216 1865 2269 hoc

269 2304 453 2355 minus
487 2300 746 2356 idoneum
785 2319 909 2360 eSSe
951 2305 1316 2374 perspexerit,
1357 2318 1665 2359 sermonem
1697 2318 1858 2359 suum

275 2400 562 2461 temperat,
625 2403 677 2446 et
737 2393 1076 2451 moderatius
1121 2397 1400 2465 'loquitur,
1454 2397 1669 2462 dicens,
1718 2412 1862 2450 nun-

267 2498 429 2551 quam
484 2482 749 2540 didicisse
806 2501 868 2540 se
932 2484 1279 2556 disciplinas,
1330 2495 1423 2541 aut
1481 2487 1771 2554 scientias,
1802 2498 1862 2543 ut

262 2575 535 2650 condigne
595 2578 770 2646 possit
832 2577 1049 2633 divinas
1103 2579 1337 2634 virtutes
1400 2580 1731 2635 annuntiare
1767 2591 1861 2636 :et

264 2669 413 2737 quod
460 2666 605 2734 ideo,
636 2677 695 2722 ut
726 2668 971 2738 pollicita
999 2685 1029 2725 a
1060 2686 1120 2727 se
1151 2671 1475 2743 adimpleat,
1507 2672 1852 2743 ingredietur

268 2761 324 2811 in
359 2756 547 2812 divina
600 2768 894 2828 potestate,
951 2777 1057 2833 qua
1123 2764 1307 2821 fretus
1364 2766 1684 2836 liujusmodi
1727 2783 1860 2838 pro-

262 2846 508 2905 vinciam
545 2853 806 2908 tentabit.
844 2852 1020 2911 Dictio
1050 2868 1230 2913 autem
1284 2862 1556 2930 quoniam,
1590 2862 1853 2923 abundat,

263 2943 347 2996 vel
381 2942 765 3000 conﬁrmantis
798 2946 1119 3002 adverbium
1196 2961 1281 3005 est
1331 2967 1428 3021 pro
1472 2968 1617 3007 vere.
1674 2953 1855 3022 Aliqui

273 3034 441 3088 etiam
498 3034 709 3115 dicunt,
738 3039 880 3105 quod
945 3038 1115 3095 dictio
1165 3044 1437 3112 quoniam,
1479 3045 1580 3098 hoc
1634 3045 1689 3098 in
1736 3045 1859 3100 loco

259 3127 531 3182 rationem
591 3129 794 3196 reddit,
852 3140 1019 3202 atque
1047 3133 1121 3187 ita
1156 3134 1525 3207 intelligentes
1582 3150 1847 3206 punctum

257 3229 472 3289 ponunt
524 3232 644 3293 post
671 3224 968 3281 dictionem
1027 3227 1366 3284 litteratura:
1388 3240 1443 3283 et
1489 3232 1855 3302 coniungunt,

1480 356 1871 418 EUTHYMII
1912 354 2273 415 ZIGABENI

1301 556 1611 613 lnduautur
1660 561 1851 613 calum-

1970 559 2048 623 λζ’
2076 559 2305 629 ψαλμῷ.
2334 561 2608 631 Εὐρήσεις
2645 562 2699 614 δὲ
2730 565 2821 614 καὶ
2846 565 2904 615 ὲν
2956 563 3034 634 τῷ
3060 562 3149 633 ρη’
3170 581 3184 594 ·

3456 352 3585 417 7H5”

1965 470 2022 521 δὲ
2075 471 2141 522 Oi
2167 468 2483 535 ᾤδτοῦντες
2542 486 2612 523 τα
2668 471 2823 525 ataui
2844 490 2967 540 μοι,
3005 473 3349 543 ἡρμήνευται
3377 476 3436 527 ἐν
3486 477 3567 547 τῷ

3263 564 3562 620 Ἐνδυσά“

1971 654 2225 704 σθωσαν
2279 654 2333 704 οἱ
2398 651 2911 719 ἑνδιαϐἁλλοντές
2974 669 3053 722 με
3086 652 3425 722 ἐντροπήνυ
3461 657 3563 709 καὶ

1968 745 2506 808 περιϐαλέσθωσαν
2541 744 2621 808 ὡς
2651 743 2933 797 διπλοΐδα
2977 746 3286 812 αἰσχύνην
3336 748 3558 800 αὐτων.

2037 837 2188 905 Ἐγὼ
2243 836 2312 889 δὲ
2376 837 2473 889 διὰ
2538 835 2767 901 παντὸς
2827 836 3017 890 ἐλπιῶ
3069 838 3164 891 ἐπ’
3208 840 3417 895 αὐτόν.
3450 837 3561 892 Kal

1968 926 2299 995 προσθήσω
2328 927 2424 980 ἐπὶ
2453 927 2663 982 πᾶσαν
2682 928 2796 995 τὴν
2819 928 3061 982 αἷνεσίν
3085 944 3224 982 σου.
3246 928 3359 997 Τῆς
3389 928 3555 997 εὐχῆς

1971 1037 2072 1089 μου
2132 1018 2337 1089 δηλαδὴ
2365 1019 2540 1090 πέρας
2564 1019 2976 1089 λαμϐανούσης.
3045 1017 3262 1074 Πᾶσαν
3294 1018 3353 1072 δὲ
3407 1013 3559 1070 εἶπεν

1967 1110 2051 1163 ὅτι
2082 1111 2145 1164 οὐ
2196 1111 2286 1164 διὰ
2309 1110 2486 1178 λόγων
2536 1112 2717 1181 μόνον,
2751 1111 2887 1165 ἀλλὰ
2914 1113 3009 1165 καὶ
3069 1112 3136 1164 δι’
3192 1110 3372 1181 ἔργων
3412 1110 3560 1163 ἐστὶν

1969 1205 2180 1265 αῐνεσις
2200 1218 2215 1232 ο
2254 1204 2392 1272 φησὶ
2412 1204 2523 1273 γὰρ
2562 1205 2589 1256 ὁ
2615 1204 2811 1274 Σωτήρ
2839 1217 2850 1231 ·
2893 1203 3095 1268 Ὅπως
3119 1201 3288 1254 ἴδωσι
3310 1200 3381 1254 τὰ
3416 1201 3559 1268 ἔργα

1967 1293 2158 1363 ὑμῶν,
2190 1294 2291 1347 καὶ
2315 1293 2605 1359 δοξάζωσι
2636 1293 2743 1348 τὸν
2786 1294 3017 1363 Πατέρα
3050 1293 3242 1362 ὑμῶν,
3308 1294 3417 1346 τὸν
3488 1292 3559 1343 ἐν

1969 1382 2099 1451 τοῖς
2157 1384 2460 1452 οὐρανοῖς.

2048 1561 2119 1614 Τὸ
2146 1561 2341 1630 στόμα
2358 1578 2477 1630 μου
2505 1560 2831 1631 ἀναγγελεῖ
2843 1561 2959 1630 τὴν
2984 1562 3385 1629 δικαιοσύνην
3415 1577 3556 1622 σου⁹

1973 1652 2133 1722 ὅλην
2191 1652 2309 1723 τὴν
2328 1654 2560 1724 ἡμέραν
2591 1654 2707 1722 τὴν
2733 1655 3038 1722 σωτηρίαν
3053 1669 3200 1723 μου.
3237 1655 3560 1723 Ἀναγγελεῖ

1970 1744 2120 1807 ὅπως
2142 1760 2200 1796 τε
2229 1744 2600 1808 κατεδίκασας
2619 1747 2746 1809 τοὺς
2764 1744 3086 1816 πολεμίους,
3118 1746 3210 1799 καὶ
3237 1745 3387 1807 ὅπως
3408 1746 3556 1817 ἡμᾶς

1974 1836 2209 1900 ἔσωσας.

2043 1928 2165 1981 Ὅτι
2194 1929 2307 1982 οὐκ
2336 1929 2531 1996 ἔγνων
2564 1929 3457 1999 τραμματείαςιεἰσελεύσομαι
3486 1930 3558 1983 ἐν

1969 2021 2299 2089 δυναστείᾳ
2357 2022 2609 2089 Κυρίου.
2656 2021 3064 2092 ’Υποσχόμενος
3112 2023 3435 2090 ἀναγγεῖλαι
3458 2021 3556 2093 τὴν

1967 2113 2063 2167 τοῦ
2094 2100 2231 2168 Θεοῦ
2282 2113 2658 2184 δικαιοσύνην,
2709 2116 2805 2168 καὶ
2827 2115 2928 2185 τὴν
2965 2116 3111 2185 παρ’
3156 2115 3324 2168 αὐτοῦ
3377 2131 3555 2184 σωτη-

1969 2207 2093 2277 ρίαν
2123 2248 2137 2272 ,
2181 2202 2306 2261 εἶτα
2337 2207 2518 2267 συνεὶς
2547 2207 2628 2259 ὅτι
2656 2208 2757 2260 οὒκ
2795 2205 2944 2258 ἔστιν
2980 2207 3554 2279 ἱκανὸς,-μετριοφρο-

1965 2302 2047 2350 νεῖ
2069 2299 2268 2365 λέγων’
2309 2297 2425 2350 Οὐκ
2480 2296 2689 2366 ἔμαθον
2750 2298 3070 2365 σοφιστείας
3127 2297 3409 2367 τεχνικὰς,
3466 2298 3603 2353 ἵνα.

1964 2390 2178 2461 δυνηθῶ
2200 2389 2369 2457 ἀξίως
2393 2390 2777 2458 ἁναγγέλλειν.
2816 2389 3010 2458 Ὅμως
3059 2389 3445 2460 εἰσελεύσομαι
3474 2391 3553 2453 εἰς

1963 2484 2066 2552 τὴν
2097 2483 2426 2553 ὑπόσχεσιν,
2463 2482 2521 2535 ἐν
2552 2485 2621 2551 τῇ
2650 2482 2744 2534 τοῦ
2778 2481 2916 2534 Θεοῦ
2947 2482 3204 2550 δυνάμει,
3239 2483 3336 2536 καὶ
3374 2482 3549 2553 ταύτῃ

1965 2573 2206 2646 θαρρῶν,
2234 2575 2594 2644 ἐπιχειρήσω.
2640 2575 2713 2626 Τὸ
2740 2574 2797 2626 δὲ
2824 2574 2913 2627 ὅτι
2945 2577 3222 2646 παρέλκειν
3276 2575 3550 2627 τέθειταιο

1917 2663 1921 2667 ’
1962 2666 1995 2737 ἢ
2040 2665 2427 2736 βεῧαιωτικὸν,
2459 2666 2583 2718 ἀντὶ
2614 2664 2710 2719 τοῦ
2751 2665 2943 2730 ὅντως.
2982 2667 3139 2731 Τινὲς
3202 2666 3259 2720 δὲ
3317 2666 3554 2721 αἰτιολο-

1962 2758 2117 2825 γικὶν
2142 2758 2266 2812 ἀντὶ
2289 2757 2384 2809 τοῦ
2434 2757 2570 2810 διότι
2597 2757 2758 2811 τοῦτο
2781 2757 3053 2824 νοοῦντες,
3083 2759 3224 2830 μετὰ
3260 2758 3322 2812 τὸ
3377 2777 3553 2830 κραμ-

1955 2850 2227 2918 ,ιιατειάς,
2257 2848 2635 2915 ὑποστίζουσι,
2656 2850 2750 2903 καὶ
2782 2851 3121 2904 συνάπτουσι
3148 2851 3210 2903 τὸ
3246 2852 3394 2920 ἑξῆς.
3425 2851 3554 2903 ’Λλ-

1961 2942 2042 2994 λοι
2066 2941 2121 2993 δὲ
2153 2942 2552 3011 πραμματείας
2584 2941 2812 3009 λέγουσι
2829 2942 2924 3005 τὰς
2978 2941 3393 3011 παραγγελλίας
3438 2943 3550 2996 τῶν

1959 3035 2368 3104 Γραμματὲων,
2399 3034 2449 3087 οἳ
2474 3036 2595 3105 τρὶς
2623 3034 2716 3087 τοῦ
2749 3036 2904 3099 ἔτους
2939 3034 3292 3107 παρήγγελον
3327 3035 3406 3106 τῷ
3436 3035 3550 3106 λαῷ

1958 3129 2223 3182 εἰσελθεῖν
2254 3130 2335 3192 εἰς
2374 3128 2736 3199 Ἰεροσόλυμα
2767 3130 2861 3182 καὶ
2910 3129 2991 3193 εἰς
3021 3132 3113 3184 τὸν
3166 3130 3295 3183 ναόν
3321 3145 3333 3159 ·
3379 3129 3548 3200 φησὶν

1960 3224 2086 3289 οὖν,
2116 3225 2200 3277 ὅτι
2226 3224 2342 3277 Οὐκ
2367 3223 2476 3277 ἀπὸ
2510 3223 2891 3290 παραγγελίας
2923 3222 3126 3290 αὐτῶν,
3153 3222 3270 3276 ἁλλ’
3299 3225 3364 3276 ἐκ
3388 3224 3549 3277 δυνά.-

253 3314 399 3382 quod
422 3317 689 3384 sequitur.
709 3317 812 3371 Alii
842 3334 968 3374 vero
1035 3336 1134 3389 pro
1168 3322 1524 3388 litteraturas,
1553 3339 1648 3379 seu
1668 3325 1851 3394 potius

1965 3338 2109 3392 μεως
2138 3318 2291 3381 Οείας
2318 3317 2728 3385 εἰσελεύσομαι.

256 3405 445 3478 [juxta
487 3409 649 3462 aliam
722 3408 925 3465 Graeca:
976 3411 1241 3469 dictionis
1316 3417 1709 3487 γραμματείας
1785 3411 2274 3487 signiﬁcationem]
2329 3428 2427 3485 per
2507 3413 2827 3467 Scribarum
2904 3412 3226 3483 scripturas,
3291 3413 3546 3467 mandata

252 3502 587 3572 intelligunt.
638 3502 846 3558 Scriba}
879 3505 1085 3560 etenim
1136 3515 1219 3562 ter
1257 3508 1311 3562 in
1368 3525 1514 3564 anno
1573 3512 1835 3581 populum
1870 3512 2140 3582 iubebant
2171 3510 2380 3579 ingredi
2418 3510 2475 3563 in
2505 3510 2795 3577 templum,
2836 3506 2982 3577 quod
3037 3518 3155 3563 erat
3208 3507 3265 3561 in
3321 3504 3547 3562 Jerusa‘

254 3593 381 3648 lem.
420 3594 553 3665 Ego,
588 3596 788 3664 inquit,
817 3598 1045 3666 posthac
1072 3614 1177 3654 non
1211 3602 1283 3657 ob
1319 3602 1841 3674 Scribarumjnssa,
1886 3605 1985 3661 sed
2019 3621 2084 3659 ex
2120 3605 2309 3659 divina
2347 3601 2588 3672 potentia
2625 3602 2758 3655 illuc
2789 3600 3092 3670 ingrediar.

325 3683 575 3751 Domine,
600 3688 934 3740 memorabor
949 3689 1185 3757 justitite
1218 3700 1322 3745 tua:
1347 3692 1838 3764 solius.Nunquatn

249 3775 570 3844 hujusmodi
644 3778 870 3847 iustitia:
927 3791 1033 3834 tuae
1095 3782 1428 3855 obliviscar,
1491 3787 1742 3856 quinimo
1784 3787 1839 3841 in

249 3876 436 3924 mente
468 3884 590 3924 eam
621 3886 839 3940 semper
891 3872 1159 3929 retinebo.
1210 3873 1391 3930 Solius
1455 3862 1639 3933 autem
1679 3879 1837 3945 dixit,

251 3975 316 4017 ac
345 3961 391 4016 si
446 3960 657 4017 diceret
687 3979 702 4016 :
738 3962 819 4018 Tu
853 3965 1007 4022 solus
1044 3976 1291 4021 nostram
1325 3967 1679 4025 inimicorum
1707 3985 1839 4024 cau-

258 4067 375 4108 sam
402 4052 705 4123 judicabis,
735 4065 790 4111 et
825 4057 1011 4112 nullus
1042 4056 1181 4113 alius
1216 4066 1419 4129 :atque
1448 4060 1571 4117 ideo
1600 4079 1709 4118 non
1740 4065 1837 4119 bu-

246 4160 421 4200 manae
445 4146 701 4216 justitite,
738 4148 833 4204 sed
871 4162 975 4205 tute
1002 4150 1179 4205 solius
1215 4152 1587 4208 recortlabor.

317 4237 480 4293 Vens.
514 4240 603 4293 17.
636 4238 773 4296 Deus
809 4258 978 4308 meus,
1009 4259 1127 4315 qua:
1153 4244 1385 4298 docuisti
1415 4263 1543 4300 mea
1560 4248 1839 4316 juveulute

243 4345 386 4394 mea,
417 4340 467 4383 et
503 4346 665 4402 usque
692 4349 852 4399 nunc,
879 4335 1211 4412 annuntiabo
1239 4337 1512 4390 mirabilia
1540 4348 1655 4393 tua.
1708 4341 1834 4396 meo

241 4436 367 4491 quae
405 4434 723 4503 sequuntur
750 4424 895 4479 dicta
920 4441 1045 4482 esse
1071 4427 1452 4498 intelliguntur
1506 4447 1573 4485 ex
1605 4447 1834 4500 persona

242 4515 392 4571 beati
447 4513 662 4583 David;
712 4523 768 4571 et
822 4519 1170 4574 constructio
1201 4518 1261 4574 lit
1289 4534 1388 4591 per
1428 4523 1773 4596 hyperbaton
1818 4542 1830 4579 :

2027 3697 2230 3763 Κύριε,
2257 3692 2693 3763 μνησθήσομαι
2722 3690 2833 3756 τῆς
2869 3689 3268 3756 δικαιοσύνης
3302 3707 3420 3745 σου
3430 3696 3543 3761 μύ-

1948 3807 2080 3844 νου.
2102 3790 2215 3842 Οὐκ
2250 3785 2595 3854 ἐπιλάθωμαί
2625 3800 2756 3837 ποτε
2780 3783 2877 3851 τῆς
2892 3781 3149 3853 τοιαύτης
3161 3800 3254 3836 σου
3272 3785 3542 3840 δικαοσύ-

1948 3894 2066 3953 νης·
2085 3879 2203 3934 ἀλλ’
2225 3879 2319 3932 ἐπὶ
2348 3880 2571 3949 μνήμης
2600 3876 2707 3941 ἔξω
2738 3874 2945 3957 ταύτην
2962 3874 3067 3928 ἀεί.
3086 3877 3290 3930 Μόνον
3308 3877 3365 3930 δὲ
3384 3875 3432 3931 εἶ
3443 3898 3539 3931 neu

1947 3972 2252 4045 ἐμφαίνων,
2314 3972 2399 4024 ὅτι
2465 3969 2539 4022 Σὺ
2584 3969 2747 4037 μόνος
2802 3967 3049 4029 δικάσεις
3098 3968 3234 4039 ἡμῖν
3289 3969 3537 4034 καὶτοῖς

1945 4064 2188 4136 ἐχθροῖς,
2221 4063 2317 4116 καὶ
2353 4061 2530 4124 οὐδεὶς
2563 4060 2774 4130 ἔτερος.
2806 4059 2898 4111 Διὸ
2932 4058 3030 4112 καὶ
3081 4060 3182 4113 οὐκ
3240 4060 3535 4133 ἀνθρώπου

1946 4155 2322 4227 δικαιοσύνης,
2347 4153 2482 4208 ἀλλὰ
2507 4154 2605 4222 τῆς
2642 4150 2737 4205 σοῦ
2769 4151 2934 4221 μόνου
2969 4150 3378 4221 μνησθήσομαι.

2028 4250 2094 4302 '0
2128 4248 2273 4311 Θεός
2299 4265 2445 4317 μου,
2476 4245 2515 4299 ἁ
2542 4241 2827 4308 ἐδίδαξας
2850 4260 2922 4310 με
2971 4243 3040 4296 ἐκ
3072 4244 3362 4311 νεότητός
3390 4260 3533 4312 μου,

1946 4343 2043 4397 καί
2081 4341 2261 4413 μέχρι
2283 4340 2390 4393 τοῦ
2422 4336 2568 4405 νῦν,
2596 4334 2916 4405 ἀπαγγελῶ
2939 4335 3012 4390 τὰ
3037 4332 3349 4404 θαυμάσιά
3393 4350 3537 4387 σου.

1957 4434 2090 4487 Ἀπὸ
2110 4434 2204 4487 τοῦ
2227 4432 2392 4485 Δαϐὶδ
2421 4430 2477 4483 δὲ
2508 4429 2577 4482 τὰ
2607 4429 2741 4498 ἑξῆς
2774 4427 3053 4481 νοοῦνται,
3089 4427 3250 4493 Καθ’¹
3287 4425 3531 4498 ὑπερϐα-

1942 4527 2033 4579 τὸν
2063 4525 2120 4578 δὲ
2152 4528 2185 4594 ἡ
2216 4522 2495 4588 σύνταξις.
2542 4522 2599 4574 Ὀ
2630 4520 2763 4583 Θεός
2806 4536 2933 4589 μου,
2963 4518 3266 4587 ἀπαγγελῶ
3299 4518 3371 4571 τὰ
3400 4519 3534 4572 Θαυ-
3596 4590 3605 4603 ³

244 4608 394 4663 Deus
425 4623 608 4675 meus,
638 4609 980 4664 annuntiabo
1008 4609 1282 4667 mirabilia
1322 4618 1572 4684 tua,:quae
1600 4615 1832 4670 docuisti

1959 4617 2128 4689 μάσιά
2162 4635 2280 4681 σου,
2325 4615 2362 4670 ἂ
2400 4613 2649 4679 ἐδίδαξας
2700 4630 2769 4683 με
2826 4615 2892 4666 ὲκ
2933 4612 3183 4682 νεότητός
3241 4629 3367 4683 μου,
3436 4611 3533 4665 καὶ

249 4715 340 4755 me
366 4715 394 4754 a
415 4696 706 4769 iuventute
725 4716 845 4759 mea
872 4710 927 4758 et
958 4718 1135 4774 usque
1159 4720 1329 4775 nunc.
1361 4704 1628 4761 Mirabilia
1651 4716 1835 4762 autem

241 4794 535 4863 appellavit
576 4794 763 4847 omnia
798 4793 1128 4850 admiranda
1161 4811 1356 4867 opera,
1393 4812 1519 4867 quae
1552 4798 1626 4851 ob
1653 4797 1803 4852 lsrae

245 4886 384 4940 litici
432 4885 615 4957 populi
680 4886 932 4955 salutem,
982 4885 1155 4943 Deum
1194 4888 1397 4946 fecisse
1454 4888 1713 4959 legimus,
1746 4890 1830 4945 vel

240 4979 409 5033 etiam
449 4992 794 5048 quaecunque
828 4983 1171 5050 temporibus
1197 4981 1315 5037 suis
1344 4981 1715 5051 contigerant.

321 5069 485 5127 Vens.
532 5069 620 5124 18.
656 5069 727 5124 Ει
764 5087 929 5141 usque
956 5076 1025 5124 att
1053 5082 1319 5127 senectam
1355 5081 1405 5126 et
1432 5072 1659 5138 senium,
1689 5071 1828 5127 Deus

1947 4711 2113 4779 μέχρι
2139 4706 2235 4761 τοῦ
2260 4706 2381 4761 νῦν.
2408 4705 2702 4774 Θαυμάσισ-
2731 4702 2787 4755 δὲ
2819 4702 2967 4770 λέγει
2998 4701 3067 4754 τὰ
3099 4703 3156 4754 ὲν
3184 4704 3296 4763 τοῖς
3323 4701 3529 4771 βίϐλοις

1935 4798 2442 4870 ἀναγεγραμμένα,
2474 4795 2576 4849 ὅσα
2601 4796 2629 4847 ὁ
2652 4794 2786 4857 Θεὸς
2816 4794 2909 4847 ἐπὶ
2959 4794 3207 4865 σωτηρίᾳ
3262 4792 3356 4846 τοῦ
3395 4793 3527 4847 λαοῦ

1934 4890 2332 4946 τῶνΊουδαίων
2388 4885 2950 4957 ἐτερατούργησεν,ἢ
3002 4885 3096 4938 καὶ
3155 4888 3255 4940 ὅσα
3301 4887 3360 4938 ὲν
3407 4886 3529 4948 ταῖς

1932 4985 2171 5057 ἡμέραις
2202 4981 2369 5036 αὐτοῦ
2402 4980 2686 5051 γεγόνασι.

2003 5076 2112 5131 Καὶ
2137 5075 2245 5141 ἕως
2273 5074 2466 5143 γήρως
2493 5070 2591 5126 καί
2616 5069 2966 5139 πρεσϐείου,
2997 5070 3030 5122 ὁ
3065 5068 3209 5134 680';-
3248 5086 3391 5137 μου,
3436 5066 3523 5137 μὴ

236 5180 402 5228 meus,
433 5180 497 5218 nc
519 5163 855 5233 derelinquas
890 5179 991 5232 me.
1021 5163 1123 5219 Per
1154 5164 1369 5219 senium
1404 5172 1710 5219 extremam
1736 5181 1829 5221 se-

1959 5169 2341 5239 q-xaz'allrcng
2367 5182 2467 5236 με.
2503 5163 2804 5235 Πρεσϐεῖον
2828 5160 2888 5212 τὸ
2912 5160 3145 5230 ἔσχατόν
3176 5160 3522 5251 ὲστιγῆρας,

238 5250 476 5311 ncctntis
522 5264 733 5327 portent
776 5255 1059 5326 intelligit,
1088 5253 1231 5310 unde
1262 5255 1439 5308 senior
1487 5257 1691 5326 populi.
1719 5254 1823 5323 Qui

1959 5257 2070 5335 Epit
2104 5264 2199 5316 καὶ
2232 5260 2611 5333 πρεσϐύτερος
2642 5256 2735 5310 τοῦ
2760 5255 2914 5310 λαοῦ.
2956 5255 3014 5308 '(l
3047 5254 3103 5308 δὲ
3131 5254 3297 5326 μέχρι
3327 5251 3519 5307 τούτου

236 5356 424 5403 autem
468 5366 501 5400 ς)
541 5346 650 5401 Deo
706 5346 956 5416 cousque
1012 5345 1181 5401 fuerit
1226 5355 1527 5416 protectus,
1585 5348 1821 5418 amplius

1959 5354 2256 5417 κεπασθεὶς
2323 5351 2446 5406 οὐδὲ
2501 5351 2581 5414 εις
2632 5349 2692 5402 τὸ
2748 5348 2875 5418 ἑξῆς
2926 5346 3520 5418 ἐγκαταλειφθήσεται.

233 5455 345 5495 non
399 5440 843 5510 derelinquetur.
902 5439 1002 5495 Vel
1067 5439 1487 5495 indeterminate
1546 5439 1818 5510 intelliges

235 5532 532 5586 dictionem
583 5549 773 5603 usque,
801 5534 1265 5603 quemadmodum
1300 5549 1444 5604 saepe
1476 5535 1622 5603 apud
1676 5532 1824 5587 Scri-

233 5634 457 5694 pturam
510 5627 806 5696 reperitur,
844 5637 898 5682 et
947 5626 1286 5699 coniunctim
1344 5644 1408 5692 ac
1479 5628 1582 5682 sub
1630 5626 1819 5683 eodem

234 5731 400 5773 sensu
467 5717 848 5787 intelligantur
883 5722 1044 5775 verba
1087 5738 1207 5792 qua:
1239 5731 1570 5793 sequuntur.

303 5802 570 5883 «mu...
615 5846 671 5897 ν,
716 5830 811 5886 ιθ.

814 6010 841 6019 ..-

1924 5450 1995 5503 Ἦ
2022 5446 2341 5511 καὶᾶλλως,
2379 5443 2633 5515 ἀόριστον
2693 5441 2755 5495 τὸ
2799 5440 2932 5505 ἕως,
2973 5439 3116 5493 κατὰ
3163 5439 3368 5512 ἰδίωμα
3418 5439 3517 5509 τῆς

1931 5538 2177 5609 Γραφῆς,
2206 5537 2283 5601 ὡς
2325 5533 2718 5604 συννοουμένου
2750 5531 2844 5587 καὶ
2874 5530 2969 5585 τοῦ
2989 5530 3149 5617 ,ἐξῆςο
