4064 6444
352 322 461 389 719

1584 311 1971 374 EUTHYMII
2000 308 2365 370 ZlGABENI

3504 316 3615 380 τεο

422 441 493 494 Et
522 453 806 495 conversus
837 432 1141 489 consolatus
1166 444 1221 485 es
1262 445 1367 493 me,
1400 437 1450 482 et
1488 442 1554 481 ea:
1582 427 1793 498 abyssis
1824 439 1931 480 ter-

2114 425 2224 479 Kal
2255 425 2635 496 ἐπιστρέψας
2652 464 2669 493 ,
2695 427 3120 497 παρεκάλεσάς
3148 446 3246 500 με,
3275 429 3372 485 καὶ
3402 432 3471 486 ἐκ
3500 426 3624 488 των

359 548 436 587 ra:
465 533 660 587 iterum
709 526 971 585 reduxisti
1004 541 1105 580 me.
1155 523 1331 579 Verba
1364 523 1478 576 haec
1527 523 1630 576 soli
1691 522 1931 577 ﬁdelium

357 626 562 696 populo
597 632 745 679 recte
773 618 1279 682 accommodantur,
1305 631 1467 686 quem
1502 615 1555 669 in
1617 615 1940 684 ignorantiae

355 725 519 788 atque
552 717 606 770 iu
653 714 925 770 idolorum
972 709 1215 765 tenebris
1260 709 1389 761 olim
1436 714 1710 762 errantem
1773 706 1937 759 Cini-

353 818 476 864 sws
502 805 795 869 convertit,
826 810 881 859 et
910 803 1200 858 advocavit
1228 801 1283 854 in
1313 800 1566 863 salutem,
1603 805 1658 852 et
1686 798 1940 851 consula-

355 912 444 954 tus
469 907 555 953 est
581 912 706 953 eum
737 896 967 952 dicens:
1016 893 1198 949 Venite
1225 894 1293 947 ad
1326 908 1406 947 me
1460 906 1638 946 omnes
1666 890 1754 961 qui
1792 888 1941 943 labo-

355 992 512 1055 ratis,
540 1000 588 1044 et
616 988 825 1044 onerati
853 990 999 1053 estis,
1024 997 1072 1041 et
1105 1001 1196 1054 ego
1230 985 1492 1055 quiescere
1521 1000 1607 1037 vos
1643 982 1843 1050 faciam
1867 982 1937 1037 “.

355 1079 527 1147 Quem
559 1083 724 1135 etiam
747 1080 905 1150 juxta
941 1079 1124 1134 carnis
1151 1090 1403 1132 naturam
1435 1083 1710 1130 mortuum
1748 1074 1942 1129 eduxit

358 1173 683 1228 Dominuse
712 1170 1016 1243 sepultura.
1044 1170 1179 1226 Nam
1217 1170 1345 1222 dum
1371 1184 1571 1238 corpus
1600 1182 1759 1223 suum
1782 1164 1943 1221 Chri-

357 1273 481 1320 stus
515 1273 793 1320 mortuum
830 1263 1159 1328 viviﬁcavit,
1211 1269 1266 1316 et
1298 1275 1584 1331 resurgere
1639 1257 1821 1314 fecite
1857 1272 1944 1314 se-

352 1357 601 1427 pultura,
636 1366 798 1426 atque
838 1356 1248 1411 immortalitate
1279 1353 1943 1423 donavit,consequenter

348 1450 522 1505 etiam
557 1448 840 1517 omnibus,
894 1449 989 1521 qui
1038 1447 1225 1504 divina
1259 1448 1433 1518 gratia
1465 1446 1617 1517 digni
1657 1455 1811 1510 sunt,
1842 1446 1944 1500 hu-

354 1542 591 1608 fusniodi
641 1542 1105 1599 resurrectionem
1150 1540 1333 1596 cﬂecit
1373 1556 1498 1597 esse
1542 1554 1939 1620 communem;

353 1634 503 1705 quod
546 1651 611 1689 ex
668 1634 960 1690 verborum
1007 1635 1170 1689 etiam
1221 1633 1553 1704 repetitione
1582 1633 1941 1704 perspicuum

352 1740 477 1780 esse
512 1731 716 1795 potest.
750 1724 941 1794 Neque
974 1724 1122 1778 enim
1170 1723 1288 1778 haec
1318 1722 1481 1778 verba
1518 1721 1800 1794 superﬂue
1854 1735 1943 1776 re-

2039 518 2333 572 ἀϐύσσων
2366 518 2476 587 τῆς
2499 518 2612 589 γῆς
2650 521 2839 575 πάλιν
2866 520 3171 592 ἀνήγαγες
3196 540 3295 592 με.
3333 523 3520 579 Ταῦτα
3544 524 3627 596 τῷ

2046 612 2156 683 λαῷ
2173 613 2284 665 τῶν
2300 613 2648 682 Χριστιανῶν
2676 612 2982 684 ἁρμόζουσι
3013 613 3185 684 μόνῳ,
3203 613 3262 668 ὃν
3286 615 3624 685 ἐπιστρέψας

2041 705 2401 775 πλανώμενον
2449 706 2506 758 ὲν
2536 705 2732 776 ἀγνοίᾳ
2783 706 2877 759 καὶ
2911 705 3333 777 εἰδωλολατρείᾳ
3372 709 3628 777 παρεκά-

2038 796 2197 850 λεσεν
2244 798 2324 861 εἰς
2376 796 2691 867 σωτηρίανο
2728 797 2810 851 ἔτι
2843 796 3029 850 δὲκαὶ
3073 798 3489 870 παρηγόρησεν,
3548 801 3628 852 εἱ-

2042 889 2194 943 πών·
2244 889 2427 943 Δεῦτε
2455 889 2603 957 πρός
2632 907 2730 958 με,
2785 889 3009 956 πάντες
3064 894 3119 944 οἱ
3173 890 3499 958 κοπιῶντες
3525 892 3626 945 καὶ

2042 979 2534 1049 πεφορτισμένοι,
2567 978 2732 1047 κάγὼ
2758 979 3096 1035 ἀναπαύσω
3124 981 3279 1051 ὑμᾶς
3301 999 3315 1012 °
3374 983 3465 1036 καὶ
3490 983 3628 1037 ἀπο-

2045 1068 2277 1124 θανόντα
2311 1072 2453 1124 κατὰ
2483 1071 2646 1141 φύσιν
2669 1072 2765 1142 τῆς
2793 1074 2996 1143 σαρκὸς
3032 1075 3201 1129 πάλιν
3256 1077 3530 1146 ἀνήγαγεν
3560 1078 3626 1130 ἐκ

2044 1161 2154 1215 τῶν
2185 1162 2374 1233 τάφων
2396 1180 2409 1193 ο
2436 1163 2667 1229 ζωὼσας
2692 1165 2801 1238 γὰρ
2825 1166 2887 1219 τὸ
2918 1166 3192 1240 νεκρωοὲν
3230 1168 3396 1222 αὐτοῦ
3439 1168 3624 1239 σῶμα,

2043 1257 2140 1308 καὶ
2167 1256 2502 1327 ἀναστήσας,
2540 1259 2633 1311 καὶ
2667 1258 3108 1323 ἀπαθανατίσας,
3164 1261 3267 1331 ήδη
3315 1262 3454 1315 πᾶσι
3509 1264 3626 1325 τοῖς

2045 1344 2217 1413 ἀξίοις
2276 1346 2444 1401 αὑτοῦ
2507 1348 2609 1421 τὴν
2638 1350 2899 1421 τοιαύτην
2943 1351 3244 1405 ἀνάστασιν
3287 1353 3624 1424 ἐχαρίσατοο

2044 1441 2142 1494 καὶ
2170 1440 2330 1493 τοῦτο
2373 1439 2536 1511 δῆλον
2567 1442 2673 1496 ἀπὸ
2706 1442 2809 1512 τῆς
2845 1443 3115 1513 δοκούσης
3149 1443 3530 1513 παλιλλογὶας,
3557 1444 3623 1497 ού

2047 1531 2343 1604 περιττῶς,
2370 1531 2508 1587 ἀλλά
2539 1532 2630 1588 διὰ
2655 1533 2817 1588 τοῦτο
2850 1535 3135 1607 κειμένης.
3173 1536 3385 1602 Ἀλλως
3419 1555 3480 1591 τε
3530 1539 3625 1591 καὶ

2043 1624 2105 1679 τδ
2165 1625 2349 1695 πάλιν,
2409 1627 2700 1701 ἐπίρρημα
2762 1630 3163 1701 προσκείμενον
3209 1631 3466 1699 ἐνταῦθα,
3524 1632 3625 1703 τὴν

2045 1719 2411 1793 παραλλαγὴν
2436 1722 2669 1792 ἐνέφηνε
2701 1721 2796 1775 τοῦ
2826 1725 3119 1793 νοήματος.

348 1819 515 1890 petita
546 1819 720 1875 videri
752 1819 991 1886 debent,
1032 1817 1128 1874 sed
1173 1817 1313 1873 illud
1342 1819 1625 1884 denotare,
1660 1815 1808 1888 quod
1839 1814 2105 1883 diximus,
2140 1815 2448 1888 pmsertim
2478 1831 2605 1872 cum
2670 1817 2861 1882 dictio,
2915 1821 3125 1884 iterum,
3196 1817 3298 1874 huc
3369 1820 3423 1873 in
3500 1820 3622 1874 loco

348 1911 791 1969 immutationem
831 1927 1034 1969 sensus
1075 1911 1370 1982 signiticet.

418 2052 636 2109 Etenim
685 2067 780 2123 ego
820 2050 1107 2120 conﬁtebor
1154 2049 1253 2103 tibi
1299 2051 1355 2102 in
1398 2049 1632 2119 populis,
1683 2044 1930 2103 Domine.

2111 2039 2220 2095 Kal
2252 2038 2365 2110 γὰρ
2404 2036 2520 2107 ἐγὼ
2551 2035 3081 2108 ἐξομολογηῇσομαι
3134 2054 3235 2094 σοι
3297 2039 3369 2094 ἐν
3421 2041 3620 2107 λαοῖς.

351 2146 643 2218 Superbus
666 2153 771 2212 est,
806 2145 911 2199 hoc
956 2144 1187 2208 inloco,
1232 2141 1402 2197 dictio
1457 2142 1617 2208 enim,
1665 2137 1933 2211 quemad-

2043 2133 2234 2201 Κύριε.
2282 2129 2545 2201 Περιττδς
2572 2126 2665 2185 οῦν
2700 2130 2729 2183 6
2773 2129 2885 2199 γὰρ
2928 2130 3260 2201 σύνδεσμος,
3315 2133 3392 2196 ὠς
3423 2134 3519 2187 καὶ
3558 2137 3621 2187 ἐν

347 2235 570 2292 modum
599 2236 766 2290 etiam
800 2235 926 2290 aliis
973 2234 1028 2288 in
1075 2233 1211 2288 locis
1243 2230 1592 2288 tradidimus.
1629 2231 1720 2286 Ait
1754 2233 1929 2303 igitur

2043 2224 2220 2287 Ξλλοις
2279 2221 2780 2294 παραδεδώκαμεν.
2834 2222 3007 2292 Φησὶν
3061 2219 3155 2276 οὖν
3209 2224 3237 2277 6
3291 2225 3479 2287 Δαὸὶδ,
3536 2225 3623 2279 δτι

345 2332 544 2385 beatus
574 2326 772 2389 David,
805 2324 951 2396 quod
998 2324 1263 2394 deinceps
1295 2332 1524 2381 acturus
1575 2333 1658 2379 est
1718 2326 1928 2395 gratias

2043 2317 2241 2371 Λοιπὸν
2263 2314 2377 2387 ἐγὼ
2409 2316 2793 2390 εὐχαριστήσω
2822 2318 2879 2371 ἐν
2902 2316 3054 2380 λαοῖς
3076 2355 3093 2381 ,
3151 2317 3248 2371 καὶ
3279 2319 3380 2371 οὐκ
3406 2320 3465 2372 ὲν
3493 2319 3611 2389 λαῷ

346 2418 476 2485 Deo,
514 2421 567 2473 in
599 2418 836 2491 populis,
872 2433 983 2472 non
1034 2417 1087 2473 iu
1117 2432 1227 2472 uno
1256 2427 1470 2471 tantum
1496 2417 1718 2487 populo,
1752 2431 1931 2487 neque

2043 2412 2237 2481 μόνον·
2270 2410 2333 2464 οὐ
2379 2412 2489 2481 γάρ
2518 2400 2579 2465 ἔν
2622 2408 2902 2474 Ἰουδαίοις
2935 2410 3120 2481 μόνον,
3173 2410 3292 2463 ἀλλ’
3339 2414 3397 2466 ἐν
3450 2414 3623 2466 πᾶσιν

344 2516 402 2567 in
446 2513 580 2568 solis
628 2508 860 2574 ludatis,
917 2510 1012 2566 sed
1065 2510 1121 2564 in
1157 2509 1417 2564 erunibus
1448 2508 1725 2579 gentibus,
1782 2510 1929 2581 quod

2043 2504 2240 2561 ἔθνεσι.
2268 2503 2442 2558 Τοῦτο
2467 2502 2525 2557 δὲ
2561 2501 2898 2573 σαφέστερον
2924 2501 3149 2573 εἴρηκεν
3183 2501 3323 2574 πρὸς
3361 2502 3439 2574 τῷ
3471 2501 3622 2557 τέλει

345 2602 507 2660 etiam
541 2602 891 2658 maniiesrius
919 2602 1054 2656 dicit
1081 2602 1229 2655 circa
1260 2602 1423 2659 tinem
1455 2599 1650 2670 psalmi
1683 2615 1819 2655 xvu.

2043 2597 2127 2652 τοῦ
2151 2597 2216 2662 ιζ’
2245 2596 2489 2669 ψαλμοῦ.

417 2801 584 2860 Vsus.
627 2803 716 2859 '29..
763 2802 827 2857 In
859 2803 1001 2858 vasis
1034 2803 1231 2873 psalmi
1263 2803 1531 2857 ueritatem
1560 2811 1730 2867 tuam,
1767 2804 1925 2858 Deus.

2112 2802 2220 2856 Ἐν
2275 2800 2529 2855 σκεύεσι
2574 2798 2823 2869 ψαλμοῦ
2856 2797 2973 2867 τῆν
3026 2797 3326 2867 ἀλήθειάν
3393 2815 3531 2862 σου,
3584 2802 3621 2853 d

347 2899 449 2953 t‘er
473 2911 602 2951 vasa
628 2896 849 2965 psalmi,
878 2896 1027 2950 varia
1059 2894 1396 2951 musicorum
1432 2895 1924 2950 instrumentorum

2043 2893 2200 2958 Θεός.
2223 2891 2404 2962 Σκεύη
2424 2890 2753 2962 ψαλμοῦ,τά
2781 2891 3018 2959 διάφορα
3049 2890 3166 2961 είδη
3194 2890 3302 2943 τῶν
3331 2894 3617 2961 μουσικῶν

344 3001 547 3057 genera
582 2984 859 3055 intelligit.
879 2982 1045 3040 Juxta
1064 2998 1347 3055 anagogen
1371 2999 1523 3051 vero,
1549 2999 1686 3040 vasa
1701 2985 1924 3055 psalmi,

2043 2983 2303 3054 ΰργάνων.
2349 2983 2744 3052 Ἀναγωγικῶς
2772 2982 2829 3036 δὲ
2856 2982 2908 3035 οἱ
2944 2984 3163 3047 πιστοὶ,
3196 2976 3272 3036 ὧν
3302 2984 3402 3046 τὰς
3434 2983 3621 3055 ψυχὰς

346 3078 536 3133 tideles
563 3092 758 3132 omnes
808 3086 977 3132 sunt:
1029 3091 1269 3147 quorum
1321 3078 1533 3132 animas
1566 3077 1621 3131 in
1652 3092 1923 3133 summam

2043 3077 2445 3150 ἁρμοσάμενος,
2500 3076 2596 3130 καὶ
2627 3075 2896 3146 συνδήσας
2957 3077 2985 3129 6
3048 3074 3234 3141 Aa6‘t6,
3282 3074 3476 3145 ψάλλει
3523 3077 3622 3133 διὰ

347 3169 689 3225 Harmoniam
747 3184 813 3225 ac
875 3169 1296 3225 consonantiam
1356 3169 1701 3225 coneiunans
1759 3179 1816 3225 et
1870 3171 1925 3225 in

2043 3169 2235 3232 παντὸς
2261 3168 2341 3239 τῷ
2369 3166 2511 3239 Θεῷ.
2559 3168 2694 3221 Ἀπὸ
2720 3167 2904 3221 κοινοῦ
2927 3166 2984 3221 δὲ
3010 3167 3072 3221 τδ
3102 3167 3578 3240 ἑξομολογήσομαι
3603 3188 3619 3202 ·

352 3278 515 3318 mum
549 3261 819 3332 colligens
852 3261 1048 3316 beatus
1077 3259 1248 3315 David
1275 3271 1567 3332 perpetuas
1600 3261 1707 3317 Deo
1736 3260 1926 3318 laudes

2043 3260 2129 3315 καὶ
2147 3255 2220 3332 ἦν
2253 3260 2355 3330 μὲν
2381 3259 2678 3314 ἀκόλουθον
2705 3259 2850 3313 κατὰ
2877 3258 3097 3326 δοτικὴν
3120 3259 3328 3313 πτῶσιν
3385 3261 3618 3329 ποιῆσαι

343 3355 544 3426 psallit.
592 3352 638 3408 Α
685 3354 965 3408 communi
1018 3360 1202 3409 autem
1257 3367 1425 3409 sensu
1471 3353 1800 3408 sumendum
1841 3360 1927 3409 est

2043 3353 2314 3409 κάνταῦθα
2337 3352 2435 3426 τὴν
2460 3352 2735 3418 σύνταξιν.
2775 3353 2835 3406 '0
2860 3352 2919 3406 δὲ
2957 3352 3268 3422 ἀδιαφόρως
3295 3353 3618 3423 αἰτιατικὴν

342 3446 573 3500 verbum
608 3443 930 3512 Conﬁtebor.
966 3444 1032 3498 Et
1066 3459 1418 3516 consequens
1467 3445 1689 3516 quidem
1721 3445 1922 3512 fuerat,

2043 3448 2343 3518 ἐπήγαγεν.
2398 3443 2862 3516 Εὑχαριστήσω,
2889 3444 3046 3514 φησι,
3073 3442 3150 3512 τῇ
3182 3444 3435 3512 ἀληθείᾳ
3464 3460 3583 3497 σου
3604 3460 3621 3475 ι

346 3548 405 3589 ut
442 3537 666 3591 u-rtium
704 3550 892 3590 casum
918 3534 1191 3607 Propheta
1222 3536 1475 3594 redderet
1503 3536 1927 3605 constructioni,

2043 3540 2120 3594 ὅτι
2149 3537 2369 3609 ἀληθὴς
2403 3530 2453 3590 εἴ
2483 3535 2641 3601 Θεὸς,
2670 3535 2733 3589 οὐ
2763 3537 2925 3608 μόνον
2960 3535 3084 3591 κατ’
3108 3535 3323 3605 οὐσίαν,
3356 3536 3491 3591 ἀλλὰ
3522 3541 3621 3590 καὶ

349 3628 439 3683 ubi
470 3637 726 3697 quartum
775 3627 1051 3697 apposuit.
1092 3626 1270 3684 Dictio
1323 3628 1618 3700 siquidem,
1679 3627 1927 3697 Conﬁte-

2043 3630 2160 3683 κατ’
2192 3627 2552 3697 ἐπαγγελίαν.

340 3715 457 3783 bor,
491 3719 633 3773 idem
669 3719 964 3789 signiﬁcat,
995 3720 1141 3792 quod
1169 3721 1388 3779 Gratias
1432 3738 1612 3796 agam.
1660 3724 1903 3790 Gratias,
1941 3723 2140 3795 inquit.
2173 3739 2332 3796 agam
2362 3722 2585 3779 veritati
2618 3731 2746 3786 tuae,
2792 3721 3051 3792 quoniam
3119 3735 3173 3778 tu
3238 3738 3401 3777 verax
3473 3722 3545 3778 De
3587 3738 3601 3756 ί

337 3829 422 3880 es,
476 3829 582 3868 non
616 3822 829 3871 tantum
876 3817 1005 3886 quia
1056 3833 1246 3875 verum
1306 3826 1361 3874 te
1404 3834 1529 3877 esse
1586 3836 1903 3878 asseramus
1941 3819 2134 3886 Deum,
2168 3824 2262 3879 sed
2293 3822 2483 3888 etiam,
2519 3821 2647 3891 quia
2677 3820 2860 3875 omnia
2896 3833 2926 3874 a
2982 3827 3033 3873 Ie
3069 3819 3334 3890 promissa
3398 3836 3537 3875 sum:
3580 3852 3590 3861 -

337 3922 462 3961 cum
497 3906 603 3961 title
634 3907 928 3978 adimples.

411 4023 657 4078 Psallam
692 4024 786 4078 tibi
808 4026 862 4079 in
888 4026 1124 4093 cithara,
1156 4036 1374 4084 sanctus
1396 4026 1593 4085 Israel.
1620 4030 1744 4086 Haec
1761 4032 1923 4087 verba

2102 4026 2286 4084 Ψαλῶ
2319 4040 2421 4080 σοι
2464 4024 2533 4079 ἐν
2578 4023 2813 4092 κιθάρᾳ,
2860 4025 2893 4077 ό
2925 4023 3134 4093 ’Ἄγιος
3185 4023 3293 4078 τοῦ
3332 4023 3611 4093 Ἰσραήλ.

338 4118 408 4171 ad
440 4118 871 4173 declarationem
897 4117 1046 4173 dicta
1076 4127 1207 4174 sunt
1236 4121 1601 4190 praecedentis
1631 4122 1916 4188 versiculi,

2043 4120 2194 4174 Γοῦτο
2220 4117 2557 4191 ὲπεξήγησίς
2607 4119 2724 4171 ἐστι
2778 4115 2872 4170 τοῦ
2918 4115 3477 4185 Ἐξομολογήσομαι
3511 4133 3620 4169 σοι

339 4208 430 4262 ubi
458 4209 534 4261 ait
561 4225 574 4262 :
618 4206 927 4280 Conﬁtebor
953 4210 1046 4264 tibi
1076 4210 1131 4264 in
1163 4213 1304 4267 vasis
1335 4213 1549 4279 psalmi.
1584 4212 1680 4270 Est
1714 4215 1917 4270 etenim

2043 4215 2091 4266 ἓν
2126 4211 2382 4265 σκεύεσι
2414 4208 2689 4279 ψαλμοῦ.
2736 4206 2937 4270 Σκεῦος
2993 4207 3104 4277 γὰρ
3157 4206 3334 4261 είτουν
3379 4206 3618 4278 ὄργανον

337 4300 550 4354 cithara
593 4315 689 4356 vas
720 4316 816 4356 seu
849 4301 1280 4357 instrumentum
1311 4303 1587 4374 quoddam
1620 4306 1916 4372 musicum,

2043 4300 2233 4370 ἃαλμοῦ
2264 4303 2297 4371 ἡ
2340 4299 2542 4369 κιθάρα
2562 4315 2575 4328 ⁸
2609 4299 2717 4350 ἀπὸ
2749 4298 2805 4351 δὲ
2857 4296 3063 4367 ταύτης
3116 4297 3210 4351 καὶ
3240 4297 3288 4350 τ’
3331 4297 3466 4351 ἄλλα
3491 4297 3613 4371 εἴδη

341 4406 454 4460 quo
480 4391 726 4460 psalmos
760 4392 927 4446 etiam
966 4392 1281 4459 canebant;
1319 4410 1419 4464 per
1462 4396 1731 4450 citharam
1787 4412 1918 4453 vero

2043 4394 2266 4461 μσήμανε
2287 4407 2299 4419 ”
2341 4390 2546 4460 κιθάρα
2578 4388 2633 4441 δὲ
2665 4388 2760 4441 νῦν
2827 4388 2890 4440 τὸ
2918 4386 3200 4459 βασιλικὸν
3231 4386 3382 4456 λέγει
3405 4387 3620 4458 ψαλτής

343 4484 550 4551 reliqua
600 4481 942 4537 musicorum
985 4482 1484 4538 instrumentorum
1513 4502 1713 4552 genera
1755 4487 1922 4542 intel-

2043 4502 2164 4551 κον,
2195 4484 2272 4547 ὡς
2300 4483 2358 4535 ὲν
2387 4482 2464 4552 τῷ
2491 4480 2765 4552 προοιμίῳ
2823 4481 2921 4551 τῆς
2973 4478 3160 4550 βίϐλου
3213 4479 3326 4534 τῶν
3353 4481 3610 4552 Ψαλμῶν

345 4575 481 4645 ligit.
517 4570 632 4627 Hoc
663 4586 844 4628 autem
881 4575 935 4627 in
965 4574 1086 4630 loco
1131 4589 1230 4644 per
1261 4574 1528 4632 citharam
1590 4578 1799 4647 regium
1832 4594 1924 4633 or-

2043 4576 2446 4649 :g-qmao'tpeea.
2507 4575 2605 4628 Διά
2631 4574 2791 4628 τοῦτο
2816 4573 2927 4642 γὰρ
2974 4572 3258 4629 καὶτοῦτο
3309 4574 3472 4646 μόνον
3533 4575 3615 4640 ὡς

342 4678 566 4733 gannit),
610 4664 937 4732 pmiterium
972 4663 1249 4731 videlicet,
1285 4674 1419 4736 puto
1454 4669 1712 4741 intelligi,
1765 4680 1825 4725 ut
1855 4687 1921 4727 ex

2043 4670 2310 4740 ιξαίρετον
2362 4667 2631 4721 τέθεικεν.
2661 4666 2783 4720 Ἵνα
2838 4665 2896 4718 δὲ
2947 4666 3044 4720 καὶ
3103 4666 3236 4737 ἡμῖν
3282 4666 3611 4736 ἀρμόσαιεν,

343 4752 411 4808 Sis
453 4758 623 4822 patet,
654 4768 778 4823 quas
808 4754 860 4808 in
902 4755 1174 4824 prooemio
1204 4759 1387 4825 operis
1414 4760 1766 4817 tradidimus.
1804 4760 1918 4817 Hac

2043 4761 2200 4827 ικεύη
2234 4762 2333 4831 μὲν
2369 4757 2589 4831 ψαλμοῦ
2621 4759 2891 4829 νοήσομεν
2918 4757 3113 4828 στόμα,
3135 4757 3612 4828 χείλη,γλῶσσαν,

341 4845 544 4897 ctenim
575 4843 643 4899 de
669 4858 836 4901 causa
870 4846 1048 4901 solum
1076 4846 1178 4902 hoc
1206 4847 1631 4907 instrumentum
1658 4862 1915 4925 tanquam

2043 4854 2121 4906 ιαί
2152 4824 2252 4907 ὅσα
2279 4824 2498 4923 ὄργανα,
2524 4853 2623 4922 τῆς
2655 4824 2844 4921 φωνῆς
2863 4862 2878 4879 ⁸
2909 4824 3231 4920 κιθάραν-δὲ
3403 4850 3608 4922 ψυχήν.

341 4936 555 4992 caeteris
582 4936 843 5017 omnibus
901 4938 1263 4997 excellentius
1293 4946 1768 4999 conuuemoravit.
1810 4944 1916 5000 Ve-

2043 4945 2217 5013 Ἀγιος
2253 4942 2311 4996 δὲ
2338 4934 2433 4996 τοῦ
2473 4940 2693 5012 Ἰσραὴλ
2754 4941 2783 4994 6
2814 4938 3059 5009 ἁγιάζων
3085 4940 3176 4995 τὸν
3216 4941 3457 5012 Ἰσραήλ.
3500 4943 3611 4995 Λέ-

343 5046 461 5087 rum
494 5039 554 5086 ut
582 5030 742 5088 nobis
771 5032 936 5088 etiam
965 5032 1080 5087 haec
1119 5036 1313 5104 psalmi
1346 5036 1513 5091 verba
1538 5038 1919 5093 accommode-

2043 5053 2184 5104 (εται
2214 5034 2272 5089 δὲ
2318 5035 2414 5089 καὶ
2441 5036 2468 5088 6
2500 5034 2633 5097 Θεὸς
2674 5033 2832 5102 ἆγιος
2860 5075 2875 5100 ,
2908 5033 3006 5086 καὶ
3031 5034 3059 5087 6
3085 5032 3374 5106 ἄνθρωπος
3396 5051 3410 5065 ·
3440 5036 3468 5088 6
3503 5035 3613 5105 μὲν

342 5136 487 5188 mus,
524 5137 624 5194 per
651 5137 781 5179 vasa
805 5125 1026 5195 psalmi,
1060 5141 1145 5190 os,
1186 5126 1332 5182 labia
1383 5137 1438 5183 et
1471 5128 1714 5200 linguam
1750 5128 1915 5183 intel-

2043 5128 2099 5191 ἱις
2131 5126 2397 5195 ἁγιάζων,
2441 5126 2471 5178 6
2509 5125 2565 5178 δὲ
2611 5124 2687 5189 ὡς
2716 5124 3080 5193 ἀγιαζόμενος
3102 5140 3118 5157 ο
3149 5124 3245 5177 καὶ
3274 5126 3303 5178 6
3334 5123 3435 5195 μὲν
3463 5128 3612 5178 κατά

336 5213 594 5287 ﬁgemus,
629 5223 687 5273 et
716 5231 1064 5288 quacunque
1115 5219 1222 5274 alia
1275 5227 1408 5275 sunt
1455 5221 1609 5276 vocis
1664 5233 1915 5290 organa:

2043 5219 2213 5291 ρύσιν,
2237 5221 2264 5272 6
2289 5219 2347 5273 δὲ
2380 5218 2523 5272 κατά
2558 5210 2737 5283 Θέσιν,
2761 5217 2881 5287 ἦτοι
2918 5216 3059 5271 κατά
3094 5206 3351 5288 μετοχὴν.
3374 5215 3484 5271 Καὶ
3517 5217 3611 5271 ὅτι

338 5321 436 5379 per
471 5308 740 5364 citharam
781 5325 927 5374 vero,
965 5311 1203 5365 animam
1238 5311 1436 5381 ipsam.
1466 5310 1704 5367 Sanctus
1730 5323 1910 5367 autem

2043 5312 2180 5367 εοῦτο
2192 5310 2410 5383 ἀληθὲς,
2428 5310 2591 5380 φησὶν
2611 5312 2637 5363 6
2650 5309 2947 5373 ἀπόστολος
2964 5308 3174 5372 Παῦλος
3192 5326 3257 5361 πε
3268 5307 3320 5379 pi
3337 5308 3380 5360 Χ
3388 5306 3608 5378 ριστοῦ·

340 5396 506 5454 Esrael
551 5401 643 5455 ille
690 5409 795 5467 est,
858 5401 953 5471 qui
1013 5400 1272 5458 lsraelem
1311 5403 1646 5458 sanctiﬁcat.
1699 5404 1912 5458 Dicitur

2043 5407 2124 5469 ’ος
2146 5401 2401 5473 ἐγενήθη
2432 5399 2576 5469 ἡμῖν
2642 5402 2832 5470 σοφία
2861 5399 2979 5455 ἀπὸ
3006 5398 3175 5461 Θεοῦ,
3219 5396 3603 5463 δικαιοσύνη,

339 5488 503 5541 etiam
533 5489 675 5545 Deus
702 5500 950 5554 sanctus,
985 5501 1039 5547 et
1067 5492 1319 5548 homines
1340 5495 1541 5560 sancti,
1570 5494 1660 5550 ille
1689 5495 1910 5565 quidem

2043 5498 2121 5551 cal
2152 5495 2468 5565 ἁγιασμὸς,
2520 5495 2619 5549 καὶ
2656 5495 3097 5562 ἀπολύτρωσις.
3143 5491 3340 5560 Γέγονε
3372 5492 3483 5561 γὰρ
3514 5507 3611 5542 σο.

345 5584 404 5628 ιιι
425 5580 800 5645 sanctilicans,
833 5581 927 5635 isti
959 5597 1087 5637 vero
1115 5592 1172 5637 ut
1194 5584 1544 5653 sanetiticati,
1577 5586 1666 5642 ille
1695 5596 1910 5648 natura.

2043 5593 2122 5664 ρία
2149 5594 2261 5656 τοῖς
2312 5590 2718 5662 σοφιζομένοις,
2764 5586 3081 5660 δικαιοσύνη
3102 5586 3159 5640 δὲ
3179 5588 3291 5650 τοῖς
3316 5585 3607 5640 δεδικαιω-

413 5759 458 5791 ⁹⁵
488 5759 678 5813 Matth.
722 5777 798 5827 xi,
856 5762 952 5816 28.
