4064 6412
391 475 490 540 ’ῖῗὶ

1599 483 1986 544 COMMENT.
2023 485 2101 544 1N
2143 486 2500 547 PSALMOS.

3548 493 3653 556 722

388 600 598 667 μένοις,
639 601 915 670 ἁγιασμὸς
953 601 1009 655 δὲ
1035 604 1130 656 κα)⁵
1171 600 1556 673 ἀπολύτρωσις
1583 603 1698 666 τοῖς
1745 601 1969 670 ἁγιαζο-

2096 601 2165 654 sti
2228 603 2522 673 adoptione
2579 623 2674 661 seu
2733 610 3181 680 participatione.
3245 611 3310 664 Et
3361 612 3510 682 quod
3543 613 3652 668 hoc

387 703 578 757 μενοις
608 694 701 746 καὶ
728 693 1042 764 ὰπολυτρου
1054 693 1259 764 μένοις.

387 783 496 850 Qui
549 783 730 851 factus
778 795 858 840 est
891 786 1040 841 nobis
1073 785 1336 854 sapientia
1369 803 1400 840 a
1437 785 1570 852 Deo,
1617 787 1864 856 justitia,
1919 794 1969 838 et
2011 786 2406 854 sanctiﬁcatio,
2473 799 2521 844 et
2605 792 2893 863 redemptio
2931 797 3013 862 ης

2079 709 2265 747 verum
2300 695 2392 759 sit,
2431 697 2558 750 audi
2600 700 2919 769 Apostolum
2957 702 3022 757 de
3048 703 3270 758 Christo
3317 704 3591 758 dicentem
3638 726 3650 760 :

3103 797 3372 867 sapientia
3428 799 3651 868 quidem

382 880 643 937 Christus
692 881 829 947 luit,
864 881 935 936 iis
989 885 1081 950 qui
1113 883 1480 953 sapientiores
1509 883 1690 938 eﬂ'ecti
1728 891 1880 945 sunt,
1913 889 1968 934 et
2002 879 2218 950 justitia
2259 882 2600 952 justiﬁcatis,
2653 890 3019 945 sanctiﬁcatio
3047 899 3229 945 autem
3309 899 3364 946 et
3437 891 3694 958 redemy

385 975 506 1042 ptio
535 973 602 1028 iis
630 975 726 1044 qui
752 976 1082 1029 sanctiﬁcati
1118 983 1247 1031 sunt
1275 984 1329 1030 et
1362 975 1653 1045 redempti.

475 1070 986 1138 Ἀταλλιάσονται
1017 1071 1087 1125 τὰ
1118 1073 1290 1141 χείλη
1307 1089 1450 1140 μου,
1469 1071 1618 1125 ὅταν
1640 1068 1820 1139 ψαλῶ
1845 1084 1968 1120 σοι.

388 1161 562 1232 Χείλη
591 1163 760 1217 αὐτοῦ
798 1159 911 1216 εἷεν
967 1163 1034 1218 ἂν
1083 1166 1178 1218 καὶ
1218 1165 1268 1218 oi
1316 1163 1522 1228 πιστοὶ,
1555 1157 1637 1226 οἷς
1665 1160 1970 1233 χρώμενος,

385 1253 586 1322 ψάλλει
606 1254 687 1324 τῷ
710 1253 831 1323 Θεῷ
864 1255 932 1308 δι’
963 1255 1179 1309 αὐτῶν.

467 1431 576 1484 Kal
609 1433 649 1498 ἠ
675 1431 846 1500 ψυχή
887 1449 1010 1500 μου
1037 1430 1118 1499 ἣν
1142 1430 1487 1500 ἐλυτρώσω.
1533 1431 1637 1486 Ἦν
1676 1429 1976 1500 ἐλυτρὼσω

391 1523 509 1575 ἀπό
536 1539 595 1575 τε
617 1523 834 1590 ὁρατῶν
867 1524 962 1578 καὶ
994 1524 1246 1593 ἀοράτων
1278 1523 1516 1593 ἐχυρῶν.

473 1615 604 1669 Ἔτι
630 1613 698 1668 δὲ
739 1616 837 1670 καὶ
869 1615 911 1683 ἠ
939 1613 1191 1685 γλῶσσά
1237 1635 1356 1684 μου
1401 1615 1558 1682 ὅλην
1602 1614 1718 1682 τὴν
1750 1613 1978 1684 ἡμέραν

2151 1065 2315 1123 Vens.
2350 1068 2442 1124 25.
2485 1069 2848 1126 Exsultabunt
2878 1072 3015 1127 labia
3048 1091 3162 1128 utea
3184 1114 3198 1139 ,
3235 1091 3353 1127 eum
3388 1073 3656 1138 psalluero

2082 1158 2196 1212 tibi.
2255 1157 2360 1214 Per
2409 1160 2552 1215 labia
2606 1163 2725 1233 ejus
2761 1163 3072 1235 intelligere
3134 1178 3430 1232 possumus
3463 1163 3651 1217 lidelcs

2083 1264 2276 1306 omnes
2311 1267 2549 1322 quorum
2586 1255 2788 1326 linguis
2817 1256 3054 1326 psallere
3083 1273 3206 1312 cum
3249 1270 3468 1325 semper
3503 1254 3659 1307 vidc-

2085 1355 2208 1394 mus
2236 1340 2367 1397 Deo.

2159 1431 2230 1485 Et
2282 1435 2468 1489 anima
2508 1452 2624 1491 mea
2674 1455 2835 1508 quam
2890 1440 3188 1492 redemisti.
3249 1439 3288 1492 A
3347 1437 3662 1494 visibilibus

2081 1523 2344 1578 nimirum
2404 1538 2570 1597 atque
2601 1529 2670 1583 ab
2703 1529 3075 1584 invisibilibus
3109 1529 3378 1583 inimicis.

2150 1616 2316 1671 Vens.
2357 1617 2449 1672 24.
2491 1618 2595 1674 Sed
2623 1630 2672 1672 et
2703 1621 2884 1689 lingua
2908 1638 3023 1675 mea
3051 1629 3160 1675 tota
3194 1622 3278 1674 die
3311 1620 3662 1674 meditabitur

389 1705 716 1773 μελετήσει
747 1707 862 1774 τὴν
889 1707 1294 1774 δικαιοσύνην
1325 1725 1464 1762 σου.
1515 1709 1651 1776 Περὶ
1694 1705 1792 1759 τοῦ
1847 1707 1978 1776 ὅλην

2091 1707 2337 1762 l'ustitiam
2365 1718 2532 1764 tuam.
2555 1710 2628 1765 De
2660 1710 2744 1766 his
2775 1712 2974 1775 verbis,
2998 1720 3108 1765 tota
3135 1712 3240 1776 die,
3269 1712 3664 1781 sazpeliximus

391 1797 496 1868 τὴν
558 1799 774 1867 ἡμέραν
825 1800 1133 1870 είρήκαμεν
1175 1800 1438 1863 πολλάκις
1465 1800 1546 1854 ὅτι
1575 1799 1660 1852 ἀεὶ
1688 1798 1975 1868 σημαίνει’

2079 1799 2223 1853 idem
2257 1801 2585 1870 significare,
2621 1803 2764 1872 quod
2805 1820 3061 1874 semper;
3095 1803 3238 1873 quod
3273 1804 3532 1873 deinceps
3563 1803 3662 1857 ob-

392 1892 494 1942 καὶ
526 1891 948 1962 παρατηρητέον
989 1892 1148 1945 τοῦτο
1183 1893 1280 1946 τοῦ
1312 1891 1529 1946 λοιποῦ.
1561 1891 1892 1959 Μελετήσω
1923 1891 1981 1945 δὲ

2091 1893 2414 1947 servandum
2450 1902 2556 1949 est.
2590 1893 2944 1950 Meditabitur
2968 1903 3177 1958 autem,
3202 1894 3308 1950 hoc
3331 1901 3440 1958 est,
3470 1893 3664 1964 loque-

392 1979 520 2032 ἀντὶ
545 1979 638 2032 τοῦ
664 1980 884 2050 λαλήσω
915 1983 948 2053 ἦ
979 1981 1364 2050 μνημονεύσω.

475 2071 665 2125 Ὅταν
707 2071 1086 2141 αἱσχυνθῶσι
1120 2073 1218 2124 καὶ
1242 2071 1625 2139 ἐντραπῶσιν
1648 2074 1705 2126 οἱ
1731 2071 1980 2140 ζητοῦν-

396 2180 500 2228 τες
529 2163 602 2215 τὰ
643 2162 798 2216 κακά
822 2179 952 2232 μοι.
981 2163 1172 2217 Ταῦτα
1204 2165 1260 2217 δὲ
1290 2163 1326 2218 ἃ
1353 2163 1676 2234 ὑπεσχόμην
1723 2164 1937 2232 ποιήσω
1961 2204 1976 2228 ,

373 2253 530 2306 ,ὅταν
585 2252 890 2320 ἀπαλλαγῶ
923 2253 1107 2306 τέλεον
1132 2255 1241 2307 τῶν
1270 2253 1506 2324 ἐχθρῶν.
1559 2253 1894 2325 Προείρηται
1925 2255 1982 2308 δὲ

395 2343 662 2412 ἀνωτέρω
690 2343 948 2413 περὶτῆς
980 2343 1131 2408 Θείας
1177 2344 1554 2416 δικαιοσύνης,
1587 2347 1680 2397 καὶ
1739 2346 1846 2398 τῶν
1883 2345 1978 2415 ζη-

397 2432 639 2488 ιοούντων
670 2436 742 2490 τὰ
763 2435 932 2490 κακά.

640 2528 743 2592 Εἰς
764 2527 1127 2596 Σολομῶν-τα
1153 2527 1400 2598 ψαλμὸς
1429 2527 1511 2594 τῷ
1538 2528 1740 2584 Δαϐίδ.
1819 2556 1828 2562 -

953 2620 1246 2672 ΨΔΛΜΟΣ
1285 2621 1410 2673 OA'.

485 2708 891 2764 ’Δποδέδεικται
949 2711 1049 2781 μὲν
1082 2712 1141 2763 ὲν
1177 2710 1254 2781 τῷ
1303 2712 1578 2783 προοιμίῳ
1635 2714 1734 2783 τῆς
1796 2714 1981 2784 βίϐλου

399 2799 514 2873 τῷν
529 2800 801 2871 Ψαλμῶν,
827 2802 1030 2856 ὅτιούκ
1058 2803 1174 2856 ἐστι
1192 2802 1286 2856 τοῦ
1321 2803 1668 2873 Σολομῶντος
1699 2805 1980 2876 ὀψα).μός·

399 2893 684 2962 εἰρήσεται
717 2893 776 2946 δὲ
806 2895 900 2948 καὶ
925 2894 1044 2956 νῦν,
1091 2895 1173 2948 ὅτι
1219 2895 1321 2947 οὐκ
1365 2897 1444 2957 εἰς
1478 2896 1802 2966 Σολομῶντα
1830 2900 1983 2969 εἴρη-

400 3003 518 3040 ται.
555 2985 692 3039 Οὔτε
727 2986 840 3056 γάρ
888 2987 1312 3065 συμπαρὲμεινε
1366 2988 1446 3058 τῷ
1481 2989 1655 3060 ἡλίῳ,
1691 2990 1810 3044 ἀλλ’
1868 2991 1980 3063 (6i)

401 3077 604 3147 ἑπισίῳ
623 3092 637 3107 ⁶
655 3075 781 3131 οὔτε
807 3077 916 3149 πρδ
931 3079 1032 3146 τῆς
1063 3078 1296 3148 σελήνης
1319 3075 1410 3148 ἦν,
1432 3079 1556 3133 οὔτε
1585 3083 1983 3155 κατεκυρίευσε

2086 1989 2175 2036 tur
2203 1999 2298 2038 seu
2337 1984 2750 2041 reminiscetur.

2155 2073 2289 2128 Cum
2323 2076 2627 2131 erubuerint
2657 2085 2705 2131 et
2745 2077 2954 2147 confusi
2984 2077 3201 2145 fuerint,
3263 2077 3354 2147 qui
3416 2085 3664 2146 qua'runt

2085 2165 2228 2218 mata
2258 2166 2408 2220 mihi.
2434 2166 2580 2232 Haec,
2604 2167 2803 2238 inquit,
2825 2182 2947 2238 quae
2973 2167 3250 2237 pollicitus
3271 2182 3416 2230 sum,
3444 2164 3662 2225 faciam,

2083 2257 2300 2325 quando
2325 2257 2392 2311 ab
2423 2257 2662 2314 inimicis
2699 2272 2925 2329 prorsus
2958 2257 3114 2313 luero
3147 2257 3436 2312 liberatus.
3488 2255 3664 2324 Supe-

2085 2347 2202 2401 rius
2233 2356 2414 2402 autem
2444 2349 2514 2404 de
2539 2349 2726 2404 divina
2748 2349 2965 2421 iustitia
2999 2349 3208 2404 dictum
3251 2357 3334 2404 est
3359 2389 3375 2416 ,
3401 2357 3457 2404 et
3491 2347 3559 2402 de
3595 2347 3666 2402 iis

2085 2439 2177 2508 qui
2211 2449 2464 2510 qnzcrunt
2492 2442 2657 2497 mala.

2323 2532 2389 2587 In
2425 2533 2768 2590 Salontonem
2800 2534 3039 2604 psalmus
3081 2534 3186 2604 ipsi
3230 2533 3425 2588 David.

2597 2627 2925 2683 PSALMUS
2946 2627 3132 2683 LXXI.
3212 2697 3234 2704 ,ι

2157 2719 2452 2776 Docuimus
2484 2720 2538 2775 in
2582 2723 2848 2791 prommio
2869 2722 3056 2790 operis
3085 2721 3233 2776 hunc
3255 2720 3525 2791 psalmum
3560 2733 3667 2772 non

2087 2827 2208 2866 esse
2237 2812 2588 2878 Salomonis;
2622 2829 2772 2869 nunc
2828 2813 2959 2867 illud
3009 2814 3175 2868 etiam
3224 2812 3470 2867 dicemus
3522 2810 3683 2878 quod-

2089 2919 2265 2973 neque
2296 2905 2360 2958 ad
2392 2906 2569 2974 ipsum
2607 2906 2846 2975 pertinet
2880 2905 3251 2959 Salomonem.
3298 2901 3486 2972 Neque
3519 2901 3664 2954 enim

2089 2997 2350 3053 Salomon
2394 2999 2440 3056 is
2465 2997 2566 3052 fuit
2595 3000 2688 3069 qui
2721 3000 3082 3067 permanserit
3109 3014 3232 3051 cum
3281 2997 3398 3051 sole
3420 3037 3432 3057 ,
3469 2995 3670 3062 quist

2087 3088 2182 3157 qui
2219 3089 2332 3158 jam
2365 3088 2456 3142 diu
2490 3096 2744 3142 mortuus
2786 3098 2906 3149 est,
2947 3102 3126 3156 neque
3173 3085 3338 3140 etiam
3397 3082 3498 3137 l'uit
3540 3091 3668 3135 ante

401 3169 518 3221 τῶν
547 3169 803 3240 περάτων
829 3171 928 3239 τῆς
946 3169 1051 3238 γῆς
1081 3187 1096 3200 ·
1127 3168 1256 3223 οὔτε
1287 3171 1396 3242 πρὸ
1428 3173 1525 3225 τοῦ
1557 3173 1708 3243 ἡλίου
1728 3176 1788 3227 τὺ
1810 3174 1981 3245 ὄνομα

2091 3183 2291 3245 lunam,
2321 3197 2422 3235 nec
2452 3180 2767 3234 dominatus
2790 3190 2871 3232 est
2908 3178 3108 3232 ﬁnibus
3133 3185 3313 3241 term,
3341 3187 3520 3242 neque
3543 3179 3672 3225 ante

400 3257 598 3314 αὐτοῦ.
646 3259 787 3314 Ἀλλ’
821 3258 944 3313 ἐπεὶ
971 3260 1227 3330 Σολομῶν
1257 3263 1560 3331 εἰρηνικὸς
1592 3265 1983 3335 ἑρμηνεύεται,

404 3347 796 3419 πρόδηλον,ὡς
825 3349 906 3412 είς
936 3350 1177 3420 Χριστὸν
1205 3353 1232 3403 ὁ
1255 3351 1471 3422 ψαλμὸς
1501 3354 1725 3427 ἐρρέθηο
1748 3357 1811 3420 ὃς
1835 3357 1986 3411 ἐστιν

406 3442 642 3512 εἰρήνη,
695 3442 881 3506 καθώς
921 3460 1090 3514 φησιν
1137 3447 1166 3498 ὁ
1214 3445 1463 3504 Παῦλος·
1492 3447 1687 3514 Αὐτός
1727 3450 1898 3503 ἐστιν
1946 3452 1986 3519 ἡ

407 3531 623 3602 είρήνη
648 3533 840 3602 ἡμῶν,
873 3537 906 3589 ό
939 3535 1201 3602 ποιήσας
1228 3537 1300 3591 τὰ
1337 3538 1642 3607 ἀμφότερα
1668 3539 1758 3594 ἓν·
1793 3541 1891 3595 καὶ
1919 3543 1988 3597 τὸ

406 3626 771 3695 μεσότοιχον
799 3625 906 3682 τοῦ
939 3626 1216 3696 φραγμοῦ
1253 3629 1455 3696 λύσας
1477 3645 1494 3661 ο
1535 3629 1702 3695 δείξει
1732 3631 1788 3685 δὲ
1831 3633 1990 3686 τοῦτο

406 3721 481 3771 τὰ
515 3717 657 3772 κατὰ
689 3717 859 3789 μέρος
889 3719 1044 3790 ῥητά.

490 3808 549 3862 '0
571 3810 736 3876 Θεὸς,
765 3810 832 3863 τὸ
857 3813 1038 3881 κρίμα
1059 3808 1177 3865 σοι)
1216 3811 1292 3877 τῷ
1310 3812 1568 3877 βασιλεῖ
1585 3814 1715 3881 δὸς,
1748 3815 1848 3869 καὶ
1875 3816 1992 3884 τὴν

409 3901 820 3972 δικαιοσύνην
849 3921 966 3960 σου
997 3905 1078 3971 τῷ
1123 3907 1232 3972 υἱῷ
1261 3909 1369 3962 τοῦ
1398 3909 1734 3976 βασιλέως.
1774 3913 1992 3981 Προεω-

415 3995 604 4067 ρακὼς
626 3997 654 4049 ὁ
671 3999 841 4052 Δαὸὶδ
874 3998 946 4052 τὰ
979 4000 1120 4052 κατὰ
1146 4001 1406 4071 Χριστδν,
1429 4002 1742 4072 παρακαλεῖ
1766 4003 1990 4074 δοθῆναι

413 4089 592 4143 ταῦτα
612 4105 626 4120 ’
672 4092 768 4144 καὶ
805 4091 1026 4160 δοθῆναι
1062 4091 1213 4163 αὐτῷ
1260 4094 1334 4156 ὡς
1367 4093 1641 4166 ἀνθρώπῳ
1672 4095 1708 4150 ἆ
1739 4090 1886 4166 εἶχεν
1915 4097 1992 4161 ὡς

415 4180 576 4244 Θεός.
621 4181 777 4235 Οὕτω
805 4182 919 4253 γὰρ
954 4183 1049 4236 καὶ
1099 4185 1126 4236 ὁ
1174 4185 1410 4254 Χριστὸς
1458 4187 1650 4258 εἴρηκε
1707 4191 1836 4258 περὶ
1899 4190 1991 4243 τοῦ

418 4273 661 4346 Ιίατρὸς,
695 4275 777 4328 ὅτι
799 4275 900 4346 τὴν
930 4275 1112 4342 κρίσιν
1143 4277 1321 4331 πᾶσαν
1343 4277 1542 4331 δέδωκε
1575 4278 1656 4351 τῷ
1728 4280 1863 4352 Υίῷ.
1883 4283 1995 4336 Καὶ

2088 3275 2258 3330 solem
2293 3273 2395 3326 fuit
2419 3286 2616 3326 nomen
2643 3271 2782 3340 ejus.
2831 3269 2895 3323 Et
2924 3269 3053 3339 quia
3108 3268 3364 3321 Salomon
3398 3266 3672 3333 interpre-

2089 3375 2234 3420 tatur
2262 3366 2538 3433 paciﬁcus,
2581 3363 2931 3416 manifestum
2971 3371 3052 3416 est
3107 3360 3255 3414 hunc
3299 3357 3566 3427 psalmum
3615 3355 3668 3408 in

2087 3456 2364 3512 Christum
2393 3458 2600 3511 dictum
2635 3470 2780 3511 esse.
2814 3454 2932 3521 Ipse
2955 3453 3147 3507 etenim
3196 3458 3274 3505 est
3325 3465 3433 3518 pax
3482 3457 3673 3502 nostra

2088 3549 2176 3618 qui
2191 3547 2310 3613 fecit
2337 3559 2559 3616 utraque
2584 3562 2770 3605 unum,
2793 3546 2979 3615 quique
3016 3541 3390 3596 intermedium
3422 3537 3671 3592 macerias

2089 3643 2340 3710 parietem
2393 3637 2783 3701 dissolvit'°'9',
2815 3633 3272 3707 quemadmodum
3302 3632 3475 3703 magis
3502 3631 3672 3702 parti-

2091 3733 2316 3787 culatim
2353 3731 2525 3801 ipsius
2557 3728 2757 3800 psalmi
2786 3729 2954 3783 verba
2991 3725 3474 3782 demonstrabunt.

2164 3827 2334 3881 Vens.
2359 3825 2414 3878 2.
2452 3824 2610 3890 Deus,
2637 3824 2898 3892 judicium
2925 3831 3070 3875 tuum
3099 3819 3223 3890 Regi
3251 3819 3322 3871 da
3349 3857 3364 3879 ,
3415 3823 3467 3871 et
3517 3801 3700 3880 iusti;

2095 3921 2225 3974 tiam
2245 3929 2390 3973 tuam
2409 3916 2549 3972 Filio
2567 3915 3060 3986 Regis.Pra3videns
3074 3914 3266 3968 beatus
3284 3910 3448 3964 David
3464 3923 3686 3965 summa

2093 4010 2294 4068 Christi
2324 4009 2608 4079 mysteria,
2635 4015 2784 4077 optat
2812 4013 2978 4075 atque
3011 4015 3130 4059 orat
3168 4019 3232 4058 ea
3275 4001 3599 4062 accelerari,
3624 4008 3684 4052 et-

2095 4104 2198 4173 ipsi
2231 4101 2449 4158 Christo
2483 4110 2738 4168 tanquam
2773 4098 2981 4151 homini
3021 4112 3082 4152 ca
3110 4095 3228 4150 dari
3258 4138 3273 4161 ,
3299 4108 3421 4164 qua:
3460 4106 3678 4158 semper

2096 4193 2350 4255 habebat,
2381 4199 2438 4244 ut
2471 4190 2634 4246 Deus.
2670 4190 2746 4243 lta
2777 4191 2939 4241 etiam
2993 4187 3246 4241 Christus
3284 4184 3422 4239 dixit
3469 4184 3536 4237 de
3575 4183 3678 4234 Pa-

2097 4295 2203 4352 tre,
2259 4285 2405 4354 quod
2438 4281 2895 4350 omnejudicium
2951 4279 3052 4333 sibi
3098 4278 3284 4340 dedit,
3335 4284 3392 4330 ut
3415 4275 3577 4338 Filio,
3611 4281 3674 4328 et-

418 4365 584 4421 πάλιν
603 4406 619 4432 ,
678 4366 892 4436 Ἐδόοη
925 4383 1027 4435 μοι
1067 4365 1237 4422 πᾶσα
1265 4368 1522 4432 ἐξουσία
1540 4371 1612 4425 ἐν
1634 4372 1870 4440 οὐρανῷ
1896 4372 1985 4428 καί

2099 4394 2317 4436 rursum
2353 4395 2367 4430 :
2397 4376 2536 4431 Data
2561 4383 2638 4429 est
2668 4375 2793 4428 milii
2821 4374 2989 4426 omnis
3038 4378 3271 4437 potestas
3321 4371 3376 4423 in
3417 4368 3546 4423 coelo
3576 4409 3591 4433 ,
3625 4378 3673 4420 et

417 4459 521 4512 ἐπὶ
582 4458 716 4528 γῆς.
773 4459 1010 4512 Βασιλέα
1045 4460 1101 4513 δὲ
1133 4461 1228 4513 καὶ
1280 4459 1550 4529 βασιλέως
1582 4463 1699 4518 υἱὸν
1732 4464 1985 4520 ἐκάλεσεν

2097 4473 2154 4526 in
2184 4480 2326 4525 terra
2359 4468 2426 4520 ⁸⁸.
2468 4467 2666 4536 Regem
2705 4473 2884 4520 autent
2935 4473 2989 4518 et
3023 4461 3185 4531 Regis
3231 4460 3428 4514 Filium
3457 4500 3470 4524 ,
3522 4459 3681 4514 Chri-

419 4550 582 4603 αύτδν
627 4553 656 4604 ὁ
709 4550 895 4616 Δαϐὶδ,
941 4552 1015 4615 ὡς
1062 4552 1194 4605 Θεὸν
1219 4554 1313 4605 καὶ
1348 4553 1484 4605 Θεοῦ
1520 4553 1668 4610 Υἰὸν.
1707 4557 1899 4626 Κρϊμα
1936 4557 1985 4610 δὲ

2102 4576 2244 4618 stum
2284 4561 2542 4632 appellat,
2575 4569 2832 4628 tanquam
2866 4557 3034 4611 Deum
3059 4595 3073 4619 ,
3117 4561 3169 4608 ct
3204 4553 3293 4607 Dei
3329 4551 3546 4606 Filium.
3582 4549 3686 4605 Per

419 4641 681 4710 ὀνομάζει
707 4642 805 4712 τὴν
827 4642 1031 4712 κρίσιν,
1063 4637 1133 4697 οὗ.
1163 4644 1640 4712 ὲφερμηνευτικόν
1671 4649 1821 4700 ἐστιν
1863 4649 1985 4718 ἠδι-

2103 4655 2365 4725 judicium
2391 4668 2520 4707 vero
2546 4653 2716 4720 ipsam
2750 4649 3026 4720 iudicandi
3059 4645 3376 4700 facultatem
3403 4642 3682 4713 intelligit.

422 4732 713 4801 καιοσύνη.
731 4733 790 4786 '0
818 4733 929 4802 γὰρ
956 4733 1190 4802 Χριστὸς
1219 4729 1288 4804 ἦν
1318 4735 1417 4803 μὲν
1443 4735 1636 4806 κριτὴς
1664 4737 1870 4802 δίκαιος
1921 4739 1985 4802 ὡς

2107 4748 2262 4812 Quod
2320 4754 2379 4799 ut
2433 4745 2606 4814 magis
2663 4744 3009 4806 declararet,
3075 4737 3342 4793 addidit:
3390 4735 3686 4806 justitiam.

419 4823 556 4884 Θεός
582 4839 596 4854 ·
621 4822 779 4876 ἔλαϐε
811 4824 869 4877 δὲ
903 4822 1059 4876 τοῦτο
1111 4825 1206 4877 καὶ
1245 4825 1322 4888 ὡς
1359 4825 1646 4896 ἄνθρωπος
1700 4828 1852 4896 παρὰ
1904 4827 1985 4882 τοῐ

2109 4839 2359 4894 Christus
2391 4838 2592 4891 ctenim
2617 4835 2802 4906 justus
2829 4832 2994 4902 iudex
3029 4837 3133 4892 est,
3173 4837 3232 4882 ut
3281 4827 3424 4884 Deus
3450 4870 3465 4894 ,
3501 4842 3686 4881 verum

423 4916 673 4986 Πατρόςο
704 4917 896 4988 εἴρηκε
946 4917 1088 4988 γάρ’
1139 4916 1288 4986 Ἐγὼ
1337 4917 1406 4970 δὲ
1425 4917 1985 4986 κατεστάθηνβασιι

2110 4938 2168 4980 ut
2202 4929 2362 4982 homo
2392 4928 2444 4982 id
2469 4931 2757 4994 acceperat
2794 4937 2821 4976 a
2848 4923 3010 4977 Patre
3048 4938 3060 4974 :
3105 4918 3212 4988 Ego
3257 4919 3439 4980 enim,
3470 4916 3643 4984 inquit
3668 4952 3684 4974 .

420 5011 574 5078 ,ῖεὺς
594 5011 696 5068 ὑπ’
723 5011 936 5068 αὐτοῦ.
963 5014 1192 5080 Λέγοιτο
1213 5014 1269 5067 δὲ
1289 5016 1382 5066 καὶ
1415 5013 1559 5068 κατὰ
1582 5015 1642 5067 τὸ
1659 5013 1985 5087 ἀνθρώπινα

2103 5021 2416 5072 constitutus
2447 5034 2564 5072 sum
2598 5017 2709 5070 Rea:
2738 5021 2801 5068 ab
2821 5032 2881 5070 eo
2910 5029 3066 5082 super
3107 5011 3238 5065 Sion
3284 5015 3514 5062 montem
3560 5021 3691 5057 san-

425 5105 684 5175 βασιλεὺς
744 5106 846 5176 μὲν
875 5105 952 5170 ὡς
981 5108 1046 5161 ὲκ
1079 5107 1369 5176 βασιλικῆς
1403 5106 1577 5178 φυλῆς
1605 5109 1980 5178 καταγόμενος

2102 5122 2242 5166 ctum
2271 5112 2388 5181 ejus
2415 5113 2483 5165 ’9.
2519 5089 2706 5164 Potest
2755 5119 2808 5164 cl
2839 5108 3092 5163 Christus
3136 5101 3438 5157 secundum
3488 5098 3686 5150 buma-

423 5201 549 5252 ἐπεὶ
592 5201 690 5254 καὶ
721 5199 958 5270 Χριστός
982 5215 996 5230 ⁶
1048 5198 1314 5270 βασιλέως
1342 5200 1398 5253 δὲ
1433 5201 1546 5262 υἱὸς
1573 5199 1648 5263 ὼς
1717 5200 1812 5254 τοῦ
1841 5201 1985 5253 Δαὸὶέ

2101 5204 2325 5258 nitatem
2362 5203 2618 5273 appellari
2644 5201 2779 5263 Rex,
2815 5198 2983 5253 veluti
3016 5194 3109 5263 qui
3141 5194 3210 5247 de
3261 5193 3406 5245 tribu
3447 5197 3566 5242 erat
3597 5201 3687 5238 re-

421 5293 542 5358 υἱός
564 5311 579 5326 ·
612 5295 827 5362 Βίϐλος
849 5294 981 5368 γὰρ,
1011 5295 1168 5365 φησὶ,
1185 5293 1478 5363 γενέσεως
1519 5293 1722 5363 Ἰησοῦ
1743 5295 1985 5363 Χριστοὶ

2109 5296 2230 5366 gia;
2269 5295 2429 5362 Regis
2449 5302 2626 5348 autem
2653 5292 2846 5352 Filius,
2877 5301 3128 5357 tanquam
3154 5287 3292 5340 ﬁlius
3313 5283 3475 5337 David
3501 5300 3511 5332 :
3533 5279 3688 5332 L’iber

425 5386 563 5442 υἱοῦ
600 5387 798 5442 Δαϐίδ.
1293 5437 1306 5456 ι

2113 5387 2284 5450 enim,
2310 5387 2505 5456 inquit,
2527 5385 2880 5455 generationis
2909 5380 3036 5434 Jesu
3063 5377 3286 5442 Christi,
3321 5375 3420 5444 ﬁlii
3447 5372 3618 5425 David
3642 5374 3682 5426 ¹.

508 5571 554 5603 ’⁸
600 5567 779 5625 lCor.
835 5585 872 5630 ι,
913 5570 1006 5623 30.
1081 5569 1200 5602 “'97
1221 5567 1418 5638 Ephes.
1451 5583 1511 5632 η,
1558 5567 1642 5620 Η.
1724 5565 1773 5597 ⁸⁸
1811 5564 1980 5618 Matth

2091 5585 2219 5631 :vm,
2262 5567 2347 5620 1‘8.
2414 5567 2626 5620 ""Psal.
2671 5564 2807 5626 ".6.
2889 5565 2903 5594 ¹
2938 5562 3124 5616 Matth.
3168 5577 3202 5621 ι,
3241 5561 3287 5611 l.

1788 5687 1986 5746 Varia}
2018 5690 2341 5752 lectiones.

509 5813 618 5878 (6|)
646 5813 938 5868 Vltll’ililllil'
971 5812 1219 5881 syntaxis
1250 5827 1478 5878 poscere
1510 5820 1568 5864 ut
1609 5823 1720 5862 hace
1752 5809 1819 5881 ad
1854 5809 2011 5861 Salo-
2114 5816 2236 5879 quis
2269 5816 2404 5868 forte
2437 5814 2670 5876 dubitat,
2726 5808 3005 5866 Salomoni
3041 5805 3393 5874 supervixissc
3459 5800 3682 5853 ﬁdenter

436 5900 653 5938 moucm
691 5880 1032 5939 rt-ierrcnlur
1057 5925 1069 5945 ,
1109 5881 1571 5948 quemadmodum
1626 5880 1790 5932 vertit
1832 5884 2001 5930 intcr-
2112 5892 2363 5939 ίμει,ιιίιι-,

438 5969 590 6020 pres.
637 5957 840 6010 Aurtor
896 5967 1076 6009 tamen
1117 5954 1180 6006 ad
1225 5952 1405 6006 Solem
1465 5951 1648 6004 rrtnlit
1678 5969 1688 6017 ;
1718 5966 1898 6020 (ptuit,
1956 5955 2000 6000 si
