4064 6430
425 329 532 416 τερ.

1660 353 2052 429 EUTHYMII
2082 370 2445 435 ZIGABENI

3579 381 3691 449 724

492 468 566 522 Ut
594 469 798 539 judicet
825 474 1074 542 populum
1106 483 1255 528 tuum
1300 477 1356 530 in
1381 477 1601 547 justitia
1654 493 1705 537 et
1743 499 1980 554 paupere.

2178 489 2419 558 Κρίνειν
2455 491 2563 545 τὸν
2598 493 2757 548 λαόν
2782 508 2899 550 σου
2939 495 3009 549 ἐν
3039 497 3396 567 δικαιοσύνῃ
3423 496 3690 567 καὶτοὺς

421 572 537 618 tuos
561 564 611 617 in
648 566 868 632 judicio.
909 565 1032 621 llaec
1083 575 1167 621 est
1206 583 1373 624 causa
1406 610 1421 635 ,
1472 588 1571 627 cur
1613 582 1765 643 petat
1808 578 1999 634 beatus

419 655 589 709 David
623 655 849 711 Christo
885 656 1049 711 tribui
1076 657 1360 726 judicandi
1394 659 1715 718 facultatem
1755 685 1768 720 :
1800 678 1858 720 ut
1886 669 2034 723 scim

422 749 551 804 licet
574 748 802 817 judicet,
840 758 946 805 etc.
981 751 1085 806 Per
1114 754 1375 824 populum
1404 764 1607 824 autem,
1648 758 1862 815 ﬁdelem
1904 777 1998 829 po-

417 840 605 906 pulum
645 839 917 910 intelligit,
956 844 1049 912 qui
1076 844 1204 899 licet
1229 844 1430 901 Christi
1461 846 1601 917 (69),
1623 849 1729 904 hoc
1748 850 1995 919 est,Filii

416 929 650 996 populus
676 931 1003 999 appelletur,
1029 933 1236 989 dicitur
1262 935 1425 990 etiam
1449 945 1499 992 et
1531 938 1708 994 Putris
1755 939 1994 1010 (Omnia,

411 1019 605 1088 inquit.
638 1039 753 1075 mea
786 1033 879 1076 tua
907 1034 1031 1079 sunt
1050 1028 1091 1097 ²)
1114 1022 1139 1092 ;’
1169 1043 1330 1095 quem
1365 1029 1530 1082 etiam
1566 1032 1825 1100 pupulum
1888 1033 1995 1087 alio

412 1111 632 1167 nomine
667 1116 905 1183 appellat
929 1156 943 1181 ,
999 1133 1251 1187 pauperes
1298 1119 1427 1186 Dei,
1454 1123 1580 1190 quia
1620 1122 1807 1178 ﬁdeles
1842 1126 1996 1189 veri,

407 1221 598 1259 mnnes
636 1218 859 1276 propter
888 1208 1057 1263 Deum
1097 1226 1367 1281 pauperes
1409 1211 1541 1267 facti
1578 1224 1727 1269 sunt.
1761 1214 1866 1269 Per
1894 1215 1988 1286 ju-

410 1294 482 1350 si
514 1296 618 1350 ium
664 1311 846 1352 autem
904 1299 1035 1365 Dei,
1070 1302 1316 1358 futurum
1357 1305 1627 1374 judicium
1670 1308 1944 1378 intelliges
1975 1349 1991 1374 ,

410 1390 465 1442 in
500 1408 610 1458 quo
636 1394 936 1465 unicuique
960 1399 1231 1470 condigna
1268 1399 1414 1457 Deus
1459 1416 1559 1471 pro
1607 1403 1821 1459 meritis
1872 1404 1996 1460 red-

406 1482 499 1537 det
537 1502 550 1539 :
586 1488 730 1555 quod
758 1489 921 1555 paulo
951 1499 1074 1558 post
1109 1494 1282 1564 magis
1328 1495 1609 1563 declarat,
1659 1498 1851 1555 dicens
1885 1518 1900 1555 :
1939 1501 1995 1554 in

406 1576 647 1642 indicio;
678 1591 734 1634 ut
766 1581 980 1649 judicet
1008 1591 1189 1638 autem
1230 1601 1324 1641 eos
1347 1629 1362 1653 ,
1397 1602 1518 1642 cum
1572 1588 1794 1645 diabolo
1828 1591 1993 1646 nimi-

407 1684 552 1737 rum,
580 1685 628 1727 et
658 1687 783 1728 cum
823 1673 1048 1741 Judaeis.
1081 1688 1245 1749 atque
1272 1680 1394 1738 aliis
1422 1682 1548 1739 ﬁdei
1589 1684 1850 1740 inimicis.
1885 1685 1990 1740 Alii

407 1778 501 1825 per
532 1764 812 1833 pupulum,
849 1765 1140 1825 Judaicum
1178 1771 1534 1844 intelligunt,
1578 1776 1673 1846 qui
1722 1777 1851 1830 olim
1896 1776 1990 1831 Dei

2103 579 2383 648 πτωχούς
2411 597 2527 636 σου
2548 583 2617 635 ἐν
2642 585 2859 653 κρίσει.
2893 586 3067 641 Τοῦτο
3123 589 3273 642 αἰτία
3321 590 3436 643 ἐστὶ
3470 589 3571 652 τῆς
3599 593 3688 644 εὑσ

2102 672 2203 740 χῆς
2244 688 2258 702 ⁸
2295 672 2414 728 Ἵνα
2474 676 2672 747 κρίνῃ,
2707 678 2842 747 φησί
2884 698 2896 709 ·
2933 679 3063 733 λαὸν
3114 680 3168 734 δὲ
3198 681 3348 747 λέγει
3390 683 3516 746 τοὺς
3549 684 3686 754 Χρι-

2103 765 2375 828 στιανούς.
2431 767 2487 820 '0
2523 768 2632 838 γὰρ
2686 769 2779 823 τοῦ
2826 771 2956 825 Υἱοῦ
3014 773 3144 836 λαὸς
3198 775 3294 827 καὶ
3345 776 3439 827 τοῦ
3474 777 3689 846 Πατρός

2100 854 2240 908 ἐστι.
2276 857 2416 920 Τοὺς
2447 859 2644 922 αὐτοὺς
2675 860 2734 913 δὲ
2803 862 2961 916 καλεῖ
2992 866 3087 918 καὶ
3111 866 3363 936 πτωχοὺς
3408 865 3503 918 τοῦ
3523 865 3685 931 Θεοῦ,

2100 947 2176 1010 ὡς
2224 947 2314 1001 διὰ
2343 950 2476 1003 Θεὸν
2510 952 2964 1022 πτωχεύσαντας.
3017 956 3382 1028 Δικαιοσύνην
3433 956 3491 1010 δὲ
3547 957 3686 1011 Θεοῦ

2100 1041 2318 1110 νοήσεις
2364 1042 2464 1111 τὴν
2498 1044 2802 1114 μέλλουσαν
2821 1048 3022 1117 κρίσιν,
3044 1050 3102 1100 ὲν
3184 1047 3454 1103 ἀποδώσει
3471 1051 3688 1120 ἑκάστῳ

2099 1133 2167 1185 τὰ
2196 1135 2331 1206 πρὸς
2359 1136 2538 1198 ἀξίαν.
2585 1140 2670 1204 Ὃ,
2702 1140 2798 1192 καὶ
2853 1140 3084 1211 προῖὼν,
3115 1140 3406 1211 ἐδήλωσεν,
3461 1143 3687 1211 ἐπάγων

2099 1225 2180 1289 τδ,
2207 1226 2276 1278 ἐν
2326 1228 2525 1293 κρίσει
2545 1245 2559 1259 ’
2603 1230 2807 1300 κρίνειν
2841 1232 2903 1284 δὲ
2964 1233 3165 1296 αὐτοὺς
3190 1233 3338 1302 μετά
3359 1250 3418 1285 τε
3443 1233 3538 1285 τοῦ
3564 1233 3687 1286 δια-

2100 1317 2260 1372 ϐόλου
2305 1322 2402 1375 καὶ⁵
2450 1321 2560 1374 τῶν
2605 1324 2902 1390 Ἰουδαίων,
2952 1326 3049 1379 καὶ
3096 1326 3205 1380 τῶν
3236 1326 3414 1381 ἄλλων
3473 1325 3686 1396 ἐχθρῶν

2099 1412 2207 1476 τῆς
2238 1412 2499 1478 πίστεως.
2539 1415 2725 1468 Ἀλλοι
2772 1416 2829 1470 δέ
2862 1433 2995 1484 φασι
3029 1417 3159 1472 λαὸν
3195 1416 3296 1486 μὲν
3326 1417 3416 1470 τὸν
3460 1417 3684 1470 Ἰουδαῖ-

2101 1504 2220 1568 κὸν,
2250 1505 2344 1558 τόν
2377 1522 2505 1560 ποτε
2531 1507 2626 1560 τοῦ
2663 1508 2798 1562 Θεοῦ
2839 1510 2970 1563 ὄντα
2993 1527 3004 1541 ’
3041 1511 3260 1581 πτωχὸν
3289 1509 3369 1576 δὲ,
3427 1509 3522 1562 τὸν
3562 1509 3684 1562 νέον

2098 1594 2226 1649 λαὸν
2254 1597 2344 1651 τὸν
2372 1599 2432 1663 ἐξ
2467 1599 2657 1655 ἐθνῶν.
2696 1602 2833 1671 Περὶ
2863 1602 2920 1655 δὲ
2949 1602 3229 1672 πτωχείας
3263 1601 3428 1656 αὐτοῦ
3455 1602 3685 1671 είρήκα-

2100 1702 2202 1755 μεν
2234 1690 2291 1743 ἐν
2315 1691 2393 1762 τῷ
2425 1690 2472 1744 θ’
2500 1693 2598 1746 καὶ
2631 1690 2700 1745 ια’
2741 1693 2966 1764 ψαλμῷ.
2994 1694 3220 1764 Κρίνειν
3250 1694 3307 1748 δὲ
3330 1694 3551 1757 αὐτοὺς,
3587 1693 3685 1748 καὶ

2094 1780 2224 1844 τοὺς
2260 1781 2360 1851 μὲν
2390 1782 2617 1847 δικαίως
2650 1785 3016 1839 καταδικάσαι
3037 1825 3055 1850 ,
3087 1785 3214 1848 τοὺς
3262 1784 3322 1838 δὲ
3362 1783 3680 1837 δικαιῶσαι.

400 1857 633 1924 populus
667 1858 990 1928 dicebatur;
1018 1871 1073 1918 et
1101 1880 1196 1933 per
1224 1880 1514 1935 pauperes,
1552 1883 1755 1922 novum
1795 1870 2055 1939 populum
2077 1887 2143 1928 ex
2171 1875 2430 1944 gentibus
2503 1885 2920 1949 congregatum,
2989 1877 3059 1932 de
3111 1877 3271 1947 cujus
3331 1883 3678 1945 paupertate.

397 1947 634 2005 diximus
668 1952 721 2006 in
752 1967 804 2006 ix
835 1961 890 2008 et
922 1969 980 2009 xt
1033 1955 1267 2026 psalmo.
1324 1955 1397 2012 Ut
1470 1956 1681 2028 judicet
1740 1976 1857 2029 eos,
1912 1962 2051 2019 alios
2091 1965 2308 2035 quidem
2341 1967 2493 2036 justo
2525 1947 2732 2038 judicio
2761 1971 3142 2026 condemnans
3167 2010 3182 2035 ,
3227 1970 3365 2023 alios
3390 1978 3573 2023 autem
3609 1968 3677 2022 ad

401 2044 636 2098 salutem
674 2044 1005 2113 justiﬁcans.

467 2134 633 2190 Vens.
669 2137 723 2190 5.
760 2137 1070 2208 Suscipiunt
1095 2150 1297 2196 utentes
1319 2158 1502 2212 pacem
1523 2144 1736 2213 popula,
1753 2155 1802 2201 et
1825 2147 1986 2202 colles
2014 2149 2063 2211 Β

377 2229 682 2292 justitiam.
714 2229 770 2285 In
811 2235 1214 2302 prosopopoeia:
1252 2236 1490 2305 speciem
1519 2277 1533 2301 ,
1578 2250 1795 2295 montes
1833 2240 1990 2310 jubet

392 2322 674 2391 suscipere
702 2337 890 2391 pacem
943 2339 1074 2395 erga
1105 2324 1312 2382 Christi
1348 2330 1613 2399 pupulum
1641 2371 1659 2397 ,
1714 2340 1772 2387 et
1816 2333 1987 2390 colles

389 2413 680 2482 justitiam,
713 2426 768 2470 et
818 2425 1033 2473 montes
1082 2418 1302 2487 quidem
1365 2420 1647 2489 paciﬁcum
1700 2423 1782 2478 eis
1817 2424 1984 2479 vitam

392 2520 675 2575 praestare,
712 2510 960 2579 expulsis
985 2512 1244 2568 nimirum
1280 2514 1564 2570 seditiosis
1597 2529 1660 2568 ac
1723 2518 1985 2586 malignis

395 2603 707 2656 daemonum
736 2604 1046 2673 spiritibus,
1080 2606 1247 2663 colles
1278 2623 1407 2663 vero
1423 2609 1570 2679 juste
1586 2610 1981 2675 eisdescrvire,

395 2692 556 2760 quasi
608 2693 890 2750 Creatoris
922 2694 1019 2751 Dei
1071 2697 1269 2754 servis.
1316 2697 1421 2754 Per
1457 2710 1658 2755 montes
1708 2701 1873 2755 etiam
1931 2706 1985 2751 et

389 2783 546 2839 colles
582 2794 842 2856 tanquam
877 2789 1296 2855 eminentiores,
1332 2806 1552 2847 omnem
1591 2803 1791 2849 terram
1825 2812 1982 2851 como.

385 2877 699 2946 prehendit,
764 2879 820 2933 in
860 2895 965 2950 qua
1012 2882 1310 2937 habitaturi
1378 2897 1535 2940 erant
1590 2888 1977 2955 anachoreta,

388 2978 550 3039 atque
594 2972 855 3040 eremitte,
884 2983 939 3029 et
965 2988 1159 3030 omnes
1201 2975 1410 3032 Christi
1462 2978 1683 3035 milites.
1733 2978 1829 3035 Vel
1882 2995 1980 3050 per

387 3071 589 3115 montes
662 3064 881 3131 quidem
942 3066 1306 3138 archangelos
1358 3070 1657 3141 intelligit,
1712 3080 1974 3142 tanquam

385 3153 780 3212 eminentiores
834 3165 889 3211 et
957 3161 1270 3229 superiores
1320 3162 1628 3231 potentias;
1671 3179 1768 3234 per
1814 3164 1974 3219 colles

383 3259 534 3307 vero,
578 3245 733 3315 ipsos
766 3249 993 3319 angelos
1021 3291 1037 3315 ,
1067 3262 1328 3321 tanquam
1361 3253 1467 3307 illis
1510 3253 1813 3323 subjectos.
1846 3254 1972 3309 Ele-

383 3334 494 3389 vati
527 3343 710 3391 tamen
742 3349 875 3393 sunt
906 3342 1127 3408 utrique
1161 3357 1350 3396 eorum
1382 3344 1606 3400 ordines
1634 3360 1661 3396 a
1709 3346 1966 3409 terrenis,

382 3443 490 3482 non
523 3444 682 3484 secus
711 3445 775 3485 ac
823 3441 1040 3489 montes
1068 3442 1124 3488 et
1156 3436 1328 3490 colles
1355 3452 1382 3489 a
1417 3446 1583 3494 terra.
1631 3439 1744 3494 Hos
1800 3441 1968 3511 igitur

381 3519 842 3591 deincepsjubet,
875 3537 935 3578 ut
964 3526 1193 3594 paciﬁce
1228 3542 1289 3582 se
1324 3528 1563 3583 habeant
1595 3545 1720 3585 cum
1756 3529 1963 3586 Christi

380 3612 604 3681 populo,
647 3619 818 3682 utque
844 3614 1056 3682 justam
1090 3616 1168 3669 illi
1202 3630 1265 3668 ac
1302 3617 1539 3671 debitam
1562 3659 1577 3682 ,
1606 3618 1763 3687 quasi
1791 3620 1967 3689 ipsius

377 3702 594 3757 Domini
640 3703 948 3759 htereditati
977 3744 993 3772 ,
1039 3720 1196 3772 opem
1267 3707 1466 3762 ferant.
1525 3709 1681 3766 Prius
1731 3727 1968 3781 namque

381 3794 602 3850 inimice
626 3795 910 3851 nobiscum
951 3797 1189 3866 agebant
1242 3801 1460 3871 angeli,
1486 3802 1556 3856 ob
1592 3814 1834 3859 veterem
1875 3806 1964 3860 ni-

377 3886 579 3941 mirum
615 3887 1086 3958 impietatem.Vel
1118 3905 1212 3960 per
1244 3902 1479 3960 montes,
1517 3910 1670 3965 reges
1702 3912 1765 3951 ac
1796 3897 1964 3956 duces

374 3980 798 4038 excellentiores
843 3999 1096 4055 quosque
1128 3985 1412 4057 intellige:
1453 4004 1549 4058 per
1586 3991 1752 4047 colles
1789 4007 1920 4046 vero
1946 4033 1962 4057 ,

374 4071 514 4127 alios
541 4073 819 4145 principes
861 4075 970 4131 illis
1020 4079 1326 4148 subjectos.
1374 4079 1526 4135 Multi
1578 4084 1723 4137 enim
1772 4101 1960 4140 eorum

371 4174 643 4220 venerunt
672 4166 739 4221 ad
778 4166 938 4224 ﬁdem
964 4210 979 4235 ,
1014 4171 1245 4241 paciﬁce
1290 4185 1549 4243 agentes,
1614 4186 1778 4247 atque
1833 4192 1962 4247 erga

371 4255 580 4311 Christi
618 4259 880 4328 populum
912 4259 1311 4331 benignissime
1335 4280 1396 4320 se
1434 4264 1721 4321 habentes.

449 4349 614 4404 Vsus.
645 4351 699 4405 ὁ.
732 4350 1010 4407 Judicabit
1038 4370 1297 4423 pauperes
1325 4358 1507 4426 populi
1534 4396 1548 4422 ,
1575 4367 1624 4412 et
1648 4359 1824 4414 salvos
1872 4359 1963 4430 [a-

373 4439 473 4494 ciet
513 4441 656 4510 filios
692 4458 1007 4511 pauperum.
1036 4445 1139 4500 Per
1168 4463 1424 4516 pauperes
1473 4450 1673 4518 populi,
1710 4451 1959 4507 rudiores

370 4530 645 4597 quoslibet
672 4528 982 4589 Iudaeorum
1027 4534 1386 4605 intelligunt:
1437 4538 1528 4606 qui
1576 4538 1855 4594 intellectu
1905 4549 1961 4593 et

371 4620 659 4688 prudentia
697 4632 857 4678 erant
895 4639 1192 4695 pauperes,
1223 4627 1353 4682 dum
1384 4630 1543 4685 nudae
1570 4630 1703 4701 legis
1760 4632 1959 4686 littera:

368 4713 732 4778 insistentes,
791 4715 860 4771 ad
910 4718 1162 4774 occultas
1207 4722 1385 4776 sancti
1436 4721 1678 4791 Spiritus
1733 4725 1957 4778 divitias

2173 2149 2540 2204 Ἀναλαϐέτω
2599 2151 2671 2204 τὰ
2710 2150 2818 2218 ὄρη
2869 2152 3125 2220 εὶρήνην
3150 2153 3230 2219 τῷ
3259 2153 3424 2219 λαῷ·
3487 2154 3583 2207 καί
3624 2155 3681 2208 οι

2085 2238 2309 2305 ,Βρυγοὶ
2346 2241 2767 2310 δικαιοσύνην.
2802 2243 2962 2295 Κατὰ
3001 2243 3162 2311 λόγον
3204 2243 3676 2315 προσωποποιίας,

2089 2332 2444 2399 ὲγκελεύεται
2473 2336 2588 2397 τοῖς
2636 2333 2792 2403 δρετι
2837 2334 2938 2403 μὲν
2983 2335 3397 2403 ἀναλαμϐάνειν
3446 2337 3679 2405 εἰρήνην

2089 2425 2225 2495 πρὸς
2243 2424 2339 2478 τοῦ
2371 2425 2612 2495 Χριστοῦ
2640 2466 2656 2491 ,
2698 2428 2808 2488 τοῖς
2832 2426 2888 2478 δὲ
2930 2426 3142 2496 βουνοῖς
3177 2426 3551 2496 δικαιοσύνην·
3578 2426 3677 2479 xa‘t

2086 2516 2283 2586 τὰμὲν
2308 2519 2591 2589 εἰρηνικὴν
2646 2518 2794 2588 αὐτῷ
2831 2519 3097 2590 παρέχειν
3151 2519 3390 2581 δίαιταν,
3442 2517 3676 2571 ἁπωσάο

2091 2626 2226 2680 μενα
2249 2611 2377 2673 τοὺς
2406 2612 2741 2672 στασιαστὰς
2795 2612 3062 2680 δαίμονας
3095 2652 3109 2676 ,
3164 2613 3288 2674 τοὺς
3334 2612 3389 2663 δὲ
3441 2610 3673 2673 δικαίως

2086 2703 2270 2765 αὐτοῖς
2300 2702 2592 2765 δουλεύειν,
2614 2704 2689 2765 ὠς
2712 2702 2922 2765 δούλοις
2945 2704 3040 2756 τοῦ
3070 2703 3305 2757 Κτίστου
3328 2717 3341 2730 ⁸
3373 2701 3464 2754 διὰ
3482 2701 3541 2754 δὲ
3563 2700 3673 2753 τῶν

2082 2795 2256 2865 ὀρέων
2289 2797 2386 2849 καὶ
2411 2796 2520 2849 τῶν
2553 2795 2759 2865 βουνῶν
2795 2795 2870 2858 ὡς
2903 2796 3284 2865 ὑπερεχόντων
3356 2795 3539 2847 πᾶσαν
3567 2793 3670 2862 τὴν

2081 2890 2190 2956 γῆν
2249 2887 2718 2959 συμπεριέλαϐεν,
2782 2889 2863 2950 εἰς
2894 2889 2960 2957 ἢν
3014 2886 3242 2956 ἔμελλον
3302 2884 3578 2939 κατοικεῖν
3612 2886 3666 2938 oi

2079 2980 2457 3051 ἀναχωρηταὶ,
2514 2980 2608 3032 καὶ
2669 2980 2933 3049 ἀσκηταὶ,
2983 2980 3078 3031 καὶ
3139 2979 3479 3049 στρατιῶται
3566 2977 3664 3030 τοῦ

2077 3071 2320 3141 Χριστοῦ
2343 3089 2355 3100 ·
2406 3072 2440 3142 ῆ
2488 3072 2590 3141 ὅρη
2639 3071 2739 3140 μὲν
2769 3072 2984 3141 νοήσεις
3012 3071 3141 3132 τοὺς
3174 3070 3555 3141 ἀρχαγγέλους
3582 3069 3663 3132 ὡς

2077 3166 2453 3234 ὑπερέχοντας
2465 3166 2579 3219 τῶν
2597 3165 2874 3233 ἀγγέλων,
2903 3163 3128 3233 βουνοὺς
3157 3163 3215 3217 δὲ
3240 3165 3369 3226 τοὺς
3390 3163 3661 3231 ἀγγέλους

2073 3255 2150 3320 ὡς
2175 3256 2597 3324 ὑποϐεϐηκότας
2628 3259 2838 3321 αὐτοῖς.
2874 3257 3289 3326 ’Υπερηρμένοι
3334 3257 3391 3309 δέ
3417 3259 3526 3309 εἶσι
3560 3256 3658 3309 καὶ

2075 3343 2225 3402 οὗτοι
2257 3350 2502 3403 κάκεῖνοι
2526 3349 2636 3403 τῶν
2668 3351 2879 3417 γηΐνων
2912 3348 2987 3412 ὡς
3025 3348 3094 3401 τὰ
3126 3348 3227 3417 ὅρη
3260 3349 3357 3401 καὶ
3383 3349 3432 3400 ot
3467 3348 3650 3417 βουνοὶ
3726 3377 3740 3389 -

2074 3442 2176 3508 τῆς
2204 3443 2342 3510 γῆς,
2377 3440 2471 3505 οὒς
2502 3441 2600 3494 καὶ
2645 3440 3023 3510 προτρέπεται
3059 3441 3372 3510 εἰρηνεύειν
3420 3438 3515 3491 τοῦ
3549 3438 3660 3490 λοι-

2075 3532 2182 3587 ποῦ
2239 3532 2378 3603 πρὸς
2418 3533 2511 3586 τὸν
2540 3531 2669 3586 λαὸν
2702 3531 2796 3584 τοῦ
2840 3530 3108 3601 Χριστοῦ,
3141 3530 3238 3583 καὶ
3258 3531 3484 3593 δικαίως
3507 3527 3657 3599 αὐτῷ

2074 3625 2512 3697 προσφέρεσθαι,
2559 3625 2634 3688 ὡς
2666 3624 3005 3695 κληρονομίᾳ
3036 3624 3129 3676 τοῦ
3171 3625 3469 3676 Δεσπότου.
3514 3622 3655 3693 Πρό-

2071 3736 2230 3788 τερον
2258 3719 2368 3789 γὰρ
2397 3714 2538 3789 ἦσαν
2564 3715 3096 3785 ἐκπεπολεμωμένοι
3117 3716 3195 3786 τῷ
3221 3715 3338 3784 λαῷ
3369 3714 3545 3785 τούτῳ
3564 3714 3653 3766 διὰ

2068 3811 2169 3882 τὴν
2192 3810 2551 3864 ἀσέϐειαν.”Η
2582 3809 2682 3878 ὅρη
2721 3808 2821 3877 μὲν
2871 3809 2920 3860 οἱ
2963 3807 3201 3877 βασιλεῖς
3234 3808 3329 3860 καὶ
3360 3807 3654 3875 ἡγεμόνες,

2072 3902 2254 3973 βουνοὶ
2299 3901 2357 3954 δὲ
2404 3902 2453 3954 οἱ
2505 3899 2915 3969 ὑποϐεϐηκότες
2944 3898 3246 3969 ἄρχοντες·
3290 3897 3478 3951 πολλοὶ
3539 3897 3652 3968 γὰρ

2066 3992 2305 4047 τοιοῦτοι
2333 3992 2471 4062 πρὸς
2498 3992 2598 4061 τὴν
2624 3990 2809 4043 πίστιν
2841 3986 3006 4060 ἦλθον
3035 3988 3458 4059 είρηνεύσαντες
3484 4031 3501 4055 ,
3555 3989 3651 4042 καὶ

2067 4084 2295 4148 δικαίως
2322 4084 2401 4155 τῷ
2424 4083 2542 4154 λαῷ
2573 4082 2668 4136 τοῦ
2699 4081 2940 4153 Χριστοῦ
2972 4081 3340 4153 χρησάμενοι.

2137 4356 2341 4426 Κρινεῖ
2362 4354 2507 4420 τοὺς
2529 4351 2803 4421 πτωχοὺς
2822 4351 2929 4405 τοῦ
2959 4348 3138 4413 λαοῦ,
3165 4349 3264 4404 καὶ
3291 4346 3480 4402 σώσει
3499 4345 3641 4409 τοὺς

2062 4449 2234 4514 υἱοὺς
2263 4445 2382 4501 τῶν
2400 4444 2695 4511 πενήτων,
2744 4444 3003 4512 Πτωχοὺς
3031 4441 3125 4494 τοῦ
3155 4440 3286 4494 λαοῦ
3316 4456 3452 4510 φησι
3518 4439 3646 4501 τοὺς

2065 4541 2414 4611 παχυτέρους
2446 4540 2555 4591 τῶν
2605 4536 2895 4600 Ἰουδαίων,
2932 4538 3185 4607 πτωχοὺς
3208 4536 3391 4599 ὄντας,
3418 4536 3498 4598 εἰς
3520 4532 3647 4586 σύνο

2062 4650 2178 4685 εσιν
2199 4649 2213 4662 ·
2265 4625 2353 4683 οἷα
2402 4627 2599 4698 γυμνῷ
2619 4627 2699 4696 τῷ
2727 4626 3023 4695 γράμματι
3070 4625 3512 4695 παραμένοντας,
3545 4622 3643 4675 καὶ

2061 4725 2199 4794 πρὸς
2228 4724 2320 4775 τὸν
2383 4718 2838 4790 ἐγκεκρυμμένον
2892 4717 3123 4770 πλοῦτον
3172 4716 3269 4768 τοῦ
3328 4713 3645 4784 Πνεὺματος

368 4806 683 4873 prospicere
716 4822 826 4863 non
890 4810 1180 4881 valebant;
1210 4802 1324 4884 per.
1355 4815 1498 4884 ﬁlios
1536 4825 1717 4872 autem
1764 4834 1956 4887 paupe-

551 4897 735 4919 n.-.”
768 4900 811 4919 ,μ
844 4902 905 4919 η.
960 4904 972 4915 .
1011 4912 1024 4919 ,
1155 4904 1168 4917 .
1218 4918 1227 4919 ,
1370 4906 1381 4918 .

2082 4817 2121 4869 .o
2144 4815 2484 4884 δυναμένους
2509 4811 2921 4881 παρακύπτειν·
2951 4810 3101 4872 υἱοὺς
3132 4809 3188 4861 δὲ
3223 4807 3331 4860 τῶν
3364 4808 3639 4876 πενήτων,

2128 4910 2139 4919 .
2545 4905 2556 4919 ο
2751 4906 2763 4919 ι
2852 4906 2894 4919 ‘r
3045 4903 3055 4917 ο
3179 4896 3206 4919 τ
3304 4918 3311 4919 ,
3328 4902 3341 4919 ρ
3400 4918 3425 4919 7
3445 4917 3463 4919 _
3476 4916 3498 4919 -
3512 4900 3529 4919 ι
3546 4915 3564 4919 ᾼ
3576 4914 3595 4919 -
3610 4914 3631 4919 Α

368 4913 508 4964 rum,
547 4897 737 4955 ﬁdeles
768 4900 820 4955 in
843 4902 1121 4959 Christum
1155 4904 1426 4975 intelligit,
1449 4922 1680 4975 quorum
1702 4920 1955 4978 parentes

2082 4910 2188 4972 τοὺς
2221 4905 2660 4966 πεπιστευκότας
2716 4906 2797 4967 είς
2851 4903 3121 4975 Χριστόν’
3172 4897 3248 4955 ὧν
3294 4902 3344 4959 οἱ
3390 4900 3631 4968 πατέρες

368 4991 569 5058 pietate
598 5006 663 5046 ac
687 4993 952 5064 religione
973 5012 1244 5066 pauperes
1278 4997 1452 5063 fuere,
1486 4999 1669 5054 nullas
1695 5001 1959 5058 habentes

2082 5002 2294 5071 ιένητες
2315 4996 2454 5071 ἦσαν
2488 5000 2566 5062 εἰς
2590 4997 2899 5060 εὐσέϐειαν,
2934 4996 3024 5049 τὸν
3051 4995 3152 5063 τῆς
3181 4992 3443 5063 ἀληθείας
3466 4989 3636 5044 πλοῦ-

365 5088 588 5144 divitias
626 5106 768 5146 vera:
794 5094 1126 5163 cognitionis
1161 5094 1290 5161 Dei,
1327 5097 1409 5150 vcl
1442 5097 1592 5165 ipsos
1624 5099 1788 5152 etiam
1824 5114 1957 5170 apo-

366 5182 629 5237 stolorum
672 5185 1003 5256 discipulos.
1037 5186 1352 5243 Piscatores
1382 5190 1583 5244 etenim
1634 5199 1794 5246 erant
1823 5207 1955 5262 apo-

2055 5113 2146 5148 τον
2185 5096 2285 5147 οὐκ
2316 5093 2560 5163 ἔχοντες.
2589 5094 2658 5144 Ἢ
2688 5093 2783 5143 καὶ
2821 5091 2950 5152 τοὺς
2973 5087 3227 5160 μαθητὰς
3254 5086 3365 5140 τῶν
3397 5082 3637 5138 ἀποστό-

2055 5187 2162 5239 λων
2194 5185 2346 5248 υἱοὺς
2372 5187 2624 5254 πενήτων
2656 5182 2869 5250 οἰητέον
2890 5198 2902 5210 ·
2936 5180 3110 5243 ἁλιεῖς
3143 5181 3252 5250 γὰρ
3281 5180 3376 5232 καὶ
3420 5179 3634 5242 ἀτελεῖς

365 5278 516 5341 ιιιοιί,
558 5288 611 5333 et
638 5289 863 5350 aspectu
916 5282 1074 5336 viles.
1127 5279 1256 5336 Illos
1315 5280 1484 5352 igitur
1519 5324 1535 5348 ,
1588 5290 1648 5337 ut
1702 5285 1952 5341 inﬁdeles

2086 5281 2114 5330 ὸ
2141 5278 2469 5347 φαινόμενον
2493 5273 2635 5346 ἦσαν
2675 5278 2724 5329 οἱ
2756 5274 3050 5328 ἀπόστολοι
3073 5287 3085 5301 ·
3124 5271 3370 5335 ἐκείνους
3404 5272 3505 5343 μὲν
3534 5266 3633 5327 οὖν

363 5373 770 5438 condemnabit,
805 5376 905 5428 hos
944 5389 1075 5430 vero
1102 5373 1361 5442 salvabit,
1383 5380 1442 5429 ut
1470 5373 1678 5431 ﬁleles.

496 5639 654 5696 Joan.
682 5660 813 5709 xvn,
852 5646 940 5700 10.

2057 5371 2378 5438 κατακρινεῖ
2399 5368 2475 5430 ὡς
2502 5368 2910 5438 ἀπιστήσαντας
2931 5407 2943 5429 ,
2975 5366 3200 5428 τούτους
3241 5365 3299 5429 δὲ
3351 5363 3519 5423 σώσει
3552 5363 3631 5431 ὡς

2056 5461 2422 5515 πιστεύσαντα
2431 5478 2473 5520 ς.

1704 5741 1899 5803 ναι-ιω
1933 5741 2261 5803 lectiones.

428 5839 748 5910 ίϐἳμῖιιεερρ
788 5846 1111 5916 simpliciter
1149 5865 1163 5903 :
1212 5849 1341 5904 Filii
1370 5851 1506 5906 enim
1534 5849 1757 5919 populus
1814 5859 1890 5904 est
1933 5848 2067 5902 idem
2126 5857 2173 5900 et
2211 5846 2413 5902 Patris.
