4064 6442
538 402 651 476 725
1743 412 2139 478 COMMENT.

2195 415 2254 476 TN
2290 413 2655 478 PSALMOS.
3690 409 3800 476 7%

600 525 710 582 Kal
741 528 1102 583 ταπεινώσει
1133 526 1553 600 συκοφάντην.
1588 529 1693 584 Τὸν
1719 529 1995 594 διάϐολον,
2056 529 2115 591 ὃς
2144 526 2195 588 Α

2292 528 2360 582 Ει
2395 528 2700 583 humiliabit
2719 527 3183 584 calumniatorem.
3210 526 3497 583 Diabolum
3522 527 3813 590 nimirum,

527 618 690 671 αὐτὸν
732 621 826 671 τὸν
852 620 990 673 Θεὸν
1028 622 1248 692 πρῶτον
1291 621 1730 694 ἐσυκοφάντησε,
1792 624 1995 691 φήσας,
2022 620 2113 674 διὰ

2219 620 2312 691 qui
2346 620 2519 677 Deum
2547 622 2727 690 ipsum
2759 620 2938 690 primo
2967 620 3342 677 calumniatus
3368 627 3452 677 est
3481 663 3495 687 ,
3533 620 3809 677 invidiose

526 710 722 780 φθόνον
770 712 936 765 αὐτὸν
993 714 1375 784 ἀπαγορεῦσαι
1411 714 1504 768 τοῦ
1534 713 1704 782 φυτοῦ
1732 714 1833 779 τὴν
1868 712 2112 783 μετάλη-

2221 713 2372 766 illum
2400 713 2642 768 vetuisse
2676 727 2934 769 asserens
2966 754 2979 775 ,
3024 728 3093 768 ne
3123 712 3374 767 homines
3413 713 3480 766 de
3529 713 3678 783 ligno
3714 727 3811 767 su-

523 800 623 870 ψιν
643 819 656 833 ·
684 804 781 858 καὶ
824 806 1039 869 πάντας
1070 805 1127 858 δὲ
1158 809 1499 876 συκοφαντεῖ
1532 805 1628 859 καὶ
1678 804 1984 859 διαϐάλλει.
2022 805 2113 857 Διὸ

2223 813 2441 858 merent
2475 821 2489 857 :
2525 812 2579 858 et
2609 805 2701 873 qui
2737 819 2884 858 nunc
2917 805 3120 875 passim
3153 819 3348 859 omnes
3389 805 3553 858 etiam
3607 804 3819 857 calum-

528 892 627 944 καὶ
653 891 934 960 διάϐολος
959 895 1302 967 φερωνύμως
1330 897 1617 968 κέκληται.

2220 892 2423 947 niatur.
2464 891 2642 957 Unde,
2668 893 2828 963 juxta
2862 895 3100 950 nominis
3134 894 3548 966 etymologiam,
3588 909 3721 949 vere
3756 909 3820 948 ac

2221 985 2441 1055 proprie
2506 985 2763 1041 diabolus
2793 984 3123 1056 appellatur.
3159 986 3339 1057 (idem
3376 986 3521 1040 enim
3548 994 3636 1043 est
3663 985 3819 1042 Gra-

2221 1080 2303 1136 cis
2333 1079 2596 1146 diabolus,
2628 1079 2772 1148 quod
2810 1078 2999 1134 latinis
3036 1079 3454 1148 calumniator.)

595 1159 703 1213 Kal
736 1160 1196 1229 συμπαραμενεῖ
1226 1160 1307 1227 τῷ
1321 1162 1473 1231 ἡλίῳ
1499 1162 1596 1217 καὶ
1615 1162 1729 1231 πρὸ
1774 1160 1885 1230 τῆς
1926 1160 2116 1227 σελήο

2295 1173 2462 1230 Vens.
2513 1174 2566 1230 5.
2611 1172 2681 1229 Et
2733 1174 3058 1241 permanebit
3104 1188 3226 1228 cum
3273 1171 3383 1227 sole
3409 1183 3460 1227 et
3489 1182 3611 1227 ante
3637 1169 3821 1227 lunam

523 1266 639 1318 νης
653 1252 865 1319 γενεὰς
888 1252 1126 1323 γενεῶν.
1156 1255 1494 1325 Βουλόμενος
1512 1258 1752 1327 ἐμφῆναι
1780 1256 1838 1309 τό
1865 1272 1923 1308 τε
1952 1256 2122 1326 ἄναρ-

2222 1269 2587 1340 generaliones
2628 1270 3051 1340 generationum.
3090 1265 3398 1323 Ostendere
3444 1265 3637 1322 volens
3685 1264 3822 1319 Pro-

523 1360 617 1413 χον
643 1346 738 1399 καὶ
771 1348 829 1399 τὸ
857 1348 1216 1420 ἀτελεύτητον
1276 1350 1369 1406 τοῦ
1415 1349 1657 1422 Χριστοῦ
1687 1350 1830 1405 κατᾶ
1862 1350 1960 1421 τὴν
1992 1348 2114 1401 θεό-

2225 1362 2387 1433 plteta
2425 1359 2632 1417 Christi
2685 1360 3035 1416 divinitatem
3083 1360 3207 1415 sine
3250 1357 3528 1430 principio
3567 1370 3691 1414 esse
3719 1394 3735 1421 .
3766 1365 3822 1413 et

526 1454 662 1507 Ιτητα
689 1440 997 1509 παρέϐαλεν
1029 1443 1172 1497 αὐτὰ
1196 1447 1309 1507 τοῖς
1357 1445 1615 1515 μεγάλοις
1646 1445 1965 1517 φωστῆρσιν
1984 1464 1998 1479 ·
2021 1446 2122 1517 οὐχ

2224 1454 2345 1509 sine
2377 1454 2505 1520 line,
2529 1453 2747 1508 duobus
2774 1452 2990 1521 magnis
3017 1451 3388 1519 luminaribos
3427 1464 3549 1506 eam
3598 1462 3824 1520 compa-

523 1529 800 1600 εὑρίσκων
838 1535 897 1587 ὲν
917 1537 984 1606 τῇ
1011 1536 1182 1608 ὀρατῇ
1207 1537 1386 1591 κτίσει
1414 1538 1607 1608 ἑτέρας
1625 1538 2123 1611 εἰκόναςὲπισημο-

2225 1547 2368 1601 ravit
2402 1563 2416 1599 :
2446 1545 2896 1616 quandoquidem
2921 1544 3069 1599 inter
3090 1558 3288 1601 omnes
3318 1542 3566 1599 visibiles
3603 1546 3823 1597 creatu-

523 1619 692 1687 τέρας
728 1625 822 1678 καὶ⁵
873 1626 1289 1699 διαρκεστέρας.
1321 1632 1778 1701 Συμπαραμενεϊ,
1831 1634 1967 1703 φησὶ
1994 1674 2008 1697 ,
2042 1630 2119 1701 τῷ

2227 1653 2318 1694 ras
2344 1638 2559 1708 potiora
2587 1636 2837 1707 exempla
2877 1643 2973 1691 aut
3011 1634 3391 1690 diuturniores
3423 1631 3820 1688 similitudines

524 1709 684 1782 ἡλίῳ,
734 1715 1037 1783 τουτέστιν,
1069 1718 1225 1771 ἔσται
1256 1719 1448 1790 μέχρις
1480 1718 1634 1772 ἔστιν
1680 1722 1708 1773 ὀ
1740 1721 1916 1790 ἥλιος.
1950 1719 2120 1773 ’ἰδίω-

2229 1731 2461 1787 inveniri
2490 1729 2861 1800 nequiverint.
2891 1726 3264 1790 Permanebit,
3297 1725 3503 1796 inquit,
3526 1739 3649 1780 eum
3677 1723 3819 1787 sole,

528 1819 605 1869 μα
630 1803 685 1856 δὲ
713 1807 813 1877 τῆς
861 1808 1087 1880 Γραφῆς
1139 1811 1199 1863 τὸ
1247 1813 1407 1883 μέχρι
1447 1815 1547 1882 μεν
1578 1830 1727 1876 τινος
1760 1812 2005 1885 ὁρίζειν·
2060 1811 2122 1866 τδ

2232 1824 2336 1879 hoc
2367 1832 2470 1887 est,
2506 1824 2611 1878 erit
2649 1824 2827 1878 donec
2874 1821 2983 1877 erit
3013 1821 3115 1876 sol.
3161 1819 3259 1876 Est
3306 1830 3490 1875 autem
3527 1817 3825 1890 peculiaris

521 1894 571 1947 δ’
602 1896 755 1964 ἑξῆς,
804 1900 878 1968 μὴ
913 1903 1257 1970 ἀναίνεσθαι,
1288 1905 1365 1968 ὼς
1392 1906 1450 1959 ἐν
1480 1905 1690 1977 ἑτέροις
1717 1905 1954 1976 ἐροῦμεν
1983 1905 2122 1958 πλα-

2228 1915 2452 1986 quidam
2490 1915 2750 1985 loquendi
2783 1914 2983 1969 modus
3019 1914 3166 1983 apud
3193 1911 3538 1981 Scripturam
3583 1923 3822 1972 sacram,

520 1986 785 2058 τύτερονο
816 1992 955 2047 ¹ἀλλ’
1002 1994 1148 2049 οὕτω
1182 1996 1282 2066 μὲν
1319 1996 1380 2050 τὸ
1415 1996 1777 2068 ἀτελεύτητον
1798 2012 1815 2029 ·
1867 1992 1990 2050 εἶτα
2025 1997 2119 2049 καὶ

2230 2020 2289 2066 ιιι
2314 2020 2530 2079 tempus
2561 2023 2738 2078 usque
2771 2009 2838 2060 ad
2872 2004 3078 2076 aliquid
3126 2004 3460 2059 determinet
3493 2044 3508 2067 ,
3564 2012 3619 2055 et
3669 2001 3821 2069 quod

521 2080 656 2171 ⁴ἔτερ).
687 2079 784 2171 τοῦ
832 2082 1073 2154 ἀνάρχου
1108 2087 1296 2155 φησὶν,
1329 2088 1413 2140 ὅτι
1444 2088 1540 2140 καὶ
1591 2089 1711 2167 πρδ’
1746 2087 1849 2157 τῆς
1885 2087 2120 2158 σελήνης

2230 2101 2507 2171 sequitur,
2539 2114 2649 2155 non
2680 2105 2861 2168 neget,
2890 2105 2952 2151 ut
2983 2096 3112 2150 alibi
3147 2095 3311 2149 latius
3342 2094 3585 2148 diximus
3608 2131 3624 2153 ,
3649 2102 3705 2145 et
3736 2092 3788 2143 di
3808 2120 3823 2130 -

521 2165 610 2239 ἦν·
646 2170 721 2225 Τδ
746 2171 809 2226 δὲ
833 2177 1043 2243 γενεᾶς
1078 2177 1321 2247 γενεῶν,
1348 2179 1470 2233 ἀντὶ
1494 2179 1588 2233 τοῦ
1633 2179 1824 2251 διαστή
1835 2196 1978 2250 ματα
2005 2179 2121 2232 δια-

2229 2165 2418 2249 ceruus
2451 2211 2473 2248 :-
2498 2201 2554 2249 et
2585 2193 2690 2246 hoc
2716 2165 2877 2261 pacto
2904 2192 3125 2258 quidem
3155 2187 3365 2244 Christi
3392 2184 3813 2256 perpetuitatem

524 2261 841 2356 στημάτων,
871 2265 1062 2336 ἤγουν,
1087 2268 1443 2340 διαστήματα
1481 2270 1690 2341 ἄπειρα
1715 2286 1730 2300 ·
1781 2271 1978 2338 γενεὰν
2017 2287 2120 2323 κα-

2229 2287 2467 2356 οιριίοοῑ
2495 2301 2562 2340 ex
2594 2292 2750 2356 parte
2779 2285 2927 2339 linis.
2973 2282 3180 2339 Deinde
3210 2281 3376 2337 etiam
3414 2279 3660 2334 declarat
3687 2291 3827 2347 quo-

522 2352 632 2405 λῶν
660 2355 938 2427 διάστημα
968 2360 1165 2429 χρόνου
1186 2379 1200 2394 ο
1236 2364 1363 2418 ὅσον
1396 2364 1463 2418 ἂν
1486 2364 1552 2436 ζῇ
1590 2363 1770 2431 γένος.
1810 2363 1993 2416 εῐτουν
2024 2362 2119 2417 άν-

2231 2352 2391 2433 ιιιοίιο
2417 2381 2488 2435 sit
2518 2352 2729 2447 absque
2761 2376 3033 2448 principio
3072 2395 3087 2429 :
3122 2384 3175 2430 et
3208 2374 3344 2430 dicit
3372 2372 3520 2442 quod
3553 2376 3827 2425 eratante

524 2447 768 2516 θρωπος.
798 2451 956 2504 Ἐστι
977 2452 1035 2506 δὲ
1067 2457 1164 2509 καὶ
1190 2455 1367 2521 ἄλλως
1395 2457 1572 2509 εἰπεῖν
1605 2455 1757 2525 ἥλιον
1784 2453 1883 2524 τὴν
1927 2455 2120 2524 θεότη-

2229 2471 2436 2527 lunam.
2482 2457 2637 2538 Quod
2699 2484 2831 2523 vero
2868 2469 2944 2523 ait
2973 2485 2987 2523 :
3016 2468 3380 2538 generationes
3402 2463 3824 2535 generationem,

518 2554 643 2592 τα*
681 2541 711 2594 δ
743 2543 851 2613 γὰρ
889 2547 948 2599 ἐν
993 2549 1110 2609 τοῖς
1154 2548 1436 2619 αἰσθητοῖς
1481 2549 1653 2620 ἥλιος,
1699 2546 1864 2601 τοῦτο
1896 2549 1955 2601 ἐν
2008 2549 2120 2610 τοῖς

2232 2564 2373 2619 idem
2409 2564 2513 2617 sibi
2548 2562 2665 2616 vult
2696 2576 2762 2615 ac
2797 2562 2840 2615 si
2869 2561 3119 2626 dixisset,
3155 2572 3249 2629 per
3291 2556 3468 2626 spatia
3494 2553 3824 2624 spatiorum,

525 2638 737 2697 veneni;
773 2636 934 2703 Θεὸς,
966 2640 1109 2693 κατὰ
1140 2640 1233 2695 τὸν
1258 2642 1526 2711 Θεολόγον
1574 2641 1899 2712 Γρηγὸριον.
1930 2634 2119 2714 ’ᾙτινι

2232 2658 2337 2712 hoc
2371 2663 2478 2723 est,
2517 2670 2614 2725 per
2649 2654 2920 2710 immensa
2959 2662 3127 2723 atque
3152 2650 3362 2706 inﬁnita
3392 2657 3704 2717 temporum
3737 2645 3822 2698 in-

524 2724 749 2796 θεότητι
811 2737 1238 2803 συμπαραμενεῖ
1260 2737 1293 2807 ἡ
1327 2736 1424 2789 ἀνθ
1435 2738 1707 2807 ρωπότης,
1734 2735 1880 2800 ἆπαξ
1901 2736 2120 2790 ἐνωθεῖ-

2234 2746 2477 2802 tervalla.
2515 2724 2615 2800 Der
2640 2743 3053 2815 generationem
3118 2739 3323 2795 etenim
3376 2735 3644 2805 temporis
3700 2728 3827 2801 spn-

528 2832 600 2870 σα
628 2819 801 2890 αὐτῇ·
846 2822 943 2873 καὶ
976 2824 1235 2879 οὐδέποτε
1287 2828 1458 2897 αὐτῆς
1500 2827 1930 2900 χωρισθήσεται.
1987 2823 2122 2881 Εἶτα

2230 2843 2367 2894 tium
2403 2837 2704 2904 intellexit,
2732 2836 2884 2892 verbi
2907 2834 3104 2906 gratia,
3126 2842 3391 2902 quantum
3420 2844 3525 2884 una
3546 2827 3826 2881 hominum

528 2909 761 2982 σελήνην
796 2913 1013 2984 νοήσεις
1064 2916 1165 2990 τὴν
1228 2918 1559 2990 Ἐκκλησίαν
1610 2919 1721 2974 τῶν
1761 2919 1993 2985 πιστῶν,
2055 2913 2123 2988 ἦς

2232 2931 2536 3002 generatio,
2556 2929 2671 2987 .lmc
2702 2935 2807 2991 est,
2841 2933 3108 2997 quantum
3150 2937 3294 2977 unus
3331 2922 3494 2974 homo
3523 2925 3705 2987 potest
3738 2933 3830 2971 su-

532 3003 643 3072 πρὸ
696 3006 996 3074 προσώπου
1048 3011 1141 3063 καὶ
1179 3011 1413 3066 ἐνώπιον
1460 3013 1489 3065 ὁ
1525 3012 1763 3082 Χριστὸς
1826 3011 1982 3083 ἔστη,
2043 3014 2122 3076 εἰς

2232 3021 2541 3093 pervivere.
2576 3019 2675 3076 Vel
2717 3020 2875 3074 aliter
2905 3039 2919 3075 :
2955 3017 3138 3073 Solem
3176 3015 3365 3083 accipe
3385 3028 3482 3081 pro
3506 3009 3825 3070 divinitate,

526 3096 722 3160 γενεὰς
750 3098 993 3167 γενεῶν,
1035 3102 1338 3167 τουτέστιν,
1390 3103 1514 3158 ἀεί’
1567 3104 1761 3169 ὥσπερ
1809 3104 1867 3157 δὲ
1919 3103 2121 3174 σελήνη

2233 3128 2390 3179 cum,
2413 3120 2474 3167 ut
2502 3111 2815 3184 Theologus
2852 3109 3146 3180 Gregorius
3176 3106 3334 3171 dixit,
3370 3105 3421 3158 id
3460 3103 3531 3159 sit
3571 3100 3832 3157 Densiu-

526 3188 638 3241 ἀπὸ
662 3189 762 3302 τοῦ
804 3192 956 3263 ἡλίου
980 3194 1257 3264 λαμϐάνει
1282 3195 1346 3249 τὸ
1379 3196 1516 3266 φῶς,
1564 3195 1709 3249 οὕτω
1761 3196 1856 3250 καὶ
1892 3195 2030 3265 αὕτη
2063 3196 2122 3248 τὸ

2233 3212 2316 3258 ter
2346 3202 2748 3259 intellectuales
2782 3210 3066 3257 creaturas
3093 3240 3110 3263 ,
3144 3198 3290 3266 quod
3333 3197 3414 3251 sol
3474 3195 3618 3248 inter
3652 3194 3833 3245 sensi-

526 3279 718 3349 νοητὸν
753 3282 870 3351 φῶς
902 3285 1012 3338 ἀπὸ
1065 3285 1162 3339 τοῦ
1208 3287 1395 3341 Ἠλίου
1439 3289 1539 3359 τῆς
1590 3288 1943 3359 δικαιοσύνης
1991 3291 2124 3359 Χρι-

2234 3293 2393 3350 biles.
2431 3293 2568 3351 Cum
2603 3293 2909 3348 hacautem
2942 3289 3231 3345 divinitate
3255 3294 3519 3356 perpetuo
3542 3289 3831 3353 permanet

528 3373 680 3441 στοῦ,
705 3378 800 3432 καὶ
821 3384 1158 3451 καταυγάζει
1187 3385 1314 3448 τοὺς
1340 3388 1399 3440 ὲν
1425 3386 1584 3443 νυκτὶ
1633 3388 1732 3459 τῆς
1762 3387 1996 3459 πλάνης,
2030 3388 2126 3441 καὶ

2234 3384 2441 3441 Christi
2471 3382 2810 3451 humanitas,
2837 3397 2905 3436 ex
2937 3395 3048 3452 quo
3079 3380 3126 3435 ei
3158 3378 3327 3434 semel
3371 3385 3454 3433 est
3511 3375 3827 3442 conjuncta.

528 3468 631 3535 τὴν
669 3471 888 3529 εὐθεῖαν
912 3475 1032 3531 ὁδὸν
1062 3478 1440 3535 ὑποδείκνυσι.
2058 3492 2071 3507 ³

2234 3487 2291 3535 et
2319 3479 2388 3534 ab
2426 3493 2490 3534 ea
2520 3492 2805 3549 nunquam
2836 3481 3124 3546 separatur
3171 3490 3186 3527 :
3215 3480 3271 3527 et
3300 3486 3399 3542 per
3434 3472 3620 3525 lunam
3654 3469 3829 3536 ipsam

534 3561 771 3620 ﬁdelium
804 3566 1104 3626 Eccleslam
1136 3572 1401 3643 intelligo,
1433 3581 1560 3629 ante
1598 3575 1759 3646 cujus
1815 3575 2007 3630 faciem
2055 3580 2109 3629 et
2144 3588 2331 3630 coram
2365 3586 2476 3642 qua
2528 3570 2779 3627 Christus
2832 3578 2956 3625 erat
3029 3568 3087 3622 in
3157 3564 3540 3636 generationes
3603 3574 3838 3630 genera-

484 3643 493 3657 ’
534 3657 745 3710 tionum
774 3697 789 3722 ,
815 3659 921 3715 hoc
967 3670 1085 3725 est,
1115 3672 1404 3735 perpetuo.
1460 3666 1593 3721 Nam
1646 3643 2109 3738 quemadmodum
2144 3668 2277 3723 luna
2310 3680 2339 3720 a
2370 3666 2525 3731 sole,
2596 3666 2671 3720 ita
2740 3663 2989 3721 Ecclesia
3029 3677 3058 3716 a
3105 3660 3324 3716 Christo
3374 3657 3546 3711 altero
3605 3654 3835 3722 iustitiae

532 3752 667 3817 sole,
705 3753 883 3810 lucem
935 3757 1168 3827 accipit;
1219 3758 1365 3814 unde
1408 3774 1503 3814 eos
1551 3776 1744 3818 omnes
1798 3762 2125 3827 illuminat,
2167 3761 2262 3829 qui
2290 3761 2345 3815 in
2368 3758 2581 3817 erroris
2612 3766 2741 3815 sunt
2778 3766 2959 3823 nocte,
2992 3752 3377 3811 recttttn.illis.
3416 3748 3670 3807 videlicet
3714 3747 3832 3800 cal-

535 3846 638 3898 lem
677 3845 1089 3904 demonstrans.

597 3938 1016 4009 Καταϐήσεται
1054 3942 1135 4007 ὡς
1180 3946 1355 4010 ὑετὸς
1415 3945 1513 3998 ἐπὶ
1583 3948 1797 4008 πόκον,
1832 3948 1929 4001 καὶ
1985 3948 2128 4003 ὡσεὶ

2314 3940 2484 3996 Vens.
2518 3938 2572 3993 6.
2612 3936 2902 3993 Descendel
2929 3935 3067 3989 sicut
3090 3932 3273 4001 pluvia
3298 3933 3358 3985 in
3393 3929 3578 3997 vellus,
3608 3936 3659 3982 et
3694 3928 3833 3981 sicut

537 4032 833 4099 σταγόνες
860 4030 1187 4094 στάζουσαι
1220 4036 1320 4089 ἐπὶ
1353 4036 1469 4105 τὴν
1498 4039 1636 4109 γῆν.
1683 4037 1757 4091 Τὸ
1785 4040 2011 4109 amet;
2045 4041 2132 4093 ἐνο

2240 4034 2390 4089 stilla
2418 4031 2637 4086 stillans
2656 4044 2831 4097 super
2863 4035 3086 4079 terram.
3125 4025 3295 4078 Docet
3320 4018 3617 4091 quomodo.
3646 4017 3835 4072 divina

537 4121 713 4177 ταῦθα
738 4124 1004 4193 μηνύεται
1034 4126 1136 4193 τῆς
1164 4127 1257 4180 τοῦ
1284 4128 1460 4197 Λόγου
1486 4129 1820 4199 σαρκώσεως
1852 4129 2131 4183 καταϐάν-

2237 4126 2404 4183 Verbi
2444 4120 2758 4179 inearnatio
2793 4119 3034 4173 latenter
3063 4130 3129 4171 ac
3166 4115 3306 4168 clam
3366 4112 3514 4167 laeta
3556 4111 3629 4166 sit
3670 4126 3683 4162 :
3727 4109 3830 4164 dc-

537 4229 628 4275 τος
654 4214 1074 4285 ἀνεπαισθήτως
1103 4220 1196 4272 ἐπὶ
1226 4220 1326 4290 τὴν
1366 4221 1536 4289 νηδὺν
1583 4222 1685 4291 τῆς
1725 4222 2027 4293 Παρθένου.
2074 4223 2133 4275 '0

2244 4217 2550 4278 scendente
2574 4215 2835 4268 nimirum
2868 4211 3038 4265 verbo
3071 4205 3473 4263 insensibiliter
3505 4203 3558 4257 in
3592 4202 3834 4274 Virginis

541 4307 650 4375 γάρ
681 4308 834 4371 ὑετὺς
868 4309 1388 4380 ἀψοφητὶ-..κάτεισιν
1413 4313 1511 4366 ἐπὶ
1579 4313 1673 4367 τὸν
1710 4313 2136 4384 πόκον,,ὁμοίως

2243 4324 2486 4368 uterum.
2520 4305 2712 4362 Pluvia
2731 4303 2933 4361 etenim
2956 4302 3169 4371 absque
3199 4297 3312 4354 ullo
3338 4296 3572 4366 strepitu
3608 4295 3661 4348 in
3696 4295 3833 4351 lanae

539 4403 595 4455 δὲ
623 4403 766 4472 καὶὴ
801 4404 1013 4472 σταγὼν
1036 4405 1130 4460 ἐπὶ
1159 4407 1259 4479 τὴν
1286 4410 1412 4479 γῆν.
1440 4406 1668 4478 Σταγὼν
1697 4407 1754 4461 δέ
1800 4409 1948 4462 ἐστιν
1970 4411 2001 4479 ἠ
2027 4408 2135 4480 πρὸ

2244 4405 2453 4459 vellera
2485 4397 2776 4457 descendit
2810 4412 2825 4450 :
2860 4403 3030 4466 atque
3083 4391 3277 4447 eodem
3315 4396 3481 4461 pacto
3523 4387 3669 4442 stilla
3710 4403 3834 4457 quae

544 4493 639 4547 τοῦ
681 4497 892 4565 νείφειν
925 4499 1201 4571 σποράδην
1258 4501 1351 4554 καὶ
1381 4503 1446 4555 ἐκ
1474 4500 1885 4572 διαλειμμάτων
1938 4520 2138 4574 κατερ-

2245 4497 2300 4552 in
2332 4504 2537 4551 terram
2573 4492 2742 4546 cadit.
2786 4487 2989 4542 Verum
3043 4499 3142 4555 per
3176 4481 3353 4539 stillas
3380 4521 3396 4547 ,
3425 4478 3832 4536 minutissimas

548 4586 775 4656 χομένη.
1158 4570 1165 4571 ί
1655 4570 1710 4572 Π
2081 4570 2092 4574 ’
2169 4570 2368 4643 Πίιιοε
2426 4593 2651 4657 guttas,
2709 4596 2811 4637 seu
2888 4578 3084 4649 potius
3145 4590 3301 4631 rores
3381 4570 3675 4642 intelligit,
3737 4571 3831 4641 qui

2243 4690 2371 4733 ante
2408 4676 2653 4747 pluviam
2688 4688 2752 4728 ex
2801 4668 3095 4725 intervallo
3124 4664 3363 4737 sparsim
3397 4664 3695 4719 in.terratn
3744 4677 3836 4717 ca-

2241 4764 2435 4825 tlunt.‘

631 4851 941 4907 Ἀνατελεῖ
966 4854 1039 4909 ἐν
1078 4856 1209 4923 ταῖς
1240 4856 1494 4927 ἡμέραις
1528 4860 1715 4914 αὑτοῦ
1751 4860 2137 4932 δικαιοσύνη,

2319 4855 2483 4913 Vens.
2511 4856 2565 4910 7.
2607 4852 2823 4912 arietur
2848 4850 2904 4904 in
2944 4847 3129 4903 diebus
3157 4846 3274 4917 ejus
3304 4846 3527 4917 justitia
3561 4855 3611 4901 et
3651 4844 3836 4899 mulli-

548 4946 646 5000 καὶ
689 4948 924 5017 πλῆθος
951 4947 1196 5019 εἰρήνης
1241 4951 1352 5018 ἕως
1391 4948 1469 5010 οὗ
1511 4954 1917 5026 ἀνταναιρεθῇ
1960 4958 2000 5027 ἡ
2034 4974 2139 5012 σε-

2244 4948 2372 5003 tudo
2403 4948 2552 5018 pacis
2590 4946 2757 5001 donec
2780 4942 3067 5012 auferatur
3093 4939 3246 4995 luna.
3279 4936 3421 4996 Nato
3450 4938 3655 4995 etenim
3679 4936 3834 4992 Chri-

550 5038 735 5107 λήνη.
789 5040 1150 5112 Γεννηθέντος
1181 5044 1292 5116 γὰρ
1321 5045 1414 5099 τοῦ
1455 5047 1720 5115 Χριστοῦ,
1776 5050 1833 5102 αἱ
1882 5049 2136 5121 διάφοροι

2248 5052 2334 5098 sto
2375 5042 2525 5095 varia
2585 5038 2829 5110 gentium
2901 5050 3068 5107 regna
3124 5035 3178 5089 in
3229 5048 3396 5089 unam
3458 5031 3832 5087 Romanorum

549 5132 845 5204 τοπαρχίαι
895 5135 1003 5188 τῶν
1030 5135 1199 5189 ἐθνῶν
1251 5138 1332 5201 είς
1372 5141 1673 5212 μοναρχίαν
1701 5141 1804 5215 τὴν
1854 5143 1966 5197 τῶν
2008 5143 2139 5199 Ῥω-

2249 5133 2627 5190 monarcltiam
2686 5130 2923 5187 deducta
2979 5138 3128 5185 sunt.
3178 5125 3335 5182 Exiit
3412 5124 3580 5188 enim,
3626 5123 3830 5192 inquit,

556 5223 731 5292 μαίων
776 5223 1166 5297 περιέστησαν.
1253 5210 1523 5299 Ἐξνῆλθεί
1558 5210 1688 5304 τὰρ,
1732 5210 1887 5303 (pact,
1946 5233 2139 5304 δόγμα

2246 5229 2475 5282 edictum
2503 5240 2536 5277 a
2567 5221 2783 5276 Ca'sare
2811 5220 3074 5288 Augusto,
3105 5224 3162 5267 ut
3197 5212 3589 5267 describantur
3620 5210 3831 5262 univer-

552 5313 711 5382 παρὰ
738 5316 1036 5384 Καίσαρος
1051 5321 1428 5389 Αὐγούστου,
1447 5303 1899 5394 ἀπογράφεσθαι
1930 5303 2140 5383 πᾶσαν

2248 5338 2338 5376 sus
2371 5319 2515 5373 orbis
2550 5316 2591 5372 ³.
2625 5315 2785 5369 Tunc
2815 5313 2989 5383 igitur
3038 5308 3320 5369 civitates,
3373 5320 3496 5374 quae
3539 5303 3683 5357 inter
3712 5315 3835 5357 sese

553 5406 669 5475 τὴν
696 5409 1077 5480 οἰκουμένην.
1111 5414 1246 5466 Τότε
1280 5415 1464 5470 τοίνυν
1529 5418 1838 5489 ἐκέχρηντο
1866 5418 2142 5472 δικαιοσύ-

2250 5424 2410 5468 antea
2452 5407 2776 5465 inimicitias
2809 5409 3196 5462 exercuerant,
3251 5413 3360 5452 uno
3391 5403 3609 5449 tantum
3655 5396 3830 5461 ἰιιιρο-

552 5517 618 5571 νῃ
644 5503 736 5555 καὶ
760 5504 953 5576 εἰρήνῃ
977 5506 1112 5577 πρδς
1137 5508 1374 5579 ἀλλήλας
1408 5513 1463 5564 αἱ
1490 5488 1635 5582 πρὶν
1662 5511 1911 5583 πολέμιο.
1954 5513 2133 5579 πόλει,

2253 5516 2433 5562 ratore
2465 5502 2649 5559 omnia
2679 5495 3027 5555 moderante,
3086 5498 3277 5543 mutua
3324 5488 3542 5557 iustitia
3595 5501 3659 5543 ac
3684 5497 3822 5553 pace

554 5592 660 5648 ὑπὸ
689 5596 824 5664 μιᾶς
878 5597 1193 5669 ίθυνόμεναι
1257 5581 1559 5672 βασιλείας.
1622 5581 2036 5676 Ἀνταναίρεσιν
2082 5604 2141 5659 δὲ

2254 5601 2569 5657 utebantur.
2609 5595 2677 5649 Et
2731 5588 2877 5662 quod
2909 5587 2985 5642 ait
3013 5603 3026 5641 :
3057 5585 3222 5641 donec
3246 5581 3526 5651 auferatur
3558 5581 3704 5640 luna,
3736 5590 3832 5643 pot-

554 5687 652 5756 τιῆς
683 5690 931 5762 σελήνης,
963 5694 1164 5760 εἴτουν,
1205 5697 1487 5770 ἀναίρεσιν
1543 5699 1700 5756 καλεῖ
1740 5698 1842 5770 τὴν
1885 5668 1976 5755 ἐπὶ
2016 5716 2141 5752 συντ-

2255 5694 2363 5750 suit
2388 5707 2508 5763 pro,
2531 5691 2706 5745 donec
2752 5681 2982 5740 luttaab
3012 5678 3190 5734 otlicio
3218 5689 3321 5733 suo
3337 5684 3539 5737 cesset,
3577 5668 3720 5744 quod
3748 5668 3840 5719 ni»

592 5870 613 5903 ³
643 5871 777 5929 Luc.
817 5890 875 5941 Il,
909 5876 967 5930 l.
