4064 6442
229 420 345 487 ’129

1404 426 1801 488 COMMENT.
1844 423 1928 485 IN
1968 422 2334 484 PSALMOS.

3397 402 3503 480 τσο

226 553 412 610 γματι
460 536 974 610 μεταϐληθήσονται
997 556 1013 572 ο
1067 539 1165 594 καὶ
1194 539 1264 594 τὰ
1296 540 1465 612 ἐδάφη
1519 542 1626 595 τῶν
1661 540 1819 610 ἱερῶν

1925 537 2368 609 prmdicationem
2400 541 2738 605 oppugnant,
2768 532 2925 588 multi
2950 546 3143 589 eorum
3175 541 3502 588 converten-

226 628 405 683 αὐτοῦ
439 629 583 684 ναῶν
617 630 1109 702 καταφιλήσουσιν.
1168 631 1239 684 Ἢ
1271 632 1365 685 καὶ
1393 628 1555 695 αὖθις
1586 630 1816 702 ἐχθροὺς

223 721 400 776 αὐτοῦ
446 723 574 786 τοὺς
615 722 884 793 δαίμονας
920 723 1304 794 ὑποληπτέον,
1355 724 1549 788 οἵτινες
1596 726 1675 788 είς
1710 726 1816 794 γῆν

223 815 341 868 ὑπὸ
370 815 478 869 τῶν
527 814 771 869 εὐσεόὦν
825 815 1338 886 καταϐληοήσονται
1385 817 1481 869 καὶ
1523 832 1815 885 συμπατη-

222 904 493 975 Θήσονται
544 906 801 959 τοσοῦτον
834 907 910 970 ὡς
940 906 1119 959 δοκεῖν
1171 906 1370 977 λείχειν
1403 907 1502 978 τὴν
1531 907 1656 979 γῆν,
1689 908 1816 973 ἐξα-

222 997 497 1066 ναστῆναι
528 997 604 1067 μὴ
633 1000 1107 1069 συγχωρούμενοι.

298 1195 588 1263 Βασιλεῖς
627 1196 882 1265 Θαρσεῖς
910 1198 1009 1251 καὶ
1040 1198 1225 1266 νῆσοι
1259 1200 1418 1267 δῶρα
1449 1200 1819 1268 προσοίσον-

221 1305 315 1351 σι,
336 1287 632 1353 ,βασιλεῖς
682 1289 945 1356 Ἀράϐων
970 1288 1067 1344 καὶ
1096 1290 1256 1345 Σαόᾶ
1297 1290 1453 1359 δῶρα
1474 1290 1817 1358 προσάξου-

219 1397 313 1435 σι.
355 1382 597 1450 Θαρσεῖς
665 1379 764 1450 τὴν
828 1381 1155 1451 Καρχηδόνα
1210 1383 1413 1447 πάντες
1464 1382 1815 1451 ὀνομάζουσι,

220 1476 664 1546 προκαθημένην
696 1474 798 1544 τῆς
828 1474 1060 1544 Λιϐύης.
1093 1475 1242 1529 Σαϐὰ
1260 1476 1317 1529 δὲ
1353 1475 1511 1537 πόλις
1540 1476 1691 1529 ἐστὶν
1720 1475 1820 1529 Ἰν·

220 1568 344 1631 δίας
379 1565 849 1637 περιφανεστέρα.
890 1565 1013 1619 Τῶν
1045 1569 1104 1620 ὲν
1153 1567 1292 1638 αὐτῇ
1332 1566 1443 1620 τῶν
1477 1568 1817 1637 ἐπισημοτέ-

224 1678 341 1729 ρων
368 1659 465 1713 οὖν
520 1659 643 1712 τότε
679 1658 971 1730 βασιλειῶν
1020 1658 1430 1730 μνημονεύσας,
1478 1660 1568 1714 διὰ
1610 1658 1819 1713 τούτων

220 1753 321 1807 καὶ
344 1752 448 1815 τὰς
490 1750 659 1814 ἄλλας
694 1752 958 1821 ἐνέφηνεν
981 1764 998 1781 ο
1029 1751 1057 1805 ὅ
1085 1752 1181 1805 καὶ
1202 1751 1293 1806 διὰ
1319 1751 1429 1805 τῶν
1458 1753 1587 1823 ἑξῆς
1613 1752 1821 1824 ἐδήλω-

1923 639 2034 695 tur,
2091 639 2146 684 et
2198 635 2517 684 sanctorum
2570 625 2776 682 Christi
2833 625 3163 697 templorum
3221 625 3397 681 solum
3440 640 3504 680 ac

1860 734 1865 737 '
1919 722 2233 792 pavimenta
2263 720 2753 776 exosculahuntur.
2782 717 2880 773 Vel
2913 733 3132 786 rursus,
3171 734 3267 788 per
3294 717 3503 772 Christi

1917 813 2194 879 inimicos,
2221 813 2499 867 daemones
2532 811 2787 883 intellige,
2822 811 2917 882 qui
2957 826 2988 866 a
3031 812 3246 867 sanctis
3283 811 3421 865 viris
3447 812 3501 864 in

1920 909 2123 959 terram
2152 903 2503 974 dejicientur,
2535 912 2703 973 atque
2732 904 2871 958 adeo
2910 903 3414 968 conculcabuntur,
3445 914 3503 956 ut

1920 999 2098 1068 ipsam
2134 997 2361 1050 humum
2395 995 2639 1051 lambere
2671 996 2985 1063 videantur,
3042 995 3174 1051 dum
3211 996 3366 1050 illinc
3403 1011 3500 1050 ex-

1920 1104 2148 1159 surgere
2181 1097 2485 1159 nequeunt.

1992 1204 2155 1261 Vsus.
2204 1203 2293 1258 10.
2323 1203 2488 1274 Reges
2557 1202 2781 1257 Tharria
2811 1209 2862 1257 et
2887 1201 3083 1258 insula:
3106 1217 3328 1256 munera
3376 1201 3504 1270 οπε-

1921 1306 2059 1365 rent,
2089 1313 2233 1367 reges
2265 1297 2534 1362 Arabum,
2571 1303 2623 1351 et
2673 1296 2823 1352 Saba
2858 1295 3005 1351 dona
3060 1296 3351 1349 adducent.
3403 1293 3506 1349 Per

1920 1389 2150 1446 Tharsis
2203 1389 2552 1459 expositores
2589 1402 2784 1444 omnes
2829 1388 3187 1459 Carthaginis
3223 1387 3503 1444 civitatem

1923 1482 2257 1551 intelligunt,
2291 1496 2410 1551 quae
2437 1490 2523 1535 est
2565 1478 2751 1550 Libya:
2780 1488 2967 1549 caput,
2996 1487 3051 1534 et
3079 1493 3178 1549 per
3209 1478 3376 1543 Saba,
3417 1477 3505 1532 ei-

1920 1574 2143 1629 vitatem
2174 1572 2463 1643 quamdam
2482 1572 2739 1627 Indorum
2769 1570 3209 1626 celeberrimam.
3231 1569 3506 1639 insignio-

1920 1680 2043 1720 rum
2080 1663 2249 1732 igitur
2269 1677 2459 1734 regum
2486 1662 2807 1718 memoriam
2840 1660 3052 1716 faciens
3073 1659 3374 1730 Propheta,
3397 1660 3503 1714 alia

1922 1757 2133 1829 pariter
2181 1771 2348 1828 regna
2383 1755 2568 1810 omnia
2625 1753 2923 1809 denotasse
2955 1751 3210 1814 videtur;
3250 1750 3401 1821 quod
3435 1763 3503 1804 ex

222 1863 290 1899 σε
328 1845 576 1914 στίχων⁹
614 1843 916 1917 συλλήϐδην
960 1845 1172 1910 πάντας
1223 1846 1352 1909 τοὺς
1397 1846 1641 1917 βασιλεῖς
1721 1844 1819 1901 καὶ

1923 1849 2286 1921 sequentibus
2307 1847 2474 1904 etiam
2505 1845 2858 1902 manifestius
2891 1853 3140 1916 apparet,
3172 1844 3303 1899 dum
3336 1841 3504 1897 colle-

222 1935 411 1987 πάντα
445 1931 518 1987 τὰ
569 1931 696 2003 ἔθνη
728 1933 928 2003 φήσας,
960 1932 1040 1999 ὡς
1073 1935 1133 1988 ὲν
1164 1934 1244 2007 τῷ
1278 1935 1354 2001 ξδ’
1385 1935 1587 2006 ψαλμῷ
1618 1934 1821 2005 ἐδηλώ-

223 2043 431 2096 σαμεν.
458 2024 682 2096 Νήσους
736 2025 794 2079 δὲ
833 2025 930 2091 τὰς
961 2027 1022 2082 ὲν
1045 2028 1113 2097 τῇ
1143 2026 1388 2099 θαλάσση
1423 2028 1604 2092 πάσας
1632 2027 1818 2099 φησίν.

224 2119 444 2181 Ὄντως
479 2118 539 2172 δὲ
576 2120 687 2173 πᾶν
719 2118 876 2183 ἔθνος
908 2120 1293 2195 ὲδωροφόρησε
1339 2121 1418 2191 τῷ
1448 2122 1673 2193 Χριστῷ
1697 2139 1710 2153 ο
1758 2122 1820 2174 τὸ

222 2210 331 2283 μὲν
388 2211 554 2276 ναοὺς
592 2211 686 2265 καὶ
719 2211 1073 2284 ἀναθήματα,
1130 2213 1193 2267 τὺ
1247 2214 1306 2268 δὲ
1349 2214 1591 2285 ἀρετάς*
1625 2212 1720 2269 καὶ
1758 2214 1820 2266 τὸ

224 2305 332 2378 μὲν
365 2304 611 2376 αἰσθητὰ
638 2305 812 2377 δῶρα,
850 2307 914 2361 τὸ
943 2306 1002 2363 δὲ
1031 2308 1221 2381 νοητά.

296 2574 413 2631 Καὶ
435 2574 994 2644 προσκυνήσωσιν
1019 2573 1184 2641 αὐτῷ
1212 2590 1440 2641 παντες
1460 2575 1515 2629 oi
1532 2574 1820 2641 ,ϐασιλεῖς

218 2664 341 2734 τῆς
368 2667 508 2737 γῆς.
558 2667 983 2740 Προσεκύνησαν
1017 2667 1076 2722 δὲ
1119 2666 1275 2720 οὔπω
1300 2666 1526 2733 πάντες,
1559 2667 1591 2740 ἢ
1629 2668 1726 2722 καὶ
1756 2667 1820 2722 ἐκ

220 2759 699 2826 παντὸς-ἔθνους,
756 2759 833 2825 ὡς
883 2761 944 2814 ἐν
988 2760 1067 2828 τῷ
1105 2757 1182 2825 ξζ¹
1205 2759 1410 2831 ψαλμῷ
1465 2761 1818 2833 προείρηται.

221 2852 421 2905 Ἐοικε
448 2851 509 2905 δὲ
547 2851 610 2904 τδ
644 2850 812 2923 ῥητὸν
863 2851 1024 2906 τοῦτο
1051 2851 1129 2923 τῷ
1157 2850 1266 2939 toi"
1284 2851 1507 2920 ’1ακὼ6,
1540 2852 1619 2924 τῷ
1643 2870 1659 2887 ο
1707 2851 1819 2908 Καὶ

212 2941 416 3008 αὐτὸς
438 2939 781 3010 προσδοκία
804 2940 1019 2998 ἐθνῶν.
1564 2942 1569 2948 ’

1924 1947 2059 2002 etim
2084 1944 2383 2001 universos
2416 1955 2572 2012 reges
2617 1946 2783 2011 atque
2813 1937 3101 1994 universas
3148 1944 3338 2009 gentes
3367 1950 3504 1990 con-

1923 2046 2181 2095 numerat
2214 2055 2229 2094 :
2264 2036 2731 2110 quemadmodum
2762 2034 2819 2089 in
2849 2049 2977 2089 Lm
3012 2032 3228 2103 psalmo
3254 2031 3506 2098 declara-

1923 2132 2123 2186 vimus.
2152 2127 2368 2185 Insulas
2402 2133 2610 2193 autem,
2637 2140 2833 2183 omnes
2870 2123 3117 2193 intellige
3136 2139 3259 2195 quae
3288 2122 3345 2177 in
3364 2121 3500 2176 mari

1925 2231 2075 2279 sunt.
2105 2221 2246 2279 Vere
2290 2226 2475 2277 autem
2513 2219 2773 2291 quaelibet
2804 2233 2939 2289 gens
2983 2216 3207 2272 Christo
3244 2214 3387 2270 dona
3418 2223 3505 2268 tuo

1924 2312 2012 2378 lit,
2068 2312 2187 2367 haec
2217 2309 2441 2382 quidem
2492 2309 2718 2380 templa,
2774 2308 2871 2363 illa
2907 2307 3042 2361 alias
3078 2305 3409 2373 oblationes,
3450 2314 3506 2360 et

1923 2404 2063 2460 alias
2094 2402 2357 2466 virtutes,
2415 2410 2472 2458 et
2503 2402 2557 2458 hi
2590 2399 2812 2471 quidem
2866 2397 3177 2462 sensibilia,
3234 2397 3323 2452 alii
3376 2413 3501 2452 vero

1923 2490 2323 2548 intellectualia
2352 2489 2497 2546 dona
2520 2489 2869 2545 obtulerunt.

1996 2582 2164 2640 Vens.
2195 2584 2285 2640 11.
2321 2583 2391 2638 Et
2423 2582 2726 2639 adorabunt
2773 2598 2893 2637 eum
2924 2598 3101 2637 omnes
3155 2596 3298 2651 reges
3329 2589 3505 2643 terra',

1924 2692 2104 2729 omnes
2160 2684 2339 2745 gentes
2390 2674 2615 2729 servient
2663 2674 2737 2730 ei.
2793 2671 3049 2729 Nondum
3102 2679 3283 2726 tamen
3316 2685 3509 2725 omnes

1923 2766 2314 2830 adoravcrunt,
2345 2767 2564 2821 tametsi
2598 2780 2664 2821 ex
2693 2764 2841 2819 omni
2865 2772 3025 2836 gente
3047 2764 3140 2830 sit,
3167 2762 3260 2834 qui
3313 2762 3505 2818 adoret

1922 2865 1978 2911 et
2006 2856 2247 2922 serviat,
2287 2865 2348 2912 ut
2387 2859 2439 2911 in
2472 2872 2619 2912 ωιτη
2674 2856 2888 2926 psalmo
2920 2855 3241 2925 prmdictum
3285 2862 3390 2911 est.
3424 2853 3507 2910 Si-

1922 2949 2072 3005 milis
2108 2958 2195 3005 est
2227 2959 2414 3004 autem
2448 2950 2538 3006 hic
2579 2948 2885 3005 versiculus
2933 2946 3118 3003 verbis
3155 2948 3288 3013 illis,
3327 2963 3505 3018 quam

1920 3041 2238 3113 patriarcha
2288 3041 2460 3098 Jacob
2517 3042 2585 3097 de
2636 3042 2861 3097 Christo
2913 3038 3172 3111 praedicta
3226 3046 3393 3095 sunt:
3434 3037 3507 3091 Et

1924 3132 2058 3203 ipse,
2088 3132 2286 3203 inquit,
2328 3133 2428 3187 erit
2461 3133 2787 3201 exspectatio
2805 3132 3061 3202 gentium.

296 3211 435 3265 Ὀτι
461 3210 759 3281 ἐρρύσατο
787 3213 1031 3281 πτωχὸν
1062 3213 1132 3268 ἐκ
1157 3213 1472 3271 δυνάστου
1496 3256 1512 3285 ,
1564 3218 1666 3272 καὶ
1711 3217 1817 3272 πέο

1996 3223 2167 3280 Vsus.
2196 3224 2285 3279 i2.
2336 3224 2604 3292 Quoniam
2656 3224 2853 3292 eripuit
2889 3223 3094 3290 inopem
3125 3239 3157 3277 a
3186 3230 3416 3291 potente,
3455 3229 3506 3273 et

215 3320 383 3372 νητα
417 3296 467 3370 ᾦ
498 3305 613 3373 οὐχ
640 3302 879 3374 ὑπῆρχε
901 3306 1151 3375 βοηθός.
1197 3308 1423 3379 Πτωχὸν
1474 3308 1571 3364 καὶ
1607 3310 1819 3381 πένητα

212 3398 374 3465 λέγει
414 3395 510 3449 νῦν
539 3397 630 3452 τὸν
680 3397 811 3451 λαὸν
840 3398 950 3452 τῶν
995 3399 1367 3469 Χριστιανῶν,
1410 3400 1488 3465 ὼς
1538 3402 1598 3456 ὲν
1627 3402 1707 3474 τῷ
1737 3402 1817 3455 λθ⁹

209 3486 431 3557 ᾦα).μῷ
461 3488 810 3560 προείρηται,
846 3491 939 3543 καὶ
973 3491 1114 3545 πολὺ
1165 3491 1275 3563 πρὸ
1322 3491 1514 3547 τούτου
1558 3495 1617 3547 ἐν
1642 3493 1721 3564 τῷ
1749 3494 1818 3550 θ’.

210 3582 513 3651 Δυνάστην
542 3580 597 3634 δὲ
621 3583 783 3637 καλεῖ
811 3583 903 3637 τὸν
922 3583 1197 3651 διάϐολον,
1227 3585 1305 3650 ὡς
1338 3587 1819 3659 κατακυριεύσαν-

208 3692 283 3727 τα
316 3674 502 3727 πάλαι
533 3674 642 3728 τῶν
675 3676 1008 3747 ἀνθρώπων.
1043 3678 1153 3731 Καὶ
1189 3677 1369 3743 ἄλλως
1398 3679 1455 3733 δὲ
1494 3680 1662 3749 φόϐον
1693 3681 1819 3735 ἐπι·

213 3771 364 3822 σείει
392 3770 507 3831 τοῖς
532 3770 825 3832 δυνάσταις
855 3772 883 3824 ὁ
912 3773 1233 3844 Προφήτης,
1265 3774 1342 3837 ὡς
1364 3774 1460 3828 τοῦ
1496 3775 1634 3830 Θεοῦ
1670 3776 1820 3830 ἀντι-

206 3861 645 3932 ὶσνμῦανοαένου
672 3863 767 3918 τὸν
794 3867 1426 3938 καταδυναστευόμενον.

290 4064 584 4118 Φείσεται
609 4067 852 4136 πτωχοῦ
876 4068 973 4122 καί
997 4070 1277 4138 πένητος,
1306 4070 1405 4125 καί
1436 4072 1646 4141 ψυχὰς
1716 4085 1819 4128 πε-

210 4160 433 4225 νήτων
457 4156 665 4212 σώσει.
701 4160 774 4212 Τὸ
810 4162 945 4215 αὐτὸ
976 4161 1139 4218 πάλιν
1173 4162 1339 4234 φησίν
1361 4180 1374 4195 ·
1407 4164 1439 4236 ἢ
1476 4166 1694 4236 πτωχὸν
1721 4166 1821 4237 μὲν

207 4251 493 4321 ὀνομάζει
540 4251 631 4306 τὸν
678 4251 973 4308 Ἰουδαϊκὸν
1002 4254 1152 4321 λαὸν,
1184 4255 1260 4319 ὡς
1316 4254 1429 4328 (65)
1464 4258 1820 4313 ἀποπεσόντα

212 4347 315 4399 τοῦ
349 4343 592 4397 πλούτου
653 4346 752 4417 τῆς
811 4347 966 4411 θείας
1006 4347 1303 4419 βοηθείας·
1358 4350 1571 4423 πένητα
1604 4351 1685 4416 δὲ,
1726 4352 1820 4405 τὸν

216 4438 473 4491 ἐθνικὸν.
503 4439 874 4509 ’Δμφοτέρους
896 4439 997 4511 μὲν
1025 4441 1132 4511 γὰρ
1176 4441 1395 4513 ἠλέησε,
1433 4443 1523 4496 καὶ
1545 4442 1612 4496 δι’
1642 4445 1820 4513 ἀμφο-

216 4534 413 4600 τέρων
444 4531 897 4604 ὲνηνθρώπησεν.
926 4532 1069 4588 Ἀλλ’
1117 4535 1406 4599 Ἰουδαίους
1442 4536 1541 4605 μὲν
1604 4537 1680 4607 μὴ
1734 4538 1819 4591 δεο

1919 3337 2197 3393 pauperem
2239 3320 2324 3374 cui
2356 3335 2461 3373 non
2487 3325 2603 3372 erat
2673 3316 2911 3386 adjutor.
2944 3316 3165 3385 Inopem
3207 3323 3261 3368 et
3304 3328 3507 3383 paupe-

1921 3430 2034 3470 rem
2092 3413 2183 3469 hic
2224 3411 2599 3468 Christianum
2640 3408 2903 3480 populum
2948 3406 3211 3476 appellat,
3261 3415 3320 3459 ut
3362 3405 3416 3459 in
3452 3421 3501 3459 ix

1921 3514 2086 3575 atque
2112 3505 2167 3559 in
2195 3518 2361 3558 xxxix
2400 3502 2611 3573 psalmo
2639 3500 2906 3555 diximus.
2934 3499 3036 3553 Per
3065 3506 3343 3569 potentem
3377 3511 3505 3550 vero

1924 3597 2106 3667 ipsum
2139 3595 2400 3666 intelligit
2447 3594 2753 3658 diabolum,
2811 3593 2902 3663 qui
2952 3590 3045 3646 diu
3093 3591 3225 3644 olim
3265 3591 3507 3644 humano
3600 3614 3606 3623 -

1922 3689 2108 3760 generi
2196 3700 2362 3758 atque
2416 3688 2676 3743 universo
2734 3685 2854 3741 orbi
2894 3684 3214 3739 dominatus
3271 3692 3373 3738 est.
3414 3682 3506 3735 Vel

1923 3781 2176 3836 timorem
2208 3779 2533 3851 potentibus
2579 3778 2860 3849 Propheta
2896 3778 2982 3832 his
3015 3776 3203 3832 verbis
3255 3776 3504 3829 incutere

1922 3872 2122 3937 voluit,
2182 3872 2351 3931 veluti
2392 3871 2650 3927 Christus
2685 3871 2753 3927 iis
2788 3870 3045 3925 omnibus
3087 3883 3245 3939 cpem
3296 3868 3506 3921 laturus

1923 3966 2017 4033 sit,
2049 3966 2143 4037 qui
2175 3966 2245 4021 ab
2276 3967 2357 4020 eis
2380 3964 2632 4035 oppressi
2668 3962 2903 4018 fuerint.

1997 4076 2163 4133 Vsus.
2226 4077 2314 4131 15.
2368 4075 2560 4130 Parcet
2607 4074 2830 4143 pauperi
2881 4084 2928 4127 et
2975 4073 3143 4141 inopi,
3198 4081 3249 4125 et
3300 4070 3507 4125 animus

1923 4184 2216 4239 pauperum
2252 4168 2429 4222 salvas
2482 4166 2667 4234 faciet.
2721 4164 2987 4219 .Eanidem
3051 4163 3247 4231 repetit
3278 4171 3503 4217 senten-

1925 4262 2079 4325 tiam,
2113 4269 2166 4315 et
2194 4263 2413 4329 inopem
2448 4257 2668 4328 quidem
2696 4254 2988 4311 Iudaicum
3019 4253 3277 4322 populum
3313 4252 3506 4320 appel-

1927 4356 2023 4420 lat,
2057 4355 2223 4410 veluti
2254 4369 2378 4408 eum
2410 4354 2503 4424 qui
2573 4352 2751 4424 [juxta
2785 4350 2957 4405 Graeci
2997 4349 3239 4404 nominis
3289 4358 3501 4421 etymo-

1928 4447 2153 4521 logiam]
2193 4448 2263 4503 ab
2293 4462 2399 4518 ope
2445 4455 2614 4517 atque
2667 4460 2698 4499 a
2750 4444 2963 4500 divitiis
3016 4443 3283 4498 ceciderit
3333 4441 3503 4496 divini

1927 4540 2143 4607 auxilii,
2181 4556 2478 4610 pauperem
2508 4554 2639 4594 vero
2668 4538 2928 4609 gentilem
2952 4536 3255 4606 pupulum;
3292 4543 3505 4587 utrum»

219 4623 509 4691 ξαμένους
540 4621 703 4675 αὑτὸν
730 4624 915 4677 είασεν
936 4640 952 4656 ·
982 4625 1053 4677 τὰ
1080 4624 1209 4695 ἔθνη
1238 4626 1295 4680 δὲ
1323 4626 1712 4699 προδραμόντα
1738 4629 1816 4694 εἰς

1924 4647 2030 4703 que
2062 4633 2206 4688 enim
2259 4632 2519 4702 populum
2557 4631 2865 4686 miseratus
2917 4638 3004 4684 est
3054 4627 3219 4681 Deus.
3275 4625 3506 4694 Propter

222 4716 403 4767 αὐτὸν
428 4713 611 4767 πίστει
634 4713 860 4770 ἔσωσεν.
886 4715 998 4769 Καὶ
1023 4716 1198 4782 ἄλλως
1220 4718 1304 4784 δὲ,
1344 4718 1537 4791 ῥύεται
1574 4720 1669 4774 καὶ
1696 4721 1818 4788 φεί-

220 4812 415 4870 δεται,
447 4806 542 4861 καὶ
573 4806 737 4872 σώζει
778 4808 905 4872 τοὺς
929 4807 1000 4863 δι’
1028 4808 1194 4864 αὐτὸν
1219 4812 1475 4882 πτωχοὺς
1507 4813 1603 4866 καὶ
1655 4814 1822 4883 πένη-

220 4917 349 4963 τας.

1930 4726 2244 4781 universum
2267 4723 2470 4779 etenim
2497 4723 2798 4777 humanum
2831 4735 3007 4791 genus
3032 4721 3356 4774 incarnatus
3383 4725 3506 4784 est;

1930 4833 2120 4872 verum
2151 4815 2396 4883 Judaaos,
2433 4816 2528 4887 qui
2566 4831 2690 4870 eum
2736 4830 2847 4868 non
2876 4820 3227 4882 receperunt,
3258 4810 3510 4874 dimisit;

1932 4918 2123 4979 gentes
2145 4926 2301 4974 vero,
2349 4924 2471 4978 quae
2496 4908 2563 4963 ad
2588 4907 2715 4976 ejus
2751 4905 2912 4961 [idem
2946 4912 3335 4968 accurrerunt,
3393 4901 3506 4958 sal-

224 4992 407 5045 ria-vit.
467 4987 561 5046 νει
617 4991 800 5058 aliter,
868 4996 1067 5066 eripiet
1101 4996 1380 5064 Christus,
1452 5008 1642 5070 parcet
1712 5009 1767 5056 et
1825 5003 2059 5059 salvabit
2119 5017 2251 5068 eos,
2291 5002 2552 5055 nimirum
2605 5015 2798 5055 omnes
2863 4997 2954 5068 qui
3012 5004 3237 5067 propter
3326 4996 3506 5064 ipsum

226 5086 429 5154 inopes
471 5084 600 5140 l'aeti
631 5085 839 5144 fuerint
865 5096 918 5144 et
945 5105 1243 5161 pauperes.

296 5181 413 5233 Ἐκ
444 5178 629 5233 τόκου
658 5180 758 5235 καὶ
788 5181 860 5248 ἐξ
885 5183 1126 5252 ἀδικίας
1168 5183 1542 5253 λυτρώσεται
1573 5188 1678 5253 τὰς
1711 5190 1829 5256 ψυ-

231 5271 345 5339 χὰς
378 5269 601 5327 αὐτῶν.
634 5275 734 5330 Διὰ
789 5275 886 5330 τοῦ
923 5278 1085 5331 τόκου
1142 5278 1243 5350 τὴν
1284 5278 1656 5351 φιλαργυρίαν
1702 5280 1828 5350 ἐσή-

2002 5189 2169 5243 Vsns.
2200 5187 2286 5242 M.
2318 5185 2402 5241 Ea:
2450 5186 2628 5241 usuris
2660 5193 2709 5238 et
2738 5183 3009 5253 injustitia
3041 5181 3262 5234 redimet
3292 5176 3505 5230 animas

1928 5295 2130 5334 eorum.
2164 5277 2270 5332 Per
2301 5292 2525 5339 usuras,
2564 5275 2807 5329 avaritia:
2824 5274 3013 5326 vitium
3048 5268 3326 5337 intelligit.
3351 5269 3499 5336 quod

234 5379 401 5430 μανε,
460 5365 686 5438 χείρονα
735 5367 847 5423 τῶν
877 5368 1057 5425 ἄλλων
1105 5366 1275 5425 οὖσαν
1332 5370 1560 5426 παθῶν·
1612 5367 1733 5426 εἶτα
1762 5374 1819 5442 τῇ

1930 5372 2076 5427 inter
2107 5380 2307 5424 caetera
2352 5367 2656 5438 pessimum
2708 5373 2811 5421 est.
2844 5360 3135 5431 lnjustitim
3186 5366 3369 5411 autem
3406 5372 3506 5410 no-

228 5451 423 5525 ἀδικίᾳ
480 5458 576 5510 καὶ
618 5458 804 5513 πᾶσαν
832 5459 1113 5533 ἁμαρτίαν
1143 5461 1584 5532 καθολικώτερον
1620 5477 1834 5533 συμπε-

1935 5463 2083 5518 mine
2134 5476 2297 5518 omne
2363 5459 2509 5515 aliud
2580 5472 2752 5529 genus
2808 5451 3019 5525 peccati
3069 5450 3123 5503 iu
3184 5448 3504 5502 universum

232 5545 496 5617 ριέλαὸεο
527 5551 641 5617 πᾶς
673 5551 788 5626 γὰρ
840 5554 870 5606 ὁ
918 5554 1253 5626 ἁμαρτάνων
1307 5555 1521 5610 ἀδικεϊο
1571 5555 1606 5626 ἢ
1639 5557 1819 5609 tauri».

1931 5554 2374 5625 comprehendit.
2432 5552 2624 5608 Omnis
2685 5549 2833 5606 enim
2885 5545 2980 5616 qui
3042 5549 3254 5615 peccat,
3303 5541 3506 5611 injuste

1606 5732 1809 5795 Variae
1842 5731 2174 5801 lectiones.

311 5881 426 5954 (65)
470 5884 591 5944 Sibi
638 5883 822 5961 placet
852 5881 907 5938 in
954 5882 1152 5953 ctymis
1204 5881 1519 5955 interpres:
1552 5896 1663 5939 non
1694 5881 1823 5939 item
1866 5881 2100 5939 fortasse
2141 5881 2421 5937 omnibus.
