4064 6476
462 462 565 529 731
1690 445 2073 516 EUTHYMII
2116 441 2486 504 ZIGABENI
3601 428 3716 494 732

468 578 600 649 agit,
652 582 816 646 atque
862 572 1119 644 inju‘riam
1154 570 1309 636 facit,
1343 569 1450 627 sibi
1491 568 1594 639 ipsi
1649 567 1911 622 nimirum
1942 569 2036 616 aut
2066 604 2073 617 .

2141 559 2327 626 μόνον,
2377 557 2412 627 ἢ
2470 555 2567 610 καὶ
2595 554 2803 625 ἕτερον.
2840 550 3061 605 Τούτων
3110 549 3169 604 δὲ
3213 548 3569 618 ἐλυτρώσατο-
3587 549 3720 610 τοὺς

468 640 649 726 alteri.
676 640 759 722 Ab
790 667 875 722 his
903 640 1085 719 autem
1110 663 1351 733 peccatis
1378 662 1614 718 redemit
1649 674 1843 715 omnes
1873 655 2036 713 Chri-

1820 675 1843 714 s
1873 655 2036 713 Chri-
2136 649 2482 722 ἀνθρώπους,
2508 648 2596 702 διὰ
2624 647 2735 702 τῶν
2764 643 3138 714 εὐαγγελικῶν
3171 640 3425 695 ἐντολῶν.

469 770 589 815 stus
616 755 950 824 evangelicis
992 753 1283 822 praeceptis

545 850 607 902 Et
638 823 949 902 honorabite
997 861 1188 898 nomen
1227 844 1343 913 ejus
1395 859 1579 899 coram
1620 843 1752 898 illis.
1798 843 1865 897 Et
1912 858 2039 899 vere

2210 838 2319 894 Kal
2364 837 2607 903 ἔντιμον
2662 832 2728 885 τὸ
2756 830 2943 898 ὄνομα
2980 826 3168 882 αὐτοῦ
3219 824 3480 913 ἐνώπιον
3507 823 3719 913 αὐτοι).

468 942 607 998 adeo
665 942 997 994 honoratum
1031 946 1113 993 est
1151 938 1253 990 hoc
1301 952 1498 992 nomen
1542 936 1685 1005 apud
1740 934 1952 1000 ﬁdeles,
1982 943 2041 990 ut

2140 930 2250 983 Καὶ
2283 927 2454 988 ὅντως
2486 923 2660 985 οὕτως
2691 921 2839 974 ἐστὶν
2862 919 3106 988 ἔντιμον,
3129 917 3204 980 ὡς
3238 915 3334 967 καὶ
3354 912 3476 969 ἀντὶ
3512 911 3725 972 παντὸς

468 1047 566 1101 pro
606 1044 823 1086 summa
855 1029 1123 1100 dignitate
1183 1029 1264 1084 eis
1319 1029 1413 1090 sit,
1447 1037 1502 1081 et
1542 1027 1610 1082 ad
1646 1027 2038 1097 amplissimam

2142 1020 2452 1090 ἀξιώματος
2496 1016 2684 1077 αὐτοῖς
2738 1013 2930 1083 ἀρκεῖν
2966 1013 3051 1074 εἰς
3087 1009 3393 1077 εὐγένειαν,
3428 1005 3555 1069 τοὺς
3586 1005 3726 1075 Χρι-

466 1124 808 1180 nobilitatem
844 1130 1148 1193 reputetur,
1192 1121 1339 1190 quod
1367 1119 1436 1173 ab
1476 1135 1541 1175 eo
1573 1117 1879 1175 Christiani
1941 1132 2035 1187 ap;-

1215 1121 1339 1190 [uod
1367 1119 1436 1173 ab
1476 1135 1541 1175 eo
1573 1117 1879 1175 Christiani
1941 1132 2035 1187 api-
2145 1113 2395 1173 στιανοὺς
2426 1107 2820 1178 ὀνομάζεσθαι.

468 1216 772 1286 pellentur.

546 1305 718 1360 Vsus.
744 1304 832 1359 15.
863 1304 932 1359 Et
962 1305 1114 1358 virel.
1145 1301 1349 1356 Dicunt
1384 1301 1551 1371 aliqui
1588 1300 1672 1354 liis
1697 1301 1878 1358 verbis
1901 1301 2041 1357 idem

2220 1314 2330 1369 Καὶ
2383 1312 2644 1382 ζήσεται.
2700 1306 2872 1361 Τοῦτό
2920 1321 3067 1367 τινες
3122 1303 3221 1374 μὲν
3267 1301 3433 1354 ταὺτὸ
3462 1297 3735 1353 δύνασθαὲ

473 1395 797 1467 signiﬁcari,
836 1393 979 1460 quod
1015 1391 1141 1445 alibi
1181 1390 1387 1445 dicitur
1421 1408 1436 1447 :
1478 1390 1543 1443 Et
1574 1392 1722 1462 regni
1768 1391 1884 1461 ejus
1941 1408 2045 1445 non

2150 1424 2284 1478 φασι
2313 1405 2410 1474 τῷ,
2446 1401 2555 1458 Καὶ
2613 1399 2751 1467 τῆςῗ
2771 1397 3097 1463 ,ϐασιλέως
3154 1393 3341 1448 αὑτοῦ
3395 1392 3507 1447 οὐκ
3557 1392 3742 1446 ἕσται-

473 1489 574 1542 erit
620 1486 744 1555 ﬁnis
777 1486 819 1538 ⁸.
856 1483 1011 1537 Vivet
1059 1482 1203 1536 enim
1240 1496 1455 1549 semper
1494 1498 1510 1547 ;
1547 1496 1648 1552 ego
1692 1488 1874 1535 autem
1915 1490 2049 1551 puto

2149 1499 2325 1564 τέλος
2357 1537 2371 1552 .
2414 1495 2642 1566 ζήσεται
2666 1493 2775 1563 γὰρ
2826 1491 2912 1543 ἀεί
2934 1503 2953 1523 ο
2983 1489 3108 1558 ἐμοὶ
3135 1488 3192 1541 δὲ
3238 1487 3387 1539 δοκεῖ
3414 1483 3512 1551 τὴν
3543 1486 3607 1536 ἐκ
3643 1498 3736 1534 νε-

474 1576 626 1632 iilius
658 1576 1120 1631 resurrectionem
1151 1572 1240 1626 hic
1268 1572 1499 1641 signari,
1535 1584 1588 1628 et
1616 1566 1762 1644 qu‘od
1798 1583 2048 1630 mortuus

2151 1588 2302 1658 κρῶσι
2365 1583 2668 1641 ἀνάστασιν
2731 1581 2898 1636 αὐτοῦ
2970 1577 3389 1648 προαγορεύειν,
3420 1576 3503 1629 ὅτι
3552 1572 3738 1628 θανὼν

479 1669 660 1724 denuo
683 1668 848 1722 vivet.

2153 1679 2538 1736 ἀναδιὼσεται.
3162 1720 3164 1727 .

548 1760 617 1814 Et
644 1758 861 1811 dabitur
885 1756 935 1811 ei
961 1757 1023 1810 de
1051 1772 1184 1810 auro
1246 1755 1481 1811 Arabire.
1519 1753 1721 1811 Arabia
1750 1755 1876 1809 olim
1917 1771 2052 1810 auro

2228 1772 2333 1827 Kal
2367 1769 2689 1837 δοθήσεται
2717 1765 2878 1830 αὑτῷ
2902 1764 2968 1817 ἐκ
2998 1763 3105 1816 τοῦ
3138 1759 3397 1829 χρυσίου
3426 1757 3538 1825 τῆς
3564 1758 3746 1825 Ἀρα-

480 1853 814 1916 abundabat,
866 1859 920 1905 et
968 1849 1096 1904 felix
1145 1849 1270 1904 ideo
1302 1856 1468 1917 atque
1496 1864 1661 1904 aurea
1704 1850 2050 1905 dicebatura

2162 1865 2314 1931 ϐίας.
2354 1862 2423 1915 Ἦ
2449 1860 2680 1931 Ἀραϐία
2709 1857 2879 1912 πολὺν
2939 1856 3032 1908 καὶ
3078 1852 3366 1907 κάλλιστον
3419 1847 3534 1920 εἶχε
3564 1849 3748 1902 πάλαι

481 1945 684 2000 Graiis.
711 1942 818 1998 Per
846 1944 992 1996 hanc
1019 1950 1200 1995 autem
1245 1939 1611 2010 provinciam,
1635 1940 1805 1995 veluti
1839 1942 1893 1996 in
1926 1940 2055 1997 Asia

2159 1914 2427 2028 igua.
2459 1914 2582 2007 ἐπεὶ
2610 1952 2705 2005 και
2738 1949 3027 2018 Εὐδαίμων
3084 1943 3400 2013 ὠνομάζετο
3428 1914 3521 1994 xiii
3560 1941 3748 2011 χρυσῆ

482 2036 865 2100 celebriorem,
900 2033 1151 2088 indicare
1186 2034 1425 2096 videtur,
1479 2033 1627 2102 quod
1677 2034 1857 2087 omnis
1909 2035 2056 2105 regio

2160 2052 2312 2121 παρὰ
2342 2052 2452 2113 τοῖς
2486 2048 2768 2117 Ἕλλησιν.
2798 2044 3104 2098 Αἰνὶττεται
3131 2040 3185 2094 δὲ
3214 2037 3557 2105 διὰταύτης,
3581 2036 3656 2097 ὡς
3685 2036 3746 2085 ἐν

483 2142 718 2185 munera
753 2124 1168 2182 oﬁ‘eretChristi
1203 2124 1443 2194 templis.
1474 2121 1570 2178 Vel
1607 2123 1766 2179 aliter
1803 2142 1817 2178 :
1850 2126 2055 2181 Arabes

2159 2143 2337 2213 τούτῳ
2362 2138 2855 2212 περιφανεστέρας,
2887 2137 2971 2189 ὅτι
3002 2135 3152 2187 πᾶσα
3176 2130 3330 2201 χώρα
3358 2126 3746 2197 δωροφορήσει

483 2220 651 2290 primi
677 2219 924 2274 omnium
957 2219 1199 2288 gentium
1265 2217 1671 2274 Christi'ﬁdem
1711 2229 2055 2290 receperunt,

2159 2237 2272 2298 τοῖς
2298 2234 2446 2296 ναοῖς
2478 2229 2573 2284 τοῦ
2611 2225 2871 2300 Χριστοῦ.
2918 2224 3131 2287 Ἄλλως
3174 2238 3237 2275 τε
3277 2220 3356 2283 δὲ,
3386 2221 3481 2273 καὶ
3533 2217 3764 2288 πρῶτοι

486 2312 665 2367 edocti
698 2311 965 2365 nimirum
1006 2325 1034 2364 a
1069 2309 1263 2373 Paulo,
1324 2310 1787 2378 quemadmodum
1826 2312 1944 2381 ipse
1993 2310 2061 2366 ad

2166 2326 2406 2399 ’Ἄραϐες
2438 2320 2685 2387 ἐδέξαντο
2733 2318 2832 2389 τὴν
2862 2317 3048 2371 πίστιν
3090 2314 3182 2367 διὰ
3235 2312 3333 2365 τοῦ
3383 2309 3630 2365 Παύλου·
3667 2309 3752 2368 ὡς

488 2405 712 2460 Galatas
740 2404 995 2459 scribens
1043 2409 1298 2468 testatur,
1341 2402 1529 2458 dicens
1563 2422 1574 2457 :
1614 2401 1749 2456 Cum
1799 2411 1976 2456 autem
2017 2404 2063 2457 ei

2163 2419 2328 2482 αὐτὸς
2352 2415 2625 2478 Γαλάταις
2648 2410 2982 2467 ἐπιστέλλων
3024 2406 3262 2471 ἐδίδαξεν
3291 2402 3482 2458 εἰπών·
3506 2403 3644 2454 Ὅτε
3678 2399 3750 2451 δὲ

486 2495 714 2566 placuit,
747 2495 837 2565 qui
870 2510 953 2548 me
987 2495 1268 2564 segregavit
1295 2510 1359 2549 ex
1380 2505 1528 2547 utero
1560 2494 1748 2548 matris
1782 2511 1929 2559 metu,
1953 2504 2062 2550 etc.

2164 2509 2502 2576 εὐδόκησεν
2551 2509 2585 2560 ὁ
2636 2503 2804 2568 Θεὸς,
2837 2502 2930 2555 καὶ
2970 2499 3040 2552 τὰ
3087 2497 3237 2567 ἑξῆς,
3272 2492 3392 2548 εἶτά
3427 2508 3588 2561 φησιν
3611 2506 3625 2518 ·
3663 2492 3750 2541 Οὐ

492 2587 620 2640 Νοη
658 2585 860 2640 contuli
913 2587 1067 2639 carni
1117 2594 1167 2639 et
1231 2587 1499 2656 sanguini,
1554 2602 1718 2656 neque
1762 2586 1976 2640 ascendi
2010 2586 2064 2638 in

2167 2596 2579 2668 προανεθέμην
2600 2590 2778 2660 σαρκὶ
2803 2589 2901 2643 καὶ
2932 2589 3155 2657 αἵματι,
3191 2584 3336 2640 οὐδὲ
3356 2582 3626 2648 ἀνῆλθον
3658 2580 3755 2641 εἰς

492 2677 941 2747 Hierosolymam,
978 2676 1069 2731 sed
1097 2679 1203 2729 abii
1233 2678 1288 2730 in
1330 2678 1587 2729 Arabiam
1613 2677 1656 2731 ⁸.

2179 2688 2591 2757 Ἱεροσόλυμα,
2623 2684 2788 2739 ἀλλὰ
2818 2680 3100 2748 ἀπῆλθον
3124 2678 3211 2743 εἰς
3234 2675 3528 2743 Ἀραϐίαν.

566 2766 636 2820 Ει
678 2762 908 2823 orabunt
941 2768 1008 2823 de
1036 2768 1150 2837 ipso
1208 2784 1430 2836 semper.
1492 2767 1792 2855 Christiani
1852 2784 2069 2839 semper

2176 2790 2179 2793 ’
2240 2780 2353 2836 Καὶ
2381 2775 2819 2848 προσεύξονται
2866 2771 3001 2840 περὶ
3037 2768 3227 2824 αὐτοῦ
3264 2767 3361 2821 διὰ
3396 2763 3642 2826 παντός.
3682 2762 3778 2813 Οἱς

502 2859 739 2915 orabunt
766 2861 830 2915 de
875 2862 1014 2928 ipso,
1042 2877 1135 2916 seu
1166 2878 1259 2930 pro
1287 2861 1424 2929 ipso,
1461 2861 1564 2916 hoc
1599 2870 1701 2925 est,
1735 2876 1830 2930 pro
1859 2876 1921 2916 ea
1949 2877 2069 2930 quae

2169 2869 2488 2944 Χριστιανοὶ
2517 2865 2909 2941 προσεύξονται
2944 2860 3036 2916 ἐπὶ
3066 2862 3168 2931 τῆς
3220 2858 3497 2928 σωτηρίας
3542 2855 3755 2918 αὐτῶν,

495 2955 564 3006 ab
593 2954 711 3020 ipso
733 2960 838 3018 est,
874 2953 1072 3017 salute,
1103 2963 1157 3006 ut
1183 2953 1395 3008 scilicet
1424 2968 1518 3008 eos
1544 2951 1764 3023 adjuvet
1793 2960 1847 3007 et
1870 2954 2076 3009 salvet.

2181 2968 2363 3021 εῐτουν
2396 2963 2496 3032 τῆς
2551 2959 2683 3031 παρ’
2711 2957 2905 3024 αὐτοῦ,
2948 2954 3023 3018 ὥς
3058 2970 3115 3007 τε
3139 2951 3322 3007 αὐτῶν
3344 2948 3786 3019 ἀντιλαμϐάνε--

496 3043 684 3111 Aliqui
739 3051 922 3098 autem
960 3043 1063 3097 hoc
1115 3043 1319 3098 dictum
1357 3044 1422 3097 ad
1459 3044 1764 3114 prophetas
1797 3043 2069 3109 referunt,

2174 3059 2320 3121 σθαι,
2362 3056 2459 3109 καὶ
2493 3052 2685 3117 σώζειν
2715 3046 2965 3112 ἑαυτούς.
3004 3045 3160 3108 Τινὲς
3186 3044 3239 3097 δὲ
3276 3043 3355 3104 εἰς
3384 3041 3510 3104 τοὺς
3536 3039 3760 3110 προφήο

499 3138 647 3202 quod
695 3134 1058 3203 praeﬁdentes
1096 3135 1391 3189 adventum
1428 3134 1644 3189 Domini
1689 3136 1960 3204 rogabunt
2009 3150 2073 3190 ac

2172 3165 2272 3210 τας
2303 3147 2565 3213 ἀνάγουσι
2628 3141 2689 3197 τὺ
2726 3140 2912 3213 ῥητὸν,
2945 3138 3029 3191 ὅτι
3076 3134 3496 3211 προεωρακότες
3525 3131 3624 3202 τὴν
3672 3135 3763 3192 si;

500 3227 891 3295 supplicabunt
924 3227 1140 3282 Patrem
1195 3236 1253 3281 nt
1279 3227 1515 3282 celerius
1550 3227 1744 3281 Filium
1793 3228 2001 3295 mittat,
2020 3236 2105 3307 etl

2177 3239 2498 3311 ἀνθρώπους
2530 3235 2830 3307 ἐπιδημίαν
2860 3230 3051 3295 αὐτοῦ,
3101 3226 3485 3299 παρακαλοῦσι
3518 3228 3611 3279 τὸν
3638 3226 3764 3277 Πα-

500 3317 762 3374 daemonis
790 3318 1131 3390 tyrannidem
1160 3320 1430 3374 destruat.

2191 3332 2313 3401 τέρα
2342 3328 2662 3383 ἀποστεῖλαι
2697 3323 2862 3379 αὐτὸν
2916 3322 3127 3392 τάχιον,
3180 3318 3267 3373 ἴνα
3317 3318 3596 3388 καταλύσῃ
3654 3318 3796 3383 τὴν

2176 3421 2475 3493 τυραννίδα
2504 3418 2598 3472 τοῦ
2628 3416 2900 3472 διαϐόλου.

577 3498 710 3554 Tota
735 3499 820 3555 die
846 3499 1151 3555 benedicent
1183 3518 1325 3556 eum.
1364 3500 1477 3556 Hoc
1525 3509 1633 3567 est,
1679 3516 1900 3570 semper
1948 3518 2074 3558 eum

2252 3514 2448 3581 Ὀληιν
2476 3509 2591 3578 τὴν
2636 3507 2863 3577 ἡμέραν
2900 3503 3315 3574 εὐλογήσουσι
3370 3499 3575 3553 αὐτόν.
3643 3499 3767 3550 Ἀεὶ

505 3591 693 3647 ﬁdeles
720 3592 1042 3647 laudabunt.

2179 3606 2643 3680 ὑμνολογήσουσιν
2678 3600 2841 3654 αὑτὸν
2871 3598 2923 3653 oi
2957 3597 3160 3651 πιστοί.

580 3683 744 3737 Vnus.
786 3683 876 3737 i6.
911 3682 1033 3737 Erit
1062 3685 1457 3753 ﬁrmamentum
1486 3687 1540 3739 in
1572 3694 1737 3753 terra,
1776 3687 1833 3741 in
1858 3689 2079 3741 sununis

2220 3677 2230 3680 ⁷
2265 3700 2479 3753 Ἐαται
2533 3693 2832 3762 στήριγμα
2876 3689 2963 3744 ἐνσ
2996 3688 3077 3756 τῇ
3119 3684 3197 3757 γῇ
3234 3686 3339 3741 ἀπ’
3381 3684 3582 3752 ἄκρων
3639 3677 3800 3733 τῶν-

511 3776 791 3828 montium.
822 3775 1077 3832 Christus
1099 3777 1204 3833 erit
1258 3777 1659 3834 ﬁrmamentum
1691 3781 1743 3833 in
1778 3788 1944 3841 terra.
1979 3781 2083 3836 hoc

2183 3791 2392 3860 ὀρέων.
2419 3787 2617 3857 Ἔσται
2649 3787 2677 3839 ὁ
2701 3782 2937 3855 Χριστὸς
2961 3783 3018 3835 ἐν
3049 3782 3116 3851 τῇ
3148 3782 3242 3850 γῇ,
3273 3778 3452 3832 εῐτουν
3474 3777 3588 3839 τοῖς
3610 3776 3667 3826 ἐν
3696 3779 3768 3844 τῇ

511 3876 619 3927 est.
656 3867 725 3921 iis
760 3867 850 3937 qui
894 3876 1025 3922 sunt
1053 3868 1106 3922 in
1136 3881 1305 3935 terra,
1344 3869 1569 3926 ﬁrmans
1608 3870 1867 3925 nimirum
1908 3886 2004 3926 eos
2032 3886 2085 3926 et

2183 3887 2254 3956 γῇ
2322 3884 2623 3952 στήριγμα,
2682 3874 2926 3947 ὲδράζων
2976 3872 3071 3927 καὶ
3107 3869 3346 3942 στερεῶν
3400 3868 3599 3928 αὐτοὺς
3633 3865 3772 3919 κλο..

515 3960 823 4027 stabiliens,
856 3960 949 4032 qui
993 3968 1152 4015 antea
1191 3961 1353 4031 quasi
1404 3970 1659 4019 nutantes
1718 3963 2085 4019 circumfere-

2184 3972 2481 4044 νουμένους
2512 3969 2616 4023 ὑπὸ
2645 3966 2739 4025 τοῦ
2767 3964 3037 4021 διαϐόλου.
3077 3962 3149 4015 Τδ
3172 3962 3229 4015 δὲ
3266 3960 3393 4014 Ἀπ’
3416 3960 3613 4027 ἄκρων
3647 3957 3778 4010 τῶν

515 4052 717 4107 bantur
749 4067 778 4106 a
819 4053 1087 4109 (immune.
1121 4052 1186 4107 Et
1242 4054 1385 4123 quod
1419 4054 1493 4108 ait
1540 4073 1554 4110 :
1587 4056 1639 4109 in
1685 4059 1904 4111 summis
1934 4073 2088 4111 mon-

2187 4066 2391 4136 ὁρέων,
2421 4063 2542 4117 ἀντὶ
2588 4060 2703 4125 τοῦ,
2747 4059 2941 4129 Μέχριξ
2967 4057 3076 4111 τῶν
3123 4052 3465 4127 ἀκρωρειῶν.
3502 4050 3675 4105 Τοῦτο
3706 4050 3772 4103 δὲ

518 4144 672 4209 tium,
699 4146 881 4214 posuit
916 4158 1038 4216 pro,
1075 4162 1248 4217 usque
1273 4147 1340 4202 ad
1368 4162 1579 4202 summa
1611 4149 1879 4203 montium
1903 4148 2087 4218 :fquod

2207 4155 2513 4227 τρόσκειται
2560 4153 2650 4206 διὰ
2704 4151 2831 4214 τοὺς
2866 4152 2923 4202 ὲν
2957 4151 3069 4212 τοῖς
3120 4147 3310 4218 ἄκροις
3341 4143 3449 4197 τῶν
3479 4143 3651 4213 ὀρέων
3687 4143 3812 4195 οἰ-.-

516 4246 743 4306 propter
779 4246 1005 4294 sanctos
1061 4240 1321 4294 eremitas
1356 4241 1564 4295 dictum
1594 4247 1700 4304 est,
1731 4250 1788 4295 et
1819 4239 1959 4296 alios
1994 4240 2087 4294 Dei

1994 4240 2087 4294 Ι)οῙ
2189 4247 2420 4310 κοῦντας
2455 4243 2784 4314 ἀγωνιστὰς,
2814 4241 2889 4304 ὡς
2924 4239 3212 4302 κάκείνους
3242 4234 3582 4305 ἑδράζοντος.

519 4328 743 4393 milites,
767 4328 858 4398 qui
885 4329 996 4384 illic
1024 4329 1323 4386 babitaturi
1355 4341 1533 4396 erant,
1567 4331 1731 4387 veluti
1751 4345 1845 4386 eos
1876 4345 2093 4401 quoque

517 4431 669 4476 esset
700 4421 1075 4477 stabiliturus.
2584 4481 2588 4485 ,

590 4511 1043 4580 δαρενεατιοιιειιιν
1070 4527 1234 4581 super
1267 4507 1528 4567 Libanum
1561 4512 1769 4581 fructus
1825 4512 1964 4578 ejus.
2004 4496 2094 4566 Li-

2279 4508 2705 4577 ’Υπαρθήσεται
2731 4503 2880 4572 ὑπὲρ
2902 4502 3009 4555 τὸν
3049 4500 3308 4556 Λίϐανον
3332 4499 3365 4551 ό
3409 4492 3634 4563 καρπὸς
3661 4494 3776 4546 αὐ.

525 4615 723 4654 oanum
756 4599 894 4654 dixit
949 4611 1173 4671 propter
1233 4616 1500 4657 summam
1552 4601 1672 4673 ejus
1716 4599 2087 4658 altitudinem.
2126 4596 2130 4648 l

2203 4602 2322 4658 τοῦ.
2350 4602 2453 4654 Τὸν
2480 4600 2710 4653 Λίϐανον
2742 4596 2829 4648 διὰ
2859 4595 2917 4646 τὸ
2944 4595 3084 4660 ἄγαν
3109 4590 3272 4662 -ΰψος
3309 4589 3403 4641 νῦν
3435 4586 3744 4658 προσέλαϐε
3762 4628 3808 4647 κ

522 4688 781 4752 Fructus,
803 4690 1001 4760 inquit,
1021 4691 1250 4759 Christi,
1270 4694 1469 4747 mirum
1489 4692 1544 4747 in
1570 4692 1791 4747 modum
1815 4699 2092 4760 augeseet.

2192 4698 2275 4751 ὅτι
2314 4694 2376 4750 '0
2402 4693 2614 4763 καρπδς
2640 4689 2733 4743 τοῦ
2759 4688 2999 4759 Χριστοῦ
3032 4683 3258 4752 αὐξήσει
3278 4682 3441 4750 μάλα.
3462 4678 3686 4746 Καρπδν
3719 4677 3783 4730 δὲ

528 4780 628 4835 Per
659 4781 896 4836 fructum
942 4798 1072 4837 vero
1101 4783 1327 4847 Christi.
1361 4783 1735 4852 evangelicam
1786 4783 2093 4836 doctrinam

2267 4789 2351 4840 λεῖ
2405 4781 2881 4856 τὴν.διδασκαλίαν
2910 4778 3005 4831 τοῦ
3037 4774 3392 4845 Εὐαγγελίου.
3429 4773 3539 4825 Καὶ
3565 4769 3794 4833 ἄλλωςλ
3864 4800 3872 4803 τ

524 4873 801 4941 intelligit.
833 4872 923 4929 Vel
955 4875 1138 4937 aliter,
1175 4860 1442 4931 Libanum
1499 4876 1588 4929 hic
1649 4889 1747 4944 pro
1819 4874 2093 4929 idolorum

2194 4877 2424 4939 Λίϐανος
2477 4874 2574 4945 μὲν
2607 4874 2702 4925 καὶ
2739 4866 3155 4937 εἰδωλολατρεία
3199 4863 3422 4935 νοηθείη
3479 4862 3566 4923 ἂν,
3596 4859 3683 4911 διὰ
3715 4861 3789 4912 τὸ

527 4967 678 5021 cultu
710 4967 916 5036 posuit,
956 4983 1020 5023 eo
1041 4968 1187 5038 quod
1218 4966 1534 5038 bujusmodi
1576 4981 1735 5021 mons
1762 4965 1893 5020 olim
1935 4966 2095 5022 idolis

2194 4967 2520 5024 κατείδωλον
2550 4961 2691 5019 εῖναι
2726 4964 2894 5018 πάλαι
2923 4962 3016 5014 τὸν
3051 4957 3320 5013 Λίϐανον
3360 4953 3572 5026 καρπδς
3603 4951 3682 5016 δὲ,
3718 4952 3789 5003 τὺ

527 5059 724 5128 plenus
751 5068 922 5115 esset.
962 5061 1171 5116 Sensus
1197 5070 1280 5115 est
1303 5060 1492 5130 igitur,
1528 5058 1672 5127 quod
1705 5056 1919 5113 fruetus
1944 5058 2103 5114 Chri—

2197 5064 2460 5133 κήρυγμα
2487 5057 2579 5111 τοῦ
2611 5054 2945 5124 Εὐαγγελίου
2966 5070 2981 5084 ο
3006 5052 3034 5105 ὃ
3080 5052 3176 5104 καὶ
3208 5047 3608 5119 ὑπερενίκησεν
3633 5042 3789 5094 ἐκεί.

528 5151 624 5217 sti,
650 5151 754 5207 hoc
769 5161 872 5218 est,
894 5153 1038 5221 quod
1058 5152 1377 5220 praedicatio
1395 5149 1731 5219 evangelica,
1752 5156 1812 5203 ut
1835 5148 2097 5210 diximus,

1177 5152 1377 5205 dieatio
1395 5149 1812 5219 evangelica,ut
1835 5148 2097 5210 diximus.
2197 5173 2295 5226 νην
2350 5153 2442 5206 καὶ
2476 5147 2782 5223 ἀπέκρυψε.

529 5244 987 5311 superextolletur
1015 5258 1181 5312 super
1208 5242 1502 5308 Libanum,
1556 5241 1609 5295 id
1657 5249 1763 5306 est,
1820 5242 2101 5312 superabit

528 5334 738 5387 cultum
763 5333 1061 5388 idolorum.
3386 5403 3399 5408 _
3494 5403 3506 5408 _
3720 5396 3752 5408 -

598 5422 894 5480 Florebunt
923 5422 989 5478 de
1012 5424 1248 5486 ciuitate,
1276 5422 1432 5492 quasi
1462 5423 1625 5477 herba
1676 5432 1849 5478 terrm.
1887 5423 2089 5478 Civita-

2278 5422 2382 5476 Καὶ
2410 5416 2867 5483 ἐξανθήσουσιν
2894 5414 2963 5467 ἐκ
2981 5413 3233 5474 πόλεως,
3261 5403 3403 5459 ὡσεὶ
3432 5403 3642 5473 χόρτος
3670 5403 3795 5466 τῆς

530 5524 639 5572 tem
673 5516 974 5579 indeﬁnite,
1028 5530 1094 5571 eo
1122 5515 1265 5585 quod
1318 5515 1387 5570 de
1422 5515 1571 5570 omni
1627 5514 1854 5570 civitate
1911 5515 2096 5571 ﬁdeles

2207 5514 2341 5584 γῆς.
2362 5512 2572 5574 Πόλεως
2596 5508 2882 5580 ἀορίστως,
2914 5504 3003 5559 διὰ
3024 5500 3094 5555 τὸ
3111 5499 3354 5566 ἐξανοεῖν
3386 5498 3450 5549 ἐκ
3484 5493 3663 5559 πάσης
3689 5493 3794 5585 πό.-

532 5607 732 5666 ﬁurere
771 5610 1068 5676 debebant,
1097 5581 1260 5680 atque
1294 5609 1399 5666 hoc
1439 5617 1587 5664 tanta
1631 5624 1757 5664 cum
1815 5610 1993 5679 copia,
2044 5616 2105 5664 ut

2209 5581 2347 5665 λεως
2370 5601 2593 5665 πιστούς
2615 5617 2629 5632 ’
2661 5600 2797 5653 ὡσεὶ
2827 5598 3019 5667 χόρτος
3042 5593 3122 5659 δὲ,
3162 5591 3248 5645 διὰ
3282 5588 3380 5659 τὴν
3400 5581 3797 5680 ἐπίδοσιν,.κοιὶ

538 5697 901 5756 ﬁoridissima:
951 5715 1016 5755 ac
1041 5700 1388 5757 densissima:
1420 5699 1602 5755 herba:
1632 5699 1940 5769 comparari
1969 5714 2099 5769 pos-

2212 5697 2299 5751 διὰ
2348 5695 2410 5748 τὸ
2442 5693 2644 5764 πλῆθος
2669 5709 2683 5723 ·
2715 5691 2914 5742 νοεῖται
2944 5686 3000 5738 δὲ
3049 5683 3143 5738 καὶ
3177 5684 3210 5754 ἡ
3255 5676 3550 5748 Ἐκκλησία
3592 5669 3750 5734 πᾶλις
3772 5685 3804 5705 ο-

615 5882 633 5911 ⁸
670 5880 809 5934 Psal.
842 5894 1020 5947 CXLIV,
1051 5881 1104 5935 5.
1172 5881 1193 5913 ⁸
1225 5880 1406 5935 Calai.
1440 5896 1479 5946 ι,
1526 5880 1615 5947 iii,
1658 5880 1745 5934 Hi.
