4064 6460
378 485 492 550 ’135
1650 479 2035 544 EUTHYMII
2080 476 2442 541 ZIGABENI
3537 467 3654 534 736-

379 619 508 660 mus
544 603 597 658 in
633 601 738 659 line
765 600 963 673 psalmi
993 616 1082 657 ιι..
1108 599 1254 657 illud
1298 600 1463 657 etiam
1516 600 1659 677 scire
1707 607 1970 671 oportet,

2045 599 2169 660 ,τοῦ
2210 595 2266 669 μ’
2289 594 2507 669 ψαλμοῦ
2554 594 2895 666 προείρηται.
2941 591 3065 664 Χρὴ
3109 591 3168 644 δὲ
3210 587 3537 656 γινώσκειν,
3571 589 3650 653 ὡς

382 694 532 765 quod
562 691 772 749 Hebraei
810 692 1060 748 dividunt
1093 691 1384 749 Davidicos
1414 693 1660 764 psalmos
1705 692 1760 747 in
1794 692 1968 763 quin-

2078 692 2323 763 Ἑβραῖοι
2355 690 2481 751 τοὺς
2504 686 2822 750 Δαϐιδικοὺς
2844 683 3094 755 ψαλμοὺς
3126 683 3206 745 εἰς
3238 680 3398 734 πέντε
3430 678 3650 751 βίϐλους

382 803 492 856 que
520 785 721 849 libros,’
746 784 1005 853 quodque
1062 791 1299 855 qttatuor
1320 785 1531 855 primos
1565 784 1736 839 libros
1764 785 1966 839 habere

2068 783 2452 855 διαιροῦντες,
2500 781 2655 843 τέλος
2685 779 2925 850 ἑκάστης
2973 778 3085 831 τῶν
3135 774 3423 845 τεσσάρων
3484 772 3658 842 φασὶν

383 877 576 932 dicunt
607 877 660 931 iu
698 876 802 931 line
833 875 1010 929 ultimi
1048 876 1277 945 psalmi,
1334 874 1481 940 Fiat,
1515 877 1638 945 ﬁat.
1693 873 1759 928 Et
1809 874 1965 945 primi

2067 875 2301 928 ἕκαστον
2326 870 2561 941 ψαλμὸν,
2587 870 2737 933 τέλος
2759 867 2979 939 ἔχοντα,
3006 867 3067 921 τὸ
3098 867 3337 929 Γένοιτο,
3393 863 3606 932 γένοιτο
3631 877 3653 893 ν

383 969 605 1036 quidem
636 968 758 1023 libri
799 967 961 1022 linem
987 982 1111 1023 esse
1167 967 1356 1023 dicunt
1410 969 1683 1039 psalmum
1738 983 1839 1032 XL,
1882 980 1970 1020 se-

2072 967 2166 1020 καλ.
2218 960 2358 1018 εἶναι
2406 963 2505 1032 μὲν
2538 961 2692 1025 τέλος
2739 959 2965 1032 πρώτης
3004 957 3209 1037 βίϐλου
3278 957 3371 1009 τὸν
3418 961 3494 1026 μ’.
3549 953 3651 1023 τῆς

380 1058 549 1113 cundi
584 1074 735 1124 uxr,
768 1057 912 1112 tertii
946 1072 1212 1120 Lxxxvut,
1249 1057 1430 1127 quarti
1456 1072 1544 1120 cv,
1573 1054 1750 1126 quinti
1786 1056 1967 1109 autem

2069 1059 2325 1125 δευτέρας
2351 1057 2406 1111 δὲ
2433 1056 2524 1110 τὸν
2553 1061 2654 1118 οα’,
2713 1054 2812 1123 τῆς
2845 1054 2900 1108 δὲ
2955 1052 3146 1123 τρίτης
3177 1049 3268 1103 τὸν
3299 1053 3414 1118 σπη’,
3467 1046 3566 1113 τῆς
3595 1045 3651 1098 δὲ

387 1151 511 1207 libri
552 1151 678 1207 linis
713 1150 905 1206 ultimo
935 1149 1214 1207 clauditur
1244 1149 1478 1221 psalmo.

2070 1152 2340 1221 τετάρτης
2378 1149 2468 1203 τὸν
2499 1154 2576 1220 ρε¹
2616 1165 2631 1179 ο
2666 1147 2765 1231 τῆς
2806 1146 3066 1216 πέμπτης
3113 1142 3224 1215 γὰρ
3265 1143 3293 1196 ὁ
3346 1138 3651 1200 τελευταῖος

2073 1243 2249 1312 πέρας
2282 1242 2453 1296 ἐστίν.

566 1285 881 1396 Delecerunt
913 1328 1132 1399 lhynmi
1198 1328 1370 1385 David
1422 1329 1526 1399 ﬁlii
1589 1327 1768 1384 Iesse.

2079 1285 2395 1397 "Ege-imor
2438 1285 2511 1385 ὀί
2572 1330 2750 1397 ὕμνοι
2810 1326 2989 1382 Δα6’δ
3041 1326 3149 1381 τοῦ
3196 1323 3331 1379 vim“?
3398 1320 3658 1377 Ἰεσσαί.

858 1420 1110 1477 Psalmus
1167 1423 1281 1503 ipsi
1318 1422 1521 1493 Asaph.

2540 1423 2792 1493 Ψαλμὸς
2852 1421 2933 1487 τῷ
2974 1420 3187 1490 Ἀσάφ.

891 1510 1218 1569 PSALMUS
1267 1512 1481 1568 LXXII.

2650 1514 2946 1569 ΨΑΛΜΟΣ
2968 1511 3086 1566 OB’.

463 1603 761 1660 Docuimus
809 1603 865 1658 in
917 1603 1198 1659 Prommio
1232 1605 1415 1676 aperis
1442 1642 1459 1670 ,
1511 1620 1705 1662 omnes
1733 1607 1975 1676 psalmos

2148 1609 2258 1665 Καὶ
2293 1608 2398 1681 μὴν
2430 1606 2525 1662 τοῦ
2557 1608 2722 1663 Δασὶδ
2758 1604 2901 1662 εἶναι
2928 1606 3133 1667 πάντας
3164 1604 3290 1667 τοὺς
3323 1600 3572 1673 ψαλμοὺς
3598 1601 3668 1654 ἐν

388 1694 727 1763 compositos
756 1693 928 1751 fuisse
957 1710 986 1748 a
1023 1694 1184 1751 beato
1216 1694 1387 1752 David
1416 1713 1432 1763 ;
1470 1698 1750 1767 quomodo
1809 1698 1976 1770 igitur

2079 1702 2155 1775 τῷ
2218 1701 2492 1774 προοιμίῳ
2523 1702 2623 1772 τῆς
2667 1700 2853 1771 βίϐλου
2892 1697 3074 1754 αὐτῶν
3104 1694 3476 1764 ἀπεδείξαμεν
3498 1712 3511 1725 ·
3542 1693 3660 1761 πῶς

390 1800 538 1841 nunc
560 1785 814 1856 praesenti
841 1787 1055 1854 psalmo
1101 1788 1446 1854 inscribitur,
1477 1789 1621 1860 quod
1643 1788 1977 1846 defecerint?

2076 1792 2171 1851 οὖν
2198 1795 2495 1862 ὲξέλιπον;
2536 1793 2681 1849 ὥστε
2739 1793 2842 1863 οὐχ
2889 1793 2938 1845 οἱ
2981 1790 3189 1862 ψαλμοὶ
3216 1788 3486 1856 ἐξέλιπον,
3542 1785 3664 1840 ἀλλ’

390 1878 529 1943 Quia
564 1877 774 1934 scilicet
803 1893 910 1933 non
938 1877 1209 1935 defecisse
1243 1879 1489 1950 psalmos
1517 1921 1533 1947 ,
1588 1880 1683 1936 sed
1737 1880 1974 1952 hymnos

2078 1888 2127 1940 οί
2177 1884 2359 1957 ὕμνοι.
2411 1884 2534 1938 Τῶν
2588 1883 2699 1957 γὰρ
2748 1883 2983 1954 ψαλμῶν
3029 1876 3104 1936 ὧν
3171 1882 3343 1934 ἐποίει
3382 1879 3508 1940 τοὺς
3561 1878 3662 1948 μὲν

391 1970 545 2026 dicit.
579 1970 859 2041 Siquidem
893 1971 1231 2041 psalmorum
1262 1974 1422 2038 alios,
1451 1971 1615 2028 veluti
1647 1973 1880 2044 hymnos
1910 1989 1974 2029 ac

2077 1954 2239 2040 αὐτὸς
2284 1974 2522 2046 ὖμνῴδει
2571 1954 2818 2044 τῷἾΘεῷ
2867 1972 2957 2026 διὰ
3004 1971 3104 2042 τῆς
3147 1969 3346 2025 ἑαυτοῦ
3382 1967 3670 2035 κιθάραςδ

393 2061 585 2118 laudes
615 2062 735 2133 ipse
765 2062 863 2117 sua
915 2061 1027 2117 Deo
1070 2063 1298 2119 canebat
1355 2065 1565 2119 cithara
1593 2104 1608 2128 ,
1655 2066 1794 2121 alios
1847 2081 1975 2120 vero

2075 2071 2201 2135 τοὺς
2234 2071 2292 2125 δὲ
2360 2073 2473 2133 τοῖς
2500 2069 2802 2140 χοράρχαις
2844 2066 3014 2119 ἐδίδου
3050 2064 3312 2134 μελῳδεῖν
3339 2102 3353 2127 ,
3407 2061 3676 2130 καοὰπερ

392 2162 683 2208 cantorum
720 2153 958 2233 ducibus
989 2155 1269 2212 canendus
1301 2156 1578 2229 praebebat
1598 2199 1612 2223 ,
1638 2157 1802 2214 sicuti
1838 2173 1979 2228 pra:-

2075 2165 2251 2217 τόντε
2280 2163 2663 2237 προκείμενον,
2730 2160 2825 2215 καὶ
2884 2161 3013 2224 τοὺς
3078 2157 3279 2227 ἐφεξῆς
3333 2155 3525 2228 ἕνδεκα
3581 2153 3661 2218 τῷ

394 2252 605 2300 sentem
633 2245 928 2315 psalmum,
961 2255 1016 2301 et
1038 2244 1289 2303 undecim
1326 2247 1462 2304 alios
1487 2257 1802 2319 sequentes,
1837 2264 1976 2319 quos

2089 2255 2287 2324 ’Δσὰφ,
2340 2254 2438 2308 καὶ
2481 2253 2681 2316 ἄλλους
2747 2252 2952 2316 ἄλλοις,
3018 2251 3095 2313 ῶς
3145 2252 3205 2302 ὲν
3245 2248 3323 2320 τῷ
3369 2245 3672 2317 δηλωθέντι

394 2336 562 2392 unius
585 2337 739 2392 ebori
767 2346 1056 2394 cantorum
1094 2340 1327 2412 principi
1372 2340 1577 2412 Asaplt,
1613 2340 1976 2397 modulandos

2081 2348 2379 2421 προοιμίῳ,
2405 2346 2768 2418 παραδέδοται
2796 2363 2808 2375 '
2844 2345 2905 2398 τὸ
2951 2343 3082 2414 γοῦν
3126 2342 3461 2407 Ἐξέ.1ιπον
3491 2338 3665 2408 δηλοῖ,

398 2427 573 2492 dedit,
607 2430 734 2484 item
763 2428 887 2486 aliis
914 2431 1077 2495 alios,
1109 2426 1570 2502 quemadmodum
1623 2433 1823 2490 ibidem
1862 2435 1980 2504 ple-

2079 2445 2160 2497 ὅτι
2193 2444 2243 2495 oi.
2286 2442 2413 2512 ἑξῆς
2470 2438 2651 2494 λοιποὶ
2688 2438 2899 2510 ψαλμοὶ
2942 2437 3041 2506 οὐχ
3090 2433 3491 2505 ὑμνῳδήοησαν
3514 2429 3674 2498 παρὰ

393 2520 524 2575 nius
562 2519 822 2577 diximus.
853 2520 1031 2578 Dictio
1062 2522 1228 2593 igitur
1274 2523 1622 2594 defecerunt,
1659 2542 1767 2580 non
1820 2536 1983 2597 negat

2080 2520 2175 2588 τοῦ
2220 2530 2404 2595 Δαόὶδ,
2452 2531 2500 2583 εί
2533 2531 2628 2584 καὶ
2665 2530 2798 2599 παρ’
2834 2527 3017 2583 αὐτοῦ
3046 2527 3402 2596 ἐποιήθησαν.
3436 2523 3557 2592 Χρὴ
3612 2521 3670 2572 δὲ

396 2619 691 2680 sequentes
717 2612 960 2682 psalmos
986 2616 1322 2685 compositos
1344 2615 1517 2672 fuisse
1543 2631 1572 2670 a
1603 2616 1763 2672 beato
1787 2617 1979 2683 David,

2084 2620 2392 2691 Θαυμάζειν
2444 2621 2593 2682 ὅπως
2634 2621 2669 2690 ἡ
2705 2618 2827 2673 Θεία
2861 2618 3022 2689 χάρις
3060 2617 3153 2670 τοῦ
3186 2616 3508 2686 Πνεῦματος
3555 2614 3672 2674 τοῖς

396 2702 492 2757 sed
528 2702 597 2758 ab
621 2717 686 2757 eo
715 2711 878 2772 negat
909 2704 1083 2763 fuisse
1111 2706 1457 2764 decantatus.
1491 2707 1633 2764 illud
1666 2717 1850 2763 autem
1890 2711 1981 2763 ad-

2082 2713 2363 2784 διαφόροις
2396 2711 2599 2765 πάθεσι
2659 2710 2769 2764 τῶν
2817 2709 3177 2777 ἀνθρωπίνων
3225 2705 3504 2775 λογισμῶν
3549 2705 3671 2758 διά-

397 2792 687 2849 miratione
730 2793 955 2864 dignum
1006 2803 1133 2861 est,
1179 2798 1458 2867 quomodo
1510 2799 1689 2854 sancti
1741 2798 1981 2868 Spiritus

2085 2821 2227 2876 φορα
2263 2803 2533 2874 φάρμακα
2573 2801 2661 2855 διὰ
2698 2801 2807 2856 τῶν
2855 2799 3088 2871 ψαλμῶν
3161 2797 3432 2869 ἐδήλωσε,
3498 2794 3672 2848 καοά-

396 2886 569 2954 gratia
608 2885 1001 2956 multiplicibus
1037 2887 1319 2944 hominum
1355 2889 1641 2947 affectibus
1667 2931 1682 2956 ,
1711 2905 1775 2946 ae
1815 2892 1983 2947 variis

2084 2914 2191 2969 περ
2235 2896 2328 2950 καὶ
2385 2895 2480 2950 νῦν
2547 2894 2641 2948 ἐπὶ
2685 2893 2782 2949 τοῦ
2840 2894 3106 2963 πσρᾶντος
3139 2909 3154 2922 ·
3203 2890 3342 2960 πρὸς
3380 2890 3489 2961 γὰρ
3537 2886 3674 2949 τοὺς

399 2974 709 3032 animorum
735 2977 1178 3048 egritudinibus.
1211 2979 1534 3050 multiplicia
1567 2980 1732 3036 etiam
1752 2995 1816 3036 ac
1833 2982 1981 3037 varia

2088 2986 2465 3061 μικροψύχους
2498 2986 2592 3041 καὶ
2621 2985 3141 3055 σκανδαλιζομένους
3176 2983 3268 3035 ἐπὶ
3302 2982 3416 3043 τοῖς
3480 2976 3670 3041 ἀνεξε-

398 3080 498 3135 per
519 3066 760 3136 psalmos
786 3068 1086 3140 pharmaca
1127 3071 1435 3136 miscuerit,
1466 3072 1627 3127 sicuti
1662 3073 1983 3143 impraesen-

2086 3082 2368 3154 ρευνήτοις
2396 3081 2628 3152 κρίμασι
2654 3078 2748 3131 τοῦ
2774 3076 2933 3144 Θεοῦ,
2964 3079 3113 3138 ὅπως
3132 3075 3383 3145 ἀνέχεται
3411 3068 3508 3146 μὲν
3540 3069 3686 3140 euq--

398 3157 600 3215 tiarum
664 3159 818 3218 facit.
860 3159 1109 3219 Pertinet
1161 3163 1307 3218 enim
1343 3163 1436 3220 hic
1466 3165 1715 3235 psalmus
1770 3166 1836 3220 ad
1892 3181 1984 3235 pu-

2089 3171 2388 3244 μεροῦντας
2422 3171 2553 3236 τοὺς
2572 3171 2864 3242 πονηροὺς,
2885 3170 3117 3242 περιορᾷ
3162 3169 3219 3223 δὲ
3256 3169 3381 3230 τοὺς
3412 3181 3668 3220 κακοπα-

399 3250 728 3319 sillanimcs,
761 3261 816 3310 et
842 3255 912 3311 ad
940 3270 1036 3311 eos
1069 3256 1164 3326 qui
1195 3256 1251 3311 in
1283 3257 1858 3327 imperscrutabilibus
1886 3257 1978 3312 Dei

2088 3262 2313 3326 Θοῠντας
2351 3260 2612 3331 ἀγαθοὺς,
2641 3262 2671 3315 ὁ
2699 3254 2912 3333 enim;
2941 3262 3042 3332 ὁρᾷ
3068 3278 3078 3290 ·
3115 3261 3211 3313 καὶ
3266 3258 3686 3329 ἐσχημάτισται

395 3341 620 3411 iudiciis
652 3345 810 3402 facile
838 3346 1319 3413 scandalizantur,
1347 3349 1479 3403 dum
1501 3348 1713 3405 scilicet
1744 3359 1980 3405 cernunt

2091 3353 2188 3425 μὲν
2219 3351 2496 3424 προσώπῳ
2536 3351 2630 3407 τοῦ
2672 3353 2733 3406 ιν
2777 3352 3058 3407 Βαϐυλῶνι
3126 3349 3470 3423 δορυαλώτου
3509 3339 3690 3415 λ.αὸῦ,.

398 3434 569 3490 Deum
629 3452 921 3506 pravorum
972 3439 1255 3496 hominum
1306 3438 1494 3510 'quam
1544 3442 1811 3511 plurimos
1867 3458 1980 3498 non

2089 3447 2186 3500 κιὶ
2220 3445 2455 3517 μάλιστα
2476 3443 2569 3498 τοῦ
2601 3443 3018 3515 θεοφιλεστέρου
3047 3462 3061 3476 ·
3100 3445 3331 3513 ἁρμίζει
3373 3442 3430 3495 δὲ
3464 3441 3630 3497 παντὶ
3654 3479 3672 3506 ,

401 3534 613 3583 tantum
644 3531 899 3599 tolerare,
920 3534 1014 3590 sed
1029 3534 1453 3592 scelestissimos
1476 3552 1725 3608 quosque
1750 3537 1984 3593 feliciter

1977 3555 1984 3569 ι
2091 3533 2585 3608 παραμυθούμενος
2615 3531 2731 3602 (67)
2771 3536 2871 3606 τὴν
2911 3536 3147 3588 ἑκάστου
3195 3533 3582 3606 μικροψυχίαν.

403 3633 648 3690 persaepe
677 3621 881 3689 vivere,
910 3631 1101 3679 contra
1150 3634 1332 3681 autem
1385 3630 1588 3694 probos
1668 3628 1726 3682 in
1803 3624 2192 3684 alllietiouibus
2247 3638 2302 3682 et
2353 3626 2762 3682 calamitatibus
2814 3636 2873 3682 ut
2964 3627 3262 3698 plurimum
3349 3620 3681 3682 constitutos

402 3729 549 3782 esse,
582 3724 638 3771 et
668 3731 807 3785 pene
830 3718 1027 3790 negligi
1056 3721 1126 3775 ab
1160 3735 1248 3776 eo.
1291 3721 1615 3779 Ellerendus
1661 3731 1746 3781 est
1797 3736 1980 3781 autem
2054 3726 2147 3781 hic
2207 3726 2476 3797 psalmus,
2513 3741 2581 3781 ex
2610 3722 2892 3782 lsraelitici
2927 3727 3119 3798 populi
3142 3741 3372 3799 persona
3393 3766 3409 3794 ,
3460 3726 3553 3797 qui
3584 3744 3683 3782 ca-

405 3810 586 3882 ptivus
618 3810 966 3903 detinebatur
994 3814 1046 3868 in
1074 3814 1374 3903 Babylone,
1409 3828 1466 3874 et
1495 3834 1563 3876 ex
1603 3820 1819 3876 illorum
1839 3824 2166 3894 praesertim,
2197 3824 2290 3894 qui
2322 3824 2376 3878 in
2405 3831 2518 3878 toto
2590 3822 2685 3880 illo
2753 3823 2953 3895 populo
3023 3824 3202 3895 magis
3262 3825 3336 3895 pii
3391 3824 3448 3879 in
3484 3825 3694 3886 Demu,.

406 3918 472 3955 ac
505 3903 680 3973 magis
707 3902 949 3976 religiosi
972 3902 1467 3967 fueruntztamctsi
1494 3911 1791 3983 unicuique
1807 3916 1971 3970 etiam
2014 3913 2161 3971 ﬁdeli
2192 3915 2597 3972 accommodari
2638 3916 2813 3988 possit
2844 3916 2939 3987 qui
2971 3916 3205 3986 proximi
3286 3917 3373 3974 sui
3446 3918 3678 3990 pusilla-

406 3993 711 4049 nimitatem
744 3996 962 4053 studeat
1005 3999 1308 4057 consolari.
3040 4072 3043 4077 .
3452 4066 3455 4069 ν

482 4083 648 4144 Vsus.
681 4088 732 4142 l.
761 4088 934 4156 Quam
958 4091 1121 4149 bonus
1162 4092 1300 4149 Deus
1345 4094 1449 4163 ipsi
1500 4093 1697 4151 Israel.
1767 4096 1944 4154 Dictio
1972 4137 1991 4166 ,

2176 4099 2276 4167 Ὠς
2305 4097 2530 4168 ἀγαθὸς
2556 4097 2591 4152 δ
2621 4096 2768 4164 Θεὸς
2802 4097 2882 4164 τῷ
2898 4096 3178 4167 Ἰσραήλ.
3209 4097 3282 4151 Τὸ
3308 4096 3409 4166 Ὧς
3440 4097 3686 4169 βεϐαιωιν

406 4197 590 4250 quam,
619 4181 1002 4241 conﬁrmantis
1032 4185 1142 4243 vim
1176 4187 1339 4244 habet
1380 4188 1482 4243 hoc
1517 4189 1569 4243 in
1625 4190 1767 4246 loco.
1808 4190 1951 4248 Vere
1974 4232 1991 4259 ,

2128 4188 2244 4244 ικόν
2275 4190 2445 4245 ἐστιν.
2484 4187 2719 4255 Ὄντως,
2755 4188 2943 4257 φησὶν,
2984 4187 3191 4257 ἁγαθός
3216 4190 3365 4243 ἐστιν
3389 4192 3417 4244 ὀ
3445 4190 3575 4254 Θεὸς
3601 4191 3730 4262 τῷ.⁸

410 4272 587 4342 inquit
607 4310 621 4335 ,
652 4273 833 4330 bonus
864 4284 950 4331 est
980 4274 1122 4333 Deus
1152 4279 1352 4348 populo
1384 4278 1551 4338 Israel
1596 4300 1611 4337 :
1659 4285 1864 4355 quippe
1902 4286 1994 4355 qui

2105 4280 2327 4354 Ἰσραήλ
2348 4297 2362 4313 ο
2385 4274 2476 4336 οἷα
2492 4279 2579 4335 διὰ
2611 4278 2848 4351 θλίψεων
2870 4279 3257 4350 παιδαγωγῶν,
3288 4283 3385 4336 καὶ
3403 4283 3696 4352 σωτηρίαν

413 4380 509 4434 per
563 4364 891 4425 aiﬂictiones
950 4375 1004 4423 et
1036 4370 1376 4427 calamitates
1408 4388 1534 4429 eum
1565 4376 1751 4437 erudit
1798 4388 1848 4432 et
1901 4394 1994 4432 ca—

2100 4373 2251 4444 αὐτῷ
2291 4373 2830 4447 πραγματευόμενος
2853 4389 2868 4406 ·
2902 4372 3003 4426 οὐκ
3051 4375 3116 4427 ἐκ
3149 4375 3342 4443 μίσους
3381 4375 3513 4445 γὰρ,
3560 4373 3696 4428 ἀλλ”

411 4461 581 4530 stigat
607 4500 623 4524 ,
651 4461 854 4532 quique
901 4462 1138 4518 salutem
1173 4465 1222 4519 ei
1274 4466 1575 4535 excogitat.
1612 4466 1800 4539 Neque
1837 4470 1985 4530 enim

1837 4470 1985 4530 enim
2100 4465 2160 4531 ἐξ
2184 4466 2407 4534 ἀγάπης
2442 4466 2501 4519 αἱ
2534 4464 2797 4528 παιδεῖαι,
2827 4463 2924 4517 καὶ
2954 4463 3091 4534 πρὸς
3121 4463 3430 4536 διόρθωσιν.

410 4568 474 4605 ex
510 4553 640 4608 odio
668 4556 903 4627 castigat
932 4557 1170 4626 aliquem
1208 4557 1371 4623 Deus,
1395 4569 1490 4615 aut
1522 4561 1732 4633 dirigit,
1757 4561 1850 4618 sed
1880 4580 1991 4635 pra:

411 4659 599 4700 amore
627 4654 683 4701 et
714 4646 1032 4704 dilectione.

484 4734 564 4790 Iis
600 4737 690 4806 qui
712 4746 850 4792 recto
878 4748 1000 4793 sunt
1023 4739 1202 4797 corde.
1242 4740 1381 4799 Cum
1436 4743 1580 4800 Deus
1634 4744 1769 4800 adeo
1816 4746 1995 4802 bonus
2024 4708 2071 4764 θ

2177 4734 2302 4802 Τοῖς
2346 4731 2551 4790 εὐθέσι
2583 4733 2659 4804 τῇ
2698 4735 2931 4804 καρδϊᾳ.
2979 4735 3152 4791 Τοῦτο
3195 4738 3252 4792 δὲ
3303 4738 3378 4792 ῶν
3428 4740 3690 4812 κρίνει-αις

412 4828 504 4892 sit,
542 4835 599 4882 ut
631 4828 943 4897 docuimus,
985 4833 1112 4887 talis
1169 4836 1335 4889 etiam
1371 4850 1495 4890 esse
1518 4835 1802 4905 judicatur
1833 4838 1900 4889 ab
1928 4836 1996 4890 iis

2101 4827 2254 4900 παρὰ
2280 4828 2391 4891 τοῖς
2416 4826 2555 4897 ὀρθὰ
2590 4827 2961 4895 λογιζομένοις
2982 4847 2995 4861 ·
3023 4830 3252 4901 καρδίαν
3284 4832 3393 4905 γὰρ
3442 4833 3692 4890 ἐνταῦθα

414 4920 507 4988 qui
545 4931 691 4975 recte
718 4924 983 4979 sentiunt.
1016 4924 1213 4981 Cordis
1246 4927 1446 4981 etenim
1483 4926 1848 4996 appellatione
1902 4926 1993 4981 hic

1266 4927 1446 4981 :tenim
1483 4926 1848 4996 appellatione
1902 4926 1993 4981 hic
2098 4919 2190 4975 τὸν
2223 4919 2482 4990 λογισμὸν
2505 4918 2871 4988 ὑποληπτέον.

416 5028 573 5072 mens
596 5022 651 5068 et
687 5015 947 5083 cogitatio
985 5017 1099 5088 ipsa
1140 5019 1480 5090 intelligitur.

488 5104 652 5163 Vens.
681 5106 737 5164 2.
799 5108 907 5164 Mei
949 5120 1123 5165 autem
1164 5127 1291 5181 pene
1320 5114 1446 5165 moti
1474 5118 1601 5166 sunt
1654 5110 1833 5182 pedes.
1891 5111 1995 5167 Per

2179 5101 2359 5170 Ἔμοῦ
2390 5100 2459 5154 δέ
2492 5102 2652 5168 παρὰ
2689 5101 2906 5169 μικρὸν
2936 5101 3366 5171 ἐσαλεύθησαν
3388 5108 3443 5160 οἱ
3474 5105 3691 5173 πόδες-

417 5204 580 5276 pedes
614 5204 703 5259 hic
733 5203 1096 5274 cogitationes
1121 5202 1396 5275 intelligit,
1432 5204 1596 5260 veluti
1638 5220 1760 5275 quae
1796 5206 1992 5261 animo

2102 5198 2277 5262 Πόδας
2317 5196 2477 5251 καλεῖ
2528 5195 2654 5259 τοὺς
2683 5196 2983 5268 λογισμοὺς
3011 5197 3138 5260 τοὺς
3170 5197 3557 5271 ὑπερείδοντας
3578 5202 3684 5271 τῆς

417 5305 621 5353 nostrae
649 5294 969 5366 religionem
1002 5294 1197 5364 pedum
1236 5294 1414 5350 instar
1466 5306 1664 5366 regunt
1720 5311 1787 5352 ac
1827 5296 1996 5351 susti-

2101 5290 2280 5362 ψυχῆς
2315 5292 2416 5362 τὴν
2457 5290 2762 5346 εὐσέϐειαν.
2798 5288 3040 5360 Ινῐικροῦ,
3085 5292 3257 5361 φησὶ,
3295 5292 3683 5366 παρετράπηνς

419 5395 575 5444 nent.
610 5386 777 5452 Pene,
806 5386 1010 5457 inquit,
1046 5400 1364 5455 perversos,
1396 5401 1458 5440 ac
1482 5401 1624 5456 pene
1644 5386 1831 5458 lapsus
1849 5403 1995 5453 sum,

2106 5386 2200 5438 καὶ
2234 5383 2517 5454 ὑπεσύρην
2573 5385 2654 5446 είς
2695 5382 2912 5437 ὄλισθον
2942 5383 3035 5437 τοῦ
3066 5385 3143 5455 μὴ
3177 5384 3270 5438 τὸν
3307 5385 3440 5440 Θεὸν
3469 5387 3694 5442 οίεσοσι

420 5490 487 5537 ut
516 5481 720 5536 nullam
748 5481 917 5536 Deum
953 5478 1232 5534 crederem
1259 5478 1444 5534 mundi
1473 5478 1674 5535 habere
1707 5478 2002 5551 providen-

1138 5493 1232 5532 -em
1259 5478 1444 5534 mundi
1473 5478 1674 5535 habere
1707 5478 2002 5551 providen-
2108 5481 2361 5549 προνοεῖν
2389 5476 2482 5529 τοῦ
2513 5476 2743 5546 κόσμου.

425 5575 583 5629 tiam.
639 5572 834 5644 (Quod
861 5578 1044 5626 autem
1093 5568 1318 5627 Latinus
1354 5572 1621 5641 interpres
1652 5572 1825 5640 dixit,
1860 5573 1989 5627 moti
2017 5582 2157 5637 sunt,
2192 5571 2379 5626 Grtcca
2412 5569 2578 5625 dictio
2608 5568 2986 5638 ὲσαλεύθησαν
3037 5568 3317 5638 aliquanto
3369 5570 3692 5641 signiﬁcan-

426 5671 535 5724 tius
556 5667 831 5738 cxpritnit,
858 5672 916 5723 et
949 5680 1053 5723 nos
1079 5666 1300 5737 propius
1327 5666 1511 5723 dicere
1557 5681 1852 5739 possumus
1880 5665 2259 5737 ﬂuctuarunt.)

1660 5842 1669 5859 ,
1760 5781 1961 5842 Varia:
2002 5781 2328 5844 lectiones.

504 5877 618 5944 (67)
663 5876 895 5954 Videtur
922 5877 1195 5948 interpres
1255 5879 1458 5954 legisse
1480 5880 1999 5954 _r:apzpu00uyévqi
2108 5882 2261 5935 uibus
2294 5879 2707 5954 accommoaari,
2745 5889 2793 5933 et
2823 5879 3237 5954 uniuscujusque
3260 5881 3689 5954 pusillanimita-

432 5962 533 6007 Dl‘O
565 5947 895 6019 παραμυθοῦ
905 5947 1084 6017 pavor,
1101 5947 1423 6008 vertendum
1442 5967 1455 6007 :
1472 5947 1652 6007 Potest
1678 5947 1863 6005 autem
1888 5947 2001 6007 oml-

1691 5947 2001 6007 zutentoml-
2105 5963 2205 6007 tem
2240 5950 2467 6007 solatur.
3044 5947 3058 5953 ⁷
3150 5947 3160 5954 ⁷
3260 5947 3296 5955 ’”
