4064 6418
329 323 438 388 ⁶ῐ3ἶ

1482 312 1875 376 COMMENT.
1929 313 2010 375 IN
2056 315 2411 378 PSALMOS.

3486 321 3594 386 738

401 438 552 509 Hap'
572 435 671 491 (5λί
677 452 781 505 γον
798 433 1055 503 ἐξεχύθη
1088 428 1517 501 radiati-rigata
1539 436 1678 500 μου.
1710 429 1909 502 Διαϐή-

2082 431 2222 486 Pene
2252 431 2407 501 επαδὶ
2452 441 2574 486 sunt
2602 447 2816 503 gressus
2864 433 2990 488 mei.
3019 433 3125 491 Per
3166 450 3384 506 gressus
3410 432 3582 495 Simili

330 549 487 603 ματα
518 528 636 592 νῦν,
681 534 750 581 τα
782 527 1145 595 διανοήματα.
1202 521 1493 593 Ἐξεχύοη
1531 521 1623 582 δὲ.
1668 522 1793 575 ἀντὶ
1820 521 1916 575 τοῦ

324 620 617 696 ἐχαυνώθη
636 636 651 650 ·
683 617 878 687 χαῦνον
910 615 1020 686 γὰρ
1074 613 1136 666 τὸ
1184 614 1460 684 χεόμενον.
1501 610 1636 666 Εἶτα
1666 615 1918 683 ἐπιφέρει

324 716 434 772 καὶ
473 716 575 784 τὴν
624 710 829 773 αἰτίαν,
873 708 943 763 δι’
966 708 1032 779 ἢν
1072 706 1390 762 ἐκινδύνευε
1441 705 1769 776 σαλευθῆναι
1822 707 1916 760 καὶ

322 805 654 880 ἐκχυθῆναι.

396 1077 533 1139 Ὀτι
563 1073 836 1144 ἐζήλωσα
860 1073 961 1128 ἐπὶ
997 1072 1124 1139 τοῖς
1154 1071 1403 1143 ἀνόμοις
1447 1071 1699 1141 εἰρήνην
1723 1073 1909 1141 ἀμαρ-

312 1169 538 1225 τωλῶν
589 1165 847 1236 θεωρῶν.
891 1166 1063 1237 Ζῆλον
1093 1164 1313 1234 λέγουσι
1338 1163 1431 1218 τὸν
1468 1163 1693 1234 εὔλογον
1735 1163 1910 1234 θυμὸν

320 1263 473 1316 κατὰ
510 1259 840 1332 πράγματος
885 1257 1204 1328 ἅνευλόγου.
1247 1257 1396 1322 "Ott,
1447 1259 1636 1327 φησιν,
1675 1257 1767 1309 ἐπὶ
1796 1258 1912 1319 τοῖς

320 1358 562 1427 ἀνόμοις
583 1354 800 1427 ἐχθροῖς
824 1351 1117 1423 ὲθυμώθην
1130 1349 1378 1416 δικαεως,
1408 1348 1485 1412 ὡς
1503 1344 1908 1418 ὑπελάμϐανον,

318 1445 420 1503 οἷα
444 1446 832 1520 εἰρηνεύοντας
879 1444 1077 1508 αὐτοὺς
1112 1441 1356 1514 θεωρῶν,
1401 1441 1608 1508 εῐτουν,
1645 1439 1723 1512 μὴ
1749 1439 1912 1492 πολε-

325 1541 646 1612 μουμένους
690 1537 795 1593 ὑπὸ
828 1537 1205 1607 δυνατωτέρου
1251 1534 1438 1596 ἔθνους
1473 1573 1488 1599 ,
1549 1532 1684 1587 ἀλλὰ
1726 1531 1912 1595 ἀδείας

324 1628 736 1692 ἀπολαύοντας,
766 1626 952 1682 καίτοι
981 1623 1344 1697 ἁμαρτωλοὺς
1373 1622 1556 1686 ὄντας.

2016 525 2183 579 modo
2213 525 2579 593 cogitationes
2605 525 2886 598 intelligit,
2916 541 3013 583 seu
3042 528 3333 598 opiniones
3359 539 3416 587 et
3462 548 3594 590 sen-

2017 617 2214 673 tentias
2237 616 2428 673 animi.
2466 616 2644 688 Effusi
2671 630 2853 674 autem
2889 629 3036 685 sunt,
3072 636 3175 692 pro
3230 637 3581 681 evanuerunt.

2017 708 2313 762 Evauescit
2371 708 2545 773 enim,
2574 709 2722 779 quod
2755 710 3076 767 eﬂ‘unditur.
3113 712 3322 770 Deinde
3357 730 3586 773 causam

2011 799 2177 853 etiam
2200 798 2372 852 infert
2394 799 2465 854 ob
2493 815 2656 869 quam
2694 801 2748 855 in
2778 801 3090 871 hujusmodi
3125 805 3288 860 fuerit
3320 807 3591 876 periculo,

2018 900 2081 946 ut
2133 890 2467 949 ﬂuctuarent
2519 891 2642 963 ejus
2688 893 2876 964 pedes,
2903 905 2959 950 et
2997 895 3416 953 eﬂ‘underentur
3465 898 3589 961 ejus

2017 997 2268 1052 gressas.

2092 1072 2259 1132 Vsus.
2296 1075 2351 1129 5.
2381 1075 2648 1140 Quoniam
2681 1075 2853 1131 zelavi
2896 1086 3109 1145 propter
3138 1078 3372 1146 iniquos,
3404 1096 3590 1149 pacem

2019 1174 2357 1235 peccatorum
2377 1168 2579 1223 uidens.
2612 1165 2718 1224 Per
2745 1167 2948 1236 zelum,
2980 1168 3119 1223 iram
3153 1169 3301 1224 illam
3331 1186 3474 1240 smpe
3503 1174 3587 1226 in-

2021 1256 2343 1327 telligimus.
2379 1273 2502 1328 quae
2548 1271 2579 1312 a
2639 1267 2790 1315 recta
2820 1259 3041 1316 ratione
3066 1259 3344 1319 adversus
3380 1262 3589 1332 aliquid

2018 1348 2477 1404 irrationabiliter
2506 1347 2711 1403 factum
2766 1349 3156 1418 proﬁciscitur.
3187 1350 3485 1420 Quoniam,
3504 1354 3590 1409 in-

2016 1443 2160 1510 quit,
2187 1438 2461 1497 adversus
2482 1440 2702 1511 iniquos
2739 1440 2928 1498 hostes
2954 1450 3178 1500 nostros
3211 1445 3388 1501 iratus
3406 1460 3531 1501 sum
3572 1460 3588 1500 :

2016 1538 2071 1585 et
2115 1544 2235 1584 mea
2288 1529 2510 1600 quidem
2564 1531 2841 1586 sententia
2893 1547 3007 1588 non
3054 1543 3285 1600 temere,
3313 1550 3382 1592 eo
3439 1538 3591 1606 quod

2019 1637 2210 1693 pacem
2239 1636 2335 1679 eos
2362 1636 2526 1694 agere
2558 1622 2836 1687 videbam,
2868 1637 2922 1679 et
2946 1640 2976 1678 a
3008 1626 3418 1695 potentioribus
3451 1644 3592 1684 nun-

322 1737 500 1793 quam
535 1721 745 1786 vexari,
775 1727 830 1775 et
855 1719 986 1790 quia
1018 1726 1078 1774 ut
1098 1717 1281 1773 securi
1311 1731 1376 1772 ac
1406 1714 1514 1771 tuti
1549 1715 1714 1769 multa
1738 1713 2067 1770 fruebantur
2101 1715 2309 1785 quiete,
2379 1713 2601 1769 tametsi
2685 1716 2932 1769 omnium
3023 1717 3310 1772 hominum
3402 1729 3594 1774 essent

326 1813 715 1884 perditissimi.

404 1911 538 1962 Ὀτι
572 1909 684 1962 οὐκ
709 1906 844 1961 ἐστι
875 1903 1208 1970 ἀνάνευσις
1238 1902 1309 1957 ἐν
1326 1900 1406 1968 τῷ
1426 1900 1660 1970 θανάτῳ
1687 1899 1909 1956 αὐτῶν.

2089 1893 2256 1950 Vens.
2296 1895 2353 1949 ι.
2397 1894 2663 1962 Quoniam
2724 1911 2827 1950 non
2884 1904 2962 1950 est
3014 1898 3246 1979 renuftio
3303 1898 3360 1952 in
3419 1910 3591 1955 morte

327 2004 443 2057 Καὶ
474 2003 560 2055 Em
587 2000 688 2054 οὐκ
715 1998 865 2053 εστιν
893 1996 1269 2067 ἀπαγόρευσις
1290 1996 1349 2050 ὲν
1370 1994 1447 2067 τῷ
1473 1993 1687 2062 Θανάτῳ
1709 1994 1910 2059 αὐτῶν,

333 2094 520 2145 aito-sv
549 2089 825 2154 ἀπευκτὸς
852 2090 882 2144 ὀ
913 2088 1144 2153 θάνατος
1173 2087 1378 2153 αὐτῶν,
1413 2086 1510 2141 ἄιε
1551 2086 1691 2140 κατὰ
1725 2084 1909 2154 φύσιν,

327 2189 427 2240 id:
456 2184 534 2256 μὴ
572 2183 763 2255 βιαὶως
788 2181 1188 2255 ἀπερχόμενος.

405 2369 516 2423 Καὶ
575 2368 879 2438 στερέωμα
933 2367 1004 2420 ἐν
1064 2364 1138 2434 τῇ
1197 2362 1446 2435 μάστιγι
1500 2362 1720 2417 αὐτῶν,
1771 2362 1910 2417 Οὐδὲ

319 2462 573 2533 ἐπιμονὴ
603 2463 660 2514 ἐν
689 2463 756 2532 τῇ
797 2459 981 2529 π)ηγῆ
1005 2458 1208 2512 αὐτῶν.
1250 2459 1312 2511 Εἰ
1347 2457 1457 2528 γὰρ
1485 2460 1579 2510 καὶ
1609 2456 1910 2511 κακιυθείἐν

324 2571 490 2620 ποτε,
520 2554 661 2623 ταχὺ
691 2553 788 2623 τῆς
819 2549 1055 2620 θλίψεως
1076 2548 1536 2604 ἀπαλλάττονται.

415 2728 524 2783 Ἐν
573 2730 783 2795 κόποις
831 2727 1161 2797 ἀνθρώπων
1185 2728 1298 2782 οὐκ
1332 2727 1594 2792 εἷσ),καὶ
1625 2724 1778 2797 μετὰ
1804 2726 1912 2782 ἁν-

323 2822 586 2893 θρώπων
627 2823 700 2877 οὐ
727 2821 1313 2892 μαστιγωθήσονται.
1348 2821 1483 2875 esse
1537 2823 1675 2873 εἰσιν
1722 2823 1783 2873 ὲν
1818 2822 1911 2873 κό-

324 2931 484 2979 ποις,
518 2913 593 2976 ὡς
622 2914 673 2967 οῑ
698 2913 880 2968 λοιποὶ
911 2912 1194 2985 ἄνθρωποι
1223 2929 1238 2943 ·
1288 2912 1352 2966 τὸ
1382 2914 1492 2982 γὰρ
1518 2914 1738 2984 κοπιᾷν,
1778 2913 1909 2967 ἴδιον

319 3005 640 3077 ἀνθρώπων
680 3023 696 3038 ο
754 3005 892 3060 ἀλλὰ
975 3004 1197 3069 ἀκὸπως
1267 3003 1507 3059 κτῶνται
1565 3004 1634 3058 τὰ
1689 3003 1907 3072 ἀγαθάο

317 3100 479 3162 οὐδὲ,
516 3100 590 3162 ὡς
615 3098 740 3170 ἐμοὶ
794 3097 1101 3168 φαίνονται,
1154 3098 1230 3162 ὡς
1264 3098 1316 3151 οἱ
1379 3095 1561 3150 λοιποὶ
1623 3094 1905 3166 ἄνθρωποι

322 3190 779 3264 κακωθήσονται.

399 3371 508 3426 Διὰ
530 3370 707 3426 τοῦτο
728 3369 1065 3440 ἐκράτησεν
1093 3366 1316 3435 αὐτοὺς
1346 3368 1387 3447 ei
1417 3367 1796 3438 ὑπερηφανία
1824 3368 1911 3432 εις

318 3465 530 3530 τέλος.
567 3463 669 3517 Διὰ
698 3461 761 3517 τὸ
797 3461 941 3517 κατὰ
966 3459 1095 3532 ῥοῦν
1127 3461 1311 3525 αὐτοῖς
1332 3460 1595 3532 φέρεσθαι
1628 3460 1698 3514 τὰ
1729 3460 1912 3532 πράγ-

322 3573 507 3627 ματα,
583 3553 844 3625 συνέσχεν
886 3552 1084 3616 αὐτοὺς
1132 3553 1165 3622 ἡ
1212 3551 1561 3623 ὑπερηφανία
1598 3553 1678 3615 εἰς
1738 3552 1910 3616 τέλος.

406 3643 882 3714 Περιεϐἀλλοντο
928 3644 1170 3699 ἀδικίαν
1193 3644 1292 3709 καὶ
1336 3644 1622 3700 ἀσέϐειαν
1653 3644 1908 3712 ἑαυτοῖς.

321 3738 496 3792 Οὕτω
547 3737 604 3790 δὲ
657 3735 1180 3807 ἁλαζονευσάμενοι,
1237 3735 1428 3790 λοιπὸν
1479 3737 1639 3807 δίκην
1693 3737 1911 3807 ἱματίου

325 3824 763 3895 περιεϐάλλοντο
779 3826 878 3896 τὴν
902 3824 1128 3879 ἀδικίαν
1152 3828 1247 3879 καὶ
1272 3826 1373 3897 τὴν
1399 3826 1659 3880 ἀσέϐειαν
1676 3827 1908 3881 ἑαυτῶν.

337 3918 634 3989 Ἐμφαίνει
663 3918 720 3971 δὲ
749 3916 1014 3989 περιϐολὴ
1041 3918 1105 3973 τὸ
1131 3918 1398 3989 κύκλωμα
1445 3920 1542 3972 καὶ
1573 3920 1673 3992 τὴν
1706 3937 1914 3973 παντα-

323 4012 497 4082 χόθεν
526 4009 755 4080 συνοχήν
779 4026 794 4041 ·
824 4008 1098 4081 πολλαχοῦ
1137 4009 1195 4064 δὲ
1225 4010 1336 4063 τῶν
1359 4010 1593 4080 ψαλμῶν
1641 4010 1719 4081 τῷ
1781 4010 1914 4064 εἴδει

324 4101 514 4169 τούτῳ
581 4102 847 4172 κέχρηται
881 4116 897 4132 ’
946 4101 1023 4165 ὡς
1077 4103 1134 4156 ὲν
1189 4100 1269 4172 τῷ
1295 4117 1310 4134 ο
1373 4102 1915 4171 Περιϐαλέσθωσαν

325 4193 644 4263 αἰσχύνην
671 4194 771 4247 καὶ
817 4193 1124 4263 ἐντροπὴν
1147 4211 1165 4227 ο
1212 4195 1311 4250 καὶ
1354 4194 1561 4249 πάλινν
1621 4194 1916 4250 Ἐνδυσὰ-

328 4288 591 4339 σοωσαν
627 4286 680 4337 ει
731 4282 1236 4351 ἐνδιαϐάλλοντές
1286 4300 1365 4353 με
1412 4284 1718 4356 ἐπροπτὶν
1742 4303 1754 4315 ·
1812 4286 1913 4339 καὶ

328 4373 915 4439 πέριὸαλλέσθωσαν
955 4373 1032 4439 ὡς
1055 4372 1332 4428 διπλοΐδα
1364 4375 1668 4444 αἰσχύνην
1693 4374 1913 4431 αὐτῶν

330 4467 433 4517 καὶ
466 4462 619 4527 αὖθις
651 4480 665 4494 ·
711 4462 1119 4517 Ἔνεδύσαντο
1149 4462 1415 4532 κατάραν
1429 4464 1510 4530 ὡς
1546 4464 1798 4534 ἱμάτιον,
1820 4482 1914 4518 και.

2015 2003 2222 2042 eorum.
2282 1985 2554 2052 Queniam
2593 2001 2763 2052 mors,
2796 1986 2998 2058 inquit,
3035 2004 3154 2060 quae
3203 1990 3286 2046 eis
3343 1992 3589 2056 obvenit,

2016 2079 2333 2141 abnuenda,
2388 2087 2483 2133 aut
2543 2081 2856 2150 respuenda
2917 2096 3025 2137 non
3085 2092 3192 2148 est,
3251 2084 3420 2139 veluti
3469 2100 3592 2156 quae

2013 2181 2068 2224 et
2099 2170 2402 2226 secundum
2439 2179 2703 2226 naturam
2735 2173 2995 2242 (advenit,
3030 2182 3086 2230 et
3113 2175 3264 2233 nulla
3308 2191 3435 2233 cum
3471 2178 3589 2232 vio-

2012 2259 2205 2317 lentia.

2084 2346 2153 2403 Et
2187 2349 2652 2419 ﬁrmamentumin
2671 2351 2835 2423 plaga
2857 2370 3060 2409 eorum.
3082 2352 3191 2411 Nec
3221 2355 3357 2422 ulla,
3385 2355 3586 2428 inquit,

2011 2439 2373 2507 diuturnitas,
2409 2451 2503 2497 aut
2540 2447 2960 2515 perseverantia
2990 2447 3150 2504 estin
3185 2464 3377 2505 eorum
3402 2452 3585 2522 plaga.

2015 2533 2153 2591 Nam
2191 2537 2296 2592 etsi
2346 2537 2648 2609 aliquando
2682 2540 3002 2596 calamitate
3034 2542 3217 2613 aliqua
3247 2543 3589 2615 aﬂliguutur,

2012 2629 2199 2684 statim
2224 2638 2404 2685 tamen
2443 2631 2514 2686 ab
2548 2620 2851 2688 afﬂictione
2875 2633 3205 2693 liberantur.

2089 2719 2253 2778 Vens.
2283 2722 2335 2779 5.
2376 2722 2446 2778 In
2471 2725 2741 2782 laboribus
2773 2727 3049 2782 hominum
3078 2744 3186 2784 non
3214 2738 3360 2798 sunt,
3390 2740 3439 2785 et
3466 2747 3590 2786 cum

2013 2813 2317 2872 hominibus
2349 2835 2453 2874 non
2513 2820 2952 2892 ﬂagellabunlur.
2979 2822 3171 2895 Neque
3199 2833 3353 2891 sunt,
3388 2836 3448 2880 ut
3480 2842 3585 2883 cat-

2011 2905 2110 2959 teri
2141 2905 2453 2973 hominum,
2492 2907 2551 2963 in
2596 2910 2903 2966 laboribus.
2940 2910 3040 2967 Est
3067 2913 3271 2968 etenim
3302 2915 3587 2985 proprium

2010 3008 2075 3049 ac
2109 2997 2387 3065 peculiare
2417 3002 2664 3055 omnium
2720 3002 3037 3070 hominum,
3085 3015 3145 3058 ut
3173 3003 3390 3061 labores
3417 3008 3591 3064 susti-

2010 3098 2177 3149 neant
2209 3106 2222 3143 :
2272 3102 2329 3144 at
2368 3091 2450 3146 illi
2478 3092 2689 3164 absque
2720 3093 2836 3149 ullo
2881 3094 3072 3151 labore
3109 3097 3397 3166 possident
3420 3101 3586 3165 bona,

2010 3188 2066 3234 et
2093 3181 2374 3241 communi
2403 3183 2650 3239 omnium
2694 3186 2974 3241 sententia
3000 3186 3138 3258 (68),
3179 3203 3246 3244 eo
3283 3188 3448 3245 modo
3476 3207 3590 3247 non

1935 3258 1980 3317 (ἶ
2014 3271 2355 3344 afﬂiguntur,
2392 3289 2503 3345 quo
2525 3275 2667 3332 alios
2697 3284 2758 3331 ut
2787 3278 3087 3348 plurimum
3118 3278 3289 3352 afﬂigi
3317 3282 3585 3338 videmus.

2084 3365 2255 3421 Vnus.
2288 3365 2347 3423 6.
2387 3366 2679 3438 Propterea
2711 3370 2874 3424 tenuit
2906 3386 2998 3426 eos
3041 3373 3286 3441 superbia
3324 3390 3503 3428 eorum
3531 3376 3588 3430 in

2015 3456 2196 3527 ﬁnem.
2231 3457 2426 3514 Omnia
2451 3460 2556 3528 eis,
2592 3462 2793 3531 inquit,
2847 3463 3092 3518 secunda
3144 3465 3446 3522 obveniunt
3476 3506 3492 3533 ,
3532 3478 3590 3523 et

2015 3551 2270 3621 ampliori
2304 3551 2515 3608 idcirco
2554 3554 2814 3624 superbia
2848 3555 3193 3613 detinentur.

2088 3641 2278 3698 Indutt’
2315 3656 2437 3699 sunt
2506 3645 2781 3716 injustitia
2832 3657 2884 3702 et
2933 3650 3200 3721 impietate
3248 3667 3370 3707 sua.
3418 3652 3590 3719 Adeo,

2014 3733 2217 3806 inquit,
2257 3738 2479 3807 superbi
2537 3747 2670 3794 sunt
2741 3748 2795 3795 et
2835 3742 3153 3819 temerarii,
3202 3752 3262 3798 nt
3308 3743 3592 3813 impietate

2015 3836 2181 3899 atque
2206 3829 2480 3900 injustitia
2508 3847 2615 3887 non
2664 3847 2827 3889 secus
2865 3848 2930 3889 ac
2951 3845 3098 3891 veste
3120 3837 3302 3908 aliqua
3329 3841 3591 3907 operian—

2018 3926 2136 3977 tur.
2170 3917 2237 3973 Et
2267 3919 2398 3974 dum
2433 3920 2585 3975 indui
2613 3937 2712 3979 eos
2743 3924 2878 3978 dicit
2903 3924 3185 3995 impietate
3205 3938 3259 3981 et
3291 3927 3588 3996 injusﬁtia,

2014 4024 2288 4066 summam
2323 4010 2568 4082 undique
2601 4014 2924 4083 huiusmodi
2967 4017 3229 4072 vitiorum
3267 4020 3588 4088 amplitudi~

2017 4114 2143 4156 nem
2197 4100 2417 4157 videtur
2478 4103 2819 4174 signiﬁcare.
2892 4106 3008 4162 Hae
3081 4118 3264 4164 autem
3329 4109 3590 4181 loquendi

2018 4190 2340 4261 metaphora
2388 4207 2767 4263 saepenumero
2795 4197 2925 4252 alibi
2955 4196 3285 4269 Prophetam
3319 4214 3476 4255 usum
3512 4203 3591 4254 νίς

2017 4281 2233 4345 demus,
2265 4281 2431 4338 veluti
2463 4283 2685 4354 quando
2740 4287 2819 4341 ait
2849 4303 2866 4342 :
2899 4285 3211 4347 Induantur
3254 4290 3588 4359 confusione,

2013 4383 2061 4425 et
2091 4370 2295 4441 pudore
2345 4373 2416 4441 υς
2464 4374 2596 4431 item
2638 4392 2655 4430 :
2703 4375 3031 4444 Induantur,
3061 4380 3152 4451 qui
3178 4379 3589 4436 calumniantur

2019 4479 2120 4524 me.
2155 4464 2489 4534 confusione,
2512 4477 2562 4523 et
2593 4470 2927 4539 aperiantur,
2953 4474 3111 4543 quasi
3133 4473 3372 4544 diploide
3388 4477 3590 4545 pudore

330 4560 439 4610 ὅσα
479 4555 727 4610 τοιαῦτα.
771 4556 898 4610 Ἐπὶ
938 4555 995 4610 δὲ
1028 4554 1123 4612 τοῦ
1154 4556 1523 4628 προκειμένου
1561 4556 1726 4628 ῥητοῦ
1778 4556 1913 4610 ὐπο-

2021 4571 2120 4610 suo
2151 4557 2238 4626 “';
2280 4564 2337 4613 et
2376 4574 2575 4617 rursus
2609 4578 2624 4616 :
2656 4560 2845 4618 Induit
2868 4564 3316 4633 maledictionem,
3345 4577 3406 4622 ut
3428 4572 3589 4623 vesti-

328 4645 594 4718 δηλοῦται
654 4648 749 4701 καὶ
799 4646 860 4700 τὸ
919 4645 1328 4701 ἐπιδείκνυσθαι
1415 4647 1512 4700 καὶ
1571 4647 1913 4719 ὲναμϐρύνε-

337 4740 836 4894 σοῗὲὲελεύσεται
867 4828 949 4892 ὡς
978 4828 1046 4882 ἐκ
1090 4829 1345 4894 στέατος
1382 4828 1422 4898 ἡ
1456 4827 1658 4884 ἀδικία
1694 4829 1913 4886 αὐτῶν.

334 4921 571 4990 Λιπαρὰ
604 4922 698 4975 καὶ
745 4920 991 4989 δαψιλής.
1029 4920 1283 4973 Τοιοῦτον
1311 4918 1421 4991 γὰρ
1449 4919 1508 4974 τὸ
1548 4923 1818 4993 ἀπορρέον
1852 4925 1917 4976 ἐκ

341 5011 576 5073 στέατος
595 5025 609 5039 '
643 5009 676 5080 ἢ
709 5011 877 5078 στέαρ
913 5009 1068 5062 καλεῖ
1098 5010 1199 5077 τὴν
1224 5009 1523 5065 εὐπάθειαν
1555 5013 1651 5065 καὶ
1680 5015 1916 5084 τρυφὴν,

338 5102 548 5169 λέγων,
594 5100 680 5153 ὃτι
726 5098 1074 5165 ἐξελεύσεται
1120 5101 1186 5152 ἐκ
1215 5099 1451 5172 τρυφῆς,
1485 5101 1653 5172 ἧγουν
1678 5104 1787 5156 ἀπὸ
1819 5106 1918 5175 τῆς

333 5195 484 5262 ἄγαν
512 5193 749 5265 τρυφῆς,
787 5191 1159 5261 παρέλκοντος
1177 5191 1274 5245 τοῦ
1301 5193 1504 5265 ὲπιρῤή
1517 5211 1707 5264 ματος.
1749 5197 1922 5252 Ἀντι-

337 5285 535 5358 χρονία
557 5285 613 5338 δὲ
647 5286 706 5338 τὸ
739 5283 1148 5350 ἐξελεύσεται,
1175 5284 1298 5339 ἀντὶ
1346 5285 1439 5339 τοῦ
1495 5285 1754 5358 ἐξῆλθεν·
1778 5289 1921 5343 οὕτω

334 5380 451 5449 γὰρ
479 5376 774 5448 Σύμμαχος
805 5371 946 5429 εἷπε.
980 5376 1152 5447 Δῆλον
1181 5375 1275 5431 οὖν
1298 5377 1380 5432 ὅτι
1410 5380 1501 5432 καὶ
1538 5379 1620 5447 τὸ,
1687 5381 1771 5435 Οὐ
1807 5398 1920 5450 μα-

2020 4661 2251 4705 mentum
2286 4651 2353 4718 ”,
2385 4661 2440 4708 et
2467 4653 2577 4708 alia
2609 4654 2943 4725 hujusutodi.
2994 4656 3112 4715 Hoc
3147 4669 3334 4715 autem
3379 4663 3434 4715 in
3467 4663 3589 4719 loco

1928 4742 1933 4750 ’
2018 4742 2202 4810 posuit
2239 4758 2340 4814 pro
2366 4754 2633 4801 ostentare
2657 4756 2707 4801 et
2743 4748 2993 4819 gloriari.

2095 4832 2264 4890 Vsus.
2299 4835 2352 4894 7.
2394 4836 2715 4909 Egredietur
2746 4842 2902 4909 quasi
2922 4857 2990 4897 ea:
3012 4842 3169 4913 adipe
3198 4844 3473 4915 injustitia
3497 4865 3590 4902 eo-

2018 4942 2160 4980 rum.
2183 4929 2263 4982 Ac
2287 4928 2333 4982 si
2360 4928 2565 4984 diceret
2590 4948 2608 4986 :
2639 4932 2832 5001 Ampla
2856 4948 2908 4988 et
2945 4933 3235 4992 abundans
3267 4938 3374 4993 erit
3395 4954 3587 4995 eorum

2019 5015 2307 5083 iniquitas.
2333 5014 2618 5089 Pinguedo
2648 5022 2874 5089 etenim,
2894 5040 3017 5096 qua:
3050 5025 3278 5096 proﬂuit
3308 5041 3376 5083 ex
3403 5026 3586 5100 adipe,

2023 5108 2237 5176 cepiam
2289 5118 2457 5180 atque
2502 5113 2898 5171 abundantiam
2947 5119 3240 5187 quamdam
3287 5117 3586 5189 signiﬁcat.

2019 5194 2117 5250 Vel
2173 5210 2272 5265 per
2316 5197 2555 5269 adipem,
2626 5203 2986 5259 indolentiam
3018 5217 3084 5259 ac
3133 5205 3363 5260 delicias
3390 5219 3586 5263 eorum

2021 5290 2296 5360 intelligit,
2332 5291 2547 5356 dicens,
2586 5296 2732 5365 quod
2791 5303 2943 5352 tanta
2977 5310 3167 5351 eorum
3220 5296 3484 5368 iniquitas
3517 5313 3587 5356 es

2029 5383 2212 5438 multis
2248 5385 2497 5453 provenit
2521 5386 2758 5457 deliciis,
2785 5395 2949 5459 atque
2965 5402 3032 5445 ex
3057 5387 3230 5446 multa
3253 5391 3584 5461 petulantia.

403 5558 448 5590 “
495 5559 638 5615 Psal.
668 5559 977 5625 xxxiv,2b'.
1071 5559 1113 5589 "
1135 5557 1280 5615 Psal.
1312 5574 1468 5621 cvm.
1515 5560 1586 5617 29
1682 5562 1724 5594 "
1773 5561 1911 5619 Ibid.
1963 5565 2047 5620 l8.

1660 5653 1854 5713 Variae
1884 5654 2217 5721 lectiones.

406 5753 516 5824 (68)
549 5752 759 5810 Caere.
784 5763 842 5804 ut
867 5754 967 5806 mil!
1024 5754 1221 5819 “(uidear
1256 5758 1512 5813 vdeatur.
