4064 6476
356 376 466 475 ’ἰεῦ
1548 420 1942 499 ,ΕΠΤΗΥΜΙΙ

2081 420 2305 482 ὶΑΒΕΝ
2316 421 2342 481 Ι
3509 412 3616 474 ’740
3682 409 3686 415 ’

357 524 423 579 Et
449 525 607 596 juxta
639 527 788 584 hunc
841 544 1066 586 sensum
1103 534 1347 591 abundat
1401 539 1593 600 dictio,
1650 540 1830 609 quasi.
1866 539 1962 599 Et.

2031 539 2528 608 στιγωθήσονται,
2593 542 2719 594 ἀντὶ
2777 539 2896 604 τοῦ,
2947 539 3064 592 Οὐκ
3117 531 3615 606 ἐμαστιγώθησαν,

353 620 501 688 quod
537 619 631 686 ait,
656 622 970 692 egredietur,
1000 624 1141 678 dixit
1193 642 1294 697 pro
1352 644 1558 700 egressa
1581 640 1680 694 est,
1709 640 1927 700 tempus

957 664 970 688 ,
1000 624 1141 678 dixit
1193 642 1294 697 pro
1352 644 1558 700 egressa
1581 640 1680 694 est,
1709 640 1927 700 tempus
2036 634 2229 702 νοῆσαι
2259 632 2561 703 δυνάμεθα.

355 727 569 784 ponens
598 729 697 784 pro
727 723 992 784 tempore.
1022 716 1089 770 Et
1128 718 1205 773 ita
1250 720 1493 776 reddidit
1554 721 1941 778 Svmuiaelius.
1987 722 2142 779 Unde
2207 732 2264 779 et
2334 726 2558 780 verbum
2617 725 3025 795 ﬁagellabuntnr
3073 731 3473 792 consequenter
3527 733 3623 772 ex-

356 823 550 877 pones,
575 822 672 876 pro
699 807 980 878 ﬂlagellati
1003 823 1147 865 sunt.

429 928 781 981 Transierunt
832 929 887 981 in
933 930 1333 997 dispositionem
1386 934 1583 988 cordis.
1631 936 1935 999 Venerunt,

2109 933 2452 1002 Δινήλθοσαν
2501 938 2591 1000 είς
2646 934 2917 988 διάθεσιν
2960 933 3230 1002 καρδίας.
3284 928 3492 986 Ἦλθον
3539 934 3620 994 εἰς

354 1022 558 1089 inquit.
595 1020 648 1074 in
702 1020 949 1075 habitum
1003 1021 1311 1091 injustitiae.
1377 1024 1481 1080 Per
1510 1026 1932 1097 dispositionem

2036 1021 2147 1087 ἕξιν
2180 1022 2280 1091 τῆς
2298 1022 2533 1085 ἀδικίας.
2559 1022 2713 1088 Ἔξις
2733 1024 2842 1093 γὰρ
2881 1025 2915 1092 ή
2960 1024 3090 1092 περί
3119 1040 3176 1077 τι
3204 1023 3464 1090 διάθεσις,
3500 1023 3620 1093 ﬁmi.

351 1114 550 1165 etenim
580 1126 678 1165 seu
710 1126 806 1180 per
831 1112 1211 1169 habitudinem
1246 1113 1735 1185 cordis,§hahitum
1775 1117 1938 1173 intel-

1035 1113 1211 1169 dinem
1246 1113 1735 1185 cordisﬁhabitum
1775 1117 1938 1173 intel-
2037 1112 2227 1184 σχέσις
2254 1114 2357 1184 τῆς
2388 1116 2640 1186 καρδίας-

353 1202 477 1272 ligit
502 1201 570 1256 ad
608 1200 838 1255 malum.

425 1315 591 1372 Vens.
622 1317 677 1372 8.
717 1314 1096 1386 Cogitaoerunt
1119 1326 1168 1372 et
1208 1318 1369 1373 locuti
1398 1329 1522 1374 sunt
1552 1321 1607 1375 in
1639 1324 1929 1390 pravitate.

2107 1319 2520 1388 Διενοήθησαν
2572 1322 2668 1375 καὶ
2731 1319 3048 1389 ἐλάλησαν
3080 1321 3151 1374 ἐν
3189 1318 3467 1386 πονηρίᾳ.
3522 1318 3621 1371 Ἐκ

352 1408 750 1470 Ρναιηιειιὶιιιιὶ,
787 1409 987 1479 inquit,
1021 1418 1075 1464 et
1123 1425 1247 1465 cum
1275 1413 1723 1469 consideratione
1756 1415 1929 1472 locuti

2037 1414 2271 1486 μελέτης
2296 1417 2390 1470 καὶ
2415 1415 2660 1479 σκέψεως
2690 1413 2961 1484 ἐλάλησαν
2995 1415 3230 1487 πονηρὰ,
3267 1412 3363 1467 καὶ
3389 1412 3449 1466 οῦ
3475 1414 3615 1467 κατά

352 1512 487 1559 sunt
513 1517 702 1574 prava.
759 1503 948 1571 Neque
1004 1503 1152 1557 enim
1188 1503 1527 1570 inconsulto,
1561 1514 1658 1562 aut
1697 1510 1925 1578 raptim,

810 1517 948 1571 eque
1004 1503 1152 1557 enim
1188 1503 1527 1570 inconsulto,
1561 1514 1658 1562 aut
1697 1510 1925 1578 raptim,
2035 1511 2415 1582 συναρπαγήν.

349 1595 445 1651 sed
481 1610 701 1650 summo
736 1610 863 1649 cum
900 1594 1087 1650 studio
1123 1599 1310 1652 omnia
1335 1609 1591 1671 egerunt.

419 1707 756 1777 lnjuslz'tiam
790 1708 1143 1763 in'earcelsum
1185 1710 1354 1764 locuti
1386 1724 1531 1768 sunt.
1580 1710 1694 1769 Hoc
1725 1724 1808 1770 est
1835 1716 1930 1770 ad-

2115 1712 2373 1764 Ἁδικίαν
2401 1713 2486 1775 εὶς
2518 1708 2585 1762 τὸ
2611 1708 2768 1776 ὕψος
2798 1708 3316 1773 ἐλάλησαν.--Εὶς
3346 1707 3410 1760 τὸ
3435 1708 3613 1774 ily-nc.

346 1814 541 1855 versus
573 1798 739 1854 Deum
779 1801 1139 1868 altissimum,
1185 1802 1434 1859 dicentes
1483 1804 1748 1860 nimirum
1800 1822 1925 1860 eum

2030 1802 2153 1855 ἀντὶ
2175 1800 2294 1862 τοῦ,
2340 1801 2483 1854 κατὰ
2528 1801 2622 1854 τοῦ
2656 1801 2883 1870 ὑψίστου
2913 1799 3072 1863 Θεοῦ,
3113 1800 3383 1867 λέγοντες,
3404 1802 3487 1854 ὅτι
3514 1802 3615 1853 οὐκ

350 1891 521 1947 Deum
551 1906 660 1946 non
692 1908 836 1948 esse.
866 1894 1207 1960 iniustitiam
1245 1911 1375 1951 vero
1413 1911 1509 1952 eos
1538 1898 1754 1953 locutos
1804 1914 1929 1956 esse

2031 1892 2181 1948 ἔστιν
2214 1890 2369 1956 οὗτος
2434 1894 2590 1954 Θεός.
2640 1893 2852 1946 Ἀδικία
2881 1891 2989 1961 γὰρ
3031 1891 3095 1943 τὸ
3135 1895 3462 1962 ἀποστερεῖν
3516 1895 3615 1946 αῦ-

344 1985 501 2050 dicit,
549 1986 682 2057 quia
738 1987 1012 2055 injustitia
1067 2002 1281 2042 summa
1336 1996 1443 2055 est,
1489 1990 1709 2059 privare
1759 1990 1927 2045 Deum

2030 1985 2123 2038 τὸν
2144 1986 2243 2053 τῆς
2272 1985 2429 2055 δόξης
2451 1983 2638 2050 αὐτοῦ,
2678 1984 2775 2038 καὶ
2787 1983 2996 2054 ἑτέροις
3016 1986 3223 2052 ταύτην
3249 1983 3610 2052 προσάπτειν.

341 2070 540 2150 gloria,
579 2090 635 2135 et
670 2080 873 2135 creatis
913 2080 983 2136 ab
1030 2080 1122 2135 illo
1154 2081 1321 2137 rebus
1354 2099 1474 2137 eam
1503 2094 1792 2153 praestare.
1829 2086 1928 2140 Ille

2044 2078 2287 2132 ’Δδικίαν
2333 2078 2391 2130 δὲ
2466 2075 2546 2135 εἰς
2594 2077 2654 2130 τὸ
2683 2076 2817 2147 ῦψος
2840 2076 2993 2129 λαλεί
3048 2077 3143 2129 καὶ
3173 2076 3283 2139 πᾶς
3315 2076 3342 2128 ό
3387 2075 3464 2144 τῷ
3496 2076 3614 2147 Θεῷ

344 2175 527 2222 autem
568 2168 815 2237 loquitur
849 2166 1176 2236 iniustitiam
1212 2170 1265 2222 in
1296 2170 1489 2236 altum,
1532 2186 1629 2226 seu
1655 2171 1711 2225 in
1739 2172 1922 2227 excel-

2033 2168 2367 2239 προσάπτων
2394 2166 2593 2234 ἀνάξια
2626 2168 2903 2238 θεότητος.
2933 2167 3110 2237 ’Υψος
3143 2168 3254 2237 γὰρ
3307 2167 3340 2236 ἡ
3389 2166 3613 2235 Θεότηςι

343 2275 491 2323 sum,
537 2259 634 2329 qui
691 2260 898 2329 aliquid
957 2258 1069 2315 Deo
1121 2261 1398 2327 attribuit,
1436 2263 1583 2333 quod
1636 2263 1922 2319 divinitate

1056 2279 1069 2314 ι
1121 2261 1398 2327 attribuit,
1436 2263 1583 2333 quod
1636 2263 1922 2319 divinitate
2030 2255 2097 2332 ἧς
2126 2260 2280 2314 οὐδὲν
2309 2261 2661 2331 ὑψηλότερον.

343 2349 630 2419 indignum
660 2350 752 2404 sit.
786 2352 1110 2421 A‘ppellatur
1140 2353 1304 2407 etiam
1339 2353 1605 2409 divinitas
1662 2354 1919 2420 altitudo,

340 2440 470 2510 quia
500 2441 663 2497 altius
685 2456 750 2497 ea
773 2441 912 2497 nihil
944 2454 1048 2506 est,
1087 2451 1182 2498 aut
1206 2444 1525 2502 sublimius.

412 2554 579 2611 Vens.
620 2559 674 2613 9.
712 2558 1017 2614 Pasuerunt
1051 2561 1104 2615 in
1132 2563 1321 2617 calum
1358 2579 1417 2618 os
1445 2580 1626 2631 suum,
1654 2574 1704 2620 et
1738 2567 1923 2639 lingua

2104 2551 2351 2604 Ἐθεντο
2397 2551 2487 2615 εἰς
2524 2549 2788 2616 οὐρανὸν
2838 2551 2905 2603 τὸ
2943 2548 3140 2617 στόμα
3182 2546 3401 2615 αὐτῶν,
3438 2549 3537 2603 καὶ
3574 2550 3613 2617 ἠ

338 2662 523 2702 eorum
567 2652 874 2714 pertransiit
927 2654 982 2706 in
1036 2663 1258 2711 terram.
1300 2654 1405 2709 Per
1437 2658 1638 2712 caelum
1692 2638 1919 2729 quidem

2031 2639 2290 2709 γλῶσσα
2317 2638 2520 2693 αὐτῶν
2546 2639 2796 2708 διῆλθεν
2825 2640 2923 2693 ἐπὶ
2957 2639 3068 2708 τῆς
3096 2640 3231 2708 γῆς.
3264 2643 3361 2696 Διὰ
3393 2640 3493 2709 μὲν
3521 2641 3615 2693 τοῦ

342 2739 513 2795 Deum
543 2741 817 2813 intelligit,
851 2747 942 2814 qui
976 2746 1030 2799 in
1075 2749 1234 2802 caelis
1282 2749 1498 2805 habitat
1530 2770 1542 2804 :
1580 2768 1677 2822 per
1713 2762 1917 2809 terram

2031 2731 2268 2802 οὐρανοῦ
2329 2731 2423 2784 τὸν
2513 2729 2876 2785 κατοικοῦντα
2928 2732 3021 2783 ἐπὶ
3071 2731 3164 2784 τοῦ
3207 2730 3439 2800 οὐρανοῦ
3483 2732 3632 2785 Θσὺν·

344 2847 495 2895 vero.
533 2834 785 2891 homines
813 2836 865 2890 in
905 2853 970 2891 eo
995 2850 1431 2905 commorantes,
1467 2858 1533 2898 ac
1565 2845 1614 2899 si
1655 2846 1863 2902 diceret
1902 2866 1914 2902 :

2034 2825 2315 2895 σημαίνει,
2364 2824 2454 2877 διὰ
2481 2825 2537 2878 δὲ
2561 2824 2660 2891 τῆς
2691 2825 2815 2893 γῆς,
2844 2826 2971 2887 τοὺς
2992 2825 3086 2877 ἐπὶ
3102 2825 3204 2892 γῆς
3230 2825 3618 2887 κατοικοῦντας

341 2925 418 2980 0s
449 2942 612 2981 suum
648 2927 1101 3001 blasphemanies
1129 2933 1396 2991 adversus
1427 2916 1708 2992 caelestem
1750 2939 1919 2995 Deum

2030 2917 2376 2990 ἀνθρώπους,
2415 2919 2697 2988 μονονουχὶ
2743 2917 2919 2985 λέγων
2950 2918 3031 2971 ὅτι
3065 2918 3325 2989 ἐκίνησαν
3354 2918 3497 2973 κατὰ
3522 2920 3617 2974 τοῦ

341 3029 662 3084 moverunt,
696 3028 751 3074 et
776 3021 960 3093 lingua
996 3039 1187 3078 eorum
1221 3025 1478 3082 similiter
1499 3029 1771 3085 adversus
1800 3041 1915 3086 ter-

2032 3010 2360 3079 ἐπουρανίου
2396 3008 2533 3063 Θεοῦ
2565 3009 2627 3062 τὸ
2683 3010 2858 3080 στόμα
2907 3009 3114 3075 αὐτῶν,
3162 3010 3617 3082 βλασφημοῦντες

340 3122 506 3164 renos
560 3111 810 3168 homines
861 3114 1130 3169 desawiit.
1168 3118 1209 3170 li
1245 3119 1470 3185 etenim,
1499 3122 1701 3189 quibus
1734 3126 1920 3179 omnia

2030 3101 2223 3154 αὐτόν’
2262 3103 2357 3156 καὶ
2392 3104 2425 3172 ἡ
2472 3101 2696 3169 γλῶσσα
2740 3103 2922 3157 αὐτῶν
2967 3102 3196 3174 ἐκινήθη
3245 3102 3411 3156 πάλιν
3471 3104 3617 3157 κατὰ

340 3204 583 3257 secunda
611 3214 790 3270 erant,
830 3212 885 3259 et
915 3206 1011 3276 qui
1049 3207 1443 3266 incumbebant
1471 3212 1709 3281 deliciis,
1750 3218 1920 3272 multa

2030 3192 2142 3246 τῶν
2162 3192 2424 3261 ἐπιγείων
2446 3192 2774 3265 ἀνθρώπων.
2800 3193 3184 3279 Εὐπαθοῦντες
3211 3194 3322 3265 γὰρ
3350 3195 3447 3247 καὶ
3475 3212 3615 3248 σπαι-

302 3312 308 3317 ·
341 3295 493 3350 ducti
526 3298 861 3360 temeritate,
911 3306 965 3353 et
998 3299 1167 3355 Deum
1198 3306 1568 3373 contumeliis,
1599 3316 1653 3362 et
1674 3309 1907 3365 homine:

2028 3286 2324 3351 ταλῶντες,
2371 3285 2598 3357 ὕϐριζον
2638 3286 2731 3340 τὸν
2767 3286 2903 3340 Θεόν
2928 3303 2942 3316 ·
2974 3288 3410 3358 ωτεκωμῴδουν
3434 3289 3492 3342 δέ
3519 3291 3616 3344 καὶ

339 3385 639 3442 calumniis
683 3390 1126 3445 insectabantur.
1167 3391 1264 3447 Vel
1308 3405 1530 3464 propter
1565 3399 1920 3469 philosophos

2031 3378 2314 3431 διέϐαλλον
2362 3379 2573 3443 πάντας
2614 3379 2743 3442 τοὺς
2778 3377 3109 3451 ἀνθρώπους
3137 3396 3151 3412 ’
3201 3381 3233 3450 ἢ
3275 3381 3364 3435 διὰ
3401 3383 3527 3443 τοὺς
3556 3384 3617 3434 ἐν

340 3477 522 3533 dictus
567 3487 653 3534 est
685 3480 774 3534 hic
806 3496 1011 3548 sermo,
1056 3484 1151 3553 qui
1204 3497 1511 3553 posuerunt
1541 3488 1594 3542 in
1625 3492 1825 3545 caelum
1859 3509 1922 3548 os

2032 3471 2214 3533 αὐτοῖς
2259 3470 2589 3540 φιλοσόφους
2611 3474 2639 3526 ό
2665 3472 2825 3541 λόγος
2854 3488 2868 3502 ⁸
2921 3473 3004 3526 ὅτι
3040 3471 3225 3526 ἔθεντο
3263 3475 3342 3536 εἰς
3384 3474 3618 3544 οὐρανὸν

412 3531 420 3532 ,
500 3531 516 3533 -
806 3531 1011 3548 ---ψη
1059 3531 1151 3553 -,--
1205 3531 1511 3553 r--_-.....-
1625 3531 1825 3545 ww"...
1859 3531 1922 3548 νο

337 3583 526 3633 suum,
560 3569 689 3625 dum
722 3572 842 3626 ausi
873 3581 1003 3628 sunt
1031 3574 1099 3629 de
1142 3575 1250 3630 Deo
1296 3590 1350 3631 et
1409 3577 1478 3633 de
1518 3582 1718 3637 divinis
1756 3584 1918 3640 rebus

2027 3562 2089 3616 τὸ
2113 3531 2290 3633 στόμα
2328 3531 2534 3628 αὐτών,
2570 3531 2955 3635 *φιλοσοφῆσαι
2999 3565 3130 3635 περὶ
3159 3531 3335 3620 θείων-
3392 3531 3486 3619 καὶ
3518 3566 3616 3619 τοῦ

336 3662 737 3732 philosophari,
760 3669 816 3718 et
841 3665 1029 3735 lingua
1054 3682 1247 3722 eorum
1272 3672 1667 3738 pertransiitin
1692 3687 1916 3740 terrain,

2029 3654 2192 3709 Θείου
2219 3655 2557 3725 βουλόμενοι.
2602 3656 2667 3709 Ἡ
2718 3657 2776 3710 δὲ
2804 3657 3028 3726 γλῶσσα
3059 3658 3242 3711 αὐτῶν
3276 3658 3492 3728 διῆλθεν
3522 3659 3620 3710 ἐπὶ

337 3752 467 3807 dum
505 3761 725 3807 terrena
780 3754 848 3810 de
894 3755 1003 3811 Deo
1050 3770 1410 3828 nugarentur.
1480 3760 1579 3818 Vel
1631 3767 1812 3834 aliter,
1860 3785 1919 3822 a-

2026 3749 2124 3818 τῆς
2157 3747 2283 3817 γῆς,
2322 3746 2498 3819 γεώδη
2531 3748 2627 3802 καὶ
2652 3748 2979 3818 ἀνθρώπινα
3015 3752 3147 3821 περὶ
3186 3749 3323 3803 Θεοῦ
3366 3750 3619 3821 φλυαρή-

347 3845 627 3915 atrologos
651 3848 974 3919 carpit,iqui
995 3864 1059 3905 os
1085 3867 1246 3905 suum
1278 3866 1580 3920 posuerunt
1609 3859 1662 3912 in
1695 3861 1915 3929 etelum,

2028 3860 2166 3895 σασα
2195 3858 2208 3871 ·
2243 3841 2276 3911 ἢ
2319 3844 2416 3893 καὶ
2450 3842 2538 3894 διὰ
2564 3841 2693 3904 τοὺς
2745 3842 2805 3893 ἐν
2854 3842 3091 3904 ἐκείνοις
3130 3842 3501 3911 ’ἀστρολόγους
3553 3844 3618 3893 ea

340 3932 471 3987 dum
498 3934 662 3991 nimis
687 3938 908 4005 curiose
940 3948 1088 3994 astra
1118 3955 1184 3995 ac
1218 3942 1407 3999 stellas
1447 3952 1913 4019 contemplantur,

2028 3939 2230 4007 ρητόνο
2262 3937 2345 3990 ὅτι
2380 3935 2570 3988 ἔθεντο
2622 3937 2702 3996 εἰς
2751 3933 2986 4003 οὐρανὸν
3051 3933 3112 3986 τὸ
3169 3934 3345 3999 στόμα
3404 3933 3607 3996 αὐτῶν,

337 4041 461 4094 quae
492 4026 546 4080 in
572 4028 713 4082 caelo
742 4037 873 4083 sunt
921 4046 939 4085 :
983 4040 1039 4085 et
1077 4032 1262 4102 lingua
1295 4049 1487 4089 eorum
1517 4042 1835 4106 pertransiit
1861 4044 1914 4098 in

2029 4031 2159 4100 περὶ
2193 4030 2305 4083 τῶν
2346 4031 2404 4080 ἐν
2434 4028 2688 4098 οὐρανοῖς
2743 4026 2995 4096 ἀστέρων
3051 4026 3612 4097 μετεωρολογοῦντες,

338 4125 564 4185 terram,
601 4120 732 4174 dum
768 4119 1032 4179 inanibus
1075 4126 1238 4195 nugis
1273 4128 1605 4186 universum
1636 4135 1915 4204 complent

2024 4124 2121 4176 καὶ
2148 4125 2181 4191 ἡ
2219 4123 2442 4191 γλῶσσα
2487 4121 2671 4174 αὐτῶν
2718 4120 2939 4189 διῆλθεν
2970 4120 3064 4172 ἐπὶ
3118 4121 3219 4190 τῆς
3246 4122 3374 4189 γῆς,
3399 4123 3612 4190 ἐμπιμ-

338 4211 550 4267 orbem.
2026 4216 2218 4269 πλῶσα
2252 4218 2434 4270 πᾶσαν
2475 4217 2573 4285 τῆς
2616 4214 2889 4284 ληρωδίας
2915 4212 3120 4269 αὐτῶν.

411 4323 577 4382 vm.
614 4328 701 4384 10.
754 4328 887 4384 Ideo
947 4344 1285 4390 convertatur
1323 4337 1550 4405 populus
1611 4356 1758 4395 meus
1788 4344 1910 4398 huc.

2102 4330 2206 4383 Διὰ
2256 4329 2435 4383 τοῦτο
2492 4328 2847 4398 ἐπιστρέψει
2893 4331 2925 4382 ό
2975 4328 3127 4394 λαός
3173 4343 3292 4394 μου
3330 4327 3611 4382 ἐνταῦθα.

335 4415 460 4472 Haec
494 4421 663 4474 verba
694 4420 846 4475 dicta
882 4435 1015 4478 sunt
1072 4438 1169 4494 per
1197 4426 1535 4498 Prophetam
1572 4447 1635 4486 ex
1677 4450 1912 4502 persona

2031 4423 2196 4475 Τουτὶ
2228 4423 2290 4475 τὸ
2318 4424 2484 4492 ῥητὸν
2514 4422 2591 4484 ὡς
2627 4423 2735 4475 ἀπὸ
2762 4421 3060 4492 προσώπου
3115 4420 3209 4473 τοῦ
3239 4418 3376 4473 Θεοῦ
3435 4419 3607 4471 τέθει-

334 4506 455 4564 Dei.
516 4512 844 4582 Propterea,
905 4518 1109 4585 inquit,
1169 4520 1273 4572 hoc
1310 4532 1412 4585 est,
1468 4523 1539 4577 ob
1589 4526 1910 4594 pratdictam

2024 4530 2120 4567 κεν
2170 4517 2197 4567 ό
2254 4514 2551 4585 Προφήτης
2586 4529 2599 4542 ·
2639 4515 2720 4565 ὅτι
2771 4512 2860 4567 διὰ
2912 4511 3095 4579 τοῦτο,
3151 4514 3332 4568 εἴτουν
3377 4512 3465 4566 διὰ
3516 4513 3614 4583 τὴν

332 4616 526 4657 eorum
578 4606 953 4675 iniquitatem,
989 4611 1224 4679 potiulus
1262 4628 1439 4680 meus,
1487 4618 1579 4671 ille
1622 4619 1911 4687 nimirum,

2027 4606 2288 4676 ῥηθεῖσαν
2306 4606 2507 4658 κακίαν
2532 4604 2640 4658 τῶν
2672 4603 2888 4676 ἐχθρῶν
2916 4606 3239 4677 ἐπιστρέψει
3273 4606 3302 4658 ὁ
3330 4607 3387 4659 ἐν
3414 4607 3612 4675 αἰχμα-

332 4696 428 4763 qui
467 4697 523 4750 in
574 4699 899 4767 captivitate
931 4704 1269 4759 constitutus
1299 4716 1408 4770 est,
1466 4720 1823 4765 convertetur
1857 4712 1910 4765 in

2027 4698 2203 4770 λωσίᾳ
2242 4698 2370 4760 λαός
2406 4716 2507 4765 μου
2535 4700 2627 4751 ἐπὶ
2678 4699 2778 4766 τὴν
2829 4698 3023 4752 ἐαυτοῦ
3055 4698 3290 4768 πατρίδα
3338 4698 3437 4767 τὴν
3480 4698 3613 4750 Ἰου-

333 4787 570 4856 patriam
596 4805 776 4844 suam.
808 4790 885 4845 Ita
915 4796 1056 4848 enim
1086 4796 1361 4867 signiﬁcat
1387 4801 1530 4868 quod
1576 4803 1675 4864 ait,
1701 4820 1917 4857 conver-

2021 4792 2197 4845 δαίαν.
2252 4792 2472 4861 Ταύτην
2529 4792 2638 4862 γὰρ
2676 4791 2826 4863 δηλοί
2883 4792 2943 4845 τὸ
2967 4830 2982 4855 ,
3011 4792 3270 4846 ἐνταῦθα
3299 4807 3312 4822 ⁶
3347 4793 3404 4844 ἐν
3440 4790 3614 4862 ταύτῃ

334 4888 475 4932 tetur
500 4882 621 4935 huc.
655 4882 733 4937 lbi
757 4886 904 4939 enim
930 4900 1051 4943 erat
1080 4891 1275 4946 beatus
1293 4892 1464 4945 David
1486 4908 1612 4946 eum
1640 4897 1913 4965 psalmum

1541 4909 1612 4946 im
1640 4897 1913 4965 psalmum
1950 4890 1994 4945 Ι)
2023 4886 2136 4956 γὰρ
2162 4883 2238 4939 ὣν
2268 4886 2295 4937 ὁ
2320 4885 2507 4949 Δαὸὶδ,
2550 4883 2757 4954 ἔγραψε
2787 4883 2879 4937 τὸν
2911 4882 3146 4954 ψαλμὸν.

332 4968 479 5023 hunc
510 4983 864 5041 componeret
893 4991 909 5029 :
945 4977 1001 5031 in
1030 4976 1339 5034 Jerusalem
1377 4981 1616 5036 scilicet.

410 5079 478 5135 Et
521 5085 632 5140 dies
685 5086 829 5154 pleni
864 5090 1198 5146 invenientur
1243 5095 1298 5147 in
1341 5096 1438 5148 eis.
1472 5095 1649 5163 Pleni,
1681 5099 1784 5153 hoc
1811 5111 1918 5165 est,

2092 5091 2201 5143 Kal
2259 5089 2472 5158 ἡμέραι
2516 5090 2770 5158 πλήρεις
2802 5088 3243 5158 εὑρεθήσονται
3285 5089 3354 5143 ἐν
3384 5085 3591 5151 αὐτοῖς

334 5172 567 5245 impleti,
623 5181 688 5231 ad
744 5183 867 5237 vita:
917 5184 1174 5240 nimirum
1230 5201 1547 5242 mensuram
1584 5229 1598 5253 ,
1656 5192 1740 5246 vel
1780 5193 1921 5262 pleni

2025 5181 2474 5253 Πεπλήρωμὲναι
2520 5183 2645 5235 ὅσον
2685 5185 2764 5246 είς
2805 5185 3003 5253 μέτρον
3044 5181 3213 5253 ζωῆς,
3278 5183 3310 5253 ἣ
3362 5182 3485 5234 ὅσον
3520 5182 3598 5241 είς

334 5267 595 5334 operibus
627 5272 914 5327 virtutum.
958 5273 1021 5328 Et
1064 5292 1264 5332 sensus
1300 5286 1407 5343 est,
1443 5288 1589 5348 quod
1651 5298 1919 5341 consene-

2026 5276 2252 5346 ἀρετήν.
2284 5275 2520 5343 Λέγειδὲ
2545 5275 3050 5345 ὃτιγηράσουσιν,ῆ
3075 5276 3157 5329 ὅτι
3187 5275 3614 5345 εὐαρεστήσουσι

335 5372 512 5420 scent.
534 5364 616 5417 vel
648 5366 793 5433 quod
841 5367 1139 5435 placebunt
1172 5368 1301 5424 Deo.
1334 5371 1567 5442 lntelligi
1595 5376 1758 5429 etiam
1803 5392 1925 5447 pos-

2018 5366 2098 5438 τῷ
2151 5368 2289 5436 Θεῷ,
2356 5367 2577 5420 Νοείται
2614 5368 2669 5419 δὲ
2727 5367 2822 5420 καὶ
2910 5370 3051 5421 κατὰ
3104 5368 3213 5420 τῶν
3264 5365 3498 5437 ἐχθρῶν,
3556 5366 3615 5417 τὸ

335 5462 467 5507 sunt
501 5456 612 5510 haec
654 5460 844 5521 verba,
896 5467 953 5512 nt
986 5461 1254 5515 adversus
1309 5463 1566 5518 inimicos
1597 5465 1747 5521 dicta
1784 5469 1917 5529 sint,

2023 5462 2207 5533 ῥητὸν,
2242 5462 2325 5514 ὅτι
2356 5461 2751 5531 εὑρεθήσονται
2779 5463 2835 5513 ἐν
2867 5460 3052 5522 αὐτοῖς
3083 5461 3140 5510 αἱ
3185 5458 3392 5530 ήμέραι
3412 5455 3614 5520 αὐτῶν,

335 5545 482 5613 quod
505 5545 622 5603 dies
655 5564 847 5603 eorum
875 5550 928 5604 in
956 5552 1037 5606 eis
1072 5553 1427 5608 invenientur
1464 5556 1607 5623 pleni
1642 5558 1695 5611 in
1736 5561 1919 5621 malis,

2023 5557 2255 5626 πλήρεις
2309 5555 2387 5618 είς
2438 5554 2637 5608 κακίαν
2667 5595 2680 5616 ,
2722 5553 2797 5617 ὡς
2862 5553 3031 5623 μηδὲν
3077 5554 3157 5615 είς
3204 5552 3472 5624 πονηρίαν
3528 5554 3613 5604 ἐν-

335 5635 412 5690 ita
445 5644 505 5688 ut
529 5637 595 5690 ad
620 5654 812 5693 eorum
845 5645 1172 5711 pravitatem
1205 5644 1342 5699 nihil
1378 5645 1544 5701 desit.
2022 5648 2156 5701 δεῖν.

408 5770 573 5828 Vens.
637 5777 720 5829 Η.
785 5778 851 5832 Et
893 5783 1183 5837 dixerunt:
1211 5784 1487 5849 Quomodo
1524 5789 1667 5839 novit
1739 5787 1923 5845 Deus?

2100 5787 2207 5841 Kal
2239 5784 2412 5841 εἷπον
2437 5802 2449 5817 ⁸
2484 5786 2615 5852 Πῶς
2665 5787 2819 5855 ἔγνω
2863 5789 2895 5840 ὁ
2950 5786 3137 5851 Θεός;
3175 5787 3331 5839 Ὅσοι
3364 5784 3458 5838 τοῦ
3487 5780 3615 5835 λαηῦ

335 5859 619 5933 Quotquot
648 5867 700 5921 in
753 5873 955 5939 populo
979 5885 1136 5929 erant
1176 5878 1350 5946 magis
1387 5877 1795 5947 pusillanimes,
1828 5888 1922 5933 θυι

2035 5880 2519 5953 μικροψυχότεροι,
2565 5884 2658 5933 καὶ
2715 5880 3112 5951 ἀσυνετώτεροι
3148 5880 3462 5951 βλέποντες,
3498 5874 3616 5926 Ek:—
