4064 6448
234 369 356 432 ’141

1411 368 1806 430 LOMMENT.
1851 364 1936 426 IN
1963 365 2323 427 PSALMOS.

3412 370 3524 434 742

238 501 365 553 γον·
402 483 523 547 Πῶς
562 485 707 551 ἓγνω
722 481 900 535 ταῦτα
930 484 957 539 ὁ
982 481 1137 548 Θεὸς,
1163 484 1253 536 καὶ
1274 483 1576 554 ἠνέσχετος
1615 486 1827 543 Ὄντως

1951 480 2115 535 uinus
2143 479 2466 548 prudentes,
2506 483 2660 534 tanta
2683 490 2979 537 cernentes
3001 480 3244 537 facinora
3300 482 3525 553 (quanta

230 580 346 630 οὐκ
373 576 537 645 ἔγνω.

315 839 424 894 Καὶ
454 842 507 894 sl
529 841 665 896 ἔστι
699 841 926 912 γνῶσις
945 843 1017 897 ἐν
1045 843 1127 910 τῷ
1166 844 1454 912 Tyriam).
1495 843 1834 908 Συνεξακού-

230 952 363 989 stat
425 937 490 987 τὸ
522 975 537 997 .
570 934 897 1004 ἐζήτησαν.
950 937 1157 1000 Γνῶσις
1188 938 1268 1001 δὲ,
1313 939 1346 1008 ἡ
1377 939 1488 991 τῶν
1518 935 1662 991 οὕτω
1694 953 1839 1005 γινο-

239 1029 452 1094 μένων.

327 1118 479 1173 Ἰδοὺ
544 1115 712 1176 οὗτοι
758 1121 1097 1190 ἁμαρτωλοὶ
1146 1121 1550 1189 εὐθηνοῦντες
1598 1122 1684 1186 εἰς
1728 1121 1837 1174 τὸν

232 1210 435 1265 αἰῶνα
465 1211 772 1281 κατέσχον
823 1215 1118 1268 πλούτου.
1181 1214 1342 1268 Οὕτω
1372 1214 1430 1267 δὲ
1471 1213 1836 1284 λογιζόμενοι,

235 1303 437 1370 ελεγον
463 1319 477 1332 ⁸
522 1305 656 1358 Ἰδοὺ
692 1306 776 1358 ὅτι
806 1306 854 1358 οἱ
884 1305 1219 1358 Βαϐυλώνιοι
1249 1305 1567 1377 ἁμαρτωλοί
1589 1308 1717 1371 εἰσι,
1744 1306 1839 1358 καὶ

226 1398 395 1466 ὅμως
433 1396 799 1468 εύθηνοῦντες
856 1399 938 1461 εἰς
993 1397 1084 1450 τὸν
1137 1399 1347 1461 αἰῶνα,
1392 1398 1510 1450 ἀντὶ
1583 1396 1702 1460 τοῦ,
1747 1397 1839 1448 ὲπὶ

234 1488 421 1542 πολὺν
454 1488 668 1559 χρόνον.
705 1490 911 1558 Ὅμοια
942 1488 1100 1560 δὲτῷ
1146 1490 1378 1560 παρόντι
1404 1490 1553 1561 ρητῷ
1613 1492 1704 1543 καὶ
1751 1489 1841 1542 Ἱε-

234 1580 452 1650 ρεμίας
478 1580 805 1650 ἐφθέγξατο,
838 1581 983 1653 πρὸς
1007 1581 1139 1635 Θεὸν
1172 1582 1344 1636 εἰπών
1374 1600 1388 1614 ⁸
1437 1583 1499 1638 Τι’
1553 1583 1642 1637 ὅτι
1701 1583 1842 1647 ὁδὸς

228 1672 492 1730 ἀσεϐῶν
546 1674 904 1740 εὐοδοῦται;
933 1674 1290 1743 εὐθήνησαν
1334 1676 1560 1740 πάντες
1595 1679 1653 1729 ol
1702 1676 1841 1731 ἀθε-

234 1767 505 1833 τοῦντες
570 1767 962 1837 Macrinam;
1009 1767 1355 1838 ἐφύτευσας
1415 1767 1638 1835 αὐτοὺς
1664 1810 1679 1834 ,
1742 1768 1837 1822 καὶ

238 1859 535 1928 ἑρῤιζώθη
542 1876 685 1916 σαν.

337 2034 448 2086 Kal
480 2029 625 2086 εἶπα
644 2048 656 2060 ·
682 2029 826 2098 'Apa
847 2029 1111 2100 ματαίως
1130 2029 1454 2083 ἐδικαίωσα
1468 2030 1584 2098 τὴν
1597 2029 1853 2097 καρδίαν·

246 2141 425 2193 μους
465 2123 631 2177 Ἀλλά
670 2124 767 2177 καὶ
812 2122 977 2186 αὐτὸς
1010 2123 1037 2174 ὁ
1065 2123 1577 2193 μεγαλοψυχότερος
1606 2123 1699 2176 καὶ
1734 2140 1859 2176 συν-

253 2215 542 2286 ετώτερος
589 2217 896 2287 ὲσαλεύθην
943 2219 1060 2280 τοῖς
1105 2216 1347 2287 ἐμαυτοῦ
1393 2216 1715 2289 λογισμοτς⁸
1763 2219 1860 2273 καὶ

254 2304 428 2361 εἶπον
476 2308 538 2361 ἐν
584 2303 1009 2378 ἐμαυτῷοτΑρα
1051 2307 1310 2377 διακενῆς
1360 2307 1581 2365 δικαίαν
1626 2311 1860 2378 ἐποίησα

254 2403 363 2473 τὴν
389 2402 629 2486 καρδίαν
661 2420 791 2473 μου,
845 2400 1153 2473 καθαρίσας
1182 2403 1354 2473 αὐτὴν
1377 2403 1487 2457 ἀπὸ
1521 2403 1704 2471 πάσης
1738 2404 1857 2456 ἀδι-

258 2511 425 2557 κιας;

336 2587 455 2640 Καὶ
489 2588 796 2659 ἐνιψάμην
840 2590 910 2644 ἐν
939 2591 1152 2658 ἀθώοις
1185 2590 1296 2658 τὰς
1324 2589 1529 2659 χεῖράς
1565 2608 1708 2659 μου.
1751 2591 1862 2645 Καὶ

256 2677 426 2733 εἷπον
457 2679 623 2735 πάλιν
644 2697 656 2710 ⁸
676 2677 826 2752 Ἀρα
857 2683 1118 2754 διακενῆς
1149 2685 1207 2737 ἐν
1236 2682 1438 2748 ἀθώοις
1465 2683 1740 2752 ἐνιψάμην
1759 2683 1861 2746 τὰς

258 2776 469 2845 χεῖράς
497 2792 642 2843 μου;
685 2776 751 2828 Τί
795 2775 852 2829 δὲ
895 2776 1054 2831 τοῦτο
1096 2777 1379 2847 σημαίνει,
1425 2777 1757 2848 προείρηται
1804 2778 1863 2829 ἐν

255 2867 341 2935 τῷ
386 2872 468 2919 κε’
516 2866 742 2936 ψαλμῷ.
781 2868 915 2921 ’Δπὸ
941 2868 1122 2921 κοινοῦ
1178 2868 1236 2924 δὲ
1265 2868 1502 2940 ληπτέον
1535 2867 1738 2938 ὁμοίως
1779 2867 1862 2934 τὸ,

256 2959 371 3013 καὶ
409 2955 588 3012 εἶπον
607 2977 620 2990 ⁸
647 2953 791 3029 Ἆρα
822 2960 1112 3029 διακενῆς
1132 3001 1148 3027 ,
1203 2963 1299 3015 ἐπὶ
1339 2963 1451 3015 τῶν
1481 2960 1608 3031 ἑξῆς
1636 2960 1730 3013 δύο
1767 2960 1867 3029 ρη-

252 3047 377 3102 τῶν
403 3065 417 3075 ⁸
445 3049 882 3119 ὲπαπορητικῶς
909 3048 1021 3120 γάρ
1048 3053 1144 3104 καὶ
1171 3050 1350 3105 ταῦτα
1379 3049 1786 3119 ἀναγνωστέον.

334 3237 454 3291 Kal
502 3237 805 3305 ἐγενόμην
835 3235 1366 3306 μεμαστιγωμένος
1392 3235 1550 3303 ὅλην
1569 3236 1686 3305 τὴν
1718 3237 1857 3306 ἠμέ-

246 3346 408 3399 par.
439 3329 955 3400 Μεμαστιγωμένος
993 3331 1223 3402 νηστείᾳ
1274 3332 1367 3383 καὶ
1414 3329 1698 3401 ἀγρυπνίᾳ
1719 3371 1733 3397 ,
1765 3332 1862 3385 καὶ

253 3425 390 3486 ταῖς
426 3422 704 3486 τοιαύταις
733 3424 801 3476 δι’
824 3423 1028 3494 ἀρετὴν
1050 3423 1448 3485 κακοπαθείαις
1472 3423 1598 3477 καθ’Δ
1616 3424 1857 3495 ἑκάστην

250 3516 513 3587 ἡμέραν.

331 3606 451 3660 Kal
484 3608 519 3661 ὁ
541 3605 798 3676 ἔλεγχός
824 3623 946 3677 μου
978 3610 1065 3674 εὶς
1110 3607 1219 3674 τὰς
1249 3609 1492 3676 πρωτας.
1536 3606 1596 3661 '0
1634 3606 1858 3679 ἔλεγχός

252 3716 371 3768 μου
401 3738 417 3763 ,
478 3699 510 3750 ὁ
561 3698 697 3770 παρ’
747 3698 886 3768 ἐμοῦ
937 3699 1080 3754 κατά
1162 3700 1312 3772 πρωῒ
1366 3701 1854 3772 προσφερόμενος·

248 3792 506 3860 ἧλεγχον
531 3790 640 3860 γὰρ
670 3790 911 3861 ἐμαυτὸν
941 3791 1017 3856 ὡς
1055 3793 1543 3863 προσκεκρουκότα
1568 3793 1721 3865 Θεῷ,
1761 3794 1857 3850 καὶ

247 3880 513 3947 ἀναξίως
542 3882 992 3954 πολιτευόμενον.

327 4070 405 4122 ει
449 4067 686 4138 ἔλεγον,
735 4070 1113 4142 Διηγήσομαι
1162 4072 1388 4139 οὕτως·
1423 4072 1552 4128 ἰδοὺ
1580 4073 1653 4142 τῇ
1676 4074 1855 4144 γενεᾷ

248 4157 386 4213 τῶν
412 4157 564 4213 υἱῶν
601 4177 719 4215 σου
762 4162 1177 4231 ήσυνθέτηκα.
1219 4161 1278 4216 El
1319 4163 1509 4231 ελεγον
1545 4167 1602 4216 ἐν
1631 4166 1854 4237 ἐμαυτῷ

247 4256 344 4308 ὅτι
376 4251 587 4319 ἐξείπω
614 4256 708 4309 καὶ
735 4258 850 4319 τοῖς
882 4255 1087 4321 ἄλλοις,
1115 4257 1291 4322 οὕτως
1323 4258 1398 4321 ὡς
1424 4257 1585 4322 αὐτὸς
1609 4258 1813 4328 ἐνόησα.
1833 4274 1848 4289 ⁸

249 4350 346 4401 ὅτι
368 4341 524 4417 ’Δρα
559 4349 811 4417 ματαίως
844 4351 1146 4406 ὶδικαίωσα
1167 4353 1271 4424 τὴν
1304 4352 1535 4427 καρδίαν
1574 4370 1720 4422 μους
1757 4355 1853 4409 καὶ

249 4442 326 4497 τὰ
354 4441 490 4511 ἑξῆς
513 4456 527 4470 ⁸
561 4443 695 4496 Ἰδοὺ
726 4444 918 4497 λοιπὸν
947 4444 1223 4499 ἀσύνθετα
1248 4444 1578 4516 ἐλογιζόμην
1605 4446 1683 4515 τῷ
1702 4446 1816 4515 λαῷ
1835 4463 1850 4478 ⁸

1944 571 2164 625 barbari
2220 569 2296 624 illi
2340 570 2688 639 committere
2737 572 3014 628 audebant
3062 573 3332 628 adversus
3375 575 3528 631 viros

1943 660 2070 716 illos
2098 659 2360 729 sanctos)
2391 660 2689 719 dicebant;
2722 662 2996 728 Quomodo
3033 665 3174 718 novit
3205 663 3348 718 Deus
3369 666 3479 718 lucc
3500 666 3528 717 .9

1943 759 1996 802 ct
2028 750 2303 819 quomodo
2363 751 2608 814 tolerat?
2647 751 2784 807 Vere
2815 754 2929 808 haec
2966 755 3108 810 Dens
3146 770 3252 808 non
3309 758 3487 810 novit.

2018 841 2085 895 Et
2114 843 2160 896 si
2195 851 2273 896 est
2295 844 2517 897 scientia
2557 845 2613 897 in
2634 843 2926 900 Altissimo.
2956 844 3406 903 Subaudiendum
3443 857 3529 902 est

1944 936 2172 989 verbum
2216 936 2632 1003 exquisiverunt.
2700 937 3004 992 Scientiam
3088 950 3274 996 autem
3332 954 3526 994 eorum

1944 1027 2106 1090 dicit,
2150 1042 2269 1097 qum
2293 1028 2565 1082 adversus
2598 1044 2696 1084 eos
2728 1028 2869 1084 facta
2902 1030 3139 1088 fuerant.

2019 1118 2181 1173 Vens.
2228 1120 2317 1172 12.
2383 1118 2516 1173 Ecce
2538 1120 2593 1172 Iti
2625 1130 2928 1189 peccatores
2961 1130 3012 1175 et
3068 1121 3398 1177 abundantes
3424 1165 3440 1190 ,
3470 1125 3528 1177 in

1944 1213 2195 1266 sa'culum
2226 1214 2572 1275 possederunt
2608 1215 2851 1270 divitias.
2894 1214 2971 1268 ita
3004 1215 3148 1269 enim
3170 1217 3531 1271 consideran-

1947 1316 2027 1359 trs
2057 1306 2196 1358 intra
2232 1322 2291 1361 se
2322 1306 2585 1360 dicebant
2615 1324 2627 1358 :
2668 1306 2811 1361 Ecce
2832 1308 2979 1376 quod
3010 1308 3066 1363 hi
3093 1307 3376 1379 Babylonii
3403 1325 3532 1379 pec-

1947 1405 2161 1452 catores
2184 1405 2335 1459 sunt,
2354 1405 2407 1450 et
2432 1404 2616 1451 tamen
2635 1398 2688 1450 in
2718 1400 2973 1466 praesenti
3000 1402 3204 1455 saeculo
3225 1400 3529 1465 abundant,

1948 1499 2001 1545 et
2030 1489 2248 1543 divitias
2282 1489 2591 1558 possident.
2623 1487 2742 1555 Vel,
2781 1487 3140 1544 Possederunt
3165 1493 3221 1544 in
3253 1486 3531 1554 amulum,

1949 1597 2069 1651 pro,
2095 1582 2186 1634 diu
2214 1591 2263 1634 et
2304 1580 2458 1651 longo
2486 1590 2739 1649 tempore.
2776 1580 3103 1647 llujusmodi
3139 1585 3307 1639 etiam
3363 1585 3531 1639 verba

1949 1689 1977 1725 a
2009 1673 2245 1728 Jcremia
2302 1674 2565 1743 propheta
2617 1674 2684 1727 ad
2739 1672 2906 1728 Deum
2950 1674 3212 1729 dicuntur
3251 1696 3267 1730 ;
3309 1675 3528 1744 Quare,

1951 1766 2147 1834 inquit,
2167 1766 2248 1818 via
2264 1766 2546 1833 impiorum
2565 1776 2908 1834 prosperatur
2928 1766 2954 1819 ?
2969 1767 3308 1821 abundarunt
3326 1784 3527 1832 omnes,

1875 1840 1916 1892 Β
1945 1859 2034 1927 qui
2060 1856 2338 1927 reprobant
2372 1860 2765 1925 reprobationes
2789 1861 2814 1913 2
2842 1861 3103 1928 plantasti
3133 1877 3242 1926 eos,
3278 1870 3327 1915 et
3376 1861 3530 1915 radi-

1949 1968 2057 2006 cem
2076 1951 2332 2004 miserunt
2363 1952 2430 2003 ".

2022 2045 2183 2098 Vsus.
2227 2043 2312 2098 l3.
2337 2041 2402 2094 Et
2427 2042 2541 2095 dixi
2570 2060 2587 2096 :
2620 2040 2896 2112 Numquid
2924 2043 2979 2096 in
2998 2060 3190 2097 vanum
3227 2045 3527 2112 justiﬁcavi

1948 2151 2040 2191 cor
2093 2136 2310 2190 meum?
2370 2134 2524 2204 Ego,
2556 2135 2774 2204 inquit,
2822 2136 2914 2205 qui
2953 2135 3235 2205 aliquanto
3294 2137 3531 2206 majores

1948 2229 2115 2283 animi
2156 2243 2219 2281 ac
2263 2227 2569 2296 prudentiae
2605 2227 2748 2280 vires
2791 2242 2877 2281 me
2919 2227 3131 2281 habere
3156 2227 3410 2294 confido,
3437 2228 3537 2282 flu-

1950 2320 2128 2376 etuavi
2158 2318 2584 2390 cogitationibus
2611 2316 2769 2381 meis,
2799 2325 2856 2371 et
2906 2318 3020 2372 dixi
3058 2337 3071 2371 :
3109 2317 3383 2387 Numquid
3417 2319 3535 2373 fru-

1951 2423 2066 2467 stra
2097 2427 2195 2466 cor
2221 2427 2402 2464 meum
2446 2411 2514 2463 ab
2568 2409 2719 2463 omni
2770 2408 3044 2478 injustitia
3096 2411 3392 2466 emundavi
3419 2453 3434 2478 ,
3472 2420 3530 2467 et

1945 2505 2154 2571 justum
2194 2516 2320 2556 esse
2346 2502 2499 2557 elfeci
2524 2503 2547 2554 ?

2024 2595 2087 2649 Et
2132 2593 2243 2648 lavi
2289 2594 2345 2647 in
2388 2597 2751 2649 innocentibus
2792 2609 2995 2657 manus
3048 2609 3214 2648 meas.
3267 2591 3335 2645 Et
3366 2593 3482 2647 dixi
3514 2610 3533 2649 :

1951 2687 2210 2758 Nunquid
2262 2688 2539 2741 incassum
2574 2686 2677 2739 lavi
2709 2701 2904 2740 manus
2934 2700 3083 2739 meas
3113 2686 3257 2738 inter
3280 2685 3543 2739 innocen-

1954 2793 2034 2835 tes
2065 2778 2254 2834 viros?
2286 2777 2428 2845 Quid
2459 2787 2641 2831 autem
2681 2777 2784 2832 sibi
2813 2777 2979 2831 velint
3011 2776 3127 2829 haec
3156 2776 3321 2831 verba
3345 2816 3360 2842 ,
3391 2774 3541 2829 dixi-

1953 2887 2074 2926 mus
2108 2872 2160 2924 in
2198 2872 2412 2939 psalmo
2447 2886 2575 2922 uxr.
2612 2868 2657 2922 A
2696 2868 2977 2921 communi
3006 2878 3190 2920 autem
3224 2882 3391 2921 sensu
3419 2875 3530 2921 tam

1951 2963 2063 3028 hic,
2094 2976 2257 3028 quam
2293 2962 2347 3015 in
2376 2960 2592 3015 duobus
2627 2959 2986 3028 sequentibus
3013 2959 3301 3013 versiculis
3326 2995 3345 3024 ,
3399 2958 3535 3012 sub-

1953 3052 2375 3123 intelligendnm
2430 3059 2562 3106 est:
2605 3050 2862 3119 Nunquid
2910 3052 2967 3104 in
3015 3051 3253 3104 vanum?
3304 3048 3440 3105 Nam
3484 3058 3541 3105 et

1879 3171 1923 3229 ο
1959 3144 2074 3197 lucc
2102 3143 2268 3196 verba
2302 3140 2605 3195 dubitative
2628 3140 2861 3210 legenda
2893 3148 3048 3194 sunt.

2028 3234 2191 3288 Vsus.
2230 3232 2318 3288 H.
2363 3232 2431 3285 El
2458 3233 2764 3302 ﬂagellalus
2797 3232 2878 3303 [ui
2908 3242 3019 3286 tota
3049 3233 3154 3288 die.
3200 3233 3422 3304 Jejunio
3447 3233 3539 3288 ni-

1951 3324 2147 3378 mirum
2177 3364 2193 3391 ,
2230 3334 2284 3379 et
2337 3324 2539 3395 vigiliis
2589 3332 2643 3379 et
2697 3324 2822 3378 aliis
2864 3323 3244 3393 hujuscemodi
3284 3325 3538 3378 alllictio-

1950 3417 2133 3481 nibus,
2166 3431 2305 3487 quas
2332 3417 2556 3472 assidue
2588 3416 2862 3471 sectandae
2925 3415 3149 3473 virtutis
3199 3419 3372 3487 gratia
3412 3432 3537 3473 sns-

1954 3507 2124 3562 tineo.

2021 3598 2091 3652 Et
2124 3588 2481 3671 ‘repreliensio
2532 3615 2648 3653 mea
2698 3602 2754 3654 in
2809 3600 3110 3655 matutinis.
3169 3598 3541 3669 Repreliensio

1953 3711 2099 3763 mea,
2130 3710 2295 3766 quam
2329 3708 2429 3765 ego
2453 3693 2585 3747 milii
2618 3692 2723 3763 ipsi
2757 3693 3085 3748 adveniente
3140 3707 3303 3746 mane
3348 3690 3540 3748 adero.

1952 3787 2373 3859 Reprehendere
2403 3786 2609 3843 etenim
2636 3784 2790 3840 soleo
2814 3798 2902 3839 me
2925 3784 3127 3852 ipsum,
3150 3781 3295 3852 quod
3320 3780 3375 3835 in
3398 3795 3542 3850 prae-

1954 3879 2173 3935 teritum
2206 3879 2313 3934 Deo
2354 3877 2679 3940 restiterim,
2715 3876 2978 3946 quodque
3013 3874 3185 3929 vitam
3216 3888 3282 3929 ac
3310 3888 3544 3929 conver-

1953 3972 2220 4028 Sationem
2252 3984 2317 4024 eo
2342 3968 2704 4039 dignamnon
2739 3966 3122 4022 exhibuerim.

2032 4062 2189 4116 Vsus.
2209 4061 2296 4115 15.
2322 4058 2382 4115 Si
2401 4058 2664 4121 dicebam,
2696 4057 2948 4111 Narrabo
2979 4058 3084 4120 sic,
3106 4072 3221 4109 ecce
3248 4057 3544 4126 generatio-

1955 4171 2070 4210 nem
2110 4152 2342 4222 filiorum
2380 4158 2593 4205 tuorum
2618 4151 2911 4218 reprobavi.
2949 4148 3006 4203 Si
3039 4149 3093 4202 in
3124 4148 3219 4202 'me
3255 4148 3377 4217 ipso
3401 4188 3416 4213 ,
3453 4149 3541 4202 in-

1957 4247 2096 4313 quit,
2132 4239 2404 4304 dicebam,
2444 4240 2589 4308 quod
2613 4239 2738 4292 aliis
2756 4238 2829 4292 ita
2852 4253 3026 4293 essem
3048 4239 3318 4306 dicturus,
3346 4254 3543 4308 quem-

1955 4333 2248 4390 admodum
2288 4333 2551 4400 cogitavi,
2612 4329 2757 4401 quod
2796 4330 3010 4384 scilicet
3044 4330 3098 4383 in
3123 4344 3325 4385 vanum
3372 4330 3541 4399 justi-

1958 4426 2112 4481 licavi
2142 4440 2239 4479 cor
2269 4439 2473 4487 meum,
2507 4432 2559 4478 et
2596 4423 2825 4492 reliqua,
2881 4436 3009 4477 ecce
3054 4422 3195 4492 quod
3253 4422 3540 4492 reprolzavi

251 4533 447 4586 εἶτουν
491 4534 767 4589 ἀσύνθετα
800 4537 894 4589 καὶ
931 4536 1294 4607 ἀπαράδεκτα
1317 4551 1332 4565 ⁸
1372 4537 1537 4605 γενεὰ
1566 4537 1675 4608 γὰρ
1719 4537 1849 4592 υἱῶν

1961 4518 2365 4591 generationem
2416 4516 2650 4570 filiorum
2693 4522 2911 4569 tuorum
2937 4554 2952 4578 ,
3009 4528 3105 4568 seu
3162 4512 3271 4583 (ut
3312 4513 3542 4581 propius

250 4627 360 4681 τοῦ
396 4625 538 4697 θεοῦ
578 4629 608 4680 ὁ
642 4629 992 4700 Ἰσραηλίτης
1018 4630 1150 4692 λαός
1172 4647 1184 4659 ⁸
1216 4629 1360 4684 οὕτω
1393 4631 1503 4700 γὰρ
1539 4633 1630 4683 καὶ
1661 4632 1688 4682 ό
1719 4632 1852 4695 Θεὸς

254 4717 462 4771 τοῦτον
487 4717 802 4788 ὠνόμασεν·
835 4719 971 4786 Υἱός
1002 4725 1379 4792 πρωτότοκός
1400 4740 1524 4791 μου
1570 4722 1810 4792 Ἰσραήλ
1834 4740 1848 4753 ⁸

251 4810 391 4865 καὶ⁸
444 4812 617 4877 Υἱοὺς
668 4813 981 4883 ἐγέννησα
1038 4815 1140 4870 καὶ
1201 4816 1443 4884 {td-nica.
1503 4817 1616 4869 Καὶ
1675 4818 1853 4881 ἄλλως

252 4900 373 4969 γὰρ
409 4900 521 4953 υἱοὶ
571 4900 710 4955 Θεοῦ
759 4904 810 4955 οἱ
859 4903 1198 4974 δημιουργὸν
1249 4907 1413 4960 αὑτὸν
1458 4906 1848 4975 γινώσνῑοντες,

252 4992 360 5045 καὶ
385 4992 764 5062 φυλάσσοντες
810 4994 912 5059 τὰς
955 4997 1174 5060 ἐντολὰς
1210 4997 1398 5061 αὐτοῦ.
1451 4999 1588 5052 de:
1635 4999 1694 5052 δὲ
1737 5001 1851 5053 τῶν

249 5084 616 5154 ἀντιγράφων
664 5087 780 5156 (69)
829 5089 1261 5157 ήσυνθέτηκας
1318 5093 1658 5163 γράφουσιν
1711 5099 1851 5147 νοεῖς

250 5192 349 5228 ται
374 5174 432 5227 δὲ
471 5175 566 5227 καὶ
594 5176 768 5241 οὕτως
789 5193 804 5208 ⁸
850 5181 878 5232 ὀ
926 5180 1026 5249 μὲν
1069 5183 1288 5253 πρῶτος
1319 5184 1521 5255 στίχος,
1558 5184 1633 5247 ὡς
1661 5187 1848 5259 ήρμψ

250 5268 613 5336 νεύσαμεν,ό
657 5270 919 5339 δεύτερος
970 5271 1027 5327 δὲ
1069 5274 1154 5326 ὅτι
1203 5276 1426 5342 Λοιπὸν,
1473 5278 1598 5331 ὅσον
1639 5278 1733 5329 ἐπὶ
1776 5284 1843 5351 τῇ

246 5358 488 5429 τοιαύτῃ
525 5378 629 5429 μου
661 5361 946 5433 διηγήσει,
966 5365 1219 5436 παρέϐης
1244 5362 1345 5429 τὰς
1372 5369 1648 5438 συνθήκας
1678 5370 1735 5422 ὲν
1765 5371 1844 5441 τῷ

347 5486 385 5514 ιδ
402 5479 607 5536 Jerem.
643 5498 741 5544 xu,
768 5481 823 5537 2.
908 5481 949 5513 "
980 5480 1155 5537 Exod.
1193 5496 1265 5547 Iv,
1291 5481 1383 5535 ἓξ.
1469 5483 1517 5515 ¹⁴
1538 5481 1636 5537 lsa.
1665 5502 1705 5547 ι,
1732 5487 1785 5540 ‘2.

1962 4611 2141 4682 pascit
2176 4608 2365 4662 Graeca
2412 4606 2582 4661 dictio
2646 4603 3037 4675 ὴσυνθέτηκα)
3085 4618 3215 4659 ecce
3257 4605 3403 4673 quod
3457 4604 3542 4658 in-

1958 4703 2281 4773 composita,
2310 4700 2419 4756 hoc
2447 4708 2551 4762 est,
2590 4714 2696 4753 non
2731 4699 2906 4763 utilia,
2938 4705 2993 4751 et
3030 4712 3137 4751 non
3194 4705 3348 4766 grata
3390 4700 3545 4767 cogi-

1959 4797 2066 4852 tavi
2096 4796 2297 4866 populo
2330 4802 2464 4846 tuo:
2510 4807 2606 4860 per
2651 4791 3054 4859 generationem
3107 4788 3251 4845 enim
3309 4788 3547 4845 filiorum

1958 4890 2074 4954 Dei,
2109 4889 2339 4959 pupulus
2373 4885 2699 4955 intelligitur
2732 4882 3095 4938 lsraeliticus.
3127 4881 3207 4935 Ita
3238 4882 3385 4937 enim
3406 4882 3551 4937 Deus

1967 4984 2087 5053 ipse
2114 4996 2240 5036 eum
2273 4980 2404 5033 alibi
2438 4977 2753 5046 appellavit,
2784 4976 2975 5031 dicens
3006 4993 3021 5030 :
3063 4973 3238 5031 Filius
3268 4992 3412 5030 meus
3441 4977 3552 5047 pri-

1960 5073 2255 5143 mogenita:
2283 5069 2457 5124 Israel
2494 5069 2560 5122 η.
2595 5066 2727 5121 Item
2761 5067 2872 5120 alio
2905 5066 2959 5119 in
2985 5066 3142 5128 loco:
3176 5063 3348 5118 Filios
3367 5064 3546 5140 genui,

1970 5178 2020 5223 et
2050 5165 2283 5222 exaltari
2310 5162 2375 5214 η.
2419 5159 2514 5215 Vel
2550 5160 2705 5215 aliter
2738 5158 2834 5214 lilii
2862 5158 2953 5212 Dei
2984 5166 3109 5213 sunt
3138 5195 3153 5220 ,
3192 5155 3286 5224 qui
3320 5156 3549 5209 Creato-

1962 5272 2077 5311 rem
2111 5269 2238 5309 eum
2271 5260 2614 5323 agnoscunt,
2643 5260 2698 5306 et
2745 5251 2888 5304 illius
2919 5247 3214 5300 observant
3267 5243 3544 5297 mandata.

1963 5347 2220 5416 Quaedam
2258 5354 2439 5400 autem
2475 5341 2834 5412 exemplaria,
2865 5352 2972 5392 non
3003 5334 3357 5404 ἡσυνθέτηκα
3389 5373 3404 5399 ,
3438 5335 3540 5386 lia-

1631 5576 1837 5649 "ariae
1871 5580 2206 5644 lectiones.

340 5676 455 5745 (69)
495 5675 765 5745 Superius
802 5675 1079 5744 interpres
1116 5675 1320 5745 posuit,
1376 5674 1523 5744 quod
1572 5673 1759 5730 Grece
1792 5679 1847 5733 in

262 5743 430 5801 ﬁnem
467 5743 740 5813 rejicitnr.
778 5744 859 5816 A_d
887 5743 1137 5800 verbum.
1176 5743 1358 5798 Potest
1398 5743 1580 5798 autem
1625 5747 1852 5816 imelligi

258 5818 429 5873 etiam
454 5820 547 5871 hoc
584 5816 741 5869 modo
765 5831 783 5869 :
804 5814 1016 5868 Primus
1047 5815 1254 5886 quidem
1286 5816 1591 5881 versiculus,
1617 5835 1670 5869 ιιι
1700 5814 1856 5887 expo-

1953 5683 2160 5737 suimus
2187 5695 2206 5743 ;
2235 5675 2372 5729 alter
2400 5689 2518 5727 vero
2554 5687 2571 5725 :
2607 5669 2693 5743 Ea;
2719 5668 2817 5743 hac
2846 5675 3153 5743 narratione
3198 5680 3313 5743 mea
3346 5669 3549 5743 rupisse

1956 5735 2312 5813 uiderisfetc.
2355 5743 2573 5798 Verbum
2607 5741 2750 5797 enim
2785 5735 3066 5803 ἀσυνθετῶ
3088 5735 3351 5807 signiﬁcat
3385 5736 3548 5789 etiam

1962 5823 2144 5893 pactis
2177 5832 2287 5873 non
2316 5828 2483 5871 saare.
