4064 6478
427 389 534 454 ’143

1644 370 2029 433 ΕΠἸῊΥΜΗ
2063 368 2427 430 ZIGABENI

3580 363 3693 426 7M

428 506 564 561 bent
594 502 648 556 in
682 498 857 571 prima
884 507 1143 567 persona,
1173 491 1266 547 sed
1287 488 1687 561 ἡσυνθέτηκας.
1743 486 1811 540 Ει
1862 501 2002 555 quo-

2112 483 2337 554 παρόντι
2379 481 2495 552 λαῷ
2528 500 2641 544 σου,
2680 480 2775 542 τὰς
2816 478 2949 551 πρὸς
2977 478 3070 532 τὸν
3112 479 3365 547 Ἀϐραὰμ
3409 476 3503 529 καὶ
3556 479 3689 540 τοὺς

425 597 572 653 niam
606 593 792 649 Graeca
824 591 937 643 lucc
970 586 1139 640 dictio
1197 599 1301 637 non
1360 590 1470 635 tam
1512 579 1803 649 reprobare
1833 577 1997 646 signi-

430 687 579 751 ﬁcat,
615 694 708 738 aut
741 678 1103 748 incomposita
1130 693 1225 731 seu
1264 673 1478 729 inutilia
1515 670 1785 739 cogitare,
1832 680 1889 723 ut
1919 669 2001 722 di-

430 780 646 843 ximus,
696 777 794 832 sed
839 778 1002 831 etiam
1052 769 1401 842 passionibus
1436 778 1499 818 ac
1550 760 1839 831 promissis
1889 774 1999 812 non

431 879 600 935 stare,
634 877 1031 939 consequenter
1060 864 1162 917 alia
1194 859 1305 914 ﬁeri
1330 863 1506 928 potest
1549 854 1713 921 hujus
1744 849 2005 906 versiculi

2106 580 2404 648 προγόνους
2433 578 2612 647 ἡμῶν,
2648 578 2778 646 περὶ
2807 578 2906 646 τῆς
2938 576 3043 644 γῆς
3078 576 3175 645 τῆς
3205 573 3540 641 ἐπαγγελίας
3590 573 3690 624 καὶ

2103 671 2200 724 τοῦ
2229 671 2419 740 γένους
2453 670 2610 740 ἡμῶν
2637 686 2649 699 ·
2687 670 2785 733 τὰς
2820 668 3069 739 περὶτοῦ
3115 667 3347 736 βεϐαίως
3383 667 3531 735 ἡμᾶς
3556 665 3690 718 ταύ-

2108 776 2209 827 την
2256 760 2447 822 οἰκεῖν,
2496 758 2592 811 καὶ
2652 759 2921 827 μεγάλους
2969 755 3230 809 ἔσεσθαιο
3267 751 3545 806 ἀσυνθετιῦ
3574 750 3688 818 γὰρ

2109 850 2329 918 λέγεται
2384 850 2477 903 καὶ
2506 850 2587 915 τὸ,
2630 850 2960 918 Παραὸαίνω
2982 849 3085 912 τὰς
3120 846 3414 917 συνθήκας.

432 965 616 1027 lectio,
648 960 899 1015 videlicet
937 974 949 1009 :
982 942 1110 1011 ecce
1142 950 1287 1022 quod
1335 945 1672 1021 generationi
1726 944 1960 997 ﬁliorum
2002 948 2218 996 tuorum
2258 952 2414 1011 pacta
2463 941 2680 1011 rupisti,
2732 942 2796 996 Et
2827 953 2957 996 tunc
2994 957 3205 1011 expone
3240 957 3255 995 :
3335 939 3388 994 Si
3460 940 3511 991 in
3602 953 3695 991 me

429 1073 549 1130 ipso
579 1057 849 1120 dicebam,
883 1068 967 1105 me
998 1051 1072 1103 ita
1103 1048 1225 1101 aliis
1271 1058 1393 1098 esse
1420 1042 1714 1103 dicturum,
1751 1037 1896 1107 quod
1925 1036 2132 1091 scilicet
2201 1035 2404 1089 frustra
2469 1034 2761 1104 jnstiticavi
2792 1050 2884 1088 cor
2915 1050 3092 1089 meum
3123 1074 3138 1100 ,
3174 1043 3282 1089 etc.
3311 1073 3327 1098 ,
3373 1040 3432 1085 ttt
3523 1046 3694 1102 supra

428 1156 782 1227 exposuimus
819 1169 835 1206 ι
867 1162 994 1202 ecce
1036 1142 1178 1213 quod
1233 1141 1389 1211 juxta
1435 1139 1578 1190 hanc
1630 1131 1999 1188 narrationem
2041 1146 2215 1185 meam
2248 1131 2376 1183 huic
2405 1131 2604 1200 populo
2659 1140 2751 1185 tuo
2816 1132 3031 1202 rupisse
3097 1130 3298 1186 videris
3357 1145 3419 1184 ea
3488 1130 3695 1184 [uellera

431 1223 551 1315 qua:
586 1245 711 1298 olim
746 1256 869 1296 cum
902 1236 1172 1291 Abraham
1196 1272 1212 1299 ,
1244 1239 1299 1285 et
1351 1225 1869 1299 primogenitoribus
1899 1224 2106 1279 nostris
2141 1224 2446 1293 pepigeras,
2480 1223 2547 1277 de
2572 1232 2715 1277 terra
2779 1224 2990 1278 scilicet
3054 1224 3459 1292 promiSsionis,
3509 1234 3562 1276 ct
3622 1224 3695 1275 «fc

428 1338 780 1414 generatione
816 1339 1025 1392 nostra,
1059 1335 1111 1381 et
1149 1323 1584 1394 quodperpetuo
1627 1319 1769 1373 hanc
1798 1327 1998 1371 terram
2038 1329 2290 1372 essemus
2322 1314 2653 1383 possessuri.

503 1430 663 1484 Vsus.
697 1425 784 1479 15.
810 1418 1145 1481 Existimavi,
1163 1413 1301 1485 quod
1327 1424 1715 1479 cognoscerem.
1756 1407 2004 1477 Speravi,

432 1522 629 1590 inquit,
668 1518 811 1572 scire
848 1529 930 1567 me
966 1524 1129 1581 posse
1155 1549 1170 1575 ,
1200 1515 1255 1562 et
1297 1516 1635 1572 cognoscere
1682 1499 1737 1554 id
1786 1499 1854 1553 de
1896 1512 2007 1567 quo

430 1610 767 1664 dubitabam.

503 1700 676 1753 Labor
736 1706 811 1750 est
864 1708 1043 1747 coram
1098 1705 1197 1743 me.
1257 1687 1461 1742 Verum
1510 1682 1637 1750 hoc,
1673 1681 1812 1735 tttid
1842 1679 2000 1735 scili-

2191 1405 2292 1463 Καὶ
2324 1405 2631 1459 ὑπέλαϐον
2660 1405 2768 1459 τοῦ
2820 1406 3071 1476 γνῶναι.
3100 1407 3209 1460 Καὶ⁸
3252 1407 3455 1477 ἤλπισα
3485 1409 3695 1473 γνῶναί

2108 1500 2168 1554 τὸ
2196 1500 2571 1570 ἀπορούμενόν
2607 1516 2728 1569 μοι·
2762 1503 3027 1570 παρέλκει
3058 1501 3166 1569 γὰρ
3198 1501 3257 1552 τὸ
3314 1501 3444 1556 τοῦ.

2181 1680 2381 1747 Κόπος
2404 1680 2576 1735 ἐστὶν
2599 1680 2858 1737 ἐνώπιόν
2872 1699 3011 1751 μου.
3052 1682 3209 1748 Ἀλλ’,
3237 1684 3312 1746 ὡς
3338 1682 3504 1747 ἔοικε,
3529 1683 3694 1735 τοῦτο

430 1803 517 1847 cet
547 1803 871 1858 cognoscam
905 1787 971 1840 de
999 1799 1108 1853 quo
1138 1778 1422 1843 dubitavi,
1457 1774 1703 1830 laborem
1736 1786 1847 1827 non
1895 1785 2011 1824 mo‘

2112 1774 2310 1845 δηλαδὴ
2337 1773 2398 1826 τὸ
2425 1774 2627 1842 γνῶναι
2654 1773 2716 1826 τὸ
2736 1774 3133 1844 ἀπορούμενον,
3160 1775 3323 1837 πόνος
3348 1773 3512 1836 πολύς
3542 1776 3695 1828 ἐστιν

430 1850 830 1937 dit-tuttsectint
866 1878 1071 1930 habere
1125 1872 1367 1927 videtur.
1423 1863 1809 1920 Dillicillimum
1864 1862 2008 1917 enim

2112 1865 2258 1935 ἐμοὶ,
2292 1865 2388 1919 καὶ
2420 1866 2660 1936 χαλεπὸν
2693 1867 2772 1931 είς
2807 1867 3118 1935 διάγνωσιν.

430 1984 536 2037 est,
571 1983 627 2024 ιιι
664 1976 1056 2039 cognoscatur.

577 2064 739 2116 Vens.
784 2062 869 2113 ΓΙ.
916 2058 1091 2111 Donec
1140 2055 1330 2108 intrem
1376 2054 1432 2106 in
1478 2050 1843 2105 sanctuarium
1891 2045 2009 2100 Dei.

437 2156 614 2211 Labor
649 2168 776 2207 vero
808 2153 911 2203 iste
946 2161 1187 2217 eousque
1220 2144 1350 2199 mihi
1377 2145 1502 2207 erit,
1531 2142 1704 2198 donec
1733 2140 2013 2209 ingressus

438 2246 594 2299 fuero
620 2245 673 2297 in
707 2242 966 2309 templum
998 2238 1319 2299 Jerusalem,
1355 2235 1447 2289 tibi
1488 2233 1720 2304 populus
1765 2229 2013 2286 sanctiﬁ-

437 2336 549 2389 cari
587 2332 744 2386 solet.
777 2329 1009 2397 Antiqua
1037 2327 1179 2381 cnim
1209 2325 1526 2379 haereditate
1560 2337 1623 2377 ac
1650 2322 1806 2376 solita
1838 2320 2012 2375 felici-

437 2436 547 2480 tate
579 2429 922 2492 rccupcrata,
951 2431 1306 2486 cognoscam,
1334 2413 1478 2484 quod
1513 2411 1877 2469 non-l'rustra
1926 2411 2013 2480 ju-

435 2514 668 2573 stilicavi
698 2528 794 2566 cor
829 2525 1034 2565 meum.
1338 2526 1343 2531 α

508 2604 576 2658 Ει
597 2602 897 2674 intelligam
921 2598 1297 2655 in‘novissima.
1314 2613 1518 2652 eorum.
1541 2595 1719 2652 Verba
1748 2595 1866 2650 haec
1895 2611 2012 2648 ma-

440 2699 696 2755 nifestam
734 2696 1016 2750 continent
1044 2690 1413 2762 prophetiam.
1462 2688 1716 2744 Praedicit
1760 2687 1903 2742 enim
1954 2702 2015 2743 se

439 2788 754 2861 hujusmodi
780 2785 1214 2854 delinquentium
1242 2782 1402 2836 tinent
1428 2788 1840 2850 perspecturutn
1868 2794 2011 2834 esse.

440 2882 515 2935 De
543 2878 857 2951 Babyloniis
890 2884 1069 2931 autem
1098 2888 1279 2929 sermo
1306 2881 1389 2928 est
1415 2911 1430 2935 .
1497 2886 1733 2942 quorum
1784 2870 2015 2927 felicitas

437 2983 493 3030 et
524 2973 811 3043 imperium
848 2971 1007 3024 ﬁnem
1037 2969 1287 3022 habitura
1320 2977 1476 3021 erant
1505 2982 1520 3020 :
1549 2963 2010 3034 quemadmodum

438 3066 603 3119 etiam
638 3073 823 3133 postea
858 3063 1061 3114 factum
1100 3066 1207 3113 est.
1236 3057 1371 3110 Nam
1397 3055 1573 3127 Cyrus
1602 3054 1892 3110 Persarum
1917 3070 2011 3110 rex

2186 2046 2343 2113 Ἕως
2367 2042 2441 2103 οὗ
2469 2048 2721 2103 εἰσέλθω
2746 2052 2833 2113 εις
2862 2049 2927 2102 τὸ
2959 2050 3349 2119 ἀγιαστήριον
3378 2050 3483 2105 τοῦ
3518 2050 3696 2107 Θεοῦ.

2114 2138 2297 2200 Κόπος
2336 2138 2436 2209 μού
2484 2140 2652 2203 ἐστιν,
2682 2138 2789 2201 ἕως
2821 2134 2882 2193 οὗ
2914 2139 3141 2193 εἰσέλθω
3181 2142 3262 2203 είς
3312 2140 3402 2193 τὸν
3431 2140 3555 2192 ναὸν
3591 2141 3695 2207 τῆς

2123 2229 2503 2301 Ἰερουσαλὴμ,
2545 2232 2604 2284 ὲν
2630 2225 2673 2298 ᾧ
2705 2233 2991 2299 ἁγιάζεται
3021 2233 3049 2284 ὁ
3076 2232 3221 2295 λαός.
3277 2230 3413 2286 Τότε
3444 2233 3549 2302 γὰρ
3579 2214 3695 2300 ’τὴν

2114 2324 2391 2395 προτέραν
2442 2324 2740 2396 εὐκληρίαν
2789 2323 3102 2388 ἀπολαϐὼν,
3159 2325 3441 2394 γνώσομαι
3490 2327 3570 2379 ὅτι
3624 2328 3693 2379 οὗ

2118 2418 2296 2486 μάτην
2324 2417 2620 2470 ἐδικαίωσα
2648 2416 2746 2487 τὴν
2774 2418 3006 2487 καρδίαν
3038 2434 3161 2487 μου,
3194 2420 3287 2472 καὶ
3320 2421 3385 2471 τὰ
3413 2419 3559 2489 ἑξῆς.

2187 2595 2293 2647 Καὶ
2342 2592 2511 2647 συνῶ
2564 2596 2652 2659 εὶς
2706 2594 2776 2647 τὰ
2827 2595 3058 2665 ἔσχατα
3105 2596 3322 2652 αὐτῶν.
3372 2599 3696 2669 Προφητεία

2113 2686 2272 2740 τοῦτο
2326 2688 2544 2758 σαφής·
2596 2688 2743 2755 λέγει
2793 2689 2902 2759 γὰρ
2940 2690 3023 2743 ὅτι
3078 2693 3289 2755 Ὄντως
3339 2696 3555 2765 συνήσω
3595 2696 3698 2748 καὶ

2114 2778 2398 2848 γνώσομαι
2422 2782 2479 2834 ὲν
2507 2782 2621 2839 τοῖς
2648 2781 2861 2833 τέλεσιν
2889 2783 3068 2836 αὐτῶν
3091 2801 3106 2817 ο
3137 2784 3281 2853 φημὶ
3308 2785 3364 2839 δὲ
3389 2785 3499 2840 τῶν
3515 2788 3695 2856 ἁμαρ·

2113 2870 2300 2923 τωλῶν
2333 2871 2714 2939 Βαϐυλωνίων,
2748 2879 2876 2931 ὅταν
2928 2879 3083 2941 τέλος
3135 2880 3318 2941 αὐτοῖς
3360 2878 3563 2952 ἐπέλθῃ
3594 2882 3700 2933 καὶ

2114 2964 2214 3032 τῆς
2248 2963 2529 3027 πολιτείας
2564 2966 2656 3018 καὶ
2686 2969 2786 3037 τῆς
2815 2969 3138 3039 εὐημερίας.
3176 2970 3358 3040 Κῦρος
3395 2970 3504 3039 γὰρ
3539 2972 3699 3041 scivi;-

2116 3071 2214 3117 σας
2237 3054 2457 3120 αὐτοὺς,
2480 3056 2574 3109 τὸν
2613 3056 2713 3127 μὲν
2757 3060 3099 3131 Ἰσραηλίτην
3145 3058 3274 3113 λαὸν
3305 3063 3699 3133 ἀποκατέστη*

439 3160 679 3212 devictos
715 3155 833 3207 illos
862 3162 1134 3223 perpetuae
1166 3149 1392 3204 tradidit
1419 3148 1675 3203 servituti
1704 3163 1720 3201 :
1754 3154 1807 3200 et
1835 3147 2011 3202 Israe-

2118 3164 2209 3201 σεν
2238 3150 2314 3210 είς
2374 3148 2758 3219 Ἰεροσόλυμα·
2795 3153 3020 3218 τούτους
3073 3153 3131 3208 δὲ
3166 3155 3382 3226 δουλείᾳ
3436 3156 3705 3211 παντελεῖ

440 3250 641 3336 liticum
672 3248 949 3318 populum,
989 3259 1149 3313 quem
1188 3244 1466 3312 captivum
1497 3242 1700 3313 reperit
1754 3242 1809 3297 in
1840 3241 2013 3314 Baby-

2117 3240 2535 3311 καθυπήγαγεν.
2615 3242 3001 3312 Ἀναγωγικῶς
3062 3245 3118 3299 δὲ
3179 3246 3534 3319 ἀγιαστήριον
3595 3248 3697 3300 τοῦ

438 3332 596 3403 Ione,
635 3343 687 3394 in
718 3339 946 3404 patriam
1000 3338 1262 3391 restituit.
1317 3333 1484 3390 Juxta
1537 3349 1861 3406 anagogen,
1920 3349 2013 3405 per

2116 3333 2253 3386 Θεοῦ
2287 3335 2319 3402 ή
2362 3332 2631 3402 μέλλουσα
2684 3337 2863 3405 κρίσις
2886 3377 2900 3402 ,
2946 3340 2980 3407 ἡ
3013 3338 3348 3407 ἀφορίζουσα
3381 3338 3596 3407 ἑκάστῳ
3624 3340 3702 3392 τὰ

438 3436 809 3489 sanctuariutn
846 3432 979 3494 Dei,
1018 3428 1264 3483 futurum
1325 3429 1682 3497 intelligimus
1726 3428 2013 3497 judicium.

2117 3426 2254 3495 πρὸς
2300 3426 2477 3490 ἀξίαν.
2525 3426 2767 3489 Ἀγιάζω
2821 3431 2930 3499 γὰρ
2969 3431 3029 3484 τὸ
3068 3430 3339 3500 ἀφορίζω.
3389 3430 3523 3486 Τότε
3581 3436 3699 3504 γὰρ

438 3526 495 3578 In
522 3541 632 3596 quo
689 3524 986 3591 unicuique
1033 3521 1175 3575 Deus
1235 3521 1507 3588 condigna
1565 3520 1869 3583 retribuet,
1919 3533 2013 3588 pro

2119 3519 2362 3588 ἀκριϐῶς
2395 3520 2763 3590 μανθάνουσιν
2812 3523 2862 3573 oi
2903 3522 3254 3593 μικρόψυχοι,
3305 3525 3490 3579 ὁποῖον
3524 3527 3624 3595 μὲν
3656 3528 3696 3596 ή

438 3616 670 3670 ttteritis.
698 3615 932 3668 Verbum
1010 3613 1155 3665 enim
1204 3610 1453 3665 Grtecum
1482 3649 1496 3675 ,
1537 3609 1785 3678 ἁγιάζω,
1835 3610 2013 3680 (quod

2119 3610 2310 3682 ἀρετὴ,
2336 3613 2517 3668 ὁποῖον
2556 3613 2614 3667 δὲ
2640 3615 2672 3684 ἡ
2708 3614 2896 3667 κακία.

437 3714 640 3780 passim
723 3726 913 3765 omnes
986 3712 1418 3776 interpretantur
1485 3708 1802 3776 sancti/ica,
1880 3708 2022 3763 unde
2094 3710 2469 3780 ἁγιαστήριον,
2531 3713 2942 3783 summarium)
2994 3728 3237 3786 persaepe
3298 3715 3462 3768 etiam
3547 3715 3693 3770 idem

438 3806 746 3875 signiﬁcare
770 3806 1065 3868 invenitur,
1097 3805 1239 3874 quod
1283 3802 1571 3857 determino
1612 3802 1631 3871 (
1654 3815 1762 3855 non
1808 3804 2002 3855 mirum
2046 3802 2212 3872 igitur
2281 3808 2326 3860 si
2392 3807 2751 3877 ἀγιαστήριον
2781 3806 3105 3877 projndicio
3134 3810 3439 3879 accipitur,
3478 3826 3600 3865 cum
3632 3811 3690 3863 in

435 3915 503 3956 eo
536 3899 773 3952 omnium
804 3900 1081 3953 hominum
1116 3897 1355 3967 prmmia,
1392 3905 1485 3950 aut
1527 3894 1795 3963 supplicia
1830 3894 2244 3951 determinanda
2279 3899 2470 3968 sint);
2537 3908 2666 3953 tunc
2716 3898 2882 3970 igitur
2943 3902 3028 3955 vel
3089 3901 3190 3972 ipsi
3252 3905 3414 3957 etiam
3470 3903 3699 3975 pusilla-
3800 3900 3807 3903 ’

441 4008 615 4048 nnucs
644 3993 964 4061 intelligent,
1003 3990 1263 4059 quidnam
1299 3988 1469 4057 prosit
1512 3988 1722 4050 virtus,
1751 3994 1804 4039 ct
1841 3984 1986 4041 obsit
2026 3985 2243 4044 vitium.

516 4081 674 4136 Vens.
704 4082 790 4139 18.
836 4082 1205 4138 Verumtamen
1236 4092 1450 4152 propter
1490 4080 1661 4144 dolos,
1693 4080 1917 4147 posuisti
1942 4079 2013 4132 eis

2187 4085 2361 4153 Πλὴν
2390 4085 2488 4140 διὰ
2539 4088 2645 4153 τὰς
2696 4089 3053 4160 δολιότητας
3086 4090 3226 4145 ἔθου
3261 4092 3466 4157 αὐτοῖς
3514 4095 3694 4146 κακά·

441 4174 605 4228 mata.
638 4174 754 4244 (0b
784 4192 970 4230 eorum
997 4177 1250 4231 nimirum
1298 4175 1473 4229 dolos.
1506 4174 1523 4242 )
1574 4170 1916 4226 Manifestius
1950 4187 2013 4225 ex

2127 4177 2408 4231 Ἐντεῦθεν
2445 4180 2825 4253 φανερώτερον
2859 4184 3194 4253 προφητεύει
3223 4185 3313 4237 τὸν
3336 4185 3557 4255 ὄλεθρον
3586 4186 3698 4237 τῶν

441 4269 544 4322 hoc
584 4268 705 4322 loco
748 4268 1174 4339 Babyloniorum
1249 4267 1682 4322 destructionem
1745 4264 2013 4334 praedicit.

2114 4268 2497 4328 Βαϐυλωνίων.
2562 4274 2825 4342 Περιττὺν
2879 4275 2936 4327 δὲ
2988 4276 3138 4330 δοκεῖ
3189 4277 3251 4329 τὺ
3328 4278 3518 4345 πλὴν,
3567 4278 3694 4332 καθ’

440 4355 724 4424 Snperllua
754 4365 934 4413 tamen
966 4373 1088 4414 esse
1130 4358 1348 4413 videtur
1379 4356 1550 4411 dictio
1603 4355 1716 4419 illa,
1747 4364 2013 4409 verumta-

2122 4359 2410 4432 Ἐὅραῖκὸν
2438 4362 2655 4434 ίδίωμα.
2695 4366 2755 4418 '0
2786 4365 2843 4418 δὲ
2869 4365 3167 4438 Σύμμαχος
3222 4370 3342 4422 ἀντὶ
3362 4371 3477 4435 τοῦ,
3501 4372 3693 4438 πλὴν,

440 4465 578 4512 men,
616 4448 1075 4517 quemadmodum
1104 4461 1261 4515 juxta
1289 4444 1615 4501 lleoraicuin
1669 4445 1867 4499 idioma
1918 4458 2013 4497 εαξ-

2113 4452 2301 4518 6ντως
2328 4452 2505 4510 εἶπεν.
2549 4459 2733 4511 Ἕθου
2764 4458 2844 4521 δὲ,
2876 4459 3000 4513 ἀντὶ
3023 4459 3138 4524 τοῦ,
3174 4461 3530 4533 ἡτοίμασας.

438 4554 737 4611 penutnero
771 4540 898 4595 alibi
931 4540 1225 4594 invenitur.
1267 4538 1628 4609 Symmachus
1659 4554 1758 4608 pro
1804 4553 2013 4591 verum-
2046 4570 2089 4623 ο

439 4642 649 4695 tamen,
676 4647 791 4684 vere
829 4632 985 4694 dixit,
1018 4638 1072 4685 et
1100 4632 1326 4700 parasti,
1360 4646 1478 4701 pro,
1512 4632 1757 4701 posuisti.

514 4723 761 4787 Deiecisti
790 4737 876 4776 eos
916 4722 1043 4774 dum
1073 4722 1421 4777 elevarantur.
1454 4723 1590 4777 Cum
1623 4724 1676 4776 in
1709 4723 1879 4777 altum
1902 4721 2013 4790 jam

2186 4721 2518 4787 Κατέλαόες
2544 4725 2767 4788 αὐτους
2795 4724 2864 4776 ἐν
2900 4722 2981 4789 τῷ
3009 4724 3362 4793 ἐπαρθῆναι.
3393 4726 3693 4796 Ἐπαρθέν-

439 4816 632 4874 elevati
670 4821 878 4877 essent,
900 4814 1218 4884 divitiisque
1261 4822 1318 4870 et
1344 4816 1492 4871 omni
1522 4813 1797 4871 felicitatis
1821 4826 2013 4884 genere

2114 4829 2212 4877 τας
2243 4813 2455 4880 πλούτῳ
2482 4814 2575 4868 καὶ
2609 4815 2757 4887 πάσῃ
2790 4816 3064 4889 εὐημερίᾳ
3120 4819 3283 4871 πάλιν
3313 4820 3683 4893 κατέρραξας.

440 4905 741 4967 sublimati,
774 4913 833 4958 tu
863 4919 958 4960 eos
983 4921 1176 4961 rursus
1209 4906 1554 4976 confregisti.
2384 4914 2389 4923 ‘

514 4995 785 5061 Quomodo
813 4994 946 5063 [acti
973 5010 1094 5049 sunt
1124 4998 1177 5050 in
1218 4996 1595 5052 desolationem
1647 4996 1820 5050 subito
1842 4998 1868 5050 Ρ
1913 4996 2013 5052 Eo-

2190 4995 2321 5061 Πῶς
2344 4996 2625 5063 ἐγένοντο
2664 5000 2753 5062 εις
2783 4997 3089 5067 ἐρήμωσιν
3120 4998 3376 5063 ἐξάπινα
3394 5018 3414 5066 ;
3451 5000 3694 5071 Προῖδὼν

442 5102 561 5142 rum
591 5085 1019 5141 destructionem
1076 5088 1379 5157 praevidens
1418 5088 1720 5159 Propheta,
1775 5097 1883 5142 tam
1928 5104 2013 5144 rc-

2116 5086 2217 5156 τὴν
2253 5086 2637 5158 καταστροφὴν
2664 5088 2867 5153 αὐτῶν,
2922 5090 3303 5160 ἀποθαυμάζει
3333 5091 3393 5143 τὸ
3423 5093 3692 5161 αἰφνίδιον

440 5178 717 5241 pentinam
747 5175 1099 5230 mutationem
1132 5176 1455 5231 admiratur.

2112 5178 2214 5249 τῆς
2242 5181 2548 5251 μεταὸολῆς
2575 5198 2587 5213 ·
2634 5181 2864 5245 ἐξάπινα
2912 5183 3022 5253 γὰρ
3077 5185 3138 5237 τὸ
3172 5185 3438 5253 αἰφνίδιον
3489 5185 3693 5256 σημαί-

2112 5288 2214 5334 νει.

516 5349 684 5405 Vsus.
730 5350 815 5405 19.
860 5348 1199 5419 Defecerunt,
1246 5352 1541 5418 perierunt,
1572 5362 1784 5420 propter
1812 5356 2006 5426 iniqui-

2190 5363 2534 5429 Ἐξέλιπον,
2563 5363 2882 5421 ἀπώλοντο
2913 5367 3012 5422 διὰ
3042 5368 3155 5435 τὴν
3184 5369 3439 5438 ἀνομίαν
3466 5368 3689 5428 αὐτῶν.

439 5454 598 5497 tatem
630 5459 802 5495 suam.
832 5440 1070 5497 Verbum
1105 5445 1394 5509 perierunt,
1433 5445 1499 5498 ad
1537 5447 1798 5514 majorem
1825 5450 2007 5504 decla—

2112 5456 2183 5508 Τὸ
2212 5456 2496 5519 ἐξέλιπον
2532 5457 2999 5528 ὲφερμηνευτικὸν
3023 5456 3116 5513 τού
3145 5461 3527 5535 ἀπώλοντοσῆ
3556 5480 3691 5517 ταυ-

438 5533 710 5589 rationem
745 5534 979 5601 positum
1006 5544 1089 5587 est
1137 5536 1295 5590 verbi
1349 5537 1663 5607 defecerunt.
1693 5537 1837 5593 idem
1867 5540 2010 5594 eniut

2112 5548 2202 5600 τὸν
2243 5550 2336 5601 καὶ
2382 5547 2551 5618 ἄμφω
2584 5550 2942 5618 σημαίνοντα,
2991 5553 3170 5620 χαρᾶς
3199 5553 3453 5608 ἐπίτασιν
3490 5533 3691 5625 ἐμφαί-

442 5625 530 5674 lnc
583 5620 918 5688 significant.
980 5622 1090 5677 llac
1143 5634 1323 5679 autem
1375 5629 1697 5696 repetitione
1746 5628 2013 5699 Propheta

2114 5658 2283 5703 νουσι,
2316 5641 2393 5711 τῷ
2430 5641 2816 5712 διπλασιασμῷ
2851 5642 2946 5696 τοῦ
2978 5644 3264 5714 ὀνόματος.

437 5724 713 5764 summum
764 5712 1035 5779 quoddam
1113 5718 1369 5786 gaudium
1423 5730 1585 5789 atqtte
1668 5721 2010 5777 alacritatem

439 5801 799 5856 demonstrat.
