4064 6418
327 328 440 396 ’1ίὸ

415 441 577 498 Ὥσει
606 442 894 497 ἐνύπνιον
942 440 1417 510 ἐξεγειρομέγου.
1453 439 1535 491 Τὰ
1562 441 1685 493 κατ’
1717 441 1916 503 αὐτοὺς

321 534 597 607 δηλονότι.
631 534 901 604 Καθάπερ
932 501 1327 603 γάριὲνιὸπνιόν
1353 549 1435 595 τις
1465 531 1589 585 ἰδὼν
1626 501 1912 603 ἐράσμιον,
1954 501 1990 552 Α

321 629 741 699 ἐξεγειρόμενος
771 627 994 698 ἀθυμεῖ,
1011 626 1086 688 ὡς
1110 626 1362 697 διακενῆς
1401 624 1736 687 ἀπολαύσας,
1773 624 1919 677 οὕτω

320 721 424 773 καὶ
449 716 787 772 Βαϐυλώνιοι
842 718 1316 788 παραδραμούσης
1340 718 1440 787 τῆς
1473 716 1783 788 εὐημερίας
1817 716 1918 769 αὑ-

316 809 464 875 τῶν,
500 811 680 882 μάτην
705 810 1060 880 εὖπραγῆσαι
1088 810 1325 876 δόξουσι.
1351 810 1393 863 Τ
1397 809 1589 879 οιαὺτη
1620 809 1729 878 γὰρ
1760 809 1794 878 ἡ
1819 810 1914 862 ἁν-

312 901 578 971 ορωπίνη
596 901 777 972 τρυφὴ
803 901 1035 971 ὀνείροις
1057 901 1291 964 ἐοικυῖα,
1319 901 1407 954 διὰ
1455 900 1516 954 τὸ
1542 900 1797 954 ἀϐέϐαιον
1824 901 1919 953 καὶ

312 994 425 1065 τὴν
452 996 676 1065 ταχεῖαν
705 992 1035 1065 μεταϐολήν.
1648 994 1655 1003 ³

1498 326 1886 389 COMMENT.
1935 330 2011 389 [Ν
2058 329 2416 393 PSALMOS.

3498 338 3606 402 7i6

2098 441 2265 495 Vens.
2302 443 2393 496 ‘20.
2435 442 2606 507 Quasi
2651 442 2916 496 somnium
2971 444 3329 515 exsurgentis.
3384 446 3607 517 Aliquid

2025 535 2550 606 subintelligendum
2586 543 2693 601 est,
2730 536 2882 590 verbi
2917 537 3093 607 gratia
3125 577 3142 601 ,
3185 537 3607 609 Babyloniorum

2025 626 2282 695 felicitas.
2334 626 2413 678 Ac
2465 625 2512 680 si
2564 626 2796 688 diceret,
2846 626 2991 694 quod
3030 628 3500 696 quemadmodum
3561 630 3610 685 is

2025 718 2118 788 qui
2152 733 2248 788 per
2279 730 2535 770 somnum
2567 723 2783 785 gratum
2807 716 2936 786 quid
2966 717 3133 780 videt,
3167 732 3233 772 ac
3260 717 3608 783 delectabile,

2024 809 2214 866 statim
2251 807 2641 870 contristatur,
2676 824 2800 863 cum
2832 826 2858 861 a
2893 824 3088 863 somno
3134 811 3403 881 exsurgit,
3449 812 3611 881 quasi

2023 895 2178 952 inani
2207 895 2582 950 delectatione
2610 894 2868 951 dvtentus
2901 897 2994 963 sit,
3039 900 3109 950 ita
3139 900 3301 953 etiam
3328 901 3611 973 Babylonii

2023 990 2258 1045 decursa
2313 1003 2505 1043 eorum
2564 986 2851 1054 felicitate,
2904 991 3122 1045 inanem
3180 994 3479 1063 plorabunt
3551 1011 3612 1051 se

320 1084 591 1140 habuisse
622 1082 926 1139 fortunam.
964 1082 1356 1153 Huiuscemodi
1384 1084 1529 1138 enim
1561 1092 1690 1138 sunt
1719 1080 1975 1170 bubulus:
1994 1095 2188 1136 omnes
2216 1078 2636 1160 delegationcs,
2708 1082 2941 1137 somniis
2996 1084 3226 1150 similes,
3291 1086 3361 1142 ob
3418 1102 3608 1145 earum

316 1176 591 1231 nimirum
628 1176 1067 1241 inslabilitatem,
1121 1185 1176 1232 et
1206 1175 1689 1247 frequentissimas
1727 1177 2085 1230 mutationes.
2124 1248 2127 1255 η

392 1275 597 1342 Κύριε,
627 1274 698 1328 ἐν
726 1270 801 1343 τῇ
829 1273 1005 1328 πόλει
1024 1290 1143 1329 σου
1171 1271 1289 1341 τὴν
1306 1273 1514 1328 εἰκόνα
1529 1271 1730 1328 αὐτῶν
1749 1273 1920 1338 ἐξου-

311 1367 636 1436 δενώσεις.
700 1367 800 1420 Διά
860 1367 961 1439 τὴν
1025 1366 1183 1420 πόλιν
1239 1384 1334 1420 σου
1371 1366 1776 1438 Ἰερουσαλὴμ,
1822 1366 1921 1437 τὴν

315 1457 632 1530 εὐημερίαν
687 1458 1002 1529 ἀτιμάσεις.
1048 1459 1250 1513 Εἰκὸνα
1313 1458 1424 1529 γὰρ
1474 1458 1575 1529 τὴν
1610 1460 1922 1530 εὑημερῖαν

318 1549 511 1605 αὐτῶν
535 1549 785 1616 ἐκάλεσε,
807 1550 897 1604 διὰ
922 1550 984 1602 τὸ
1017 1550 1093 1622 μὴ
1126 1551 1334 1623 κυρίως
1375 1547 1517 1605 εἶναι
1543 1552 1571 1605 ὃ
1593 1552 1762 1618 δοκεῖ,
1785 1551 1921 1606 ἀλλὰ

323 1642 621 1714 μιμεῖσθαι
656 1644 849 1713 μόνον’
880 1645 1006 1697 ἐπεὶ
1030 1646 1127 1697 καὶ
1155 1644 1323 1698 εἰκὼν
1356 1645 1510 1716 παρὰ
1562 1645 1623 1698 τὸ
1657 1645 1917 1701 ἑοικέναι.

318 1733 431 1803 εἴη
463 1732 511 1786 δ’
563 1732 632 1787 ἂν
660 1733 818 1797 πόλις
863 1734 962 1788 καὶ
992 1736 1025 1805 ή
1061 1733 1311 1789 πολιτεία
1340 1735 1435 1788 τοῦ
1471 1734 1604 1789 λαοῦ
1629 1751 1643 1766 °
1696 1737 1728 1804 ἢ
1764 1736 1858 1789 καὶ
1882 1737 1918 1804 ἡ

316 1826 441 1879 ἀνω
490 1824 558 1880 Ίε
568 1843 661 1898 ρου
670 1827 805 1898 σαλή
814 1843 876 1898 μ.

401 2007 528 2062 Ὅτι
558 2007 857 2079 ἐξεκαύθη
905 2012 942 2079 ἡ
974 2011 1190 2081 καρδία
1219 2030 1361 2082 μου.
1403 2012 1493 2083 Τῷ
1525 2014 1659 2084 πυρὶ
1699 2015 1795 2066 τοῦ
1829 2012 1922 2066 θυ-

321 2100 460 2170 μοῦ,
515 2101 696 2157 είτουν
730 2102 812 2173 τῷ
843 2102 1028 2176 ζήλῳ·
1081 2104 1186 2178 ἔφη
1238 2107 1347 2176 γάρ
1403 2108 1463 2159 ὲν
1516 2105 1794 2179 προοιμίῳ
1823 2105 1918 2158 τοῦ

319 2195 603 2265 παρόντος
624 2196 868 2269 ψαλμοῦ,
895 2199 1016 2254 Ὅτι
1053 2199 1329 2270 ἐζήλωσα
1354 2202 1452 2255 ἐπὶ
1487 2202 1615 2267 τοῖς
1646 2202 1917 2270 ἀνόμοις,

319 2286 587 2357 εἰρήνην
620 2287 988 2359 ἁμαρτωλῶν
1019 2292 1274 2362 θεωρῶν.
1339 2294 1556 2348 Ἐκεῖνα
1587 2292 1718 2362 γοῦν
1763 2292 1920 2357 αὖθις

315 2381 345 2434 ε
356 2381 578 2434 παναλα
587 2382 786 2452 μϐάνει
795 2423 808 2438 .

400 2471 513 2526 Καὶ
544 2475 599 2527 ot
645 2477 856 2544 νεφροί
901 2494 1024 2546 μου
1056 2477 1507 2546 ἠλλοιώθησαν.
1566 2478 1678 2549 Τὴν
1730 2479 1922 2533 ἐπιθυ-

322 2562 466 2634 μίαν
516 2563 604 2618 διά
628 2565 739 2619 τῶν
770 2569 988 2636 νεφρῶν
1016 2569 1353 2637 αἰνίττεται·
1395 2570 1580 2634 καθὼς
1614 2572 1922 2643 προλαϐόν-

315 2670 423 2717 τες
457 2655 760 2727 εἰρήκαμεν
795 2657 854 2710 ἐν
892 2658 1097 2723 ἄλλοις.
1144 2660 1423 2733 Πρότερον
1461 2662 1570 2732 γάρ
1607 2663 1920 2734 ἐπιθυμιῶν

318 2746 440 2800 τῶν
464 2746 633 2811 ὅντως
663 2749 911 2818 ἀγαθῶν,
947 2751 1176 2823 ὕστερον
1202 2756 1297 2809 καὶ
1327 2754 1439 2807 τῶν
1462 2754 1766 2810 δοκούντων
1794 2758 1923 2810 ὲπε-

320 2836 581 2909 Θύμησα,
620 2842 777 2912 φησι,
800 2840 1054 2913 ζηλώσας
1088 2847 1217 2910 τοὺς
1246 2846 1502 2918 ἐχθρούς.

406 3017 576 3088 Κὰῖὼ
596 3019 1097 3091 ἐξουδενώμενος,
1126 3023 1224 3078 καὶ
1268 3025 1381 3079 οὐκ
1412 3024 1624 3096 ἔγνων.
1666 3027 1829 3079 Τουτὶ
1860 3027 1919 3080 τὺ

2098 1269 2345 1334 Domine,
2373 1269 2430 1323 in
2466 1270 2682 1325 civitate
2727 1280 2821 1326 tua
2859 1273 3137 1343 imaginem
3165 1290 3347 1328 eorum
3376 1276 3446 1329 ad
3469 1276 3578 1329 uilli
3594 1306 3611 1319 -

2026 1364 2138 1417 tum
2196 1362 2422 1432 redigas.
2480 1362 2716 1433 Propter
2767 1364 3045 1420 civitatem
3098 1375 3247 1420 tuam
3309 1365 3612 1423 Jerusalem

2026 1470 2220 1511 eorum
2259 1453 2583 1509 felicitatem
2617 1455 2946 1524 reprobabis
2977 1474 2993 1510 :
3050 1473 3218 1527 quam
3254 1458 3379 1513 ideo
3414 1459 3613 1527 imagi-

2026 1563 2152 1605 nem
2186 1547 2508 1618 appellavit,
2544 1548 2672 1617 quia
2711 1550 2953 1602 humana
2985 1548 3244 1615 felititas,
3275 1567 3408 1605 vera
3442 1552 3617 1608 felici-

2024 1648 2114 1696 tas
2143 1655 2252 1695 non
2289 1647 2396 1705 est,
2433 1639 2655 1693 tametsi
2697 1653 2821 1694 esse
2851 1639 3145 1695 videatur:
3183 1642 3282 1696 sed
3318 1653 3373 1696 ut
3409 1643 3614 1713 imago,

2026 1742 2123 1789 aut
2151 1734 2369 1796 umbra,
2398 1732 2649 1785 imitatur
2678 1739 2891 1785 tantum
2922 1728 3269 1787 felicitatem.
3324 1731 3430 1788 Per
3474 1734 3617 1788 civi-

2028 1833 2198 1881 tatem
2251 1836 2431 1880 autem
2463 1824 2569 1879 boc
2602 1822 2656 1877 in
2690 1823 2833 1887 loco,
2881 1824 3188 1894 intelligere
3220 1837 3380 1896 potes
3427 1828 3617 1897 populi

2029 1919 2333 1983 civitatem,
2369 1915 2453 1971 vel
2489 1916 2665 1987 ipsam
2702 1931 3004 1984 supernam
3038 1916 3369 1975 Jerusalem.

2097 2008 2265 2064 Vsus.
2306 2008 2397 2063 2|.
2445 2008 2587 2075 Quia
2619 2008 3015 2077 inﬂammatum
3053 2022 3244 2064 estcor
3272 2026 3463 2064 meum.
3513 2014 3617 2067 Ar-

2028 2099 2182 2156 denti
2218 2099 2433 2155 scilicet
2478 2099 2715 2168 quodam
2751 2100 2911 2155 zelo:
2955 2094 3104 2168 quod
3139 2102 3304 2165 etiam
3350 2104 3403 2156 in
3456 2104 3616 2159 initio

2027 2192 2223 2263 psalmi
2251 2191 2388 2245 dixit
2416 2209 2432 2246 :
2469 2190 2613 2259 Quia
2641 2193 2813 2247 zelari
2841 2207 2999 2260 super
3020 2193 3256 2264 iniquos,
3285 2210 3466 2263 pacem
3499 2215 3619 2265 pec-

2028 2294 2269 2339 catorum
2300 2285 2502 2339 videns.
2538 2283 2803 2340 Eatndem
2836 2287 2983 2339 enim
3018 2284 3106 2340 hic
3140 2289 3338 2357 repetit
3386 2297 3614 2344 senten-

2029 2380 2183 2434 tiam.

2102 2470 2174 2525 Et
2221 2488 2368 2527 renes
2420 2472 2521 2526 mei
2555 2474 2872 2527 commutati
2900 2481 3047 2526 sunt.
3092 2471 3197 2527 Per
3225 2488 3384 2529 renes
3411 2488 3612 2529 concu-

2031 2562 2360 2635 piscentiam
2412 2562 2691 2631 intelligit,
2728 2574 2787 2634 ut
2817 2564 2983 2617 etiam
3020 2563 3153 2617 alibi
3190 2562 3457 2618 diximus.
3506 2567 3618 2618 An-

2031 2665 2143 2726 tea,
2176 2658 2378 2727 inquit,
2406 2671 2470 2713 ea
2506 2657 2800 2725 concupivi
2838 2671 2959 2727 quae
2985 2667 3145 2711 erant
3171 2657 3339 2723 bona,
3374 2666 3619 2727 postmo-

2030 2752 2162 2809 dum
2210 2767 2343 2806 voro
2397 2767 2507 2806 non
2561 2753 2750 2806 eadem
2802 2750 3062 2821 amplius,
3114 2767 3237 2821 qua:
3270 2752 3413 2806 bona
3459 2767 3619 2806 erant

2030 2843 2235 2910 Optavi,
2288 2841 2385 2897 sed
2437 2856 2561 2911 quae
2612 2855 2738 2895 esse
2787 2839 3119 2894 videbantur
3158 2841 3344 2897 bona:
3393 2840 3617 2911 quando

2030 2933 2240 2988 scilicet
2271 2933 2618 2987 inimicorum
2655 2945 2844 3001 pacem
2877 2929 3072 2985 zelavi.

2104 3023 2174 3077 Et
2212 3040 2305 3095 ego
2336 3023 2598 3094 neglectus
2615 3038 2754 3087 sum,
2775 3032 2823 3077 et
2850 3038 2953 3076 non
2976 3024 3211 3094 cognori.
3242 3021 3342 3078 llic
3368 3024 3618 3079 versicu-

325 3112 503 3181 ῥητὸν
530 3113 625 3166 καὶ
651 3114 719 3167 τά
745 3114 874 3184 sint;
907 3116 1050 3187 μετά
1098 3117 1196 3187 τὴν
1248 3118 1511 3171 ἐπάνοδον
1561 3119 1919 3189 ἀρμόζουσιν.

2033 3117 2143 3179 lus,
2172 3124 2227 3171 et
2260 3117 2496 3187 reliqua,
2532 3131 2657 3186 qua:
2690 3124 3021 3187 sequuntur,
3059 3125 3278 3186 tempus
3308 3118 3617 3187 respiciunt

338 3203 813 3277 Ἐξουδενωμένος
839 3207 1011 3278 ήμην,
1048 3210 1236 3281 φησὶν,
1281 3209 1458 3263 εἴτουν
1505 3210 1923 3283 ἀπερῤιιιμένος

320 3298 441 3353 ἀπὸ
470 3298 565 3351 σοῦ
593 3299 717 3353 τότε
747 3299 834 3352 διὰ
874 3301 975 3364 τὰς
1001 3301 1279 3374 ἁμαρτίας
1310 3319 1416 3372 μου
1437 3317 1452 3332 ’
1488 3303 1585 3355 καὶ
1631 3302 1719 3355 διὰ
1763 3301 1925 3356 τοῦτο

320 3388 433 3442 οὐκ
461 3388 632 3458 ἔγνων
656 3391 716 3443 τὸ
745 3391 1123 3462 ἀπορούμενόν
1154 3410 1264 3461 μοι,
1295 3393 1372 3464 μὴ
1397 3392 1538 3462 ἔχων
1563 3392 1655 3446 τὸν
1685 3393 1795 3445 ἀπὸ
1825 3391 1921 3446 σοῦ

320 3482 632 3551 φωτισμόν.
675 3483 734 3535 ’0
764 3482 822 3536 δὲ
854 3483 1152 3555 Σύμμαχος
1182 3485 1302 3538 ἀντὶ
1339 3485 1432 3538 τοῦ
1476 3483 1923 3554 Ἐξουδενωμέ-

320 3590 464 3640 νος,
489 3573 946 3646 Ἀνεπιστήμων
981 3575 1165 3646 ἥμην,
1200 3574 1378 3631 εἶπεν.

402 3664 729 3736 Κτηνώδης
788 3668 1087 3743 ἐγενήθῃν
1126 3670 1289 3739 παρὰ
1342 3670 1467 3724 σοί.
1502 3671 1726 3736 Λοιπὸν,
1750 3671 1917 3743 ἀνόη-

320 3775 423 3822 τος
491 3760 764 3831 ἐγενόμην
825 3778 930 3827 σοι,
960 3762 1262 3829 τουτέστιν,
1315 3764 1418 3817 οὐκ
1479 3763 1559 3817 ἔτι
1621 3765 1922 3835 περιεργά-

326 3869 504 3922 σομαι
530 3855 598 3905 τὰ
630 3853 880 3924 κρίματά
915 3872 1009 3907 σου
1036 3871 1050 3885 ⁸
1088 3854 1227 3909 ἀλλὰ
1260 3855 1420 3926 δίκην
1453 3857 1688 3926 κτήνους
1718 3858 1924 3912 ἀπολυ-

324 3945 671 4014 πραγμὸνως
728 3945 936 4016 ἕψομαι
986 3947 1101 4010 τοῖς
1157 3948 1270 4011 σοῖς
1322 3946 1650 4017 βουλήμασι.
1684 3948 1922 4015 Διέγνων

325 4037 443 4107 γὰρ
468 4038 549 4090 ὅτι
576 4041 753 4093 πάντα
805 4039 946 4109 μετά
981 4039 1219 4109 κρίσεως
1246 4040 1580 4108 οἰκονομεῖς.
1627 4038 1921 4111 Ἐπαινετὴ

325 4133 364 4193 ἡ
393 4131 548 4200 παρά
574 4130 650 4200 τῷ
682 4132 802 4202 Θεῷ
856 4131 996 4203 αὕτη
1026 4131 1331 4201 κτηνωδία·
1366 4131 1772 4202 διαϐεϐλημένη
1802 4131 1859 4183 δὲ
1891 4131 1924 4202 ἡ

328 4220 490 4291 παρὰ
541 4220 635 4273 τοῦ
684 4221 958 4291 δαίμονος,
1008 4222 1083 4285 ὡς
1119 4223 1201 4285 τὸ,
1236 4218 1752 4291 Παρασυνεϐλήθη
1798 4221 1925 4285 τοῖς

326 4306 588 4376 κτήνεσι
624 4309 748 4375 τοῖς
781 4309 1083 4379 ἀνοήτοις,
1112 4311 1210 4365 καὶ
1239 4309 1506 4380 ὡμοιώθη
1547 4311 1777 4378 αὐτοῖς.

2027 3218 2152 3280 post
2176 3208 2415 3265 reditum
2442 3223 2473 3263 e
2501 3207 2843 3277 captivitate.
2875 3206 3172 3277 Negleetus
3201 3208 3373 3272 enim,
3416 3209 3615 3277 inquit,

2031 3302 2315 3374 proiectus
2342 3317 2468 3357 sum
2504 3315 2534 3355 a
2568 3312 2621 3357 te
2650 3315 2803 3356 nunc
2834 3308 3061 3371 prepter
3095 3310 3321 3371 peccata
3356 3317 3501 3367 mea,
3533 3313 3588 3356 at
3614 3334 3617 3337 ι

2027 3411 2135 3467 que
2166 3395 2291 3449 ideo
2326 3393 2731 3449 illuminatione
2780 3401 2876 3446 tua
2927 3393 3198 3464 privatus,
3254 3393 3308 3446 id
3359 3409 3467 3448 non
3517 3410 3615 3450 eo-

2026 3485 2214 3556 gnovi,
2249 3484 2317 3539 de
2349 3500 2462 3555 quo
2504 3484 2914 3540 dubitareram.
2947 3484 3314 3553 Symmachus
3344 3499 3465 3555 pro,
3499 3484 3615 3537 Ne-

2026 3577 2252 3646 glectus,
2282 3576 2435 3639 dixit,
2472 3573 2732 3630 Indoctus
2763 3592 2935 3629 eram.

2099 3666 2264 3722 Vsus.
2306 3666 2400 3723 2‘2.
2465 3666 2534 3721 Ut
2565 3668 2873 3735 jumentum
2926 3670 3099 3738 [actus
3158 3684 3275 3721 sum
3336 3668 3480 3737 apud
3543 3676 3616 3723 te.

2027 3760 2173 3832 E30,.
2217 3761 2417 3830 inquit,
2473 3760 2527 3815 in
2581 3760 2924 3830 praeteritum
2980 3759 3247 3828 insipiens
3279 3768 3461 3814 tecum
3514 3758 3614 3824 fui,

2038 3871 2229 3912 verum
2260 3856 2530 3925 deinceps
2560 3855 2769 3925 judicia
2796 3865 2887 3911 tua
2944 3855 3061 3928 (70)
3123 3858 3341 3913 curiose
3378 3858 3616 3928 amplius

2027 3965 2139 4006 non
2196 3950 2563 4020 investigabo,
2594 3952 2689 4005 sed
2734 3952 2970 4020 jumenti
3003 3952 3203 4011 instar,
3231 3951 3433 4007 omissa
3461 3955 3611 4006 omni

2027 4043 2372 4106 curiositate,
2393 4051 2543 4096 tuam
2564 4056 2767 4113 sequar
2788 4043 3147 4103 voluntatem,
3165 4045 3394 4115 cegnovi
3408 4044 3610 4099 etenim

2026 4132 2173 4203 quod
2206 4145 2426 4186 summa
2473 4146 2601 4185 cum
2649 4130 2862 4185 ratione
2896 4146 2960 4184 ac
3000 4130 3235 4200 judicio,
3284 4134 3470 4188 omnia
3517 4133 3614 4189 atl-

2027 4225 2333 4279 ministras.
2363 4221 2664 4277 Laudabile
2688 4230 2772 4277 est
2817 4233 3023 4289 autem,
3058 4232 3116 4277 ut
3147 4225 3291 4293 apud
3316 4224 3483 4281 Deum
3512 4243 3614 4280 nos

2028 4315 2180 4387 ipsos
2233 4313 2643 4379 existimemus,
2697 4323 2757 4368 ut
2800 4314 3076 4384 iumenta,
3125 4317 3343 4371 tametsi
3393 4331 3613 4383 contra,

329 4400 698 4457 criminosum
746 4404 839 4468 sit,
880 4411 942 4457 ut
982 4405 1295 4473 jutncntum
1351 4406 1568 4471 haberi,
1629 4406 1773 4475 apud
1809 4405 2138 4477 daemonem,
2187 4419 2248 4465 ut
2320 4410 2453 4466 alibi
2482 4408 2725 4463 vidimus
2795 4410 2889 4476 (in
2960 4411 3171 4479 psalmo
3234 4427 3421 4479 xtvm,
3466 4414 3538 4469 ibi
3595 4433 3615 4473 :

333 4493 515 4549 Homo
542 4511 663 4548 cum
706 4497 759 4548 in
804 4495 1000 4552 honore
1029 4498 1200 4570 esset)
1235 4511 1577 4568 comparatus
1608 4509 1688 4553 est
1702 4499 1961 4569 jumentis
1997 4504 2402 4574 insipientibus,
2436 4512 2484 4557 et
2512 4501 2704 4557 similis
2737 4501 2915 4571 factus
2954 4512 3032 4557 est
3060 4503 3171 4557 illis
3206 4505 3269 4558 ".

403 4587 580 4655 Κάγὼ
617 4587 716 4641 διὰ
747 4589 977 4656 παντὸς
999 4593 1152 4660 μετὰ
1198 4592 1337 4646 σοῦ.
1365 4591 1800 4658 Συνεξακοῦεται
1837 4592 1918 4657 τὸ,

2102 4597 2170 4650 Et
2225 4614 2317 4668 ego
2361 4611 2566 4663 semper
2620 4604 2809 4648 tecum.
2859 4592 3323 4664 Subintelligitur,
3360 4597 3608 4659 verbum,

333 4680 695 4747 Ἐσομαι,σὲ
720 4680 918 4733 ἐννοῶν
947 4683 1056 4747 ἀεὶ,
1089 4682 1185 4734 καὶ
1217 4683 1287 4735 τά
1319 4681 1387 4735 σά
1413 4681 1611 4749 λαλῶν,
1650 4681 1746 4735 καὶ
1773 4682 1925 4735 οὐδέ-

328 4789 469 4826 ποτε
493 4774 591 4843 τῆς
618 4773 715 4843 σῆς
744 4774 968 4845 μνήμης
992 4775 1385 4846 ἀφιστάμενος.

415 4949 797 5020 Ἐκράτησας
824 4949 939 5020 τῆς
981 4952 1180 5021 χειρὸς
1220 4952 1333 5022 τῆς
1363 4953 1568 5020 δεξιᾶς
1611 4973 1754 5027 μου.
1795 4958 1926 5011 Χει-

334 5042 593 5116 ραγωγοῦ
623 5044 805 5113 δίκην,
838 5044 1107 5099 ἐπελάϐου
1137 5046 1235 5115 τῆς
1279 5046 1464 5117 χειρός
1509 5064 1637 5117 μου,
1669 5050 1766 5102 καὶ
1794 5049 1923 5121 ἐξῆ..

330 5138 510 5204 γαγές
543 5152 611 5206 με
633 5136 733 5205 τῆς
760 5135 864 5206 γῆς
892 5136 1002 5191 τῶν
1032 5137 1392 5192 Βαϐυλωνίων
1436 5141 1529 5193 καὶ
1553 5144 1651 5212 τῆς
1677 5141 1925 5206 δουλείας

334 5228 541 5282 αὐτῶν.
571 5228 643 5282 Ἦ
673 5228 887 5297 καὶτῆς
917 5228 1096 5294 δεξιᾶς
1126 5231 1330 5303 χειρὸς,
1361 5231 1459 5302 τὴν
1488 5230 1670 5296 δεξιάν
1723 5233 1924 5304 πρᾶξιν

334 5319 832 5390 ὐποσημαίνει,ὃτι
854 5320 1059 5391 ταύτης
1090 5321 1390 5391 λαϐόμενος
1420 5324 1691 5395 ἐξήγαγές
1723 5342 1814 5394 με.

2036 4689 2177 4754 Ero;
2199 4699 2252 4744 te
2284 4688 2543 4742 nimirum
2576 4700 2793 4755 semper
2818 4686 3087 4754 cogitans,
3114 4695 3167 4740 et
3206 4686 3459 4756 loquens,
3491 4707 3616 4756 qua:

2034 4787 2128 4833 tua
2179 4787 2343 4842 sunt,
2375 4785 2540 4847 atque
2579 4792 2609 4828 a
2667 4774 2747 4828 tui
2784 4775 3051 4829 memOria
3115 4791 3404 4847 nunquam
3462 4796 3617 4838 rece-

2035 4872 2192 4926 deus.

2106 4962 2271 5017 Vsus.
2311 4960 2401 5014 2'5.
2442 4957 2680 5012 Tenuisti
2718 4975 2934 5012 manum
2965 4961 3241 5016 dexteram
3273 4981 3463 5019 meum.
3504 4965 3616 5027 Τιι.

2034 5054 2238 5124 inquit,
2275 5052 2469 5122 optimi
2521 5051 2774 5105 ductoris
2823 5051 3019 5117 instar,
3058 5070 3281 5109 manum
3316 5072 3489 5110 meam
3519 5073 3611 5122 ap.

2034 5144 2471 5214 prehendisti,et
2493 5142 2561 5197 de
2593 5150 2761 5206 terra,
2792 5156 2856 5196 ac
2891 5142 3157 5198 servitute
3186 5143 3612 5214 Babyloniorum

2035 5251 2123 5291 me
2148 5234 2421 5298 eduxisti;
2454 5233 2647 5305 vellper
2674 5233 2954 5288 dexteram
2981 5248 3235 5299 manum,
3267 5236 3518 5290 meliores
3549 5253 3612 5291 ac

2034 5328 2427 5384 laudabiliorcs
2455 5327 2703 5381 actiones
2733 5323 3031 5392 signiﬁcat,
3064 5326 3266 5395 quibus
3296 5336 3375 5394 tu,
3408 5326 3611 5397 inquit,

334 5412 577 5471 eduxisti
630 5431 740 5485 me,
788 5419 1027 5489 benigno
1074 5418 1334 5474 nimirum
1368 5421 1553 5475 animo
1584 5434 1681 5476 eas
1733 5420 2068 5491 suscipiens.

449 5560 495 5593 "
527 5559 678 5615 Psal.
716 5575 909 5623 xum,
956 5560 1045 5616 21.

1702 5627 1900 5691 Variae
1925 5628 2259 5691 lectiones.

409 5736 528 5806 (70)
561 5738 665 5791 Aut
693 5751 804 5789 non
841 5735 981 5790 satis
1027 5742 1316 5790 assecutus
1367 5743 1473 5797 est,
1530 5743 1624 5788 aut
1657 5750 1763 5788 non
1789 5737 1926 5806 satis

336 5807 573 5864 ﬁdeliter
606 5805 843 5862 reddidit
872 5806 1117 5861 aucturis
1142 5820 1387 5859 sensum.
1413 5806 1601 5862 Grarcc
1639 5806 1720 5862 sic
1758 5822 1772 5858 :
1812 5805 1920 5876 Ego

676 5908 962 5969 ΡΑτιιοι.
1004 5904 1126 5965 Gtt.
1172 5903 1512 5967 CXXVIII.

2034 5736 2279 5809 deinceps
2311 5735 2565 5804 insipiens
2608 5735 2689 5805 fui
2731 5736 2853 5809 (pro
2884 5735 3009 5809 .ero)
3043 5743 3209 5790 tecum
3246 5752 3264 5787 :
3295 5737 3390 5790 hoc
3430 5735 3617 5809 cuju-

2027 5808 2171 5861 dicia
2198 5816 2310 5874 tua,
2339 5816 2429 5861 etc

3194 5904 3275 5966 25-
