4064 6434
413 282 521 351 ’147

1612 291 1993 354 EUTHYMII
2033 293 2396 354 ZIGABENI

3572 297 3685 360 7&3

484 399 550 454 Et
604 400 657 453 in
687 398 907 453 consilio
942 408 1030 453 tuo
1085 396 1356 454 deduxisti
1410 416 1509 455 me.
1576 401 1642 457 Et
1695 406 1990 460 consilium

2166 407 2276 462 Kal
2316 408 2388 462 ἐν
2410 406 2484 475 τῇ
2508 404 2711 474 ,ϐουλῇ
2742 421 2860 481 σου
2886 404 3179 477 ἐξήγαγές
3205 423 3304 475 με.
3339 406 3450 460 Καὶ
3484 408 3693 460 ὑπέθου

412 491 547 546 mihi
600 490 1060 557 subtninistrasti,
1119 506 1231 561 qtto
1282 491 1423 548 duce
1460 508 1574 564 per
1614 502 1696 551 tot
1747 499 1991 567 gentium

413 583 669 654 regiones
704 583 754 635 in
789 582 1021 652 patriam
1056 582 1328 641 deductus
1354 600 1498 641 sum.

489 674 555 728 Et
595 692 712 728 cum
761 675 939 744 gloria
966 678 1247 745 suscepisti
1278 694 1379 733 me.
1415 679 1480 731 Et
1508 679 1838 738 honoratum
1864 684 1996 737 mihi

413 767 466 820 in
494 766 767 821 civitatein
804 779 948 820 tuam
969 767 1252 822 introitum
1283 768 1532 837 donasti;
1560 773 1607 826 is
1633 773 1780 827 enim
1814 777 1995 845 populi

412 858 624 912 reditus
673 859 727 911 in
772 859 1031 928 patriam,
1063 859 1461 917 celeberrimus
1491 864 1632 932 apud
1679 879 1873 922 omnes
1918 867 1997 922 ef-

410 946 591 1003 {eetus
624 962 731 1003 est.
782 947 955 1019 Regia
993 949 1198 1003 etenim
1247 949 1449 1016 edicta,
1499 967 1621 1021 quae
1650 968 1751 1021 pro
1806 957 1994 1027 populi

408 1041 589 1096 reditu
619 1057 648 1094 τι
676 1040 818 1112 Cyro
867 1049 1223 1107 emanarunt,
1267 1043 1333 1097 ad
1387 1043 1677 1101 universas
1710 1047 1865 1104 orbis
1899 1064 1995 1103 na-

412 1137 593 1187 tiones
626 1133 1031 1202 dirigebantur.
1644 1116 1659 1127 ’

478 1225 645 1285 νειμ.
685 1226 776 1279 24.
806 1225 946 1291 Quid
980 1229 1117 1281 enim
1147 1239 1224 1282 .st
1253 1227 1381 1282 nti/ti
1409 1229 1462 1282 in
1479 1230 1629 1297 caelo,
1658 1242 1707 1285 et
1733 1251 1764 1285 ιι
1793 1244 1842 1287 te
1866 1235 1993 1303 quid
2063 1241 2074 1249 '

408 1317 551 1370 solui
589 1334 747 1387 super
794 1320 1039 1373 terram?
1093 1319 1222 1376 Haec
1276 1319 1441 1377 verba
1474 1323 1693 1393 quidam
1730 1328 1804 1381 ita
1837 1328 1999 1384 intel-

412 1410 610 1479 ligunt,
646 1418 704 1463 ut
738 1427 765 1463 ιι
799 1412 910 1466 Deo
939 1411 1003 1465 ad
1039 1412 1334 1467 humanam
1367 1423 1620 1470 naturam
1656 1418 1804 1473 dicta
1832 1420 1944 1477 sint
1976 1440 1990 1475 :

409 1499 551 1565 Quid
587 1499 741 1567 mihi,
779 1500 978 1570 inquit,
1021 1501 1170 1556 aliud
1210 1502 1266 1557 in
1295 1504 1438 1559 caelo
1484 1516 1590 1573 cst,
1641 1508 1710 1562 ab
1756 1513 1992 1583 angelis,

408 1590 514 1647 nisi
530 1591 734 1654 cultus,
754 1592 1026 1659 adoratio,
1051 1600 1216 1666 atque
1242 1596 1493 1653 obedien:
1508 1600 1556 1652 ia
1577 1598 1681 1655 ?Et
1698 1618 1727 1655 a
1755 1612 1806 1659 te
1829 1606 1991 1672 quid-

402 1698 532 1737 nam
569 1684 717 1739 aliud
749 1686 892 1740 volui
924 1687 980 1741 in
1036 1694 1183 1743 terra
1269 1705 1433 1760 quam
1492 1702 1549 1747 ut
1607 1694 1795 1751 eadem
1857 1699 1992 1754 mihi

2113 517 2204 569 μοι
2234 500 2454 571 βουλὴν,
2479 500 2546 554 δι’
2568 494 2636 570 ἧς
2659 498 2950 569 ὼδηγήθην
2977 498 3212 568 βαδίζων
3235 497 3324 551 διὰ
3357 498 3466 552 τῶν
3501 500 3694 555 ἐθνῶν.

2177 678 2286 734 Kal
2310 677 2464 746 μετὰ
2491 674 2678 744 δόξης
2706 674 3096 744 προσελάϐου
3121 692 3220 745 με.
3273 677 3382 730 Καὶ
3419 682 3697 747 περιφανῆ

2112 788 2202 841 μοι
2231 770 2334 841 τὴν
2367 770 2446 831 είς
2498 766 2599 840 τὴν
2649 767 2749 838 σὴν
2802 767 2958 823 πόλιν
2997 768 3200 823 εἴσοδον
3237 769 3516 839 ἐχαρίσω’
3561 773 3699 825 πᾶσι

2106 863 2216 933 γὰρ
2262 860 2502 931 ἀκουστὴ
2551 860 2775 930 γέγονεν
2842 865 2875 933 ή
2925 861 3202 926 ἐπάνοδος.
3257 863 3370 916 Καὶ
3440 864 3700 935 βασιλικὰ

2105 954 2452 1024 διατάγματα
2485 953 2611 1022 περὶ
2640 955 2849 1023 ταύτης
2875 954 3011 1007 πᾶσι
3040 955 3155 1017 τοῖς
3206 953 3419 1008 ἔθνεσιν
3460 956 3488 1008 ὁ
3512 954 3698 1026 Κῦρος

2106 1045 2513 1114 ἐξαπέστειλεν.
3062 1063 3068 1071 ·

2184 1224 2251 1281 Τί
2273 1225 2384 1296 γάρ
2425 1244 2528 1296 μοι
2561 1224 2817 1294 ὑπάρχει
2855 1224 2925 1279 ἐν
2968 1223 3049 1290 τῷ
3098 1223 3358 1292 οὐρανῷ,
3393 1222 3491 1277 καὶ
3534 1224 3698 1292 παρὰ

2104 1317 2223 1371 σοῦ
2256 1318 2313 1371 τί
2343 1318 2619 1387 ἠθέλησα
2647 1317 2746 1371 ἐπὶ
2781 1315 2892 1386 τῆς
2916 1315 3065 1387 γῆςη
3097 1316 3270 1371 Τοῦτό
3304 1333 3450 1379 τινες
3480 1316 3556 1381 ὡς
3584 1317 3697 1371 ἀπὸ

2104 1408 2197 1462 τοῦ
2225 1408 2361 1463 Θεοῦ
2393 1410 2560 1481 ῥηθὲν
2583 1411 2894 1481 νενοὴκασι,
2926 1410 3178 1478 λέγοντος
3202 1410 3336 1479 πρὸς
3367 1407 3457 1463 τὸν
3479 1409 3695 1478 ἄνθρω-

2104 1519 2206 1555 πον
2231 1518 2247 1535 ⁸
2284 1504 2349 1556 Τί
2380 1521 2471 1575 μοι
2516 1505 2707 1575 ἕτερον
2756 1506 2816 1557 ὲν
2851 1503 2930 1575 τῷ
2960 1503 3175 1575 οὖρανῷ
3208 1505 3361 1574 παρα
3392 1504 3501 1555 τῶν
3529 1504 3698 1574 ἀγγέ.

2110 1593 2222 1648 λων
2252 1596 2284 1667 ἢ
2321 1596 2484 1668 μόνον
2530 1596 2757 1668 λατρεία
2788 1596 2882 1650 καὶ
2912 1596 3128 1668 ὑπακοή
3152 1614 3168 1662 ;
3196 1596 3290 1650 καὶ
3328 1595 3482 1666 παρὰ
3513 1596 3606 1649 σοῦ
3636 1597 3693 1650 τί

2098 1686 2288 1760 ἕτερον
2319 1688 2560 1761 ἠθέλησα
2588 1689 2681 1742 ἐπὶ
2727 1689 2831 1759 τῆς
2891 1692 2993 1761 γῆς
3042 1690 3075 1761 ἢ
3111 1688 3285 1743 ταῦτα
3321 1689 3521 1758 μόνον;
3580 1689 3694 1742 Καὶ

404 1781 726 1844 ρτωειειιεεε,
755 1790 878 1845 quae
910 1775 977 1831 ab
1012 1777 1225 1849 angelis
1255 1779 1387 1834 mihi
1427 1791 1559 1835 sunt
1590 1779 1644 1836 in
1675 1784 1862 1839 coelo?
1892 1783 1988 1840 Vel

2097 1780 2269 1845 ἄλλως
2293 1796 2308 1811 °
2339 1782 2404 1836 Τί
2438 1782 2628 1855 ἕτερόν
2652 1800 2743 1854 μοι
2780 1781 3256 1854 περισπούδαστον
3288 1782 3346 1834 ἐν
3374 1781 3453 1852 τῷ
3473 1781 3692 1853 οὐρανῷ

404 1865 606 1920 aliter:
657 1864 797 1933 Quid
837 1867 966 1923 mihi
1000 1867 1053 1922 in
1085 1868 1226 1925 caelo
1261 1870 1408 1925 aliud
1467 1887 1617 1927 curae
1673 1884 1781 1939 est,
1832 1891 1992 1945 quam

2097 1875 2145 1926 εἰ
2172 1872 2249 1944 μὴ
2276 1873 2381 1939 ad;
2412 1875 2507 1927 καὶ
2548 1875 2700 1945 παρὰ
2735 1874 2830 1927 σοῦ
2869 1874 2923 1928 τί
2958 1874 3147 1945 ἕτερον
3178 1872 3421 1944 ἐζήτησα
3468 1871 3562 1925 ἐπὶ
3592 1871 3693 1941 τῆς

408 1970 461 2011 ιιι
491 1957 818 2028 ipsanatura
848 1959 1087 2013 humana
1111 1959 1134 2013 ί
1155 1959 1219 2019 Ει
1240 1976 1270 2015 a
1294 1970 1345 2017 te
1367 1962 1628 2033 quidnam
1679 1964 1827 2022 aliud
1852 1967 1992 2022 volui

2097 1967 2199 2037 γῆς
2229 1969 2279 2021 εἰ
2331 1968 2406 2038 μὴ
2446 1968 2505 2021 σὲ
2563 1968 2657 2021 καὶ
2690 1969 2791 2037 τὴν
2823 1967 2922 2037 σὴν
2978 1965 3273 2037 βοήθειαν;
3313 1964 3535 2035 Ταύτην
3578 1964 3693 2034 γὰρ

406 2048 464 2102 in
488 2060 662 2116 terra,
687 2064 848 2129 quam
883 2051 1200 2118 utiiitatcm,
1231 2060 1281 2107 et
1318 2055 1669 2111 commodum
1699 2066 1855 2114 tuum
1877 2058 1903 2112 ?
1932 2057 1992 2114 El

2099 2056 2200 2130 τὴν
2249 2057 2458 2113 ἔννοιαν
2482 2063 2510 2113 ὁ
2551 2040 2789 2122 Ἀκύλας
2820 2058 3076 2124 ἐξέδωκε.
3112 2056 3359 2111 Καθόλου
3388 2055 3446 2110 δὲ
3476 2057 3679 2119 εἰπεῖν,

398 2139 474 2194 ad
513 2139 661 2199 hunc
706 2156 932 2196 sensum
961 2142 1159 2212 Aquila
1213 2144 1632 2215 interpretatur.
1681 2148 1905 2215 Verum,
1938 2157 1992 2204 ut

2097 2149 2329 2212 ἐλλιπῶς
2362 2149 2626 2213 πολλάκις
2682 2149 2796 2222 ἔχει
2829 2153 2896 2204 τὰ
2933 2149 3074 2222 ῥητὰ
3117 2149 3204 2203 διὰ
3241 2148 3303 2202 τὸ
3364 2147 3553 2202 στενὸν
3588 2148 3691 2219 τῆς

406 2234 461 2286 in
496 2232 815 2289 universum
850 2232 1027 2289 dicam
1054 2275 1070 2300 ,
1129 2251 1512 2306 saepenumero
1547 2240 1691 2309 apud
1740 2239 1987 2313 Prophe-

2108 2243 2390 2314 Ἐϐραΐδος
2440 2245 2746 2308 διαλέκτου,
2803 2245 2900 2313 ἀφ’
2936 2239 3002 2315 ἦς
3029 2241 3491 2315 ἐξελληνίσθησαν
3542 2242 3688 2296 κατὰ

404 2333 489 2380 tas
544 2325 845 2380 tleiectivos
890 2325 1159 2396 quosdam
1200 2331 1507 2398 reperimus
1541 2346 1844 2387 sermones.
1903 2333 1985 2388 0b

2097 2334 2267 2404 μόνην
2319 2335 2415 2407 τὴν
2448 2336 2729 2407 σημασίαν
2759 2336 3000 2406 ἑκάστης
3047 2332 3250 2400 λέξεως
3284 2335 3363 2405 μὴ
3406 2332 3690 2405 δεξάμενα

404 2413 685 2469 Hebraica:
719 2415 926 2469 etenim
960 2415 1159 2485 lingua:
1212 2420 1553 2488 angustiam,
1603 2437 1631 2475 a
1672 2437 1780 2492 qua
1824 2431 1982 2478 vetus

2092 2424 2433 2497 πλατυσμόν.

403 2518 794 2567 testamentum
845 2513 901 2566 in
934 2511 1180 2567 Graecam
1217 2514 1457 2585 linguam
1512 2519 1835 2573 translatum
1886 2528 1991 2585 est.
2037 2521 2386 2593 impossibile
2437 2522 2543 2580 fult
2565 2526 2796 2596 paribus
2827 2525 3167 2581 dictionibus
3230 2525 3469 2597 amplam
3527 2541 3686 2591 mque

404 2616 465 2650 ειν
497 2601 702 2653 claram
733 2599 1193 2671 signiﬁcationem
1225 2601 1477 2659 reddere.

474 2690 640 2745 Vens.
684 2690 776 2744 2.3.
823 2690 1022 2760 Defeci!
1051 2709 1144 2747 cor
1168 2710 1360 2762 meum,
1406 2707 1452 2750 et
1486 2712 1617 2753 caro
1659 2716 1796 2754 mea.
1843 2700 1984 2756 Conv

299 2814 308 2823 ι
403 2794 689 2854 sumptum
729 2793 814 2840 est
864 2799 961 2839 cor
993 2800 1196 2839 meum.
1249 2783 1379 2856 lgue
1410 2789 1613 2843 etenim
1651 2792 1890 2860 quodam
1921 2810 1986 2849 ac

404 2874 683 2931 desiderio
742 2875 816 2928 tui
871 2876 1140 2938 extabuit,
1191 2884 1247 2930 et
1296 2892 1425 2933 caro
1461 2895 1581 2935 mea
1628 2881 1770 2937 idem
1818 2884 1982 2939 etiam

402 2982 566 3037 passa
594 2975 698 3033 est,
731 2966 860 3020 dum
896 2982 1097 3039 corpus
1145 2969 1331 3025 multis
1374 2970 1428 3023 in
1462 2971 1773 3038 doloribus,
1819 2983 1985 3047 atque

402 3060 675 3130 angustiis
706 3068 979 3115 versatur.

475 3150 613 3204 Deus
664 3150 839 3204 cordis
874 3154 994 3207 mei.
1024 3153 1537 3211 (Jircumlocutioue
1587 3160 1779 3227 utitur,
1837 3177 1901 3216 ac
1935 3163 1981 3217 si

2178 2703 2497 2769 Ἐξέλιπεν
2528 2707 2568 2776 ἠ
2602 2704 2817 2774 καρδία
2838 2723 2983 2776 μου.
3014 2706 3368 2778 Ἐδαπανήθη
3407 2707 3440 2777 ἡ
3483 2704 3685 2775 καρδία

2097 2808 2198 2864 μου
2251 2795 2436 2858 πάλιν,
2469 2795 2530 2849 τὸ
2560 2796 2695 2849 αὐτὸ
2742 2795 3012 2850 πέπονθεν
3041 2795 3202 2866 (70‘),
3226 2792 3682 2866 ἀποστρεφομένη

2092 2888 2192 2958 τὴν
2224 2886 2521 2942 εὐπάθειαν
2561 2888 2654 2941 καὶ
2688 2887 2913 2952 πυκνῶς
2945 2886 3459 2958 ταλαιπωρουμένη.

2180 3154 2242 3207 '0
2271 3154 2415 3221 Θεὸς
2444 3152 2557 3221 τῆς
2594 3152 2847 3221 καρδίας
2877 3169 3020 3223 μου.
3059 3153 3520 3224 Περιφραστικῶς
3555 3152 3683 3207 ἀντὶ

400 3240 653 3296 diceret:
706 3238 750 3295 Ο
784 3239 925 3296 Deus
959 3258 1136 3299 meus.
1194 3242 1372 3299 Verba
1406 3257 1585 3301 autem
1616 3247 1732 3304 luce.
1768 3249 1984 3307 deside-

2097 3246 2187 3298 τοῦ
2233 3246 2284 3298 '0
2323 3211 2467 3312 Bede
2502 3211 2647 3316 βου.
2666 3211 3051 3316 ’Ἑμφαντικδν
3085 3211 3152 3298 δὲ.
3174 3211 3341 3299 adiice
3372 3245 3465 3298 καὶ
3493 3211 3683 3299 διαθέ-

400 3332 505 3396 rio,
537 3343 700 3399 atque
728 3328 927 3386 affectu
965 3332 1123 3401 plena
1154 3345 1304 3389 sunt.

474 3420 542 3476 Et
590 3440 716 3491 pars
762 3439 902 3488 mea,
957 3422 1095 3480 Deus
1124 3442 1291 3493 meus,
1340 3428 1393 3481 in
1422 3432 1699 3485 saeuiunt.
1736 3430 1781 3486 Ο
1817 3431 1984 3502 Deus,

401 3514 597 3583 inquit,
632 3512 724 3583 qui
757 3528 817 3569 es
853 3529 982 3582 pars
1014 3529 1157 3578 mea,
1217 3517 1269 3570 id
1302 3526 1405 3580 est,
1438 3534 1583 3585 sors,
1628 3535 1725 3576 seu
1756 3522 1989 3579 [neredi-

402 3616 488 3660 las
521 3621 675 3658 mea:
725 3604 809 3659 vel
839 3619 1001 3675 quem
1036 3604 1356 3664 divitiarum
1390 3625 1455 3666 ac
1492 3612 1738 3668 thesauri
1771 3631 1989 3687 semper

402 3701 525 3755 loco
554 3697 742 3751 habui.

474 3790 643 3846 Vens.
669 3788 760 3844 26.
800 3789 1070 3854 Quoniam
1100 3806 1217 3843 ecce
1245 3791 1333 3861 qui
1363 3792 1611 3865 clangunt
1642 3814 1696 3853 se
1720 3815 1753 3853 a
1794 3779 1845 3854 ιέ
1867 3816 1990 3870 per-

402 3892 549 3939 eunt.
599 3881 921 3936 Pcccatores
958 3881 1205 3954 elongari
1231 3883 1491 3940 dicuntur
1516 3903 1545 3941 a
1570 3886 1679 3943 Deo
1708 3906 1816 3945 non
1841 3891 1984 3958 loco,

404 3976 496 4028 sed
544 3973 969 4029 conversatione
1026 3992 1038 4028 :
1105 3976 1567 4045 quemadmodum
1643 3993 1835 4037 contra
1896 3985 1986 4039 ille

404 4066 833 4137 appropinquari
884 4064 996 4121 Deo
1039 4063 1270 4135 dicitur,
1304 4069 1397 4138 qui
1436 4071 1667 4129 virtutes
1707 4084 1980 4131 sectatur.

402 4157 481 4208 Ita
518 4156 662 4210 enim
700 4163 925 4224 peccata
978 4153 1227 4210 divinum
1269 4171 1630 4230 conspectum
1678 4163 1981 4235 refugiunt,

404 4256 463 4301 ut
495 4246 730 4302 tem-bra:
776 4248 992 4303 lucem:
1030 4258 1085 4305 et
1120 4259 1388 4320 quantum
1432 4254 1559 4323 quis
1606 4255 1905 4327 elongatur
1952 4273 1982 4311 a

401 4338 536 4405 Deo,
573 4347 785 4393 tantum
840 4341 1137 4408 perditioni
1175 4344 1610 4415 appropinquat.
1670 4346 1852 4403 Dictio
1881 4365 1981 4403 au-

400 4440 534 4497 tem,
567 4431 852 4497 Quoniam,
897 4431 1000 4485 hoc
1031 4434 1083 4487 in
1121 4434 1240 4489 loco
1288 4436 1620 4503 conﬁrmat;
1660 4438 1804 4495 idem
1835 4443 1979 4496 enim

403 4526 701 4598 signiﬁcat,
730 4527 877 4597 quod
913 4525 1075 4583 Vere.
1109 4528 1298 4584 Perire
1346 4533 1511 4586 etiam
1546 4534 1635 4588 ltic
1669 4538 1849 4605 posuit
1883 4553 1981 4609 pro
2008 4545 2061 4604 ι)

402 4618 657 4673 decidere
687 4633 718 4671 a
744 4619 946 4676 salute.

482 4704 860 4772 Disperdidisti
912 4722 1089 4761 omnes
1147 4710 1238 4778 qui
1297 4712 1632 4781 fornicamur
1680 4734 1711 4771 a
1764 4729 1831 4772 te.
1881 4716 1987 4774 Per

404 4797 829 4853 fornicationem
854 4816 879 4852 a
913 4799 1019 4854 Deo
1048 4800 1134 4855 hic
1157 4783 1533 4870 rebellionem,
1558 4816 1722 4876 atque
1755 4810 1982 4866 absces-

404 4905 526 4944 sum
563 4890 632 4942 ab
656 4905 721 4946 eo
754 4890 1029 4961 intelligit,
1057 4907 1152 4947 seu
1186 4893 1544 4948 idololatriam
1577 4907 1739 4968 atque
1767 4913 1981 4956 omnem

406 4984 571 5037 alium
605 4984 910 5037 dmmonum
942 4982 1173 5049 cultum,
1194 4986 1648 5054 quemadmodum
1672 4992 1798 5045 alibi
1838 4994 1982 5065 apud

403 5076 700 5131 .leremiam
735 5074 1008 5131 habetur:
1051 5074 1297 5144 Profecto
1332 5096 1406 5146 cs,
1459 5080 1658 5151 inquit,
1684 5084 1737 5136 in
1780 5102 1983 5140 omnem

405 5181 633 5222 montem
674 5170 863 5233 altum,
891 5177 939 5222 et
962 5168 1055 5247 δμὸ
1099 5185 1404 5239 quocunque
1432 5173 1574 5244 ligno
1605 5191 1897 5239 nemoroso,
1934 5188 1983 5231 et

402 5260 669 5329 fornicata
700 5260 947 5314 esillt'c"
979 5278 993 5325 ;
1034 5271 1083 5315 ει
1118 5276 1312 5318 rursus
1344 5281 1356 5316 :
1407 5262 1473 5316 Et
1506 5265 1772 5334 fornicata
1813 5285 1866 5322 cs
1920 5268 1989 5322 Ii-

404 5369 565 5423 gnum
616 5368 665 5410 et
718 5353 1025 5421 lapidem",
1086 5369 1185 5423 pro
1231 5369 1296 5409 co
1350 5356 1495 5425 quod
1541 5368 1674 5412 est:
1726 5360 1982 5415 Adorasti

485 5468 528 5499 ¹⁸
556 5464 761 5525 Jerem.
809 5482 851 5522 ν’
931 5467 984 5520 6.
1076 5468 1119 5501 "
1146 5464 1282 5523 Ibid.
1315 5466 1369 5521 9.

2095 3355 2234 3400 σεως
2266 3337 2326 3390 τὸ
2358 3336 2544 3407 ῥητόν.

2164 3430 2270 3483 Καὶ
2299 3431 2337 3499 ἡ
2366 3431 2540 3498 μερίς
2564 3448 2687 3499 μου
2716 3433 2747 3484 ό
2786 3431 2931 3498 Θεὸς
2955 3433 3040 3499 εις
3070 3429 3180 3484 τὸν
3199 3427 3407 3485 αἰῶνα.
3444 3429 3556 3483 Kal.
3584 3424 3687 3481 αὖ-

2092 3521 2198 3585 θις,
2249 3517 2323 3574 Ὦ
2356 3522 2510 3587 Θεὸς,
2543 3523 2601 3586 ὃς
2638 3518 2688 3576 εἶ
2721 3525 2753 3593 ἡ
2788 3524 2949 3595 μερίς
2997 3540 3135 3595 μου,
3181 3523 3361 3577 είτουν
3397 3523 3427 3576 ὀ
3476 3521 3680 3591 κλῆρος

2092 3614 2189 3668 καὶ
2216 3617 2242 3668 ὁ
2273 3614 2503 3680 πλοῦτός
2537 3633 2641 3685 μου
2674 3617 2932 3670 πάντοτε.

2165 3795 2293 3847 Ὅτι
2345 3793 2476 3848 ἰδοὺ
2536 3796 2589 3847 οἱ
2619 3795 3036 3864 μωρύνοντες
3092 3794 3347 3862 ἑαυτοὺς
3390 3794 3511 3850 ἀπὸ
3558 3792 3683 3849 σοῦ

2090 3884 2484 3941 ἀπολοῦνται.
2539 3885 2900 3957 Μακρύνεταί
2939 3904 3024 3949 τις
3076 3886 3185 3940 ἀπὸ
3224 3885 3365 3940 Θεοῦ
3393 3887 3453 3941 οὐ
3504 3886 3681 3957 τόπῳ,

2090 3979 2227 4034 ἀλλὰ
2286 3980 2473 4049 σχέσει
2507 3979 2594 4033 διὰ
2623 3979 2723 4049 τῆς
2765 3980 3043 4051 ἁμαρτίας
3068 3996 3083 4012 ο
3137 3979 3329 4050 ὥσπερ
3358 3979 3677 4034 τούναντίον

2091 4071 2300 4140 ἐγγίζει
2332 4071 2421 4124 διὰ
2448 4071 2547 4143 τῆς
2575 4071 2801 4143 ἀρετῆς.
2847 4071 2911 4125 Ἢ
2942 4072 3051 4143 γὰρ
3079 4071 3324 4141 ἁμαρτία
3347 4071 3541 4141 φεύγει
3565 4069 3678 4125 ἀπὸ

2089 4162 2248 4230 Θεοῦ,
2279 4164 2355 4227 ὡς
2385 4164 2577 4228 σκότος
2607 4163 2716 4216 ἀπὸ
2743 4164 2925 4231 φωτός
2949 4177 2964 4192 ο
3002 4163 3129 4215 ὅσον
3177 4162 3233 4216 δὲ
3271 4162 3542 4232 μακρύνει
3590 4177 3677 4225 τις

2089 4258 2196 4311 ἀπὸ
2220 4256 2379 4322 Θεοῦ,
2406 4253 2661 4311 τοσοῦτον
2699 4255 2910 4324 ἐγγίζει
2938 4258 3005 4326 τῇ
3034 4254 3300 4327 ἀπωλείᾳ.
3338 4256 3411 4308 Τὸ
3439 4254 3498 4308 δὲ
3522 4254 3679 4318 Ὅτι,

2090 4350 2472 4421 βεϐαιωτικὸν,
2508 4348 2629 4403 ἀντὶ
2673 4346 2769 4401 τοῦ
2828 4349 3037 4413 Ὄντως
3061 4364 3076 4380 ο
3117 4347 3393 4402 ἀπώλειαν
3429 4346 3483 4400 δὲ
3528 4344 3679 4415 λέγει

2089 4441 2184 4511 τὴν
2211 4441 2489 4494 ἔκπτωσιν
2517 4440 2615 4509 τῆς
2652 4437 2950 4509 σωτηρίας.

2168 4711 2659 4779 Ἑξωλόθρευσας
2712 4707 2911 4765 πάντα
2957 4710 3064 4763 τὸν
3121 4710 3496 4778 πορν-θύοντα
3545 4709 3677 4764 ἀπὸ

2088 4806 2226 4861 σοῦ.
2282 4802 2547 4874 Πορνείαν
2602 4801 2710 4855 ἀπὸ
2749 4799 2885 4854 Θεοῦ
2937 4801 3096 4854 καλεῖ
3150 4804 3249 4872 τὴν
3306 4802 3673 4866 ἀποστασίαν,

2093 4897 2187 4950 καὶ
2210 4891 2663 4963 εἰδωλολατρείαν
2696 4893 2792 4946 καὶ
2831 4892 3136 4962 Θεραπείαν
3180 4893 3349 4964 ἄλλην
3406 4893 3504 4947 τοῦ
3554 4893 3677 4947 δαί-

2095 5003 2276 5059 μονος,
2305 4984 2562 5055 καθάπερ
2596 4983 2693 5037 καὶ
2721 4983 2810 5037 διὰ
2848 4983 3116 5054 Ἰερεμίου
3172 4984 3340 5055 φησὶν
3401 4985 3429 5037 ὁ
3486 4986 3618 5049 Θεός
3658 5002 3671 5016 ·

2103 5078 2428 5148 Ἐπορεύθη
2464 5074 2564 5131 ἐπὶ
2590 5074 2715 5132 πᾶν
2752 5076 2888 5143 ὄρος
2918 5077 3182 5145 ὑψηλὸν,
3240 5077 3336 5129 καὶ
3392 5075 3679 5131 ὑποκάτω

2091 5172 2317 5238 παντὸς
2347 5172 2537 5237 ξύλου
2576 5166 2894 5233 ἁλσώδους
2951 5167 3051 5221 καὶ
3109 5168 3484 5237 ὲπόρνευσεν
3525 5170 3677 5225 ἐκεῖ.

2092 5266 2203 5318 Καὶ
2235 5264 2418 5319 πάλιν·
2440 5262 2548 5316 Καὶ
2566 5258 2886 5331 ἐμοίχευσε
2918 5259 2983 5312 τὸ
3006 5258 3198 5325 ξύλον
3222 5261 3317 5314 καὶ
3347 5260 3454 5313 τὸν
3471 5261 3671 5313 λίθον·

2094 5356 2216 5410 ἀντὶ
2288 5355 2667 5425 Ἑλὰτρευσεν.
2731 5353 2843 5405 Καὶ
2890 5353 2924 5421 ἡ
2969 5351 3267 5420 Ἐκκλησία
3314 5351 3422 5422 γὰρ
3480 5351 3674 5425 νύμφη

1734 5620 1930 5682 Varia:
1960 5622 2287 5684 lectiones.

501 5762 635 5835 (ἴθ’)
666 5763 892 5823 Phrasis
941 5781 1163 5833 manca,
1196 5775 1255 5823 ut
1302 5768 1542 5826 videtur.
1577 5767 1790 5837 Legerit
1832 5769 1992 5839 inter]

2097 5785 2128 5833 ι,
2159 5766 2255 5821 καὶ
2296 5765 2355 5819 τὸ
2386 5764 2516 5817 αὐτὸ
2560 5760 2829 5817 πεπόνθεν
2856 5762 2888 5831 ἡ
2926 5760 3060 5831 σάρξ
3087 5780 3215 5834 μου.
