4064 6412
371 367 482 432 ’ῖ49

1519 369 1730 429 COMM
1743 370 1911 431 ENT.
1959 368 2037 429 IN
2074 372 2435 433 PSALMOS.

3537 379 3643 444 750

356 459 501 514 Θεοῦ
556 457 909 529 ὀνομάζεται,
942 455 1269 528 συνημμένη
1321 457 1494 529 τούτῳ
1548 460 1635 513 διὰ
1690 459 1941 523 πίστεως1

2060 460 2292 530 ligmtm,
2316 471 2370 516 et
2395 462 2651 533 lapidem.
2682 463 2923 522 Ecclesia
2958 467 3162 521 ctenim
3202 483 3399 538 sponsa
3435 468 3644 526 Christi

356 553 460 605 καὶ
484 551 583 620 τῆς
612 549 724 603 τῶν
752 549 987 602 ἐντολῶν
1018 548 1182 602 αὐτοῦ
1215 549 1486 619 φυλακῆς.

449 730 598 798 Ego!
626 729 696 782 δὲ
724 729 793 783 τὸ
850 728 1354 797 προσκολλᾶσθαι
1412 729 1495 794 τῷ
1550 727 1672 794 Θεῷ
1727 730 1955 799 ἀγαθόν

355 823 521 878 ἐστι.
553 824 626 877 Τὸ
660 822 1037 878 συνάπτεσθαι
1066 825 1290 893 νύμφης
1328 822 1509 891 δίκην,
1538 827 1634 878 καὶ
1673 825 1954 895 μηδέποτε

351 915 525 968 αὑτοῦ
560 915 922 986 χωρίζεσθαῖ.
1508 980 1511 983 _

434 1008 708 1064 Τιθεσθαι
733 1007 802 1059 ἐν
818 1005 898 1071 τῷ
917 1007 1111 1076 Κυρίῳ
1132 1008 1249 1075 τὴν
1260 1007 1482 1063 ἐλπίδα
1493 1009 1767 1079 μου.⁹Ετι
1780 1009 1837 1063 δὲ
1862 1001 1958 1064 καὶ

347 1097 439 1161 τὺ,
473 1098 743 1152 Τίθεσθαι
765 1099 864 1152 ἐπὶ
895 1100 1119 1166 Κύριον
1141 1100 1257 1166 τὴν
1277 1098 1497 1152 ἐλπίδα
1521 1116 1639 1168 μου
1664 1099 1798 1170 (71),
1821 1100 1958 1154 Ἰδοὺ

363 1192 482 1261 γὰρ
502 1190 727 1252 ἐλπίσας
752 1193 842 1244 ἐπ’
859 1190 1046 1255 αὐτὸν,
1063 1191 1165 1244 οὔκ
1201 1193 1498 1263 ἀπέτδχον.
1517 1194 1610 1245 Διὸ
1639 1195 1733 1246 καὶ
1749 1193 1958 1263 ἀγαθόν

356 1300 456 1352 μοι
512 1281 572 1335 τὸ
614 1282 877 1349 τοιοῦτον,
925 1282 1100 1336 εῑτουν
1157 1284 1432 1354 ὠφέλιμον
1481 1283 1579 1338 καὶ
1611 1285 1901 1356 χρήσιμον.

435 1373 551 1430 Τοῦ
569 1375 916 1445 ἐξαγγεῖλαί
940 1394 1020 1444 με
1075 1375 1279 1443 πάσας
1308 1379 1415 1444 τὰς
1442 1377 1707 1442 αἱνέσεις
1744 1394 1862 1431 σου
1887 1377 1959 1431 ἐν

351 1467 491 1533 ταῖς
546 1469 769 1534 πύλαις
802 1471 914 1536 τῆς
976 1470 1271 1539 θυγατρὸς
1337 1467 1511 1524 Σιών.
1543 1469 1713 1523 Ὥστε
1743 1487 1955 1523 σκεπα-

354 1562 560 1614 σθέντα
594 1577 661 1630 με
718 1560 1088 1631 διηγήσασθαι
1118 1560 1217 1624 τὰς
1240 1561 1480 1623 αἰνέσεις
1525 1577 1644 1625 σου,
1674 1560 1852 1615 εῐτουν
1885 1563 1956 1615 τὰ

353 1652 644 1722 θαυμάσιά
674 1669 792 1717 σου,
820 1655 888 1706 τὰ
920 1653 1294 1719 ἀξιεπαίνετα.
1338 1654 1408 1706 Ἦ
1435 1657 1530 1706 καὶ
1556 1653 1754 1716 ἄλλως.
1789 1653 1954 1706 Ὥστε

348 1743 620 1798 ἐκθέσθαι
647 1747 835 1814 γραφῇ
889 1746 989 1809 τὰς
1019 1744 1382 1815 ὀφειλομένας
1413 1761 1495 1798 σοι
1516 1744 1753 1808 αἰνέσεις
1783 1761 1796 1774 ·
1839 1745 1954 1800 πάι

349 1850 477 1902 σας
506 1836 563 1889 δὲ
595 1831 715 1889 εἷπε
744 1836 884 1889 διότι
913 1837 1174 1891 τοσαῦταί
1220 1838 1532 1901 εἰσιν,“ὅσαι
1577 1837 1676 1890 καὶ
1701 1839 1756 1891 al
1791 1836 1950 1891 δυνά-

353 1943 485 1995 μεις
507 1925 603 1978 τοῦ
634 1925 771 1979 Θεοῦ
810 1941 825 1959 ο
854 1924 1220 1996 ἐξαιγιγεῖλαι
1241 1925 1299 1978 δέ
1327 1924 1531 1987 ταύτας
1574 1923 1646 1976 ἐν
1670 1923 1803 1990 ταῖς
1840 1924 1955 1977 πύ-

2065 552 2291 616 dicitur,
2322 553 2483 623 eique
2513 570 2606 624 per
2633 556 2790 612 [idem
2825 569 2876 614 et
2913 574 3005 613 uer
3038 562 3418 615 mandatorum
3452 564 3644 618 obser-

2065 647 2346 700 vationem
2383 654 2468 700 est
2509 647 2826 716 conjuncta.

2145 735 2309 790 Vens.
2353 735 2445 792 27.
2486 736 2623 792 Mihi
2670 752 2843 795 autem
2884 742 3157 798 adltwrere
3186 742 3297 800 Deo
3324 744 3517 798 bonum
3541 759 3640 799 est.
3680 780 3691 787 υ

2068 829 2123 883 In
2159 844 2376 899 sponsze
2402 831 2667 885 nimirum
2708 849 2914 888 morem
2942 834 3053 891 Deo
3083 835 3369 907 conjungi,
3406 846 3461 891 et
3500 853 3611 892 nun
3640 866 3645 871 ο

2065 935 2231 989 quam
2261 920 2332 975 ab
2364 936 2431 975 eo
2461 924 2735 993 separari.

2139 1011 2345 1070 Ponere
2393 1017 2450 1069 in
2500 1016 2728 1072 Domino
2755 1033 2896 1087 spem
2939 1036 3129 1075 meam.
3170 1022 3456 1092 Nunquam
3492 1023 3642 1079 enim

2064 1116 2330 1178 concepta
2353 1124 2450 1179 spe
2480 1108 2781 1168 frustratus
2813 1127 2958 1177 sum,
2988 1115 3208 1185 quoties
3229 1115 3284 1169 in
3307 1129 3375 1170 eo
3404 1116 3640 1185 speravi.

2063 1198 2274 1255 Bonum
2305 1201 2474 1273 igitur
2499 1210 2663 1275 atque
2696 1205 2829 1262 utile
2868 1215 2973 1271 est,
3009 1207 3089 1259 ita
3120 1207 3319 1263 facere.

2135 1376 2299 1435 Vens.
2331 1380 2424 1436 28.
2461 1380 2533 1436 Ut
2574 1386 2883 1439 annuntiem
2916 1402 3092 1441 omnes
3135 1387 3466 1442 laudationes
3522 1399 3641 1443 tuas

2059 1471 2115 1524 in
2167 1473 2337 1539 porris
2370 1474 2502 1543 ﬁlia:
2535 1473 2693 1532 Sion.
2731 1475 2802 1532 Ut
2848 1486 2941 1532 tua
2996 1494 3227 1535 securus
3272 1483 3639 1551 protecticee.

2060 1577 2279 1617 narrem
2310 1563 2581 1619 mirabilia
2614 1568 2796 1621 omnia
2824 1609 2838 1633 ,
2876 1583 2999 1637 qurc
3040 1569 3217 1627 fecisti
3262 1572 3422 1627 laude
3458 1574 3641 1642 digna.

2057 1653 2153 1708 Vel
2195 1653 2331 1712 alias
2365 1672 2379 1709 :
2412 1656 2480 1713 Ut
2511 1658 2738 1729 scriptis
2785 1661 2922 1715 tucis
2974 1662 3163 1718 laudes
3229 1679 3325 1719 cas
3373 1680 3641 1735 exponas,

2057 1761 2179 1817 qua:
2204 1747 2303 1803 tibi
2336 1749 2625 1807 debentur.
2673 1750 2871 1807 Omnes
2917 1761 3099 1809 autem
3133 1754 3279 1819 ideo,
3320 1756 3479 1819 dixit,
3505 1772 3641 1826 quo-

2030 1842 2204 1895 ‘niam
2261 1842 2354 1896 Del
2394 1841 2583 1899 laudes
2614 1850 2695 1897 tot
2719 1851 2871 1908 sunt,
2902 1852 3036 1914 quot
3069 1844 3189 1915 ejus
3226 1845 3486 1916 potentia:
3527 1863 3540 1911 ;
3581 1856 3642 1899 ut

2055 1937 2363 1991 annuntiem
2422 1945 2602 1989 autem
2657 1950 2752 1991 eas
2790 1937 2846 1990 in
2891 1937 3059 2003 portis
3122 1936 3272 2004 Sion,
3333 1937 3387 1993 id
3435 1949 3519 1993 est
3583 1939 3639 1994 in

346 2021 493 2084 λαις
510 2018 622 2088 τῆς
645 2018 821 2083 Σιὼν,
841 2019 963 2089 ἦτοι
989 2020 1087 2089 τῆς
1122 2016 1507 2088 Ἰερουσαλήμ.
1535 2015 1818 2085 Διώνυμος
1841 2014 1941 2085 γὰρ

2060 2027 2236 2094 portis
2271 2026 2598 2083 Jerusalem.
2641 2024 2853 2097 Duplici
2893 2028 3038 2083 enim
3097 2030 3322 2085 nomine
3368 2032 3639 2100 appellata

346 2112 387 2172 ἡ
413 2111 571 2173 πόλις
595 2111 759 2174 αὕτη,
787 2112 849 2164 οὐ
891 2112 1051 2182 μόνον
1084 2109 1467 2180 Ἰερουσαλὴμ,
1506 2105 1643 2161 ἀλλὰ
1688 2106 1785 2160 καὶ
1816 2106 1955 2160 Σιὼν

351 2203 465 2257 ἀπὸ
486 2203 582 2256 τοῦ
607 2204 1003 2273 γειτνιάςοντος
1025 2203 1185 2275 ὅρους
1209 2201 1753 2273 προσονομαζομένη.
1783 2198 1957 2268 Θυγά-

345 2312 460 2366 τηρ
490 2295 547 2349 δέ
565 2296 703 2350 Σιὼν
719 2296 910 2369 αὕτηή
941 2295 1079 2350 Σιὼν
1105 2296 1343 2364 λέγεται,
1377 2294 1452 2358 ὡς
1480 2295 1605 2357 Υἱὸς
1656 2292 1948 2362 ἀνθρώπου

347 2386 711 2455 ὀεινθρωπος,
739 2388 864 2443 καθ’
897 2388 1189 2460 Ἐϐραῖκδν
1216 2388 1434 2458 ἰδίωμα.
1459 2383 1696 2438 Εἰώθασι
1720 2385 1776 2438 δὲ
1793 2384 1949 2454 παρὰ

346 2483 477 2544 ταῖς
509 2480 709 2543 πύλαις
735 2481 837 2552 τῆς
868 2468 1080 2544 πόλεως
1110 2480 1204 2534 καὶ
1259 2478 1353 2533 τοῦ
1400 2471 1533 2532 ναοῦ
1590 2474 1944 2545 συνεδριάζε-

348 2571 485 2626 σθαι
523 2575 619 2626 καὶ
653 2574 989 2644 διηγεῖσθαι.
1037 2573 1432 2644 Ἀναγωγικῶς
1480 2572 1537 2625 δὲ
1586 2571 1755 2625 πύλαι
1801 2568 1944 2622 Σιὼν

340 2665 406 2717 αἱ
435 2667 582 2719 κατὰ
620 2665 788 2719 τόπον
829 2666 1157 2736 Ἐκκλησίαι
1187 2682 1200 2697 ’
1236 2664 1306 2718 δι’
1348 2663 1531 2719 αὐτῶν
1576 2663 1689 2733 γὰρ
1746 2661 1946 2716 εῐσεισί

342 2775 435 2822 τις
460 2760 543 2822 εἰς
575 2760 675 2830 τὴν
698 2760 811 2813 ἄνω
850 2759 1241 2831 Ἰερουσαλήμ.

2060 2128 2146 2173 cst
2175 2134 2270 2173 ἐει
2329 2117 2524 2172 civitas
2560 2156 2574 2178 ,
2608 2116 2918 2174 Jerusalem
2977 2118 3260 2181 nimirum,
3306 2132 3361 2175 et
3410 2121 3566 2185 Sion,
3608 2138 3640 2177 a

2057 2211 2241 2266 vicino
2292 2221 2500 2268 monte.
2565 2211 2668 2265 Per
2722 2210 2892 2265 tiliam
2933 2222 3114 2267 autem
3158 2213 3312 2279 Sion,
3347 2214 3466 2284 ipsa
3508 2216 3638 2270 Sion

2057 2302 2402 2372 intelligitur,
2424 2302 2882 2372 quemadmodum
2912 2317 3010 2372 per
3040 2303 3238 2358 Filium
3265 2305 3502 2362 hominis
3522 2306 3640 2375 ipse

2056 2392 2245 2457 homo,
2277 2392 2436 2463 juxta
2483 2391 2812 2448 Hebraicum
2866 2392 3088 2456 idiqma.
3146 2393 3407 2450 Solebant
3450 2407 3636 2453 autem

2057 2484 2272 2554 antiqui
2323 2484 2480 2553 juxta
2511 2483 2754 2539 civitatis
2794 2494 2885 2538 aut
2916 2486 3102 2555 templi
3146 2501 3352 2556 portas,
3401 2491 3636 2544 concilia

2053 2593 2117 2632 ac
2148 2587 2326 2635 coetus
2358 2580 2640 2635 hominum
2674 2595 3027 2648 congregare,
3065 2591 3119 2635 et
3156 2582 3264 2635 illis
3293 2599 3637 2655 qtta‘cmrque

2054 2684 2195 2724 nova
2250 2671 2641 2741 contingebant
2702 2685 2952 2725 narrare.
3009 2668 3174 2726 Juxta
3210 2687 3484 2745 anagogen
3538 2690 3635 2745 per

2049 2774 2240 2830 portas
2294 2759 2455 2827 Sion,
2508 2762 2872 2826 particulares
2930 2760 3203 2820 Erelcsias
3259 2765 3633 2836 intelligimus,

340 2867 475 2923 qua:
498 2853 553 2908 in
570 2853 732 2908 rariis
764 2864 894 2908 sunt
923 2854 1073 2909 orbis
1092 2852 1359 2924 partibus.
1374 2851 1479 2907 Per
1506 2867 1600 2909 cas
1616 2852 1817 2908 etenim
1839 2862 1893 2906 ut
1918 2866 2014 2921 per
2045 2863 2231 2923 portas
2250 2854 2516 2925 quasdam
2550 2856 2890 2926 ingredimur
2907 2856 2962 2909 in
2980 2871 3275 2925 supernam
3300 2856 3631 2918 Jerusalem-

793 2948 1115 3015 Συνέσεως
1142 2946 1222 3013 τῷ
1254 2947 1477 3018 Ἀσάφ.

913 3044 1211 3099 summo:
1254 3044 1374 3097 or'.
1814 3112 1823 3117 ,

419 3132 564 3205 Περὶ
587 3132 685 3203 μὲν
709 3131 804 3188 τοῦ
846 3134 1021 3203 Ἀσὰςρ
1061 3133 1303 3204 εἴρηται.
1351 3133 1665 3201 Συνέσεως
1714 3133 1794 3200 δὲ,
1859 3133 1945 3187 ὅτι

340 3225 429 3278 ﬁsi
467 3224 738 3288 συνέσεως
765 3228 880 3288 τοῖς
933 3225 1350 3295 ἐντυγχάνουσι.
1398 3226 1536 3296 Περὶ
1585 3227 1695 3296 γὰρ
1737 3226 1835 3295 τῆς
1878 3225 1944 3278 ἐκ

2433 2946 2811 3018 Intelligentite
2871 2949 2975 3017 ipsi
3043 2950 3246 3018 Asaph.

2543 3037 2871 3094 PSALMUS
2933 3034 3167 3098 LXXIII.

2123 3132 2197 3188 De
2243 3132 2427 3204 Asaph
2473 3132 2601 3187 alibi
2632 3133 2842 3187 dictum
2880 3140 2988 3186 est.
3046 3131 3420 3204 Intelligentia:
3448 3149 3628 3194 autent

2048 3224 2178 3281 ideo
2206 3225 2372 3287 dixit,
2399 3222 2530 3294 quia
2555 3223 2731 3277 multa
2758 3222 2953 3278 lectori
2987 3238 3126 3293 opus
3145 3234 3228 3279 est
3249 3226 3629 3298 intelligentia.

350 3314 655 3383 Ῥωμαίων
681 3314 1001 3377 τελευταίας
1037 3315 1297 3377 ἁλώσεως
1346 3313 1457 3367 τῶν
1519 3312 1938 3385 Ἰεροσολύμων,

2050 3318 2123 3372 Ea
2156 3319 2302 3371 enim
2336 3316 2393 3370 in
2420 3315 2524 3369 hoc
2552 3314 2763 3383 psahno
2784 3322 3112 3379 tractantur,
3144 3332 3264 3385 quae
3286 3318 3353 3372 ad
3378 3320 3627 3377 ultimam

336 3406 629 3470 διέξεισιν.
662 3406 723 3458 Εἰ
758 3405 870 3476 γὰρ
894 3407 990 3459 καὶ
1021 3407 1128 3476 πρὸ
1161 3405 1269 3458 τῶν
1326 3404 1623 3474 Ῥωμαίων
1663 3403 1941 3476 διαφόρως

2047 3411 2361 3466 Iudaeorum
2399 3406 2803 3477 captivitatem,
2842 3414 3006 3476 atque
3040 3408 3106 3461 ad
3139 3408 3287 3469 illam
3324 3410 3628 3469 Jerusalem

340 3498 627 3562 ἑάλωσαν,
653 3498 772 3552 ἀλλ’
807 3498 963 3551 οὐδὲν
988 3499 1203 3551 τοιοῦτο
1239 3497 1379 3561 τέως
1416 3496 1780 3563 πεπόνθασιν,
1829 3492 1944 3551 οἷον

339 3590 627 3661 ἀποὸολὴν
669 3591 920 3661 διηνεκῆ,
959 3591 1290 3662 ἐμπρησμὸν
1318 3589 1418 3644 τοῦ
1446 3591 1600 3652 ναοῦ,
1630 3592 1729 3644 καὶ
1775 3590 1945 3645 κατά-

336 3681 505 3734 λυσιν
533 3681 745 3748 οἰκιῶν,
781 3685 878 3736 καὶ
900 3682 1141 3752 παντελῆ
1176 3682 1467 3754 πόρθησιν.
1500 3681 1615 3737 Καὶ
1662 3682 1723 3735 τὸ
1777 3699 1947 3752 φανε-

340 3773 489 3844 ρῶτε
500 3790 616 3843 ρον,
639 3774 762 3828 οὐδὲ
791 3775 1080 3845 προφήτης
1107 3775 1167 3828 ἐν
1208 3775 1392 3837 αὐτοῖς
1413 3776 1492 3837 εἰς
1511 3774 1571 3826 τὸ
1585 3774 1715 3845 ἑξῆς
1735 3773 1942 3828 ἐπέλει-

332 3867 466 3936 ψεν.
488 3867 874 3935 Ἀπαγγέλλων
890 3868 947 3919 δέ
963 3870 990 3920 ὁ
1006 3866 1221 3939 ψαλμδς
1244 3868 1342 3931 τὰς
1354 3869 1465 3920 τῶν
1502 3867 1774 3924 Ἰουδαίων
1799 3886 1940 3940 συμ-

348 3960 533 4031 ςορὰς
565 3958 987 4029 εὐαγγελίζεται
1012 3959 1107 4012 καὶ
1148 3960 1247 4030 τὴν
1294 3960 1569 4030 ἡμετέραν
1630 3960 1935 4031 σωτηρίαν.

2043 3498 2483 3554 destructionem
2522 3497 2823 3567 pertinent,
2845 3512 2968 3565 qua:
3005 3511 3036 3550 a
3064 3497 3325 3555 Romanis
3357 3499 3500 3556 facta
3521 3514 3628 3560 est.

2042 3593 2181 3649 Nam
2214 3593 2317 3648 etsi
2359 3602 2517 3646 antea
2549 3606 2580 3645 a
2607 3590 2775 3646 variis
2808 3588 3016 3645 fuerint
3042 3606 3416 3662 saepenumero
3446 3601 3628 3668 capti-

2043 3686 2157 3743 vati
2186 3683 2526 3745 nationibus,
2548 3696 2831 3749 nunquam
2856 3688 3213 3737 tamentanta
3251 3684 3354 3750 eis,
3388 3696 3448 3739 ut
3472 3696 3625 3751 tunc,

2048 3774 2253 3831 accidit
2306 3773 2615 3828 calamitas.
2668 3769 2805 3827 Nam
2859 3784 2913 3827 et
2962 3774 3015 3827 in
3057 3783 3377 3843 perpetuum
3429 3776 3628 3847 abjectl

2049 3876 2202 3931 sunt,
2232 3873 2288 3921 et
2318 3863 2606 3919 incensum
2636 3871 2722 3915 est
2752 3862 3037 3931 templum,
3090 3871 3146 3917 et
3183 3864 3480 3919 destructa:
3534 3866 3629 3921 do-

2048 3974 2194 4026 mus,
2261 3966 2315 4012 et
2357 3954 2543 4010 omnia
2605 3952 2978 4022 depopulata,
3045 3954 3304 4023 quodque
3354 3957 3625 4011 malorum

345 4058 602 4112 ninnium
628 4056 776 4112 illius
809 4056 989 4127 gentis
1010 4056 1317 4112 evidentius
1348 4057 1568 4127 signum
1595 4066 1701 4123 est,
1738 4060 1922 4117 nullus
1959 4054 2386 4128 deincepsinter
2412 4064 2508 4105 eos
2549 4047 2821 4118 Propheta
2840 4047 3069 4102 exstitit.
3111 4046 3250 4103 Illud
3282 4058 3461 4104 autem
3500 4053 3626 4106 ani-

344 4146 803 4202 madvertendum
823 4155 928 4212 εει,
956 4147 1101 4217 quod
1129 4150 1257 4201 dum
1280 4147 1368 4204 hic
1389 4149 1634 4219 psalmus
1650 4147 1964 4206 Judaeorum
1990 4147 2281 4205 annuntiat
2308 4142 2670 4202 calamitates,
2690 4138 2931 4192 ﬁdelium
2953 4154 3057 4192 una
3088 4139 3335 4206 prmdicit
3359 4142 3621 4198 salutem.

418 4242 555 4296 Ἵνα
586 4239 660 4303 τί,
712 4241 746 4292 ό
801 4238 969 4304 Θεὸς,
1019 4236 1240 4292 ἀπώσω
1262 4241 1350 4305 εἰς
1396 4240 1607 4307 τέλρςς
1638 4240 1802 4293 Ὥστε
1837 4257 1929 4310 γε·

335 4329 627 4401 νενημένα
661 4329 761 4399 μὲν
795 4327 1055 4397 προλέγει
1085 4329 1154 4382 τὰ
1190 4328 1456 4395 μέλλοντα
1505 4331 1656 4400 νόμῳ
1713 4347 1933 4401 προφη-

335 4422 521 4485 τείας.
584 4417 766 4483 Ἀξιον
820 4419 879 4471 δὲ
954 4418 1234 4488 θαυμάσαι
1298 4418 1398 4488 τὴν
1456 4419 1773 4489 ἀγαθότητα
1834 4419 1931 4473 τοῦ

338 4512 509 4578 Θεοῦ,
535 4512 645 4579 ὅτι,
679 4511 945 4584 προειδὼς
971 4511 1071 4582 τὴν
1105 4511 1380 4564 Ἰουδαίων
1420 4512 1728 4577 ἀπείθειαν,
1782 4511 1931 4582 ὅμως

333 4609 407 4677 τῇ
443 4606 753 4677 προρρήσει
784 4604 894 4657 τῶν
924 4605 1202 4675 ἐσομένων
1230 4604 1529 4675 συμφορῶν
1595 4605 1930 4674 ἀποτρέπειν

335 4698 542 4760 αὐτοὺς
577 4698 836 4767 πειρᾶται
881 4695 983 4767 τῆς
1015 4695 1295 4763 ἀσεϐείας,
1348 4698 1444 4750 καὶ
1483 4697 1580 4767 τῆς
1632 4697 1775 4751 κατὰ
1830 4695 1926 4749 τοῦ

2105 4236 2274 4292 Vens.
2308 4233 2360 4287 I.
2395 4229 2615 4300 thuid,
2654 4228 2819 4294 Deus,
2853 4229 3093 4297 repulisu'
3141 4230 3196 4283 in
3236 4230 3394 4299 ﬁnem
3422 4235 3448 4287 1'
3488 4232 3621 4290 Pro-

2031 4333 2323 4404 phetarum
2358 4338 2533 4387 more,
2570 4330 2779 4385 narrat,
2808 4332 2870 4375 ut
2905 4320 3018 4390 jam
3048 4322 3210 4385 facta,
3256 4339 3379 4391 quae
3430 4323 3617 4381 futura

2031 4432 2212 4478 erant.
2253 4419 2491 4490 Dignum
2527 4427 2612 4468 eSt
2644 4421 2827 4466 autem
2860 4421 2921 4467 ut
2951 4411 3289 4467 admiremur
3311 4414 3611 4471 bonitatem

2035 4518 2151 4580 Dei,
2187 4515 2281 4585 qui
2310 4510 2682 4568 calamitatum
2705 4505 3056 4575 praedictione
3087 4521 3115 4559 a
3146 4516 3291 4561 tanta
3322 4508 3445 4564 illos
3475 4509 3621 4565 nite-

2031 4608 2196 4663 batur
2228 4604 2439 4660 saevitia
2472 4612 2639 4670 atque
2661 4598 2945 4667 impietate
2975 4607 3243 4664 avertere,
3275 4614 3383 4670 qua
3423 4600 3624 4658 adver-

2034 4716 2131 4756 sus
2181 4699 2523 4757 Salvatorem
2584 4702 2734 4755 usuri
2760 4708 2937 4761 erant,
2995 4699 3212 4754 tametsi
3273 4700 3345 4754 ob
3401 4700 3619 4757 arbitrii

333 4791 596 4861 Σωτῆρος
633 4760 990 4860 μιαιφονίας·
1022 4789 1071 4841 εὶ
1108 4789 1205 4842 καὶ
1234 4760 1326 4841 διὰ
1354 4787 1415 4841 τὸ
1446 4760 1798 4853 αὐτεξούσιον
1826 4788 1926 4855 τῆς

2047 4782 2363 4860 .ibertatem,
2393 4806 2554 4860 quam
2580 4760 2947 4845 hominiDeus
2975 4787 3240 4853 dedit,illi
3274 4790 3329 4845 in
3353 4795 3621 4861 pravitate

337 4884 571 4953 γνώμης
625 4881 1019 4952 ἀνεπίστροφοι
1089 4882 1459 4951 μεμενήκασι.
1506 4881 1815 4950 Φθέγγεται
1867 4883 1926 4934 δέ

333 4979 468 5040 τοὺς
537 4975 732 5043 λόγους
785 4977 814 5028 ό
871 4973 1180 5043 προφήτης,
1241 4973 1570 5044 ὑπεραλγῶν
1628 4972 1723 5026 τοῦ
1771 4972 1926 5041 λαοῦ,

330 5068 590 5122 οἴκτιστα
636 5069 730 5119 καὶ
760 5064 1099 5118 ἐλεεινότατα
1154 5064 1506 5129 πεπονθότος.
1541 5065 1611 5118 Ἦ
1643 5066 1738 5118 καὶ
1762 5082 1929 5136 προσ-

332 5158 477 5229 ώπῳ
539 5156 648 5208 τῶν
698 5156 1083 5226 συνετωτέρων
1137 5153 1311 5207 ταῦτα
1381 5154 1570 5225 φησίν.
1640 5155 1755 5209 Οὐκ
1803 5153 1928 5209 εἷπε

330 5251 391 5303 δὲ
430 5248 680 5303 Ἀπὼσω
708 5248 891 5317 μόνον,
919 5247 1055 5302 ἀλλὰ
1089 5247 1185 5302 καὶ
1209 5248 1257 5299 Ε
1263 5248 1316 5312 ες
1342 5245 1518 5314 τέλος
1542 5262 1557 5276 ⁶
1602 5246 1629 5299 ὃ
1653 5249 1754 5317 τὴν
1789 5265 1926 5300 παν-

330 5342 468 5414 τελῆ
499 5341 707 5395 τούτων
746 5340 1134 5410 ἐγκατάλειψιν
1166 5339 1340 5412 δηλοῖ·
1383 5343 1649 5411 πρότερον
1684 5340 1786 5411 μὲν
1815 5342 1924 5410 γὰρ

332 5434 618 5488 ἀπωθεῐτο
647 5434 869 5498 αὐτοὺς,
900 5433 1000 5487 οὐκ
1038 5433 1121 5497 εἰς
1161 5433 1313 5495 τέλος
1369 5432 1450 5494 δὲ,
1498 5432 1636 5486 ἀλλὰ
1678 5433 1768 5487 διὰ
1818 5433 1926 5486 τῶν

334 5528 639 5600 προφητῶν
670 5526 865 5599 χρόνον
892 5526 1057 5597 ῥητὸν
1088 5525 1289 5600 ὥριζεν
1323 5525 1530 5598 ἑκάστῃ
1563 5525 1770 5579 τούτων
1799 5528 1926 5598 αἰχ-

342 5621 620 5693 μαλωσίᾳ.
671 5620 745 5674 To
789 5620 860 5686 δ’,
893 5611 1033 5675 Ἵνιί
1051 5620 1129 5686 τί,
1161 5619 1310 5674 δοκεῖ
1362 5616 1462 5688 μὲν
1508 5617 1803 5672 πευστικδν
1850 5615 1930 5671 εἷο

2038 4899 2138 4939 sua
2172 4872 2548 4938 immutabiles
2573 4882 2934 4951 perstiterint.
2972 4880 3082 4937 Hos
3121 4882 3287 4937 etiam
3337 4899 3622 4940 sermones

2036 4988 2257 5031 summo
2314 4990 2438 5029 cum
2509 4974 2699 5028 dolore
2751 4973 3024 5045 Propheta
3096 4975 3365 5039 enuntiat,
3432 4975 3621 5046 populi

2034 5068 2208 5122 vicem
2233 5068 2479 5137 plorans,
2512 5067 2607 5136 qui
2639 5068 2962 5136 gravissima
2999 5068 3248 5137 quaedam
3293 5081 3357 5120 ac
3390 5067 3620 5122 misera-

2036 5158 2168 5215 bilia
2205 5173 2404 5227 passus
2459 5165 2599 5213 erat.
2628 5157 2936 5214 Possumus
2970 5158 3130 5211 aliter
3161 5155 3464 5226 intelligere
3503 5155 3619 5210 hanc

2020 5254 2210 5318 verba,
2244 5260 2305 5306 ut
2333 5267 2396 5307 ex
2424 5251 2841 5321 prudentiorum
2863 5247 3177 5303 Judamrum
3215 5261 3445 5315 persona
3464 5245 3611 5300 dicta

2026 5345 2138 5402 sint
2185 5365 2200 5400 :
2237 5359 2339 5399 nec
2376 5350 2591 5398 tantum
2645 5341 2925 5412 Repulisti,
2967 5339 3125 5404 dicit,
3159 5337 3252 5392 sed
3320 5334 3386 5389 In
3450 5337 3609 5405 ﬁnem

2026 5436 2295 5507 repulisti,
2330 5435 2477 5505 quod
2506 5432 2877 5488 omnimodam
2914 5443 3144 5501 prorsus
3174 5427 3608 5482 destructionem

2030 5532 2324 5603 signiticat.
2350 5527 2489 5583 Nam
2522 5527 2628 5584 etsi
2675 5525 2832 5596 prius
2869 5538 2966 5578 eos
2999 5536 3143 5592 saape
3162 5518 3464 5591 repuleral,
3497 5535 3631 5576 non‘

2030 5631 2213 5676 tamen
2248 5624 2305 5674 in
2330 5619 2512 5674 linem.
2542 5615 2852 5682 Unicuique
2879 5613 3025 5668 enim
3053 5611 3358 5683 captivitati
3393 5621 3607 5667 certum

1678 5713 1877 5774 Varia:
1913 5712 2242 5778 lectiones.

411 5817 531 5890 (7i)
561 5815 766 5887 Repete
794 5816 1002 5880 ἀγαθόν
1036 5816 1176 5872 ἐστι.
