4064 6420
455 305 556 371 751

1697 308 2084 369 EUTHYMII
2116 305 2480 367 ZlGABENI
2537 364 2546 372 .

3612 297 3725 362 752

449 441 675 497 setnpus
703 441 796 497 per
825 425 1122 498 prophetas
1162 432 1456 482 statuerat.
1485 424 1579 481 Illa
1612 436 1794 482 autem
1825 427 1991 483 verba
2028 444 2039 479 :

2150 442 2237 478 ναι
2294 426 2391 477 καὶ
2432 422 2827 492 αἰτιολογικὸν,
2861 420 3060 474 ἔστιδὲ
3105 419 3259 490 παρὰ
3301 420 3412 483 τοῖς
3450 417 3724 489 Ἑϐραίοις

465 521 532 575 Ut
562 520 736 592 quid?
794 519 1187 589 interrogativa
1233 519 1455 590 quidem
1497 534 1619 574 esse
1669 520 1947 586 videntur,
1986 528 2040 575 et

459 616 730 670 rationem
764 612 1049 683 indagare,
1080 610 1177 667 sed
1220 610 1372 681 iuxta
1409 626 1570 666 usuin
1606 611 1862 667 Ilebraici
1897 612 2038 667 idio-

458 707 631 762 inatis
664 705 907 761 divinam
938 703 1374 761 misericordiam
1406 701 1728 757 conciliant.

536 798 719 852 Iratus
743 807 821 852 est
849 798 1005 867 furor
1040 808 1186 863 tuus,
1224 813 1381 865 super
1431 813 1547 852 ores
1586 813 1800 867 pascua:
1852 808 1977 853 tua.
2003 790 2045 850 Ᾱ

460 891 741 947 communi
791 905 958 945 sensu
1015 905 1214 946 rursus
1265 890 1594 945 sumendum
1643 901 1746 955 est,
1782 889 1848 944 Ut
1871 890 2048 960 quid?

466 988 539 1040 De
573 984 653 1039 ira
691 991 900 1048 autem,
928 990 983 1037 et
1012 980 1198 1037 lurore
1235 981 1357 1049 Dei,
1399 982 1451 1037 in
1492 983 1633 1037 sexti
1664 982 1857 1052 psalmi
1894 983 2045 1051 prin-

463 1079 606 1148 cipio
630 1077 839 1133 dictum
869 1084 972 1132 est.
1014 1075 1123 1133 Per
1153 1089 1284 1131 oves
1307 1075 1498 1139 etiam,
1556 1075 1737 1144 ipsum
1780 1075 2042 1145 populum

464 1167 727 1237 intellige,
770 1174 826 1222 et
878 1181 974 1237 per
1006 1180 1234 1236 pascua,
1267 1179 1424 1221 sacra
1460 1161 1761 1234 Scripturze
1786 1164 2035 1235 eloquia,

462 1259 666 1327 quibus
700 1258 912 1311 animas
936 1271 1066 1312 suas
1103 1256 1181 1311 illi
1220 1270 1410 1311 omnes
1442 1255 1655 1310 nutrire
1711 1255 1910 1321 solent,
1944 1254 2040 1325 qui

462 1348 771 1407 secundum
810 1352 982 1419 legem
1018 1348 1111 1404 Dei
1140 1350 1363 1403 vivunt.

534 1440 697 1497 Vens.
739 1440 795 1496 2.
833 1439 1039 1494 Memor
1085 1448 1196 1493 cslo
1238 1440 1658 1510 congregationis
1709 1450 1834 1505 tute,
1881 1455 2039 1509 quam

452 1534 750 1605 Γροοςδριιὶειὶ
782 1532 853 1586 ab
894 1531 1073 1585 initio.
1097 1530 1297 1599 Quam,
1328 1532 1526 1601 inquit,
1555 1533 2039 1603 congregationem

462 1626 532 1681 ab
556 1625 736 1689 initio,
768 1624 874 1679 hoc
901 1631 1008 1685 est,
1031 1622 1184 1689 olim,
1229 1636 1294 1676 ac
1320 1623 1521 1693 primo,
1547 1633 1607 1680 ut
1632 1624 2040 1695 possessionem

461 1716 753 1788 quamdam
827 1714 1088 1769 habuisti.
1149 1712 1213 1767 Et
1268 1714 1599 1787 subsignare
1650 1718 1871 1773 videtur
1901 1717 2045 1789 quod

461 1808 627 1862 aliam
659 1822 723 1861 ex
748 1805 1002 1876 gentibus
1040 1804 1344 1881 Ecclesiam
1377 1821 1738 1876 possessurus
1773 1809 1865 1863 sit.

533 1897 821 1953 Redemisti
854 1897 1053 1968 virgam
1085 1896 1415 1952 liwreditatis
1440 1908 1564 1953 tute.
1609 1898 1801 1954 Priora
1839 1914 2051 1953 connu-

448 1999 640 2046 tmerat
670 1989 957 2045 beneﬁcia.
993 1987 1096 2043 Per
1119 1990 1327 2060 virgam
1365 1997 1570 2050 autem,
1622 1990 1778 2060 regia
1807 1990 2049 2060 dignitas

463 2082 834 2153 signiﬁcatur,
870 2094 965 2135 seu
1021 2081 1201 2151 ipsum
1259 2095 1513 2149 regnum,
1570 2091 1630 2135 ut
1662 2096 1785 2136 xuv
1833 2081 2049 2151 psalmo
2088 2138 2092 2143 ,

465 2172 680 2227 dictum
708 2180 817 2226 est.
845 2168 1043 2240 Aquila
1074 2185 1173 2240 pro
1202 2171 1351 2240 virga
1381 2168 1729 2235 hereditatis,
1770 2169 2048 2240 Sceptrum

466 2266 608 2320 dixit
641 2264 963 2323 sortiliouis.
1001 2261 1357 2317 llebrteorum
1394 2270 1576 2316 autem
1614 2278 1841 2332 regnum
1884 2263 2045 2317 intel-

441 2358 607 2428 ligit,
632 2357 714 2413 vel
742 2356 904 2412 etiam
962 2361 1225 2428 populum
1288 2357 1494 2425 ipsum,
1536 2356 1638 2411 Sub
1677 2341 1806 2426 rege
1836 2357 2048 2412 consti—

466 2460 669 2515 tutum,
711 2449 802 2518 qui
839 2424 1129 2503 ltmretlitas
1157 2424 1374 2502 Domini
1405 2448 1586 2502 dictus
1627 2424 1946 2518 est,_,quia,
1992 2456 2049 2500 ut

450 2540 543 2615 ait
591 2540 807 2610 Moyses
839 2579 854 2604 ,
902 2538 1046 2608 facta
1083 2549 1159 2593 est
1208 2556 1334 2609 pars
1380 2538 1598 2593 Domitii
1638 2539 1862 2607 populus
1934 2539 2046 2609 ejus

454 2632 659 2697 .Jucob,
698 2630 997 2701 funiculum
1031 2632 1363 2686 liwreditatis
1394 2632 1536 2702 ejus,
1570 2630 1740 2686 Israel
1767 2632 1831 2686 ²⁹.
1871 2630 2050 2687 Rede-

458 2726 568 2779 mit
623 2731 806 2777 autem
859 2737 952 2778 eos
986 2721 1131 2777 Deus
1155 2738 1534 2794 saepenumero
1563 2739 1629 2779 ex
1663 2722 1851 2789 bellis,
1886 2731 2049 2793 atque

467 2817 903 2889 captivitatibus.

537 2912 685 2966 Mons
732 2908 881 2972 Sion,
926 2910 1010 2964 luc
1050 2927 1150 2977 est,
1192 2912 1244 2965 in
1272 2927 1372 2981 quo
1402 2910 1655 2965 Itabitasti
1689 2913 1741 2964 in
1771 2927 1852 2964 eo.
1892 2909 2047 2964 Mons

468 3005 604 3060 Sion
635 3004 726 3059 ille
755 3003 1152 3060 celeberrimus
1186 3003 1274 3058 hic
1306 3013 1412 3069 est,
1447 3005 1503 3058 in
1556 3019 1667 3074 quo
1725 3003 1855 3058 fecit
1905 3003 2045 3058 Dens
2074 3020 2116 3080 ς

452 3097 782 3166 praediolum
836 3095 1171 3153 haereditatis
1221 3111 1333 3152 suae
1381 3097 1589 3168 virgam
1628 3097 1896 3152 habitare.
1924 3094 2044 3160 Vel,

465 3192 527 3246 In
561 3207 671 3261 quo
696 3199 752 3245 tu
781 3189 1062 3245 habitasd.
1098 3188 1301 3260 (Dietio
1332 3190 1476 3246 enim
1514 3189 1702 3246 Graeca
1735 3232 1751 3255 ,
1781 3191 2051 3260 κατεσκή·

466 3301 673 3348 νωσας,
694 3294 982 3353 utramque
1014 3284 1520 3352 interpretationem
1544 3283 1785 3353 recipit.)
1815 3283 1875 3335 Et
1901 3283 2047 3351 quod

467 3378 569 3440 ait,
627 3373 693 3429 In
746 3390 1094 3444 eo,expone,
1150 3382 1209 3429 ut
1233 3375 1475 3429 diximus
1534 3374 1684 3437 alibi,
1712 3382 2049 3444 exponentes

468 3469 620 3524 illum
680 3466 1016 3522 versiculum
1077 3482 1090 3519 ε
1187 3464 1355 3534 Cujus
1407 3464 1778 3519 mulediclioue
1825 3481 1881 3518 as
1936 3466 2049 3533 ejus

465 3561 675 3630 plenum
696 3571 796 3614 est.
832 3558 897 3612 Et
928 3558 1207 3627 praemittit
1231 3558 1499 3626 PrOpheta
1524 3558 1664 3611 inter
1687 3561 1861 3627 prima
1886 3559 2047 3613 verba

468 3650 675 3705 montis
705 3649 1055 3713 memoriam,
1078 3656 1137 3701 ut
1169 3646 1406 3701 dedicati
1442 3646 1550 3701 Deo
1580 3637 1783 3701 montis
1807 3660 2051 3700 commc-

472 3739 778 3797 moratione
803 3739 955 3793 illum
979 3737 1082 3792 sibi
1111 3739 1285 3808 magis
1312 3736 1561 3791 redderet
1591 3736 1937 3792 benevolum.

544 3831 708 3887 VERS.
744 3832 797 3887 '5.
828 3829 968 3885 Leva
1001 3846 1190 3884 manus
1222 3839 1343 3883 tuas
1373 3831 1426 3882 in
1464 3829 1737 3898 superbius
1768 3845 1949 3883 eorum
1995 3829 2049 3882 in

473 3926 656 3996 ﬁnem.
683 3925 946 3980 Destrnas
979 3937 1230 3992 prorsus,
1266 3922 1361 3987 ait,
1389 3922 1737 3976 inimicorum
1763 3921 2050 3985 elationes,

468 4018 563 4088 qui
619 4022 777 4085 capta
825 4010 1133 4068 Jerusalem
1194 4011 1540 4081 procaciores
1568 4009 1745 4065 effecti
1786 4019 1936 4076 sunt,
1988 4025 2053 4065 ac

470 4106 649 4177 magis
674 4104 977 4169 temerarii,
1022 4110 1076 4157 et
1117 4101 1442 4171 insipienter
1480 4100 1748 4155 adversus
1782 4109 1833 4155 te
1859 4098 2049 4153 inﬂati.

470 4199 609 4254 Leua
674 4206 855 4252 autem
910 4210 1103 4249 manus
1158 4204 1319 4257 tuas,
1365 4208 1429 4247 ex
1481 4193 1802 4261 metaphora
1863 4207 2051 4245 eorum

468 4291 678 4345 di.tum
714 4299 815 4351 est,
854 4287 948 4357 qui
982 4301 1178 4340 manus
1219 4288 1275 4340 in
1309 4284 1476 4340 altum
1514 4287 1734 4348 tollunt,
1772 4295 1828 4338 ut
1861 4286 2054 4340 verbe-

469 4383 624 4437 ribus
648 4380 931 4436 initnicnm
955 4379 1234 4449 dejiciant.

546 4473 765 4539 Quanta
808 4472 1136 4541 malignatus
1175 4478 1251 4524 est
1316 4470 1563 4524 inimicus
1612 4471 1668 4523 in
1705 4476 1888 4523 sancto
1941 4476 2052 4521 tuo.

472 4566 578 4621 Per
604 4564 911 4628 inimicum,
936 4563 1524 4633 Titumimperatorem
1552 4561 1844 4632 intelligit;
1881 4568 1933 4615 et
1960 4574 2058 4629 per

474 4663 757 4718 sanctum,
829 4653 1091 4722 templum
1153 4653 1356 4722 ipsum,
1412 4653 1560 4721 quod
1609 4652 1676 4706 ab
1711 4651 1804 4704 illo
1836 4648 2053 4705 tandem

471 4748 814 4803 destructum
858 4754 962 4806 cst,
999 4753 1289 4813 postquam
1320 4745 1491 4797 multa
1519 4742 1625 4796 alia
1668 4742 1904 4797 nefanda
1937 4757 2055 4796 sec-

470 4852 565 4893 era
595 4833 650 4889 in
689 4850 756 4889 eo
794 4843 1089 4904 patrasset.
1130 4832 1347 4899 Quanta
1382 4845 1564 4887 autem
1602 4830 1757 4894 dixit,
1790 4844 1888 4900 pro
1907 4827 2051 4894 Heu,

470 4934 671 4998 quanta
693 4924 713 4978 ,ν

544 5016 707 5072 Vens.
732 5017 786 5071 4.
821 5013 888 5068 Et
921 5011 1312 5085 gloriati'sunt,
1339 5015 1429 5080 qui
1457 5013 1678 5067 oderunt
1707 5023 1757 5068 te
1796 5017 1848 5068 in
1882 5015 2052 5069 medio

468 5107 819 5164 solemnitatis
853 5116 975 5160 tum.
1015 5106 1240 5160 Pascha:
1287 5105 1646 5160 festivitatem
1686 5105 1962 5173 intelligit.
1998 5104 2052 5157 In

470 5202 617 5258 illius
649 5199 792 5254 enim
832 5197 1200 5252 solemnitatis
1234 5195 1434 5259 medio,
1467 5195 1622 5249 Titus
1649 5196 1862 5251 obsedit
1889 5194 2051 5250 Jeru-

469 5294 680 5355 salem,
725 5297 782 5344 et
818 5283 1042 5341 Judzeos
1098 5283 1447 5340 festivitatem
1500 5285 1648 5338 illam
1707 5286 2051 5340 celebrantes

468 5387 715 5456 captivos
778 5379 928 5434 fecit.
990 5377 1289 5432 Considera
1353 5386 1557 5442 autem,
1612 5392 1721 5447 quo
1780 5386 1938 5445 pacto
1998 5377 2048 5429 in

471 5475 759 5551 Paschalis
815 5469 1166 5526 solemnitate
1220 5469 1392 5524 Judaei
1447 5484 1637 5541 poenas
1678 5469 1952 5532 dederint,
1996 5469 2049 5520 in

468 5580 578 5633 qua
615 5562 901 5618 Dominum
936 5560 1319 5630 cruciﬁgentcs
1356 5571 1461 5615 tam
1500 5562 1826 5615 immensum
1869 5562 2049 5614 scelus

471 5660 780 5723 patrarunt.

580 5768 625 5799 ‘°
652 5766 809 5819 Dent.
844 5782 1014 5835 χχιιι,
1047 5769 1104 5834 9,

2147 515 2533 586 δυσωπητικόν
2552 531 2614 568 τε
2653 514 2747 569 καὶ
2776 513 3017 569 οἰκτιόν.

2236 795 2514 864 Ὠργισθῃ
2566 797 2598 848 d
2642 795 2830 863 θυμός
2892 809 3009 849 σου
3057 794 3160 848 ἐπὶ
3225 794 3492 861 πρόϐατα
3536 792 3730 861 νομῆς

2148 901 2285 938 σου.
2338 884 2469 938 Ἀπὸ
2495 883 2675 938 κοινοῦ
2702 885 2939 955 ληπτέον
2971 886 3137 940 πάλιν
3161 886 3246 950 τὸ,
3297 887 3421 940 Ἵνα
3455 887 3531 939 τι.
3593 885 3731 955 Περὶ

2146 977 2203 1030 δὲ
2252 977 2426 1047 ὀργῆς
2479 977 2575 1030 καὶ
2628 975 2802 1047 θυμοῦ
2855 976 3072 1048 εἴρηται
3103 979 3235 1049 ἡμῖν
3282 979 3343 1031 ὲν
3379 979 3522 1049 ἀρχῇ
3549 979 3644 1031 τοῦ
3673 984 3728 1042 ς’

2144 1062 2385 1133 ψαλμοῦ.
2449 1063 2709 1139 Πρόϐατα
2770 1064 2828 1118 δὲ
2880 1067 2909 1118 ὁ
2960 1066 3125 1130 λαός’
3185 1066 3325 1137 νομὴ
3367 1068 3424 1121 δὲ
3479 1068 3600 1122 θεία
3657 1068 3728 1121 τὰ

2147 1154 2272 1224 ἱερὰ
2320 1149 2478 1223 λόγια
2540 1156 2638 1227 τῆς
2691 1155 3050 1210 θεοπνεύστου
3093 1158 3132 1210 Γ
3136 1158 3345 1230 ραφῆς·
3391 1152 3472 1224 οἷς
3495 1160 3545 1212 οἱ
3587 1160 3729 1214 κατὰ

2142 1246 2278 1300 Θεὸν
2309 1246 2513 1311 ζῶντες
2541 1248 2631 1301 ἀεὶ
2653 1249 2951 1320 τρέφονται
3002 1250 3105 1315 τὰς
3145 1250 3347 1321 ψυχάς.

2215 1424 2536 1494 Μνήσθητι
2564 1424 2674 1494 τῆς
2705 1425 3064 1496 συναγωγῆς
3100 1444 3217 1482 σου
3246 1424 3321 1499 ἧς
3363 1429 3603 1498 ἐκτήσω
3629 1430 3735 1487 ἀπ’

2146 1516 2366 1587 ἀρχῆς.
2444 1518 2592 1571 Ἀντὶ
2642 1517 2862 1585 τοῦ,ῆν
2913 1519 3186 1588 ἐκτήσω,
3229 1521 3303 1585 ὡς
3342 1524 3528 1595 κτῆμα
3573 1542 3586 1555 ·
3633 1527 3735 1581 ἀπ’

2148 1607 2344 1678 ἀρχῆς
2373 1610 2431 1663 δὲ
2455 1612 2578 1664 ἀντὶ
2608 1610 2703 1664 τοῦ
2733 1612 2974 1681 Πρῶτον.
3018 1615 3327 1669 Λίνίττεται
3358 1615 3438 1684 δὲ,
3498 1619 3581 1673 ὅτι
3638 1621 3737 1672 καὶ

2080 1680 2119 1734 Β
2150 1700 2317 1772 ἄλλην
2351 1703 2586 1773 ὑστέραν
2617 1705 2884 1776 κτήεεται
2915 1722 2928 1734 ·
2981 1706 3126 1777 φημὶ
3185 1707 3243 1760 δὲ
3294 1708 3394 1779 τὴν
3425 1680 3508 1776 ’ἐξ
3560 1710 3736 1764 ἐθνῶν

2151 1793 2501 1873 Ἐκκλησίαν.

2224 1884 2580 1953 Ἐλυτρὼσω
2600 1887 2832 1956 ῥάϐδον
2859 1892 3267 1961 κληρονομίας
3293 1906 3432 1949 σου.
3481 1895 3736 1950 Καταλέ-

2152 1993 2238 2045 γει
2267 1977 2367 2041 τὰς
2419 1979 2696 2051 προτέρας
2743 1982 3087 2052 εὐεργεσίας.
3127 1983 3291 2055 Δηλοῖ
3333 1986 3392 2039 δὲ
3438 1988 3471 2058 ἠ
3537 1988 3736 2058 ῥάϐδος

2150 2069 2250 2140 τὴν
2284 2069 2563 2140 βασιλείαν
2592 2111 2609 2138 ,
2642 2072 2718 2137 ὡς
2740 2074 2839 2128 καὶ
2872 2076 2931 2129 ἐν
2964 2075 3041 2146 τῷ
3095 2076 3176 2146 μδ¹
3212 2077 3415 2150 ψαλμῷ
3469 2084 3735 2153 προείρη-

2149 2178 2262 2217 ται.
2305 2163 2449 2215 ’Λντὶ
2491 2162 2548 2217 δὲ
2595 2164 2716 2231 τοῦ,
2736 2165 2966 2234 ῥάϐδον
2982 2172 3385 2240 κληρονομίας
3409 2188 3550 2240 σου,
3578 2176 3735 2245 σκῆ-

2150 2265 2341 2320 πτρον
2369 2255 2739 2323 κληρουχίας
2793 2272 2910 2311 σου
2952 2255 3221 2322 ἐξέδωκεν
3253 2264 3283 2316 ὁ
3314 2262 3570 2328 Ἀκύλας.
3633 2267 3736 2318 Λέ-

2152 2362 2241 2412 γει
2297 2346 2354 2399 δὲ
2384 2348 2482 2416 τὴν
2542 2346 2821 2416 βασιλείαν
2844 2349 2953 2405 τῶν
2989 2351 3281 2424 Ἑϐραίων,
3316 2354 3435 2425 ἦτοι
3462 2357 3553 2411 τὸν
3576 2358 3735 2428 βασι-

2151 2437 2444 2509 λευόμενον
2470 2438 2619 2494 λαόν.
2659 2441 3013 2514 κληρονομία
3043 2444 3097 2498 δὲ
3118 2438 3265 2500 οὗτοι
3297 2450 3393 2501 τοῦ
3427 2448 3586 2514 Θεοῦ,
3627 2451 3732 2514 ὅτι,

2152 2531 2289 2603 φησὶ
2314 2533 2581 2602 Μωῦτῆς,
2625 2534 3102 2607 Ἐτενήθητμερὶς
3124 2542 3344 2610 Κυρίου
3372 2544 3480 2597 λαί
3489 2564 3522 2611 ς
3546 2545 3735 2600 αὐτοῦ

2151 2621 2380 2687 Ἰακὼϐ,
2423 2623 2754 2701 σχοινισμα
2797 2627 3203 2696 κληρονομίας
3225 2630 3411 2684 αὑτοῦ
3471 2631 3731 2701 Ἰσραήλ.

2151 2714 2535 2784 Ἐλυτρὼσατο
2563 2715 2619 2770 δὲ
2647 2715 2873 2781 τούτους
2919 2717 3191 2789 διαφόρως
3233 2722 3296 2774 ἐκ
3340 2722 3591 2793 πολέμων
3641 2727 3734 2778 καὶ

2153 2809 2555 2879 αἰχμαλωσίας.

2230 2900 2411 2968 Ὄρος
2433 2899 2587 2955 Σιὼν
2617 2901 2796 2961 τοῦτο
2838 2903 2869 2957 ὃ
2912 2905 3385 2974 κατεσκήνωσας
3433 2908 3504 2961 ἐν
3549 2908 3735 2975 αὐτῷ.

2152 2995 2224 3048 Τὸ
2274 2996 2401 3068 ὅρος
2457 2997 2597 3051 Σιὼν
2626 2998 2687 3051 τὸ
2733 2999 3113 3071 πολυύμνητον
3156 3000 3318 3056 τοῦτό
3380 3003 3549 3068 ἐστιν,
3585 3005 3646 3057 ἐν
3690 2997 3736 3070 ᾧ

2151 3086 2583 3158 κατεσκήνωσας
2615 3089 2716 3159 τὴν
2743 3089 3082 3158 δηλωοείσαν
3117 3090 3314 3160 ῥάϐδον
3335 3092 3434 3161 τῆς
3471 3092 3733 3163 κληρονο-

2151 3179 2287 3250 μίας
2345 3196 2472 3233 σου·
2509 3180 2569 3251 ἢ,
2600 3182 2658 3234 ὲν
2707 3175 2751 3249 ᾧ
2797 3183 3227 3253 κατεσκήνωσας
3293 3184 3378 3239 σύ.
3427 3185 3500 3239 Τὸ
3536 3186 3593 3239 δὲ
3633 3187 3734 3241 Ἐν

2151 3270 2314 3338 αὺτῷ
2345 3274 2624 3343 περιττὸν,
2659 3273 2784 3328 καθ’
2851 3274 3141 3347 Ἐεραῖκὸν
3175 3275 3375 3346 ἰδίωμα
3399 3294 3411 3307 -
3482 3280 3517 3350 ἢ
3555 3277 3642 3331 Ἐν
3679 3272 3727 3347 ᾧ

2152 3366 2324 3438 αὐτῷ,
2384 3367 2461 3431 ὡς
2523 3367 2602 3429 τὸ,
2658 3363 2741 3424 Οὗ
2763 3366 2914 3437 ἀρᾶς
2975 3370 3039 3423 τὸ
3089 3372 3286 3439 στόμα
3327 3371 3516 3425 αὑτοῦ
3550 3371 3734 3441 γέμει,

2154 3458 2526 3530 Προϐαλλεται
2559 3458 2612 3513 δὲ
2632 3458 2758 3528 ὅρος
2807 3460 2887 3524 εἰς
2912 3459 3211 3526 δυσωπίαν,
3252 3461 3325 3525 ὡς
3376 3463 3733 3533 ἀνατεθειμέ-

2151 3569 2240 3606 νον
2276 3550 2413 3618 Θεῷ.

2144 3740 2155 3751 ⁸
2198 3739 2237 3768 μ

2237 3817 2506 3888 Ἕπαρὸν
2546 3820 2650 3884 τὰς
2685 3819 2886 3889 χεῖράς
2910 3836 3028 3874 σου
3058 3819 3157 3875 ἐπὶ
3192 3822 3297 3888 τὰς
3320 3826 3731 3893 ὑπερηφανίας

2155 3909 2352 3966 αὐτῶν
2394 3912 2481 3975 εἰς
2511 3909 2707 3975 τέλος.
2745 3908 3036 3963 Κατάὅαλε
3067 3910 3166 3975 τὰς
3196 3912 3462 3982 ὲπὰρσεις
3515 3915 3622 3967 τῶν
3650 3918 3727 3985 ἐχ-

2156 4003 2303 4075 θρῶν
2358 4002 2560 4057 τέλεον.
2610 4001 2854 4067 Ἑλὸντες
2884 4005 2993 4073 γὰρ
3025 4003 3124 4071 τὴν
3168 4004 3547 4077 Ἰερουσαλὴμ,
3599 4010 3734 4063 ἀλα.

2156 4096 2508 4167 ζονικὼτεροι
2587 4095 2884 4164 γεγόνασι,
2937 4095 3033 4148 καὶ
3082 4096 3326 4168 ἀνοήτως
3387 4100 3735 4172 ὲφυσήοησατ

2158 4189 2300 4243 κατὰ
2329 4189 2443 4242 σοῦ.
2472 4189 2741 4256 ’Ἔπαρον
2771 4187 2827 4240 δὲ
2882 4188 2991 4254 τὰς
3012 4186 3217 4256 χεῖράς
3261 4206 3400 4253 σου,
3443 4187 3615 4256 εἶπεν,
3676 4197 3737 4246 ὲκ

2163 4282 2479 4351 μεταφορᾶς
2506 4281 2615 4334 τῶν
2651 4278 2947 4332 κινούντων
2980 4279 3079 4342 τὰς
3108 4281 3296 4351 χεῖρας
3322 4282 3526 4350 αὐτῶν,
3558 4285 3639 4348 εἰς
3679 4285 3734 4338 τὶ
3780 4289 3785 4293 ’

2088 4367 2130 4420 Ι)
2163 4372 2495 4427 καταϐαλεῖν
2522 4373 2615 4424 τὸν
2641 4371 2855 4442 ὲχϐρὸν.

2228 4465 2384 4517 ’Ὅσα
2411 4465 2866 4530 ἐπονηρεύσατο
2906 4465 2938 4515 ὀ
2961 4463 3178 4531 ἐχθρὸς
3201 4463 3270 4518 ἐν
3307 4463 3386 4531 τῷ
3415 4456 3562 4535 ἁγίῳ
3599 4482 3733 4523 σου.

2173 4559 2400 4630 Ἐχθρὸν
2437 4557 2537 4627 μὲν
2560 4558 2651 4609 τὸν
2690 4556 2848 4609 Τίτον
2901 4554 3073 4625 λέγει,
3129 4557 3286 4626 ἆγιον
3335 4558 3392 4612 δὲ
3447 4560 3540 4613 τὸν
3590 4561 3734 4628 ναὸν,

2161 4651 2238 4715 εἰς
2268 4649 2329 4703 ὃν
2364 4647 2536 4702 πολλὰ
2585 4648 2962 4718 παροινήσας,
3027 4651 3387 4720 ποωτρόπως
3440 4652 3604 4706 αὐτὸν
3653 4654 3732 4720 ἐξ.

2160 4741 2373 4812 ἐτριψε.
2398 4741 2473 4793 Τὸ
2498 4739 2575 4805 δὲ,
2608 4739 2777 4805 Ὅσα,
2811 4740 2932 4792 ἀντὶ
2961 4740 3057 4793 τοῦ
3089 4740 3229 4807 Φεῦ,
3257 4742 3460 4797 adem!

2231 5010 2338 5063 Kal
2386 5009 2884 5079 ἑνεκαυχήσαντο
2917 5014 2972 5065 οἱ
2992 5011 3326 5081 μισοῦντές
3356 5031 3429 5068 σε
3476 5016 3546 5068 ἐν
3566 5016 3735 5085 μέσῳ

2155 5098 2266 5167 τῆς
2291 5099 2503 5171 ἑορτῆς
2524 5116 2664 5156 σου.
2712 5102 2939 5173 Ἐορτὴν
2974 5102 3211 5157 ἐνταῦθα
3263 5104 3360 5176 τὴν
3411 5105 3506 5157 τοῦ
3544 5107 3733 5176 Πάσχα

2155 5193 2325 5262 λέγει.
2354 5193 2444 5246 Ἐν
2477 5194 2621 5266 μέσῃ
2652 5195 2760 5264 γὰρ
2809 5192 2985 5265 ταύτῃ
3022 5196 3122 5266 τὴν
3171 5196 3532 5267 Ἰερουσαλὴμ
3587 5200 3616 5251 δ
3646 5199 3734 5252 Τί·

2153 5302 2245 5348 τος
2298 5286 2712 5355 ἐπολιόρκησεν,
2773 5285 3136 5357 ἑορτάζοντας
3194 5288 3393 5353 αὐτοὺς
3440 5288 3596 5343 ἑλών.
3630 5291 3733 5344 Καὶ

2151 5378 2254 5449 ὅρα
2275 5377 2423 5439 ὅπως
2449 5378 2506 5429 ἐν
2527 5380 2593 5449 τῇ
2626 5379 2786 5447 ἑορτῇ
2830 5379 2923 5431 τοῦ
2949 5380 3142 5449 Πάσχα
3170 5380 3261 5433 τὸν
3298 5382 3526 5452 Σωτῆρα
3575 5397 3732 5435 σταυ-

2154 5469 2428 5541 ρώσαντες
2462 5471 2520 5522 ἐν
2550 5470 2691 5541 αὐτῇ
2725 5471 2819 5523 καὶ
2853 5471 3004 5523 αὐτοὶ
3029 5471 3594 5545 δίκαςάπῃτήθησαν.
