4064 6414
355 415 458 476 753

1493 432 1877 496 COMMENT.
1929 437 2008 495 IN
2055 440 2187 498 PSA
2198 443 2420 503 LMOS.

3509 459 3616 522 755

428 526 675 578 Ἕθεντο
734 527 806 579 τὰ
864 531 1084 597 σημεῖα
1135 533 1336 587 αὐτῶν
1393 539 1635 606 σημεῖα,
1681 543 1779 593 ’καὶ
1827 547 1931 597 οὐκ

702 620 718 634 ο
857 623 870 634 ι
961 608 994 634 δι
1085 625 1148 634 ...-
1194 625 1217 634 Α
1359 630 1370 634 _
1516 631 1525 634 -
1674 633 1680 634 κ

2113 548 2277 605 Vens.
2309 553 2361 605 5.
2401 552 2701 608 Posuernnt
2744 545 2898 628 signa
2929 577 3046 626 sua,
3085 565 3254 634 signa,
3293 575 3342 618 et
3390 585 3489 620 non
3525 587 3616 622 co-

351 617 628 686 εγνωσαν
683 620 765 684 ὠς
819 623 907 687 είς
936 608 1050 689 ἰὴν
1076 625 1294 687 ἔξοδον
1340 630 1638 697 ὑπεράνω.
1670 633 1940 688 Ἕκαστον

348 711 541 780 τάγμα
577 713 878 782 πολεμικὸν
928 717 1140 788 σημείῳ
1163 719 1428 790 κέχρηται
1463 723 1555 776 ἐπὶ
1590 725 1780 778 κοντοῦ
1801 744 1936 796 προ-

350 804 748 872 πορευομένου,
806 807 945 876 πρὸς
996 809 1056 859 τὸ
1095 810 1574 880 διαγινώσκεσθαι,
1618 817 1748 869 ποία
1777 835 1858 879 τις
1899 823 1933 889 ἡ

347 894 569 962 φάλαγξ
599 913 612 928 ⁸
639 896 779 966 ὅπερ
799 900 965 968 ἡμεῖς
998 899 1242 969 σημαίαν
1284 903 1578 972 καλοῦμεν.
1633 906 1817 960 Ταῦτα
1846 909 1939 962 οὖν

346 985 496 1040 αὐτὰ
525 988 590 1040 τὰ
631 991 838 1057 σημεῖα
869 991 927 1042 αἱ
961 991 1272 1062 Ῥωμαϊκαὶ
1328 995 1611 1064 φάλαγγες
1666 997 1939 1054 εἰσιοῦσαι

344 1078 597 1147 ἔστησαν
623 1079 700 1143 ὡς
735 1081 817 1144 είς
843 1082 943 1150 τὴν
988 1083 1187 1149 ἔξοδον,
1243 1087 1422 1139 εἷτουν
1470 1091 1550 1150 εἰς
1603 1092 1702 1156 τὰς
1763 1093 1940 1158 πύλας

341 1169 464 1223 τῶν
487 1171 714 1236 πόλεων,
762 1174 950 1228 ἐπάνω
976 1176 1174 1230 αὐτῶν.
1202 1179 1516 1249 Περιττεύει
1549 1182 1678 1253 γὰρ,
1725 1185 1783 1236 τὸ
1819 1184 1934 1250 Ὧς.

345 1263 632 1334 Ἕστησαν
660 1266 717 1320 δὲ
747 1267 814 1320 τὰ
842 1269 1064 1323 τοιαῦτα
1087 1271 1265 1324 αὐτῶν
1290 1275 1518 1343 σημεῖα,
1545 1279 1750 1346 σημεῖα
1780 1277 1938 1346 νίκης

338 1354 472 1406 ἀντὶ
520 1357 795 1424 τροπαίων
825 1374 840 1386 ·
901 1361 996 1412 καὶ
1057 1361 1212 1414 οὔπω
1256 1362 1501 1428 ἔγνωσαν
1527 1366 1577 1417 oi
1629 1365 1800 1430 ἔνδον,
1845 1367 1926 1419 ἔτι

342 1446 482 1515 περὶ
512 1447 614 1518 τὴν
638 1447 838 1519 ἑορτὴν
871 1451 1286 1521 ἀσχολούμενοι.
1350 1456 1421 1508 ’Ἡ
1466 1456 1560 1509 καὶ
1598 1458 1718 1511 Οὐκ
1746 1457 1932 1525 ἔγνω-

341 1553 474 1592 σαν
497 1540 652 1593 αὐτοὶ
707 1543 756 1594 oi
818 1542 1004 1614 ἐχθροὶ
1031 1545 1148 1609 πῶς
1179 1539 1324 1598 εἷλον
1354 1549 1458 1618 τὴν
1503 1549 1690 1602 πόλιν
1721 1552 1803 1603 ὅτι
1833 1551 1934 1604 οὐκ

341 1629 406 1693 ἐξ
435 1629 726 1696 ἀσθενείας
755 1633 849 1687 τοῦ
876 1635 1012 1688 Θεοῦ
1045 1637 1154 1689 τῶν
1196 1639 1489 1704 Ἰουδαίων,
1538 1641 1674 1694 ἀλλὰ
1707 1641 1793 1694 διὰ
1834 1643 1934 1712 τὴν

339 1721 490 1774 κατὰ
528 1722 621 1776 τοῦ
641 1725 882 1793 Χριστοῦ
916 1728 1234 1795 μιαιφονίαν
1267 1729 1468 1784 αὐτῶν.

2045 653 2352 708 gnat-erunt,
2410 647 2570 712 quasi
2628 649 2682 700 in
2741 653 2882 704 exitu
2930 654 3169 723 desuper.
3223 655 3618 730 Unusquisque

2044 731 2180 785 ordo
2212 734 2467 790 militaris
2507 735 2667 806 signo
2703 755 2804 793 suo
2837 744 3008 797 utitur
3039 785 3052 807 ,
3091 747 3235 814 quod
3273 750 3452 803 hastili
3492 751 3616 804 inli-

2047 836 2174 873 xum
2207 833 2334 877 ante
2366 824 2538 879 aciem
2571 829 2940 896 praemittitur,
2961 843 3020 887 ut
3047 837 3244 890 cohors
3280 838 3622 893 internasm-

2045 920 2134 964 tur
2161 925 2190 964 a
2220 913 2447 969 cohorte
2482 933 2494 970 :
2535 918 2586 970 id
2619 921 2879 974 vexillum
2917 926 3274 992 appellamus.
3298 928 3422 984 l1u~c
3455 931 3622 999 igitur

2044 1004 2265 1068 vexilla,
2285 1005 2658 1063 Romanorum
2685 1012 2830 1067 acies
2848 1015 3215 1082 ingredientes
3232 1021 3286 1072 in
3311 1021 3617 1077 Jerusalem

2049 1093 2288 1149 ﬁxerunt
2322 1097 2374 1150 in
2404 1100 2578 1163 exitu,
2610 1101 2712 1156 hoc
2745 1112 2848 1164 est,
2877 1105 2928 1157 in
2955 1107 3127 1175 portis
3152 1107 3388 1165 civitatis
3419 1127 3434 1160 :
3461 1113 3624 1178 quin-

2045 1182 2157 1238 imo
2177 1195 2232 1239 et
2255 1186 2492 1255 desuper
2516 1189 2665 1258 ipsas
2697 1203 2903 1260 portas.
2943 1196 3199 1251 Abundat
3225 1210 3404 1253 autem
3430 1202 3622 1263 dictio,

2046 1274 2235 1339 Quasi.
2260 1277 2562 1336 Erexerunt
2593 1293 2772 1338 autem
2808 1287 2923 1341 haec
2959 1290 3113 1358 signa
3142 1305 3239 1344 sua
3267 1309 3281 1356 ;
3321 1293 3497 1360 signa,
3518 1293 3623 1346 hoc

2041 1377 2150 1434 est,
2195 1369 2248 1422 in
2295 1370 2510 1441 signum
2564 1375 2828 1441 victoria},
2873 1395 2937 1433 ac
2991 1397 3090 1448 pro
3139 1383 3362 1453 tropaais
3399 1401 3412 1437 :
3456 1385 3622 1453 idque

2044 1461 2287 1515 nondum
2337 1464 2407 1518 ab
2452 1464 2522 1520 iis
2573 1469 2854 1540 cognitum
2904 1471 3102 1538 fuerat,
3148 1476 3241 1544 qui
3297 1477 3631 1530 erantintra-

2045 1552 2348 1617 civitatem,
2399 1571 2466 1610 eo
2511 1560 2656 1628 quod
2705 1561 2848 1616 circa
2903 1567 3308 1621 solemnitatem
3340 1570 3622 1638 occupati,

2045 1643 2213 1699 nullis
2264 1645 2389 1701 aliis
2433 1649 2598 1704 rebus
2636 1651 2881 1706 animum
2924 1653 3304 1711 intendebant.
3338 1655 3461 1722 Vel,
3500 1655 3638 1710 Non-

2041 1747 2420 1803 eognoverunt,
2456 1737 2560 1807 ipsi
2597 1741 2808 1795 scilicet
2839 1742 3069 1802 inimici.
3105 1760 3213 1812 quo
3257 1754 3419 1814 pacto
3454 1761 3622 1817 cepero

340 1808 459 1870 ritit
507 1818 809 1874 civitatem.
873 1821 928 1876 Id
980 1823 1184 1892 quippe
1226 1839 1288 1878 ea
1320 1828 1531 1881 ratione
1566 1843 1674 1882 non
1705 1829 1929 1892 accidit,
1974 1830 2120 1898 quod
2151 1827 2466 1885 Judazorum
2495 1833 2640 1888 Deus
2673 1836 2946 1906 impotens
2965 1847 3134 1901 esset,
3189 1849 3284 1893 aut
3347 1840 3618 1906 inﬁrmus,

338 1914 437 1966 sed
471 1915 542 1967 ob
576 1914 782 1970 Christi
809 1915 1012 1970 caedem
1047 1917 1172 1973 illos
1207 1919 1348 1975 Deus
1389 1934 1578 1987 pwnas
1611 1923 1763 1976 luere
1803 1924 2074 1993 permisit.

429 2007 527 2073 Ὠς
563 2007 632 2059 ἐν
665 2007 867 2076 δρυμῷ
917 2009 1120 2073 ξύλων
1159 2012 1417 2079 ἀξίναις,
1475 2015 1784 2084 ἐξέκοψαν
1826 2017 1931 2082 τὰς

2111 2015 2275 2071 Vens.
2321 2018 2372 2071 6.
2411 2019 2579 2084 Quasi
2607 2021 2658 2072 in
2693 2021 2826 2075 silva
2858 2022 3118 2093 lignorum
3154 2025 3425 2080 securibus
3473 2029 3618 2080 exci-

337 2099 530 2166 Οὐρας
551 2098 742 2165 αὐτῆς
767 2100 865 2154 ἐπὶ
895 2101 963 2154 τὸ
990 2103 1158 2156 αὑτό.
1180 2104 1396 2175 Δρυμός
1427 2107 1576 2158 ἐστιν
1616 2108 1649 2174 ἡ
1690 2109 1748 2160 ὲν
1779 2108 1930 2177 ὄρεσι

337 2190 644 2259 ξυλοφόρος
697 2190 821 2260 ὕλη.
857 2192 1028 2263 Δίκην
1072 2194 1284 2265 δρυμοῦ
1334 2195 1528 2263 ξύλων,
1582 2199 1738 2267 φησὶ,
1772 2200 1932 2251 κατε-

337 2281 521 2350 κοψαν
552 2283 632 2343 εἰς
657 2281 716 2334 to
743 2283 1008 2346 παντελὲς
1036 2286 1134 2348 τὰς
1167 2285 1343 2350 πύλας
1373 2288 1566 2357 αὐτῆς.
1598 2289 1674 2342 Τὸ
1691 2289 1750 2342 δὲ
1800 2288 1932 2342 Ἐπί

334 2375 409 2428 τὸ
448 2375 619 2436 αὐτὸ,
667 2374 836 2444 Ὁμοῦ
865 2376 1072 2438 πάσας.

409 2466 512 2519 Ἔν
533 2467 772 2520 πελέκει
789 2467 889 2522 καὶ
919 2468 1291 2538 ,ιαξευτηρίω
1313 2471 1688 2540 κατέρῤαξαν
1717 2475 1928 2540 αὑτήν.

344 2555 440 2606 Ἐν
497 2555 715 2610 πελέκει
771 2557 871 2627 μὲν
908 2558 979 2611 τὰ
1037 2542 1208 2630 στέγῆ
1243 2562 1335 2614 καὶ
1365 2562 1466 2625 τὰς
1499 2562 1668 2632 Θύρας
1715 2565 1824 2617 τῶν
1854 2567 1931 2617 oi-

332 2645 478 2700 κιῶν
509 2647 606 2716 τῆς
643 2648 874 2712 πόλεως,
901 2651 997 2702 καὶ
1030 2651 1129 2703 ὅσα
1187 2653 1246 2705 ὲν
1295 2653 1476 2717 ξύλοις
1499 2670 1514 2685 ·
1559 2657 1617 2706 ὲν
1669 2656 1933 2726 λαξευτη·

335 2739 448 2808 ρῑῳ
476 2737 534 2790 δὲ
584 2741 736 2802 tto-3;:
772 2740 992 2810 τοίχους
1024 2743 1120 2795 καὶ
1143 2744 1213 2797 τὰ
1247 2746 1430 2816 τείχη,
1456 2747 1552 2800 καὶ
1599 2747 1700 2801 ὅσα
1755 2750 1814 2800 ἐν
1855 2750 1935 2801 λί-

331 2832 456 2894 θοις
490 2846 506 2860 ο
537 2832 598 2883 τὸ
622 2831 982 2903 λαξευτὴριον
1015 2835 1125 2903 γὰρ
1175 2836 1524 2906 λιθουργικὸν
1570 2840 1720 2892 ἐστιν
1755 2841 1930 2911 ὄργα·

330 2937 464 2984 νον,
488 2920 585 2973 καὶ
623 2923 701 2984 εἰς
730 2921 792 2974 es
819 2924 1042 2993 τέμνειν
1073 2924 1256 2989 λίθους
1277 2929 1372 2982 καὶ
1393 2929 1611 2999 τοίχους
1639 2931 1732 2982 καὶ
1751 2932 1928 3002 τείχη,

329 3013 434 3066 καὶ
486 3014 566 3075 είς
634 3014 924 3085 καθαιρεῖν
983 3017 1294 3087 ἐπιτήδειον
1337 3036 1350 3050 °
1399 3020 1786 3091 Κατέρῤαξαν
1847 3024 1928 3088 δὲ,

329 3106 465 3158 ἀντὶ
499 3104 590 3158 τοῦ
628 3108 966 3164 Κατὲὀαλον.

420 3197 827 3266 Ἑνεπύρισαν
881 3200 952 3252 ἐν
1007 3201 1150 3267 πυρὶ
1214 3202 1278 3255 τὸ
1339 3203 1734 3272 ἁγιαστήριόν
1785 3221 1925 3260 σου.

341 3289 738 3359 Ἀγιαστήριον
769 3289 864 3342 τοῦ
918 3291 1051 3344 Θεοῦ
1083 3292 1176 3345 τὸν
1208 3294 1332 3345 ναὸν
1373 3294 1680 3363 ὠνόμασεν,
1743 3295 1818 3358 ὡς
1871 3297 1930 3348 ὲν

327 3379 416 3450 τῷ
449 3381 777 3449 προλαϐόντι
810 3381 1010 3454 ψαλμῷ
1038 3385 1278 3452 εἴρηται.

409 3476 515 3538 Εἰς
561 3473 675 3540 τὴν
728 3473 844 3544 γῆν
896 3476 1285 3544 ἐϐεϐήλωσαν
1353 3477 1418 3530 τὸ
1484 3479 1773 3548 σκήνωμα
1821 3480 1926 3533 τοῦ

326 3565 633 3632 ὀνιῇιατός
688 3582 824 3619 σου.
875 3567 1315 3635 Ἑόεόήλωσαν,
1351 3568 1469 3639 ἦτοι
1528 3568 1772 3637 βεϐἡλως
1835 3571 1930 3623 καὶ

329 3655 574 3719 ἀνοσίως
594 3657 936 3728 κατέρριψαν
959 3661 1038 3721 είς
1057 3661 1155 3728 τὴν
1175 3662 1280 3730 γῆν
1302 3661 1393 3714 τὸν
1423 3662 1571 3714 ναόν·
1593 3663 1842 3732 ἁκριὸὦς
1869 3665 1928 3718 δὲ

329 3743 496 3801 εἶπεν
513 3749 676 3802 αὐτὸν
697 3749 992 3819 σκήνωμα
1018 3751 1124 3805 τοῦ
1149 3754 1445 3820 ὀνόματος
1463 3755 1558 3808 τοῦ
1582 3755 1745 3808 Θεοῦο
1767 3757 1927 3825 ἡγὰρ

328 3839 500 3893 οὐσία
515 3840 606 3894 τοῦ
619 3841 1197 3914 Θεοῦζάπερίγραπτος.
1220 3845 1375 3908 Τινὲς
1389 3847 1446 3898 δὲ
1469 3862 1538 3898 πε
1547 3847 1924 3918 ριφραστικῶς

331 3935 418 3999 τὸ,
451 3934 563 3987 Τοῦ
597 3935 891 4004 ὀνόματός
920 3952 1063 4002 σου,
1095 3939 1442 4007 νενοήκασιν,
1473 3941 1596 3992 ἀντὶ
1628 3939 1744 3997 τοῦ,
1777 3939 1918 3992 Σοῦ.

2036 2109 2224 2163 derunt
2243 2111 2445 2180 januas
2473 2113 2588 2182 ejus
2621 2116 2676 2167 in
2708 2115 2957 2183 idipsum.
2993 2117 3190 2180 lnSIar,
3241 2120 3438 2188 inquit,
3470 2121 3621 2175 silvm

2040 2201 2336 2269 lignorum,
2406 2203 2554 2258 illius
2608 2205 2809 2273 januas
2874 2224 3106 2278 prorsus
3156 2211 3508 2274 excidebant,
3554 2211 3619 2266 1.3

2037 2289 2293 2358 idipsum,
2321 2292 2374 2363 id
2403 2303 2511 2359 est,
2547 2311 2654 2347 una
2687 2312 2888 2352 onmes.

2113 2463 2175 2516 In
2213 2481 2386 2520 securt
2419 2477 2471 2520 et
2501 2477 2641 2522 vecte
2672 2472 3039 2542 confregerunt
3077 2492 3213 2530 eam.
3271 2473 3466 2535 Securi
3499 2483 3622 2552 qui-

2037 2555 2185 2621 dem,
2239 2563 2410 2622 tecta,
2461 2573 2526 2614 ac
2557 2560 2846 2616 domorum
2882 2606 2898 2629 ,
2935 2573 2988 2619 et
3022 2568 3263 2625 civitatis
3294 2571 3517 2641 januas,
3563 2584 3621 2630 et

2041 2663 2385 2717 quaecunque
2442 2650 2546 2703 alia
2609 2651 2784 2722 lignea
2833 2655 3249 2724 subvertebant,
3296 2673 3446 2718 vecte
3492 2681 3626 2720 vero

2041 2754 2252 2803 murus,
2304 2739 2506 2794 muenia
2565 2752 2619 2795 et
2666 2741 2879 2813 lapidea
2919 2747 3198 2814 qua-libet.
3242 2748 3430 2807 Veclis
3469 2755 3614 2807 enim

2037 2831 2179 2899 (seu,
2226 2838 2287 2886 ut
2330 2832 2383 2886 in
2424 2831 2612 2887 Graeca
2668 2834 2909 2891 lectione
2948 2837 3202 2905 habetur,
3242 2841 3620 2914 λαξευτήριον)

2033 2923 2308 2988 quoddam
2372 2926 2727 2981 instrumenti
2775 2943 2947 2997 genus
2978 2939 3062 2984 est
3107 2934 3252 3001 quod
3287 2944 3340 2987 et
3375 2936 3440 2989 ad
3478 2937 3622 2992 inci-

2032 3013 2241 3070 dendos
2266 3015 2476 3084 lapides
2510 3017 2764 3073 idoneum
2789 3028 2892 3085 est,
2921 3029 2975 3075 et
3001 3023 3065 3077 ad
3093 3027 3292 3080 moenia
3318 3027 3619 3094 diruenda;

2032 3104 2403 3176 confregerunt
2431 3119 2637 3174 autem,
2678 3108 2781 3164 hoc
2809 3120 2918 3175 est,
2958 3112 3303 3182 deiecerunt.

2108 3194 2276 3250 Vens.
2330 3198 2381 3250 '7.
2426 3194 2783 3251 lncenderunt
2814 3200 2869 3251 in
2892 3202 3010 3269 igne
3047 3207 3415 3259 sanetuarium
3449 3216 3618 3261 tuum.

2039 3289 2138 3343 Per
2170 3290 2550 3372 sanctuarium
2577 3293 2836 3360 templum
2855 3293 3130 3364 intelligit,
3155 3299 3618 3366 quemadmodum

1954 3364 1998 3424 (ἶ
2037 3387 2090 3439 in
2124 3366 2470 3455 prteccdenti
2493 3386 2706 3454 psalmo
2736 3387 2998 3440 diximus.

2111 3477 2176 3532 In
2232 3487 2429 3530 terram
2473 3477 2888 3544 profanat-erunt
2938 3480 3340 3536 tabernaculum
3389 3486 3617 3539 nominis

2034 3572 2134 3624 tui.
2164 3570 2680 3640 —Profanarerunt,
2703 3571 2805 3626 hoc
2839 3581 2946 3636 est,
2980 3573 3223 3640 profane
3252 3585 3422 3645 atque
3452 3579 3618 3646 impie

2033 3663 2168 3717 illud
2225 3663 2342 3716 solo
2392 3669 2704 3728 aequarunt.
2762 3659 3050 3730 Exquisito
3109 3675 3290 3720 autem
3354 3659 3618 3736 loquendi

2038 3753 2200 3809 modo
2255 3752 2406 3816 dicit,
2467 3751 2892 3806 Tabernacnlum
2945 3755 3174 3809 nominis
3234 3744 3348 3810 Dei.
3400 3755 3620 3810 Nullum

2034 3846 2178 3901 enim
2217 3845 2417 3899 divinae
2448 3845 2772 3898 substantia:
2804 3846 3222 3901 tabernaculum
3259 3863 3383 3901 esse
3419 3857 3622 3917 potest,

2037 3952 2159 3990 cum
2219 3943 2420 3990 natura
2455 3935 2542 3988 illa
2579 3936 2762 3990 divina
2796 3937 3060 3992 immensa
3099 3939 3172 3993 sit
3207 3947 3263 3992 et
3322 3938 3624 3993 incircum-

330 4027 543 4095 s«'ripta
591 4027 758 4096 (unde
784 4029 1058 4097 eleganter
1088 4030 1512 4084 Tabernarulum
1546 4033 1772 4085 nominis
1825 4029 1917 4084 Dei
1972 4029 2130 4098 dixit)
2165 4047 2178 4082 :
2223 4027 2404 4097 Aliqui
2471 4042 2602 4082 vero
2643 4027 2970 4096 Propltetam
3009 4028 3201 4084 dicunt
3239 4031 3619 4084 circumlocu-

331 4122 492 4174 tione
524 4119 626 4182 uti,
662 4127 716 4174 ct
768 4121 1199 4178 Tabernarulum
1248 4127 1479 4182 nominis
1517 4127 1611 4181 Dei
1639 4169 1653 4194 ,
1689 4141 1788 4195 pro
1821 4123 2201 4180 Tabernaculo
2231 4121 2322 4177 Dei
2356 4121 2580 4176 (“$1856-

411 4207 602 4266 Εἶπον
639 4212 710 4265 ἐν
734 4213 809 4280 τῇ
849 4215 1062 4283 καρδίᾳ
1085 4217 1286 4271 αὐτῶν
1317 4221 1374 4272 al
1414 4218 1760 4288 συγγένειαι
1817 4220 1920 4271 αὒ-

333 4302 459 4358 τῶν
487 4304 580 4356 ἐπὶ
616 4305 680 4358 τὸ
710 4306 878 4359 αὐτό.
904 4302 1071 4361 Εἶπον
1089 4309 1226 4378 πρὸς
1253 4310 1488 4379 ἀλλήλας
1514 4309 1649 4379 ὁμοῦ
1673 4311 1843 4362 πᾶσαι
1869 4309 1927 4363 αί

334 4395 653 4464 συγγένειαι
693 4396 804 4450 τῶν
831 4397 1060 4468 ἐχθρῶν.
1087 4400 1182 4465 Τὸ,
1214 4400 1321 4454 Ἐν
1369 4399 1444 4467 τῇ
1468 4399 1681 4468 καρδίᾳ
1702 4400 1922 4464 αὐτῶν,

333 4490 462 4542 ἀντὶ
486 4488 600 4553 τοῦ,
640 4490 776 4542 Ἀπὸ
801 4491 1057 4560 καρδίας,
1087 4493 1183 4564 ὅλῃ
1217 4493 1419 4563 καρδίᾳ
1455 4493 1552 4546 καὶ
1584 4494 1731 4563 πάσῃ
1788 4509 1925 4563 προ-

335 4580 514 4650 Θυμίᾳ
549 4597 565 4611 ο
591 4581 652 4634 τὸ
670 4581 778 4652 γὰρ
805 4583 1014 4647 Δεῦτε,
1049 4582 1336 4653 ἐμποδίζει
1395 4585 1636 4638 νοεῖσθαι
1677 4583 1800 4638 ἀντὶ
1832 4581 1929 4636 τοῦ

337 4671 697 4740 Διενοήσαντο
755 4674 814 4724 ὲν
849 4673 1075 4735 ἑαυταῖς
1111 4689 1126 4704 ο
1163 4675 1212 4726 εἰ
1262 4676 1334 4744 μή
1370 4692 1454 4738 τις
1497 4675 1659 4728 τοῦτο
1702 4676 1762 4728 ού
1796 4692 1931 4745 συμ-

2106 4215 2270 4270 Vens.
2311 4212 2363 4266 8.
2393 4212 2652 4266 Dixerunt
2684 4215 2736 4266 in
2761 4213 2919 4267 corde
2954 4231 3048 4268 suo
3074 4214 3410 4284 cognationes
3437 4229 3619 4268 eorum

2037 4306 2218 4362 simul.
2250 4304 2454 4359 Omnes
2489 4304 2838 4358 inimicorum
2879 4305 3237 4372 cognationes
3269 4316 3458 4358 mutuo
3481 4305 3622 4358 inter

2035 4416 2094 4455 se
2119 4398 2281 4455 simul
2323 4397 2608 4452 dixerunt.
2637 4395 2705 4450 In
2745 4399 2900 4451 corde
2931 4407 3113 4451 autem
3146 4413 3267 4457 suo,
3296 4398 3396 4451 hoc
3427 4408 3630 4459 est,ex.
3723 4467 3731 4475 .

2037 4499 2152 4546 toto
2209 4489 2400 4553 corde,
2456 4495 2624 4557 atque
2677 4504 2741 4542 ex
2786 4498 2896 4543 tota
2934 4489 3104 4542 animi
3159 4489 3625 4559 promptitudine.

2040 4585 2216 4638 Dictio
2247 4591 2450 4645 autem,
2491 4581 2688 4646 Venite,
2715 4597 2836 4650 qua:
2866 4582 3142 4648 sequitur,
3180 4590 3321 4634 vetat
3351 4597 3417 4634 ne
3449 4597 3624 4650 expo-

2043 4688 2173 4728 nere
2223 4674 2524 4742 possimus,
2577 4672 2862 4731 Dixerunt,
2922 4687 3022 4740 pro
3050 4670 3484 4741 Cogitavcrunt:
3517 4673 3626 4728 nisi

338 4761 714 4827 ὅουλευτικδν,
767 4762 884 4815 ἀλλ’
949 4765 1393 4834 ὲπιρῤηματικὸν
1436 4767 1678 4831 ὲκλάϐυι,
1745 4767 1820 4828 ὡς
1847 4766 1930 4831 τὸ,

2042 4767 2168 4835 quis
2194 4781 2312 4820 eam
2351 4781 2460 4819 non
2504 4767 2556 4818 in
2587 4765 2694 4816 vim
2731 4764 2880 4818 verbi
2918 4765 3054 4834 (7‘2),
3095 4763 3190 4819 sed
3238 4764 3626 4819 adverbialiter

341 4855 489 4924 ’Λγε
516 4855 616 4924 δή.
667 4856 732 4908 Τί
769 4854 828 4908 δὲ
859 4851 1036 4924 εἷπον,
1067 4855 1323 4911 ἄκουσον.

410 5032 612 5094 Δεῦτε,
641 5031 739 5086 καὶ
769 5036 1254 5105 καταπαύσωμεν
1307 5036 1510 5102 πάσας
1557 5038 1663 5103 τὰς
1724 5038 1933 5105 ἑορτὰς

336 5126 449 5180 τοῦ
479 5126 629 5180 Θεοῦ
664 5125 785 5181 ἀπὸ
818 5125 929 5193 τῆς
960 5125 1100 5196 γῆς.
1135 5129 1248 5192 Τὰς
1271 5130 1503 5199 νομικὰς
1546 5129 1809 5200 λατρείας
1838 5131 1934 5184 τοῦ

337 5217 481 5272 Θεοῦ
515 5217 734 5282 τούτου,
762 5217 821 5271 ὃν
858 5219 1103 5272 Ἰουδαῖοι
1133 5221 1358 5273 σέϐουσι
1381 5238 1394 5250 ο
1429 5219 1590 5275 τοῦτο
1638 5223 1695 5275 δὲ
1738 5240 1930 5294 κατορ-

339 5308 595 5378 θώσομεν
629 5307 994 5377 ἀφανίσαντες
1022 5311 1152 5373 τοὺς
1202 5311 1422 5380 νόμους,
1473 5315 1571 5365 καὶ
1627 5312 1728 5382 τὴν
1779 5314 1932 5367 πολι-

339 5402 516 5466 τείαν,
570 5401 666 5454 καὶ
702 5399 804 5470 τὴν
853 5400 1013 5453 πόλιν
1060 5401 1262 5455 αὐτῶν.
1325 5403 1392 5454 Ὃ
1435 5402 1501 5475 δὴ
1533 5403 1625 5457 καὶ
1660 5403 1756 5456 τοῦ
1792 5403 1930 5457 Θεοῦ

344 5497 802 5568 συγχωρήσαντος
833 5497 1196 5565 πεποιήκασι.

422 5589 499 5642 Τὰ
527 5587 749 5657 σημεῖα
770 5583 972 5641 αὐτῶν
990 5587 1104 5640 οὐκ
1155 5585 1415 5657 δίδομεν.
1461 5588 1542 5642 Τὰ
1597 5589 1858 5660 τεράστια
1891 5590 1927 5644 ἃ

2030 4873 2154 4911 esse
2215 4856 2489 4926 positam‘,
2522 4857 2688 4920 dicat,
2745 4871 2866 4925 pro,
2905 4854 3008 4908 Eia
3060 4872 3179 4927 age.
3231 4856 3371 4923 Quid
3437 4866 3620 4911 autem

2033 4947 2270 4999 dixerint
2315 4946 2464 4998 audi.

2121 5037 2294 5091 Venite
2322 5038 2585 5104 quiescere
2626 5036 2892 5104 faciamus
2945 5052 3124 5090 omnes
3159 5037 3475 5105 festivitates
3520 5036 3618 5089 Dei

2034 5129 2084 5181 in
2132 5139 2298 5181 terra.
2349 5125 2554 5180 Omnes
2589 5126 2848 5181 nimirum
2898 5127 3100 5197 legales
3131 5127 3312 5182 cultus
3356 5141 3419 5179 ac
3451 5141 3620 5179 etcre-

2043 5221 2258 5274 mouias
2291 5220 2442 5274 illius
2475 5218 2593 5284 Dei,
2633 5236 2795 5289 quem
2847 5218 3019 5272 Judaei
3056 5219 3268 5279 colunt,
3304 5218 3406 5271 hoc
3437 5225 3617 5270 autem

2042 5309 2416 5382 perﬁciemus,
2459 5311 2508 5366 si
2536 5311 2708 5382 leges,
2757 5325 2820 5364 ac
2854 5325 3056 5374 mores,
3109 5315 3164 5361 et
3216 5307 3616 5376 rempublicam

2044 5419 2235 5460 eorum
2290 5403 2695 5470 deleverimus,
2741 5399 3199 5472 quemadmodum
3263 5399 3618 5468 permittente

2045 5497 2154 5552 Deo
2184 5497 2510 5553 effecerunt.
3536 5552 3547 5564 ,

2109 5589 2276 5646 Vens.
2330 5591 2385 5646 9.
2445 5587 2612 5660 Signa
2663 5605 2842 5642 eorum
2891 5603 2994 5642 non
3041 5584 3299 5640 uidemus.
3351 5583 3618 5640 Miracula

1665 5773 1865 5837 Varia:
1902 5772 2230 5838 lectiones.

426 5871 538 5944 (72)
564 5871 771 5944 Graece,
803 5891 906 5930 non
939 5873 1007 5930 ad
1038 5873 1390 5931 suadendum.
