4064 6432
418 411 526 476 759
1663 400 2056 464 EUTHYMII
2099 400 2466 460 ZIGABENI
3586 393 3701 457 760

493 519 760 575 Estatem
791 526 840 572 et
888 532 974 571 ver
1024 524 1079 569 tu
1119 511 1405 584 plasmasti
1460 526 1542 565 ea.
1605 511 1813 565 Harum
1854 507 1998 563 enim

2179 507 2359 577 Θέρος
2391 509 2490 562 καὶ
2521 510 2627 576 ἔαρ
2695 507 2775 561 σὺ
2822 505 3103 572 ἔπλασας
3132 505 3303 561 αὐτὰ.
3348 502 3568 558 Τούτων
3593 507 3701 575 γὰρ

422 616 641 685 frugum
669 614 788 666 alia:
805 626 931 665 vere
954 619 1284 672 nascuntur,
1309 606 1430 662 alia:
1455 612 1665 669 testate,
1686 603 1808 658 alia:
1825 601 2004 674 etiam

2134 601 2219 657 ιῶν
2269 601 2492 668 ὡραίων
2547 600 2608 653 τὸ
2661 602 2761 669 μὲν
2809 598 2910 668 ἔαρ
2957 596 3300 669 γεννητικὸν,
3336 597 3398 650 τὸ
3430 598 3489 651 δὲ
3541 597 3703 669 θέρος

424 702 547 772 ipsa
605 711 795 757 testate
845 698 1227 771 perficiuntur.
1286 696 1495 751 Harum
1532 702 1718 749 autem
1766 692 2006 748 duarum

2134 691 2475 745 εελειωτικὸν.
2509 692 2599 744 Διὸ
2630 691 2724 743 καὶ
2764 693 2874 744 τῶν
2901 688 2996 743 δύο
3047 691 3211 760 μόνον
3259 690 3421 759 ὡρῶν
3473 688 3569 742 τοῦ
3622 690 3704 743 ἐν·

423 794 554 848 anni
583 795 822 863 partium
856 800 1070 848 tantum
1098 789 1373 854 meminit,
1401 788 1565 858 quasi
1593 800 1719 840 cum
1763 784 1853 840 his
1883 782 2007 836 alia:

2134 783 2301 838 αυτοῦ
2350 783 2751 855 ἐμνημόνευσε,
2799 783 2910 835 τῶν
2943 782 3122 837 ἄλλων
3167 782 3264 836 δύο
3311 782 3704 852 συμπεριλαμ-

424 886 587 940 simul
610 885 1173 956 comprehendantur.
1201 881 1378 937 Dictio
1405 889 1611 946 autem,
1636 894 1721 943 ea,
1742 875 2008 931 abundat.

426 980 523 1033 Vel
573 978 655 1034 sic
711 980 813 1049 legi
864 986 1097 1050 potest:
1133 975 1215 1030 Tu
1274 971 1570 1046 plasmasti
1612 986 1702 1036 ea,
1759 974 2007 1022 :estatem

427 1071 721 1135 nimirum,
787 1078 842 1126 et
900 1086 1021 1124 ver.
1079 1068 1465 1124 lndill‘erenter
1512 1064 1681 1121 etiam
1739 1066 2009 1123 mstatem,

430 1165 751 1234 priusquam
785 1178 880 1219 ver
917 1161 1394 1219 commemoravit.

2112 876 2429 946 6ανομὲνων
2459 878 2690 941 τούτοις,
2725 876 2800 938 ὡς
2833 875 3017 947 μερῶν
3041 875 3209 930 αὐτοῦ
3241 874 3336 929 καὶ
3382 872 3584 928 αὐτῶν.
3614 872 3705 928 τὸ

2110 974 2169 1028 δὲ
2195 971 2365 1036 Aine,
2392 971 2668 1038 παρέλκον
2698 987 2711 1000 ο
2733 971 2818 1040 εἴη
2841 970 2887 1022 δ’
2909 970 2975 1023 ἂν
3015 971 3049 1039 ἡ
3077 968 3329 1035 σύνταξις
3363 968 3458 1022 καὶ
3492 967 3667 1030 οὕτως
3688 983 3701 996 ·

2111 1068 2185 1120 Σὺ
2219 1065 2465 1129 ἔπλασας
2491 1064 2654 1129 αὐτὰ,
2687 1064 2748 1116 τὸ
2775 1063 2935 1133 θέρος
2961 1064 3059 1115 καὶ
3095 1061 3157 1114 τὸ
3210 1061 3331 1131 ἔαρ.
3361 1061 3707 1129 Ἀδιαφορως

2113 1159 2169 1214 δὲ
2195 1159 2416 1230 πρῶτον
2439 1158 2602 1223 ἔταξε
2634 1157 2694 1210 τὸ
2721 1157 2903 1226 θέρος.

507 1252 667 1308 Vens.
707 1254 795 1308 18.
828 1253 1026 1324 Memor
1053 1263 1164 1308 esto
1196 1251 1376 1320 hujus.
1410 1251 1468 1304 In
1509 1248 1785 1320 principio
1810 1243 2010 1321 psalmi

429 1346 568 1401 dixit
597 1365 610 1400 :
646 1345 908 1399 Memento
933 1345 1349 1415 congregationis
1383 1353 1507 1406 tute,
1532 1358 1694 1409 quam
1724 1340 2013 1411 possedisti

432 1440 497 1492 ab
539 1439 737 1501 initio;
771 1438 910 1493 idem
946 1437 1114 1507 igitur
1150 1451 1296 1489 nunc
1326 1433 1551 1504 repetit.

503 1527 761 1583 Inimicus
793 1526 1131 1596 exprobravit
1178 1525 1486 1579 Dominum.
1528 1522 1689 1579 Titus
1724 1523 2009 1588 nimirum,

430 1621 514 1673 vel
550 1620 930 1673 Romanorum
955 1618 1256 1673 exercitus.

500 1713 571 1766 Et
608 1714 835 1781 populus
887 1712 1141 1781 insipiens
1187 1711 1417 1765 irritavit
1471 1727 1657 1766 nomen
1710 1721 1882 1767 tuum.
1940 1713 2015 1768 De

432 1807 640 1863 eisdem
710 1821 907 1861 rursus
971 1803 1238 1874 loquitur,
1296 1803 1390 1873 qui
1450 1817 1561 1858 non
1623 1814 1770 1860 recte
1803 1807 1869 1859 de
1905 1803 2014 1859 Deo

2189 1251 2505 1320 Μνήσθητι
2549 1250 2798 1319 ταύτης.
2832 1248 2926 1302 Ἐν
2969 1249 3285 1319 προοιμίοις
3340 1246 3435 1300 τοῦ
3487 1246 3708 1316 ψαλμοῦ

2117 1343 2291 1396 εἰπών
2325 1359 2339 1372 ⁸
2369 1342 2684 1411 Μντήσθητι
2726 1339 2836 1407 τῆς
2861 1337 3228 1409 συναγωγῆς
3252 1356 3372 1393 σου
3399 1333 3476 1412 ᾗς
3536 1337 3711 1402 ἐκτή-

2118 1454 2205 1488 σω
2243 1434 2344 1488 ἀπ’
2371 1433 2586 1503 ἀρχῆς,
2612 1433 2675 1485 τὸ
2700 1432 2835 1486 αὐτό
2865 1434 2958 1486 καὶ
2987 1432 3082 1483 νῦν
3116 1429 3475 1484 ὲπανέλαὸεν.

2199 1530 2448 1598 Ἐχθρὸς
2500 1527 2778 1581 ὠνείδισε
2822 1529 2928 1581 τὸν
2997 1527 3243 1594 Κύριον.
3282 1523 3342 1578 '0
3392 1523 3573 1586 Τίτος,
3613 1520 3707 1592 ἢὸ

2135 1622 2424 1691 Ῥωμαίων
2453 1620 2708 1691 στρατός.

2191 1715 2300 1768 Καὶ
2333 1714 2487 1778 λαὸς
2510 1713 2719 1782 ἄφρων
2743 1712 3063 1782 παρώξυνε
3082 1712 3151 1764 τὸ
3174 1709 3364 1780 ὄνομά
3392 1725 3533 1763 σου.
3571 1708 3714 1771 Τοὺς

2122 1806 2320 1868 αὐτοὺς
2378 1806 2544 1859 πάλιν
2579 1806 2731 1873 λέγει
2784 1805 2859 1875 μὴ
2900 1801 3236 1874 φρονοῦντας
3289 1801 3418 1871 περὶ
3456 1799 3592 1852 Θεοὖ
3626 1799 3715 1868 ἀρ’

429 1899 761 1954 sentiebant.
803 1897 877 1950 De
928 1895 1135 1961 verbo,
1196 1892 1437 1947 Irritavit
1472 1935 1488 1960 ,
1552 1893 1793 1949 diximus
1856 1896 2015 1964 paulo

2134 1898 2251 1960 ltbg.
2280 1899 2419 1968 Περὶ
2453 1897 2510 1950 δὲ
2540 1897 2635 1951 τοῦ
2656 1870 2998 1966 ἽΠαρώξυκε
3043 1892 3242 1965 μικρὸν
3282 1891 3542 1961 ἀνωτέρω
3573 1907 3711 1960 προ-

428 2004 709 2058 superius.

508 2082 672 2137 Vens.
706 2082 794 2136 19.
831 2079 915 2134 Ne
946 2080 1131 2135 tradas
1188 2081 1316 2151 {eris
1374 2080 1614 2134 animam
1682 2081 2015 2151 confitentem

432 2172 552 2228 tibi.
581 2170 898 2227 Praevidens
939 2170 1211 2241 Propheta
1247 2185 1312 2226 ea
1346 2186 1467 2242 quae
1497 2169 1704 2228 Iudicis
1738 2180 2008 2227 eventura

430 2272 610 2327 erant,
654 2262 833 2318 fundit
858 2277 1052 2333 preces
1081 2262 1148 2318 ad
1175 2262 1368 2328 Deum,
1396 2278 1466 2317 ne
1492 2261 1812 2319 Iudaeorum
1845 2279 2017 2335 popu-

428 2355 541 2409 lum
590 2355 645 2410 in
699 2355 1075 2411 Romanorum
1115 2364 1442 2426 potestatem
1499 2355 1703 2420 tradat,
1758 2372 1898 2426 quos
1946 2358 2019 2413 ob

428 2462 700 2501 summam
725 2447 990 2502 smvitiam
1019 2446 1163 2502 feras
1195 2447 1458 2518 appellat.
1485 2446 1590 2501 Per
1620 2449 1861 2502 animam
1887 2462 2020 2503 vero

427 2537 717 2593 hominem
768 2538 1043 2607 intelligit,
1080 2541 1251 2593 veluti
1278 2547 1455 2594 totum
1491 2554 1521 2592 a
1558 2548 1739 2608 parte,
1793 2548 1855 2594 ut
1887 2541 2017 2596 alibi

428 2628 694 2683 diximus.
726 2629 1074 2697 Conﬁtentem
1112 2640 1322 2695 autem,
1354 2631 1455 2685 hoc
1477 2639 1583 2696 est,
1612 2631 1821 2700 gratias
1847 2647 2014 2703 agen-

427 2730 562 2775 tem.

500 2811 571 2868 Et
605 2815 814 2870 animas
845 2831 1137 2886 pauperum
1191 2826 1404 2870 tuorum
1462 2832 1525 2870 ne
1580 2817 1911 2871 obliviscaris
1961 2820 2019 2871 in

428 2908 608 2976 ﬁnem.
636 2907 1017 2965 Indiﬂ‘erenter
1039 2909 1315 2981 Propheta
1345 2920 1607 2981 quartum
1634 2919 1800 2982 atque
1818 2926 2019 2967 secun-

426 3001 561 3053 dum
602 3015 801 3056 casum
871 3001 1100 3072 apponit
1155 3002 1324 3058 verbo
1383 3001 1741 3059 Oblivisceris
1777 3019 1797 3058 :
1834 3011 1890 3060 et
1923 3018 2020 3074 per

428 3091 647 3147 animas
680 3106 987 3162 pauperum
1022 3093 1529 3163 eircumloquendo
1561 3096 1711 3164 ipsos
1740 3110 2019 3165 pauperes

2122 1990 2365 2060 είρητοιι.

2193 2082 2290 2149 Μὴ
2321 2081 2603 2149 παραδῷς
2628 2080 2750 2146 τοῖς
2796 2082 3020 2147 θηρίοις
3070 2077 3287 2148 ψυχὴν
3309 2077 3714 2145 ἐξομολογου-

2118 2174 2313 2244 μένην
2376 2190 2471 2227 σε.
2511 2173 2894 2244 Προεωρακὼς
2923 2174 2991 2226 τὰ
3026 2172 3166 2225 κατά
3209 2170 3319 2223 τῶν
3370 2167 3645 2221 Ἰουδαίων
3684 2166 3721 2217 ὁ

2126 2269 2443 2338 Προφήτης,
2508 2265 2744 2321 ἱκετεύει
2805 2264 2881 2336 μὴ
2928 2262 3304 2335 παραδοθῆναι
3352 2259 3553 2322 αὐτοὺς
3598 2258 3717 2319 τοῖς

2134 2358 2464 2429 Ῥωμαίοις·
2517 2356 2614 2421 οὒς
2672 2356 2840 2426 θηρία
2891 2354 3049 2408 καλεῖ
3107 2354 3199 2406 διὰ
3244 2351 3346 2423 τὴν
3412 2349 3719 2420 ἀγριότητα

2125 2454 2220 2506 καὶ
2258 2451 2685 2521 ἀπανθρωπίαν.
2729 2449 2865 2504 Ἀπὸ
2885 2450 2983 2518 τῆς
3014 2447 3197 2517 ψυχῆς
3218 2445 3278 2498 δὲ
3307 2444 3399 2498 τὸν
3429 2443 3719 2513 ἄνθρωπον

2124 2548 2421 2617 ἐδήλωσεν,
2458 2547 2533 2608 ὡς
2554 2544 2664 2599 ἀπὸ
2697 2544 2900 2614 μέρους
2920 2543 2981 2595 τὸ
3003 2543 3136 2604 πᾶν,
3169 2538 3353 2602 καθὼς
3383 2536 3721 2607 προειρήκα-

2128 2658 2247 2709 μεν.
2278 2636 2882 2708 ομολογουμένην
2903 2635 2980 2699 δὲ,
3004 2633 3128 2688 ἀντὶ
3144 2631 3263 2700 τοῦ,
3283 2626 3719 2702 εὐχαριστοῦσάν

2126 2748 2233 2787 σοι.

2200 2829 2311 2891 Τὰς
2363 2823 2568 2894 ψυχὰς
2614 2819 2734 2876 τῶν
2762 2820 3043 2888 πενήτων
3074 2835 3190 2872 σου
3215 2815 3303 2885 μὴ
3339 2810 3598 2878 ἐπιλάοῃ
3630 2811 3729 2876 εἰς

2124 2921 2320 2985 τέλος.
2367 2917 2691 2986 Ἀδιὰφορον
2732 2913 2794 2965 τὸ
2824 2912 2914 2982 Μὴ
2953 2909 3214 2981 ὲπιλὰθῃ.
3268 2906 3311 2961 Τ
3313 2911 3386 2973 ὰς
3422 2906 3479 2960 δὲ
3511 2901 3723 2973 ψυχὰς

2124 3013 2242 3067 τῶν
2264 3009 2565 3075 πενήτων,
2619 3007 2741 3061 ἀντὶ
2774 3004 2895 3068 τοῦ,
2925 3003 3067 3065 Τοὺς
3104 3000 3346 3069 πένητάς
3400 3016 3517 3064 σου,
3556 3011 3720 3066 περι-

2125 3101 2466 3174 φραστικῶς,
2485 3101 2519 3171 ἦ
2547 3100 2638 3152 καὶ
2676 3096 3138 3162 ὲλεεινολογικῶς.
3160 3093 3405 3162 Πένητας
3440 3090 3496 3143 δὲ
3520 3088 3725 3151 αὐτοὺς

428 3184 709 3255 intelligit.
737 3186 1045 3257 Pauperum
1075 3202 1205 3243 vero
1263 3188 1478 3245 animas
1511 3188 1671 3256 dixit,
1730 3198 1792 3244 ut
1827 3190 2015 3260 hujus-

2134 3198 2292 3251 πάλιν
2317 3194 2475 3249 καλεῖ
2501 3193 2629 3255 τοὺς
2663 3190 2974 3253 Ἰουδαίους.
2999 3188 3073 3251 ὡς
3096 3185 3397 3256 τηνικαῦτα
3431 3183 3512 3245 είς
3538 3182 3726 3235 πᾶσαν

428 3276 578 3332 modi
630 3294 889 3335 sermone
927 3278 995 3335 ad
1037 3281 1302 3351 majorem
1362 3281 1533 3338 Deum
1580 3282 2015 3339 misericordiam

388 3436 395 3442 _
427 3369 713 3423 excitaret.
742 3368 976 3426 Eosdem
1006 3364 1175 3427 etiam
1195 3370 1421 3428 Iudaeos
1448 3388 1725 3444 pauperes
1755 3375 2015 3445 appellat,

427 3476 495 3514 eo
552 3462 699 3531 quod
743 3465 814 3517 ob
857 3462 1240 3521 Romanorum
1295 3466 1638 3523 obsidionem
1688 3468 1746 3522 in
1802 3484 2018 3524 summa

427 3564 588 3608 crant
628 3570 811 3610 rerum
846 3557 1094 3612 omnium
1131 3558 1462 3613 necessitate
1488 3556 1802 3614 constituti.

503 3644 667 3703 Vens.
698 3647 790 3703 20.
838 3649 1059 3718 Respice
1089 3650 1143 3702 in
1179 3659 1561 3705 testamentum
1613 3661 1784 3704 tuum.
1816 3649 2018 3723 (Dictio

430 3735 620 3793 Graeca
647 3740 881 3811 διαθήκη
907 3749 961 3795 et
983 3750 1363 3795 testamentum
1398 3742 1678 3812 signiﬁcat
1713 3751 1768 3798 et
1796 3753 2016 3811 pactum

429 3844 528 3884 seu
564 3830 781 3902 Iturius.)
823 3832 902 3889 De
930 3842 1095 3903 pacto
1140 3833 1606 3903 igiturloquitur,
1632 3836 1779 3904 quod
1812 3837 2021 3908 pepigit

432 3924 581 3979 Deus
606 3940 732 3978 cum
770 3926 1072 3991 Abraham,
1107 3934 1165 3980 et
1196 3940 1322 3979 cum
1366 3925 1494 3980 aliis
1549 3926 2017 3996 progenitoribus,

434 4018 904 4086 queinadmotlum
966 4020 1025 4074 in
1081 4018 1416 4090 praecedenti
1482 4021 1698 4090 psalmo
1750 4021 2015 4089 diximus,

2132 3292 2340 3345 ἔνδειαν
2374 3288 2479 3342 ὑπὸ
2514 3288 2615 3354 τῆς
2646 3284 2847 3350 ἔξωθεν
2886 3281 3210 3352 πολιορκίας
3249 3277 3359 3331 τῶν
3391 3271 3725 3346 παρακαθη-

2136 3387 2315 3458 μένων
2338 3381 2551 3454 ἐχθρῶν
2575 3376 3115 3448 καταστησομένους.

2203 3653 2571 3719 Ἐπίϐιιεψον
2616 3651 2703 3713 εὶς
2744 3645 2861 3713 τὴν
2891 3643 3194 3711 διαθήκην
3229 3655 3370 3694 σου.
3406 3639 3508 3690 Ἦν
3540 3632 3729 3687 διέθου

2131 3747 2209 3817 τῷ
2248 3743 2510 3814 Ἀϐραὰμ
2544 3741 2640 3795 καὶ
2663 3741 2776 3802 τοῖς
2799 3736 3088 3809 προγόνοις
3123 3733 3279 3804 ἡμῶν
3307 3749 3320 3758 ·
3353 3730 3427 3793 ὡς
3458 3726 3600 3817 κατά
3628 3726 3735 3817 τὸν

2132 3815 2477 3908 προλαϐόντα
2520 3830 2735 3900 ψαλμον
2794 3829 2853 3880 ὲν
2906 3826 3017 3896 τῷ,
3068 3823 3218 3880 Ἰδοὺ
3285 3821 3357 3889 τῇ
3403 3816 3577 3889 γενεᾷ
3603 3815 3727 3908 ubst

2129 3928 2278 3985 υἱῶν
2311 3940 2428 3981 σου
2476 3922 2514 3976 ἂ
2541 3920 2947 3989 συντέθηκας,
2989 3913 3423 3989 προδιελάὸομεν
3453 3928 3464 3940 ·
3500 3909 3596 3963 καὶ
3641 3907 3739 3978 μὴ.

2129 4022 2369 4093 παρίδῃς
2404 4017 2636 4086 ταύτην.

431 4112 552 4168 ibi:
594 4115 729 4167 Ecce
755 4114 1082 4183 generationi
1119 4113 1353 4182 filiorum
1395 4125 1607 4170 tuorum
1630 4116 1830 4186 [ledere
1858 4120 2079 4187 rupisti.
2116 4115 2238 4175 Noli
2274 4116 2443 4187 igitur
2480 4122 2664 4185 pacta,
2730 4124 2853 4181 qnte
2922 4106 3213 4163 nobiscum
3284 4102 3475 4165 habes,
3536 4093 3724 4164 despi‘

427 4222 575 4264 cere.

2204 4301 2335 4355 ’Ὁτι
2376 4294 2822 4364 ἐπληρώθησαν
2882 4292 2935 4343 οὶ
2984 4283 3407 4355 ἐσκοτωμένοι
3444 4281 3556 4347 τῆς
3606 4276 3729 4349 γῆς

504 4298 769 4362 Quoniam
831 4301 1102 4355 obscurati
1144 4312 1322 4367 terras,
1383 4302 1573 4374 repleti
1613 4312 1735 4359 sunt
1769 4303 2017 4359 domibus

432 4392 798 4460 iniquitatum.
834 4392 1104 4459 Quoniam
1139 4397 1342 4450 terreni
1376 4396 1628 4451 homines
1654 4396 1851 4459 Judaei.
1881 4411 2015 4465 quos

2134 4393 2317 4448 οἴκων
2387 4384 2678 4456 ἀνομιῶν.
2754 4384 2879 4435 Ὅτι
2925 4381 2994 4434 τὰ
3038 4378 3403 4448 ὲσκοτισμένα
3458 4375 3735 4443 κτήματα,

437 4479 749 4535 obscuratos
784 4492 940 4537 terra:
969 4485 1291 4553 appellavit,
1321 4485 1488 4539 veluti
1529 4488 1771 4557 propriis
1801 4488 2015 4556 passio-

2134 4486 2223 4554 τῆς
2252 4483 2571 4552 γῆς,είτουν
2586 4478 2636 4531 οἱ
2672 4476 2912 4530 Ἰουδαῖοι
2941 4474 3286 4543 ἐκοτισμένοι
3320 4472 3433 4533 τοῖς
3462 4467 3730 4530 πάθεσιν,

429 4571 601 4626 nibus
633 4581 802 4643 atque
836 4574 1126 4632 aﬂ‘ectibns
1160 4578 1572 4643 obtenebratos,
1625 4579 1836 4648 impleti
1887 4587 2015 4633 sunt

2134 4572 2522 4646 ἐπληρώθησαν
2597 4569 2764 4623 οἴκων
2805 4566 3089 4638 ἀνομιῶν
3141 4564 3408 4626 τουτέστι,
3476 4558 3729 4631 πλήθους

431 4664 687 4720 domibus
709 4666 1081 4737 iniquitatium,
1108 4672 1212 4724 hoc
1241 4679 1348 4734 est,
1378 4671 1725 4725 multitudine
1765 4684 1829 4723 ac
1861 4671 2015 4740 copia

2134 4664 2379 4736 ὶνομιῶν.
2428 4662 2502 4715 Τὸ
2551 4660 2661 4731 γὰρ
2707 4659 2910 4722 οἴκων,
2965 4659 3088 4712 ἀντὶ
3119 4656 3215 4709 τοῦ
3242 4649 3728 4725 πλήθουςὲλαϐεν,

430 4753 785 4811 delictorum.
840 4757 1196 4828 lniquitatum
1258 4762 1403 4816 enim
1464 4762 1649 4814 a’omos
1718 4761 1806 4814 hic
1858 4760 2015 4822 dixit.

2134 4758 2197 4822 is;
2257 4757 2480 4828 μέτρον⁶
2534 4752 2788 4824 καθάπερ
2847 4753 2937 4806 ὅτε
2997 4750 3239 4820 δηλῶσαι
3297 4745 3503 4815 πλῆθος
3568 4743 3731 4795 σίτοιο

431 4850 590 4917 quasi
621 4852 857 4922 amplam
897 4855 1190 4925 quamdam
1220 4870 1538 4912 mensuram
1571 4873 1585 4908 :
1620 4855 1687 4909 ad
1723 4869 1996 4909 summam

2134 4855 2358 4919 μέλοντες
2387 4852 2618 4921 λέγομεν
2639 4867 2654 4881 '
2703 4849 2763 4903 Ὀ
2791 4849 2945 4902 δεῖνα
2976 4846 3089 4918 ἔχει
3116 4846 3305 4908 οἴκους
3337 4846 3506 4896 σίτου.

431 4945 689 5001 videlicet
719 4947 934 5016 coniam
961 4949 1357 5005 denotandam.
1401 4949 1582 5003 Simili
1648 4949 1795 5002 enim
1860 4949 2113 5019 loquendi
2153 4949 2315 5005 modo
2361 4948 2437 5004 uti
2494 4948 2757 5010 solemus,
2792 4945 3014 5015 quando
3054 4944 3291 5011 aliquem
3356 4940 3570 5005 frugum
3619 4944 3732 4992 aut

430 5040 663 5105 alterius
704 5044 823 5129 rei.
859 5044 1075 5114 copiam
1134 5045 1339 5101 habere
1392 5043 1726 5108 indicamus,
1789 5044 1939 5099 verbi
1988 5047 2165 5116 gratia
2203 5062 2219 5100 :
2254 5045 2352 5099 ille
2386 5044 2582 5099 domos
2616 5042 2879 5097 frumenti
2940 5039 3106 5094 habet
3136 5040 3267 5110 (aut
3313 5038 3507 5093 domos
3547 5036 3725 5101 olei).

505 5137 673 5195 Vens.
704 5139 796 5193 21.
837 5139 961 5194 Νοη
988 5150 1334 5194 convertatur
1387 5140 1707 5195 humiliatus
1736 5142 2014 5210 confusus.

2197 5140 2293 5209 Μὴ
2324 5139 2773 5209 ἀποστραφήτω
2814 5132 3325 5201 τεταπεινωμένος
3359 5146 3731 5200 κατῃσχυμ-

430 5233 605 5299 Tuus,
640 5233 840 5302 inquit,
878 5233 1140 5303 pepulus,
1172 5234 1267 5303 qui
1298 5234 1352 5288 in
1388 5235 1493 5289 hoc
1526 5234 1837 5290 obsidionis
1874 5244 2015 5290 tem-

2134 5234 2328 5299 μένος.
2369 5233 2429 5285 '0
2461 5231 2607 5286 κατά
2630 5232 2722 5283 τὸν
2753 5228 2946 5300 καιρὸν
2969 5227 3070 5297 τῆς
3101 5226 3425 5297 πολιορκίας
3450 5240 3729 5293 παρακαο

432 5341 565 5396 pore
595 5325 696 5379 tibi
729 5324 1171 5394 supplicationes
1226 5327 1480 5396 porrigit,
1542 5342 1651 5380 non
1711 5335 2014 5391 avertatur,

2134 5326 2236 5379 λῶν
2270 5342 2329 5378 σε
2351 5326 2481 5388 λαός
2501 5341 2514 5354 ·
2542 5322 3020 5394 τεταπεινωμένος
3041 5319 3098 5372 δὲ
3129 5319 3225 5372 καὶ
3249 5316 3732 5388 κατῃσχυμμὲνος

432 5433 638 5487 quaeso,
676 5434 704 5471 a
727 5428 779 5472 te
815 5416 1168 5481 humiliatus,
1198 5431 1246 5473 et
1278 5416 1571 5484 confusus,
1607 5419 1737 5471 dum
1772 5433 1881 5471 non
1918 5434 2015 5471 ex-

2134 5421 2188 5470 ὲν
2214 5419 2287 5489 μὴ
2314 5416 2719 5470 εἰσακούεσθαι.

433 5509 675 5565 auditur.
1230 5490 1278 5546 λ

516 5600 674 5670 Inops
711 5611 762 5656 et
785 5620 985 5671 pauper
1018 5603 1316 5657 laudabunt
1349 5619 1537 5657 nomen
1571 5613 1739 5655 tuum.
1779 5600 2018 5671 Pupulus

434 5694 500 5746 de
536 5707 648 5760 quo
691 5707 857 5763 supra
908 5692 1173 5759 diximus,
1202 5694 1277 5749 ibi
1315 5713 1327 5747 :
1370 5693 1439 5749 Et
1472 5694 1683 5747 animas
1720 5708 2018 5760 pauperum

387 5772 398 5783 ’
438 5798 649 5835 tuorum
691 5799 755 5836 ne
787 5784 1121 5840 obliviscaris
1188 5796 1244 5841 tn
1304 5788 1487 5854 ﬁnem.
1548 5784 1746 5848 Judmi,
1810 5784 2014 5854 inquit,

442 5880 709 5941 perpetuo
740 5874 1041 5932 laudabunt
1071 5886 1126 5930 te
1182 5880 1229 5935 si
1279 5895 1372 5935 eos
1413 5880 1737 5945 salvavcris,
1771 5893 1879 5933 non
1930 5878 2009 5934 sic

444 5971 623 6016 autem
668 5964 901 6019 inimici.

2200 5602 2442 5670 Πτωχὸς
2496 5602 2595 5656 καὶ
2638 5600 2830 5666 πένης
2873 5598 3192 5652 αἱνέσουσι
3231 5595 3298 5649 τὸ
3344 5593 3532 5665 ὄνομά
3563 5610 3717 5653 σου.

2141 5697 2197 5745 ’0
2226 5691 2544 5761 δηλωθεὶςο
2576 5691 2706 5753 λαός
2739 5707 2858 5755 σου,
2887 5688 2963 5752 ὡς
2995 5688 3259 5760 ἀνωτέρω
3291 5687 3487 5757 μικρὸν
3517 5688 3575 5738 ὲν
3607 5686 3724 5754 τῷ,

2133 5792 2243 5853 Τὰς
2260 5788 2464 5856 ψυχὰς
2478 5785 2594 5839 τῶν
2606 5782 2884 5851 πενήτων
2899 5801 3037 5848 σου,
3054 5782 3355 5854 προειρήκσ
3366 5798 3483 5838 μεν.
3502 5780 3565 5834 Οἱ
3580 5778 3691 5834 Ἰου
3703 5816 3731 5829 -

2119 5884 2277 5947 δαῖοι,
2303 5880 2490 5950 φησιν,
2522 5879 2796 5932 αίνὲσουσι
2817 5876 3104 5941 σωθέντες,
3127 5877 3222 5931 καὶ
3242 5878 3339 5947 οὐχ
3362 5879 3408 5931 οἱ
3434 5874 3725 5944 πολέμιοι.
