4064 6446
372 424 470 488 761

1563 427 1959 488 [ΙΟΜΜΕΝΤ.
2006 427 2078 487 lN
2128 430 2499 493 PSALMOS.

3537 432 3657 494 762

430 545 714 614 ‘Arda'ta,
744 546 778 599 ὁ
802 543 973 613 Θεὸς,
992 546 1252 601 δίκασον
1280 544 1393 612 τὴν
1423 545 1600 612 δίκην
1630 562 1768 600 σου.
1816 545 1947 615 Δίκη

2132 550 2302 606 Vens.’
2336 549 2428 604 9-2.
2460 550 2728 622 Exsurge,
2770 552 2928 617 Dens,
2978 554 3166 623 judice
3199 569 3423 608 causam
3471 565 3641 608 tuam.

366 638 480 711 γὰρ
516 639 748 709 συνέστη
813 638 981 708 μέσον
1024 639 1119 690 σοῦ
1169 640 1263 692 καὶ
1296 637 1406 691 τῶν
1456 638 1690 709 ἐχθρῶν,
1737 641 1769 708 ἠ
1823 640 1952 707 περ)⁸

364 734 605 803 ῦΰρεως.
656 735 772 788 Οὐκ
823 734 984 804 ἢρκει
1029 733 1140 804 γὰρ
1192 732 1380 795 αὐτοῖς
1420 734 1452 801 ή
1499 730 1644 791 κατὰ
1685 731 1778 784 τοῦ
1820 730 1951 785 λαοῦ

363 827 561 898 μανία.
598 826 735 879 ἀλλὰ
761 827 989 898 προσέτι
1038 828 1133 880 καὶ
1173 825 1233 878 σὲ
1258 824 1560 892 διέϐαλλον,
1614 824 1690 887 ὡς
1719 822 1948 894 ἀσθενῆ.

359 893 563 975 ἑΗοκαὶ
595 920 774 984 ἄλλως
795 893 818 948 ’ν
859 921 927 973 Ἡ
948 921 1042 973 τοῦ
1079 919 1211 973 λαοῦ
1238 937 1332 973 σου
1371 920 1497 988 δίκη
1530 919 1597 990 σή
1631 906 1829 972 ὲστιν.’

436 1188 750 1257 Μνήσθητι
798 1190 909 1244 τοῦ
958 1189 1306 1256 ὀνειδισμοῦ
1361 1204 1479 1244 σου
1525 1190 1630 1244 τοῦ
1681 1191 1948 1259 ἄφρονος

347 1282 521 1347 ὅλην
554 1283 671 1349 τὴν
699 1284 955 1352 ἡμέραν.
1022 1285 1268 1352 Ἀφρονα
1335 1284 1426 1336 τὸν
1454 1284 1616 1336 Τίτον
1640 1282 1738 1334 καὶ
1768 1283 1949 1335 πάντα

350 1378 712 1445 στρατιώτην
756 1377 925 1429 αὐτοῦ
981 1378 1156 1431 καλεῖ.
1189 1377 1299 1430 Καὶ
1323 1377 1586 1445 ἀνωτέρω
1611 1375 1669 1428 δὲ
1700 1376 1948 1445 εἴρηκεν,

344 1468 443 1519 ὅτι
476 1468 583 1520 Καὶ
619 1468 768 1532 λαὸς
799 1468 1009 1536 ἄφρων
1048 1468 1364 1536 παρώξυνε
1397 1468 1464 1522 τὸ
1491 1466 1681 1537 ὄνομά
1700 1482 1841 1522 σου.
1878 1497 1950 1506 -

355 1560 479 1613 Τοῦ
532 1561 884 1630 drisidis-poi:
937 1562 994 1615 δὲ
1036 1561 1133 1615 τοῦ
1192 1562 1348 1629 ὅλην
1381 1560 1497 1629 τὴν
1538 1561 1789 1630 ἡμέραν,
1825 1560 1950 1613 ἀντὶ

344 1654 453 1706 τοῦ
489 1654 600 1706 Ἀεὶ
632 1656 949 1726 γινομένου.

429 1744 532 1812 Μὴ
567 1745 828 1819 eadem”
858 1746 967 1815 τῆς
994 1744 1202 1816 φωνῆς
1228 1746 1349 1800 τῶν
1370 1745 1619 1800 οἰκετῶν
1643 1763 1783 1801 σου.
1825 1745 1951 1799 Τῶν

334 1838 715 1893 ίκετευόντων
757 1859 815 1893 σε
866 1841 1009 1894 κατὰ
1036 1841 1127 1894 τὸν
1176 1841 1369 1910 καιρὸν
1403 1842 1634 1899 ἐκεῖνον,
1675 1839 1753 1902 ὡς
1802 1838 1938 1910 ἔφη·

346 1933 639 2003 μεν.ΤινΞι
695 1935 752 1987 δὲ
806 1935 914 1991 τῶν
965 1935 1342 2006 ἀντιγράφων,
1364 1933 1483 1988 τῶν
1532 1931 1749 1988 ἱκετῶν
1795 1949 1943 2000 σου,

345 2026 576 2095 γράσον
588 2044 691 2079 τιν.

441 2299 505 2352 Ἠ
542 2301 922 2366 ὑπερηφανία
970 2298 1090 2353 τῶν
1134 2302 1481 2368 μισούντων
1522 2318 1597 2357 σε
1637 2302 1822 2369 ἀνέϐη
1851 2302 1952 2359 διὰ

349 2392 933 2459 παντός.-Ἀνέ6η,
965 2393 1252 2449 τουτέστιν
1279 2393 1491 2464 ὑψώθη,
1530 2394 1857 2466 ἐκορυφώθη

349 2485 537 2554 ἀνέϐη
592 2487 828 2540 ἐνώπιόν
885 2504 1002 2543 σου.
1069 2489 1273 2542 Σκόπει
1308 2489 1367 2542 δὲ
1420 2491 1570 2552 ὅπως
1598 2489 1827 2559 οὐδεμία
1865 2506 1951 2553 τις

349 2579 587 2648 ἀγαθῶν
612 2581 919 2648 ἐπαγγελία
953 2582 1065 2644 τοῖς
1090 2583 1278 2651 ῥητοῖς
1308 2581 1521 2641 τούτοις
1553 2581 1948 2650 ὲπισυνῆπται,

351 2672 622 2742 καθάπερ
673 2674 758 2739 ἐφ’
789 2675 997 2743 ἐτέρων
1035 2673 1290 2744 ψαλμῶν.
1333 2674 1479 2727 Ἀλλ’
1509 2673 1654 2727 οὕτω
1679 2674 1777 2743 μὲν
1805 2673 1950 2727 κατὰ

350 2763 462 2835 τὴν
530 2764 797 2836 Ἐὗραίων
863 2761 1115 2836 asceam.
1173 2765 1569 2836 Ἀληθέστερον
1618 2766 1675 2819 δὲ
1719 2766 1787 2819 τὰ
1840 2766 1951 2819 ἀπὸ

349 2857 457 2911 τοῦ
485 2861 669 2928 στίχου
712 2857 804 2911 τοῦ
838 2858 1090 2925 λέγοντος
1110 2873 1124 2886 ⁸
1152 2857 1493 2927 Είρτάσατο
1539 2858 1845 2927 σωτηρίαν
1881 2858 1953 2912 ἐν

345 2950 529 3019 μέσῳ
555 2949 663 3017 τῆς
697 2948 828 3019 γῆς.
861 2951 959 3003 xal.
996 2951 1064 3003 τὰ
1115 2950 1263 3019 ἑξῆς,
1293 2952 1375 3012 είς
1424 2951 1517 3003 τὸν
1542 2951 1776 3020 Χριστὸν
1815 2950 1950 3004 ἀνά-

349 3061 573 3110 γονται.
599 3045 807 3107 Ὄντως
835 3045 945 3112 γὰρ
960 3044 1257 3115 εἰργάσατο
1270 3045 1571 3116 σωτηρίαν,
1595 3044 1952 3116 ἐνανθρωπή-

353 3150 485 3196 σας,
519 3132 614 3186 καὶ
666 3133 768 3201 τῆς
801 3133 1015 3205 πλάνης
1049 3134 1428 3205 ἐλευθερώσας
1464 3137 1639 3205 ἡμᾶς,
1688 3136 1783 3205 καὶ
1815 3137 1951 3189 ὑπο-

2059 644 2241 697 Causa
2275 652 2457 697 autem
2486 658 2610 711 qua:
2651 645 2969 701 vertebatur
3003 646 3150 700 inter
3186 645 3408 712 ~Deu:u,
3439 655 3496 702 et
3530 647 3640 701 ini-

2061 739 2235 792 micos
2272 737 2577 801 Romanos,
2598 737 2667 793 de
2695 740 3028 795 contumelia
3053 749 3171 795 erat
3193 740 3245 794 in
3273 739 3442 794 Deum
3467 739 3642 796 illata.

2059 827 2249 898 Neque
2276 831 2425 884 enim
2459 830 2568 886 illis
2600 831 2737 886 satis
2766 831 2947 887 fuerat
2977 832 3164 887 furere
3210 832 3506 887 adversum
3539 847 3643 900 po-

2060 921 2272 990 pulum,
2305 921 2399 977 sed
2448 922 2620 977 Deum
2660 923 2887 992 insuper
2917 923 3221 987 infirmum,
3264 931 3429 991 atque
3465 922 3644 976 imbe-

2060 1015 2241 1069 cillcm
2295 1016 2779 1085 improperabant.
2815 1015 2909 1071 Vel
2941 1017 3103 1071 aliter
3141 1018 3419 1071 :Causam
3455 1015 3642 1086 populi

2061 1110 2137 1160 tui
2165 1109 2351 1164 dicere
2375 1106 2666 1178 possumus
2682 1125 2904 1163 causam
2940 1117 3108 1163 tuam.

2125 1194 2332 1255 Memor
2369 1212 2490 1256 esto
2533 1203 2803 1271 opprobrii
2856 1202 2957 1264 tui,
2997 1202 3136 1271 quod
3177 1200 3244 1255 ab
3275 1201 3552 1268 insipiente
3578 1202 3649 1269 ﬁt

2059 1305 2169 1346 tota
2240 1295 2349 1348 aie.
2416 1293 2520 1349 Per
2575 1294 2951 1365 insipientem,
3005 1294 3190 1348 Titum
3249 1293 3532 1363 intelligit,
3585 1302 3642 1348 et

2057 1385 2359 1453 quemlibet
2388 1400 2452 1439 ex
2492 1386 2758 1441 Romanis
2784 1386 3095 1452 militibusi,
3117 1386 3281 1441 sicuti
3306 1391 3357 1438 et
3390 1384 3645 1454 superius

2057 1476 2194 1531 dixit
2231 1492 2246 1531 :
2282 1475 2345 1529 Et
2386 1477 2615 1546 populus
2650 1478 2906 1546 insipiens
2960 1478 3197 1532 irritavit
3246 1492 3434 1530 nomen
3466 1487 3638 1530 tuam.

2059 1569 2344 1638 Opprobrii
2375 1578 2556 1624 autem
2591 1570 2672 1623 tui
2720 1553 2830 1623 tota
2856 1569 2963 1635 die,
2988 1569 3089 1623 hoc
3114 1578 3217 1633 est,
3241 1571 3385 1625 quod
3416 1568 3646 1624 assidue

2057 1663 2114 1716 iit
2151 1661 2418 1718 adversus
2452 1669 2525 1717 te.

2124 1739 2293 1809 Visus.
2320 1756 2413 1809 23.
2458 1752 2542 1808 Ne
2581 1753 2909 1809 obliviscaris
2934 1771 3081 1810 voces
3109 1770 3377 1809 servorum
3403 1763 3638 1808 tuorum.

2052 1847 2156 1913 Qui
2194 1848 2288 1901 illo
2315 1855 2562 1915 tempore
2593 1847 2692 1901 tibi
2717 1862 2906 1916 preces
2941 1849 3244 1917 porrigent,
3277 1855 3337 1901 ut
3372 1847 3638 1901 diximus.

2054 1939 2311 2005 Qumdam
2342 1949 2525 1994 autem
2563 1940 2901 2009 exemplaria
2959 1955 3068 1994 non
3107 1954 3376 1992 servorum
3408 1926 3641 2002 habent,

2054 2032 2149 2088 sed
2180 2031 2498 2101 supplicium
2556 2029 2699 2101 (orta
2756 2031 3018 2086 nimirum
3068 2031 3326 2087 lectionis
3380 2031 3644 2086 varietate

2053 2124 2124 2178 ob
2158 2120 2474 2177 Graecarum
2500 2120 2801 2176 dictionum
2838 2122 3204 2188 vicinitatem,
3246 2136 3413 2192 quam
3440 2130 3553 2174 tum
3582 2120 3645 2174 in

2054 2212 2360 2283 prolatione
2398 2212 2621 2276 habent,
2650 2222 2765 2267 tum
2802 2212 2858 2266 in
2890 2210 3243 2283 Scriptura.)

2122 2305 2384 2365 Superbia
2422 2323 2627 2370 eorum,
2657 2307 2747 2377 qui
2783 2305 3010 2361 oderunt
3041 2319 3111 2374 te,
3136 2306 3375 2362 ascendit
3414 2320 3642 2372 semper.

2050 2431 2121 2441 —
2152 2399 2407 2454 Ascendit
2443 2414 2543 2470 pro
2561 2398 2815 2453 Exaltata
2846 2408 2952 2462 cst,
2982 2405 3146 2466 anne
3177 2399 3230 2452 in
3260 2397 3498 2453 sublime
3526 2396 3644 2451 cle-

2054 2505 2199 2547 vala.
2235 2492 2330 2548 Vel
2376 2492 2627 2549 ascendit
2652 2506 2874 2561 semper
2934 2506 3122 2548 coram
3157 2502 3230 2546 te.
3270 2489 3407 2544 Illud
3455 2497 3643 2543 autem

2053 2586 2370 2652 considera,
2407 2584 2685 2656 quomodo
2716 2586 2803 2649 bis
2832 2586 3002 2640 dictis
3036 2584 3186 2638 nulla
3222 2581 3522 2652 promissio
3547 2587 3643 2634 aut

2054 2692 2178 2747 spes
2231 2678 2500 2732 bonorum
2564 2678 2865 2747 conjuncta
2922 2684 3028 2740 est,
3087 2684 3141 2731 et
3197 2674 3346 2729 nulla
3398 2670 3646 2727 melioris

2054 2769 2292 2822 fortuna:
2324 2784 2453 2839 spes
2473 2769 2555 2824 eis
2578 2769 2731 2833 data,
2754 2767 3218 2837 quemadmodum
3253 2766 3392 2821 alias
3426 2778 3646 2835 semper

2055 2861 2110 2913 fit
2146 2860 2199 2913 in
2222 2859 2349 2914 aliis
2383 2860 2634 2930 psalmis.
2674 2858 2738 2912 Et
2784 2860 2902 2914 haec
2940 2858 3166 2928 quidem
3196 2856 3472 2926 expositio
3506 2854 3580 2907 ita
3609 2868 3641 2909 a

2054 2953 2216 3008 nobis
2251 2953 2429 3009 relata
2493 2961 2595 3015 est,
2630 2962 2796 3022 prout
2833 2953 2902 3007 ab
2934 2951 3073 3022 ipsis
3122 2950 3363 3005 traditur
3411 2946 3642 3002 Iudaeis.

2056 3043 2250 3098 Verior
2283 3054 2463 3099 tamen
2489 3044 2761 3113 expositio
2791 3053 2896 3106 est,
2940 3054 3002 3097 ut
3031 3041 3101 3097 ab
3153 3040 3249 3096 illo
3308 3037 3585 3094 versicqu
3625 3054 3642 3092 :

2056 3134 2320 3205 Operatus
2366 3146 2445 3189 est
2471 3135 2703 3188 salutem
2729 3137 2782 3188 in
2836 3134 3007 3189 medio
3040 3142 3217 3188 terrae.
3270 3128 3491 3197 Omnia,
3523 3143 3646 3198 quas

347 3225 539 3290 δείξας
560 3225 658 3295 τὴν
681 3229 783 3290 τῆς
818 3226 1098 3297 σωτηρίας
1123 3228 1260 3281 ὁδόν.
1308 3228 1382 3279 Τὸ
1412 3227 1471 3279 δὲ
1518 3229 1615 3281 Ἐν
1647 3226 1818 3297 μέσῳ
1840 3227 1947 3296 τῆς

2056 3238 2390 3300 sequuntur,
2455 3230 2768 3284 referamus
2808 3230 2875 3285 ad
2905 3228 3209 3293 Christum,
3250 3226 3345 3297 qui
3380 3225 3644 3280 lncarna-

348 3318 493 3386 γῆς,
529 3319 649 3371 ἀντὶ
682 3317 779 3371 τοῦ
824 3319 912 3371 Ἐν
940 3320 1088 3391 πάσῃ
1120 3322 1184 3388 τῇ
1213 3323 1306 3389 γῇ.
1349 3320 1392 3370 Τ
1400 3320 1509 3382 ινὲς
1534 3319 1589 3372 δὲ
1621 3319 1717 3372 καὶ
1742 3320 1811 3372 τὰ
1851 3320 1947 3373 Ὶεο

354 3413 643 3486 ροσόλυμα
693 3413 859 3481 μέσον
909 3414 1009 3482 τῆς
1064 3414 1169 3481 γῆς
1217 3428 1355 3480 φασι
1383 3412 1716 3465 διακεῖσθαι.
1749 3411 1949 3483 Ἐκρα-

348 3508 563 3559 ταίωσε
628 3507 685 3559 δὲ
718 3507 814 3559 καὶ
846 3504 946 3576 τὴν
982 3504 1288 3567 θάλασσαν,
1319 3508 1347 3558 ὂ
1374 3506 1777 3576 ὲστικραταιὸν
1804 3507 1949 3560 κατὰ

350 3600 468 3653 τῶν
498 3599 773 3668 δαιμόνων
812 3599 1042 3666 ἐποίησε
1066 3598 1126 3651 τὸ
1158 3598 1303 3668 ὕδωρ
1324 3599 1418 3652 τοῦ
1445 3600 1603 3666 ἁγίου
1635 3599 1949 3669 βαπτίσμα-

350 3705 474 3750 τος.
540 3687 829 3740 Θάλασσαν
861 3687 1158 3759 γάρτοῦτο
1206 3690 1301 3741 καὶ
1359 3690 1605 3759 Μιχαίας
1666 3692 1947 3759 ἐκάλεσεν,

350 3783 535 3836 εἰπὼν
565 3783 699 3851 πρδς
731 3782 894 3836 Θεόν·
933 3780 1307 3849 Καταδύσεις
1324 3782 1431 3849 τὰς
1462 3785 1756 3853 ἁμαρτίας
1780 3785 1952 3853 ἡμῶν

348 3880 444 3943 είς
470 3878 544 3930 τὰ
567 3876 729 3943 βάθη
763 3875 876 3944 τῆς
896 3875 1238 3944 θαλάσσης.
1266 3877 1557 3930 Θάλασσαν
1576 3878 1631 3930 δὲ
1655 3879 1731 3942 ὡς
1753 3880 1951 3932 ὑποδε-

351 3977 589 4043 χόμενον
617 3970 746 4034 τοὺς
782 3969 991 4040 ῥύπους
1023 3971 1120 4041 τῆς
1149 3971 1332 4042 ψυχῆς
1360 3971 1470 4023 τῶν
1503 3970 1945 4040 βαπτιζομένων,

352 4069 454 4119 καὶ
515 4067 588 4128 ὡς
644 4062 1054 4135 ἁποκαθαῖρονσ
1124 4065 1222 4118 καὶ
1284 4064 1362 4125 ὡς
1426 4065 1686 4133 μέγιστον
1733 4064 1823 4118 διὰ
1849 4065 1949 4136 τὴν

351 4159 540 4227 χάριν,
574 4154 757 4218 καθὼς
780 4157 815 4226 ἡ
841 4154 1093 4208 θάλασσα
1122 4153 1213 4207 διὰ
1247 4153 1309 4206 τὸ
1336 4153 1545 4225 πλῆθος
1572 4153 1681 4207 τῶν
1713 4154 1946 4210 ὑδάτων.

351 4252 471 4303 Καὶ
492 4249 786 4320 δράκοντες
829 4250 930 4318 μὲν
980 4248 1048 4301 ἂν
1077 4242 1190 4300 εἷεν
1225 4248 1276 4300 oi
1297 4242 1558 4318 δαίμονες
1585 4265 1598 4279 ’
1640 4247 1861 4318 δράκων
1889 4246 1948 4301 δὲ

351 4347 383 4397 ὁ
411 4343 600 4412 ἄρχων
638 4341 822 4395 αὐτῶν
844 4340 1114 4405 διάϐολος,
1141 4335 1216 4394 ὧν
1237 4341 1338 4403 τὰς
1362 4340 1609 4410 κεφαλὰς
1631 4339 1947 4410 συνέτριψε,

353 4435 456 4489 καὶ
478 4434 807 4487 συνέθλασεν
834 4436 892 4486 ὲν
917 4432 995 4503 τῷ
1018 4433 1171 4487 ὕδατι
1193 4430 1291 4487 τοῦ
1313 4433 1717 4504 βαπτίσματος.
1750 4433 1948 4503 Κεφα-

352 4527 450 4578 lati.
480 4525 535 4577 δὲ
585 4526 798 4579 τούτων
837 4525 978 4577 εἰσὶν
1016 4526 1072 4577 αἱ
1104 4524 1411 4596 ἁμαρτίαιο
1470 4525 1529 4578 ὲν
1552 4524 1783 4588 ταύταις
1837 4525 1948 4595 γὰρ

352 4618 452 4671 τὸν
477 4617 808 4688 φθοροποιὸν
848 4617 925 4670 ibi:
966 4618 1653 4689 ὲναποτεθησαυρισμένον
1698 4617 1944 4689 ἔχουσιν.

351 4703 460 4761 ’Ὧν
516 4706 952 4778 διαφθαρεισῶν,
979 4708 1086 4761 ὑπὸ
1141 4706 1236 4762 τοῦ
1287 4707 1692 4780 βαπτίσματος,
1731 4710 1833 4763 οὐκ
1863 4709 1946 4762 ἔτι

355 4800 531 4867 ζῶσιν
564 4803 619 4854 ὲν
649 4803 785 4871 ἡμῖν
823 4801 873 4853 οἱ
902 4800 1140 4854 τοιοῦτοι
1162 4800 1483 4872 δράκοντες.
1519 4803 1655 4856 Δαοὶ
1679 4801 1736 4854 δὲ
1761 4800 1947 4854 Amid-

354 4912 482 4965 πων
531 4895 581 4948 οἱ
634 4894 1094 4964 μεμελανωμένοι
1137 4894 1269 4964 πρὶν
1315 4894 1416 4957 τὰς
1444 4894 1623 4964 ψυχάς
1674 4893 1753 4965 τῷ
1789 4894 1948 4965 ῥύπῳ

353 4989 456 5041 καὶ
483 4985 562 5058 τῷ
615 4985 811 5056 καπνῷ
868 4987 971 5055 τῆς
1009 4986 1326 5056 ἁμαρτίαςο
1363 4980 1447 5050 οἷς
1505 4986 1728 5057 βρῶμα.
1766 4988 1949 5040 εἴτουν

351 5079 770 5149 παρανάλωμα,
792 5079 1043 5145 γίνεσθαι
1071 5079 1275 5132 δέδωκε
1304 5078 1398 5132 τὸν
1426 5080 1622 5150 νοητὸν
1649 5080 1947 5149 δράκοντα,

358 5172 501 5240 μετὰ
536 5172 599 5225 τὸ
633 5171 923 5243 βάπτισμα
952 5172 1200 5243 δηλονότι
1221 5189 1234 5203 ·
1257 5172 1539 5241 διέῥρηξε
1558 5171 1638 5236 δὲ,
1669 5173 1791 5243 ἦτοι
1816 5173 1949 5226 ἀνέ-

353 5265 499 5317 δωκε
525 5264 712 5333 πηγὰς
738 5266 835 5317 καὶ
868 5266 1209 5339 χειμάρρους
1254 5265 1608 5329 διδασκαλίας
1649 5284 1952 5338 πνευματι-

353 5360 461 5428 κῆς
494 5360 552 5411 ὲν
586 5360 655 5428 τῇ
692 5358 825 5428 πρὶν
866 5358 1060 5430 ἐρήμῳ
1113 5359 1414 5431 οἰκουμένῃ
1446 5359 1556 5412 τῶν
1607 5358 1777 5412 ἐθνῶν
1807 5376 1820 5391 ο
1845 5376 1952 5430 πη-

354 5451 463 5519 γάς
492 5450 592 5522 μὲν
634 5451 731 5510 διᾶιι
754 5451 816 5504 τὸ
844 5453 1095 5516 ἁένναον,
1122 5455 1218 5506 καὶ
1253 5452 1516 5523 καθαρὸν,
1555 5453 1650 5506 καὶ
1683 5452 1902 5522 ἣδιστον
1926 5495 1941 5520 ,

354 5546 699 5618 χειμάρῤους
751 5545 832 5610 δὲ,
861 5545 936 5609 ὡς
986 5547 1045 5599 ὲν
1092 5546 1172 5617 τῷ
1221 5545 1295 5600 λε’
1346 5546 1550 5617 ψαλμῷ
1579 5546 1942 5617 προείρηταν

354 5637 597 5709 ποταμοὶ
642 5636 700 5691 δὲ
753 5636 938 5705 Ἦθὰμ
991 5639 1139 5693 αἰὲν
1191 5638 1469 5702 Ἰουδαίοις
1512 5643 1845 5709 προφητεῖαι
1880 5641 1936 5693 αἱ

354 5733 621 5802 ἀρχαῖαι,
666 5731 794 5785 ὅσον
834 5729 969 5801 πρὸς
1008 5732 1107 5795 τὰς
1137 5731 1194 5788 ὲν
1237 5732 1592 5802 Χριστιανοῖς
1629 5733 1754 5795 νέας
1778 5748 1791 5761 ·
1821 5731 1947 5804 ἐξη-

436 5912 479 5946 ⁹¹
513 5912 681 5971 Micb.
707 5927 805 5979 vn,
851 5911 934 5969 19.

2055 3325 2204 3377 tione
2241 3338 2337 3377 sua
2371 3322 2606 3377 salutem
2651 3322 2814 3377 nobis
2864 3336 2997 3376 vere
3030 3328 3295 3391 operatus
3322 3328 3430 3384 eSt,
3466 3335 3497 3371 a
3525 3316 3641 3387 pri-

2054 3417 2202 3469 stino
2238 3429 2339 3468 nos
2368 3428 2560 3468 errore
2612 3414 2879 3478 liberans,
2927 3420 2981 3468 et
3035 3411 3233 3467 salutis
3274 3410 3415 3464 viam
3445 3418 3643 3464 osten-

2053 3507 2213 3562 dens.
2245 3506 2313 3559 In
2345 3506 2520 3560 medio
2548 3515 2728 3560 autem
2761 3514 2941 3571 teme,
2966 3504 3018 3559 id
3038 3513 3143 3571 est,
3170 3505 3225 3558 in
3254 3504 3406 3559 omni
3449 3512 3595 3557 terra
3625 3521 3641 3558 :

2054 3597 2271 3651 tametsi
2329 3597 2501 3666 aliqui
2533 3598 2586 3649 in
2621 3597 2737 3665 ipsa
2778 3595 3091 3667 intelligant
3143 3596 3251 3651 dici
3310 3594 3642 3660 Jerusalem,

2053 3708 2219 3764 quam
2250 3693 2306 3747 in
2338 3693 2518 3748 medio
2553 3702 2716 3747 terrae
2746 3693 2912 3747 sitam
2945 3706 3071 3747 esse
3119 3700 3401 3747 asserunt.
3453 3689 3642 3745 Robo-

2055 3787 2198 3841 ravit
2230 3796 2415 3841 autem
2463 3784 2727 3839 Christus
2760 3798 2932 3851 mare,
2970 3784 3064 3855 qui
3097 3782 3240 3838 sacri
3291 3781 3644 3852 baptismatis

2055 3895 2251 3950 aquam
2289 3879 2552 3945 validam,
2573 3886 2738 3948 atque
2762 3875 3042 3932 eﬂicacem
3076 3876 3344 3939 reddidit,
3375 3875 3646 3931 adversus

2053 3984 2246 4027 omnes
2297 3969 2609 4024 damnonum
2666 3977 2925 4023 conatus.
2961 3964 3098 4021 Nam
3140 3975 3194 4022 et
3230 3966 3488 4022 Michmas
3515 3982 3644 4036 pro-

2056 4048 2243 4129 pbeia,
2272 4074 2426 4114 mare
2460 4058 2595 4113 illud
2624 4058 2946 4129 appellavit,
2970 4058 3038 4112 ad
3074 4057 3244 4113 Deum
3282 4059 3471 4113 dicens
3501 4076 3516 4112 :
3562 4055 3644 4111 Tu

2051 4163 2269 4223 peccata
2295 4162 2479 4207 nostra
2509 4153 2564 4204 in
2595 4150 2865 4221 profunda
2894 4154 3058 4203 maris
3090 4152 3357 4221 demerges
3391 4152 3458 4203 ²¹.
3493 4151 3645 4205 Mare

2054 4253 2241 4300 autem
2303 4244 2578 4314 baptisma
2628 4241 2965 4312 appellatur,
3029 4256 3095 4295 eo
3146 4242 3294 4308 quod
3326 4241 3638 4296 animarum

2053 4340 2268 4405 sudes,
2291 4354 2411 4408 qua:
2434 4336 2546 4392 illic
2586 4335 2963 4405 baptitantur,
3017 4335 3234 4405 recipit,
3262 4344 3318 4389 et
3356 4336 3482 4405 quia
3513 4352 3642 4403 pur-

2054 4440 2168 4503 gat,
2205 4440 2260 4486 et
2285 4429 2415 4500 quia
2449 4444 2557 4484 non
2608 4443 2774 4485 secus
2799 4427 3104 4498 gratiarum
3138 4442 3204 4483 ac
3246 4428 3641 4484 charismatum

2054 4525 2211 4596 copia
2236 4523 2505 4588 abundat,
2539 4538 2704 4593 quam
2735 4536 2888 4576 mare
2918 4522 3193 4577 undarum
3258 4536 3322 4575 ac
3374 4520 3640 4575 fluctuum

2054 4617 2437 4673 multitudine.
2499 4616 2569 4671 Et
2625 4617 2897 4671 dracones
2956 4615 3180 4685 quidem
3238 4614 3347 4670 dici
3409 4620 3644 4684 possunt

2053 4712 2351 4767 dmmones.
2384 4710 2561 4763 Draco
2591 4719 2798 4773 autem,
2840 4724 3030 4763 eorum
3062 4709 3323 4777 princeps
3348 4707 3605 4763 diabolus
3625 4749 3639 4762 .

2053 4820 2290 4875 quorum
2328 4803 2532 4872 capita,
2567 4803 2670 4856 hoc
2701 4813 2805 4863 est,
2842 4816 3077 4871 quorum
3112 4810 3344 4871 peccata
3364 4799 3647 4855 Dominus

2054 4897 2343 4960 contrivit,
2378 4904 2434 4950 et
2463 4894 2740 4966 confregit
2774 4896 2828 4949 in
2859 4909 3004 4965 aqua
3035 4894 3412 4965 baptismatis.
3444 4892 3505 4948 In
3558 4893 3647 4948 bis

2056 4989 2263 5044 etenim
2302 4988 2581 5059 capitibus
2615 4988 2964 5043 mortiferum
2995 5004 3165 5043 omne
3209 4988 3511 5058 repositum
3558 4994 3647 5043 est

2055 5098 2354 5137 venenum.
2384 5081 2481 5137 His
2505 5082 2676 5152 igitur
2706 5082 3008 5152 capitibus,
3047 5082 3149 5135 boc
3183 5090 3291 5147 cst,
3334 5079 3422 5134 bis
3449 5094 3646 5148 pecca-

2053 5176 2123 5229 tis
2166 5189 2263 5243 per
2307 5173 2658 5244 baptismatis
2716 5188 2912 5244 aquam
2978 5172 3252 5242 perditis,
3312 5185 3376 5224 ac
3424 5170 3643 5236 deletis,

2052 5266 2189 5320 nulli
2216 5264 2458 5335 amplius
2484 5265 2537 5318 in
2567 5264 2729 5319 nobis
2753 5267 2937 5319 vivent
2959 5262 3251 5317 dracones.
3291 5260 3482 5329 Populi
3512 5275 3646 5316 vero

2051 5359 2375 5431 Etliiopum
2412 5358 2448 5413 ii
2479 5366 2631 5425 sunt,
2653 5359 2746 5429 qui
2781 5356 3015 5426 caligine
3041 5370 3105 5409 ac
3135 5354 3398 5409 sordibus
3431 5353 3641 5422 peccati

2054 5454 2268 5507 animas
2318 5451 2447 5508 olim
2510 5451 2793 5522 nigrantes
2856 5446 3130 5502 habebant
3162 5462 3177 5500 :
3212 5445 3345 5515 ipsa;
3377 5444 3639 5500 nimirum

2053 5555 2267 5618 gentes,
2295 5545 2496 5616 quibus
2522 5545 2820 5600 draconem
2847 5540 3001 5595 illum
3037 5538 3180 5594 Deus
3210 5545 3336 5609 post
3366 5538 3639 5608 baptisma

2056 5642 2111 5696 in
2153 5641 2361 5707 cibum,
2397 5640 2500 5695 boc
2546 5645 2651 5703 est,
2698 5636 2751 5692 in
2785 5633 3269 5704 consumptionem
3303 5630 3457 5686 dedit
3489 5647 3505 5697 ;
3542 5628 3640 5685 Di-

2057 5736 2201 5805 rupit
2230 5733 2422 5800 etiam,
2447 5732 2554 5788 boc
2592 5739 2699 5797 est,
2752 5727 2988 5800 praebuit
3017 5726 3164 5783 Deus
3203 5724 3409 5791 fontes,
3437 5731 3489 5781 ct
3518 5730 3639 5780 tor-
