4064 6432
447 389 553 453 ’ἴεῖ

1673 412 2056 476 EUTIIYMII
2086 418 2452 483 ZIGABENI

3613 432 3721 497 768

519 504 684 563 Vens.
712 508 767 563 6.
802 509 981 566 Nolite
1012 515 1263 571 extollere
1292 519 1345 572 in
1384 521 1552 577 altum
1585 542 1752 582 cornu
1781 542 2031 587 vestrum.

2208 539 2304 606 Μὴ
2334 539 2609 607 ἐπαίρετε
2646 545 2734 608 εὶς
2764 544 2922 613 ὕψος
2953 544 3020 600 τὸ
3049 546 3226 614 κέρας
3258 549 3444 615 ὑμῶν.
3476 551 3550 604 Τὸ
3582 553 3718 607 αὐτὸ

446 596 594 650 Idem
626 598 820 654 iterum
855 605 1069 674 repetit,
1103 607 1169 660 ad
1198 617 1620 671 contestationis
1669 635 1781 675 sua:
1826 625 2030 678 conﬁr—

448 690 772 747 mationem.

516 779 588 833 Et
621 782 779 853 nolite
815 783 960 853 loqui
989 788 1243 845 adversus
1276 793 1440 849 Deum
1473 798 1823 866 injustitiam.
1856 802 2032 861 Verba

446 872 559 925 hmc
599 873 740 927 idem
772 891 928 944 asque
956 881 1292 951 significant,
1329 888 1475 955 quod
1511 890 1600 943 illa
1646 911 1658 946 :
1700 892 2032 955 lniustitiam

443 963 499 1013 in
547 963 771 1020 sublime
814 968 982 1024 locuti
1028 981 1153 1027 sunt
1198 976 1286 1041 ὀς
1345 978 1411 1033 de
1468 980 1667 1050 quibus
1705 982 1943 1043 diximus
1977 990 2030 1042 in

442 1053 654 1119 psalmo
685 1072 853 1111 Lxxu.

527 1146 696 1206 Vens.
752 1150 804 1204 7.
839 1154 1102 1219 Quoniam
1135 1175 1294 1230 neque
1323 1172 1389 1215 ab
1412 1180 1623 1235 egressu
1648 1185 1808 1239 neque
1837 1171 1902 1225 ab
1938 1190 2031 1228 oc-

442 1240 646 1295 cidente
670 1283 685 1305 ,
720 1258 882 1314 neque
915 1264 945 1299 α
976 1248 1200 1304 desertis
1230 1255 1519 1312 montibus.
1565 1257 1748 1315 Gloria
1776 1302 1792 1327 ,
1831 1261 2029 1334 inquit,

443 1340 500 1385 et
522 1331 746 1400 divitiae,
789 1336 915 1390 item
944 1339 1115 1408 gloria
1147 1386 1161 1409 ,
1186 1351 1241 1397 et
1276 1358 1594 1417 paupertas,
1630 1368 1738 1407 non
1763 1364 1846 1411 est
1878 1331 2037 1415 nobis

446 1424 514 1479 ab
538 1435 810 1482 astrorum
842 1442 991 1495 ortu,
1031 1449 1208 1504 neque
1242 1438 1311 1492 ab
1334 1454 1525 1495 eorum
1557 1458 1755 1500 occasu
1788 1487 1804 1511 ,
1846 1459 1903 1501 ιιι
1947 1467 2037 1507 as-

443 1527 632 1571 serunt
661 1521 917 1592 astrologi
957 1540 973 1579 :
1013 1527 1260 1594 quiniuo
1317 1546 1418 1584 nec
1463 1549 1491 1586 a
1541 1535 1883 1595 daemonibus
1930 1542 2033 1597 ista

443 1606 764 1665 hominibus
793 1614 1115 1675 adveniunt.
1162 1616 1266 1674 Per
1312 1621 1586 1683 desertos.
1627 1630 1772 1685 enim
1822 1644 2036 1692 montes

443 1699 595 1769 ipsos
614 1702 887 1759 dtemones
913 1706 1186 1780 intelligit,
1204 1713 1332 1780 quia
1357 1717 1506 1770 omni
1532 1719 1798 1775 virtutum
1827 1740 2034 1792 genere

2136 628 2287 696 λέγει
2319 631 2482 685 πάλιν
2512 634 2593 695 είς
2624 633 2875 688 ἐπίτασιν
2907 634 2997 689 διὰ
3030 636 3362 708 μαρτυρίας.

2207 805 2314 859 Kal
2336 805 2422 875 μὴ
2465 807 2711 862 ,λαλεῖτε
2732 810 2884 864 κατὰ
2918 811 3028 865 τοῦ
3061 814 3211 867 Θεοῦ
3246 814 3510 870 ἀδικίαν.
3549 818 3722 874 Τοῦτο

2136 894 2331 946 ταύτὸν
2352 895 2574 948 δύναται
2590 897 2668 967 τῷ
2699 899 2965 953 Ἀδικίαν
2989 902 3076 966 εις
3103 901 3171 955 τὸ
3194 902 3351 972 ὕψος
3375 905 3718 977 ἐλάλησαν,

2135 986 2163 1039 ὂ
2202 987 2383 1040 κεῖται
2412 990 2473 1041 ἐν
2501 987 2579 1058 τῷ
2609 987 2685 1060 οβ’
2713 990 2938 1062 ψαλμῷ.

2208 1164 2338 1218 Ὅτι
2370 1165 2508 1220 οὔτε
2546 1166 2665 1221 ἀπὸ
2692 1168 2945 1237 ἐξόδων,
2969 1173 3110 1227 οὔτε
3136 1174 3257 1230 ἀπὸ
3279 1175 3553 1248 δυσμῶν,
3584 1183 3726 1239 οὔτε

2141 1256 2264 1311 ἀπὸ
2317 1257 2558 1328 ἐρήμων
2595 1260 2799 1330 ὀρέων.
2837 1263 2980 1318 Οὔτε
3028 1266 3093 1320 ἐκ
3123 1266 3235 1322 τῶν
3292 1272 3573 1328 ἀνατολῶν
3610 1278 3722 1333 τῶν

2139 1348 2411 1418 ἀστέρων,
2474 1350 2599 1405 οὔτε
2640 1353 2707 1406 ἐκ
2746 1353 2856 1409 τῶν
2907 1356 3115 1412 δύσεων
3159 1360 3342 1415 αὐτῶν
3386 1365 3529 1419 κατά
3592 1369 3722 1434 τοὺς

2138 1441 2527 1511 ἀστρολόγους,
2580 1443 2693 1498 οὔτ’
2743 1444 2899 1510 αὖθις
2955 1450 3021 1503 ὲκ
3068 1451 3178 1504 τῶν
3235 1452 3549 1525 δαιμόνων,
3605 1460 3718 1513 τῶν

2136 1532 2361 1603 ἐρήμων
2404 1535 2502 1604 μὲν
2545 1535 2712 1590 καλοῦ
2760 1539 2987 1606 παντὸς,
3009 1541 3183 1612 ὀρέων
3211 1544 3267 1599 δὲ
3295 1546 3602 1616 λεγομένων
3629 1536 3720 1606 διὰ

2135 1624 2236 1695 τὴν
2279 1622 2512 1694 ἔπαρσιν
2538 1628 2634 1681 καὶ
2661 1628 2978 1694 ἀλαζονίαν·
3005 1632 3038 1703 ἢ
3068 1634 3319 1703 πλοῦτος,
3343 1639 3374 1710 ἢ
3399 1622 3526 1708 δόξα
3552 1659 3722 1715 χορη-

2137 1718 2338 1784 γείται,
2376 1719 2408 1789 ἢ
2446 1720 2626 1785 πενία,
2663 1722 2696 1794 ἢ
2728 1724 2917 1791 ἀδοξία
2950 1732 3329 1798 προσγίνεται,
3371 1735 3509 1790 ἀλλά
3538 1739 3723 1807 κρίσει

443 1792 641 1846 deserti
666 1810 727 1847 ac
750 1798 966 1853 steriles
1001 1810 1150 1865 sunt,
1177 1811 1231 1857 et
1267 1809 1534 1862 montium
1568 1811 1744 1867 instar
1775 1817 2030 1884 superbia

2145 1807 2279 1861 Θεοῦ
2318 1809 2529 1883 δικαίᾳ.
2568 1792 2816 1879 Ἐξόδους
2845 1816 2955 1887 γὰρ
2990 1792 3147 1874 ᾇιαλέῖ
3178 1823 3277 1892 μὲν
3308 1792 3406 1894 τὴν
3436 1827 3529 1880 τοῦ
3563 1792 3720 1899 iam

442 1883 590 1937 elati.
619 1884 723 1939 Sed
750 1889 898 1955 justo
952 1890 1047 1946 Ι).ιί
1106 1893 1314 1961 judicio
1358 1899 1544 1953 omnia
1599 1883 2020 1971 dispensantur.

2145 1901 2428 1975 ἀνατολήνο
2501 1905 2619 1960 Ἀπ’
2666 1883 2865 1976 ἆκρουγ
2891 1883 3023 1982 γάρ,
3058 1883 3212 1983 φησί,
3243 1883 3374 1971 τοῦ.
3398 1883 3659 1989 οὐρανοῦ
3684 1924 3726 1993 ἡ

443 1971 546 2028 Per
576 1990 860 2041 egressum
891 1990 1093 2048 autem,
1128 1985 1262 2040 solis
1297 1997 1476 2042 ortum
1511 1992 1804 2065 intelligit,
1841 2015 2032 2067 quem-

447 2062 736 2117 admodum
777 2076 835 2120 et
868 2068 1000 2125 alibi
1031 2088 1155 2127 cum
1188 2075 1264 2128 ait
1298 2095 1311 2129 :
1344 2078 1384 2129 A
1414 2096 1619 2134 summo
1647 2062 1773 2137 caelo
1802 2090 2031 2155 egressio

447 2152 556 2221 ejus
596 2156 662 2213 ’⁷.
696 2156 799 2211 Per
836 2175 1092 2216 occasum
1139 2180 1271 2221 vero
1302 2170 1644 2227 occidentem
1673 2191 1688 2239 ;
1718 2182 1772 2229 et
1800 2191 1894 2246 per
1937 2180 2033 2234 de-

447 2256 625 2303 sertos
666 2261 878 2308 moates
905 2294 920 2319 ,
955 2261 1345 2326 septentrionis
1400 2273 1455 2318 et
1505 2266 1753 2322 meridiei
1784 2270 2028 2332 climata.

446 2355 564 2407 qua:
598 2341 669 2396 ob
697 2345 922 2399 nimium
957 2347 1165 2418 frigus,
1219 2363 1314 2407 aut
1374 2356 1614 2411 calorem
1648 2398 1663 2423 ,
1719 2359 2033 2419 hominibus

445 2430 658 2487 deserta
691 2446 840 2496 sunt.
874 2438 969 2493 Est
997 2451 1177 2497 autem
1208 2444 1296 2498 hic
1320 2461 1502 2501 sermo
1523 2449 1863 2519 defectivus;
1891 2455 2036 2511 unde

445 2524 648 2593 aliquid
682 2528 1204 2602 subiutelligendum
1251 2546 1372 2602 est,
1414 2541 1566 2595 verbi
1620 2545 1836 2612 gratia:
1882 2545 2037 2601 Nihil

448 2614 599 2672 latet.
628 2617 795 2682 Nihil,
838 2621 1051 2691 inquit,
1094 2627 1148 2679 in
1186 2626 1354 2682 futuri
1398 2630 1583 2697 iudicii
1616 2644 1860 2704 tempore
1885 2645 2038 2707 pote-

447 2705 519 2757 rit
549 2706 714 2762 Deum
768 2711 956 2769 latere.
1007 2714 1204 2771 Omnia
1254 2722 1458 2775 etenim
1509 2724 1555 2778 ei
1610 2705 1922 2795 patebunt,
1980 2729 2035 2782 in

2139 1992 2354 2060 ἔξοδος
2387 1996 2574 2049 αὑτοῦ
2599 2016 2613 2031 ο
2645 1997 2855 2068 δυσμὰς
2882 2001 2939 2054 δὲ
2967 2001 3065 2073 τὴν
3099 2004 3250 2058 δύσιν
3271 2022 3288 2037 ·
3329 2008 3513 2080 ἔρημα
3540 2011 3598 2064 δὲ
3621 1992 3724 2085 ὅρη

2139 2085 2208 2138 τά
2245 2086 2434 2157 βόρεια
2487 2089 2579 2142 καὶ
2634 2092 2786 2176 νότια
2841 2093 3108 2163 κλίματα,
3162 2098 3307 2152 κατά
3374 2103 3727 2176 μεσημϐρίαν

2140 2167 2236 2231 καὶ
2277 2177 2512 2249 ἄρκτον
2549 2173 2725 2235 ταῦτα
2760 2185 2868 2254 γάρ
2900 2185 3085 2259 ἔρημά
3132 2190 3274 2244 εἰσιν
3299 2167 3627 2262 ἀνθρώπων..
3662 2197 3727 2250 τὸ

2145 2272 2240 2340 μὲν
2272 2271 2341 2325 δι’
2377 2273 2687 2345 ὑπερϐολὴν
2715 2276 2941 2347 ψύχους,
2968 2280 3029 2333 τὸ
3057 2280 3115 2334 δὲ
3145 2281 3376 2354 θέρμης.
3422 2285 3725 2341 Ἐλλειπτι-

2142 2362 2238 2414 κὺν
2269 2362 2325 2415 δὲ
2350 2363 2410 2416 τὸ
2443 2364 2634 2435 σχῆμα
2655 2381 2668 2395 ⁸
2701 2367 2880 2421 λείπει
2906 2369 3017 2439 γὰρ
3043 2371 3104 2424 τδ
3154 2373 3387 2442 nanos
3417 2391 3492 2431 τι.
3520 2377 3594 2431 Οὐ
3633 2377 3726 2432 λέ-

2146 2452 2278 2523 ληθέ
2326 2472 2400 2520 τι,
2435 2458 2624 2526 φησὶν,
2670 2457 2762 2510 ἀπ’
2793 2460 3007 2524 οὐδενὸς
3052 2462 3319 2533 κλίματος
3354 2464 3456 2535 τῆς
3514 2470 3612 2538 γῆς
3658 2471 3719 2523 ὲν

2146 2547 2224 2618 τῷ
2245 2548 2422 2620 καιρῷ
2449 2551 2548 2619 τῆς
2578 2549 2883 2622 μελλούσης
2907 2553 3143 2625 κρίσεως
3164 2570 3178 2585 ·
3208 2554 3289 2608 διὸ
3323 2556 3489 2627 μηδὲν
3516 2557 3726 2628 φαῦλον

2146 2638 2374 2705 ποιῆτε’
2426 2635 2711 2702 ποιοῦντες
2761 2639 2838 2706 δὲ,
2874 2640 2949 2713 μὴ
2999 2643 3177 2696 οἴεσθε
3256 2644 3562 2703 λανθάνειν.
3594 2643 3731 2708 Εἶτα

2147 2727 2331 2796 τίθησι
2358 2728 2451 2781 καὶ
2479 2728 2576 2799 τὴν
2606 2729 2785 2785 αἰτίαν
2813 2733 2906 2786 τοῦ
2941 2733 3110 2804 μηδὲν
3143 2733 3453 2793 λανθάνειν.

446 2816 774 2873 quacunque
833 2823 895 2863 ea
936 2809 1138 2867 iuerint
1192 2818 1453 2888 regione:
1517 2830 1683 2890 atque
1741 2823 1863 2879 ideo
1910 2825 2079 2880 nolite
2155 2840 2386 2894 pravum
2430 2825 2653 2896 aliquod
2700 2827 2879 2883 scelus
2929 2831 3293 2888 committere.
3341 2832 3530 2903 Neque
3577 2834 3728 2892 enim

447 2900 614 2957 latere
643 2920 765 2959 eum
800 2909 922 2975 quis
954 2912 1148 2978 poterit
1175 2950 1195 2980 ,
1239 2914 1283 2968 si
1330 2916 1382 2969 in
1420 2932 1546 2971 cum
1593 2920 1910 2991 deliquerit.
1961 2920 2027 2974 Et
2067 2922 2269 2976 deinde
2301 2938 2527 2979 causam
2560 2925 2735 2992 ponit,
2763 2939 2864 3008 cur
2887 2926 3025 2980 nihil
3054 2926 3221 2983 Deum
3251 2929 3441 2986 lateat.

520 2992 783 3057 Quoniam
818 2997 954 3051 Deus
990 3001 1160 3069 judea:
1217 3014 1316 3059 est.
1362 3007 1634 3074 Quoniam
1687 3013 1831 3070 Deus
1894 3023 2023 3077 cst,

447 3086 540 3150 qui
573 3086 781 3153 judicat
811 3090 1017 3160 quique
1039 3094 1225 3150 omnia
1257 3097 1462 3167 optime
1503 3102 1693 3168 novit,
1740 3103 1903 3159 etiam
1937 3121 2038 3161 an-

447 3186 701 3248 teaquam
745 3184 957 3241 tierent.

2213 3013 2345 3069 Ὅτι
2386 3016 2418 3068 ὁ
2478 3015 2624 3082 Θεὸς
2669 3016 2877 3084 κριτής
2926 3017 3121 3072 ἐστιν.
3163 3018 3226 3074 '0
3266 3019 3400 3085 Θεὸς
3450 3022 3650 3093 κρίνει,
3701 3027 3741 3081 ἀ

2140 3105 2321 3160 πάντα
2352 3107 2446 3161 καὶ
2483 3107 2608 3162 ἰδὼν
2641 3109 2738 3162 καὶ
2776 3107 2935 3174 εἰδὼς
2967 3109 3075 3182 πρὸ
3109 3110 3381 3180 γενέσεως
3413 3114 3616 3173 αὐτῶν.

521 3271 685 3328 Vens.
731 3277 787 3330 8.
827 3276 980 3333 "una
1018 3282 1264 3337 Immiliat
1293 3326 1309 3351 ,
1337 3299 1384 3339 et
1431 3287 1566 3342 hunc
1595 3293 1824 3349 exultat.
1879 3295 2032 3352 l-lunc

2220 3279 2441 3336 Τοῦτον
2496 3283 2806 3346 ταπεινοῖ,
2877 3285 2975 3338 καὶ
3021 3284 3238 3340 τοῦτον
3266 3289 3434 3357 ὑψοῖ.
3471 3288 3576 3344 Τὸν
3630 3292 3735 3373 μὲν

327 3366 367 3388 ”
445 3362 664 3429 quidem
698 3365 950 3434 honorat,
983 3380 1038 3425 et
1073 3374 1238 3428 alium
1277 3379 1554 3444 reprobat,
1582 3381 1738 3449 juxta
1767 3386 2038 3439 uniuscu-

443 3453 644 3522 jusque
669 3456 857 3524 vitam,
886 3460 1115 3530 acjuxta
1138 3463 1480 3533 justissimas
1506 3473 1768 3539 quasdam
1798 3476 2040 3533 rationes

445 3545 614 3598 divini
642 3546 860 3612 judicii.
1468 3605 1475 3612 .

526 3634 792 3698 Quoniam
825 3642 969 3694 calix
994 3643 1046 3697 in
1078 3662 1238 3700 manu
1280 3648 1496 3705 Domini
1536 3655 1641 3708 vini
1681 3659 1810 3710 meri
1852 3657 2039 3727 plenus

447 3725 714 3782 mistione.
750 3728 923 3787 Totus
957 3749 1140 3789 sermo
1192 3741 1604 3809 metaphoricus
1657 3754 1765 3802 est.
1822 3725 1888 3801 Et
1922 3749 2040 3819 'per

446 3831 669 3871 manum
709 3822 933 3890 quidem
978 3824 1191 3882 Domini
1231 3830 1377 3887 illius
1409 3836 1706 3903 potentiam
1757 3838 2034 3910 intelligit,

444 3923 544 3978 per
571 3912 804 3966 calicem
839 3925 1019 3971 autem
1048 3920 1157 3975 viui
1181 3965 1195 3987 ,
1249 3938 1540 3981 mensuras
1582 3943 1646 3984 ac
1676 3932 1867 3987 modos
1918 3948 2038 4004 p03-

445 4017 660 4058 narum.
695 4003 796 4060 Per
829 4009 1016 4064 vinum
1044 4013 1188 4067 enim
1220 4015 1323 4070 hoc
1354 4017 1408 4072 in
1454 4018 1575 4076 loco
1630 4024 1901 4093 supplicia
1934 4026 2027 4080 in-

442 4096 787 4167 telliguntur,
816 4112 981 4171 atque
1004 4106 1373 4176 calamitates,
1396 4126 1517 4179 quae
1539 4129 1715 4184 aeque,
1742 4131 1804 4170 ae
1821 4118 2034 4184 vinum,

443 4197 498 4241 et
529 4190 673 4247 vires
700 4193 980 4250 hominum
1033 4199 1276 4265 tollunt,
1319 4213 1376 4258 et
1431 4209 1637 4263 mentis
1686 4208 2034 4264 harmoniam

441 4281 778 4349 dissolvunt,
811 4297 864 4342 et
901 4289 1160 4347 aberrare
1196 4309 1296 4348 nos
1320 4295 1545 4350 .laciunt
1597 4314 1626 4351 a
1662 4301 1787 4362 ivia.
1831 4300 2034 4355 Merum

441 4387 572 4427 vero
602 4390 723 4430 esse
751 4377 955 4433 dicitur
987 4382 1092 4436 hoc
1128 4385 1337 4451 vinum,
1364 4388 1519 4456 quasi
1554 4399 1835 4445 austerum
1870 4402 2036 4462 atque

441 4463 632 4519 edicax
689 4468 741 4521 vi
775 4484 897 4533 sua,
934 4479 989 4525 et
1041 4474 1192 4525 nulla
1240 4477 1460 4531 mistum
1511 4478 1912 4536 misericordia.
1966 4482 2033 4537 Et

444 4556 535 4609 hic
579 4560 801 4627 quidem
844 4563 984 4617 calix
1017 4574 1102 4619 est
1142 4567 1250 4620 viui
1299 4572 1456 4624 tueri.
1506 4570 1708 4627 Verum
1755 4577 1807 4629 in
1866 4592 2031 4630 manu

2143 3369 2424 3438 ἀτιμάζει,
2463 3372 2557 3425 τὸν
2597 3373 2655 3426 δὲ
2701 3375 2857 3445 τιμᾷ,
2907 3378 3050 3429 κατά
3100 3377 3200 3446 τὴν
3249 3380 3567 3453 οἰκονομίαν
3620 3369 3736 3439 τῶν

2143 3459 2491 3531 βεϐιωμένων
2542 3462 2780 3534 ἑκάστῳ,
2836 3465 2934 3519 καὶ
2989 3466 3079 3521 τὸν
3137 3467 3297 3537 λόγον
3349 3470 3449 3541 τῆς
3499 3472 3731 3538 δικαίας

2143 3552 2311 3605 αὐτοῦ
2346 3554 2606 3624 κρίσεως.

2213 3647 2341 3700 Ὅτι
2376 3649 2669 3717 ποτήριον
2698 3652 2766 3704 ἐν
2794 3654 2945 3722 χειρὶ
2981 3655 3203 3722 Κυρίου
3245 3655 3419 3711 οἴνου
3465 3657 3737 3727 ἀκράτου

2142 3736 2374 3808 πλῆρες
2411 3742 2811 3811 κεράσματος.
2856 3748 3247 3818 Μεταφορικδς
3299 3749 3422 3814 ὅλος
3456 3751 3484 3805 ὁ
3534 3750 3735 3822 λόγος·

2145 3833 2239 3883 καὶ
2292 3834 2454 3902 χεῖρα
2508 3833 2607 3902 μὲν
2660 3835 2863 3907 Κυρίου
2923 3839 3080 3892 καλεῖ
3123 3839 3221 3909 τὴν
3270 3841 3501 3909 δύναμιν
3556 3843 3732 3897 αὐτοῦ

2142 3925 2403 3995 ποτήριον
2435 3924 2495 3978 δὲ
2537 3925 2704 3990 οἴνου,
2756 3929 2816 3981 τὸ
2870 3930 3070 4002 μέτρον
3103 3933 3204 4002 τῆς
3237 3935 3505 4005 τιμωρίας
3528 3953 3541 3969 ο
3574 3930 3728 4000 οἶνος

2140 4017 2250 4083 γάρ
2283 4015 2445 4087 νῦνή
2490 4021 2757 4090 τιμωρία.
2802 4023 2947 4075 Διότι
3012 4025 3422 4095 παραπλησίως
3470 4026 3549 4096 τῷ
3595 4028 3735 4095 οἴνῳ

2141 4107 2467 4176 ἀφαιρεῖται
2518 4107 2617 4179 τὴν
2653 4109 2749 4164 τοῦ
2784 4110 3077 4182 ἀνθρώπου
3108 4112 3366 4184 δύναμιν,
3410 4116 3504 4168 καὶ
3540 4115 3737 4170 ἐκλύει

2138 4198 2241 4260 τὰς
2288 4198 2579 4270 ἁρμονίας,
2618 4201 2715 4255 καὶ
2760 4204 2909 4256 ποιεῖ
2951 4203 3311 4271 σφάλλεσθαι.
3359 4207 3638 4276 Ἄκρατος
3667 4206 3737 4261 δὲ

2140 4287 2296 4356 οὗτος
2347 4295 2376 4348 ὁ
2419 4290 2587 4359 οἶνος,
2634 4294 2712 4358 ὡς
2763 4297 3033 4367 αὐστηρὸς
3051 4340 3074 4369 ξ,
3124 4298 3222 4352 καὶ⁵
3272 4298 3574 4371 ἀπότομος,
3630 4301 3738 4353 καὶ

2140 4388 2351 4458 ἀμιγὴς
2385 4388 2821 4458 φιλανθρωπίας.
2861 4391 3024 4444 Ἀλλά
3055 4391 3215 4444 τοῦτο
3245 4391 3344 4462 μὲν
3379 4393 3440 4445 τὸ
3467 4395 3745 4463 ποτήριον

2140 4475 2286 4529 οἴνου
2319 4479 2469 4530 ἐστὶν
2499 4479 2745 4550 ἀκράτου
2780 4496 2797 4513 ο
2831 4481 2951 4534 ἐστὶ
2989 4480 3046 4533 δὲ
3072 4481 3130 4533 ἐν
3155 4482 3222 4551 τῇ
3256 4482 3401 4552 χειρὶ
3432 4483 3598 4536 αὐτοῦ
3631 4485 3739 4537 καὶ

2142 4570 2328 4639 ἕτερον
2363 4571 2651 4640 ποτήριον,
2684 4573 2890 4644 πλῆρες
2920 4573 3291 4642 κεράσματος,
3320 4573 3500 4627 εῐτουν
3532 4575 3739 4643 φιλαν-

447 4646 664 4703 homini
694 4651 835 4706 alius
869 4655 1032 4708 etiam
1070 4664 1157 4711 est
1184 4659 1346 4724 calix,
1379 4662 1572 4728 plenus
1604 4666 1884 4734 mistione.,
1929 4668 2032 4723 hoc

2145 4662 2414 4729 Ορωπίας.
2444 4663 2715 4733 Κέρασμα
2749 4663 2859 4735 γὰρ
2892 4664 3036 4717 οἴνου
3071 4664 3169 4733 μὲν
3210 4663 3386 4734 ὕδωρ,
3421 4665 3737 4735 αὐστηρίας

441 4748 546 4801 est,
584 4741 987 4800 misericordia.
1030 4748 1215 4805 Missio
1245 4751 1388 4806 enim
1410 4754 1546 4818 vini,
1578 4769 1742 4825 aqua,
1774 4767 1828 4811 et
1848 4759 2033 4812 rnistio

444 4832 807 4897 austeritatis,
826 4836 1228 4895 misericordia.
1249 4839 1520 4897 Debemus
1554 4855 1738 4900 autem
1763 4861 1824 4900 ea
1846 4848 2034 4910 verba,

442 4920 626 4987 plenus
656 4924 926 4991 mistione,
948 4944 1056 4984 non
1084 4934 1334 5001 sequenti
1366 4935 1643 4989 versiculo
1677 4937 2034 5008 conjungere,

440 5014 536 5069 sed
571 5030 666 5084 per
697 5033 757 5072 se
778 5020 961 5076 soluta
992 5023 1174 5093 legere
1201 5065 1215 5090 ,
1268 5026 1734 5099 subintelligendo
1789 5032 1995 5100 conjun

439 5108 713 5176 etionem,
769 5122 823 5166 et
880 5115 1152 5170 sumendo
1198 5131 1227 5168 a
1271 5122 1551 5173 communi
1612 5136 1779 5178 sensu
1812 5124 1978 5179 verba
2018 5141 2032 5179 :

440 5197 599 5253 Calix
627 5203 682 5255 in
707 5219 868 5257 manu
894 5204 1124 5273 Domini,
1153 5214 1212 5260 ut
1247 5209 1319 5261 sit
1348 5224 1545 5266 sensus
1579 5253 1594 5276 ,
1619 5215 1837 5283 quodin
1862 5231 2028 5271 manu

443 5290 653 5347 Domini
694 5306 775 5350 est
806 5296 949 5351 calix
978 5299 1091 5352 vini
1136 5300 1294 5366 meri,
1321 5311 1369 5355 et
1407 5301 1459 5356 in
1495 5308 1684 5361 eadem
1745 5324 1911 5363 manu
1949 5317 2034 5364 est

2138 4755 2197 4807 δὲ
2232 4744 2643 4825 φιλανθρωπία,
2673 4756 2795 4826 Χρὴ
2828 4757 2937 4827 γάρ
2968 4756 3045 4826 τῷ
3077 4755 3312 4826 Πλῆρες
3351 4756 3738 4826 κερὰσματος

2150 4849 2226 4920 μὴ
2277 4851 2575 4903 συνάπτειν
2613 4849 2673 4902 τὸ
2719 4849 2947 4903 ὄπισθεν
2980 4850 3175 4922 ρητὸνθ
3226 4850 3361 4903 ἀλλά
3407 4850 3530 4904 καθ’
3564 4852 3739 4906 ἐαυτδ

2142 4940 2455 5010 ἁσυνδέτως
2492 4941 2914 5009 ἀναγινώσκειν,
2947 4940 3042 4993 τοῦ
3084 4941 3185 4995 καὶ
3213 4941 3512 5010 συνδέσμου
3547 4941 3734 4994 ὲλλεί-

2141 5047 2337 5094 ποντος
2385 5006 2508 5100 μὲν,
2538 5006 3045 5101 συνεξακουομένου
3074 5030 3133 5083 δέ
3159 5047 3174 5064 ·
3215 5006 3480 5094 ἕλκοντας
3510 5031 3603 5084 καὶ
3634 5032 3738 5085 ἐπὶ

2140 5123 2318 5194 τούτῳ
2356 5123 2415 5177 τὸ
2477 5124 2768 5192 ποτήριον
2789 5123 2859 5176 ἐν
2889 5121 3041 5191 χειρὶ
3071 5122 3325 5191 Κυρίοψ
3366 5123 3487 5186 πῶς
3518 5122 3628 5194 γὰρ
3658 5122 3736 5178 ἂν

2144 5202 2229 5286 εἴη
2266 5217 2327 5269 τὸ
2360 5215 2495 5271 αὐτὸ
2529 5216 2584 5269 τὸ
2611 5215 2855 5286 ἄκρατον
2887 5214 3009 5284 ἔχον
3054 5218 3148 5267 καὶ
3179 5214 3468 5286 κέρασμα;
3507 5216 3629 5269 Ὀτι
3666 5216 3736 5270 δὲ

2140 5310 2236 5363 δύο
2260 5308 2455 5374 ταῦτα,
2484 5308 2718 5378 δηλώσει
2742 5309 2803 5361 τὸ
2832 5307 3198 5377 ἐπαγόμενον.

439 5382 575 5437 calix
626 5383 821 5454 plenus
849 5386 1121 5442 mistione.
1144 5386 1279 5442 Nam
1303 5391 1529 5461 alioqui,
1551 5396 1829 5463 quomodo
1850 5414 2016 5466 unus,
2059 5407 2226 5468 atque
2261 5398 2406 5453 idem
2432 5399 2572 5454 calix
2608 5397 2811 5468 poterit
2839 5407 2892 5449 et
2927 5411 3162 5464 merum,
3186 5407 3241 5451 et
3303 5399 3524 5452 mistum
3584 5409 3739 5452 oon-

439 5475 650 5530 tiuere?
678 5478 738 5529 Et
763 5480 907 5547 quod
938 5480 1049 5535 duo
1077 5482 1189 5537 sint
1212 5484 1434 5550 calices,
1461 5498 1608 5556 patet
1627 5490 1794 5546 etiam
1816 5493 2023 5550 clarius
2060 5511 2127 5552 ex
2159 5495 2545 5563 sequentibus.

515 5568 678 5623 Vens.
714 5569 769 5623 9.
799 5571 864 5624 Et
886 5573 1160 5628 inclinavit
1188 5591 1253 5630 ex
1279 5577 1374 5630 hoc
1400 5577 1609 5635 in‘ltoc.
1657 5583 1726 5638 Et
1776 5584 1845 5642 de
1888 5601 2037 5643 men-

448 5668 575 5706 sura
606 5659 737 5710 meri
774 5662 1060 5731 supplicii,
1112 5664 1313 5720 eﬂ‘udit
1347 5667 1398 5721 in
1440 5684 1756 5727 mensuram
1812 5675 2032 5730 miseri-

499 5826 711 5882 "l'sal.
766 5838 1013 5893 unus.
1115 5842 1157 5871 ’⁷
1194 5842 1336 5901 Psal.
1392 5861 1547 5904 xvm.
1585 5847 1637 5902 7.

2219 5588 2326 5640 Kal
2373 5585 2619 5639 ἔκλινεν
2660 5584 2732 5639 ἐκ
2801 5583 3019 5636 τούτου
3092 5583 3180 5647 είς
3233 5579 3432 5636 τοῦτο.
3480 5579 3736 5651 Ἐνέχεεν

2145 5677 2210 5730 ἐκ
2238 5676 2332 5730 τοῦ
2365 5677 2568 5748 μέτρου
2597 5677 2696 5746 τῆς
2727 5674 2971 5744 ἀκράτου
3009 5673 3282 5745 τιμωρίας
3310 5673 3404 5730 ἐπὶ
3431 5672 3492 5727 τὸ
3522 5671 3741 5743 nam,
