  <div class='ocr_page' id='page_1' title='image "/cluster/home/n/w/nwhite01/storage/ocr_20150623/128:no.1/coo.31924054870336/392.png"; bbox 0 0 4064 6440; ppageno 0'>
   <div class='ocr_carea' id='block_1_1' title="bbox 309 327 415 394">
    <p class='ocr_par' dir='ltr' id='par_1_1' title="bbox 309 327 415 394">
     <span class='ocr_line' id='line_1_1' title="bbox 309 327 415 394; baseline 0.009 -2"><span class='ocrx_word' id='word_1_1' title='bbox 309 327 415 394; x_wconf 77' lang='lat'><strong>769</strong></span> 
     </span>
    </p>
   </div>
   <div class='ocr_carea' id='block_1_2' title="bbox 1488 318 2406 383">
    <p class='ocr_par' dir='ltr' id='par_1_2' title="bbox 1488 318 2406 383">
     <span class='ocr_line' id='line_1_2' title="bbox 1488 318 2406 383; baseline 0 -1"><span class='ocrx_word' id='word_1_2' title='bbox 1488 319 1877 383; x_wconf 76' lang='lat' dir='ltr'><strong>COMMENT.</strong></span> <span class='ocrx_word' id='word_1_3' title='bbox 1924 318 2007 379; x_wconf 89' lang='lat' dir='ltr'><strong>IN</strong></span> <span class='ocrx_word' id='word_1_4' title='bbox 2043 319 2406 382; x_wconf 80' lang='lat' dir='ltr'><strong>PSALMOS.</strong></span> 
     </span>
    </p>
   </div>
   <div class='ocr_carea' id='block_1_3' title="bbox 3471 325 3583 394">
    <p class='ocr_par' dir='ltr' id='par_1_3' title="bbox 3471 325 3583 394">
     <span class='ocr_line' id='line_1_3' title="bbox 3471 325 3583 394; baseline -0.018 0"><span class='ocrx_word' id='word_1_5' title='bbox 3471 325 3583 394; x_wconf 82' lang='grc' dir='ltr'>πο</span> 
     </span>
    </p>
   </div>
   <div class='ocr_carea' id='block_1_4' title="bbox 306 437 1929 521">
    <p class='ocr_par' dir='ltr' id='par_1_4' title="bbox 306 439 1929 521">
     <span class='ocr_line' id='line_1_4' title="bbox 306 439 1929 521; baseline -0.004 -22"><span class='ocrx_word' id='word_1_6' title='bbox 306 450 409 521; x_wconf 74' lang='grc' dir='ltr'>τῆς</span> <span class='ocrx_word' id='word_1_7' title='bbox 447 443 891 518; x_wconf 79' lang='grc' dir='ltr'><strong>φιλανθρωπίας,</strong></span> <span class='ocrx_word' id='word_1_8' title='bbox 925 443 1065 498; x_wconf 78' lang='grc' dir='ltr'>ὥστε</span> <span class='ocrx_word' id='word_1_9' title='bbox 1114 442 1340 514; x_wconf 80' lang='grc' dir='ltr'>ποιῆσαι</span> <span class='ocrx_word' id='word_1_10' title='bbox 1381 440 1707 510; x_wconf 78' lang='grc' dir='ltr'>κρᾶσιν,καὶ</span> <span class='ocrx_word' id='word_1_11' title='bbox 1737 439 1892 493; x_wconf 75' lang='grc' dir='ltr'>ποτε·</span> <span class='ocrx_word' id='word_1_12' title='bbox 1921 485 1929 504; x_wconf 76' lang='grc'><strong>,</strong></span> 
     </span>
    </p>
   </div>
   <div class='ocr_carea' id='block_1_5' title="bbox 2031 437 3577 521">
    <p class='ocr_par' dir='ltr' id='par_1_5' title="bbox 2031 437 3577 512">
     <span class='ocr_line' id='line_1_5' title="bbox 2031 437 3577 512; baseline 0.003 -19"><span class='ocrx_word' id='word_1_13' title='bbox 2031 437 2215 502; x_wconf 80' lang='lat' dir='ltr'><strong>ordiae,</strong></span> <span class='ocrx_word' id='word_1_14' title='bbox 2248 449 2310 493; x_wconf 91' lang='lat' dir='ltr'><strong>ut</strong></span> <span class='ocrx_word' id='word_1_15' title='bbox 2342 438 2631 494; x_wconf 89' lang='lat' dir='ltr'><strong>misturam</strong></span> <span class='ocrx_word' id='word_1_16' title='bbox 2665 439 2895 503; x_wconf 80' lang='lat' dir='ltr'><strong>faceret,</strong></span> <span class='ocrx_word' id='word_1_17' title='bbox 2930 446 3101 511; x_wconf 89' lang='lat' dir='ltr'><strong>utque</strong></span> <span class='ocrx_word' id='word_1_18' title='bbox 3137 455 3260 497; x_wconf 87' lang='lat' dir='ltr'><strong>eam</strong></span> <span class='ocrx_word' id='word_1_19' title='bbox 3296 440 3349 497; x_wconf 90' lang='lat' dir='ltr'><strong>in</strong></span> <span class='ocrx_word' id='word_1_20' title='bbox 3385 450 3577 512; x_wconf 89' lang='lat' dir='ltr'><strong>potum</strong></span> 
     </span>
    </p>
   </div>
   <div class='ocr_carea' id='block_1_6' title="bbox 306 535 1899 611">
    <p class='ocr_par' dir='ltr' id='par_1_6' title="bbox 306 535 1899 611">
     <span class='ocr_line' id='line_1_6' title="bbox 306 535 1899 611; baseline -0.004 -17"><span class='ocrx_word' id='word_1_21' title='bbox 306 559 400 594; x_wconf 87' lang='grc' dir='ltr'><strong>σαι</strong></span> <span class='ocrx_word' id='word_1_22' title='bbox 453 540 663 611; x_wconf 80' lang='grc' dir='ltr'>ταύτην</span> <span class='ocrx_word' id='word_1_23' title='bbox 722 539 850 605; x_wconf 69' lang='grc' dir='ltr'>τοὺς</span> <span class='ocrx_word' id='word_1_24' title='bbox 892 537 1116 594; x_wconf 75' lang='grc' dir='ltr'>ἔλαττον</span> <span class='ocrx_word' id='word_1_25' title='bbox 1163 536 1581 610; x_wconf 82' lang='grc' dir='ltr'>ἁμαρτάνοντας</span> <span class='ocrx_word' id='word_1_26' title='bbox 1635 535 1899 598; x_wconf 72' lang='grc' dir='ltr'>καὶτοὺς</span> 
     </span>
    </p>
   </div>
   <div class='ocr_carea' id='block_1_7' title="bbox 308 631 596 702">
    <p class='ocr_par' dir='ltr' id='par_1_7' title="bbox 308 631 596 702">
     <span class='ocr_line' id='line_1_7' title="bbox 308 631 596 702; baseline -0.007 -16"><span class='ocrx_word' id='word_1_27' title='bbox 308 631 596 702; x_wconf 70' lang='grc' dir='ltr'>ἱασίμουςρ</span> 
     </span>
    </p>
   </div>
   <div class='ocr_carea' id='block_1_8' title="bbox 380 717 1900 797">
    <p class='ocr_par' dir='ltr' id='par_1_8' title="bbox 380 717 1900 797">
     <span class='ocr_line' id='line_1_8' title="bbox 380 717 1900 797; baseline -0.016 -2"><span class='ocrx_word' id='word_1_28' title='bbox 380 724 560 793; x_wconf 70' lang='grc' dir='ltr'><em>Πλὴν</em></span> <span class='ocrx_word' id='word_1_29' title='bbox 587 727 619 780; x_wconf 84' lang='grc' dir='ltr'><strong>ό</strong></span> <span class='ocrx_word' id='word_1_30' title='bbox 641 726 892 797; x_wconf 79' lang='grc' dir='ltr'>τρυγίας</span> <span class='ocrx_word' id='word_1_31' title='bbox 917 723 1106 780; x_wconf 83' lang='grc' dir='ltr'>αὑτοῦ</span> <span class='ocrx_word' id='word_1_32' title='bbox 1132 725 1245 779; x_wconf 85' lang='grc' dir='ltr'>οὐκ</span> <span class='ocrx_word' id='word_1_33' title='bbox 1273 721 1624 788; x_wconf 74' lang='grc' dir='ltr'>ἐξεκενώθη.</span> <span class='ocrx_word' id='word_1_34' title='bbox 1657 717 1900 787; x_wconf 87' lang='grc' dir='ltr'>Τρυγίαν</span> 
     </span>
    </p>
   </div>
   <div class='ocr_carea' id='block_1_9' title="bbox 304 810 1901 889">
    <p class='ocr_par' dir='ltr' id='par_1_9' title="bbox 304 810 1901 889">
     <span class='ocr_line' id='line_1_9' title="bbox 304 810 1901 889; baseline -0.006 -19"><span class='ocrx_word' id='word_1_35' title='bbox 304 816 569 888; x_wconf 87' lang='grc' dir='ltr'>ὠνόμασε</span> <span class='ocrx_word' id='word_1_36' title='bbox 643 817 704 872; x_wconf 85' lang='grc' dir='ltr'>τὸ</span> <span class='ocrx_word' id='word_1_37' title='bbox 764 819 941 888; x_wconf 82' lang='grc' dir='ltr'>πάχος</span> <span class='ocrx_word' id='word_1_38' title='bbox 991 817 1093 887; x_wconf 82' lang='grc' dir='ltr'>τῆς</span> <span class='ocrx_word' id='word_1_39' title='bbox 1147 815 1393 889; x_wconf 77' lang='grc' dir='ltr'><strong>ἀκράτου</strong></span> <span class='ocrx_word' id='word_1_40' title='bbox 1449 811 1743 884; x_wconf 76' lang='grc' dir='ltr'><strong>τιμωρίας,</strong></span> <span class='ocrx_word' id='word_1_41' title='bbox 1801 810 1901 880; x_wconf 81' lang='grc' dir='ltr'>τὴν</span> 
     </span>
    </p>
   </div>
   <div class='ocr_carea' id='block_1_10' title="bbox 305 902 1903 979">
    <p class='ocr_par' dir='ltr' id='par_1_10' title="bbox 305 902 1903 979">
     <span class='ocr_line' id='line_1_10' title="bbox 305 902 1903 979; baseline -0.005 -18"><span class='ocrx_word' id='word_1_42' title='bbox 305 908 552 979; x_wconf 75' lang='grc' dir='ltr'><strong>ἐσχάτην</strong></span> <span class='ocrx_word' id='word_1_43' title='bbox 601 907 851 975; x_wconf 84' lang='grc' dir='ltr'><strong>κόλασιν,</strong></span> <span class='ocrx_word' id='word_1_44' title='bbox 882 908 1005 979; x_wconf 74' lang='grc' dir='ltr'>ἥτις</span> <span class='ocrx_word' id='word_1_45' title='bbox 1053 906 1359 977; x_wconf 75' lang='grc' dir='ltr'><strong>ὑπελείφθη</strong></span> <span class='ocrx_word' id='word_1_46' title='bbox 1388 907 1502 967; x_wconf 86' lang='grc' dir='ltr'>τοῖς</span> <span class='ocrx_word' id='word_1_47' title='bbox 1545 903 1615 958; x_wconf 82' lang='grc' dir='ltr'><strong>τὰ</strong></span> <span class='ocrx_word' id='word_1_48' title='bbox 1669 902 1903 973; x_wconf 84' lang='grc' dir='ltr'>μέγιστα</span> 
     </span>
    </p>
   </div>
   <div class='ocr_carea' id='block_1_11' title="bbox 309 993 1904 1071">
    <p class='ocr_par' dir='ltr' id='par_1_11' title="bbox 309 993 1904 1071">
     <span class='ocr_line' id='line_1_11' title="bbox 309 993 1904 1071; baseline -0.004 -19"><span class='ocrx_word' id='word_1_49' title='bbox 309 999 730 1071; x_wconf 84' lang='grc' dir='ltr'>πλημμελοῦσι,</span> <span class='ocrx_word' id='word_1_50' title='bbox 805 1001 900 1054; x_wconf 71' lang='grc' dir='ltr'><strong>καὶ</strong></span> <span class='ocrx_word' id='word_1_51' title='bbox 945 1001 1060 1063; x_wconf 79' lang='grc' dir='ltr'>τοῖς</span> <span class='ocrx_word' id='word_1_52' title='bbox 1112 999 1188 1070; x_wconf 86' lang='grc' dir='ltr'>μὴ</span> <span class='ocrx_word' id='word_1_53' title='bbox 1241 993 1743 1069; x_wconf 82' lang='grc' dir='ltr'>μεταϐαλλομένοις</span> <span class='ocrx_word' id='word_1_54' title='bbox 1794 993 1904 1046; x_wconf 84' lang='grc' dir='ltr'>ἀπὸ</span> 
     </span>
    </p>
   </div>
   <div class='ocr_carea' id='block_1_12' title="bbox 309 1093 542 1158">
    <p class='ocr_par' dir='ltr' id='par_1_12' title="bbox 309 1093 542 1158">
     <span class='ocr_line' id='line_1_12' title="bbox 309 1093 542 1158; baseline 0.017 -12"><span class='ocrx_word' id='word_1_55' title='bbox 309 1093 542 1158; x_wconf 80' lang='grc' dir='ltr'>κακίας.</span> 
     </span>
    </p>
   </div>
   <div class='ocr_carea' id='block_1_13' title="bbox 384 1174 1906 1254">
    <p class='ocr_par' dir='ltr' id='par_1_13' title="bbox 384 1174 1906 1254">
     <span class='ocr_line' id='line_1_13' title="bbox 384 1174 1906 1254; baseline -0.007 -16"><span class='ocrx_word' id='word_1_56' title='bbox 384 1186 638 1239; x_wconf 73' lang='grc' dir='ltr'>Πίογται</span> <span class='ocrx_word' id='word_1_57' title='bbox 668 1183 896 1251; x_wconf 80' lang='grc' dir='ltr'>πάντες</span> <span class='ocrx_word' id='word_1_58' title='bbox 923 1186 977 1238; x_wconf 81' lang='grc' dir='ltr'><strong>οι</strong></span> <span class='ocrx_word' id='word_1_59' title='bbox 1004 1179 1342 1254; x_wconf 78' lang='grc' dir='ltr'>ἁμαρτωλοὶ</span> <span class='ocrx_word' id='word_1_60' title='bbox 1366 1178 1481 1248; x_wconf 81' lang='grc' dir='ltr'>τῆς</span> <span class='ocrx_word' id='word_1_61' title='bbox 1515 1175 1647 1248; x_wconf 77' lang='grc' dir='ltr'>γῆς.</span> <span class='ocrx_word' id='word_1_62' title='bbox 1680 1174 1906 1229; x_wconf 89' lang='grc' dir='ltr'>Πίονται</span> 
     </span>
    </p>
   </div>
   <div class='ocr_carea' id='block_1_14' title="bbox 312 1268 1911 1347">
    <p class='ocr_par' dir='ltr' id='par_1_14' title="bbox 312 1268 1911 1347">
     <span class='ocr_line' id='line_1_14' title="bbox 312 1268 1911 1347; baseline -0.006 -19"><span class='ocrx_word' id='word_1_63' title='bbox 312 1275 412 1329; x_wconf 77' lang='grc' dir='ltr'>τὸν</span> <span class='ocrx_word' id='word_1_64' title='bbox 438 1276 696 1345; x_wconf 89' lang='grc' dir='ltr'>τρυγίαν.</span> <span class='ocrx_word' id='word_1_65' title='bbox 736 1275 1127 1347; x_wconf 79' lang='grc' dir='ltr'>’Δμαρτωλοὺς</span> <span class='ocrx_word' id='word_1_66' title='bbox 1159 1273 1215 1327; x_wconf 82' lang='grc' dir='ltr'><strong>δὲ</strong></span> <span class='ocrx_word' id='word_1_67' title='bbox 1241 1272 1391 1341; x_wconf 80' lang='grc' dir='ltr'>λέγει</span> <span class='ocrx_word' id='word_1_68' title='bbox 1432 1280 1557 1335; x_wconf 79' lang='grc' dir='ltr'>τοὺς</span> <span class='ocrx_word' id='word_1_69' title='bbox 1587 1268 1911 1338; x_wconf 79' lang='grc' dir='ltr'>ἁνεπιστρό-</span> 
     </span>
    </p>
   </div>
   <div class='ocr_carea' id='block_1_15' title="bbox 313 1369 1515 1437">
    <p class='ocr_par' dir='ltr' id='par_1_15' title="bbox 313 1369 1515 1437">
     <span class='ocr_line' id='line_1_15' title="bbox 313 1369 1515 1437; baseline 0.001 -16"><span class='ocrx_word' id='word_1_70' title='bbox 313 1385 435 1435; x_wconf 68' lang='grc' dir='ltr'><strong>ςως</strong></span> <span class='ocrx_word' id='word_1_71' title='bbox 466 1369 911 1437; x_wconf 82' lang='grc' dir='ltr'>ἁμαρτάνοντας.</span> <span class='ocrx_word' id='word_1_72' title='bbox 1510 1400 1515 1407; x_wconf 94' lang='lat'><strong>-</strong></span> 
     </span>
    </p>
   </div>
   <div class='ocr_carea' id='block_1_16' title="bbox 389 1454 1904 1529">
    <p class='ocr_par' dir='ltr' id='par_1_16' title="bbox 389 1454 1904 1529">
     <span class='ocr_line' id='line_1_16' title="bbox 389 1454 1904 1529; baseline -0.004 -16"><span class='ocrx_word' id='word_1_73' title='bbox 389 1459 543 1528; x_wconf 72' lang='grc' dir='ltr'><strong>Ἐγὼ</strong></span> <span class='ocrx_word' id='word_1_74' title='bbox 576 1459 645 1513; x_wconf 78' lang='grc' dir='ltr'><em>δὲ</em></span> <span class='ocrx_word' id='word_1_75' title='bbox 692 1459 1142 1529; x_wconf 73' lang='grc' dir='ltr'>ἀγαλλιάσομαι</span> <span class='ocrx_word' id='word_1_76' title='bbox 1183 1459 1273 1523; x_wconf 81' lang='grc' dir='ltr'>εἰς</span> <span class='ocrx_word' id='word_1_77' title='bbox 1310 1456 1419 1511; x_wconf 80' lang='grc' dir='ltr'><strong>τὸν</strong></span> <span class='ocrx_word' id='word_1_78' title='bbox 1454 1454 1664 1511; x_wconf 76' lang='grc' dir='ltr'>αιῶνα.</span> <span class='ocrx_word' id='word_1_79' title='bbox 1719 1454 1904 1509; x_wconf 82' lang='grc' dir='ltr'>Ψαλῶ</span> 
     </span>
    </p>
   </div>
   <div class='ocr_carea' id='block_1_17' title="bbox 312 1548 1907 1622">
    <p class='ocr_par' dir='ltr' id='par_1_17' title="bbox 312 1548 1907 1622">
     <span class='ocr_line' id='line_1_17' title="bbox 312 1548 1907 1622; baseline -0.003 -17"><span class='ocrx_word' id='word_1_80' title='bbox 312 1550 400 1616; x_wconf 79' lang='grc' dir='ltr'>τῷ</span> <span class='ocrx_word' id='word_1_81' title='bbox 435 1550 562 1617; x_wconf 84' lang='grc' dir='ltr'><strong>Θεῷ</strong></span> <span class='ocrx_word' id='word_1_82' title='bbox 617 1551 858 1607; x_wconf 81' lang='grc' dir='ltr'>Ἰακώϐ.</span> <span class='ocrx_word' id='word_1_83' title='bbox 906 1550 1334 1622; x_wconf 70' lang='grc' dir='ltr'>Ἐλευθερωθεὶς</span> <span class='ocrx_word' id='word_1_84' title='bbox 1368 1550 1470 1619; x_wconf 85' lang='grc' dir='ltr'>τῆς</span> <span class='ocrx_word' id='word_1_85' title='bbox 1500 1548 1747 1612; x_wconf 79' lang='grc' dir='ltr'>δουλείας</span> <span class='ocrx_word' id='word_1_86' title='bbox 1798 1548 1907 1601; x_wconf 89' lang='grc' dir='ltr'><strong>τῶν</strong></span> 
     </span>
    </p>
   </div>
   <div class='ocr_carea' id='block_1_18' title="bbox 312 1639 1907 1713">
    <p class='ocr_par' dir='ltr' id='par_1_18' title="bbox 312 1639 1907 1713">
     <span class='ocr_line' id='line_1_18' title="bbox 312 1639 1907 1713; baseline -0.003 -17"><span class='ocrx_word' id='word_1_87' title='bbox 312 1642 554 1712; x_wconf 53' lang='grc' dir='ltr'>ἔχθῴν,</span> <span class='ocrx_word' id='word_1_88' title='bbox 578 1643 673 1696; x_wconf 78' lang='grc' dir='ltr'>καὶ</span> <span class='ocrx_word' id='word_1_89' title='bbox 697 1643 1103 1713; x_wconf 83' lang='grc' dir='ltr'>ἀγαλλιάσομαι</span> <span class='ocrx_word' id='word_1_90' title='bbox 1133 1643 1231 1713; x_wconf 77' lang='grc' dir='ltr'><strong>μὲν</strong></span> <span class='ocrx_word' id='word_1_91' title='bbox 1257 1642 1350 1695; x_wconf 77' lang='grc' dir='ltr'><strong>ἐπὶ</strong></span> <span class='ocrx_word' id='word_1_92' title='bbox 1376 1643 1443 1712; x_wconf 79' lang='grc' dir='ltr'>τῇ</span> <span class='ocrx_word' id='word_1_93' title='bbox 1476 1639 1770 1711; x_wconf 79' lang='grc' dir='ltr'>ἀπαλλαγῇ</span> <span class='ocrx_word' id='word_1_94' title='bbox 1798 1639 1907 1693; x_wconf 88' lang='grc' dir='ltr'><strong>τῶν</strong></span> 
     </span>
    </p>
   </div>
   <div class='ocr_carea' id='block_1_19' title="bbox 312 1732 1347 1805">
    <p class='ocr_par' dir='ltr' id='par_1_19' title="bbox 312 1732 1347 1805">
     <span class='ocr_line' id='line_1_19' title="bbox 312 1732 1347 1805; baseline 0.002 -20"><span class='ocrx_word' id='word_1_95' title='bbox 312 1732 571 1803; x_wconf 75' lang='grc' dir='ltr'><strong>ἀνιαρῶν</strong></span> <span class='ocrx_word' id='word_1_96' title='bbox 595 1773 610 1798; x_wconf 87' lang='grc'><strong>,</strong></span> <span class='ocrx_word' id='word_1_97' title='bbox 639 1733 797 1803; x_wconf 79' lang='grc' dir='ltr'>ψαλῶ</span> <span class='ocrx_word' id='word_1_98' title='bbox 835 1733 891 1786; x_wconf 84' lang='grc' dir='ltr'>δὲ</span> <span class='ocrx_word' id='word_1_99' title='bbox 927 1733 1347 1805; x_wconf 81' lang='grc' dir='ltr'>εὐχαριστήρια.</span> 
     </span>
    </p>
   </div>
   <div class='ocr_carea' id='block_1_20' title="bbox 2005 528 3582 603">
    <p class='ocr_par' dir='ltr' id='par_1_20' title="bbox 2005 528 3582 603">
     <span class='ocr_line' id='line_1_20' title="bbox 2005 528 3582 603; baseline 0.003 -20"><span class='ocrx_word' id='word_1_100' title='bbox 2005 530 2114 584; x_wconf 89' lang='lat' dir='ltr'><strong>illis</strong></span> <span class='ocrx_word' id='word_1_101' title='bbox 2149 528 2439 600; x_wconf 67' lang='lat' dir='ltr'><strong>praeberet,</strong></span> <span class='ocrx_word' id='word_1_102' title='bbox 2471 529 2564 599; x_wconf 89' lang='lat' dir='ltr'><strong>qui</strong></span> <span class='ocrx_word' id='word_1_103' title='bbox 2597 539 2651 586; x_wconf 91' lang='lat' dir='ltr'><strong>et</strong></span> <span class='ocrx_word' id='word_1_104' title='bbox 2680 531 2855 588; x_wconf 86' lang='lat' dir='ltr'><strong>levius</strong></span> <span class='ocrx_word' id='word_1_105' title='bbox 2882 531 3242 603; x_wconf 90' lang='lat' dir='ltr'><strong>deliquissent</strong></span> <span class='ocrx_word' id='word_1_106' title='bbox 3267 572 3283 597; x_wconf 90' lang='lat'><strong>,</strong></span> <span class='ocrx_word' id='word_1_107' title='bbox 3314 540 3368 589; x_wconf 89' lang='lat' dir='ltr'><strong>et</strong></span> <span class='ocrx_word' id='word_1_108' title='bbox 3398 533 3582 589; x_wconf 86' lang='lat' dir='ltr'><strong>adhuc</strong></span> 
     </span>
    </p>
   </div>
   <div class='ocr_carea' id='block_1_21' title="bbox 2002 619 2596 677">
    <p class='ocr_par' dir='ltr' id='par_1_21' title="bbox 2002 619 2596 677">
     <span class='ocr_line' id='line_1_21' title="bbox 2002 619 2596 677; baseline 0.002 -3"><span class='ocrx_word' id='word_1_109' title='bbox 2002 628 2189 675; x_wconf 90' lang='lat' dir='ltr'><strong>essent</strong></span> <span class='ocrx_word' id='word_1_110' title='bbox 2219 619 2596 677; x_wconf 87' lang='lat' dir='ltr'><strong>medicabiles.</strong></span> 
     </span>
    </p>
   </div>
   <div class='ocr_carea' id='block_1_22' title="bbox 2077 709 3584 784">
    <p class='ocr_par' dir='ltr' id='par_1_22' title="bbox 2077 709 3584 784">
     <span class='ocr_line' id='line_1_22' title="bbox 2077 709 3584 784; baseline 0.005 -23"><span class='ocrx_word' id='word_1_111' title='bbox 2077 709 2239 766; x_wconf 70' lang='lat' dir='ltr'><strong>Vnus.</strong></span> <span class='ocrx_word' id='word_1_112' title='bbox 2264 712 2351 765; x_wconf 76' lang='grc'><strong>10.</strong></span> <span class='ocrx_word' id='word_1_113' title='bbox 2387 709 2756 767; x_wconf 73' lang='lat' dir='ltr'><strong>Verumtamen</strong></span> <span class='ocrx_word' id='word_1_114' title='bbox 2793 713 2879 783; x_wconf 73' lang='lat' dir='ltr'><strong>(ea;</strong></span> <span class='ocrx_word' id='word_1_115' title='bbox 2907 715 3022 784; x_wconf 79' lang='lat' dir='ltr'><strong>ejus</strong></span> <span class='ocrx_word' id='word_1_116' title='bbox 3050 731 3151 769; x_wconf 89' lang='lat' dir='ltr'><strong>non</strong></span> <span class='ocrx_word' id='word_1_117' title='bbox 3179 724 3252 769; x_wconf 77' lang='lat' dir='ltr'><strong>est</strong></span> <span class='ocrx_word' id='word_1_118' title='bbox 3282 714 3584 769; x_wconf 76' lang='lat' dir='ltr'><strong>exinanita.</strong></span> 
     </span>
    </p>
   </div>
   <div class='ocr_carea' id='block_1_23' title="bbox 2005 797 3590 873">
    <p class='ocr_par' dir='ltr' id='par_1_23' title="bbox 2005 797 3590 873">
     <span class='ocr_line' id='line_1_23' title="bbox 2005 797 3590 873; baseline 0.004 -21"><span class='ocrx_word' id='word_1_119' title='bbox 2005 797 2106 853; x_wconf 87' lang='lat' dir='ltr'><strong>Per</strong></span> <span class='ocrx_word' id='word_1_120' title='bbox 2135 799 2296 869; x_wconf 76' lang='lat' dir='ltr'><strong>[eccm</strong></span> <span class='ocrx_word' id='word_1_121' title='bbox 2345 802 2549 867; x_wconf 82' lang='lat' dir='ltr'><strong>calicis,</strong></span> <span class='ocrx_word' id='word_1_122' title='bbox 2580 803 3023 872; x_wconf 73' lang='lat' dir='ltr'><strong>crassitudinem,</strong></span> <span class='ocrx_word' id='word_1_123' title='bbox 3061 814 3118 860; x_wconf 92' lang='lat' dir='ltr'><strong>ut</strong></span> <span class='ocrx_word' id='word_1_124' title='bbox 3141 807 3212 860; x_wconf 89' lang='lat' dir='ltr'><strong>ita</strong></span> <span class='ocrx_word' id='word_1_125' title='bbox 3248 806 3427 862; x_wconf 87' lang='lat' dir='ltr'><strong>dicam</strong></span> <span class='ocrx_word' id='word_1_126' title='bbox 3458 846 3475 873; x_wconf 92' lang='lat'><strong>,</strong></span> <span class='ocrx_word' id='word_1_127' title='bbox 3504 804 3590 860; x_wconf 84' lang='lat' dir='ltr'><strong>in-</strong></span> 
     </span>
    </p>
   </div>
   <div class='ocr_carea' id='block_1_24' title="bbox 2006 892 3589 965">
    <p class='ocr_par' dir='ltr' id='par_1_24' title="bbox 2006 892 3589 965">
     <span class='ocr_line' id='line_1_24' title="bbox 2006 892 3589 965; baseline 0.004 -21"><span class='ocrx_word' id='word_1_128' title='bbox 2006 892 2200 963; x_wconf 80' lang='lat' dir='ltr'><strong>telligit</strong></span> <span class='ocrx_word' id='word_1_129' title='bbox 2222 893 2356 948; x_wconf 89' lang='lat' dir='ltr'><strong>meri</strong></span> <span class='ocrx_word' id='word_1_130' title='bbox 2395 894 2677 965; x_wconf 85' lang='lat' dir='ltr'><strong>supplicii,</strong></span> <span class='ocrx_word' id='word_1_131' title='bbox 2706 896 2812 952; x_wconf 90' lang='lat' dir='ltr'><strong>hoc</strong></span> <span class='ocrx_word' id='word_1_132' title='bbox 2842 906 2969 964; x_wconf 90' lang='lat' dir='ltr'><strong>est,</strong></span> <span class='ocrx_word' id='word_1_133' title='bbox 3023 908 3298 955; x_wconf 83' lang='lat' dir='ltr'><strong>extremas</strong></span> <span class='ocrx_word' id='word_1_134' title='bbox 3340 899 3589 954; x_wconf 88' lang='lat' dir='ltr'><strong>omnium</strong></span> 
     </span>
    </p>
   </div>
   <div class='ocr_carea' id='block_1_25' title="bbox 2006 985 3589 1059">
    <p class='ocr_par' dir='ltr' id='par_1_25' title="bbox 2006 985 3589 1059">
     <span class='ocr_line' id='line_1_25' title="bbox 2006 985 3589 1059; baseline 0.003 -20"><span class='ocrx_word' id='word_1_135' title='bbox 2006 998 2219 1054; x_wconf 66' lang='lat' dir='ltr'><strong>poenas.</strong></span> <span class='ocrx_word' id='word_1_136' title='bbox 2252 1000 2372 1054; x_wconf 81' lang='lat' dir='ltr'><strong>quae</strong></span> <span class='ocrx_word' id='word_1_137' title='bbox 2397 985 2467 1041; x_wconf 91' lang='lat' dir='ltr'><strong>iis</strong></span> <span class='ocrx_word' id='word_1_138' title='bbox 2504 995 2874 1054; x_wconf 76' lang='lat' dir='ltr'><strong>reservantur,</strong></span> <span class='ocrx_word' id='word_1_139' title='bbox 2902 989 2998 1059; x_wconf 88' lang='lat' dir='ltr'><strong>qui</strong></span> <span class='ocrx_word' id='word_1_140' title='bbox 3029 1000 3125 1045; x_wconf 86' lang='lat' dir='ltr'><strong>aut</strong></span> <span class='ocrx_word' id='word_1_141' title='bbox 3167 990 3408 1046; x_wconf 74' lang='lat' dir='ltr'><strong>maxime</strong></span> <span class='ocrx_word' id='word_1_142' title='bbox 3446 989 3589 1045; x_wconf 85' lang='lat' dir='ltr'><strong>deli-</strong></span> 
     </span>
    </p>
   </div>
   <div class='ocr_carea' id='block_1_26' title="bbox 2006 1076 3293 1155">
    <p class='ocr_par' dir='ltr' id='par_1_26' title="bbox 2006 1076 3293 1155">
     <span class='ocr_line' id='line_1_26' title="bbox 2006 1076 3293 1155; baseline 0.005 -28"><span class='ocrx_word' id='word_1_143' title='bbox 2006 1083 2266 1144; x_wconf 89' lang='lat' dir='ltr'><strong>querunt,</strong></span> <span class='ocrx_word' id='word_1_144' title='bbox 2296 1084 2390 1129; x_wconf 88' lang='lat' dir='ltr'><strong>aut</strong></span> <span class='ocrx_word' id='word_1_145' title='bbox 2417 1090 2447 1128; x_wconf 88' lang='lat' dir='ltr'><strong>a</strong></span> <span class='ocrx_word' id='word_1_146' title='bbox 2481 1076 2634 1132; x_wconf 83' lang='lat' dir='ltr'><strong>vitiis</strong></span> <span class='ocrx_word' id='word_1_147' title='bbox 2665 1079 2947 1155; x_wconf 80' lang='lat' dir='ltr'><strong>immutari</strong></span> <span class='ocrx_word' id='word_1_148' title='bbox 2976 1079 3293 1135; x_wconf 90' lang='lat' dir='ltr'><strong>noluerunt.</strong></span> 
     </span>
    </p>
   </div>
   <div class='ocr_carea' id='block_1_27' title="bbox 2079 1166 3595 1239">
    <p class='ocr_par' dir='ltr' id='par_1_27' title="bbox 2079 1166 3595 1239">
     <span class='ocr_line' id='line_1_27' title="bbox 2079 1166 3595 1239; baseline 0.004 -19"><span class='ocrx_word' id='word_1_149' title='bbox 2079 1166 2262 1222; x_wconf 85' lang='lat' dir='ltr'><strong>Bibent</strong></span> <span class='ocrx_word' id='word_1_150' title='bbox 2284 1185 2462 1225; x_wconf 77' lang='lat' dir='ltr'><strong>omnes</strong></span> <span class='ocrx_word' id='word_1_151' title='bbox 2480 1182 2778 1239; x_wconf 79' lang='lat' dir='ltr'><strong>peccatores</strong></span> <span class='ocrx_word' id='word_1_152' title='bbox 2812 1182 2988 1228; x_wconf 70' lang='lat' dir='ltr'><strong>terrm.</strong></span> <span class='ocrx_word' id='word_1_153' title='bbox 3020 1172 3216 1229; x_wconf 85' lang='lat' dir='ltr'><strong>Bibent</strong></span> <span class='ocrx_word' id='word_1_154' title='bbox 3259 1172 3456 1228; x_wconf 79' lang='lat' dir='ltr'><strong>fecem.</strong></span> <span class='ocrx_word' id='word_1_155' title='bbox 3489 1171 3595 1229; x_wconf 88' lang='lat' dir='ltr'><strong>Per</strong></span> 
     </span>
    </p>
   </div>
   <div class='ocr_carea' id='block_1_28' title="bbox 2008 1264 3599 1336">
    <p class='ocr_par' dir='ltr' id='par_1_28' title="bbox 2008 1264 3599 1336">
     <span class='ocr_line' id='line_1_28' title="bbox 2008 1264 3599 1336; baseline 0.004 -23"><span class='ocrx_word' id='word_1_156' title='bbox 2008 1270 2324 1329; x_wconf 90' lang='lat' dir='ltr'><strong>peccatores</strong></span> <span class='ocrx_word' id='word_1_157' title='bbox 2359 1270 2542 1317; x_wconf 89' lang='lat' dir='ltr'><strong>autem</strong></span> <span class='ocrx_word' id='word_1_158' title='bbox 2568 1277 2664 1318; x_wconf 90' lang='lat' dir='ltr'><strong>eos</strong></span> <span class='ocrx_word' id='word_1_159' title='bbox 2696 1279 2842 1320; x_wconf 90' lang='lat' dir='ltr'><strong>nunc</strong></span> <span class='ocrx_word' id='word_1_160' title='bbox 2869 1264 3152 1336; x_wconf 76' lang='lat' dir='ltr'><strong>intelligit,</strong></span> <span class='ocrx_word' id='word_1_161' title='bbox 3171 1265 3263 1335; x_wconf 91' lang='lat' dir='ltr'><strong>qui</strong></span> <span class='ocrx_word' id='word_1_162' title='bbox 3294 1281 3325 1320; x_wconf 86' lang='lat' dir='ltr'><strong>a</strong></span> <span class='ocrx_word' id='word_1_163' title='bbox 3359 1265 3599 1335; x_wconf 78' lang='lat' dir='ltr'><strong>peccatis</strong></span> 
     </span>
    </p>
   </div>
   <div class='ocr_carea' id='block_1_29' title="bbox 2010 1360 2744 1420">
    <p class='ocr_par' dir='ltr' id='par_1_29' title="bbox 2010 1360 2744 1420">
     <span class='ocr_line' id='line_1_29' title="bbox 2010 1360 2744 1420; baseline 0.005 -17"><span class='ocrx_word' id='word_1_164' title='bbox 2010 1364 2288 1420; x_wconf 85' lang='lat' dir='ltr'><strong>nunquam</strong></span> <span class='ocrx_word' id='word_1_165' title='bbox 2321 1360 2744 1408; x_wconf 87' lang='lat' dir='ltr'><strong>convertuntur.</strong></span> 
     </span>
    </p>
   </div>
   <div class='ocr_carea' id='block_1_30' title="bbox 2079 1441 3596 1516">
    <p class='ocr_par' dir='ltr' id='par_1_30' title="bbox 2079 1441 3596 1516">
     <span class='ocr_line' id='line_1_30' title="bbox 2079 1441 3596 1516; baseline 0.002 -21"><span class='ocrx_word' id='word_1_166' title='bbox 2079 1441 2194 1513; x_wconf 87' lang='lat' dir='ltr'><strong>Ego</strong></span> <span class='ocrx_word' id='word_1_167' title='bbox 2221 1452 2396 1497; x_wconf 85' lang='lat' dir='ltr'><strong>autem</strong></span> <span class='ocrx_word' id='word_1_168' title='bbox 2435 1443 2685 1500; x_wconf 71' lang='lat' dir='ltr'><strong>exaltabo</strong></span> <span class='ocrx_word' id='word_1_169' title='bbox 2706 1445 2761 1499; x_wconf 87' lang='lat' dir='ltr'><strong>in</strong></span> <span class='ocrx_word' id='word_1_170' title='bbox 2781 1447 3060 1514; x_wconf 64' lang='lat' dir='ltr'><strong>saeculum,</strong></span> <span class='ocrx_word' id='word_1_171' title='bbox 3085 1445 3320 1516; x_wconf 77' lang='lat' dir='ltr'><strong>psallam</strong></span> <span class='ocrx_word' id='word_1_172' title='bbox 3353 1445 3461 1502; x_wconf 84' lang='lat' dir='ltr'><strong>Deo</strong></span> <span class='ocrx_word' id='word_1_173' title='bbox 3491 1444 3596 1499; x_wconf 83' lang='lat' dir='ltr'><strong>Ja-</strong></span> 
     </span>
    </p>
   </div>
   <div class='ocr_carea' id='block_1_31' title="bbox 2009 1534 3597 1600">
    <p class='ocr_par' dir='ltr' id='par_1_31' title="bbox 2009 1534 3597 1600">
     <span class='ocr_line' id='line_1_31' title="bbox 2009 1534 3597 1600; baseline 0.004 -12"><span class='ocrx_word' id='word_1_174' title='bbox 2009 1534 2124 1589; x_wconf 80' lang='lat' dir='ltr'><strong>cob.</strong></span> <span class='ocrx_word' id='word_1_175' title='bbox 2157 1534 2240 1588; x_wconf 83' lang='lat' dir='ltr'><strong>Ab</strong></span> <span class='ocrx_word' id='word_1_176' title='bbox 2272 1535 2620 1590; x_wconf 89' lang='lat' dir='ltr'><strong>inimicorum</strong></span> <span class='ocrx_word' id='word_1_177' title='bbox 2660 1536 2920 1591; x_wconf 84' lang='lat' dir='ltr'><strong>nimirum</strong></span> <span class='ocrx_word' id='word_1_178' title='bbox 2964 1538 3234 1593; x_wconf 86' lang='lat' dir='ltr'><strong>servitute</strong></span> <span class='ocrx_word' id='word_1_179' title='bbox 3286 1538 3552 1594; x_wconf 82' lang='lat' dir='ltr'><strong>liberatus</strong></span> <span class='ocrx_word' id='word_1_180' title='bbox 3581 1575 3597 1600; x_wconf 87' lang='lat'><strong>.</strong></span> 
     </span>
    </p>
   </div>
   <div class='ocr_carea' id='block_1_32' title="bbox 2009 1625 3602 1697">
    <p class='ocr_par' dir='ltr' id='par_1_32' title="bbox 2009 1625 3602 1697">
     <span class='ocr_line' id='line_1_32' title="bbox 2009 1625 3602 1697; baseline 0 -15"><span class='ocrx_word' id='word_1_181' title='bbox 2009 1627 2298 1682; x_wconf 81' lang='lat' dir='ltr'><strong>cxs‘ultabo</strong></span> <span class='ocrx_word' id='word_1_182' title='bbox 2317 1625 2541 1697; x_wconf 82' lang='lat' dir='ltr'><strong>quidem</strong></span> <span class='ocrx_word' id='word_1_183' title='bbox 2573 1628 2717 1697; x_wconf 87' lang='lat' dir='ltr'><strong>quod</strong></span> <span class='ocrx_word' id='word_1_184' title='bbox 2746 1631 3094 1684; x_wconf 76' lang='lat' dir='ltr'><strong>calamitates</strong></span> <span class='ocrx_word' id='word_1_185' title='bbox 3143 1630 3507 1695; x_wconf 87' lang='lat' dir='ltr'><strong>cessaverint,</strong></span> <span class='ocrx_word' id='word_1_186' title='bbox 3544 1635 3602 1683; x_wconf 69' lang='lat' dir='ltr'><strong>tt</strong></span> 
     </span>
    </p>
   </div>
   <div class='ocr_carea' id='block_1_33' title="bbox 2012 1702 2978 1789">
    <p class='ocr_par' dir='ltr' id='par_1_33' title="bbox 2012 1702 2978 1789">
     <span class='ocr_line' id='line_1_33' title="bbox 2012 1702 2978 1789; baseline 0 -14"><span class='ocrx_word' id='word_1_187' title='bbox 2012 1719 2242 1789; x_wconf 81' lang='lat' dir='ltr'><strong>psallam</strong></span> <span class='ocrx_word' id='word_1_188' title='bbox 2267 1718 2321 1774; x_wconf 92' lang='lat' dir='ltr'><strong>in</strong></span> <span class='ocrx_word' id='word_1_189' title='bbox 2349 1702 2650 1787; x_wconf 74' lang='lat' dir='ltr'><strong>gratiarum</strong></span> <span class='ocrx_word' id='word_1_190' title='bbox 2681 1720 2978 1776; x_wconf 88' lang='lat' dir='ltr'><strong>actionem.</strong></span> 
     </span>
    </p>
   </div>
   <div class='ocr_carea' id='block_1_34' title="bbox 395 1808 1929 1894">
    <p class='ocr_par' dir='ltr' id='par_1_34' title="bbox 395 1821 1911 1894">
     <span class='ocr_line' id='line_1_34' title="bbox 395 1821 1911 1894; baseline 0.001 -17"><span class='ocrx_word' id='word_1_191' title='bbox 395 1825 511 1879; x_wconf 77' lang='grc' dir='ltr'><strong>Καὶ</strong></span> <span class='ocrx_word' id='word_1_192' title='bbox 549 1824 749 1880; x_wconf 82' lang='grc' dir='ltr'>πάντα</span> <span class='ocrx_word' id='word_1_193' title='bbox 798 1826 873 1879; x_wconf 82' lang='grc' dir='ltr'>τὰ</span> <span class='ocrx_word' id='word_1_194' title='bbox 917 1829 1143 1894; x_wconf 83' lang='grc' dir='ltr'>κέρατα</span> <span class='ocrx_word' id='word_1_195' title='bbox 1194 1823 1315 1878; x_wconf 78' lang='grc' dir='ltr'>τῶν</span> <span class='ocrx_word' id='word_1_196' title='bbox 1352 1821 1723 1894; x_wconf 79' lang='grc' dir='ltr'><strong>ἁμαρτωλῶν</strong></span> <span class='ocrx_word' id='word_1_197' title='bbox 1758 1836 1911 1878; x_wconf 73' lang='grc' dir='ltr'>συν-</span> 
     </span>
    </p>
   </div>
   <div class='ocr_carea' id='block_1_35' title="bbox 2031 1808 3605 1894">
    <p class='ocr_par' dir='ltr' id='par_1_35' title="bbox 2086 1808 3605 1883">
     <span class='ocr_line' id='line_1_35' title="bbox 2086 1808 3605 1883; baseline 0.004 -20"><span class='ocrx_word' id='word_1_198' title='bbox 2086 1808 2255 1866; x_wconf 75' lang='lat' dir='ltr'><strong>Vsns.</strong></span> <span class='ocrx_word' id='word_1_199' title='bbox 2321 1811 2411 1866; x_wconf 78' lang='grc'>11.</span> <span class='ocrx_word' id='word_1_200' title='bbox 2478 1811 2546 1865; x_wconf 84' lang='grc' dir='ltr'>Ει</span> <span class='ocrx_word' id='word_1_201' title='bbox 2586 1812 2766 1866; x_wconf 83' lang='lat' dir='ltr'><strong>omnia</strong></span> <span class='ocrx_word' id='word_1_202' title='bbox 2816 1829 3018 1871; x_wconf 83' lang='lat' dir='ltr'><strong>cornua</strong></span> <span class='ocrx_word' id='word_1_203' title='bbox 3078 1822 3418 1883; x_wconf 84' lang='lat' dir='ltr'><strong>peccatorum</strong></span> <span class='ocrx_word' id='word_1_204' title='bbox 3479 1832 3605 1869; x_wconf 79' lang='lat' dir='ltr'><strong>con-</strong></span> 
     </span>
    </p>
   </div>
   <div class='ocr_carea' id='block_1_36' title="bbox 319 1912 1832 1985">
    <p class='ocr_par' dir='ltr' id='par_1_36' title="bbox 319 1912 1832 1985">
     <span class='ocr_line' id='line_1_36' title="bbox 319 1912 1832 1985; baseline 0 -18"><span class='ocrx_word' id='word_1_205' title='bbox 319 1912 555 1969; x_wconf 76' lang='grc' dir='ltr'>θλάσω.</span> <span class='ocrx_word' id='word_1_206' title='bbox 587 1913 708 1967; x_wconf 87' lang='grc' dir='ltr'><strong>Τῶν</strong></span> <span class='ocrx_word' id='word_1_207' title='bbox 745 1912 905 1979; x_wconf 77' lang='grc' dir='ltr'>αὖθις</span> <span class='ocrx_word' id='word_1_208' title='bbox 940 1913 1373 1984; x_wconf 82' lang='grc' dir='ltr'><strong>πολεμησάντων</strong></span> <span class='ocrx_word' id='word_1_209' title='bbox 1405 1931 1495 1984; x_wconf 88' lang='grc' dir='ltr'><strong>μοι</strong></span> <span class='ocrx_word' id='word_1_210' title='bbox 1527 1913 1832 1985; x_wconf 83' lang='grc' dir='ltr'>δυσμενῶν.</span> 
     </span>
    </p>
   </div>
   <div class='ocr_carea' id='block_1_37' title="bbox 396 2089 1915 2167">
    <p class='ocr_par' dir='ltr' id='par_1_37' title="bbox 396 2089 1915 2167">
     <span class='ocr_line' id='line_1_37' title="bbox 396 2089 1915 2167; baseline 0.005 -23"><span class='ocrx_word' id='word_1_211' title='bbox 396 2089 512 2144; x_wconf 79' lang='lat' dir='ltr'><strong>Kal</strong></span> <span class='ocrx_word' id='word_1_212' title='bbox 553 2090 943 2161; x_wconf 69' lang='grc' dir='ltr'><strong>ὑψωθήσεται</strong></span> <span class='ocrx_word' id='word_1_213' title='bbox 983 2094 1050 2147; x_wconf 85' lang='grc' dir='ltr'>τὸ</span> <span class='ocrx_word' id='word_1_214' title='bbox 1087 2092 1266 2162; x_wconf 82' lang='grc' dir='ltr'>κέρας</span> <span class='ocrx_word' id='word_1_215' title='bbox 1297 2094 1406 2148; x_wconf 85' lang='grc' dir='ltr'><strong>τοῦ</strong></span> <span class='ocrx_word' id='word_1_216' title='bbox 1437 2094 1694 2150; x_wconf 79' lang='grc' dir='ltr'><strong>δικαίου.</strong></span> <span class='ocrx_word' id='word_1_217' title='bbox 1737 2096 1915 2167; x_wconf 84' lang='grc' dir='ltr'>Νική-</span> 
     </span>
    </p>
   </div>
   <div class='ocr_carea' id='block_1_38' title="bbox 321 2183 1920 2267">
    <p class='ocr_par' dir='ltr' id='par_1_38' title="bbox 321 2183 1920 2267">
     <span class='ocr_line' id='line_1_38' title="bbox 321 2183 1920 2267; baseline 0.004 -33"><span class='ocrx_word' id='word_1_218' title='bbox 321 2198 550 2244; x_wconf 84' lang='grc' dir='ltr'>σαντος.</span> <span class='ocrx_word' id='word_1_219' title='bbox 587 2183 654 2236; x_wconf 79' lang='grc' dir='ltr'><strong>Οἳ</strong></span> <span class='ocrx_word' id='word_1_220' title='bbox 691 2201 751 2236; x_wconf 87' lang='grc' dir='ltr'><strong>τε</strong></span> <span class='ocrx_word' id='word_1_221' title='bbox 791 2184 904 2256; x_wconf 79' lang='grc' dir='ltr'><strong>γὰρ</strong></span> <span class='ocrx_word' id='word_1_222' title='bbox 947 2184 1279 2256; x_wconf 80' lang='grc' dir='ltr'>Ἰσραηλῖται</span> <span class='ocrx_word' id='word_1_223' title='bbox 1321 2186 1462 2267; x_wconf 84' lang='grc' dir='ltr'><strong>μετά</strong></span> <span class='ocrx_word' id='word_1_224' title='bbox 1507 2186 1606 2256; x_wconf 77' lang='grc' dir='ltr'>τῆς</span> <span class='ocrx_word' id='word_1_225' title='bbox 1641 2189 1698 2240; x_wconf 83' lang='grc' dir='ltr'>ὲν</span> <span class='ocrx_word' id='word_1_226' title='bbox 1743 2187 1920 2241; x_wconf 86' lang='grc' dir='ltr'>Βαϐυ-</span> 
     </span>
    </p>
   </div>
   <div class='ocr_carea' id='block_1_39' title="bbox 319 2271 1920 2346">
    <p class='ocr_par' dir='ltr' id='par_1_39' title="bbox 319 2271 1920 2346">
     <span class='ocr_line' id='line_1_39' title="bbox 319 2271 1920 2346; baseline 0.004 -23"><span class='ocrx_word' id='word_1_227' title='bbox 319 2271 460 2325; x_wconf 85' lang='grc' dir='ltr'>λῶνι</span> <span class='ocrx_word' id='word_1_228' title='bbox 492 2272 745 2336; x_wconf 81' lang='grc' dir='ltr'>δουλείας</span> <span class='ocrx_word' id='word_1_229' title='bbox 773 2275 1059 2340; x_wconf 77' lang='grc' dir='ltr'><strong>ἐπάνοδον,</strong></span> <span class='ocrx_word' id='word_1_230' title='bbox 1094 2274 1545 2346; x_wconf 83' lang='grc' dir='ltr'>προσϐαλλόντων</span> <span class='ocrx_word' id='word_1_231' title='bbox 1593 2277 1783 2340; x_wconf 75' lang='grc' dir='ltr'>αὐτοῖς</span> <span class='ocrx_word' id='word_1_232' title='bbox 1811 2276 1920 2330; x_wconf 90' lang='grc' dir='ltr'><strong>τῶν</strong></span> 
     </span>
    </p>
   </div>
   <div class='ocr_carea' id='block_1_40' title="bbox 321 2355 1922 2439">
    <p class='ocr_par' dir='ltr' id='par_1_40' title="bbox 321 2355 1922 2439">
     <span class='ocr_line' id='line_1_40' title="bbox 321 2355 1922 2439; baseline 0.004 -24"><span class='ocrx_word' id='word_1_233' title='bbox 321 2364 747 2431; x_wconf 82' lang='grc' dir='ltr'>γειτονούντων,</span> <span class='ocrx_word' id='word_1_234' title='bbox 802 2366 1091 2438; x_wconf 76' lang='grc' dir='ltr'>ἐνίκησαν,</span> <span class='ocrx_word' id='word_1_235' title='bbox 1145 2368 1199 2419; x_wconf 84' lang='grc' dir='ltr'>οῖ</span> <span class='ocrx_word' id='word_1_236' title='bbox 1243 2384 1302 2419; x_wconf 82' lang='grc' dir='ltr'><strong>τε</strong></span> <span class='ocrx_word' id='word_1_237' title='bbox 1357 2355 1672 2438; x_wconf 53' lang='grc' dir='ltr'>Χριστιανοὶ</span> <span class='ocrx_word' id='word_1_238' title='bbox 1725 2371 1789 2421; x_wconf 81' lang='grc' dir='ltr'>ἐκ</span> <span class='ocrx_word' id='word_1_239' title='bbox 1822 2369 1922 2439; x_wconf 79' lang='grc' dir='ltr'>τῆς</span> 
     </span>
    </p>
   </div>
   <div class='ocr_carea' id='block_1_41' title="bbox 322 2452 1920 2530">
    <p class='ocr_par' dir='ltr' id='par_1_41' title="bbox 322 2452 1920 2530">
     <span class='ocr_line' id='line_1_41' title="bbox 322 2452 1920 2530; baseline 0.004 -25"><span class='ocrx_word' id='word_1_240' title='bbox 322 2452 582 2515; x_wconf 78' lang='grc' dir='ltr'>δουλείας</span> <span class='ocrx_word' id='word_1_241' title='bbox 614 2453 725 2508; x_wconf 88' lang='grc' dir='ltr'><strong>τῶν</strong></span> <span class='ocrx_word' id='word_1_242' title='bbox 762 2454 1022 2523; x_wconf 79' lang='grc' dir='ltr'>εἰδώλων,</span> <span class='ocrx_word' id='word_1_243' title='bbox 1042 2457 1427 2521; x_wconf 76' lang='grc' dir='ltr'>ἐπανελθόντες</span> <span class='ocrx_word' id='word_1_244' title='bbox 1463 2459 1542 2520; x_wconf 83' lang='grc' dir='ltr'>εἰς</span> <span class='ocrx_word' id='word_1_245' title='bbox 1582 2456 1920 2530; x_wconf 74' lang='grc' dir='ltr'>ἐλευθερίαν,</span> 
     </span>
    </p>
   </div>
   <div class='ocr_carea' id='block_1_42' title="bbox 324 2544 1920 2620">
    <p class='ocr_par' dir='ltr' id='par_1_42' title="bbox 324 2544 1920 2620">
     <span class='ocr_line' id='line_1_42' title="bbox 324 2544 1920 2620; baseline 0.003 -22"><span class='ocrx_word' id='word_1_246' title='bbox 324 2544 604 2598; x_wconf 84' lang='grc' dir='ltr'>συνθλῶσι</span> <span class='ocrx_word' id='word_1_247' title='bbox 637 2544 734 2608; x_wconf 85' lang='grc' dir='ltr'><strong>τάς</strong></span> <span class='ocrx_word' id='word_1_248' title='bbox 768 2545 1027 2617; x_wconf 83' lang='grc' dir='ltr'>δυνάμεις</span> <span class='ocrx_word' id='word_1_249' title='bbox 1054 2547 1164 2600; x_wconf 76' lang='grc' dir='ltr'><strong>τῶν</strong></span> <span class='ocrx_word' id='word_1_250' title='bbox 1191 2548 1354 2618; x_wconf 82' lang='grc' dir='ltr'>πέριξ</span> <span class='ocrx_word' id='word_1_251' title='bbox 1387 2548 1764 2620; x_wconf 81' lang='grc' dir='ltr'>διαιτωμένων</span> <span class='ocrx_word' id='word_1_252' title='bbox 1798 2551 1920 2604; x_wconf 84' lang='grc' dir='ltr'>δαι-</span> 
     </span>
    </p>
   </div>
   <div class='ocr_carea' id='block_1_43' title="bbox 328 2637 1925 2710">
    <p class='ocr_par' dir='ltr' id='par_1_43' title="bbox 328 2637 1925 2710">
     <span class='ocr_line' id='line_1_43' title="bbox 328 2637 1925 2710; baseline 0.003 -21"><span class='ocrx_word' id='word_1_253' title='bbox 328 2637 519 2710; x_wconf 80' lang='grc' dir='ltr'>μόνων</span> <span class='ocrx_word' id='word_1_254' title='bbox 543 2637 943 2708; x_wconf 80' lang='grc' dir='ltr'>ἐπιτιθεμένων</span> <span class='ocrx_word' id='word_1_255' title='bbox 988 2640 1192 2703; x_wconf 84' lang='grc' dir='ltr'>αὐτοῖς.</span> <span class='ocrx_word' id='word_1_256' title='bbox 1229 2640 1447 2694; x_wconf 87' lang='grc' dir='ltr'>Δίκαιον</span> <span class='ocrx_word' id='word_1_257' title='bbox 1478 2641 1534 2694; x_wconf 86' lang='grc' dir='ltr'><strong>δὲ</strong></span> <span class='ocrx_word' id='word_1_258' title='bbox 1567 2641 1726 2695; x_wconf 88' lang='grc' dir='ltr'>καλεῖ</span> <span class='ocrx_word' id='word_1_259' title='bbox 1747 2642 1925 2695; x_wconf 77' lang='grc' dir='ltr'>πάντα</span> 
     </span>
    </p>
   </div>
   <div class='ocr_carea' id='block_1_44' title="bbox 325 2728 1924 2803">
    <p class='ocr_par' dir='ltr' id='par_1_44' title="bbox 325 2728 1924 2803">
     <span class='ocr_line' id='line_1_44' title="bbox 325 2728 1924 2803; baseline 0.001 -20"><span class='ocrx_word' id='word_1_260' title='bbox 325 2728 560 2801; x_wconf 81' lang='grc' dir='ltr'>εὐσεϐῆ.</span> <span class='ocrx_word' id='word_1_261' title='bbox 612 2729 711 2800; x_wconf 78' lang='grc' dir='ltr'><strong>Είη</strong></span> <span class='ocrx_word' id='word_1_262' title='bbox 742 2730 788 2783; x_wconf 80' lang='grc' dir='ltr'><strong>δ’</strong></span> <span class='ocrx_word' id='word_1_263' title='bbox 814 2730 881 2784; x_wconf 83' lang='grc' dir='ltr'>ἂν</span> <span class='ocrx_word' id='word_1_264' title='bbox 909 2732 1005 2784; x_wconf 77' lang='grc' dir='ltr'>καὶ</span> <span class='ocrx_word' id='word_1_265' title='bbox 1030 2733 1058 2785; x_wconf 97' lang='lat'><strong>6</strong></span> <span class='ocrx_word' id='word_1_266' title='bbox 1086 2731 1418 2803; x_wconf 87' lang='grc' dir='ltr'>Ζοροϐάϐελ,</span> <span class='ocrx_word' id='word_1_267' title='bbox 1448 2734 1475 2785; x_wconf 88' lang='lat'><strong>6</strong></span> <span class='ocrx_word' id='word_1_268' title='bbox 1502 2732 1593 2786; x_wconf 84' lang='grc' dir='ltr'>τὸν</span> <span class='ocrx_word' id='word_1_269' title='bbox 1619 2733 1749 2786; x_wconf 82' lang='grc' dir='ltr'>λαὸν</span> <span class='ocrx_word' id='word_1_270' title='bbox 1770 2750 1924 2803; x_wconf 78' lang='grc' dir='ltr'>τηνιο</span> 
     </span>
    </p>
   </div>
   <div class='ocr_carea' id='block_1_45' title="bbox 327 2821 1927 2897">
    <p class='ocr_par' dir='ltr' id='par_1_45' title="bbox 327 2821 1927 2897">
     <span class='ocr_line' id='line_1_45' title="bbox 327 2821 1927 2897; baseline 0.002 -22"><span class='ocrx_word' id='word_1_271' title='bbox 327 2821 521 2875; x_wconf 83' lang='grc' dir='ltr'>καῦτα</span> <span class='ocrx_word' id='word_1_272' title='bbox 554 2823 947 2891; x_wconf 77' lang='grc' dir='ltr'>ἐπαναγαγὼν,</span> <span class='ocrx_word' id='word_1_273' title='bbox 1005 2824 1142 2878; x_wconf 81' lang='grc' dir='ltr'>ἀλλὰ</span> <span class='ocrx_word' id='word_1_274' title='bbox 1175 2825 1269 2878; x_wconf 82' lang='grc' dir='ltr'>καὶ</span> <span class='ocrx_word' id='word_1_275' title='bbox 1319 2826 1348 2878; x_wconf 84' lang='lat'><strong>6</strong></span> <span class='ocrx_word' id='word_1_276' title='bbox 1381 2825 1617 2897; x_wconf 79' lang='grc' dir='ltr'>Χριστὸς</span> <span class='ocrx_word' id='word_1_277' title='bbox 1651 2827 1679 2877; x_wconf 88' lang='lat'><strong>6</strong></span> <span class='ocrx_word' id='word_1_278' title='bbox 1721 2825 1927 2895; x_wconf 82' lang='grc' dir='ltr'>κυρίως</span> 
     </span>
    </p>
   </div>
   <div class='ocr_carea' id='block_1_46' title="bbox 326 2911 1923 2988">
    <p class='ocr_par' dir='ltr' id='par_1_46' title="bbox 326 2911 1923 2988">
     <span class='ocr_line' id='line_1_46' title="bbox 326 2911 1923 2988; baseline 0.001 -21"><span class='ocrx_word' id='word_1_279' title='bbox 326 2913 572 2978; x_wconf 83' lang='grc' dir='ltr'>δίκαιος,</span> <span class='ocrx_word' id='word_1_280' title='bbox 608 2915 683 2978; x_wconf 82' lang='grc' dir='ltr'>ὡς</span> <span class='ocrx_word' id='word_1_281' title='bbox 732 2915 1142 2987; x_wconf 81' lang='grc' dir='ltr'>ἀναμάρτητος,</span> <span class='ocrx_word' id='word_1_282' title='bbox 1194 2911 1257 2972; x_wconf 82' lang='grc' dir='ltr'><strong>οῦ</strong></span> <span class='ocrx_word' id='word_1_283' title='bbox 1311 2916 1480 2980; x_wconf 82' lang='grc' dir='ltr'>τύπος</span> <span class='ocrx_word' id='word_1_284' title='bbox 1515 2919 1543 2970; x_wconf 88' lang='lat'><strong>6</strong></span> <span class='ocrx_word' id='word_1_285' title='bbox 1579 2916 1923 2988; x_wconf 77' lang='grc' dir='ltr'>Ζοροϐάϐελ’</span> 
     </span>
    </p>
   </div>
   <div class='ocr_carea' id='block_1_47' title="bbox 326 3004 1929 3078">
    <p class='ocr_par' dir='ltr' id='par_1_47' title="bbox 326 3004 1929 3078">
     <span class='ocr_line' id='line_1_47' title="bbox 326 3004 1929 3078; baseline 0.002 -21"><span class='ocrx_word' id='word_1_286' title='bbox 326 3004 450 3057; x_wconf 86' lang='grc' dir='ltr'><strong>τῶν</strong></span> <span class='ocrx_word' id='word_1_287' title='bbox 512 3005 623 3077; x_wconf 86' lang='grc' dir='ltr'><strong>γὰρ</strong></span> <span class='ocrx_word' id='word_1_288' title='bbox 695 3007 754 3059; x_wconf 83' lang='grc' dir='ltr'><strong>έν</strong></span> <span class='ocrx_word' id='word_1_289' title='bbox 820 3006 1035 3077; x_wconf 86' lang='grc' dir='ltr'>σώματι</span> <span class='ocrx_word' id='word_1_290' title='bbox 1059 3008 1188 3070; x_wconf 81' lang='grc' dir='ltr'>τοὺς</span> <span class='ocrx_word' id='word_1_291' title='bbox 1246 3008 1575 3078; x_wconf 82' lang='grc' dir='ltr'>ἀσωμάτους</span> <span class='ocrx_word' id='word_1_292' title='bbox 1633 3007 1929 3077; x_wconf 81' lang='grc' dir='ltr'>πολεμίους</span> 
     </span>
    </p>
   </div>
   <div class='ocr_carea' id='block_1_48' title="bbox 328 3095 1929 3170">
    <p class='ocr_par' dir='ltr' id='par_1_48' title="bbox 328 3095 1929 3170">
     <span class='ocr_line' id='line_1_48' title="bbox 328 3095 1929 3170; baseline 0.001 -20"><span class='ocrx_word' id='word_1_293' title='bbox 328 3096 621 3150; x_wconf 81' lang='grc' dir='ltr'>νικώντων</span> <span class='ocrx_word' id='word_1_294' title='bbox 677 3095 911 3166; x_wconf 75' lang='grc' dir='ltr'>ὑψοῦται</span> <span class='ocrx_word' id='word_1_295' title='bbox 959 3099 994 3170; x_wconf 86' lang='grc' dir='ltr'>ἠ</span> <span class='ocrx_word' id='word_1_296' title='bbox 1044 3098 1296 3169; x_wconf 85' lang='grc' dir='ltr'>δύναμις,</span> <span class='ocrx_word' id='word_1_297' title='bbox 1342 3101 1440 3154; x_wconf 74' lang='grc' dir='ltr'>καὶ</span> <span class='ocrx_word' id='word_1_298' title='bbox 1488 3101 1516 3152; x_wconf 94' lang='lat'><strong>6</strong></span> <span class='ocrx_word' id='word_1_299' title='bbox 1573 3099 1792 3162; x_wconf 77' lang='grc' dir='ltr'>ἔπαινος</span> <span class='ocrx_word' id='word_1_300' title='bbox 1835 3100 1929 3153; x_wconf 79' lang='grc' dir='ltr'><strong>τοῦ</strong></span> 
     </span>
    </p>
   </div>
   <div class='ocr_carea' id='block_1_49' title="bbox 329 3190 1384 3261">
    <p class='ocr_par' dir='ltr' id='par_1_49' title="bbox 329 3190 1384 3261">
     <span class='ocr_line' id='line_1_49' title="bbox 329 3190 1384 3261; baseline 0.001 -17"><span class='ocrx_word' id='word_1_301' title='bbox 329 3192 607 3261; x_wconf 78' lang='grc' dir='ltr'>Χριστοῦ,</span> <span class='ocrx_word' id='word_1_302' title='bbox 635 3193 729 3244; x_wconf 85' lang='grc' dir='ltr'><strong>τοῦ</strong></span> <span class='ocrx_word' id='word_1_303' title='bbox 759 3190 1127 3260; x_wconf 84' lang='grc' dir='ltr'>δυναμοῦντος</span> <span class='ocrx_word' id='word_1_304' title='bbox 1163 3194 1384 3255; x_wconf 76' lang='grc' dir='ltr'>αὐτούς.</span> 
     </span>
    </p>
   </div>
   <div class='ocr_carea' id='block_1_50' title="bbox 2017 1902 3606 1977">
    <p class='ocr_par' dir='ltr' id='par_1_50' title="bbox 2017 1902 3606 1977">
     <span class='ocr_line' id='line_1_50' title="bbox 2017 1902 3606 1977; baseline 0.003 -22"><span class='ocrx_word' id='word_1_305' title='bbox 2017 1903 2295 1972; x_wconf 78' lang='lat' dir='ltr'><strong>stringam.</strong></span> <span class='ocrx_word' id='word_1_306' title='bbox 2324 1902 2680 1957; x_wconf 88' lang='lat' dir='ltr'><strong>lnimicorum</strong></span> <span class='ocrx_word' id='word_1_307' title='bbox 2712 1905 2927 1961; x_wconf 83' lang='lat' dir='ltr'><strong>scilicet</strong></span> <span class='ocrx_word' id='word_1_308' title='bbox 2951 1920 3146 1962; x_wconf 87' lang='lat' dir='ltr'><strong>rursus</strong></span> <span class='ocrx_word' id='word_1_309' title='bbox 3166 1922 3253 1962; x_wconf 88' lang='lat' dir='ltr'><strong>me</strong></span> <span class='ocrx_word' id='word_1_310' title='bbox 3276 1921 3606 1977; x_wconf 73' lang='lat' dir='ltr'><strong>Oppugtttttt-</strong></span> 
     </span>
    </p>
   </div>
   <div class='ocr_carea' id='block_1_51' title="bbox 2020 1994 2179 2048">
    <p class='ocr_par' dir='ltr' id='par_1_51' title="bbox 2020 1994 2179 2048">
     <span class='ocr_line' id='line_1_51' title="bbox 2020 1994 2179 2048; baseline -0.006 -1"><span class='ocrx_word' id='word_1_311' title='bbox 2020 1994 2179 2048; x_wconf 86' lang='lat' dir='ltr'><strong>tium.</strong></span> 
     </span>
    </p>
   </div>
   <div class='ocr_carea' id='block_1_52' title="bbox 2090 2082 3603 2156">
    <p class='ocr_par' dir='ltr' id='par_1_52' title="bbox 2090 2082 3603 2156">
     <span class='ocr_line' id='line_1_52' title="bbox 2090 2082 3603 2156; baseline 0.003 -19"><span class='ocrx_word' id='word_1_312' title='bbox 2090 2082 2159 2137; x_wconf 84' lang='lat' dir='ltr'><strong>Et</strong></span> <span class='ocrx_word' id='word_1_313' title='bbox 2183 2083 2509 2140; x_wconf 71' lang='lat' dir='ltr'><strong>exaltabimr</strong></span> <span class='ocrx_word' id='word_1_314' title='bbox 2537 2101 2702 2139; x_wconf 86' lang='lat' dir='ltr'><strong>cornu</strong></span> <span class='ocrx_word' id='word_1_315' title='bbox 2741 2084 2903 2156; x_wconf 76' lang='lat' dir='ltr'><strong>justi.</strong></span> <span class='ocrx_word' id='word_1_316' title='bbox 2934 2085 3110 2143; x_wconf 88' lang='lat' dir='ltr'><strong>Simul</strong></span> <span class='ocrx_word' id='word_1_317' title='bbox 3147 2101 3214 2142; x_wconf 86' lang='lat' dir='ltr'><strong>ac</strong></span> <span class='ocrx_word' id='word_1_318' title='bbox 3254 2088 3468 2145; x_wconf 82' lang='lat' dir='ltr'><strong>vicerit.</strong></span> <span class='ocrx_word' id='word_1_319' title='bbox 3507 2086 3603 2141; x_wconf 80' lang='lat' dir='ltr'><strong>Ju-</strong></span> 
     </span>
    </p>
   </div>
   <div class='ocr_carea' id='block_1_53' title="bbox 2019 2176 3605 2249">
    <p class='ocr_par' dir='ltr' id='par_1_53' title="bbox 2019 2176 3605 2249">
     <span class='ocr_line' id='line_1_53' title="bbox 2019 2176 3605 2249; baseline 0.003 -16"><span class='ocrx_word' id='word_1_320' title='bbox 2019 2176 2261 2233; x_wconf 74' lang='lat' dir='ltr'><strong>dmorum</strong></span> <span class='ocrx_word' id='word_1_321' title='bbox 2302 2177 2447 2231; x_wconf 92' lang='lat' dir='ltr'><strong>enim</strong></span> <span class='ocrx_word' id='word_1_322' title='bbox 2484 2178 2720 2248; x_wconf 91' lang='lat' dir='ltr'><strong>populus</strong></span> <span class='ocrx_word' id='word_1_323' title='bbox 2749 2187 2872 2248; x_wconf 90' lang='lat' dir='ltr'><strong>post</strong></span> <span class='ocrx_word' id='word_1_324' title='bbox 2905 2179 3146 2235; x_wconf 89' lang='lat' dir='ltr'><strong>reditum</strong></span> <span class='ocrx_word' id='word_1_325' title='bbox 3194 2195 3226 2235; x_wconf 83' lang='grc' dir='ltr'><strong>ο</strong></span> <span class='ocrx_word' id='word_1_326' title='bbox 3264 2181 3605 2249; x_wconf 82' lang='lat' dir='ltr'><strong>captivitate,</strong></span> 
     </span>
    </p>
   </div>
   <div class='ocr_carea' id='block_1_54' title="bbox 2021 2272 3610 2342">
    <p class='ocr_par' dir='ltr' id='par_1_54' title="bbox 2021 2272 3610 2342">
     <span class='ocr_line' id='line_1_54' title="bbox 2021 2272 3610 2342; baseline 0.001 -16"><span class='ocrx_word' id='word_1_327' title='bbox 2021 2272 2374 2342; x_wconf 74' lang='lat' dir='ltr'><strong>insurgentes</strong></span> <span class='ocrx_word' id='word_1_328' title='bbox 2397 2272 2453 2326; x_wconf 92' lang='lat' dir='ltr'><strong>in</strong></span> <span class='ocrx_word' id='word_1_329' title='bbox 2478 2287 2538 2328; x_wconf 84' lang='lat' dir='ltr'><strong>se</strong></span> <span class='ocrx_word' id='word_1_330' title='bbox 2561 2272 2772 2327; x_wconf 89' lang='lat' dir='ltr'><strong>vicinas</strong></span> <span class='ocrx_word' id='word_1_331' title='bbox 2816 2282 3007 2342; x_wconf 78' lang='lat' dir='ltr'><strong>gentes</strong></span> <span class='ocrx_word' id='word_1_332' title='bbox 3057 2272 3280 2328; x_wconf 86' lang='lat' dir='ltr'><strong>devicit.</strong></span> <span class='ocrx_word' id='word_1_333' title='bbox 3342 2272 3408 2328; x_wconf 86' lang='lat' dir='ltr'><strong>Et</strong></span> <span class='ocrx_word' id='word_1_334' title='bbox 3447 2273 3610 2328; x_wconf 73' lang='lat' dir='ltr'><strong>Chri—</strong></span> 
     </span>
    </p>
   </div>
   <div class='ocr_carea' id='block_1_55' title="bbox 2024 2362 3609 2429">
    <p class='ocr_par' dir='ltr' id='par_1_55' title="bbox 2024 2362 3609 2429">
     <span class='ocr_line' id='line_1_55' title="bbox 2024 2362 3609 2429; baseline -0.001 -10"><span class='ocrx_word' id='word_1_335' title='bbox 2024 2364 2188 2419; x_wconf 87' lang='lat' dir='ltr'><strong>stiani</strong></span> <span class='ocrx_word' id='word_1_336' title='bbox 2215 2363 2384 2418; x_wconf 84' lang='lat' dir='ltr'><strong>simili</strong></span> <span class='ocrx_word' id='word_1_337' title='bbox 2421 2363 2584 2418; x_wconf 91' lang='lat' dir='ltr'><strong>modo</strong></span> <span class='ocrx_word' id='word_1_338' title='bbox 2609 2379 2672 2418; x_wconf 74' lang='lat' dir='ltr'><strong>ex</strong></span> <span class='ocrx_word' id='word_1_339' title='bbox 2702 2362 2975 2417; x_wconf 85' lang='lat' dir='ltr'><strong>idolorum</strong></span> <span class='ocrx_word' id='word_1_340' title='bbox 3009 2366 3271 2419; x_wconf 85' lang='lat' dir='ltr'><strong>servitute</strong></span> <span class='ocrx_word' id='word_1_341' title='bbox 3296 2405 3312 2429; x_wconf 94' lang='lat'><strong>,</strong></span> <span class='ocrx_word' id='word_1_342' title='bbox 3347 2364 3405 2418; x_wconf 91' lang='lat' dir='ltr'><strong>in</strong></span> <span class='ocrx_word' id='word_1_343' title='bbox 3439 2365 3609 2419; x_wconf 87' lang='lat' dir='ltr'><strong>liber-</strong></span> 
     </span>
    </p>
   </div>
   <div class='ocr_carea' id='block_1_56' title="bbox 2025 2454 3613 2519">
    <p class='ocr_par' dir='ltr' id='par_1_56' title="bbox 2025 2454 3613 2519">
     <span class='ocr_line' id='line_1_56' title="bbox 2025 2454 3613 2519; baseline -0.001 -11"><span class='ocrx_word' id='word_1_344' title='bbox 2025 2463 2195 2510; x_wconf 85' lang='lat' dir='ltr'><strong>tatem</strong></span> <span class='ocrx_word' id='word_1_345' title='bbox 2228 2455 2492 2519; x_wconf 88' lang='lat' dir='ltr'><strong>restituti,</strong></span> <span class='ocrx_word' id='word_1_346' title='bbox 2537 2455 2847 2508; x_wconf 80' lang='lat' dir='ltr'><strong>daemonum</strong></span> <span class='ocrx_word' id='word_1_347' title='bbox 2903 2455 3150 2508; x_wconf 89' lang='lat' dir='ltr'><strong>omnium</strong></span> <span class='ocrx_word' id='word_1_348' title='bbox 3179 2456 3323 2510; x_wconf 89' lang='lat' dir='ltr'><strong>vires</strong></span> <span class='ocrx_word' id='word_1_349' title='bbox 3361 2454 3613 2509; x_wconf 80' lang='lat' dir='ltr'><strong>confrin-</strong></span> 
     </span>
    </p>
   </div>
   <div class='ocr_carea' id='block_1_57' title="bbox 2026 2545 3615 2619">
    <p class='ocr_par' dir='ltr' id='par_1_57' title="bbox 2026 2545 3615 2619">
     <span class='ocr_line' id='line_1_57' title="bbox 2026 2545 3615 2619; baseline -0.001 -17"><span class='ocrx_word' id='word_1_350' title='bbox 2026 2555 2182 2619; x_wconf 77' lang='lat' dir='ltr'><strong>gunt,</strong></span> <span class='ocrx_word' id='word_1_351' title='bbox 2214 2547 2305 2616; x_wconf 93' lang='lat' dir='ltr'><strong>qui</strong></span> <span class='ocrx_word' id='word_1_352' title='bbox 2336 2546 2554 2601; x_wconf 89' lang='lat' dir='ltr'><strong>interim</strong></span> <span class='ocrx_word' id='word_1_353' title='bbox 2582 2545 2636 2599; x_wconf 89' lang='lat' dir='ltr'><strong>in</strong></span> <span class='ocrx_word' id='word_1_354' title='bbox 2666 2545 2904 2619; x_wconf 85' lang='lat' dir='ltr'><strong>circuitu</strong></span> <span class='ocrx_word' id='word_1_355' title='bbox 2935 2546 3086 2600; x_wconf 86' lang='lat' dir='ltr'><strong>orbis</strong></span> <span class='ocrx_word' id='word_1_356' title='bbox 3117 2553 3267 2611; x_wconf 89' lang='lat' dir='ltr'><strong>sunt,</strong></span> <span class='ocrx_word' id='word_1_357' title='bbox 3299 2556 3615 2615; x_wconf 79' lang='lat' dir='ltr'><strong>quaerentes</strong></span> 
     </span>
    </p>
   </div>
   <div class='ocr_carea' id='block_1_58' title="bbox 2027 2636 3615 2709">
    <p class='ocr_par' dir='ltr' id='par_1_58' title="bbox 2027 2636 3615 2709">
     <span class='ocr_line' id='line_1_58' title="bbox 2027 2636 3615 2709; baseline -0.002 -16"><span class='ocrx_word' id='word_1_358' title='bbox 2027 2653 2188 2709; x_wconf 86' lang='lat' dir='ltr'><strong>quem</strong></span> <span class='ocrx_word' id='word_1_359' title='bbox 2213 2638 2501 2703; x_wconf 89' lang='lat' dir='ltr'><strong>devorent,</strong></span> <span class='ocrx_word' id='word_1_360' title='bbox 2522 2644 2577 2691; x_wconf 90' lang='lat' dir='ltr'><strong>et</strong></span> <span class='ocrx_word' id='word_1_361' title='bbox 2602 2637 2771 2691; x_wconf 85' lang='lat' dir='ltr'><strong>variis</strong></span> <span class='ocrx_word' id='word_1_362' title='bbox 2824 2652 2925 2691; x_wconf 91' lang='lat' dir='ltr'><strong>nos</strong></span> <span class='ocrx_word' id='word_1_363' title='bbox 2983 2637 3388 2692; x_wconf 84' lang='lat' dir='ltr'><strong>tentationibus</strong></span> <span class='ocrx_word' id='word_1_364' title='bbox 3436 2636 3615 2706; x_wconf 86' lang='lat' dir='ltr'><strong>impc-</strong></span> 
     </span>
    </p>
   </div>
   <div class='ocr_carea' id='block_1_59' title="bbox 2029 2728 3608 2800">
    <p class='ocr_par' dir='ltr' id='par_1_59' title="bbox 2029 2728 3608 2800">
     <span class='ocr_line' id='line_1_59' title="bbox 2029 2728 3608 2800; baseline 0 -14"><span class='ocrx_word' id='word_1_365' title='bbox 2029 2738 2226 2786; x_wconf 90' lang='lat' dir='ltr'><strong>tentes.</strong></span> <span class='ocrx_word' id='word_1_366' title='bbox 2253 2730 2356 2784; x_wconf 86' lang='lat' dir='ltr'><strong>Per</strong></span> <span class='ocrx_word' id='word_1_367' title='bbox 2385 2729 2594 2799; x_wconf 90' lang='lat' dir='ltr'><strong>justum</strong></span> <span class='ocrx_word' id='word_1_368' title='bbox 2631 2737 2837 2795; x_wconf 89' lang='lat' dir='ltr'><strong>autem,</strong></span> <span class='ocrx_word' id='word_1_369' title='bbox 2866 2728 3016 2800; x_wconf 85' lang='lat' dir='ltr'><strong>pium</strong></span> <span class='ocrx_word' id='word_1_370' title='bbox 3049 2731 3350 2800; x_wconf 89' lang='lat' dir='ltr'><strong>quemlibet</strong></span> <span class='ocrx_word' id='word_1_371' title='bbox 3401 2745 3466 2785; x_wconf 89' lang='lat' dir='ltr'><strong>ac</strong></span> <span class='ocrx_word' id='word_1_372' title='bbox 3515 2746 3608 2786; x_wconf 89' lang='lat' dir='ltr'><strong>re-</strong></span> 
     </span>
    </p>
   </div>
   <div class='ocr_carea' id='block_1_60' title="bbox 2028 2820 3619 2894">
    <p class='ocr_par' dir='ltr' id='par_1_60' title="bbox 2028 2820 3619 2894">
     <span class='ocr_line' id='line_1_60' title="bbox 2028 2820 3619 2894; baseline -0.002 -17"><span class='ocrx_word' id='word_1_373' title='bbox 2028 2823 2285 2894; x_wconf 82' lang='lat' dir='ltr'><strong>ligiosum</strong></span> <span class='ocrx_word' id='word_1_374' title='bbox 2316 2822 2496 2877; x_wconf 89' lang='lat' dir='ltr'><strong>virum</strong></span> <span class='ocrx_word' id='word_1_375' title='bbox 2547 2820 2839 2892; x_wconf 81' lang='lat' dir='ltr'><strong>intelligit,</strong></span> <span class='ocrx_word' id='word_1_376' title='bbox 2893 2821 2977 2875; x_wconf 90' lang='lat' dir='ltr'><strong>vel</strong></span> <span class='ocrx_word' id='word_1_377' title='bbox 3023 2821 3211 2891; x_wconf 88' lang='lat' dir='ltr'><strong>ipsum</strong></span> <span class='ocrx_word' id='word_1_378' title='bbox 3270 2820 3619 2882; x_wconf 85' lang='lat' dir='ltr'><strong>Zorobahel.</strong></span> 
     </span>
    </p>
   </div>
   <div class='ocr_carea' id='block_1_61' title="bbox 2031 2913 3622 2985">
    <p class='ocr_par' dir='ltr' id='par_1_61' title="bbox 2031 2913 3622 2985">
     <span class='ocr_line' id='line_1_61' title="bbox 2031 2913 3622 2985; baseline 0.001 -17"><span class='ocrx_word' id='word_1_379' title='bbox 2031 2914 2126 2985; x_wconf 91' lang='lat' dir='ltr'><strong>qui</strong></span> <span class='ocrx_word' id='word_1_380' title='bbox 2160 2915 2419 2984; x_wconf 82' lang='lat' dir='ltr'><strong>pOpnlum</strong></span> <span class='ocrx_word' id='word_1_381' title='bbox 2447 2929 2476 2968; x_wconf 90' lang='lat' dir='ltr'><strong>c</strong></span> <span class='ocrx_word' id='word_1_382' title='bbox 2508 2913 2825 2985; x_wconf 86' lang='lat' dir='ltr'><strong>captivitate</strong></span> <span class='ocrx_word' id='word_1_383' title='bbox 2859 2914 2914 2967; x_wconf 88' lang='lat' dir='ltr'><strong>in</strong></span> <span class='ocrx_word' id='word_1_384' title='bbox 2970 2916 3201 2983; x_wconf 82' lang='lat' dir='ltr'><strong>patriam</strong></span> <span class='ocrx_word' id='word_1_385' title='bbox 3241 2915 3481 2970; x_wconf 79' lang='lat' dir='ltr'><strong>reduxit.</strong></span> <span class='ocrx_word' id='word_1_386' title='bbox 3521 2913 3622 2970; x_wconf 68' lang='grc' dir='ltr'>γε.</span> 
     </span>
    </p>
   </div>
   <div class='ocr_carea' id='block_1_62' title="bbox 2035 3006 3619 3079">
    <p class='ocr_par' dir='ltr' id='par_1_62' title="bbox 2035 3006 3619 3079">
     <span class='ocr_line' id='line_1_62' title="bbox 2035 3006 3619 3079; baseline -0.001 -17"><span class='ocrx_word' id='word_1_387' title='bbox 2035 3023 2155 3063; x_wconf 90' lang='lat' dir='ltr'><strong>rum</strong></span> <span class='ocrx_word' id='word_1_388' title='bbox 2188 3008 2363 3077; x_wconf 72' lang='lat' dir='ltr'><strong>magis</strong></span> <span class='ocrx_word' id='word_1_389' title='bbox 2391 3009 2613 3079; x_wconf 90' lang='lat' dir='ltr'><strong>proprie</strong></span> <span class='ocrx_word' id='word_1_390' title='bbox 2647 3009 2764 3077; x_wconf 86' lang='lat' dir='ltr'><strong>ipse</strong></span> <span class='ocrx_word' id='word_1_391' title='bbox 2796 3007 3120 3079; x_wconf 83' lang='lat' dir='ltr'><strong>intelligitur</strong></span> <span class='ocrx_word' id='word_1_392' title='bbox 3137 3006 3422 3072; x_wconf 89' lang='lat' dir='ltr'><strong>Christus,</strong></span> <span class='ocrx_word' id='word_1_393' title='bbox 3446 3006 3619 3062; x_wconf 88' lang='lat' dir='ltr'><strong>veluti</strong></span> 
     </span>
    </p>
   </div>
   <div class='ocr_carea' id='block_1_63' title="bbox 2035 3100 3625 3172">
    <p class='ocr_par' dir='ltr' id='par_1_63' title="bbox 2035 3100 3625 3172">
     <span class='ocr_line' id='line_1_63' title="bbox 2035 3100 3625 3172; baseline 0.002 -20"><span class='ocrx_word' id='word_1_394' title='bbox 2035 3102 2130 3170; x_wconf 84' lang='lat' dir='ltr'><strong>qui</strong></span> <span class='ocrx_word' id='word_1_395' title='bbox 2154 3101 2302 3155; x_wconf 87' lang='lat' dir='ltr'><strong>omni</strong></span> <span class='ocrx_word' id='word_1_396' title='bbox 2337 3102 2519 3156; x_wconf 86' lang='lat' dir='ltr'><strong>caruit</strong></span> <span class='ocrx_word' id='word_1_397' title='bbox 2544 3112 2809 3171; x_wconf 78' lang='lat' dir='ltr'><strong>peccato;</strong></span> <span class='ocrx_word' id='word_1_398' title='bbox 2840 3103 3001 3168; x_wconf 72' lang='lat' dir='ltr'><strong>cuius</strong></span> <span class='ocrx_word' id='word_1_399' title='bbox 3034 3101 3261 3172; x_wconf 82' lang='lat' dir='ltr'><strong>ﬁguram</strong></span> <span class='ocrx_word' id='word_1_400' title='bbox 3305 3101 3479 3156; x_wconf 88' lang='lat' dir='ltr'><strong>tenuit</strong></span> <span class='ocrx_word' id='word_1_401' title='bbox 3513 3100 3625 3156; x_wconf 88' lang='grc' dir='ltr'><strong>Ζο-</strong></span> 
     </span>
    </p>
   </div>
   <div class='ocr_carea' id='block_1_64' title="bbox 1959 3186 3628 3280">
    <p class='ocr_par' dir='ltr' id='par_1_64' title="bbox 1959 3186 3628 3280">
     <span class='ocr_line' id='line_1_64' title="bbox 1959 3186 3628 3280; baseline 0.002 -37"><span class='ocrx_word' id='word_1_402' title='bbox 1959 3186 2001 3243; x_wconf 84' lang='lat' dir='ltr'><strong><em>C</em></strong></span> <span class='ocrx_word' id='word_1_403' title='bbox 2036 3192 2282 3247; x_wconf 87' lang='lat' dir='ltr'><strong>robahel.</strong></span> <span class='ocrx_word' id='word_1_404' title='bbox 2309 3191 2537 3258; x_wconf 83' lang='lat' dir='ltr'><strong>Quoties</strong></span> <span class='ocrx_word' id='word_1_405' title='bbox 2574 3209 2703 3249; x_wconf 87' lang='lat' dir='ltr'><strong>vero</strong></span> <span class='ocrx_word' id='word_1_406' title='bbox 2748 3194 2925 3250; x_wconf 88' lang='lat' dir='ltr'><strong>ﬁdelis</strong></span> <span class='ocrx_word' id='word_1_407' title='bbox 2968 3195 3239 3265; x_wconf 79' lang='lat' dir='ltr'><strong>quispiam</strong></span> <span class='ocrx_word' id='word_1_408' title='bbox 3267 3203 3360 3249; x_wconf 88' lang='lat' dir='ltr'><strong>aut</strong></span> <span class='ocrx_word' id='word_1_409' title='bbox 3394 3203 3628 3280; x_wconf 49' lang='lat' dir='ltr'><strong>martyr,</strong></span> 
     </span>
    </p>
   </div>
   <div class='ocr_carea' id='block_1_65' title="bbox 332 3284 3627 3356">
    <p class='ocr_par' dir='ltr' id='par_1_65' title="bbox 332 3284 3627 3356">
     <span class='ocr_line' id='line_1_65' title="bbox 332 3284 3627 3356; baseline -0 -16"><span class='ocrx_word' id='word_1_410' title='bbox 332 3287 703 3355; x_wconf 86' lang='lat' dir='ltr'><strong>incorporeas</strong></span> <span class='ocrx_word' id='word_1_411' title='bbox 726 3284 1035 3339; x_wconf 76' lang='lat' dir='ltr'><strong>daemonum</strong></span> <span class='ocrx_word' id='word_1_412' title='bbox 1084 3286 1357 3354; x_wconf 82' lang='lat' dir='ltr'><strong>potentias</strong></span> <span class='ocrx_word' id='word_1_413' title='bbox 1406 3286 1513 3341; x_wconf 82' lang='lat' dir='ltr'><strong>sibi</strong></span> <span class='ocrx_word' id='word_1_414' title='bbox 1563 3286 1938 3352; x_wconf 79' lang='lat' dir='ltr'><strong>adversantes,</strong></span> <span class='ocrx_word' id='word_1_415' title='bbox 1966 3293 2131 3355; x_wconf 86' lang='lat' dir='ltr'><strong>atque</strong></span> <span class='ocrx_word' id='word_1_416' title='bbox 2157 3286 2514 3356; x_wconf 64' lang='lat' dir='ltr'><strong>{insultantes</strong></span> <span class='ocrx_word' id='word_1_417' title='bbox 2562 3287 2822 3341; x_wconf 88' lang='lat' dir='ltr'><strong>devicerit</strong></span> <span class='ocrx_word' id='word_1_418' title='bbox 2845 3288 2887 3353; x_wconf 65' lang='grc' dir='ltr'>,ε</span> <span class='ocrx_word' id='word_1_419' title='bbox 2917 3286 3119 3342; x_wconf 82' lang='lat' dir='ltr'><strong>Christi</strong></span> <span class='ocrx_word' id='word_1_420' title='bbox 3171 3286 3415 3356; x_wconf 86' lang='lat' dir='ltr'><strong>potentia</strong></span> <span class='ocrx_word' id='word_1_421' title='bbox 3450 3286 3627 3355; x_wconf 75' lang='lat' dir='ltr'><strong>magis</strong></span> 
     </span>
    </p>
   </div>
   <div class='ocr_carea' id='block_1_66' title="bbox 331 3373 2926 3447">
    <p class='ocr_par' dir='ltr' id='par_1_66' title="bbox 331 3373 2926 3447">
     <span class='ocr_line' id='line_1_66' title="bbox 331 3373 2926 3447; baseline 0.001 -17"><span class='ocrx_word' id='word_1_422' title='bbox 331 3375 620 3430; x_wconf 77' lang='lat' dir='ltr'><strong>exaltatur</strong></span> <span class='ocrx_word' id='word_1_423' title='bbox 678 3383 735 3428; x_wconf 91' lang='lat' dir='ltr'><strong>et</strong></span> <span class='ocrx_word' id='word_1_424' title='bbox 773 3373 995 3428; x_wconf 81' lang='lat' dir='ltr'><strong>Chrism</strong></span> <span class='ocrx_word' id='word_1_425' title='bbox 1047 3375 1221 3445; x_wconf 80' lang='lat' dir='ltr'><strong>major</strong></span> <span class='ocrx_word' id='word_1_426' title='bbox 1269 3377 1387 3430; x_wconf 85' lang='lat' dir='ltr'><strong>laus</strong></span> <span class='ocrx_word' id='word_1_427' title='bbox 1453 3377 1729 3442; x_wconf 88' lang='lat' dir='ltr'><strong>tribuitur,</strong></span> <span class='ocrx_word' id='word_1_428' title='bbox 1790 3378 1883 3445; x_wconf 88' lang='lat' dir='ltr'><strong>qui</strong></span> <span class='ocrx_word' id='word_1_429' title='bbox 1915 3384 2097 3431; x_wconf 85' lang='lat' dir='ltr'><strong>tantas</strong></span> <span class='ocrx_word' id='word_1_430' title='bbox 2127 3375 2176 3430; x_wconf 91' lang='lat' dir='ltr'><strong>ei</strong></span> <span class='ocrx_word' id='word_1_431' title='bbox 2204 3376 2350 3431; x_wconf 90' lang='lat' dir='ltr'><strong>vires</strong></span> <span class='ocrx_word' id='word_1_432' title='bbox 2376 3377 2629 3447; x_wconf 63' lang='lat' dir='ltr'><strong>praestitit</strong></span> <span class='ocrx_word' id='word_1_433' title='bbox 2655 3389 2709 3433; x_wconf 90' lang='lat' dir='ltr'><strong>et</strong></span> <span class='ocrx_word' id='word_1_434' title='bbox 2739 3377 2926 3433; x_wconf 90' lang='lat' dir='ltr'><strong>robur.</strong></span> 
     </span>
    </p>
   </div>
   <div class='ocr_carea' id='block_1_67' title="bbox 333 3469 1934 3542">
    <p class='ocr_par' dir='ltr' id='par_1_67' title="bbox 333 3469 1934 3542">
     <span class='ocr_line' id='line_1_67' title="bbox 333 3469 1934 3542; baseline -0.005 -15"><span class='ocrx_word' id='word_1_435' title='bbox 333 3473 449 3539; x_wconf 74' lang='grc' dir='ltr'><strong>Εἰς</strong></span> <span class='ocrx_word' id='word_1_436' title='bbox 474 3469 543 3523; x_wconf 83' lang='grc' dir='ltr'>τὸ</span> <span class='ocrx_word' id='word_1_437' title='bbox 573 3469 750 3536; x_wconf 77' lang='grc' dir='ltr'>τέλος</span> <span class='ocrx_word' id='word_1_438' title='bbox 788 3469 1036 3538; x_wconf 48' lang='lat' dir='ltr'><strong>ranam;</strong></span> <span class='ocrx_word' id='word_1_439' title='bbox 1083 3469 1162 3535; x_wconf 82' lang='grc' dir='ltr'>τῷ</span> <span class='ocrx_word' id='word_1_440' title='bbox 1195 3472 1413 3541; x_wconf 65' lang='grc' dir='ltr'>Ἀσάφ.</span> <span class='ocrx_word' id='word_1_441' title='bbox 1448 3471 1588 3542; x_wconf 78' lang='grc' dir='ltr'><strong>’ῼδὴ</strong></span> <span class='ocrx_word' id='word_1_442' title='bbox 1619 3473 1769 3540; x_wconf 67' lang='grc' dir='ltr'>πρὸς</span> <span class='ocrx_word' id='word_1_443' title='bbox 1826 3474 1934 3526; x_wconf 72' lang='grc' dir='ltr'><strong>τὸν</strong></span> 
     </span>
    </p>
   </div>
   <div class='ocr_carea' id='block_1_68' title="bbox 1007 3563 1345 3630">
    <p class='ocr_par' dir='ltr' id='par_1_68' title="bbox 1007 3563 1345 3630">
     <span class='ocr_line' id='line_1_68' title="bbox 1007 3563 1345 3630; baseline 0.006 -14"><span class='ocrx_word' id='word_1_444' title='bbox 1007 3563 1345 3630; x_wconf 80' lang='grc' dir='ltr'><strong>Ἀσσύριον.</strong></span> 
     </span>
    </p>
   </div>
   <div class='ocr_carea' id='block_1_69' title="bbox 913 3654 1385 3710">
    <p class='ocr_par' dir='ltr' id='par_1_69' title="bbox 913 3654 1385 3710">
     <span class='ocr_line' id='line_1_69' title="bbox 913 3654 1385 3710; baseline 0.008 -4"><span class='ocrx_word' id='word_1_445' title='bbox 913 3654 1209 3709; x_wconf 77' lang='grc' dir='ltr'><strong>ΨΑΛΜΟΣ</strong></span> <span class='ocrx_word' id='word_1_446' title='bbox 1264 3656 1385 3710; x_wconf 84' lang='lat' dir='ltr'><strong>OE&#39;.</strong></span> 
     </span>
    </p>
   </div>
   <div class='ocr_carea' id='block_1_70' title="bbox 413 3746 1938 3820">
    <p class='ocr_par' dir='ltr' id='par_1_70' title="bbox 413 3746 1938 3820">
     <span class='ocr_line' id='line_1_70' title="bbox 413 3746 1938 3820; baseline -0.001 -17"><span class='ocrx_word' id='word_1_447' title='bbox 413 3750 652 3819; x_wconf 78' lang='grc' dir='ltr'>Εἰρηται</span> <span class='ocrx_word' id='word_1_448' title='bbox 672 3749 807 3819; x_wconf 78' lang='grc' dir='ltr'>ἡμῖν</span> <span class='ocrx_word' id='word_1_449' title='bbox 842 3746 1149 3819; x_wconf 82' lang='grc' dir='ltr'>καταρχὰς,</span> <span class='ocrx_word' id='word_1_450' title='bbox 1183 3748 1266 3800; x_wconf 85' lang='grc' dir='ltr'>ὅτι</span> <span class='ocrx_word' id='word_1_451' title='bbox 1298 3749 1358 3801; x_wconf 83' lang='grc' dir='ltr'><strong>έν</strong></span> <span class='ocrx_word' id='word_1_452' title='bbox 1412 3750 1543 3810; x_wconf 87' lang='grc' dir='ltr'>ταῖς</span> <span class='ocrx_word' id='word_1_453' title='bbox 1600 3750 1938 3820; x_wconf 77' lang='grc' dir='ltr'>ἐπιγραφαῖς</span> 
     </span>
    </p>
   </div>
   <div class='ocr_carea' id='block_1_71' title="bbox 330 3840 1934 3912">
    <p class='ocr_par' dir='ltr' id='par_1_71' title="bbox 330 3840 1934 3912">
     <span class='ocr_line' id='line_1_71' title="bbox 330 3840 1934 3912; baseline -0.001 -17"><span class='ocrx_word' id='word_1_454' title='bbox 330 3843 453 3897; x_wconf 82' lang='grc' dir='ltr'><strong>τῶν</strong></span> <span class='ocrx_word' id='word_1_455' title='bbox 486 3841 720 3911; x_wconf 77' lang='grc' dir='ltr'>ψαλμῶν</span> <span class='ocrx_word' id='word_1_456' title='bbox 770 3841 831 3895; x_wconf 79' lang='grc' dir='ltr'>τὸ</span> <span class='ocrx_word' id='word_1_457' title='bbox 856 3843 960 3907; x_wconf 83' lang='grc' dir='ltr'><strong>Εὶς</strong></span> <span class='ocrx_word' id='word_1_458' title='bbox 994 3840 1063 3894; x_wconf 76' lang='grc' dir='ltr'>τὸ</span> <span class='ocrx_word' id='word_1_459' title='bbox 1103 3840 1281 3907; x_wconf 83' lang='grc' dir='ltr'>τέλος</span> <span class='ocrx_word' id='word_1_460' title='bbox 1334 3841 1673 3911; x_wconf 84' lang='grc' dir='ltr'>προφητείαν</span> <span class='ocrx_word' id='word_1_461' title='bbox 1728 3842 1881 3912; x_wconf 87' lang='grc' dir='ltr'>δηλοί</span> <span class='ocrx_word' id='word_1_462' title='bbox 1922 3859 1934 3872; x_wconf 89' lang='grc'><strong>·</strong></span> 
     </span>
    </p>
   </div>
   <div class='ocr_carea' id='block_1_72' title="bbox 335 3930 1942 4004">
    <p class='ocr_par' dir='ltr' id='par_1_72' title="bbox 335 3930 1942 4004">
     <span class='ocr_line' id='line_1_72' title="bbox 335 3930 1942 4004; baseline -0.002 -16"><span class='ocrx_word' id='word_1_463' title='bbox 335 3934 687 4004; x_wconf 80' lang='grc' dir='ltr'>παρεγγυῶν</span> <span class='ocrx_word' id='word_1_464' title='bbox 723 3931 1061 3987; x_wconf 86' lang='grc' dir='ltr'>ἀποϐλέπειν</span> <span class='ocrx_word' id='word_1_465' title='bbox 1090 3933 1171 3994; x_wconf 82' lang='grc' dir='ltr'><strong>είς</strong></span> <span class='ocrx_word' id='word_1_466' title='bbox 1195 3930 1257 3985; x_wconf 80' lang='grc' dir='ltr'>τὸ</span> <span class='ocrx_word' id='word_1_467' title='bbox 1308 3931 1462 3994; x_wconf 85' lang='grc' dir='ltr'>τέλος</span> <span class='ocrx_word' id='word_1_468' title='bbox 1501 3933 1705 3989; x_wconf 81' lang='grc' dir='ltr'>αὐτῶν.</span> <span class='ocrx_word' id='word_1_469' title='bbox 1738 3932 1942 3985; x_wconf 74' lang='grc' dir='ltr'>Λοιπὸν</span> 
     </span>
    </p>
   </div>
   <div class='ocr_carea' id='block_1_73' title="bbox 336 4023 1940 4096">
    <p class='ocr_par' dir='ltr' id='par_1_73' title="bbox 336 4023 1940 4096">
     <span class='ocr_line' id='line_1_73' title="bbox 336 4023 1940 4096; baseline -0.002 -14"><span class='ocrx_word' id='word_1_470' title='bbox 336 4023 444 4082; x_wconf 87' lang='grc' dir='ltr'>οῦν</span> <span class='ocrx_word' id='word_1_471' title='bbox 482 4025 771 4081; x_wconf 80' lang='grc' dir='ltr'>κάνταῦθα</span> <span class='ocrx_word' id='word_1_472' title='bbox 794 4024 1137 4095; x_wconf 82' lang='grc' dir='ltr'>προφητείαν</span> <span class='ocrx_word' id='word_1_473' title='bbox 1181 4025 1294 4096; x_wconf 85' lang='grc'><strong>(77)</strong></span> <span class='ocrx_word' id='word_1_474' title='bbox 1328 4024 1471 4077; x_wconf 80' lang='grc' dir='ltr'>κατᾶ</span> <span class='ocrx_word' id='word_1_475' title='bbox 1505 4025 1605 4093; x_wconf 86' lang='grc' dir='ltr'><strong>μὲν</strong></span> <span class='ocrx_word' id='word_1_476' title='bbox 1645 4025 1940 4096; x_wconf 82' lang='grc' dir='ltr'>Ἐϐραίους</span> 
     </span>
    </p>
   </div>
   <div class='ocr_carea' id='block_1_74' title="bbox 340 4117 1942 4191">
    <p class='ocr_par' dir='ltr' id='par_1_74' title="bbox 340 4117 1942 4191">
     <span class='ocr_line' id='line_1_74' title="bbox 340 4117 1942 4191; baseline -0.002 -16"><span class='ocrx_word' id='word_1_477' title='bbox 340 4125 449 4191; x_wconf 70' lang='grc' dir='ltr'>τῆς</span> <span class='ocrx_word' id='word_1_478' title='bbox 486 4119 785 4191; x_wconf 84' lang='grc' dir='ltr'>συντριϐῆς</span> <span class='ocrx_word' id='word_1_479' title='bbox 809 4118 921 4172; x_wconf 84' lang='grc' dir='ltr'><strong>τῶν</strong></span> <span class='ocrx_word' id='word_1_480' title='bbox 954 4117 1100 4188; x_wconf 73' lang='grc' dir='ltr'>ἀμφὶ</span> <span class='ocrx_word' id='word_1_481' title='bbox 1129 4117 1221 4170; x_wconf 79' lang='grc' dir='ltr'>τὸν</span> <span class='ocrx_word' id='word_1_482' title='bbox 1254 4118 1606 4188; x_wconf 77' lang='grc' dir='ltr'>Σεναχηρεὶμ</span> <span class='ocrx_word' id='word_1_483' title='bbox 1628 4157 1643 4183; x_wconf 91' lang='grc'><strong>,</strong></span> <span class='ocrx_word' id='word_1_484' title='bbox 1697 4117 1839 4171; x_wconf 86' lang='grc' dir='ltr'><strong>κατά</strong></span> <span class='ocrx_word' id='word_1_485' title='bbox 1885 4117 1942 4172; x_wconf 78' lang='grc' dir='ltr'><strong>δὲ</strong></span> 
     </span>
    </p>
   </div>
   <div class='ocr_carea' id='block_1_75' title="bbox 339 4209 1940 4285">
    <p class='ocr_par' dir='ltr' id='par_1_75' title="bbox 339 4209 1940 4285">
     <span class='ocr_line' id='line_1_75' title="bbox 339 4209 1940 4285; baseline -0.004 -16"><span class='ocrx_word' id='word_1_486' title='bbox 339 4212 716 4285; x_wconf 77' lang='grc' dir='ltr'>Χριστιανοὺς</span> <span class='ocrx_word' id='word_1_487' title='bbox 742 4210 853 4264; x_wconf 84' lang='grc' dir='ltr'><strong>τῶν</strong></span> <span class='ocrx_word' id='word_1_488' title='bbox 878 4211 1024 4280; x_wconf 81' lang='grc' dir='ltr'>ἀμφὶ</span> <span class='ocrx_word' id='word_1_489' title='bbox 1063 4209 1256 4280; x_wconf 80' lang='grc' dir='ltr'>νοητὸν</span> <span class='ocrx_word' id='word_1_490' title='bbox 1288 4209 1591 4280; x_wconf 75' lang='grc' dir='ltr'>Σεναχηρεὶ</span> <span class='ocrx_word' id='word_1_491' title='bbox 1601 4226 1661 4278; x_wconf 87' lang='grc' dir='ltr'><strong>μ,</strong></span> <span class='ocrx_word' id='word_1_492' title='bbox 1698 4209 1821 4279; x_wconf 73' lang='grc' dir='ltr'>ἦτοι</span> <span class='ocrx_word' id='word_1_493' title='bbox 1849 4209 1940 4262; x_wconf 78' lang='grc' dir='ltr'>τὸν</span> 
     </span>
    </p>
   </div>
   <div class='ocr_carea' id='block_1_76' title="bbox 340 4301 1937 4372">
    <p class='ocr_par' dir='ltr' id='par_1_76' title="bbox 340 4301 1937 4372">
     <span class='ocr_line' id='line_1_76' title="bbox 340 4301 1937 4372; baseline -0.006 -10"><span class='ocrx_word' id='word_1_494' title='bbox 340 4306 603 4362; x_wconf 77' lang='grc' dir='ltr'>διάϐολον</span> <span class='ocrx_word' id='word_1_495' title='bbox 628 4320 642 4334; x_wconf 82' lang='lat'><strong><em>°</em></strong></span> <span class='ocrx_word' id='word_1_496' title='bbox 676 4305 776 4361; x_wconf 72' lang='grc' dir='ltr'>καὶ</span> <span class='ocrx_word' id='word_1_497' title='bbox 805 4304 985 4366; x_wconf 80' lang='grc' dir='ltr'>ἄλλως</span> <span class='ocrx_word' id='word_1_498' title='bbox 1011 4303 1068 4357; x_wconf 82' lang='grc' dir='ltr'><strong>δὲ</strong></span> <span class='ocrx_word' id='word_1_499' title='bbox 1094 4304 1201 4368; x_wconf 81' lang='grc' dir='ltr'><strong>Εἰς</strong></span> <span class='ocrx_word' id='word_1_500' title='bbox 1227 4302 1295 4356; x_wconf 85' lang='grc' dir='ltr'>τὸ</span> <span class='ocrx_word' id='word_1_501' title='bbox 1321 4302 1524 4368; x_wconf 72' lang='grc' dir='ltr'>τέλος,</span> <span class='ocrx_word' id='word_1_502' title='bbox 1554 4303 1637 4356; x_wconf 86' lang='grc' dir='ltr'>ὃτι</span> <span class='ocrx_word' id='word_1_503' title='bbox 1682 4320 1749 4355; x_wconf 87' lang='grc' dir='ltr'><strong>πε</strong></span> <span class='ocrx_word' id='word_1_504' title='bbox 1761 4303 1813 4372; x_wconf 83' lang='grc' dir='ltr'><strong>ρί</strong></span> <span class='ocrx_word' id='word_1_505' title='bbox 1844 4301 1937 4354; x_wconf 84' lang='grc' dir='ltr'><strong>τοῦ</strong></span> 
     </span>
    </p>
   </div>
   <div class='ocr_carea' id='block_1_77' title="bbox 340 4393 1943 4467">
    <p class='ocr_par' dir='ltr' id='par_1_77' title="bbox 340 4393 1943 4467">
     <span class='ocr_line' id='line_1_77' title="bbox 340 4393 1943 4467; baseline -0.004 -16"><span class='ocrx_word' id='word_1_506' title='bbox 340 4399 544 4461; x_wconf 78' lang='grc' dir='ltr'>τέλους</span> <span class='ocrx_word' id='word_1_507' title='bbox 573 4396 669 4450; x_wconf 86' lang='grc' dir='ltr'><strong>τοῦ</strong></span> <span class='ocrx_word' id='word_1_508' title='bbox 705 4397 918 4467; x_wconf 82' lang='grc' dir='ltr'>κόσμου</span> <span class='ocrx_word' id='word_1_509' title='bbox 946 4393 1332 4463; x_wconf 80' lang='grc' dir='ltr'>διαλαμϐάνει,</span> <span class='ocrx_word' id='word_1_510' title='bbox 1361 4394 1539 4447; x_wconf 83' lang='grc' dir='ltr'>είτουν</span> <span class='ocrx_word' id='word_1_511' title='bbox 1572 4394 1671 4462; x_wconf 79' lang='grc' dir='ltr'>τῆς</span> <span class='ocrx_word' id='word_1_512' title='bbox 1717 4394 1943 4464; x_wconf 77' lang='grc' dir='ltr'>μελλού-</span> 
     </span>
    </p>
   </div>
   <div class='ocr_carea' id='block_1_78' title="bbox 342 4486 1944 4563">
    <p class='ocr_par' dir='ltr' id='par_1_78' title="bbox 342 4486 1944 4563">
     <span class='ocr_line' id='line_1_78' title="bbox 342 4486 1944 4563; baseline -0.004 -21"><span class='ocrx_word' id='word_1_513' title='bbox 342 4510 451 4563; x_wconf 74' lang='grc' dir='ltr'><strong>σης</strong></span> <span class='ocrx_word' id='word_1_514' title='bbox 484 4489 722 4561; x_wconf 80' lang='grc' dir='ltr'>κρίσεως</span> <span class='ocrx_word' id='word_1_515' title='bbox 756 4508 774 4519; x_wconf 61' lang='grc' dir='ltr'><em>ι</em></span> <span class='ocrx_word' id='word_1_516' title='bbox 807 4489 869 4541; x_wconf 75' lang='grc' dir='ltr'>ἐν</span> <span class='ocrx_word' id='word_1_517' title='bbox 909 4486 1123 4555; x_wconf 79' lang='grc' dir='ltr'>ὕμνοις</span> <span class='ocrx_word' id='word_1_518' title='bbox 1143 4487 1222 4552; x_wconf 78' lang='grc' dir='ltr'><strong>δὲ,</strong></span> <span class='ocrx_word' id='word_1_519' title='bbox 1251 4487 1330 4540; x_wconf 80' lang='grc' dir='ltr'>ὅτι</span> <span class='ocrx_word' id='word_1_520' title='bbox 1360 4486 1778 4558; x_wconf 80' lang='grc' dir='ltr'>εὐχαριστήριός</span> <span class='ocrx_word' id='word_1_521' title='bbox 1796 4487 1944 4539; x_wconf 79' lang='grc' dir='ltr'>ἐστιν</span> 
     </span>
    </p>
   </div>
   <div class='ocr_carea' id='block_1_79' title="bbox 2036 3471 3628 3543">
    <p class='ocr_par' dir='ltr' id='par_1_79' title="bbox 2036 3471 3628 3543">
     <span class='ocr_line' id='line_1_79' title="bbox 2036 3471 3628 3543; baseline 0.003 -17"><span class='ocrx_word' id='word_1_522' title='bbox 2036 3471 2104 3526; x_wconf 84' lang='grc' dir='ltr'>1η</span> <span class='ocrx_word' id='word_1_523' title='bbox 2132 3471 2289 3542; x_wconf 79' lang='lat' dir='ltr'><strong>ﬁnem</strong></span> <span class='ocrx_word' id='word_1_524' title='bbox 2332 3474 2387 3527; x_wconf 83' lang='lat' dir='ltr'><strong>in</strong></span> <span class='ocrx_word' id='word_1_525' title='bbox 2416 3475 2624 3543; x_wconf 75' lang='lat' dir='ltr'><strong>hymnis</strong></span> <span class='ocrx_word' id='word_1_526' title='bbox 2662 3472 2916 3528; x_wconf 75' lang='lat' dir='ltr'><strong>Psalmus</strong></span> <span class='ocrx_word' id='word_1_527' title='bbox 2959 3474 3063 3543; x_wconf 79' lang='lat' dir='ltr'><strong>ipsi</strong></span> <span class='ocrx_word' id='word_1_528' title='bbox 3105 3473 3302 3543; x_wconf 77' lang='lat' dir='ltr'><strong>Asaplt.</strong></span> <span class='ocrx_word' id='word_1_529' title='bbox 3345 3474 3628 3532; x_wconf 75' lang='lat' dir='ltr'><strong>Canticum</strong></span> 
     </span>
    </p>
   </div>
   <div class='ocr_carea' id='block_1_80' title="bbox 2588 3566 3034 3637">
    <p class='ocr_par' dir='ltr' id='par_1_80' title="bbox 2588 3566 3034 3637">
     <span class='ocr_line' id='line_1_80' title="bbox 2588 3566 3034 3637; baseline -0.002 -12"><span class='ocrx_word' id='word_1_530' title='bbox 2588 3620 2593 3625; x_wconf 87' lang='lat'><strong>.</strong></span> <span class='ocrx_word' id='word_1_531' title='bbox 2627 3567 2697 3620; x_wconf 84' lang='lat' dir='ltr'><strong>ad</strong></span> <span class='ocrx_word' id='word_1_532' title='bbox 2732 3566 3034 3637; x_wconf 73' lang='lat' dir='ltr'><strong>Assyrium.</strong></span> 
     </span>
    </p>
   </div>
   <div class='ocr_carea' id='block_1_81' title="bbox 2532 3657 3111 3718">
    <p class='ocr_par' dir='ltr' id='par_1_81' title="bbox 2532 3657 3111 3718">
     <span class='ocr_line' id='line_1_81' title="bbox 2532 3657 3111 3718; baseline 0.009 -5"><span class='ocrx_word' id='word_1_533' title='bbox 2532 3657 2860 3715; x_wconf 72' lang='lat' dir='ltr'><strong>PSALMUS</strong></span> <span class='ocrx_word' id='word_1_534' title='bbox 2897 3658 3111 3718; x_wconf 79' lang='lat' dir='ltr'><strong>LXXV.</strong></span> 
     </span>
    </p>
   </div>
   <div class='ocr_carea' id='block_1_82' title="bbox 2113 3751 3633 3824">
    <p class='ocr_par' dir='ltr' id='par_1_82' title="bbox 2113 3751 3633 3824">
     <span class='ocr_line' id='line_1_82' title="bbox 2113 3751 3633 3824; baseline 0.001 -18"><span class='ocrx_word' id='word_1_535' title='bbox 2113 3751 2364 3809; x_wconf 81' lang='lat' dir='ltr'><strong>Diximus</strong></span> <span class='ocrx_word' id='word_1_536' title='bbox 2415 3752 2472 3807; x_wconf 91' lang='lat' dir='ltr'><strong>in</strong></span> <span class='ocrx_word' id='word_1_537' title='bbox 2524 3754 2791 3822; x_wconf 77' lang='lat' dir='ltr'><strong>prooemio</strong></span> <span class='ocrx_word' id='word_1_538' title='bbox 2838 3753 3067 3823; x_wconf 89' lang='lat' dir='ltr'><strong>operis,.</strong></span> <span class='ocrx_word' id='word_1_539' title='bbox 3104 3752 3254 3824; x_wconf 90' lang='lat' dir='ltr'><strong>quod</strong></span> <span class='ocrx_word' id='word_1_540' title='bbox 3291 3752 3411 3809; x_wconf 68' lang='lat' dir='ltr'><strong>haec</strong></span> <span class='ocrx_word' id='word_1_541' title='bbox 3460 3752 3633 3810; x_wconf 82' lang='lat' dir='ltr'><strong>verba</strong></span> 
     </span>
    </p>
   </div>
   <div class='ocr_carea' id='block_1_83' title="bbox 2041 3842 3636 3916">
    <p class='ocr_par' dir='ltr' id='par_1_83' title="bbox 2041 3842 3636 3916">
     <span class='ocr_line' id='line_1_83' title="bbox 2041 3842 3636 3916; baseline 0.002 -19"><span class='ocrx_word' id='word_1_542' title='bbox 2041 3842 2111 3898; x_wconf 88' lang='lat' dir='ltr'><strong>In</strong></span> <span class='ocrx_word' id='word_1_543' title='bbox 2191 3847 2375 3913; x_wconf 78' lang='lat' dir='ltr'><strong>ﬁnem,</strong></span> <span class='ocrx_word' id='word_1_544' title='bbox 2445 3859 2568 3913; x_wconf 73' lang='lat' dir='ltr'><strong>quae</strong></span> <span class='ocrx_word' id='word_1_545' title='bbox 2640 3844 2694 3898; x_wconf 92' lang='lat' dir='ltr'><strong>in</strong></span> <span class='ocrx_word' id='word_1_546' title='bbox 2758 3844 3100 3913; x_wconf 84' lang='lat' dir='ltr'><strong>psalmorum</strong></span> <span class='ocrx_word' id='word_1_547' title='bbox 3168 3844 3636 3916; x_wconf 86' lang='lat' dir='ltr'><strong>inscriptionibus</strong></span> 
     </span>
    </p>
   </div>
   <div class='ocr_carea' id='block_1_84' title="bbox 2040 3936 3636 4006">
    <p class='ocr_par' dir='ltr' id='par_1_84' title="bbox 2040 3936 3636 4006">
     <span class='ocr_line' id='line_1_84' title="bbox 2040 3936 3636 4006; baseline 0.001 -16"><span class='ocrx_word' id='word_1_548' title='bbox 2040 3937 2336 4001; x_wconf 86' lang='lat' dir='ltr'><strong>habentur,</strong></span> <span class='ocrx_word' id='word_1_549' title='bbox 2374 3937 2623 3991; x_wconf 85' lang='lat' dir='ltr'><strong>indicant</strong></span> <span class='ocrx_word' id='word_1_550' title='bbox 2670 3936 2784 3991; x_wconf 91' lang='lat' dir='ltr'><strong>illic</strong></span> <span class='ocrx_word' id='word_1_551' title='bbox 2833 3936 3186 4006; x_wconf 86' lang='lat' dir='ltr'><strong>prophetiam</strong></span> <span class='ocrx_word' id='word_1_552' title='bbox 3218 3938 3491 3993; x_wconf 88' lang='lat' dir='ltr'><strong>contineri</strong></span> <span class='ocrx_word' id='word_1_553' title='bbox 3531 3956 3546 3992; x_wconf 87' lang='lat'><strong>:</strong></span> <span class='ocrx_word' id='word_1_554' title='bbox 3579 3949 3636 3992; x_wconf 92' lang='lat' dir='ltr'><strong>et</strong></span> 
     </span>
    </p>
   </div>
   <div class='ocr_carea' id='block_1_85' title="bbox 2037 4027 3635 4097">
    <p class='ocr_par' dir='ltr' id='par_1_85' title="bbox 2037 4027 3635 4097">
     <span class='ocr_line' id='line_1_85' title="bbox 2037 4027 3635 4097; baseline 0.003 -17"><span class='ocrx_word' id='word_1_555' title='bbox 2037 4028 2298 4082; x_wconf 89' lang='lat' dir='ltr'><strong>lectorem</strong></span> <span class='ocrx_word' id='word_1_556' title='bbox 2329 4027 2529 4095; x_wconf 85' lang='lat' dir='ltr'><strong>jubent</strong></span> <span class='ocrx_word' id='word_1_557' title='bbox 2579 4028 2635 4081; x_wconf 90' lang='lat' dir='ltr'><strong>in</strong></span> <span class='ocrx_word' id='word_1_558' title='bbox 2685 4028 2836 4082; x_wconf 89' lang='lat' dir='ltr'><strong>illius</strong></span> <span class='ocrx_word' id='word_1_559' title='bbox 2877 4028 3040 4082; x_wconf 92' lang='lat' dir='ltr'><strong>ﬁnem</strong></span> <span class='ocrx_word' id='word_1_560' title='bbox 3096 4028 3369 4097; x_wconf 89' lang='lat' dir='ltr'><strong>aspicere.</strong></span> <span class='ocrx_word' id='word_1_561' title='bbox 3421 4031 3482 4083; x_wconf 87' lang='lat' dir='ltr'><strong>In</strong></span> <span class='ocrx_word' id='word_1_562' title='bbox 3528 4029 3635 4084; x_wconf 88' lang='lat' dir='ltr'><strong>hoc</strong></span> 
     </span>
    </p>
   </div>
   <div class='ocr_carea' id='block_1_86' title="bbox 2040 4119 3639 4191">
    <p class='ocr_par' dir='ltr' id='par_1_86' title="bbox 2040 4119 3639 4191">
     <span class='ocr_line' id='line_1_86' title="bbox 2040 4119 3639 4191; baseline 0.002 -17"><span class='ocrx_word' id='word_1_563' title='bbox 2040 4119 2208 4189; x_wconf 82' lang='lat' dir='ltr'><strong>igitur</strong></span> <span class='ocrx_word' id='word_1_564' title='bbox 2245 4119 2462 4189; x_wconf 87' lang='lat' dir='ltr'><strong>psalmo</strong></span> <span class='ocrx_word' id='word_1_565' title='bbox 2510 4120 2645 4174; x_wconf 82' lang='lat' dir='ltr'><strong>latet</strong></span> <span class='ocrx_word' id='word_1_566' title='bbox 2679 4119 2991 4190; x_wconf 81' lang='lat' dir='ltr'><strong>prophetia,</strong></span> <span class='ocrx_word' id='word_1_567' title='bbox 3026 4134 3149 4191; x_wconf 62' lang='lat' dir='ltr'><strong>quae</strong></span> <span class='ocrx_word' id='word_1_568' title='bbox 3180 4120 3337 4190; x_wconf 80' lang='lat' dir='ltr'><strong>juxta</strong></span> <span class='ocrx_word' id='word_1_569' title='bbox 3376 4120 3639 4177; x_wconf 68' lang='lat' dir='ltr'><strong>Hebraeos</strong></span> 
     </span>
    </p>
   </div>
   <div class='ocr_carea' id='block_1_87' title="bbox 2039 4209 3639 4280">
    <p class='ocr_par' dir='ltr' id='par_1_87' title="bbox 2039 4209 3639 4280">
     <span class='ocr_line' id='line_1_87' title="bbox 2039 4209 3639 4280; baseline 0.001 -17"><span class='ocrx_word' id='word_1_570' title='bbox 2039 4209 2431 4265; x_wconf 85' lang='lat' dir='ltr'><strong>destruendam</strong></span> <span class='ocrx_word' id='word_1_571' title='bbox 2487 4225 2612 4265; x_wconf 88' lang='lat' dir='ltr'><strong>esse</strong></span> <span class='ocrx_word' id='word_1_572' title='bbox 2665 4209 3001 4280; x_wconf 68' lang='lat' dir='ltr'><strong>praedicebat</strong></span> <span class='ocrx_word' id='word_1_573' title='bbox 3059 4217 3387 4280; x_wconf 86' lang='lat' dir='ltr'><strong>potestatem</strong></span> <span class='ocrx_word' id='word_1_574' title='bbox 3421 4209 3639 4264; x_wconf 82' lang='lat' dir='ltr'><strong>Senna-</strong></span> 
     </span>
    </p>
   </div>
   <div class='ocr_carea' id='block_1_88' title="bbox 2047 4302 3638 4375">
    <p class='ocr_par' dir='ltr' id='par_1_88' title="bbox 2047 4302 3638 4375">
     <span class='ocr_line' id='line_1_88' title="bbox 2047 4302 3638 4375; baseline 0.001 -20"><span class='ocrx_word' id='word_1_575' title='bbox 2047 4303 2238 4358; x_wconf 88' lang='lat' dir='ltr'><strong>cherib</strong></span> <span class='ocrx_word' id='word_1_576' title='bbox 2271 4333 2285 4358; x_wconf 70' lang='grc' dir='ltr'><em>δ</em></span> <span class='ocrx_word' id='word_1_577' title='bbox 2330 4313 2383 4358; x_wconf 88' lang='lat' dir='ltr'><strong>et</strong></span> <span class='ocrx_word' id='word_1_578' title='bbox 2456 4303 2614 4374; x_wconf 81' lang='lat' dir='ltr'><strong>juxta</strong></span> <span class='ocrx_word' id='word_1_579' title='bbox 2670 4302 3023 4360; x_wconf 86' lang='lat' dir='ltr'><strong>Christianos</strong></span> <span class='ocrx_word' id='word_1_580' title='bbox 3082 4303 3478 4375; x_wconf 75' lang='lat' dir='ltr'><strong>proﬁigandum</strong></span> <span class='ocrx_word' id='word_1_581' title='bbox 3531 4318 3638 4357; x_wconf 81' lang='lat' dir='ltr'><strong>au-</strong></span> 
     </span>
    </p>
   </div>
   <div class='ocr_carea' id='block_1_89' title="bbox 2049 4393 3639 4467">
    <p class='ocr_par' dir='ltr' id='par_1_89' title="bbox 2049 4393 3639 4467">
     <span class='ocr_line' id='line_1_89' title="bbox 2049 4393 3639 4467; baseline -0.001 -19"><span class='ocrx_word' id='word_1_582' title='bbox 2049 4399 2269 4450; x_wconf 85' lang='lat' dir='ltr'><strong>nnntiat</strong></span> <span class='ocrx_word' id='word_1_583' title='bbox 2298 4395 2625 4462; x_wconf 80' lang='lat' dir='ltr'><strong>daemonem,</strong></span> <span class='ocrx_word' id='word_1_584' title='bbox 2652 4412 2815 4467; x_wconf 89' lang='lat' dir='ltr'><strong>quem</strong></span> <span class='ocrx_word' id='word_1_585' title='bbox 2869 4412 2973 4452; x_wconf 80' lang='lat' dir='ltr'><strong>nos</strong></span> <span class='ocrx_word' id='word_1_586' title='bbox 3016 4394 3444 4451; x_wconf 77' lang='lat' dir='ltr'><strong>intellectualem</strong></span> <span class='ocrx_word' id='word_1_587' title='bbox 3497 4393 3639 4449; x_wconf 86' lang='lat' dir='ltr'><strong>Sen-</strong></span> 
     </span>
    </p>
   </div>
   <div class='ocr_carea' id='block_1_90' title="bbox 2053 4484 3639 4560">
    <p class='ocr_par' dir='ltr' id='par_1_90' title="bbox 2053 4484 3639 4560">
     <span class='ocr_line' id='line_1_90' title="bbox 2053 4484 3639 4560; baseline -0.001 -19"><span class='ocrx_word' id='word_1_588' title='bbox 2053 4488 2314 4544; x_wconf 86' lang='lat' dir='ltr'><strong>nacherib</strong></span> <span class='ocrx_word' id='word_1_589' title='bbox 2352 4503 2477 4545; x_wconf 89' lang='lat' dir='ltr'><strong>vere</strong></span> <span class='ocrx_word' id='word_1_590' title='bbox 2520 4506 2817 4560; x_wconf 83' lang='lat' dir='ltr'><strong>possumus</strong></span> <span class='ocrx_word' id='word_1_591' title='bbox 2850 4490 3147 4559; x_wconf 87' lang='lat' dir='ltr'><strong>appellare.</strong></span> <span class='ocrx_word' id='word_1_592' title='bbox 3188 4488 3283 4542; x_wconf 83' lang='lat' dir='ltr'><strong>Vel</strong></span> <span class='ocrx_word' id='word_1_593' title='bbox 3321 4487 3526 4542; x_wconf 81' lang='lat' dir='ltr'><strong>aliter:</strong></span> <span class='ocrx_word' id='word_1_594' title='bbox 3569 4484 3639 4540; x_wconf 81' lang='lat' dir='ltr'><strong>In</strong></span> 
     </span>
    </p>
   </div>
   <div class='ocr_carea' id='block_1_91' title="bbox 339 4578 1929 4654">
    <p class='ocr_par' dir='ltr' id='par_1_91' title="bbox 339 4578 1929 4654">
     <span class='ocr_line' id='line_1_91' title="bbox 339 4578 1929 4654; baseline -0.004 -16"><span class='ocrx_word' id='word_1_595' title='bbox 339 4588 377 4638; x_wconf 86' lang='grc' dir='ltr'>ὁ</span> <span class='ocrx_word' id='word_1_596' title='bbox 408 4581 630 4654; x_wconf 76' lang='grc' dir='ltr'>ψαλμδς</span> <span class='ocrx_word' id='word_1_597' title='bbox 656 4580 754 4634; x_wconf 77' lang='grc' dir='ltr'><strong>ἐπὶ</strong></span> <span class='ocrx_word' id='word_1_598' title='bbox 783 4583 851 4652; x_wconf 76' lang='grc' dir='ltr'><strong>τῇ</strong></span> <span class='ocrx_word' id='word_1_599' title='bbox 876 4579 985 4633; x_wconf 82' lang='grc' dir='ltr'><strong>τῶν</strong></span> <span class='ocrx_word' id='word_1_600' title='bbox 1024 4579 1169 4633; x_wconf 74' lang='grc' dir='ltr'>κατὰ</span> <span class='ocrx_word' id='word_1_601' title='bbox 1209 4578 1489 4650; x_wconf 83' lang='grc' dir='ltr'>πολεμίων</span> <span class='ocrx_word' id='word_1_602' title='bbox 1547 4579 1695 4652; x_wconf 81' lang='grc' dir='ltr'>νίκῃ.</span> <span class='ocrx_word' id='word_1_603' title='bbox 1732 4578 1867 4648; x_wconf 73' lang='grc' dir='ltr'>Περὶ</span> <span class='ocrx_word' id='word_1_604' title='bbox 1888 4579 1929 4632; x_wconf 77' lang='grc' dir='ltr'><strong>δὲ</strong></span> 
     </span>
    </p>
   </div>
   <div class='ocr_carea' id='block_1_92' title="bbox 2031 4578 3640 4654">
    <p class='ocr_par' dir='ltr' id='par_1_92' title="bbox 2050 4579 3640 4651">
     <span class='ocr_line' id='line_1_92' title="bbox 2050 4579 3640 4651; baseline -0.001 -20"><span class='ocrx_word' id='word_1_605' title='bbox 2050 4579 2207 4649; x_wconf 81' lang='lat' dir='ltr'><strong>ﬁnem</strong></span> <span class='ocrx_word' id='word_1_606' title='bbox 2244 4580 2368 4635; x_wconf 82' lang='lat' dir='ltr'><strong>ideo</strong></span> <span class='ocrx_word' id='word_1_607' title='bbox 2403 4581 2733 4636; x_wconf 86' lang='lat' dir='ltr'><strong>inscribitur</strong></span> <span class='ocrx_word' id='word_1_608' title='bbox 2762 4582 3029 4651; x_wconf 85' lang='lat' dir='ltr'><strong>psalmus,</strong></span> <span class='ocrx_word' id='word_1_609' title='bbox 3066 4581 3195 4651; x_wconf 89' lang='lat' dir='ltr'><strong>quia</strong></span> <span class='ocrx_word' id='word_1_610' title='bbox 3230 4580 3320 4635; x_wconf 89' lang='lat' dir='ltr'><strong>hic</strong></span> <span class='ocrx_word' id='word_1_611' title='bbox 3364 4587 3640 4635; x_wconf 85' lang='lat' dir='ltr'><strong>tractatur</strong></span> 
     </span>
    </p>
   </div>
   <div class='ocr_carea' id='block_1_93' title="bbox 340 4669 1949 4741">
    <p class='ocr_par' dir='ltr' id='par_1_93' title="bbox 340 4669 1949 4741">
     <span class='ocr_line' id='line_1_93' title="bbox 340 4669 1949 4741; baseline -0.004 -13"><span class='ocrx_word' id='word_1_612' title='bbox 340 4674 477 4728; x_wconf 77' lang='grc' dir='ltr'>τοῦ·</span> <span class='ocrx_word' id='word_1_613' title='bbox 504 4673 705 4741; x_wconf 75' lang='grc' dir='ltr'>’Δσὰφ,</span> <span class='ocrx_word' id='word_1_614' title='bbox 743 4671 824 4724; x_wconf 76' lang='grc' dir='ltr'>ἔτι</span> <span class='ocrx_word' id='word_1_615' title='bbox 852 4670 911 4724; x_wconf 76' lang='grc' dir='ltr'><strong>δὲ</strong></span> <span class='ocrx_word' id='word_1_616' title='bbox 950 4670 1159 4740; x_wconf 75' lang='grc' dir='ltr'>καὶτῆς</span> <span class='ocrx_word' id='word_1_617' title='bbox 1188 4669 1357 4741; x_wconf 77' lang='grc' dir='ltr'>ᾠδῆς,</span> <span class='ocrx_word' id='word_1_618' title='bbox 1375 4670 1949 4741; x_wconf 84' lang='grc' dir='ltr'>προπαραδεδώκαμεν</span> 
     </span>
    </p>
   </div>
   <div class='ocr_carea' id='block_1_94' title="bbox 342 4761 1949 4836">
    <p class='ocr_par' dir='ltr' id='par_1_94' title="bbox 342 4761 1949 4836">
     <span class='ocr_line' id='line_1_94' title="bbox 342 4761 1949 4836; baseline -0.004 -16"><span class='ocrx_word' id='word_1_619' title='bbox 342 4771 409 4821; x_wconf 75' lang='grc' dir='ltr'>ὲν</span> <span class='ocrx_word' id='word_1_620' title='bbox 441 4764 522 4835; x_wconf 80' lang='grc' dir='ltr'>τῷ</span> <span class='ocrx_word' id='word_1_621' title='bbox 554 4763 838 4836; x_wconf 84' lang='grc' dir='ltr'>Προοιμίῳ</span> <span class='ocrx_word' id='word_1_622' title='bbox 867 4764 968 4833; x_wconf 81' lang='grc' dir='ltr'>τῆς</span> <span class='ocrx_word' id='word_1_623' title='bbox 1000 4762 1185 4832; x_wconf 86' lang='grc' dir='ltr'>βίϐλου</span> <span class='ocrx_word' id='word_1_624' title='bbox 1217 4762 1328 4815; x_wconf 88' lang='grc' dir='ltr'><strong>τῶν</strong></span> <span class='ocrx_word' id='word_1_625' title='bbox 1362 4761 1632 4833; x_wconf 79' lang='grc' dir='ltr'>Ψαλμῶν.</span> <span class='ocrx_word' id='word_1_626' title='bbox 1663 4761 1821 4829; x_wconf 85' lang='grc' dir='ltr'>Πρὸς</span> <span class='ocrx_word' id='word_1_627' title='bbox 1841 4762 1949 4816; x_wconf 79' lang='grc' dir='ltr'><strong>τόν</strong></span> 
     </span>
    </p>
   </div>
   <div class='ocr_carea' id='block_1_95' title="bbox 361 4854 1948 4926">
    <p class='ocr_par' dir='ltr' id='par_1_95' title="bbox 361 4854 1948 4926">
     <span class='ocr_line' id='line_1_95' title="bbox 361 4854 1948 4926; baseline -0.004 -14"><span class='ocrx_word' id='word_1_628' title='bbox 361 4857 695 4924; x_wconf 76' lang='grc' dir='ltr'>Ἀσσύριον</span> <span class='ocrx_word' id='word_1_629' title='bbox 725 4855 804 4921; x_wconf 81' lang='grc' dir='ltr'><strong>δὲ,</strong></span> <span class='ocrx_word' id='word_1_630' title='bbox 837 4854 983 4917; x_wconf 78' lang='grc' dir='ltr'>ἀντὶ,</span> <span class='ocrx_word' id='word_1_631' title='bbox 1013 4854 1158 4925; x_wconf 74' lang='grc' dir='ltr'>Πρὸς</span> <span class='ocrx_word' id='word_1_632' title='bbox 1182 4854 1250 4907; x_wconf 89' lang='grc' dir='ltr'><strong>τά</strong></span> <span class='ocrx_word' id='word_1_633' title='bbox 1305 4854 1446 4907; x_wconf 84' lang='grc' dir='ltr'><strong>κατά</strong></span> <span class='ocrx_word' id='word_1_634' title='bbox 1504 4854 1593 4907; x_wconf 82' lang='grc' dir='ltr'><strong>τὸν</strong></span> <span class='ocrx_word' id='word_1_635' title='bbox 1660 4854 1948 4926; x_wconf 81' lang='grc' dir='ltr'>’Δσσύριον</span> 
     </span>
    </p>
   </div>
   <div class='ocr_carea' id='block_1_96' title="bbox 342 4944 1948 5019">
    <p class='ocr_par' dir='ltr' id='par_1_96' title="bbox 342 4944 1948 5019">
     <span class='ocr_line' id='line_1_96' title="bbox 342 4944 1948 5019; baseline -0.002 -16"><span class='ocrx_word' id='word_1_636' title='bbox 342 4947 735 5019; x_wconf 80' lang='grc' dir='ltr'>Σεναχηρείμ.</span> <span class='ocrx_word' id='word_1_637' title='bbox 767 4945 919 5015; x_wconf 87' lang='grc' dir='ltr'>Ὅρα</span> <span class='ocrx_word' id='word_1_638' title='bbox 955 4945 1017 5000; x_wconf 83' lang='grc' dir='ltr'><strong>δὲ</strong></span> <span class='ocrx_word' id='word_1_639' title='bbox 1039 4947 1124 5000; x_wconf 82' lang='grc' dir='ltr'>ὅτι</span> <span class='ocrx_word' id='word_1_640' title='bbox 1154 4947 1214 5000; x_wconf 82' lang='grc' dir='ltr'>τὸ</span> <span class='ocrx_word' id='word_1_641' title='bbox 1253 4944 1398 4999; x_wconf 88' lang='grc' dir='ltr'>θεῖον</span> <span class='ocrx_word' id='word_1_642' title='bbox 1427 4946 1652 5017; x_wconf 83' lang='grc' dir='ltr'>Πνεῦμα</span> <span class='ocrx_word' id='word_1_643' title='bbox 1682 4949 1749 5018; x_wconf 77' lang='grc' dir='ltr'><strong>τῇ</strong></span> <span class='ocrx_word' id='word_1_644' title='bbox 1812 4948 1948 5000; x_wconf 81' lang='grc' dir='ltr'><strong>Ἰου-</strong></span> 
     </span>
    </p>
   </div>
   <div class='ocr_carea' id='block_1_97' title="bbox 340 5036 1951 5111">
    <p class='ocr_par' dir='ltr' id='par_1_97' title="bbox 340 5036 1951 5111">
     <span class='ocr_line' id='line_1_97' title="bbox 340 5036 1951 5111; baseline -0.001 -18"><span class='ocrx_word' id='word_1_645' title='bbox 340 5040 518 5109; x_wconf 79' lang='grc' dir='ltr'>δαϊκῇ</span> <span class='ocrx_word' id='word_1_646' title='bbox 589 5039 805 5110; x_wconf 75' lang='grc' dir='ltr'>ἱστορίᾳ</span> <span class='ocrx_word' id='word_1_647' title='bbox 872 5037 1238 5111; x_wconf 81' lang='grc' dir='ltr'>Χριστιανικά</span> <span class='ocrx_word' id='word_1_648' title='bbox 1272 5037 1524 5108; x_wconf 84' lang='grc' dir='ltr'>δόγματα</span> <span class='ocrx_word' id='word_1_649' title='bbox 1581 5036 1910 5105; x_wconf 81' lang='grc' dir='ltr'>συνέπλεξεν</span> <span class='ocrx_word' id='word_1_650' title='bbox 1938 5055 1951 5069; x_wconf 90' lang='grc'><strong>·</strong></span> 
     </span>
    </p>
   </div>
   <div class='ocr_carea' id='block_1_98' title="bbox 347 5117 1953 5203">
    <p class='ocr_par' dir='ltr' id='par_1_98' title="bbox 347 5117 1953 5203">
     <span class='ocr_line' id='line_1_98' title="bbox 347 5117 1953 5203; baseline -0.001 -16"><span class='ocrx_word' id='word_1_651' title='bbox 347 5133 435 5196; x_wconf 83' lang='grc' dir='ltr'><strong>ὡς</strong></span> <span class='ocrx_word' id='word_1_652' title='bbox 469 5131 834 5203; x_wconf 82' lang='grc' dir='ltr'>ψυχαγωγεῖν</span> <span class='ocrx_word' id='word_1_653' title='bbox 856 5132 955 5202; x_wconf 80' lang='grc' dir='ltr'>μὲν</span> <span class='ocrx_word' id='word_1_654' title='bbox 980 5131 1077 5185; x_wconf 72' lang='grc' dir='ltr'>καὶ</span> <span class='ocrx_word' id='word_1_655' title='bbox 1116 5130 1208 5185; x_wconf 81' lang='grc' dir='ltr'>τὸν</span> <span class='ocrx_word' id='word_1_656' title='bbox 1248 5117 1503 5203; x_wconf 68' lang='grc' dir='ltr'>Ἑϐραῖοι)</span> <span class='ocrx_word' id='word_1_657' title='bbox 1541 5130 1817 5195; x_wconf 84' lang='grc' dir='ltr'>ταπεινῶς</span> <span class='ocrx_word' id='word_1_658' title='bbox 1856 5132 1953 5185; x_wconf 81' lang='grc' dir='ltr'><strong>ἐκ-</strong></span> 
     </span>
    </p>
   </div>
   <div class='ocr_carea' id='block_1_99' title="bbox 342 5222 1957 5297">
    <p class='ocr_par' dir='ltr' id='par_1_99' title="bbox 342 5222 1957 5297">
     <span class='ocr_line' id='line_1_99' title="bbox 342 5222 1957 5297; baseline -0.003 -17"><span class='ocrx_word' id='word_1_659' title='bbox 342 5225 651 5297; x_wconf 76' lang='grc' dir='ltr'>δεχόμενον</span> <span class='ocrx_word' id='word_1_660' title='bbox 683 5225 753 5278; x_wconf 80' lang='grc' dir='ltr'><strong>τά</strong></span> <span class='ocrx_word' id='word_1_661' title='bbox 790 5224 957 5296; x_wconf 79' lang='grc' dir='ltr'>ῥητὰ,</span> <span class='ocrx_word' id='word_1_662' title='bbox 988 5223 1307 5295; x_wconf 80' lang='grc' dir='ltr'>εὐφραίνειν</span> <span class='ocrx_word' id='word_1_663' title='bbox 1336 5222 1393 5276; x_wconf 81' lang='grc' dir='ltr'><strong>δὲ</strong></span> <span class='ocrx_word' id='word_1_664' title='bbox 1427 5223 1630 5295; x_wconf 83' lang='grc' dir='ltr'>μᾶλλον</span> <span class='ocrx_word' id='word_1_665' title='bbox 1670 5222 1765 5276; x_wconf 78' lang='grc' dir='ltr'>τὸν</span> <span class='ocrx_word' id='word_1_666' title='bbox 1822 5222 1863 5275; x_wconf 84' lang='grc' dir='ltr'><strong>Χ</strong></span> <span class='ocrx_word' id='word_1_667' title='bbox 1875 5238 1957 5292; x_wconf 84' lang='grc' dir='ltr'>ρι-</span> 
     </span>
    </p>
   </div>
   <div class='ocr_carea' id='block_1_100' title="bbox 346 5313 1349 5387">
    <p class='ocr_par' dir='ltr' id='par_1_100' title="bbox 346 5313 1349 5387">
     <span class='ocr_line' id='line_1_100' title="bbox 346 5313 1349 5387; baseline 0.003 -19"><span class='ocrx_word' id='word_1_668' title='bbox 346 5316 601 5382; x_wconf 83' lang='grc' dir='ltr'>στιανὸν,</span> <span class='ocrx_word' id='word_1_669' title='bbox 628 5314 856 5387; x_wconf 80' lang='grc' dir='ltr'>ὑψηλῶς</span> <span class='ocrx_word' id='word_1_670' title='bbox 885 5313 1065 5369; x_wconf 88' lang='grc' dir='ltr'>ταῦτα</span> <span class='ocrx_word' id='word_1_671' title='bbox 1095 5313 1349 5372; x_wconf 81' lang='grc' dir='ltr'>νοοῦντα.</span> 
     </span>
    </p>
   </div>
   <div class='ocr_carea' id='block_1_101' title="bbox 2056 4670 3637 4742">
    <p class='ocr_par' dir='ltr' id='par_1_101' title="bbox 2056 4670 3637 4742">
     <span class='ocr_line' id='line_1_101' title="bbox 2056 4670 3637 4742; baseline 0 -19"><span class='ocrx_word' id='word_1_672' title='bbox 2056 4670 2124 4723; x_wconf 88' lang='lat' dir='ltr'><strong>de</strong></span> <span class='ocrx_word' id='word_1_673' title='bbox 2150 4671 2335 4724; x_wconf 85' lang='lat' dir='ltr'><strong>mundi</strong></span> <span class='ocrx_word' id='word_1_674' title='bbox 2380 4685 2444 4726; x_wconf 89' lang='lat' dir='ltr'><strong>ac</strong></span> <span class='ocrx_word' id='word_1_675' title='bbox 2492 4672 2662 4726; x_wconf 79' lang='lat' dir='ltr'><strong>futuri</strong></span> <span class='ocrx_word' id='word_1_676' title='bbox 2710 4671 2903 4742; x_wconf 75' lang='lat' dir='ltr'><strong>iudicii</strong></span> <span class='ocrx_word' id='word_1_677' title='bbox 2946 4672 3070 4726; x_wconf 84' lang='lat' dir='ltr'><strong>line.</strong></span> <span class='ocrx_word' id='word_1_678' title='bbox 3120 4670 3187 4725; x_wconf 86' lang='lat' dir='ltr'><strong>In</strong></span> <span class='ocrx_word' id='word_1_679' title='bbox 3241 4670 3448 4740; x_wconf 77' lang='lat' dir='ltr'><strong>hymnis</strong></span> <span class='ocrx_word' id='word_1_680' title='bbox 3486 4684 3637 4734; x_wconf 86' lang='lat' dir='ltr'><strong>vero,</strong></span> 
     </span>
    </p>
   </div>
   <div class='ocr_carea' id='block_1_102' title="bbox 2059 4762 3642 4833">
    <p class='ocr_par' dir='ltr' id='par_1_102' title="bbox 2059 4762 3642 4833">
     <span class='ocr_line' id='line_1_102' title="bbox 2059 4762 3642 4833; baseline 0.002 -18"><span class='ocrx_word' id='word_1_681' title='bbox 2059 4762 2183 4831; x_wconf 89' lang='lat' dir='ltr'><strong>quia</strong></span> <span class='ocrx_word' id='word_1_682' title='bbox 2230 4764 2532 4833; x_wconf 81' lang='lat' dir='ltr'><strong>gratiarum</strong></span> <span class='ocrx_word' id='word_1_683' title='bbox 2602 4766 2851 4821; x_wconf 88' lang='lat' dir='ltr'><strong>actiones</strong></span> <span class='ocrx_word' id='word_1_684' title='bbox 2914 4762 3191 4827; x_wconf 69' lang='lat' dir='ltr'><strong>continet,</strong></span> <span class='ocrx_word' id='word_1_685' title='bbox 3251 4778 3351 4833; x_wconf 82' lang='lat' dir='ltr'><strong>pro</strong></span> <span class='ocrx_word' id='word_1_686' title='bbox 3414 4765 3642 4819; x_wconf 83' lang='lat' dir='ltr'><strong>obtenta</strong></span> 
     </span>
    </p>
   </div>
   <div class='ocr_carea' id='block_1_103' title="bbox 2063 4854 3646 4926">
    <p class='ocr_par' dir='ltr' id='par_1_103' title="bbox 2063 4854 3646 4926">
     <span class='ocr_line' id='line_1_103' title="bbox 2063 4854 3646 4926; baseline 0.001 -21"><span class='ocrx_word' id='word_1_687' title='bbox 2063 4855 2313 4909; x_wconf 85' lang='lat' dir='ltr'><strong>victoria.</strong></span> <span class='ocrx_word' id='word_1_688' title='bbox 2348 4855 2419 4910; x_wconf 88' lang='lat' dir='ltr'><strong>De</strong></span> <span class='ocrx_word' id='word_1_689' title='bbox 2454 4856 2640 4926; x_wconf 86' lang='lat' dir='ltr'><strong>Asaph</strong></span> <span class='ocrx_word' id='word_1_690' title='bbox 2676 4866 2730 4911; x_wconf 88' lang='lat' dir='ltr'><strong>et</strong></span> <span class='ocrx_word' id='word_1_691' title='bbox 2760 4858 2980 4911; x_wconf 87' lang='lat' dir='ltr'><strong>cantico</strong></span> <span class='ocrx_word' id='word_1_692' title='bbox 3013 4857 3259 4912; x_wconf 80' lang='lat' dir='ltr'><strong>diximus</strong></span> <span class='ocrx_word' id='word_1_693' title='bbox 3286 4857 3339 4910; x_wconf 91' lang='lat' dir='ltr'><strong>in</strong></span> <span class='ocrx_word' id='word_1_694' title='bbox 3366 4854 3646 4911; x_wconf 56' lang='lat' dir='ltr'><strong>Prooemio</strong></span> 
     </span>
    </p>
   </div>
   <div class='ocr_carea' id='block_1_104' title="bbox 2058 4944 3646 5018">
    <p class='ocr_par' dir='ltr' id='par_1_104' title="bbox 2058 4944 3646 5018">
     <span class='ocr_line' id='line_1_104' title="bbox 2058 4944 3646 5018; baseline -0.001 -19"><span class='ocrx_word' id='word_1_695' title='bbox 2058 4947 2261 5015; x_wconf 78' lang='lat' dir='ltr'><strong>operis.</strong></span> <span class='ocrx_word' id='word_1_696' title='bbox 2323 4947 2405 5001; x_wconf 84' lang='grc' dir='ltr'>Αιι</span> <span class='ocrx_word' id='word_1_697' title='bbox 2456 4948 2739 5018; x_wconf 79' lang='lat' dir='ltr'><strong>Assyrium</strong></span> <span class='ocrx_word' id='word_1_698' title='bbox 2795 4964 2926 5004; x_wconf 84' lang='lat' dir='ltr'><strong>vero</strong></span> <span class='ocrx_word' id='word_1_699' title='bbox 2961 4991 2978 5015; x_wconf 89' lang='lat'><strong>,</strong></span> <span class='ocrx_word' id='word_1_700' title='bbox 3044 4950 3176 5016; x_wconf 88' lang='lat' dir='ltr'><strong>quia</strong></span> <span class='ocrx_word' id='word_1_701' title='bbox 3258 4944 3646 5002; x_wconf 85' lang='lat' dir='ltr'><strong>Sennacherib</strong></span> 
     </span>
    </p>
   </div>
   <div class='ocr_carea' id='block_1_105' title="bbox 2058 5038 3643 5111">
    <p class='ocr_par' dir='ltr' id='par_1_105' title="bbox 2058 5038 3643 5111">
     <span class='ocr_line' id='line_1_105' title="bbox 2058 5038 3643 5111; baseline -0.003 -19"><span class='ocrx_word' id='word_1_702' title='bbox 2058 5038 2315 5111; x_wconf 83' lang='lat' dir='ltr'><strong>Assyrius</strong></span> <span class='ocrx_word' id='word_1_703' title='bbox 2347 5048 2485 5098; x_wconf 88' lang='lat' dir='ltr'><strong>crat.</strong></span> <span class='ocrx_word' id='word_1_704' title='bbox 2510 5038 2593 5094; x_wconf 85' lang='lat' dir='ltr'><strong>Ad</strong></span> <span class='ocrx_word' id='word_1_705' title='bbox 2627 5040 2782 5095; x_wconf 88' lang='lat' dir='ltr'><strong>illum</strong></span> <span class='ocrx_word' id='word_1_706' title='bbox 2807 5042 2953 5096; x_wconf 90' lang='lat' dir='ltr'><strong>enim</strong></span> <span class='ocrx_word' id='word_1_707' title='bbox 2990 5041 3158 5095; x_wconf 89' lang='lat' dir='ltr'><strong>multa</strong></span> <span class='ocrx_word' id='word_1_708' title='bbox 3187 5040 3482 5109; x_wconf 78' lang='lat' dir='ltr'><strong>pertinent,</strong></span> <span class='ocrx_word' id='word_1_709' title='bbox 3513 5050 3643 5104; x_wconf 67' lang='lat' dir='ltr'><strong>quae</strong></span> 
     </span>
    </p>
   </div>
   <div class='ocr_carea' id='block_1_106' title="bbox 2058 5125 3643 5201">
    <p class='ocr_par' dir='ltr' id='par_1_106' title="bbox 2058 5125 3643 5201">
     <span class='ocr_line' id='line_1_106' title="bbox 2058 5125 3643 5201; baseline -0.003 -19"><span class='ocrx_word' id='word_1_710' title='bbox 2058 5130 2109 5185; x_wconf 87' lang='lat' dir='ltr'><strong>in</strong></span> <span class='ocrx_word' id='word_1_711' title='bbox 2148 5133 2404 5201; x_wconf 64' lang='lat' dir='ltr'><strong>prmsenti</strong></span> <span class='ocrx_word' id='word_1_712' title='bbox 2441 5132 2652 5201; x_wconf 83' lang='lat' dir='ltr'><strong>psalmo</strong></span> <span class='ocrx_word' id='word_1_713' title='bbox 2686 5132 2986 5187; x_wconf 86' lang='lat' dir='ltr'><strong>habentur.</strong></span> <span class='ocrx_word' id='word_1_714' title='bbox 3017 5130 3099 5185; x_wconf 89' lang='lat' dir='ltr'><strong>Tu</strong></span> <span class='ocrx_word' id='word_1_715' title='bbox 3138 5145 3264 5185; x_wconf 87' lang='lat' dir='ltr'><strong>vero</strong></span> <span class='ocrx_word' id='word_1_716' title='bbox 3325 5125 3461 5181; x_wconf 86' lang='lat' dir='ltr'><strong>illud</strong></span> <span class='ocrx_word' id='word_1_717' title='bbox 3507 5130 3643 5178; x_wconf 79' lang='lat' dir='ltr'><strong>cori-</strong></span> 
     </span>
    </p>
   </div>
   <div class='ocr_carea' id='block_1_107' title="bbox 2055 5218 3641 5293">
    <p class='ocr_par' dir='ltr' id='par_1_107' title="bbox 2055 5218 3641 5293">
     <span class='ocr_line' id='line_1_107' title="bbox 2055 5218 3641 5293; baseline -0.007 -15"><span class='ocrx_word' id='word_1_718' title='bbox 2055 5223 2260 5285; x_wconf 88' lang='lat' dir='ltr'><strong>sidera,</strong></span> <span class='ocrx_word' id='word_1_719' title='bbox 2319 5240 2429 5292; x_wconf 85' lang='lat' dir='ltr'><strong>quo</strong></span> <span class='ocrx_word' id='word_1_720' title='bbox 2483 5235 2646 5293; x_wconf 91' lang='lat' dir='ltr'><strong>pacto</strong></span> <span class='ocrx_word' id='word_1_721' title='bbox 2705 5232 2933 5281; x_wconf 83' lang='lat' dir='ltr'><strong>sanctus</strong></span> <span class='ocrx_word' id='word_1_722' title='bbox 3002 5220 3244 5292; x_wconf 89' lang='lat' dir='ltr'><strong>Spiritus</strong></span> <span class='ocrx_word' id='word_1_723' title='bbox 3300 5218 3465 5273; x_wconf 89' lang='lat' dir='ltr'><strong>simul</strong></span> <span class='ocrx_word' id='word_1_724' title='bbox 3510 5230 3641 5269; x_wconf 78' lang='lat' dir='ltr'><strong>cum</strong></span> 
     </span>
    </p>
   </div>
   <div class='ocr_carea' id='block_1_108' title="bbox 2055 5306 3642 5381">
    <p class='ocr_par' dir='ltr' id='par_1_108' title="bbox 2055 5306 3642 5381">
     <span class='ocr_line' id='line_1_108' title="bbox 2055 5306 3642 5381; baseline -0.008 -13"><span class='ocrx_word' id='word_1_725' title='bbox 2055 5311 2287 5369; x_wconf 83' lang='lat' dir='ltr'><strong>Judaica</strong></span> <span class='ocrx_word' id='word_1_726' title='bbox 2323 5315 2555 5370; x_wconf 85' lang='lat' dir='ltr'><strong>historia</strong></span> <span class='ocrx_word' id='word_1_727' title='bbox 2586 5314 2903 5373; x_wconf 86' lang='lat' dir='ltr'><strong>Christiana</strong></span> <span class='ocrx_word' id='word_1_728' title='bbox 2927 5313 3184 5381; x_wconf 74' lang='lat' dir='ltr'><strong>dogmata</strong></span> <span class='ocrx_word' id='word_1_729' title='bbox 3207 5306 3642 5377; x_wconf 83' lang='lat' dir='ltr'><strong>complicaverit,</strong></span> 
     </span>
    </p>
   </div>
   <div class='ocr_carea' id='block_1_109' title="bbox 344 5398 3644 5479">
    <p class='ocr_par' dir='ltr' id='par_1_109' title="bbox 344 5398 3644 5479">
     <span class='ocr_line' id='line_1_109' title="bbox 344 5398 3644 5479; baseline -0.003 -16"><span class='ocrx_word' id='word_1_730' title='bbox 344 5419 415 5464; x_wconf 86' lang='lat' dir='ltr'><strong>ut</strong></span> <span class='ocrx_word' id='word_1_731' title='bbox 445 5416 502 5464; x_wconf 85' lang='lat' dir='ltr'><strong>et</strong></span> <span class='ocrx_word' id='word_1_732' title='bbox 528 5407 738 5463; x_wconf 66' lang='lat' dir='ltr'><strong>Iudaeis</strong></span> <span class='ocrx_word' id='word_1_733' title='bbox 764 5409 1011 5462; x_wconf 88' lang='lat' dir='ltr'><strong>solamen</strong></span> <span class='ocrx_word' id='word_1_734' title='bbox 1044 5415 1290 5479; x_wconf 68' lang='lat' dir='ltr'><strong>praestet,</strong></span> <span class='ocrx_word' id='word_1_735' title='bbox 1329 5407 1423 5478; x_wconf 90' lang='lat' dir='ltr'><strong>qui</strong></span> <span class='ocrx_word' id='word_1_736' title='bbox 1497 5406 1738 5462; x_wconf 88' lang='lat' dir='ltr'><strong>humiles</strong></span> <span class='ocrx_word' id='word_1_737' title='bbox 1802 5414 2015 5462; x_wconf 87' lang='lat' dir='ltr'><strong>tantum</strong></span> <span class='ocrx_word' id='word_1_738' title='bbox 2060 5421 2263 5461; x_wconf 89' lang='lat' dir='ltr'><strong>sensus</strong></span> <span class='ocrx_word' id='word_1_739' title='bbox 2319 5417 2656 5478; x_wconf 88' lang='lat' dir='ltr'><strong>sequuntur,</strong></span> <span class='ocrx_word' id='word_1_740' title='bbox 2711 5416 2762 5465; x_wconf 89' lang='lat' dir='ltr'><strong>et</strong></span> <span class='ocrx_word' id='word_1_741' title='bbox 2824 5404 3197 5463; x_wconf 83' lang='lat' dir='ltr'><strong>Christianum</strong></span> <span class='ocrx_word' id='word_1_742' title='bbox 3244 5400 3412 5458; x_wconf 85' lang='lat' dir='ltr'><strong>etiam</strong></span> <span class='ocrx_word' id='word_1_743' title='bbox 3464 5398 3644 5469; x_wconf 77' lang='lat' dir='ltr'><strong>magis</strong></span> 
     </span>
    </p>
   </div>
   <div class='ocr_carea' id='block_1_110' title="bbox 344 5499 2509 5573">
    <p class='ocr_par' dir='ltr' id='par_1_110' title="bbox 344 5499 2509 5573">
     <span class='ocr_line' id='line_1_110' title="bbox 344 5499 2509 5573; baseline -0.001 -12"><span class='ocrx_word' id='word_1_744' title='bbox 344 5502 613 5569; x_wconf 66' lang='lat' dir='ltr'><strong>lztiﬁcet,</strong></span> <span class='ocrx_word' id='word_1_745' title='bbox 643 5502 711 5556; x_wconf 89' lang='lat' dir='ltr'><strong>ad</strong></span> <span class='ocrx_word' id='word_1_746' title='bbox 744 5499 1098 5556; x_wconf 83' lang='lat' dir='ltr'><strong>sublimiores</strong></span> <span class='ocrx_word' id='word_1_747' title='bbox 1130 5500 1449 5558; x_wconf 84' lang='lat' dir='ltr'><strong>tendentem</strong></span> <span class='ocrx_word' id='word_1_748' title='bbox 1472 5516 1537 5556; x_wconf 88' lang='lat' dir='ltr'><strong>ac</strong></span> <span class='ocrx_word' id='word_1_749' title='bbox 1562 5508 1941 5571; x_wconf 85' lang='lat' dir='ltr'><strong>penetrantem</strong></span> <span class='ocrx_word' id='word_1_750' title='bbox 1984 5503 2509 5573; x_wconf 87' lang='lat' dir='ltr'><strong>contemplationes.</strong></span> 
     </span>
    </p>
   </div>
   <div class='ocr_carea' id='block_1_111' title="bbox 1669 5665 2230 5732">
    <p class='ocr_par' dir='ltr' id='par_1_111' title="bbox 1669 5665 2230 5732">
     <span class='ocr_line' id='line_1_111' title="bbox 1669 5665 2230 5732; baseline 0.009 -5"><span class='ocrx_word' id='word_1_751' title='bbox 1669 5665 1864 5729; x_wconf 66' lang='lat' dir='ltr'><strong>Variae</strong></span> <span class='ocrx_word' id='word_1_752' title='bbox 1902 5667 2230 5732; x_wconf 84' lang='lat' dir='ltr'><strong>lectiones.</strong></span> 
     </span>
    </p>
   </div>
   <div class='ocr_carea' id='block_1_112' title="bbox 419 5790 1720 5870">
    <p class='ocr_par' dir='ltr' id='par_1_112' title="bbox 419 5790 1720 5870">
     <span class='ocr_line' id='line_1_112' title="bbox 419 5790 1720 5870; baseline -0.004 -18"><span class='ocrx_word' id='word_1_753' title='bbox 419 5794 540 5870; x_wconf 81' lang='grc'><strong>(77)</strong></span> <span class='ocrx_word' id='word_1_754' title='bbox 574 5790 734 5851; x_wconf 83' lang='lat' dir='ltr'><strong>Deest</strong></span> <span class='ocrx_word' id='word_1_755' title='bbox 776 5791 1030 5857; x_wconf 86' lang='lat' dir='ltr'><strong>verbum,</strong></span> <span class='ocrx_word' id='word_1_756' title='bbox 1076 5803 1203 5865; x_wconf 83' lang='lat' dir='ltr'><strong>puta</strong></span> <span class='ocrx_word' id='word_1_757' title='bbox 1240 5794 1347 5847; x_wconf 80' lang='grc' dir='ltr'>νόει</span> <span class='ocrx_word' id='word_1_758' title='bbox 1388 5804 1476 5847; x_wconf 88' lang='lat' dir='ltr'><strong>aut</strong></span> <span class='ocrx_word' id='word_1_759' title='bbox 1520 5792 1720 5849; x_wconf 88' lang='lat' dir='ltr'><strong>simile.</strong></span> 
     </span>
    </p>
   </div>
  </div>
