4064 6414
322 305 435 368 773

1488 308 1882 370 COMMEN’I‘.
1926 311 2003 372 IN
2034 311 2398 375 PSALMOS.

3493 320 3605 383 7⁸14

321 416 425 471 καί
447 415 779 487 ῥομφαίαν,
811 414 907 469 καὶ
947 415 1235 485 πόλεμον.
1274 416 1585 488 Ἰστορικῶς
1647 420 1744 490 μὲν
1782 425 1913 492 περὶ

2025 425 2274 493 gladium,
2307 435 2356 480 et
2405 424 2621 479 bellum.
2657 422 2826 479 Juxta
2880 424 3162 481 historiam
3216 426 3319 481 hoc
3370 431 3606 499 pertinet

318 513 424 580 τῆς
449 508 725 572 ἀπωλείας
751 508 862 561 τῶν
906 510 1208 585 Ἀσσυρίων
1260 510 1454 564 ταῦτα.
1497 512 1652 565 Ἐκεῖ
1673 514 1775 583 μὲν
1795 516 1861 567 ἀν
1878 515 1918 566 ,ἱ

316 604 444 671 τοῦ,
479 606 536 656 ἒν
565 601 706 656 Σιών
733 620 746 634 ·
785 601 1118 670 Συνέτριψε
1165 603 1243 667 δὲ,
1281 603 1405 656 ἀντὶ
1434 604 1527 657 τοῦ
1579 606 1916 675 Κατήργτισε

315 700 424 764 τὰς
459 698 723 767 δυνάμεις
746 696 857 750 τῶν
886 697 1057 763 τόξων
1082 712 1097 727 ο
1117 696 1281 748 ὅπλον
1315 697 1371 750 δὲ
1428 698 1585 751 καλεί
1614 697 1708 750 νῦν
1765 700 1825 750 οὐ
1860 699 1918 752 τὸ

318 793 687 862 ἀμυντήριον,
739 789 877 844 ἀλλὰ
928 789 988 843 τὸ
1018 787 1416 859 φυλακτήριον,
1472 783 1586 842 οἷον
1660 788 1914 861 Θώρακα,

316 887 419 939 καὶ
466 884 523 939 εἴ
572 902 626 937 τι
651 881 898 936 τοιοῦτον
924 899 936 911 ·
984 882 1047 947 ἐξ
1096 876 1157 937 οὗ
1200 883 1294 935 καὶ
1336 883 1583 951 ὁπλίτης,
1622 885 1649 935 ό
1682 884 1919 952 τεθωρα-

317 979 609 1048 κισμένος,
633 975 771 1047 πρὸς
833 974 1248 1045 ἀντιδιαστολὴν
1290 974 1383 1027 τοῦ
1417 974 1574 1044 ψιλοῦ
1598 994 1609 1004 ·
1668 974 1917 1045 ῥομφαία

314 1071 440 1140 δὲή
473 1069 697 1138 σπάῦη’
757 1068 853 1120 καὶ
893 1066 1162 1137 προέταξε
1222 1066 1321 1135 μὲν
1373 1066 1441 1118 τὰ
1485 1065 1638 1131 τόξα,
1702 1068 1786 1120 ὃτι
1856 1066 1917 1118 τὸ

315 1163 515 1214 πλεῖον
544 1163 602 1214 ὲν
627 1159 807 1227 τόξοις
843 1158 1111 1229 ἐκράτουν
1151 1160 1198 1212 oi
1276 1157 1576 1227 Ἀσσύριοι.
1641 1153 1773 1210 Εἶτα
1827 1156 1917 1210 διὰ

321 1252 426 1320 μὲν
454 1249 550 1303 τοῦ
573 1249 740 1302 ὅπλου
782 1248 893 1302 πᾶν
910 1247 1282 1317 φυλακτήριον
1306 1246 1562 1316 ἐνέφηνε,
1594 1246 1691 1298 διὲ
1730 1245 1787 1298 δὲ
1817 1246 1915 1314 τῆς

318 1343 612 1412 ῥομφαίας
654 1341 765 1394 πᾶν
793 1341 1156 1411 ἀμυντήριον.
1188 1338 1518 1393 Τελευταίον
1554 1339 1612 1392 δὲ
1666 1339 1916 1407 ἐπήγαγε

316 1437 419 1490 καὶ
451 1435 547 1488 τὸν
576 1434 817 1504 πόλεμον
845 1432 1033 1496 αὑτὸν,
1069 1432 1210 1485 δι’ὃν
1233 1433 1431 1494 ταῦτα,
1481 1434 1577 1484 καὶ
1629 1424 1690 1484 οὗ
1745 1430 1915 1500 σκεύη

322 1527 513 1582 ταῦτα
557 1525 654 1579 καὶ
685 1523 916 1595 ὄργανα.
945 1521 1337 1590 Ἀναγωγικῶς
1392 1522 1446 1574 δὲ
1509 1521 1641 1585 τόξα
1700 1520 1800 1590 μὲν
1861 1519 1919 1572 αἱ

321 1617 611 1689 μεθοδείαι
685 1614 785 1668 καὶ
852 1614 1098 1684 μηχαναὶ
1166 1612 1278 1665 τῶν
1347 1611 1640 1681 δαιμόνων,
1705 1609 1799 1678 ἀφ’
1843 1604 1918 1664 ὧν

319 1711 584 1779 ἀφίενται
617 1708 746 1778 βέλη
781 1705 976 1761 παθῶν
1018 1704 1400 1775 πεπυρωμένα
1425 1717 1439 1732 ⁸
1474 1704 1639 1757 ὅπλον
1696 1701 1760 1754 δὲ
1813 1719 1917 1770 φυ-

2020 520 2086 572 ad
2120 519 2473 588 Assyriorum
2505 517 2960 581 destructionem.
3018 521 3130 574 illic
3176 523 3321 575 enim
3371 524 3425 576 in
3469 522 3604 578 Sion

2024 606 2164 662 Dens
2197 621 2425 660 arcuum
2458 607 2604 663 vires
2633 610 2913 672 contrivit,
2950 611 3054 664 hoc
3097 621 3202 674 est,
3236 610 3506 677 dissolvit,
3553 622 3608 665 ct

2022 698 2217 753 inanes
2273 698 2536 754 reddidit.
2592 701 2692 754 Per
2750 700 2918 754 telum
2988 712 3173 757 autem
3218 704 3343 772 (pro
3384 720 3498 772 quo
3552 705 3608 758 in

2020 786 2207 843 Grzeca
2238 789 2495 854 lectione,
2531 789 2697 843 ὅπλον
2744 790 2994 862 legimus)
3030 809 3137 848 non
3186 793 3452 849 nﬂ‘ensiva
3505 795 3610 849 hoc

2021 879 2074 932 in
2110 880 2230 935 loco
2261 894 2413 933 arma
2438 880 2666 950 intelligi
2698 881 2922 942 debent,
2961 886 3055 937 sed
3094 882 3402 948 defensiva,
3439 884 3609 938 veluti

2020 971 2331 1037 thoracem,
2395 980 2491 1025 aut
2543 971 2693 1025 aliud
2752 974 2881 1042 quid
2953 973 3181 1028 simile:
3243 973 3388 1028 unde
3462 972 3611 1043 apud

2019 1062 2242 1118 Grecos
2300 1063 2525 1118 militem
2562 1064 2791 1120 thorace
2842 1074 3134 1132 armatum,
3167 1066 3391 1138 ὁπλίτην
3425 1069 3613 1138 appel-

2020 1156 2245 1222 labant,
2303 1156 2370 1211 ad
2431 1172 2620 1212 eorum
2689 1158 2922 1212 militum
2991 1158 3451 1225 distinctionem,
3508 1160 3607 1231 qui

2022 1249 2336 1318 hujusmodi
2365 1250 2628 1305 carebant
2653 1261 2961 1316 armatura,
2999 1269 3247 1323 quosque
3277 1252 3489 1323 ψιλοὺς,
3509 1259 3612 1308 hoc

2020 1349 2102 1394 est
2130 1341 2300 1394 nudos
2344 1342 2641 1397 vocabant.
2696 1345 2942 1398 Areuum
2995 1359 3129 1399 vero
3177 1345 3472 1414 potentias,
3513 1361 3610 1400 seu

2021 1432 2191 1484 robur
2219 1431 2380 1497 dixit,
2405 1434 2533 1502 quia
2562 1435 2772 1505 Assyrii
2801 1448 2931 1488 arcu
2964 1434 3268 1504 plurimum
3291 1436 3613 1506 utebantur,

2021 1534 2183 1594 atque
2238 1525 2294 1579 itt
2342 1541 2407 1580 eo
2450 1540 2750 1593 .armorum
2799 1543 3001 1598 genere
3067 1543 3199 1584 suas
3262 1530 3610 1600 potissimum

2020 1617 2164 1670 vires
2214 1616 2583 1672 collocabant.
2662 1617 2768 1674 Per
2832 1620 2999 1673 telum
3064 1606 3261 1689 igitur,
3327 1620 3611 1678 defensiva

2020 1707 2228 1773 omnia,
2270 1718 2326 1763 et
2358 1723 2453 1776 per
2477 1726 2682 1775 arcum,
2717 1710 2981 1766 olfensira
3011 1714 3198 1765 omnia
3228 1726 3379 1766 arma
3435 1711 3611 1784 signi-

317 1804 625 1873 λακτήρεον
652 1799 746 1853 τοῦ
781 1798 1032 1853 διαϐόλου
1071 1799 1105 1868 ἡ
1173 1794 1570 1867 παραχώρησις
1632 1796 1723 1848 τοῦ
1756 1795 1912 1858 Θεοῦ,

2026 1798 2225 1853 ticavit.
2257 1799 2462 1855 Deinde
2496 1800 2676 1869 ipsum
2717 1801 2924 1855 addidit
2961 1802 3161 1857 bellum
3206 1811 3428 1873 propter
3460 1779 3613 1873 qt'od

316 1896 419 1950 καὶ
451 1897 488 1964 ἡ
522 1894 648 1947 καθ’
673 1891 834 1963 ἡμῶν
855 1889 1076 1956 ἐξουσία
1098 1888 1195 1942 τοῦ
1227 1887 1451 1961 ἐχθροῦ.
1487 1888 1621 1941 Τότε
1651 1887 1759 1956 γὰρ
1792 1885 1916 1957 βαλο

315 1990 552 2059 λόμενος
581 1987 712 2057 παρ’
740 1984 898 2055 ήμῶν
923 1983 1025 2036 οὐκ
1055 1981 1379 2036 αἰσθάνεται
1406 1979 1692 2050 ’ῥομφαία
1724 1979 1780 2031 δὲ
1811 1979 1914 2031 αὐ-

317 2078 419 2134 τοῦ
456 2077 729 2149 τμητικὴ,
758 2077 857 2131 καὶ
881 2076 989 2131 ἀπὸ
1015 2075 1150 2129 Θεοῦ
1179 2075 1463 2146 χωρισμίς
1493 2073 1648 2144 ἡμῶν
1678 2073 1766 2126 διὰ
1804 2074 1913 2125 τῶν

2026 1894 2280 1947 universa
2327 1907 2610 1948 armorum
2654 1908 2853 1962 genera
2903 1894 3098 1948 conlici
3160 1894 3361 1949 solent.
3412 1882 3607 1949 Omnia

2022 1985 2225 2040 etenim
2263 1999 2435 2047 arma,
2474 1984 2599 2040 belli
2651 1994 2778 2039 sunt
2824 1986 3216 2040 instrumenta.
3266 1984 3432 2040 Juxta
3468 1984 3610 2041 Ana-

2020 2059 2218 2144 gitgen,
2248 2090 2344 2145 per
2377 2090 2564 2137 arcus,
2599 2075 2932 2132 artiﬁciosas
2965 2076 3273 2132 daemonum
3323 2078 3614 2133 machinas

317 2171 525 2225 παθῶν
579 2169 962 2240 ἐπιγινόμενος
990 2185 1003 2199 ·
1063 2166 1299 2236 πόλεμος
1323 2166 1378 2218 δὲ
1433 2166 1467 2234 ή
1513 2154 1689 2232 πάλη,
1734 2164 1767 2234 ἢ
1819 2166 1916 2217 καὶ

2025 2167 2375 2237 uttelligimus
2409 2186 2424 2221 :
2468 2168 2616 2222 unde
2674 2169 2935 2223 ardentes
2971 2171 3271 2225 immittunt
3294 2172 3610 2241 passionum

317 2263 492 2325 αὐτὸς
523 2265 552 2316 ὁ
583 2258 853 2322 διάϐολος.
889 2260 1099 2327 ’Ὠσπερ
1138 2258 1248 2328 γὰρ
1282 2256 1477 2326 εἰρήνη
1505 2256 1532 2309 ὁ
1574 2254 1727 2318 Θεὸς.
1773 2253 1917 2307 οὕτω

2025 2244 2266 2329 sagittas.
2294 2258 2488 2314 Telum
2519 2268 2704 2315 autem
2735 2260 3023 2327 daemonis,
3051 2279 3160 2332 quo
3189 2279 3248 2318 se
3277 2264 3416 2318 tueri
3444 2265 3610 2330 solet,

318 2352 567 2423 πόλεμος
595 2354 623 2405 ὁ
648 2351 1035 2421 ἀντικείμενος
1062 2348 1274 2418 δαίμων
1303 2365 1315 2379 ·
1365 2347 1402 2401 ἃ.
1441 2347 1617 2400 πάντα
1641 2349 1917 2418 κατήργη-

2025 2364 2100 2407 est
2126 2353 2311 2406 divina
2356 2353 2671 2422 permissio,
2720 2370 2842 2423 quae
2893 2355 3036 2410 vires
3083 2356 3132 2410 ei
3181 2356 3451 2411 adversus
3505 2372 3611 2412 nos

321 2463 421 2499 σεν
454 2445 485 2498 ὁ
512 2444 644 2508 Θεὸς
673 2445 733 2497 ὲν
749 2442 826 2513 τῷ
856 2441 1197 2516 εἰρηνεύοντι
1243 2441 1339 2494 καὶ
1367 2440 1712 2504 σκοπεύοντι,
1730 2438 1916 2502 καθὼς

2025 2444 2427 2499 subministrat.
2464 2443 2540 2498 Ea
2578 2445 2781 2499 etenim
2815 2456 3192 2515 prrmauente,
3224 2449 3365 2503 ictus
3394 2456 3616 2505 nostros

318 2539 565 2609 εῐρηται,
2018 2534 2230 2588 daemon
2279 2535 2334 2587 in
2389 2549 2451 2589 se
2499 2534 2782 2618 immissos
2833 2552 2941 2591 non
2998 2538 3184 2591 sentit.
3240 2539 3391 2592 Illius
3444 2540 3613 2592 etiam

321 2631 570 2700 gladius,
599 2643 708 2699 quo
739 2627 984 2683 incidere
1031 2625 1192 2690 solet,
1226 2623 1501 2695 separatio
1547 2622 1636 2675 illa
1665 2631 1770 2689 est,
1800 2638 1909 2693 qua
1952 2640 2051 2694 per
2080 2626 2310 2680 affectus
2377 2634 2432 2681 et
2474 2628 2761 2698 passiones
2809 2639 3028 2685 nostras
3094 2645 3125 2683 a
3172 2628 3285 2686 Deo
3332 2631 3615 2702 disjungi-

324 2737 490 2789 mur;
541 2721 740 2775 bellum
790 2732 942 2783 Vero,
995 2730 1178 2786 pugna
1211 2715 1326 2781 illa,
1401 2723 1456 2767 ιιι
1520 2711 1702 2781 lucta,
1769 2729 1875 2784 qua
1926 2714 2210 2771 nobiscum
2278 2724 2476 2782 certat,
2514 2718 2618 2780 vel,
2652 2733 2751 2790 per
2780 2720 3007 2787 bellum,
3042 2721 3159 2792 ipse
3187 2733 3368 2793 potest
3405 2727 3616 2781 daemor.

325 2817 665 2887 intelligi.ut
693 2810 1157 2884 quemadmodum
1208 2807 1352 2862 Deus
1402 2820 1527 2876 pax,
1563 2808 1642 2860 ita
1677 2807 1890 2861 daemon
1934 2808 2140 2863 bellum
2202 2810 2534 2881 appelletur.
2588 2811 2715 2868 Haac
2799 2815 2985 2869 omnia
3038 2816 3205 2887 igitur
3255 2834 3409 2874 arma
3470 2820 3615 2877 Deus

323 2912 554 2977 delevit,
587 2924 652 2964 ac
673 2907 881 2981 fugavit
906 2906 960 2961 itt
984 2920 1051 2960 eo
1087 2902 1333 2971 homine,
1377 2913 1542 2971 quem
1595 2899 1915 2957 exhibuisse
1945 2917 2006 2956 se
2058 2903 2352 2972 paciﬁcum
2404 2904 2789 2976 praediximus.
2868 2919 2923 2963 et
3002 2910 3374 2979 specv‘ationi
3435 2912 3614 2967 inten-

395 3025 471 3065 tn.

324 3021 673 3162 ωΦωτίζεις
711 3096 794 3150 σὺ
827 3088 1190 3162 θαυμαστῶς
1212 3088 1333 3144 ἀπὸ
1388 3091 1575 3159 ὁρέων
1629 3090 1904 3144 αἰωνίων.

2081 3085 2249 3143 Vsus.
2309 3086 2362 3141 5.
2415 3086 2699 3142 "luminas
2766 3099 2822 3141 tu
2881 3070 3204 3143 mirabiliter
3250 3106 3284 3141 a
3344 3093 3611 3146 montibus

331 3195 481 3263 Ὄρη
513 3192 713 3243 αἰώνια
742 3185 902 3240 καλεῖ
922 3184 1047 3246 τοὺς
1095 3180 1362 3254 οὐρανούς
1388 3196 1402 3212 ·
1428 3182 1530 3253 ὅρη
1571 3181 1670 3250 μὲν
1703 3179 1792 3234 διὰ
1859 3180 1919 3234 τὸ

329 3284 473 3354 ὕψος
500 3322 515 3347 ,
546 3281 743 3334 αἰώνια
776 3277 856 3330 δὲ.
891 3275 980 3329 διὰ
1012 3273 1073 3325 τὸ
1107 3273 1497 3342 διαρκέστερον
1548 3273 1645 3325 καὶ
1705 3288 1918 3341 μακρο-

324 3373 690 3451 χρονιώτερον
718 3370 820 3439 τῆς
848 3366 1060 3420 τούτων
1087 3364 1277 3427 οὐσίας
1308 3380 1321 3393 ’
1354 3363 1506 3432 λέγει
1545 3364 1602 3416 δὲ
1631 3364 1714 3416 ὅτι
1746 3362 1918 3434 φωτί-

327 3467 449 3531 ζεις
474 3462 615 3534 φωτὶ
644 3461 821 3533 χαρᾶς
873 3458 996 3521 τοὺς
1027 3458 1086 3511 ὲν
1136 3456 1318 3509 σκότει
1368 3454 1575 3523 λύπης,
1622 3454 1719 3508 καὶ
1779 3455 1920 3523 φωτὶ

325 3557 670 3629 ἀντιλήψεως
693 3556 821 3616 τοὺς
878 3553 936 3605 ὲν
959 3549 1147 3604 σκότει
1179 3548 1564 3616 ἀπογνώσεως.
1852 3541 1872 3565 ⁹

2022 3183 2256 3235 retentis.
2282 3181 2387 3234 Per
2421 3189 2644 3235 trternos
2677 3190 2879 3235 utentes
2914 3183 3086 3237 ccelos
3117 3184 3367 3253 intelligit
3402 3202 3419 3239 :
3462 3202 3606 3252 quos

2024 3280 2249 3341 propter
2303 3272 2649 3325 altitudinem
2717 3284 2932 3329 montes
3000 3284 3193 3340 vocat,
3258 3285 3313 3330 ct
3377 3286 3616 3332 aeternos

2024 3371 2250 3433 propter
2297 3363 2615 3418 diuturn::m
2665 3379 2853 3420 eorum
2907 3366 3293 3421 substantiam.
3326 3367 3613 3424 illuminas

2024 3463 2204 3509 autem
2244 3456 2364 3510 luce
2397 3454 2634 3515 laetitize;
2682 3471 2776 3510 eos
2823 3472 2954 3512 vero
3002 3458 3102 3513 hac
3156 3461 3276 3515 luce
3306 3459 3615 3528 illuminas,

2024 3546 2123 3617 qui
2172 3547 2227 3601 itt
2276 3548 2532 3602 tnmroris
2574 3546 2807 3617 caligine
2836 3549 3177 3604 oblenebrati
3219 3561 3348 3605 sunt
3378 3568 3393 3605 :
3423 3567 3613 3621 quem-

329 3659 627 3716 admodum
663 3661 879 3715 contra,
928 3648 1219 3720 splendore
1268 3646 1481 3713 auxilii,
1534 3655 1700 3717 atque
1733 3646 1856 3716 opis
1899 3655 2005 3698 tua:
2061 3659 2158 3700 eos
2209 3644 2376 3699 etiam
2428 3644 2696 3709 illustras,
2740 3644 2835 3716 qui
2904 3654 3042 3701 tetra
3114 3646 3316 3702 fuerint
3358 3654 3615 3719 despera-

328 3748 502 3806 tionis
529 3745 672 3800 nube
701 3740 1052 3799 circumdati.

416 3842 878 3913 Ἐταρὰχθησαν
910 3838 1136 3905 πάντες
1165 3838 1220 3891 οἱ
1251 3837 1542 3893 ἀσύνετοι
1572 3833 1646 3902 τῇ
1680 3833 1918 3902 καρδίᾳ.

328 3937 753 4009 ’Δναιρούμενοι
782 3930 1085 4001 ἀδοκήτως,
1136 3929 1529 3999 ἐταράττοντο.
1596 3926 1921 3992 ’Δσὺνέτους

328 4033 392 4087 δὲ
451 4030 650 4091 αὐτοὺς
674 4022 857 4086 εἶπεν,
888 4023 963 4103 ὡς
992 4022 1319 4093 θεομάχους.

411 4126 741 4177 ’Υπνωσαν
766 4118 965 4172 ὕπνον
990 4114 1210 4178 αὐτῶν,
1251 4113 1351 4167 καὶ
1379 4115 1491 4181 οὐχ
1513 4107 1693 4180 εὖρον
1717 4108 1919 4164 οὐδέν.

334 4215 751 4287 Ἑκοιμήθησαν
782 4210 883 4280 μὲν
923 4209 1062 4277 μετὰ
1090 4206 1323 4260 ἐλπίδων
1357 4205 1607 4276 μεγάλων
1626 4204 1676 4257 oi
1703 4202 1920 4272 πολιορ-

334 4307 566 4371 κοῦντες
592 4346 608 4371 ,
635 4305 734 4373 οὐχ
754 4295 915 4371 εὖρον
938 4299 997 4352 δέ
1019 4316 1072 4350 τι
1101 4290 1177 4350 ὧν
1214 4296 1647 4367 προσεδόκησαν.
1674 4294 1829 4347 Ἐστι
1862 4292 1918 4345 δὲ

335 4400 437 4456 καὶ
488 4397 662 4458 ἄλλως
691 4394 869 4447 εἰπεῖν
904 4407 918 4422 ·
959 4390 1043 4443 ὅτι
1085 4388 1272 4463 κύκλῳ
1320 4388 1448 4452 τοὺς
1503 4384 1733 4457 ἐχθροὺς
1793 4383 1919 4455 βλέ-

2074 3819 2323 3886 ’Τιινὸαιὶ
2350 3839 2474 3885 sunt
2501 3845 2679 3885 attines
2705 3831 3007 3900 insipientes
3037 3832 3214 3890 corde.
3267 3832 3349 3887 0b
3391 3834 3617 3903 inexpe-

2026 3932 2236 3980 clatum
2262 3923 2542 3977 interitum
2600 3922 2803 3976 turbati
2848 3931 3000 3984 sunt,
3052 3924 3378 3993 insipientes
3425 3938 3612 3980 autem

2027 4031 2126 4073 cos
2156 4015 2415 4086 appellat,
2460 4023 2722 4084 tanquam
2768 4014 2878 4069 Deo
2911 4016 3256 4089 resistentes.

2102 4105 2340 4161 Vsas.6.
2372 4103 2717 4158 Dormierunt
2753 4122 2995 4159 somnum
3018 4122 3194 4172 suum,
3232 4117 3283 4162 et
3315 4107 3450 4162 niln'l
3473 4110 3615 4163 inve-

2027 4211 2239 4258 nerunt.
2275 4201 2483 4270 Assyrii
2515 4200 2716 4258 milites
2745 4201 2837 4270 qui
2878 4199 3226 4266 obsidebant,
3267 4200 3613 4257 dormierunt

2029 4307 2246 4348 summa
2278 4306 2402 4347 cum
2453 4306 2573 4361 spe,
2620 4306 2806 4346 verum
2858 4292 2993 4346 nihil
3042 4307 3231 4347 eorum
3285 4292 3615 4349 invenerunt

2028 4401 2148 4454 quae
2176 4384 2592 4454 exspectabant.
2635 4382 2936 4439 Possumus
2966 4394 3021 4441 et
3050 4384 3208 4440 aliter
3231 4386 3436 4449 dicere,
3466 4389 3613 4455 quod

338 4505 538 4552 παντες
574 4488 625 4540 οί
664 4480 1146 4553 πολιορκούμενοι,
1208 4479 1304 4532 καὶ
1364 4477 1441 4548 μὴ
1498 4476 1772 4538 συνιέντες
1823 4473 1917 4528 τοῦ

2026 4475 2199 4531 Judaei
2230 4476 2321 4547 qui
2346 4476 2558 4531 obsessi
2594 4485 2754 4531 erant
2790 4477 2993 4533 turbati
3037 4488 3189 4545 sunt,
3224 4480 3354 4534 dum
3401 4480 3613 4550 aspice-

334 4582 478 4640 Θεοῦ
501 4581 603 4653 τήν
625 4579 878 4648 δύναμιν,
911 4572 1316 4646 ἐταράχθησαν.
1361 4569 1534 4624 Τοῦτο
1595 4571 1704 4641 γὰρ
1751 4569 1845 4623 καὶ
1891 4570 1925 4638 η

341 4678 563 4747 ἱστορία
620 4673 913 4729 διδάσκειο
985 4664 1107 4721 εἶτα
1158 4664 1536 4737 ἐκοιμήθησαν
1606 4665 1665 4718 ὲν
1749 4662 1927 4716 ἐλπίδι

339 4767 598 4828 ἁλώσεως
620 4779 635 4792 ⁸
675 4763 771 4818 καὶ
797 4761 859 4814 τὸ
886 4757 1031 4830 πρωῒ
1063 4758 1162 4827 οὐχ
1190 4750 1371 4828 εὖρον,
1393 4750 1467 4810 ὧν
1499 4755 1763 4826 ήλπισαν,
1805 4751 1927 4806 οὐδὲ

339 4859 607 4927 πολέμιζον
633 4895 650 4921 ,
672 4853 870 4909 ἑκατὸν
908 4850 1244 4921 ὀγδοήκοντα
1274 4846 1436 4901 πέντε
1472 4844 1729 4917 χιλιάδων
1767 4846 1925 4899 ἀναιι

341 4949 612 5022 ρεθεισῶν
634 4946 822 5016 εκείνη
854 4944 921 5016 τῇ
955 4940 1134 4997 νυκτί.
1160 4938 1274 5012 (79)
1335 4937 1410 4992 Τδ
1438 4939 1517 5003 δὲ,
1575 4935 1655 5007 Τῇ
1684 4936 1920 5005 καρδίᾳ,

340 5041 610 5113 παρέλκει
639 5038 715 5103 ὡς
745 5026 1062 5106 malum?!
1111 5033 1209 5087 καὶ
1276 5028 1593 5085 ὲπιτατικόν
1642 5030 1761 5083 ἐστι
1819 5028 1922 5098 τῆς

339 5130 661 5193 ἀσυνεσίας.

340 5225 530 5284 occisa
595 5222 824 5278 fuerint.
885 5220 1064 5280 Dictio
1120 5229 1337 5285 autem,
1401 5216 1594 5282 corde,

341 5317 713 5374 intensionem
741 5312 1036 5385 signiﬁcat.

417 5410 651 5475 Πάντες
679 5408 733 5462 οι
779 5405 997 5476 ἄνδρες
1054 5405 1160 5462 τοῦ
1207 5406 1478 5460 πλούτου
1511 5405 1638 5472 ταῖς
1704 5407 1922 5476 χερσίν

340 5499 570 5557 αὐτῶν.
596 5529 666 5540 —
694 5499 760 5553 Ol
789 5497 1006 5568 ἇνδρες
1035 5498 1144 5554 τοῦ
1172 5498 1468 5563 πλούτου,
1517 5497 1639 5552 ἀντὶ
1698 5498 1793 5552 τοῦ
1814 5538 1831 5562 ,
1862 5496 1924 5552 Οἱ

1668 5213 1921 5271 llebraici
1964 5214 2243 5274 idiomatis
2275 5234 2425 5275 more
2455 5219 2704 5276 abundat

2027 4580 2150 4626 rettt
2185 4570 2436 4625 inimicos
2477 4569 2533 4624 in
2581 4569 2839 4636 circuitu,
2867 4579 2921 4625 et
2962 4570 3177 4626 divinas
3207 4573 3350 4627 vires
3392 4573 3613 4640 ignora-

2026 4672 2172 4728 rent,
2198 4664 2455 4733 quodque
2485 4663 2615 4718 dum
2651 4664 2899 4730 captivos
2947 4679 3008 4720 se
3037 4665 3203 4735 paulo
3238 4674 3364 4735 post
3396 4667 3618 4722 futuros

2026 4770 2148 4811 esse
2178 4756 2605 4820 arbitrarentur,
2644 4763 2701 4811 ut
2748 4754 2867 4826 ipsa
2916 4756 3076 4813 docet
3121 4756 3372 4824 historia,
3420 4774 3620 4814 somno

2026 4850 2261 4919 correpti
2290 4850 2652 4916 dormierunt,
2685 4857 2741 4907 et
2775 4853 3359 4924 mane'expergel'acti.
3389 4868 3455 4909 ea
3499 4868 3615 4915 non

2027 4939 2280 4994 viderunt
2348 4956 2472 5011 qua:
2548 4938 2666 4997 ﬁeri
2730 4941 3048 5000 timuerant.
3111 4941 3369 5012 Quinimo
3435 4961 3621 5015 neque

2029 5032 2206 5098 ipsum
2259 5033 2424 5087 etiam
2481 5033 2810 5090 invenerunt
2884 5037 3199 5104 inimicum,
3272 5052 3398 5091 cum
3457 5038 3620 5092 unica

2032 5132 2192 5179 nocte
2238 5124 2307 5179 ad
2362 5134 2583 5180 centum
2645 5137 2701 5182 et.
2759 5129 3038 5200 octOginta
3119 5129 3289 5184 millia
3366 5129 3613 5184 hostium

2762 5241 2775 5276 :
2816 5223 2899 5277 vel
2954 5221 3217 5291 majorem
3285 5220 3617 5291 insipientia:

2104 5400 2297 5458 Omnes
2346 5403 2455 5459 viri
2484 5404 2788 5459 divitiarum
2825 5405 2879 5459 in
2928 5402 3172 5458 manibus
3218 5417 3423 5458 eorum.
3447 5399 3615 5456 Viros

2034 5497 2346 5553 divitiarum
2399 5499 2552 5565 dicit,
2588 5514 2685 5567 pro
2713 5499 2852 5553 viros
2892 5495 3103 5564 divites,
3141 5495 3609 5568 quemadmodum

1669 5674 1873 5740 Variae
1913 5674 2241 5739 lectiones.

420 5780 538 5855 (79)
576 5777 701 5834 Hac
740 5789 851 5831 non
873 5775 939 5831 ad
971 5789 1296 5850 praesentem
1325 5777 1682 5845 versiculum,
1714 5778 1810 5837 sed
1854 5779 1922 5834 ad
1966 5781 2303 5846 superiorem
2333 5781 2632 5840 pertinent.
