4064 6436
419 329 526 393 775

1583 312 1972 374 EUTHYMII
2020 308 2390 372 ZIGABENI

3587 293 3692 355 ’176

420 449 549 504 alibi
593 446 743 501 viros
785 441 1145 513 sanguinum,
1203 451 1301 507 pro
1355 433 1810 504 sanguino!entos.
1864 430 2008 484 Dicit

2127 427 2361 480 πλούσιοι
2397 441 2409 454 ·
2442 424 2517 486 ὡς
2547 423 2629 487 τὸ,
2663 420 2906 489 ’Ἄνδρες
2935 418 3218 488 αἱμάτων,
3251 416 3300 468 oi
3347 416 3692 484 αἱμοχαρεῖς.

417 541 587 612 igitur
614 535 756 607 quod
792 533 1003 604 Assyrii
1041 534 1301 600 putarant
1335 540 1462 581 esse
1509 539 1569 578 se
1622 521 1874 591 sequenti
1920 521 2008 572 die

419 637 711 691 habituros
761 631 816 684 in
852 625 1110 683 manibus
1143 638 1336 678 omnes
1387 618 1608 673 Judaeos
1655 617 1878 671 divites.
1912 613 2010 666 Vcl

421 728 580 781 aliter
617 724 864 779 :Omnes
897 719 999 774 viri
1058 715 1419 786 Assyriorum
1457 711 1652 765 divites
1695 707 2011 761 Judarorum

420 817 677 872 manibus
730 812 877 883 capti
928 820 1082 874 sunt,
1117 808 1212 878 qui
1249 803 1463 860 obsessi
1510 809 1669 856 erant
1699 801 1752 853 in
1784 797 2013 852 Jerusa-

418 909 550 962 lem.
581 904 715 957 Nam
754 917 878 957 cum
919 902 1294 970 interemptos
1327 894 1686 956 invenisstant,
1722 890 2014 959 capiebant

418 1015 516 1056 eos
544 1007 604 1052 ut
639 997 965 1068 spoliarent.

493 1089 660 1146 Vens.
687 1089 737 1143 7.
758 1087 831 1142 Ab
849 1083 1203 1154 increpatione
1232 1090 1344 1146 tua,
1367 1081 1507 1134 Deus
1530 1077 1719 1146 Iacob,
1746 1075 2011 1129 dormita-

419 1195 604 1242 verunt
657 1187 749 1255 qui
799 1183 1146 1238 ascenderunt
1189 1195 1370 1247 equos.
1423 1177 1528 1230 Per
1575 1171 2010 1241 increpationetn

422 1281 543 1344 Dei,
605 1279 932 1334 sententiam
992 1273 1248 1344 intelligit
1305 1271 1568 1324 adversus
1622 1265 1896 1327 inimicos,
1960 1268 2016 1314 et

420 1388 520 1443 per
572 1371 1038 1431 dormitationetn,
1091 1366 1286 1418 virium
1344 1361 1750 1416 remissionem.
1804 1356 2013 1410 Dissol-

421 1478 552 1517 vere
583 1462 730 1516 enim
769 1461 912 1513 vires
943 1471 1175 1513 somnus
1209 1455 1346 1508 solet
1377 1470 1391 1506 :
1432 1467 1530 1521 per
1562 1462 1831 1519 equorum
1887 1460 2016 1500 vero

426 1568 778 1616 ascensores,
808 1552 1060 1606 inimicos
1095 1553 1246 1619 ipsos
1280 1543 1684 1614 intelligit,-qui
1724 1542 1781 1595 in
1835 1555 2010 1610 equo-

423 1659 547 1700 rum
591 1642 970 1707 multitudine,
1002 1640 1204 1711 quibus
1257 1639 1312 1692 in
1366 1637 1512 1692 bello
1561 1633 1841 1705 przecipue
1893 1639 2015 1687 ute—

421 1739 650 1803 bantur,
682 1737 847 1791 nimis
887 1734 1253 1790 conﬁdebant.
1291 1729 1418 1786 Ideo
1478 1729 1610 1784 alibi
1643 1744 1658 1781 :
1693 1725 1767 1779 Hi
1792 1727 1846 1779 in
1878 1741 2014 1779 cur-

425 1832 594 1901 ribus,
625 1829 826 1899 inquit,
862 1836 910 1882 et
943 1827 1002 1880 hi
1028 1829 1083 1880 in
1109 1825 1255 1896 equis
1283 1823 1348 1878 ³³.

499 1920 667 1974 Vens.
709 1919 763 1972 8.
815 1917 895 1971 Tu
949 1916 1199 1970 terribilis
1233 1930 1310 1968 es.
1353 1912 1421 1965 Et
1456 1912 1575 1982 quis
1629 1911 1834 1965 resistet
1877 1909 2018 1965 tibi?

423 2013 554 2068 llaec
585 2012 752 2066 verba
787 2025 884 2080 per
914 2024 974 2065 se
995 2011 1131 2062 satis
1157 2007 1305 2060 clara
1343 2014 1496 2060 sunt.

498 2105 583 2156 Ea:
615 2111 738 2155 tunc
789 2102 875 2153 ira
923 2109 1040 2152 tua.
1091 2098 1204 2152 lloc
1248 2106 1350 2159 est,
1403 2111 1469 2149 ex
1523 2109 1587 2149 eo
1623 2101 1865 2163 tempore
1909 2107 2020 2162 quo

427 2195 721 2250 adversum
751 2203 802 2247 te
832 2191 1090 2246 dixerunt
1129 2189 1445 2257 blaspliema
1479 2186 1643 2241 verba
1679 2205 1692 2240 :
1745 2194 1802 2239 tu
1837 2194 2019 2237 tamen

427 2287 626 2342 dedisti
681 2284 762 2340 eis
817 2283 1156 2354 pwnitentia:
1209 2281 1410 2344 locum,
1454 2279 1607 2347 juxta
1661 2276 2020 2344 benignitatis

427 2388 534 2432 tua:
564 2378 759 2448 lvgem.
800 2373 914 2439 Vel,
949 2388 1012 2428 ex
1063 2383 1211 2439 tunc,
1254 2371 1525 2442 intelligo,
1571 2383 1671 2440 pro
1718 2368 1867 2432 olim,
1923 2383 2020 2422 seu

423 2471 658 2540 jamdiu.

503 2563 666 2617 Vens.
705 2562 759 2624 9,
796 2561 881 2614 10.
944 2559 1017 2613 De
1071 2558 1198 2612 coelo
1252 2556 1495 2610 auditum
1538 2555 2021 2624 fecistijudicium.

431 2655 628 2711 Audiri
667 2655 812 2708 enim
861 2652 1039 2707 fecisti
1075 2651 1144 2705 de
1199 2650 1338 2704 cmlo
1382 2651 1495 2717 jam
1545 2650 1745 2702 dictam
1802 2654 2028 2702 senten-

429 2748 585 2802 tiam.
639 2745 771 2799 Eam
828 2745 1032 2800 etenim
1090 2743 1146 2796 in
1199 2759 1286 2796 me
1331 2743 1492 2812 quasi
1531 2742 1584 2794 in
1637 2741 2020 2810 proplteticttm

431 2838 708 2909 quoddam
773 2851 1038 2907 organum
1115 2835 1430 2890 insonuisti.
1503 2833 1806 2888 Possumus
1855 2832 2021 2887 etiam

435 2933 552 2985 bzec
577 2931 743 2984 verba
779 2929 846 2983 de
875 2927 1058 2982 futuro
1090 2925 1391 2980 universali
1430 2925 1640 2994 judicio
1692 2925 2021 2996 intelligere.

430 3023 691 3077 Auditum
723 3022 867 3077 enim
901 3019 1035 3074 illud
1074 3019 1200 3074 fecit
1236 3018 1381 3073 Deus
1430 3019 1667 3073 humano
1701 3019 1911 3087 generi,
1958 3032 2025 3071 ex

2121 523 2285 590 Λέγει
2308 521 2362 574 δὲ
2387 520 2468 572 ὅτι
2491 519 2701 579 πάντας
2726 517 2854 578 τοὺς
2917 511 3208 573 πλουσίους
3245 507 3590 578 Ἰσραηλίτας
3649 509 3696 557 οἱ

2117 616 2398 683 Ἀσσύριοι
2472 611 2757 683 μονονουχὶ
2847 610 2970 670 ταῖς
3050 606 3238 676 χερσὶν
3331 602 3474 671 ἔχειν
3529 599 3700 670 ᾢοντο

2119 708 2238 779 μεθ’
2258 709 2475 778 ἡμέραν
2501 722 2513 736 ·
2554 706 2587 776 ἢ
2640 704 2735 757 καὶ
2768 700 3102 762 τούναντίον,
3129 699 3335 758 Πάντες
3363 695 3412 748 οί
3454 693 3700 746 πλούσιοι

2115 801 2225 854 τῶν
2285 799 2592 867 Ἀσσυρίων
2653 797 2770 858 ταῖς
2838 793 2995 864 χερσὶ
3039 792 3147 844 τῶν
3220 785 3699 858 πολιορκουμένων

2115 895 2384 960 ἑάλωσαν,
2413 896 2597 963 νεκροὶ
2629 890 2971 960 εὐρεϐἐντες,
3010 886 3104 940 καὶ
3136 882 3570 937 ὲσκυλεύθιισαν.

2185 1079 2333 1134 Ἀπὸ
2353 1074 2752 1146 ἐπιτιμήσεὼς
2775 1089 2914 1137 σου,
2939 1075 2970 1126 ό
2998 1072 3141 1135 Θεὸς
3171 1068 3391 1130 Ἰακὼϐ,
3447 1065 3703 1118 ἐνύστα-

2119 1172 2235 1237 ξαν
2264 1174 2317 1225 οἱ
2346 1168 2766 1231 ἐπιϐεϐηκότες
2791 1165 2916 1230 τοῖς
2950 1164 3179 1227 ἵπποις.
3217 1158 3570 1226 Ἐπιτίμησιν
3601 1157 3702 1226 μὲν

2117 1261 2268 1331 λέγει
2307 1259 2406 1330 τὴν
2427 1259 2570 1312 κατὰ
2601 1257 2707 1309 τῶν
2739 1254 3016 1324 πολεμίων
3059 1253 3353 1318 ἀπόφασιν,
3392 1247 3700 1316 νυσταγμὸι.

2118 1355 2175 1409 δὲ
2205 1354 2305 1423 τὴν
2334 1352 2577 1422 πάρεσιν
2611 1349 2710 1416 τῆς
2736 1347 3041 1416 δυνάμεως.
3059 1343 3274 1396 Ἐκλύει
3298 1342 3408 1410 γὰρ
3429 1341 3519 1392 τὸν
3549 1340 3702 1392 τόνον

2117 1449 2146 1500 ὁ
2209 1444 2547 1513 νυσταγμός.
2600 1439 3036 1506 Ἐπιὸεὸηκότας
3093 1436 3152 1489 δὲ
3199 1437 3308 1497 τοῖς
3352 1433 3543 1492 ἵπποις
3584 1428 3706 1482 εἷπε

2118 1539 2246 1600 τοὺς
2279 1537 2522 1606 ἐχθρούς
2563 1550 2574 1562 '
2603 1533 2679 1594 ὡς
2741 1532 2836 1583 ἐπὶ
2868 1530 2947 1598 τῷ
3009 1527 3321 1598 πολεμικῶς
3369 1522 3706 1586 ἱππάζεσθαι

2119 1628 2557 1700 τεθαρρηκότας.
2599 1620 2777 1703 Οὗτοι
2802 1624 2936 1692 γὰρ,
2977 1621 3165 1692 φησιν,
3199 1620 3266 1672 ἐν
3304 1617 3550 1686 ἅρμασι,
3608 1614 3722 1676 καί,

2121 1721 2290 1781 οὗτοι
2315 1724 2384 1776 ἐν
2410 1724 2644 1786 ἵπποις.

2193 1910 2277 1963 Σὺ
2319 1905 2574 1976 φοϐερὸς
2623 1900 2697 1963 εἴ,
2754 1901 2853 1956 καὶ
2923 1901 3015 1964 τίς
3072 1893 3502 1962 ἀντιστήσεται
3567 1905 3663 1943 σοι
3693 1905 3708 1917 ·

2123 2003 2296 2055 Τοῦτο
2329 2001 2519 2068 σαφές.

2195 2093 2342 2147 Ἀπὸ
2384 2095 2516 2146 τότε
2541 2092 2579 2160 ἡ
2605 2087 2752 2158 ὀργή
2788 2101 2930 2141 σου.
2967 2086 3066 2136 Ἐκ
3093 2083 3216 2136 τότε
3247 2081 3341 2148 ἀφ’
3362 2073 3422 2133 οὗ
3450 2075 3593 2130 κατᾶ
3613 2073 3709 2126 σοῦ

2124 2184 2566 2253 ἐϐλασφήμησαν
2593 2196 2609 2212 ο
2649 2179 2856 2241 ἐδίδους
2888 2177 2944 2229 δὲ
2968 2178 3154 2237 αὐτοῖς
3203 2173 3387 2243 χώραν
3421 2168 3713 2240 μετανοίας

2125 2277 2268 2330 κατὰ
2291 2277 2383 2330 τὸν
2414 2276 2582 2343 νόμον
2616 2273 2714 2343 τῆς
2747 2269 3120 2342 χρηστότητος
3157 2284 3252 2320 σου
3286 2284 3299 2296 ·
3370 2265 3404 2333 ἢ
3473 2263 3568 2314 καὶ
3628 2260 3713 2322 τὸ,

2123 2369 2262 2424 Ἀπὸ
2286 2369 2437 2434 τότε,
2469 2367 2654 2429 ἁπλῶς
2682 2365 2804 2418 ἀντὶ
2828 2362 2943 2428 τοῦ,
2981 2361 3173 2428 πάλαι,
3193 2357 3298 2430 πρὸ
3329 2356 3552 2409 πολλοῦ.

2202 2554 2304 2606 Ἐκ
2345 2549 2452 2604 τοῦ
2493 2545 2754 2616 οὐρανοῦ
2805 2545 3141 2612 ἠκούτισας
3195 2541 3420 2609 κρίσιν.
3465 2538 3577 2602 Τὴν
3619 2537 3717 2606 δη-

2126 2644 2395 2697 λωθείσαν
2444 2641 2720 2710 ἀπόφασιν
2771 2639 2836 2690 ἐκ
2879 2635 2972 2689 τοῦ
3015 2635 3248 2706 οὐρανοῦ
3290 2633 3564 2701 ἀκουστήν
3621 2647 3716 2700 μοι

2129 2737 2396 2806 ἐποίησας
2431 2734 2706 2804 ὲνήχησάς
2751 2749 2850 2801 μοι,
2876 2729 3072 2799 αὐτὴν,
3114 2729 3189 2789 ὡς
3218 2727 3494 2796 προφήτῃ.
3527 2724 3627 2795 Εῖη
3669 2724 3718 2777 δ’

2128 2830 2195 2884 ἂν
2237 2829 2331 2882 καὶ
2358 2827 2485 2896 περὶ
2513 2826 2615 2895 τῆς
2646 2823 2958 2893 μελλούσης
2988 2820 3227 2890 κρίσεως
3281 2819 3486 2870 ἐννοεῖν
3516 2817 3576 2869 τὸ
3613 2819 3716 2886 ρη-

2127 2925 2241 2987 τὸν,
2265 2922 2345 2974 ὃτι
2379 2918 2683 2988 ’Λκουστὴν
2707 2915 2972 2984 ἐποίησας
2995 2912 3165 2984 αὐτὴν
3189 2911 3356 2964 πᾶσιν
3383 2910 3695 2981 ἀνθρώποις

2129 3016 2216 3069 διὰ
2249 3015 2357 3068 τῶν
2383 3011 2764 3066 θεοπνεύστων
2791 3009 3035 3080 Γραφῶν
3060 3024 3155 3060 σου
3178 3021 3192 3037 ο
3217 3005 3293 3069 ὡς
3328 3000 3468 3059 εἶναι
3499 3004 3596 3058 καὶ
3645 3004 3718 3057 τὰ

430 3115 732 3184 Scriptnris
777 3113 984 3167 sanctis
1019 3131 1031 3166 :
1067 3120 1232 3181 atque
1266 3111 1369 3165 hoc
1411 3118 1588 3179 pacto.
1621 3125 1741 3178 quae
1773 3124 2014 3179 sequun-

2127 3109 2246 3178 ἑξῆς
2297 3105 2592 3161 ἀκόλουθα.

434 3217 544 3270 tur,
587 3205 1126 3276 consequentissimc
1153 3205 1298 3258 dicta
1332 3218 1456 3258 esse
1483 3203 1762 3258 videntur.

504 3298 668 3352 Terra
697 3298 932 3360 tremuit,
965 3305 1014 3350 et
1037 3296 1253 3366 quievit,
1278 3295 1406 3347 dum
1451 3304 1755 3364 exsurgeret
1780 3296 1834 3349 in
1859 3295 2015 3364 judi-

433 3391 513 3443 cio
567 3390 726 3454 Deus,
772 3399 826 3442 ut
869 3388 1042 3442 salvos
1095 3387 1284 3454 faceret
1337 3399 1638 3440 mansuetos
1689 3381 1864 3442 ter'mr.
1914 3389 2016 3443 Per

432 3491 658 3544 terram,
715 3480 1008 3556 humanam
1071 3477 1324 3548 intelligit
1367 3487 1663 3545 naturam,
1717 3477 1787 3531 ad
1849 3493 2012 3548 quam

433 3571 562 3625 alibi
621 3570 828 3625 dictum
879 3579 1007 3624 est:
1071 3567 1242 3622 Terra-
1277 3585 1354 3631 es,
1401 3578 1450 3621 et
1494 3568 1549 3621 in
1605 3577 1801 3622 terram
1834 3584 2018 3621 rever-

434 3663 564 3715 teris
619 3661 685 3714 ³⁸⁸.
737 3660 1019 3730 Prtecipue
1071 3669 1252 3713 tamen
1311 3674 1406 3713 eos
1451 3658 1605 3722 dicit,
1657 3659 1747 3730 qui
1802 3667 2020 3713 terrena

436 3753 677 3822 sapiunt.
703 3752 839 3806 Cum
874 3759 1194 3822 exsurgeret
1227 3751 1396 3820 igitur
1431 3749 1577 3805 Deus
1613 3751 1668 3804 in
1711 3750 2023 3806 universale

429 3845 736 3915 judicium,
805 3844 1134 3913 quieverunt
1208 3858 1404 3897 omnes
1475 3843 1773 3908 homines,
1829 3841 2024 3897 deletis

433 3946 604 4006 atque
628 3935 938 4006 .exstinctis
985 3936 1038 3989 in
1081 3945 1365 4004 posterum
1426 3935 1849 4005 quibuscunque
1907 3935 2029 3991 aliis

435 4029 714 4099 operibus.
771 4026 908 4082 Cum
957 4036 1284 4097 exsurgeret
1322 4036 1502 4082 autem
1553 4027 1922 4097 injudicium,
1972 4035 2032 4082 ut

433 4103 618 4176 iustos
647 4118 896 4173 homines
936 4120 1198 4182 salvaret,
1237 4134 1378 4190 quos
1428 4122 1585 4175 mites
1630 4121 1892 4190 appellat,
1935 4135 2028 4175 seu

436 4220 789 4280 mansuetos,
842 4215 973 4284 quia
1047 4211 1366 4281 proprium,
1431 4227 1496 4267 ac
1570 4213 1852 4282 peculiare
1935 4221 2022 4267 est
2059 4213 2446 4282 cujuscunque
2533 4212 2636 4266 viri
2689 4211 2860 4282 justi,
2921 4222 2979 4267 ut
3048 4213 3197 4267 mitis
3264 4214 3336 4269 sit
3398 4229 3464 4268 ac

435 4314 646 4360 suetus.

514 4402 656 4459 Vens
690 4405 776 4457 ll.
812 4403 1076 4470 Quoniam
1118 4404 1395 4473 cogitatio.
1427 4403 1656 4457 hominis
1685 4403 2025 4472 conﬁtebitur
2055 4407 2102 4465 ἰ)

438 4495 554 4547 tibi.
587 4493 698 4548 lloc
717 4496 924 4546 dictum
954 4504 1036 4547 est
1073 4494 1138 4547 ad
1175 4495 1424 4549 timorem
1459 4497 1512 4548 in
1548 4496 1618 4550 iis
1648 4495 2023 4560 excitandum,

439 4586 532 4654 qui
565 4585 882 4638 indolentia:
911 4585 1042 4638 vitio
1072 4586 1346 4640 laborant.
1373 4586 1530 4643 Tunc
1569 4588 1793 4649 etenim,
1827 4590 2024 4658 inquit,

439 4677 700 4743 cogitatio
736 4678 916 4729 omnis
949 4677 1210 4735 humana.
1263 4679 1534 4748 judicanti
1581 4679 1691 4734 Deo
1739 4695 1800 4735 se
1850 4681 2024 4750 ipsam

441 4769 756 4823 revelabit:
811 4768 1244 4839 Cogitatiom’bus
1281 4773 1480 4838 enim,
1543 4773 1720 4843 inquit
1785 4773 2022 4840 Paulus,

441 4861 580 4914 inter
603 4877 658 4914 se
685 4873 866 4915 mutuo
896 4863 1287 4930 accusantibus.
1324 4875 1370 4922 et
1393 4865 1808 4938 defendentibus,
1835 4869 1888 4926 in
1915 4869 2020 4940 die,

439 4969 544 5023 qua
567 4953 832 5023 judicubit
863 4957 1116 5011 Dominus
1147 4962 1351 5014 occulta
1371 4963 1637 5016 Itommum
1671 4965 1736 5018 ³³.

531 5136 598 5190 Et
627 5138 864 5208 reliquiw
899 5141 1258 5210 cogitationis,
1311 5143 1444 5196 diem
1474 5146 1667 5214 festum
1709 5159 1862 5218 agent
1906 5150 2020 5203 tibi.

446 5233 580 5301 Ipsa:
609 5232 773 5284 etiam
815 5231 1055 5285 minima:
1105 5233 1483 5304 cujuscunque
1513 5240 1862 5308 cogitationis
1905 5256 2029 5308 por-

449 5323 727 5385 tiunculae,
765 5321 913 5375 diem
951 5322 1148 5377 festum
1182 5326 1276 5380 tibi
1314 5335 1496 5396 agent,
1525 5329 1630 5384 hoc
1657 5339 1761 5391 est.
1789 5347 1847 5385 se
1880 5332 2029 5399 ipsas

447 5415 549 5468 tibi
601 5412 1055 5469 manifestabunt.
1112 5416 1406 5474 Festivitas
1463 5422 1609 5475 enim
1670 5423 1810 5476 nihil
1876 5423 2025 5477 aliud

447 5513 555 5570 est,
585 5520 747 5574 quam
782 5504 1081 5559 declaratio
1119 5523 1182 5561 ac
1231 5509 1602 5566 manifestatio
1631 5513 1780 5566 illius
1830 5512 2030 5566 soletn-

447 5597 660 5663 uitatis,
685 5598 842 5668 cujus
885 5597 1081 5653 festum
1123 5604 1454 5660 celebratur.
1487 5607 1661 5674 Agt'tll
1692 5605 1854 5674 igitur
1881 5606 2025 5659 diem

504 5775 711 5832 "Psal.
759 5796 870 5845 six,
898 5781 948 5836 8.
1028 5785 1071 5815 ³⁵
1100 5786 1236 5842 Cen.
1276 5804 1356 5853 ιιι,
1411 5788 1490 5841 l9.
1561 5787 1601 5816 ³⁵
1637 5785 1795 5840 Rom.
1834 5803 1890 5852 ιι,
1931 5786 2012 5841 16.

2198 3287 2290 3356 Γῆ
2331 3282 2621 3354 ἐφοϐήθη,
2655 3281 2753 3335 καί
2787 3281 3110 3350 ἡσύχασεν
3138 3281 3207 3334 ἐν
3239 3279 3321 3345 τῷ
3375 3279 3720 3348 ἀναστῆναι

2121 3384 2208 3446 εὶς
2238 3380 2346 3432 τὸν
2371 3377 2542 3440 Θεὸν,
2583 3374 2692 3428 τοῦ
2717 3372 2915 3428 σῶσαι
2950 3372 3185 3439 πάντας
3215 3371 3358 3436 τοὺς
3372 3373 3578 3440 πραεῖς
3601 3370 3718 3439 τῆς

2129 3475 2261 3546 γῆς.
2298 3475 2407 3542 Γῆν
2437 3472 2596 3526 καλεῖ
2637 3472 2816 3525 πάντα
2869 3469 3160 3542 ἄνθρωπον
3223 3473 3361 3541 πρὸς
3385 3471 3443 3523 ὃν
3473 3472 3714 3542 εἴρηται,

2127 3568 2210 3621 ὅτι
2237 3564 2329 3634 Γῆ
2351 3560 2424 3628 εἴ,
2467 3563 2566 3617 καί
2592 3565 2679 3628 εἰς
2739 3561 2857 3632 γῆν
2885 3563 3202 3630 ὰπελεύσῃ
3232 3579 3246 3596 ’
3277 3563 3512 3634 μάλιστα
3537 3563 3593 3615 δὲ
3624 3563 3720 3616 τὸν

2130 3658 2433 3730 φρονοῦντα
2464 3659 2632 3728 γήϊνα
2667 3674 2682 3688 ·
2711 3657 2768 3708 ὲν
2802 3657 2878 3726 τῷ
2896 3657 3201 3726 ἀναστῆναι
3234 3657 3364 3725 γὰρ,
3423 3659 3611 3728 φησὶν,
3635 3660 3720 3722 εἰς

2131 3752 2232 3822 τὴν
2269 3751 2534 3822 ῥηθεῖσαν
2572 3749 2861 3819 πάνδημον
2896 3750 3084 3821 κρίσιν
3117 3751 3207 3803 τὸν
3238 3750 3392 3812 Θεὸν,
3425 3753 3473 3803 οἱ
3497 3751 3718 3822 ἄνθρω-

2133 3860 2227 3896 ποι
2257 3843 2462 3905 πάντες
2479 3841 2788 3913 ἡσύχασαν,
2817 3859 2954 3894 κατα
2969 3841 3268 3912 ργηθέντος
3295 3842 3482 3896 λοιπὸν
3513 3843 3721 3907 παντὸς

2128 3933 2294 4003 ἔργου
2321 3949 2336 3964 ο
2369 3932 2675 4002 ἀναστῆναι
2712 3931 2767 3984 δὲ
2787 3933 2866 3994 είς
2903 3933 3108 4003 κρίσιν,
3141 3933 3235 3985 ἐπὶ
3266 3934 3341 4003 τῷ
3372 3934 3546 3988 σῶσαι
3582 3937 3721 3990 πάν-

2129 4045 2228 4090 τας
2281 4027 2409 4089 τοὺς
2459 4026 2762 4089 δικαίους·’
2803 4025 2935 4080 ίδιον
2989 4026 3100 4096 γὰρ
3150 4026 3364 4080 δικαίου
3420 4029 3622 4093 παντὸς
3683 4032 3720 4100 ή

2130 4119 2397 4189 πραότης.

3565 4232 3722 4271 man-

2203 4400 2334 4452 Ὅτι
2365 4398 2655 4468 ἐνθύμιον
2681 4396 3000 4464 ἀνθρώπου
3022 4395 3537 4467 ἐξομολογήσεταί
3591 4417 3718 4455 σοι.

2131 4492 2171 4544 Τ
2179 4492 2308 4544 οὖτο
2331 4491 2474 4560 πρὸς
2507 4489 2674 4557 φόϐον
2701 4492 2881 4542 κεῖται
2913 4489 3023 4541 τῶν
3055 4489 3402 4561 ἀναλγήτων.
3440 4495 3550 4547 Καὶ
3607 4497 3722 4564 γὰρ

2128 4585 2270 4648 τότε,
2307 4584 2463 4652 φησὶ,
2491 4583 2599 4634 πᾶν
2629 4581 2974 4652 ἀνθρώπινον
3005 4581 3265 4652 ἐνθύμιον
3317 4583 3482 4638 ἑαυτὸ
3512 4586 3723 4638 ἀνακα-

2130 4677 2291 4745 λύψει
2321 4693 2404 4729 σοι
2435 4674 2738 4737 δικάζοντι.
2788 4675 2990 4727 Ἄκουε
3039 4674 3134 4728 τοῦ
3204 4676 3446 4745 μεγάλου
3499 4677 3721 4730 Παύλου

2129 4771 2260 4839 περὶ
2287 4768 2485 4823 τούτου
2516 4768 2772 4842 λὲγοντος
2793 4791 2806 4803 ·
2831 4769 3071 4838 Μεταξὺ
3095 4769 3393 4843 ἀλλήλων
3447 4769 3571 4825 τῶν
3614 4774 3726 4825 λο-

2135 4861 2369 4939 γισμῶν
2426 4866 2945 4936 κατηγορούντων,
2994 4865 3028 4934 ἢ
3079 4865 3180 4920 καὶ
3210 4863 3724 4934 ἀπολογουμένων

2134 4963 2204 5015 ἐν
2224 4959 2436 5028 ἡμέρᾳ,
2468 4960 2568 5014 ὅτε
2595 4957 2789 5027 κρινεῖ
2820 4961 2853 5012 ὁ
2885 4958 3031 5025 Θεὸς
3057 4958 3133 5013 τὰ
3165 4957 3406 5026 κρυπτὰ
3458 4955 3580 5010 τῶν
3611 4957 3725 5010 ἀν-

2135 5053 2402 5122 θρώπων.
2542 5107 2555 5117 _

2207 5146 2317 5199 Καὶ
2380 5143 2824 5214 ἐγκατάλειμμα
2893 5143 3183 5211 ἑνθυμίου
3256 5141 3530 5211 ἑορτάσει
3595 5156 3720 5196 σοι.

2135 5236 2596 5307 Ἐγκατάλειμμα
2637 5238 2843 5290 νοεῖται
2897 5235 2958 5289 τὸ
3005 5235 3290 5305 λείψανον·
3347 5234 3596 5305 βούλεται
3661 5236 3725 5288 δὲ

2137 5331 2314 5382 εἰπεῖν
2346 5329 2429 5382 ὅτι
2460 5330 2557 5381 καὶ
2585 5326 2717 5380 αὐτὸ
2740 5328 2800 5380 τὸ
2829 5328 3169 5399 βραχύτατον
3196 5328 3386 5399 μόριον
3437 5329 3534 5380 τοῦ
3561 5327 3726 5380 ἐνθυ-

2141 5423 2395 5492 μήματος
2461 5422 2717 5489 ἑορτάσει
2797 5439 2921 5487 σοι,
2968 5423 3270 5484 τουτέστιν,
3318 5421 3576 5487 ἐπιδείξει
3637 5438 3728 5474 σοι

2138 5514 2300 5566 ἑαυτό
2323 5531 2335 5544 ⁸
2367 5513 2529 5584 ἑορτὴ
2569 5514 2678 5584 γάρ
2713 5513 2971 5579 ἐπίδειξίς
3006 5515 3125 5565 ἐστι
3175 5512 3270 5566 τοῦ
3319 5513 3728 5583 ὲορταζομένου

2138 5606 2488 5676 πράγματος.
2521 5607 2684 5660 Ὅθεν
2701 5607 2791 5660 καὶ
2815 5605 3112 5675 ἑορτάσει,
3130 5606 3251 5660 ἀντὶ
3274 5605 3367 5660 τοῦ
3390 5605 3727 5676 Θεατρὴσει,
