4064 6422
370 332 479 396 779

1635 332 2026 395 EUTHYMII
2060 332 2423 393 ZIGABENI

3543 337 3652 401 780

377 443 650 501 securitas
698 444 773 515 (et
807 459 968 500 omne
1017 444 1172 501 abest
1210 442 1713 514 impedimentum).
1756 441 1942 495 Coram

2069 443 2260 515 χεῖρας
2283 438 2522 496 ἐνταῦθα
2550 439 2649 504 τὰς
2676 439 2907 512 πράξεις
2937 438 3152 497 νοοῦσιν
3175 461 3189 477 ο
3217 444 3414 510 νυκτὸς
3447 446 3527 511 δὲ,
3563 448 3652 502 διὰ

370 552 430 591 eo
459 544 664 601 autem,
699 539 800 593 boc
828 545 934 602 cst,
968 537 1023 591 in
1060 537 1207 592 illius
1256 537 1575 606 praesentia,
1627 534 1723 604 qui
1760 548 1953 588 omnes

377 629 545 683 videt.
579 630 759 700 Aliqui
813 646 910 700 per
965 644 1183 693 manus,
1235 629 1484 683 actiones
1533 627 1871 697 intelligunt,
1905 634 1959 681 et

2061 533 2123 587 τὸ
2152 530 2462 596 λανθάνειν,
2493 532 2575 584 ὅτι
2605 530 2904 602 ὲξεζήτησε
2944 531 3036 586 τὸν
3075 532 3212 587 Θεὸν
3249 533 3337 587 διὰ
3374 534 3481 588 τῶν
3504 536 3646 603 ἁγα-

2067 623 2176 677 θῶν
2212 624 2465 696 πράξεων
2493 623 2776 678 λανθάνων
2796 625 2925 688 τοὺς
2948 625 3045 680 ἀνθ
3055 626 3294 698 ρώπους,

376 729 556 786 nocte,
612 736 710 790 pro
740 721 879 777 claui
914 734 978 774 ac
1016 720 1269 785 latenter,
1327 720 1400 773 ita
1435 728 1491 772 ut
1549 719 1863 788 exquisisse
1894 731 1954 772 se
1994 715 2163 771 Deum
2193 715 2426 770 afﬁrmet
2458 729 2557 784 per
2579 715 2758 773 bonas
2824 718 3095 786 actiones,
3134 721 3274 777 bene
3339 737 3406 777 ac
3448 736 3651 779 secun-

370 811 499 865 dum
531 811 785 866 virtutem
809 812 1111 884 operando,
1146 813 1285 868 clam
1320 819 1501 863 tamen
1533 818 1588 864 et
1616 811 1852 864 latenter
1883 811 1952 862 ab
1992 807 2332 864 hominibus.

443 905 639 959 Etuon
684 921 802 958 sum
835 906 1099 975 deceptus.
1149 902 1220 958 Et
1263 917 1389 957 cum
1439 901 1748 972 adjutorem
1800 901 1956 955 illum

2131 904 2238 958 Kal
2271 907 2384 961 οὐκ
2409 905 2757 979 ἠπατήθην.
2803 908 3068 975 Ἐλπίσας
3098 910 3282 983 εὑρεῖν
3311 908 3509 981 βοηθὸν
3548 911 3647 964 αὐ·

370 999 500 1054 mihi
537 999 653 1052 l'ore
685 1013 1020 1068 sperasscm,
1058 1004 1322 1066 concepta
1366 1010 1463 1065 spe
1503 994 1811 1051 frustratus
1847 1009 1942 1047 uor

2055 995 2171 1059 τὸν,
2204 998 2310 1051 οὐκ
2336 1000 2635 1071 ἡπατήθην
2662 1003 2784 1065 ταῖς
2827 999 3062 1066 ἐλπίσιν,
3095 1001 3295 1068 εἴτουν,
3335 1002 3440 1054 οὐκ
3488 1003 3650 1072 ἠστό-

368 1106 509 1147 sum.
553 1089 706 1145 Patet
749 1089 917 1160 igitur
963 1088 1160 1159 psalmi
1205 1086 1372 1141 verba
1403 1085 1609 1157 popqu
1646 1098 1961 1139 accommo-

367 1185 510 1249 dari,
541 1193 665 1254 post
715 1182 953 1238 reditqu
981 1196 1011 1237 e
1038 1181 1372 1252 Babylonica
1392 1179 1735 1249 captivitate,
1758 1194 1955 1250 quem.

366 1275 661 1330 admodum
726 1283 781 1328 et
855 1272 1019 1329 modo
1064 1273 1294 1327 cuilibet
1337 1285 1647 1342 congruere
1696 1278 1951 1339 possunt,

364 1368 513 1439 quia
548 1364 813 1435 periculis
847 1363 1095 1418 salvatus
1133 1361 1227 1416 sit.

432 1456 631 1512 Renuit
672 1453 940 1509 consolari
990 1454 1172 1506 anima
1208 1467 1348 1505 mea.
1379 1448 1503 1505 Non
1557 1456 1643 1506 est
1670 1451 1856 1521 ’passa
1889 1460 1952 1504 ut

363 1548 567 1618 aliquis
596 1545 1033 1601 consolationem
1065 1544 1307 1611 alI‘crret,
1356 1542 1506 1616 gravi
1544 1543 1805 1597 nimirum
1848 1541 1946 1598 do-

361 1638 477 1694 lore
505 1636 717 1691 all'ceta.

436 1728 599 1782 Vens.
633 1726 691 1781 4.
723 1724 932 1780 Memor
963 1726 1040 1795 fui
1074 1724 1192 1790 Dei,
1218 1736 1265 1779 et
1304 1726 1518 1782 [anulus
1545 1740 1684 1779 sum.
1713 1723 1947 1780 Unicum
1984 1739 2024 1794 Β

358 1818 491 1873 mihi
550 1817 605 1871 in
648 1817 819 1872 tantis
883 1818 1045 1872 malis
1103 1816 1209 1872 fuit
1261 1817 1533 1884 solamen,
1590 1817 1683 1874 Dei
1731 1816 1946 1873 scilicet

360 1910 648 1966 memoria.
683 1909 943 1979 Cogitans
989 1909 1137 1964 enim
1196 1910 1344 1980 quod
1388 1920 1576 1980 posset
1634 1911 1726 1965 ille
1761 1925 1844 1964 me
1876 1925 1945 1964 ex

356 2000 614 2054 omnibus
646 1998 906 2069 periculis
936 1998 1192 2065 liberare,
1228 2000 1626 2071 amplissimum
1672 2001 1797 2057 inde
1850 2015 1945 2056 ca-

357 2091 569 2162 piebam
598 2091 879 2147 solatium.

429 2186 497 2238 Et
527 2183 814 2238 meditatus
846 2201 961 2238 sunt
990 2193 1040 2238 et
1087 2183 1275 2250 defecit
1327 2184 1545 2252 spiritus
1589 2202 1756 2241 meus.
1785 2185 1941 2252 Quod

352 2278 443 2334 hic
501 2277 696 2333 Latine
752 2277 987 2348 legimus
1051 2275 1343 2330 Meditatus
1408 2294 1551 2343 sum,
1635 2279 1689 2331 in
1755 2276 1942 2333 Graeca

355 2369 593 2425 lectione
624 2368 861 2425 habetur
896 2368 1242 2439 ἠδολὲσχησα
1269 2386 1284 2433 ;
1313 2376 1396 2423 est
1427 2377 1608 2425 autem
1657 2368 1943 2439 ἀδολεσχίαι

353 2460 596 2530 prOpric,
634 2467 696 2515 ut
731 2459 862 2515 alibi
892 2459 1152 2525 diximus,
1197 2475 1378 2516 sermo
1413 2459 1756 2530 superﬂuus;
1800 2461 1945 2515 banc

356 2565 458 2606 nos
519 2551 892 2620 nugacitatem
943 2550 1127 2606 dicere
1178 2565 1497 2620 possumus,
1541 2552 1700 2620 juxta
1751 2552 1882 2606 illud
1925 2571 1938 2607 :

356 2640 731 2697 Narravcrunt
777 2640 911 2696 mihi
966 2642 1135 2712 iniqui
1185 2645 1540 2713 nugacitates,
1591 2644 1682 2697 sed
1732 2661 1837 2698 non
1886 2653 1943 2698 ut

351 2734 439 2786 tea:
471 2731 659 2785 tua":
693 2731 802 2799 (est
846 2731 1050 2785 etenim
1090 2732 1200 2786 illic
1249 2735 1299 2786 in
1323 2731 1512 2787 Gram
1551 2734 1737 2787 eadem
1775 2733 1942 2789 dictio

349 2822 690 2895 ἀδολεσχία.)
748 2823 1030 2892 Accipitur
1083 2823 1250 2877 etiam
1306 2840 1403 2892 pro
1452 2826 1806 2880 meditatione
1885 2835 1942 2881 et

349 2914 742 2981 sollicitudine,
776 2924 836 2969 ut
871 2915 958 2970 hic
992 2917 1065 2984 (et
1099 2916 1269 2986 aliqui
1300 2916 1504 2971 mitiori
1543 2917 1811 2973 vocabulo
1847 2934 1938 2972 ar-

347 3010 679 3079 gutationem
712 3008 1053 3077 interpretati
1115 3016 1266 3074 sunt,
1297 3008 1441 3079 quod
1484 3010 1723 3064 medium
1764 3010 1939 3081 quod-

2058 1106 2225 1160 χησα.
2255 1090 2426 1161 Δῆλον
2461 1088 2555 1147 οὖν
2575 1095 2658 1147 ὅτι
2697 1094 2837 1163 μετὰ
2860 1091 2962 1166 τὴν
3003 1094 3068 1146 ὲκ
3093 1093 3417 1156 Βαϐυλῶνος
3447 1095 3648 1148 ἐπάνο-

2057 1181 2148 1235 δον
2180 1182 2417 1255 ἁρμόσει
2462 1185 2639 1239 ταῦτα
2666 1184 2744 1256 τῷ
2771 1185 2909 1257 λαῷ,
2957 1186 3055 1240 καὶ
3082 1184 3187 1257 μὴν
3220 1186 3317 1241 καὶ
3370 1187 3534 1241 παντὶ
3565 1187 3648 1258 τῷ

2060 1274 2128 1328 ἐκ
2158 1275 2426 1330 κινδύνων
2451 1275 2842 1347 περισωθέντι.

2136 1456 2526 1526 Ἀπηνῄνατο
2570 1455 3036 1525 παρακληθῆναι
3099 1456 3138 1525 ἡ
3188 1455 3362 1525 ψυχή
3401 1472 3546 1526 μου.
3573 1487 3649 1497 -

2066 1546 2478 1616 Ἀπηνῄνατο,
2538 1547 2939 1619 ἀπηγόρευσεν,
2986 1546 3087 1600 οὐκ
3125 1546 3345 1613 ἐδέξατο
3390 1562 3645 1620 παρηγο-

2051 1636 2284 1706 ρηθῆναι
2315 1637 2374 1703 ὲξ
2404 1637 2739 1710 ἀνθρώπων,
2773 1637 2898 1692 λίαν
2932 1637 3350 1710 βαρυθυμοῦσα.

2138 1728 2490 1799 Ἐιινήονθην
2538 1732 2647 1786 τοῦ
2696 1731 2868 1798 Θεοῦ,
2922 1731 3023 1787 καὶ
3078 1733 3448 1801 εὐφράνθην.
3492 1730 3643 1787 Μίαν

2053 1820 2225 1891 μόνην
2260 1819 2408 1892 εἶχον
2455 1823 2832 1893 παράκλησιν,
2859 1823 2960 1895 τὴν
2999 1822 3095 1877 τοῦ
3149 1822 3284 1876 Θεοῦ
3321 1822 3545 1893 μνήμην
3583 1824 3643 1876 ὲν

2048 1910 2325 1976 τοσούτοις
2380 1915 2598 1975 κακοῖς.
2657 1913 3041 1983 Μνημονεύων
3112 1912 3223 1981 γὰρ
3283 1912 3365 1965 ὅτι
3415 1910 3641 1964 δύναται

2049 2002 2359 2071 ἀπαλλάξαι
2413 2021 2502 2074 με,
2533 2003 2978 2077 παρηγορούμην
3011 2003 3147 2077 (80).
3178 2004 3243 2055 Ὢ
3266 2004 3367 2074 τῆς
3414 2001 3641 2074 εὐπορί-

2051 2109 2179 2146 στου
2204 2092 2562 2165 παραμυθίας
2594 2096 2608 2149 l

2136 2185 2552 2256 Ἡδολέσχησα
2578 2187 2678 2245 καὶ
2701 2188 3134 2258 ὠλιγοψύχησε
3147 2186 3214 2242 τὸ
3237 2187 3476 2257 πνεῦμά
3496 2204 3634 2256 μου.

2062 2277 2378 2349 ’Λδολεσχία
2433 2279 2643 2350 κυρίως
2673 2280 2797 2351 μὲν,
2838 2281 2871 2350 ἡ
2916 2278 3307 2351 περιττολογία
3342 2280 3441 2335 καὶ
3465 2281 3641 2349 φλυα-

2049 2367 2163 2438 ρία,
2218 2367 2294 2431 ὡς
2342 2367 2437 2421 τόν
2499 2367 2881 2439 Διηγήσαντό
2903 2388 3006 2439 μοι
3040 2369 3380 2440 παράνομοι
3425 2368 3642 2425 ἀδολε-

2046 2458 2235 2527 σχίας
2259 2474 2275 2489 ·
2304 2460 2563 2513 τάττεται
2594 2459 2652 2513 δὲ
2691 2460 2787 2513 καὶ
2817 2462 2910 2513 ἐπὶ
2940 2460 3172 2534 μελέτης
3202 2461 3301 2516 καὶ
3332 2463 3636 2534 φροντίδος

2044 2549 2123 2614 ὡς
2168 2550 2263 2604 ἐπὶ
2314 2551 2410 2605 τοῦ
2460 2553 2752 2623 παρόντος.
2802 2553 3110 2624 Ἐμελέτων
3167 2554 3298 2627 γὰρ,
3354 2557 3543 2627 φησιν,
3579 2557 3640 2610 ὲν

2047 2643 2218 2714 αὐτῷ,
2253 2647 2348 2697 καὶ
2377 2646 2676 2715 ἐφρόντισα
2704 2644 2823 2710 πῶς
2862 2645 2929 2700 ἂν
2965 2647 3349 2721 άπαλλαγείην
3374 2648 3486 2703 τῶν
3536 2650 3639 2702 ἀλ-

2044 2735 2245 2803 γεινῶν
2272 2747 2287 2765 ⁸
2320 2735 2416 2788 καὶ
2452 2734 2529 2807 μὴ
2582 2735 2940 2803 εὑρίσκοντος
2975 2755 3077 2809 μου
3107 2738 3287 2805 λύσιν,
3335 2740 3637 2809 ἐστενοχω-

2047 2824 2247 2896 ρήθηή
2279 2824 2428 2897 ψυχή
2459 2844 2587 2898 μου.
2624 2826 2884 2881 Τοιοῦτόν
2912 2830 3028 2883 ἐστι
3083 2831 3178 2884 καὶ
3203 2830 3265 2883 τό
3312 2846 3328 2861 ·
3374 2831 3477 2885 Ἔν
3509 2831 3640 2897 ταῖς

2044 2917 2326 2984 ἐντολαῖς
2353 2935 2472 2973 σου
2499 2918 2906 2989 ἁδολεσχήσω
2932 2938 2948 2953 ο
2987 2922 3084 2975 καὶ
3120 2922 3183 2975 τό
3206 2939 3220 2953 ·
3238 2921 3302 2976 '0
3323 2921 3391 2975 δὲ
3414 2922 3640 2988 δοῦλός

2043 3026 2165 3065 σου
2221 3010 2555 3081 ήδολέσχει
2610 3012 2681 3067 ἐν
2734 3013 2863 3080 τοῖς
2925 3012 3290 3085 δικαιώμασί
3338 3029 3493 3069 σουο
3542 3013 3639 3068 καὶ

348 3074 473 3155 dam
511 3098 728 3154 videtur
784 3114 909 3154 esse
961 3099 1105 3153 inter
1151 3101 1548 3169 nugacitatem,
1594 3110 1649 3156 et
1698 3104 1933 3158 medita-

2046 3102 2222 3157 πολλὰ
2247 3074 2505 3157 *τοιαῦτα
2536 3105 2595 3159 ἐν
2627 3104 2705 3176 τῷ
2756 3074 2866 3179 pm"
2899 3074 3396 3178 ψαλμῷ-Λέγεται
3424 3107 3482 3162 δὲ
3516 3107 3640 3161 ἀδο·

344 3190 574 3256 tionem,
628 3200 682 3247 et
739 3192 962 3261 utrique
1015 3191 1404 3261 signiﬁcationi
1460 3192 1719 3249 facillime
1774 3210 1937 3266 posse

2044 3197 2257 3268 λεσχεα,
2320 3199 2417 3251 καὶ
2468 3201 2502 3271 ἡ
2553 3201 2866 3272 προσευχήο
2919 3200 2997 3264 ὡς
3025 3200 3087 3254 τὸ
3116 3200 3219 3271 τῆς
3253 3201 3492 3271 ¹Ἀννης·
3530 3199 3638 3256 Ἐκ

346 3283 805 3353 accommodari).
844 3285 1176 3356 Argutabar,
1221 3286 1423 3356 inquit,
1451 3294 1506 3342 et
1539 3287 1845 3344 meditabar
1880 3290 1937 3343 in

2044 3288 2322 3357 πλήθους
2356 3289 2731 3360 ἀδολεσχίας
2763 3309 2906 3362 μου,
2944 3291 3256 3360 ἐκτέτηκα.

345 3393 433 3433 me
458 3378 608 3449 ipse,
640 3384 694 3433 et
732 3377 1004 3434 sollicitus
1039 3377 1374 3449 cogitabam,
1418 3394 1660 3451 quonam
1692 3392 1853 3451 pacto
1885 3398 1914 3436 a
1956 3391 2108 3438 tanta
2157 3383 2420 3439 maestitia
2441 3384 2663 3440 liberari
2684 3399 2928 3456 possem.
2987 3384 3232 3455 Cumque
3283 3386 3637 3442 solutionem

344 3479 440 3524 aut
470 3469 717 3540 requiem
746 3470 952 3525 nullam
995 3471 1322 3538 invenirem,
1350 3472 1533 3527 anima
1569 3487 1689 3529 mea
1751 3475 2025 3544 angustiis
2061 3474 2305 3546 undique
2328 3475 2552 3531 detenta
2575 3485 2680 3532 est.
2736 3477 3021 3548 Ejusmodi
3082 3480 3249 3532 etiam
3316 3486 3425 3546 est,
3484 3478 3636 3548 quod

341 3563 469 3620 alibi
537 3563 769 3633 legimus
825 3577 841 3615 :
907 3559 975 3614 In
1032 3563 1302 3617 mandatis
1352 3564 1459 3618 tuis
1547 3565 1928 3622 meditabar“.
1970 3567 2103 3622 Item
2148 3585 2162 3623 :
2238 3565 2431 3623 Servus
2483 3576 2659 3624 autem
2715 3579 2837 3623 tuus
2897 3570 3262 3624 meditabatur
3305 3573 3359 3626 in
3427 3571 3637 3642 justiﬁ‘

340 3652 638 3708 eatiouibus
707 3653 812 3707 tuis
831 3651 877 3684 ”
933 3651 1171 3723 (tametsi
1232 3653 1464 3711 Latinus
1514 3656 1789 3728 interpres
1840 3672 2085 3731 persaepe
2150 3659 2473 3726 Emorcebar,
2540 3661 2861 3725 reddiderit,
2903 3677 2998 3717 seu
3046 3661 3390 3720 Exercitatus
3450 3672 3635 3734 sum);

342 3753 513 3807 multa
547 3749 847 3813 etiamalia
883 3750 1117 3805 inveniri
1145 3760 1380 3821 possunt
1413 3753 1468 3808 in
1496 3754 1713 3824 psalmo
1763 3770 1960 3812 cxvm.
2036 3758 2361 3816 Invenimus
2407 3761 2574 3815 etiam
2633 3759 2959 3831 ἀδολεσχίαν
2992 3761 3120 3830 poni
3176 3776 3276 3831 pro
3325 3763 3577 3817 oratione
3610 3780 3625 3816 :

339 3844 489 3899 unde
540 3844 610 3899 ab
663 3845 820 3897 Anna
869 3840 1080 3898 dictum
1130 3842 1364 3913 legimus
1408 3864 1421 3901 :
1464 3844 1532 3900 In
1587 3848 1929 3904 multitudine
1969 3852 2228 3908 orationis
2275 3869 2401 3908 mea:
2441 3851 2695 3908 contabui
2746 3853 2838 3909 δί
2872 3852 3087 3925 (eadem
3130 3857 3275 3909 enim
3334 3855 3505 3912 dictio
3553 3856 3629 3912 iT-i

343 3936 579 3993 habetur
609 3936 662 3991 in
696 3935 905 3991 Graeco.
943 3950 1042 4005 pro
1074 3937 1382 4006 oratione.)

408 4029 572 4086 Vens.
627 4031 681 4086 5.
742 4030 1120 4088 Ρνιευειιενιιηι
1166 4035 1442 4091 custodias
1471 4036 1612 4091 oculi
1674 4039 1796 4093 mei.
1829 4038 1934 4106 Qui

339 4123 684 4179 exercituum
718 4138 906 4177 curaui
942 4123 1169 4188 habent,
1202 4125 1382 4180 solent
1424 4128 1606 4184 noctis
1651 4130 1936 4185 custodias

340 4214 398 4270 in
431 4222 670 4284 quatuor
701 4222 890 4284 partes
920 4213 1189 4280 dividere,
1240 4227 1482 4287 quatuor
1527 4223 1936 4279 constituentes

338 4305 641 4373 custodias,
672 4322 812 4376 quas
838 4316 994 4362 certo
1036 4309 1233 4363 ordine
1274 4312 1570 4366 alternum.
1607 4309 1767 4367 Oculi
1796 4314 1927 4381 mei,

2109 4037 2639 4108 Προκατελάΰοντο
2691 4038 2972 4109 φυλακὰς
3022 4040 3078 4092 οἱ
3130 4036 3429 4107 ὀφθαλμοί
3485 4055 3626 4106 μου.

2037 4133 2101 4185 υἱ
2159 4130 2529 4201 φυλάσσοντες
2577 4132 2645 4184 τὰ
2706 4130 3088 4201 στρατόπεδα,
3169 4129 3477 4200 διαιροῦσιν
3544 4131 3626 4193 εἰς

2037 4223 2314 4297 τέσσαρας
2345 4223 2598 4293 φυλακὰς
2646 4223 2746 4295 τὴν
2797 4224 2971 4277 νύκτα
2995 4240 3010 4257 ο
3059 4221 3308 4286 πρώτην,
3343 4221 3626 4292 δευτέραν,

2039 4316 2135 4369 καὶ
2160 4314 2465 4386 τετάρτην*
2506 4315 2603 4367 καὶ
2658 4313 2954 4386 ἀμοιὸαδδν
2984 4313 3238 4384 ἀλλήλοις
3276 4312 3411 4366 αὐτὸ
3447 4329 3629 4382 παρα-

339 4398 541 4468 inquit,
572 4413 769 4454 omnes
822 4399 1003 4454 noctis
1026 4400 1310 4455 custodias
1367 4412 1778 4470 praevenerunt,
1807 4405 1930 4459 'IIOC

2044 4408 2265 4462 διδόασι.
2299 4408 2471 4478 Φησὶν
2493 4406 2611 4474 οὖν,
2635 4408 2718 4460 ὅτι
2745 4406 3113 4477 Προέφθασαν
3143 4407 3193 4459 οἱ
3215 4405 3490 4475 ὀφθαλμοί
3523 4422 3624 4475 μου

335 4499 442 4556 est,
475 4488 753 4559 viligando
781 4489 968 4543 omnia
1000 4490 1384 4546 custodiarum
1424 4500 1673 4564 tempora
1722 4511 1934 4566 prtere-

336 4588 558 4637 nerunt.
593 4579 731 4634 Cum
779 4580 921 4634 enim
967 4581 1287 4649 meditarer,
1331 4592 1388 4637 et
1433 4585 1708 4643 sollicitus
1731 4602 1931 4651 essem,

333 4672 569 4727 recessit
603 4671 673 4725 ab
703 4670 882 4726 oculis
915 4672 1054 4729 meis
1088 4687 1341 4731 somnus.
1378 4674 1478 4731 Vel
1528 4677 1689 4732 aliter
1722 4695 1736 4731 :
1770 4672 1931 4733 Oculi

334 4765 466 4828 mei,
521 4763 621 4819 hoc
683 4771 788 4829 est,
847 4763 1230 4823 observatores
1288 4776 1453 4838 atque
1518 4769 1731 4825 inimici
1792 4771 1926 4835 mei,

333 4870 527 4910 omnes
574 4864 963 4925 praevenerunt
1012 4858 1321 4923 custodias,
1374 4861 1596 4916 solliciti
1640 4861 1921 4928 nimirum,

334 4957 394 5000 ut
432 4947 550 5003 suis
583 4961 670 5003 me
706 4946 926 5003 insidiis
961 4949 1518 5019 comprehenderent.

405 5035 675 5092 Turbatus
697 5055 836 5106 sum,
867 5048 917 5094 et
951 5057 1053 5095 non
1081 5057 1200 5096 sum
1228 5041 1460 5097 locutus.
1523 5043 1931 5100 Aﬁlictionibus

331 5138 496 5197 atque
543 5131 814 5203 angustiis
867 5132 1136 5188 confusus
1185 5148 1331 5202 sum,
1373 5150 1560 5189 verum
1605 5135 1928 5207 bujusmodi

328 5220 653 5279 alllictiones
684 5223 931 5287 inimicis
977 5224 1116 5280 meis
1147 5240 1257 5280 non
1310 5226 1575 5294 revelari,
1613 5244 1683 5284 ne
1728 5228 1925 5299 majori

317 5313 722 5379 extollerentur
752 5313 965 5370 laetitia.

401 5403 561 5461 Vens.
605 5406 658 5462 6.
686 5406 927 5478 Cogitavi
990 5407 1101 5461 dies
1135 5409 1406 5479 antiquos,
1429 5419 1478 5464 et
1506 5426 1671 5464 annos
1697 5420 1922 5465 attentos

385 5576 431 5610 ³⁷
461 5577 610 5634 Psal.
638 5595 829 5647 exim,
862 5581 953 5636 85.
1020 5583 1068 5613 ⁸⁸
1091 5581 1231 5636 Ibid.
1258 5582 1348 5636 47.
1425 5584 1467 5617 ³³
1495 5585 1636 5639 Ibid.
1678 5585 1771 5640 ‘25.

2037 4501 2218 4564 πάσας
2244 4499 2344 4563 τὰς
2373 4501 2474 4569 τῆς
2517 4500 2714 4562 νυκτδς
2766 4498 3015 4567 φυλακάς
3037 4514 3052 4529 ο
3086 4496 3395 4563 τουτέστιν,
3454 4497 3623 4565 ἀγρυ-

2035 4591 2298 4656 πνοῦντες
2327 4591 2753 4663 προελάμϐανον
2783 4591 2913 4653 τοὺς
2939 4589 3170 4659 καιροὺς
3218 4589 3331 4641 τῶν
3364 4588 3620 4641 τοιούτων
3698 4583 3702 4587 ’

2030 4685 2332 4753 φυλακῶν⁹
2409 4682 2809 4757 μεριμνοῦντος
2867 4682 3014 4754 γὰρ,
3083 4681 3353 4750 ἀφίστατο
3424 4698 3528 4752 μου
3594 4685 3623 4735 ὁ

2030 4775 2222 4839 ὕπνος.
2260 4776 2332 4829 Ἢ
2365 4775 2688 4845 ὀφθαλμοὺς
2715 4774 2889 4844 λέγει,
2920 4773 3050 4837 τοὺς
3083 4772 3487 4844 ἐπιτηροῦντας
3520 4772 3621 4826 αύ-

2028 4859 2135 4922 τὸν
2157 4870 2424 4940 ἐχθρούςσ
2462 4872 2546 4924 ὅτι
2579 4868 3064 4941 Προκατελάὸοντο
3105 4867 3230 4921 κατ’
3260 4867 3399 4938 ἐμοῦ
3448 4867 3619 4937 φυλα·

2030 4961 2135 5025 κάς
2191 4964 2241 5016 οἱ
2266 4962 2602 5034 ἐπιτηρηται
2633 4979 2759 5032 μου.

2112 5051 2500 5121 Ἑταράχθην,
2538 5051 2640 5108 καὶ
2666 5054 2779 5107 οὐκ
2810 5051 3112 5121 ἐλάλησα.
3145 5051 3455 5124 Συνεχύθην
3487 5051 3609 5113 ταῖς

2027 5143 2314 5214 Θλίψεσιν·
2379 5144 2498 5199 ἀλλ’
2556 5145 2658 5199 ούκ
2711 5144 2954 5215 ὲξέφηνα
3007 5144 3214 5208 ταύτας
3275 5142 3415 5215 πρὸς
3485 5140 3615 5204 τοὺς

2028 5235 2286 5307 ἐχθροὺς,
2324 5237 2417 5291 ἵνα
2452 5236 2528 5309 μὴ
2560 5238 2658 5291 καὶ
2690 5237 2892 5308 μᾶλλον
2919 5236 3232 5308 ἐπιχαρῶσί
3271 5251 3397 5307 μου.

2096 5413 2535 5485 Διελογισάμην
2566 5414 2793 5486 ἡμέρας
2841 5415 3096 5487 ἀρχαίας
3136 5414 3236 5470 καὶ
3262 5414 3371 5481 ἐτη
3402 5414 3614 5468 αἰώνια

1862 5586 1906 5619 ⁸ο
1934 5584 1953 5639 I
1978 5585 2112 5656 Reg.
2139 5603 2177 5655 ι,
2218 5589 2305 5644 16.

1656 5677 1739 5738 Va
1751 5675 1856 5738 rite
1900 5677 2232 5741 lectiones.

394 5766 512 5838 (80)
554 5769 633 5824 Ad
670 5771 895 5827 verbum
932 5792 943 5828 :
976 5772 1223 5829 Animum
1257 5775 1522 5831 sumebant
1553 5791 1572 5832 :
1601 5792 1630 5830 ο
1671 5776 2057 5847 amplissimum
2085 5779 2375 5837 solatium!
