4064 6412
448 360 563 424 789
1616 366 2005 449 COMMENT.
2045 371 2129 432 IN
2162 373 2297 434 PSA
2309 378 2528 442 LMOS.
3596 392 3714 461 790

422 471 620 542 ’βελῶν
642 487 657 502 ⁸
688 470 828 542 πρὸς
847 470 904 523 δὲ
932 472 1027 525 καὶ
1057 472 1168 527 τῶν
1206 472 1511 545 ἀστραπῶν
1545 478 1827 551 εὑρήσεις.
1865 483 2026 556 Φωνὴ

2135 485 2264 540 olim
2311 492 2416 543 sub
2459 492 2725 548 daemonis
2770 495 3093 564 captivitate
3141 496 3545 567 detinebamur,
3611 508 3709 574 qui

432 563 492 618 δι
515 564 745 633 βροντῆς
785 566 815 618 6
844 562 1005 630 λόγος
1052 567 1149 621 τοῦ
1204 569 1572 638 εύαγγελικοῦ
1630 573 2020 645 κηρύγματος,

2131 591 2186 637 et
2232 584 2465 651 populus
2528 585 2646 655 cjus
2714 562 2968 653 dicimur,
3037 602 3090 645 et
3134 587 3235 645 filii
3273 562 3555 657 Jacob,et
3615 562 3715 652 io?-

439 656 521 718 ὡς
547 656 606 721 ἐξ
632 657 688 708 ού
700 657 867 726 ρανοῦ
900 659 1154 729 ἥκοντος,
1179 663 1276 716 καὶ
1305 663 1381 728 ὡς
1408 665 1638 737 στεῤῥοῦ
1670 669 1765 721 καὶ
1798 670 2027 735 ἐξακού-

2130 681 2261 746 seph
2316 695 2330 731 :
2398 678 2657 744 quoniam
2709 680 2765 733 iu
2811 681 2960 737 illius
3021 683 3223 738 veteris
3282 686 3467 754 populi
3529 686 3710 742 locum

440 763 571 800 στου
606 748 774 801 πᾶσιν
804 749 1115 817 ἀνθρώποις
1141 770 1158 786 ο
1186 753 1380 825 τροχὸς
1429 755 1488 808 δὲ
1520 760 1548 811 6
1590 759 1805 826 κόσμος
1844 760 1936 814 διὰ
1963 762 2026 816 τὸ

2126 770 2407 839 subrogati
2457 775 2621 838 atque
2659 767 2903 840 adoptati
2955 787 3149 827 smnus
3184 788 3200 826 :
3256 748 3499 844 qui-non
3537 776 3713 835 deno-

441 840 677 893 ᾶττατον
710 839 904 896 αὐτοῦ.
937 842 1278 911 Ἐσαλεύθη
1307 845 1376 899 δὲ
1420 845 1519 900 καὶ
1550 847 1838 920 ἔντρομος
1898 851 2026 920 ἐγε-

2128 862 2487 915 minutionem
2539 870 2747 925 tamen,
2801 863 2894 917 sed
2945 863 3592 933 bcnevolentiamcti‘om,
3647 884 3713 926 ac

438 931 596 997 νήθη
621 933 658 999 ἡ
689 931 791 999 τῆ,
824 933 898 997 ὡς
919 937 986 1027 ἐν
1002 933 1080 1005 τῷ
1102 936 1254 1004 αύτῷ
1283 936 1488 1009 ψαλμῷ
1524 939 1693 994 πάλιν
1745 942 2023 1012 ἐξηγησά-

2124 952 2582 1021 familiaritatem,
2630 969 2755 1025 quae
2805 970 2930 1009 cum
2978 955 3090 1011 Deo
3133 958 3242 1012 illis
3308 931 3710 1027 intercedebat,

440 1023 584 1092 μεθα
603 1038 617 1052 ·
641 1023 763 1087 ὅλος
792 1024 902 1095 γὰρ
927 1016 1083 1089 οὗτος
1110 1029 1137 1080 ὁ
1158 1027 1340 1098 στίχος
1367 1029 1463 1083 καὶ
1492 1031 1552 1084 έν
1585 1032 1784 1103 ἐκείνῳ
1815 1035 2019 1090 κεῖται.

2129 1046 2608 1112 lnercditavimus,
2643 1055 2702 1101 ut
2734 1048 2942 1102 dictum
2972 1058 3053 1104 est
3109 1050 3163 1103 in
3197 1050 3303 1106 fine
3337 1053 3531 1122 psalmi
3569 1067 3663 1108 xm
3693 1071 3707 1108 :

440 1115 549 1170 Ἔν
576 1113 651 1184 τῇ
696 1116 984 1186 θαλάσσῃ
1005 1117 1063 1171 δὲ
1088 1118 1128 1185 ἡ
1159 1118 1300 1186 ὁδός
1322 1134 1462 1187 σου,
1489 1123 1579 1177 ὅτε
1615 1124 1861 1194 ἀπῆλθες
1885 1126 2024 1197 προς

2132 1138 2389 1195 Viderunt
2423 1151 2472 1196 te
2502 1159 2674 1212 aqua’,
2715 1143 2877 1207 Deus,
2918 1144 3184 1213 quoniam
3208 1144 3422 1200 scilicet
3456 1147 3707 1201 navicu!a

443 1208 577 1271 τοὺς
609 1210 881 1281 μαθητὰς,
911 1211 1160 1276 πεζεύων
1196 1214 1382 1268 ἐπάνω
1444 1215 1545 1285 τῆς
1596 1215 1877 1288 θαλάσσης
1907 1233 1924 1249 θ
1962 1218 2024 1271 τδ

2124 1231 2422 1290 fluctuante
2450 1237 2723 1291 excitatus
2762 1253 2789 1289 a
2846 1251 3066 1303 somno,
3101 1246 3292 1293 ventos
3332 1224 3413 1292 et
3444 1253 3595 1293 mare
3628 1240 3712 1293 iu-

436 1300 573 1353 αὐτδ
592 1300 649 1354 δὲ
689 1302 858 1355 πάλιν
897 1304 1250 1373 σημαίνεται,
1283 1306 1380 1361 καὶ
1409 1305 1500 1359 διὰ
1529 1305 1626 1359 τοῦ
1656 1307 1785 1376 ἑξῆς
1808 1309 2018 1379 στίχου.

2121 1326 2389 1393 crepavil.
2448 1324 2548 1379 Tui
2610 1327 2755 1382 enim
2811 1328 3008 1383 timore
3062 1329 3247 1384 omnia
3307 1328 3498 1383 sedata
3558 1335 3708 1384 sunt.

438 1392 654 1446 ’Υδατα
692 1392 799 1467 γὰρ
827 1393 999 1447 πολλὰ
1024 1395 1087 1449 τδ
1119 1395 1284 1465 βάθος
1321 1397 1429 1451 τῶν
1452 1397 1689 1456 ὑδάτων.
1739 1399 1819 1454 Τὰ
1873 1399 2016 1470 ἴχνη

2121 1415 2271 1471 Illius
2322 1417 2483 1472 etiam
2527 1417 2925 1488 increpationis
2975 1419 3270 1473 formidine
3331 1428 3461 1474 tunc
3523 1419 3709 1491 abyssi

429 1503 551 1541 σου
578 1486 636 1540 δὲ
665 1486 734 1539 τὰ
764 1486 857 1540 ἐπὶ
879 1489 981 1558 τῆς
1014 1487 1291 1558 θαλάσσης
1329 1490 1401 1544 οὐ
1426 1490 1889 1559 γνωσθήσονται
1917 1507 1933 1523 ο
1953 1492 2018 1544 οὐ

2123 1508 2311 1573 maris,
2359 1517 2412 1560 ct
2432 1486 2742 1563 multitudo
2777 1510 2997 1565 sonitus
3051 1510 3321 1565 fluctuum
3358 1509 3561 1579 pariter
3594 1486 3712 1563 tur-

432 1578 784 1633 συνεστανται
806 1580 916 1651 γὰρ
934 1582 1056 1653 ἴχνη
1078 1581 1202 1634 καθ’
1227 1580 1445 1645 ὓδατος.
1473 1583 1630 1647 Τινὲς
1658 1582 1715 1636 δὲ
1738 1582 2017 1638 θάλασσαν

2122 1601 2244 1655 bata
2277 1609 2384 1656 est.
2411 1600 2610 1655 Vocem
2644 1609 2906 1671 praeterea
2944 1602 3118 1657 nubes
3166 1602 3460 1663 dederunt.
3488 1601 3712 1670 quando

428 1673 526 1726 τὸν
576 1673 693 1744 βίον
745 1673 1070 1740 καλοῦντες,
1094 1675 1185 1729 διὰ
1237 1677 1337 1745 τὴν
1396 1673 1580 1746 ἅλμην
1608 1675 1718 1729 τῶν
1753 1675 2013 1746 θλίψεων,

2121 1694 2174 1745 ἱιι
2207 1692 2689 1760 transﬁguratiune
2748 1693 2962 1748 Domini
3011 1709 3113 1748 vos
3164 1693 3233 1748 de
3285 1694 3434 1748 nube
3485 1694 3710 1747 veniens

430 1768 527 1820 καὶ
553 1767 612 1820 τὸ
635 1767 895 1822 ἀϐέϐαιον
926 1768 1020 1822 καὶ
1036 1769 1098 1821 τὸ
1126 1768 1435 1839 ἀνώμαλον,
1461 1772 1648 1839 φασιν,
1683 1768 1765 1824 ὃτι
1809 1770 1900 1823 Ἐν
1928 1771 2008 1842 τῷ

2119 1784 2304 1839 dixit:
2367 1784 2468 1838 Hic
2522 1794 2599 1839 est
2634 1783 2811 1838 Filius
2879 1802 3025 1840 meus
3082 1784 3306 1839 dilectus
3333 1783 3417 1850 M*;
3477 1791 3710 1854 possunt

434 1859 538 1932 βίῳ
584 1859 760 1932 τούτῳ
785 1858 941 1913 ἔσται
975 1861 1009 1931 ἡ
1074 1860 1323 1914 πολιτεία
1374 1877 1469 1914 σου
1507 1861 1650 1914 κατὰ
1699 1860 1799 1931 τὴν
1860 1862 2016 1916 ἐναν-

2115 1879 2276 1930 etiam
2312 1878 2610 1948 prophetze,
2641 1879 2799 1933 nubes
2837 1879 2967 1945 dici,
3000 1888 3058 1933 ut
3096 1881 3338 1934 diximus
3405 1878 3459 1932 in
3497 1879 3708 1947 psalmo

426 1954 753 2028 θρὼπησιν·
795 1953 935 2007 ἀλλὰ
966 1955 1036 2008 τὰ
1067 1954 1192 2025 ῐχνη
1228 1971 1347 2020 σου,
1379 1955 1664 2010 τουτέστιν
1697 1956 1750 2009 οἱ
1811 1956 2011 2028 τρόποι

2119 1984 2256 2033 xvu,
2297 1968 2389 2021 ubi
2431 1969 2596 2023 etiam
2633 1969 2701 2023 de
2734 1968 2951 2039 sagittis
2978 1967 3070 2024 Dei
3110 1968 3362 2032 traditur,
3403 1975 3457 2022 et
3487 1966 3555 2021 de
3594 1965 3705 2021 ful-

433 2047 537 2115 τῆς
569 2045 1044 2117 ὲνανθρωπήσεώς
1083 2062 1178 2100 σου
1200 2045 1605 2119 ἀκατάληπτοι.
1641 2049 1800 2115 Λαὸς
1821 2049 1878 2103 δὲ
1903 2049 2013 2104 τοῦ

2117 2073 2249 2125 gure
2278 2071 2375 2113 seu
2415 2059 2821 2114 cornscatione.
2859 2058 2975 2114 Vox
3011 2074 3139 2113 vero
3183 2058 3434 2120 tonitrui,
3466 2072 3704 2128 evange-

427 2142 699 2208 Πατρύςό
721 2141 867 2204 νέοςο
893 2141 1069 2195 εῐτουν
1094 2142 1122 2195 6
1146 2141 1555 2212 Χριστιανικος.
1573 2142 1830 2215 Χεὶρδὲὴ
1857 2159 2014 2213 χειρ·

2119 2149 2238 2201 Iicm
2289 2147 2698 2217 praedicationis
2754 2158 2836 2203 est
2892 2164 3076 2204 sermo
3132 2149 3356 2205 veniens
3417 2148 3485 2203 de
3540 2148 3705 2203 cmlo.

431 2231 651 2300 αγωγία
701 2232 850 2304 καὶὴ
875 2232 1139 2304 ὁδήγησις
1167 2232 1262 2285 τοῦ
1293 2233 1557 2303 Χριστοῦ,
1592 2235 1653 2297 ὃς
1689 2235 1808 2288 ἐστι
1832 2235 2004 2289 Μωῦ-

2119 2232 2346 2294 Validus
2379 2239 2523 2293 enim
2555 2253 2619 2294 ac
2651 2239 2946 2295 vehemens
2993 2247 3078 2295 est
3122 2250 3175 2295 et
3215 2240 3354 2296 adeo
3389 2247 3608 2296 resonat
3649 2247 3709 2293 ut

428 2323 533 2393 σῆς
566 2324 667 2395 μὲν
693 2323 771 2386 ὡς
801 2323 1104 2396 νομοθέτης
1130 2322 1224 2377 τοῦ
1250 2323 1616 2392 εὐαγγελικοῦ
1644 2324 1812 2395 νόμου
1830 2340 1844 2356 ο
1880 2326 2012 2379 Ἀα-

2121 2329 2190 2385 ab
2236 2332 2493 2388 omnibus
2548 2331 2796 2388 exaudiri
2862 2335 3058 2403 possit.
3128 2333 3230 2389 Per
3293 2344 3467 2387 rotant
3523 2341 3704 2387 autem

426 2414 540 2489 ρὼν
571 2415 651 2481 δὲ,
679 2415 756 2479 ὡς
797 2414 974 2485 μέγας
1020 2414 1336 2488 ἀρχιερεὺς,
1376 2414 1548 2481 θύσας
1611 2417 1809 2472 ἑαυτὸν
1868 2419 2019 2489 ὑπὲρ

2131 2425 2385 2480 mundum
2433 2440 2726 2496 possumus
2780 2427 3111 2498 intelligere,
3148 2427 3220 2481 ob
3270 2427 3391 2496 ejus
3442 2426 3736 2480 nimirum'

428 2508 526 2563 τοῦ
550 2507 685 2562 λαοῦ
717 2507 913 2564 αὐτοῦ.

2123 2516 2563 2573 instabilitatem.
2599 2517 2762 2572 Terra
2788 2518 2951 2573 etiam
2982 2526 3243 2573 commota
3269 2527 3365 2580 est,
3396 2527 3445 2572 et
3488 2529 3708 2572 contra

427 2608 583 2673 mit,
622 2622 689 2664 eo
717 2606 904 2673 modo,
940 2620 1052 2677 quo
1081 2606 1137 2661 in
1170 2604 1434 2677 praedicto
1498 2608 1709 2677 psalmo
1778 2623 1891 2666 xm
1957 2610 2379 2669 declaravimus.
2437 2614 2611 2669 Totus
2648 2609 2818 2676 ,οιιίιιι
2882 2613 2971 2669 hic
3030 2613 3331 2668 versiculus
3381 2613 3492 2667 illic
3537 2611 3705 2667 etiam

424 2700 676 2757 habetur.
715 2700 780 2755 In
814 2700 954 2755 mari
986 2702 1069 2754 via
1114 2710 1206 2753 tua
1234 2714 1255 2754 .'
1321 2700 1548 2769 quando
1586 2701 1800 2756 scilicet
1881 2702 2152 2759 Dominus
2228 2706 2464 2761 accessit
2496 2706 2562 2760 ad
2598 2704 2924 2774 discipulos,
2972 2706 3262 2760 ambulans
3304 2719 3471 2775 supra
3535 2719 3706 2759 mare.

423 2792 599 2861 Quam
679 2795 1175 2851 deambulatiouem
1251 2793 1597 2849 manifestius
1661 2793 2008 2863 exprimens,
2049 2797 2295 2852 subdidit
2334 2800 2679 2856 :Etsemita:
2707 2809 2812 2855 tum
2851 2800 2907 2853 in
2985 2799 3136 2869 aquis
3181 2798 3383 2862 multis,
3455 2797 3558 2852 hoc
3601 2803 3706 2856 est.

420 2892 476 2946 ii
509 2891 793 2961 profundis
821 2891 1081 2948 ﬂuctibus
1117 2907 1130 2944 :
1182 2898 1237 2945 et
1303 2888 1538 2961 Vestigia
1574 2898 1693 2955 tua,
1734 2905 1856 2960 quae
1896 2889 2029 2945 ﬁent
2072 2892 2128 2946 in
2186 2895 2327 2948 mari
2358 2911 2463 2949 non
2513 2906 2912 2967 cognoscentur,
2964 2911 3073 2951 non
3114 2899 3363 2965 perstant
3425 2891 3569 2947 enim
3616 2903 3712 2945 ve.

421 2983 584 3053 itigia
630 2983 684 3038 in
721 2999 887 3055 aqua.
919 2982 1103 3054 Aliqui
1141 2997 1239 3054 per
1271 2997 1444 3046 mare,
1497 2988 1823 3051 praesentem
1905 2981 2048 3039 hanc
2126 2985 2293 3040 vitam
2375 2986 2703 3058 intelligunt,
2762 2989 2929 3043 veluti
3010 2989 3319 3049 incertam,
3380 2982 3703 3053 inaequalem

330 3126 345 3141 ,
422 3083 590 3145 atque
618 3077 975 3139 amaram.ob
1006 3076 1184 3130 varias
1233 3089 1354 3145 qua:
1384 3074 1437 3128 in
1504 3088 1568 3128 ea
1631 3079 1760 3128 sunt
1801 3072 2124 3134 afﬂictiones
2184 3088 2239 3132 et
2309 3080 2667 3137 calamitates.
2726 3081 3007 3150 Aiuntqne
3090 3081 3233 3150 quod
3298 3079 3351 3133 in
3420 3077 3523 3132 hac
3570 3075 3704 3147 vita,

419 3170 527 3228 hoc
561 3182 664 3235 est,
696 3172 750 3226 in
782 3173 884 3227 hoc
914 3172 1143 3236 mundo,
1179 3178 1341 3227 erunt
1374 3170 1472 3224 viae
1501 3178 1631 3236 tum,
1670 3186 1702 3226 ο
1743 3170 1961 3226 Christe
1990 3186 2007 3225 :
2036 3171 2285 3228 actiones
2312 3174 2576 3229 nimirum
2608 3185 2908 3245 assumpta:
2948 3175 3155 3231 carnis.
3203 3173 3321 3227 Vita
3400 3177 3545 3229 enim
3633 3187 3700 3229 ac

419 3268 769 3323 conversatio
800 3275 892 3321 tua
938 3282 969 3322 a
1020 3266 1179 3321 nobis
1213 3264 1517 3330 videbitur,
1591 3279 1778 3319 verum
1851 3254 2081 3334 vestigia
2127 3276 2242 3334 tua,
2278 3269 2380 3323 hoc
2428 3280 2532 3334 cst,
2588 3270 2755 3340 hujus
2805 3279 2909 3325 tuae
2947 3266 3346 3324 incarnationis
3398 3266 3545 3321 modi
3599 3280 3710 3321 non

419 3368 843 3432 cognoscentur.
917 3359 1089 3414 Erunt
1160 3359 1308 3415 enim
1392 3358 2000 3428 incomprehensibilis.
2040 3361 2276 3430 Populus
2313 3363 2475 3420 etiam
2549 3363 2753 3429 Patris,
2811 3379 2990 3419 novus
3025 3372 3130 3427 est,
3180 3376 3235 3417 et
3288 3361 3463 3417 ﬁdelis
3544 3375 3714 3431 popu-

422 3459 532 3520 lus,
567 3458 780 3529 quipcr
808 3456 1115 3527 spiritualis
1146 3471 1211 3511 ac
1244 3454 1458 3527 mystici
1485 3455 1676 3525 Moysi,
1746 3464 1803 3512 et
1865 3458 2070 3523 Aaron,
2112 3458 2315 3514 Christi
2370 3460 2623 3517 videlicet
2659 3477 2902 3526 manum,
2958 3459 3009 3513 in
3057 3470 3262 3515 terram
3316 3463 3564 3512 sanetam
3616 3456 3715 3513 de—

420 3552 625 3609 ductus
653 3563 758 3612 est.
811 3553 999 3611 Potest
1045 3554 1190 3610 enim
1231 3552 1488 3609 Christus
1539 3559 1594 3607 et
1625 3550 1840 3624 Moyses
1872 3554 2002 3618 dici,
2048 3565 2309 3626 tanquam
2386 3558 2713 3630 evangelica:
2762 3557 2896 3629 legis
2966 3556 3209 3627 optimus
3262 3554 3588 3626 legislator:
3655 3553 3713 3607 et

417 3646 625 3714 Aaron,
679 3659 936 3717 tanquam
985 3648 1249 3718 pontifex,
1295 3649 1423 3718 quia
1465 3649 1712 3719 seipsum
1768 3650 1877 3707 Deo
1911 3666 2010 3721 pro
2048 3655 2252 3725 populo
2284 3672 2387 3712 suo
2417 3656 2742 3711 immolavit.

742 3740 991 3810 Ψαλμὸς
1019 3740 1337 3806 Συνέσεως
1365 3739 1446 3807 τῷ
1501 3740 1711 3811 Ἀσάφ.
2046 3750 2090 3809 c

1628 3740 1711 3811 iga.
2046 3750 2090 3809 ο
2604 3744 2927 3804 essurus
2970 3744 3233 3801 Lxxvn.

990 3835 1289 3890 ΨΑΛΜΟΣ
1324 3834 1444 3890 ΟΖ¹.
2547 3838 2595 3893 lt

2547 3838 2925 3909 lntelligcntia'
2956 3838 3058 3906 ipsi
3086 3834 3288 3905 Asaph.

499 3929 626 3983 Ὀτι
652 3930 926 3993 συνέσεως
951 3931 1113 4001 χρεία
1154 3932 1271 3993 τοῖς
1294 3932 1727 4001 ἐντυγχάνουσιν
1748 3947 1762 3963 ⁸
1824 3932 1901 3996 ὥς
1952 3951 2014 3988 τε

2191 3931 2519 3987 inscribitur
2550 3930 2931 4000 Intelligentia:
2960 3929 3051 3984 hic
3078 3928 3346 3998 psalmus,
3381 3925 3510 3995 quia
3543 3924 3710 3978 multa

420 4022 850 4093 διαγνωσθῆναι.
885 4024 983 4086 Τίς
1013 4041 1072 4077 τε
1102 4024 1130 4077 6
1157 4021 1358 4093 λέγων,
1382 4024 1479 4078 καὶ
1530 4027 1665 4095 πρὸς
1690 4024 1867 4090 τίνας,
1917 4026 2013 4079 καὶ

2122 4025 2282 4079 nobis
2311 4039 2448 4093 opus
2479 4031 2563 4079 est
2602 4020 2988 4092 intelligentia,
3020 4029 3080 4075 ut
3114 4019 3515 4089 intelligamus,
3558 4016 3713 4085 quis-

419 4114 559 4176 τέςοὸ
591 4114 757 4184 νόμος
780 4131 796 4181 ;
821 4114 988 4184 Λέγει
1055 4114 1157 4185 μὲν
1198 4115 1308 4187 γὰρ
1336 4116 1364 4168 6
1398 4114 1585 4181 Aa6i6,
1646 4115 1927 4187 προσώπῳ
1954 4116 2011 4169 δὲ

2122 4132 2247 4169 nam
2280 4117 2351 4171 sit
2407 4115 2502 4185 qui
2547 4115 2600 4169 in
2637 4130 2702 4170 eo
2746 4115 3027 4185 loquatur,
3078 4119 3133 4167 et
3191 4114 3413 4182 quinam
3475 4108 3588 4165 sint
3638 4109 3704 4163 ad

421 4205 518 4259 τοῦ
550 4205 791 4277 Χριστοῦ
850 4204 948 4260 καὶ
987 4207 1126 4277 πρὸς
1156 4207 1285 4269 τοὺς
1317 4205 1467 4276 αὐτῷ
1520 4205 1904 4270 πιστεύοντας.

2119 4219 2261 4275 quos
2297 4220 2481 4261 sermo
2514 4205 2810 4275 dirigatur,
2863 4210 2918 4257 et
2957 4216 3208 4272 quaenam
3257 4200 3346 4253 illa
3383 4199 3453 4253 sit
3480 4198 3591 4263 lex,
3638 4197 3707 4253 tle

423 4317 530 4369 qua
564 4301 651 4356 hic
685 4302 941 4358 traditur.
972 4302 1037 4355 Et
1061 4283 1329 4371 psalmum
1367 4302 1586 4373 quidem
1619 4304 1996 4372 conscriptum
2038 4311 2300 4372 putamus
2385 4318 2415 4358 a
2468 4302 2628 4358 beato
2700 4300 2890 4367 David,
2950 4312 3135 4353 verum
3188 4312 3253 4351 ex
3325 4294 3527 4352 Christi
3585 4309 3710 4365 per.

423 4410 559 4451 sona
581 4436 597 4463 ,
638 4410 950 4451 sermonem
986 4412 1144 4451 suum
1182 4397 1246 4451 ad
1285 4395 1472 4453 fideles
1501 4397 1846 4453 Christianos
1874 4400 2183 4471 dirigentis.

504 4491 869 4561 Προσέχετε,
900 4490 1052 4556 λαός
1109 4506 1248 4559 μου,
1290 4490 1397 4544 τὸν
1456 4491 1648 4560 νόμον
1685 4509 1825 4561 μου.
1878 4492 2018 4561 Φησὶ

2186 4492 2351 4546 Vens.
2399 4491 2449 4546 l.
2500 4487 2790 4550 Alléndite,
2818 4487 3039 4558 populus
3084 4499 3265 4551 meus,
3300 4483 3463 4553 legem
3514 4499 3706 4537 memn-

422 4582 739 4654 Ζαχαρίας·
788 4581 898 4637 Καὶ
944 4582 1423 4649 καταφεύξονται
1482 4583 1633 4649 ἔθνη
1691 4582 1895 4638 πολλὰ
1919 4584 2019 4637 ἐπὶ

2116 4586 2375 4656 Legimus
2421 4581 2565 4655 apud
2601 4582 2984 4636 Zachariam:
3039 4579 3107 4633 Ει
3164 4576 3466 4649 confugient
3523 4577 3705 4630 multa:

421 4676 533 4729 τὸν
559 4676 799 4743 Κύριον,
835 4675 934 4729 καὶ
963 4674 1211 4728 ἔσονται
1258 4673 1422 4740 αὐτῷ
1451 4676 1538 4739 εὶς
1600 4675 1775 4730 λαόν.
1833 4676 2020 4746 Νόμον

2114 4687 2289 4747 gentes
2347 4675 2417 4730 ad
2466 4674 2776 4729 Dominum.
2819 4682 2869 4726 et
2911 4682 3066 4728 erunt
3118 4673 3167 4727 ei
3214 4672 3267 4723 in
3306 4671 3583 4740 populum.
3628 4668 3707 4721 Ad

419 4767 477 4820 δὲ
505 4766 655 4835 λέγει
676 4765 770 4821 νῦν
795 4768 885 4820 τὸν
906 4766 1293 4835 εὖαγγελικὸν,
1310 4767 1441 4836 περὶ
1485 4758 1547 4819 οὗ
1566 4784 1734 4836 φησιν
1764 4767 2018 4831 Ἡσαΐας·

2120 4773 2266 4826 hunc
2317 4771 2481 4841 igitur
2536 4768 2801 4838 populum
2858 4783 2924 4822 ex
2984 4766 3238 4836 gentibus
3308 4769 3697 4833 congregatum

432 4859 533 4913 Ἐκ
564 4857 716 4913 Σιὼν
742 4858 1135 4923 ἑεε..ιεύσεται
1168 4856 1377 4923 νόμος,
1406 4857 1507 4919 καὶ
1547 4858 1735 4928 λόγος
1790 4858 2015 4927 Κυρίου

2123 4865 2379 4926 Christus
2411 4867 2679 4935 loquitur;
2707 4872 2763 4917 et
2800 4864 2973 4932 legem
3010 4877 3105 4914 eos
3140 4875 3246 4913 non
3283 4856 3582 4912 Mosaicam
3612 4869 3713 4907 au-

420 4951 493 5014 ἐε
522 4949 934 5020 Ἰερουσαλὴμ,
956 4951 1053 5004 καὶ
1079 4950 1275 5017 κρινεῖ
1296 4949 1414 5004 ἀνὰ
1426 4950 1625 5019 μέσον
1646 4951 1766 5016 τῶν
1796 4952 2009 5007 ἐθνῶν.

2123 4960 2240 5015 dire
2261 4961 2441 5032 jubet,
2468 4961 2562 5015 sed
2594 4958 2991 5029 evangelicum,
3024 4955 3090 5009 de
3121 4969 3225 5023 qua
3258 4952 3495 5022 loquens
3538 4946 3708 5001 Isaias

433 5040 762 5112 ’Δδιάφορον
790 5040 847 5094 δὲ
880 5043 963 5107 τδ,
1018 5041 1384 5110 Προσέχετε.
1425 5039 1562 5095 Τινᾶ
1588 5038 1645 5093 δὲ
1703 5039 1814 5115 τῶν
1863 5043 2015 5095 ἀντι-

2119 5049 2337 5104 dicebat
2370 5065 2384 5100 :
2451 5049 2523 5103 De
2556 5048 2687 5104 Sion
2730 5047 2891 5103 exibit
2929 5048 3012 5101 lca:
3040 5054 3088 5099 et
3126 5043 3332 5098 verbum
3381 5038 3594 5093 Domini
3644 5036 3708 5089 de

419 5134 656 5204 γράφων
696 5133 782 5199 Τῷ
812 5135 978 5204 νόμῳ
993 5152 1113 5204 μου
1144 5134 1442 5204 γράφουσι.

2120 5134 2446 5201 Jerusalem,
2483 5148 2531 5191 et
2578 5136 2844 5206 judicabit
2897 5137 2953 5189 in
3005 5132 3178 5187 medio
3231 5131 3462 5200 gentium
3506 5126 3578 5181 ⁴⁸.
3616 5125 3708 5179 Est

420 5237 608 5281 autem
640 5226 954 5283 indifferens
987 5227 1100 5283 [nec
1124 5227 1467 5284 constructio
1496 5227 1673 5292 verbi,
1711 5228 2011 5285 Atlendite:
2052 5231 2270 5287 tametsi
2304 5232 2557 5302 quaedam
2590 5229 2926 5302 esctnplaria
2961 5245 3068 5283 nou
3113 5225 3302 5296 Legem
3369 5237 3539 5277 meum
3607 5223 3710 5276 ha-

420 5324 612 5387 beant,
647 5324 741 5379 sed
772 5323 899 5396 Legi
936 5342 1085 5381 metu.

497 5416 759 5471 Κλίνατε
785 5417 851 5471 τὸ
890 5412 1002 5483 οὖς
1029 5417 1199 5488 ὑμῶν
1231 5421 1320 5484 εἰς
1375 5418 1449 5472 τὰ
1468 5417 1710 5487 ῥήματα
1736 5417 1843 5471 τοῦ
1873 5418 2013 5473 στό-

2183 5410 2448 5470 ἷητιὶηαιε
2485 5432 2671 5470 aurem
2702 5421 2927 5469 vestram
2957 5410 3011 5464 in
3044 5405 3201 5463 verba
3237 5405 3345 5458 oris
3389 5402 3510 5455 mei.
3565 5400 3705 5468 Sup-

415 5509 619 5579 ματός
634 5527 777 5579 μου.
809 5511 906 5576 T6,
935 5511 1217 5573 Κλίνατε,
1248 5511 1281 5584 ἢ
1316 5512 1507 5576 ἁπλῶς
1549 5512 1675 5567 ἀντὶ
1708 5513 1805 5566 τοῦ
1845 5513 2011 5567 Ὑπο-

2112 5512 2318 5582 ponite,
2378 5510 2581 5580 inquit,
2631 5522 2793 5562 aurcs
2844 5510 3055 5559 vestras
3110 5496 3352 5554 sermoni
3426 5506 3573 5596 tneo.
3621 5492 3706 5596 vel

417 5598 632 5666 τίθετε,
668 5601 846 5672 qam
878 5602 1001 5665 τοῦ.
1035 5604 1435 5673 Μετανοήσατε
1478 5605 1587 5658 ἀπὸ
1626 5604 1736 5669 τῶν
1762 5606 2012 5676 ἀνοήτων

2115 5610 2325 5657 mutate
2360 5615 2527 5657 aures
2556 5607 2772 5654 vestras
2809 5596 2878 5653 ab
2905 5593 3054 5651 inani
3080 5603 3360 5649 sermone.
3391 5584 3459 5640 ab
3499 5584 3702 5653 ineptis

420 5693 821 5765 ἀκουσμάτων,
853 5696 946 5755 ἐπὶ
973 5698 1043 5750 τὰ
1076 5696 1418 5765 εὐαγγελικὰ
1443 5697 1803 5769 κηρύγματα.

1163 5696 1418 5765 ιγγελικὰ
1443 5697 1803 5769 κηρύγματα.
2108 5693 2308 5749 fabulis
2342 5691 2410 5748 ad
2454 5689 2768 5762 Evangelia.

491 5871 544 5911 “
575 5872 774 5931 Matth.
811 5882 896 5945 ω,
927 5875 1015 5931 17.
1103 5874 1151 5908 ⁸⁸
1177 5872 1284 5932 lsa.
1322 5890 1384 5943 ιι,
1417 5876 1473 5931 5.
