4064 6428
497 339 608 404 ’195

1731 347 2119 409 EUTlIYMlI
2170 349 2535 410 ZIGABENI

3633 355 3744 417 796

574 451 642 508 Et
670 453 845 523 ﬁdelis
873 473 974 511 non
999 456 1101 526 fuit
1125 473 1243 513 cum
1280 458 1386 514 Deo
1410 461 1631 529 spiritus
1663 462 1797 531 eius.
1848 464 1914 518 Et
1956 467 2049 535 api

2245 465 2355 521 Kal
2393 468 2504 521 οὐκ
2541 466 2839 537 ἐπιστώθη
2880 466 3029 522 κατὰ
3073 465 3178 521 τοῦ
3224 466 3373 519 Θεοῦ
3406 464 3472 518 τὸ
3513 466 3754 536 πνεῦμα

491 544 636 600 ritus
670 544 789 612 ejus
834 550 1246 618 generationis,
1306 553 1519 623 inquit,
1582 555 1693 610 Deo
1745 557 1904 612 ﬁdem
1963 573 2070 612 non

493 637 771 705 praestitit,
807 654 907 693 nec
933 639 1081 695 illius
1109 643 1339 698 credidit
1378 648 1755 703 sermonibus.
1787 648 1890 703 Per
1911 649 2074 719 spiri-

494 735 607 782 tum
640 744 788 791 vero,
825 731 1038 787 animos
1069 749 1259 789 eorum
1291 737 1566 806 intelligit.

566 817 729 875 Vens.
768 819 822 876 9.
858 820 987 876 Filii
1019 822 1276 891 Ephraim
1304 827 1636 881 intendente:
1682 839 1734 882 et
1763 828 2069 899 jaculautes

487 927 641 987 arcu,
666 915 900 968 conversi
931 924 1056 969 sunt
1085 917 1137 971 in
1173 919 1258 972 die
1300 918 1447 973 belli.
1481 919 1747 990 Ephraim
1786 922 1891 978 fuit
1922 924 2068 978 ﬁlius

484 1000 710 1073 Joseph.
747 1005 949 1063 Tribus
981 1016 1163 1063 autem
1200 1009 1459 1078 Ephraim
1497 1028 1609 1081 prae
1643 1013 1859 1070 caeteris
1891 1014 2069 1069 tribu-

376 1170 389 1175 '
488 1090 593 1146 bus
621 1108 749 1149 arcu
785 1096 1045 1152 utebatur
1075 1116 1088 1152 :
1118 1099 1184 1153 ad
1214 1101 1450 1169 gerenda
1493 1105 1659 1158 etiam
1704 1105 1841 1160 bella
1868 1120 2065 1173 magno

489 1188 613 1240 usui
641 1193 796 1250 erat,
832 1189 976 1244 unde
1012 1191 1227 1247 celebre
1258 1193 1362 1249 sibi
1399 1209 1602 1250 nomen
1642 1205 1954 1266 paraverat.
1986 1198 2065 1252 Ad

485 1276 603 1332 haec
625 1280 808 1335 omnia
845 1282 994 1337 illius
1031 1283 1195 1338 etiam
1224 1283 1427 1340 famam
1462 1288 1717 1365 augebat,
1746 1287 1894 1355 regio
1927 1289 2065 1357 ipsa,

485 1381 608 1434 qua:
656 1370 704 1424 ei
763 1371 814 1424 in
882 1381 1087 1428 sortem
1141 1375 1456 1435 obvenerat.
1516 1378 1699 1434 Prima
1763 1379 1908 1433 cnim
1975 1380 2064 1435 illa

485 1474 671 1516 arcam
703 1473 756 1518 et
790 1466 1089 1520 testimonii
1128 1468 1547 1524 tabernaculum
1601 1485 1629 1525 a
1663 1471 1846 1542 Moyse
1880 1472 2068 1527 confe-

481 1560 629 1607 ctum
663 1557 928 1626 suscepit.
969 1558 1104 1613 Nam
1139 1560 1255 1615 Silo
1282 1563 1372 1617 ubi
1402 1578 1529 1618 arca
1564 1564 1776 1619 Domini
1816 1565 1908 1620 diu
1941 1566 2061 1630 luit,

479 1654 534 1700 ct
565 1646 1001 1716 tabernaculum,
1038 1651 1104 1706 ad
1139 1662 1343 1709 sortem
1377 1657 1557 1711 tribus
1603 1655 1858 1726 Ephraim
1895 1658 2089 1726 perii:

2173 558 2384 627 αὐτῆς.
2421 559 2532 613 Καὶ
2564 562 2627 614 οὗ
2672 560 2862 615 πιστὸν
2910 560 3134 629 ἐγένετο
3165 559 3303 626 πρὸς
3345 559 3437 611 τὸν
3465 559 3620 622 Θεὸν,
3657 561 3751 614 καὶ

2175 648 2312 719 πρὸς
2364 650 2491 714 τοὺς
2527 651 2623 704 τοῦ
2669 651 2808 705 Θεοῦ
2849 651 3068 721 λόγους.
3112 650 3339 719 Πνεῦμα
3377 649 3434 702 δὲ
3466 647 3563 702 νῦν
3599 649 3749 719 λέγει

2174 739 2275 810 τὴν
2312 740 2517 814 ψυχήν.

2253 833 2372 887 Υἱοὶ
2403 835 2645 905 Ἐφραίμ
2666 835 3033 901 ἐντείνοντες
3052 834 3151 889 καὶ
3165 835 3509 900 βάλλοντες
3527 837 3747 901 τόξοις,

2169 922 2569 993 ἐστράφησαν
2621 926 2693 980 ἐν
2754 928 2945 997 ἡμέρᾳ
2999 931 3289 995 πολέμου.
3335 927 3400 979 Ἥ
3459 925 3600 997 φυλὴ
3650 927 3746 979 τοῦ

2180 1014 2422 1087 Ἐερραῖμ
2450 1018 2568 1072 υίοῦ
2611 1018 2812 1089 Ἰωσὴφ
2840 1061 2854 1084 ,
2909 1018 3247 1091 τοξικωτέρα
3295 1018 3399 1071 τῶν
3440 1017 3615 1071 ἄλλων
3652 1013 3742 1089 ἦν,

2168 1108 2261 1160 καὶ
2289 1108 2347 1161 ἐν
2380 1110 2640 1179 πολέμοις
2672 1113 3099 1183 χρησιμωτέρα,
3130 1111 3227 1165 καὶ
3258 1109 3513 1166 ἐντεῦθεν
3542 1111 3743 1179 ἐπίση-

2170 1217 2272 1269 μος
2300 1217 2316 1232 ·
2353 1201 2452 1272 οὐχ
2493 1203 2697 1275 ἥκιστα
2740 1205 2798 1257 δὲ
2841 1200 2909 1274 ἦν
2941 1204 3182 1274 ἔντιμος,
3211 1204 3288 1267 ὡς
3325 1206 3383 1257 ἐν
3421 1207 3535 1267 τοῖς
3570 1204 3742 1276 ὁρίοις

2166 1291 2267 1359 τῆς
2297 1292 2788 1363 ἀποκληρωθείσης
2821 1296 2958 1365 αὐτῇ
2999 1295 3102 1364 γῆς
3138 1293 3512 1365 ὑποδεξαμένη
3543 1296 3735 1366 πρώτη

2166 1380 2265 1453 τὴν
2322 1384 2570 1449 κιϐωτὸν,
2608 1387 2704 1439 καὶ
2738 1388 2838 1458 τὴν
2874 1387 3081 1457 σκηνὴν
3128 1389 3222 1441 τοῦ
3277 1388 3580 1458 μαρτυρίου
3640 1388 3741 1459 τὴν

2167 1478 2720 1531 κατασκευασθεῖσαν
2778 1480 2886 1532 ὑπὸ
2927 1481 3190 1542 Μωσέως.
3254 1480 3320 1533 Ἥ
3371 1481 3481 1550 γὰρ
3539 1481 3740 1550 Σηλὼμ

2169 1564 2302 1617 ἔνθα
2335 1561 2403 1636 ἦν
2431 1568 2463 1637 ἡ
2495 1566 2728 1629 κιϐωτὸς
2758 1568 2853 1620 καὶ
2881 1568 2913 1638 ἡ
2955 1569 3128 1638 σκηνὴ
3172 1568 3272 1637 τῆς
3330 1566 3740 1637 Ἐφραῖμίτιδος

2168 1656 2347 1727 φυλῆς
2379 1659 2538 1728 μερὶς
2579 1656 2671 1729 ῆν.
2713 1659 2862 1728 Αὕτη
2899 1660 3080 1713 τοίνυν
3112 1661 3146 1730 ἡ
3181 1659 3512 1730 περιϐόητος
3544 1661 3601 1712 ἐν
3637 1659 3744 1729 μά·

479 1739 662 1792 nebat.
698 1738 824 1795 Haec
870 1742 1039 1812 igitur
1090 1746 1289 1810 tribus,
1327 1762 1450 1814 quae
1493 1748 1790 1816 aliquando
1834 1749 1888 1802 in
1921 1749 2049 1808 bcllc

2165 1765 2320 1817 χαις,
2359 1750 2565 1821 ἡττήθη
2598 1749 2687 1803 διὰ
2721 1750 2821 1820 τὴν
2851 1749 3301 1821 εἰδωλολατρείαν
3340 1749 3530 1818 αὐτῆς.
3551 1751 3621 1804 Ἣ
3643 1748 3741 1803 καὶ

478 1836 589 1885 tam
639 1833 873 1892 celebris
926 1836 1050 1903 fuit,
1091 1839 1161 1895 ob
1212 1839 1541 1895 idololatriae
1590 1842 1773 1897 scelus
1824 1844 2046 1896 tandc-n

2162 1814 2391 1909 ulla)“.
2430 1814 2565 1897 duo
2603 1814 2807 1913 ταύτης
2857 1845 2957 1913 τῆς
3011 1814 3235 1911 φυλῆςή
3306 1841 3381 1905 ὡς
3435 1814 3739 1910 τῆνικαῦτα

478 1926 773 1994 pugnando
813 1939 1094 1998 superata,
1121 1946 1186 1985 ac
1224 1932 1438 1986 devicta
1469 1942 1574 1987 est.
1605 1932 1701 1988 Vel
1743 1934 1924 1998 aliter,
1962 1950 2058 2003 per

478 2015 619 2070 tzanc
646 2016 874 2085 tribum,
908 2035 1031 2088 quae
1070 2022 1283 2078 viribus
1328 2023 1642 2091 praestabat,
1673 2039 1866 2079 omnes
1918 2026 2055 2080 alias

475 2107 655 2164 tribus
686 2108 957 2178 signiﬁcat
984 2128 1107 2183 quae
1151 2115 1223 2170 ob
1267 2115 1447 2171 simile
1481 2115 1808 2172 idololatriae
1856 2119 2049 2172 vitium

474 2195 529 2250 in
569 2200 803 2253 hostium
854 2216 1050 2260 manus
1102 2204 1464 2272 devenerunt,
1510 2217 1569 2261 ut
1607 2207 1744 2261 liber
1795 2206 2050 2262 Judicum

470 2289 653 2345 docet.
685 2291 773 2345 Ait
800 2294 969 2362 igitur
1000 2294 1298 2367 Propheta,
1331 2300 1478 2368 quod
1523 2299 1614 2353 ﬁlii
1653 2299 1932 2367 Ephraim,
1957 2302 2047 2370 qui

469 2393 634 2433 arcus
679 2396 809 2437 suos
861 2385 1095 2440 tendunt
1146 2387 1292 2442 unde
1341 2389 1597 2445 emittant
1640 2390 1865 2458 sagittas
1924 2392 2051 2457 (hic

466 2475 573 2533 est,
600 2470 695 2539 qui
728 2487 858 2526 arcu
893 2473 1240 2541 potissimum
1296 2477 1575 2545 utuntur),
1621 2479 1871 2530 conversi
1919 2484 2054 2532 sunt

466 2556 523 2612 in
553 2555 694 2611 bello
730 2575 743 2611 :
772 2561 904 2629 quia
949 2564 1227 2633 fugientes
1257 2563 1527 2619 dederunt
1554 2571 1727 2634 terga.
1771 2565 1953 2635 Aliqui
1990 2565 2046 2620 in

468 2645 559 2703 his
586 2648 768 2703 verbis
789 2652 981 2708 dicunt
1018 2654 1362 2724 propheliam
1402 2656 1675 2710 contineri
1729 2657 1796 2710 de
1858 2657 2053 2712 ultimo

465 2736 626 2808 lapsu
658 2742 835 2797 tribus
884 2743 1145 2814 Epltraim
1193 2746 1248 2799 in
1289 2746 1681 2801 idololatriam.
1728 2744 1865 2800 Nam
1922 2762 2048 2803 cum

464 2829 658 2887 decem
707 2834 886 2890 tribus
935 2852 995 2892 se
1040 2837 1445 2909 disjuuxissent
1481 2853 1513 2893 a
1560 2855 1730 2910 regno
1776 2837 2051 2904 Boboam,

464 2922 643 2977 tribus
676 2921 953 2993 Ephraim,
981 2943 1101 2997 quae
1143 2930 1402 2999 princeps
1437 2938 1560 2985 erat
1607 2934 1750 2989 inter
1793 2948 1912 2997 eas,
1962 2947 2054 3001 po-
2102 2942 2109 2951 '

467 3011 592 3077 pulo
624 3016 918 3082 persuasit,
950 3025 1009 3071 ut
1041 3033 1235 3075 vaccas
1274 3020 1569 3090 erigerent,
1605 3034 1660 3078 et
1699 3039 1728 3078 a
1757 3038 1889 3078 vero
1938 3022 2049 3077 Dco

463 3097 760 3157 deficerent
797 3122 811 3159 :
850 3118 1013 3173 atque
1041 3108 1164 3161 ideo
1193 3124 1389 3165 omnes
1424 3110 1478 3164 in
1513 3113 1753 3168 hostium
1806 3120 2048 3182 poteSIa-

2164 1933 2580 2002 πρωτευούσης,
2617 1936 2707 1988 καὶ
2741 1937 2841 1999 τὰς
2877 1935 3043 1998 ἄλλας
3083 1934 3252 2003 δηλοῖ,
3292 1936 3414 1987 ὅσαι
3459 1933 3740 1985 εἰδωλολα-

2158 2024 2430 2093 τρήσασαι
2458 2027 2832 2097 παρεδόθησαν
2864 2029 2976 2090 τοῖς
3021 2027 3235 2097 ἐχθροῖς
3282 2025 3486 2089 αὐτῶν,
3552 2025 3739 2089 καθὼς

2159 2115 2191 2184 ἡ
2231 2113 2340 2167 τῶν
2379 2116 2599 2185 Κριτῶν
2641 2117 2862 2182 διέξεισι
2903 2117 3103 2187 βίϐλος,
3149 2117 3319 2186 Φησὶν
3352 2116 3444 2169 οὖν
3486 2117 3513 2169 ὁ
3547 2115 3735 2175 Δαϐἶδ.

2157 2206 2243 2258 ὃτι
2282 2207 2345 2259 Oi
2397 2209 2505 2260 uici
2544 2208 2638 2261 τοῦ
2691 2210 2955 2279 Ἐφραὶμ,
3007 2210 3056 2261 οἱ
3103 2208 3436 2271 ἐντείνοντες
3473 2207 3601 2271 τόξα
3642 2207 3739 2260 καὶ

2158 2295 2445 2364 βάλλοντες
2475 2301 2539 2352 ὲκ
2568 2299 2763 2365 τόξων,
2797 2301 3174 2369 ἐστράφησαν,
3221 2300 3421 2361 εῐτουν,
3465 2297 3736 2351 δεδώκασι

2155 2386 2302 2439 νῶτα
2349 2389 2662 2457 φεύγοντες.
2682 2393 2839 2455 Τινὲς
2883 2394 2939 2445 δὲ
2990 2390 3329 2462 προφητείαν
3372 2390 3531 2443 τοῦτὸ
3570 2406 3737 2457 φασιν

2160 2479 2291 2548 περὶ
2349 2481 2448 2543 τῆς
2496 2482 2730 2553 ὑστέρας
2768 2484 3205 2555 εἰδωλολατρίας.
3251 2485 3350 2554 τῆς
3400 2482 3576 2553 φυλῆς
3635 2480 3734 2535 τοῦ

2167 2568 2429 2640 Ἐφραῖμ.
2458 2573 2580 2625 Τῶν
2611 2574 2719 2645 γὰρ
2743 2575 2876 2628 δέκα
2919 2576 3102 2645 φυλῶν
3152 2574 3577 2647 ἀπορῤαγεισῶν
3632 2574 3736 2642 τῆς

2155 2657 2433 2728 βασιλείας
2468 2662 2727 2734 Ῥοϐοὰμ,
2773 2669 2806 2736 ἡ
2852 2666 3200 2738 Ἐφραῖμῖτις
3236 2669 3294 2720 ὲν
3329 2666 3556 2729 ταύταις
3582 2682 3737 2735 πρω-

2151 2747 2385 2803 τεύουσα
2437 2753 2723 2807 συνέπεισε
2770 2755 2863 2809 τὸν
2906 2757 3034 2810 λαὸν
3085 2759 3281 2828 στῆσαι
3328 2757 3427 2821 τὰς
3472 2756 3736 2824 δαμάλεις

2160 2839 2257 2893 καὶ
2318 2841 2624 2912 ἀποστῆναι
2687 2848 2794 2899 ἀπὸ
2850 2847 3009 2902 Θεοῦ.
3057 2849 3148 2902 Διὸ
3199 2850 3295 2902 καὶ
3344 2848 3729 2919 παρεδόθησαν

2150 2928 2351 2996 ὁμοίως
2378 2935 2489 2996 τοῖς
2518 2935 2824 3006 πολεμίοις,
2869 2938 2944 3001 ὡς
2970 2940 3222 3011 εὑρήσεις
3248 2940 3306 2990 ὲν
3333 2941 3399 3007 τῇ
3430 2938 3585 3009 τρίτῃ
3620 2937 3733 2989 τῶν

2152 3020 2477 3079 Βασιλειῶν.
2512 3026 2620 3078 Καὶ
2661 3027 2813 3081 ἄλλοι
2847 3029 2905 3081 δὲ
2946 3028 3225 3098 προφῆται
3263 3028 3609 3082 καταϐοῶσιν
3641 3028 3737 3079 αὺ-

2151 3111 2250 3179 τῆς
2281 3113 2359 3178 ὼς
2390 3117 2571 3182 αἰτίας
2593 3119 2671 3189 τῷ
2704 3120 2820 3190 λαῷ
2844 3123 2944 3190 τῆς
2968 3120 3412 3191 εἰδωλολατρίας.

462 3196 570 3241 teni
596 3194 809 3248 traditze
833 3203 985 3262 sunt,
1020 3201 1485 3267 quemadmodum
1528 3206 1583 3258 in
1623 3205 1783 3259 tertio
1829 3204 2032 3272 Regum
2073 3200 2214 3257 libro
2238 3205 2508 3265 invenies.
2536 3213 2639 3267 Alii
2675 3215 2841 3270 etiam
2875 3217 3154 3288 praphetaa
3215 3216 3384 3271 multa
3459 3215 3730 3273 adversus

460 3282 605 3340 lianc
637 3287 833 3340 tribum
861 3291 1190 3357 exclamant,
1219 3296 1379 3364 quasi
1411 3295 1586 3367 origo,
1614 3305 1668 3352 et
1697 3313 1864 3353 causa
1906 3300 2023 3368 ipsa
2063 3294 2386 3356 idololatriae
2412 3303 2578 3359 fuerit
2610 3306 2663 3360 in
2693 3311 2917 3379 populo.

541 3376 700 3433 Vens.
746 3380 834 3437 10.
874 3382 995 3438 Νοη
1037 3390 1399 3442 custodierunt
1434 3400 1803 3448 testamentum
1845 3393 1960 3458 Dei,
1988 3400 2037 3446 et

2212 3398 2334 3451 Οὐκ
2360 3397 2676 3468 ἐφύλαξαν
2702 3376 2817 3473 τίῆν
2844 3403 3140 3472 διαθήκην
3167 3403 3276 3457 τοῦ
3310 3403 3479 3468 Θεοῦ,
3523 3404 3625 3457 καὶ
3661 3405 3737 3458 ἐν

459 3468 517 3522 in
554 3467 665 3539 lege
694 3470 810 3538 ejus
836 3473 1119 3530 noluerunt
1154 3479 1453 3535 ambulare.
1482 3483 1807 3540 Sermonem
1851 3485 2044 3556 dirigit

462 3558 1070 3641 adversus'universas
1112 3570 1316 3635 tribus,
1363 3587 1591 3629 causam
1625 3576 1915 3646 proferens
1970 3579 2041 3633 ob

462 3666 631 3721 quam
663 3654 893 3725 deiecta:
922 3658 1051 3713 siut.
1105 3661 1209 3717 Per
1250 3673 1643 3723 testamentum
1692 3687 1844 3736 vero,
1883 3686 2040 3742 pacta

463 3743 741 3815 intell‘git,
776 3764 897 3815 qute
933 3749 1076 3807 Deus
1100 3769 1245 3822 saepe
1278 3771 1402 3811 cum
1439 3759 1792 3817 Hebraeorum
1838 3768 2042 3834 popqu

462 3836 688 3905 pepigit,
726 3854 851 3893 cum
906 3842 959 3896 in
1014 3848 1404 3912 promissionis
1440 3868 1536 3907 eos
1570 3865 1771 3911 terram
1800 3857 2042 3915 adduci:-

460 3935 568 3981 ret.
596 3928 698 3983 Per
732 3930 901 4002 legem
932 3951 1084 4001 vero,
1116 3938 1230 4007 ipsa
1260 3941 1352 3995 Dei
1404 3946 1683 4002 mandata.

532 4017 698 4076 Vens.
731 4022 818 4075 ‘ll.
881 4021 947 4078 Et
1009 4027 1161 4081 obliti
1215 4039 1339 4082 sunt
1400 4031 1775 4101 beneﬁciorum
1805 4039 1945 4107 ejus,
1991 4048 2041 4093 et

459 4109 786 4165 mirabilium
813 4114 950 4183 ejus,
974 4132 1090 4185 quw
1116 4119 1346 4173 ostendit
1375 4122 1471 4177 eis.
1494 4123 1892 4183 Beneﬁciorum
1919 4146 2040 4198 quas

458 4200 689 4253 contulit
738 4201 794 4255 in
854 4206 1116 4272 populum
1150 4207 1337 4274 lsracl,
1368 4213 1561 4279 veluti,
1620 4216 1766 4283 quod
1821 4216 2039 4275 duxerit

365 4338 370 4343 .
456 4302 552 4344 cos
588 4305 684 4357 per
712 4308 861 4347 mare
896 4296 1143 4352 Rubrum
1175 4299 1527 4368 immadidos,
1559 4318 1613 4360 et
1658 4319 1854 4365 caetera
1915 4329 2038 4381 qua:

457 4379 621 4451 longa.
654 4383 797 4438 serie
832 4385 886 4440 in
928 4392 1286 4457 sequentibus
1334 4409 1750 4456 commemorat.
1806 4379 2033 4458 Mirabi-

456 4471 588 4526 lium
640 4483 820 4528 autem
873 4478 1030 4545 dicit,
1092 4484 1219 4552 quia
1269 4485 1655 4558 Egyptiorum
1706 4493 1930 4551 ﬁumina
1980 4499 2033 4551 in

455 4566 777 4631 sanguinem
806 4580 1136 4638 mutaverat,
1158 4586 1211 4629 et
1237 4578 1343 4632 alia
1374 4582 1688 4652 hujusmodi
1712 4603 1833 4657 qua:
1864 4591 2029 4644 simili

458 4655 623 4709 modo
658 4656 712 4710 in
747 4664 1107 4726 sequent‘bus
1140 4674 1435 4738 percurrit,
1458 4690 1632 4746 eaque
1653 4655 1844 4746 postea
1871 4681 2028 4749 signa

451 4755 508 4799 et
563 4758 811 4813 portenta
864 4764 1024 4809 vocat
1060 4775 1076 4822 ;
1109 4762 1422 4829 quod‘vero
1451 4768 1549 4830 ait,
1585 4768 1753 4823 Deum
1786 4772 1865 4826 eis
1914 4775 2028 4829 haec

456 4839 793 4932 ostendisse,
832 4844 990 4916 (non)
1021 4848 1141 4905 ideo
1176 4852 1310 4908 dicit
1344 4855 1522 4926 (quasi
1558 4857 1658 4927 ipsi
1687 4875 1752 4914 ea
1788 4865 2028 4932 propriis

455 4928 694 4985 viderint
733 4934 933 5000 oculis,
983 4938 1103 5012 sed)
1148 4943 1278 5012 quia
1327 4944 1405 4999 ita
1460 4961 1489 5000 a
1529 4948 1646 5003 suis
1692 4928 2033 5022 acc—cperunt

456 5019 782 5085 majoribus.

527 5106 695 5165 Vens.
734 5112 822 5168 12.
856 5114 1049 5172 Coram
1095 5121 1341 5190 patribus
1372 5141 1577 5194 eorum,
1607 5145 1727 5198 qum
1756 5131 1884 5202 fecit
1928 5136 2029 5189 mi-

462 5200 678 5263 rabilia.
708 5204 841 5270 Qum
869 5209 1152 5275 miracula,
1184 5212 1381 5282 inquit,
1415 5214 1570 5285 fecit,
1603 5200 1790 5277 coram
1836 5241 2026 5280 eorum

457 5292 708 5359 patribus
743 5314 757 5351 :
790 5305 847 5351 et
888 5299 1085 5357 deinde
1131 5303 1311 5360 locum
1352 5310 1518 5362 etiam
1550 5310 1721 5379 addit,
1764 5316 1857 5370 ubi
1917 5318 2031 5374 hinc

460 5392 610 5447 gesta
642 5393 795 5441 sunt.

529 5469 598 5525 In
647 5483 786 5531 terra
822 5478 1046 5550 Egypti
1091 5482 1145 5536 in
1206 5500 1391 5555 campo
1453 5492 1677 5549 Taneos.
1729 5493 1896 5554 Tanis
1951 5508 2037 5554 est

455 5560 674 5633 Egypti
724 5570 942 5635 civitas,
1003 5574 1095 5628 ubi
1147 5576 1352 5647 regiam
1412 5580 1647 5639 habebat
1692 5585 1926 5655 Pharao,
1961 5593 2031 5647 de

455 5670 564 5723 qua
601 5658 678 5711 ait
707 5659 877 5718 Isaias
924 5681 939 5717 :
990 5663 1301 5738 Defecerunt
1346 5674 1609 5747 principes
1647 5677 1944 5752 Taneos",
1979 5695 2033 5739 et

490 5770 573 5817 ."
608 5769 715 5827 13a.
747 5790 860 5837 xix.
892 5779 977 5835 15.

2146 3486 2226 3552 τῷ
2267 3489 2429 3558 νόμῳ
2459 3494 2647 3549 αὐτοῦ
2684 3498 2796 3550 οὐκ
2848 3497 3285 3565 ἠϐουλήθησαν
3343 3499 3730 3565 πορεύεσθαι.

2146 3584 2416 3639 Ἐνταῦθα
2475 3589 2618 3641 κατὰ
2657 3589 2876 3644 πάντων
2932 3592 2960 3643 ὁ
3014 3590 3171 3658 λόγος
3226 3591 3497 3644 διδάσκων
3539 3590 3599 3644 τὸ
3628 3593 3733 3654 τῆς

2142 3675 2314 3745 ἥττης
2354 3677 2568 3731 αἴτιον·
2605 3677 2875 3750 διαθήκην
2906 3680 2963 3732 δὲ
2990 3681 3137 3746 λέγει
3179 3682 3278 3744 τὰς
3320 3682 3620 3751 συνθήκας.
3661 3681 3732 3744 ἃς

2143 3766 2417 3838 διαφόρως
2474 3770 2773 3840 ἐποιήσατο
2823 3771 2964 3824 κατὰ
3017 3772 3124 3825 τῶν
3184 3772 3459 3844 Ἐϐραίων
3503 3775 3531 3825 ὁ
3573 3773 3730 3836 Θεὸς,

2143 3857 2297 3927 ἄγων
2330 3860 2529 3924 αὐτοὺς
2552 3861 2633 3924 είς
2668 3860 2772 3932 τὴν
2801 3863 2907 3933 γῆν
2939 3867 3040 3936 τῆς
3072 3864 3407 3934 ἐπαγγελίας
3431 3880 3446 3896 ⁸
3476 3864 3642 3935 νόμον
3671 3863 3732 3918 δὲ

2144 3951 2244 4015 τὰς
2267 3952 2514 4017 ἐντολάς.

2214 4045 2325 4101 Καὶ
2387 4046 2754 4105 ἐπελάθοντο
2801 4047 2921 4105 τῶν
2963 4048 3320 4119 εὐεργεσιῶν
3369 4049 3584 4112 αὑτοῦ,
3626 4047 3731 4102 καὶ

2140 4138 2260 4193 τῶν
2282 4143 2632 4208 θαυμασίων
2654 4143 2865 4207 αὑτοῦ,
2900 4134 2986 4195 ὧν
3029 4141 3261 4206 ἔδειξεν
3297 4141 3522 4207 αὐτοῖς.
3559 4140 3731 4207 Εὐερ-

2140 4233 2326 4301 γεσίαι
2354 4234 2477 4304 μὲν,
2521 4236 2578 4288 αί
2611 4236 2750 4305 πρὸς
2778 4236 2869 4288 τὸν
2904 4235 3034 4287 λαὸν
3081 4235 3301 4304 Ἰσραήλ
3322 4251 3337 4265 ·
3373 4228 3486 4287 οἷον
3521 4232 3581 4285 τὸ
3612 4232 3732 4284 δια-

2140 4327 2335 4392 γαγεῖν
2386 4325 2586 4387 αὐτοὺς
2625 4325 2877 4396 ἀϐρόχως
2921 4326 3011 4377 διὰ
3040 4326 3143 4392 τῆς
3174 4324 3471 4394 θαλάσσης,
3514 4324 3608 4375 καὶ⁴
3654 4324 3729 4377 τὰ

2140 4417 2303 4487 ἑξῆς,
2347 4416 2384 4471 ἃ
2438 4419 2754 4487 καταλέγει.
2810 4418 3099 4489 Θαυμάσια
3159 4418 3235 4481 δὲ,
3288 4418 3358 4470 τὰ
3420 4417 3562 4470 κατὰ
3613 4418 3728 4470 τῶν

2141 4508 2461 4577 Αἰγυπτίων
2484 4510 2826 4580 τερατουργή
2838 4527 3003 4579 ματα,
3021 4509 3057 4564 ἃ.
3078 4509 3172 4562 καὶ
3208 4512 3409 4578 σημεῖα
3441 4511 3532 4561 καὶ
3564 4509 3730 4577 τέρα-

2138 4619 2209 4653 τα
2243 4600 2449 4673 προϊὼν
2485 4601 2748 4655 ἐκάλεσεν
2771 4617 2784 4631 ο
2814 4596 2927 4655 οἷον
2956 4601 3017 4655 τὸ
3053 4602 3429 4671 μεταστρέψαι
3470 4605 3550 4665 είς
3582 4596 3726 4671 αἷμα

2137 4694 2263 4757 τοὺς
2316 4694 2597 4761 ποταμοὺς
2658 4693 2858 4760 αὐτῶν,
2915 4696 3012 4746 καὶ
3059 4695 3126 4746 τὰ
3169 4694 3336 4761 ἑξῆς,
3370 4693 3406 4747 ἃ
3446 4695 3542 4748 καὶ
3584 4695 3729 4747 αὐτὰ

2138 4783 2393 4849 διέξεισιν
2414 4802 2429 4817 ν
2465 4783 2636 4849 ἔδειξε
2664 4785 2720 4837 δὲ
2754 4786 2941 4848 αὐτοῖς
2970 4785 3145 4839 ταῦτα
3165 4827 3180 4852 ,
3215 4786 3302 4839 διὰ
3331 4786 3431 4855 τῆς
3462 4785 3598 4854 πρὸς
3628 4787 3730 4839 αὐ·-

2141 4877 2272 4942 τοὺς
2300 4877 2655 4942 διδασκαλίας
2671 4879 2781 4932 τῶν
2811 4879 3067 4950 πατέρων
3094 4878 3298 4933 αὐτῶν.

2216 5144 2522 5200 Ἐναντίον
2543 5142 2665 5199 τῶν
2684 5141 2957 5211 πατέρων
2979 5143 3182 5198 αὐτῶν
3203 5142 3241 5198 ἃ
3266 5144 3559 5211 ἐποίησεν
3578 5147 3727 5200 θαυ-

2126 5243 2341 5316 μάσια.
2392 5240 2586 5293 Ἂτινα
2654 5235 2935 5304 θαυμάσια
3008 5236 3267 5307 ἐποίησεν
3327 5238 3564 5292 ἐνώπιον
3608 5255 3726 5295 των

2151 5334 2407 5404 πατέρων
2441 5331 2644 5386 αὐτῶν.
2685 5325 2822 5384 Εἶτα
2852 5330 3035 5402 τίθησι
3079 5332 3173 5384 καὶ
3209 5330 3299 5384 τὸν
3338 5332 3525 5394 τόπον,
3573 5333 3631 5385 ὲν
3678 5327 3726 5402 ᾧ

2151 5424 2324 5477 ταῦτα
2356 5423 2442 5475 ὲτε
2453 5421 2727 5493 ρατούργη
2736 5439 2848 5478 σεν.
2898 5491 2908 5499 _

2211 5512 2309 5566 Ἐν
2337 5510 2415 5581 γῇ
2433 5512 2705 5581 Αἰγύπτῳ
2732 5514 2803 5566 ἐν
2824 5513 3009 5580 πεδίῳ
3043 5512 3287 5578 Τάνεως.
3326 5514 3391 5569 Ἢ
3427 5517 3593 5580 Τάνις
3620 5518 3721 5571 πό-

2137 5602 2220 5663 λις
2245 5597 2317 5671 ῆν
2347 5601 2724 5670 Αἰγυπτιακὴ,
2767 5605 2826 5655 ὲν
2937 5603 3032 5655 τοῦ
3066 5604 3267 5674 Φαραὼ
3315 5606 3382 5660 τὰ
3420 5607 3676 5678 βασίλεια
3699 5627 3714 5641 ·

2144 5690 2273 5762 περὶ
2318 5686 2387 5764 ἧς
2432 5709 2598 5763 φησιν
2643 5693 2907 5758 Ἠσαίαςο
2954 5695 3276 5760 Ἑξέ.ἰιπον
3314 5703 3368 5755 οἱ
3424 5700 3720 5772 ἄρχοντες
