4064 6450
386 407 504 472 797

1532 400 1681 461 COM
1691 399 1922 461 MENT.
1963 397 2040 457 ΙΝ
2081 399 2209 459 PSA
2219 402 2438 466 LMOS.

3546 416 3661 482 798

385 522 644 587 Τὰνεως.
710 517 770 574 '0
838 518 939 591 μὲν
975 512 1070 574 οὖν
1111 518 1353 587 Μωῦσῆς
1407 518 1472 570 ἐν
1510 519 1575 587 τῇ
1642 515 1839 585 metu?
1880 514 1976 565 οὐκ

2086 519 2211 571 licet
2243 518 2409 581 huius
2440 521 2542 576 loci
2576 522 2787 593 Moyses
2836 539 2942 578 non
2973 524 3309 590 meminerit,
3358 531 3663 588 verisimile

382 614 770 686 ἐμνημόνευσε
829 611 927 666 τοῦ
982 611 1249 681 ὀνόματος
1302 609 1403 678 τῆς
1451 609 1714 671 Τὰνεως·
1759 607 1852 659 τὸν
1916 605 1975 657 δὲ

387 708 562 761 Δαϐὶδ
609 704 774 767 axe,-
812 705 1016 757 εἰδέναι
1044 702 1202 755 τοῦτο
1245 701 1355 755 aut
1379 699 1478 765 τῆς
1513 697 1698 768 βίϐλου
1731 688 1847 769 ὲνῇ
1877 694 1976 763 γέ-

390 816 633 872 γραπται
663 797 856 858 οὕτως.
900 794 965 849 Ἥ
998 794 1054 848 δὲ
1084 792 1313 863 Χεϐρὼν
1356 790 1684 864 ᾠκοδομήθη
1724 788 1830 859 πρὸ
1878 785 1973 838 τοῦ

381 896 560 950 Τάνιν
597 894 654 946 ὲν
685 890 954 960 Αἰγύπτῳ
983 886 1407 958 οἰκοδομηθῆναι
1431 902 1445 917 ·
1477 886 1512 956 ἢ
1547 883 1643 938 καὶ
1672 882 1731 947 ἐξ
1769 880 1977 950 ἐτέρων

381 985 757 1057 ἀποκρύφωνθ
791 982 825 1053 ἢ
849 983 943 1034 καὶ
975 979 1106 1041 iam;
1131 978 1543 1046 Αἰγυπτιακῶν.

455 1075 781 1146 Διέρῤηξεν
839 1072 1192 1135 θάλασσαν,
1258 1069 1358 1123 καὶ
1391 1068 1680 1137 διήγαγεν
1720 1068 1972 1132 αὐτούς.

388 1172 501 1241 Γὴν
536 1167 831 1239 Ἐρυθρὰν,
846 1167 921 1230 ὡς
951 1168 985 1237 ἡ
1019 1166 1200 1236 βίϐλος
1229 1164 1327 1231 τῆς
1357 1162 1571 1228 Ἐξὸδου
1602 1164 1933 1232 παρίστησιν
1955 1176 1971 1190 '

381 1263 801 1333 ὲπιτομώτερον
828 1260 888 1314 δὲ
914 1261 1238 1328 διηγεῖται·
1285 1257 1380 1311 καὶ
1429 1255 1555 1309 οὔτε
1600 1258 1801 1319 πάντα,
1846 1253 1972 1307 οὔτε

380 1358 445 1410 έν
488 1357 684 1422 τάξει·
719 1353 856 1408 ἀλλὰ
906 1353 1316 1423 παρατηρήτως
1354 1351 1478 1415 ὅσα,
1531 1349 1625 1402 καὶ
1677 1349 1828 1410 ὅπως
1880 1346 1975 1400 ἐπὶ

382 1449 516 1503 νοῦν
539 1445 705 1520 ἦλθεν
737 1447 890 1517 αὐτῷ
913 1464 929 1478 ·
963 1448 1025 1500 οὐ
1058 1447 1165 1516 γὰρ
1199 1448 1431 1516 ἱστορεῖν
1468 1443 1618 1513 αὐτῷ
1652 1441 1972 1515 προῦκειτο,

381 1542 524 1598 ἀλλὰ
579 1542 931 1606 στηλιτεῦσαι
976 1541 1078 1609 τὴν
1122 1537 1464 1609 ἀχαριστίαν
1509 1536 1620 1590 τῶν
1679 1532 1973 1587 Ἰουδαίων.

384 1636 615 1707 Πρῶτον
644 1634 702 1688 δὲ
727 1632 944 1687 τέθεικε
974 1631 1033 1686 τὸ
1066 1630 1503 1703 παραδοξότερον
1533 1629 1641 1683 τῶν
1670 1626 1867 1682 ἄλλων.

455 1899 859 1969 Παρέσντησεν
898 1898 1089 1954 ὕδατα
1127 1898 1269 1953 ὡσεὶ
1311 1898 1526 1953 ἀσκόν.
1574 1897 1687 1950 Καὶ
1714 1896 1776 1950 τὸ
1798 1895 1965 1967 ὕδωρ,
1997 1854 2046 1913 Β

363 1997 579 2065 ιφησὶν,
607 1994 795 2056 αὐτοῖς
827 1995 1007 2062 τεῖχος
1042 1994 1104 2046 έκ
1131 1991 1345 2056 δεξιῶν,
1390 1990 1488 2043 καὶ
1522 1992 1704 2060 τεῖχος
1738 1988 1796 2057 ἐξ
1830 1989 1971 2042 εὐω-

383 2089 605 2157 νύμων.
665 2085 1023 2158 Παρέστησεν
1079 2083 1195 2147 οὖν,
1237 2085 1415 2138 εῐτουν
1467 2084 1770 2153 ἀνέστησεν
1820 2082 1973 2134 ἐνθεν

380 2179 643 2235 κάκεῖθεν
682 2179 752 2233 τὰ
794 2180 1081 2248 τμήματα.
1119 2179 1191 2231 Τὸ
1212 2177 1294 2241 δὲ,
1335 2175 1498 2231 Ὠσεὶ
1532 2175 1766 2240 ἀσκὸν,
1813 2175 1974 2245 δίκην

379 2272 558 2327 ἀσκοῦ
594 2274 1009 2344 ὲξωγκούμενα.

453 2366 565 2421 Καὶ
607 2366 926 2435 ὡδήγησεν
946 2364 1165 2430 αὐτοὺς
1212 2365 1280 2418 ἑν
1317 2363 1545 2434 νεφέλῃ
1580 2360 1834 2430 ἡμέρας,
1875 2357 1977 2413 καῖ

380 2462 542 2529 ὅλην
567 2461 683 2528 τὴν
706 2464 900 2515 νύκτα
922 2459 992 2514 ἑν
1006 2459 1287 2530 φωτισμῷ
1305 2460 1514 2526 πυρός.
1531 2457 1672 2528 Φησὶ
1698 2454 1939 2522 Μωῦσῆς
1957 2471 1971 2484 ⁸

396 2557 461 2608 ὐ
489 2554 561 2608 δὲ
587 2555 734 2620 Θεὸς
758 2552 960 2622 ἠγεῖτο
991 2551 1192 2606 αὐτῶν
1219 2594 1234 2616 ,
1267 2552 1493 2621 ἡμέρας
1516 2550 1634 2619 μὲν
1661 2550 1733 2603 ἐν
1763 2547 1974 2611 στύλφ

381 2646 674 2715 νεφέλης,
709 2646 903 2711 δεῖξαι
936 2646 1138 2712 αὐτοῖς
1180 2645 1298 2711 τὴν
1328 2644 1495 2707 ὁδὸν,
1531 2643 1647 2712 τὴν
1675 2642 1738 2696 δὲ
1780 2643 1975 2697 νύκτα

381 2737 460 2792 ἐν
496 2738 703 2802 crtuth
746 2737 969 2806 πυρός.
1015 2736 1074 2789 '0
1117 2736 1282 2799 αὐτὸς
1325 2736 1420 2790 οὖν
1453 2735 1644 2797 στύλος
1683 2736 1742 2787 έν
1789 2731 1978 2803 ἡμέρᾳ.

387 2829 495 2900 μὲν
541 2828 746 2899 ὡδήγει
788 2829 886 2882 καὶ
933 2827 1168 2882 ἔσκεπεν
1216 2828 1325 2882 ἀπὸ
1376 2826 1471 2881 τοῦ
1523 2827 1805 2889 καύσωνος
1861 2825 1974 2878 τῶν

381 2922 633 2991 ἡλιακῶν
668 2920 933 2987 ἀκτίνων,
968 2923 1027 2974 ὲν
1055 2922 1121 2991 τῇ
1163 2919 1320 2973 νυκτὶ
1358 2918 1415 2972 δὲ
1461 2919 1662 2990 ὡδήγει
1698 2919 1794 2970 καὶ
1819 2916 1977 2989 ἐθέρ-

390 3031 566 3086 μανεν
593 3030 607 3044 ο
644 3014 787 3085 ὑγρὰ
812 3013 922 3084 γὰρ
950 3011 1087 3068 οὖσα
1112 3015 1145 3081 ὴ
1174 3014 1269 3080 νὺξ
1296 3013 1519 3083 ἐψυχεν.

455 3107 773 3175 Διέρρηξεν
810 3108 1037 3176 πέτραν
1076 3107 1147 3161 ἐν
1180 3106 1380 3175 ἐρήμῳ
1433 3106 1532 3160 καὶ
1573 3108 1856 3161 ἐπότισεν
1873 3108 1979 3160 αὐ-

2076 619 2164 665 est
2199 621 2383 665 tamen
2423 611 2639 666 beatum
2676 614 2842 668 David
2882 616 2933 670 id
2971 619 3261 674 rescivisse
3282 636 3349 675 ex
3387 637 3452 677 co
3487 622 3657 691 libro,

2078 707 2169 760 ubi
2221 706 2488 775 scriptum
2539 715 2622 761 est
2653 725 2668 761 :
2700 707 2939 764 Chebron
2976 722 3156 764 autem
3193 714 3462 784 wdiﬁcata
3493 728 3570 771 est
3602 717 3659 770 in

2077 800 2337 871 (Egypto.
2371 813 2493 855 ante
2549 801 2819 856 Tanim".
2854 800 2950 857 Vel
3014 819 3079 858 ex
3139 806 3264 860 aliis
3323 808 3659 879 apocrypbis

2078 896 2257 960 libris,
2284 905 2380 949 aut
2403 911 2466 949 ex
2496 894 2885 964 {Egyptiorum
2917 896 3192 955 historiis.

2150 1081 2316 1134 Vens.
2377 1078 2464 1133 15.
2523 1077 2816 1148 Interrupit
2865 1097 3036 1145 mare,
3095 1090 3145 1136 et
3198 1081 3378 1136 eduxit
3436 1099 3544 1137 eos.
3581 1082 3658 1138 De

2077 1173 2213 1226 mari
2274 1172 2464 1227 Rubro
2521 1173 2788 1243 loquitur,
2844 1182 2904 1228 ut
2954 1175 3190 1230 habetur
3241 1177 3295 1229 in
3348 1174 3560 1237 Exodo,
3599 1184 3657 1229 et

2075 1263 2261 1318 omnia
2294 1265 2581 1319 succincte
2612 1273 2803 1319 narrat
2837 1284 2851 1321 :
2893 1267 3146 1336 quiniiuo
3172 1282 3269 1322 nec
3301 1268 3506 1332 omnia,
3551 1282 3654 1322 nec
3694 1264 3695 1267 “

2076 1369 2178 1409 suo
2209 1354 2427 1420 ordine,
2473 1355 2568 1409 sed
2600 1355 2809 1425 passim
2860 1371 3206 1427 quascunque
3250 1358 3299 1412 ei
3331 1367 3384 1411 et
3431 1372 3661 1426 quomo-

2075 1448 2370 1518 docunque
2399 1448 2453 1501 in
2486 1455 2730 1502 mentem
2767 1448 3089 1515 veniebant,
3128 1452 3202 1504 ita
3242 1451 3525 1520 apposuit.
3552 1448 3660 1504 Ne-

2076 1553 2186 1608 que
2227 1538 2373 1592 enim
2427 1537 2717 1592 historiam
2776 1544 3076 1594 contexere
3129 1550 3523 1610 proposuerat,
3561 1538 3656 1593 sed

2075 1631 2342 1688 adversus
2403 1629 2716 1684 Iudaeorum
2787 1630 2971 1684 invehi
3059 1633 3541 1703 iugratitudiuem.
3594 1629 3659 1684 Et

2076 1726 2258 1796 primo
2286 1726 2509 1796 quidem
2538 1724 2671 1779 illud
2707 1725 2911 1795 posuit,
2937 1726 3086 1794 quod
3119 1740 3231 1795 pra:
3259 1726 3475 1780 caeteris
3502 1725 3657 1779 vide-

2075 1820 2239 1874 batur
2267 1820 2669 1874 admirabilius.

2147 1911 2345 1965 Statuit
2384 1929 2551 1983 aquas
2581 1914 2736 1980 quasi
2760 1922 2954 1966 utrem.
2982 1909 3046 1964 Et
3081 1926 3243 1979 aqua,
3279 1909 3478 1978 inquit,
3501 1907 3660 1978 quasi

2077 2021 2267 2061 murus
2298 2003 2410 2059 illis
2445 2013 2563 2057 erat
2598 2021 2630 2056 a
2665 2002 2894 2065 dextris,
2948 2011 2999 2056 et
3049 2018 3083 2055 a
3133 2001 3393 2056 sinistris.
3453 1998 3660 2052 Statuit

2077 2094 2245 2163 igitur
2281 2110 2490 2163 aquas,
2518 2095 2621 2147 hoc
2649 2102 2755 2156 est,
2800 2109 3066 2161 aquarum
3102 2091 3276 2147 moles
3330 2091 3460 2146 hinc
3494 2098 3660 2157 atque

2075 2186 2229 2240 illinc
2262 2185 2387 2240 fecit
2413 2200 2713 2253 exsurgere
2766 2184 2934 2249 Quasi
2989 2196 3159 2239 utrem
3204 2198 3333 2240 vero
3363 2182 3523 2246 dixit,
3554 2181 3661 2236 hoc

2075 2285 2160 2333 est
2190 2276 2450 2337 tumidas,
2490 2276 2665 2329 instar
2710 2277 2872 2331 utris.

2145 2368 2310 2423 Vens.
2351 2370 2436 2423 H.
2484 2367 2549 2422 Et
2584 2368 2810 2423 deduxit
2859 2386 2948 2424 eos
2992 2371 3045 2423 in
3083 2369 3216 2424 nube
3268 2372 3376 2426 diei
3451 2381 3501 2425 el
3538 2381 3652 2427 tota

2077 2462 2306 2514 noctein
2339 2459 2732 2514 illuminatione
2762 2461 2917 2530 ignis.
2952 2460 3018 2514 Et
3057 2461 3224 2524 Deus,
3255 2462 3455 2533 inquit,
3486 2462 3658 2517 dedu-

2075 2552 2223 2607 cebat
2249 2569 2360 2617 eos,
2393 2551 2478 2606 die
2522 2553 2733 2622 quidem
2771 2554 2824 2605 in
2858 2553 3107 2608 columna
3156 2557 3334 2623 nubis,
3380 2566 3437 2609 ut
3478 2566 3659 2611 osten-

2077 2646 2222 2701 deret
2253 2647 2327 2700 eis
2358 2647 2529 2709 uiam,
2571 2655 2938 2699 nocte'autem
2974 2647 3025 2700 iu
3057 2646 3306 2701 columna
3357 2649 3518 2714 ignis.
3556 2648 3661 2702 Ea-

2077 2737 2199 2791 dem
2234 2736 2397 2806 igitur
2427 2736 2681 2789 columna
2711 2735 2799 2788 die
2824 2735 3050 2804 praeibat
3109 2744 3165 2791 et
3205 2740 3521 2806 protegebat
3555 2755 3653 2795 eos

2080 2827 2148 2882 ab
2175 2835 2314 2883 testu
2361 2827 2518 2893 solis,
2553 2843 2676 2896 quae
2708 2838 2869 2882 nocte
2910 2829 2991 2884 eis
3027 2828 3313 2892 illucebat,
3352 2838 3410 2883 ut
3444 2829 3659 2886 foveret

2076 2920 2337 2975 nimirum
2382 2934 2448 2975 ac
2502 2925 2749 2974 tueretur
2778 2933 2875 2974 eos
2925 2934 2955 2973 ε
3008 2918 3310 2992 frigiditate
3377 2929 3546 2990 atque
3583 2921 3653 2976 ab

2076 3008 2403 3063 luuuiditate
2435 3009 2637 3063 noctis.

2146 3101 2310 3155 Vsus.
2352 3099 2438 3157 15.
2484 3100 2776 3169 Interrupit
2802 3109 3008 3175 petram
3047 3101 3102 3153 in
3135 3116 3331 3164 eremo,
3372 3113 3420 3155 et
3455 3101 3663 3168 potavit

384 3202 535 3269 τοὺς
547 3204 627 3268 ὡς
647 3203 715 3257 ἐν
742 3203 992 3267 ἀϐύσσφ
1015 3200 1241 3269 πολλῇ.
1268 3202 1358 3254 Ἐν
1382 3204 1445 3270 τῇ
1471 3202 1665 3271 ἐρήμῳ
1681 3200 1775 3253 τοῦ
1816 3200 1975 3270 ὅρους

2082 3211 2190 3255 eos,
2231 3195 2385 3263 quasi
2424 3194 2477 3245 in
2531 3194 2718 3262 abysso
2772 3194 2965 3246 multa.
3030 3192 3143 3246 "oc
3190 3193 3396 3247 factum
3454 3204 3540 3250 est
3597 3194 3655 3248 in

387 3295 622 3366 Χωρὴϐ,
656 3295 732 3359 ὡς
763 3297 796 3365 ἡ
831 3294 973 3366 αὐτὴ
1001 3295 1184 3365 βίϐλος
1214 3296 1311 3365 τῆς
1346 3294 1556 3359 Ἐξόδου
1580 3295 1820 3349 διδάσκει
1846 3311 1859 3325 ·
1886 3294 1976 3347 διὰ

387 3387 494 3457 τῆς
551 3386 793 3441 ἀϐύσσου
854 3386 951 3450 δὲ,
1017 3388 1079 3441 τὸ
1147 3387 1351 3457 πλῆθος
1418 3386 1527 3440 τῶν
1591 3388 1797 3441 ὑδάτων
1860 3386 1979 3438 ἐνέ-

390 3497 583 3551 φηνεν.

463 3572 575 3628 Καὶ
605 3571 903 3641 ἐξήγαγεν
938 3572 1099 3640 ὕδωρ
1141 3573 1209 3625 ἐκ
1252 3574 1472 3639 πέτρας
1507 3572 1605 3625 καὶ
1636 3571 1977 3640 κατήγαγεν

389 3663 470 3730 ὡς
499 3662 806 3731 ποταμοὺς
835 3661 1045 3716 ὕδατα.
1079 3660 1249 3715 Τοῦτο
1301 3661 1488 3731 ἕτερον
1523 3659 1705 3731 θαῦμα
1734 3659 1976 3729 γεγονὼς

390 3757 456 3808 ὲν
502 3758 569 3825 τῇ
609 3757 806 3825 ὲρήμιι)
853 3755 1087 3826 Κάδδης,
1136 3755 1212 3816 ὡς
1252 3756 1286 3825 ἡ
1325 3755 1435 3808 τῶν
1470 3754 1748 3825 ’Δριθμῶν
1791 3754 1976 3825 βίϐλος

342 3911 359 3922 ο
396 3846 623 3917 ἱστορεῖ.
663 3845 759 3908 Δὶς
811 3845 921 3915 γὰρ
967 3847 1031 3898 ἐκ
1070 3845 1277 3916 πέτρας
1314 3845 1457 3915 ὕδωρ
1507 3846 1797 3907 ἀνέδωκεν,
1831 3844 1976 3898 κατὰ

391 3939 689 4009 διαφόρους
727 3939 954 4008 χρόνους
986 3940 1082 3993 καὶ
1113 3939 1336 4002 τόπους.
1364 3937 1529 3992 ’Ὅθεν
1559 3939 1617 3990 ὲν
1644 3937 1849 4008 Χωρὴϐ
1875 3939 1975 4007 μὲν

390 4033 423 4084 ὁ
451 4034 614 4095 τόπος
646 4032 741 4087 τοῦ
773 4034 1121 4096 ἀναδοθέντος
1150 4035 1361 4099 ὕδατος,
1396 4033 1601 4103 ἐκλήθη
1636 4034 1975 4103 Πειρασμός

392 4126 491 4179 καὶ
517 4125 897 4194 Λοιδόροησις.
933 4126 1253 4199 Ἐπείραζον
1283 4127 1391 4196 γὰρ
1420 4126 1512 4179 τὸν
1547 4125 1704 4191 Θεὸν,
1742 4128 1973 4197 δοκιμά-

395 4216 585 4283 ζοντες
610 4220 707 4272 ἐπὶ
740 4219 840 4290 τὴν
865 4220 1096 4290 δύναμιν
1138 4223 1326 4287 αὐτοῦ,
1365 4222 1459 4277 καὶ
1494 4224 1556 4276 οὐ
1598 4222 1971 4286 πιστεύοντες,

389 4303 477 4369 οἷς
529 4306 669 4362 εἶδον
719 4310 983 4374 πολλάκις
1027 4312 1308 4378 θαύμασι·
1384 4315 1477 4367 καὶ
1508 4315 1875 4388 ἐλοιδοροῦντο
1895 4318 1974 4389 τῷ

2079 3286 2301 3338 deserto
2332 3283 2538 3338 montis
2567 3283 2811 3348 Choreb,
2850 3294 2906 3339 ut
2951 3283 3184 3337 habetur
3220 3284 3273 3337 in
3306 3278 3513 3337 Exodo.
3548 3282 3653 3336 Per

2078 3378 2340 3448 abyssum
2383 3384 2589 3436 autem.
2625 3390 2894 3445 aquarum
2933 3376 3147 3446 copiam
3195 3374 3472 3444 intelligit.

2149 3563 2313 3616 Vens.
2351 3558 2439 3614 16.
2480 3557 2547 3611 Et
2593 3557 2778 3613 eduxit
2814 3572 3004 3623 aquam
3049 3554 3112 3609 de
3146 3563 3319 3623 petra,
3366 3566 3415 3608 et
3470 3552 3658 3607 eduxit

2080 3670 2330 3726 tanquam
2367 3654 2594 3722 ﬂumina
2645 3668 2831 3721 aquas.
2876 3649 2989 3704 iloc
3023 3656 3108 3704 cst
3139 3648 3283 3703 aliud
3321 3646 3653 3702 miraculum

2080 3750 2284 3804 factum
2312 3749 2365 3802 iu
2397 3746 2634 3806 Choreb.
2658 3755 2716 3798 ut
2746 3744 2985 3798 traditur
3011 3745 3064 3796 in
3093 3742 3240 3797 libro
3262 3741 3651 3796 Numerorum.

2078 3843 2169 3898 Bis
2196 3842 2398 3897 etenim
2437 3840 2543 3896 illis
2577 3838 2718 3893 Deus
2752 3854 2950 3909 aquam
2987 3835 3181 3891 eduxit
3210 3851 3239 3890 e
3276 3846 3449 3903 petra,
3475 3834 3657 3888 diver-

2078 3937 2266 4004 sisque
2303 3934 2646 4002 temporibus
2677 3941 2730 3986 et
2767 3932 2927 3985 locis.
2979 3929 3042 3983 Et
3104 3934 3259 3983 locus
3301 3928 3520 3997 quidem
3561 3925 3656 3980 ille

2078 4030 2131 4083 in
2161 4026 2401 4091 Cboreb,
2436 4024 2528 4079 ubi
2567 4025 2693 4079 data
2727 4032 2812 4078 est
2846 4037 3012 4092 aqua,
3048 4020 3354 4090 appellatus
3388 4028 3493 4080 est,
3518 4015 3658 4071 Ten-

2078 4120 2232 4185 tatio,
2268 4128 2322 4174 et
2352 4116 2699 4187 Objurgatio.
2734 4114 3112 4169 Tentavcruot
3139 4111 3284 4166 enim
3338 4110 3452 4163 illic
3479 4108 3652 4163 Deum

2074 4212 2271 4277 Judaei,
2321 4210 2641 4280 probantes
2684 4207 2946 4262 nimirum
3008 4205 3159 4258 illius
3219 4202 3548 4273 potentiam,
3597 4208 3653 4257 et

2076 4304 2363 4361 miraculis
2410 4301 2650 4355 nondum
2692 4298 3002 4358 credentes,
3054 4310 3177 4364 quae
3209 4295 3262 4347 in
3311 4292 3648 4363 praeteritum

390 4400 626 4471 Μωῦσῇ,
660 4402 739 4465 ὡς
764 4403 1085 4471 ἐξαγαγόντι
1118 4405 1318 4467 αὐτοὺς
1348 4406 1404 4473 ἐξ
1456 4383 1747 4475 Αἰγύπτου.
1766 4413 1846 4474 εἰς
1873 4383 1973 4473 τάξ

2077 4397 2280 4465 smpius
2331 4394 2540 4447 fecerat
2588 4398 2691 4445 :et
2738 4389 3172 4456 objurgareruut
3210 4385 3457 4456 Moysen,
3504 4383 3653 4452 quod

388 4493 657 4563 ἐρήμους.
700 4495 791 4546 Ἐν
820 4495 876 4547 δὲ
908 4496 1123 4566 Κάδδης
1151 4496 1446 4569 ὠνομάσθη
1483 4500 1679 4569 ’Ὑδωρ
1730 4502 1965 4555 ἀντιλο-

2076 4506 2140 4543 ex
2198 4487 2434 4557 Egyplo
2496 4485 2550 4538 iu
2591 4493 2702 4536 tam
2743 4482 2963 4536 deserta
3012 4495 3109 4533 eos
3148 4479 3267 4531 loca
3303 4476 3649 4531 deduxisset.

385 4584 549 4654 τίας,
573 4585 658 4637 ὅτι
688 4586 982 4652 ἀντέλεγον
1007 4587 1086 4657 τῷ
1111 4588 1228 4659 Θεῷ
1247 4593 1305 4644 έν
1329 4592 1406 4661 τῷ
1428 4592 1745 4661 γογγύζειν.
1789 4595 1846 4647 Ὀ
1873 4595 1972 4664 μὲν

2076 4581 2258 4637 Locus
2291 4593 2421 4634 vero
2466 4577 2557 4631 ille
2601 4577 2655 4630 iu
2689 4575 2887 4640 Cades,
2938 4574 3030 4627 ubi
3065 4587 3207 4639 aqua
3245 4571 3409 4623 etiam
3446 4569 3653 4638 populo

386 4674 501 4746 γὰρ
534 4675 758 4729 ἐκέλευε
798 4677 1087 4730 πείθεσθαι
1123 4681 1286 4747 μόνον
1328 4684 1440 4744 τοῖς
1480 4683 1649 4736 αὑτοῦ
1689 4662 1972 4754 προσταγ-

2076 4676 2198 4729 data
2233 4679 2338 4736 est,
2376 4669 2678 4740 appellatus
2737 4674 2823 4721 est
2880 4665 3030 4736 Aqua
3069 4662 3507 4719 contradictionis
3537 4677 3556 4714 :
3584 4676 3653 4716 eo

391 4781 588 4835 μασιν,
612 4767 709 4820 καὶ
739 4766 965 4838 θαρρεῖν
998 4770 1151 4838 αὐτῷ
1177 4786 1193 4803 ο
1219 4773 1268 4825 οἱ
1298 4771 1355 4825 δὲ
1397 4774 1711 4844 ἀπρόθυμοί
1742 4793 1803 4828 τε
1833 4771 1975 4848 ἦσαν

2076 4765 2219 4834 quod
2249 4763 2696 4819 contradicerent
2736 4757 2849 4812 Deo
2881 4755 3095 4811 Hebraei
3123 4765 3178 4811 et
3217 4761 3650 4809 murmurarent.

388 4858 474 4919 εις
500 4857 563 4909 τὸ
591 4855 934 4926 πειθαρχεῖν.
971 4859 1069 4913 καὶ
1095 4860 1217 4913 οὐδὲ
1266 4858 1414 4932 εἶχον
1455 4863 1705 4936 θαρρεῖν.
1737 4867 1849 4932 Τὴν
1878 4867 1976 4935 μὲν

2076 4858 2143 4912 Ει
2173 4858 2317 4913 Deus
2348 4855 2566 4925 quidem
2608 4866 2704 4907 eos
2733 4850 2989 4920 iubebat,
3018 4857 3080 4903 ut
3113 4848 3229 4903 suis
3256 4854 3470 4902 tantum
3508 4860 3651 4914 prino

385 4948 680 5021 διάρρηξιν
706 4950 803 5019 τῆς
838 4948 1118 5024 θαλάσσης
1149 4952 1241 5007 καὶ
1267 4953 1378 5008 τῶν
1414 4955 1632 5026 πετρῶν
1668 4957 1696 5010 ὁ
1725 4957 1856 5021 Θεὸς
1887 4957 1976 5012 διὰ

2077 4951 2250 5019 ceptis
2284 4957 2565 5017 parerent,
2599 4952 2773 5013 utque
2804 4945 2858 4996 in
2889 4956 2958 4996 eo
2995 4940 3365 5004 conﬁderent,
3410 4937 3486 4992 illi
3522 4951 3653 4990 vero

385 5042 636 5104 Μωσέως
664 5040 1012 5096 ἐπετέλεσεν.

2076 5051 2131 5097 et
2188 5053 2381 5110 parere
2417 5032 2792 5103 negligebant,
2824 5038 2879 5086 et
2925 5031 3135 5086 nullam
3172 5029 3225 5082 in
3261 5043 3326 5082 eo
3377 5027 3653 5080 habebant

2078 5132 2264 5188 fidem.
2295 5129 2446 5184 lianc
2478 5135 2661 5181 autem
2696 5124 2865 5180 maris
2889 5131 2944 5179 et
2975 5136 3243 5192 aquarum
3286 5115 3648 5183 interruptio-

2078 5240 2202 5281 nem
2233 5238 2329 5292 pcr
2355 5220 2576 5288 Moysen
2612 5218 2759 5275 Deus
2784 5225 3046 5286 operatus
3083 5223 3186 5269 est.

466 5311 577 5365 Kal
640 5312 1010 5380 προσέθεντο
1069 5313 1157 5367 ἔτι
1211 5312 1315 5369 τοῦ
1371 5314 1736 5384 ἁμαρτάνειν
1792 5315 1975 5380 αὑτῷ.

2151 5313 2319 5369 Vens.
2352 5313 2441 5367 17.
2476 5310 2544 5364 Et
2575 5315 2932 5379 opposuerunt
2962 5305 3138 5359 adhuc
3163 5318 3380 5374 peccare
3401 5301 3469 5355 ei.
3497 5299 3646 5365 Qua-

387 5404 718 5472 Περιττεὺει
746 5403 809 5457 τὸ
835 5403 972 5459 Τοῦ.
1005 5404 1096 5469 Ὠς
1118 5404 1177 5459 δὲ
1208 5407 1569 5477 ἐγνωσμένων
1591 5407 1692 5479 ἤδη
1708 5407 1817 5462 τῶν
1841 5425 1976 5477 προ-

2081 5409 2126 5465 si
2158 5422 2349 5464 eorum
2382 5406 2512 5460 vitia
2547 5421 2611 5460 ex
2638 5405 2796 5459 libris
2823 5398 3018 5470 Moysi,
3046 5397 3184 5451 satis
3219 5396 3478 5450 omnibus
3507 5399 3638 5447 nota

385 5494 676 5549 λαϐουσῶν
706 5496 996 5566 ἁμαρτιῶν
1018 5498 1198 5552 αὐτῶν
1232 5498 1342 5554 ἀπὸ
1371 5502 1472 5570 τῆς
1506 5501 1810 5570 Μωσαῖκῆς
1847 5515 1970 5567 συγ-

2079 5499 2213 5560 siut.
2265 5497 2420 5563 dicit,
2463 5495 2531 5550 Et
2568 5498 2927 5565 opposuerunt
2990 5488 3184 5544 adhuc.
3237 5486 3434 5554 Qualia
3463 5490 3651 5551 autem

386 5587 638 5657 γραφῆς,
693 5589 1148 5661 ἀπαρατηρήτως
1175 5585 1320 5660 εἶπε,
1366 5591 1449 5658 τὸ,
1483 5592 1614 5648 Ἔτι
1644 5608 1658 5624 ·
1728 5593 1889 5647 ὁποῖα
1912 5591 1971 5645 δὲ

2082 5591 2450 5666 peccaverint,
2487 5590 2632 5645 audi.

386 5679 477 5737 εει
509 5679 786 5749 ἥμαρτον,
806 5678 1062 5735 ἄκουσον.

474 5855 521 5901 δ’
563 5855 729 5913 Num.
761 5872 881 5920 χιιι,
906 5857 997 5918 23.
