4064 6428
433 345 547 409 803

1679 336 2063 400 EUTHYMII
2100 334 2471 397 ZIGABENI

3613 328 3722 394 804

428 454 691 509 Christus
733 451 926 507 dicens
963 448 1201 506 :Patres
1248 447 1411 503 vestri
1469 447 1926 502 manducareruut
1961 447 2013 498 in

2138 448 2354 511 ικεῖνος,
2396 443 2563 497 πάλιν
2591 443 2759 514 φησίν
2793 459 2805 473 ⁸
2828 446 2895 498 01
2918 439 3170 512 πατέρες
3207 435 3376 512 ὑμῶν
3397 440 3628 513 ἔφατον
3649 446 3721 495 ἐν

431 547 641 601 deserto
675 559 912 606 manna,
955 550 1005 596 et
1038 541 1235 594 πιοτιυὶ
1288 548 1435 592 sunt.
1490 537 1594 591 llic
1645 548 1721 592 est
1775 540 1927 605 panis
1958 537 2022 590 de

433 635 565 690 caelo
596 633 914 687 descendens
939 671 954 696 ,
997 642 1055 685 ut
1088 632 1329 702 quisquis
1357 645 1423 684 ea:
1460 646 1519 683 eo
1572 630 1878 692 manducet,
1917 644 2022 682 non

435 728 706 779 moriatur
733 724 800 776 ³⁸.
834 723 1162 791 Postquam.
1190 721 1393 790 inquit,
1437 721 1470 774 ii
1514 721 1608 789 qui
1652 735 1855 774 manna
1887 719 2020 772 illud

437 815 850 870 nianducabant
916 814 1120 867 mortui
1164 821 1314 877 sunt,
1343 820 1518 865 resmt
1544 821 1602 864 ut
1631 810 1874 864 cmlestis
1899 824 2025 878 pro-

434 910 551 979 prie
587 908 747 978 ponis
789 921 899 959 nou
929 905 1025 971 sit,
1056 920 1156 959 nec
1193 903 1515 972 angelorum
1558 902 1738 957 cibus.
1772 901 1834 955 Et
1870 900 2025 953 dein-

432 1015 563 1070 ceps
623 1000 824 1053 ibidem
887 997 1257 1067 consequitur
1310 1013 1325 1050 :
1380 993 1491 1065 Ego
1560 1009 1678 1049 sum
1736 993 1890 1061 panis
1944 993 2022 1047 ri-

433 1092 588 1157 tce",
611 1100 718 1146 etc.

504 1186 721 1240 Cibaria
776 1185 916 1239 misit
941 1184 1014 1238 eis
1067 1183 1123 1237 in
1175 1181 1587 1236 abundantiam.
1636 1179 1900 1236 Confecta
1938 1179 2023 1233 ni-

437 1283 636 1335 mirum
671 1295 733 1333 ex
769 1294 991 1344 manna,
1026 1276 1132 1331 boc
1157 1284 1262 1341 est,
1298 1292 1518 1345 panem.

507 1462 673 1516 Vens.
706 1459 907 1512 (ἐϋ-51.
961 1456 1258 1512 Transtulit
1302 1454 1504 1509 Nolunt
1562 1455 1625 1508 de
1674 1454 1824 1509 cwlo.
1865 1463 1914 1506 et
1945 1454 2053 1507 ἔοι--

434 1555 584 1607 tittin
617 1553 671 1604 in
704 1552 899 1605 virtute
955 1566 1055 1605 sua
1090 1549 1330 1618 Africum
1363 1564 1381 1603 :
1421 1557 1470 1602 et
1511 1547 1647 1617 pluit
1709 1562 1868 1616 super
1911 1560 2021 1610 eos,

434 1645 592 1715 quasi
625 1642 887 1708 pulcerem
930 1656 1140 1707 carnes,
1181 1649 1229 1693 et
1292 1640 1445 1708 quasi
1482 1655 1697 1691 arenam
1729 1636 1894 1690 utaris
1932 1652 2023 1688 vo-

433 1738 610 1792 latilia
636 1738 786 1791 alata
821 1752 839 1790 :
867 1745 914 1789 et
947 1735 1133 1789 cecidit
1166 1734 1220 1787 in
1262 1736 1492 1787 medium
1525 1742 1820 1786 castrorum
1844 1746 2025 1785 eorum

2124 541 2200 610 τῇ
2228 539 2429 610 ἐρήμῳ
2453 539 2521 594 τὸ
2548 540 2775 609 μάννα,
2818 539 2918 592 καὶ
2956 538 3285 593 ἀπέθανον.
3327 530 3516 600 Οὗτός
3548 535 3726 589 ἐστιν

2125 638 2159 690 o’
2192 632 2369 702 άρτος
2409 635 2444 687 ὁ
2466 632 2536 686 ἐκ
2566 631 2675 685 τοῦ
2709 629 2975 699 οὐρανοῦ
3011 628 3417 694 καταϐαίνων,
3446 628 3550 681 ἵνα
3620 628 3723 695 τις

2124 726 2193 791 ἐξ
2234 722 2424 781 αὑτοῦ
2468 722 2655 795 φάγῃ,
2715 722 2817 777 καὶ
2876 722 2963 792 μὴ
3020 720 3324 788 ἀποθάνῃ.
3396 720 3553 775 Ἐπεὶ
3590 723 3722 791 γὰρ,

2126 818 2319 890 φησὶν,
2346 818 2621 887 φαγόντες
2656 817 2869 869 ἐκεῖνον
2893 814 3198 875 ἀπέθανον,
3237 813 3337 866 οὐκ
3393 808 3464 884 ἦν
3508 813 3725 883 κυρίως

2125 911 2402 983 οὐράνιος,
2441 910 2565 963 οὐδὲ
2603 908 2857 977 ἀγγέλων
2887 908 3093 978 τροφή.
3127 900 3260 960 Εἶτα
3291 906 3443 974 λέγει
3506 906 3674 961 πάλιν
3706 921 3720 936 ⁸

2154 1004 2303 1073 Ἐγώ
2328 1005 2446 1072 ειμι
2474 1005 2507 1057 ό
2536 1000 2709 1069 ἄρτος
2741 999 2853 1068 τῆς
2885 998 3060 1069 ζωῆς,
3090 1000 3187 1055 καὶ
3211 1000 3275 1053 τὰ
3291 998 3440 1068 ἑξῆς.

2210 1180 2628 1251 Ἐπισιτισμόν
2672 1177 3046 1234 ἀπέστειλεν
3101 1178 3315 1245 αὐτοῖς
3389 1179 3480 1244 εις
3570 1181 3729 1244 πλη-

2127 1276 2393 1344 σμονήν.
2466 1270 2873 1343 Ἐπισιτισμδν,
2932 1272 3026 1325 τὸν
3076 1271 3143 1327 ἐκ
3201 1270 3301 1325 τοῦ
3361 1270 3566 1341 μάννα,
3605 1273 3730 1342 ἦτοι

2127 1370 2317 1438 ἄρτον.

2212 1459 2428 1530 Ἀπῇρε
2450 1461 2632 1514 νότον
2646 1458 2717 1525 ἐξ
2751 1456 3014 1527 οὐρανοῦ
3056 1456 3157 1510 καὶ
3206 1455 3515 1528 ἐπήγαγεν
3558 1457 3629 1512 ἐν
3654 1453 3730 1526 τῇ

2129 1553 2386 1623 δυνάμει
2414 1552 2604 1607 αὑτοῦ
2629 1552 2792 1613 λίϐα,
2815 1549 2914 1604 καὶ
2937 1548 3189 1618 ἔϐρεξεν
3214 1549 3308 1603 ἐπ’
3327 1549 3552 1615 αὐτοὺς
3581 1549 3729 1603 ὡσεὶ

2130 1647 2324 1717 χνοῦν
2357 1645 2617 1713 σάρκας,
2646 1643 2745 1697 καὶ
2762 1643 2909 1697 ὡσεὶ
2973 1641 3175 1711 ἄμμον
3231 1641 3570 1697 θαλασσῶν
3624 1657 3732 1695 πε-

2130 1737 2297 1793 τεινὰ
2344 1734 2655 1804 πτερωτάο
2719 1734 2817 1787 καὶ
2878 1732 3184 1787 ἐπέπεσεν
3236 1736 3323 1797 εὶς
3373 1734 3570 1803 μέσον
3618 1730 3731 1800 τῆς

432 1831 491 1884 in
536 1831 763 1884 circuitu
805 1828 1267 1882 tabernaculorum
1319 1841 1521 1890 eorum,
1556 1834 1605 1878 et
1664 1824 2022 1885 comederunt,

2138 1827 2519 1900 παρεμϐολῆς
2609 1823 2812 1881 αὐτῶν
2881 1827 3090 1893 κύκλῳ
3152 1824 3273 1878 τῶν
3316 1823 3734 1893 σκηνωμάτων

433 1929 486 1974 et
543 1920 745 1990 impleti
779 1930 900 1973 sunt
934 1919 1107 1980 ualde,
1141 1926 1190 1970 cl
1241 1917 1560 1970 desiderium
1606 1932 1787 1970 eorum
1843 1915 2026 1968 attulit

433 2014 512 2067 eis
552 2025 570 2064 :
611 2029 714 2066 non
747 2021 869 2064 sunt
902 2010 1100 2079 privati
1147 2026 1178 2062 a
1211 2009 1474 2062 desiderio
1513 2024 1629 2062 suo.
1669 2008 1882 2079 Moyses
1904 2007 2027 2077 qni-

437 2104 559 2158 dem
612 2104 666 2157 in
702 2101 961 2156 Numeris
1011 2101 1087 2154 ait
1120 2115 1135 2153 :
1168 2098 1304 2153 Ecce
1336 2101 1556 2167 spiritus
1585 2118 1617 2152 ιι
1656 2100 1905 2154 Domino.
1959 2095 2026 2150 Et

438 2197 660 2250 immisit
708 2197 1004 2250 coturnices
1070 2212 1101 2246 a
1146 2194 1308 2257 mari,
1345 2209 1394 2248 et
1434 2192 1646 2260 impulit
1680 2194 1733 2245 in
1764 2201 1942 2246 castra
1959 2191 2027 2255 ⁸⁸,

438 2299 494 2343 et
532 2305 655 2359 qua:
704 2296 1035 2358 sequuntur.
1074 2288 1276 2343 Beatus
1310 2302 1438 2340 vero
1469 2286 1636 2342 David
1681 2287 1848 2340 Deum
1890 2285 2031 2339 diri-

438 2384 581 2437 sisse
627 2383 762 2439 dicit
792 2383 1070 2452 spiritum,
1105 2381 1209 2435 hoc.
1269 2391 1377 2443 est,
1419 2388 1668 2445 ventum,
1723 2381 1778 2433 in
1822 2377 2024 2433 Notum

440 2480 702 2531 nimirum
749 2486 914 2546 atque
957 2478 1013 2529 in
1068 2475 1320 2529 Africum
1358 2492 1373 2528 :
1407 2477 1499 2544 qui
1535 2474 1680 2528 venti
1714 2474 1888 2528 calida
1912 2489 2034 2544 per-

440 2570 573 2624 ﬂant
604 2568 1221 2633 loca,ubicoturnicum
1243 2582 1413 2635 genus
1434 2575 1699 2620 moratur.
1733 2562 2035 2618 Transtulit

442 2670 624 2716 autem
675 2660 897 2724 Notum,
939 2660 1042 2713 hoc
1099 2666 1205 2722 est,
1239 2657 1539 2711 commovit
1582 2667 1751 2727 atque
1806 2656 2033 2711 immisit

441 2769 591 2810 eum.
634 2753 854 2808 Pluisse
894 2767 1023 2806 vero
1062 2751 1222 2817 dicit,
1255 2751 1383 2821 quia
1434 2751 1756 2804 coturnices
1790 2765 2033 2819 superne

443 2862 474 2901 e
504 2847 646 2903 emlo
678 2854 847 2915 atque
893 2845 1205 2910 condensm,
1243 2845 1417 2900 instar
1465 2843 1662 2913 pluviae
1720 2842 2031 2912 cujusdam,

442 2936 784 2993 ferebantur.
849 2936 914 2990 Et
966 2938 1094 3007 quia
1144 2939 1385 2990 maxima
1423 2945 1541 2989 erat
1598 2951 1787 2989 earum
1850 2933 2032 3003 cepia,

446 3030 659 3099 pulveri
702 3046 796 3085 eas
828 3041 882 3085 et
914 3045 1095 3084 arena:
1147 3030 1317 3083 maris
1347 3029 1511 3082 etiam
1546 3030 1909 3096 compararit.
1933 3027 2038 3082 Tot

2131 1921 2350 1976 αὐτῶν.
2386 1920 2499 1976 Kal
2519 1920 2750 1989 ἔφαγον
2779 1918 2880 1972 καὶ
2913 1916 3397 1985 ἐνεπλήσθησαν
3467 1914 3730 1984 σφόδρα.

2133 2014 2233 2070 καὶ
2256 2015 2371 2083 τὴν
2397 2012 2726 2081 ἐπιθυμίαν
2773 2011 2976 2065 αὐτῶν
3013 2009 3276 2078 ἤνεγκεν
3319 2008 3547 2073 αὐτοῖς.
3607 2010 3735 2063 Οὐκ

2128 2107 2561 2176 ἐστερήθησαν
2636 2104 2757 2158 ἀπὸ
2819 2101 2928 2171 τῆς
3003 2104 3328 2172 ἐπιθυμίας
3380 2100 3601 2156 αὐτῶν.
3675 2101 3735 2153 ’0

2139 2201 2502 2272 μὲνΜωῢςῆς
2536 2199 2595 2251 ἐν
2633 2197 2921 2268 Ἀριομοῖς
2945 2213 3105 2267 φησι.
3135 2196 3243 2250 Καὶ
3281 2196 3521 2266 πνεῦμα
3573 2194 3739 2262 παρὰ

2135 2292 2385 2360 Κυρίου,
2417 2291 2516 2343 καὶ
2552 2287 2926 2358 ἐξεπέρησεν
2947 2288 3403 2358 ὀρτυγομήτραν
3454 2286 3575 2342 ἀπὸ
3623 2284 3740 2352 τῆς

2137 2381 2487 2449 θαλάσσης,
2519 2382 2620 2436 καὶ
2652 2380 2953 2436 ἐπέϐαλεν
2998 2381 3101 2435 ἐπὶ
3151 2380 3268 2449 τὴν
3323 2377 3737 2449 παρεμϐολὴν,

2137 2480 2235 2533 καὶ
2257 2478 2328 2531 τὰ
2361 2476 2508 2545 ἑξῆς.
2546 2475 2713 2528 Δαϐτδ
2750 2474 2808 2527 δὲ
2842 2474 3032 2545 διῆλεν
3065 2474 3126 2527 τὸ
3168 2474 3396 2545 πνεῦμα
3449 2475 3531 2535 εἰς
3583 2472 3741 2525 νότον

2139 2571 2238 2625 καὶ
2269 2570 2397 2622 λίϐα
2430 2587 2443 2601 ·
2473 2562 2620 2622 οὗτοι
2684 2567 2794 2637 γὰρ
2853 2568 2983 2630 τοὺς
3042 2566 3283 2639 θερμοὺς
3330 2565 3742 2619 καταπνέουσιν

2138 2662 2371 2737 τόπουςς
2408 2661 2466 2711 ἐν
2495 2655 2579 2720 οἷς
2604 2657 2882 2711 διαιτᾶται
2904 2657 2966 2711 τὸ
2990 2658 3151 2727 γένος
3174 2657 3273 2727 τῆς
3293 2657 3742 2728 ὀρτυγομήτρας.

2141 2754 2216 2806 Τὸ
2252 2753 2437 2820 μέντοι
2489 2749 2772 2817 Ἐπῆρεν,
2804 2751 2927 2804 ἀντὶ
2955 2748 3076 2815 τοῦ,
3137 2748 3446 2819 Ἑκίνησεν.
3509 2749 3741 2818 Ἐὗρεξε

2141 2843 2199 2898 δὲ
2221 2840 2482 2905 εἷπε,διά
2522 2842 2584 2896 τὸ
2646 2841 2805 2912 δίκην
2861 2840 3070 2913 βροχῆς
3119 2839 3328 2894 ἄνωθεν
3383 2840 3607 2903 πυκνῶς
3645 2842 3742 2892 καὶ

2146 2934 2394 3004 συνεχῶς
2427 2931 2866 3003 καταφέρεσθαι.
2915 2930 3066 2985 Ὠσεὶ
3122 2929 3288 3000 χνοῦν
3345 2928 3401 2982 δὲ
3448 2931 3543 2984 καὶ
3600 2929 3742 2999 ὡσεὶ

2146 3026 2335 3097 ἄμμον
2376 3026 2466 3080 διὰ
2486 3027 2590 3096 τὴν
2633 3024 2927 3094 δαψίλειαν
2956 3025 3049 3076 καὶ
3069 3024 3130 3077 τὸ
3159 3023 3276 3078 ἀλλ’
3334 3023 3424 3076 ἐπ’
3452 3024 3685 3094 ἄλλη).ον
3723 3041 3739 3056 ο

441 3126 641 3193 quippe
683 3124 941 3179 immissut
967 3135 1120 3185 sunt,
1158 3133 1214 3178 ut
1249 3132 1506 3178 sexcenta
1526 3122 1692 3176 millia
1729 3122 2035 3185 heminam,

2148 3120 2451 3188 ἑξακοσίας
2475 3121 2586 3190 γὰρ
2618 3120 2871 3191 χιλιάδας
2898 3120 2997 3175 καὶ
3029 3119 3425 3183 πεντακοσίους
3486 3122 3579 3173 καὶ
3608 3136 3746 3174 πεν-

441 3226 499 3273 et
535 3217 818 3287 quingenti
861 3217 1263 3287 quinquaginta
1320 3216 1385 3268 ad
1422 3215 1773 3269 saturitatem
1830 3229 1896 3267 ex
1960 3214 2042 3268 eis

443 3312 538 3364 diu
582 3309 772 3363 nutriti
814 3310 949 3363 sint.
1004 3307 1178 3377 Usque
1229 3307 1298 3361 ad
1354 3324 1582 3367 mensem
1624 3311 1797 3371 enim,
1841 3306 2042 3376 inquit,

441 3400 651 3452 dierum
681 3402 1020 3463 manducale,
1040 3405 1200 3451 donec
1227 3406 1379 3451 exeat
1421 3412 1486 3450 ex
1517 3397 1734 3451 naribus
1766 3397 1951 3450 vestris
1974 3396 2041 3446 ⁸³.

445 3494 697 3549 Totidem
734 3495 936 3561 quippe
976 3501 1138 3545 erant
1192 3492 1245 3543 iu
1279 3506 1347 3544 eo
1402 3490 1605 3560 populo
1667 3490 1919 3544 homines
1974 3488 2042 3543 ad

446 3586 652 3641 bellum
709 3584 917 3649 idonei,
972 3598 1002 3636 a
1038 3584 1233 3653 viginti
1295 3583 1456 3637 annis
1507 3592 1562 3637 et
1613 3598 1805 3651 supra,
1834 3583 2043 3651 absque

449 3676 648 3729 minori
694 3684 877 3738 artate,
912 3683 966 3728 et
1005 3672 1354 3736 mulieribus,
1391 3681 1446 3726 et
1475 3677 1590 3726 tota
1623 3671 1769 3725 tribu
1806 3669 2043 3726 Levi.ln

450 3767 634 3822 medio
666 3782 849 3821 autem
892 3775 1207 3822 castrorum
1247 3774 1301 3819 et
1363 3766 1417 3818 in
1450 3764 1686 3819 circuitu
1714 3765 2047 3820 tabernacu-

452 3864 657 3925 lorum,
687 3859 911 3930 pltlebal
944 3858 1086 3913 Deus
1125 3856 1257 3912 illud
1297 3872 1526 3921 manna,
1564 3872 1633 3911 ne
1679 3855 2046 3926 fatigarentur

448 3954 780 4023 colligendo.
828 3952 894 4007 Et
937 3968 1032 4021 per
1063 3961 1248 4007 castra
1304 3951 1550 4019 quidem,
1597 3951 1916 4006 universum
1953 3967 2046 4006 ex-

448 4047 685 4100 ercitum
742 4046 1021 4115 intelligit,
1073 4060 1168 4113 per
1216 4043 1565 4099 tabernacula
1626 4059 1781 4111 .vero,
1830 4044 2044 4115 privata

447 4138 750 4208 cujuslibet
770 4140 1029 4195 tentoria.
1072 4137 1132 4193 Et
1164 4139 1310 4208 quod
1338 4140 1434 4204 ait,
1472 4139 1728 4194 attulisse
1761 4139 1841 4193 eis
1876 4137 2047 4192 Deum

447 4230 785 4285 desiderium
837 4243 1057 4293 corium,
1097 4244 1232 4284 sane
1287 4230 1556 4301 intellige,
1592 4229 1739 4299 quod
1772 4244 1836 4284 ea
1869 4245 1900 4284 a
1935 4229 2045 4283 Deo

449 4323 779 4389 receperint,
826 4321 896 4375 ob
949 4337 1075 4390 qua:
1115 4320 1482 4385 desiderium,
1534 4333 1592 4377 et
1641 4323 2046 4393 concupiscen-

448 4411 578 4462 tiam
616 4426 769 4463 suum
807 4410 1266 4477 adimplcvernut.
1303 4410 1502 4465 Attulit
1559 4414 1709 4466 enim
1741 4413 1822 4467 eis
1870 4411 2038 4477 Deus,

2143 3216 2389 3285 τήκοντα
2417 3214 2653 3286 ἔθρεψεν
2686 3216 2768 3277 εἰς
2804 3216 2971 3284 κόρον
3024 3214 3119 3266 ἐπὶ
3179 3212 3314 3266 πολύ
3351 3228 3366 3242 ·
3414 3214 3556 3284 Φησὶ
3583 3214 3693 3285 γάρ
3725 3230 3743 3245 ⁸

2146 3311 2302 3378 Ἕως
2339 3310 2541 3380 μηνὸς
2562 3309 2800 3380 ἡμερῶν
2820 3308 3109 3380 φάγεσθε,
3140 3308 3254 3375 ἕως
3293 3307 3368 3364 ἂν
3419 3309 3641 3379 ἐξέλθῃ
3668 3309 3742 3364 ἐκ

2142 3403 2263 3458 τῶν
2285 3402 2621 3474 μυκτήρων
2647 3402 2836 3472 ἡμῶν.
2875 3402 3137 3456 Τοσοῦτοι
3172 3403 3231 3456 δὲ
3260 3397 3406 3474 ἦσαν
3434 3404 3485 3456 oi
3508 3404 3742 3473 πολεμι-

2146 3496 2291 3561 σταὶ,
2329 3494 2437 3547 ἀπὸ
2476 3494 2654 3548 εἴκοσι
2710 3494 2867 3557 ἔτους
2916 3496 3011 3548 καὶ
3067 3496 3353 3564 ἀνωτέρω,
3405 3494 3580 3566 χωρὶς
3640 3495 3747 3565 τῆς

2144 3587 2470 3657 κατωτὲρας
2505 3586 2748 3656 ἡλικίας,
2776 3587 2872 3640 καὶ
2924 3587 3032 3640 τῶν
3086 3589 3394 3656 γυναικῶν,
3453 3588 3549 3640 καὶ
3608 3588 3748 3657 ὅλης

2142 3682 2245 3750 τῆς
2276 3679 2453 3750 φυλῆς
2475 3679 2569 3732 τοῦ
2612 3679 2746 3733 Λευῖ
2774 3696 2789 3711 ο
2817 3680 2877 3732 ὲν
2909 3680 3061 3751 μέσῳ
3119 3679 3176 3732 δὲ
3207 3679 3306 3749 τῆς
3361 3678 3743 3750 παρεμϐολῆ·,

2144 3776 2245 3829 καὶ
2267 3773 2458 3844 κύκλῳ
2492 3772 2603 3826 τῶν
2641 3772 3047 3843 σκηνωμάτων,
3084 3773 3173 3825 ἵνα
3206 3773 3280 3844 μὴ
3310 3774 3574 3844 κάμνοιεν
3613 3774 3746 3826 συὶ-
3798 3792 3803 3795 ·

2142 3867 2400 3935 λέγοντες
2426 3882 2440 3897 ·
2470 3866 2565 3919 καὶ
2595 3864 2956 3936 παρεμϐολὴν
2973 3864 3073 3935 μὲν
3096 3864 3219 3919 ὅλον
3239 3864 3301 3918 τὸ
3338 3860 3737 3936 στρατόπεδον·

2146 3964 2487 4030 σκηνώματα
2514 3958 2593 4020 δὲ,
2627 3960 2684 4011 αἱ
2718 3952 3057 4027 καταγωγαῖ
3086 3957 3220 4011 ἰδίου
3276 3957 3530 4013 ἑκάστου.
3582 3957 3742 4009 Ἐπι-

2148 4052 2355 4121 ουμὶαν
2389 4051 2449 4105 δὲ
2477 4050 2630 4118 λέγει
2668 4048 2786 4113 νῦν,
2810 4050 2873 4102 τὸ
2903 4049 3260 4120 ἀποτέλεσμα
3284 4049 3384 4117 τῆς
3408 4048 3739 4119 ἐπιθυμίας,

2144 4146 2452 4213 τουτέστιν,
2483 4147 2545 4199 τὸ
2576 4142 2983 4213 ἐπιθυμητικόν
3015 4160 3030 4175 ·
3068 4144 3145 4206 ὡς
3203 4142 3298 4195 καὶ
3354 4143 3382 4194 ὁ
3436 4140 3743 4203 ἀπόστολος

2145 4234 2362 4298 Παῦλος
2394 4232 2778 4303 φησιν·Ἠδὲ
2827 4232 3007 4299 ἐλπὶς
3059 4234 3130 4286 οὐ
3188 4232 3600 4300 καταισχύνει.
3667 4231 3743 4283 Τὸ

2145 4324 2501 4397 ἀποτέλεσμα
2558 4323 2736 4392 λέγων
2806 4325 2907 4396 τῆς
2962 4322 3203 4387 ἐλπίδος.
3252 4323 3321 4377 Ὅ
3351 4323 3551 4376 ἔστιτὸ
3582 4323 3740 4376 tim-

2150 4418 2299 4473 στόν.

446 4502 597 4571 quod
635 4503 1304 4570 optabantzdesiderium
1367 4505 1532 4574 igitur
1587 4508 1774 4574 posuit
1815 4522 1916 4578 pro
1978 4525 2036 4567 re
2112 4511 2446 4576 desiderata,
2499 4509 2967 4581 quemadmodum
3014 4522 3068 4568 et
3138 4513 3344 4568 Paulus
3402 4528 3577 4584 spem,
3638 4526 3743 4584 pro

447 4610 683 4669 sperata).
715 4601 793 4654 rei
834 4601 1097 4655 lruitione
1124 4602 1294 4671 ponit,
1320 4602 1540 4671 quando
1559 4606 1635 4657 ait
1669 4623 1682 4658 :
1711 4604 1837 4671 Spes
1861 4617 2037 4661 autem
2080 4627 2180 4664 non
2212 4610 2502 4675 pudefacit.

524 4696 707 4750 Adhuc
723 4694 865 4750 esctc
888 4705 1039 4749 erant
1071 4697 1127 4749 in
1157 4713 1245 4750 ore
1274 4697 1595 4765 ipsornm,et
1616 4700 1697 4750 ira
1725 4699 1821 4754 Dei
1851 4718 2036 4755 ascen-
2064 4704 2117 4763 D

428 4788 531 4852 dit
569 4787 624 4839 in
662 4803 772 4852 eos,
806 4797 854 4840 et
887 4787 1079 4841 occidit
1110 4788 1287 4855 plures
1313 4804 1516 4853 eorum,
1546 4799 1595 4843 et
1623 4790 1815 4845 electos
1868 4791 2039 4846 Israel

451 4879 784 4945 compedivit.
813 4877 946 4932 Nam
969 4880 1070 4933 etsi
1104 4880 1349 4935 viderunt
1372 4884 1707 4946 coturnices,
1740 4882 2041 4938 divinaeta-

455 4987 600 5025 tuen.
633 4971 986 5040 promissioni
1042 4988 1149 5025 non
1198 4958 1588 5041 crediderunt,
1635 4977 1779 5043 quod
1832 4976 2044 5030 scilicet

454 5061 524 5114 ad
545 5073 791 5114 mensem
819 5076 994 5129 usque
1019 5060 1084 5114 ad
1112 5061 1417 5115 satietatem
1444 5062 1526 5117 bis
1553 5063 1745 5118 avibus
1766 5064 2040 5117 nutrit-udi

448 5160 665 5218 essent,
697 5153 789 5207 sed
826 5154 1125 5206 timuerunt
1179 5168 1247 5206 ne
1288 5154 1608 5209 abwlareut
1643 5171 1658 5220 ;
1693 5157 1775 5210 \el
1824 5171 1891 5208 ne
1932 5157 2043 5210 cito

448 5260 653 5299 omnes
678 5254 1143 5300 consumerentur
1201 5246 1543 5301 coturnices.
1578 5249 1759 5316 Atque
1792 5247 1915 5301 ideo
1948 5263 2038 5300 ea:-

449 5340 783 5394 siccauerunt
837 5354 925 5392 eos
975 5352 1067 5405 per
1116 5356 1305 5409 gyrum
1360 5352 1707 5403 castrorum;
1742 5349 1801 5391 et
1855 5356 2043 5393 carnes

2219 4705 2345 4758 Ἔτι
2376 4703 2485 4771 τῆς
2508 4703 2796 4770 βρώσεως
2827 4703 3022 4769 οὔσης
3048 4706 3116 4757 ἐν
3137 4703 3216 4770 τῷ
3236 4708 3485 4775 στόματι
3514 4706 3740 4771 αὐτῶν,

2146 4794 2416 4864 καὶόργὴ
2448 4793 2556 4848 τοῦ
2585 4796 2734 4849 Θεοῦ
2782 4796 2970 4863 ἀνέϐη
3017 4796 3111 4850 ἐπ’
3172 4798 3417 4863 αὐτοὺς,
3476 4799 3574 4852 καὶ
3621 4800 3741 4853 άπ-

2143 4886 2413 4941 έκτεινεν
2441 4887 2513 4941 ἐν
2542 4886 2669 4954 τοῖς
2687 4891 2973 4942 πλείοσιν
2995 4890 3219 4958 αὐτῶν,
3254 4893 3351 4946 καί
3388 4895 3531 4961 τοὺς
3562 4897 3742 4949 ἐκλε-

2149 4979 2331 5046 κτοὺς
2383 4981 2492 5035 τοῦ
2553 4981 2803 5049 Ἰσραὴλ
2856 4984 3289 5038 συνεπόδισεν.
3374 4987 3594 5051 Ἰδόντες
3638 4989 3742 5059 τὴν

2151 5074 2575 5145 ὀρτυγομήτραν
2638 5076 2739 5128 οὐκ
2787 5076 3121 5130 ἐπίστευσαν
3176 5081 3241 5148 τῇ
3280 5080 3588 5152 ἐπαγγελίᾳ
3638 5083 3737 5136 τοῦ

2152 5165 2290 5216 Θεοῦ
2327 5165 2710 5235 ὑποσχομένου
2742 5166 2904 5236 μέχρι
2953 5168 3125 5237 μηνὸς
3184 5169 3475 5241 διαθρέψαι
3537 5173 3740 5237 adesis;

2143 5257 2202 5308 ὲν
2233 5257 2372 5326 αὐτῇ
2403 5257 2482 5319 εἰς
2508 5257 2833 5329 πλησμονήν
2868 5274 2882 5291 ο
2934 5258 3077 5312 ἀλλά
3112 5261 3461 5333 φοϐηθέντες
3520 5265 3737 5334 μήποτε

2144 5348 2364 5417 ἀποπτῇ
2396 5347 2428 5417 ἢ
2462 5348 2716 5420 ἀναλωθῇ
2752 5351 3245 5420 πᾶσα,”Εψυξαν,
3274 5356 3463 5423 φησὶν,
3495 5355 3739 5422 ἑαυτοῖς

454 5432 650 5497 adhuc,
687 5431 1057 5502 inquit,erant
1096 5431 1460 5485 subdentibus
1494 5446 1696 5494 eorum,
1734 5430 2037 5499 priusquam

2146 5434 2429 5503 ψυγμοὺζν
2455 5436 2663 5504 κύκλῳ
2699 5437 2813 5507 τῆς
2868 5442 3283 5510 παρεμϐολῆς,
3336 5444 3539 5500 καὶτὰ
3590 5446 3740 5514 κρέα

454 5521 761 5588 deﬁcerent,
808 5533 861 5576 et
919 5521 1177 5576 Dominus
1241 5523 1410 5575 iratus
1460 5533 1540 5577 est
1589 5523 1640 5575 in
1672 5523 1949 5589 populum,
1997 5535 2037 5577 et

2144 5530 2232 5582 ἑτι
2268 5524 2347 5596 ἦν
2372 5528 2443 5582 ἐν
2481 5530 2608 5597 τοῖς
2643 5531 2901 5586 ὀδοῦσιν
2923 5534 3144 5602 αὐτῶν,
3199 5535 3342 5605 πρὶν
3372 5536 3410 5607 ἢ
3437 5538 3735 5594 ἐκλιπεῖν.

457 5614 716 5681 percussit
751 5613 1008 5669 Dominus
1056 5614 1310 5685 populum
1363 5615 1522 5685 plaga
1571 5632 1767 5685 magna
1808 5616 2037 5673 valde“.

2149 5618 2255 5671 Kal
2288 5620 2321 5671 ό
2352 5622 2571 5688 Κύριος
2613 5618 2885 5688 ἐθυμώθη
2923 5624 3010 5687 είς
3052 5625 3160 5677 τὸν
3219 5625 3393 5694 λαὸν,
3452 5628 3549 5680 καὶ
3592 5627 3742 5680 ἐπά-

519 5793 564 5824 ⁸⁶
586 5791 947 5856 Joan.w,49.
1024 5794 1067 5824 ⁸⁷
1103 5793 1244 5847 ibid.
1276 5794 1368 5860 55,
1390 5795 1477 5850 48.
1552 5797 1597 5827 ⁸⁸
1680 5810 1790 5850 nu“.
1829 5810 1903 5859 st,
1932 5796 2019 5848 51.
2097 5796 2143 5829 ⁸⁹
2175 5795 2308 5851 Ibid.
2336 5795 2427 5857 20.

2510 5798 2554 5831 ⁰⁰
2592 5798 2727 5852 ibid.
2758 5799 2847 5854 55.
