4064 6436
259 370 363 433 805

1440 359 1838 422 COMMENT.
1880 361 1962 423 IN
2004 361 2372 426 PSALMOS.

3407 360 3520 428 806

254 484 400 550 ταξε
434 483 648 551 Κύριος
678 480 787 535 τὸν
824 478 981 534 ,ιαὸν
1022 474 1228 546 πληγῇ
1272 474 1509 546 μεγάλῃ
1573 476 1830 545 σφόδρα.

1941 475 2075 533 Vide
2106 493 2219 549 quo
2258 486 2418 548 pacto
2467 487 2762 550 antequam
2789 492 2989 535 carnes
3034 487 3521 536 consumerentur.

255 577 401 645 Ὅρα
429 574 549 637 πῶς
577 573 708 644 πρὶν
736 569 1170 641 ἢδαπανηθῆναι
1230 567 1299 620 τὰ
1335 571 1394 622 ἐν
1454 569 1569 631 τοῖς
1618 567 1835 621 ὀδοῦσιν

255 668 438 721 αὐτῶν
472 665 635 737 κρέα,
663 666 1001 733 ἠπίστησαν,
1031 661 1419 730 ἐπιλαθόμενοι
1438 661 1540 728 τῆς
1571 659 1666 712 τοῦ
1698 657 1835 712 Θεοῦ

254 761 561 830 δυνάμεως.
590 757 682 811 Διὸ
706 755 804 809 καὶ
832 756 931 824 τῆς
958 753 1255 824 ἐπιθυμίας
1286 753 1470 807 αὐτῶν
1500 751 1838 823 ἐνεπλήσθη-

257 869 393 905 σαν·
417 855 497 914 εις
525 848 754 912 ἔνδειξιν
784 848 885 917 τῆς
912 847 1010 900 τοῦ
1056 846 1194 900 Θεοῦ
1252 845 1536 910 δυνάμεως
1562 845 1657 899 καὶ
1700 861 1834 915 προ-

254 942 412 1004 νοίας
439 942 538 1012 τῆς
564 942 695 1011 περὶ
734 939 960 1002 αὐτούς.
987 938 1195 1009 Ἀπέση
1226 938 1285 991 δὲ
1327 938 1514 1001 αὐτὸς,
1561 939 1644 1000 εἰς
1663 937 1836 990 νόσων

253 1035 508 1106 χολέρας,
545 1034 622 1096 ὡς
649 1032 842 1103 εἴρηκε
870 1031 1134 1102 Μωῦσῆς,
1168 1030 1258 1085 διὰ
1307 1030 1405 1102 τὴν
1445 1030 1711 1084 ἀπιστίαν
1739 1029 1838 1083 καὶ

253 1126 559 1193 ἀπληστίαν
606 1125 814 1188 αὐτῶν,
871 1123 963 1193 ὑφ’
1031 1117 1100 1195 ἧς
1154 1122 1344 1177 πολλοὶ
1392 1121 1736 1193 ἐφθάρησαν.
1762 1119 1837 1174 Τὸ

253 1218 309 1272 δὲ
348 1217 457 1271 Ἐν
486 1215 614 1280 τοῖς
628 1214 931 1281 πλείοσιν,
962 1215 990 1268 6
1040 1214 1138 1285 μὲν
1198 1212 1515 1283 Σύμμαχος,
1557 1212 1660 1266 Ἐν
1711 1210 1837 1277 τοῖς

251 1307 743 1372 πίοσινὲξὲδωκεν
776 1319 791 1335 ’
818 1306 847 1359 ὁ
868 1305 926 1358 δὲ
958 1303 1215 1370 ’Δκύλας,
1257 1304 1361 1357 Ἐν
1390 1303 1515 1369 τοῖς
1538 1302 1833 1370 λιπαροῖς.

257 1403 435 1467 οὕτως
483 1400 856 1472 ὀνομάσαντες
885 1399 1013 1462 τοὺς
1042 1397 1480 1470 πλουσιωτέρους
1530 1396 1625 1450 τοῦ
1679 1395 1833 1461 λαοῦ,

254 1495 352 1549 καὶ
418 1493 853 1565 ἰσχυροτέρουςο
903 1491 1051 1555 εἰκὸς
1097 1490 1209 1562 γὰρ
1249 1491 1446 1555 αὐτοὺς
1505 1489 1593 1544 διὰ
1656 1489 1834 1553 τοῦτο,

256 1585 445 1638 πλεῖον
478 1584 588 1637 τῶν
609 1583 786 1637 ἄλλων
839 1582 1222 1649 συλλέγοντας,
1264 1579 1671 1649 ἀπληστὸτερον
1733 1580 1834 1648 ἒμ-

255 1676 562 1747 φορεῖσθαι.
600 1673 961 1745 ’Υπήχθησαν
985 1672 1042 1726 δὲ
1064 1672 1203 1742 πρὸς
1233 1671 1327 1724 τὸν
1383 1669 1626 1725 τοιοῦτον
1655 1671 1833 1740 λόγον,

256 1768 365 1821 ἀπὺ
405 1767 498 1820 τοῦ
530 1764 733 1837 ἑφεξῆς
758 1765 923 1837 ῥητοῦ
983 1764 1105 1830 τοῦ,
1143 1764 1256 1821 Καὶ
1314 1763 1459 1829 τοὺς
1513 1762 1838 1829 ἐκλεκτοὺς

251 1860 359 1915 τοῦ
433 1859 697 1930 Ἰσραὴλ,
753 1857 1186 1914 συνεπόδισεν.
1248 1856 1314 1911 Ἤ
1364 1857 1420 1910 δὲ
1470 1857 1579 1911 τῶν
1646 1856 1835 1910 Ἐὅδοο

253 1956 507 2026 phimum
556 1952 842 2025 ἐξήγησις,
893 1953 954 2005 τὸ
1002 1953 1106 2006 Ἐν
1150 1951 1276 2018 τοῖς
1330 1952 1634 2017 πλείοσιν,
1656 1945 1831 2015 εἶπεν,

250 2046 778 2116 ιίιςάξιολογὼτερον
809 2062 821 2076 ·
851 2044 970 2098 ἐστι
997 2043 1130 2114 γὰρ,
1169 2044 1233 2097 οὐ
1288 2042 1673 2112 συγκριτικὸν,
1723 2043 1835 2096 ἀλλ’

248 2141 528 2194 ἀπόλυτον
562 2153 577 2169 ο
603 2140 697 2192 καὶ
726 2138 900 2204 δηλοῖ,
915 2137 975 2190 τὸ
1046 2137 1151 2191 Ἔν
1188 2136 1463 2203 πολλοῖς,
1497 2137 1675 2189 εἴτουν
1710 2137 1838 2189 πολι

244 2232 375 2296 λούς
403 2248 417 2262 ο
448 2232 586 2301 ὅπερ
622 2231 840 2302 συνᾴδει
875 2229 1080 2300 μᾶλλον
1103 2228 1181 2300 τῷ
1205 2229 1489 2297 Μωσαῖκῴ
1518 2229 1664 2300 λόγῳ
1692 2246 1705 2260 .
1744 2229 1840 2284 καὶ

248 2324 363 2395 γὰρ
395 2322 637 2388 ἐπάταξε
664 2322 872 2392 Κύριος
894 2320 985 2373 τὸν
1011 2319 1140 2372 λαὸν
1161 2319 1341 2390 πληγῇ
1373 2318 1582 2391 μεγάλῃ
1608 2320 1836 2390 σφόδρςι·

250 2414 469 2485 μεγάλη
500 2413 555 2467 δὲ
579 2413 767 2483 πληγή
791 2414 965 2478 ἐστιν,
1004 2413 1033 2465 ὁ
1079 2410 1290 2464 πολλῶν
1344 2410 1597 2473 θάνατος.
1661 2412 1841 2464 Ἐκλε-

247 2507 419 2569 κτοὺς
447 2506 505 2559 δὲ
535 2506 738 2569 αὐτοὺς
768 2505 1054 2569 ἐκάλεσεν,
1088 2503 1165 2566 ὡς
1195 2503 1536 2574 πολεμιστάς
1569 2520 1582 2533 ·
1610 2504 1665 2557 οἱ
1721 2505 1835 2573 γὰρ

247 2595 748 2667 ἁπαριθμηθέντες
774 2594 1059 2665 ἀνωτέρω,
1092 2596 1298 2659 πάντες
1322 2594 1652 2665 πολεμισταὶ
1672 2591 1838 2668 ἦσαν,

246 2685 604 2756 ὲπιλεγέντες
632 2688 712 2749 εἰς
750 2684 811 2738 τὸ
835 2684 1305 2756 παρατάττεσθαι.

335 2868 442 2922 Ἐν
465 2864 616 2923 πᾶσι
638 2866 877 2931 τούτοις
895 2865 1161 2934 ἥμαρτον
1211 2867 1320 2921 ἔτι.
1381 2868 1474 2922 Ἑν
1529 2871 1696 2924 πᾶσιν
1755 2868 1841 2934 οἷς

245 2976 312 3014 τε
343 2958 770 3030 εὐηργετοῠντο,
805 2959 901 3011 καὶ
948 2954 1030 3023 οἷς
1084 2959 1409 3026 ἐκολάζοντο
1462 2962 1713 3034 ἥμαρτον
1760 2964 1842 3019 ἔτι

246 3048 394 3103 ἄλλα
426 3067 485 3102 τε
517 3047 712 3114 πολλὰ,
737 3048 836 3101 καὶ
857 3050 940 3102 ὅτι
968 3047 1277 3103 ὲδειλίασαν
1307 3050 1437 3114 τοὺς
1490 3052 1841 3118 ἐνοικοῦντας

1938 582 2078 638 quas
2107 569 2160 623 in
2203 585 2300 624 ore
2339 569 2636 635 habebam,
2690 570 2794 626 ﬁde
2850 569 3177 636 defecerint,
3213 578 3268 626 et
3325 571 3526 629 divinae

1939 660 2161 715 virtutis
2239 661 2392 715 obliti
2438 664 2548 717 sint
2581 679 2595 716 :
2626 662 2769 718 unde
2828 664 3106 737 desiderio
3151 664 3370 735 quidem
3422 680 3527 722 suo

1938 749 2121 805 satiati
2172 759 2322 816 sunt,
2380 760 2441 805 ut
2478 753 2665 807 divina
2731 767 2860 825 erga
2916 769 3012 810 eos
3062 753 3416 810 Providentia
3470 765 3529 812 et

1936 842 2114 897 virtus
2169 843 2586 913 conspiceretur
2618 862 2634 910 ;
2662 844 2735 899 ob
2789 860 2978 900 eorum
3011 858 3191 901 tamen
3231 847 3528 903 inﬁdelita-

1940 944 2047 988 tem
2098 943 2153 989 et
2189 937 2397 989 ventris
2448 936 2768 1007 ingluviem,
2818 936 3045 994 effectus
3083 949 3166 995 est
3223 940 3317 996 ille
3368 942 3524 997 cibus

1938 1026 2161 1081 tandem
2220 1028 2389 1083 eisin
2444 1044 2758 1085 nauseam:
2807 1030 2880 1085 ob
2909 1030 3057 1099 quod
3110 1032 3265 1086 multi
3326 1048 3524 1088 eorum

1938 1120 2173 1188 periere,
2242 1128 2303 1176 ut
2370 1121 2518 1192 apud
2585 1121 2826 1193 Moysem
2886 1123 3144 1195 legimus.
3195 1123 3352 1189 Quod
3393 1140 3531 1179 vero

1938 1212 2094 1277 LXX
2142 1214 2234 1269 hic
2290 1212 2485 1268 Plures
2537 1230 2719 1269 eorum
2775 1215 3055 1282 dixerunt,
3139 1214 3527 1286 Symmachus,

1937 1306 2170 1378 Pingues
2207 1308 2451 1363 reddidit
2481 1325 2496 1363 :
2534 1318 2591 1364 ct
2633 1308 2829 1379 Aquila
2864 1310 2933 1364 ad
2993 1309 3249 1365 eumdem
3277 1324 3529 1379 sensum,

1937 1397 2303 1465 Abundantes,
2357 1400 2593 1469 periisse
2646 1400 3042 1471 intelligentes,
3101 1401 3333 1458 ditiores
3358 1418 3530 1471 quos‘

1940 1489 2095 1556 lihet,
2150 1505 2213 1545 ac
2231 1490 2488 1546 fortiores
2530 1492 2584 1544 in
2610 1493 2833 1562 populo.
2879 1490 3197 1548 Verisimile
3237 1502 3527 1548 estautem

1938 1580 2060 1636 illos
2094 1581 2390 1652 ingluviem
2431 1598 2587 1638 suam
2624 1584 2841 1640 caeteris
2866 1585 3043 1654 magis
3076 1584 3351 1654 explesse,
3379 1584 3528 1654 quod

1938 1674 2096 1743 plura
2138 1674 2264 1729 aliis
2324 1676 2669 1747 cclligerent.
2727 1676 2873 1731 Puto
2936 1676 3102 1731 etiam
3150 1676 3404 1745 Aquilam
3472 1685 3529 1729 et

1944 1766 2368 1837 Symmachum,
2446 1769 2501 1822 in
2569 1767 2883 1837 hujusmodi
2937 1782 3163 1824 sensum
3232 1768 3524 1832 adductos,

1944 1862 2013 1915 ob
2052 1861 2159 1913 alia
2211 1863 2398 1925 verba,
2451 1877 2573 1931 quae
2644 1860 2733 1915 hic
2789 1860 3038 1930 proxime
3099 1858 3374 1913 habentur
3406 1876 3420 1913 :
3456 1858 3528 1912 Et

1943 1953 2135 2009 electos
2154 1955 2330 2010 Israel
2345 1953 2677 2023 compedirit.
2706 1951 2846 2006 LXX
2867 1953 3028 2008 ctiam
3055 1952 3169 2023 (85)
3202 1965 3311 2005 non
3339 1951 3529 2006 Plures

1943 2048 2221 2109 dixerunt.
2262 2057 2322 2102 nt
2372 2056 2624 2101 mortuos
2673 2044 3069 2115 superstitibus
3123 2057 3528 2113 compararent,

1944 2138 2039 2193 sed
2089 2138 2304 2203 Plures,
2342 2154 2439 2207 pro
2482 2136 2668 2191 Multis
2706 2136 2986 2190 dixerunt.
3047 2134 3123 2189 Ita
3153 2135 3296 2188 enim
3327 2148 3530 2187 conso-

1942 2232 2253 2285 nantvcrha
2290 2230 2461 2302 Moysi
2499 2247 2511 2283 :
2548 2229 2817 2283 Percussit
2842 2228 3009 2290 enim,
3045 2226 3245 2296 inquit,
3275 2227 3530 2280 Dominus

1940 2324 2195 2394 populum
2228 2323 2385 2392 plaga
2428 2337 2626 2392 magna
2681 2320 2854 2373 ualde.
2908 2316 3098 2387 Magna
3142 2327 3323 2371 autem
3364 2316 3526 2385 plaga

1945 2420 1999 2472 in
2069 2418 2370 2471 multorum
2445 2411 2764 2468 veriﬁcatur
2826 2409 3072 2464 interitu.
3140 2409 3350 2463 Eiectos
3399 2424 3530 2462 vero

1944 2508 2082 2562 dixit
2111 2506 2282 2561 voluti
2334 2511 2588 2559 strenuos
2617 2502 2669 2555 in
2716 2501 2880 2555 bello.
2935 2499 3107 2553 Erant
3158 2500 3304 2554 enim
3335 2515 3530 2554 omnes

1944 2599 2021 2665 bi,
2055 2612 2195 2667 quos
2246 2597 2503 2664 superius
2550 2591 2998 2653 commemoravi,
3054 2605 3405 2661 summopere
3463 2591 3529 2644 ad

1944 2690 2144 2745 bellum
2194 2689 2373 2743 idonei
2414 2707 2428 2742 :
2471 2695 2636 2756 atque
2690 2685 2812 2739 idco
2864 2684 2933 2738 ad
2981 2683 3086 2737 hoc
3145 2683 3336 2738 selecti
3366 2690 3426 2737 ut
3473 2682 3531 2736 in

1945 2796 2064 2835 acte
2119 2797 2228 2850 pra:
2264 2779 2481 2834 caneris
2513 2777 2861 2831 dimicarent.

2022 2873 2187 2928 Vsus.
2218 2873 2308 2927 52.
2358 2871 2421 2925 In
2453 2870 2693 2923 omnibus
2721 2868 2802 2920 liis
2847 2875 3190 2934 peccarernnt
3233 2864 3424 2917 adhuc.
3449 2862 3531 2918 Ad

1944 2964 2059 3020 lucc
2091 2965 2299 3028 omnia,
2330 2963 2526 3033 inquit,
2578 2962 2680 3016 hoc
2709 2969 2813 3026 est,
2850 2951 2975 3026 post
3013 2968 3091 3011 tot
3137 2966 3191 3010 ct
3243 2956 3534 3010 beneﬁcio-

1946 3073 2068 3112 rum
2118 3065 2174 3110 ct
2226 3056 2623 3126 suppliciorum
2682 3055 2955 3123 exetupla.
3030 3055 3209 3110 adhuc
3262 3053 3313 3104 in
3342 3053 3531 3109 multis

247 3145 326 3214 τῇ
353 3145 428 3214 γῇ
455 3143 552 3212 τῆς
589 3142 953 3211 ἐπαγγελίας,
983 3143 1060 3215 μὴ
1080 3142 1464 3217 Θαρῥήσαντες
1527 3145 1607 3218 τῷ
1660 3149 1836 3219 ἑπαγ-

1944 3147 2113 3204 Deum
2145 3146 2517 3210 oll‘endebant,
2567 3153 2734 3215 atque
2768 3146 2914 3201 inter
2972 3156 3171 3200 caetera
3223 3145 3372 3215 quod
3431 3147 3534 3199 ha-

250 3234 571 3305 γελλομένῳ
600 3232 741 3305 Θεῷ.

322 3416 437 3472 Kal
472 3419 586 3473 οὐκ
621 3418 1000 3473 ἐπίστευσαν
1025 3417 1095 3472 ὲν
1110 3418 1234 3485 τοῖς
1251 3418 1608 3489 θαυμασίοις
1624 3419 1833 3476 αὑτοῦ.

246 3508 393 3566 ’Λπὺ
425 3512 771 3582 ταυτομάτου
812 3510 997 3566 ταῦτα
1048 3511 1385 3582 συμπίπτειν
1421 3510 1837 3581 ὑπολαμϐάνον-

243 3618 369 3667 τες.
403 3604 689 3673 Πανταιχοῦ
707 3603 766 3658 δὲ
794 3604 899 3673 τὴν
944 3604 1206 3658 ἀπιστίαν
1238 3605 1421 3684 αῷτῶν
1471 3605 1782 3678 στηλιτεύει
1809 3606 1838 3657 ὁ

246 3695 425 3749 Δαὸὶδ
475 3691 656 3768 ἀφ’ἦς
712 3695 1253 3767 ὲκινδύνευον,περ“ι
1296 3689 1365 3768 ἦς
1441 3698 1538 3751 καὶ
1604 3697 1633 3750 ὁ
1707 3696 1840 3761 Θεὸς

244 3786 482 3858 εἴρηκεν
508 3804 522 3819 ·
553 3788 709 3855 Ἕως
735 3789 881 3842 πότε
920 3787 1248 3858 παροξύνει
1268 3804 1345 3857 με
1369 3790 1402 3843 ὁ
1433 3788 1585 3855 λαὸς
1615 3783 1792 3856 οὗτος
1819 3805 1839 3855 ;

247 3880 368 3936 Kal
430 3878 544 3946 ἕως
601 3885 769 3947 τινος
826 3881 899 3935 οὐ
950 3879 1313 3933 πιστεύουσί
1380 3897 1483 3950 μοι
1555 3880 1626 3934 ἐν
1690 3879 1840 3936 πᾶσι

242 3971 375 4039 τοῖς
407 3972 681 4041 σημείοις
709 3968 800 4038 οἷς
830 3972 1096 4042 ἐποίησα
1123 3973 1194 4026 ἐν
1232 3971 1438 4038 αὐτοῖς
1464 3987 1485 4037 ;
1513 3974 1621 4027 Καὶ
1648 3974 1677 4026 ὁ
1705 3975 1838 4043 Χριο

247 4064 380 4128 me;
407 4064 463 4117 δὲ
509 4063 736 4134 ὕστερον
790 4064 986 4133 γενεὰν
1024 4065 1276 4130 ἄπιστον,
1306 4064 1435 4128 τοὺς
1470 4063 1529 4129 ἐξ
1559 4063 1839 4119 Ἰουδαίων

243 4151 440 4223 ὠνόμα
450 4171 561 4207 τεν.

318 4245 436 4300 Kal
508 4246 796 4309 ἐξέλιπον
821 4245 894 4299 ἐν
911 4247 1261 4316 ματαιότητι
1287 4249 1347 4301 αἱ
1381 4247 1593 4317 ἡμέραι
1616 4247 1836 4303 αὐτῶν.

242 4340 339 4392 Ἔν
364 4338 618 4410 ἀπραξίᾳ
642 4340 836 4404 καλοῦ,
869 4342 927 4392 ὲν
957 4340 1288 4412 ἐπιθυμίαις
1324 4343 1640 4411 σαρκικαῖς.
1683 4343 1840 4396 Μόνα

239 4433 357 4504 γὰρ
385 4432 562 4486 ταῦτα
580 4431 891 4495 διώκοντες,
915 4433 974 4485 ὲν
987 4435 1050 4503 τῇ
1075 4434 1269 4503 ἐρήμῳ
1306 4433 1507 4496 πάντες
1532 4430 1833 4487 ἀπώλοντο.

1945 3240 2215 3295 bitatores
2256 3239 2382 3295 illos
2442 3247 2602 3294 terra:
2644 3238 3030 3308 promissionis
3077 3238 3214 3291 adeo
3270 3236 3534 3292 formida-

1955 3346 2098 3401 rent,
2131 3348 2241 3388 non
2282 3331 2566 3389 credentes
2616 3331 2814 3385 divinae
2841 3329 3212 3398 promissioni.

2033 3423 2197 3480 Vsus.
2218 3425 2306 3479 35.
2344 3422 2412 3477 Et
2443 3438 2546 3477 non
2580 3420 2914 3476 crediderunt
2951 3421 3005 3473 in
3034 3419 3364 3472 mirabilibus
3394 3419 3530 3488 ejus.

1940 3516 2380 3573 Putabauleniut
2432 3530 2495 3570 ea
2576 3515 2762 3569 omnia
2827 3511 3089 3575 fortuito,
3145 3525 3209 3565 ac
3236 3526 3371 3566 casu
3403 3527 3534 3568 Cott-

1949 3610 2162 3681 tigissc.
2198 3606 2414 3679 Ubique
2472 3614 2653 3662 autem
2690 3604 2962 3676 Propheta
3013 3618 3202 3658 eorum
3237 3602 3533 3659 inﬁdelita-

1944 3713 2054 3760 tem
2089 3702 2286 3773 carpit,
2325 3701 2395 3755 oh
2427 3714 2592 3770 quam
2619 3698 3093 3769 periclitabantur,
3121 3695 3259 3767 etLde
3281 3712 3388 3767 qua
3415 3697 3533 3765 ipse

1941 3798 2108 3853 etiam
2149 3794 2292 3850 Deus
2331 3793 2473 3848 dixit
2508 3810 2521 3848 :
2558 3791 2844 3861 Quousque
2912 3789 3152 3844 irritabit
3199 3806 3280 3843 me
3305 3789 3532 3859 populus

1940 3888 2092 3943 iste?
2126 3885 2195 3939 Et
2238 3895 2509 3956 quousque
2577 3883 2706 3935 milii
2758 3899 2868 3936 non
2925 3881 3140 3935 credent
3190 3882 3243 3934 in
3288 3881 3533 3936 omnibus

1940 3981 2126 4051 signis,
2158 3993 2274 4047 quia
2321 3976 2423 4045 feci
2469 3976 2611 4027 inter
2675 3990 2762 4027 eos
2794 3974 2859 4026 σί.
2904 3972 3062 4029 Unde
3113 3974 3277 4027 etiam
3330 3973 3530 4027 Domi-

1942 4090 2044 4128 nus
2080 4081 2267 4126 unster
2323 4070 2667 4123 incredulam
2723 4065 3134 4134 generationem
3187 4065 3407 4121 Judaeos
3439 4082 3532 4136 ap-

1940 4162 2181 4234 pellavit,
2213 4161 2402 4216 dicens
2431 4178 2445 4213 :
2480 4158 2762 4215 Generatio
2784 4157 3060 4212 incredula
3085 4166 3134 4209 et
3167 4172 3432 4225 perversa.
3459 4162 3529 4215 ⁶⁹.

2013 4254 2181 4309 Vens.
2217 4255 2312 4308 '55.
2347 4251 2418 4306 Et
2443 4253 2744 4321 defecerunt
2778 4251 2830 4306 in
2866 4254 3158 4306 vanitatem
3194 4253 3303 4305 dies
3325 4268 3532 4306 eorum.

1940 4342 2275 4398 Praiclarum
2294 4341 2514 4396 virtutis
2539 4356 2676 4411 opus
2710 4339 2917 4394 nuilum
2938 4340 3193 4411 agebant,
3221 4341 3315 4395 sed
3344 4343 3535 4398 carnis

1942 4431 2428 4504 concupiscentias
2508 4432 2904 4504 sequebantur.
2994 4431 3149 4487 Unde
3213 4448 3407 4488 omnes
3469 4435 3529 4488 in

238 4495 393 4579 ίῖϊττε
417 4526 725 4595 γὰρὸθεός
752 4542 768 4558 ο
798 4527 870 4579 Ἢ
901 4495 1050 4595 μὴν,
1092 4495 1206 4579 ad);
1242 4495 1513 4594 adsonat
1551 4524 1666 4593 τὴν
1698 4525 1835 4595 γῆν,

1943 4528 2162 4585 deserto
2190 4528 2388 4582 mortui
2422 4538 2572 4589 sunt,
2605 4527 2745 4580 sicut
2775 4529 2857 4581 eis
2886 4526 3021 4579 dixit
3069 4527 3208 4582 Deus
3252 4544 3270 4584 :
3306 4525 3530 4582 Terram

237 4617 326 4686 ἢν
375 4615 591 4687 ὤμοσα
635 4617 765 4684 τοῖς
803 4616 1107 4686 πατράσιν
1183 4616 1403 4675 αὐτῶν.
1464 4618 1621 4672 Ἀλλ’
1673 4620 1711 4687 ἢ
1770 4618 1841 4671 τὰ

235 4710 435 4763 τέκνα
465 4706 725 4764 αὑτῶνᾶ
746 4709 878 4763 ἐστι
904 4708 1032 4778 μετ’
1055 4706 1204 4777 ἐμοῦ
1225 4703 1343 4762 ὦδε
1380 4725 1391 4737 ·
1422 4709 1555 4763 ὅσοι
1587 4709 1700 4763 οὐκ
1751 4709 1841 4763 οῖ-

234 4802 437 4857 δασιν
460 4800 747 4871 ἀγαθὸνῆ
801 4803 1012 4854 κακόν.
1042 4802 1152 4855 Καὶ
1174 4801 1340 4855 πάλιν
1371 4802 1536 4873 φησίν
1568 4817 1580 4829 '
1601 4803 1705 4856 Ἐν
1763 4801 1839 4871 τῇ

232 4892 449 4964 ἐρήμῳ
479 4893 670 4959 ταύτῃ
729 4891 1001 4946 πεσεῖται
1025 4892 1097 4946 τὰ
1118 4890 1281 4946 κῶλα
1313 4891 1502 4962 ὑμῶν.
1532 4892 1838 4956 Καὶοῦθιςο

248 4981 413 5053 Ἐγὼ
436 4983 657 5050 Κύριος
685 4980 965 5049 ἐλάλησα
994 4997 1009 5010 ·
1044 4983 1083 5050 ἣ
1108 4980 1238 5051 μὴν
1270 4982 1459 5049 οὕτως
1503 4987 1738 5048 ποιήσω
1766 4982 1841 5052 τῇ

234 5072 582 5143 συναγωγῇ
625 5074 812 5141 ταύτῃ
836 5072 911 5141 τῇ
936 5071 1172 5141 πονηρᾷ
1195 5072 1269 5141 τῇ
1325 5074 1842 5145 ἐπισυνισταμένῃ

232 5166 335 5219 ἐπ’
370 5164 481 5236 ἑμέ
504 5180 518 5194 ⁸
540 5165 611 5219 ἐν
631 5164 709 5234 τῇ
734 5164 932 5236 ἐρήμῳ
958 5166 1147 5234 ταύτῃ
1168 5164 1716 5235 ἐξανιιλωθήσεται,
1746 5169 1844 5224 καὶ

232 5259 379 5315 ἐκεῖ
408 5258 821 5315 ἀποθανεῖται.

1940 4625 2108 4688 enim,
2161 4622 2360 4693 inquit,
2397 4637 2556 4693 quam
2599 4621 2784 4690 juravi
2837 4620 3079 4687 patribus
3132 4637 3336 4687 eorum,
3394 4626 3535 4677 nu./i

1939 4718 2035 4771 alii
2077 4716 2349 4778 videbunt,
2407 4730 2564 4779 quam
2614 4729 2802 4767 eorum
2860 4714 2984 4783 filii,
3034 4715 3123 4782 qui
3186 4732 3386 4768 inerunt
3444 4719 3534 4768 Im:

1941 4816 2088 4874 sunt,
2112 4807 2404 4876 quicunque
2430 4821 2535 4859 non
2574 4815 2826 4860 noverunt
2859 4807 3074 4872 bonum,
3106 4816 3199 4860 aut
3238 4809 3441 4861 malum
3461 4807 3535 4862 ⁸³.

1940 4899 2072 4954 Item
2107 4900 2234 4954 alibi
2273 4917 2285 4953 :
2325 4897 2390 4953 In
2436 4900 2555 4963 hac,
2612 4900 2809 4969 inquit,
2849 4916 3021 4955 erenw
3070 4901 3259 4955 cadent
3311 4919 3537 4968 corpom

1940 5002 2130 5046 vestra.
2176 4991 2241 5046 Et
2279 5007 2472 5046 rursus
2509 4993 2663 5062 :Ego
2720 4990 2979 5045 Dominus
3044 4991 3254 5046 locutus
3293 5009 3428 5055 sum,
3452 4997 3536 5046 sic

1942 5083 2176 5153 profecto
2210 5085 2405 5154 faciant
2433 5084 2556 5135 huic
2606 5086 2999 5155 congregationi
3055 5100 3253 5154 prara',
3301 5084 3528 5154 quasin-

1941 5177 2170 5230 surrexit
2202 5176 2259 5228 in
2286 5191 2367 5229 me
2410 5176 2467 5227 in
2511 5174 2719 5230 deserto
2751 5177 2849 5231 hoc
2885 5190 2905 5230 :
2928 5192 3090 5230 censu
3114 5202 3125 5226 .-
3149 5184 3267 5228 etur
3313 5174 3528 5245 quippe,

1944 5280 1994 5322 et
2028 5267 2136 5321 illic
2163 5269 2419 5322 morietur
2455 5267 2524 5322 ⁸⁵.

309 5443 363 5474 ⁸⁸
396 5439 562 5496 Νυω.
591 5455 704 5507 xrv,
745 5439 833 5493 il.
942 5439 988 5471 ⁸⁸
1017 5437 1208 5495 Matth.
1240 5455 1372 5505 xm,
1410 5439 1499 5495 {6.
1569 5442 1615 5474 “
1636 5440 1802 5498 Num.
1833 5458 1948 5509 xiv,
1970 5442 2063 5509 25,
2092 5443 2203 5514 24;
2244 5444 2401 5502 Deut.
2437 5461 2475 5510 I,
2511 5446 2713 5512 53,56.
2769 5443 2817 5476 “
2836 5442 2997 5497 Num.
3031 5457 3140 5504 xiv,
3181 5438 3273 5505 9.8,
3300 5440 3391 5496 29.

1606 5577 1815 5640 Varia;
1849 5579 2192 5648 lectiones.

313 5686 437 5755 (85)
470 5684 549 5739 Ad
573 5685 796 5739 verbum
819 5700 833 5739 :
856 5683 1202 5755 Septuaginta
1224 5699 1342 5755 serg
1364 5683 1695 5755 interpretati
1717 5695 1842 5737 sunt

233 5758 296 5812 in
326 5752 772 5824 pluribus,quasi
808 5756 958 5808 dictu
988 5752 1240 5808 nobilius.
1292 5752 1389 5807 Est
1423 5758 1562 5808 enim
1592 5754 1702 5824 lucc
1751 5755 1836 5806 di-

233 5830 357 5881 ctio
404 5844 503 5881 non
536 5828 917 5897 comparative,
953 5827 1043 5882 sed
1088 5824 1330 5882 absolute
1360 5824 1559 5894 posita,
1594 5823 1831 5894 valetque

1945 5690 2003 5813 in
2032 5690 2247 5759 multis,
2297 5707 2389 5749 seu
2418 5690 2647 5761 multos,
2684 5704 2821 5761 quoa
2871 5704 3043 5760 magis
3099 5692 3355 5741 consonat
3410 5696 3526 5739 ver-

1980 5777 2046 5813 u.
2071 5771 2180 5813 etc.

1980 5771 2046 5828 ts,
2071 5771 2180 5818 etc.
