4064 6470
322 408 440 471 8οἿ

1494 347 1885 460 COMMENT.
1928 397 2004 456 IN
2043 397 2407 456 PSALMOS.

3485 399 3592 462 810

322 517 416 569 καὶ
450 511 740 582 θυμωθεὶς
765 511 911 583 ὀργῆ
935 510 1196 580 ἐκτρίψω
1219 507 1460 574 αὐτούς.
1504 508 1575 561 Ἦ
1603 509 1666 560 ὲκ
1700 506 1904 578 μέτρου

2013 505 2250 569 Dimitte,
2281 515 2331 560 et
2363 521 2616 561 accensus
2669 509 2749 562 ira
2820 507 2874 562 in
2947 523 3058 574 eos,
3111 518 3382 566 conteram
3436 528 3525 566 eos
3550 513 3595 543 ⁶⁹

321 606 694 678 ὀργιζόμενος,
720 607 815 658 καὶ
844 604 908 656 ὲκ
942 603 1146 674 μέρους
1173 600 1422 666 ἐκόλαζε.

389 782 498 837 Kal
521 781 796 852 ἐμνήσθη
824 781 912 835 ὅτι
937 781 1096 850 σάρξ
1121 781 1260 849 εισι,
1296 781 1364 834 τὸ
1419 778 1658 848 πνεῦμα
1688 792 1904 844 πορευ-

318 875 561 943 όμενον,
594 874 689 926 καὶ
717 875 829 927 οὐκ
856 871 1264 942 ἀποστρέφον.
1303 871 1423 924 Ἔτι
1477 869 1572 922 καὶ
1625 867 1715 921 διὰ
1747 865 1908 919 τοῦτο

321 965 807 1037 ἐμακροθύμησεν,
840 967 924 1019 ὅτι
955 966 1090 1038 σὰρξ
1124 963 1287 1036 ἦσαν,
1329 964 1581 1028 ἀσθενεῖς
1646 963 1744 1016 καὶ
1791 961 1903 1015 ὀλι-

321 1059 619 1126 γοχρόνιοι,
652 1059 746 1110 καὶ
771 1058 992 1129 πνεῦμα
1031 1058 1092 1112 ού
1131 1056 1454 1130 παραμένον
1476 1057 1555 1124 τῷ
1614 1053 1734 1125 βίῳ,
1788 1054 1902 1118 ἀλλ’

319 1150 576 1204 ἐντεῦθεν
604 1151 994 1220 πορευόμενον,
1052 1153 1146 1204 καὶ
1180 1151 1281 1204 οὐκ
1309 1149 1391 1202 ἔτι
1421 1149 1558 1218 πρὸς
1580 1146 1744 1200 αὑτὸν
1786 1147 1908 1199 ἐπι-

320 1243 574 1312 στρέφον.
609 1243 683 1296 Τὸ
715 1243 772 1296 δὲ
809 1242 1122 1313 Ἐμνήσθη
1178 1241 1452 1312 πολλαχοῦ
1481 1241 1579 1310 τῆς
1626 1238 1908 1310 Ἐϐραΐδος

319 1334 542 1404 γραφῆς
575 1335 828 1405 εὑρήσεις
885 1335 982 1387 ἐπὶ
1039 1333 1137 1387 τοῦ
1201 1333 1334 1386 Θεοῦ
1387 1331 1682 1400 λεγόμενον
1744 1346 1909 1400 μετα-

321 1425 588 1494 φορικῶς.
629 1425 845 1498 Ὥσπερ
873 1425 984 1497 γὰρ
1004 1429 1105 1496 τὴν
1134 1426 1233 1496 τῆς
1259 1425 1526 1496 συνήθους
1571 1421 1908 1494 προστασίας

320 1515 593 1587 ἀναϐολὴν
654 1517 826 1590 λήθην
872 1517 1152 1589 ὀνομάζει,
1201 1517 1344 1571 οὕτω
1412 1515 1478 1587 δὴ
1532 1517 1627 1569 καὶ
1677 1515 1778 1586 τὴν
1811 1532 1910 1584 τη-

319 1607 555 1661 νικαῦτα
576 1609 862 1678 ἀντίληψιν
895 1611 1117 1679 μνήμην
1139 1611 1238 1662 ἀνθ
1248 1607 1780 1680 ρωποπρεπὲστερον
1808 1623 1912 1660 κα-

321 1696 434 1752 λεῖν
461 1699 642 1766 εἴωθε,
665 1699 754 1752 διὰ
779 1700 878 1770 τὴν
905 1700 1015 1753 τῶν
1041 1699 1481 1770 ἐντυγχανόντων
1523 1696 1836 1768 παχύτητα.

2011 598 2120 661 vel,
2194 612 2262 652 ex
2330 607 2483 667 parte
2546 599 2719 654 iratus
2771 610 2876 666 εει,
2936 611 2991 656 et
3038 616 3105 658 ex
3155 611 3311 673 parte
3363 619 3456 660 eos
3489 620 3596 675 pu—

2013 688 2171 743 nivit.

2081 779 2248 837 Vsus.
2290 781 2381 836 39.
2407 781 2476 835 Et
2509 782 2821 838 recordatus
2841 795 2937 850 est,
2969 785 3095 855 quia
3119 802 3244 840 caro
3280 795 3425 853 sunt,
3485 787 3598 854 spi-

2011 874 2146 926 ritus
2177 874 2370 928 vadens
2414 885 2463 928 et
2499 891 2604 930 non
2638 885 2918 931 revertens.
2978 875 3090 932 [Iac
3131 877 3294 933 etiam
3323 877 3391 933 de
3428 892 3595 932 causa

2010 965 2207 1035 majori
2276 966 2690 1036 longanimitate
2752 985 2887 1024 usus
2940 982 3042 1034 est,
3098 971 3226 1041 quia
3268 985 3398 1027 caro
3435 977 3599 1027 erant

2012 1056 2230 1111 intirma
2263 1059 2471 1114 scilicet
2513 1067 2569 1115 et
2626 1075 2819 1130 parum
2856 1062 3215 1126 diuturna,et
3244 1063 3468 1134 spiritus
3503 1066 3600 1132 qui

2011 1163 2138 1203 cum
2189 1148 2297 1203 vita
2358 1165 2469 1204 non
2534 1161 2837 1216 permanet.
2890 1150 2991 1208 Ubi
3022 1154 3166 1208 enim
3218 1168 3285 1206 ex
3342 1153 3444 1208 hac
3488 1153 3599 1207 vita

2014 1237 2185 1293 semel
2230 1238 2510 1308 profectus
2538 1248 2647 1304 est,
2694 1242 2761 1295 ad
2785 1239 3036 1297 eamdem
3063 1257 3259 1296 rursus
3299 1256 3403 1296 non
3436 1242 3600 1296 redit.

2015 1328 2156 1383 Illud
2196 1328 2601 1384 observandum
2641 1339 2746 1396 est,
2815 1331 2962 1400 quod
3027 1332 3404 1404 metaphorice
3466 1331 3605 1385 scri-

2014 1430 2173 1491 ptura
2229 1419 2399 1476 Deum
2452 1421 2587 1476 dicit
2617 1421 2924 1478 reminisci.
2975 1421 3109 1477 Nam
3139 1420 3603 1494 quemadmodum

2017 1511 2266 1566 oblivisci
2307 1525 2433 1566 eum
2483 1511 2795 1581 aliquorum
2843 1513 3099 1580 dicimus,
3145 1513 3366 1584 quando
3425 1511 3600 1567 ἀίσσον

2020 1612 2078 1659 ut
2108 1603 2486 1659 laborantibus
2521 1612 2688 1673 atque
2719 1602 2933 1659 aﬂlictis
2960 1618 3119 1674 opem
3153 1613 3318 1674 atque
3339 1603 3604 1658 auxilium

2022 1709 2182 1760 suum
2225 1693 2526 1764 impertiat,
2575 1693 2658 1749 sic
2708 1700 2922 1760 contra,
2993 1694 3236 1750 humano
3284 1709 3438 1750 more
3491 1709 3579 1748 me

322 1809 532 1848 morem
597 1809 720 1848 eum
773 1794 1131 1864 appellamus,
1191 1795 1412 1863 quando
1457 1793 1650 1849 iisdem
1708 1797 1908 1863 praesto
1947 1795 2052 1844 est.
2106 1786 2222 1842 Iloc
2280 1795 2466 1842 autem
2550 1786 2810 1857 loquendi
2867 1788 3030 1844 modo
3093 1787 3367 1860 Propheta
3453 1801 3602 1859 saepe

324 1887 520 1952 utitur,
549 1895 611 1942 ut
635 1887 862 1942 lectoris
889 1886 1205 1943 hebetudini
1236 1902 1294 1943 se
1323 1886 1722 1942 accommodet.

395 1982 662 2047 Ποσάκις
697 1982 1157 2050 παρεπίκραναν
1187 1981 1376 2036 αὑτὸν
1404 1981 1502 2052 κέν
1554 1979 1631 2050 τῇ
1683 1979 1900 2048 ἐρήμῳ,

2077 1965 2247 2021 Vsus.
2278 1964 2369 2021 ιο.
2415 1963 2634 2032 Quoties
2654 1966 3105 2021 exacerbaverunt
3146 1983 3270 2022 eum
3292 1970 3350 2025 in
3369 1971 3600 2048 deserto,

320 2072 734 2143 παρώργησαν
755 2073 948 2128 αὐτὸν
976 2073 1046 2127 ἐν
1078 2071 1157 2144 τῇ
1198 2072 1472 2142 ἀνύδρῳ;
1518 2072 1788 2135 Πολλάκις
1830 2069 1908 2134 ὡς

321 2167 534 2232 ἔξεστιν
557 2167 739 2238 εὑρεῖν
762 2168 827 2220 ὲκ
854 2166 953 2237 τῆς
986 2167 1250 2237 ἱστορίας.
1293 2166 1438 2237 Ὅρα
1491 2165 1550 2220 δὲ
1617 2164 1905 2236 πονηρίαν.

324 2261 402 2314 Οὐ
433 2260 594 2330 μόνον
620 2259 730 2330 γὰρ
782 2259 1046 2322 πολλάκις
1103 2259 1530 2330 παρεπίκραναν
1578 2257 1763 2323 αὐτὸν,
1811 2255 1909 2310 καὶ

322 2349 725 2422 παρώργησαν,
765 2350 901 2403 ἀλλὰ
939 2351 1034 2405 καὶ
1063 2351 1121 2404 ἐν
1161 2353 1227 2422 τῇ
1285 2351 1480 2422 ἐρήμῳ
1519 2349 1649 2405 ἔνθα
1707 2349 1908 2420 μᾶλλον

325 2444 498 2515 ἐχρῆν
541 2442 870 2514 θεραπεύειν
894 2443 1056 2498 αὐτὸν
1076 2443 1166 2497 διὰ
1191 2445 1290 2513 τὴν
1311 2444 1570 2515 ἀπορίαν.
1615 2443 1726 2497 Καὶ
1756 2446 1813 2497 ὲν
1835 2446 1906 2514 γῇ

325 2534 562 2605 ἀνύδρῳ,
593 2534 722 2589 ἔνθα
763 2533 873 2588 ἔδει
915 2535 1306 2590 ταπεινοῦσθαι
1356 2537 1452 2590 καὶ
1501 2535 1768 2590 ἱκετεύειν
1817 2535 1908 2590 διὰ

322 2627 426 2696 τὴν
447 2625 718 2696 ἀνάγκην,

399 2717 511 2772 Kal
544 2717 949 2788 ἐπέστρεψαν,
980 2719 1083 2773 καὶ
1106 2719 1442 2786 ἐπείρασαν
1471 2720 1578 2774 τὸν
1609 2719 1779 2783 Θεὸν,
1803 2719 1905 2773 καὶ

323 2811 437 2864 τίν
463 2809 636 2878 ἅγιον
663 2811 770 2864 τοῦ
827 2811 1076 2881 Ἰσραὴλ
1104 2811 1488 2881 παρώξυναν.
1522 2811 1784 2866 Ἐνταῦθα
1821 2814 1905 2879 τδ,

336 2902 781 2972 Ἐπέστρεψαν,
835 2905 929 2958 ξπ).
977 2904 1152 2959 κακοῦ
1203 2905 1512 2976 εἴληπται·
1563 2906 1906 2978 ἐπέστρεψαν

323 2993 439 3063 γὰρ
503 2995 612 3050 ἀπὸ
664 2995 866 3067 ταύτης
923 2995 1121 3060 κακίας
1185 2999 1266 3061 εἰς
1325 2997 1514 3067 ἀλλην.
1570 2999 1727 3062 Τινὲς
1757 2996 1815 3052 δὲ
1847 2998 1908 3052 τὸ

324 3087 696 3153 Ἐπεᾲιασαν
727 3088 848 3142 ἀντὶ
871 3088 964 3142 τοῦ
1000 3088 1312 3160 Ἐλύπησαν
1335 3091 1669 3158 ἐξεδέξαντο.
1713 3089 1908 3160 Ἀγιον

321 3179 384 3231 δὲ
418 3177 509 3231 τοῦ
542 3178 763 3250 Ἰσραὴλ
795 3179 954 3234 καλεῖ
1001 3180 1092 3234 τὸν
1119 3180 1253 3236 Θεόν
1287 3198 1304 3216 ·
1341 3181 1371 3236 δ
1420 3181 1573 3254 δηλοῖ
1625 3182 1718 3237 τὸν
1759 3184 1906 3238 αἰνε-

323 3270 422 3324 τδν
451 3271 544 3324 καὶ
580 3270 994 3343 δεδοξασμένον.

402 3454 528 3508 οὐκ
590 3453 996 3524 ἐμνήσθησαν
1052 3455 1164 3526 τῆς
1235 3457 1434 3525 χειρὸς
1471 3456 1682 3512 αὐτοῦ.
1735 3457 1910 3528 Χεῖρα

323 3544 428 3617 τὴν
469 3545 701 3618 δύναμιν
761 3549 957 3601 καλεῖ·
1022 3548 1123 3620 τὴν
1175 3549 1575 3619 εὐεργετοῦσαν
1627 3551 1728 3621 μὲν
1774 3552 1905 3616 τοὺς

339 3636 652 3709 Ἐϐραίους,
686 3639 968 3695 κακοῦσαν
997 3639 1056 3696 δὲ
1083 3641 1210 3705 τοὺς
1241 3641 1469 3715 ἐχθροὺς
1492 3643 1695 3698 αὐτῶν.

417 3815 668 3886 Ἡμέρας
727 3811 804 3889 ἧς
867 3817 1250 3884 ἐλυτρώσατο
1305 3818 1532 3886 αὐτοὺς
1588 3819 1659 3874 ἐκ
1705 3821 1908 3890 χειρὸς

320 3911 658 3976 θλίϐοντος.
678 3910 812 3963 Ἀπὸ
834 3909 1014 3964 κοινοῦ
1041 3909 1320 3964 κάνταῦθα
1344 3911 1425 3979 τδ,
1455 3913 1907 3984 Οὺκκέμνήσθη-

319 4015 471 4057 σαν.
504 4001 832 4066 Θλιϐοντος
851 4000 909 4055 δὲ
924 4001 1015 4055 τὸν
1035 4001 1233 4072 Φαραὼ
1263 4002 1438 4056 καλεῖ.

412 4177 505 4246 Ὦς
536 4179 703 4234 ἔθετο
740 4177 1106 4249 ἐνΑἰγύπτῳ
1149 4177 1223 4232 τὰ
1274 4179 1496 4248 σημεῖα
1531 4182 1738 4246 αὐτοῦ,
1801 4182 1902 4236 καὶ

317 4273 400 4325 τὰ
430 4270 642 4339 τέρατα
663 4270 852 4326 αὑτοῦ
879 4269 949 4323 ἐν
976 4271 1162 4335 πεδίῳ
1191 4271 1439 4336 Τὰνεως.
1463 4271 1599 4326 Οὐδὲ
1627 4273 1903 4345 ἐμνήσθη-

318 4381 429 4418 σαν
449 4365 596 4425 ὅπως
629 4362 784 4415 ἔθετο
820 4361 890 4415 τὰ
919 4365 1120 4432 σημεῖα
1138 4361 1331 4428 αὑτοῦ,
1353 4362 1448 4416 καὶ
1483 4364 1551 4416 τά
1594 4364 1742 4433 ἑξῆς.
1798 4365 1903 4435 Eq-

315 4459 460 4525 μεία
483 4453 582 4524 μὲν
610 4453 704 4508 οῦν
734 4455 830 4508 καὶ
858 4455 1063 4524 τέρατα
1091 4455 1276 4508 πολλοὶ
1311 4455 1382 4510 τά
1426 4455 1568 4509 αὐτά
1597 4472 1730 4524 φασι
1759 4455 1902 4510 κατά

312 4545 692 4599 ἁναδίπλωσιν
721 4544 815 4597 τοῦ
851 4543 1041 4616 ῥητοῦ.
1085 4545 1241 4608 Τινὲς
1269 4547 1326 4598 δὲ
1355 4548 1555 4616 σημεῖα
1587 4547 1685 4616 μὲν
1707 4547 1902 4602 ἐκάλε-

314 4654 428 4690 σαν
453 4638 556 4689 ὅσα
588 4637 733 4690 κατά
757 4638 921 4707 φύσιν
972 4637 1347 4708 ἐλυμαίνοντο,
1374 4637 1450 4702 ὠς
1478 4638 1577 4710 τὴν
1606 4640 1762 4694 νόσον
1789 4640 1901 4694 τῶν

2017 2059 2362 2113 irritaverant
2392 2072 2511 2111 eum
2545 2056 2601 2110 in
2629 2065 2770 2112 terra
2789 2057 3050 2128 inaquosa
3082 2057 3284 2130 ?Sape
3315 2063 3597 2130 nimirum,

2015 2159 2077 2205 ut
2137 2164 2205 2205 ex
2260 2149 2379 2220 ipsa
2407 2149 2538 2204 licet
2587 2150 2901 2220 perspicere
2951 2152 3201 2209 historia.
3243 2153 3444 2212 Verum
3472 2158 3600 2213 illo-

2013 2257 2138 2298 rum
2189 2241 2480 2296 considera
2525 2242 2874 2312 pravitatem,
2941 2259 3120 2315 neque
3153 2247 3298 2301 enim
3364 2259 3603 2306 tantum-

2017 2335 2183 2390 modo
2213 2349 2338 2389 eum
2375 2349 2518 2403 saepe
2577 2335 3068 2403 exacerbaverunt,
3133 2339 3228 2394 sed
3272 2339 3332 2394 in
3381 2341 3602 2398 deserto

2013 2426 2204 2490 etiam,
2250 2434 2415 2495 atque
2449 2425 2504 2480 in
2554 2425 2824 2496 iuaquoso
2880 2426 2933 2481 id
2963 2426 3228 2495 iecerunt,
3277 2432 3498 2500 quando
3527 2435 3601 2489 oh

2013 2531 2286 2572 summam
2345 2517 2706 2588 indigentiam
2750 2519 3015 2574 inservire
3054 2534 3148 2575 eos
3171 2522 3348 2590 magis
3374 2521 3486 2578 Deo
3514 2537 3600 2579 at.

2013 2624 2122 2680 que
2173 2609 2455 2664 humiliari
2491 2617 2548 2663 et
2574 2609 2884 2679 supplicare
2910 2613 3218 2682 oportebat.

2089 2701 2256 2758 Vsus.
2288 2701 2378 2757 41.
2414 2701 2485 2756 Et
2515 2704 2746 2757 conversi
2792 2711 2940 2767 sunt,
2978 2712 3030 2758 et
3059 2716 3385 2762 cantaverunt
3409 2706 3597 2776 Deum,

2012 2809 2063 2855 et
2094 2809 2336 2854 sanctum
2395 2797 2570 2852 Israel
2625 2799 2988 2855 irritaverant.
3049 2800 3288 2857 Verbum
3350 2801 3600 2861 Conversi

2013 2904 2158 2962 sunt,
2195 2893 2379 2951 hocin
2421 2894 2568 2960 loco,
2621 2893 2676 2948 in
2745 2894 2950 2950 malum
3003 2895 3294 2965 accipitur.
3325 2895 3593 2954 Conversi

2012 2986 2157 3040 enim
2192 2993 2320 3041 sunt
2351 2999 2382 3041 a
2435 2985 2568 3040 vitio
2627 2984 2693 3040 ad
2749 2984 2897 3040 aliud
2934 2985 3155 3040 vitium.
3197 2985 3264 3041 Et
3317 2987 3464 3057 quod
3497 2992 3596 3052 ait,

2017 3075 2390 3141 Tentaverunt,
2414 3075 2581 3147 aliqui
2632 3083 2938 3145 exponunt,
2964 3090 3064 3146 pro
3095 3075 3596 3136 Contristaverunt.

2015 3167 2120 3223 Per
2157 3167 2414 3223 Sanctum
2447 3176 2631 3222 autem
2679 3165 2874 3232 Israel,
2899 3165 3070 3223 Deum
3103 3167 3287 3238 ipsum
3320 3169 3594 3242 intelligit,

2016 3274 2082 3314 ac
2112 3261 2158 3315 si
2209 3259 2418 3315 diceret
2452 3275 2467 3313 :
2497 3258 2670 3313 Deum
2728 3258 2880 3313 illum
2927 3259 3065 3315 adeo
3107 3259 3402 3329 celebrem,
3458 3263 3596 3319 adeo

1935 3352 1980 3416 (ζ
2013 3347 2298 3404 laudatum
2332 3356 2387 3404 et
2411 3348 2734 3419 gloriosum.

2013 3476 2018 3482 ~
2086 3439 2252 3495 Vsus.
2283 3440 2377 3495 42.
2425 3441 2551 3496 Νοη
2599 3450 2722 3496 sunt
2773 3443 3038 3498 recordati
3083 3460 3271 3500 manus
3319 3449 3456 3516 ejus.
3491 3445 3598 3504 Per

2009 3547 2226 3586 manum
2257 3532 2357 3588 Dei
2399 3533 2642 3588 divinam
2688 3532 2948 3605 intelligit
2999 3538 3320 3607 potentiam,
3356 3555 3465 3611 qua
3492 3539 3595 3596 Ju-

2009 3624 2144 3680 daeis
2207 3625 2430 3695 quidem
2514 3627 2686 3691 bona,
2730 3619 2994 3684 hostibus
3061 3644 3191 3685 vero
3247 3632 3390 3688 mala
3464 3644 3596 3690 sunt

2012 3717 2282 3787 praestita.

2078 3807 2199 3864 Diei
2240 3825 2344 3882 qua
2393 3811 2611 3867 redemit
2659 3827 2747 3867 eos
2799 3813 2866 3868 de
2913 3830 3076 3869 manu
3119 3815 3500 3876 tribulationis.
3546 3820 3594 3875 A

2005 3903 2289 3958 communi
2311 3919 2477 3960 sensu
2508 3905 2673 3960 etiam
2709 3905 2825 3974 hic,
2856 3907 3184 3962 sumendum
3207 3919 3296 3964 est
3324 3911 3550 3966 verbu
3576 3931 3591 3966 :

2006 3995 2133 4050 Non
2163 4005 2284 4050 sunt
2317 3996 2601 4051 recordati.
2642 3995 2748 4052 Per
2784 3997 3131 4054 tributantem
3165 4015 3319 4070 vero,
3349 4000 3591 4058 Pharao-

2005 4101 2132 4142 nem
2156 4086 2440 4158 intelligit.

2076 4177 2239 4233 Vsus.
2275 4178 2365 4244 45,
2403 4178 2550 4233 Sicut
2593 4181 2768 4249 posuit
2815 4182 2872 4235 in
2918 4179 3149 4251 Egypto
3177 4181 3330 4252 signa
3388 4199 3487 4238 sua
3539 4194 3591 4238 et

2002 4269 2250 4339 prodigia
2295 4286 2392 4324 sua
2419 4271 2473 4324 in
2510 4287 2698 4342 campo
2732 4271 2958 4327 Taneos.
2997 4273 3107 4328 Nec
3138 4271 3412 4329 recordati
3429 4282 3582 4340 sunt,

2002 4362 2204 4432 inquit,
2239 4361 2386 4434 quod
2411 4364 2660 4434 posuerit
2691 4363 2847 4435 signa
2870 4379 2994 4431 sua,
3017 4374 3072 4420 et
3097 4379 3220 4436 quae
3250 4373 3586 4437 sequuntur,

2003 4464 2110 4511 etc.
2153 4455 2322 4525 Signa
2370 4463 2556 4511 autem
2611 4466 2668 4510 et
2715 4457 2986 4528 prodigia,
3019 4457 3180 4512 multi
3229 4457 3421 4513 dicunt
3443 4457 3589 4513 idem

2003 4561 2158 4618 teque
2186 4546 2516 4617 signiﬁcare,
2562 4557 2619 4603 et
2675 4549 3004 4604 sententiam
3059 4548 3154 4604 hic
3178 4549 3375 4620 repeti.
3407 4548 3591 4619 Aliqui

2004 4654 2134 4695 vero
2191 4639 2368 4711 signa,
2410 4653 2476 4695 ea
2527 4640 2713 4694 omnia
2759 4654 2884 4697 esse
2949 4639 3264 4710 intelligunt
3318 4653 3418 4710 per
3465 4654 3592 4711 qua

313 4728 543 4799 κτηνῶν
576 4745 591 4760 ·
628 4704 790 4796 φύσις
828 4729 937 4800 γὰρ
971 4704 1110 4800 αύτῇ
1152 4729 1415 4784 θανατοῦν
1441 4745 1456 4760 ·
1489 4704 1585 4785 καὶ
1635 4730 1736 4803 τὴν
1791 4731 1900 4803 (86)

2011 4731 2155 4786 Deus
2209 4746 2240 4785 a
2274 4731 2511 4786 naturali
2603 4745 2790 4786 rerum
2843 4728 3038 4786 ordine
3125 4744 3236 4786 non
3301 4728 3588 4798 recedens,

313 4821 535 4892 φθορὰν
564 4820 664 4891 τῆς
697 4821 916 4892 ἀκρίδος
950 4835 966 4850 ο
1013 4820 1179 4889 φύσις
1224 4819 1334 4890 γὰρ
1391 4821 1487 4874 καὶ
1531 4820 1704 4893 ταύτῃ
1753 4821 1906 4890 φθεί-

311 4933 445 4989 ρειν
475 4914 604 4976 τοὺς
630 4913 900 4984 καρπούς.
934 4912 1152 4983 Τέρατα
1211 4913 1292 4978 δὲ,
1336 4914 1440 4967 ὅσα
1507 4913 1662 4979 παρὰ
1716 4915 1902 4983 φύσιν,

307 5011 395 5072 ὡς
424 5007 525 5078 τὴν
548 5005 644 5059 τοῦ
677 5006 868 5068 ὓδατος
904 5007 984 5067 ei;
1017 5000 1157 5076 αἷμα
1189 5005 1519 5077 μεταϐολὴν,
1545 5007 1640 5060 καὶ
1670 5006 1772 5078 τὴν
1796 5007 1905 5060 τῶν

305 5099 564 5168 ἐνύδρων
620 5095 910 5168 βατράχων
965 5097 1058 5148 ἐπὶ
1112 5095 1282 5166 ξηρᾶς
1340 5095 1648 5165 διατριϐὴν,
1702 5097 1798 5149 καὶ
1838 5097 1907 5150 τά

305 5208 570 5247 τοιαυτα.

2011 4821 2397 4894 Δέεῖριὶοι-υω
2423 4833 2639 4893 gentem
2681 4822 2895 4887 amisit,
2935 4822 3102 4879 veluti
3155 4837 3410 4894 pecorum
3433 4823 3592 4893 aegri-

2011 4917 2255 4982 tudines,
2295 4930 2418 4988 quas
2466 4922 2663 4985 suapte
2694 4925 2890 4969 natura
2932 4922 3167 4970 mortem
3227 4912 3488 4978 ali’erunt,
3533 4923 3591 4969 et

2011 5008 2350 5063 locustarum
2403 5008 2687 5064 lationem.
2755 5006 3082 5078 Huiusmodi
3125 5007 3272 5063 enim
3327 5005 3588 5061 animalia

2013 5101 2343 5155 naturaliter
2383 5106 2548 5154 terra:
2612 5097 2831 5156 fructus
2884 5099 3138 5169 perdunt.
3200 5096 3304 5152 Per
3336 5094 3585 5166 prodigia

2015 5205 2168 5255 vero,
2212 5189 2474 5246 miracula
2516 5189 2612 5246 illa
2642 5191 2834 5246 dicunt
2867 5188 3166 5260 signiﬁcari
3212 5202 3335 5256 quas
3354 5184 3584 5240 naturali

307 5302 512 5343 rerum
581 5297 747 5338 cursu
803 5289 1138 5354 repugnante
1175 5279 1319 5337 facta
1350 5289 1496 5337 sunt.
1533 5281 1713 5339 Veluti
1739 5296 1896 5352 aqua:
1935 5283 2294 5337 mutationem
2351 5282 2406 5337 'rn
2443 5281 2788 5355 sanguinem,
2841 5289 2896 5335 et
2953 5276 3096 5348 quod
3138 5290 3288 5333 rana
3345 5289 3583 5348 quarum

305 5391 523 5438 natura
552 5386 640 5434 est
673 5382 734 5430 ut
772 5373 827 5428 in
873 5375 1036 5445 aquis
1093 5383 1400 5450 versentur.
1451 5375 1508 5431 in
1556 5375 1702 5432 sicca
1731 5385 1875 5430 terra
1912 5374 2300 5442 habitaverint,
2327 5382 2384 5431 et
2425 5375 2531 5431 alia
2565 5370 2900 5444 huiusmodi.

395 5527 441 5559 "
468 5521 644 5580 Exod.
710 5517 921 5586 XXXII,
962 5517 1052 5572 IO.

1639 5605 1836 5668 Varias
1877 5604 2212 5670 lectiones.

396 5722 512 5793 (86)
541 5711 1291 5793 Videturinterpreslegisse
1321 5708 1677 5793 eopavz‘quod
1708 5719 1892 5790 tamen

305 5779 433 5851 non
475 5779 622 5846 r'ecte
659 5789 848 5850 vertit,
884 5779 1010 5841 cn'm
1053 5779 1169 5836 hoc'
1191 5785 1310 5835 loco
1351 5779 1621 5848 signiticet
1664 5779 1895 5849 copiam,

307 5866 452 5922 vim.
487 5863 679 5918 Graec
737 5858 973 5911 habetur
1003 5852 1213 5922 φθορὰν
1242 5866 1430 5920 quem;
1459 5851 1607 5920 quod
1659 5851 1900 5921 proclive

656 5955 926 6015 PATROL.
967 5953 1083 6012 ϐιι.
1115 5946 1461 6010 CXXVIII.

2004 5711 2605 5839 eritd‘animadvertcre
2625 5724 2691 5766 ex
2719 5709 2885 5767 verbo
2916 5704 3162 5778 φθείρειν
3190 5707 3339 5778 quod
3395 5708 3581 5765 statim

2006 5796 2070 5838 su
2153 5793 2282 5837 ηυγ.

2006 5793 2282 5838 subditur.

3073 5936 3153 5996 26
