4088 6430
460 353 563 420 8H

1694 339 2081 404 EUTHYMII
2122 337 2488 399 ZIGABENI

3630 329 3742 394 8ιὲ

535 464 692 518 Vnus.
775 461 863 517 Η.
917 459 982 513 Et
1057 457 1300 512 convertit
1345 454 1399 508 in
1459 453 1769 524 sanguinem
1825 451 2048 519 ﬂumina

2225 448 2335 502 Kal
2364 445 2778 516 μετέστρεψοεν
2805 445 2892 508 εις
2915 435 3061 511 αἷμα
3084 441 3227 509 τοὺς
3281 443 3589 512 ποταμοὺς
3638 448 3747 496 al"-

461 577 665 612 eorum.
719 555 844 611 Haec
894 555 1065 626 prima
1136 552 1236 605 fuit
1292 549 1675 621 .Egyptiorum
1725 547 1903 616 plaga.
1943 542 2046 596 Per

465 649 685 703 ﬂumina
745 657 952 710 autem,
1015 643 1197 698 Nilum
1250 644 1430 712 ipsum
1507 638 1783 707 intelligit.
1843 636 2048 690 Unicus

465 744 664 797 etenim
725 739 926 794 ﬂuvius
995 751 1092 807 per
1149 736 1464 790 universam
1537 732 1832 802 Egyptum
1908 728 2048 782 ﬂuit.

464 834 609 889 Alibi
659 833 825 887 etiam
859 831 1099 886 diximus
1154 826 1508 881 llt‘ibmorum
1553 823 1832 892 peculiare
1901 834 2049 884 esse,

467 935 528 980 ut
559 926 753 995 plurali
794 938 1025 978 numero
1079 929 1302 975 utantur
1381 932 1481 989 pro
1529 913 1821 986 singulari.
1868 911 2052 982 Aliqui

465 1019 690 1087 ﬂumina
744 1021 797 1071 in
829 1018 1026 1085 plurali
1084 1029 1336 1077 numero,
1396 1012 1603 1066 dictum
1660 1022 1785 1063 esse
1838 1007 2055 1071 dicunt,

2157 539 2296 594 τῶν.
2359 539 2530 592 Τοῦτο
2562 541 2594 608 ἡ
2625 538 2820 610 πρώτη
2846 537 2957 590 τῶν
2980 540 3297 606 Αἰγυπτίων
3325 537 3530 608 πληγή.
3563 538 3741 591 Ποτα-

2163 634 2298 703 μοὺς
2327 633 2383 685 δὲ
2413 633 2504 685 τὸν
2539 632 2787 701 ποταμὸν
2837 631 3031 684 Νεῖλον
3091 630 3362 700 λέγομεν·
3422 631 3584 701 μόνος
3631 632 3743 700 γὰρ

2155 719 2315 788 οὗτος
2344 725 2588 795 διαρρέει
2636 724 2735 793 τὴν
2772 725 3070 792 Αἴγυπτον.
3124 724 3352 794 Εἴρηται
3395 722 3505 792 γὰρ
3557 723 3652 775 καὶ
3709 725 3744 794 ἡ

2157 817 2269 873 τῶν
2325 817 2596 888 Ἐϐραίων
2653 815 2954 882 διάλεκτος,
3012 815 3162 869 ἔστιν
3208 818 3297 869 ὅτε
3363 815 3746 886 πληθυντ.κῶς

2157 910 2385 980 ἐκφέρει
2411 909 2478 962 τὰ
2502 908 2679 961 ἑνικά.
2711 907 2868 970 Τινὲς
2885 908 2942 960 δέ
2965 924 3121 977 φασι,
3151 908 3240 962 διὰ
3284 907 3354 961 τὰ
3375 909 3439 961 ὲκ
3492 908 3584 962 τοῦ
3616 907 3749 960 Ns?-

2160 1002 2252 1056 λου
2292 1001 2690 1073 μετοχευθέντα
2727 1001 2920 1073 ῥεῖθρα
2944 1017 2959 1032 ·
2999 1001 3091 1054 καὶ
3123 1001 3264 1055 αὐτὰ
3302 1001 3585 1070 ποταμοὺς
3611 1002 3748 1069 κληο

464 1114 536 1167 ob
570 1112 902 1181 multiplices
946 1111 1113 1175 rivos,
1147 1107 1239 1178 qui
1284 1122 1314 1162 ο
1339 1105 1457 1159 Nilo
1495 1110 1716 1166 exeunt,
1753 1115 1894 1170 quos
1925 1098 2058 1153 Pro-

2168 1093 2324 1164 Οῆναι
2355 1094 2442 1147 διὰ
2475 1095 2538 1146 τὸ
2569 1093 2773 1161 πλῆθος
2803 1094 2914 1146 τῶν
2937 1093 3167 1159 ὑδάτων,
3186 1094 3246 1145 τὸ
3266 1093 3320 1145 δὲ
3345 1092 3555 1146 Αὐτῶν
3607 1095 3749 1160 πρὸς

467 1203 631 1270 pheta
664 1203 732 1256 ob
779 1215 1044 1270 aquarum
1105 1197 1318 1266 copiam
1350 1193 1632 1247 ﬂuminum
1669 1189 1932 1258 dignitate
1955 1187 2055 1240 do-

469 1295 638 1349 navit.
699 1294 1002 1348 Dictionem
1085 1304 1242 1353 vero,
1340 1285 1562 1348 Earum,
1635 1282 1702 1335 ad
1765 1278 2054 1350 Aﬂgyptios

2162 1186 2290 1248 τοὺς
2324 1186 2657 1251 Αἰγυπτίους
2689 1186 2959 1249 ἀνοίσεις⁸
3000 1183 3172 1238 εἰπὼν
3215 1184 3320 1256 γὰρ
3357 1184 3441 1236 ὅτι
3488 1185 3546 1236 ἐν
3580 1184 3751 1250 Λιγύ-

2162 1295 2307 1347 πτῳ,
2338 1279 2462 1341 τοὺς
2497 1279 2828 1346 Αἰγυπτίους
2859 1279 3117 1350 ἐδήλωσε.

469 1389 697 1452 referes,
745 1397 806 1442 ut
857 1385 1047 1440 relatio
1107 1380 1174 1435 ad
1233 1380 1484 1434 homines
1541 1375 1690 1430 illius
1751 1372 2112 1444 providentiae
2151 1371 2266 1436 ﬂat,
2290 1385 2455 1441 quam
2489 1373 2650 1441 paulo
2703 1382 2831 1428 ante
2899 1371 3226 1437 nominavit,
3298 1370 3527 1427 dicens:
3595 1367 3752 1424 Sicut

467 1484 645 1552 posuit
666 1484 820 1551 signa
850 1479 1018 1533 suain
1044 1473 1302 1546 digypto.

541 1579 610 1632 Et
650 1577 840 1631 imbres
869 1591 1072 1637 eorum,
1104 1588 1167 1626 ne
1214 1571 1466 1624 biberent.
1520 1568 1622 1622 Per
1669 1566 1879 1622 imbres
1921 1564 2044 1618 loca

471 1672 564 1726 illa
597 1669 872 1738 intelligit,
907 1668 962 1722 iu
990 1666 1190 1736 quibus
1220 1678 1390 1734 aquas
1427 1677 1491 1716 ex
1544 1658 1818 1715 imbribus
1873 1657 2044 1712 colle-

470 1777 589 1823 etas
627 1765 956 1821 condebant.
989 1760 1169 1830 Aliqui
1201 1773 1330 1813 vero
1365 1755 1660 1826 improprie
1693 1753 1910 1839 imbres
1954 1765 2052 1820 po—
2087 1800 2128 1854 Β

470 1862 608 1916 sitos
641 1873 762 1913 esse.
784 1856 994 1917 dicunt,
1030 1868 1128 1923 pro
1158 1850 1423 1905 fontibus.

541 1953 710 2008 Vens.
729 1952 819 2006 45.
845 1949 991 2004 Μὶοὶι
1023 1950 1077 2000 in
1106 1963 1192 2001 eos
1217 1958 1552 2015 rgno-ngam,
1582 1951 1632 1996 et
1668 1939 1894 1994 comedit
1941 1955 2051 1993 eos.

471 2047 598 2101 llaec
621 2054 706 2100 est
736 2049 933 2112 quarta
971 2040 1146 2109 plaga.
1180 2035 1435 2090 Secunda
1457 2031 1605 2087 enim
1651 2030 1755 2084 fuit
1794 2043 2054 2082 ranarum

470 2149 527 2197 et
565 2136 724 2192 tertia
749 2135 1012 2190 culicum.
1043 2128 1108 2183 Et
1153 2123 1618 2198 quemadmodum
1674 2121 1934 2192 superius
1970 2122 2059 2174 he-

471 2231 666 2288 neﬂcia
701 2227 756 2282 in
784 2226 1043 2281 Hebraeos
1076 2222 1273 2277 collata
1299 2229 1738 2274 commemorans
1757 2254 1773 2280 ,
1804 2211 2053 2268 ordinem

474 2339 585 2380 non
616 2318 876 2381 servavit,
918 2317 994 2372 ita
1025 2315 1192 2370 etiam
1247 2312 1301 2367 in
1361 2308 1642 2381 praesenti,
1667 2304 2053 2376 [Egyptiorum

476 2418 667 2488 plagas
697 2425 954 2470 narrans,
991 2408 1201 2462 nullum
1239 2403 1488 2459 ordinem
1525 2408 1730 2458 servat.
1769 2397 2058 2452 Suﬂiciant

474 2519 656 2563 autem
684 2519 808 2575 quae
834 2502 944 2557 illic
977 2499 1218 2554 diximus
1249 2497 1316 2550 de
1344 2491 1658 2564 huiusmodi
1687 2489 1899 2544 ordinis
1929 2502 2057 2558 per-

475 2599 746 2655 versione.
775 2593 1016 2648 Intentio
1041 2591 1186 2646 enim
1213 2587 1503 2657 Propheta:
1533 2584 1619 2638 hic
1667 2591 1880 2637 tantum
1935 2581 2055 2648 fuit,

477 2701 535 2744 ut
565 2689 990 2745 demonstraret,
1019 2677 1296 2751 quomodo
1343 2675 1528 2730 omnia
1579 2673 1857 2727 elementa
1907 2685 2063 2723 mau-

477 2779 604 2834 dato
634 2777 727 2832 Dei
755 2775 1024 2830 adversus
1055 2771 1392 2826 Pharaonem
1434 2765 1768 2821 militarent.
1809 2763 2056 2834 Ipsarum

477 2872 620 2926 enim
675 2878 951 2939 gestarum
999 2877 1182 2918 rerum
1230 2860 1480 2917 ordinem
1529 2857 1641 2928 jam
1695 2855 1790 2910 ditt
1843 2854 2060 2924 hirnses

477 2964 722 3022 seriatim
756 2959 1149 3028 descripserat.
1179 2953 1480 3026 Cynomyia
1548 2957 1732 3004 autem
1785 2949 2060 3004 silvestris

478 3072 688 3114 muscae
717 3068 890 3124 genus
929 3059 1056 3113 est,
1105 3047 1250 3120 quod
1305 3046 1448 3102 inter
1491 3051 1692 3098 caetera
1741 3053 2054 3095 muscarum

479 3164 680 3223 genera
708 3157 793 3204 est
823 3142 1382 3215 impudentissimum.
1420 3135 1654 3192 Verbum
1681 3134 1846 3189 etiam
1871 3129 2061 3187 Come—
2085 3168 2130 3229 Ο

479 3248 586 3309 dit,
621 3241 916 3312 improprie
949 3237 1133 3308 posuit
1171 3248 1272 3305 pro
1295 3229 1617 3286 Momordit.
1990 3293 1992 3302 Ι

552 3333 621 3387 Et
654 3347 866 3395 ranam,
897 3342 942 3382 et
969 3327 1198 3398 perdidit
1229 3341 1339 3378 eos.
1383 3322 1682 3378 Vastarunt
1715 3317 1882 3373 etiam
1914 3327 2062 3369 rana:

482 3425 794 3497 Egyptjos.
822 3421 958 3476 Nam
983 3429 1034 3475 et
1065 3435 1164 3475 eos
1193 3416 1563 3479 mordebant,
1623 3421 1680 3467 et
1730 3426 1922 3467 eorum
1971 3426 2062 3463 ra-

485 3520 708 3591 pit-bant
737 3525 832 3572 aut
865 3514 1228 3584 inquinahant
1267 3510 1446 3573 cibos,
1475 3517 1532 3562 et
1570 3521 1785 3562 summa
1815 3504 2065 3559 insuavi-

484 3623 598 3670 tate
634 3627 698 3666 ac
730 3610 954 3665 fastidio
983 3606 1169 3661 omnia
1201 3604 1514 3673 replebant.

560 3705 722 3757 Vens.
749 3700 841 3754 46.
874 3698 940 3751 Ει
971 3698 1112 3752 dedit
1169 3695 1394 3764 aerugini
1427 3694 1632 3762 fructus
1662 3707 1867 3757 eorum,
1899 3699 1948 3742 et
1981 3689 2066 3743 la-

489 3799 638 3850 bores
663 3809 845 3848 eorum
876 3792 1116 3845 locusta.
1150 3787 1393 3842 Tametsi
1442 3787 1583 3839 inter
1633 3785 1820 3854 plagas
1868 3795 1992 3851 qua:
2036 3795 2066 3834 a

489 3888 674 3960 Moyse
697 3893 1142 3941 contntemoratae
1183 3890 1332 3941 sunt,
1372 3879 1519 3934 nulla
1565 3877 1829 3947 aeruginis
1859 3875 2068 3930 mentio

487 3992 750 4048 expresse
799 3975 944 4031 facta
975 3989 1098 4029 esse
1132 3973 1408 4032 videatur,
1442 3978 1573 4040 puto
1607 3979 1790 4023 tamen
1841 3965 2065 4036 Moysen

485 4071 649 4125 etiam
681 4070 825 4124 hanc
853 4079 1338 4123 commemorasse.
1377 4065 1470 4118 Est
1515 4063 1722 4117 etenim
1749 4075 1939 4129 aerugo
1970 4074 2069 4112 no-

485 4177 614 4216 vmn
652 4159 925 4232 quoddam
962 4173 1184 4228 germen
1214 4196 1229 4218 ,
1263 4170 1359 4210 seu
1392 4170 1532 4208 nova
1581 4155 1764 4224 proles
1820 4152 2066 4214 incestat,

484 4267 647 4321 quam
679 4251 791 4306 illic
815 4250 984 4304 etiam
1017 4247 1232 4319 Moyses
1265 4247 1548 4311 describit,
1588 4255 1641 4300 et
1689 4245 1894 4300 dicitur
1949 4245 2070 4296 hru-

486 4347 647 4409 ehns,
677 4353 839 4413 atque
871 4344 945 4396 ita
975 4357 1093 4396 eam
1126 4340 1317 4410 Aquila
1345 4339 1658 4408 appellavit.
1687 4335 1794 4392 Per
1835 4331 2071 4406 [τραξηιιή

486 4447 696 4499 autem,
723 4450 919 4490 omnes
949 4441 1108 4488 terra:
1137 4433 1320 4501 fruges
1345 4430 1618 4500 intelligit,
1675 4445 1814 4499 quas
1863 4429 2070 4482 laboris

2226 1559 2336 1614 Kal
2371 1557 2442 1612 τὰ
2499 1557 2850 1627 ὀμϐρήματα
2889 1559 3111 1625 αὐτῶν,
3167 1559 3329 1625 ὅπως
3359 1558 3446 1628 μὴ
3503 1545 3775 1612 πίωσιν.

2167 1651 2533 1722 Ὀμΰρήματα
2557 1652 2706 1714 λέγει
2760 1653 2858 1716 τὰς
2885 1652 3208 1721 δεξαμενὰς,
3239 1654 3297 1705 ὲν
3322 1647 3410 1715 αἶς
3443 1651 3748 1723 ἐθησαύρι-

2157 1745 2249 1810 ζον
2269 1747 2337 1800 τὰ
2371 1747 2428 1812 ἐξ
2472 1746 2696 1816 ὄμϐρων
2725 1746 2918 1800 ὕδατα.
2944 1747 3102 1809 Τινὲς
3143 1745 3202 1798 δὲ
3249 1746 3587 1818 όμϐρήματα
3641 1763 3745 1798 κα-

2157 1839 2311 1892 λοῦσι
2343 1838 2803 1909 καταχρηπτικῶς
2839 1840 2937 1892 καὶ
2966 1839 3065 1902 τὰς
3095 1839 3302 1909 πηγάς.
3591 1828 3607 1838 ”

2243 1933 2708 1998 Ἐξαπέστειλεγ
2772 1936 2859 2000 εις
2921 1933 3146 1998 αὐτοὺς
3203 1936 3542 2005 κυνόμυιαν
3570 1976 3586 2002 ,
3643 1939 3750 1992 καὶ

2158 2027 2498 2095 κατέφαγεν
2547 2028 2790 2093 αὐτούς.
2853 2027 3025 2081 Τοῦτο
3071 2028 3308 2099 τετάρτη
3362 2029 3566 2100 πληγή.
3613 2037 3753 2083 Δευ-

2157 2119 2292 2188 τέρα
2333 2119 2441 2187 γάρ
2502 2113 2574 2188 ἦν
2619 2119 2652 2188 ἠ
2685 2116 2798 2172 τῶν
2839 2118 3130 2188 βατράχων
3163 2135 3176 2148 °
3203 2119 3299 2172 καὶ
3339 2119 3521 2191 τρίτη
3555 2123 3586 2191 ὴ
3637 2121 3753 2172 τῶν

2162 2209 2427 2262 σκνιπῶν.
2466 2210 2679 2282 Ὥσπερ
2707 2210 2817 2280 γὰρ
2855 2211 3116 2280 ἀνωτέρω
3136 2212 3238 2275 τὰς
3297 2213 3619 2282 εὐεργεσίας
3665 2214 3753 2276 εις
3833 2199 3837 2202 ’

2156 2301 2286 2364 τοὺς
2345 2299 2635 2370 Ἑόραίους
2691 2300 3139 2371 ἐκδιηγούμενος,
3205 2303 3306 2355 οὐκ
3361 2304 3594 2373 ἐτήρησε
3647 2303 3753 2375 τὴν

2157 2393 2312 2458 τάξιν
2343 2393 2548 2459 αὐτῶν,
2589 2391 2765 2456 οὕτως
2787 2393 2910 2446 οὐδὲ
2933 2392 3030 2446 νῦν
3058 2395 3151 2446 ἐπὶ
3189 2394 3298 2446 τῶν
3351 2393 3577 2463 πληγῶν
3638 2396 3755 2448 τῶν

2160 2485 2304 2538 κατὰ
2329 2484 2438 2538 τῶν
2465 2485 2807 2553 Αἰγυπτίων.
2838 2485 2949 2540 Καὶ
2972 2485 3220 2556 ἀρκέσει,
3273 2486 3312 2540 ἃ.
3355 2489 3536 2539 ἐκεῖσε
3591 2489 3757 2558 εἰρή-

2160 2594 2340 2647 καμεν
2361 2593 2376 2608 ο
2413 2578 2618 2641 σκοπὸς
2655 2578 2765 2648 γὰρ
2799 2578 2892 2632 ἐπὶ
2924 2577 3019 2630 τοῦ
3057 2579 3328 2649 παρόντος
3366 2574 3436 2650 ἦν
3462 2579 3610 2650 αὐτῷ
3639 2579 3758 2633 δετ-

2164 2669 2250 2734 ξαι
2289 2669 2449 2740 μόνον
2487 2670 2586 2723 ὅλα
2607 2672 2676 2724 τὰ
2703 2673 2946 2739 στοιχεῖα
2993 2673 3380 2742 προστάγματι
3426 2672 3559 2725 Θεοῦ
3607 2674 3757 2726 κατὰ

2160 2761 2254 2816 τοῦ
2284 2761 2488 2832 Φαραὼ
2509 2763 2986 2833 στρατευσάμενα.
3029 2764 3184 2816 Ἐπεὶ
3238 2763 3405 2817 πάλαι
3453 2766 3551 2834 τὴν
3596 2765 3754 2828 τάξιν

2163 2853 2344 2907 αὐτῶν
2397 2855 2419 2906 ί
2483 2854 2730 2924 Μωῦςῆς
2772 2857 3140 2927 ἀνεγράψατο.
3176 2857 3485 2926 Κυνόμυια
3528 2843 3586 2910 δέ
3629 2861 3755 2912 ἐστι

2164 2950 2299 3016 μυῖα
2325 2947 2497 3016 ἀγρία
2527 2948 2623 3000 καὶ
2659 2948 2906 3017 ἀναιδής.
2948 2947 3262 3018 Κατέςρίιγε
3317 2949 3396 3016 δὲ,
3463 2965 3753 3020 καταχρη-

2164 3038 2389 3104 στικῶς,
2415 3038 2538 3093 ἀντὶ
2569 3034 2874 3095 Κατέδακε.

2236 3314 2349 3369 Kal
2385 3313 2722 3385 βάτραχον,
2766 3312 2867 3367 και
2917 3312 3248 3383 διέφθειρεν
3279 3316 3523 3382 αὐτούς.
3588 3316 3757 3369 Ἐλυ-

2167 3409 2379 3478 μήνατο
2399 3408 2614 3461 δάκνων
2641 3406 2737 3460 καὶ
2766 3407 2950 3469 αὑτός.
3011 3407 3120 3459 Καὶ
3157 3408 3256 3471 τὰς
3301 3404 3507 3477 τροφὰς
3569 3408 3758 3461 αὐτῶν

2157 3501 2382 3566 ιδάκνων
2433 3500 2526 3555 καὶ
2587 3499 2840 3571 μιαίνων,
2892 3500 2986 3553 καὶ
3045 3501 3230 3571 πάσης
3273 3501 3608 3572 ὲμπιμπλῶν
3652 3503 3764 3573 ἀη-

2168 3590 2313 3653 δίας.
2368 3648 2372 3652 _

2239 3681 2347 3738 Kal
2371 3683 2558 3736 ἔδωκε
2591 3681 2667 3750 τῇ
2695 3682 2945 3752 ὲρυσίϐῃ
2977 3682 3120 3750 τοὺς
3141 3685 3410 3752 καρποὺς
3426 3685 3625 3739 αὐτῶν
3647 3686 3757 3741 καὶ

2169 3775 2306 3840 τοὺς
2349 3776 2576 3840 ,πόνους
2599 3775 2800 3829 αὐτῶν
2821 3774 2898 3844 τῇ
2927 3776 3147 3844 ἀκρίδι.
3179 3777 3241 3829 Ei
3267 3779 3359 3830 καὶ
3385 3777 3533 3830 δοκεῖ
3560 3779 3634 3848 μὴ
3658 3781 3760 3845 ἐγ-

2171 3870 2385 3924 κεῖσθαι
2420 3872 2539 3934 ταῖς
2567 3871 2695 3940 περὶ
2718 3871 2962 3935 Μωσέως
2991 3871 3196 3941 ἀπηριο
3207 3871 3480 3941 μημέναις
3515 3873 3762 3940 πληγαῖς

2169 3967 2202 4035 ἡ
2231 3965 2487 4036 ὲρυσίόη,
2511 3965 2626 4019 ἀλλ’
2661 3965 2908 4034 ἔγκειται
2938 3967 3032 4020 καὶ
3076 3967 3241 4038 αὐτή.
3275 3967 3429 4020 Ἐστι
3486 3970 3596 4038 γὰρ
3652 3968 3763 4037 τῆς

2171 4057 2631 4129 ἁναγραφομένης
2661 4058 2879 4127 ἁκρίδος
2936 4060 2996 4112 τὸ
3036 4061 3228 4130 νεαρ3ν
3276 4061 3525 4131 γέννημα
3553 4077 3567 4093 ο
3599 4061 3630 4113 ὃ
3656 4063 3762 4114 καὶ

2175 4151 2405 4222 βροῦχος
2463 4151 2833 4223 ὀνομάζεταιο
2885 4150 3028 4205 οὕτω
3076 4152 3184 4223 γὰρ
3225 4154 3254 4205 ὁ
3299 4153 3534 4215 Ἀκύλας
3594 4152 3770 4208 τοῦτο

2173 4242 2562 4312 κατωνόμασε.
2595 4240 2824 4310 Καρπδν
2859 4239 2919 4293 δὲ
2947 4241 3098 4308 λέγει
3127 4241 3220 4292 τὸν
3235 4241 3334 4312 τῆς
3369 4241 3470 4310 γῆς
3501 4239 3717 4294 ἅπαντα
3745 4259 3761 4273 ·

2172 4335 2265 4386 τὸν
2325 4334 2488 4387 αὑτὸν
2551 4334 2608 4386 δὲ
2648 4335 2745 4386 καὶ
2779 4334 2962 4398 πόνον,
2995 4332 3071 4396 ὡς
3121 4332 3270 4403 πόνῳ
3309 4333 3762 4402 γεωργούμενον,

2188 4426 2382 4496 Ὀγδόη
2419 4425 2476 4478 δὲ
2526 4425 2711 4496 πληγὴ
2737 4420 2806 4494 ἦν
2832 4426 2866 4494 ἠ
2903 4426 2997 4492 τῆς
3037 4425 3280 4492 ἀκρίδος.
3321 4424 3479 4495 Ὶωὴλ
3526 4425 3582 4477 δὲ
3633 4425 3766 4478 ἓτε-

487 4531 651 4584 etiam
686 4527 903 4582 nomine
933 4524 1206 4593 expressit
1230 4537 1300 4576 eo
1333 4523 1480 4590 quod
1527 4535 1744 4575 summo
1799 4529 2063 4591 parentur

2172 4535 2262 4588 ρον
2293 4518 2442 4584 λέγει
2465 4516 2560 4569 τὸν
2585 4515 2837 4586 βροῦχον,
2883 4515 2981 4569 καὶ
3014 4517 3202 4586 ἕτερον
3228 4516 3328 4586 τὴν
3369 4517 3652 4588 ἐρυσὶὗην.

489 4622 698 4677 labore.
727 4618 978 4673 Locusta:
1014 4625 1193 4670 autem
1223 4617 1377 4688 plaga
1409 4619 1463 4670 iu
1501 4615 1694 4670 ordine
1711 4625 1905 4669 octava
1935 4613 2069 4677 fuit;
2110 4627 2176 4666 ex
2217 4609 2369 4666 Joele
2405 4620 2587 4665 tamen
2632 4611 2902 4680 propheta
2931 4609 3078 4664 aliud
3120 4611 3328 4667 locusta
3359 4628 3494 4676 esse,
3517 4612 3762 4696 videtur.

489 4727 546 4774 et
569 4715 714 4771 aliud
743 4715 1001 4770 bruchus.
1264 4783 1268 4786 γ

565 4811 729 4865 Vens.
761 4807 848 4862 A7.
885 4804 950 4861 Et
988 4806 1176 4859 occidit
1220 4807 1273 4859 in
1316 4805 1574 4874 grandine
1628 4803 1808 4856 uineas
1857 4815 2062 4855 eorum.

491 4902 739 4958 Vastavit
766 4901 909 4955 enim
941 4911 1056 4961 eas,
1092 4915 1157 4954 ne
1195 4899 1433 4954 fructum
1459 4899 1721 4953 facerent.
1751 4896 1934 4964 Atque
1954 4897 2067 4948 hac

491 4997 725 5068 septima
756 4994 860 5050 fuit
897 4995 1079 5064 plaga.

565 5087 634 5142 Et
665 5103 838 5142 moros
859 5102 1041 5141 eorum
1067 5087 1121 5138 in
1151 5085 1363 5152 pruina.
1412 5081 1534 5136 ηερε
1567 5079 1721 5150 plaga
1766 5076 1985 5130 tametsi
2039 5090 2068 5129 a

503 5182 688 5255 Moyse
713 5181 916 5236 omissa
944 5195 1067 5235 esse
1097 5179 1370 5241 videatur,
1409 5175 1722 5229 continetur
1751 5179 1935 5223 tamen
1966 5168 2070 5222 sub

496 5274 778 5347 grandinis
809 5274 989 5344 plaga.
1023 5269 1323 5324 Coulicitur
1353 5268 1552 5321 etenim
1584 5305 1599 5329 ,
1650 5275 1704 5318 et
1755 5261 2071 5316 concrescit

499 5367 689 5435 pruina
721 5378 785 5418 ex
817 5361 1105 5432 grandine.
1142 5359 1318 5411 Multae
1345 5366 1521 5409 autem
1553 5354 1772 5407 mori'in
1835 5350 2072 5422 Egypto

502 5468 655 5522 sunt,
680 5454 825 5524 quod
859 5453 911 5508 id
942 5469 1112 5522 genus
1147 5449 1362 5504 arboris
1396 5447 1592 5501 calidis
1634 5445 1686 5497 iu
1731 5443 1868 5497 locis
1919 5442 2072 5494 valde

501 5553 728 5598 crescat.
777 5543 843 5595 Et
877 5539 1334 5611 quemadmodum
1371 5535 1544 5590 vineis
1593 5533 1840 5604 grando,
1895 5535 1974 5585 sis:
2019 5543 2075 5585 et

505 5635 671 5689 moris
704 5634 897 5703 pruina
935 5632 1311 5688 inimicissima
1343 5638 1447 5684 est.

581 5810 740 5866 Vens.
771 5811 856 5865 48.
888 5810 957 5864 Et
982 5811 1201 5866 tradidit
1244 5809 1492 5881 grandini
1533 5825 1724 5879 pecora
1767 5825 1944 5864 eorum
1971 5849 1985 5869 ,
2028 5819 2073 5862 et

2245 4793 2355 4848 Kal
2393 4791 2746 4847 ἀπέκτεινεν
2773 4790 2843 4844 ἐν
2875 4789 3100 4861 χαλάζῃ
3150 4792 3267 4859 τὴν
3329 4793 3604 4864 ἄμπελον
3642 4798 3764 4849 αὺ-

2174 4887 2312 4943 τῶν.
2349 4885 2760 4956 Ἀπενέκρωσεν
2821 4886 2901 4948 εἰς
2947 4886 3340 4957 καρπογονίαν.
3406 4887 3641 4960 Ἑϐδόμη
3695 4890 3763 4947 δὲ

2177 4979 2316 5050 αὕτη
2358 4981 2390 5050 ἡ
2427 4979 2631 5047 πληγή.

2250 5071 2356 5125 Kal
2386 5069 2491 5134 τὰς
2521 5069 2898 5137 συκαμίνους
2924 5066 3122 5120 αὐτῶν
3147 5069 3217 5122 ἐν
3247 5068 3325 5140 τῇ
3360 5071 3582 5140 πάχνη.
3643 5075 3764 5129 Καὶ

2180 5161 2318 5230 αὕτη
2356 5163 2389 5232 ἡ
2422 5160 2625 5230 πληγὴ,
2660 5161 2707 5211 εἰ
2749 5161 2844 5211 καὶ
2891 5161 3249 5232 ἀνιστόρητος
3302 5165 3455 5232 παρὰ
3510 5166 3766 5230 Μωσέως

2178 5253 2344 5316 δοκεῖ,
2377 5251 2513 5306 ἀλλά
2533 5269 2596 5319 γε
2626 5253 2691 5322 τῇ
2710 5250 2921 5322 χαλάζῃ
2952 5253 3557 5324 συμπαραλαμϐάνεται
3623 5257 3768 5312 Ἀπὸ

2183 5347 2291 5416 γὰρ
2343 5345 2548 5414 ταύτης
2577 5345 2802 5415 ἐσχενὴ
2838 5347 3016 5416 πάχνη
3081 5347 3180 5415 τὴν
3223 5346 3500 5401 σύστασιν.
3556 5348 3765 5404 Πολλαὶ

2181 5439 2237 5490 δὲ
2294 5439 2586 5506 συκάμινοι
2631 5438 2773 5490 κατὰ
2820 5439 2918 5508 τὴν
2956 5437 3238 5505 Αἴγυπτον
3272 5455 3286 5471 ο
3329 5443 3488 5493 ταυτὶ
3533 5441 3641 5512 γὰρ
3696 5443 3762 5494 ἐν

2182 5536 2296 5595 τοῖς
2368 5531 2722 5601 θερμοτέροις
2787 5531 2974 5594 τόποις
3049 5529 3285 5597 μάλιστα
3367 5532 3757 5602 πληθύνονται.

2191 5626 2404 5694 Ὠσπερ
2431 5627 2539 5692 γὰρ
2572 5625 2604 5693 ὴ
2642 5623 2852 5693 χάλαζα
2879 5625 2940 5691 τῇ
2974 5622 3204 5693 ἀμπέλῳ
3255 5625 3371 5677 ἐστὶ
3419 5625 3772 5696 πολεμιωτά-

2185 5737 2275 5788 τη,
2302 5717 2446 5770 οὕτω
2477 5717 2569 5769 καὶ
2593 5718 2627 5786 ἡ
2659 5719 2837 5786 πάχνη
2869 5719 2988 5778 ταῖς
3019 5717 3364 5785 συκαμίνοις.

2256 5810 2608 5879 Παινέδωκεν
2628 5811 2716 5876 εὶς
2740 5798 3006 5877 χάλαζαν
3049 5809 3121 5864 τὰ
3155 5811 3347 5880 κτήνη
3390 5810 3608 5878 αὐτῶν,
3657 5814 3768 5866 καὶ
