4088 6412
398 384 509 449 817

1566 385 1957 451 COMMENT.
2004 390 2087 450 IN
2133 380 2500 456 PSALnos.

3430 430 3447 445 -
3556 397 3667 462 818

474 497 656 562 Ὄρος
686 494 866 550 τοῦτο
896 494 927 550 δ
956 495 1256 561 ἐκτήσατο
1289 497 1326 564 ἡ
1352 497 1525 563 δεξιὰ
1556 500 1766 553 αὐτοῦ.
1796 498 1988 565 Τοῦτο,

2116 528 2117 531 η
2166 505 2395 559 Montem
2418 507 2576 571 hunc,
2612 525 2764 577 quem
2792 508 3071 577 acquisivit
3092 509 3309 562 dextera
3332 509 3464 575 eius.
3493 508 3672 575 llunc,

397 587 714 652 δεικτικῶς,
749 588 879 659 παρ’
911 588 939 642 ὃ
962 589 1056 642 νῦν
1078 591 1107 642 ὁ
1141 591 1300 655 λαός⁸
1331 590 1361 645 ὃ
1392 592 1667 663 ἐκτήσατο
1694 595 1727 663 ή
1761 592 1994 662 δύναμις

400 678 593 745 αὑτοῦ,
649 683 748 735 καὶ
807 681 909 753 οὐχ
943 683 976 752 ή
1006 683 1202 754 ἀνδρία
1229 683 1324 738 τοῦ
1352 683 1506 739 λαοῦ.
1542 686 1716 749 Αὐτὸς
1753 686 1863 757 γὰρ
1908 684 1996 752 ἐξ·

401 772 582 845 ὠθησε
618 776 746 839 τοὺς
768 776 1116 843 ἐνοικοῦντας
1149 778 1285 833 αὐτὸ
1315 780 1607 852 πρότερον.

476 956 582 1010 Καὶ
615 957 908 1021 ἐξέϐαλεν
954 958 1073 1015 ἀπὸ
1103 962 1431 1030 προσώπου
1461 964 1665 1020 αὐτῶν
1695 964 1865 1034 ἔθνη.
1913 967 1994 1020 Τὰ

402 1049 545 1102 ἑπτὰ
571 1047 640 1101 τὰ
683 1051 1049 1105 κατοικοῦντα
1092 1052 1193 1123 τὴν
1222 1054 1486 1126 τοιαύτην
1513 1057 1621 1127 γῆν
1640 1071 1655 1088 θ
1706 1058 1875 1127 ήγουν
1898 1059 1995 1112 τὸν

404 1140 726 1198 Καναναῖον,
756 1142 853 1196 καὶ
883 1143 976 1196 τὸν
1007 1145 1292 1212 Χετταῖον,
1320 1148 1414 1203 καὶ
1441 1149 1536 1204 τὸν
1560 1150 1878 1223 Φεριζαῖον,
1896 1154 1995 1208 καὶ

406 1233 499 1285 τὸν
536 1234 753 1292 Εύαίον.
785 1235 883 1287 καὶ
936 1234 1029 1289 τὸν
1070 1237 1422 1313 ’Δμορραἴον,
1454 1241 1547 1296 καὶ
1576 1242 1670 1297 τὸν
1697 1243 1991 1318 Χερσαίυν,

405 1325 501 1377 καὶ
531 1326 620 1377 τὸν
656 1326 1008 1383 Ἰεϐουσαῖον.
1805 1330 1809 1334 ’

475 1417 585 1471 Καὶ
639 1418 1129 1486 ἐθαιηρυδότησεν
1162 1423 1389 1491 αὐτοὺς
1436 1425 1508 1478 ἐν
1543 1427 1796 1496 σχοινίῳ
1845 1433 1993 1498 κληο

401 1509 711 1577 ροδοσίας.
758 1512 1222 1585 Ἐκληροδότησεν
1257 1515 1458 1582 αὐτοὺς
1491 1521 1573 1582 είς
1601 1519 1736 1591 ὃλην
1761 1521 1862 1592 τὴν
1888 1516 1994 1590 γῆν

404 1603 623 1671 ἐκείνην
644 1622 657 1634 ο
694 1604 872 1660 λείπει
901 1606 960 1659 δὲ
991 1607 1054 1659 τὸ
1090 1606 1194 1674 ὥς,
1252 1608 1324 1663 ἶν’
1350 1611 1458 1678 εἴη.
1507 1611 1602 1677 Ὠς
1635 1612 1706 1666 ἐν
1742 1615 1997 1683 σχοινίῳ

406 1697 818 1763 κληροδοσίας
839 1712 855 1730 ο
891 1698 1048 1751 Ἐστι
1101 1699 1213 1769 γάρ
1238 1716 1293 1754 τι
1328 1703 1424 1756 καὶ
1452 1702 1697 1757 τοιοῦτον
1727 1705 1999 1760 ὲλλειπτις

407 1786 507 1841 κὺν
548 1788 748 1859 ἰδίωμα
794 1792 949 1861 παρὰ
999 1794 1067 1862 τῇ
1130 1792 1374 1863 Ἐϐραΐδι
1414 1796 1625 1866 γραφῇ.
1664 1794 1857 1861 Οὕτως
1883 1799 1995 1867 γὰρ

407 1881 690 1949 ἀναλόγως
718 1886 842 1948 ταῖς
891 1885 1089 1954 φυλαῖς
1117 1886 1213 1939 καὶ
1246 1884 1548 1951 ἀκωλύτως
1586 1889 1687 1957 τὴν
1732 1892 1838 1961 γῆν
1869 1891 1997 1946 Bisi.

409 1972 540 2026 λεν·
574 1974 652 2040 ὣς
677 1993 736 2028 τε
770 1977 827 2030 εἴ
878 1994 961 2042 τις
995 1978 1184 2050 πατὴρ
1237 1978 1475 2051 κλήρους
1512 1971 1619 2052 γῆς
1660 1984 1720 2036 ὲν
1777 1984 1999 2056 σχοινίῳ

416 2066 794 2139 γεωμετρικῷ.
821 2068 1143 2140 Ἀδιάφορος
1171 2069 1228 2125 δὲ
1260 2071 1292 2143 ή
1327 2070 1586 2139 σύνταξις
1615 2073 1735 2141 τοῦ,
1780 2075 1998 2146 Ἐκλή-

408 2153 727 2223 ροδότησε.

484 2247 594 2302 Kal
615 2249 1089 2317 κατεσκήνωσεν
1117 2255 1190 2306 ἐν
1221 2252 1348 2320 τοῖς
1376 2255 1776 2324 σκηνώμασιν
1797 2257 2001 2312 αὐτῶν

408 2341 520 2409 τὰς
552 2344 753 2412 φυλὰς
782 2336 897 2399 τοῦ
949 2346 1219 2417 Ἰσραήλ.
1259 2347 1348 2401 Ἑν
1378 2349 1499 2413 ταῖς
1551 2350 1861 2416 κατοικίαις
1886 2348 2000 2407 τῶν

407 2434 725 2505 εἰρημένων
750 2436 946 2494 ἐθνῶν.

483 2548 591 2601 Kal
629 2550 1089 2620 παρεπίκραναν
1112 2550 1220 2606 τὸν
1258 2552 1407 2608 Θεὸν
1435 2553 1545 2609 τὸν
1570 2554 1857 2626 ὕψιστον.
1889 2557 2001 2614 Καί

410 2637 484 2692 τὰ
505 2641 793 2709 μαρτύρια
817 2642 1005 2698 αὑτοῦ
1020 2644 1132 2699 οὐκ
1152 2643 1558 2714 ἐφυλάξαντο,
1578 2647 1678 2704 καὶ
1705 2649 2000 2722 ἀπέστρε-

411 2734 563 2803 ψαν,
588 2734 692 2807 ,καί
723 2735 1100 2804 ἡττήθησαν,
1132 2737 1328 2805 καθὼς
1362 2739 1460 2793 καὶ
1505 2738 1561 2796 οί
1599 2743 1855 2811 πατέρες
1886 2747 1998 2800 αὐ-

413 2822 550 2880 τῶν.
582 2826 645 2881 οι
696 2828 1049 2900 εἰσαχθέντες
1100 2831 1181 2894 εἰς
1209 2831 1308 2902 τὴν
1353 2832 1459 2903 γῆν
1504 2834 1605 2905 τῆς
1666 2835 2002 2906 ἐπαγγελίας

416 2919 606 2984 παῖδες
636 2915 801 2992 ἦσαν,
851 2922 929 2985 ὡς
960 2921 1309 2995 προείρηται,
1343 2924 1594 2992 ἐκείνων,
1621 2918 1698 2982 ὧν
1726 2927 1798 2983 τὰ
1848 2928 2002 2984 κῶλα

412 3010 610 3065 ἔπεσον
634 3013 692 3064 ἐν
720 3014 786 3083 τῇ
826 3013 1042 3085 ἐρήμῳ.
1066 3014 1284 3070 Τούτων
1313 3016 1369 3070 δὲ
1404 3017 1453 3072 oi
1482 3018 1741 3087 ἀπόγονοι
1772 3021 2001 3094 ἐπείρα-

418 3118 538 3163 σαν.
571 3101 768 3169 εἴτουν,
803 3104 1088 3174 ἐλύπησαν
1119 3106 1211 3161 τὸν
1252 3107 1490 3178 Κύριον·
1544 3110 1858 3185 γέγραπται
1890 3115 2001 3186 γὰρ

2100 598 2302 669 inquit,
2338 608 2602 663 utentem,
2640 601 3089 664 dcnwnstrative,
3123 601 3269 671 apud
3319 614 3480 670 quiem
3533 617 3680 656 nunc

2100 693 2390 749 adsumus.
2425 692 2599 759 Quem
2637 708 2745 746 non
2777 694 2962 764 populi
2989 695 3189 760 robur,
3238 697 3333 751 sed
3380 706 3470 749 tua
3520 695 3681 750 nobis

2099 785 2315 856 paravit
2346 785 2613 857 potentia.
2645 784 2726 840 Tu
2755 786 2900 840 enim
2924 800 3021 843 eos
3050 787 3226 859 primo
3263 788 3522 860 expulisti
3549 826 3564 852 ,
3589 787 3684 856 qui

2098 878 2211 932 illic
2246 877 2594 932 habitabant.
3231 937 3238 943 _

2173 968 2242 1049 Et
2272 969 2425 1039 ejecit
2452 987 2483 1024 a
2514 969 2650 1040 facie
2678 984 2857 1023 eorum
2884 980 3080 1041 gentes.
3107 968 3234 1025 Illos
3282 978 3489 1040 septem
3518 982 3689 1037 popu-

2099 1061 2203 1125 los,
2227 1061 2320 1132 qui
2358 1068 2562 1116 terram
2592 1061 2979 1130 promissionis
3027 1062 3406 1131 possidebant.
3459 1062 3682 1117 Chana-

2096 1168 2298 1217 nazum,
2321 1152 2536 1209 scilicet
2560 1192 2576 1217 ,
2607 1152 2913 1207 Chettmum
2942 1193 2956 1216 ,
2997 1152 3345 1207 Pherezaeum
3377 1194 3390 1217 ,
3421 1154 3638 1208 Evtcunt
3669 1189 3687 1216 ,

2094 1245 2502 1310 Amorrhazum,
2530 1244 2849 1303 Cberswum
2881 1255 2934 1301 et
2959 1245 3298 1302 Jeliusmum.

2169 1423 2238 1479 Et
2261 1434 2403 1481 sorte
2431 1425 2611 1480 divisit
2630 1425 2708 1480 eis
2726 1434 2923 1479 terram
2936 1424 2990 1479 in
3009 1424 3246 1494 funiculo
3263 1425 3681 1481 distributionis.

2097 1520 2257 1575 Sorte
2288 1519 2604 1574 universam
2651 1518 2800 1572 illam
2840 1518 2921 1573 eis
2967 1525 3169 1573 terram
3216 1518 3427 1575 divisit.
3487 1520 3688 1574 Subin-

2096 1611 2386 1681 telligenda
2421 1620 2504 1665 est
2533 1618 2714 1665 autent
2766 1610 2970 1674 dictio,
3010 1611 3169 1678 quasi
3179 1648 3194 1672 ,
3230 1619 3288 1663 ut
3329 1611 3407 1664 sit
3444 1624 3681 1666 sensus:

2095 1703 2188 1775 qui
2223 1701 2379 1772 quasi
2410 1701 2465 1757 in
2494 1701 2738 1757 funiculo
2766 1701 2972 1757 divisit.
3002 1703 3100 1756 Est
3133 1710 3189 1757 et
3227 1702 3317 1756 hic
3377 1701 3686 1757 defectivus

2099 1794 2357 1867 loquendi
2393 1795 2594 1850 modus
2625 1793 2898 1850 llebraico
2944 1794 3191 1849 idiomati
3242 1794 3551 1849 familiaris.
3602 1794 3682 1849 ita

2097 1888 2244 1943 enim
2274 1894 2476 1941 terram
2512 1886 2658 1940 illam
2699 1885 2843 1940 Deus
2878 1885 3019 1940 inter
3045 1885 3223 1940 tribus
3244 1885 3457 1949 divisit,
3482 1902 3687 1955 quem-

2102 1981 2397 2036 admodum
2440 1980 2487 2035 si
2534 1987 2691 2050 pater
2718 1979 2921 2048 aliquis
2957 1978 3053 2033 illo
3085 1979 3212 2033 fune
3237 1977 3380 2033 inter
3405 1978 3546 2034 lilios
3562 1992 3686 2034 eam

2101 2073 2394 2140 divideret,
2426 2087 2537 2143 quo
2570 2086 2732 2144 agros
2760 2073 3006 2128 solemus
3038 2070 3240 2128 metiri.

2154 2256 2342 2329 νεεδ.
2380 2256 2472 2312 55.
2506 2260 2573 2312 Et
2607 2255 2847 2311 habitare
2875 2255 2999 2325 fecit
3030 2255 3087 2310 in
3124 2255 3481 2311 tabernaculis
3501 2273 3685 2314 eorum

2103 2351 2274 2405 tribus
2308 2347 2506 2404 Israel.
2539 2350 2597 2402 In
2647 2347 3082 2402 habitationibus
3121 2345 3506 2423 pmdictarum
3556 2361 3687 2418 gen-

2100 2443 2265 2500 tium.

2179 2558 2347 2614 Vens.
2380 2555 2467 2619 56.
2511 2555 2601 2612 57.
2640 2553 2708 2622 Et
2734 2563 3063 2611 tentaverunt
3087 2594 3102 2618 ,
3143 2563 3194 2611 et
3235 2554 3687 2610 exacerbaveruns

2109 2648 2273 2703 Deum
2305 2648 2652 2713 altissimum,
2684 2656 2734 2702 et
2780 2646 3081 2700 testimonia
3127 2646 3244 2717 ejus
3285 2662 3389 2701 non
3444 2662 3687 2701 servave-

2096 2749 2249 2823 runt,
2268 2751 2317 2796 et
2351 2741 2521 2795 aversi
2548 2749 2672 2795 sunt
2699 2781 2714 2806 ,
2761 2748 2813 2793 et
2838 2747 3183 2807 spreverunt,
3237 2736 3684 2809 quemadmodum

2101 2845 2280 2901 patres
2316 2850 2519 2888 eorum.
2576 2832 2641 2895 li,
2688 2831 2780 2904 qui
2809 2831 2863 2886 in
2917 2841 3117 2886 terram
3164 2830 3549 2901 promissionis
3596 2831 3686 2884 in-

2104 2926 2339 2981 troducti
2368 2933 2520 2992 sunt,
2551 2924 2772 2981 illorum
2814 2932 2971 2979 erant
3003 2922 3119 2988 lilii,
3146 2937 3377 2992 quorum
3410 2923 3682 2990 membra,

2102 3029 2159 3072 ut
2199 3017 2578 3089 praediximus,
2619 3016 2939 3072 ceciderunt
2967 3014 3020 3069 in
3056 3014 3299 3069 deserto.
3348 3010 3556 3067 ilorum
3590 3012 3689 3083 igi-

2104 3116 2195 3164 tur
2221 3108 2424 3177 posteri
2469 3117 2818 3164 tentaverunt
2858 3108 3021 3163 etiam
3050 3145 3066 3170 ,
3104 3115 3163 3161 et
3216 3106 3689 3165 contristaverunt

414 3196 475 3247 ὲν
502 3199 566 3266 τῇ
595 3194 764 3267 βίϐλῳ
794 3195 904 3249 τῶν
939 3196 1180 3268 Κριτῶν,
1221 3199 1304 3254 ὅτι
1341 3201 1597 3270 Ἀνέστη
1627 3205 1803 3272 γενεὰ
1830 3205 2001 3276 ἑτέρα

2109 3204 2420 3270 Dominum,
2445 3210 2506 3258 ut
2529 3201 2587 3256 in
2623 3199 2764 3256 libro
2793 3198 3047 3255 Iudicum
3086 3196 3355 3267 scriptum
3388 3206 3473 3252 est
3499 3212 3515 3250 :
3546 3193 3687 3252 Sur-

415 3289 542 3355 μετ⁹
573 3288 820 3355 αὐτοὺς,
850 3289 910 3343 οἳ
953 3292 1062 3345 οὐκ
1090 3292 1369 3361 ἔγνωσαν
1395 3295 1504 3347 τὸν
1534 3295 1776 3362 Κύριον,
1810 3298 1908 3351 καί
1935 3300 2004 3355 τὸ

414 3377 596 3447 ἔργον
631 3378 664 3434 ὃ
715 3379 966 3450 ἐποίησε
1011 3381 1090 3449 τῷ
1133 3383 1373 3453 Ἰσραήλ
1400 3402 1413 3417 ⁸
1460 3384 1561 3440 καί
1610 3386 1915 3456 ἐποίησαν
1949 3393 2006 3445 οί

416 3470 535 3525 υίοί
577 3472 826 3549 Ἰσραὴλ
872 3474 937 3529 τὸ
979 3474 1254 3544 πονηρὸν
1294 3475 1554 3530 ἐνώπιον
1607 3480 1853 3548 Κυρίου,
1905 3482 2005 3536 καί

417 3562 797 3631 ἐλάτρευσαν
821 3561 902 3632 τῷ
931 3567 1187 3636 Βααλὶμ,
1218 3566 1313 3620 καὶ
1335 3566 1404 3622 τὰ
1437 3566 1591 3638 ἑξῆς.
1624 3570 1921 3643 Μαρτύρια
1945 3574 2005 3628 δὲ

415 3654 563 3724 λέγει
616 3657 719 3721 τὰς
775 3657 1202 3731 διαμαρτυρίας.
1267 3661 1646 3733 ’Λπὲστρεψαν
1688 3663 1744 3717 δὲ
1774 3665 2005 3721 ἀπὸτοῦ

414 3747 576 3813 θᾷοῦ,
628 3749 726 3803 καὶ
779 3749 1055 3820 ἠθέτησαν
1107 3752 1200 3805 τὸν
1234 3752 1387 3816 Θεὸν,
1451 3754 1831 3826 μιμησάμενοι
1878 3758 2009 3823 τοῦς

422 3839 585 3906 ἰδίους
612 3841 857 3913 πατέρας
888 3843 1015 3909 τοὺς
1047 3845 1563 3917 μοσχοποιήσαντας
1590 3849 1649 3901 ὲν
1691 3850 1758 3922 τῇ
1789 3849 2005 3923 ἐρήμῳ.
2034 3927 2049 3935 ο

494 4045 1016 4119 Μετεστράέρησαν
1057 4049 1146 4117 είς
1199 4050 1383 4117 τόξον
1437 4052 1757 4119 στρεϐλόν.
1823 4052 2009 4110 Μετε-

422 4140 752 4210 οτράφησαν
781 4138 890 4193 ἀπὸ
915 4142 1015 4213 τῆς
1048 4140 1331 4205 εὐσεϐείας
1369 4141 1449 4205 εἰς
1480 4140 1821 4212 δυσσέϐειαν,
1850 4144 2009 4216 δίκην

426 4232 585 4298 τόξου
649 4229 933 4304 στρεϐλοῦ.
971 4231 1045 4286 To
1077 4232 1207 4304 γὰρ,
1242 4235 1368 4299 Είς,
1404 4232 1525 4287 ἀντὶ
1557 4232 1675 4298 τοῦ,
1715 4234 1825 4297 Ὦς.
1880 4237 2004 4291 Κα-

425 4323 606 4396 Θάπερ
633 4325 788 4393 τόξον
819 4324 1080 4394 στρεϐλὸν
1110 4325 1210 4379 οὐκ
1229 4325 1407 4397 epes;
1432 4326 1681 4396 ἀφίησιν,
1697 4325 1841 4382 οὕτω
1858 4329 1952 4383 καὶ
1979 4331 2008 4384 δ

424 4415 551 4478 νοῦς
605 4416 803 4481 αὐτῶν,
836 4415 1209 4488 διαστραφεὶς,
1233 4416 1333 4471 οὐκ
1361 4416 1538 4490 ὀρθῶς
1568 4415 1718 4489 ἀφίει
1743 4419 1841 4484 τὰς
1878 4420 2010 4495 περὶ

425 4507 563 4563 Θεοῦ
587 4509 819 4573 ἐννοίας.

501 4625 610 4682 Kal
634 4624 1022 4696 παρώργισαν
1049 4625 1235 4680 αὐτὸν
1277 4623 1349 4679 ἐν
1373 4624 1497 4692 τοῖς
1516 4624 1770 4692 ,βουνοῖς
1788 4625 2007 4694 αὐτῶν,

406 4708 527 4773 *καὶ
554 4719 622 4773 ἐν
638 4718 764 4785 τοῖς
790 4716 1082 4787 γλυπτοῖς
1106 4715 1306 4772 αὐτῶν
1346 4716 1782 4788 παρεζήλωσαν
1798 4719 2009 4776 αὐτόν.

437 4809 800 4883 Ἐμίχθησαν,
837 4811 993 4880 φησὶ,
1022 4811 1135 4873 τοῖς
1164 4809 1369 4870 ἔθνεσι.
1408 4811 1503 4865 καὶ
1536 4811 1740 4882 ἔμαθον
1778 4814 1846 4867 τὰ
1871 4813 2012 4883 ἔργα

426 4906 632 4960 αὐτῶν.
662 4905 744 4959 Τὰ
792 4904 904 4976 γὰρ
930 4904 1059 4974 ἔθνη
1081 4904 1140 4957 ὲν
1173 4906 1288 4968 τοῖς
1318 4903 1529 4973 βουνοῖς
1576 4904 1762 4960 ἔθυον
1794 4908 2012 4976 γλυπτὰ

422 4999 488 5053 δὲ
509 4994 651 5070 ἦσαν
677 4998 745 5053 τὰ
774 4996 972 5052 εἴδωλα
1001 4997 1203 5052 αὐτῶν.
1244 4996 1686 5067 Παρεζήλωσαν
1712 4998 1771 5053 δὲ
1797 5000 2010 5066 αὐτὸν,

428 5092 554 5146 ἀντὶ
572 5089 692 5155 τοῦ,
729 5089 1133 5160 Παραζηλῶσαι
1164 5091 1529 5162 πεποιήκασιν
1546 5105 1560 5120 ⁸
1585 5091 1614 5145 ὅ
1639 5090 1757 5145 ἐστι
1785 5089 2012 5152 δικαίως

426 5183 756 5256 ὀργισθῆναι
778 5181 867 5238 διὰ
899 5184 971 5238 τὰ
997 5181 1235 5252 γλυπτά.

505 5300 815 5354 Ἤκουσεν
873 5298 908 5351 d
971 5295 1116 5362 Θεὸς
1188 5295 1290 5350 καί
1367 5294 1702 5363 ὑπερεῖδεν.
1769 5296 2012 5349 Ἤκουσε

430 5384 648 5456 βοὼσης
677 5383 777 5454 τῆς
802 5383 991 5453 φωνῆς
1019 5383 1358 5456 αὐτῶν,ήτοι
1384 5383 1485 5455 τῆς
1518 5384 1775 5448 ἀσεϐείας
1806 5384 2011 5451 αὐτῶν,

429 5475 509 5539 ὡς
541 5475 746 5544 ἢκουσε
780 5476 878 5546 τῆς
913 5473 1102 5545 φωνῆς
1132 5474 1319 5541 Ἅϐελ,
1355 5476 1454 5530 καὶ
1480 5475 1585 5547 τῆς
1631 5475 1820 5547 φωνῆς
1852 5473 2014 5538 Σοδό-

436 5585 558 5636 μων
602 5567 698 5621 xci.
731 5566 1017 5638 Γομόρρας
1037 5583 1053 5600 ο
1088 5567 1251 5621 αὐταὶ
1287 5568 1397 5639 γὰρ
1427 5567 1699 5640 ἁμαρτίαι
1728 5566 2016 5638 κεκράγαο

434 5673 522 5715 σιν
549 5657 782 5712 ἐνώπιον
832 5658 969 5712 Θεοῦ
1002 5657 1309 5731 μηνύουσαι
1364 5660 1489 5724 τοὺς
1536 5658 1779 5731 ἐργάτας
1809 5656 2014 5715 αὐτῶν.

500 5843 547 5877 ⁷⁸
579 5838 762 5897 Judic.
815 5857 877 5908 tt,
917 5839 1097 5896 10-12.

2038 4561 2088 4623 D

2108 3296 2247 3352 rexit
2285 3296 2460 3359 enim,
2502 3292 2722 3364 inquit,
2762 3290 3028 3362 generatio
3072 3288 3244 3344 altera
3274 3298 3394 3358 post
3436 3305 3524 3344 eos
3548 3332 3562 3351 .
3595 3292 3688 3356 qui

2107 3404 2210 3441 non
2244 3396 2590 3457 cognoverunt
2644 3384 2928 3439 Dominum
2955 3423 2970 3446 ,
3006 3396 3172 3452 neque
3210 3397 3343 3449 opus
3383 3380 3523 3449 quod
3559 3383 3687 3448 [erit

2107 3485 2161 3538 in
2193 3481 2388 3546 Israel,
2409 3491 2458 3546 et
2481 3482 2715 3551 fecerunt
2732 3478 2834 3550 ﬁlii
2864 3475 3039 3541 Israel
3053 3468 3215 3547 praua
3237 3491 3418 3531 coram
3438 3474 3686 3536 Domino.

2108 3586 2159 3633 et
2180 3577 2453 3632 coluerunt
2481 3575 2602 3629 deos
2633 3570 2864 3638 Baalim,
2898 3580 2952 3626 et
2980 3586 3102 3640 quae
3125 3576 3435 3638 sequuntur
3463 3568 3532 3621 “.
3580 3565 3685 3622 Per

2110 3669 2424 3726 testimonia
2456 3677 2664 3732 autem,
2698 3665 2916 3720 divinas
2940 3662 3374 3719 contestationes
3406 3660 3686 3728 intelligit.

2107 3763 2440 3819 Averterunt
2487 3768 2669 3816 autem
2721 3772 2781 3813 se
2830 3772 2858 3811 a
2892 3757 3035 3822 Deo,
3072 3762 3127 3810 et
3150 3763 3477 3825 spreverunt
3515 3768 3641 3807 eum
3671 3792 3686 3813 .

2109 3851 2346 3922 majores
2375 3852 2630 3906 nimirum
2670 3864 2802 3905 suos
2829 3847 3051 3912 imitati,
3075 3845 3170 3916 qui
3190 3844 3420 3899 vitulum
3445 3841 3691 3899 fecerant

2109 3942 2165 3999 in
2205 3944 2446 3998 deserto.

2183 4055 2432 4111 Conversi
2461 4061 2585 4108 sunt
2612 4052 2667 4106 in
2693 4065 2878 4105 arcum
2928 4048 3219 4119 obliquum.
3252 4047 3321 4099 .A
3370 4045 3573 4117 pietate
3614 4046 3691 4102 ad

2110 4146 2445 4216 impietatem
2472 4142 2646 4198 instar
2670 4137 2882 4207 obliqui
2929 4152 3093 4192 arcus
3128 4135 3319 4190 mutati
3362 4142 3513 4189 sunt.
3548 4132 3692 4189 Nam

2109 4234 2571 4310 quemadmodum
2625 4231 2875 4287 obtortus
2927 4243 3091 4284 arcus
3132 4236 3281 4282 recta
3337 4228 3505 4280 ictum
3574 4240 3691 4280 non

2111 4331 2295 4395 mittit,
2326 4329 2408 4385 sic
2432 4335 2488 4381 et
2511 4339 2767 4397 perversa
2793 4338 2983 4379 eorum
3016 4335 3175 4377 mens
3199 4359 3215 4387 ,
3245 4318 3462 4376 divinos
3488 4333 3699 4377 sensus

2112 4431 2259 4481 recte
2298 4437 2409 4477 non
2438 4419 2776 4492 assequitur.

2189 4619 2356 4675 Vens.
2390 4616 2477 4673 58.
2507 4615 2573 4671 Et
2604 4616 2944 4672 irritaverant
2984 4628 3107 4669 eunt
3145 4608 3451 4668 ineollibus
3478 4625 3618 4673 suis,
3642 4618 3695 4668 et

2116 4714 2173 4769 in
2197 4712 2529 4783 sculptilibus
2572 4710 2711 4771 suis,
2754 4708 2824 4762 ad
2869 4706 3042 4762 zelum
3090 4720 3209 4762 eum
3254 4715 3693 4785 provocarerunt.

2118 4805 2197 4862 Eo
2228 4803 2373 4875 quod
2423 4811 2479 4858 et
2523 4801 2816 4872 gentilibus
2858 4797 3137 4857 commisti
3186 4807 3340 4860 sunt,
3387 4803 3442 4851 et
3498 4811 3697 4852 eorum

2120 4911 2285 4968 opera
2324 4895 2653 4952 didicerunt.
2689 4891 2891 4948 Gentes
2924 4889 3126 4962 quippe
3158 4888 3215 4943 in
3246 4889 3483 4943 collibus
3515 4887 3698 4942 sacri-

2120 4987 2383 5049 ﬁcabant,
2420 4993 2476 5039 et
2508 4983 2722 5052 sculpta
2772 4980 3050 5035 habebant
3094 4977 3260 5032 idola.
3309 4976 3698 5029 Provocarunt

2117 5088 2299 5135 autem
2329 5076 2497 5132 Deum
2544 5074 2612 5131 ad
2657 5074 2862 5137 zelum,
2911 5073 3015 5128 hoc
3058 5077 3164 5134 est,
3212 5068 3478 5129 fecerunt,
3518 5073 3578 5118 ut
3619 5066 3696 5121 ob

2119 5167 2430 5238 huiusmodi
2464 5183 2653 5224 eorum
2692 5168 2826 5223 vitia
2862 5164 3010 5235 juste
3052 5163 3404 5217 irasceretur.

2188 5284 2357 5341 Vens.
2386 5281 2475 5338 59.
2508 5280 2724 5336 Audiuit
2774 5277 3052 5338 Dominus,
3088 5284 3138 5328 et
3175 5267 3429 5340 despexit.
3469 5263 3696 5321 Διιάίνῆ

2121 5380 2423 5437 clamantes
2452 5389 2634 5441 voces,
2659 5374 2764 5428 hoc
2783 5376 2892 5434 est,
2912 5382 2974 5423 ea
3003 5365 3185 5421 omnia
3213 5376 3336 5431 quas
3372 5358 3540 5427 impie
3563 5371 3695 5428 ope-

2123 5472 2229 5529 rati
2257 5476 2405 5528 sunt.
2439 5467 2518 5522 Eo
2552 5474 2734 5521 autem
2777 5462 2938 5517 modo
2975 5456 3203 5520 audivit,
3233 5469 3369 5526 quo,
3400 5458 3457 5505 et
3500 5465 3690 5506 vocem

2124 5561 2414 5633 sanguinis
2443 5558 2578 5614 Abel
2609 5558 2933 5612 clamantem
2966 5550 3096 5606 olim
3126 5546 3396 5609 audierat,
3426 5550 3482 5633 et
3516 5542 3694 5633 Sodo-

2125 5629 2337 5709 morum
2378 5656 2542 5721 atque
2572 5643 3041 5733 Gomorrheorum
3068 5652 3251 5697 voces.
3284 5634 3404 5709 Ipsa
3421 5629 3692 5705 siquidem
