4088 6438
354 371 466 438 819
579 447 592 456 ,
1590 380 1979 442 EUTHYMII
2016 381 2377 444 ZlGABENI
3517 389 3626 455 seu

357 494 585 556 peccata
633 487 875 543 clamant
913 503 1097 544 coram
1129 490 1263 554 Deo,
1288 500 1453 562 atque
1503 503 1761 550 auctores
1805 509 1937 550 suos
1969 542 1971 551 ι

2053 495 2272 566 ’ἰδίωμα
2320 496 2378 550 δὲ
2410 497 2506 551 καὶ
2537 497 2713 562 ἄλλως
2766 499 2926 554 τοῦτο
2954 500 3053 571 τῆς
3104 500 3353 565 Παλαιᾶς
3383 500 3497 572 (89)
3533 505 3628 557 ἐπὶ

358 576 626 646 indicant,
660 589 715 634 et
744 580 1029 650 propalant
1051 596 1242 638 omnes
1272 583 1366 651 qui
1405 583 1535 637 talia
1565 586 1952 641 committunt.

2045 590 2184 643 Θεοῦ
2211 589 2414 660 λέγειν,
2459 592 2521 646 τδ
2549 594 2894 648 Ἤκουσεν·
2933 595 3222 665 ἐμφαῖνον,
3270 596 3352 648 ὅτι
3399 596 3626 668 ἐκινήθη

358 667 456 726 Est
485 673 651 726 etiam
681 671 770 727 bie
819 673 1076 743 loquendi
1107 674 1300 730 modus
1330 675 1474 744 apud
1521 686 1760 732 veterem
1790 676 1943 731 Seri-

2047 686 2128 748 εἰς
2183 685 2485 756 ἐκδίκησιν.
2547 687 2840 756 Ὑπερεῖδε
2885 687 2964 753 δὲ,
3018 689 3142 742 ἀντὶ
3183 687 3300 755 τοῦ,
3343 667 3626 762 Παρεῐδεν,

354 771 574 832 ptnram
607 762 886 835 frequens,
921 775 980 819 ut
1007 765 1254 821 auditum
1303 765 1415 822 Deo
1442 768 1701 834 ascribat,
1724 768 1945 838 quando

1019 765 1254 821 auditum
1303 765 1415 822 Deo
1442 768 1701 834 ascribat,
1724 768 1945 838 quando
2047 776 2379 848 ἀπεστράφη
2414 777 2633 842 αὐτούς.

359 865 694 912 commotum
760 858 913 913 illum
967 874 1093 914 esse
1149 859 1426 930 signiﬁcat
1493 861 1561 916 ad
1620 861 1942 917 vindictam.

358 948 618 1018 Despexit
653 958 836 1006 autem
869 966 988 1016 eos,
1023 953 1124 1008 hoc
1147 961 1254 1018 est,
1298 969 1526 1010 aversus
1559 965 1665 1010 est.

425 1041 498 1095 Et
555 1043 781 1113 neglexit
845 1044 998 1099 valde
1056 1043 1254 1101 Israel.
1304 1045 1656 1101 lnbonoravit
1711 1054 1766 1100 et
1809 1059 1942 1100 con-

2119 1045 2231 1101 Καὶ
2258 1046 2634 1111 ἐξουδένωσε
2661 1046 2898 1115 σφόδρα
2935 1048 3044 1100 τὸν
3084 1046 3356 1114 Ἰσραήλ.
3399 1043 3635 1114 Ἥτίμα-

357 1133 692 1202 temptibiles
732 1134 994 1205 reddidit.
1027 1134 1211 1192 Variis
1246 1137 1394 1191 enim
1445 1136 1704 1207 gentibus
1753 1145 1808 1190 et
1864 1135 1946 1190 di-

2050 1159 2164 1208 σεν,
2196 1142 2675 1212 εὐκαταφρόνητον
2706 1139 2954 1209 ἐποίησε.
2988 1139 3280 1209 Διαφόροις
3313 1139 3422 1209 γὰρ
3450 1138 3635 1191 ἔθνεσι

354 1224 537 1280 versis
567 1228 911 1297 temporibus
948 1242 1044 1282 eos
1091 1231 1146 1282 in
1196 1229 1562 1298 captivitatem
1609 1227 1852 1294 tradidit,
1887 1235 1945 1282 ut

2047 1237 2322 1306 διαφόρως
2347 1235 2667 1305 παρέδωκεν
2717 1233 2882 1286 αὑτὸν
2910 1235 2990 1296 είς
3037 1230 3444 1301 αἰχμαλωσίαν,
3494 1228 3570 1293 ὡς
3602 1231 3634 1299 ἡ

358 1317 410 1368 in
449 1315 587 1369 libro
616 1313 872 1371 Judicum
908 1319 1229 1388 legimus".

2047 1327 2158 1382 τῶν
2188 1326 2410 1398 Κριτῶν
2452 1325 2634 1396 βίϐλος
2669 1326 2895 1392 ἱστορεῖ.

426 1403 599 1463 Vens.
638 1407 728 1464 60.
783 1407 854 1463 Et
906 1413 1100 1480 repulit
1156 1413 1560 1468 tabernaculum
1613 1397 1755 1470 Silo.
1813 1415 1947 1481 Quae

2119 1422 2230 1477 Kal
2252 1397 2554 1476 ἀπώσατο
2579 1417 2697 1486 τὴν
2727 1417 2982 1486 σκηνὴν
3010 1413 3244 1484 Σηλώμ.
3278 1414 3360 1468 Τὰ
3387 1413 3639 1468 ἐντεῦθεν

355 1509 665 1567 sequuntur
713 1503 770 1558 in
815 1504 996 1573 primo
1049 1505 1256 1577 Regum
1287 1508 1494 1578 scripta
1527 1518 1662 1564 sunt
1697 1527 1710 1564 :
1753 1522 1948 1578 quem-

2049 1516 2108 1567 ὲν
2128 1516 2195 1586 τῇ
2231 1512 2424 1584 πρώτῃ
2454 1512 2564 1566 τῶν
2609 1511 2906 1564 Βασιλειῶν
2931 1510 3276 1580 γέγραπται·
3316 1509 3466 1570 ὅπως
3493 1506 3635 1560 ἑάλω

355 1589 651 1644 admodum
705 1593 917 1649 scilicet
975 1608 1102 1650 arca
1176 1597 1247 1652 ab
1309 1598 1530 1664 alienis,
1604 1600 1708 1654 hoc
1752 1608 1856 1663 cst,
1915 1614 1946 1653 a

2051 1607 2204 1678 παρὰ
2228 1608 2344 1670 τοῖς
2391 1604 2712 1674 ἀλλοφύλοις
2743 1606 2776 1675 ὴ
2825 1602 3080 1665 κιϐωτὸς,
3113 1602 3208 1655 καὶ
3252 1601 3402 1664 ὅπως
3438 1600 3490 1652 oi.
3535 1599 3642 1651 Ἰσ-

355 1673 649 1736 Phili-suris
682 1681 754 1735 sit
801 1691 993 1754 capta;
1025 1694 1082 1740 et
1121 1685 1400 1756 quomodo
1454 1687 1723 1744 Israelita:
1776 1690 1945 1745 occisi

2053 1673 2314 1771 ραηλῐται
2367 1673 2819 1767 κατεσφάγησαν,
2875 1694 2971 1749 καὶ
2999 1695 3056 1749 αἱ
3097 1693 3285 1756 πόλεις
3315 1691 3642 1762 κατεσχέθη-

355 1767 488 1832 sint,
519 1784 711 1825 eorum
779 1773 1028 1830 civitates
1079 1775 1135 1832 in
1185 1777 1428 1834 hostium
1489 1787 1816 1848 potestatem
1853 1780 1949 1836 dc-

2053 1767 2172 1846 aav'.
2201 1791 2310 1847 Kal
2335 1790 2647 1853 ἀπώσατο,
2685 1788 2841 1858 φησὶ,
2876 1786 2992 1855 τὴν
3038 1786 3284 1854 σκηνὴν
3313 1784 3415 1854 τὴν
3461 1784 3518 1835 ὲν
3543 1782 3644 1850 Ση-

353 1862 628 1916 venerint.
687 1863 757 1916 Et
834 1868 1065 1935 repulit,
1117 1867 1299 1940 inquit
1348 1871 1753 1926 tabernaculum
1802 1874 1947 1942 quod

2055 1885 2200 1956 λὼμ,
2248 1887 2308 1939 ὲν
2355 1880 2660 1961 ᾖὲσκήνου
2699 1855 2805 1937 νδιὰ
2842 1881 2942 1951 τῆς
2985 1878 3244 1933 κιϐωτοῦ.
3296 1879 3362 1931 El.
3409 1876 3521 1946 γὰρ
3569 1874 3643 1946 μὴ

353 1963 472 2008 erat
502 1955 558 2008 in
604 1954 718 2012 Silo
771 1959 862 2012 ubi
915 1960 1198 2016 habitabat
1228 1971 1360 2019 tunc
1410 1963 1574 2021 Deus.
1615 1966 1746 2020 Erat
1801 1967 1947 2021 enim

2055 1954 2321 2033 ἀπώσατο
2337 1954 2566 2048 ταύτην,
2607 1977 2706 2030 οὐκ
2749 1974 2817 2029 ἂν
2849 1973 3005 2030 εἴασε
3035 1972 3136 2043 τὴν
3168 1969 3405 2026 κιϐωτὸν
3432 1967 3645 2040 ληφθῆ-

353 2045 489 2114 illic,
523 2059 582 2102 ut
616 2049 883 2116 diximus,
914 2068 1043 2107 arca
1083 2052 1323 2110 Domini.
1357 2054 1492 2110 Nam
1527 2057 1574 2112 si
1622 2059 1950 2114 tabernacu-

1185 2055 1323 2110 nini.
1357 2054 1492 2110 Nam
1527 2057 1574 2112 si
1622 2059 1950 2114 tabernacu-
2057 2089 2148 2126 ναι
2179 2071 2330 2143 παρὰ
2350 2072 2460 2124 τῶν
2492 2045 2795 2140 nolentium

356 2137 471 2192 lum
507 2139 638 2195 illud
665 2141 718 2196 in
741 2141 856 2196 Silo
875 2159 985 2204 non
1006 2145 1320 2215 repulisset,
1356 2164 1462 2203 non
1491 2149 1855 2219 permisisset,
1890 2158 1950 2205 ut

355 2247 538 2287 arcam
580 2246 859 2306 caperent.

432 2327 907 2397 Tabernaculum,
959 2334 1097 2404 quod
1156 2336 1434 2391 habitabat
1498 2337 1552 2391 in
1624 2337 1945 2392 hominibus.

2131 2345 2426 2411 Σκήνωμα
2452 2340 2484 2394 ὃ
2516 2335 2986 2402 κατεσκήνωσεν
3017 2331 3090 2387 ἐν
3120 2327 3475 2397 ἀνθρώποις.
3529 2321 3645 2394 Τὴν

355 2419 590 2490 Propter
631 2438 816 2477 arcam
849 2427 994 2480 enim
1029 2427 1110 2482 sic
1141 2427 1297 2484 dicit.
1337 2428 1524 2485 Primo
1545 2430 1689 2485 enim
1726 2441 1783 2484 ut
1805 2447 1950 2502 saepe

2060 2435 2336 2504 σκήνωσιν
2387 2433 2454 2503 ἢν
2489 2430 2906 2498 κατεσκήνωσεν
2959 2427 3018 2479 ὲν
3065 2421 3376 2495 ἀνθρώποις
3408 2418 3496 2473 διὰ
3544 2417 3646 2487 τῆς

358 2509 622 2576 diximus,
674 2529 804 2570 arca
852 2516 1121 2574 habitavit
1173 2521 1228 2575 in
1273 2520 1412 2586 Silo,
1466 2531 1660 2592 postea
1709 2539 1839 2580 vero
1891 2525 1947 2579 in

2058 2529 2318 2584 κιϐωτοῦ.
2349 2527 2574 2598 Πρῶτον
2599 2524 2728 2594 γὰρ,
2753 2524 2830 2586 ὡς
2861 2521 3302 2594 προειρήκαμεν,
3353 2516 3411 2568 ὲν
3434 2514 3502 2584 τῇ
3541 2511 3647 2580 Ση-

354 2599 680 2662 J;rusalem.

2057 2624 2182 2692 λὼμ
2217 2618 2540 2690 κατῴκησεν
2585 2620 2619 2689 ἡ
2644 2614 2878 2678 κιϐωτός
2899 2630 2912 2644 ο
2954 2613 3182 2682 ὕστερον
3215 2608 3271 2664 δὲ
3300 2605 3401 2679 τὴν
3439 2605 3643 2677 Ἰερου-

2062 2716 2199 2788 σαλὴ
2206 2735 2246 2789 μ
2274 2713 2578 2782 ἐξελέξατο.

432 2787 600 2844 Vens.
644 2789 734 2846 6i.
771 2790 840 2845 Et
883 2791 1104 2846 tradidit
1147 2795 1203 2848 in
1243 2795 1608 2864 captivitatem
1656 2800 1950 2866 potentiam

2129 2787 2239 2867 Καὶ
2270 2807 2620 2878 παρέδωκεν
2640 2804 2727 2871 είς
2747 2799 3170 2871 αἰχμαλωσίαν
3191 2795 3306 2863 τὴν
3327 2791 3512 2863 ἰσχὺν
3541 2788 3645 2844 αὐ·

357 2901 562 2950 eorum,
614 2893 666 2939 et
719 2885 1175 2954 pulchritudinem
1218 2906 1402 2944 eorum
1445 2891 1502 2945 iu
1534 2909 1724 2947 manus
1766 2893 1951 2948 inimi-

2058 2904 2198 2968 τῶν,
2226 2901 2326 2956 καί
2354 2898 2470 2968 τὴν
2497 2895 2814 2964 καλλονὴν
2837 2891 3037 2949 αὐτῶν
3052 2893 3140 2958 είς
3163 2887 3366 2959 χεῖρας
3393 2881 3644 2954 ἐχθρῶν.

359 2996 563 3034 eorum.
603 2979 706 3035 Per
743 2983 1044 3051 potentiam
1079 2990 1134 3038 et
1195 2985 1688 3055 pulchritudinem,
1723 2988 1949 3058 quidam

2073 2999 2250 3070 ἰσχὺν
2293 2999 2388 3050 καὶ
2417 2993 2688 3064 καλλονὴν
2737 2990 2882 3054 τινὲς
2935 2988 3036 3058 μὲν
3065 2985 3193 3048 τοὺς
3241 2981 3518 3053 μαχίμους
3548 2976 3645 3030 καὶ

360 3074 588 3146 intelligi
614 3075 872 3131 dixerunt
902 3086 1160 3134 strenuos
1190 3081 1468 3150 quolisbet
1519 3097 1581 3138 ac
1633 3081 1806 3139 fortes
1855 3082 1952 3138 Ju-

2062 3091 2320 3162 ἀρίστους
2353 3086 2533 3142 αὐτῶν
2586 3084 2855 3139 ἐκάλεσαν
2875 3098 2888 3112 ·
2925 3081 3152 3152 ἄμεινον
3203 3073 3382 3145 δὲτὴν
3411 3071 3645 3162 κιϐωτὸν

360 3169 603 3224 «ιίεονυω
634 3170 688 3225 in
725 3169 867 3226 bello
904 3190 918 3228 :
957 3187 1149 3229 verum
1184 3175 1383 3230 melius
1413 3185 1516 3242 est,
1565 3184 1624 3231 ut
1674 3176 1951 3248 intelliga-

2061 3161 2238 3244 οὕτως
2280 3175 2594 3249 ὀνομάζειν,
2629 3176 2704 3240 ὡς
2731 3172 3077 3245 ρωννύουσαν
3111 3168 3312 3232 αὐτοὺς
3357 3165 3487 3237 ἄχρι
3519 3161 3643 3216 τότε

360 3278 486 3318 mus
541 3263 716 3334 ipsam
771 3279 954 3320 arcam
1014 3266 1091 3322 ita
1166 3269 1431 3339 appellari
1471 3287 1484 3324 :
1521 3270 1651 3341 quia
1707 3285 1954 3342 eousque

908 3281 954 3320 m
1014 3266 1091 3322 ita
1166 3269 1431 3339 appellari
1471 3287 1484 3324 :
1521 3270 1651 3341 quia
1707 3285 1954 3342 eousque
1984 3263 2029 3279 “’
2059 3273 2158 3329 καὶ
2190 3271 2522 3342 κοσμοῦσαν.

361 3354 509 3410 vires
553 3369 618 3410 ac
643 3355 815 3412 robur
868 3360 1074 3430 populo
1136 3361 1492 3432 praestiterat,
1558 3371 1722 3433 atque
1783 3378 1966 3457 orna:

361 3456 630 3504 mentum.

437 3539 604 3597 Vens.
637 3540 728 3596 62.
763 3541 835 3596 Et
862 3543 1122 3598 conclusit
1162 3545 1221 3598 in
1258 3543 1439 3616 gladio
1476 3546 1728 3616 populum
1772 3563 1954 3613 suum,

2127 3543 2238 3598 Kal
2267 3539 2781 3604 συνέκλεισανείς
2799 3536 3103 3606 ῥομφαίαν
3131 3532 3238 3588 τὸν
3261 3532 3417 3586 λαόν
3434 3527 3645 3594 αὐτοῦ,

365 3642 413 3684 et
441 3631 802 3688 ttmreditatem
854 3652 1009 3689 suam
1048 3635 1307 3706 despexit.
1364 3636 1582 3710 Moyses
1613 3639 1816 3708 quippe
1863 3639 1954 3695 Dei

2058 3639 2160 3694 καὶ
2191 3637 2308 3705 τὴν
2341 3632 2756 3705 κληρονομίαν
2784 3631 2972 3686 αὐτοῦ
3002 3626 3298 3696 ὑπερεῖδε.
3337 3625 3448 3679 Καὶ
3481 3627 3509 3679 ὁ
3549 3623 3649 3692 μὲ-

363 3723 743 3780 Ιιεετοιίίιοῑειι]
770 3741 863 3782 eos
889 3727 1208 3798 appellavit,
1229 3729 1387 3798 quasi
1423 3729 1527 3784 soli
1563 3728 1674 3784 Deo
1696 3731 1909 3786 dicatos
1935 3747 1950 3784 :

2059 3747 2163 3798 γας
2190 3726 2438 3796 Μωῦσῆς
2492 3724 2864 3793 κληρονομίαν
2894 3720 3030 3774 Θεοῦ
3075 3717 3304 3778 τούτους
3333 3716 3645 3784 ὠνόμασεν,

363 3816 541 3870 Facta
569 3826 648 3871 est
673 3817 844 3884 enim,
879 3816 1080 3888 inquit,
1138 3833 1266 3886 pars
1300 3818 1510 3873 Domini
1551 3825 1778 3887 populus
1817 3820 1955 3890 ejus,

2058 3823 2133 3886 ὼς
2165 3821 2314 3892 μόνῳ
2340 3818 2459 3888 Θεῷ
2504 3814 2926 3886 ἀνακειμένους.
2979 3811 3270 3883 Ἔγενήθη
3303 3811 3437 3883 γὰρ,
3492 3811 3647 3881 φησὶ,

359 3908 550 3974 Jacob,
601 3910 875 3979 [articulus
917 3910 1243 3966 baereditatis
1272 3912 1410 3982 ejus,
1445 3911 1620 3967 Israel
1640 3912 1707 3966 ⁷⁸.

2054 3911 2228 3983 μερίς
2275 3909 2523 3977 Κυρίου,
2585 3907 2737 3974 λαὸς
2783 3904 2972 3960 αὐτοῦ
3027 3903 3259 3969 Ἰακὼϐ,
3317 3904 3655 3973 σχοίνισμα

2059 4003 2470 4073 κληρονομίας
2508 4000 2698 4056 αὐτοῦ
2729 3997 3005 4067 Ἰσραήλ.

433 4096 603 4153 Vsus.
640 4096 732 4152 65.
765 4095 992 4152 Iuvenes
1011 4114 1194 4152 eorum
1223 4099 1455 4154 comedit
1493 4100 1653 4171 ignis,
1685 4109 1734 4156 et
1782 4102 1914 4172 rirgi
1939 4132 1956 4141 -

2133 4099 2280 4166 Τοὺς
2319 4097 2685 4162 νεανίσκους
2719 4093 2919 4150 αὐτῶν
2945 4091 3243 4164 κατέφαγε
3280 4091 3422 4158 πῦρ,
3445 4090 3541 4144 καί
3593 4091 3657 4144 αι

363 4209 450 4245 nes
484 4207 662 4246 eorum
689 4208 793 4246 non
831 4202 954 4246 sunt
992 4191 1323 4248 lamentata.
1373 4192 1499 4250 Haec
1543 4203 1727 4250 autem
1765 4195 1819 4250 in
1867 4195 1956 4249 lii-

2061 4192 2348 4264 παρθένοι
2387 4190 2590 4246 αὐτῶν
2639 4191 2751 4243 οὐκ
2794 4187 3250 4254 ἐπενθήθησαν.
3277 4185 3413 4253 Περὶ
3444 4183 3655 4237 τούτων

363 4284 533 4339 storia
569 4285 893 4341 nominatim
929 4287 1132 4357 scripta
1159 4301 1269 4341 non
1313 4296 1469 4352 sunt,
1506 4303 1698 4342 verum
1731 4303 1798 4342 ex
1825 4301 1956 4357 quo,

2062 4287 2243 4360 ῥητῶς
2279 4286 2377 4356 μὲν
2404 4285 2504 4356 οὐχ
2529 4285 2814 4354 ἱστόρηται
2835 4297 2848 4312 ·
2891 4281 3301 4351 πιμπραμένων
3335 4279 3392 4333 δὲ
3422 4278 3531 4332 τῶν
3552 4277 3656 4332 πό-

365 4386 418 4433 et
439 4377 718 4442 civitates,
751 4384 806 4434 et
837 4379 1036 4433 domus
1071 4394 1265 4434 eorum
1315 4387 1541 4434 vastata:
1577 4389 1730 4442 sunt,
1763 4381 1959 4435 verisi-

2059 4381 2198 4436 λεων
2230 4381 2326 4435 καὶ
2353 4381 2462 4432 τῶν
2491 4379 2702 4443 οἰκιῶν,
2736 4377 2883 4439 είκδς
2911 4374 3372 4443 ὲναπολειφθῆναι
3422 4374 3655 4439 ταύταις

363 4469 496 4524 mile
516 4477 621 4537 est,
647 4478 708 4524 ut
727 4476 780 4523 et
812 4470 1216 4525 adolescentuli
1239 4470 1333 4538 qui
1355 4471 1600 4525 nondum
1623 4469 1954 4533 militabant,

2061 4475 2402 4538 νεανίσκους,
2439 4471 2593 4526 οὔπω
2626 4469 3158 4540 στρατευσαμένους,
3192 4470 3288 4522 καὶ
3319 4469 3657 4540 συνδιαφθα-

364 4577 478 4615 una
504 4577 628 4615 cum
663 4560 922 4616 domibus
962 4552 1142 4616 exuSti
1191 4561 1422 4625 fuerint,
1491 4570 1546 4616 et
1605 4561 1753 4634 quod
1793 4563 1958 4633 virgi-

2066 4567 2232 4639 ρῆναι
2253 4581 2267 4596 ⁸
2297 4564 2392 4618 καὶ
2418 4563 2476 4618 αἱ
2506 4561 2770 4633 παρθένοι
2797 4561 2854 4614 δὲ
2887 4561 3089 4626 αὐτῶν,
3125 4561 3205 4624 είς
3235 4560 3480 4616 δουλείαν
3508 4565 3658 4616 ἀπα-

365 4669 465 4709 nes
502 4667 695 4707 eorum
729 4653 786 4707 in
837 4653 1216 4724 captivitatem
1268 4653 1446 4709 ductae
1495 4670 1605 4709 non
1667 4655 1960 4711 habuerint

2068 4657 2306 4727 χθεῖσαι,
2354 4653 2456 4709 οὐκ
2502 4654 2662 4723 ἔσχον
2711 4652 2889 4706 ὀπίσω
2918 4653 3045 4716 τοὺς
3077 4651 3412 4716 πενθοῦντας
3458 4655 3654 4719 αὐτὰς,

368 4745 607 4815 aliquos,
669 4743 764 4816 qui
817 4750 1008 4800 earum
1061 4745 1431 4824 calamitatem
1479 4755 1574 4801 aut
1608 4753 1844 4801 mortem
1873 4748 1960 4801 ln-

2067 4744 2155 4804 οἷα
2183 4749 2280 4801 καὶ
2309 4747 2564 4814 πατέρων
2593 4745 2688 4800 καὶ
2743 4745 2999 4816 μητέρων
3045 4745 3141 4799 καὶ
3175 4747 3459 4814 συγγενῶν
3479 4763 3494 4779 ·
3543 4748 3654 4803 τῶν

370 4848 614 4906 gerent:
658 4855 781 4892 cum
841 4848 1097 4909 parentes
1161 4849 1214 4894 et
1270 4841 1488 4912 cognati
1540 4856 1736 4898 omnes
1787 4842 1957 4898 occisi

1825 4842 1957 4898 ccisi
2073 4842 2172 4913 μὲν
2199 4839 2586 4914 ἀνῃρημένων,
2614 4838 2722 4892 τῶν
2753 4838 2811 4892 δὲ
2838 4837 3437 4910 ἐξηνδραποδισμένων.

371 4941 580 4998 essent,
615 4941 709 4988 aut
744 4933 950 5004 pariter
977 4932 1031 4987 in
1066 4933 1440 5002 captivitatem
1474 4934 1605 4990 acti.

445 5023 614 5080 Vens.
663 5027 750 5080 64.
795 5024 1110 5081 Sacerdotes
1138 5042 1318 5080 eorum
1348 5027 1405 5080 in
1433 5027 1613 5096 gladio
1639 5026 1960 5083 ceciderunt.

2141 5029 2207 5082 Ol
2243 5024 2419 5094 ἱερεῖς
2447 5023 2648 5080 αὐτῶν
2678 5024 2748 5078 ἐν
2762 5023 3031 5093 ῥομφαίᾳ
3061 5014 3310 5080 ἔπεσον.
3348 5025 3539 5096 Ὀρφνῖ
3561 5031 3653 5081 καὶ

375 5117 584 5190 Orplmi
635 5119 782 5173 enim
829 5126 884 5172 et
921 5116 1157 5173 Phinees
1207 5117 1302 5171 filii
1349 5115 1494 5186 Heli,
1542 5118 1636 5188 qni
1690 5132 1796 5172 una
1839 5133 1963 5173 cum

2063 5120 2270 5185 Φινεὲς,
2321 5119 2428 5172 υἱοὶ
2493 5119 2668 5184 Ἠλεὶ,
2725 5119 2776 5172 oi
2821 5117 3238 5185 συνεξελθόντες
3287 5122 3353 5191 τῇ
3405 5121 3648 5192 κιὸωτῷ,

377 5229 502 5269 arca
565 5213 785 5270 Domini
847 5213 1134 5278 exierant,
1200 5214 1270 5268 ab
1333 5211 1587 5268 hostibus
1650 5211 1962 5279 interempti

989 5223 1134 5278 “ant,
1200 5214 1270 5268 ab
1333 5211 1587 5268 hostibus
1650 5211 1962 5279 interempti
2061 5215 2202 5288 ὁμοῦ
2238 5213 2603 5286 ἀνῃρέθησαν.

377 5318 526 5363 sunt.

452 5400 521 5455 Et
568 5403 740 5458 vidtur
768 5419 948 5458 eorum
991 5418 1094 5456 non
1145 5401 1524 5466 plarabuutur‘.
1572 5399 1818 5467 Tempus
1860 5399 1968 5452 im.

2137 5396 2245 5452 Kal
2301 5400 2359 5450 at
2419 5395 2599 5466 χῆραι
2655 5395 2845 5451 αὐτῶν
2877 5398 2950 5450 οὐ
3000 5394 3474 5461 κλαυθήσονται.
3534 5395 3647 5451 Οὐκ

383 5497 633 5557 mutavit,
669 5511 764 5564 pro
799 5495 1025 5564 ploratur
1069 5510 1170 5546 non
1225 5481 1370 5546 sunt.
1411 5491 1543 5545 Nam
1576 5499 1631 5543 et
1681 5490 1812 5560 ipsae
1857 5505 1965 5544 una

2065 5489 2450 5562 ὲπενθήθησαν
2471 5507 2484 5521 ο
2516 5491 2833 5562 ἀντιχρονία
2859 5489 2969 5562 γὰρ
2992 5487 3274 5543 κάνταῦθα
3295 5503 3307 5517 ·
3339 5489 3649 5563 ἀναιρεθεῖ-

373 5687 379 5694 ·
428 5669 472 5702 ⁷⁵
504 5669 641 5726 Ibid.
686 5673 770 5725 Η.

1669 5766 1864 5829 Variae
1895 5767 2226 5833 lectiones.

462 5869 569 5936 (.89)
591 5865 921 5925 Subauditur
951 5869 1193 5940 Γραφῆς,
1219 5879 1273 5925 ut
1299 5886 1438 5942 saepe
1479 5867 1631 5926 alias.
