4088 6444
411 417 519 479 Sil

1576 411 1722 470 COM
1735 407 1892 467 ΜΕΝ
1902 409 1968 466 Τ.
2005 406 2083 466 IN
2119 403 2251 464 PSA
2263 402 2486 462 LMOS.

3553 400 3664 462 82?.

409 542 507 578 σαι
538 524 670 597 γὰρ,
707 526 740 595 ἦ
775 523 887 577 καὶ
912 521 1510 592 ὲξανδραποδισθεῖσαι,
1540 521 1644 572 οὐκ
1694 520 1853 589 ἔσχον
1885 517 1983 570 0-16'

2094 522 2189 567 aut
2218 513 2437 574 occisae,
2467 519 2562 565 aut
2603 517 2738 564 actae
2774 510 2828 564 iu
2877 510 3273 580 captivitatem,
3312 510 3523 564 nullum
3554 511 3666 565 ha-

407 615 577 668 αὑταὶ
633 613 991 685 θρηνοῦντας,
1025 616 1084 667 ὲν
1134 617 1253 676 ταῖς
1307 611 1516 665 ἑαυτῶν
1559 609 1779 664 πόλεσιν
1817 609 1987 680 ἄρδην

409 703 592 769 ἑξολοθ
600 705 927 773 ρευθεεσαις.

479 796 585 850 Καὶ
649 795 940 864 ἐξηγέρθη
999 797 1080 860 ὡς
1145 794 1356 850 ὑπνῶν
1410 795 1646 862 Κύριος.
1701 793 1913 860 Ὠσπερ
1959 791 1987 843 6

409 887 598 939 ὑπνῶν
621 887 1033 956 ἐξεγειρόμενος
1057 888 1483 941 ἀποτινάσσεται
1502 887 1594 940 τὸν
1620 886 1808 948 ὕπνον,
1843 884 1986 938 οὕτω

406 978 505 1030 καὶ
557 979 586 1031 6
637 977 838 1047 Κύριος
875 977 1126 1046 ἐγερθεὶς
1175 978 1272 1044 ὀψέ
1310 995 1442 1031 ποτε
1470 980 1550 1040 εἰς
1582 977 1864 1047 ἀντίληψιν
1884 976 1988 1044 τῆς

408 1067 646 1122 κιϐωτοῦ
679 1070 773 1122 καὶ
822 1070 917 1124 τοῦ
967 1071 1121 1132 λαοῦ,
1161 1072 1456 1135 δεδωκότος
1505 1071 1606 1142 ἤδη
1665 1073 1765 1141 τὴν
1797 1070 1982 1140 δίκην,

406 1160 774 1226 ἀπετινάξατο
803 1163 904 1233 τὴν
947 1165 1034 1235 ἑφτ
1065 1160 1150 1228 οἷς
1193 1165 1432 1220 τοσαῦτα
1481 1165 1654 1238 ἔδρων
1697 1165 1749 1218 oi
1801 1163 1985 1235 ἐχθροὶ

407 1252 819 1324 μακροθυμίαν.

417 1577 432 1604 ὦ
487 1517 584 1583 Ὡς
609 1520 871 1588 δυνατὸς
889 1523 987 1577 καὶ
1017 1525 1412 1591 κραιπαλικὸς
1436 1525 1505 1586 ἐξ
1527 1503 1838 1580 οἵνουπὸύ
1857 1541 1987 1594 προ-

400 1608 639 1663 λαϐόντα
673 1613 853 1683 στίχον
886 1615 968 1668 ἑτι
999 1617 1309 1686 σαφηνίζει.
1341 1616 1528 1681 Οὕτως
1556 1617 1852 1688 ἐξηγέρθη.
1883 1633 1988 1685 φη·

403 1703 512 1771 σἰν,
561 1701 750 1774 ὥσπερ
784 1723 865 1768 τις
889 1706 1118 1772 δυνατὸς
1160 1709 1450 1780 ἄνθρωπος
1501 1710 1890 1782 κρα-ιπαλήσας
1926 1709 1985 1777 ἐξ

397 1793 550 1850 οἴνου
574 1812 586 1824 ·
623 1799 934 1866 περιττεύει
980 1803 1088 1870 γὰρ
1140 1805 1168 1854 6
1197 1805 1308 1857 Kal
1333 1803 1634 1873 σύνδεσμος
1659 1819 1672 1833 ⁸
1705 1805 1732 1856 6
1754 1803 1863 1872 γὰρ
1893 1804 1986 1856 δυ-

2089 607 2328 660 buerunt
2354 603 2449 674 qui
2473 617 2567 659 eas
2598 603 2879 674 ploraret:
2915 603 3235 659 civitatibus
3264 603 3475 658 scilicet
3505 617 3665 672 pror-

2087 713 2184 754 sus
2213 697 2430 752 deletis.

2161 788 2332 843 Vens.
2383 786 2474 842 65.
2518 786 2585 841 Et
2638 788 2906 842 excitatus
2961 797 3038 842 est
3089 797 3344 856 tanquam
3402 785 3666 839 dormiens

2095 883 2374 937 Dominus.
2421 881 2898 948 Quemadmodum
2961 880 3241 934 dormiens
3292 879 3387 949 qui
3450 879 3666 934 tandem

2089 991 2342 1031 somnum
2381 975 2587 1030 excutit
2633 988 2759 1028 cum
2808 973 3096 1037 excitatur,
3151 973 3222 1026 ita
3270 980 3325 1027 et
3378 971 3665 1029 Dominus,

2089 1082 2214 1123 sero
2239 1067 2391 1131 licet,
2426 1067 2480 1121 in
2513 1081 2656 1120 arcte
2680 1079 2744 1120 ac
2769 1066 2951 1134 pepuli
2980 1064 3245 1118 auxilium
3265 1063 3536 1118 excitatus
3557 1068 3666 1114 cst.

2090 1160 2244 1213 Satis
2301 1159 2448 1214 enim
2500 1172 2692 1227 pinnas
2745 1157 3033 1212 dederant.
3069 1154 3669 1224 Longauimitatemque

2089 1251 2235 1306 illam
2264 1265 2329 1305 ac
2372 1250 2686 1320 patientiam
2718 1250 3032 1304 excussisse
3073 1249 3220 1302 visus
3249 1255 3355 1311 est,
3396 1247 3467 1299 ob
3500 1256 3668 1313 quam

2091 1353 2240 1400 tanta
2290 1344 2476 1399 hostes
2506 1355 2748 1413 eousque
2793 1341 3055 1412 perﬁcere
3087 1348 3402 1412 potuerant.

2163 1522 2438 1593 Tanquam
2477 1533 2682 1591 potens,
2713 1532 2762 1576 et
2807 1523 3120 1588 erapulatus
3158 1537 3190 1571 ιι
3225 1518 3363 1570 fit").
3401 1515 3478 1567 Ad
3514 1529 3673 1579 ειιριιο

2089 1617 2254 1672 rioris
2279 1617 2535 1670 versiculi
2585 1615 3010 1668 declarationem
3061 1612 3175 1665 haec
3228 1615 3668 1673 consequuntur.

2088 1707 2206 1762 Non
2239 1722 2422 1771 secus,
2453 1706 2654 1776 inquit,
2679 1705 2821 1760 Deus
2851 1705 3123 1759 excitatus
3152 1711 3258 1761 est,
3295 1701 3400 1766 hoc
3424 1705 3529 1760 est,
3561 1712 3669 1748 non

2091 1801 2290 1856 minori
2327 1815 2454 1856 cum
2481 1801 2678 1856 robore
2726 1815 2790 1854 ac
2829 1798 3190 1862 vehementia,
3243 1804 3406 1864 atque
3445 1789 3669 1846 excitari

398 1886 564 1949 νατδς
597 1891 996 1963 καραϐαρὴσας
1023 1893 1084 1959 ἐξ
1111 1895 1276 1959 οἴνου,
1308 1897 1397 1949 ὅτε
1431 1871 1660 1968 ἀναστῇ,
1695 1895 1983 1967 σφοδρότε-

2093 1895 2232 1952 solet
2282 1895 2446 1949 homo
2497 1894 2774 1963 quispiam
2833 1891 3064 1946 summis
3104 1884 3612 1958 prmditus-viribus
3653 1898 3668 1933 :

401 1994 499 2046 ρον
541 1987 792 2050 κινεῖται,
827 1987 920 2039 καὶ
949 1987 1419 2060 ὁρμητικώτερον.

2093 1990 2240 2059 quod
2273 1991 2320 2045 si
2349 1989 2414 2045 ad
2449 1989 2702 2058 proprias
2741 1987 2886 2042 vires
2927 1985 3058 2039 illud
3096 1984 3260 2038 etiam
3294 1977 3583 2042 addiderit,
3610 1981 3671 2027 ut

398 2073 530 2127 vino
578 2078 840 2152 repletus,
891 2095 955 2134 ac
1005 2082 1320 2152 crapulatus
1374 2085 1467 2147 sit,
1520 2085 1736 2144 tametsi
1788 2084 1973 2155 aliquo
2014 2091 2262 2154 tempore
2315 2083 2386 2138 ob
2411 2082 2522 2137 vini
2555 2081 2851 2153 potentiam
2883 2092 3102 2148 sapore,
3130 2084 3224 2130 aut
3289 2071 3483 2141 capitis
3545 2083 3669 2138 gra-

396 2170 593 2223 vedine
619 2173 876 2242 occupari
910 2189 1034 2228 eum
1070 2177 1373 2248 contingat,
1411 2178 1502 2232 ubi
1549 2193 1582 2233 a
1636 2192 1831 2233 somno
1913 2174 2231 2245 hujusmo'li
2301 2173 2733 2240 consurrexerit,
2806 2170 3208 2229 vehementius,
3256 2174 3422 2234 atque
3497 2164 3671 2234 iume-

395 2275 617 2324 tuosus,
643 2259 804 2333 quam
835 2275 992 2323 antea
1017 2268 1221 2322 moveri
1248 2270 1406 2324 solet.
1436 2269 1761 2339 Coujunctio
1783 2249 1966 2323 autem
2009 2269 2100 2328 illa
2135 2279 2206 2332 et,
2246 2268 2511 2322 abundat.

470 2354 577 2407 Kal
612 2354 874 2421 ἐπάταξε
895 2358 1038 2425 τοὺς
1057 2359 1314 2428 ἐχθροὺς
1333 2361 1522 2414 αὐτοῦ
1551 2363 1639 2426 εις
1670 2361 1742 2414 τὰ
1764 2361 1978 2414 ὀπίσω.

2157 2357 2324 2412 Vsus.
2357 2357 2446 2412 66.
2477 2357 2546 2410 Et
2575 2359 2826 2424 percussit
2858 2355 3244 2408 inimicossuos
3275 2351 3326 2404 in
3348 2349 3668 2416 posteriora.

396 2445 474 2497 Τὸ
508 2445 820 2511 Ἐπίὲταξε,
878 2449 1116 2528 μάλιστα
1153 2451 1254 2522 μὲν
1301 2452 1368 2506 τὸ.
1415 2453 1621 2507 ’Δνεῖλε
1684 2453 1979 2522 σημαίνει·

2088 2450 2352 2516 Verbum,
2393 2449 2684 2508 Percussit.
2714 2447 2858 2517 apud
2892 2445 3263 2515 Scripturam,
3289 2451 3346 2497 ut
3376 2441 3672 2510 plurimum

397 2536 516 2589 ’ἐστι
541 2539 586 2591 δ”
617 2540 706 2592 ὅτε
737 2543 827 2594 καὶ
855 2542 1040 2607 ἁπλῶς
1069 2529 1270 2616 ἕπλῆξε
1293 2563 1305 2574 ·
1331 2545 1408 2609 ὡς
1458 2546 1555 2600 καὶ
1579 2546 1695 2601 νῦν.
1736 2543 1981 2616 Ἔπληξε

2088 2543 2379 2613 accipitur,
2422 2557 2520 2611 pro
2565 2540 2799 2596 Occidit.
2855 2536 3165 2605 Aliquando
3226 2544 3402 2587 tamen
3456 2532 3671 2600 simpli-

396 2629 508 2702 γὰρ
551 2631 675 2694 τοὺς
709 2633 1045 2702 ἀλλοφύλους
1093 2637 1172 2700 εἰς
1207 2639 1307 2702 τὰς
1341 2638 1505 2709 ἔδρας
1535 2638 1732 2704 ὀπίσω,
1779 2637 1854 2702 ὡς
1887 2638 1982 2692 καὶ

2087 2634 2224 2688 citer
2252 2633 2522 2704 accipitur
2560 2649 2658 2702 pro
2699 2629 3042 2692 Verberavit,
3076 2637 3133 2680 ut
3177 2641 3344 2680 nunc.
3392 2622 3671 2678 Percussit

397 2723 432 2789 ἡ
461 2724 672 2792 ἱστορία
697 2725 936 2782 διδάσκει
960 2745 972 2756 ·
1003 2729 1270 2801 εὐφήμως
1299 2731 1354 2786 δὲ
1387 2734 1493 2801 Εἰς
1514 2732 1586 2787 τὰ
1615 2731 1812 2788 ὀπίσω
1835 2729 1979 2800 εἷπε,

393 2813 573 2883 δηλῶν
603 2817 702 2882 τὰς
737 2818 919 2892 ἕδρας,

375 3082 378 3085 _
477 2997 748 3064 ’σι-ειδος
778 3001 1020 3055 αῐώνιον
1046 3002 1270 3057 ἔδωκεν
1301 3004 1526 3070 αὐτοῖς.
1557 3004 1798 3068 Ὄνειδος
1829 3003 1980 3072 λέγει

396 3087 500 3158 τὴν
520 3088 629 3143 τῶν
657 3090 830 3159 ἐδρῶν
855 3093 1072 3165 πληγήν
1091 3111 1106 3124 ⁸
1144 3095 1274 3149 ἔνθα
1297 3097 1406 3166 γὰρ
1433 3098 1656 3167 εἰσῆγον
1680 3098 1778 3167 τὴν
1812 3097 1983 3151 κιϐω-

394 3176 512 3242 τὸν,
552 3181 729 3234 ἐκεῖσε
757 3180 819 3235 τὸ
859 3183 1032 3249 πάθος
1061 3185 1218 3239 τοῦτο
1248 3186 1392 3242 κατὰ
1414 3187 1631 3242 πάντων
1670 3187 1907 3257 ἐγένετο.

471 3356 586 3411 Καὶ
628 3359 912 3416 ἀπώσατο
955 3362 1021 3416 τὸ
1062 3364 1357 3433 σκήνωμα
1398 3364 1612 3434 Ἰωσήφ
1637 3383 1650 3398 ο
1701 3367 1802 3437 τὴν
1849 3368 1982 3439 σκή-

367 3468 588 3522 -νωσιν,
618 3455 717 3522 τὴν
755 3455 812 3507 ἐν
853 3455 1071 3527 Ἰωσὴφ,
1103 3459 1284 3511 εῑτουν
1316 3459 1414 3527 τὴν
1446 3459 1505 3514 ὲν
1535 3461 1647 3520 τοῖς
1666 3461 1839 3528 ὁρίοις
1881 3460 1982 3530 τῆς

400 3545 759 3614 κληροδοσίας
807 3547 902 3600 τοῦ
934 3549 1158 3619 Ἰωσήφ.
1213 3550 1315 3604 Τὸν
1343 3550 1586 3622 Ἐφραῒμ
1631 3550 1726 3606 νῦν
1777 3553 1981 3624 Ἰωσὴφ

398 3638 681 3702 ἐκάλεσεν,
711 3640 781 3703 ὡς
809 3641 924 3694 υἱὸν
968 3641 1062 3695 τοῦ
1091 3641 1312 3712 Ἰωσήφ.
1364 3643 1541 3697 Ταυτὸ
1568 3644 1677 3716 γὰρ
1708 3645 1860 3714 λέγει
1890 3647 1986 3700 καὶ

397 3730 520 3794 νῦν,
551 3733 662 3801 τῷ*
714 3734 826 3788 Καὶ
866 3733 1150 3790 ἀπώσατο
1178 3735 1294 3804 τὴν
1343 3738 1589 3807 σκηνὴν
1633 3739 1867 3809 Σηλώμ.
1917 3740 1983 3792 Ἦ

400 3822 510 3892 γὰρ
542 3824 742 3895 Σηλὼμ
774 3826 934 3897 μερὶς
964 3821 1031 3899 ἦν
1060 3827 1161 3899 τῆς
1191 3827 1366 3899 φυλῆς
1391 3827 1658 3900 Ἑφραῒμ,
1688 3829 1764 3894 ὡς
1798 3829 1986 3901 προεί-

400 3933 588 3985 putat.

472 4012 583 4066 Καὶ
616 4012 732 4080 τὴν
778 4012 989 4082 φυλὴν
1031 4013 1282 4085 Ἕφραῒμ
1328 4019 1440 4072 οὐκ
1489 4017 1835 4082 ἐξελέξατο.
1892 4019 1985 4082 Εἰς

402 4104 687 4158 κατοικίαν
717 4109 814 4178 τῆς
841 4106 1103 4174 κιδωτοῦ,
1135 4110 1224 4164 διὰ
1257 4111 1354 4174 τὰς
1378 4110 1725 4179 παρανομίας
1757 4110 1953 4181 αὐτῆς.

387 4339 390 4341 ,
476 4281 581 4337 Καὶ
610 4283 934 4350 ἐξελέξατο
977 4287 1094 4355 τὴν
1147 4287 1358 4357 φυλὴν
1399 4287 1616 4344 Ἰούδα.
1673 4290 1770 4353 Εἰς
1827 4289 1986 4359 βασι-

400 4373 554 4428 λείαν
574 4392 588 4406 ’
626 4376 785 4430 τοῦτό
818 4395 955 4449 φησι
985 4379 1053 4432 δι’
1088 4380 1281 4434 ἑαυτὸν
1309 4383 1335 4434 6
1372 4381 1557 4437 Aa6i6.
1581 4382 1983 4454 Παρεσιώπησε

2085 2736 2270 2781 autem
2305 2741 2399 2781 eos
2433 2735 2580 2781 retro
2624 2724 2678 2780 iu
2729 2723 2972 2786 natibus,
3029 2731 3088 2774 ut
3143 2720 3428 2789 Scriptura
3485 2719 3667 2770 docet.

2084 2819 2430 2876 llouestioris
2482 2831 2665 2874 autem
2721 2816 2998 2874 sermonis
3034 2815 3209 2884 gratia
3258 2813 3418 2877 dixit,
3478 2809 3666 2874 Retro,

2081 2927 2177 2968 Seu
2207 2913 2268 2966 In
2307 2913 2622 2980 posteriora.

2155 3002 2514 3072 Opprobriutn
2543 3011 2796 3057 a-ternutn
2847 3000 2990 3053 dedit
3025 2999 3118 3052 eis.
3171 2997 3274 3051 Per
3313 2995 3666 3066 opprobrium

2089 3098 2290 3152 vulnus
2323 3094 2454 3150 illud
2508 3094 2784 3162 intelligit,
2834 3093 2980 3162 quod
3029 3092 3337 3146 halmerunt
3393 3090 3444 3142 in
3486 3095 3668 3156 postc-

2091 3187 2223 3242 τῖοτί
2264 3187 2515 3258 corporis
2548 3196 2722 3258 parte.
2760 3186 3097 3253 Quocuuque
3146 3182 3290 3238 enim
3343 3196 3527 3235 arcam
3566 3180 3668 3234 du-

2087 3289 2294 3342 cerent,
2337 3279 2406 3333 ab
2446 3279 2593 3334 illius
2621 3276 2864 3332 vulneris
2896 3275 3086 3330 dolore
3118 3273 3556 3344 occupabantur.

2162 3372 2324 3426 Vens.
2355 3371 2444 3427 67.
2477 3370 2546 3425 Et
2588 3370 2777 3440 repulit
2833 3367 3235 3422 tabernaculum
3279 3363 3498 3431 Joseph.
3552 3363 3666 3416 lloe

2087 3477 2172 3518 est
2218 3464 2470 3519 habitare
2523 3463 2667 3519 Deus
2724 3461 2923 3527 noluit,
2962 3460 3014 3514 in
3082 3457 3283 3512 finibus
3330 3455 3674 3510 haereditatis.

2065 3553 2309 3626 .Joscph.
2339 3556 2440 3611 Per
2464 3555 2670 3624 Ioseph
2706 3562 2884 3608 autem
2920 3552 3096 3622 ipsam
3148 3549 3406 3619 intelligit
3463 3548 3664 3601 tribum

2089 3649 2373 3720 Ephraim,
2425 3649 2520 3719 qui
2581 3649 2724 3702 (ilius
2780 3642 3132 3713 fuitJoseph.
3190 3640 3433 3695 Similem
3485 3648 3666 3692 autem

2089 3742 2421 3804 sententiam
2455 3741 2715 3811 superius
2765 3737 2898 3792 dixit
2931 3735 3226 3804 Pr0pheta,
3270 3729 3489 3802 quando
3539 3730 3613 3784 ait
3652 3746 3666 3782 :

2089 3834 2156 3886 Et
2190 3833 2379 3899 repulit
2430 3830 2831 3885 tabernaculum
2884 3827 3019 3882 Silo.
3072 3827 3205 3880 Erat
3258 3823 3405 3878 enim
3458 3821 3573 3876 Silo
3613 3819 3670 3875 in

2089 3933 2237 3981 sorte
2271 3926 2446 3980 tribus
2474 3924 2758 3994 Ephraim,
2782 3930 2840 3976 ut
2874 3919 3256 3990 praediximus.

2164 4017 2228 4070 Et
2267 4017 2460 4070 tribum
2493 4016 2747 4086 Epiri-aint
2797 4029 2899 4067 non
2944 4012 3119 4082 elegit.
3167 4010 3224 4063 In
3267 4023 3409 4063 arcze
3460 4005 3669 4062 scilicet

2090 4109 2500 4162 habitationem.
2534 4108 2712 4178 Atque
2755 4108 2855 4160 hoc
2891 4104 2961 4159 ob
2991 4103 3199 4160 scelera
3255 4112 3310 4157 et
3346 4098 3676 4170 iniquitates

2085 4215 2302 4254 eorum.

2157 4289 2324 4346 Vens.
2346 4291 2436 4345 68.
2469 4289 2538 4344 Et
2575 4290 2730 4361 elegit
2773 4288 2966 4341 tribum
2997 4285 3166 4338 Juda.
3199 4282 3280 4338 Ad
3309 4295 3538 4350 regnum
3579 4280 3669 4334 ni-

2061 4384 2310 4440 ‘tnirum.
2351 4383 2465 4439 Hoc
2503 4393 2682 4437 autem
2720 4389 2944 4452 propter
2994 4377 3237 4446 seipsum
3297 4373 3431 4429 dicit
3477 4373 3677 4426 beatus

399 4466 464 4519 δὲ
491 4466 560 4521 τὰ
599 4468 742 4524 κατὰ
775 4470 869 4526 τὸν
899 4471 1093 4540 Σαοὺλ,
1143 4473 1233 4528 ἵνα
1271 4473 1346 4544 μὴ
1395 4473 1522 4546 δόξῃ
1561 4474 1841 4548 διασύρειν
1881 4476 1981 4530 αὐ-

2093 4479 2283 4532 David.
2313 4477 2554 4532 lieticuit
2591 4486 2773 4530 autem
2801 4489 2924 4544 quae
2949 4472 3018 4528 ad
3047 4471 3269 4528 Saulem
3295 4469 3676 4542 pertinebant,

402 4559 520 4616 τόν.

480 4651 556 4705 Τὸ
591 4653 729 4723 ὄρος
769 4656 836 4710 τὸ
886 4657 1042 4712 Σιὼν
1087 4659 1120 4713 ὃ
1171 4660 1509 4730 ἠγάπησεν.
1553 4661 1700 4717 Ἀντὶ
1735 4663 1832 4733 μὲν
1882 4663 1984 4734 τῆς

405 4743 583 4814 φυλῆς
611 4747 896 4819 Βενιαμὶν,
930 4747 997 4823 ἦς
1036 4746 1105 4822 ἦν
1131 4755 1160 4806 6
1185 4754 1379 4814 Σαοὺλ,
1406 4755 1692 4821 ἐξελέξατο
1731 4758 1830 4826 τὴν
1876 4775 1984 4826 φυ-

400 4836 505 4904 λὴν
541 4838 748 4905 Ἰούδα,
803 4837 872 4913 ἦς
924 4838 994 4913 ἦν
1037 4845 1066 4896 6
1127 4845 1310 4900 Δαῦίδ.
1377 4846 1525 4899 Ἀντὶ
1583 4848 1642 4901 δὲ
1679 4847 1776 4901 τοῦ
1825 4848 1987 4920 ὅρους

399 4929 647 5000 Ἐφραῒμ
710 4935 842 5002 παρ’
1065 4937 1092 4989 6
1124 4937 1345 5008 Σηλὼμ,
1405 4939 1690 5005 ἐξελέξατο
1749 4942 1807 4994 τὸ
1861 4943 1987 5013 ὅρος

399 5019 567 5084 Σιὼν,
607 5024 740 5093 παρ’
777 5017 823 5093 ᾧ
861 5021 931 5098 ἦν
985 5028 1018 5097 ἠ
1075 5028 1454 5102 Ἰερουσαλήμ.
1505 5032 1890 5103 Ἀγαπηθῆναι
1928 5033 1987 5086 δὲ

399 5113 539 5167 αὐτὸ
562 5115 731 5185 λέγει,
764 5117 852 5172 διὰ
884 5118 945 5172 τὺ
997 5122 1405 5192 μεγαλυνθῆναι
1430 5123 1612 5187 τοῦτο,
1654 5127 1750 5178 καὶ
1785 5125 1989 5196 ὀνομα-

402 5205 534 5258 στὸν
582 5207 840 5275 γενέσθαι
885 5209 980 5278 ἀφ’
1017 5207 1078 5267 οὗ
1131 5212 1324 5283 χρόνου
1369 5212 1470 5285 τὴν
1509 5215 1747 5268 κιϐωτὸν
1791 5217 1986 5270 ὑπεδέ-

398 5295 559 5361 ξατο.

470 5392 584 5445 Kal
613 5392 1008 5464 ᾠκοδόμησεν
1038 5395 1120 5461 ὡς
1140 5397 1552 5466 μονοκὲρωτος
1606 5396 1674 5451 τὸ
1714 5399 1982 5468 ἁτίασμα

399 5485 610 5537 αὐτοῦ.
643 5515 714 5524 -
757 5486 1164 5558 ’ῼκοδόμησεν
1194 5528 1209 5552 ,
1254 5489 1377 5541 ἀντὶ
1428 5489 1548 5554 τοῦ,
1596 5489 1980 5561 Οἰκοδομήσει,

402 5577 548 5631 κατὰ
610 5578 979 5648 ἀντιχρονιαν.
1019 5579 1361 5650 Προφητεύει
1395 5581 1505 5651 γὰρ
1545 5581 1641 5634 νῦν
1699 5582 1829 5651 περὶ
1885 5581 1982 5635 τοῦ

402 5669 463 5722 ὲν
504 5667 903 5740 Ἱεροσολύμοις
938 5671 1169 5743 ὓστερον
1191 5673 1640 5744 οἰκοδομηθέντος
1669 5673 1800 5728 ναοῦ
1825 5673 1980 5745 παρὰ

402 5758 774 5828 Σολομῶντος.
805 5763 927 5816 Ἔτι
957 5761 1014 5817 δὲ
1045 5766 1140 5816 καὶ
1179 5763 1309 5834 περὶ
1338 5764 1436 5832 τῆς
1466 5767 1544 5826 εἰς
1585 5764 1646 5818 τὸ
1673 5765 1802 5834 ἑξῆς
1828 5765 1983 5836 βασι-

405 5849 560 5916 λείας
613 5856 714 5926 τῆς
769 5854 944 5927 φυλῆς
1014 5856 1208 5913 Ἰούδα.
1270 5857 1536 5929 Ἐδήλωσε
1599 5857 1708 5928 γὰρ
1764 5857 1914 5927 αὐτῷ
1957 5858 1986 5911 6

2091 4588 2156 4626 ne
2187 4571 2261 4624 illi
2298 4570 2586 4625 detrahere
2628 4570 2926 4623 videretur.

2161 4659 2396 4714 Montem
2427 4659 2576 4720 Sion.
2597 4675 2746 4728 quem
2767 4659 2978 4712 dilexit.
3009 4655 3116 4713 Pro
3161 4655 3308 4710 tribu
3340 4654 3488 4709 enim
3522 4652 3668 4708 Ben-

2083 4753 2283 4821 jamin,
2315 4752 2384 4806 de
2418 4768 2523 4821 qua
2554 4750 2657 4804 fuit
2680 4750 2834 4812 Saul,
2860 4749 3020 4819 elegit
3043 4748 3248 4803 tribum
3275 4745 3438 4812 Juda,
3474 4744 3544 4800 de
3560 4760 3681 4813 qua-

2093 4856 2214 4899 erat
2245 4844 2413 4898 David
2442 4863 2456 4899 :
2485 4854 2539 4899 et
2573 4859 2674 4914 pro
2715 4850 2900 4898 monte
2917 4841 3202 4912 Ephraim,
3237 4840 3329 4895 ubi
3374 4847 3496 4894 erat
3526 4838 3669 4894 civi-

2091 4944 2178 4990 tas
2205 4935 2341 5000 Silo,
2377 4935 2546 5005 elegit
2598 4947 2837 4989 montem
2877 4934 3036 5001 Sion,
3091 4934 3146 4989 iu
3178 4947 3289 5003 quo
3337 4930 3667 4986 Jerusalem.

2093 5025 2361 5081 Dilexisse
2387 5035 2571 5080 autem
2613 5025 2748 5081 dicit
2771 5023 3064 5080 Dominum
3094 5031 3338 5079 montem
3364 5020 3518 5080 Sion,
3536 5017 3683 5087 quia

2086 5133 2211 5174 eum
2247 5119 2560 5184 honoravit,
2589 5127 2644 5176 et
2676 5119 2948 5175 celebrem
2982 5115 3128 5187 apud
3183 5125 3378 5169 omnes
3401 5108 3664 5173 reddidit,

2086 5209 2154 5261 ab
2189 5223 2255 5264 eo
2309 5218 2577 5279 tempore,
2616 5225 2730 5279 quo
2777 5223 2904 5264 area
2958 5206 3187 5262 imiteris
3216 5203 3347 5260 illuc
3401 5199 3668 5272 perducta

2085 5307 2192 5354 est.

2166 5392 2326 5447 Vens.
2361 5391 2448 5448 69.
2479 5392 2550 5447 Et
2599 5393 2882 5464 mdiﬁcavit
2933 5389 3090 5461 quasi
3139 5387 3412 5443 unicornis
3462 5384 3667 5441 sancti-

2088 5485 2392 5554 ﬁcatiouem
2456 5503 2634 5541 suam.
2679 5514 2752 5525 -—
2800 5482 3111 5550 didi/ienuit
3160 5496 3259 5550 pro
3318 5476 3676 5535 Aidilicabit.

2093 5578 2334 5648 Tempus
2362 5577 2508 5632 enim
2534 5578 2720 5648 posuit
2745 5592 2845 5647 pro
2878 5585 3148 5643 tempore.
3185 5570 3540 5642 Prophetiam
3567 5586 3669 5627 au-

2093 5677 2201 5723 tem
2232 5671 2396 5724 tradit
2424 5671 2490 5724 de
2521 5669 2747 5736 templo,
2774 5666 2916 5736 quod
2958 5681 2986 5718 a
3015 5663 3309 5719 Salomone
3337 5669 3677 5716 construen-

2092 5761 2224 5816 dum
2255 5771 2373 5817 erat
2438 5763 2491 5816 in
2515 5760 2844 5826 Jerusalem,
2885 5769 2940 5815 et
2979 5759 3046 5814 de
3087 5773 3278 5826 regno,
3323 5757 3468 5827 quod
3519 5753 3672 5806 futu-

2096 5872 2218 5919 rum
2243 5865 2361 5912 crat
2398 5858 2451 5912 in
2483 5855 2628 5912 tribu
2667 5853 2830 5911 Juda.
2859 5853 3176 5911 Rcvclatum
3207 5851 3352 5908 enim
3403 5848 3452 5904 ei
3487 5846 3678 5902 fuerat
