4088 6446
433 367 540 429 823

1668 379 2061 442 ΕΗΤΗΥΜΠ
2096 382 2462 443 ZIGABENI

3592 390 3700 455 824

428 502 458 539 a
521 486 654 551 Deo,
701 488 923 558 quando
947 490 1068 545 ait:
1108 487 1392 547 Suscilabo
1448 510 1622 548 semen
1691 506 1837 550 tuum
1889 508 2007 563 post

2129 498 2264 564 θεὸς,
2302 500 2385 554 ὅτι
2420 501 2776 568 Ἀναστήσω
2818 502 2884 555 τὸ
2922 503 3163 573 σπέρμα
3215 520 3334 559 σου
3375 504 3529 575 μετὰ
3583 506 3697 561 σέο

428 586 500 640 te,
562 578 655 647 qui
680 589 758 631 est
798 578 861 633 de
912 588 1086 635 ventre
1145 590 1257 645 tuo,
1316 592 1366 636 et
1419 586 1734 653 prarparabo
1800 603 2014 657 regnum

2116 590 2183 656 ὅς
2233 591 2405 645 ἐστιν
2445 592 2516 651 ἐκ
2550 592 2662 661 τῆς
2692 595 2929 661 κοιλίας
2970 612 3110 661 σου,
3133 596 3231 650 καὶ
3256 597 3556 667 ἑτοιμάσω
3586 597 3703 664 τὴν

424 672 561 739 ejus,
597 670 680 724 hic
709 669 999 740 wdiﬁcabit
1028 673 1281 742 templum
1324 676 1530 730 nomini
1557 693 1693 742 meo,
1729 688 1778 731 et
1811 680 2015 751 erigant

2129 682 2440 735 ϐασιλείαν
2471 683 2694 738 αὐτοῦ’
2743 679 2924 749 οὗτος
2970 685 3357 754 οἰκοδομήσει
3405 681 3578 740 οἷκον
3621 685 3702 751 τῷ

428 763 678 817 thronum
731 763 844 832 ejus
910 781 1074 835 usque
1140 766 1195 820 in
1257 768 1514 822 sa'culum
1560 770 1628 824 ’⁸.
1671 769 1809 825 Illud
1867 773 2014 827 enim

2129 776 2364 843 ὄνοματὶ
2391 793 2531 844 μου,
2580 777 2681 830 καὶ
2720 778 3044 846 ἀνορθώσω
3081 777 3190 832 τὸν
3237 780 3457 847 θρόνον
3511 779 3701 833 αὑτοῦ

427 856 693 925 templum
729 856 832 911 hac
866 857 920 911 in
978 857 1104 912 loco
1153 859 1653 916 sanctiﬁcationem
1694 863 2010 933 appellavit.

426 946 492 999 Et
527 946 676 1015 quod
701 947 817 1004 ait:
850 948 1023 1015 Quasi
1059 952 1334 1007 unicornis
1370 953 1678 1010 defectivus
1704 965 2011 1021 cstsermo,

2110 866 2223 932 ἕως
2263 866 2371 920 τὸν
2399 867 2613 922 αἰῶνα*
2638 869 2822 925 ὅντινα
2889 870 3018 924 ναὺν
3057 869 3311 941 ἁγίασμα
3344 870 3594 923 ἐκάλεσε.
3628 870 3702 922 Τὸ

2109 960 2166 1013 δὲ
2204 961 2294 1027 Ὧς
2315 964 2750 1031 μονοκέρωτος,
2787 964 3026 1018 ἐλλείπει
3048 965 3112 1018 τὸ
3146 966 3343 1035 κέρας,
3375 965 3444 1019 ἵν’
3475 965 3562 1034 εεη
3586 966 3701 1018 Μο-

427 1048 483 1092 et
514 1039 849 1112 subintelligi
883 1042 1048 1098 debet
1070 1043 1263 1111 dictio,
1290 1045 1478 1102 Cornu
1522 1048 1692 1118 (quod
1721 1058 1780 1104 ut
1811 1049 2015 1106 clarius

2129 1054 2417 1123 ιοκέρωτος
2456 1056 2651 1125 κέρας.
2687 1058 2902 1129 Ὠσπερ
2937 1057 3048 1129 γὰρ
3097 1058 3193 1111 τοῦ
3234 1058 3615 1127 μονοκέρωτος
3641 1057 3701 1110 τὸ
3730 1127 3753 1133 _

425 1131 679 1198 dignosci
715 1134 895 1205 possit
928 1136 1474 1194 animadvertendum
1503 1150 1611 1206 est,
1644 1141 1794 1210 quod
1823 1141 2014 1207 dictio,

430 1220 739 1291 Unicorm's,
802 1232 890 1280 cst
952 1227 1179 1305 secundi
1252 1242 1440 1295 casus,
1493 1228 1643 1300 quod
1698 1246 1764 1284 cx
1825 1228 2014 1285 Graeca

424 1312 665 1368 lectione
724 1329 913 1385 aperte
952 1318 1343 1389 dignoscitur).
1388 1319 1601 1376 Sensus
1655 1328 1841 1376 autem
1905 1332 2014 1392 est,

426 1403 577 1471 quod
637 1405 740 1459 hoc
783 1407 1050 1477 templum
1126 1424 1156 1462 a
1209 1407 1502 1467 Salomone
1555 1412 2012 1482 construendum,

2129 1150 2300 1217 κέρας
2334 1148 2394 1203 ἓν
2431 1150 2550 1203 ἐστι
2612 1152 2706 1204 καὶ
2762 1151 3026 1221 μέγιστον
3056 1192 3071 1215 ,
3112 1153 3209 1204 καὶ
3252 1150 3565 1216 κάλλιπον,
3605 1150 3703 1204 καὶ

2125 1236 2368 1308 ἰσχυρὸν,
2400 1239 2545 1294 οὕτω
2568 1242 2860 1305 καὶόναδς
2902 1241 2997 1299 τοῦ
3041 1239 3178 1295 Θεοῦ
3238 1237 3321 1303 εἷς
3374 1240 3702 1311 ᾠκοδομήθη

2124 1328 2182 1379 ὲν
2215 1329 2311 1401 ὅλῃ
2344 1334 2412 1402 τῇ
2436 1335 2538 1403 γῇ,
2572 1335 2669 1388 καὶ
2731 1336 2991 1403 μέγιστος
3017 1373 3032 1397 ,
3086 1334 3181 1387 καὶ
3239 1333 3550 1400 κάλλιστος,
3609 1333 3707 1388 καὶ

2124 1419 2346 1491 ἰσχυρὸς
2368 1425 2434 1494 τῇ
2468 1429 2784 1497 κατασκευῇ
2813 1427 2908 1479 καὶ
2942 1426 3104 1496 μόνος
3140 1427 3303 1496 μόνον
3328 1425 3493 1480 Θεοῦ.

426 1495 789 1553 aedilicabitur
817 1500 974 1569 quasi
1010 1516 1182 1556 cornu
1211 1504 1488 1573 quoddam
1540 1506 1836 1563 unicornis.
1870 1505 2006 1563 Nam
2045 1515 2511 1581 quemadmodum
2532 1535 2704 1575 cornu
2731 1495 2862 1575 illud
2893 1495 3113 1576 unicum
3144 1495 3252 1584 est,
3294 1531 3348 1576 et
3379 1521 3704 1587 maximum,

428 1588 979 1660 pulcherrimumque
1032 1596 1235 1666 pariter
1268 1612 1333 1653 ac
1368 1596 1751 1664 fortissimum,
1792 1600 1873 1656 sic
1923 1611 1978 1658 ct
2010 1607 2231 1662 unicum
2279 1609 2390 1665 Deo
2432 1614 2692 1681 templum
2738 1622 2795 1667 ει
2836 1616 3135 1670 maximum
3168 1615 3710 1685 pulcherrimumque

429 1691 715 1741 structura
741 1691 947 1760 pariter
977 1705 1042 1745 ac
1069 1690 1436 1750 fortissimum
1458 1696 1511 1751 in
1544 1704 1657 1753 tota
1696 1695 1882 1755 Judae‘a
1905 1708 2283 1760 constructum
2327 1715 2434 1777 est,
2462 1712 2629 1767 veluti
2659 1710 2883 1767 unicum
2912 1720 3079 1782 atque
3109 1712 3202 1766 uni
3236 1711 3347 1767 Deo
3368 1710 3635 1767 dicatum.

500 1811 566 1866 lu
596 1820 740 1866 terra
768 1811 1011 1882 fundavit
1034 1832 1152 1870 eam
1193 1818 1249 1871 in
1280 1819 1556 1874 sarculum.
1612 1821 1747 1877 Eam
1802 1824 2009 1879 tribum
2045 1835 2088 1891 ιι

429 1901 595 1958 Juda.
632 1899 913 1959 Stabilivit
937 1906 1083 1960 enim
1115 1923 1262 1974 eam,
1288 1909 1492 1978 inquit,
1551 1912 1605 1965 in
1637 1927 1699 1967 ca
1723 1920 1891 1979 terra,
1928 1913 2021 1970 ubi

427 1998 667 2065 habitat,
699 1999 777 2054 ita
803 2008 862 2055 ut
886 2000 955 2056 ab
992 2000 1251 2057 hostibus
1288 2002 1443 2059 illinc
1498 2004 1699 2075 expelli
1748 2021 1860 2061 non
1894 2022 2024 2077 pos-

430 2101 537 2148 set.
562 2093 720 2161 Quod
754 2109 886 2151 vero
926 2095 1001 2150 ait
1046 2094 1114 2149 In
1173 2096 1452 2161 swculum,
1514 2096 1658 2151 idem
1701 2108 1785 2154 est
1849 2099 2023 2168 quod,

429 2183 705 2255 Semper;
767 2200 957 2241 verum
1024 2187 1327 2257 imprOprie
1379 2188 1493 2243 haec
1558 2186 1627 2244 de
1699 2190 1819 2260 ipsa
1875 2188 2022 2244 tribu

429 2279 577 2331 dicta
604 2284 736 2332 sunt
769 2294 785 2344 ;
832 2278 1112 2349 siquidem
1144 2279 1299 2335 illinc
1349 2280 1613 2352 expulsos
1642 2279 1821 2337 fuisse
1859 2281 2020 2336 vide-

428 2385 577 2426 nius.

500 2462 670 2519 Vens.
691 2465 783 2522 70.
818 2464 888 2519 Et
912 2466 1068 2537 elegit
1088 2465 1265 2520 David
1295 2484 1499 2522 servum
1533 2482 1710 2533 suum,
1743 2476 1790 2523 et
1814 2483 2024 2523 assum-

428 2558 537 2627 psit
579 2574 695 2612 eum
716 2560 778 2614 de
801 2560 1044 2630 gregibus
1091 2562 1290 2627 ovium,
1344 2570 1486 2615 retro
1530 2560 1755 2630 fetanlcs
1816 2562 2023 2629 accepit

430 2665 574 2705 eum.
610 2647 743 2706 Vide
765 2652 1042 2722 quomodo
1069 2666 1197 2708 vere
1223 2668 1285 2708 ac
1317 2653 1643 2723 simpliciter
1687 2650 1883 2706 beatus
1915 2650 2025 2706 Da-

431 2743 523 2798 Vid
549 2754 759 2810 narrat,
793 2759 915 2815 quae
966 2744 1033 2800 ad
1065 2760 1124 2801 se
1176 2746 1476 2816 pertinent,
1508 2742 1787 2815 quomodo
1856 2742 2022 2800 fateri

432 2850 547 2891 non
621 2836 922 2901 erubescit,
977 2837 1126 2908 quod
1176 2838 1417 2907 pastoris
1477 2837 1702 2893 nomine
1776 2836 2022 2891 nondum

432 2930 632 2999 dignus
659 2935 799 2983 erat.
845 2926 981 2984 Nam
1017 2928 1283 2985 utminus
1326 2927 1565 2984 idoneus
1594 2925 1836 2983 letantes
1891 2942 2024 2982 oves

434 3021 791 3088 sequebatur.
825 3018 968 3088 Quin
1016 3019 1127 3075 imo
1161 3021 1375 3075 minora
1404 3034 1634 3090 quaeque
1662 3019 1729 3075 de
1769 3034 1828 3076 se
1867 3032 2025 3074 assc-

435 3128 558 3171 rere
607 3129 717 3169 non
764 3114 981 3185 puduit,
1039 3126 1093 3170 et
1135 3128 1257 3184 quae
1320 3114 1532 3183 majora
1579 3121 1758 3178 erant,
1814 3111 2020 3169 omisit.

2185 1831 2291 1888 Ἐν
2329 1831 2407 1903 τῇ
2433 1833 2512 1904 τῇ
2547 1833 2951 1903 ἐθεμελίωσεν
2980 1816 3178 1903 αὐτὴν
3226 1836 3312 1901 εἱς
3339 1833 3448 1888 τὸν
3497 1831 3707 1889 αἰῶνα.

2122 1924 2237 1996 Τὴν
2268 1925 2530 1996 ῥηθεῖσαν
2571 1926 2747 1997 φυλὴν
2788 1926 2962 1980 Ἰούδα
2991 1924 3279 1997 ἑδραίωσε,
3314 1927 3502 1997 φησὶν,
3544 1925 3603 1976 ὲν
3637 1925 3707 1995 τῇ

2121 2022 2217 2090 γῇ,
2259 2014 2400 2095 ὲφ’ᾗ
2435 2021 2597 2087 οἰκεῖ,
2630 2021 2705 2083 ὡς
2733 2020 2808 2092 μὴ
2844 2020 3165 2086 ἐξωθεῖσθαι
3201 2020 3353 2090 παρὰ
3395 2017 3700 2088 πολεμίων.

2122 2111 2195 2165 Τὸ
2223 2112 2301 2177 δὲ,
2361 2114 2467 2179 Εις
2496 2112 2604 2167 τὸν
2641 2111 2849 2177 αἰῶνα,
2912 2112 3035 2165 ἀντὶ
3072 2112 3190 2175 τοῦ,
3232 2111 3345 2165 ’Ael
3368 2128 3383 2144 ·
3429 2128 3712 2182 καταχρη-

2124 2203 2328 2270 στικῶς
2358 2204 2437 2273 δὲ,
2470 2206 2565 2258 καὶ
2598 2203 2708 2276 γὰρ
2751 2203 2982 2277 ὕστερον
3009 2200 3352 2277 ἐξώσθησαν.

2194 2475 2306 2531 Καὶ
2343 2476 2669 2543 ἐξελέξατο
2697 2477 2875 2533 Δαῦὶδ
2925 2479 3033 2533 τὸν
3084 2476 3314 2532 δοῦλον
3362 2474 3573 2540 αὐτοῦ,
3613 2474 3713 2528 και

2124 2571 2425 2627 ἀνέλαϐεν
2449 2572 2636 2626 αὑτὸν
2653 2574 2723 2627 ἐκ
2754 2573 2874 2627 τῶν
2894 2573 3189 2642 ποιμνίων
3220 2573 3339 2626 τῶν
3374 2570 3713 2638 προϐάτων,

2124 2660 2450 2724 ἐξόπισθεν
2488 2659 2607 2713 τῶν
2640 2660 3062 2730 λοχευομένων
3086 2661 3304 2714 ἔλαϐεν
3326 2658 3529 2711 αὐτόν.
3568 2657 3715 2730 Ὅρα

2124 2754 2272 2818 ὅπως
2332 2753 2645 2826 φιλαληθῶς
2672 2753 3009 2823 ἀπαγγέλλει
3038 2753 3109 2807 τὰ
3147 2752 3271 2805 καθ’
3314 2748 3507 2803 ἑαυτόν
3531 2762 3547 2779 °
3610 2749 3713 2800 οὐκ

2126 2846 2595 2916 ὲπαισχυνόμενος
2628 2848 2828 2913 εἰπεῖν,
2869 2847 2951 2900 ὅτι
2977 2847 3101 2901 οὐδὲ
3132 2845 3339 2906 τέλειος
3379 2838 3448 2915 ἦν
3482 2840 3709 2910 ποιμὴν,

2126 2937 2243 2990 ἀλλ’
2274 2936 2349 3000 ὡς
2397 2935 2584 3008 ἐνδεὴς
2634 2937 2715 2991 ἔτι
2767 2939 2883 3001 τοῖς
2916 2937 3167 2991 τίκτουσι
3227 2935 3339 2988 τῶν
3398 2932 3716 3004 προὸἀτων,

2126 3030 2432 3100 ἠκολούθει·
2460 3031 2660 3100 μᾶλλον
2689 3031 2788 3102 μὲν
2817 3029 2932 3097 οὖν,
2961 3030 3031 3084 τὰ
3068 3029 3168 3100 μὲν
3201 3028 3532 3083 ὲλαττοῦντα
3554 3021 3676 3078 εἷπε
3695 3064 3714 3090 ,

2126 3123 2196 3174 τὰ
2245 3121 2303 3176 δὲ
2360 3123 2598 3192 ὐψοῦντα
2650 3123 2902 3194 παρῆκεν
2926 3139 2940 3154 ⁶
2976 3118 3087 3176 οἷον
3116 3121 3176 3176 τὸ
3194 3122 3338 3175 κατὰ
3365 3119 3473 3173 τῶν
3505 3117 3717 3189 θηρίων

438 3205 629 3276 Neque
663 3207 809 3263 enim
840 3207 989 3263 vires
1035 3223 1169 3265 suas
1200 3207 1675 3272 commcmoravit,
1728 3220 1867 3275 quas
1927 3217 2019 3258 aut

2129 3217 2345 3287 κράτος,
2383 3217 2478 3271 καὶ
2503 3217 2564 3271 τὸ
2603 3218 2743 3289 πρὸς
2771 3216 2862 3270 τὸν
2894 3216 2931 3269 Γ
2935 3214 3085 3269 ολιὰθ
3111 3213 3497 3286 μονομάχιονη

436 3300 704 3356 adversus
744 3298 891 3356 feras
927 3315 1071 3371 saepe
1129 3300 1393 3367 ostendit,
1444 3308 1540 3355 aut
1600 3302 1863 3356 adversus
1916 3298 2025 3354 Go-

434 3391 591 3445 liath.

514 3483 582 3539 Ut
627 3481 1059 3555 pascerctlarob
1126 3500 1333 3539 servum
1383 3501 1562 3539 suum.
1603 3484 2022 3540 Generationem

438 3575 654 3628 scilicet
705 3585 759 3629 et
804 3575 1013 3644 prolem
1069 3572 1265 3630 Jacob.
1296 3572 1479 3631 Verbo
1524 3584 1704 3632 autem
1759 3575 2025 3631 Pascendi

440 3666 817 3738 nietaplioricc
846 3682 985 3724 usus
1012 3675 1120 3723 est.

515 3781 584 3836 Et
629 3781 802 3837 Israel
832 3780 1200 3837 hwreditatem
1226 3799 1400 3840 suam.
1437 3781 1715 3854 Repetitio
1748 3791 1834 3837 est
1879 3781 2028 3850 ejus-

442 3876 565 3928 niem
599 3873 1027 3944 sententiae,qui
1059 3873 1319 3944 loquendi
1355 3875 1549 3930 modus
1578 3875 1724 3946 apud
1766 3873 2027 3930 Hebraeos

442 3975 528 4022 cst
566 3966 1078 4036 frequentissimus.
1120 3966 1195 4022 De
1230 3966 1553 4023 haereditate
1614 3975 1800 4023 autem
1860 3965 2027 4036 paulo

442 4057 697 4128 superius
727 4056 992 4113 diximus.

515 4174 683 4231 Vens.
726 4174 815 4231 72.
852 4173 921 4228 Ει
957 4176 1100 4245 pavit
1135 4192 1222 4230 eos
1277 4176 1332 4229 in
1365 4176 1668 4231 innocentia
1713 4176 1891 4230 cordis
1920 4178 2025 4234 sui.

448 4269 505 4323 In
549 4269 928 4340 simplicitate,
982 4269 1314 4325 rectitudine
1347 4278 1401 4325 et
1437 4270 1885 4327 mansuetudine.

524 4467 591 4521 Et
614 4470 671 4522 in
702 4466 1076 4535 intelligemus
1106 4483 1363 4521 manuum
1394 4484 1613 4522 suarum
1627 4467 1847 4523 deduxit
1877 4468 2029 4525 illos.

2204 3492 2551 3558 Ποιμαίνειν
2605 3488 2805 3544 Ῑακὼϐ
2824 3489 2932 3545 τὸν
2952 3488 3182 3543 δοῦλον
3208 3486 3419 3543 αὐτοῦ.
3455 3484 3532 3540 Τὸ
3556 3483 3722 3555 γένος

2133 3581 2227 3635 τοῦ
2279 3580 2496 3636 Ἰακώϐ.
2525 3580 2910 3654 Μεταφορικδν
2938 3582 2995 3636 δὲ
3020 3583 3081 3636 τὸ
3112 3581 3480 3652 Ποιμαίνειν.

2206 3780 2317 3836 Καὶ
2332 3780 2573 3857 Ἰσραὴλ
2591 3782 2706 3849 τὴν
2722 3780 3138 3851 κληρονομίαν
3154 3779 3363 3835 αὐτοῦ.
3386 3778 3502 3834 Παλ
3511 3777 3657 3845 ιλλογ
3666 3777 3725 3831 ἴα

2137 3874 2377 3944 συνήθης
2411 3876 2476 3945 τῇ
2522 3874 2766 3946 Ἐϐραΐδι
2799 3876 3006 3945 γραφῇ.
3044 3872 3184 3945 Περὶ
3230 3872 3288 3927 δὲ
3330 3872 3431 3944 τῆς
3458 3872 3727 3944 κληρονο-

2138 3965 2269 4038 μίας
2310 3966 2527 4037 εἴρηται
2561 3965 2761 4037 μικρὸν
2793 3966 3074 4038 ἀνωτέρω.

2208 4166 2317 4221 Kal
2337 4167 2667 4236 ἐποίμανεν
2688 4166 2911 4231 αὐτοὺς
2927 4167 2997 4220 ἐν
3016 4165 3089 4234 τῇ
3104 4166 3328 4234 ἀκακία
3340 4165 3450 4232 τῆς
3471 4163 3726 4233 καρδίας

2136 4258 2456 4312 αὺτοῦ.Ἐν
2496 4260 2565 4328 τῇ
2600 4256 2909 4327 ἁπλότητι,
2965 4259 3023 4310 ἐν
3079 4257 3158 4327 τῷ
3208 4257 3493 4328 ἀπονήρῳ,
3539 4256 3600 4310 ὲν
3648 4259 3720 4329 τῇ

2137 4349 2427 4422 πραότητι.

2207 4460 2319 4514 Kal
2342 4460 2411 4513 ἐν
2431 4459 2560 4525 ταῖς
2576 4459 2873 4513 συνέσεσι
2890 4456 3009 4514 τῶν
3026 4458 3245 4527 χειρῶν
3269 4458 3462 4513 αὑτοῦ
3484 4457 3721 4525 ὡδήγη-

444 4557 554 4613 Ριτι⁸
575 4574 831 4611 manuum
863 4555 1268 4625 intelligentiae,
1303 4555 1453 4625 ipsas
1475 4557 1722 4612 actiones
1765 4556 2026 4625 intelligit

2138 4570 2251 4607 σεν
2279 4552 2527 4617 αὐτούς.
2548 4552 2803 4614 Συνέσεις
2818 4552 3017 4621 χειρῶν
3040 4552 3138 4615 τὰς
3162 4551 3558 4621 λελογισμένας
3576 4548 3725 4620 πρά-

446 4652 665 4705 ratione
699 4649 1024 4719 dispositas,
1052 4648 1257 4717 quibus
1292 4664 1506 4703 summa
1562 4665 1683 4703 cum
1735 4649 2032 4720 prudentia

451 4742 717 4810 populum
787 4740 1083 4809 dirigebat.
1154 4738 1295 4793 Illud
1349 4749 1531 4794 autem
1593 4738 1881 4796 sciendum
1930 4748 2035 4802 est,

380 4854 383 4857 ν
450 4830 600 4900 quod
658 4829 823 4900 elegit
882 4830 1087 4884 tribum
1144 4827 1307 4896 Juda,
1368 4827 1435 4884 ad
1494 4846 1725 4900 regnum
1816 4839 2040 4900 propter

449 4921 758 4984 Christum,
794 4919 893 4990 qui
919 4936 987 4974 ex
1017 4936 1080 4975 ea
1113 4921 1267 4976 tribu
1287 4922 1554 4992 originem
1589 4920 1865 4976 ducturus
1896 4929 2035 4976 erat.

451 5013 517 5067 Et
549 5013 709 5068 aliter
743 5011 890 5068 :Per
930 5012 1125 5068 Judam
1175 5013 1396 5083 quidem
1419 5013 1701 5069 Christum
1738 5012 2032 5083 intelliges,

455 5105 547 5174 qui
576 5103 647 5159 de
675 5119 738 5159 ea
801 5104 947 5158 tribu
981 5114 1144 5159 natus
1196 5115 1306 5167 est,
1354 5111 1410 5159 ct
1464 5118 1560 5173 per
1609 5102 1815 5156 tribum
1870 5100 2034 5165 Juda,

451 5200 635 5267 ipsum
669 5197 1118 5252 Christianorum
1172 5212 1366 5267 genus,
1400 5209 1632 5263 quorum
1689 5193 1911 5257 Doctor,
1975 5208 2041 5248 ac

450 5292 613 5347 Pater
660 5301 745 5347 est
789 5290 1071 5348 Christus.
1128 5289 1279 5344 Hanc
1336 5290 1483 5344 enim
1535 5289 1737 5343 tribum
1778 5287 2039 5343 Christus

448 5382 505 5437 in
551 5385 810 5437 universa
844 5391 990 5438 terra
1040 5382 1293 5436 fundavit
1336 5381 1390 5436 in
1428 5382 1713 5443 saeculum,
1767 5380 1873 5435 hoc
1932 5388 2037 5446 est,

426 5475 509 5527 {in
551 5484 840 5528 mternum.
879 5477 1063 5528 Porta:
1103 5474 1277 5536 enim,
1325 5472 1525 5541 inquit,
1563 5472 1721 5540 inferi
1765 5488 1868 5526 non
1900 5488 2040 5541 priv-

454 5567 698 5623 valebunt
771 5567 1019 5622 adversus
1077 5567 1327 5635 eam";
1388 5566 1464 5621 ita
1531 5571 1592 5620 ut

452 5668 622 5713 ratur.

1673 5568 1819 5636 quod
1872 5565 2293 5636 perpetuitatem
2357 5567 2586 5635 indicat,
2646 5567 2714 5623 ad
2779 5566 3225 5623 Christianorum
3300 5567 3501 5623 tribum

2139 4642 2251 4708 ξεις
2290 4642 2467 4708 καλεῖ,
2492 4641 2560 4695 δι’
2583 4635 2660 4696 ὧν
2694 4642 3138 4713 ὲπιστημονικῶς
3188 4643 3338 4697 ῐθυνε
3395 4644 3486 4697 τὸν
3548 4642 3720 4695 λαὸν⁶

2138 4736 2247 4806 χρὴ
2281 4735 2339 4788 δὲ
2377 4736 2554 4788 εἰπεῖν
2584 4735 2666 4788 ὅτι
2720 4734 3008 4800 ἐξελέξατο
3048 4736 3150 4807 τὴν
3198 4731 3375 4807 ςρυλὴν
3415 4734 3588 4789 Ἰούδα
3640 4735 3727 4796 εἰς

2143 4825 2445 4895 βασιλείαν,
2507 4826 2597 4879 διὰ
2642 4826 2735 4880 τὸν
2780 4826 2842 4891 ἐξ
2892 4827 3064 4897 αὐτῆς
3116 4828 3402 4883 ἀνατεῖλαι
3461 4826 3727 4897 μέλλοντα

2137 4921 2182 4973 X
2194 4919 2398 4991 ριστὸν.
2428 4922 2539 4973 Καὶ
2558 4920 2732 4984 ἄλλως
2759 4920 2817 4974 δέ
2836 4935 2849 4950 ⁸
2893 4921 3069 4975 Ἰούδα
3100 4920 3203 4992 μὲν
3231 4923 3448 4993 νοήσεις
3472 4920 3565 4974 τὸν
3589 4921 3727 4989 Χρι-

2146 5013 2291 5074 στὸν,
2317 5012 2390 5075 ὡς
2420 5014 2486 5064 ὲκ
2520 5014 2620 5082 τῆς
2662 5012 2834 5067 Ἰούδα
2874 5013 3046 5082 φυλῆς
3083 5013 3501 5083 βλαστήσαντα·
3551 5009 3728 5081 φυλὴν

2142 5106 2199 5159 δὲ
2228 5104 2395 5157 αὐτοῦ
2424 5104 2485 5157 τὸ
2509 5104 2666 5173 γένος
2695 5106 2804 5157 τῶν
2855 5104 3220 5177 Χριστιανῶν,
3259 5099 3333 5159 ὧν
3378 5105 3497 5159 ἐστι
3541 5102 3729 5173 πατὴρ

2140 5196 2236 5249 καὶ
2290 5196 2609 5259 διδάσκαλος
2632 5213 2646 5227 ’
2682 5197 2876 5267 ἥντινα
2916 5199 3013 5250 καὶ
3063 5196 3428 5266 ὲθεμελίωσεν
3452 5198 3510 5249 ὲν
3553 5198 3619 5266 τῇ
3650 5198 3727 5268 γῇ

2144 5288 2292 5359 πάσῃ
2316 5289 2393 5350 εἰς
2424 5288 2515 5341 τὸν
2544 5287 2717 5341 αἰῶνα
2747 5304 2760 5317 ·
2788 5289 2984 5343 Πύλαι
3007 5289 3116 5360 γὰρ
3141 5288 3291 5356 ᾅδου
3339 5291 3412 5343 οὑ
3436 5288 3736 5355 κατισχύ-

2140 5394 2367 5433 σουσιν
2407 5379 2599 5449 αὐτῆς
2628 5396 2642 5410 ’
2669 5380 2745 5442 ὡς
2768 5380 3026 5449 λέγεσθαι
3060 5383 3140 5445 εἷς
3191 5381 3283 5435 τὸν
3314 5380 3487 5434 αἰῶνα
3518 5378 3731 5450 κυρίως

2141 5473 2236 5524 ἐπὶ
2264 5471 2493 5542 ταύτης.

3585 5563 3731 5621 refe-

536 5836 579 5867 “
614 5836 772 5892 Deut.
850 5857 1021 5910 xxxii,
1058 5845 1107 5900 9.
1197 5850 1239 5882 ⁷⁷
1274 5848 1291 5903 l
1328 5845 1459 5918 Reg.
1524 5863 1625 5915 νη,
1692 5845 1777 5916 1‘2,
1838 5846 1937 5913 l5;
1980 5843 2019 5900 il

2136 5859 2217 5913 eg.
2259 5858 2310 5910 ν,
2343 5842 2397 5911 5,
2428 5843 2479 5899 4.
2638 5839 2830 5897 Matth.
2875 5852 2989 5907 XVI,
3014 5836 3111 5917 ~18.
