4088 6418
368 407 482 474 8‘25

863 518 1111 587 Ψαλμύς
1142 517 1223 587 τῷ
1239 519 1456 592 Ἀσάφ.

932 612 1229 667 ΨΑΛΜΟΣ
1261 616 1393 669 OH'.

436 701 571 771 Περὶ
611 701 705 757 τοῦ
762 703 937 775 Ἀσάφ
982 704 1216 777 εἴρηται.
1272 707 1334 760 Ὃ
1385 707 1442 761 δὲ
1495 705 1688 777 παρὼν
1732 706 1949 778 ψαλμὸς

356 797 464 865 τὴν
503 796 780 866 Ἀντιόχου
819 794 915 850 τοῦ
960 797 1293 864 Ἐπιφανοῦς
1343 799 1485 852 κατὰ
1519 800 1628 853 τῶν
1674 799 1949 853 Ἰουδαίων

360 889 632 959 ἀπήνειαν
692 892 1105 958 προαναφωνεϊ·
1141 890 1541 960 σχηματισθεὶς
1593 892 1677 955 είς
1728 892 1949 961 πρόσω-

361 998 469 1033 πον
506 981 617 1033 τῶν
648 982 704 1033 ἐν
742 981 924 1045 αὐτοῖς
960 982 1081 1035 τότε
1112 983 1571 1055 θεοσεὸεστέρων.

442 1165 511 1218 '0
552 1164 717 1230 Θεὸς,
753 1147 1031 1234 ἤλθοσαν
1069 1165 1212 1233 ἔθνη
1248 1169 1334 1233 είς
1375 1166 1491 1236 τὴν
1534 1165 1949 1236 κληρονομίαν

357 1271 500 1308 σου.
591 1256 724 1323 Περὶ
792 1256 893 1326 τῆς
983 1256 1353 1328 κληρονομίας
1452 1260 1783 1329 προείρηται
1891 1261 1949 1311 ἐν

357 1349 441 1419 τῷ
475 1345 584 1415 πρὸ
640 1345 831 1399 τούτου
865 1345 1089 1418 ψαλμῷ.
1125 1346 1294 1417 Ἔθνη
1346 1348 1401 1399 δὲ
1433 1347 1585 1415 λέγει
1645 1345 1845 1409 αὐτούς
1890 1364 1951 1399 τε

360 1443 495 1502 τοὺς
533 1438 872 1501 Μακεδόνας,
926 1440 1023 1492 καὶ
1045 1439 1114 1493 τὰ
1149 1439 1355 1493 τούτων
1384 1440 1739 1510 συμμαχικὰ.
1770 1439 1843 1491 Τὸ
1872 1439 1948 1503 δὲ,

375 1534 441 1587 '0
473 1533 638 1599 Θεὸς,
667 1532 927 1604 κλητικόν
958 1534 1131 1588 ἐστιν.

448 1626 740 1694 ἘμΙαναν
762 1627 870 1679 τὸν
886 1626 1040 1679 ναὸν
1060 1626 1167 1679 τὸν
1192 1625 1365 1694 ἅγιόν
1398 1643 1540 1681 σου.
1575 1608 1711 1679 [lost
1739 1627 1955 1697 μιαροῖς

360 1717 556 1770 τοῦτον
595 1718 966 1786 πατήσαντες,
991 1719 1090 1772 καὶ
1120 1719 1337 1789 χοίρους
1368 1721 1487 1772 ἐκεῖ
1519 1719 1951 1783 καταθύσαντες,

360 1811 460 1863 καὶ
490 1809 687 1863 εἴδωλα
711 1812 806 1864 καὶ
837 1811 1185 1883 βδελύγματα
1210 1814 1626 1882 εἰσαγαγόντες,
1657 1811 1754 1865 καὶ
1779 1811 1955 1875 ἄλλως

361 1905 529 1959 κοινὼ
538 1921 751 1968 σαντες.

436 1998 690 2051 Ἐθεντο
736 1996 1160 2067 Ἰερουσαλὴμ,
1196 1998 1278 2061 ὡς
1316 1999 1841 2068 ὀπωροφυλὰκιον.
1875 2001 1951 2053 Τὸ

1544 412 1933 475 COMMENT.
1976 411 2057 472 IN
2086 410 2461 474 PSALMOS.

1976 523 2029 581 Δ

2538 518 2789 573 Psalmus
2822 517 2928 587 ipsi
2972 513 3173 582 Asaph.

2512 607 2838 664 PSALMUS
2871 604 3157 661 LXXVIII.

2126 707 2201 763 De
2226 706 2409 776 Asaph
2442 704 2706 773 superius
2740 701 2945 755 dictum
3005 704 3110 753 est.
3172 693 3231 750 In
3293 694 3396 749 hoc
3455 702 3638 747 autem

2051 796 2267 867 psalmo
2295 795 2504 852 saevitia
2560 793 2882 863 praedic-itur
2916 788 3201 854 Antiochi,
3231 786 3324 855 qui
3374 786 3640 840 adversus

2050 890 2365 944 Judaeorum
2383 894 2600 958 gentem
2637 883 3047 940 immitissimus
3084 879 3211 933 fuit.
3236 876 3637 933 Ell‘erriautcm

2052 983 2255 1037 dicitur
2284 997 2350 1035 ex
2385 994 2577 1034 eorum
2616 991 2856 1048 persona
2887 974 2979 1044 qui
3005 972 3059 1026 in
3084 969 3398 1025 Judteorum
3435 968 3639 1038 populo

2054 1071 2231 1140 magis
2259 1070 2333 1139 pii
2362 1078 2520 1125 erant
2550 1077 2606 1123 et
2637 1067 2810 1137 magis
2841 1063 3111 1134 religiosi.

2124 1163 2291 1219 Vens.
2361 1163 2410 1216 l.
2454 1161 2618 1225 Deus,
2657 1168 2906 1213 venerunt
2973 1169 3146 1227 gentes
3194 1157 3248 1210 in
3282 1152 3642 1208 hwreditatem

2056 1266 2224 1309 tuam.
2253 1253 2327 1309 De
2357 1254 2701 1318 hzereditate,
2740 1253 2793 1305 in
2821 1249 3095 1321 superiori
3139 1247 3352 1318 psalmo
3375 1245 3641 1298 diximus.

2058 1351 2163 1405 Per
2226 1356 2419 1418 gentes
2480 1354 2685 1411 autem,

2056 1456 2174 1495 rum
2227 1440 2513 1508 adjutores
2568 1436 2843 1505 intelligit.
2891 1432 3071 1487 Dictio
3124 1446 3278 1493 vero,
3328 1427 3490 1491 Deus,
3542 1439 3644 1478 vo-

2056 1534 2233 1588 cantis
2252 1545 2356 1587 est.

2132 1624 2454 1679 Polluerunl
2489 1622 2738 1686 templum
2767 1630 3015 1674 sanctum
3068 1626 3245 1670 tuum.
3282 1613 3347 1667 Et
3397 1609 3645 1681 profanis

2061 1717 2193 1772 illud
2232 1717 2465 1787 pedibus
2513 1715 2817 1778 calcantes,
2860 1723 2916 1766 et
2953 1724 3152 1781 porcos
3208 1705 3411 1760 ibidem
3449 1703 3647 1756 inuno-

2061 1811 2261 1873 lantes,
2288 1818 2344 1863 et
2376 1808 2518 1863 idola
2551 1808 2683 1862 illuc
2714 1805 3156 1866 introducentes,
3208 1807 3263 1855 et
3296 1796 3465 1851 variis
3510 1792 3645 1849 illud

1982 1908 2023 1962 Β
2057 1904 2235 1959 modis
2267 1902 2566 1957 lmdantes.

2130 1996 2294 2052 Vens.
2334 1997 2391 2051 Ξ.
2419 1995 2724 2051 Posuerunt
2755 1990 3078 2058 Jerusalem,
3129 1997 3187 2042 ut
3240 2000 3516 2058 pomorum
3550 1996 3648 2036 cu-

2768 1346 2922 1412 ipsos
2997 1339 3351 1399 Macedones,
3411 1343 3465 1389 ct
3514 1333 3642 1387 illo-
3744 1378 3751 1383 .

362 2090 823 2160 ὸπωροφυλάκιόν
850 2092 966 2143 ἐστι
1005 2091 1216 2159 καλύὸη
1241 2092 1298 2143 ὲν
1336 2086 1368 2167 ᾖ
1407 2092 1581 2161 μένων
1607 2110 1711 2155 τις,
1740 2092 1953 2160 φυλάσ-

2075 2091 2309 2146 :todiam.
2335 2088 2440 2144 Per
2473 2105 2759 2159 pomorum
2790 2085 3124 2147 custodiam,
3161 2081 3444 2151 tugurium
3474 2077 3650 2148 quod-

368 2198 457 2234 σει
476 2181 574 2243 τὰς
594 2181 952 2249 ἀκμαζούσας
977 2179 1222 2251 ὀπώρας.
1246 2182 1468 2234 Ἐθεντο
1491 2182 1687 2251 αὖτὴνὲ
1721 2182 1951 2251 ρείπιον,

2075 2186 2206 2239 )iam
2239 2184 2519 2252 intelligit,
2560 2185 2613 2237 in
2649 2198 2757 2254 quo
2787 2180 3018 2251 pomarii
3048 2184 3242 2232 custos
3274 2181 3654 2228 maturescen-

365 2273 555 2342 σχῆμα
596 2272 760 2342 μόνον
795 2272 998 2336 πόλεως
1029 2272 1279 2344 ἔχουσαν,
1313 2273 1388 2337 ὡς
1425 2275 1518 2328 καὶ
1548 2273 1608 2327 τὸ
1655 2275 1948 2347 ὀπωροφυο

2075 2290 2141 2330 es
2178 2276 2320 2329 solet
2356 2274 2568 2329 fructus
2622 2287 2653 2327 a
2701 2272 2917 2327 furibus
2974 2270 3291 2325 observare.
3348 2265 3654 2318 Posuerunt

363 2352 797 2428 va‘olxlas-
2060 2368 2264 2423 etenim
2304 2368 2481 2438 ipsam
2518 2365 2850 2431 Jerusalem,
2886 2363 3053 2420 veluti
3117 2361 3333 2416 ruinam
3360 2353 3653 2427 quamdam

362 2474 417 2519 et
470 2463 693 2527 rudera,
753 2463 990 2518 civitatis
1052 2472 1261 2518 tantum
1334 2463 1563 2531 ﬁguram
1624 2462 1943 2528 habentem,
1985 2464 2246 2519 exteriori
2300 2465 2536 2533 quadam
2570 2463 2775 2533 specie,
2810 2471 2993 2519 etnon
3035 2477 3094 2515 re
3161 2458 3319 2528 ipsa:
3386 2447 3655 2524 quemad'

366 2559 621 2621 modum,
663 2568 717 2614 et
749 2560 1026 2630 tugurium
1051 2559 1206 2625 illud,
1259 2561 1404 2629 quod
1464 2559 1638 2614 Grreci
1679 2561 1840 2615 unica
1867 2560 2111 2615 dictione
2145 2560 2601 2632 ὁπωροφυλάκιον
2624 2559 2815 2614 dicunt
2847 2617 2849 2620 ,
2882 2558 2958 2628 (ct
3016 2570 3119 2610 nos
3184 2551 3391 2606 Latinae
3452 2547 3654 2613 lingua:

365 2648 577 2717 inopia,
667 2663 957 2718 pomorum
1017 2647 1329 2703 custodiam
1391 2650 1756 2719 appellamus,
1841 2649 2041 2704 domus
2082 2649 2305 2718 quidem
2354 2650 2593 2719 speciem
2651 2645 2957 2718 praesel'ert,
3019 2641 3239 2697 tametsi
3297 2652 3427 2693 vere
3462 2636 3655 2687 domus

366 2759 480 2798 non
528 2750 634 2808 est,
693 2742 788 2797 sed
860 2742 1073 2812 casula,
1122 2753 1177 2800 et
1223 2744 1583 2815 tuguriolum,
1628 2759 1694 2800 ex
1754 2747 1945 2815 paucis
1986 2745 2313 2817 quibusdam
2362 2744 2639 2816 lapidibus
2729 2741 3088 2799 tumultuario
3154 2751 3320 2808 opere
3403 2739 3659 2788 constru-

368 2846 567 2893 ctum).

446 2853 518 2891 im
551 2875 567 2891 .

446 2837 697 2986 'Elisrto
734 2931 809 2985 τὰ
856 2932 1185 3001 θνησιμαῖα
1220 2929 1338 2986 τῶν
1363 2933 1602 2989 δούλων
1633 2952 1751 2990 σου
1795 2934 1960 3011 ,βρώ-

366 3036 532 3091 ηματα
581 3020 709 3086 τοῖς
764 3021 1061 3087 πετεινοῖς
1095 3022 1203 3075 τοῦ
1252 3024 1537 3090 οὐρανοῦ,
1575 3026 1683 3088 τὰς
1725 3024 1963 3093 σάρκας
2018 3044 2019 3047 η

372 3108 496 3161 τῶν
528 3109 717 3163 ὁσίων
741 3125 857 3163 σου
899 3111 1023 3176 τοῖς
1072 3111 1299 3180 θηρίοις
1337 3112 1450 3180 τῆς
1489 3113 1623 3183 τῆς.
1656 3114 1966 3185 Θνησιμαῖα

372 3202 449 3253 τὰ
482 3199 786 3271 τεθνηκότα
819 3200 1068 3272 σώματα.
1119 3203 1352 3267 Δούλους
1398 3204 1453 3257 δὲ
1485 3204 1621 3258 Θεοῦ
1653 3208 1749 3258 καὶ
1784 3207 1968 3269 ὁσίους

371 3296 505 3357 τοὺς
551 3295 945 3367 ἀναιρεθέντας
986 3294 1269 3367 ὀνομάζει,
1320 3297 1396 3361 ὼς
1437 3298 1830 3369 ἀφορισθέντος
1850 3299 1969 3369 Θεῷ

374 3388 549 3442 πάλαι
581 3389 741 3456 μόνου
771 3387 866 3441 τοῦ
902 3390 1097 3456 γένους
1134 3390 1355 3444 αὐτῶνθ
1392 3391 1493 3461 τὴν
1544 3390 1654 3460 γὰρ
1690 3408 1966 3463 προσηγο-

380 3480 518 3550 ρίαν
569 3474 737 3550 εἶχον,
778 3481 827 3532 εί
877 3480 973 3534 καὶ
1018 3481 1117 3553 τὴν
1178 3483 1378 3552 πρᾶξιν
1430 3484 1600 3551 αὐτῆς
1642 3484 1743 3537 οὐκ
1784 3479 1967 3555 εἶχον·

375 3570 526 3623 οὕτω
562 3574 670 3641 γὰρ
710 3573 802 3624 καὶ
848 3576 1137 3642 προφήτας
1171 3575 1301 3639 τοὺς
1344 3574 1796 3648 ψευδοπροφήτας
1837 3578 1970 3631 ἐκάο

377 3663 529 3718 λουν.
554 3663 663 3715 Καὶ
708 3663 737 3716 ὁ
792 3664 1118 3728 Ἀπόστολος
1150 3665 1304 3732 λέγει
1337 3667 1527 3735 ἁγίους
1581 3668 1706 3730 τοὺς
1739 3666 1806 3720 δι’
1841 3667 1973 3720 ἀσέ-

379 3754 544 3806 ϐειαν
576 3753 1097 3824 ἀποκεκλασμένους
1153 3756 1407 3821 κλάδους,
1474 3756 1612 3810 διότι
1648 3756 1805 3827 ῥίζης
1832 3755 1974 3828 ἦσαν

384 3846 553 3915 ἁγίας
580 3863 594 3878 ο
630 3845 809 3910 ἄλλως
842 3863 903 3899 τε
932 3846 988 3899 δὲ
1027 3848 1078 3899 οί
1127 3848 1482 3901 Μακκαὸαἶοι
1509 3850 1606 3901 καὶ
1647 3848 1799 3903 ἄλλοι
1833 3848 1976 3909 τινὲς

380 3941 491 3993 τῶν
563 3939 809 4005 δικαίων,
877 3940 1334 4013 συνανῃρέθησαν
1386 3941 1609 4002 αὐτοῖς’
1692 3942 1832 4011 ὅπερ
1916 3942 1977 3993 ἐν

380 4032 624 4087 ἁλώσεσι
676 4033 890 4085 πόλεων
940 4032 1152 4100 γίνεται
1210 4033 1492 4095 πολλάκις.
1534 4035 1672 4102 Φησὶ
1726 4033 1836 4104 γὰρ
1887 4033 1977 4085 διὰ

382 4120 482 4178 τοῦ
513 4124 806 4194 Ἐζεκιὴλὸ
823 4124 958 4188 Θεός
982 4141 996 4156 ·
1028 4124 1181 4202 ’16οὴ
1206 4124 1321 4195 ἐγὼ
1352 4128 1501 4193 πρὸς
1524 4125 1602 4179 σὲ
1626 4165 1641 4189 ,
1667 4128 1765 4178 καὶ
1802 4125 1987 4191 ἐκπεον

382 4215 552 4271 τὰσω
577 4218 641 4270 τὸ
673 4217 1033 4287 ἐγχειριδιόν
1057 4236 1177 4288 μου
1197 4219 1265 4272 ἐκ
1289 4218 1395 4271 τοῦ
1424 4218 1641 4271 κολεοῦ
1654 4217 1860 4278 αὑτοῦ,
1881 4217 1980 4271 καί

384 4309 631 4376 ἐκκόψω
676 4310 747 4363 ἐκ
785 4309 904 4364 σοῦ
935 4310 1168 4363 δίκαιον
1198 4310 1298 4363 καί
1341 4309 1558 4377 ἀσεϐῆ.
1612 4311 1723 4363 Καὶ
1785 4308 1975 4371 αὖθις·

386 4399 552 4454 Ἰδοὺ
575 4399 689 4470 ἐγὼ
732 4401 981 4455 (irarum
1024 4401 1095 4455 ἐν
1128 4401 1227 4455 σοι
1261 4400 1400 4469 πῦρ,
1432 4399 1533 4454 καὶ
1582 4398 1983 4468 καταφάγεται

384 4493 460 4544 ἐν
485 4493 582 4545 σοὶ
618 4490 743 4546 πᾶν
767 4492 960 4556 ξύλον
992 4492 1200 4560 ὑγρὸν,
1229 4493 1327 4546 καί
1377 4491 1501 4547 πᾶν
1541 4492 1739 4557 ξύλον
1769 4493 1979 4562 ξηρόν.

400 4583 619 4651 ’Υγροῦ
649 4584 751 4654 μὲν
781 4583 877 4637 τοῦ
914 4584 1126 4637 δικαίου
1159 4586 1455 4655 νοουμένου
1474 4628 1488 4648 ,
1518 4586 1609 4639 διὰ
1651 4586 1751 4657 τὴν
1781 4586 1985 4655 ἰκμάδα

2139 2932 2445 2987 Posuerunt
2478 2925 2762 2982 morticina
2806 2936 3076 2977 servorum
3122 2932 3343 2973 suorum
3374 2930 3523 2970 85608
3567 2929 3659 2967 υθ-

2070 3024 2302 3078 lucribus
2327 3020 2466 3081 caeli,
2503 3034 2689 3071 carnes
2719 3026 3025 3071 sanctorum
3062 3024 3269 3066 tuorum
3306 3009 3436 3076 {eris
3480 3016 3652 3060 terrae.

2070 3114 2176 3170 Per
2226 3112 2540 3175 morticina,
2581 3117 2799 3162 mortua
2834 3105 3071 3175 appellat
3108 3116 3365 3171 corpora,
3414 3098 3517 3152 hoc
3546 3104 3653 3159 est,

2075 3210 2192 3277 ipsa
2225 3204 2535 3259 cadavera:
2593 3216 2690 3271 per
2736 3213 2925 3255 servos
2975 3212 3125 3261 vero,
3177 3209 3240 3248 ac
3275 3201 3499 3249 sanctos
3537 3188 3654 3250 Dei,

2075 3316 2175 3357 eos
2208 3298 2487 3368 intelligit,
2527 3296 2620 3367 qui
2661 3311 2726 3350 ex
2774 3292 3088 3348 Judaeorum
3123 3296 3284 3360 gente
3315 3285 3486 3341 occisi
3534 3282 3657 3337 iue—

2076 3404 2221 3449 rant.
2259 3392 2495 3447 Sanclos
2526 3390 2672 3446 enim
2708 3388 2943 3457 appellat
2972 3384 3215 3447 Iudaeos,
3245 3396 3311 3435 eo
3344 3380 3488 3449 quo-l
3519 3391 3656 3446 gens

2075 3488 2166 3541 illa
2196 3501 2306 3556 prae
2338 3483 2554 3540 caeteris
2578 3482 2836 3536 omnibus
2872 3480 2980 3533 Deo
3008 3477 3191 3531 dicata
3223 3490 3286 3528 ac
3316 3469 3658 3540 sanctificata

2074 3590 2227 3648 erat;
2261 3588 2317 3635 et
2335 3592 2645 3649 quanquam
2674 3592 2705 3631 a
2741 3573 3102 3631 sanctiﬁcatis
3125 3567 3388 3639 operibus
3423 3563 3531 3632 iam
3568 3561 3659 3615 diu

2082 3674 2450 3735 abstinerent,
2516 3667 2831 3725 sanctitatis
2897 3675 3078 3719 tamen
3146 3655 3655 3715 denominationem

2076 3765 2411 3823 retinebant.
2438 3762 2552 3819 Hoc
2574 3768 2734 3833 pacto
2764 3758 3049 3826 Scriptura
3072 3753 3203 3809 alibi
3226 3767 3345 3817 eos,
3373 3748 3463 3819 qui
3497 3760 3665 3815 pseu-

2078 3856 2435 3927 doprophetze
2470 3864 2652 3919 erant,
2689 3850 2987 3923 prophetas
3038 3845 3358 3918 appellavit,
3394 3849 3448 3896 et
3476 3842 3661 3911 Apos-

2078 3952 2225 4006 tolus
2248 3954 2471 4004 sanctos
2496 3944 2861 4006 dixitramos,
2901 3940 2998 4011 qui
3035 3940 3105 3994 ob
3134 3935 3469 4005 impietatem
3509 3937 3669 3985 erant

2080 4040 2350 4097 confracti
2376 4040 2443 4104 ⁷³,
2500 4038 2629 4106 quia
2665 4035 2930 4089 nimirum
2966 4046 2994 4084 a
3032 4038 3224 4085 sancta
3269 4032 3425 4080 erant
3456 4020 3663 4076 radice.

2081 4133 2221 4190 Illud
2254 4139 2519 4200 praeterea
2541 4128 2649 4183 dici
2684 4131 2863 4197 potest
2901 4122 3045 4191 quod
3075 4117 3397 4179 Machabaei,
3431 4122 3485 4169 ct
3509 4128 3667 4167 com-

2080 4225 2265 4294 plures
2296 4221 2390 4275 alii
2420 4220 2720 4290 iustorum,
2753 4229 2879 4269 cum
2912 4213 2995 4268 eis
3024 4219 3156 4264 tunc
3185 4205 3358 4263 occisi
3402 4210 3551 4263 sunt,
3605 4208 3667 4254 ut

2084 4315 2138 4368 in
2164 4310 2451 4367 civitatum
2480 4305 2887 4375 direptionibus
2925 4299 3042 4355 ﬁeri
3074 4299 3240 4359 solet,
3270 4307 3411 4363 quos
3442 4297 3667 4343 sancto-

2085 4420 2205 4460 rum
2232 4402 2454 4457 nomine
2486 4398 2743 4469 appellat.
2770 4394 3028 4463 Legimus
3057 4389 3202 4446 enim
3239 4386 3380 4456 apud
3411 4380 3672 4439 Ezechie-

2086 4499 2189 4551 lem
2222 4496 2429 4550 dictum
2458 4509 2522 4546 ex
2550 4503 2785 4560 persona
2819 4484 3035 4541 Domini
3064 4501 3078 4538 :
3124 4480 3257 4534 Ecce
3290 4494 3383 4549 ego
3410 4474 3478 4529 ad
3512 4482 3583 4535 te,
3611 4478 3663 4525 et

2085 4586 2367 4641 extendam
2418 4583 2716 4655 gladiolum
2760 4594 2934 4633 meum
2964 4592 3028 4630 ex
3059 4575 3250 4641 vagina
3282 4587 3403 4635 sua,
3451 4576 3499 4621 et
3527 4563 3672 4619 exci-

387 4676 493 4746 τῆς
536 4677 769 4747 ἀρετῆς·
804 4676 993 4744 ξηροῦ
1029 4677 1088 4730 δὲ
1133 4677 1227 4732 τοῦ
1252 4679 1463 4747 ἀδίκου,
1501 4679 1592 4733 διὰ
1624 4655 1723 4751 τὴν
1760 4679 1972 4750 νέκρωο

2080 4679 2205 4732 dam
2230 4692 2296 4730 ex
2326 4687 2373 4731 te
2396 4675 2607 4745 justum
2657 4682 2707 4727 et
2740 4671 3002 4740 injustam
3032 4666 3100 4719 3°.
3134 4664 3199 4721 Et
3226 4675 3482 4718 rursum:
3539 4655 3673 4710 Ecce

390 4786 502 4831 σιν,
547 4769 672 4821 ὅσον
707 4768 788 4831 είς
824 4768 1092 4840 ἐργασίαν
1107 4771 1333 4841 ἀρετῆς.

2076 4788 2169 4841 ego
2193 4768 2487 4823 accendoiu
2511 4776 2559 4820 te
2580 4766 2773 4836 ignem,
2794 4773 2843 4815 et
2864 4757 3131 4814 devoraltit
3152 4757 3206 4811 in
3231 4766 3278 4809 te
3294 4769 3446 4808 omne
3471 4751 3675 4820 lignum

389 4863 689 4930 humidum,
713 4873 762 4917 et
782 4880 935 4919 omne
959 4866 1160 4934 lignum
1193 4866 1406 4920 aridum
1432 4867 1501 4922 εί.
1541 4867 1646 4923 Per
1682 4866 1958 4921 humidum
1999 4868 2228 4926 etenim,
2260 4866 2469 4935 justum
2519 4860 2821 4932 quemlibet
2846 4855 3127 4925 intelligit,
3153 4853 3225 4907 ob
3297 4849 3522 4906 virtutis
3587 4844 3675 4898 ni-

391 4959 567 5014 mium
620 4960 953 5026 humorem;
1002 4975 1098 5030 per
1138 4963 1350 5016 aridum
1388 4978 1517 5017 vero
1550 4962 1845 5033 injustuln,
1910 4961 1983 5016 ob
2024 4960 2369 5016 sterilitatem
2444 4956 2593 5011 illam
2657 4952 2913 5008 videlicet
2943 4959 3111 5020 atque
3135 4943 3676 5002 inl‘ructuositatem

394 5073 563 5129 quam
599 5058 897 5114 ostendunt
926 5059 980 5114 in
1008 5061 1271 5130 operibus
1301 5060 1594 5115 virtutum.

470 5152 762 5223 Ἐξέχεαν
829 5153 897 5207 τὸ
954 5150 1100 5223 αἷμα
1139 5153 1339 5209 αὐτῶν
1377 5154 1522 5210 ὡσεί
1566 5154 1724 5222 ὕδωρ
1778 5154 1989 5217 κύκλῳ

407 5243 828 5311 Ἰερουσαλὴμ,
865 5245 967 5298 καὶ
999 5246 1111 5299 οὐκ
1160 5241 1241 5316 ἦν
1266 5248 1299 5300 ό
1331 5246 1593 5300 θάπτων.
1618 5246 1775 5301 Οὕτω
1826 5247 1987 5309 πολὺ,

397 5335 478 5399 ὡς
505 5335 664 5400 δίκην
700 5334 895 5400 ὓδατος
925 5336 1191 5407 φέρεσθαι
1229 5340 1548 5409 κρουνηδὺν,
1581 5339 1614 5408 ἢ
1653 5338 1858 5408 μᾶλλον
1888 5354 1991 5391 πο-

405 5428 677 5497 ταμηδόν.
754 5429 1011 5499 Ἐξέχεαν
1066 5430 1123 5483 δὲ
1184 5430 1318 5487 αὐτὸ
1343 5430 1531 5499 κύκλῳ
1598 5427 1989 5499 Ἰερουσαλήμο

2157 5140 2320 5199 Vsus.
2336 5142 2392 5196 5.
2433 5137 2758 5209 Eﬁ‘uderunt
2774 5137 3084 5209 sanguinem
3103 5146 3283 5187 eorum
3302 5127 3456 5199 quasi
3478 5138 3676 5195 aquam

2085 5238 2142 5293 in
2163 5234 2390 5290 circuitu
2412 5230 2737 5297 Jerusalem,
2767 5232 2941 5300 etznon
2964 5236 3078 5281 erat
3104 5226 3193 5296 qui
3218 5221 3477 5290 sepeliret.
3535 5215 3680 5270 Tan-

2094 5341 2207 5383 tum
2230 5364 2247 5392 ,
2274 5326 2478 5395 inquit,
2505 5322 2794 5394 sanguinis
2821 5320 3137 5374 eﬂ'uderunt
3157 5358 3170 5380 ,
3205 5324 3265 5369 ut
3295 5312 3467 5365 instar
3496 5321 3675 5377 aqua,

2092 5438 2157 5477 ac
2186 5419 2376 5484 rivuli,
2433 5433 2528 5473 seu
2564 5416 2752 5488 potius
2782 5411 3023 5469 ﬂuminis
3055 5410 3110 5463 in
3143 5405 3365 5462 modum
3402 5403 3679 5457 dilabere-

400 5494 593 5589 κύκλιρ
622 5519 680 5573 δὲ
705 5517 801 5573 νῦν
828 5494 1023 5583 ἀτελῶς
1089 5520 1150 5574 τὸ
1184 5517 1464 5589 πανταχοῦ
1495 5494 1686 5588 δηλοῖ(
1718 5518 1820 5571 οὐκ
1846 5494 1972 5586 ἦνδῖ

2093 5528 2204 5571 tur.
2236 5513 2560 5569 Elfuderunt
2594 5520 2779 5565 autem
2806 5508 2961 5563 illum
2993 5503 3047 5556 in
3078 5498 3316 5556 circuitu
3345 5494 3680 5559 Jerusalem,

398 5614 432 5665 ὸ
462 5612 712 5677 θάπτων,
747 5611 860 5665 τῶν
897 5613 997 5684 μὲν
1039 5613 1374 5685 φευγόντων,
1415 5612 1523 5665 τῶν
1568 5610 1624 5664 δὲ
1654 5610 1999 5683 αἰχμαλωτι-

404 5706 641 5761 σθέντων
656 5758 659 5761 η

2097 5622 2198 5679 pro
2233 5606 2432 5675 ubique
2482 5618 2579 5674 per
2629 5612 2797 5658 totam
2836 5594 3175 5662 Jerusalem;
3215 5600 3269 5648 et
3311 5605 3420 5645 non
3445 5597 3561 5644 erat
3585 5587 3682 5679 qui

2106 5698 2401 5768 sepeliret,
2437 5698 2558 5754 aliis
2582 5695 2844 5753 nimirum
2874 5687 3236 5764 fugientibus,
3269 5683 3392 5741 aliis
3417 5682 3471 5738 in
3501 5678 3681 5751 capti-

2100 5792 2323 5846 vitatem
2370 5790 2525 5847 aclis.

490 5908 535 5999 ξ’
564 5906 745 5981 ltum.
778 5907 931 5981 n,l6
966 5922 1122 5979 seqq.
1178 5980 1181 5983 Α
1212 5908 1261 5943 ⁸⁸
1286 5904 1490 5967 Ezecb.
1522 5920 1634 5974 ιιι,
1668 5906 1724 5965 5.
1757 5992 1771 5999 1
1811 5905 1853 5943 ⁸⁸
1882 5900 1972 5966 Em

2075 5948 2084 5964 .
2116 5922 2208 5977 xx,
2248 5906 2338 5962 47.
