4088 6418
313 383 423 444 8‘29
1481 388 1869 450 COMMENT.
1916 378 1996 448 IN
2037 387 2404 450 PSAIMOS.
3472 380 3583 443 830

310 496 527 548 ἕνεκεν
576 493 684 547 τοῦ
727 494 1020 563 ὀνόματός
1071 509 1211 549 σου.
1257 496 1319 550 Ei
1339 497 1431 550 καὶ
1460 498 1674 563 ἀνάξιοι
1709 498 1889 559 ὲλέους

1999 506 2167 553 tuum.
2200 499 2441 555 Tametsi
2469 512 2569 554 nos
2596 497 2807 571 indigni
2841 513 3035 554 sumus
3060 494 3438 551 misericordia
3462 506 3576 557 tua,

312 588 509 656 ἡμεῖς,
543 584 684 638 ἀλλά
708 602 773 653 γε
822 584 982 657 ῥῦσαι
1025 587 1199 657 ἡμᾶς,
1236 587 1325 642 ἵνα
1358 586 1434 659 μὴ
1455 589 1617 660 ἀδοξῇ
1643 592 1703 642 τὸ
1727 589 1889 658 ὄνομά

2004 600 2061 644 ιιι
2102 601 2288 645 tamen
2325 606 2511 660 quaeso
2541 592 2692 662 eripe
2720 607 2847 656 nos,
2890 607 2956 645 ne
2992 589 3292 659 inglorium
3325 589 3397 643 sit
3428 588 3578 657 apud

312 696 416 732 σου
458 681 518 732 ὲν
549 679 664 740 τοῖς
701 677 936 742 ἔθνεσιν,
969 678 1394 749 ὀνειδιζόμενον,
1419 682 1495 742 ὡς
1528 681 1773 743 ἀσθενὲς,
1804 680 1889 733 καλ

2003 689 2193 749 gentes
2225 696 2421 735 nomen
2453 689 2632 746 tuum,
2664 696 2802 736 neve
2824 684 3197 750 exprobretur
3217 679 3287 733 ab
3312 678 3393 733 eis
3421 678 3580 747 quasi

310 771 392 834 ὡς
417 770 495 839 μὴ
516 770 821 839 δυνάμενον
850 770 1132 837 ἐξελέσθαι
1160 772 1253 826 τὸν
1282 774 1483 826 οἰκεῖον
1512 773 1661 829 λαόν.
1699 772 1898 825 Παλιλο

312 864 480 930 λογια
510 863 568 916 δὲ
600 862 695 915 νῦν
723 864 752 915 ὁ
778 862 1035 934 δεύτερος
1060 864 1240 935 στίχος
1260 881 1275 897 ο
1311 866 1477 919 ταύτὸ
1504 868 1614 937 γὰρ
1634 867 1717 933 τὸ,
1763 866 1901 921 Ῥῦ-

314 968 447 1018 σαι,
485 952 583 1022 τῷ,
623 951 971 1023 Ἰλὰσθητιο
1014 956 1261 1020 ἷλεωθεὶς
1288 957 1397 1028 γὰρ
1433 958 1645 1029 ῥύεται.

385 1211 635 1275 Μήποτε
658 1210 871 1264 εἴπωσι
904 1211 976 1265 τὰ
1017 1214 1161 1281 ἔθνη
1183 1229 1197 1243 ’
1236 1214 1358 1268 Ποῦ
1379 1214 1551 1268 ἐστιν
1575 1217 1608 1268 ό
1627 1216 1770 1281 Θεὸς
1790 1218 1897 1271 αὺ-

312 1300 437 1354 τῶν
456 1319 477 1366 ;
501 1301 674 1354 Τοῦτο
706 1302 887 1373 δῆλον.

371 1393 483 1447 Καὶ
510 1394 835 1461 γνωσθήτω
885 1394 955 1450 ἐν
994 1397 1119 1462 τοῖς
1158 1398 1404 1453 ἔθνεσιν
1475 1399 1731 1455 ἐνώπιον
1778 1400 1898 1454 τῶν

313 1483 642 1552 ὀφθαλμῶν
663 1485 832 1554 ἡμῶν
849 1488 886 1554 ἡ
904 1487 1219 1555 ἐκδίκησις
1235 1490 1341 1543 τοῦ
1358 1492 1608 1561 αἵματος
1629 1491 1747 1546 τῶν
1760 1493 1899 1547 δού-

311 1578 443 1627 ,ζων
466 1591 584 1629 σου
600 1576 702 1630 τοῦ
730 1577 1164 1648 ἐκκεχυμένον.
1200 1581 1287 1634 Ἐν
1312 1584 1425 1646 τοῖς
1455 1583 1639 1647 ἄλλοις
1657 1583 1892 1651 ἔθνεσιν,

312 1666 395 1718 ἔτι
422 1664 647 1729 ζώντων
677 1667 865 1737 ἡμῶν.

393 1758 738 1811 Εἱσελθέτω
787 1757 1047 1814 ἐνώπιόν
1076 1776 1194 1816 σου
1219 1764 1251 1817 d
1277 1767 1613 1834 στεναγμὸς
1648 1764 1767 1819 τῶν
1791 1781 1896 1819 πε-

309 1850 688 1919 πεδημένων.
713 1852 835 1905 Τῶν
868 1856 946 1917 εἰς
979 1855 1367 1926 αἰχμαλωσίαν
1394 1859 1786 1928 ἀπαγομένων.

322 1968 337 1973 ·
378 1946 546 2000 Κατὰ
604 1946 720 2013 τὴν
770 1950 1202 2017 μεγαλοσύνην
1255 1952 1362 2007 τοῦ
1410 1954 1743 2022 ,βραχίονός
1775 1968 1893 2009 σου

307 2039 701 2106 περιποίησαι
729 2039 868 2106 τοὺς
898 2040 1064 2109 υἱοὺς
1091 2041 1210 2097 τῶν
1227 2045 1742 2115 τεθανατωμένων.
1767 2047 1894 2101 Διά-

309 2147 492 2183 σωσον
538 2131 607 2186 τὰ
661 2131 953 2205 διαδράντα
999 2134 1164 2190 τέκνα
1203 2136 1314 2191 τῶν
1374 2138 1795 2208 ἀναιρεθέντων,
1856 2140 1888 2211 ἢ

308 2224 408 2277 καὶ
474 2223 543 2276 τὰ
599 2226 681 2287 εἰς
711 2224 959 2280 δουλείαν
1022 2227 1319 2298 ληφθέντα.
1354 2230 1630 2302 Βραχίονα
1650 2233 1707 2286 δὲ
1738 2234 1889 2302 λέγει

304 2316 408 2386 τὴν
436 2316 615 2385 ἰσχύν.

393 2408 640 2473 Ἀπόδος
673 2408 798 2475 τοῖς
841 2410 1109 2477 γείτοσιν
1150 2415 1321 2484 ἡμῶν
1347 2416 1770 2472 ἐπταπλάσιον
1800 2420 1890 2483 εις

302 2502 416 2555 τεῖν
447 2502 679 2555 κόλπον
729 2502 948 2569 αὐτῶν,
1017 2506 1129 2561 τὸν
1162 2509 1513 2579 ὀνειδισμὸν
1551 2509 1773 2575 αὐτῶν,
1815 2510 1889 2565 ὃν

300 2592 635 2647 άη·είδισάν
708 2611 824 2661 σε,
876 2598 1072 2663 Κύριε.
1133 2600 1538 2657 Ἐπταπλάσιον
1604 2603 1667 2656 τὸ
1724 2605 1889 2659 πολυ-

304 2686 542 2739 πλάσιον
578 2688 609 2757 ἡ
669 2688 931 2760 Ἐϐραῖκὴ
966 2693 1152 2763 γραφὴ
1190 2694 1363 2747 καλείι
1398 2694 1589 2765 ὥσπερ
1616 2697 1714 2751 καὶ
1746 2696 1888 2749 ἑπτὰ

301 2778 373 2830 τὰ
412 2779 606 2832 πολλὰ.
646 2780 984 2851 Ὀνειδισμὸν
1041 2785 1098 2838 δὲ
1139 2785 1289 2855 λέγει
1354 2787 1452 2859 τὴν
1510 2788 1884 2855 ἐξουδένωσιν.

302 2873 413 2936 Εἷς
444 2871 553 2924 τὸν
580 2872 814 2928 κόλπον
843 2875 899 2928 δὲ
923 2876 1143 2945 αὐτῶν,
1176 2879 1299 2933 ἀντὶ
1325 2881 1442 2947 τοῦ,
1479 2881 1882 2953 Περιφόρητον,

298 2963 708 3036 ἀναπόϐλητον.

2001 771 2280 826 inﬁrmum
2314 772 2408 839 sit,
2444 782 2497 827 et
2526 774 2685 842 quasi
2735 787 2980 842 nequeas
3031 772 3290 841 populum
3324 776 3479 822 tuum
3515 770 3584 822 li-

2001 862 2215 916 berare.
2250 861 2540 917 Secundus
2576 871 2758 916 autem
2786 861 3095 915 versiculus
3125 859 3412 922 repetitam
3438 872 3575 911 cou-

2000 955 2137 1009 tinet
2209 956 2565 1011 sententiam.
2617 956 2764 1009 Idem
2812 954 2959 1008 enim
3010 960 3092 1007 est
3151 951 3369 1015 Libera,
3403 951 3574 1019 quod,

2003 1044 2269 1111 Propitius
2295 1053 2427 1100 esto.
2466 1044 2600 1097 Nam
2646 1045 2741 1112 qui
2774 1044 2843 1098 ad
2880 1043 3263 1099 liberationem
3296 1050 3383 1097 est
3414 1055 3576 1110 para-

2001 1147 2110 1198 tus,
2145 1136 2190 1190 is
2219 1136 2384 1189 etiam
2415 1146 2499 1190 est
2529 1135 2827 1205 propitius.

2071 1226 2232 1280 Vens.
2277 1226 2363 1291 i0,
2407 1229 2490 1281 il.
2538 1227 2836 1297 Nequamlo
2890 1225 3069 1279 dicant
3119 1240 3295 1294 gemes
3332 1241 3349 1279 :
3380 1225 3471 1280 Ubi
3499 1234 3577 1278 est

1999 1316 2139 1372 Deus
2172 1320 2394 1372 eorum?
2432 1317 2543 1373 Hoc
2581 1334 2679 1388 per
2708 1335 2766 1371 se
2800 1320 3012 1372 clarum
3047 1325 3157 1373 est.

2075 1408 2142 1460 Et
2187 1418 2537 1478 cognoscatur
2572 1410 2628 1463 in
2674 1410 2914 1479 gentibus
2968 1424 3145 1461 coram
3185 1406 3351 1460 oculis
3397 1421 3578 1459 eorum

2000 1500 2134 1552 ultio
2183 1502 2459 1569 sanguinis
2497 1517 2767 1554 servorum
2818 1509 3051 1563 tuarum,
3089 1498 3179 1567 qui
3226 1499 3428 1565 effusus
3477 1505 3576 1550 est.

2000 1588 2073 1644 Ut
2099 1590 2154 1645 in
2182 1591 2307 1645 aliis
2336 1593 2594 1657 gentibus
2631 1592 2735 1646 hoc
2774 1600 3163 1661 cognoscatur,
3198 1598 3255 1643 et
3286 1590 3446 1643 nobis
3475 1588 3579 1642 ad-

1999 1682 2111 1738 huc
2139 1684 2556 1753 superstitibus.

2068 1772 2239 1827 Intret
2300 1774 2352 1826 in
2407 1782 2689 1841 conspectu
2721 1783 2811 1826 tuo
2861 1773 3081 1841 gemitus
3127 1772 3565 1841 compeditorum.

1927 1835 1966 1889 Β
1999 1862 2200 1918 Eorum
2238 1864 2450 1919 scilicet
2478 1835 2570 1931 qui
2605 1865 2660 1918 in
2693 1835 3071 1934 captivitatem
3109 1866 3214 1919 acti
3241 1835 3392 1919 sunt.

2066 1954 2364 2009 Secundum
2402 1956 2825 2025 magnitudinem
2877 1957 3079 2009 brachii
3124 1956 3203 2009 tui
3238 1973 3383 2010 terra
3430 1956 3573 2024 ﬁlios

1994 2043 2458 2112 interemptorum.
2498 2046 2686 2108 Salva,
2721 2047 2923 2115 inquit,
2958 2046 3272 2100 occisorum
3298 2046 3459 2104 ﬁlios.
3481 2045 3577 2113 qui

1994 2135 2195 2191 caedem
2227 2136 2560 2208 cﬂ'ugeruut,
2593 2139 2678 2192 vel
2712 2139 2862 2193 salva
2887 2155 3006 2205 eos,
3036 2139 3130 2207 qui
3163 2139 3217 2191 in
3248 2139 3573 2193 servitutem

1991 2230 2145 2287 ducti
2180 2240 2331 2285 sunt.
2363 2229 2468 2285 Per
2517 2231 2802 2285 brachium
2856 2246 3006 2296 vero,
3058 2231 3437 2287 fortitudinem
3507 2247 3575 2288 ac

1990 2323 2293 2394 potentiam
2330 2322 2612 2391 intelligit.

2070 2414 2233 2470 Vens.
2264 2416 2347 2469 l2.
2378 2414 2555 2469 Redde
2584 2416 2768 2469 vicinis
2800 2415 2996 2468 nostris
3026 2416 3342 2485 septuplum,
3369 2417 3421 2469 in
3453 2416 3574 2469 sinu

1988 2524 2190 2574 eorum,
2227 2507 2560 2577 opprobrium
2603 2524 2777 2571 suum,
2809 2510 2947 2578 quod
2987 2509 3401 2577 exprobarerunt
3449 2507 3565 2571 tibi,

1989 2601 2232 2655 Domine.
2267 2600 2588 2670 Septuplum
2640 2599 2991 2655 Hebraeorum
3037 2617 3189 2655 more
3243 2600 3421 2668 posuit
3471 2614 3574 2669 pro

1989 2691 2296 2762 Multiplici,
2328 2692 2788 2762 quemadmodum
2823 2701 2876 2746 et
2907 2690 3124 2759 Septem
3173 2706 3413 2759 perszepe
3444 2690 3573 2758 poni

1989 2784 2237 2839 videmus
2282 2798 2381 2853 pro
2428 2782 2635 2837 Multis.
2687 2782 2792 2837 Per
2851 2783 3204 2852 opprobrium
3256 2796 3386 2836 vero
3440 2796 3574 2835 con-

1990 2884 2256 2945 temptum
2319 2876 2588 2946 intelligit.
2649 2875 2704 2928 In
2760 2876 2884 2929 sinu
2943 2876 3106 2929 etiam
3172 2890 3360 2929 eorum
3423 2872 3575 2926 reddi

1988 2976 2142 3039 optat
2188 2967 2477 3037 supplicia,
2531 2967 2656 3036 quia
2707 2967 2851 3037 quod
2900 2968 2951 3020 in
2997 2969 3121 3021 sinu
3167 2975 3271 3029 est,
3318 2964 3386 3019 de
3426 2961 3573 3017 l‘acili

1988 3077 2095 3115 non
2126 3060 2393 3127 rejicitur,
2426 3067 2479 3113 et
2507 3074 2724 3128 semper
2755 3057 3163 3113 circumfertur.

388 3146 587 3217 Ἡμεῖς
617 3147 685 3201 δὲ
717 3152 867 3218 λαός
893 3167 1031 3218 σου,
1075 3155 1174 3209 καὶ
1211 3158 1474 3225 πρόϐατα
1509 3158 1703 3228 νομῆς
1741 3175 1878 3213 σου.

2058 3154 2221 3208 Vens.
2265 3152 2354 3206 i5.
2390 3149 2505 3203 Nos
2536 3160 2711 3204 autem
2750 3150 2976 3218 populus
3028 3159 3172 3214 tuus,
3203 3156 3253 3201 et
3301 3160 3419 3200 oves
3466 3161 3569 3213 pa-

300 3239 366 3292 Εἰ
392 3239 490 3293 καὶ
543 3240 921 3315 ἐπταίσαμεν
951 3246 1063 3317 (9‘2)
1097 3249 1239 3317 νομὴ
1270 3248 1327 3301 δὲ
1366 3248 1502 3303 Θεοῦ
1568 3250 1625 3304 αἱ
1668 3249 1887 3303 ἐντολαὶ

299 3332 499 3389 αὐτοῦ.

388 3522 1023 3593 ’Λνοομολογησόμεθά
1049 3540 1169 3590 σοι,
1196 3528 1229 3579 d
1253 3527 1418 3593 Θεὸς,
1446 3528 1533 3593 εὶς
1551 3526 1657 3581 τὸν
1675 3528 1883 3584 αἰῶνα.

294 3612 364 3664 ΕΞ
398 3613 494 3664 καὶ
522 3612 857 3676 ὲπακούσεις
877 3616 1037 3683 ἡμῖν,
1070 3615 1193 3668 ἀντὶ
1218 3616 1317 3685 τῆς
1344 3616 1621 3686 σωτηρίας
1652 3617 1883 3685 ταύτης,

297 3702 776 3772 εὐχαριστήσομέν
795 3721 876 3756 σοι
903 3704 1009 3757 ἀει.
1034 3703 1101 3758 Ἦ
1124 3706 1332 3771 ἁπλῶς,
1362 3708 1877 3781 Εὑχαριστήσομεν,

299 3794 732 3865 περιττευοὼης
760 3797 861 3867 τῆς
888 3796 1026 3851 ἀντι
1046 3798 1377 3867 προθέσεως.

375 3891 482 3953 Εἷς
547 3890 764 3954 γενεὰν
821 3889 920 3943 καὶ
993 3892 1209 3960 γενεὰν
1264 3894 1711 3965 ἐξαγγελοῦμεν
1770 3896 1887 3961 τὴν

298 3980 549 4033 ηἷνεσίν
569 3994 710 4035 σου.
754 3980 849 4043 Εἰς
910 3982 1091 4035 πᾶσαν
1153 3986 1370 4051 γενεάν.
1421 3986 1640 4040 Δῐνεσιν
1669 3987 1749 4049 δὲ,
1786 3987 1886 4057 τὴν

299 4074 395 4125 ἐπὶ
428 4075 556 4133 ταῖς
591 4073 937 4144 εὐεργεσίαις
1002 4076 1099 4128 καὶ⁵
1140 4077 1511 4147 ἀντιλήψεων.
1574 4078 1713 4131 nux
1743 4076 1886 4131 οὕτω

302 4168 408 4231 μὲν
433 4166 560 4220 καθ’
594 4167 842 4236 ἱστορίαν
890 4168 920 4220 ὁ
962 4168 1179 4238 ψαλμὸς
1207 4172 1575 4241 ἡρμήνευται.
1632 4174 1885 4241 Ἦρμοσε

299 4258 356 4310 δὲ
392 4259 492 4311 καὶ
519 4261 635 4322 τοῖς
656 4260 1009 4331 διωκομένοις
1037 4263 1143 4316 ὑπὸ
1176 4265 1460 4334 τυράννων
1504 4267 1881 4337 Χριστιανοῖς,

298 4349 387 4414 ἐφ’
420 4340 495 4400 ὧν
554 4348 682 4419 ἔθνη
720 4349 821 4419 μὲν
863 4352 913 4403 oi
947 4350 1226 4422 τύραννοι,
1260 4355 1355 4407 καὶ
1392 4355 1578 4419 ἁπλῶς
1603 4361 1800 4419 πάντες
1833 4360 1885 4411 οἱ

299 4439 674 4509 πολεμοῦντες
711 4443 1065 4511 Χριστιανοῖς
1097 4459 1112 4475 ο
1151 4444 1480 4516 κληρονόμοι
1531 4447 1587 4502 δὲ
1620 4448 1712 4502 τοῦ
1744 4449 1885 4518 Χρι-

1989 3260 2131 3300 seua:
2175 3255 2298 3298 tute.
2329 3241 2568 3295 Tametsi
2611 3242 3021 3308 peccaverimus
3065 3239 3164 3310 (tui
3209 3248 3388 3293 tamen
3422 3251 3571 3289 sem-

1991 3353 2086 3408 per
2118 3335 2349 3402 sumus),
2390 3334 2573 3389 divina
2624 3343 2805 3387 autem
2853 3332 3107 3386 mandata
3160 3327 3576 3385 abundantissi-

1956 3482 1959 3483 ν
1988 3444 2138 3483 mum
2170 3428 2413 3497 praebent
2440 3424 2721 3495 pabulum.

2059 3520 2441 3588 Con/itebimur
2476 3518 2594 3583 tibi,
2629 3517 2791 3582 Deus,
2821 3517 2876 3569 in
2906 3513 3253 3570 sa’culum.Si
3278 3528 3377 3568 nos
3407 3528 3575 3569 exau-

1987 3612 2187 3676 dieris,
2227 3613 2431 3682 gratias
2482 3611 2578 3665 tibi
2618 3624 2834 3679 semper
2877 3622 2976 3677 pro
3011 3614 3307 3661 consecuta
3340 3620 3568 3675 agemus

1987 3706 2185 3761 salute.
2250 3703 2343 3760 Vel
2394 3703 2716 3774 simpliciter
2790 3717 2849 3757 se
2896 3712 3116 3757 acturos
3155 3701 3362 3771 gratias
3415 3699 3576 3769 polli-

1989 3809 2206 3854 εεηιιιτ.

2066 3890 2133 3944 1η
2168 3892 2557 3961 generationem
2594 3899 2643 3943 et
2690 3889 3079 3959 generationem
3137 3883 3573 3941 annuntiabimus

1991 3984 2205 4037 laudem
2256 3999 2423 4036 tuam.
2487 3981 2545 4035 In
2613 3996 2838 4044 omnes,
2899 3979 3109 4048 inquit,
3170 3979 3573 4047 generationes,

1988 4076 2179 4131 laudes
2230 4086 2351 4129 tuas
2410 4073 2884 4132 annuntiabimus,
2946 4070 3053 4125 hoc
3086 4078 3171 4124 est
3225 4068 3573 4123 laudationes

1990 4170 2132 4232 illas,
2162 4170 2303 4237 ique:
2355 4181 2454 4236 pro
2510 4166 2678 4219 tantis
2730 4163 3008 4217 beneﬂciis
3062 4161 3160 4215 tibi
3191 4161 3475 4215 debentur.
3508 4159 3575 4212 Et

1991 4261 2096 4315 hoc
2122 4271 2280 4328 pacto
2310 4258 2526 4328 quidem
2583 4256 2671 4310 hic
2717 4254 2962 4324 psalmus
2998 4252 3101 4307 fuit
3134 4253 3292 4322 juxta
3331 4250 3574 4305 historia:

1989 4368 2212 4407 sensum
2268 4350 2574 4419 expositus.
2625 4345 3045 4401 Accommodari
3095 4354 3279 4398 tamen
3342 4352 3573 4413 possunt

1988 4443 2279 4513 praesentis
2308 4439 2502 4510 psalmi
2542 4438 2710 4493 verba
2762 4436 2967 4491 sanctis
3010 4436 3260 4491 ﬁdelibus
3297 4434 3573 4489 Christia-

299 4531 435 4584 στοῦ
479 4532 531 4585 οἱ
561 4532 883 4600 Χριστιανοί
905 4551 917 4564 ·
957 4533 1033 4597 ὡς
1064 4536 1124 4587 ὲν
1166 4534 1246 4606 τῷ
1281 4535 1483 4607 πρώτῳ
1513 4538 1716 4608 ψαλμῷ
1752 4559 1886 4610 προ-

1990 4537 2096 4592 nis.
2149 4535 2242 4605 qui
2300 4549 2330 4587 a
2387 4531 2637 4603 tyrannis
2680 4529 3117 4599 persecutionem
3177 4528 3323 4597 passi
3375 4535 3506 4581 sunt
3553 4542 3569 4581 :

298 4624 563 4692 εέρηταιο
621 4623 757 4688 ναὸς
816 4624 875 4677 δὲ
930 4624 1098 4678 αὐτοῦ
1153 4628 1181 4679 ὁ
1214 4628 1358 4681 κατὰ
1403 4632 1569 4684 τόπον
1616 4631 1881 4686 ἕκαστον·

307 4714 675 4786 Ἰερουσαλὴμ
704 4717 784 4783 δὲ,
812 4718 964 4770 πᾶσα
986 4717 1141 4781 πόλις
1160 4720 1512 4789 Χριστιανῶν
1540 4738 1553 4751 ·
1584 4723 1884 4795 θνησιμαῖα

293 4808 353 4860 δὲ
380 4808 452 4859 τὰ
477 4806 707 4877 σώματα
724 4808 833 4861 τῶν
854 4807 1171 4879 μαρτύρων,
1196 4810 1289 4862 καὶ
1323 4810 1393 4864 τὰ
1419 4812 1547 4883 ἑξῆς
1578 4814 1881 4883 ἀναλόγως·

310 4897 511 4953 Ἰακὼὸ
544 4899 600 4952 δὲ
648 4900 698 4952 οἱ
718 4901 1061 4969 Χριστιανοὶ,
1088 4902 1164 4966 ὡς
1200 4902 1459 4967 πολλάκις
1486 4905 1697 4975 ἔφαμεν
1721 4922 1737 4938 ·
1771 4907 1886 4975 γεί-

291 4991 525 5055 τονεςδὲ
551 4992 711 5061 ἡμῶν
735 4993 786 5045 οἱ
815 4991 1084 5061 Ἑϐραῖοι,
1102 4994 1178 5058 ὡς
1196 4996 1297 5064 τῆς
1319 4997 1543 5067 Γραφῆς
1576 4998 1757 5052 αὐτῶν
1787 4999 1882 5053 καὶ

290 5088 325 5153 ἡ
336 5087 434 5155 μῖν
457 5084 827 5154 ὑποκειμένης
847 5086 926 5146 εὶς
953 5087 1145 5156 νομὴν,
1164 5088 1261 5140 καὶ
1276 5087 1352 5149 ὡς
1367 5088 1567 5157 μᾶλλον
1581 5089 1691 5142 τῶν
1713 5090 1883 5144 ἐθνῶν

291 5178 410 5231 τῶν
432 5176 613 5230 ἄλλων
639 5178 772 5247 ἡμῖν
806 5179 884 5240 εἰς
932 5178 1117 5231 πίστιν
1144 5178 1485 5247 ἐγγίζοντεςο
1519 5181 1655 5235 ἀλλά
1681 5184 1776 5235 καὶ
1805 5184 1885 5235 αἱ·

295 5270 534 5340 ρετικοὶ,
570 5268 647 5332 ὡς
702 5270 1011 5338 ἐγγίζοντες
1051 5270 1185 5339 ἡμῖν
1228 5269 1307 5340 τῷ
1344 5271 1550 5326 πλείονι
1584 5274 1743 5343 μέρει
1772 5273 1881 5326 τῶν

287 5363 610 5431 δογμάτων.
670 5360 1072 5427 Ἐξουδένωσαν
1123 5361 1179 5415 δὲ
1202 5362 1295 5414 τὸν
1324 5363 1582 5432 Χριστὸν,
1624 5365 1739 5417 ὅσοι
1770 5364 1879 5418 τῶν

284 5455 599 5523 αἱρετικῶν
644 5453 677 5524 ἢ
733 5453 879 5507 κατὰ
908 5451 1010 5522 τῆς
1035 5452 1292 5520 θεότητος
1324 5455 1492 5508 αὐτοῦ
1518 5455 1880 5525 ὲόλασφήμηο

285 5563 417 5609 σαν,
481 5544 557 5608 ὡς
605 5546 633 5597 ό
694 5544 982 5607 Σαὸέλλιος
1023 5545 1119 5597 καὶ
1159 5546 1187 5596 ὁ
1223 5546 1441 5616 ’Δρειος
1471 5562 1486 5577 ο
1528 5545 1561 5614 ἢ
1596 5546 1738 5599 κατὰ
1778 5547 1881 5616 τῆς

1980 4627 2137 4697 juxta
2179 4640 2338 4693 quem
2365 4639 2587 4679 sensum
2612 4639 2709 4694 per
2735 4632 2945 4694 gentes,
2981 4633 3244 4695 tyrannos
3276 4622 3572 4690 intelliges,

1987 4732 2042 4775 et
2076 4720 2213 4773 alios
2242 4733 2434 4773 omnes
2463 4716 2764 4772 Christiani
2818 4717 3062 4771 nominis
3107 4716 3292 4770 hostes
3327 4730 3340 4766 :
3388 4722 3443 4769 et
3472 4729 3573 4783 per

1988 4812 2189 4867 Christi
2240 4811 2502 4873 lneredes,
2540 4808 2687 4878 ipsos
2734 4807 2943 4875 ﬁdeles,
2990 4806 3457 4877 quemadmodum
3511 4806 3572 4860 in

1989 4905 2167 4975 primo
2198 4903 2410 4973 psalmo
2440 4902 2841 4957 declaravimus
2874 4917 2889 4955 :
2923 4908 2978 4954 et
3025 4915 3119 4968 per
3151 4899 3413 4969 templum
3450 4896 3568 4962 Dei,

1988 4999 2418 5067 unumquodque
2448 4996 2707 5065 templum
2762 4995 2870 5051 Deo
2920 4995 3181 5050 dicatum.
3216 4994 3317 5049 Per
3342 4991 3570 5047 Jerusa-

1988 5090 2093 5143 lem
2122 5090 2310 5151 etiam,
2352 5088 2527 5157 ipsam
2560 5086 3001 5141 Christianorum
3033 5085 3330 5143 civitatem,
3382 5089 3437 5136 et
3468 5094 3567 5148 per

1990 5179 2303 5244 morticina,
2321 5187 2511 5234 sancta
2540 5186 2847 5248 martyrum
2888 5192 3139 5243 corpora.
3166 5176 3298 5239 Quae
3324 5186 3562 5241 sequun-

1990 5280 2080 5326 tur
2105 5270 2262 5341 juxta
2286 5269 2531 5325 eamdem
2567 5269 2828 5324 rationem
2865 5266 3155 5335 intelliges.
3182 5261 3353 5317 Jacob
3397 5260 3560 5314 etiam

1988 5378 2088 5431 pro
2112 5362 2427 5417 Christiano
2472 5362 2739 5431 accipitur
2774 5357 2999 5428 populo,
3033 5364 3093 5409 ut
3122 5368 3263 5422 saepe
3292 5352 3557 5407 diximus.

1988 5452 2054 5506 Et
2078 5469 2174 5523 per
2206 5454 2415 5510 vicinos
2460 5461 2705 5516 nostros,
2748 5451 2895 5519 ipsos
2938 5447 3209 5516 intelliges
3248 5442 3503 5498 Hebraeos
3540 5457 3557 5495 :

1987 5561 2054 5602 eo
2090 5546 2240 5617 quod
2292 5546 2510 5605 illorum
2547 5543 2831 5613 Scriptura
2868 5538 3029 5596 nobis
3074 5537 3238 5595 etiam
3288 5536 3342 5591 in
3384 5534 3558 5606 legem

1650 5722 1849 5785 Varia:
1879 5724 2199 5790 lectiones.

370 5830 483 5904 (ΣΗ)
521 5829 787 5889 Verbum.
855 5828 1117 5887 Pobulum
1174 5841 1349 5887 autem
1411 5828 1529 5901 Dei,
1572 5829 1665 5900 jus
1719 5830 1996 5886 mandata.
