4088 6452
502 391 611 458 831
1648 456 1653 463 ,
1741 395 2096 457 EUTi-IYMI

2215 391 2535 453 [GABENI
3663 391 3781 457 832

498 517 607 573 est,
632 514 687 563 et
715 505 843 575 quia
877 502 1054 560 Iudaei
1108 503 1266 559 nobis
1298 502 1365 559 ad
1417 503 1577 567 iidem
1629 505 1806 574 magis
1858 503 2090 573 proximi

2212 503 2621 574 ἱινορωπότητος
2642 502 2837 567 αὐτοῦ,
2856 502 2934 567 ὡς
2966 506 2995 559 ὀ
3047 496 3425 575 Ἇπολινάριος
3446 503 3540 557 καὶ
3568 504 3786 560 Νεστόο

501 612 654 663 sum,
689 612 847 666 quam
892 597 1135 666 reliquae
1166 597 1459 662 nationes:
1490 612 1806 667 quanquam
1856 605 1910 651 et
1937 597 2088 665 ipsos
2198 610 2334 662 ριος.

504 690 791 746 Ιιςιιιιοιίοοε
820 702 1112 757 possumus
1139 689 1347 745 vicinos
1375 697 1597 746 nostros
1626 690 1923 761 appellare,
1954 704 2080 744 cum
2158 691 2215 745 in
2294 689 2486 747 multis
2542 690 2816 762 dogmatis
2860 691 3148 747 nobisettm
3201 693 3465 748 sentiant.
3520 693 3787 749 Contem-

504 789 729 852 pserunt
756 791 939 836 autem
1000 781 1282 836 Christum
1351 782 1616 847 haeretici,
1689 784 1819 837 dum
1861 782 2426 852 valde'blaspbema
2488 787 2754 843 adversus
2830 787 2977 843 illius
3044 787 3385 844 divinitatem
3453 789 3781 857 loquuntur,

505 875 965 942 quemadmodum
1015 876 1285 932 Sabellius
1327 886 1382 932 et
1425 876 1609 934 Arius.
1664 876 1761 933 Vel
1814 878 2079 934 adversus
2115 877 2263 933 illius
2291 879 2710 948 humanitatem,
2740 882 3204 952 quemadmodum
3269 880 3662 950 Apollinarius,
3722 892 3786 937 et

506 970 816 1030 Nestorius.

505 1060 570 1114 In
606 1064 785 1132 ﬁnem,
805 1081 897 1131 pro
928 1064 991 1116 iis
1043 1065 1134 1133 qui
1165 1064 1529 1120 commutandi
1557 1074 1701 1125 sunt.
1727 1068 2085 1122 testimonium

2212 1063 2287 1127 iic
2316 1060 2384 1115 τὸ
2413 1060 2588 1126 τέλος
2617 1059 2769 1127 ὑπὲρ
2798 1058 2918 1114 τῶν
2943 1060 3530 1129 ιῌλοιωθησομένων
3552 1065 3787 1130 μαρτύ·

789 1155 888 1217 ipsi
921 1154 1117 1218 Asopia,
1155 1152 1404 1209 Psalmus
1437 1172 1531 1222 pro
1564 1156 1801 1229 Assyrio.

2257 1170 2391 1222 ριον
2446 1152 2527 1219 τῷ
2568 1153 2785 1222 Ἀσὰφ,
2816 1154 3059 1222 ψαλμὸς
3093 1153 3244 1222 ὑπὲρ
3272 1154 3381 1209 τοῦ
3436 1155 3784 1225 Ἅσσιφίου.

997 1244 1317 1301 PSALMUS
1359 1246 1594 1303 LXXIX.

2760 1247 3056 1301 ΨΑΑΜΟΣ
3081 1243 3204 1302 oe‘.
3603 1323 3613 1328 _
3698 1324 3717 1330 φ

578 1333 636 1390 in
679 1335 838 1390 ﬁnem
868 1338 1073 1392 dictum
1110 1346 1217 1416 est,
1251 1354 1358 1393 non
1416 1339 1595 1395 solum
1646 1341 1717 1396 ob
1771 1343 2091 1412 praphetias

2262 1338 2340 1394 Τὸ
2378 1340 2480 1407 Είς
2537 1339 2605 1393 τὸ
2632 1338 2808 1405 τέλος
2833 1340 2896 1393 οὐ
2948 1338 3109 1408 μόνον
3142 1338 3232 1393 διὰ
3259 1339 3360 1404 τὰς
3386 1341 3786 1413 ἐμφερομένας

505 1441 631 1495 quae
661 1427 714 1481 in
744 1430 954 1498 psalmo
981 1430 1356 1494 continentur,
1404 1441 1466 1486 ut
1501 1447 1645 1501 sepe
1687 1432 1951 1499 diximus,
1998 1437 2095 1491 sed

2212 1424 2565 1495 προφητείας,
2622 1422 2984 1488 ὦςοπολλάκις
3023 1424 3351 1493 εἰρήκαμεν,
3373 1425 3511 1479 ἀλλὰ
3544 1427 3637 1480 καὶ
3690 1429 3791 1484 διὰ

506 1518 639 1586 quia
701 1518 905 1585 tinem,
963 1522 1064 1577 hoc
1113 1530 1236 1587 est,
1310 1525 1785 1594 consumptionem
1850 1530 2100 1584 continet

2212 1519 2261 1572 εδ
2292 1517 2679 1574 ἀποτείνεσθαι
2709 1516 2801 1571 τὸν
2825 1515 3040 1587 ψαλμὸν
3079 1517 3157 1579 si;
3191 1517 3251 1570 τὸ
3282 1517 3435 1579 τέλος
3465 1522 3564 1590 τῆς
3585 1522 3793 1593 εὐκλη-

512 1606 754 1665 Iudaica:
801 1610 1099 1669 felicitatis.
1151 1611 1406 1671 Przedicit
1455 1618 1602 1671 enim
1653 1618 1998 1676 obsidionem
2045 1629 2101 1677 et

2212 1611 2326 1681 ρίας
2348 1609 2459 1665 τῶν
2486 1609 2785 1665 Ἰουδαίων.
2812 1607 3282 1680 Προφητεύειγὰρ
3309 1609 3422 1681 τὴν,
3439 1612 3787 1684 πολιορκίαν,

514 1702 877 1770 captivitatem
921 1720 1112 1761 eorum
1146 1715 1201 1762 et
1236 1722 1583 1778 quaecunque
1629 1710 1736 1765 alia
1783 1726 1814 1766 a
1867 1711 2103 1785 Babylo-

515 1792 616 1850 niis
660 1796 805 1863 passi
863 1806 1011 1860 sunt,
1045 1800 1139 1869 qui
1172 1801 1364 1871 prima:
1389 1815 1583 1855 eorum
1634 1802 1879 1859 felicitati
1933 1805 2094 1863 ﬁnem

511 1894 911 1955 imposuerunt.
956 1888 1109 1955 Quod
1165 1906 1293 1946 vero
1324 1891 1403 1945 ait
1450 1906 1547 1960 pro
1596 1893 1664 1947 iis
1723 1895 1813 1964 qui
1859 1910 2098 1951 commu-

516 1980 665 2031 tandi
691 1990 837 2043 sunt,
874 1988 936 2033 ut
967 1981 1095 2037 alibi
1140 1981 1252 2050 jam
1293 1982 1718 2051 declaravimus,
1763 1986 2099 2044 immutatio-

519 2083 641 2124 nem
678 2084 857 2125 rerum
895 2070 1123 2126 indicat.
1161 2071 1539 2128 Testimonium
1570 2085 1755 2131 autem
1785 2078 1945 2146 dixit,
1969 2062 2098 2151 quia

522 2165 859 2213 cutltestatur
892 2161 1165 2231 Propheta
1199 2163 1253 2218 in
1301 2163 1403 2219 hoc
1437 2165 1669 2236 psalmo,
1713 2174 1770 2224 et
1800 2173 2100 2228 annuntiat

520 2246 732 2305 l'uturas
770 2250 1133 2317 calamitates,
1188 2254 1416 2311 studens
1462 2256 1752 2325 nimirum,
1807 2269 1867 2317 ut
1913 2263 2100 2335 aliquo

522 2349 676 2410 pacto
722 2344 794 2398 ob
833 2344 1086 2400 timorem
1137 2346 1330 2402 saltem
1376 2346 1549 2405 Iudaei
1589 2352 1957 2422 sapientiores
2002 2358 2099 2414 lie-

520 2441 660 2485 rent.
716 2430 788 2486 De
835 2433 1020 2504 Asapit
1072 2435 1238 2490 etiam
1283 2436 1409 2492 alibi
1473 2441 1792 2510 praedictum
1838 2455 1944 2502 est.
1996 2447 2103 2505 Per

522 2523 800 2595 Assyrium
835 2540 989 2593 vero,
1048 2526 1232 2598 ipsum
1280 2527 1537 2600 intelligit
1592 2530 2105 2595 Nabuchodonosor

521 2614 902 2687 Bahy'onium,
939 2617 1031 2687 qui
1087 2617 1156 2674 de
1204 2618 1448 2690 Assyriis
1478 2635 1655 2690 genus
1693 2625 1961 2683 trahebat.
1992 2628 2103 2686 Pro

524 2707 742 2778 Assyrio
775 2708 963 2777 igitur,
997 2708 1157 2776 dixit,
1185 2725 1308 2780 pro,
1334 2712 1401 2766 de
1422 2711 1670 2784 Assyrio,
1701 2715 1805 2775 hoc
1832 2727 1917 2776 est
1938 2722 2005 2777 de
2035 2722 2104 2781 iis

524 2815 646 2869 qnze
700 2801 969 2873 Assyrius
1043 2799 1549 2864 Nabuchodonosor
1601 2811 1770 2880 gessit
1842 2812 2106 2874 adversus

526 2891 760 2951 Judscos.

580 2987 760 3045 νεεδ.
791 2989 845 3045 2.
872 2990 978 3058 Qui
1004 2992 1182 3059 pascis
1217 2992 1414 3063 Israel,
1443 2996 1672 3053 intende.
1691 2996 1797 3055 Per
1825 2998 2105 3070 lsraelem,

526 3082 813 3150 velipsum
860 3081 1035 3140 Iacob
1085 3086 1453 3153 patriarcham
1501 3090 1773 3161 intelligit,
1823 3094 1912 3149 cui
1966 3094 2106 3153 Deus

2203 1702 2298 1756 καὶ
2357 1702 2451 1757 τὸν
2514 1701 2978 1771 ἀνδραποδισμὸν,
3026 1702 3120 1756 καὶ
3164 1703 3266 1755 ὅσα
3319 1705 3655 1760 πεπόνθασιν
3678 1709 3793 1762 ὑπὸ

2203 1791 2588 1867 Βαϐυλωνίων,
2645 1793 2802 1857 τέλος
2844 1792 3111 1846 ἐπιθέντα
3158 1792 3344 1856 αὐτοῖς
3378 1794 3475 1865 τῆς
3507 1800 3794 1870 προτέρας

2203 1884 2574 1956 εὐδαιμονίας,
2630 1884 2831 1952 είτουν,
2890 1870 3153 1955 ὲκκόπήν.
3197 1885 3273 1939 To
3306 1886 3385 1951 δὲ,
3435 1888 3619 1956 ’Υπὲρ
3662 1891 3795 1947 τῶν

2198 1977 2800 2048 ἀλλοιωθησομένων,
2824 1978 2921 2034 καὶ
2948 1980 3006 2033 ἐν
3042 1979 3227 2044 ἄλλοις
3250 1981 3360 2036 τῶν
3392 1985 3788 2053 προλαϐόντων

2197 2066 2454 2140 ψαλμῶν,
2473 2067 2754 2141 πανταχοῦ
2775 2069 2836 2124 δι
2869 2070 3176 2141 μεταϐολὴν
3201 2076 3544 2145 πραγμάτων
3568 2094 3632 2147 ar,
3643 2079 3785 2148 μαί-

2200 2180 2301 2218 νει.
2340 2163 2675 2233 Μαρτύριον
2696 2163 2773 2230 δὲ,
2805 2164 2887 2218 ὅτι
2914 2163 3374 2236 διαμαρτύρεται,
3406 2166 3583 2223 εττουν
3616 2170 3797 2240 ἀναγ-

2200 2254 2383 2324 γέλλει
2403 2255 2505 2320 ea;
2531 2255 2796 2328 ἐσομένας
2812 2257 3100 2329 συμφοράς
3130 2273 3145 2289 ⁸
3180 2259 3237 2312 ετ
3263 2275 3381 2322 πως
3411 2261 3798 2331 σωφρονέστε-

2205 2365 2292 2420 ροι
2347 2348 2425 2420 τῷ
2463 2335 2617 2421 φόϐῳ
2670 2350 2940 2419 γένωνται
2998 2351 3048 2404 ot
3096 2349 3368 2406 Ἰουδαῖοι.
3424 2353 3561 2421 Περὶ
3590 2354 3645 2407 δὲ
3684 2355 3793 2408 τοῦ

2219 2438 2395 2508 Ἀσὰφ
2428 2439 2756 2513 προείρηται
2790 2455 2806 2470 ’
2842 2439 2904 2494 τὸ
2935 2438 3013 2505 δὲ,
3066 2439 3238 2510 Ὑπὲρ
3267 2439 3374 2495 τοῦ
3427 2434 3791 2510 ’Ᾱσονυρίοιη

2202 2530 2326 2585 ἀντὶ
2357 2529 2476 2594 τοῦ,
2515 2531 2655 2602 Περὶ
2684 2526 2781 2584 τοῦ
2846 2530 3137 2601 Ἀσσυρίου
3165 2549 3179 2562 ·
3212 2531 3363 2600 λέγει
3383 2531 3440 2585 δὲ
3469 2531 3563 2585 τὸν
3600 2533 3791 2587 Βαϐυ-

2203 2620 2398 2677 λώνιον
2435 2621 2952 2695 Ναϐουχοδονόσωρ,
2990 2622 3068 2687 ὡς
3099 2622 3160 2688 ἐξ
3217 2623 3505 2695 Ἀσσυρίου
3556 2622 3794 2680 ἕλκοντα

2205 2714 2268 2769 to
2325 2715 2504 2784 γένος.
2558 2716 2697 2788 Περὶ
2746 2715 2841 2770 τοῦ
2896 2716 3185 2789 ’Δσσυρίου
3228 2716 3307 2784 δὲ,
3344 2718 3512 2790 ήγουν
3554 2718 3677 2792 περὶ
3705 2713 3795 2775 ὧν

2206 2807 2466 2879 ἐποίησεν
2506 2807 2811 2874 Ἰουδαίοις.

2291 2986 2355 3042 '0
2389 2987 2723 3057 ποιμαίνων
2762 2985 2872 3043 τὸν
2912 2985 3186 3055 Ἰσραὴλ,
3218 2954 3504 3056 πρόσχες.
3545 2987 3791 3059 Ἰσραηλ,

2208 3079 2242 3149 ἢ
2283 3078 2376 3131 τὸν
2425 3078 2774 3150 πατριάρχην
2843 3078 3041 3133 Ἰακὼϐ
3096 3078 3246 3147 λέγει
3286 3079 3462 3133 ’διότι
3514 3080 3796 3150 ὑπέσχετο

525 3175 803 3242 lollicitus
859 3186 965 3243 est,
1000 3192 1060 3233 se
1099 3179 1148 3233 ei
1210 3196 1427 3251 semper
1465 3183 1784 3240 adfuturum
1827 3195 1883 3242 et
1921 3203 2108 3245 serra-

2213 3170 2363 3241 αὺτῷ
2392 3170 2421 3223 ὁ
2451 3169 2588 3234 Θεὸς
2642 3171 2884 3226 συνεῖναι
2943 3171 3039 3224 καὶ
3088 3170 3378 3240 φυλάττειν
3416 3171 3600 3235 αὐτὸν,
3628 3172 3660 3243 ἢ
3693 3173 3795 3227 τὸν

527 3273 712 3318 turum
745 3281 804 3321 se
851 3283 977 3322 eum
1025 3268 1079 3322 in
1129 3271 1426 3340 periculis;
1474 3274 1557 3328 vel
1599 3274 1780 3344 ipsum
1816 3281 2104 3349 populum,

526 3355 620 3419 qui
649 3357 720 3411 ab
771 3359 1153 3429 cooriginem
1218 3362 1403 3418 traxit.
1462 3363 1675 3420 Dietum
1711 3378 1796 3423 est
1847 3371 1996 3426 enim
2048 3373 2105 3428 in

528 3446 854 3514 pnecedenti
894 3449 1126 3517 psalmo,
1173 3450 1320 3519 quod
1370 3451 1525 3506 duxit
1569 3454 1711 3511 Deus
1749 3457 1894 3514 hunc
1934 3474 2110 3530 popu-

529 3534 663 3594 lum.
697 3536 851 3605 quasi
889 3552 1106 3608 gregem
1145 3539 1200 3593 in
1226 3541 1479 3598 deserto.
1535 3542 1643 3608 Qui
1688 3548 1860 3614 pascis
1901 3559 2108 3620 autem,

534 3627 738 3695 [osuit,
772 3643 893 3697 pro,
925 3627 1029 3694 Qui
1060 3631 1290 3699 pavisti;
1325 3640 1380 3686 et
1409 3633 1682 3699 similiter,
1732 3636 1838 3703 Qui
1872 3640 2110 3710 deducis,

534 3730 658 3785 pro,
708 3718 827 3783 Qui
882 3718 1185 3777 deduxisti.
1244 3721 1566 3779 Ederendus
1627 3732 1713 3779 est
1768 3737 1952 3782 autem
2022 3731 2113 3788 hic

535 3812 780 3877 psalmus
806 3825 871 3865 ex
907 3826 1096 3867 eorum
1138 3828 1397 3883 persona,
1447 3816 1540 3886 qui
1573 3824 1703 3873 tunc
1753 3820 1820 3875 ab
1871 3822 2109 3880 hostium

536 3901 718 3974 gladio
750 3913 1064 3961 evaserunt.

610 3990 713 4057 Qui
740 3995 953 4049 deducis
980 3997 1137 4067 quasi
1156 4013 1299 4052 orem
1341 3996 1555 4068 Ioseph.
1589 3999 1685 4056 Vel
1726 4001 1901 4073 ipsum
1942 4006 2117 4075 patri-

2210 3261 2271 3327 ἐξ
2313 3262 2526 3317 ἐκείνου
2576 3262 2963 3331 καταγόμενον
3012 3261 3163 3318 λαόν.
3197 3263 3430 3335 Εἴρηται
3475 3262 3585 3334 γὰρ
3615 3265 3671 3316 ιν
3707 3265 3797 3336 τῷ

2211 3354 2318 3423 πρὸ
2362 3355 2555 3409 τούτου
2605 3354 2831 3426 ψαλμῷ,
2878 3355 2959 3409 ὅτι
3000 3356 3097 3409 καὶ
3135 3355 3412 3426 ἀνήγαγεν
3435 3357 3633 3420 αὐτοὺς
3654 3357 3799 3412 ὡσεὶ

2214 3446 2491 3517 ποίμνιον,
2535 3449 2595 3501 ἑν
2653 3448 2868 3519 ἐρήμῳ.
2924 3447 2999 3500 To
3051 3446 3110 3501 δὲ
3152 3448 3216 3501 ὐ
3268 3448 3619 3517 ποιμαίνων,
3667 3450 3800 3503 ἀντὶ

2208 3539 2304 3593 τοῦ
2348 3539 2407 3593 '0
2432 3539 2725 3609 ποιμάνας.
2782 3539 3015 3609 Ὁμοίως
3057 3537 3116 3593 δὲ
3168 3538 3265 3593 καὶ
3304 3541 3362 3594 τὸ
3385 3540 3532 3610 ἑξῆς,
3568 3541 3624 3593 '0
3655 3530 3802 3611 68η-

2212 3630 2430 3699 γήσιις.
2492 3626 2925 3702 Ἐσχημάτισται
2971 3631 3083 3701 γὰρ
3122 3633 3149 3685 ὁ
3186 3631 3404 3702 ψαλμὸς
3452 3633 3533 3696 είς
3576 3634 3804 3706 πρόσω-

2214 3741 2318 3777 πον
2339 3724 2452 3778 τῶν
2482 3723 2788 3796 τηνικαῦτα
2815 3724 3155 3797 διαδράντων
3193 3725 3284 3781 τὸν
3313 3724 3567 3783 θάνατον.

2300 3995 2365 4049 '0
2399 3994 2635 4065 ὁδηγῶν
2675 3993 2818 4050 ὡσεὶ
2848 3996 3148 4064 πρόϐατον
3167 3995 3274 4051 τὸν
3298 3995 3545 4067 Ἰωσήφ.
3590 3997 3804 4071 Ἰωσὴφ

542 4089 768 4143 archam
799 4090 1049 4163 intelligit
1094 4090 1319 4161 10mph,
1351 4094 1440 4149 cui
1473 4094 1617 4154 Deus
1649 4098 1703 4153 in
1745 4100 2030 4170 periculis,
2058 4112 2108 4159 ut

2221 4091 2384 4145 πάλιν
2432 4089 2465 4160 ἥ
2512 4089 2607 4143 τὸν
2648 4087 2814 4142 αὐτὸν
2857 4088 3068 4142 ικεϊνον
3103 4087 3197 4142 τὸν
3246 4088 3449 4160 Ἰωσὴφ
3513 4091 3802 4161 ὀνομάζει,

540 4180 653 4235 dux
685 4182 947 4250 Optimus,
993 4193 1188 4254 praesto
1222 4184 1344 4249 fuit,
1380 4185 1657 4257 Scriptum
1707 4191 1852 4246 enim
1883 4192 2108 4263 legimus

2217 4187 2356 4241 διότι
2372 4184 2400 4237 ὁ
2414 4183 2548 4247 Θεὸς
2562 4182 2726 4237 αὐτὸν
2746 4183 2804 4236 ὲν
2825 4182 2992 4236 πᾶσιν
3012 4180 3375 4254 ἐχειραγώγει
3392 4185 3801 4238 κινδυνεύοντα·

534 4274 682 4345 quod
712 4285 828 4329 erat
872 4275 1130 4332 Dominus
1172 4294 1291 4332 cum
1334 4278 1575 4350 Ioseph;
1616 4282 1697 4335 vel
1731 4282 1908 4351 ipsum
1944 4299 2108 4355 popu-

2219 4280 2533 4349 γέγραπται
2592 4275 2700 4344 γάρ
2728 4289 2744 4306 ·
2771 4274 2881 4329 Καὶ
2931 4269 3011 4343 ἦν
3036 4275 3251 4342 Κύριος
3273 4276 3424 4343 μετὰ
3465 4276 3685 4347 Ἰωσήφ
3714 4294 3729 4309 ·
3760 4280 3801 4351 ἢ

536 4367 670 4422 lum.
717 4367 885 4423 Tanta
924 4369 1069 4423 enim
1101 4370 1360 4426 universo
1413 4373 1616 4442 populo
1673 4373 1937 4430 beneﬁcia
1976 4390 2108 4443 prte-

2221 4372 2313 4425 τδν
2361 4367 2676 4441 δηλωθέντα
2730 4365 2863 4421 λαόν
2888 4381 2903 4396 ·
2958 4368 3175 4438 πατέρα
3207 4367 3317 4437 γὰρ
3354 4367 3476 4422 ὅλου
3509 4369 3604 4422 τοῦ
3664 4371 3804 4425 λαοῦ

536 4460 667 4514 stita
700 4467 828 4513 sunt
860 4461 929 4514 ab
985 4459 1090 4516 hoc
1135 4461 1473 4531 patriarcha,
1525 4470 1579 4518 et
1617 4472 1823 4519 tantam
1871 4465 2108 4519 omnium

2221 4467 2317 4519 καὶ
2336 4464 2428 4518 τὸν
2459 4461 2659 4529 Ἰωσὴφ
2688 4459 2863 4524 καλεῖ,
2896 4460 2972 4520 ὡς
2990 4460 3083 4512 καὶ
3119 4461 3177 4512 ἐν
3205 4458 3285 4530 τῷ
3303 4467 3375 4524 ος¹
3402 4460 3603 4532 ψαλμῷ
3627 4479 3766 4529 φησι
3785 4480 3804 4495 .

539 4566 727 4606 curam
758 4552 975 4616 habuit,
1005 4562 1065 4606 ut
1088 4561 1242 4623 pater
1269 4554 1512 4610 omnium
1544 4556 1784 4612 tribuum
1819 4572 1942 4614 esse
1967 4557 2108 4612 visus

2229 4554 2376 4621 Τοὺς
2399 4552 2564 4614 υἱοὺς
2584 4549 2787 4606 Ἰακὼϐ
2804 4551 2903 4605 καί
2922 4548 3138 4621 Ἰωσήφ
3162 4569 3175 4584 ο
3194 4552 3331 4606 ὅπου
3356 4554 3450 4606 καὶ
3472 4553 3573 4625 τὴν
3597 4553 3808 4626 ἐξήγη-

540 4645 637 4698 sit.
694 4642 848 4697 Unda
919 4659 1293 4713 smpenumero
1352 4647 1623 4718 Propheta
1685 4646 1883 4713 illum,
1946 4649 2108 4705 veluti

2227 4662 2313 4700 σιν
2357 4642 2558 4714 εὑρήσε
2567 4656 2635 4703 ις.

544 4734 788 4789 onmium
819 4737 1058 4791 tribuum
1088 4748 1290 4805 patrem
1319 4741 1551 4810 appellat
1572 4739 1809 4809 (tametsi
1835 4739 2117 4811 Ephraim,
2158 4748 2214 4796 et
2246 4739 2528 4794 Manasses
2560 4743 2772 4790 tantum
2840 4732 2911 4788 ab
2953 4747 3021 4789 eo
3098 4732 3525 4806 descenderint),
3558 4737 3702 4792 unde
3743 4740 3809 4796 in

545 4829 756 4900 psalmo
785 4842 944 4883 1.:va
990 4830 1166 4885 dixit:
1202 4828 1388 4888 Filios
1412 4832 1581 4888 Iacob
1618 4843 1667 4886 et
1702 4832 1916 4902 Ioseph.
1957 4833 2059 4889 Ubi
2099 4835 2264 4890 etiam
2292 4831 2555 4885 diximus.

614 4920 779 4975 Vsus.
821 4922 875 4976 '5.
926 4920 1031 4987 Qui
1074 4922 1219 4978 sedes
1259 4941 1414 4993 super
1441 4924 1723 4980 Cherubim
1773 4926 2119 4996 manifestare

544 5027 727 5066 coram
750 5011 1026 5077 Ephraim.
1056 5014 1334 5085 Benjamin
1372 5025 1426 5070 et
1486 5015 1754 5072 Manasse.
1786 5017 1921 5072 Cum
1962 5032 2113 5072 man-

543 5104 734 5159 dasset
783 5103 951 5177 Moysi
1005 5104 1294 5169 Dominus,
1354 5116 1415 5161 nt
1454 5106 1751 5164 Cherubim
1803 5109 1916 5165 duo
1953 5124 2120 5165 aurea

547 5194 866 5260 conﬁceret,
896 5206 1065 5266 utque
1102 5211 1168 5251 ex
1204 5206 1437 5265 utraque
1464 5199 1823 5270 propitiatorii
1869 5210 2024 5271 parte
2054 5215 2120 5255 ea

547 5294 792 5355 poneret,
829 5287 1115 5358 subiungit
1144 5303 1163 5342 :
1198 5287 1264 5342 Et
1309 5303 1613 5359 cognoscar
1649 5292 1762 5347 illic
1787 5307 1816 5346 a
1849 5300 1923 5356 te,
1957 5300 2011 5346 et
2043 5293 2122 5348 io-

548 5394 690 5449 quar
724 5379 820 5434 tibi
871 5378 1109 5449 desuper
1158 5380 1605 5451 propitiatorium
1655 5382 1728 5436 “.
1761 5382 2125 5452 Manifestare

549 5478 732 5525 autem
763 5487 943 5525 coram
992 5471 1273 5539 Ephraim,
1305 5481 1437 5540 etc.,
1469 5487 1535 5528 ac
1572 5474 1617 5530 si
1660 5475 1869 5530 diceret
1902 5490 1916 5527 :
1956 5473 2120 5544 Opto,

552 5568 614 5613 ut
637 5563 986 5630 cognosceris
1014 5563 1234 5619 venisse
1256 5579 1441 5619 coram
1471 5562 1539 5619 iis
1564 5565 1658 5636 qui
1689 5565 1935 5621 derelicti
1972 5574 2123 5633 sunt,

557 5666 699 5721 quos
751 5652 1027 5724 Ephraim,
1072 5655 1355 5728 Beniamin
1387 5668 1439 5714 et
1466 5657 1771 5717 Manassen)
1808 5659 2124 5732 appellavit.

611 5830 657 5861 “
702 5828 873 5885 Exod.
933 5846 1056 5898 xxv,
1107 5831 1197 5886 2‘2.

2305 4923 2369 4974 '0
2404 4918 2741 4986 καθήμενος
2796 4915 2895 4971 ἐπὶ
2940 4916 3062 4971 τῶν
3127 4918 3438 4989 Χερουϐὶμ,
3504 4919 3810 4991 ἐμφάνηθι

2224 5011 2506 5070 ἐναντίον
2535 5010 2807 5080 Ἐφραῒμ,
2862 5009 2957 5064 καὶ
2989 5011 3296 5080 Βενιαμὶν,
3345 5012 3442 5065 κοί
3470 5015 3807 5082 Μανασσῆ.

2236 5104 2651 5175 Ἑντειλιίμενος⁴
2704 5105 2734 5157 ὁ
2774 5102 2911 5165 Θεὸς
2944 5101 3022 5172 τῷ
3051 5104 3261 5174 Μωϋσῇ
3300 5106 3528 5165 ποιῆσαι
3570 5106 3663 5159 δύο
3694 5108 3811 5160 Χε-

2229 5197 2431 5269 ρουϐὶμ
2452 5196 2635 5267 χρυσᾶ
2665 5193 2920 5264 τορευτὰ,
2949 5193 3045 5247 καὶ
3074 5193 3346 5249 ἐπιθεῖναι
3378 5195 3439 5260 ἐξ
3470 5198 3811 5267 ἀμφοτέρων

2224 5289 2336 5343 τῶν
2361 5288 2543 5359 μερῶν
2581 5285 2677 5340 τοῦ
2701 5285 3037 5353 ίλαστηρίου,
3064 5287 3288 5358 εἴρηκεν
3316 5288 3398 5341 ὅτι
3428 5288 3812 5351 Γνωσθήσο-

2223 5380 2334 5450 μαί
2360 5394 2459 5432 σοι
2488 5377 2737 5433 ἐκεῖθεν.
2766 5378 2876 5430 Καὶ
2898 5377 3154 5444 λαλήσω
3168 5393 3270 5431 σοι
3291 5378 3522 5433 ἀνωθεν
3545 5379 3651 5433 τοῦ
3675 5381 3811 5435 ιλιι-

2230 5471 2514 5540 στηρίου·
2546 5468 2652 5524 ἀνὰ
2693 5467 2857 5539 μέσον
2887 5465 2997 5520 τῶν
3030 5465 3126 5520 δύο
3153 5467 3436 5538 Χερουϐίμ
3479 5470 3539 5523 ἐν
3574 5469 3652 5540 τῷ
3680 5473 3807 5539 ὁμι-

2230 5546 2369 5621 λεῖν.
2413 5561 2746 5635 Ἐμφάνηθι
2801 5560 2879 5623 δὲ,
2926 5558 3103 5613 εῖτουν
3163 5557 3467 5630 Γνὼσθητι,
3514 5562 3596 5615 ὅτι
3638 5557 3807 5633 ἦλθες

2237 5654 2429 5729 βοηθὸς
2454 5653 2689 5710 ἐνώπιον
2720 5650 2829 5706 τῶν
2849 5645 3331 5720 ὑπολελειμμὲᾮων
3353 5664 3366 5679 ·
3395 5647 3489 5715 οὓς
3517 5649 3812 5722 ὠνόμασεν
