4088 6420
324 374 435 439 8Ἱ3

1486 373 1876 436 COMMENT.
1926 373 2009 435 IN
2049 374 2419 436 PSALMOS.

3486 372 3595 439 83$

338 491 607 563 ‘Eppatp,
663 493 759 544 καὶ
810 490 1091 560 Βενιαμὶν,
1138 489 1233 544 καὶ
1288 489 1581 558 Μανασσῆ.
1627 490 1782 542 Ἐπεὶ
1815 489 1913 558 γὰρ

2027 488 2164 544 Nam
2194 506 2258 545 ex
2294 505 2406 560 quo
2437 491 2761 547 meminerat
2797 492 3126 562 patriarchae
3158 491 3382 563 Joseph,
3410 509 3527 547 mer
3554 505 3608 547 ιι

327 586 425 639 τοῦ
496 583 696 654 Ἰωσὴφ
761 583 1044 654 ἐμνήσθη,
1113 582 1339 644 εἰκότως
1413 581 1733 653 ἐπεμνήσθη
1817 582 1913 634 καὶ

321 673 440 723 τῶν
502 672 779 740 φιλτάτων
808 670 902 725 δύο
935 670 1069 722 υίῶν
1129 669 1297 723 αἱ,τοῦ
1346 669 1593 738 Ἐφρατμ
1656 673 1750 723 καὶ
1792 672 1917 724 Μα-

323 764 530 833 νασσῆ,
581 764 677 816 καὶ
721 762 818 816 τοῦ
885 763 1251 833 ἠγαπημένον
1308 760 1458 831 αὐτῷ
1523 761 1756 832 ἀδελφοῦ
1813 763 1915 814 Βε-

324 857 541 925 νιαμὶν,
594 855 671 917 ὡς
745 854 909 924 μόνου
958 853 1323 925 ὁμομητρίου.
1372 856 1482 909 Καὶ
1541 835 1649 908 61:6
1708 855 1916 908 τούτων

324 948 420 999 τὸν
452 947 581 998 λαὸν
610 947 920 1016 ὠνόμασεν,
973 947 1060 999 ἴνα
1111 947 1199 1001 διὰ
1249 946 1351 1018 τὴν
1404 947 1606 1019 ἀρετὴν
1660 944 1755 998 τοῦ
1804 945 1917 999 Ἰω-

328 1040 441 1107 σὴφ
503 1037 827 1108 ὲπικαμφθῇ
860 1037 1043 1099 ὁΘεδς
1091 1036 1171 1105 τῷ
1208 1038 1356 1105 γένει
1406 1036 1515 1090 τῶν
1562 1037 1793 1098 τέκνων,
1822 1041 1917 1089 καὶ

324 1130 425 1181 τοῦ
470 1127 702 1197 ἁδελφοῦ
756 1126 948 1183 αὐτοῦ.
1000 1127 1122 1198 Χρὴ
1175 1128 1232 1181 δὲ
1280 1127 1574 1195 γινώσκειν
1613 1130 1696 1181 ὃτι
1740 1128 1790 1179 εί
1820 1128 1917 1180 καὶ

326 1218 711 1291 πρεσϐύτερος
738 1220 853 1283 υίὸς
881 1222 909 1273 6
938 1221 1241 1290 Μανασσῆς
1268 1216 1359 1291 ἦν,
1404 1220 1522 1273 ἀλλ’
1551 1220 1646 1273 οὖν
1680 1223 1707 1272 ὁ
1746 1221 1914 1274 Μωῦ-

328 1313 431 1381 σῆς
460 1312 742 1382 πανταχοῦ
770 1313 862 1367 τὸν
896 1311 1137 1383 Ἐφραῒμ
1167 1311 1511 1384 προτίθησιν,
1543 1313 1619 1374 ὡς
1650 1312 1802 1382 παρὰ
1821 1310 1916 1365 τοῦ

326 1404 534 1458 Ἰακὼό
593 1406 1035 1477 προτιμηθέντα,
1099 1406 1304 1476 μᾶλλον
1372 1405 1767 1476 εὐλογηθέντα·
1827 1407 1919 1460 καὶ

329 1498 691 1567 συζεύγνυσιν
716 1499 805 1553 ἀεὶ
856 1501 973 1561 τοῖς
1021 1499 1159 1563 υίοῖς
1205 1498 1300 1552 τοῦ
1350 1497 1548 1570 Ἰωσὴφ
1605 1500 1694 1552 τὸν
1729 1500 1919 1552 Βενια-

334 1590 454 1659 μὶν,
498 1589 577 1653 ὼς
608 1592 809 1644 οίκεϊον
866 1590 962 1645 καὶ
991 1589 1155 1644 αὐτὸν
1180 1589 1260 1661 τῷ
1302 1589 1525 1659 Ἰωσὴφ.
1566 1589 1656 1644 διὰ
1698 1589 1758 1643 τὺ
1785 1592 1917 1659 ὁμο-

329 1682 589 1751 μήτριον,
617 1682 711 1735 καὶ
738 1682 816 1746 ὠς
836 1681 1000 1746 εὐθὺς
1030 1682 1170 1753 μετὰ
1192 1681 1283 1735 τὸν
1318 1681 1515 1753 Ἰωσὴφ
1548 1681 1878 1751 γεννηθέντα
1901 1698 1916 1712 ·

326 1775 408 1844 τῷ
429 1775 643 1842 Μωῦσῇ
674 1775 731 1828 δὲ
759 1774 857 1828 νῦν
877 1774 973 1829 καὶ
1000 1776 1027 1827 6
1057 1775 1225 1829 Δαϐὶδ
1245 1774 1745 1845 κατηκολούθησεν.
1762 1775 1919 1829 Ἐπεὶ

335 1868 419 1931 δὲ,
462 1868 562 1938 τῆς
585 1869 679 1923 τού
712 1869 846 1923 Δευῖ
884 1868 1056 1940 φυλῆς
1072 1870 1171 1939 τῆς
1199 1868 1455 1939 λατρείας
1485 1866 1577 1921 τοῦ
1614 1867 1751 1921 Θεοῦ
1785 1869 1918 1937 ἀφο-

330 1960 638 2030 ρισθείσης,
675 1961 799 2015 ἀντὶ
831 1961 1038 2030 ταύτης
1083 1961 1408 2033 παρελήφθη
1443 1962 1475 2031 ή
1504 1959 1598 2014 τοῦ
1640 1959 1912 2029 Μανασσῆ

332 2054 416 2114 είς
449 2052 509 2104 τὸ
536 2052 950 2122 στρατεύεσθαι,
988 2054 1217 2117 εἰκότως
1272 2052 1367 2106 νῦν
1419 2050 1711 2105 τελευταία
1761 2050 1921 2104 τέτα-

327 2160 485 2210 κται,
504 2144 580 2208 ὡς
612 2145 671 2213 ἐξ
699 2147 955 2217 ἡμισείας
984 2144 1123 2201 οὖσα
1146 2146 1289 2216 φυλὴ
1312 2145 1407 2200 καὶ
1431 2145 1799 2215 ἀσθενεστέρα
1822 2145 1922 2210 τῆς

338 2235 737 2305 Βενιαμίτιδος,
761 2236 951 2309 ὥσπερ
983 2238 1047 2309 δὴ
1077 2237 1306 2308 κάκείνη
1338 2240 1441 2307 τῆς
1491 2234 1919 2305 Ἐφραῖμίτιδοςο

332 2326 569 2392 Ἀλλως
596 2346 658 2382 τε
707 2331 802 2385 καὶ
836 2333 890 2384 αί
925 2332 1093 2400 φυλαὶ
1147 2325 1308 2386 αὗται
1365 2328 1765 2399 τολμηρότεραι
1806 2326 1915 2379 τῶν

327 2421 511 2475 ἄλλων
559 2419 735 2493 ἦσαν·
778 2425 860 2487 είς
904 2424 1070 2494 τιμὴν
1103 2423 1159 2478 δὲ
1199 2421 1294 2477 τοῦ
1341 2422 1538 2490 Ἰωσὴφ
1594 2422 1644 2475 οἱ
1673 2419 1768 2474 δύο
1807 2417 1915 2473 υίο)⁸

327 2514 501 2567 αὐτοῦ
527 2514 793 2587 φύλαρχοι
829 2517 1147 2586 γεγόνασιν.

2020 582 2255 635 duorum
2288 583 2456 636 etiam
2491 585 2727 638 maxime
2763 584 3091 639 dilectorum
3130 587 3178 639 ei
3224 586 3459 640 tiliorum
3491 601 3609 638 me-

2021 671 2214 736 minit,
2266 671 2528 741 Ephraim
2589 672 2847 726 nimirum
2919 683 2974 729 et
3042 674 3335 739 Manasse,
3388 683 3443 729 et
3501 690 3611 744 prae

2020 764 2233 818 caeteris
2256 764 2513 819 omnibus
2543 764 2860 819 charissimi
2889 767 3056 820 etiam
3084 768 3271 821 fratris
3298 766 3608 833 Benjainin,

2018 870 2182 925 quem
2220 856 2446 910 unicum
2492 871 2557 911 ex
2606 856 2802 911 eadem
2848 868 3022 912 matre
3066 858 3290 913 fratrem
3344 858 3603 913 habebat.

2019 950 2100 1002 Ab
2146 948 2229 1003 his
2263 958 2445 1003 autem
2476 950 2658 1005 tribus
2709 952 3039 1021 patriarehis
3070 953 3388 1006 universum
3424 968 3605 1021 popu-

2021 1044 2133 1094 lum
2168 1043 2476 1097 nominavit
2512 1060 2526 1097 :
2562 1054 2725 1114 atque
2759 1047 2883 1110 hoc,
2922 1057 2981 1099 ut
3025 1047 3097 1100 ob
3146 1048 3393 1116 egregias
3428 1052 3606 1100 virtu-

2021 1138 2103 1183 tes
2136 1131 2463 1197 patriarcha;
2506 1132 2666 1199 hujus
2690 1133 2893 1204 Joseph
2926 1133 3237 1189 ﬂecteretur
3268 1150 3320 1189 et
3356 1138 3507 1206 placa
3522 1137 3615 1191 bi-'

2020 1217 2125 1271 lior
2152 1220 2305 1273 lierct
2351 1219 2494 1276 Deus
2545 1239 2674 1292 erga
2727 1224 2873 1279 illius
2928 1235 3200 1294 posteros.
3251 1224 3390 1279 lllud
3439 1227 3604 1281 etiam

2020 1313 2307 1367 sciendum
2348 1322 2452 1377 est,
2500 1317 2645 1384 quod
2680 1316 2969 1373 Manasses
3009 1326 3129 1372 erat
3160 1318 3336 1388 major
3366 1327 3521 1383 nato,
3550 1328 3606 1373 et

2022 1412 2203 1458 tamen
2260 1403 2475 1475 Moyses
2533 1407 2713 1475 ipsum
2764 1407 3027 1477 Ephraim
3101 1409 3149 1463 ei
3208 1410 3415 1476 passim
3471 1424 3609 1479 pras-

2020 1498 2174 1566 ponit
2208 1512 2219 1548 :
2258 1500 2386 1565 quia
2416 1500 2836 1567 prtebonoratus
2874 1500 3057 1555 fuerat
3086 1504 3152 1553 ab
3186 1515 3290 1554 avo
3326 1499 3516 1563 Jacob,
3549 1511 3604 1556 et

2021 1589 2258 1658 majores
2291 1590 2469 1644 fuerat
2500 1592 2914 1646 benedictiones
2942 1602 3310 1647 consecutus:
3347 1595 3605 1663 quodque

2022 1683 2224 1752 passim
2259 1683 2537 1753 Benjamin
2588 1699 2618 1737 a
2669 1685 2856 1756 Moyse
2901 1687 3261 1756 coniungitur
3304 1702 3429 1741 cum
3471 1688 3602 1743 [iliis

2021 1770 2246 1843 Joseph,
2277 1776 2443 1828 veluti
2480 1776 2572 1844 qui
2608 1776 2678 1829 ob
2712 1777 3025 1846 praedictam
3053 1780 3317 1833 rationem
3346 1779 3422 1832 illi
3454 1790 3604 1836 esset

2020 1865 2194 1934 magis
2223 1864 2533 1929 devinctus,
2581 1877 2636 1922 et
2674 1868 2803 1938 quia
2848 1870 3031 1922 statim
3066 1880 3229 1925 natus
3271 1871 3445 1924 fuerat
3479 1881 3604 1937 post

2019 1955 2201 2025 ipsum
2230 1954 2454 2026 Joseph,
2492 1958 2615 2013 ideo
2642 1960 2838 2015 beatus
2877 1959 3045 2013 David
3094 1960 3329 2032 Moysem
3373 1970 3602 2016 secutus

2020 2047 2274 2102 eumdem
2308 2050 2555 2104 ordinem
2592 2050 2646 2104 in
2674 2066 2864 2105 eorum
2914 2054 3435 2107 commemoratione
3482 2068 3600 2107 ser-

2023 2141 2205 2206 vavit;
2234 2151 2289 2195 et
2321 2143 2581 2211 quoniam
2638 2145 2759 2199 loco
2813 2143 2994 2200 tribus
3041 2145 3191 2211 Levi,
3245 2162 3366 2216 qua:
3414 2148 3600 2203 divine

2024 2232 2198 2288 cultui
2232 2232 2409 2288 fuerat
2437 2235 2638 2300 dicata,
2670 2248 2953 2307 assumpta
2985 2248 3070 2292 est
3119 2241 3297 2294 tribus
3346 2238 3603 2297 Manasse

2022 2328 2091 2381 ad
2120 2326 2491 2389 militandum,
2515 2342 2624 2380 non
2654 2336 2859 2382 temere
2889 2330 3133 2382 omnium
3177 2345 3328 2384 nunc
3355 2343 3601 2385 extrema

2021 2418 2266 2487 ponitur,
2299 2417 2465 2471 veluti
2497 2433 2619 2487 qua!
2653 2434 2716 2472 ex
2746 2419 2993 2484 dimidio,
3035 2428 3093 2473 ut
3136 2421 3209 2475 ita
3241 2421 3441 2483 dicam,
3473 2432 3597 2475 erat

2025 2510 2225 2573 tribus,
2263 2518 2312 2565 et
2342 2510 2472 2580 quia
2512 2511 2676 2563 etiam
2706 2511 3037 2565 imbecillior
3066 2520 3184 2565 erat
3230 2512 3373 2565 trihu
3408 2512 3602 2582 Betria-

328 2605 482 2669 niin,
538 2609 1000 2677 quemadmodum
1062 2617 1118 2663 et
1167 2608 1285 2679 ipsa
1342 2608 1519 2664 tribus
1576 2602 1862 2673 Beniamin
1922 2599 2153 2657 inferior
2183 2608 2302 2656 erat
2355 2602 2502 2654 tribu
2542 2600 2824 2669 Ephraim.
2862 2601 2952 2655 Vel
2986 2590 3188 2656 aliter:
3269 2599 3363 2656 lla:
3424 2603 3603 2659 tribus

328 2703 547 2756 ueteris
577 2702 833 2758 omnibus
870 2710 1027 2758 erant
1060 2702 1407 2770 audaciores,
1442 2710 1497 2757 et
1544 2700 1601 2756 in
1635 2700 1898 2754 honorem
1940 2694 2267 2762 patriarchae
2306 2690 2507 2762 Josepb
2541 2694 2704 2748 ambo
2768 2693 2890 2765 ejus
2936 2691 3030 2745 ﬁlii
3084 2692 3325 2748 tribuum
3398 2693 3606 2761 princi-

401 2814 428 2852 s
462 2797 635 2853 fuere.

401 2814 428 2852 s
462 2814 635 2853 tuere.

329 2814 746 2964 pe’EEérstpor
788 2894 905 2964 τὴν
943 2896 1314 2951 δυναστείαν
1338 2909 1479 2961 σου,
1515 2894 1615 2949 καί
1646 2890 1789 2949 ἐλθὲ
1820 2891 1911 2955 εις

327 2987 400 3039 τὸ
446 2987 645 3041 σῶσαι
695 2987 873 3058 ἡμᾶς.
924 2989 1320 3057 Ἐξανάστησον
1350 2988 1449 3062 τὴν
1490 2986 1778 3059 ὑπερφερῆ
1813 2982 1908 3036 δύ-

327 3082 499 3152 ναμίν
550 3099 668 3145 σου,
722 3085 803 3146 είς
856 3082 1143 3151 ἀντίληψιν
1192 3082 1367 3152 ἡμῶν,
1418 3080 1790 3135 καθεύδουσαν
1839 3079 1907 3148 τῇ

330 3176 732 3248 μακροθυμίᾳο
797 3176 1014 3247 εἴρηται
1066 3177 1127 3231 δὲ
1177 3179 1309 3247 ἡμῖν
1356 3176 1632 3248 διαφόρως
1686 3174 1904 3267 fast-:6;
1933 3209 1976 3267 Ω

324 3267 685 3338 ἀνθρωπίνας
772 3269 1056 3339 ἐνεργείας
1114 3268 1211 3322 καὶ
1263 3270 1331 3323 τὰ
1382 3268 1532 3338 πάθη
1591 3268 1625 3338 ἡ
1685 3264 1907 3337 Ἐδραῒς

327 3359 529 3433 Γραφὴ
548 3360 626 3431 τῷ
650 3360 770 3432 Θεῷ
793 3362 1169 3432 περιτίθησιν⁸
1198 3361 1501 3432 παχύτερον
1524 3359 1905 3429 διαλεγομένη,

326 3456 418 3509 διὰ
456 3457 555 3525 τὴν
588 3454 699 3508 τῶν
733 3454 1005 3525 Ἑϐραίων
1038 3454 1349 3526 παχύτητα.
1382 3456 1497 3509 Καὶ
1529 3454 1785 3524 περιττὸν
1820 3453 1907 3521 ἐφ’

326 3545 574 3616 ἑκάστης
618 3544 816 3610 λέξεως
848 3546 1112 3617 τοιαύτης
1148 3547 1220 3600 τὰ
1246 3545 1387 3600 αὐτὰ
1413 3546 1616 3613 λέγειν.
1674 3544 1767 3598 Διὸ
1799 3543 1905 3615 χρὴ

324 3637 406 3708 τῷ
434 3637 622 3692 κανόνι
644 3638 822 3709 τούτῳ
846 3638 1083 3709 χρῆσθαι
1116 3638 1185 3691 δι’
1208 3638 1345 3691 ὅλων
1367 3639 1476 3691 τῶν
1500 3638 1903 3710 ὁμοιοτρόπων.

411 3895 467 3948 '0
506 3896 671 3962 Θεὸς,
698 3896 1080 3965 νέπίστρεψον
1132 3894 1312 3966 ἡμᾶς.
1359 3894 1496 3950 Ἀπὸ
1541 3897 1774 3967 θλίψεως
1824 3898 1905 3962 εἰς

324 3988 527 4061 χαρὰν,
556 3990 589 4060 ἢ
616 3990 723 4043 ἀπὸ
752 3990 932 4061 φυγῆς
973 3994 1052 4053 εἰς
1096 3990 1439 4055 ἀντίστασιν,
1466 3992 1499 4061 ἢ
1527 3991 1635 4045 ἀπὸ
1658 3992 1905 4056 δουλείας

324 4086 407 4145 εἰς
444 4082 780 4153 ἐλευθερίαν,
812 4083 981 4154 ῆὰπὸ
1031 4085 1131 4154 τῆς
1181 4083 1341 4154 ξένης
1383 4085 1476 4137 ἐπὶ
1507 4085 1607 4156 τὴν
1642 4086 1902 4156 πατρίδα.

326 4177 398 4228 Ἢ
444 4175 774 4245 ὲπίστρεψον
808 4178 960 4246 ἡμᾶς
991 4176 1128 4247 πρὸς
1168 4177 1248 4242 σὲ,
1282 4178 1565 4247 συνεργῶν
1615 4179 1695 4241 εἰς
1731 4178 1799 4230 τὰ
1836 4178 1907 4230 σὰ

323 4267 636 4337 θελήματα.
666 4268 1110 4338 Ἐπιστράφητε
1149 4272 1280 4340 γὰρ,
1315 4273 1474 4341 φησὶ,
1508 4272 1657 4340 πρὸς
1682 4272 1779 4341 μὲ,
1804 4273 1904 4326 καὶ

320 4360 856 4430 ἐπιστραφήσομαι
883 4361 1035 4430 πρὸς
1063 4362 1242 4432 ἡμᾶς.

398 4454 735 4521 Ἐπίφανον
770 4454 840 4506 τὸ
865 4456 1195 4521 πρόσωπόν
1228 4470 1369 4519 σου,
1403 4457 1500 4510 καὶ
1529 4455 1901 4524 σωθήσομαι.

2091 2882 2287 2937 Excita
2327 2882 2619 2952 potentiam
2648 2892 2815 2946 luant,
2869 2889 2919 2936 et
2956 2880 3094 2945 veni,
3129 2888 3186 2932 ut
3223 2880 3398 2933 salvos
3432 2881 3603 2950 facias

2016 2993 2135 3033 nos.
2188 2977 2507 3045 Supremam
2552 2990 2740 3044 quaeso
2790 2975 3087 3043 potentiam
3140 2984 3313 3037 tuam,
3370 2989 3492 3043 qua:
3524 2976 3599 3029 ob

2018 3070 2337 3126 diuturnam
2401 3068 2871 3137 longanimitatem
2951 3076 3102 3120 tuam
3185 3067 3598 3135 quodammodo

2018 3162 2319 3218 dormitare
2348 3160 2586 3226 videtur,
2638 3161 2847 3215 suscita
2904 3158 2959 3213 in
3007 3159 3275 3213 auxilium
3318 3167 3595 3215 nostrum.

2013 3254 2149 3309 Illud
2180 3270 2210 3309 a
2246 3255 2402 3310 nobis
2442 3254 2553 3323 jam
2608 3266 2997 3322 saepenumero
3045 3252 3252 3306 dictum
3296 3261 3401 3317 est,
3449 3252 3596 3321 quod

2010 3361 2168 3401 sacra
2200 3343 2486 3415 Scriptura
2518 3343 2627 3399 Deo
2657 3343 2865 3413 passim
2898 3342 3147 3397 actiones
3194 3350 3250 3397 et
3311 3343 3599 3410 passiones

2010 3439 2239 3494 ascribit
2268 3439 2559 3501 humanas,
2583 3437 2846 3491 crassiori
2879 3436 3175 3490 admodum
3204 3450 3359 3491 more
3386 3436 3600 3505 locuta,

2011 3539 2070 3587 ut
2098 3529 2466 3587 Hebraeorum
2501 3529 2825 3585 habetudini
2874 3529 3195 3584 inserviret.
3234 3527 3587 3598 Superlluum

2010 3632 2094 3677 est
2132 3632 2315 3678 autem
2348 3621 2541 3677 eadem
2587 3622 2789 3689 saepius
2828 3629 3096 3691 repetere.
3125 3623 3305 3691 Atque
3336 3621 3458 3677 ideo
3491 3623 3596 3675 hu-

2004 3716 2247 3785 jusmodi
2278 3715 2544 3784 regulam,
2595 3716 2647 3769 in
2690 3715 2964 3770 similibus
2996 3715 3251 3786 loquendi
3280 3717 3459 3772 modis
3488 3729 3595 3786 op-

2008 3816 2307 3879 portunum
2337 3816 2420 3859 est
2446 3806 2767 3860 observare.

2084 3902 2246 3956 Vens.
2296 3904 2352 3954 4.
2401 3899 2576 3964 Deus,
2612 3907 2854 3954 converte
2888 3915 3002 3954 nos.
3047 3900 3091 3952 Α
3145 3898 3493 3953 tribulatione
3538 3896 3593 3952 in

2008 3970 2294 4060 gaudium,
2334 4003 2363 4041 a
2396 3987 2521 4058 fuga
2550 3989 2615 4041 ad
2653 4003 2913 4057 pugnam,
2954 4004 2984 4043 a
3019 3988 3287 4045 servitute
3317 3989 3385 4043 ad
3429 3988 3596 4042 liber-

2010 4088 2197 4145 tatem,
2236 4079 2303 4135 ab
2335 4080 2514 4133 aliena
2541 4080 2764 4148 regione
2792 4081 2846 4133 in
2879 4080 3135 4149 patriam.
3181 4079 3299 4144 Vel,
3322 4080 3594 4135 Converte

2007 4187 2109 4228 nos
2148 4173 2214 4227 ad
2268 4179 2356 4237 te,
2413 4181 2468 4226 et
2519 4170 2681 4225 nobis
2740 4185 3074 4241 coopcrare,
3137 4180 3195 4224 ut
3250 4172 3590 4226 voluntatem

2010 4273 2156 4320 tuam
2188 4266 2469 4320 valeamus
2497 4266 2783 4333 perlicere,
2814 4264 2971 4333 juxta
3003 4262 3135 4318 illud
3161 4280 3177 4318 :
3208 4264 3593 4323 Convertimins

2008 4356 2079 4411 ad
2106 4372 2205 4419 me,
2236 4367 2284 4409 et
2310 4372 2401 4425 ego
2428 4364 2708 4409 convertar
2747 4354 2815 4407 ad
2850 4371 2935 4409 vos
2961 4355 3032 4409 ⁸⁵.

2079 4448 2312 4505 Ostende
2368 4448 2562 4516 faciem
2612 4459 2781 4511 tuam,
2847 4457 2898 4503 et
2947 4447 3082 4501 salvi
3130 4448 3352 4505 erimus.
3404 4449 3589 4507 Indica

334 4544 677 4613 Ἐμφάνισον
703 4544 864 4613 μόνον
888 4545 947 4597 τὸ
977 4544 1273 4615 πρόσωπόν
1294 4563 1414 4611 σου,
1440 4547 1534 4599 καὶ
1567 4548 1727 4616 ἀρκεῖ
1748 4544 1906 4599 τοῦτο

2015 4544 2195 4617 nobis,
2240 4542 2440 4611 inquit,
2465 4549 2514 4595 et
2567 4540 2879 4595 demonstra
2916 4540 3112 4595 facient
3142 4550 3288 4595 tuam
3321 4558 3337 4595 :
3379 4551 3433 4597 et
3483 4543 3591 4600 hoc

324 4637 470 4703 πρὸς
498 4635 775 4705 σωτηρίαν
805 4635 940 4705 ἡμῖν
959 4649 973 4664 ⁸
1020 4636 1386 4707 μεταφορικὸς
1420 4635 1477 4687 δὲ
1507 4638 1535 4688 6
1565 4635 1739 4703 λόγος.
1760 4635 1907 4706 Ἀρι-

321 4729 484 4791 στέος
518 4732 624 4799 γὰρ
651 4728 1035 4798 ἐπιφανέντος,
1067 4730 1116 4782 οἱ
1163 4729 1265 4799 μὲν
1314 4729 1510 4781 οίκείοι
1560 4728 1907 4799 ἁναθαρῤεύ-

317 4836 505 4887 ουσιν,
536 4822 582 4874 οἱ
610 4821 668 4874 δὲ
707 4821 959 4892 πολέμιοι
993 4822 1311 4891 τρέπονται.

394 5086 596 5150 Κύριε,
622 5086 654 5138 d
685 5083 829 5150 Θεὸς
855 5083 974 5137 τῶν
1019 5082 1350 5154 δυνάμεων,
1378 5084 1489 5152 ἓως
1522 5086 1668 5139 πότε
1703 5083 1900 5154 ὀργίζῃ

309 5178 423 5233 ἐπὶ
448 5178 563 5243 τὴν
590 5176 946 5246 προσευχὴν
973 5194 1092 5230 των
1118 5178 1358 5233 δούλων
1382 5194 1533 5243 00v;
1556 5176 1901 5246 Τὸ,’οργίζιι,

312 5266 506 5331 εἶπεν,
553 5269 696 5331 ἀντὶ,
731 5269 847 5321 Οὐκ
898 5269 1216 5333 ὲπιὸλέπεις
1241 5286 1254 5299 ·
1289 5271 1397 5323 ἀπὸ
1423 5270 1517 5323 τοῦ
1556 5274 1907 5340 προηγουμέ-

311 5379 417 5427 νου
479 5360 539 5413 τὸ
585 5362 855 5430 ἑπόμενον
876 5380 891 5394 ο
919 5362 1115 5416 ἕπεται
1146 5362 1256 5433 γὰρ
1284 5366 1399 5425 τοῖς
1426 5363 1807 5434 ὀργιζομένοις
1841 5365 1902 5418 τὸ

311 5456 403 5527 μὴ
432 5453 649 5523 βλέπειν
673 5457 767 5508 ἐπὶ
796 5455 893 5519 τὰς
919 5455 1135 5527 δεήσεις
1165 5456 1275 5509 τῶν
1311 5457 1795 5528 παροργισάντων.

400 5633 657 5702 Ψωμιεῖς
712 5633 871 5704 ἡμᾶς
919 5635 1103 5707 ἄρτον
1163 5634 1443 5707 δακρύων
1485 5635 1605 5712 ⁸καί
1674 5639 1902 5708 ποτιεῖς

428 5814 476 5847 ⁸⁸
502 5814 734 5871 Zachar.
770 5834 805 5883 ι,
844 5817 900 5873 5.

2010 4631 2113 4684 erit
2152 4628 2316 4684 nobis
2356 4629 2491 4684 satis
2521 4628 2588 4681 ad
2635 4629 2897 4686 salutem.
2950 4628 3144 4684 Sermo
3192 4639 3276 4686 est
3306 4635 3591 4704 metapho-

2007 4721 2179 4775 ricus.
2208 4718 2312 4775 Ubi
2339 4721 2485 4775 enim
2514 4720 2714 4790 aliquis
2754 4721 2885 4782 dux,
2914 4730 3009 4775 aut
3044 4721 3343 4790 imperator
3371 4733 3591 4781 certan-

2008 4815 2155 4868 tibus
2211 4813 2482 4868 militihus
2533 4813 2936 4883 supervenerit,
2984 4814 3246 4869 continuo
3302 4817 3420 4871 suis
3466 4818 3593 4887 qui-

2009 4905 2134 4959 dem
2202 4905 2448 4958 animum
2517 4911 2573 4958 et
2632 4903 2777 4958 vires
2826 4912 3084 4974 praestat,
3144 4903 3397 4961 hostibus
3457 4922 3590 4962 vero

2010 4994 2285 5048 timorem.

2085 5081 2253 5138 Vens.
2286 5085 2338 5139 5.
2366 5084 2605 5152 Domine,
2635 5084 2775 5140 Deus
2791 5086 3067 5149 virtutum,
3108 5101 3372 5155 usquequo
3396 5085 3590 5141 irasce-

2012 5177 2088 5230 ris
2140 5176 2209 5230 ad
2257 5178 2548 5231 orationem
2595 5193 2863 5232 servorum
2913 5176 3168 5231 tuorum?
3202 5193 3273 5216 -ι-
3325 5174 3585 5229 Irasceris

2011 5268 2169 5332 dixit,
2224 5284 2323 5335 pro
2368 5268 2484 5322 Non
2524 5268 2775 5339 respicis,
2815 5284 2844 5322 a
2898 5268 3336 5339 praacedentibus
3370 5267 3583 5337 signiti-

2009 5375 2143 5415 cans
2182 5360 2233 5413 id
2268 5360 2413 5430 quod
2462 5364 2839 5430 consequitur.
2894 5359 3083 5415 Solent
3124 5363 3271 5414 enim
3325 5359 3416 5428 qui
3472 5360 3585 5412 ira-

2011 5462 2267 5521 scuntur,
2319 5455 2385 5508 ad
2428 5453 2975 5525 illorumpetitiones
3017 5469 3127 5508 non
3161 5454 3458 5525 respicere,
3487 5454 3582 5523 qui

2014 5558 2108 5599 eos
2142 5544 2206 5597 ad
2242 5543 2376 5597 iram
2410 5553 2799 5615 provocarunt.

2087 5636 2244 5695 Vens.
2282 5638 2336 5693 6.
2374 5636 2586 5692 Cibabis
2618 5651 2711 5692 nos
2739 5652 2872 5707 pane
2901 5634 3263 5707 lacrymarum
3295 5644 3345 5692 et
3374 5635 3583 5707 potabis
