4088 6434
479 345 590 409 835

1697 356 2081 418 EUTHYMU
2123 357 2486 420 ZiGABENI

3660 359 3772 422 8.9.6

477 481 573 518 nos
634 463 888 535 larrymt's
944 467 998 519 in
1065 468 1364 522 mensura?
1422 470 1465 524 Α
1541 473 1825 528 communi
1903 490 2067 529 sensu

2179 472 2338 540 ἡμᾶς
2372 474 2443 527 ἐν
2465 473 2764 540 δάκρυσιν
2794 473 2866 528 ἐν
2894 472 3086 543 μέτρῳ
3104 472 3272 539 ;“Δπὺ
3303 471 3508 538 κοινοῦ,
3541 473 3600 528 τὸ
3618 476 3775 542 Ἕως

477 554 746 608 sumenda
799 562 885 608 est
929 555 1102 611 dictio
1145 555 1464 628 Usquequo!
1488 589 1558 599 —
1587 558 1809 616 Cibabis
1839 569 2073 628 :autem,

476 639 581 693 huc
605 650 714 705 est,
767 641 934 698 Dabis
981 643 1048 698 ad
1090 647 1562 704 manducandum.
1616 649 1935 722 Usquequo,
1985 654 2076 707 in-

477 733 618 802 quit,
665 734 839 801 voles,
885 743 944 790 ut
979 738 1385 796 manducemus
1434 731 1654 811 panem,
1685 748 1764 814 ζει
1819 745 2074 802 bibamus

477 825 663 877 vinum
729 825 784 880 in
838 827 1143 899 lacrymis?
1204 830 1415 889 Iudicat
1465 844 1651 892 autem
1721 838 1808 894 his
1866 841 2070 906 verbis,

476 917 620 984 quod
651 918 816 974 simul
845 935 973 976 cum
1006 922 1266 994 lacrymis
1305 941 1502 994 panem
1552 939 1608 985 et
1655 931 1845 987 vinum
1894 949 2076 990 sume-

474 1011 628 1065 bant.
671 1013 784 1078 Vel,
852 1013 1152 1086 Usquequo
1205 1035 1303 1090 pro
1349 1022 1472 1077 cibo
1521 1033 1577 1078 et
1623 1035 1758 1095 potu
1803 1029 2073 1097 praebebis

473 1105 635 1158 nobis
670 1106 984 1176 lacrymas?
1027 1107 1097 1163 In
1146 1127 1401 1167 mensura
1425 1127 1610 1170 autem
1642 1117 1803 1185 dixit,
1852 1134 1951 1190 pro
1987 1122 2071 1176 Ad

469 1210 818 1262 mensuram,
854 1198 961 1253 hoc
995 1209 1102 1264 est,
1132 1201 1201 1256 ad
1237 1204 1566 1261 delictorum
1603 1216 1918 1265 nostrorum
1952 1227 2075 1282 pro-

472 1293 782 1360 portionem
809 1301 863 1346 et
895 1296 1142 1348 modum.
1163 1297 1361 1366 Aquila
1385 1309 1566 1354 autem
1593 1311 1647 1355 et
1668 1301 2068 1374 Symmachus:

473 1383 682 1439 Cibasti
717 1399 838 1449 nos,
869 1386 1132 1441 dixerunt
1163 1399 1216 1443 et
1257 1388 1490 1444 Potasti.
1880 1441 1888 1446 .

542 1474 705 1529 Vsus.
741 1475 792 1528 7.
831 1475 1068 1531 Posuisti
1117 1495 1213 1533 nos
1249 1482 1304 1532 in
1353 1481 1837 1540 contradictionem
1881 1489 2068 1544 vicinis

472 1566 691 1629 nostris,
739 1574 789 1618 et
843 1565 1051 1619 inimici
1102 1570 1276 1622 nostri
1336 1577 1796 1629 subsannarerunt
1844 1592 1963 1632 nos.
2009 1578 2065 1632 ln

471 1654 989 1721 contradictionem,
1041 1657 1147 1712 hoc
1181 1667 1288 1723 est,
1333 1661 1391 1715 in
1443 1665 1825 1732 opprobrium.
1860 1667 2066 1723 Eadem

469 1758 652 1802 autem
683 1749 881 1818 repetit
913 1765 1038 1819 quae
1073 1750 1128 1805 iu
1159 1755 1432 1822 superiori
1471 1759 1685 1826 psalmo
1719 1760 1864 1814 dicta
1911 1772 2062 1824 sunt,

2178 569 2363 632 ardre;
2403 569 2662 637 Ψωμιεῖς
2681 570 2760 632 δὲ,
2793 569 2916 624 ἀντὶ
2947 569 3043 622 τοῦ
3075 571 3277 636 Φατεῖν
3307 568 3524 633 δώσεις.
3558 572 3773 639 ’Ἡγουν

2176 658 2283 721 ἕως
2308 659 2443 712 πότε
2478 664 2678 730 φαγεῖν
2709 661 2904 723 δώσεις
2926 662 3093 732 ἄρτον
3128 665 3187 715 ὲν
3208 661 3466 731 δάκρυσι,
3491 663 3584 714 καὶ
3615 665 3776 716 ποτί-

2177 765 2294 811 σεις
2329 745 2497 815 οἶνον,
2526 752 2734 821 ὁμοίως
2761 753 2821 804 ὲν
2851 752 3122 822 δακρύοις
3162 751 3327 822 Δηλοῖ
3351 753 3411 804 δὲ
3438 753 3522 805 ὅτι
3553 754 3646 806 καὶ
3667 753 3773 824 τὴν

2177 838 2402 908 βρῶσιν,
2467 841 2564 894 καὶ
2592 840 2691 911 τὴν
2724 841 2908 908 πόσιν,
2962 841 3297 912 δακρύοντες
3332 843 3766 913 προσεφέροντο.

2181 933 2250 985 Ἢ
2304 933 2401 985 καὶ
2448 913 2660 997 ἄλλως*
2692 935 2946 1004 Ψωμιεῖς
3002 936 3152 1004 ἡμᾶς
3182 934 3345 1006 ἄρτον
3375 935 3630 1006 δακρύων
3667 937 3772 990 καὶ

2174 1027 2387 1086 ποτιεῖς
2445 1027 2508 1078 ὲν
2541 1027 2800 1098 δάκρυσι,
2843 1027 3132 1081 τουτέστιν
3187 1027 3312 1080 ἀντὶ
3341 1026 3634 1097 βρώματος
3666 1029 3771 1082 καὶ

2175 1117 2427 1185 πόματος
2460 1117 2678 1189 δάκρυα
2704 1122 2906 1188 φαγεῖν
2934 1121 3086 1190 ἡμᾶς
3115 1122 3212 1174 καὶ¹
3253 1123 3400 1173 πιεῖν
3431 1120 3649 1186 δώσεις.
3689 1124 3772 1176 Τὸ

2171 1208 2229 1262 δὲ
2260 1210 2366 1264 Ἑν
2399 1209 2600 1280 μέτρῳ
2625 1214 2751 1266 ἀντὶ
2778 1211 2875 1266 τοῦ
2920 1212 3064 1282 Πρὸς
3097 1213 3330 1284 μέτρον·
3363 1213 3391 1266 ὅ
3426 1215 3575 1266 ἐστιν
3625 1216 3771 1268 ἀνα-

2175 1301 2352 1370 λόγως
2379 1304 2680 1375 ἁμαρτίαις
2713 1305 2892 1375 ἡμῶν.
2934 1305 3168 1369 Ἀκύλας
3210 1305 3267 1358 δὲ
3311 1306 3406 1359 καὶ
3438 1305 3768 1377 Σύμμαχος,

2185 1394 2533 1464 Ἐ’έπώμισας
2555 1398 2649 1451 καὶ
2682 1398 3029 1462 Ἐπότισας,
3069 1394 3243 1453 εἷπον.

2246 1489 2430 1542 Ἔθου
2451 1487 2612 1556 ἡμᾶς
2638 1490 2726 1554 εις
2748 1488 3104 1556 ἀντιλογίαν
3125 1489 3252 1556 τοῖς
3277 1490 3550 1557 γείτοσιν
3571 1491 3766 1559 ἡμῶν,

2169 1581 2268 1634 καί
2292 1583 2347 1635 οι
2368 1581 2571 1650 ἐχθροί
2593 1579 2763 1651 ἡμῶν
2783 1581 3197 1650 ἐμυκτήρισαν
3223 1581 3404 1653 ἡμᾶς.
3425 1584 3769 1653 ’Δντιλογίαν

2169 1672 2406 1726 ἐνταῦθα
2435 1673 2498 1726 τὸ
2545 1673 2752 1734 ὄνειδος
2805 1674 3036 1729 ἐκάλεσε
3061 1692 3073 1706 ·
3105 1677 3175 1730 τὰ
3215 1678 3358 1731 αὐτὰ
3420 1678 3597 1747 λέγων
3647 1684 3768 1742 τοῖς

2169 1767 2420 1838 ῥηθεῖσιν
2481 1769 2539 1820 ὲν
2566 1767 2647 1838 τῷ
2694 1768 2803 1838 πρὸ
2829 1768 3025 1822 τούτου
3089 1770 3313 1841 ψαλμῷ.
3344 1772 3578 1844 Εῐρηται
3607 1774 3718 1842 γάρ
3747 1789 3764 1804 ⁸

471 1843 606 1898 ibi:
662 1841 822 1895 Facti
883 1860 1068 1898 sumus
1140 1849 1487 1915 opprobrium
1567 1851 1757 1906 vicinis
1822 1857 2062 1919 nostris,

2171 1834 2593 1928 -Ἔγενήθημεν
2618 1834 2882 1926 *ὄνειδος
2923 1863 3052 1930 τοῖς
3089 1834 3358 1933 γείτοσιν
3398 1834 3588 1935 ἡμῶν,
3619 1834 3770 1936 ’μυ-

468 1936 820 1990 subsannatio
863 1945 914 1991 et
963 1936 1164 1992 derisio
1215 1940 1284 1994 iis
1335 1942 1425 2011 qui
1483 1943 1538 1996 in
1591 1945 1822 2001 circuitu
1885 1961 2067 2004 nostra

467 2037 592 2080 sunt
612 2028 680 2081 ⁸⁸.

545 2118 711 2176 Vsus.
774 2121 831 2176 8.
884 2120 1130 2186 Domine,
1173 2123 1315 2179 Deus
1351 2125 1630 2197 virtutum,
1666 2139 1902 2188 ctmverte
1949 2149 2067 2202 nos,

473 2216 686 2268 ostende
715 2217 908 2284 faciem
966 2229 1138 2283 tuam,
1177 2229 1228 2273 et
1279 2222 1416 2275 salvi
1463 2224 1683 2279 erimus.
1735 2225 1859 2281 llaec
1904 2230 2069 2283 etiam

473 2308 729 2375 superius
781 2308 931 2364 dicta
974 2320 1126 2366 sunt.
1179 2309 1525 2383 Repetitione
1564 2328 1747 2373 autem
1795 2322 2070 2378 sermonis

471 2400 839 2456 iutensioncm
869 2418 1094 2472 precum
1131 2420 1362 2460 suarum
1403 2410 1774 2468 demonstrat.

540 2491 704 2546 Vens.
738 2493 792 2549 9.
834 2493 1053 2550 Vineam
1085 2513 1150 2551 ex
1189 2497 1424 2570 {Egypto
1457 2505 1802 2560 transtulisti.
1832 2506 2070 2580 Antiqua

469 2598 869 2642 commemorat
915 2589 1206 2671 beneﬁcia,
1242 2609 1479 2652 narrans
1521 2599 1668 2654 unde
1712 2599 2069 2659 Hebraeorum

470 2692 646 2745 genus
676 2681 939 2735 evenerit.
975 2681 1052 2736 Ex
1076 2682 1313 2754 [Egypto
1340 2697 1548 2750 autem,
1587 2693 1860 2748 translata
1901 2712 1986 2750 est
2015 2699 2069 2751 in

471 2768 852 2826 Palzestinam.
889 2771 1096 2828 Deinde
1121 2777 1288 2829 etiam
1320 2781 1690 2849 prosequitur,
1743 2786 1914 2840 multa
1945 2805 2070 2843 nar.

470 2876 601 2915 rans
629 2860 918 2927 beneﬁcia,
949 2880 1072 2934 quae
1099 2866 1240 2922 Deus
1264 2865 1580 2923 Judarorum
1609 2873 1782 2943 gratia
1807 2887 2070 2945 operatus

469 2963 575 3016 est,
615 2964 672 3006 ut
705 2955 1024 3024 hujusmodi
1055 2963 1588 3020 commemoratione
1619 2966 1769 3021 illmn
1799 2967 2067 3037 flecteret,

476 3053 650 3116 utque
704 3049 1048 3118 impetraret,
1100 3050 1222 3106 illos
1259 3068 1328 3108 ne
1378 3070 1604 3124 prorsus
1637 3059 1964 3130 despiceret,
1996 3067 2068 3121 ob

2171 1955 2503 2021 κτηρισμύς
2535 1953 2635 2007 καί
2673 1955 3030 2025 χλευασμὸς
3055 1957 3184 2024 τοῖς
3209 1958 3416 2024 κύκλῳ
3441 1959 3630 2030 ἡμῶν.

2244 2135 2446 2202 Κύριε,
2467 2135 2500 2188 ὀ
2520 2134 2664 2202 Θεὸς
2684 2136 2804 2190 τῶν
2823 2135 3164 2206 δυνάμεων,
3187 2138 3566 2209 ἐπίστρεψον
3577 2140 3767 2212 ἡμᾶς,

2165 2225 2476 2295 exigamus
2508 2228 2575 2280 τὸ
2605 2227 2940 2296 πρόσωπόν
2977 2245 3096 2284 σου
3117 2269 3131 2292 ,
3181 2231 3283 2284 καί
3337 2231 3764 2302 σωθήσομεθιι.

2172 2318 2364 2372 Ταῦτα
2413 2320 2677 2388 ἀνωτέρω
2707 2318 2933 2390 εἴρηκεο
2989 2321 3071 2385 δὶς
3119 2321 3178 2376 δὲ
3213 2321 3426 2389 τούτοις
3461 2327 3764 2396 ἐχρήσατο,

2167 2414 2438 2469 δεικνύων
2463 2418 2720 2470 ἐπίτασιν
2750 2417 2849 2486 τῆς
2886 2415 3315 2488 παρακλήσεως.

2247 2515 2555 2581 Ἄμπελον
2577 2512 2648 2578 ἐξ
2671 2513 2975 2582 Αἰγύπτου
3005 2512 3298 2583 μτῆρας.
3352 2514 3464 2579 Τὰς
3519 2515 3769 2580 παλαιὰς

2173 2606 2499 2676 εὐεργεσίας
2531 2605 2848 2674 καταλέγει,
2891 2605 3278 2677 διηγούμενος,
3312 2608 3482 2661 πόθεν
3517 2609 3578 2662 τὸ
3604 2611 3768 2674 γένος

2172 2698 2280 2750 τῶν
2319 2698 2594 2769 Ἐϐραίων
2642 2700 2956 2768 μετήγαγεν
2992 2700 3075 2762 είς
3103 2699 3496 2771 Παλαιστίνην,
3531 2703 3624 2754 καὶ
3656 2702 3764 2754 ὅσα

2171 2792 2239 2844 δι’
2270 2791 2471 2854 αὐτοὺς
2517 2792 2812 2862 ὲποίησενυ
2846 2793 2995 2856 ὅπως
3045 2791 3302 2846 ἐντεῦθεν
3337 2791 3625 2863 ὲπικάμψῃ
3661 2794 3760 2846 τὸν

2170 2883 2330 2945 Θεὸν,
2379 2885 2459 2946 εἰς
2503 2883 2566 2935 τὺ
2607 2885 2683 2954 μὴ
2724 2884 2904 2954 πάντη
2953 2883 3222 2954 περιιδεῖν
3272 2883 3510 2947 αὐτοὺς,
3569 2883 3634 2936 δι’
3661 2883 3760 2947 οὒς

2171 2976 2416 3031 τοσαῦτα
2441 2976 2609 3029 πάλαι
2635 2978 2958 3048 εἰργάσατο.
2975 2977 3076 3043 Διὰ
3104 2977 3201 3030 τοῦ
3230 2976 3451 3047 ψαλμοῦ
3477 2977 3534 3030 δὲ
3560 2978 3587 3030 ὁ
3617 2979 3765 3046 [lpo-

2172 3072 2353 3140 φήτης
2388 3071 2680 3135 ὑποτυποῖ,
2744 3071 2862 3134 πῶς
2910 3072 2994 3124 δεῖ
3043 3070 3134 3125 τὸν
3181 3071 3317 3125 Θεὸν
3375 3069 3713 3135 ὲξιλεούσθαι
3743 3086 3762 3100 ο

469 3153 610 3205 quos
639 3146 792 3192 tanta
837 3141 967 3194 olim
999 3142 1290 3200 eli'ecisset.
1325 3145 1497 3203 Docet
1524 3151 1692 3205 etiam
1723 3153 1826 3210 hoc
1855 3159 2067 3226 psalmo

2183 3164 2362 3227 ποίοις
2393 3164 2718 3234 χρωμένους
2753 3163 3016 3234 ῥήμασιν.
3044 3163 3324 3233 ’Ἄμπελον
3349 3163 3410 3217 δὲ
3449 3163 3605 3217 καλεῖ
3632 3178 3767 3232 τρο-

469 3227 742 3298 Propheta
773 3247 883 3300 quo
910 3243 1072 3300 pacto
1095 3244 1350 3304 oporteat
1391 3253 1497 3294 nos
1525 3240 1699 3298 Deum
1735 3246 1976 3316 placare,
2010 3263 2066 3308 et

2178 3257 2357 3320 πικῶς
2409 3257 2472 3310 τὸ
2497 3258 2654 3326 γένος
2686 3257 2796 3312 τῶν
2847 3257 3121 3311 Ἰουδαίων
3149 3255 3239 3310 διὰ
3267 3256 3328 3310 τὸ
3361 3254 3613 3318 εὐθαλὲς.

467 3325 670 3392 quibus
706 3325 910 3380 verbis.
939 3325 1042 3381 Per
1096 3330 1310 3385 vineam
1339 3342 1528 3391 autem
1559 3336 1792 3408 ﬁgurate
1834 3342 2151 3407 Iudaeorum
2179 3362 2400 3424 gentem
2447 3351 2724 3423 intelligit,
2760 3367 2884 3420 quae
2953 3350 3085 3406 olim
3160 3353 3336 3407 vineae
3411 3351 3588 3407 instar
3661 3350 3772 3406 llo-

467 3421 783 3475 rcnlissima
815 3432 954 3477 erat.

540 3513 762 3582 Ejecisti
793 3529 1000 3587 gentes,
1041 3529 1090 3575 et
1123 3521 1382 3592 plantasti
1415 3542 1556 3582 eam.
1591 3529 1665 3585 De
1693 3532 1780 3589 his
1816 3537 2068 3606 gentibus

470 3605 800 3664 tradidimus
839 3612 892 3664 in
926 3615 1140 3682 psalmo
1173 3632 1378 3672 Lxxvn.
1420 3619 1670 3676 Persistit
1710 3605 1893 3682 autem
1926 3629 2065 3688 Pro-

469 3698 632 3766 pheta
684 3701 738 3754 in
776 3701 889 3770 jam
918 3717 1099 3774 empta
1153 3715 1498 3780 metaphora.
1549 3715 1820 3774 Plantasti
1871 3725 2014 3778 enim
2045 3764 2062 3792 ,

471 3789 670 3858 inquit,
704 3807 846 3858 cam,
876 3795 978 3850 hoc
1009 3809 1114 3863 est,
1137 3801 1396 3859 stabilisti
1429 3823 1444 3860 :
1475 3809 1688 3864 tametsi
1711 3789 2060 3881 postmodum

471 3877 648 3936 Judaei
684 3885 756 3938 ob
793 3890 962 3940 multa
993 3905 1184 3946 eorum
1216 3897 1424 3952 scelera
1449 3898 1503 3953 in
1532 3898 1699 3955 Deum
1741 3907 2059 3979 commissa,

471 3973 621 4028 illinc
644 3991 873 4044 prorsus
903 3985 1114 4052 expulsi
1141 3987 1274 4042 sint.

542 4066 710 4125 Vsus.
756 4070 845 4126 10.
889 4072 1040 4129 Viam
1076 4077 1252 4147 fecisti
1284 4095 1406 4139 ante
1433 4102 1573 4142 eam.
1618 4087 1889 4149 Omnibus
1937 4094 2062 4152 aliis

472 4159 899 4232 impedimentis,
941 4170 1227 4238 spinarum
1257 4175 1432 4232 instar
1461 4220 1476 4245 ,
1511 4183 1720 4237 evulsis
1744 4224 1759 4249 ,
1791 4186 1928 4240 viam
1963 4204 1996 4257 p
2021 4209 2064 4237 ι-

470 4255 602 4324 pulo
635 4256 798 4312 latam
834 4260 1034 4318 fecisti.
1070 4265 1190 4330 Vel,
1220 4268 1328 4322 lter
1346 4271 1394 4324 ei
1430 4273 1629 4339 iecisti,
1661 4275 1831 4346 legem
1853 4255 2064 4337 scilicet

472 4361 740 4418 prastaus
766 4367 864 4422 per
898 4371 1063 4424 quam
1099 4359 1466 4417 ambularent.

539 4443 605 4492 Et
637 4444 898 4505 plantasti
929 4446 1133 4502 radices
1164 4451 1299 4519 ejus.
1336 4451 1462 4508 Haec
1495 4457 1654 4512 verba
1686 4460 1850 4514 etiam
1882 4464 2061 4534 magis

2239 3535 2561 3602 Ἐξέσαλες
2577 3537 2747 3602 ἔθνη,
2775 3535 2874 3589 καὶ
2899 3534 3361 3603 κατεφύτευσας
3381 3533 3595 3601 αὑτήν·
3617 3536 3769 3606 Περὶ

2163 3629 2377 3684 τούτων
2447 3629 2560 3682 τῶν
2611 3627 2786 3681 ὲονῶν
2843 3629 3150 3697 είρήκαμεν
3176 3630 3235 3681 ὲν
3269 3628 3346 3697 τῷ
3395 3629 3472 3692 οζ¹
3528 3627 3764 3697 ψαλμῷ.

2163 3723 2244 3776 Δι’
2308 3722 2433 3775 ὅλου
2485 3721 2543 3775 δὲ
2594 3721 2691 3774 τοῦ
2728 3721 3003 3790 νοήματος
3037 3723 3200 3791 τηρεῖ
3240 3721 3350 3773 τῶν
3398 3720 3601 3785 λέξεων
3656 3721 3766 3790 τὴν

2161 3815 2396 3886 τροπήν.
2435 3814 2906 3882 Κατεφύτευσας
2949 3813 3028 3880 δὲ,
3075 3815 3201 3867 ἀντὶ
3239 3813 3337 3867 τοῦ
3368 3814 3644 3884 Ἴδρυσας.
3689 3815 3767 3868 Ei.

2160 3909 2257 3962 καὶ
2289 3907 2750 3979 παροργίσαντες,
2781 3905 3099 3978 ὲξώσ’;ησαν
3130 3904 3379 3977 ὕστερον.

2250 4085 2655 4155 Ὠδοποιησας
2688 4084 3036 4154 ἔμπροσθεν
3060 4082 3266 4153 αὐτῆς.
3284 4083 3437 4139 Ὃδδν
3463 4084 3765 4156 ἐποίησας,

2167 4176 2390 4243 ἐξελὼν,
2425 4177 2582 4246 δίκην
2611 4176 2866 4229 ἀκανθῶν
2893 4175 2990 4228 καὶ
3023 4175 3252 4230 σκώλων
3274 4175 3475 4244 ἄλλων,
3499 4178 3568 4230 τὰ
3601 4175 3760 4247 ἔθνη·

2169 4271 2203 4343 ἢ
2239 4272 2336 4325 καὶ
2363 4271 2528 4341 νόμον
2563 4270 2714 4337 δοὺς,
2743 4268 2813 4322 δι’
2847 4263 2908 4322 οὗ
2943 4268 3232 4339 βαδιεῖται.

2240 4456 2349 4511 Καί
2403 4455 2863 4525 κατεφύτευσας
2928 4455 3040 4522 τὰς
3090 4454 3262 4524 ῥίζας
3311 4454 3525 4524 αὐτῆς.
3582 4454 3771 4508 Τοῦτο

471 4532 754 4589 declarant
787 4540 1086 4605 praestitam
1111 4543 1314 4612 populo
1363 4547 1740 4606 stabilitatem.
1783 4552 1886 4608 Per
1920 4532 2064 4611 radi-

2170 4548 2510 4619 ὲμφαντικόν
2541 4549 2691 4602 ἐστιν
2729 4547 2954 4618 βεϐαίας
3015 4549 3300 4620 ἱδρύσεως.
3343 4548 3531 4612 Ῥίζας
3565 4548 3620 4600 δὲ
3645 4547 3768 4600 νόει

470 4639 563 4679 ces
602 4635 827 4693 autem,
887 4630 1131 4685 tribuum
1196 4636 1470 4707 principes
1505 4643 1774 4715 giutcllige
1800 4686 1816 4712 ,
1855 4648 1973 4713 vel,
2014 4649 2067 4704 in

474 4717 790 4772 universum
819 4720 999 4790 ipsum
1042 4739 1270 4796 regnum
1297 4726 1636 4800 Judmorum.

543 4809 615 4863 Et
644 4811 876 4879 implevit
906 4825 1128 4872 terram.
1161 4818 1280 4875 Non
1317 4824 1630 4879 universam
1696 4835 1904 4883 terram
1966 4833 2064 4887 scd

471 4910 677 4957 terram
712 4907 1118 4977 promissionis,
1154 4928 1318 4984 quam
1349 4916 1735 4984 possederunt.

543 4993 710 5053 Vsus.
745 4999 832 5054 ll.
868 4999 937 5052 Et
969 5007 1173 5072 operuit
1199 5017 1402 5062 montes
1440 5009 1628 5064 umbra
1674 5011 1790 5081 ejus
1819 5053 1833 5077 ,
1882 5023 1931 5068 et
1968 5032 2064 5070 ar-

474 5086 630 5138 busta
663 5086 779 5155 ejus
813 5097 998 5144 cedrus
1036 5093 1157 5150 Dei.
1190 5095 1292 5149 Per
1313 5109 1523 5153 montes
1546 5101 1765 5169 quidem
1805 5105 2066 5162 linitimas

476 5176 738 5247 intelligit
768 5190 976 5250 gentes,
1003 5193 1057 5236 et
1083 5199 1177 5253 per
1209 5185 1460 5240 umbram
1493 5191 1632 5259 ejus,
1682 5194 2064 5250 auctoritatem

469 5279 526 5322 ct
557 5271 856 5338 potentiam
900 5271 1106 5330 Judaeis
1138 5279 1438 5346 praestitum
1467 5298 1481 5346 ;
1536 5299 1631 5353 per
1657 5285 1855 5342 cedrus
1893 5303 2022 5344 vero
2050 5328 2065 5355 ,

472 5360 594 5414 illos
636 5362 938 5432 principes,
968 5367 1063 5435 qui
1097 5369 1241 5421 inter
1301 5374 1544 5440 gentium
1596 5379 1848 5432 nationes
1896 5382 2068 5435 subli-

2168 4645 2297 4706 τοὺς
2326 4642 2595 4712 ἐξάρχους
2626 4642 2736 4696 τῶν
2767 4643 2972 4713 φυλῶν,
3001 4643 3035 4714 ἢ
3064 4643 3298 4697 καθόλου
3338 4644 3439 4713 τὴν
3476 4641 3770 4712 βασιλείαν

2177 4735 2474 4807 Ἐὄραίων.

2237 4827 2354 4881 Καὶ
2392 4829 2714 4898 ἐπλήρωσε
2751 4829 2867 4895 τὴν
2899 4826 3038 4899 γῆν.
3106 4827 3184 4882 Οὐ
3234 4827 3338 4897 τῆς
3399 4827 3768 4898 οἰκουμένης,

2165 4921 2307 4974 ἀλλὰ
2339 4921 2438 4991 τὴν
2463 4926 2565 4990 τῆς
2597 4921 2961 4990 ἐπαγγελίας,
2997 4921 3088 4974 καὶ
3114 4923 3246 4994 ὅσης
3275 4922 3611 4992 ἐκράτησαν.

2253 5014 2605 5083 Ἐκὰλυψεν
2634 5015 2740 5084 ὄρη
2764 5016 2906 5069 σκιὰ
2932 5013 3144 5083 αὐτῆς,
3181 5015 3279 5068 καὶ
3306 5018 3364 5068 al
3388 5013 3770 5080 ἀναδενδρά-

2173 5105 2278 5172 ὃες
2308 5106 2500 5176 αὐτῆς
2551 5109 2657 5175 τὰς
2705 5107 2958 5176 κέδρους
2988 5105 3097 5161 τοῦ
3145 5106 3315 5162 Θεοῦ.
3357 5109 3497 5178 Ὄρη
3538 5106 3638 5176 μὲν
3689 5112 3771 5161 τὰ

2167 5200 2345 5270 ὅμορα
2395 5200 2523 5270 ἔθνη
2548 5217 2562 5231 ·
2614 5202 2648 5271 ἡ
2683 5201 2807 5253 σκιὰ
2840 5199 2898 5252 δὲ
2937 5199 3108 5269 αὐτῆς
3140 5201 3173 5271 ἡ
3208 5199 3427 5266 ἐξουσία
3473 5199 3569 5252 καὶ
3593 5199 3773 5250 δυναο

2169 5292 2345 5355 στεία,
2381 5295 2412 5361 ἡ
2472 5294 2791 5346 ὲπιτεθεῖσα
2845 5293 3052 5356 αὐτοῖς.
3087 5293 3196 5346 Καὶ
3251 5292 3435 5363 κέδροι
3487 5291 3585 5362 μὲν
3612 5291 3662 5342 οἱ
3698 5292 3769 5343 ὲν

2168 5386 2281 5444 τοῖς
2307 5383 2520 5438 ἔθνεσιν
2551 5384 2748 5455 ὑψηλοὶ
2781 5385 2878 5440 καὶ
2902 5387 3265 5456 ὑπερέχοντες
3297 5386 3559 5454 ἄρχοντες
3580 5400 3594 5413 ·
3625 5384 3770 5435 dwa-

472 5454 676 5508 miores
707 5464 760 5509 et
792 5457 1060 5514 clariores
1096 5471 1283 5530 erant;
1315 5473 1368 5518 ct
1392 5481 1489 5534 per
1513 5469 1737 5524 arbusta
1769 5471 1910 5541 ejus,
1949 5474 2067 5531 illos

2170 5475 2454 5546 δενδράδες
2494 5477 2551 5530 δὲ
2573 5454 2744 5547 αὐτῆς
2775 5479 2825 5530 οῖ
2855 5454 3126 5548 ἡγεμονες
3149 5478 3198 5529 oi.
3229 5478 3418 5529 ἐπάνω
3447 5475 3766 5530 καταστὰν-

475 5543 642 5609 viros,
664 5547 756 5614 qui
781 5563 946 5619 super
966 5551 1280 5609 Judarorum
1304 5559 1560 5628 populum
1585 5561 1754 5619 duces
1783 5569 2067 5624 constituti

2170 5583 2261 5631 τες
2289 5568 2492 5621 αὐτῶν.
2524 5569 2630 5622 Ίόῦ
2659 5568 2797 5622 Θεοῦ
2859 5570 2916 5622 δὲ
2969 5567 3094 5621 εἷπε
3139 5567 3240 5632 τὰς
3275 5569 3523 5640 κέδρους,
3559 5569 3634 5631 ὡς
3661 5566 3764 5619 καὶ

474 5633 709 5692 fuerant.
747 5637 840 5694 Dei
871 5652 1052 5698 autem
1083 5649 1280 5706 cedros
1305 5666 1428 5707 cssc
1463 5653 1600 5707 dixit
1627 5695 1642 5722 ,
1673 5657 1840 5710 veluti
1887 5659 1958 5715 ab
2002 5678 2067 5717 eo

2170 5660 2352 5714 αὐτῶν
2382 5659 2486 5714 ὑπὸ
2517 5660 2654 5714 Θεοῦ
2689 5661 3039 5731 ὑψωθέντων.
3083 5662 3206 5717 Ἐπὶ
3259 5661 3354 5716 τοῦ
3376 5633 3571 5715 ’Δαδίό
3623 5661 3767 5732 γὰρ,

551 5816 597 5849 ⁸⁸
623 5817 772 5874 Psal.
808 5835 1036 5894 Lxxvut,
1071 5825 1127 5881 ί.
