  <div class='ocr_page' id='page_1' title='image "/cluster/home/n/w/nwhite01/storage/ocr_20150623/128:no.1/coo.31924054870336/426.png"; bbox 0 0 4088 6452; ppageno 0'>
   <div class='ocr_carea' id='block_1_1' title="bbox 326 372 425 437">
    <p class='ocr_par' dir='ltr' id='par_1_1' title="bbox 326 372 425 437">
     <span class='ocr_line' id='line_1_1' title="bbox 326 372 425 437; baseline -0.04 0"><span class='ocrx_word' id='word_1_1' title='bbox 326 372 425 437; x_wconf 68' lang='grc'><strong>82⁸1</strong></span> 
     </span>
    </p>
   </div>
   <div class='ocr_carea' id='block_1_2' title="bbox 1475 365 2405 432">
    <p class='ocr_par' dir='ltr' id='par_1_2' title="bbox 1475 365 2405 432">
     <span class='ocr_line' id='line_1_2' title="bbox 1475 365 2405 432; baseline -0.008 0"><span class='ocrx_word' id='word_1_2' title='bbox 1475 369 1870 432; x_wconf 80' lang='lat' dir='ltr'><strong>COMMENT.</strong></span> <span class='ocrx_word' id='word_1_3' title='bbox 1930 368 2010 430; x_wconf 84' lang='lat' dir='ltr'><strong>IN</strong></span> <span class='ocrx_word' id='word_1_4' title='bbox 2046 365 2405 428; x_wconf 72' lang='lat' dir='ltr'><strong>P&#39;SALMos.</strong></span> 
     </span>
    </p>
   </div>
   <div class='ocr_carea' id='block_1_3' title="bbox 3479 369 3589 432">
    <p class='ocr_par' dir='ltr' id='par_1_3' title="bbox 3479 369 3589 432">
     <span class='ocr_line' id='line_1_3' title="bbox 3479 369 3589 432; baseline 0.018 -4"><span class='ocrx_word' id='word_1_5' title='bbox 3479 369 3589 432; x_wconf 60' lang='lat'><strong>833</strong></span> 
     </span>
    </p>
   </div>
   <div class='ocr_carea' id='block_1_4' title="bbox 327 467 1929 552">
    <p class='ocr_par' dir='ltr' id='par_1_4' title="bbox 327 476 1891 552">
     <span class='ocr_line' id='line_1_4' title="bbox 327 476 1891 552; baseline -0.006 -14"><span class='ocrx_word' id='word_1_6' title='bbox 327 488 402 538; x_wconf 81' lang='grc' dir='ltr'>ἔτι</span> <span class='ocrx_word' id='word_1_7' title='bbox 430 484 485 538; x_wconf 75' lang='grc' dir='ltr'>δὲ</span> <span class='ocrx_word' id='word_1_8' title='bbox 545 483 639 536; x_wconf 68' lang='grc' dir='ltr'><strong>καὶ</strong></span> <span class='ocrx_word' id='word_1_9' title='bbox 681 479 778 535; x_wconf 81' lang='grc' dir='ltr'><strong>τοῦ</strong></span> <span class='ocrx_word' id='word_1_10' title='bbox 826 478 1194 552; x_wconf 76' lang='grc' dir='ltr'><strong>Σολομῶντος,</strong></span> <span class='ocrx_word' id='word_1_11' title='bbox 1219 476 1394 544; x_wconf 79' lang='grc' dir='ltr'>πολλᾲ</span> <span class='ocrx_word' id='word_1_12' title='bbox 1438 478 1549 532; x_wconf 81' lang='grc' dir='ltr'><strong>τῶν</strong></span> <span class='ocrx_word' id='word_1_13' title='bbox 1574 477 1746 533; x_wconf 84' lang='grc' dir='ltr'>ἐθνῶν</span> <span class='ocrx_word' id='word_1_14' title='bbox 1777 476 1891 530; x_wconf 49' lang='grc' dir='ltr'>ἐδα.</span> 
     </span>
    </p>
   </div>
   <div class='ocr_carea' id='block_1_5' title="bbox 2029 467 3586 552">
    <p class='ocr_par' dir='ltr' id='par_1_5' title="bbox 2029 467 3586 547">
     <span class='ocr_line' id='line_1_5' title="bbox 2029 467 3586 547; baseline 0.004 -21"><span class='ocrx_word' id='word_1_15' title='bbox 2029 473 2297 526; x_wconf 71' lang='lat' dir='ltr'><strong>exaltatas.</strong></span> <span class='ocrx_word' id='word_1_16' title='bbox 2330 467 2691 539; x_wconf 73' lang='lat' dir='ltr'><strong>Temporibus</strong></span> <span class='ocrx_word' id='word_1_17' title='bbox 2713 478 2894 524; x_wconf 85' lang='lat' dir='ltr'><strong>autem</strong></span> <span class='ocrx_word' id='word_1_18' title='bbox 2923 473 3038 524; x_wconf 74' lang='lat' dir='ltr'><strong>tam</strong></span> <span class='ocrx_word' id='word_1_19' title='bbox 3069 470 3208 526; x_wconf 86' lang='lat' dir='ltr'><strong>beati</strong></span> <span class='ocrx_word' id='word_1_20' title='bbox 3230 472 3396 529; x_wconf 86' lang='lat' dir='ltr'><strong>David</strong></span> <span class='ocrx_word' id='word_1_21' title='bbox 3421 493 3586 547; x_wconf 86' lang='lat' dir='ltr'><strong>quam</strong></span> 
     </span>
    </p>
   </div>
   <div class='ocr_carea' id='block_1_6' title="bbox 329 572 1124 646">
    <p class='ocr_par' dir='ltr' id='par_1_6' title="bbox 329 572 1124 646">
     <span class='ocr_line' id='line_1_6' title="bbox 329 572 1124 646; baseline -0.005 -16"><span class='ocrx_word' id='word_1_22' title='bbox 329 575 642 646; x_wconf 82' lang='grc' dir='ltr'>σμοφόρουν</span> <span class='ocrx_word' id='word_1_23' title='bbox 668 576 778 635; x_wconf 81' lang='grc' dir='ltr'>τοῖς</span> <span class='ocrx_word' id='word_1_24' title='bbox 823 572 1124 635; x_wconf 76' lang='grc' dir='ltr'>Ἰουδαίοις.</span> 
     </span>
    </p>
   </div>
   <div class='ocr_carea' id='block_1_7' title="bbox 398 663 1900 734">
    <p class='ocr_par' dir='ltr' id='par_1_7' title="bbox 398 663 1900 734">
     <span class='ocr_line' id='line_1_7' title="bbox 398 663 1900 734; baseline -0.003 -12"><span class='ocrx_word' id='word_1_25' title='bbox 398 667 693 732; x_wconf 79' lang='grc' dir='ltr'>Ἔξέτεινε</span> <span class='ocrx_word' id='word_1_26' title='bbox 720 667 790 720; x_wconf 83' lang='grc' dir='ltr'>τὰ</span> <span class='ocrx_word' id='word_1_27' title='bbox 818 665 1099 734; x_wconf 75' lang='grc' dir='ltr'><strong>κλήματα</strong></span> <span class='ocrx_word' id='word_1_28' title='bbox 1149 663 1344 730; x_wconf 78' lang='grc' dir='ltr'>αὐτῆς</span> <span class='ocrx_word' id='word_1_29' title='bbox 1391 663 1502 730; x_wconf 70' lang='grc' dir='ltr'>ἕως</span> <span class='ocrx_word' id='word_1_30' title='bbox 1560 667 1900 730; x_wconf 81' lang='grc' dir='ltr'>θαλασσης.</span> 
     </span>
    </p>
   </div>
   <div class='ocr_carea' id='block_1_8' title="bbox 328 755 1902 828">
    <p class='ocr_par' dir='ltr' id='par_1_8' title="bbox 328 755 1902 828">
     <span class='ocr_line' id='line_1_8' title="bbox 328 755 1902 828; baseline -0.006 -12"><span class='ocrx_word' id='word_1_31' title='bbox 328 761 425 816; x_wconf 76' lang='grc' dir='ltr'>καί</span> <span class='ocrx_word' id='word_1_32' title='bbox 449 760 561 826; x_wconf 83' lang='grc' dir='ltr'>ἓως</span> <span class='ocrx_word' id='word_1_33' title='bbox 586 757 872 828; x_wconf 77' lang='grc' dir='ltr'><strong>ποταμῶν</strong></span> <span class='ocrx_word' id='word_1_34' title='bbox 900 759 1007 823; x_wconf 81' lang='grc' dir='ltr'>τὰς</span> <span class='ocrx_word' id='word_1_35' title='bbox 1033 755 1435 826; x_wconf 79' lang='grc' dir='ltr'><strong>παραφυάδας</strong></span> <span class='ocrx_word' id='word_1_36' title='bbox 1481 755 1694 824; x_wconf 77' lang='grc' dir='ltr'>αὐτῆς.</span> <span class='ocrx_word' id='word_1_37' title='bbox 1752 757 1868 824; x_wconf 79' lang='grc' dir='ltr'><strong>Κλή</strong></span> <span class='ocrx_word' id='word_1_38' title='bbox 1886 787 1902 798; x_wconf 72' lang='grc' dir='ltr'><strong><em>ο</em></strong></span> 
     </span>
    </p>
   </div>
   <div class='ocr_carea' id='block_1_9' title="bbox 2008 563 3350 631">
    <p class='ocr_par' dir='ltr' id='par_1_9' title="bbox 2008 563 3350 631">
     <span class='ocr_line' id='line_1_9' title="bbox 2008 563 3350 631; baseline 0.001 -11"><span class='ocrx_word' id='word_1_39' title='bbox 2008 565 2320 620; x_wconf 88' lang='lat' dir='ltr'><strong>Salomonis</strong></span> <span class='ocrx_word' id='word_1_40' title='bbox 2353 563 2534 616; x_wconf 76' lang='lat' dir='ltr'><strong>inultae</strong></span> <span class='ocrx_word' id='word_1_41' title='bbox 2565 571 2754 631; x_wconf 83' lang='lat' dir='ltr'><strong>gentes</strong></span> <span class='ocrx_word' id='word_1_42' title='bbox 2783 564 3089 618; x_wconf 87' lang='lat' dir='ltr'><strong>servierunt</strong></span> <span class='ocrx_word' id='word_1_43' title='bbox 3124 563 3350 622; x_wconf 61' lang='lat' dir='ltr'><strong>ludatis.</strong></span> 
     </span>
    </p>
   </div>
   <div class='ocr_carea' id='block_1_10' title="bbox 2081 652 3588 724">
    <p class='ocr_par' dir='ltr' id='par_1_10' title="bbox 2081 652 3588 724">
     <span class='ocr_line' id='line_1_10' title="bbox 2081 652 3588 724; baseline 0.004 -14"><span class='ocrx_word' id='word_1_44' title='bbox 2081 656 2249 710; x_wconf 74' lang='lat' dir='ltr'><strong>Vens.</strong></span> <span class='ocrx_word' id='word_1_45' title='bbox 2283 653 2372 706; x_wconf 71' lang='grc'><strong>12.</strong></span> <span class='ocrx_word' id='word_1_46' title='bbox 2409 652 2660 708; x_wconf 72' lang='lat' dir='ltr'><strong>Extendi!</strong></span> <span class='ocrx_word' id='word_1_47' title='bbox 2684 655 2928 721; x_wconf 83' lang='lat' dir='ltr'><strong>palmites</strong></span> <span class='ocrx_word' id='word_1_48' title='bbox 2959 673 3085 710; x_wconf 86' lang='lat' dir='ltr'><strong>suos</strong></span> <span class='ocrx_word' id='word_1_49' title='bbox 3126 674 3293 724; x_wconf 76' lang='lat' dir='ltr'><strong>usque</strong></span> <span class='ocrx_word' id='word_1_50' title='bbox 3326 661 3395 713; x_wconf 82' lang='lat' dir='ltr'><strong>ad</strong></span> <span class='ocrx_word' id='word_1_51' title='bbox 3425 680 3588 724; x_wconf 81' lang='lat' dir='ltr'><strong>mare,</strong></span> 
     </span>
    </p>
   </div>
   <div class='ocr_carea' id='block_1_11' title="bbox 2005 746 3591 820">
    <p class='ocr_par' dir='ltr' id='par_1_11' title="bbox 2005 746 3591 820">
     <span class='ocr_line' id='line_1_11' title="bbox 2005 746 3591 820; baseline 0.005 -19"><span class='ocrx_word' id='word_1_52' title='bbox 2005 757 2055 802; x_wconf 84' lang='lat' dir='ltr'><strong>et</strong></span> <span class='ocrx_word' id='word_1_53' title='bbox 2087 762 2250 815; x_wconf 80' lang='lat' dir='ltr'><strong>usque</strong></span> <span class='ocrx_word' id='word_1_54' title='bbox 2284 746 2352 799; x_wconf 85' lang='lat' dir='ltr'><strong>ad</strong></span> <span class='ocrx_word' id='word_1_55' title='bbox 2386 746 2611 814; x_wconf 81' lang='lat' dir='ltr'><strong>ﬂumina</strong></span> <span class='ocrx_word' id='word_1_56' title='bbox 2648 749 2962 815; x_wconf 82' lang='lat' dir='ltr'><strong>propagines</strong></span> <span class='ocrx_word' id='word_1_57' title='bbox 2992 765 3143 806; x_wconf 76' lang='lat' dir='ltr'><strong>suas.</strong></span> <span class='ocrx_word' id='word_1_58' title='bbox 3181 749 3284 804; x_wconf 73' lang='lat' dir='ltr'><strong>Per</strong></span> <span class='ocrx_word' id='word_1_59' title='bbox 3317 753 3591 820; x_wconf 69' lang='lat' dir='ltr'><strong>palmites,</strong></span> 
     </span>
    </p>
   </div>
   <div class='ocr_carea' id='block_1_12' title="bbox 339 837 1929 926">
    <p class='ocr_par' dir='ltr' id='par_1_12' title="bbox 339 848 1908 926">
     <span class='ocr_line' id='line_1_12' title="bbox 339 848 1908 926; baseline -0.003 -19"><span class='ocrx_word' id='word_1_60' title='bbox 339 872 485 926; x_wconf 82' lang='grc' dir='ltr'>ματα</span> <span class='ocrx_word' id='word_1_61' title='bbox 517 853 618 925; x_wconf 82' lang='grc' dir='ltr'>μὲν</span> <span class='ocrx_word' id='word_1_62' title='bbox 674 854 745 908; x_wconf 72' lang='grc' dir='ltr'>τὰ</span> <span class='ocrx_word' id='word_1_63' title='bbox 792 851 1064 922; x_wconf 87' lang='grc' dir='ltr'>γενόμενα</span> <span class='ocrx_word' id='word_1_64' title='bbox 1093 851 1238 905; x_wconf 83' lang='grc' dir='ltr'>κατὰ</span> <span class='ocrx_word' id='word_1_65' title='bbox 1267 851 1480 921; x_wconf 81' lang='grc' dir='ltr'>καιρὸν,</span> <span class='ocrx_word' id='word_1_66' title='bbox 1526 852 1624 904; x_wconf 76' lang='grc' dir='ltr'><strong>καὶ</strong></span> <span class='ocrx_word' id='word_1_67' title='bbox 1673 848 1908 916; x_wconf 78' lang='grc' dir='ltr'>αὔξοντα</span> 
     </span>
    </p>
   </div>
   <div class='ocr_carea' id='block_1_13' title="bbox 2029 837 3590 926">
    <p class='ocr_par' dir='ltr' id='par_1_13' title="bbox 2029 837 3590 913">
     <span class='ocr_line' id='line_1_13' title="bbox 2029 837 3590 913; baseline 0.005 -21"><span class='ocrx_word' id='word_1_68' title='bbox 2029 848 2395 905; x_wconf 75' lang='lat' dir='ltr'><strong>iugesccntem</strong></span> <span class='ocrx_word' id='word_1_69' title='bbox 2436 837 2614 906; x_wconf 82' lang='lat' dir='ltr'><strong>populi</strong></span> <span class='ocrx_word' id='word_1_70' title='bbox 2670 837 3074 894; x_wconf 83' lang='lat' dir='ltr'><strong>multitudinem</strong></span> <span class='ocrx_word' id='word_1_71' title='bbox 3105 881 3118 903; x_wconf 88' lang='lat'><strong>,</strong></span> <span class='ocrx_word' id='word_1_72' title='bbox 3165 852 3220 896; x_wconf 91' lang='lat' dir='ltr'><strong>et</strong></span> <span class='ocrx_word' id='word_1_73' title='bbox 3262 859 3360 913; x_wconf 90' lang='lat' dir='ltr'><strong>per</strong></span> <span class='ocrx_word' id='word_1_74' title='bbox 3399 862 3548 901; x_wconf 84' lang='lat' dir='ltr'><strong>mare</strong></span> <span class='ocrx_word' id='word_1_75' title='bbox 3573 886 3590 913; x_wconf 88' lang='lat'><strong>,</strong></span> 
     </span>
    </p>
   </div>
   <div class='ocr_carea' id='block_1_14' title="bbox 336 943 1906 1020">
    <p class='ocr_par' dir='ltr' id='par_1_14' title="bbox 336 943 1906 1020">
     <span class='ocr_line' id='line_1_14' title="bbox 336 943 1906 1020; baseline -0.005 -17"><span class='ocrx_word' id='word_1_76' title='bbox 336 950 518 1020; x_wconf 73' lang='grc' dir='ltr'>πλήθη</span> <span class='ocrx_word' id='word_1_77' title='bbox 541 949 635 1002; x_wconf 79' lang='grc' dir='ltr'><strong>τοῦ</strong></span> <span class='ocrx_word' id='word_1_78' title='bbox 667 945 800 1000; x_wconf 84' lang='grc' dir='ltr'>λαοῦ</span> <span class='ocrx_word' id='word_1_79' title='bbox 825 963 839 978; x_wconf 68' lang='grc' dir='ltr'><strong>ι</strong></span> <span class='ocrx_word' id='word_1_80' title='bbox 875 945 1124 1000; x_wconf 83' lang='grc' dir='ltr'>θάλασσα</span> <span class='ocrx_word' id='word_1_81' title='bbox 1146 944 1229 1009; x_wconf 80' lang='grc' dir='ltr'>δὲ,</span> <span class='ocrx_word' id='word_1_82' title='bbox 1260 945 1294 1015; x_wconf 84' lang='grc' dir='ltr'>ή</span> <span class='ocrx_word' id='word_1_83' title='bbox 1331 943 1528 1014; x_wconf 82' lang='grc' dir='ltr'>Ἰνδικὴ</span> <span class='ocrx_word' id='word_1_84' title='bbox 1552 958 1566 973; x_wconf 83' lang='grc'><em>’</em></span> <span class='ocrx_word' id='word_1_85' title='bbox 1600 945 1695 996; x_wconf 78' lang='grc' dir='ltr'><strong>καὶ</strong></span> <span class='ocrx_word' id='word_1_86' title='bbox 1729 960 1906 1011; x_wconf 86' lang='grc' dir='ltr'>παρα-</span> 
     </span>
    </p>
   </div>
   <div class='ocr_carea' id='block_1_15' title="bbox 2010 929 3596 1008">
    <p class='ocr_par' dir='ltr' id='par_1_15' title="bbox 2010 929 3596 1008">
     <span class='ocr_line' id='line_1_15' title="bbox 2010 929 3596 1008; baseline 0.006 -24"><span class='ocrx_word' id='word_1_87' title='bbox 2010 929 2254 984; x_wconf 86' lang='lat' dir='ltr'><strong>lndieum</strong></span> <span class='ocrx_word' id='word_1_88' title='bbox 2285 945 2435 983; x_wconf 85' lang='lat' dir='ltr'><strong>mare</strong></span> <span class='ocrx_word' id='word_1_89' title='bbox 2467 930 2720 998; x_wconf 84' lang='lat' dir='ltr'><strong>intelligit</strong></span> <span class='ocrx_word' id='word_1_90' title='bbox 2754 947 2767 983; x_wconf 89' lang='lat'><strong>:</strong></span> <span class='ocrx_word' id='word_1_91' title='bbox 2804 945 2898 998; x_wconf 87' lang='lat' dir='ltr'><strong>per</strong></span> <span class='ocrx_word' id='word_1_92' title='bbox 2926 935 3248 1003; x_wconf 81' lang='lat' dir='ltr'><strong>propagines</strong></span> <span class='ocrx_word' id='word_1_93' title='bbox 3268 952 3419 1002; x_wconf 86' lang='lat' dir='ltr'><strong>vero,</strong></span> <span class='ocrx_word' id='word_1_94' title='bbox 3443 939 3596 1008; x_wconf 83' lang='lat' dir='ltr'><strong>ipsus</strong></span> 
     </span>
    </p>
   </div>
   <div class='ocr_carea' id='block_1_16' title="bbox 339 1021 1929 1110">
    <p class='ocr_par' dir='ltr' id='par_1_16' title="bbox 339 1035 1909 1110">
     <span class='ocr_line' id='line_1_16' title="bbox 339 1035 1909 1110; baseline -0.004 -17"><span class='ocrx_word' id='word_1_95' title='bbox 339 1042 538 1110; x_wconf 74' lang='grc' dir='ltr'>φυὰδες</span> <span class='ocrx_word' id='word_1_96' title='bbox 573 1041 693 1110; x_wconf 86' lang='grc' dir='ltr'>μὲν,</span> <span class='ocrx_word' id='word_1_97' title='bbox 724 1039 774 1092; x_wconf 73' lang='grc' dir='ltr'>οἱ</span> <span class='ocrx_word' id='word_1_98' title='bbox 803 1036 1138 1109; x_wconf 76' lang='grc' dir='ltr'><strong>προσήλυτοι</strong></span> <span class='ocrx_word' id='word_1_99' title='bbox 1158 1076 1174 1101; x_wconf 92' lang='grc'><strong>,</strong></span> <span class='ocrx_word' id='word_1_100' title='bbox 1207 1038 1255 1088; x_wconf 82' lang='grc' dir='ltr'>οἱ</span> <span class='ocrx_word' id='word_1_101' title='bbox 1296 1036 1353 1103; x_wconf 82' lang='grc' dir='ltr'>ἐξ</span> <span class='ocrx_word' id='word_1_102' title='bbox 1381 1036 1550 1090; x_wconf 81' lang='grc' dir='ltr'>ἐθνῶν</span> <span class='ocrx_word' id='word_1_103' title='bbox 1579 1035 1909 1106; x_wconf 76' lang='grc' dir='ltr'>προσελθόν-</span> 
     </span>
    </p>
   </div>
   <div class='ocr_carea' id='block_1_17' title="bbox 2029 1021 3593 1110">
    <p class='ocr_par' dir='ltr' id='par_1_17' title="bbox 2031 1021 3593 1097">
     <span class='ocr_line' id='line_1_17' title="bbox 2031 1021 3593 1097; baseline 0.01 -27"><span class='ocrx_word' id='word_1_104' title='bbox 2031 1023 2341 1092; x_wconf 71' lang='lat' dir='ltr'><strong>iroselytos,</strong></span> <span class='ocrx_word' id='word_1_105' title='bbox 2369 1021 2462 1091; x_wconf 84' lang='lat' dir='ltr'><strong>qui</strong></span> <span class='ocrx_word' id='word_1_106' title='bbox 2495 1037 2560 1075; x_wconf 78' lang='lat' dir='ltr'><strong>es</strong></span> <span class='ocrx_word' id='word_1_107' title='bbox 2597 1021 2852 1091; x_wconf 73' lang='lat' dir='ltr'><strong>gentibus</strong></span> <span class='ocrx_word' id='word_1_108' title='bbox 2890 1021 3202 1078; x_wconf 69' lang='lat' dir='ltr'><strong>Judaeorum</strong></span> <span class='ocrx_word' id='word_1_109' title='bbox 3251 1042 3309 1080; x_wconf 89' lang='lat' dir='ltr'><strong>se</strong></span> <span class='ocrx_word' id='word_1_110' title='bbox 3344 1029 3593 1097; x_wconf 73' lang='lat' dir='ltr'><strong>religioni</strong></span> 
     </span>
    </p>
   </div>
   <div class='ocr_carea' id='block_1_18' title="bbox 340 1125 1911 1198">
    <p class='ocr_par' dir='ltr' id='par_1_18' title="bbox 340 1125 1911 1198">
     <span class='ocr_line' id='line_1_18' title="bbox 340 1125 1911 1198; baseline -0.001 -18"><span class='ocrx_word' id='word_1_111' title='bbox 340 1145 448 1191; x_wconf 79' lang='grc' dir='ltr'>τες,</span> <span class='ocrx_word' id='word_1_112' title='bbox 475 1128 569 1181; x_wconf 76' lang='grc' dir='ltr'><strong>καὶ</strong></span> <span class='ocrx_word' id='word_1_113' title='bbox 595 1127 694 1198; x_wconf 76' lang='grc' dir='ltr'>τὴν</span> <span class='ocrx_word' id='word_1_114' title='bbox 725 1126 1058 1195; x_wconf 81' lang='grc' dir='ltr'>θεογνωσίαν</span> <span class='ocrx_word' id='word_1_115' title='bbox 1088 1126 1398 1195; x_wconf 77' lang='grc' dir='ltr'><strong>δεξάμενοι,</strong></span> <span class='ocrx_word' id='word_1_116' title='bbox 1433 1128 1527 1179; x_wconf 77' lang='grc' dir='ltr'>καὶ</span> <span class='ocrx_word' id='word_1_117' title='bbox 1552 1125 1697 1179; x_wconf 80' lang='grc' dir='ltr'>οὕτω</span> <span class='ocrx_word' id='word_1_118' title='bbox 1730 1142 1911 1196; x_wconf 80' lang='grc' dir='ltr'>παρα·-</span> 
     </span>
    </p>
   </div>
   <div class='ocr_carea' id='block_1_19' title="bbox 337 1220 1910 1292">
    <p class='ocr_par' dir='ltr' id='par_1_19' title="bbox 337 1220 1910 1292">
     <span class='ocr_line' id='line_1_19' title="bbox 337 1220 1910 1292; baseline -0.003 -17"><span class='ocrx_word' id='word_1_119' title='bbox 337 1223 568 1292; x_wconf 80' lang='grc' dir='ltr'>φυέντες</span> <span class='ocrx_word' id='word_1_120' title='bbox 612 1222 816 1284; x_wconf 79' lang='grc' dir='ltr'>αὐτοῖς.</span> <span class='ocrx_word' id='word_1_121' title='bbox 848 1222 1136 1292; x_wconf 80' lang='grc' dir='ltr'><strong>Ποταμοὺς</strong></span> <span class='ocrx_word' id='word_1_122' title='bbox 1165 1221 1220 1274; x_wconf 86' lang='grc' dir='ltr'>δὲ</span> <span class='ocrx_word' id='word_1_123' title='bbox 1250 1220 1402 1290; x_wconf 80' lang='grc' dir='ltr'><strong>λέγει</strong></span> <span class='ocrx_word' id='word_1_124' title='bbox 1447 1221 1540 1274; x_wconf 76' lang='grc' dir='ltr'>τὸν</span> <span class='ocrx_word' id='word_1_125' title='bbox 1589 1221 1910 1290; x_wconf 73' lang='grc' dir='ltr'>Εὐφράτην,</span> 
     </span>
    </p>
   </div>
   <div class='ocr_carea' id='block_1_20' title="bbox 2011 1114 3589 1189">
    <p class='ocr_par' dir='ltr' id='par_1_20' title="bbox 2011 1114 3589 1189">
     <span class='ocr_line' id='line_1_20' title="bbox 2011 1114 3589 1189; baseline 0.006 -20"><span class='ocrx_word' id='word_1_126' title='bbox 2011 1115 2416 1184; x_wconf 80' lang='lat' dir='ltr'><strong>adjnngebant,</strong></span> <span class='ocrx_word' id='word_1_127' title='bbox 2449 1123 2502 1168; x_wconf 91' lang='lat' dir='ltr'><strong>ct</strong></span> <span class='ocrx_word' id='word_1_128' title='bbox 2555 1114 2924 1184; x_wconf 72' lang='lat' dir='ltr'><strong>cognitionem</strong></span> <span class='ocrx_word' id='word_1_129' title='bbox 2977 1117 3069 1171; x_wconf 88' lang='lat' dir='ltr'><strong>Dei</strong></span> <span class='ocrx_word' id='word_1_130' title='bbox 3125 1121 3589 1189; x_wconf 82' lang='lat' dir='ltr'><strong>assequebantur.</strong></span> 
     </span>
    </p>
   </div>
   <div class='ocr_carea' id='block_1_21' title="bbox 2014 1205 3599 1278">
    <p class='ocr_par' dir='ltr' id='par_1_21' title="bbox 2014 1205 3599 1278">
     <span class='ocr_line' id='line_1_21' title="bbox 2014 1205 3599 1278; baseline 0.004 -18"><span class='ocrx_word' id='word_1_131' title='bbox 2014 1205 2080 1260; x_wconf 86' lang='lat' dir='ltr'><strong>Hi</strong></span> <span class='ocrx_word' id='word_1_132' title='bbox 2120 1206 2320 1260; x_wconf 85' lang='lat' dir='ltr'><strong>etenim</strong></span> <span class='ocrx_word' id='word_1_133' title='bbox 2350 1205 2591 1275; x_wconf 70' lang='lat' dir='ltr'><strong>antiqua:</strong></span> <span class='ocrx_word' id='word_1_134' title='bbox 2616 1205 2931 1260; x_wconf 64' lang='lat' dir='ltr'><strong>Iudaeorum</strong></span> <span class='ocrx_word' id='word_1_135' title='bbox 2967 1209 3136 1262; x_wconf 85' lang='lat' dir='ltr'><strong>radici</strong></span> <span class='ocrx_word' id='word_1_136' title='bbox 3195 1211 3599 1278; x_wconf 89' lang='lat' dir='ltr'><strong>quodammodo</strong></span> 
     </span>
    </p>
   </div>
   <div class='ocr_carea' id='block_1_22' title="bbox 339 1296 1929 1385">
    <p class='ocr_par' dir='ltr' id='par_1_22' title="bbox 339 1309 1912 1385">
     <span class='ocr_line' id='line_1_22' title="bbox 339 1309 1912 1385; baseline -0.003 -17"><span class='ocrx_word' id='word_1_137' title='bbox 339 1316 478 1368; x_wconf 81' lang='grc' dir='ltr'><strong>κατᾶ</strong></span> <span class='ocrx_word' id='word_1_138' title='bbox 503 1314 564 1366; x_wconf 82' lang='grc' dir='ltr'>τὸ</span> <span class='ocrx_word' id='word_1_139' title='bbox 604 1313 896 1385; x_wconf 80' lang='grc' dir='ltr'>Ἐϐραῖκδν</span> <span class='ocrx_word' id='word_1_140' title='bbox 930 1313 1130 1383; x_wconf 77' lang='grc' dir='ltr'>ἰδίωμα</span> <span class='ocrx_word' id='word_1_141' title='bbox 1151 1331 1168 1348; x_wconf 89' lang='grc'><strong>·</strong></span> <span class='ocrx_word' id='word_1_142' title='bbox 1198 1313 1274 1376; x_wconf 85' lang='grc' dir='ltr'>ὡς</span> <span class='ocrx_word' id='word_1_143' title='bbox 1296 1315 1393 1366; x_wconf 78' lang='grc' dir='ltr'><strong>καὶ</strong></span> <span class='ocrx_word' id='word_1_144' title='bbox 1419 1315 1477 1368; x_wconf 87' lang='grc' dir='ltr'><strong>ἐν</strong></span> <span class='ocrx_word' id='word_1_145' title='bbox 1503 1312 1580 1383; x_wconf 80' lang='grc' dir='ltr'><strong>τῷ</strong></span> <span class='ocrx_word' id='word_1_146' title='bbox 1601 1311 1676 1377; x_wconf 61' lang='lat' dir='ltr'><strong>of,&quot;</strong></span> <span class='ocrx_word' id='word_1_147' title='bbox 1709 1309 1912 1382; x_wconf 73' lang='grc' dir='ltr'>ψαλμῷ</span> 
     </span>
    </p>
   </div>
   <div class='ocr_carea' id='block_1_23' title="bbox 2029 1296 3598 1385">
    <p class='ocr_par' dir='ltr' id='par_1_23' title="bbox 2029 1296 3598 1373">
     <span class='ocr_line' id='line_1_23' title="bbox 2029 1296 3598 1373; baseline 0.004 -20"><span class='ocrx_word' id='word_1_148' title='bbox 2029 1300 2474 1353; x_wconf 69' lang='lat' dir='ltr'><strong>ulnascebantur.</strong></span> <span class='ocrx_word' id='word_1_149' title='bbox 2506 1298 2608 1353; x_wconf 81' lang='lat' dir='ltr'><strong>Per</strong></span> <span class='ocrx_word' id='word_1_150' title='bbox 2623 1296 2849 1353; x_wconf 82' lang='lat' dir='ltr'><strong>ﬂumina</strong></span> <span class='ocrx_word' id='word_1_151' title='bbox 2868 1299 3031 1353; x_wconf 86' lang='lat' dir='ltr'><strong>etiam</strong></span> <span class='ocrx_word' id='word_1_152' title='bbox 3062 1301 3240 1371; x_wconf 78' lang='lat' dir='ltr'><strong>ipsam</strong></span> <span class='ocrx_word' id='word_1_153' title='bbox 3271 1303 3598 1373; x_wconf 76' lang='lat' dir='ltr'><strong>Euphratem</strong></span> 
     </span>
    </p>
   </div>
   <div class='ocr_carea' id='block_1_24' title="bbox 338 1390 1929 1476">
    <p class='ocr_par' dir='ltr' id='par_1_24' title="bbox 338 1402 1915 1476">
     <span class='ocr_line' id='line_1_24' title="bbox 338 1402 1915 1476; baseline -0.002 -18"><span class='ocrx_word' id='word_1_154' title='bbox 338 1407 687 1476; x_wconf 82' lang='grc' dir='ltr'>προείρηται.</span> <span class='ocrx_word' id='word_1_155' title='bbox 727 1404 793 1458; x_wconf 86' lang='grc' dir='ltr'><strong>Ἦ</strong></span> <span class='ocrx_word' id='word_1_156' title='bbox 818 1405 876 1458; x_wconf 87' lang='grc' dir='ltr'>δὲ</span> <span class='ocrx_word' id='word_1_157' title='bbox 897 1403 1059 1474; x_wconf 84' lang='grc' dir='ltr'>τρίτη</span> <span class='ocrx_word' id='word_1_158' title='bbox 1090 1403 1272 1475; x_wconf 82' lang='grc' dir='ltr'>βίϐλος</span> <span class='ocrx_word' id='word_1_159' title='bbox 1325 1405 1436 1457; x_wconf 85' lang='grc' dir='ltr'><strong>τῶν</strong></span> <span class='ocrx_word' id='word_1_160' title='bbox 1467 1402 1776 1458; x_wconf 76' lang='grc' dir='ltr'>Βασιλιιῶν</span> <span class='ocrx_word' id='word_1_161' title='bbox 1814 1418 1915 1455; x_wconf 84' lang='grc' dir='ltr'>πο-</span> 
     </span>
    </p>
   </div>
   <div class='ocr_carea' id='block_1_25' title="bbox 2029 1390 3606 1476">
    <p class='ocr_par' dir='ltr' id='par_1_25' title="bbox 2029 1390 3606 1466">
     <span class='ocr_line' id='line_1_25' title="bbox 2029 1390 3606 1466; baseline 0.004 -20"><span class='ocrx_word' id='word_1_162' title='bbox 2029 1391 2308 1462; x_wconf 75' lang='lat' dir='ltr'><strong>signilicat,</strong></span> <span class='ocrx_word' id='word_1_163' title='bbox 2343 1390 2542 1460; x_wconf 87' lang='lat' dir='ltr'><strong>plurali</strong></span> <span class='ocrx_word' id='word_1_164' title='bbox 2587 1406 2722 1446; x_wconf 86' lang='lat' dir='ltr'><strong>usus</strong></span> <span class='ocrx_word' id='word_1_165' title='bbox 2754 1407 2988 1447; x_wconf 88' lang='lat' dir='ltr'><strong>numero</strong></span> <span class='ocrx_word' id='word_1_166' title='bbox 3027 1409 3128 1462; x_wconf 89' lang='lat' dir='ltr'><strong>pro</strong></span> <span class='ocrx_word' id='word_1_167' title='bbox 3170 1397 3457 1466; x_wconf 78' lang='lat' dir='ltr'><strong>singulari,</strong></span> <span class='ocrx_word' id='word_1_168' title='bbox 3500 1399 3606 1452; x_wconf 81' lang='lat' dir='ltr'><strong>lle-</strong></span> 
     </span>
    </p>
   </div>
   <div class='ocr_carea' id='block_1_26' title="bbox 338 1496 1106 1570">
    <p class='ocr_par' dir='ltr' id='par_1_26' title="bbox 338 1496 1106 1570">
     <span class='ocr_line' id='line_1_26' title="bbox 338 1496 1106 1570; baseline -0.003 -18"><span class='ocrx_word' id='word_1_169' title='bbox 338 1498 512 1570; x_wconf 74' lang='grc' dir='ltr'>ταμὸν</span> <span class='ocrx_word' id='word_1_170' title='bbox 546 1497 743 1562; x_wconf 77' lang='grc' dir='ltr'>ἑνικῶς</span> <span class='ocrx_word' id='word_1_171' title='bbox 772 1496 1106 1568; x_wconf 79' lang='grc' dir='ltr'>ἀναγράφει.</span> 
     </span>
    </p>
   </div>
   <div class='ocr_carea' id='block_1_27' title="bbox 414 1763 1920 1836">
    <p class='ocr_par' dir='ltr' id='par_1_27' title="bbox 414 1763 1920 1836">
     <span class='ocr_line' id='line_1_27' title="bbox 414 1763 1920 1836; baseline -0.001 -16"><span class='ocrx_word' id='word_1_172' title='bbox 414 1764 551 1820; x_wconf 84' lang='grc' dir='ltr'>Ἵνα</span> <span class='ocrx_word' id='word_1_173' title='bbox 577 1765 636 1818; x_wconf 89' lang='grc' dir='ltr'><strong>τί</strong></span> <span class='ocrx_word' id='word_1_174' title='bbox 665 1763 945 1829; x_wconf 80' lang='grc' dir='ltr'><strong>καθεῖλες</strong></span> <span class='ocrx_word' id='word_1_175' title='bbox 965 1763 1076 1818; x_wconf 78' lang='grc' dir='ltr'>τὸν</span> <span class='ocrx_word' id='word_1_176' title='bbox 1096 1763 1375 1834; x_wconf 74' lang='grc' dir='ltr'>φραγμὸν</span> <span class='ocrx_word' id='word_1_177' title='bbox 1395 1763 1588 1833; x_wconf 78' lang='grc' dir='ltr'>αὐτῆς</span> <span class='ocrx_word' id='word_1_178' title='bbox 1603 1805 1618 1830; x_wconf 90' lang='grc'><strong>,</strong></span> <span class='ocrx_word' id='word_1_179' title='bbox 1658 1763 1920 1836; x_wconf 77' lang='grc' dir='ltr'>Φραγμὺν</span> 
     </span>
    </p>
   </div>
   <div class='ocr_carea' id='block_1_28' title="bbox 341 1853 1775 1926">
    <p class='ocr_par' dir='ltr' id='par_1_28' title="bbox 341 1853 1775 1926">
     <span class='ocr_line' id='line_1_28' title="bbox 341 1853 1775 1926; baseline 0.001 -18"><span class='ocrx_word' id='word_1_180' title='bbox 341 1855 492 1924; x_wconf 81' lang='grc' dir='ltr'>λέγει</span> <span class='ocrx_word' id='word_1_181' title='bbox 532 1855 632 1926; x_wconf 78' lang='grc' dir='ltr'>τὴν</span> <span class='ocrx_word' id='word_1_182' title='bbox 660 1853 1009 1926; x_wconf 79' lang='grc' dir='ltr'>φρουροῦσαν</span> <span class='ocrx_word' id='word_1_183' title='bbox 1031 1855 1229 1919; x_wconf 79' lang='grc' dir='ltr'>αὐτοὺς</span> <span class='ocrx_word' id='word_1_184' title='bbox 1259 1855 1411 1908; x_wconf 80' lang='grc' dir='ltr'>θείαν</span> <span class='ocrx_word' id='word_1_185' title='bbox 1442 1856 1775 1926; x_wconf 65' lang='grc' dir='ltr'>ἐπισκοπὴν.</span> 
     </span>
    </p>
   </div>
   <div class='ocr_carea' id='block_1_29' title="bbox 417 2031 1924 2103">
    <p class='ocr_par' dir='ltr' id='par_1_29' title="bbox 417 2031 1924 2103">
     <span class='ocr_line' id='line_1_29' title="bbox 417 2031 1924 2103; baseline 0.003 -19"><span class='ocrx_word' id='word_1_186' title='bbox 417 2032 530 2085; x_wconf 75' lang='grc' dir='ltr'><strong>Καὶ</strong></span> <span class='ocrx_word' id='word_1_187' title='bbox 568 2031 870 2100; x_wconf 77' lang='grc' dir='ltr'><strong>τρυγῶσιν</strong></span> <span class='ocrx_word' id='word_1_188' title='bbox 911 2035 1107 2101; x_wconf 79' lang='grc' dir='ltr'>αὐτὴν</span> <span class='ocrx_word' id='word_1_189' title='bbox 1131 2033 1355 2100; x_wconf 80' lang='grc' dir='ltr'>πάντες</span> <span class='ocrx_word' id='word_1_190' title='bbox 1411 2035 1468 2089; x_wconf 80' lang='grc' dir='ltr'>οἱ</span> <span class='ocrx_word' id='word_1_191' title='bbox 1513 2036 1924 2103; x_wconf 65' lang='grc' dir='ltr'>παραπορευό-</span> 
     </span>
    </p>
   </div>
   <div class='ocr_carea' id='block_1_30' title="bbox 343 2123 1925 2198">
    <p class='ocr_par' dir='ltr' id='par_1_30' title="bbox 343 2123 1925 2198">
     <span class='ocr_line' id='line_1_30' title="bbox 343 2123 1925 2198; baseline 0.001 -20"><span class='ocrx_word' id='word_1_192' title='bbox 343 2140 518 2194; x_wconf 75' lang='grc' dir='ltr'>μενοι</span> <span class='ocrx_word' id='word_1_193' title='bbox 549 2125 666 2194; x_wconf 83' lang='grc' dir='ltr'>τὴν</span> <span class='ocrx_word' id='word_1_194' title='bbox 690 2123 884 2178; x_wconf 41' lang='grc' dir='ltr'>ὀδόνπν</span> <span class='ocrx_word' id='word_1_195' title='bbox 910 2125 1022 2178; x_wconf 75' lang='grc' dir='ltr'><strong>Καὶ</strong></span> <span class='ocrx_word' id='word_1_196' title='bbox 1066 2124 1424 2196; x_wconf 80' lang='grc' dir='ltr'>λυμαίνονται</span> <span class='ocrx_word' id='word_1_197' title='bbox 1451 2126 1622 2198; x_wconf 78' lang='grc' dir='ltr'>αὐτὴν</span> <span class='ocrx_word' id='word_1_198' title='bbox 1647 2127 1828 2180; x_wconf 86' lang='grc' dir='ltr'>πάντα</span> <span class='ocrx_word' id='word_1_199' title='bbox 1857 2127 1925 2179; x_wconf 69' lang='grc' dir='ltr'>τὰ</span> 
     </span>
    </p>
   </div>
   <div class='ocr_carea' id='block_1_31' title="bbox 347 2217 1924 2292">
    <p class='ocr_par' dir='ltr' id='par_1_31' title="bbox 347 2217 1924 2292">
     <span class='ocr_line' id='line_1_31' title="bbox 347 2217 1924 2292; baseline 0.002 -22"><span class='ocrx_word' id='word_1_200' title='bbox 347 2217 478 2290; x_wconf 79' lang='grc' dir='ltr'>ἔθνη</span> <span class='ocrx_word' id='word_1_201' title='bbox 516 2219 582 2271; x_wconf 69' lang='grc' dir='ltr'><strong>τὰ</strong></span> <span class='ocrx_word' id='word_1_202' title='bbox 614 2218 745 2288; x_wconf 85' lang='grc' dir='ltr'>παρ’</span> <span class='ocrx_word' id='word_1_203' title='bbox 771 2217 943 2288; x_wconf 81' lang='grc' dir='ltr'>αὐτῆς</span> <span class='ocrx_word' id='word_1_204' title='bbox 972 2219 1323 2290; x_wconf 76' lang='grc' dir='ltr'>πορευόμενα</span> <span class='ocrx_word' id='word_1_205' title='bbox 1346 2219 1446 2292; x_wconf 80' lang='grc' dir='ltr'>τὴν</span> <span class='ocrx_word' id='word_1_206' title='bbox 1491 2219 1611 2273; x_wconf 72' lang='grc' dir='ltr'>ὀδόν</span> <span class='ocrx_word' id='word_1_207' title='bbox 1634 2235 1649 2250; x_wconf 73' lang='grc'><strong><em>⁸</em></strong></span> <span class='ocrx_word' id='word_1_208' title='bbox 1697 2221 1731 2291; x_wconf 82' lang='grc' dir='ltr'><strong>ἡ</strong></span> <span class='ocrx_word' id='word_1_209' title='bbox 1790 2221 1924 2291; x_wconf 85' lang='grc' dir='ltr'>πρό·</span> 
     </span>
    </p>
   </div>
   <div class='ocr_carea' id='block_1_32' title="bbox 348 2309 1923 2384">
    <p class='ocr_par' dir='ltr' id='par_1_32' title="bbox 348 2309 1923 2384">
     <span class='ocr_line' id='line_1_32' title="bbox 348 2309 1923 2384; baseline 0.001 -21"><span class='ocrx_word' id='word_1_210' title='bbox 348 2311 499 2373; x_wconf 84' lang='grc' dir='ltr'>Θεσις</span> <span class='ocrx_word' id='word_1_211' title='bbox 533 2313 641 2380; x_wconf 85' lang='grc' dir='ltr'><strong>γὰρ</strong></span> <span class='ocrx_word' id='word_1_212' title='bbox 683 2309 920 2363; x_wconf 82' lang='grc' dir='ltr'>ἐνταῦθα</span> <span class='ocrx_word' id='word_1_213' title='bbox 975 2309 1076 2384; x_wconf 84' lang='grc' dir='ltr'>τὴν</span> <span class='ocrx_word' id='word_1_214' title='bbox 1104 2311 1382 2381; x_wconf 77' lang='grc' dir='ltr'><strong>ἐγγύτητα</strong></span> <span class='ocrx_word' id='word_1_215' title='bbox 1430 2312 1711 2382; x_wconf 83' lang='grc' dir='ltr'>σημαίνει.</span> <span class='ocrx_word' id='word_1_216' title='bbox 1747 2313 1923 2377; x_wconf 89' lang='grc' dir='ltr'>Ὅσοι,</span> 
     </span>
    </p>
   </div>
   <div class='ocr_carea' id='block_1_33' title="bbox 348 2399 1926 2475">
    <p class='ocr_par' dir='ltr' id='par_1_33' title="bbox 348 2399 1926 2475">
     <span class='ocr_line' id='line_1_33' title="bbox 348 2399 1926 2475; baseline 0.003 -23"><span class='ocrx_word' id='word_1_217' title='bbox 348 2401 507 2469; x_wconf 67' lang='grc' dir='ltr'>φησὶ,</span> <span class='ocrx_word' id='word_1_218' title='bbox 539 2399 768 2470; x_wconf 75' lang='grc' dir='ltr'>πλησίον</span> <span class='ocrx_word' id='word_1_219' title='bbox 797 2401 966 2470; x_wconf 80' lang='grc' dir='ltr'>αὐτῆς</span> <span class='ocrx_word' id='word_1_220' title='bbox 999 2400 1284 2454; x_wconf 84' lang='grc' dir='ltr'>ποιοῦνται</span> <span class='ocrx_word' id='word_1_221' title='bbox 1345 2402 1446 2470; x_wconf 76' lang='grc' dir='ltr'>τὴν</span> <span class='ocrx_word' id='word_1_222' title='bbox 1476 2402 1616 2470; x_wconf 81' lang='grc' dir='ltr'>ὁδὸν,</span> <span class='ocrx_word' id='word_1_223' title='bbox 1667 2403 1788 2474; x_wconf 69' lang='grc' dir='ltr'>ἦτοι</span> <span class='ocrx_word' id='word_1_224' title='bbox 1825 2404 1926 2475; x_wconf 82' lang='grc' dir='ltr'>τὴν</span> 
     </span>
    </p>
   </div>
   <div class='ocr_carea' id='block_1_34' title="bbox 348 2491 1927 2563">
    <p class='ocr_par' dir='ltr' id='par_1_34' title="bbox 348 2491 1927 2563">
     <span class='ocr_line' id='line_1_34' title="bbox 348 2491 1927 2563; baseline 0.001 -19"><span class='ocrx_word' id='word_1_225' title='bbox 348 2492 546 2554; x_wconf 72' lang='grc' dir='ltr'>δίοδον,</span> <span class='ocrx_word' id='word_1_226' title='bbox 579 2491 982 2561; x_wconf 74' lang='grc' dir='ltr'>ἐπηρεάζουσιν</span> <span class='ocrx_word' id='word_1_227' title='bbox 1010 2491 1173 2562; x_wconf 80' lang='grc' dir='ltr'>αὐτῇ.</span> <span class='ocrx_word' id='word_1_228' title='bbox 1220 2491 1368 2563; x_wconf 84' lang='grc' dir='ltr'>Πρὸς</span> <span class='ocrx_word' id='word_1_229' title='bbox 1411 2491 1636 2556; x_wconf 79' lang='grc' dir='ltr'>τούτους</span> <span class='ocrx_word' id='word_1_230' title='bbox 1690 2492 1749 2546; x_wconf 81' lang='grc' dir='ltr'>δὲ</span> <span class='ocrx_word' id='word_1_231' title='bbox 1798 2493 1927 2558; x_wconf 81' lang='grc' dir='ltr'>τοὺς</span> 
     </span>
    </p>
   </div>
   <div class='ocr_carea' id='block_1_35' title="bbox 350 2582 1928 2656">
    <p class='ocr_par' dir='ltr' id='par_1_35' title="bbox 350 2582 1928 2656">
     <span class='ocr_line' id='line_1_35' title="bbox 350 2582 1928 2656; baseline 0 -19"><span class='ocrx_word' id='word_1_232' title='bbox 350 2585 546 2653; x_wconf 78' lang='grc' dir='ltr'>λόγους</span> <span class='ocrx_word' id='word_1_233' title='bbox 628 2583 986 2654; x_wconf 84' lang='grc' dir='ltr'>ἀποκρίνεται</span> <span class='ocrx_word' id='word_1_234' title='bbox 1076 2583 1165 2638; x_wconf 81' lang='grc' dir='ltr'><strong>διὰ</strong></span> <span class='ocrx_word' id='word_1_235' title='bbox 1232 2582 1460 2637; x_wconf 82' lang='grc' dir='ltr'>Ἡσαΐου</span> <span class='ocrx_word' id='word_1_236' title='bbox 1514 2584 1544 2637; x_wconf 85' lang='grc' dir='ltr'>ὁ</span> <span class='ocrx_word' id='word_1_237' title='bbox 1603 2584 1928 2656; x_wconf 80' lang='grc' dir='ltr'>ἐπουράνιος</span> 
     </span>
    </p>
   </div>
   <div class='ocr_carea' id='block_1_36' title="bbox 349 2673 1930 2746">
    <p class='ocr_par' dir='ltr' id='par_1_36' title="bbox 349 2673 1930 2746">
     <span class='ocr_line' id='line_1_36' title="bbox 349 2673 1930 2746; baseline -0.001 -17"><span class='ocrx_word' id='word_1_238' title='bbox 349 2676 620 2746; x_wconf 78' lang='grc' dir='ltr'>γεωργὸς,</span> <span class='ocrx_word' id='word_1_239' title='bbox 651 2675 856 2743; x_wconf 80' lang='grc' dir='ltr'>λέγων·</span> <span class='ocrx_word' id='word_1_240' title='bbox 889 2675 1045 2729; x_wconf 82' lang='grc' dir='ltr'>Διότι</span> <span class='ocrx_word' id='word_1_241' title='bbox 1095 2675 1305 2743; x_wconf 70' lang='grc' dir='ltr'>ἔμεινα</span> <span class='ocrx_word' id='word_1_242' title='bbox 1352 2674 1462 2729; x_wconf 85' lang='grc' dir='ltr'>τοῦ</span> <span class='ocrx_word' id='word_1_243' title='bbox 1499 2673 1754 2745; x_wconf 83' lang='grc' dir='ltr'>ποιῆσαι</span> <span class='ocrx_word' id='word_1_244' title='bbox 1781 2693 1930 2730; x_wconf 84' lang='grc' dir='ltr'>στα-</span> 
     </span>
    </p>
   </div>
   <div class='ocr_carea' id='block_1_37' title="bbox 349 2768 1295 2842">
    <p class='ocr_par' dir='ltr' id='par_1_37' title="bbox 349 2768 1295 2842">
     <span class='ocr_line' id='line_1_37' title="bbox 349 2768 1295 2842; baseline -0.004 -16"><span class='ocrx_word' id='word_1_245' title='bbox 349 2769 586 2842; x_wconf 68' lang='grc' dir='ltr'>φυλὴν,</span> <span class='ocrx_word' id='word_1_246' title='bbox 621 2770 874 2839; x_wconf 81' lang='grc' dir='ltr'>ἐποίησε</span> <span class='ocrx_word' id='word_1_247' title='bbox 905 2769 975 2823; x_wconf 83' lang='grc' dir='ltr'>δὲ</span> <span class='ocrx_word' id='word_1_248' title='bbox 997 2768 1295 2836; x_wconf 80' lang='grc' dir='ltr'><strong>ἀκάνθας.</strong></span> 
     </span>
    </p>
   </div>
   <div class='ocr_carea' id='block_1_38' title="bbox 426 2948 1934 3022">
    <p class='ocr_par' dir='ltr' id='par_1_38' title="bbox 426 2948 1934 3022">
     <span class='ocr_line' id='line_1_38' title="bbox 426 2948 1934 3022; baseline 0.001 -18"><span class='ocrx_word' id='word_1_249' title='bbox 426 2949 800 3018; x_wconf 75' lang='grc' dir='ltr'>Ἐλυμήνατο</span> <span class='ocrx_word' id='word_1_250' title='bbox 826 2948 1023 3020; x_wconf 80' lang='grc' dir='ltr'>αὐτὴν</span> <span class='ocrx_word' id='word_1_251' title='bbox 1054 2949 1174 3017; x_wconf 84' lang='grc' dir='ltr'>σῦς</span> <span class='ocrx_word' id='word_1_252' title='bbox 1206 2949 1276 3005; x_wconf 81' lang='grc' dir='ltr'>ἐκ</span> <span class='ocrx_word' id='word_1_253' title='bbox 1301 2949 1552 3022; x_wconf 81' lang='grc' dir='ltr'>δρυμοῦ.</span> <span class='ocrx_word' id='word_1_254' title='bbox 1584 2949 1646 3005; x_wconf 88' lang='lat'><strong>&#39;0</strong></span> <span class='ocrx_word' id='word_1_255' title='bbox 1673 2950 1934 3005; x_wconf 84' lang='grc' dir='ltr'>Βαϐυλώ-</span> 
     </span>
    </p>
   </div>
   <div class='ocr_carea' id='block_1_39' title="bbox 353 3038 1936 3115">
    <p class='ocr_par' dir='ltr' id='par_1_39' title="bbox 353 3038 1936 3115">
     <span class='ocr_line' id='line_1_39' title="bbox 353 3038 1936 3115; baseline 0 -17"><span class='ocrx_word' id='word_1_256' title='bbox 353 3061 475 3100; x_wconf 75' lang='grc' dir='ltr'>νιος</span> <span class='ocrx_word' id='word_1_257' title='bbox 526 3043 1017 3115; x_wconf 80' lang='grc' dir='ltr'>Ναϐουχοδονὸσωρ</span> <span class='ocrx_word' id='word_1_258' title='bbox 1047 3038 1110 3104; x_wconf 70' lang='grc' dir='ltr'><strong>ὗς</strong></span> <span class='ocrx_word' id='word_1_259' title='bbox 1141 3043 1438 3114; x_wconf 87' lang='grc' dir='ltr'>λεγόμενος</span> <span class='ocrx_word' id='word_1_260' title='bbox 1477 3043 1566 3098; x_wconf 71' lang='grc' dir='ltr'>διὰ</span> <span class='ocrx_word' id='word_1_261' title='bbox 1604 3045 1665 3097; x_wconf 86' lang='grc' dir='ltr'>τὸ</span> <span class='ocrx_word' id='word_1_262' title='bbox 1718 3044 1936 3115; x_wconf 79' lang='grc' dir='ltr'>χαίρειν</span> 
     </span>
    </p>
   </div>
   <div class='ocr_carea' id='block_1_40' title="bbox 2020 1481 3603 1554">
    <p class='ocr_par' dir='ltr' id='par_1_40' title="bbox 2020 1481 3603 1554">
     <span class='ocr_line' id='line_1_40' title="bbox 2020 1481 3603 1554; baseline 0.005 -17"><span class='ocrx_word' id='word_1_263' title='bbox 2020 1484 2289 1537; x_wconf 63' lang='grc' dir='ltr'>ὺτιιξοιυιη</span> <span class='ocrx_word' id='word_1_264' title='bbox 2347 1497 2502 1536; x_wconf 89' lang='lat' dir='ltr'><strong>more</strong></span> <span class='ocrx_word' id='word_1_265' title='bbox 2527 1522 2543 1547; x_wconf 88' lang='lat'><strong>,</strong></span> <span class='ocrx_word' id='word_1_266' title='bbox 2585 1493 2645 1536; x_wconf 89' lang='lat' dir='ltr'><strong>ut</strong></span> <span class='ocrx_word' id='word_1_267' title='bbox 2680 1481 2924 1538; x_wconf 83' lang='lat' dir='ltr'><strong>diximus</strong></span> <span class='ocrx_word' id='word_1_268' title='bbox 2972 1485 3024 1538; x_wconf 89' lang='lat' dir='ltr'><strong>in</strong></span> <span class='ocrx_word' id='word_1_269' title='bbox 3058 1488 3268 1554; x_wconf 85' lang='lat' dir='ltr'><strong>psalmo</strong></span> <span class='ocrx_word' id='word_1_270' title='bbox 3304 1504 3504 1544; x_wconf 75' lang='lat' dir='ltr'><strong>uxvn.</strong></span> <span class='ocrx_word' id='word_1_271' title='bbox 3547 1492 3603 1545; x_wconf 90' lang='lat' dir='ltr'><strong>In</strong></span> 
     </span>
    </p>
   </div>
   <div class='ocr_carea' id='block_1_41' title="bbox 2022 1575 3606 1647">
    <p class='ocr_par' dir='ltr' id='par_1_41' title="bbox 2022 1575 3606 1647">
     <span class='ocr_line' id='line_1_41' title="bbox 2022 1575 3606 1647; baseline 0.005 -18"><span class='ocrx_word' id='word_1_272' title='bbox 2022 1580 2183 1630; x_wconf 88' lang='lat' dir='ltr'><strong>tertio</strong></span> <span class='ocrx_word' id='word_1_273' title='bbox 2201 1585 2380 1630; x_wconf 87' lang='lat' dir='ltr'><strong>tamen</strong></span> <span class='ocrx_word' id='word_1_274' title='bbox 2411 1577 2622 1646; x_wconf 82' lang='lat' dir='ltr'><strong>Regum</strong></span> <span class='ocrx_word' id='word_1_275' title='bbox 2646 1575 2808 1641; x_wconf 86' lang='lat' dir='ltr'><strong>libro,</strong></span> <span class='ocrx_word' id='word_1_276' title='bbox 2834 1575 3036 1631; x_wconf 79' lang='lat' dir='ltr'><strong>ﬂumen</strong></span> <span class='ocrx_word' id='word_1_277' title='bbox 3057 1579 3322 1647; x_wconf 85' lang='lat' dir='ltr'><strong>singulari</strong></span> <span class='ocrx_word' id='word_1_278' title='bbox 3340 1595 3606 1637; x_wconf 80' lang='lat' dir='ltr'><strong>.sermOue</strong></span> 
     </span>
    </p>
   </div>
   <div class='ocr_carea' id='block_1_42' title="bbox 2022 1671 2418 1737">
    <p class='ocr_par' dir='ltr' id='par_1_42' title="bbox 2022 1671 2418 1737">
     <span class='ocr_line' id='line_1_42' title="bbox 2022 1671 2418 1737; baseline -0.003 -13"><span class='ocrx_word' id='word_1_279' title='bbox 2022 1671 2287 1737; x_wconf 85' lang='lat' dir='ltr'><strong>scriptum</strong></span> <span class='ocrx_word' id='word_1_280' title='bbox 2311 1677 2418 1724; x_wconf 87' lang='lat' dir='ltr'><strong>est.</strong></span> 
     </span>
    </p>
   </div>
   <div class='ocr_carea' id='block_1_43' title="bbox 2100 1758 3603 1830">
    <p class='ocr_par' dir='ltr' id='par_1_43' title="bbox 2100 1758 3603 1830">
     <span class='ocr_line' id='line_1_43' title="bbox 2100 1758 3603 1830; baseline -0.001 -16"><span class='ocrx_word' id='word_1_281' title='bbox 2100 1759 2264 1814; x_wconf 68' lang='lat' dir='ltr'><strong>Vrsas.</strong></span> <span class='ocrx_word' id='word_1_282' title='bbox 2295 1761 2378 1814; x_wconf 80' lang='grc'>15.</span> <span class='ocrx_word' id='word_1_283' title='bbox 2401 1758 2570 1824; x_wconf 77' lang='lat' dir='ltr'><strong>Quasi</strong></span> <span class='ocrx_word' id='word_1_284' title='bbox 2589 1758 2895 1814; x_wconf 80' lang='lat' dir='ltr'><strong>destruxisti</strong></span> <span class='ocrx_word' id='word_1_285' title='bbox 2911 1774 3079 1824; x_wconf 86' lang='lat' dir='ltr'><strong>sepem</strong></span> <span class='ocrx_word' id='word_1_286' title='bbox 3097 1759 3252 1828; x_wconf 82' lang='lat' dir='ltr'><strong>ejus?</strong></span> <span class='ocrx_word' id='word_1_287' title='bbox 3275 1760 3378 1814; x_wconf 85' lang='lat' dir='ltr'><strong>Per</strong></span> <span class='ocrx_word' id='word_1_288' title='bbox 3397 1777 3603 1830; x_wconf 85' lang='lat' dir='ltr'><strong>sepem,</strong></span> 
     </span>
    </p>
   </div>
   <div class='ocr_carea' id='block_1_44' title="bbox 1954 1825 3608 1920">
    <p class='ocr_par' dir='ltr' id='par_1_44' title="bbox 1954 1825 3608 1920">
     <span class='ocr_line' id='line_1_44' title="bbox 1954 1825 3608 1920; baseline 0.002 -16"><span class='ocrx_word' id='word_1_289' title='bbox 1954 1825 1991 1877; x_wconf 67' lang='grc' dir='ltr'>Β</span> <span class='ocrx_word' id='word_1_290' title='bbox 2029 1849 2268 1906; x_wconf 78' lang='lat' dir='ltr'><strong>divinam</strong></span> <span class='ocrx_word' id='word_1_291' title='bbox 2305 1854 2699 1920; x_wconf 83' lang='lat' dir='ltr'><strong>protectionem</strong></span> <span class='ocrx_word' id='word_1_292' title='bbox 2727 1849 3004 1920; x_wconf 75' lang='lat' dir='ltr'><strong>intelligit,</strong></span> <span class='ocrx_word' id='word_1_293' title='bbox 3037 1825 3160 1920; x_wconf 68' lang='lat' dir='ltr'><strong>qua:</strong></span> <span class='ocrx_word' id='word_1_294' title='bbox 3200 1851 3324 1906; x_wconf 85' lang='lat' dir='ltr'><strong>illos</strong></span> <span class='ocrx_word' id='word_1_295' title='bbox 3353 1825 3481 1905; x_wconf 79' lang='lat' dir='ltr'><strong>olim</strong></span> <span class='ocrx_word' id='word_1_296' title='bbox 3507 1869 3608 1907; x_wconf 88' lang='lat' dir='ltr'><strong>cu-</strong></span> 
     </span>
    </p>
   </div>
   <div class='ocr_carea' id='block_1_45' title="bbox 2029 1942 2325 1996">
    <p class='ocr_par' dir='ltr' id='par_1_45' title="bbox 2029 1942 2325 1996">
     <span class='ocr_line' id='line_1_45' title="bbox 2029 1942 2325 1996; baseline 0 -1"><span class='ocrx_word' id='word_1_297' title='bbox 2029 1942 2325 1996; x_wconf 87' lang='lat' dir='ltr'><strong>stodiebat.</strong></span> 
     </span>
    </p>
   </div>
   <div class='ocr_carea' id='block_1_46' title="bbox 2107 2017 3611 2106">
    <p class='ocr_par' dir='ltr' id='par_1_46' title="bbox 2107 2017 3611 2106">
     <span class='ocr_line' id='line_1_46' title="bbox 2107 2017 3611 2106; baseline 0.001 -17"><span class='ocrx_word' id='word_1_298' title='bbox 2107 2034 2171 2089; x_wconf 82' lang='lat' dir='ltr'><strong>Et</strong></span> <span class='ocrx_word' id='word_1_299' title='bbox 2217 2034 2544 2090; x_wconf 81' lang='lat' dir='ltr'><strong>vindemt&#39;ant</strong></span> <span class='ocrx_word' id='word_1_300' title='bbox 2569 2050 2684 2088; x_wconf 87' lang='lat' dir='ltr'><strong>eam</strong></span> <span class='ocrx_word' id='word_1_301' title='bbox 2710 2050 2889 2088; x_wconf 80' lang='lat' dir='ltr'><strong>omnes</strong></span> <span class='ocrx_word' id='word_1_302' title='bbox 2915 2075 2930 2098; x_wconf 89' lang='lat'><strong>,</strong></span> <span class='ocrx_word' id='word_1_303' title='bbox 2976 2036 3066 2103; x_wconf 81' lang='lat' dir='ltr'><strong>qui</strong></span> <span class='ocrx_word' id='word_1_304' title='bbox 3109 2017 3611 2106; x_wconf 73' lang='lat' dir='ltr'><strong>prartergrediumur</strong></span> 
     </span>
    </p>
   </div>
   <div class='ocr_carea' id='block_1_47' title="bbox 2027 2127 3611 2198">
    <p class='ocr_par' dir='ltr' id='par_1_47' title="bbox 2027 2127 3611 2198">
     <span class='ocr_line' id='line_1_47' title="bbox 2027 2127 3611 2198; baseline 0.001 -15"><span class='ocrx_word' id='word_1_305' title='bbox 2027 2127 2311 2183; x_wconf 78' lang='lat' dir='ltr'><strong>riam?Et</strong></span> <span class='ocrx_word' id='word_1_306' title='bbox 2339 2135 2558 2182; x_wconf 90' lang='lat' dir='ltr'><strong>vastant</strong></span> <span class='ocrx_word' id='word_1_307' title='bbox 2597 2142 2715 2181; x_wconf 87' lang='lat' dir='ltr'><strong>eam</strong></span> <span class='ocrx_word' id='word_1_308' title='bbox 2769 2141 2960 2183; x_wconf 80' lang='lat' dir='ltr'><strong>Omnes</strong></span> <span class='ocrx_word' id='word_1_309' title='bbox 3011 2137 3228 2194; x_wconf 79' lang='lat' dir='ltr'><strong>gentes,</strong></span> <span class='ocrx_word' id='word_1_310' title='bbox 3285 2144 3407 2198; x_wconf 66' lang='lat' dir='ltr'><strong>quae</strong></span> <span class='ocrx_word' id='word_1_311' title='bbox 3453 2131 3611 2198; x_wconf 79' lang='lat' dir='ltr'><strong>juxta</strong></span> 
     </span>
    </p>
   </div>
   <div class='ocr_carea' id='block_1_48' title="bbox 2029 2217 3611 2288">
    <p class='ocr_par' dir='ltr' id='par_1_48' title="bbox 2029 2217 3611 2288">
     <span class='ocr_line' id='line_1_48' title="bbox 2029 2217 3611 2288; baseline -0.001 -15"><span class='ocrx_word' id='word_1_312' title='bbox 2029 2220 2176 2273; x_wconf 87' lang='lat' dir='ltr'><strong>illam</strong></span> <span class='ocrx_word' id='word_1_313' title='bbox 2204 2219 2512 2281; x_wconf 78' lang='lat' dir='ltr'><strong>ainbulant,</strong></span> <span class='ocrx_word' id='word_1_314' title='bbox 2543 2233 2640 2288; x_wconf 87' lang='lat' dir='ltr'><strong>per</strong></span> <span class='ocrx_word' id='word_1_315' title='bbox 2671 2220 2836 2272; x_wconf 81' lang='lat' dir='ltr'><strong>viam.</strong></span> <span class='ocrx_word' id='word_1_316' title='bbox 2861 2217 3180 2288; x_wconf 55' lang='lat' dir='ltr'><strong>Praepositio</strong></span> <span class='ocrx_word' id='word_1_317' title='bbox 3207 2221 3378 2283; x_wconf 91' lang='lat' dir='ltr'><strong>enim,</strong></span> <span class='ocrx_word' id='word_1_318' title='bbox 3397 2234 3611 2288; x_wconf 65' lang='lat' dir='ltr'><strong>pra&#39;ter,</strong></span> 
     </span>
    </p>
   </div>
   <div class='ocr_carea' id='block_1_49' title="bbox 2030 2307 3616 2380">
    <p class='ocr_par' dir='ltr' id='par_1_49' title="bbox 2030 2307 3616 2380">
     <span class='ocr_line' id='line_1_49' title="bbox 2030 2307 3616 2380; baseline 0.001 -18"><span class='ocrx_word' id='word_1_319' title='bbox 2030 2309 2134 2364; x_wconf 85' lang='lat' dir='ltr'><strong>hoc</strong></span> <span class='ocrx_word' id='word_1_320' title='bbox 2165 2309 2218 2362; x_wconf 89' lang='lat' dir='ltr'><strong>in</strong></span> <span class='ocrx_word' id='word_1_321' title='bbox 2253 2308 2392 2373; x_wconf 87' lang='lat' dir='ltr'><strong>loco,</strong></span> <span class='ocrx_word' id='word_1_322' title='bbox 2424 2307 2762 2362; x_wconf 74' lang='lat' dir='ltr'><strong>vicinitatem</strong></span> <span class='ocrx_word' id='word_1_323' title='bbox 2795 2308 3090 2378; x_wconf 79' lang='lat' dir='ltr'><strong>signiﬁcat.</strong></span> <span class='ocrx_word' id='word_1_324' title='bbox 3122 2308 3452 2380; x_wconf 78' lang='lat' dir='ltr'><strong>Quicunque</strong></span> <span class='ocrx_word' id='word_1_325' title='bbox 3478 2352 3492 2374; x_wconf 94' lang='lat'><strong>,</strong></span> <span class='ocrx_word' id='word_1_326' title='bbox 3528 2313 3616 2364; x_wconf 91' lang='lat' dir='ltr'><strong>in-</strong></span> 
     </span>
    </p>
   </div>
   <div class='ocr_carea' id='block_1_50' title="bbox 2027 2402 3615 2472">
    <p class='ocr_par' dir='ltr' id='par_1_50' title="bbox 2027 2402 3615 2472">
     <span class='ocr_line' id='line_1_50' title="bbox 2027 2402 3615 2472; baseline 0.003 -18"><span class='ocrx_word' id='word_1_327' title='bbox 2027 2403 2164 2470; x_wconf 84' lang='lat' dir='ltr'><strong>quit,</strong></span> <span class='ocrx_word' id='word_1_328' title='bbox 2190 2402 2344 2470; x_wconf 79' lang='lat' dir='ltr'><strong>juxta</strong></span> <span class='ocrx_word' id='word_1_329' title='bbox 2374 2417 2496 2456; x_wconf 88' lang='lat' dir='ltr'><strong>eam</strong></span> <span class='ocrx_word' id='word_1_330' title='bbox 2538 2402 2643 2456; x_wconf 89' lang='lat' dir='ltr'><strong>iter</strong></span> <span class='ocrx_word' id='word_1_331' title='bbox 2679 2403 2906 2466; x_wconf 76' lang='lat' dir='ltr'><strong>iaciunt,</strong></span> <span class='ocrx_word' id='word_1_332' title='bbox 2941 2402 3066 2466; x_wconf 86' lang='lat' dir='ltr'><strong>vel,</strong></span> <span class='ocrx_word' id='word_1_333' title='bbox 3096 2404 3413 2472; x_wconf 88' lang='lat' dir='ltr'><strong>quicunque</strong></span> <span class='ocrx_word' id='word_1_334' title='bbox 3462 2405 3615 2459; x_wconf 89' lang='lat' dir='ltr'><strong>illinc</strong></span> 
     </span>
    </p>
   </div>
   <div class='ocr_carea' id='block_1_51' title="bbox 2029 2492 3612 2557">
    <p class='ocr_par' dir='ltr' id='par_1_51' title="bbox 2029 2492 3612 2557">
     <span class='ocr_line' id='line_1_51' title="bbox 2029 2492 3612 2557; baseline 0 -11"><span class='ocrx_word' id='word_1_335' title='bbox 2029 2501 2355 2556; x_wconf 85' lang='lat' dir='ltr'><strong>transeunt,</strong></span> <span class='ocrx_word' id='word_1_336' title='bbox 2388 2492 2592 2547; x_wconf 70' lang='lat' dir='ltr'><strong>Iaadunt</strong></span> <span class='ocrx_word' id='word_1_337' title='bbox 2625 2507 2744 2546; x_wconf 90' lang='lat' dir='ltr'><strong>eam</strong></span> <span class='ocrx_word' id='word_1_338' title='bbox 2773 2531 2790 2557; x_wconf 87' lang='lat'><strong>,</strong></span> <span class='ocrx_word' id='word_1_339' title='bbox 2843 2502 2896 2547; x_wconf 83' lang='lat' dir='ltr'><strong>et</strong></span> <span class='ocrx_word' id='word_1_340' title='bbox 2939 2493 3197 2547; x_wconf 86' lang='lat' dir='ltr'><strong>damnum</strong></span> <span class='ocrx_word' id='word_1_341' title='bbox 3251 2494 3299 2546; x_wconf 90' lang='lat' dir='ltr'><strong>ei</strong></span> <span class='ocrx_word' id='word_1_342' title='bbox 3345 2493 3612 2548; x_wconf 80' lang='lat' dir='ltr'><strong>inl‘crunt-</strong></span> 
     </span>
    </p>
   </div>
   <div class='ocr_carea' id='block_1_52' title="bbox 2029 2582 3616 2654">
    <p class='ocr_par' dir='ltr' id='par_1_52' title="bbox 2029 2582 3616 2654">
     <span class='ocr_line' id='line_1_52' title="bbox 2029 2582 3616 2654; baseline 0.001 -15"><span class='ocrx_word' id='word_1_343' title='bbox 2029 2585 2232 2640; x_wconf 74' lang='lat' dir='ltr'><strong>Verum</strong></span> <span class='ocrx_word' id='word_1_344' title='bbox 2285 2584 2352 2640; x_wconf 87' lang='lat' dir='ltr'><strong>ad</strong></span> <span class='ocrx_word' id='word_1_345' title='bbox 2399 2584 2714 2652; x_wconf 73' lang='lat' dir='ltr'><strong>huiusmodi</strong></span> <span class='ocrx_word' id='word_1_346' title='bbox 2770 2582 3084 2638; x_wconf 65' lang='grc' dir='ltr'>ιιιιιὶιιεοιυιη</span> <span class='ocrx_word' id='word_1_347' title='bbox 3135 2597 3452 2646; x_wconf 74' lang='lat' dir='ltr'><strong>sermones,</strong></span> <span class='ocrx_word' id='word_1_348' title='bbox 3518 2601 3616 2654; x_wconf 89' lang='lat' dir='ltr'><strong>per</strong></span> 
     </span>
    </p>
   </div>
   <div class='ocr_carea' id='block_1_53' title="bbox 2031 2675 3612 2746">
    <p class='ocr_par' dir='ltr' id='par_1_53' title="bbox 2031 2675 3612 2746">
     <span class='ocr_line' id='line_1_53' title="bbox 2031 2675 3612 2746; baseline 0 -16"><span class='ocrx_word' id='word_1_349' title='bbox 2031 2676 2230 2732; x_wconf 82' lang='lat' dir='ltr'><strong>Isaiam</strong></span> <span class='ocrx_word' id='word_1_350' title='bbox 2300 2675 2626 2745; x_wconf 82' lang='lat' dir='ltr'><strong>prophetam</strong></span> <span class='ocrx_word' id='word_1_351' title='bbox 2685 2675 2984 2745; x_wconf 83' lang='lat' dir='ltr'><strong>respondet</strong></span> <span class='ocrx_word' id='word_1_352' title='bbox 3031 2677 3273 2732; x_wconf 76' lang='lat' dir='ltr'><strong>cmlestis</strong></span> <span class='ocrx_word' id='word_1_353' title='bbox 3326 2678 3612 2746; x_wconf 74' lang='lat' dir='ltr'><strong>agricola,</strong></span> 
     </span>
    </p>
   </div>
   <div class='ocr_carea' id='block_1_54' title="bbox 2033 2766 3618 2839">
    <p class='ocr_par' dir='ltr' id='par_1_54' title="bbox 2033 2766 3618 2839">
     <span class='ocr_line' id='line_1_54' title="bbox 2033 2766 3618 2839; baseline 0.001 -17"><span class='ocrx_word' id='word_1_354' title='bbox 2033 2769 2223 2824; x_wconf 68' lang='lat' dir='ltr'><strong>dicens</strong></span> <span class='ocrx_word' id='word_1_355' title='bbox 2260 2784 2275 2824; x_wconf 90' lang='lat'><strong>:</strong></span> <span class='ocrx_word' id='word_1_356' title='bbox 2315 2766 2632 2838; x_wconf 70' lang='lat' dir='ltr'><strong>Exspectavi</strong></span> <span class='ocrx_word' id='word_1_357' title='bbox 2690 2777 2746 2822; x_wconf 80' lang='lat' dir='ltr'><strong>ut</strong></span> <span class='ocrx_word' id='word_1_358' title='bbox 2795 2769 2998 2834; x_wconf 80' lang='lat' dir='ltr'><strong>faceret</strong></span> <span class='ocrx_word' id='word_1_359' title='bbox 3052 2785 3221 2837; x_wconf 78' lang='lat' dir='ltr'><strong>uvas,</strong></span> <span class='ocrx_word' id='word_1_360' title='bbox 3275 2769 3398 2839; x_wconf 67' lang='lat' dir='ltr'><strong>fecit</strong></span> <span class='ocrx_word' id='word_1_361' title='bbox 3445 2781 3618 2824; x_wconf 81' lang='lat' dir='ltr'><strong>autem</strong></span> 
     </span>
    </p>
   </div>
   <div class='ocr_carea' id='block_1_55' title="bbox 2033 2862 2317 2931">
    <p class='ocr_par' dir='ltr' id='par_1_55' title="bbox 2033 2862 2317 2931">
     <span class='ocr_line' id='line_1_55' title="bbox 2033 2862 2317 2931; baseline -0.004 -15"><span class='ocrx_word' id='word_1_362' title='bbox 2033 2866 2216 2931; x_wconf 77' lang='lat' dir='ltr'><strong>spinas</strong></span> <span class='ocrx_word' id='word_1_363' title='bbox 2252 2862 2317 2915; x_wconf 76' lang='grc'><strong>⁸⁷.</strong></span> 
     </span>
    </p>
   </div>
   <div class='ocr_carea' id='block_1_56' title="bbox 2106 2951 3623 3026">
    <p class='ocr_par' dir='ltr' id='par_1_56' title="bbox 2106 2951 3623 3026">
     <span class='ocr_line' id='line_1_56' title="bbox 2106 2951 3623 3026; baseline 0.001 -19"><span class='ocrx_word' id='word_1_364' title='bbox 2106 2953 2275 3008; x_wconf 72' lang='lat' dir='ltr'><strong>Vens.</strong></span> <span class='ocrx_word' id='word_1_365' title='bbox 2327 2952 2411 3008; x_wconf 72' lang='grc' dir='ltr'>Η.</span> <span class='ocrx_word' id='word_1_366' title='bbox 2455 2951 2694 3009; x_wconf 82' lang='lat' dir='ltr'><strong>Vastavit</strong></span> <span class='ocrx_word' id='word_1_367' title='bbox 2720 2971 2835 3009; x_wconf 88' lang='lat' dir='ltr'><strong>eam</strong></span> <span class='ocrx_word' id='word_1_368' title='bbox 2859 2973 2950 3009; x_wconf 84' lang='lat' dir='ltr'><strong>sus</strong></span> <span class='ocrx_word' id='word_1_369' title='bbox 2979 2956 3043 3009; x_wconf 70' lang='lat' dir='ltr'><strong>de</strong></span> <span class='ocrx_word' id='word_1_370' title='bbox 3077 2955 3233 3009; x_wconf 77' lang='lat' dir='ltr'><strong>silva.</strong></span> <span class='ocrx_word' id='word_1_371' title='bbox 3287 2954 3623 3026; x_wconf 76' lang='lat' dir='ltr'><strong>Babylonius</strong></span> 
     </span>
    </p>
   </div>
   <div class='ocr_carea' id='block_1_57' title="bbox 2037 3045 3621 3117">
    <p class='ocr_par' dir='ltr' id='par_1_57' title="bbox 2037 3045 3621 3117">
     <span class='ocr_line' id='line_1_57' title="bbox 2037 3045 3621 3117; baseline 0 -17"><span class='ocrx_word' id='word_1_372' title='bbox 2037 3046 2298 3101; x_wconf 86' lang='lat' dir='ltr'><strong>nimirum</strong></span> <span class='ocrx_word' id='word_1_373' title='bbox 2328 3045 2882 3110; x_wconf 87' lang='lat' dir='ltr'><strong>Nabuchodonosor,</strong></span> <span class='ocrx_word' id='word_1_374' title='bbox 2927 3063 3023 3102; x_wconf 86' lang='lat' dir='ltr'><strong>sus</strong></span> <span class='ocrx_word' id='word_1_375' title='bbox 3073 3049 3196 3102; x_wconf 89' lang='lat' dir='ltr'><strong>ideo</strong></span> <span class='ocrx_word' id='word_1_376' title='bbox 3242 3049 3422 3103; x_wconf 70' lang='lat' dir='ltr'><strong>(lictus</strong></span> <span class='ocrx_word' id='word_1_377' title='bbox 3473 3049 3621 3117; x_wconf 87' lang='lat' dir='ltr'><strong>quod</strong></span> 
     </span>
    </p>
   </div>
   <div class='ocr_carea' id='block_1_58' title="bbox 354 3135 1929 3226">
    <p class='ocr_par' dir='ltr' id='par_1_58' title="bbox 354 3135 1929 3209">
     <span class='ocr_line' id='line_1_58' title="bbox 354 3135 1929 3209; baseline 0 -18"><span class='ocrx_word' id='word_1_378' title='bbox 354 3137 440 3206; x_wconf 85' lang='grc' dir='ltr'>τῷ</span> <span class='ocrx_word' id='word_1_379' title='bbox 479 3135 723 3208; x_wconf 81' lang='grc' dir='ltr'>βορϐόρῳ</span> <span class='ocrx_word' id='word_1_380' title='bbox 745 3137 856 3189; x_wconf 89' lang='grc' dir='ltr'><strong>τῶν</strong></span> <span class='ocrx_word' id='word_1_381' title='bbox 889 3135 1097 3199; x_wconf 78' lang='grc' dir='ltr'>ἡδονῶν</span> <span class='ocrx_word' id='word_1_382' title='bbox 1125 3136 1219 3190; x_wconf 74' lang='grc' dir='ltr'><strong>καὶ</strong></span> <span class='ocrx_word' id='word_1_383' title='bbox 1251 3135 1339 3189; x_wconf 80' lang='grc' dir='ltr'><strong>διὰ</strong></span> <span class='ocrx_word' id='word_1_384' title='bbox 1360 3136 1459 3206; x_wconf 81' lang='grc' dir='ltr'>τὴν</span> <span class='ocrx_word' id='word_1_385' title='bbox 1488 3137 1656 3209; x_wconf 80' lang='grc' dir='ltr'>ἄλλην</span> <span class='ocrx_word' id='word_1_386' title='bbox 1692 3137 1929 3208; x_wconf 81' lang='grc' dir='ltr'>ἀκαθαρ-</span> 
     </span>
    </p>
   </div>
   <div class='ocr_carea' id='block_1_59' title="bbox 2029 3135 3654 3226">
    <p class='ocr_par' dir='ltr' id='par_1_59' title="bbox 2040 3137 3654 3208">
     <span class='ocr_line' id='line_1_59' title="bbox 2040 3137 3654 3208; baseline 0.003 -16"><span class='ocrx_word' id='word_1_387' title='bbox 2040 3137 2093 3193; x_wconf 92' lang='lat' dir='ltr'><strong>in</strong></span> <span class='ocrx_word' id='word_1_388' title='bbox 2111 3138 2456 3207; x_wconf 86' lang='lat' dir='ltr'><strong>voluptatum</strong></span> <span class='ocrx_word' id='word_1_389' title='bbox 2483 3139 2599 3196; x_wconf 88' lang='lat' dir='ltr'><strong>luto</strong></span> <span class='ocrx_word' id='word_1_390' title='bbox 2632 3138 2997 3204; x_wconf 84' lang='lat' dir='ltr'><strong>volutaretur,</strong></span> <span class='ocrx_word' id='word_1_391' title='bbox 3017 3146 3071 3193; x_wconf 90' lang='lat' dir='ltr'><strong>et</strong></span> <span class='ocrx_word' id='word_1_392' title='bbox 3099 3139 3227 3208; x_wconf 85' lang='lat' dir='ltr'><strong>quia</strong></span> <span class='ocrx_word' id='word_1_393' title='bbox 3273 3138 3623 3193; x_wconf 82' lang='lat' dir='ltr'><strong>omnifariam</strong></span> <span class='ocrx_word' id='word_1_394' title='bbox 3650 3193 3654 3197; x_wconf 84' lang='lat'><strong>.</strong></span> 
     </span>
    </p>
   </div>
   <div class='ocr_carea' id='block_1_60' title="bbox 356 3224 1929 3301">
    <p class='ocr_par' dir='ltr' id='par_1_60' title="bbox 356 3224 1929 3298">
     <span class='ocr_line' id='line_1_60' title="bbox 356 3224 1929 3298; baseline 0 -18"><span class='ocrx_word' id='word_1_395' title='bbox 356 3228 506 3280; x_wconf 85' lang='grc' dir='ltr'>σὶαν.</span> <span class='ocrx_word' id='word_1_396' title='bbox 540 3227 754 3298; x_wconf 78' lang='grc' dir='ltr'>Δρυμδς</span> <span class='ocrx_word' id='word_1_397' title='bbox 783 3226 842 3280; x_wconf 85' lang='grc' dir='ltr'><strong>δέ</strong></span> <span class='ocrx_word' id='word_1_398' title='bbox 872 3229 904 3296; x_wconf 81' lang='grc' dir='ltr'><strong>ἠ</strong></span> <span class='ocrx_word' id='word_1_399' title='bbox 943 3224 1221 3290; x_wconf 85' lang='grc' dir='ltr'>Βαϐυλὼν,</span> <span class='ocrx_word' id='word_1_400' title='bbox 1268 3227 1345 3290; x_wconf 85' lang='grc' dir='ltr'><strong>ὡς</strong></span> <span class='ocrx_word' id='word_1_401' title='bbox 1393 3226 1586 3281; x_wconf 83' lang='grc' dir='ltr'>δασεῖα</span> <span class='ocrx_word' id='word_1_402' title='bbox 1630 3227 1708 3297; x_wconf 84' lang='grc' dir='ltr'>τῷ</span> <span class='ocrx_word' id='word_1_403' title='bbox 1737 3227 1929 3298; x_wconf 82' lang='grc' dir='ltr'>πλήθει</span> 
     </span>
    </p>
   </div>
   <div class='ocr_carea' id='block_1_61' title="bbox 2029 3224 3626 3301">
    <p class='ocr_par' dir='ltr' id='par_1_61' title="bbox 2039 3230 3626 3301">
     <span class='ocr_line' id='line_1_61' title="bbox 2039 3230 3626 3301; baseline 0.001 -17"><span class='ocrx_word' id='word_1_404' title='bbox 2039 3231 2320 3300; x_wconf 64' lang='lat' dir='ltr'><strong>spurcitiae</strong></span> <span class='ocrx_word' id='word_1_405' title='bbox 2347 3246 2548 3301; x_wconf 83' lang='lat' dir='ltr'><strong>genere</strong></span> <span class='ocrx_word' id='word_1_406' title='bbox 2587 3230 2769 3286; x_wconf 76' lang='lat' dir='ltr'><strong>fmdus</strong></span> <span class='ocrx_word' id='word_1_407' title='bbox 2801 3241 2964 3301; x_wconf 89' lang='lat' dir='ltr'><strong>atque</strong></span> <span class='ocrx_word' id='word_1_408' title='bbox 2997 3232 3313 3286; x_wconf 88' lang='lat' dir='ltr'><strong>immundus</strong></span> <span class='ocrx_word' id='word_1_409' title='bbox 3335 3243 3472 3286; x_wconf 90' lang='lat' dir='ltr'><strong>erat.</strong></span> <span class='ocrx_word' id='word_1_410' title='bbox 3521 3231 3626 3286; x_wconf 83' lang='lat' dir='ltr'><strong>Per</strong></span> 
     </span>
    </p>
   </div>
   <div class='ocr_carea' id='block_1_62' title="bbox 351 3317 1938 3391">
    <p class='ocr_par' dir='ltr' id='par_1_62' title="bbox 351 3317 1938 3391">
     <span class='ocr_line' id='line_1_62' title="bbox 351 3317 1938 3391; baseline 0 -18"><span class='ocrx_word' id='word_1_411' title='bbox 351 3321 473 3374; x_wconf 78' lang='grc' dir='ltr'><strong>τῶν</strong></span> <span class='ocrx_word' id='word_1_412' title='bbox 509 3317 865 3372; x_wconf 78' lang='grc' dir='ltr'>ἐνοικούντων</span> <span class='ocrx_word' id='word_1_413' title='bbox 889 3333 902 3347; x_wconf 84' lang='grc'><em>’</em></span> <span class='ocrx_word' id='word_1_414' title='bbox 929 3318 1180 3389; x_wconf 79' lang='grc' dir='ltr'>ἄκαρπος</span> <span class='ocrx_word' id='word_1_415' title='bbox 1216 3317 1276 3372; x_wconf 81' lang='grc' dir='ltr'>δὲ</span> <span class='ocrx_word' id='word_1_416' title='bbox 1315 3317 1453 3391; x_wconf 79' lang='grc' dir='ltr'>πρὸς</span> <span class='ocrx_word' id='word_1_417' title='bbox 1484 3318 1690 3391; x_wconf 82' lang='grc' dir='ltr'>ἀρετὴν</span> <span class='ocrx_word' id='word_1_418' title='bbox 1727 3319 1824 3374; x_wconf 76' lang='grc' dir='ltr'><strong>καὶ</strong></span> <span class='ocrx_word' id='word_1_419' title='bbox 1861 3320 1938 3383; x_wconf 85' lang='grc' dir='ltr'><strong>ὡς</strong></span> 
     </span>
    </p>
   </div>
   <div class='ocr_carea' id='block_1_63' title="bbox 357 3409 1310 3486">
    <p class='ocr_par' dir='ltr' id='par_1_63' title="bbox 357 3409 1310 3486">
     <span class='ocr_line' id='line_1_63' title="bbox 357 3409 1310 3486; baseline 0.002 -20"><span class='ocrx_word' id='word_1_420' title='bbox 357 3412 690 3486; x_wconf 74' lang='grc' dir='ltr'>ἐνδιαίτημα</span> <span class='ocrx_word' id='word_1_421' title='bbox 713 3411 823 3466; x_wconf 87' lang='grc' dir='ltr'><strong>τῶν</strong></span> <span class='ocrx_word' id='word_1_422' title='bbox 847 3411 1054 3482; x_wconf 84' lang='grc' dir='ltr'>νοητῶν</span> <span class='ocrx_word' id='word_1_423' title='bbox 1081 3409 1310 3484; x_wconf 82' lang='grc' dir='ltr'>θηρίων.</span> 
     </span>
    </p>
   </div>
   <div class='ocr_carea' id='block_1_64' title="bbox 435 3679 1942 3754">
    <p class='ocr_par' dir='ltr' id='par_1_64' title="bbox 435 3679 1942 3754">
     <span class='ocr_line' id='line_1_64' title="bbox 435 3679 1942 3754; baseline -0.003 -14"><span class='ocrx_word' id='word_1_424' title='bbox 435 3683 542 3740; x_wconf 79' lang='grc' dir='ltr'><strong>Καὶ</strong></span> <span class='ocrx_word' id='word_1_425' title='bbox 566 3683 777 3754; x_wconf 81' lang='grc' dir='ltr'>μονιὸς</span> <span class='ocrx_word' id='word_1_426' title='bbox 810 3682 1015 3753; x_wconf 59' lang='lat' dir='ltr'><strong>dnuo;-</strong></span> <span class='ocrx_word' id='word_1_427' title='bbox 1048 3679 1500 3752; x_wconf 82' lang='grc' dir='ltr'>κατενεμήσατο</span> <span class='ocrx_word' id='word_1_428' title='bbox 1531 3679 1748 3750; x_wconf 79' lang='grc' dir='ltr'>αὑτήν.</span> <span class='ocrx_word' id='word_1_429' title='bbox 1800 3681 1942 3744; x_wconf 82' lang='grc' dir='ltr'>Τοὺς</span> 
     </span>
    </p>
   </div>
   <div class='ocr_carea' id='block_1_65' title="bbox 358 3773 1938 3846">
    <p class='ocr_par' dir='ltr' id='par_1_65' title="bbox 358 3773 1938 3846">
     <span class='ocr_line' id='line_1_65' title="bbox 358 3773 1938 3846; baseline -0.001 -15"><span class='ocrx_word' id='word_1_430' title='bbox 358 3779 566 3840; x_wconf 70' lang='grc' dir='ltr'>αὐτοὺς</span> <span class='ocrx_word' id='word_1_431' title='bbox 621 3777 771 3846; x_wconf 82' lang='grc' dir='ltr'>λέγει</span> <span class='ocrx_word' id='word_1_432' title='bbox 820 3775 1007 3840; x_wconf 83' lang='grc' dir='ltr'>πάλιν,</span> <span class='ocrx_word' id='word_1_433' title='bbox 1061 3773 1248 3846; x_wconf 82' lang='grc' dir='ltr'>μονιδν</span> <span class='ocrx_word' id='word_1_434' title='bbox 1300 3775 1399 3846; x_wconf 75' lang='grc' dir='ltr'>μὲν</span> <span class='ocrx_word' id='word_1_435' title='bbox 1429 3774 1504 3838; x_wconf 83' lang='grc' dir='ltr'>ὡς</span> <span class='ocrx_word' id='word_1_436' title='bbox 1539 3775 1701 3838; x_wconf 85' lang='grc' dir='ltr'>μόνον</span> <span class='ocrx_word' id='word_1_437' title='bbox 1752 3775 1938 3839; x_wconf 78' lang='grc' dir='ltr'>αὐτοῖς</span> 
     </span>
    </p>
   </div>
   <div class='ocr_carea' id='block_1_66' title="bbox 359 3865 1943 3941">
    <p class='ocr_par' dir='ltr' id='par_1_66' title="bbox 359 3865 1943 3941">
     <span class='ocr_line' id='line_1_66' title="bbox 359 3865 1943 3941; baseline -0.003 -17"><span class='ocrx_word' id='word_1_438' title='bbox 359 3868 904 3941; x_wconf 80' lang='grc' dir='ltr'>ἐπιστρατεύσαντα,</span> <span class='ocrx_word' id='word_1_439' title='bbox 946 3866 1072 3936; x_wconf 87' lang='grc' dir='ltr'>δίχα</span> <span class='ocrx_word' id='word_1_440' title='bbox 1113 3865 1456 3938; x_wconf 77' lang='grc' dir='ltr'>συμμάχων’</span> <span class='ocrx_word' id='word_1_441' title='bbox 1512 3866 1708 3936; x_wconf 77' lang='grc' dir='ltr'>ἄγριον</span> <span class='ocrx_word' id='word_1_442' title='bbox 1745 3866 1824 3932; x_wconf 81' lang='grc' dir='ltr'>δὲ,</span> <span class='ocrx_word' id='word_1_443' title='bbox 1867 3867 1943 3929; x_wconf 83' lang='grc' dir='ltr'>ὡς</span> 
     </span>
    </p>
   </div>
   <div class='ocr_carea' id='block_1_67' title="bbox 363 3957 1945 4033">
    <p class='ocr_par' dir='ltr' id='par_1_67' title="bbox 363 3957 1945 4033">
     <span class='ocr_line' id='line_1_67' title="bbox 363 3957 1945 4033; baseline -0.004 -17"><span class='ocrx_word' id='word_1_444' title='bbox 363 3962 653 4033; x_wconf 74' lang='grc' dir='ltr'><strong>θηριωδῶς</strong></span> <span class='ocrx_word' id='word_1_445' title='bbox 683 3961 780 4014; x_wconf 76' lang='grc' dir='ltr'><strong>καὶ</strong></span> <span class='ocrx_word' id='word_1_446' title='bbox 807 3959 973 4030; x_wconf 83' lang='grc' dir='ltr'>ὠμῶς</span> <span class='ocrx_word' id='word_1_447' title='bbox 1013 3957 1291 4028; x_wconf 81' lang='grc' dir='ltr'>Ἑϐραίοις</span> <span class='ocrx_word' id='word_1_448' title='bbox 1324 3957 1692 4029; x_wconf 73' lang='grc' dir='ltr'>χρησάμενον.</span> <span class='ocrx_word' id='word_1_449' title='bbox 1744 3958 1945 4021; x_wconf 78' lang='grc' dir='ltr'>Μονιδς</span> 
     </span>
    </p>
   </div>
   <div class='ocr_carea' id='block_1_68' title="bbox 361 4045 1947 4122">
    <p class='ocr_par' dir='ltr' id='par_1_68' title="bbox 361 4045 1947 4122">
     <span class='ocr_line' id='line_1_68' title="bbox 361 4045 1947 4122; baseline -0.006 -14"><span class='ocrx_word' id='word_1_450' title='bbox 361 4057 421 4108; x_wconf 83' lang='grc' dir='ltr'><em>δέ</em></span> <span class='ocrx_word' id='word_1_451' title='bbox 459 4057 607 4108; x_wconf 83' lang='grc' dir='ltr'>ἐστιν</span> <span class='ocrx_word' id='word_1_452' title='bbox 642 4045 705 4114; x_wconf 71' lang='grc' dir='ltr'><strong>ὗς</strong></span> <span class='ocrx_word' id='word_1_453' title='bbox 742 4053 904 4122; x_wconf 87' lang='grc' dir='ltr'>μόνος</span> <span class='ocrx_word' id='word_1_454' title='bbox 937 4049 1159 4115; x_wconf 80' lang='grc' dir='ltr'>ὁδεύων,</span> <span class='ocrx_word' id='word_1_455' title='bbox 1213 4049 1310 4102; x_wconf 78' lang='grc' dir='ltr'><strong>καὶ</strong></span> <span class='ocrx_word' id='word_1_456' title='bbox 1367 4048 1579 4118; x_wconf 88' lang='grc' dir='ltr'>ἐτέροις</span> <span class='ocrx_word' id='word_1_457' title='bbox 1626 4049 1725 4100; x_wconf 86' lang='grc' dir='ltr'><strong>οὐκ</strong></span> <span class='ocrx_word' id='word_1_458' title='bbox 1756 4047 1947 4118; x_wconf 85' lang='grc' dir='ltr'>ἐπιμι-</span> 
     </span>
    </p>
   </div>
   <div class='ocr_carea' id='block_1_69' title="bbox 363 4138 1946 4219">
    <p class='ocr_par' dir='ltr' id='par_1_69' title="bbox 363 4138 1946 4219">
     <span class='ocr_line' id='line_1_69' title="bbox 363 4138 1946 4219; baseline -0.003 -19"><span class='ocrx_word' id='word_1_459' title='bbox 363 4148 662 4219; x_wconf 84' lang='grc' dir='ltr'>γνύμενος.</span> <span class='ocrx_word' id='word_1_460' title='bbox 687 4147 755 4199; x_wconf 83' lang='grc' dir='ltr'><strong>δι’</strong></span> <span class='ocrx_word' id='word_1_461' title='bbox 791 4145 1098 4217; x_wconf 83' lang='grc' dir='ltr'>ὑπερϐολὴν</span> <span class='ocrx_word' id='word_1_462' title='bbox 1128 4144 1478 4213; x_wconf 82' lang='grc' dir='ltr'>ἀγριότητος.</span> <span class='ocrx_word' id='word_1_463' title='bbox 1507 4141 1665 4206; x_wconf 80' lang='grc' dir='ltr'>Τινὲς</span> <span class='ocrx_word' id='word_1_464' title='bbox 1700 4141 1758 4196; x_wconf 80' lang='grc' dir='ltr'>δὲ</span> <span class='ocrx_word' id='word_1_465' title='bbox 1788 4138 1852 4198; x_wconf 76' lang='grc' dir='ltr'><strong>ὗν</strong></span> <span class='ocrx_word' id='word_1_466' title='bbox 1883 4145 1946 4196; x_wconf 85' lang='grc' dir='ltr'>ἐκ</span> 
     </span>
    </p>
   </div>
   <div class='ocr_carea' id='block_1_70' title="bbox 363 4235 1947 4312">
    <p class='ocr_par' dir='ltr' id='par_1_70' title="bbox 363 4235 1947 4312">
     <span class='ocr_line' id='line_1_70' title="bbox 363 4235 1947 4312; baseline -0.005 -16"><span class='ocrx_word' id='word_1_467' title='bbox 363 4242 582 4312; x_wconf 78' lang='grc' dir='ltr'>δρυμοῦ</span> <span class='ocrx_word' id='word_1_468' title='bbox 625 4243 718 4294; x_wconf 78' lang='grc' dir='ltr'>τὸν</span> <span class='ocrx_word' id='word_1_469' title='bbox 758 4239 1045 4310; x_wconf 76' lang='grc' dir='ltr'>’Λσσύριον</span> <span class='ocrx_word' id='word_1_470' title='bbox 1080 4236 1449 4306; x_wconf 84' lang='grc' dir='ltr'>Σαλμανάσαρ</span> <span class='ocrx_word' id='word_1_471' title='bbox 1509 4238 1695 4304; x_wconf 69' lang='grc' dir='ltr'>φασιν,</span> <span class='ocrx_word' id='word_1_472' title='bbox 1743 4235 1802 4299; x_wconf 86' lang='grc' dir='ltr'>ὃς</span> <span class='ocrx_word' id='word_1_473' title='bbox 1842 4236 1947 4305; x_wconf 83' lang='grc' dir='ltr'>πρὸ</span> 
     </span>
    </p>
   </div>
   <div class='ocr_carea' id='block_1_71' title="bbox 2041 3323 3627 3395">
    <p class='ocr_par' dir='ltr' id='par_1_71' title="bbox 2041 3323 3627 3395">
     <span class='ocr_line' id='line_1_71' title="bbox 2041 3323 3627 3395; baseline 0.002 -19"><span class='ocrx_word' id='word_1_474' title='bbox 2041 3323 2230 3376; x_wconf 74' lang='lat' dir='ltr'><strong>silvam</strong></span> <span class='ocrx_word' id='word_1_475' title='bbox 2258 3337 2413 3390; x_wconf 82' lang='lat' dir='ltr'><strong>vero.</strong></span> <span class='ocrx_word' id='word_1_476' title='bbox 2442 3323 2555 3391; x_wconf 84' lang='lat' dir='ltr'><strong>ipsa</strong></span> <span class='ocrx_word' id='word_1_477' title='bbox 2579 3323 2900 3393; x_wconf 77' lang='lat' dir='ltr'><strong>intelligitur</strong></span> <span class='ocrx_word' id='word_1_478' title='bbox 2955 3323 3195 3395; x_wconf 84' lang='lat' dir='ltr'><strong>Babylon</strong></span> <span class='ocrx_word' id='word_1_479' title='bbox 3227 3362 3245 3389; x_wconf 88' lang='lat'><strong>,</strong></span> <span class='ocrx_word' id='word_1_480' title='bbox 3290 3325 3418 3394; x_wconf 87' lang='lat' dir='ltr'><strong>quia</strong></span> <span class='ocrx_word' id='word_1_481' title='bbox 3470 3325 3627 3379; x_wconf 78' lang='lat' dir='ltr'><strong>habi-</strong></span> 
     </span>
    </p>
   </div>
   <div class='ocr_carea' id='block_1_72' title="bbox 2044 3411 3630 3479">
    <p class='ocr_par' dir='ltr' id='par_1_72' title="bbox 2044 3411 3630 3479">
     <span class='ocr_line' id='line_1_72' title="bbox 2044 3411 3630 3479; baseline 0.001 -13"><span class='ocrx_word' id='word_1_482' title='bbox 2044 3411 2280 3466; x_wconf 91' lang='lat' dir='ltr'><strong>tantium</strong></span> <span class='ocrx_word' id='word_1_483' title='bbox 2343 3411 2698 3467; x_wconf 82' lang='lat' dir='ltr'><strong>multitudine</strong></span> <span class='ocrx_word' id='word_1_484' title='bbox 2734 3411 2911 3467; x_wconf 83' lang='lat' dir='ltr'><strong>instar</strong></span> <span class='ocrx_word' id='word_1_485' title='bbox 2957 3413 3108 3468; x_wconf 73' lang='lat' dir='ltr'><strong>silva:</strong></span> <span class='ocrx_word' id='word_1_486' title='bbox 3155 3413 3326 3468; x_wconf 89' lang='lat' dir='ltr'><strong>densa</strong></span> <span class='ocrx_word' id='word_1_487' title='bbox 3369 3423 3530 3479; x_wconf 85' lang='lat' dir='ltr'><strong>erat,</strong></span> <span class='ocrx_word' id='word_1_488' title='bbox 3574 3422 3630 3467; x_wconf 83' lang='lat' dir='ltr'><strong>et</strong></span> 
     </span>
    </p>
   </div>
   <div class='ocr_carea' id='block_1_73' title="bbox 2049 3503 3631 3576">
    <p class='ocr_par' dir='ltr' id='par_1_73' title="bbox 2049 3503 3631 3576">
     <span class='ocr_line' id='line_1_73' title="bbox 2049 3503 3631 3576; baseline 0.004 -18"><span class='ocrx_word' id='word_1_489' title='bbox 2049 3503 2404 3559; x_wconf 80' lang='lat' dir='ltr'><strong>infructuosa</strong></span> <span class='ocrx_word' id='word_1_490' title='bbox 2443 3506 2690 3574; x_wconf 78' lang='lat' dir='ltr'><strong>germine</strong></span> <span class='ocrx_word' id='word_1_491' title='bbox 2714 3505 3001 3568; x_wconf 86' lang='lat' dir='ltr'><strong>virtutum,</strong></span> <span class='ocrx_word' id='word_1_492' title='bbox 3023 3514 3076 3559; x_wconf 83' lang='lat' dir='ltr'><strong>et</strong></span> <span class='ocrx_word' id='word_1_493' title='bbox 3107 3507 3236 3574; x_wconf 82' lang='lat' dir='ltr'><strong>quia</strong></span> <span class='ocrx_word' id='word_1_494' title='bbox 3281 3507 3434 3560; x_wconf 85' lang='lat' dir='ltr'><strong>locus</strong></span> <span class='ocrx_word' id='word_1_495' title='bbox 3462 3517 3631 3576; x_wconf 83' lang='lat' dir='ltr'><strong>atque</strong></span> 
     </span>
    </p>
   </div>
   <div class='ocr_carea' id='block_1_74' title="bbox 2044 3593 3192 3651">
    <p class='ocr_par' dir='ltr' id='par_1_74' title="bbox 2044 3593 3192 3651">
     <span class='ocr_line' id='line_1_74' title="bbox 2044 3593 3192 3651; baseline 0.003 -4"><span class='ocrx_word' id='word_1_496' title='bbox 2044 3593 2307 3650; x_wconf 84' lang='lat' dir='ltr'><strong>habitatio</strong></span> <span class='ocrx_word' id='word_1_497' title='bbox 2331 3603 2419 3650; x_wconf 89' lang='lat' dir='ltr'><strong>est</strong></span> <span class='ocrx_word' id='word_1_498' title='bbox 2450 3594 2897 3650; x_wconf 87' lang='lat' dir='ltr'><strong>intellectualium</strong></span> <span class='ocrx_word' id='word_1_499' title='bbox 2930 3596 3192 3651; x_wconf 80' lang='lat' dir='ltr'><strong>ferarum.</strong></span> 
     </span>
    </p>
   </div>
   <div class='ocr_carea' id='block_1_75' title="bbox 2119 3685 3633 3758">
    <p class='ocr_par' dir='ltr' id='par_1_75' title="bbox 2119 3685 3633 3758">
     <span class='ocr_line' id='line_1_75' title="bbox 2119 3685 3633 3758; baseline 0.002 -17"><span class='ocrx_word' id='word_1_500' title='bbox 2119 3685 2186 3741; x_wconf 86' lang='lat' dir='ltr'><strong>Et</strong></span> <span class='ocrx_word' id='word_1_501' title='bbox 2233 3687 2521 3758; x_wconf 83' lang='lat' dir='ltr'><strong>singularis</strong></span> <span class='ocrx_word' id='word_1_502' title='bbox 2569 3687 2714 3756; x_wconf 84' lang='lat' dir='ltr'><strong>ferus</strong></span> <span class='ocrx_word' id='word_1_503' title='bbox 2760 3685 3010 3756; x_wconf 72' lang='lat' dir='ltr'><strong>depastus</strong></span> <span class='ocrx_word' id='word_1_504' title='bbox 3051 3698 3130 3743; x_wconf 87' lang='lat' dir='ltr'><strong>est</strong></span> <span class='ocrx_word' id='word_1_505' title='bbox 3177 3705 3317 3743; x_wconf 85' lang='lat' dir='ltr'><strong>eam.</strong></span> <span class='ocrx_word' id='word_1_506' title='bbox 3366 3687 3633 3744; x_wconf 84' lang='lat' dir='ltr'><strong>Eumdem</strong></span> 
     </span>
    </p>
   </div>
   <div class='ocr_carea' id='block_1_76' title="bbox 2044 3780 3633 3852">
    <p class='ocr_par' dir='ltr' id='par_1_76' title="bbox 2044 3780 3633 3852">
     <span class='ocr_line' id='line_1_76' title="bbox 2044 3780 3633 3852; baseline 0.001 -17"><span class='ocrx_word' id='word_1_507' title='bbox 2044 3796 2240 3836; x_wconf 82' lang='lat' dir='ltr'><strong>rursus</strong></span> <span class='ocrx_word' id='word_1_508' title='bbox 2271 3780 2779 3836; x_wconf 83' lang='lat' dir='ltr'><strong>Nabuchodonosor</strong></span> <span class='ocrx_word' id='word_1_509' title='bbox 2812 3781 3145 3852; x_wconf 79' lang='lat' dir='ltr'><strong>singularem</strong></span> <span class='ocrx_word' id='word_1_510' title='bbox 3164 3783 3422 3852; x_wconf 85' lang='lat' dir='ltr'><strong>appellat,</strong></span> <span class='ocrx_word' id='word_1_511' title='bbox 3464 3782 3633 3837; x_wconf 90' lang='lat' dir='ltr'><strong>veluti</strong></span> 
     </span>
    </p>
   </div>
   <div class='ocr_carea' id='block_1_77' title="bbox 2045 3871 3629 3942">
    <p class='ocr_par' dir='ltr' id='par_1_77' title="bbox 2045 3871 3629 3942">
     <span class='ocr_line' id='line_1_77' title="bbox 2045 3871 3629 3942; baseline 0.004 -21"><span class='ocrx_word' id='word_1_512' title='bbox 2045 3873 2138 3942; x_wconf 85' lang='lat' dir='ltr'><strong>qui</strong></span> <span class='ocrx_word' id='word_1_513' title='bbox 2170 3873 2376 3941; x_wconf 87' lang='lat' dir='ltr'><strong>absque</strong></span> <span class='ocrx_word' id='word_1_514' title='bbox 2402 3871 2765 3927; x_wconf 73' lang='lat' dir='ltr'><strong>auxiliaribus</strong></span> <span class='ocrx_word' id='word_1_515' title='bbox 2805 3873 2982 3942; x_wconf 89' lang='lat' dir='ltr'><strong>copiis</strong></span> <span class='ocrx_word' id='word_1_516' title='bbox 3011 3873 3164 3928; x_wconf 89' lang='lat' dir='ltr'><strong>solus</strong></span> <span class='ocrx_word' id='word_1_517' title='bbox 3215 3875 3483 3929; x_wconf 86' lang='lat' dir='ltr'><strong>adversus</strong></span> <span class='ocrx_word' id='word_1_518' title='bbox 3527 3872 3629 3928; x_wconf 80' lang='lat' dir='ltr'><strong>Ju-</strong></span> 
     </span>
    </p>
   </div>
   <div class='ocr_carea' id='block_1_78' title="bbox 2047 3963 3634 4035">
    <p class='ocr_par' dir='ltr' id='par_1_78' title="bbox 2047 3963 3634 4035">
     <span class='ocr_line' id='line_1_78' title="bbox 2047 3963 3634 4035; baseline 0.002 -17"><span class='ocrx_word' id='word_1_519' title='bbox 2047 3965 2194 4020; x_wconf 67' lang='lat' dir='ltr'><strong>dseos</strong></span> <span class='ocrx_word' id='word_1_520' title='bbox 2238 3963 2578 4018; x_wconf 82' lang='lat' dir='ltr'><strong>militasset:</strong></span> <span class='ocrx_word' id='word_1_521' title='bbox 2625 3974 2680 4018; x_wconf 91' lang='lat' dir='ltr'><strong>et</strong></span> <span class='ocrx_word' id='word_1_522' title='bbox 2741 3964 2916 4018; x_wconf 72' lang='lat' dir='ltr'><strong>rerum</strong></span> <span class='ocrx_word' id='word_1_523' title='bbox 2962 3966 3121 4033; x_wconf 87' lang='lat' dir='ltr'><strong>quasi</strong></span> <span class='ocrx_word' id='word_1_524' title='bbox 3171 3981 3419 4030; x_wconf 65' lang='lat' dir='ltr'><strong>saevum,</strong></span> <span class='ocrx_word' id='word_1_525' title='bbox 3469 3976 3634 4035; x_wconf 88' lang='lat' dir='ltr'><strong>atque</strong></span> 
     </span>
    </p>
   </div>
   <div class='ocr_carea' id='block_1_79' title="bbox 2049 4052 3628 4118">
    <p class='ocr_par' dir='ltr' id='par_1_79' title="bbox 2049 4052 3628 4118">
     <span class='ocr_line' id='line_1_79' title="bbox 2049 4052 3628 4118; baseline 0 -8"><span class='ocrx_word' id='word_1_526' title='bbox 2049 4056 2348 4118; x_wconf 88' lang='lat' dir='ltr'><strong>immitem,</strong></span> <span class='ocrx_word' id='word_1_527' title='bbox 2392 4064 2446 4110; x_wconf 92' lang='lat' dir='ltr'><strong>et</strong></span> <span class='ocrx_word' id='word_1_528' title='bbox 2489 4052 2618 4109; x_wconf 59' lang='lat' dir='ltr'><strong>lerat</strong></span> <span class='ocrx_word' id='word_1_529' title='bbox 2657 4055 2822 4108; x_wconf 85' lang='lat' dir='ltr'><strong>alicui</strong></span> <span class='ocrx_word' id='word_1_530' title='bbox 2865 4053 3125 4109; x_wconf 88' lang='lat' dir='ltr'><strong>similem.</strong></span> <span class='ocrx_word' id='word_1_531' title='bbox 3189 4054 3628 4110; x_wconf 82' lang='lat' dir='ltr'><strong>Crudelissimus</strong></span> 
     </span>
    </p>
   </div>
   <div class='ocr_carea' id='block_1_80' title="bbox 2049 4141 3632 4212">
    <p class='ocr_par' dir='ltr' id='par_1_80' title="bbox 2049 4141 3632 4212">
     <span class='ocr_line' id='line_1_80' title="bbox 2049 4141 3632 4212; baseline -0.001 -11"><span class='ocrx_word' id='word_1_532' title='bbox 2049 4147 2193 4201; x_wconf 87' lang='lat' dir='ltr'><strong>enim</strong></span> <span class='ocrx_word' id='word_1_533' title='bbox 2224 4145 2403 4200; x_wconf 81' lang='lat' dir='ltr'><strong>fuerat</strong></span> <span class='ocrx_word' id='word_1_534' title='bbox 2440 4144 2494 4198; x_wconf 91' lang='lat' dir='ltr'><strong>in</strong></span> <span class='ocrx_word' id='word_1_535' title='bbox 2527 4142 2808 4199; x_wconf 65' lang='lat' dir='ltr'><strong>Hebraeos.</strong></span> <span class='ocrx_word' id='word_1_536' title='bbox 2842 4141 3152 4212; x_wconf 87' lang='lat' dir='ltr'><strong>Singularis</strong></span> <span class='ocrx_word' id='word_1_537' title='bbox 3191 4153 3372 4198; x_wconf 89' lang='lat' dir='ltr'><strong>autem</strong></span> <span class='ocrx_word' id='word_1_538' title='bbox 3403 4159 3500 4200; x_wconf 85' lang='lat' dir='ltr'><strong>seu</strong></span> <span class='ocrx_word' id='word_1_539' title='bbox 3539 4159 3632 4200; x_wconf 80' lang='lat' dir='ltr'><strong>so-</strong></span> 
     </span>
    </p>
   </div>
   <div class='ocr_carea' id='block_1_81' title="bbox 2053 4235 3638 4306">
    <p class='ocr_par' dir='ltr' id='par_1_81' title="bbox 2053 4235 3638 4306">
     <span class='ocr_line' id='line_1_81' title="bbox 2053 4235 3638 4306; baseline -0.001 -14"><span class='ocrx_word' id='word_1_540' title='bbox 2053 4237 2268 4292; x_wconf 90' lang='lat' dir='ltr'><strong>litarius</strong></span> <span class='ocrx_word' id='word_1_541' title='bbox 2291 4252 2386 4292; x_wconf 91' lang='lat' dir='ltr'><strong>sus</strong></span> <span class='ocrx_word' id='word_1_542' title='bbox 2426 4236 2514 4290; x_wconf 86' lang='lat' dir='ltr'><strong>ille</strong></span> <span class='ocrx_word' id='word_1_543' title='bbox 2550 4235 2789 4300; x_wconf 86' lang='lat' dir='ltr'><strong>dicitur,</strong></span> <span class='ocrx_word' id='word_1_544' title='bbox 2820 4237 2914 4306; x_wconf 89' lang='lat' dir='ltr'><strong>qui</strong></span> <span class='ocrx_word' id='word_1_545' title='bbox 2963 4236 3116 4290; x_wconf 89' lang='lat' dir='ltr'><strong>solus</strong></span> <span class='ocrx_word' id='word_1_546' title='bbox 3165 4235 3411 4299; x_wconf 86' lang='lat' dir='ltr'><strong>incedit,</strong></span> <span class='ocrx_word' id='word_1_547' title='bbox 3463 4244 3519 4290; x_wconf 90' lang='lat' dir='ltr'><strong>et</strong></span> <span class='ocrx_word' id='word_1_548' title='bbox 3564 4237 3638 4291; x_wconf 87' lang='lat' dir='ltr'><strong>ob</strong></span> 
     </span>
    </p>
   </div>
   <div class='ocr_carea' id='block_1_82' title="bbox 363 4309 1929 4404">
    <p class='ocr_par' dir='ltr' id='par_1_82' title="bbox 363 4309 1929 4404">
     <span class='ocr_line' id='line_1_82' title="bbox 363 4309 1929 4404; baseline -0.007 -16"><span class='ocrx_word' id='word_1_549' title='bbox 363 4309 1000 4404; x_wconf 31' lang='lat' dir='ltr'><strong>toﬁ-NaGOuxoﬁovésmp</strong></span> <span class='ocrx_word' id='word_1_550' title='bbox 1029 4330 1302 4402; x_wconf 79' lang='grc' dir='ltr'>ἐπόρθησε</span> <span class='ocrx_word' id='word_1_551' title='bbox 1346 4329 1446 4400; x_wconf 83' lang='grc' dir='ltr'>τὴν</span> <span class='ocrx_word' id='word_1_552' title='bbox 1475 4329 1810 4399; x_wconf 84' lang='grc' dir='ltr'>Σαμάρειαν.</span> <span class='ocrx_word' id='word_1_553' title='bbox 1855 4328 1929 4380; x_wconf 74' lang='grc' dir='ltr'><strong>Διὲ</strong></span> 
     </span>
    </p>
   </div>
   <div class='ocr_carea' id='block_1_83' title="bbox 2029 4309 3639 4404">
    <p class='ocr_par' dir='ltr' id='par_1_83' title="bbox 2055 4309 3639 4394">
     <span class='ocr_line' id='line_1_83' title="bbox 2055 4309 3639 4394; baseline -0.001 -12"><span class='ocrx_word' id='word_1_554' title='bbox 2055 4341 2323 4382; x_wconf 87' lang='lat' dir='ltr'><strong>summam</strong></span> <span class='ocrx_word' id='word_1_555' title='bbox 2356 4309 2625 4380; x_wconf 69' lang='lat' dir='ltr'><strong>feritatem</strong></span> <span class='ocrx_word' id='word_1_556' title='bbox 2655 4325 2778 4380; x_wconf 75' lang='lat' dir='ltr'><strong>aliis</strong></span> <span class='ocrx_word' id='word_1_557' title='bbox 2813 4339 2922 4379; x_wconf 87' lang='lat' dir='ltr'><strong>non</strong></span> <span class='ocrx_word' id='word_1_558' title='bbox 2946 4325 3226 4381; x_wconf 89' lang='lat' dir='ltr'><strong>miscetur.</strong></span> <span class='ocrx_word' id='word_1_559' title='bbox 3251 4326 3484 4394; x_wconf 84' lang='lat' dir='ltr'><strong>Quidam</strong></span> <span class='ocrx_word' id='word_1_560' title='bbox 3507 4344 3639 4383; x_wconf 83' lang='lat' dir='ltr'><strong>vero</strong></span> 
     </span>
    </p>
   </div>
   <div class='ocr_carea' id='block_1_84' title="bbox 365 4417 1929 4496">
    <p class='ocr_par' dir='ltr' id='par_1_84' title="bbox 365 4419 1929 4496">
     <span class='ocr_line' id='line_1_84' title="bbox 365 4419 1929 4496; baseline -0.004 -17"><span class='ocrx_word' id='word_1_561' title='bbox 365 4428 471 4480; x_wconf 68' lang='grc' dir='ltr'><strong>καὶ</strong></span> <span class='ocrx_word' id='word_1_562' title='bbox 501 4421 655 4488; x_wconf 75' lang='grc' dir='ltr'>οὗτος</span> <span class='ocrx_word' id='word_1_563' title='bbox 681 4426 781 4495; x_wconf 83' lang='grc' dir='ltr'>μὲν</span> <span class='ocrx_word' id='word_1_564' title='bbox 812 4424 1121 4496; x_wconf 81' lang='grc' dir='ltr'>ἐλυμήνατο</span> <span class='ocrx_word' id='word_1_565' title='bbox 1154 4422 1401 4494; x_wconf 84' lang='grc' dir='ltr'>μερικῶς</span> <span class='ocrx_word' id='word_1_566' title='bbox 1436 4419 1730 4492; x_wconf 85' lang='grc' dir='ltr'>Ἑϐραίους</span> <span class='ocrx_word' id='word_1_567' title='bbox 1752 4437 1767 4452; x_wconf 76' lang='grc' dir='ltr'><strong>ο</strong></span> <span class='ocrx_word' id='word_1_568' title='bbox 1819 4423 1847 4474; x_wconf 87' lang='grc' dir='ltr'>ὁ</span> <span class='ocrx_word' id='word_1_569' title='bbox 1892 4420 1929 4474; x_wconf 68' lang='grc' dir='ltr'><strong>δί</strong></span> 
     </span>
    </p>
   </div>
   <div class='ocr_carea' id='block_1_85' title="bbox 2029 4417 3640 4496">
    <p class='ocr_par' dir='ltr' id='par_1_85' title="bbox 2057 4417 3640 4490">
     <span class='ocr_line' id='line_1_85' title="bbox 2057 4417 3640 4490; baseline 0 -16"><span class='ocrx_word' id='word_1_570' title='bbox 2057 4435 2154 4490; x_wconf 89' lang='lat' dir='ltr'><strong>per</strong></span> <span class='ocrx_word' id='word_1_571' title='bbox 2187 4433 2338 4474; x_wconf 86' lang='lat' dir='ltr'><strong>suem</strong></span> <span class='ocrx_word' id='word_1_572' title='bbox 2371 4417 2440 4473; x_wconf 88' lang='lat' dir='ltr'><strong>de</strong></span> <span class='ocrx_word' id='word_1_573' title='bbox 2465 4419 2600 4474; x_wconf 87' lang='lat' dir='ltr'><strong>silva</strong></span> <span class='ocrx_word' id='word_1_574' title='bbox 2624 4458 2639 4481; x_wconf 84' lang='lat'><strong>.</strong></span> <span class='ocrx_word' id='word_1_575' title='bbox 2667 4418 2954 4486; x_wconf 83' lang='lat' dir='ltr'><strong>Assyrium</strong></span> <span class='ocrx_word' id='word_1_576' title='bbox 2996 4419 3307 4490; x_wconf 85' lang='lat' dir='ltr'><strong>intelligunt</strong></span> <span class='ocrx_word' id='word_1_577' title='bbox 3352 4420 3640 4475; x_wconf 77' lang='lat' dir='ltr'><strong>Salmana-</strong></span> 
     </span>
    </p>
   </div>
   <div class='ocr_carea' id='block_1_86' title="bbox 367 4508 1929 4590">
    <p class='ocr_par' dir='ltr' id='par_1_86' title="bbox 367 4515 1604 4590">
     <span class='ocr_line' id='line_1_86' title="bbox 367 4515 1604 4590; baseline -0.004 -17"><span class='ocrx_word' id='word_1_578' title='bbox 367 4518 869 4590; x_wconf 74' lang='grc' dir='ltr'>Ναϐουχοδονόσωρ</span> <span class='ocrx_word' id='word_1_579' title='bbox 901 4517 1134 4572; x_wconf 81' lang='grc' dir='ltr'>καθόλου</span> <span class='ocrx_word' id='word_1_580' title='bbox 1166 4515 1604 4584; x_wconf 85' lang='grc' dir='ltr'>κατενεμήσατο.</span> 
     </span>
    </p>
   </div>
   <div class='ocr_carea' id='block_1_87' title="bbox 2029 4508 3643 4590">
    <p class='ocr_par' dir='ltr' id='par_1_87' title="bbox 2062 4509 3643 4581">
     <span class='ocr_line' id='line_1_87' title="bbox 2062 4509 3643 4581; baseline 0 -13"><span class='ocrx_word' id='word_1_581' title='bbox 2062 4528 2175 4577; x_wconf 88' lang='lat' dir='ltr'><strong>sar,</strong></span> <span class='ocrx_word' id='word_1_582' title='bbox 2209 4514 2305 4580; x_wconf 91' lang='lat' dir='ltr'><strong>qui</strong></span> <span class='ocrx_word' id='word_1_583' title='bbox 2337 4525 2466 4566; x_wconf 87' lang='lat' dir='ltr'><strong>ante</strong></span> <span class='ocrx_word' id='word_1_584' title='bbox 2491 4509 2998 4566; x_wconf 83' lang='lat' dir='ltr'><strong>Nabuchodonosor</strong></span> <span class='ocrx_word' id='word_1_585' title='bbox 3027 4511 3390 4581; x_wconf 83' lang='lat' dir='ltr'><strong>depopulatus</strong></span> <span class='ocrx_word' id='word_1_586' title='bbox 3432 4522 3519 4568; x_wconf 89' lang='lat' dir='ltr'><strong>est</strong></span> <span class='ocrx_word' id='word_1_587' title='bbox 3542 4513 3643 4568; x_wconf 81' lang='lat' dir='ltr'><strong>Sa-</strong></span> 
     </span>
    </p>
   </div>
   <div class='ocr_carea' id='block_1_88' title="bbox 369 4605 3498 4682">
    <p class='ocr_par' dir='ltr' id='par_1_88' title="bbox 369 4605 3498 4682">
     <span class='ocr_line' id='line_1_88' title="bbox 369 4605 3498 4682; baseline -0.002 -13"><span class='ocrx_word' id='word_1_588' title='bbox 369 4613 629 4678; x_wconf 81' lang='lat' dir='ltr'><strong>mariam,</strong></span> <span class='ocrx_word' id='word_1_589' title='bbox 663 4612 859 4682; x_wconf 89' lang='lat' dir='ltr'><strong>quippe</strong></span> <span class='ocrx_word' id='word_1_590' title='bbox 890 4627 954 4665; x_wconf 83' lang='lat' dir='ltr'><strong>ex</strong></span> <span class='ocrx_word' id='word_1_591' title='bbox 985 4610 1168 4681; x_wconf 90' lang='lat' dir='ltr'><strong>aliqua</strong></span> <span class='ocrx_word' id='word_1_592' title='bbox 1203 4618 1355 4680; x_wconf 89' lang='lat' dir='ltr'><strong>parte</strong></span> <span class='ocrx_word' id='word_1_593' title='bbox 1381 4608 1586 4666; x_wconf 74' lang='lat' dir='ltr'><strong>Judznis</strong></span> <span class='ocrx_word' id='word_1_594' title='bbox 1638 4610 1838 4666; x_wconf 89' lang='lat' dir='ltr'><strong>damna</strong></span> <span class='ocrx_word' id='word_1_595' title='bbox 1871 4610 2081 4666; x_wconf 89' lang='lat' dir='ltr'><strong>intulit.</strong></span> <span class='ocrx_word' id='word_1_596' title='bbox 2111 4605 2248 4660; x_wconf 89' lang='lat' dir='ltr'><strong>Nam</strong></span> <span class='ocrx_word' id='word_1_597' title='bbox 2289 4605 2801 4662; x_wconf 85' lang='lat' dir='ltr'><strong>Nabuchodonosor</strong></span> <span class='ocrx_word' id='word_1_598' title='bbox 2833 4621 2929 4662; x_wconf 90' lang='lat' dir='ltr'><strong>eos</strong></span> <span class='ocrx_word' id='word_1_599' title='bbox 2965 4621 3195 4676; x_wconf 85' lang='lat' dir='ltr'><strong>prorsus</strong></span> <span class='ocrx_word' id='word_1_600' title='bbox 3245 4607 3498 4676; x_wconf 89' lang='lat' dir='ltr'><strong>perdidit.</strong></span> 
     </span>
    </p>
   </div>
   <div class='ocr_carea' id='block_1_89' title="bbox 460 4699 1929 4776">
    <p class='ocr_par' dir='ltr' id='par_1_89' title="bbox 460 4705 1929 4776">
     <span class='ocr_line' id='line_1_89' title="bbox 460 4705 1929 4776; baseline -0.001 -14"><span class='ocrx_word' id='word_1_601' title='bbox 460 4709 522 4762; x_wconf 86' lang='grc' dir='ltr'>Ὀ</span> <span class='ocrx_word' id='word_1_602' title='bbox 557 4708 700 4776; x_wconf 83' lang='grc' dir='ltr'>Θεὸς</span> <span class='ocrx_word' id='word_1_603' title='bbox 732 4707 850 4762; x_wconf 85' lang='grc' dir='ltr'><strong>τῶν</strong></span> <span class='ocrx_word' id='word_1_604' title='bbox 882 4707 1221 4776; x_wconf 80' lang='grc' dir='ltr'>δυνάμεων,</span> <span class='ocrx_word' id='word_1_605' title='bbox 1252 4707 1630 4775; x_wconf 70' lang='grc' dir='ltr'>ἐπίστρεψον</span> <span class='ocrx_word' id='word_1_606' title='bbox 1661 4705 1763 4774; x_wconf 77' lang='grc' dir='ltr'>δὴ,</span> <span class='ocrx_word' id='word_1_607' title='bbox 1824 4707 1929 4760; x_wconf 77' lang='grc' dir='ltr'>ἐπί</span> 
     </span>
    </p>
   </div>
   <div class='ocr_carea' id='block_1_90' title="bbox 2029 4699 3650 4776">
    <p class='ocr_par' dir='ltr' id='par_1_90' title="bbox 2132 4699 3650 4772">
     <span class='ocr_line' id='line_1_90' title="bbox 2132 4699 3650 4772; baseline 0.003 -17"><span class='ocrx_word' id='word_1_608' title='bbox 2132 4701 2298 4755; x_wconf 66' lang='lat' dir='ltr'><strong>Vens.</strong></span> <span class='ocrx_word' id='word_1_609' title='bbox 2334 4700 2424 4762; x_wconf 78' lang='lat' dir='ltr'><strong>l5.</strong></span> <span class='ocrx_word' id='word_1_610' title='bbox 2459 4699 2545 4754; x_wconf 77' lang='grc'><strong>16.</strong></span> <span class='ocrx_word' id='word_1_611' title='bbox 2586 4700 2722 4754; x_wconf 82' lang='lat' dir='ltr'><strong>Deus</strong></span> <span class='ocrx_word' id='word_1_612' title='bbox 2744 4702 3000 4754; x_wconf 81' lang='lat' dir='ltr'><strong>virtutum</strong></span> <span class='ocrx_word' id='word_1_613' title='bbox 3047 4716 3288 4755; x_wconf 84' lang='lat' dir='ltr'><strong>conrerte</strong></span> <span class='ocrx_word' id='word_1_614' title='bbox 3341 4712 3390 4756; x_wconf 85' lang='lat' dir='ltr'><strong>et</strong></span> <span class='ocrx_word' id='word_1_615' title='bbox 3447 4705 3650 4772; x_wconf 73' lang='lat' dir='ltr'><strong>respice</strong></span> 
     </span>
    </p>
   </div>
   <div class='ocr_carea' id='block_1_91' title="bbox 365 4792 1929 4872">
    <p class='ocr_par' dir='ltr' id='par_1_91' title="bbox 365 4799 1929 4872">
     <span class='ocr_line' id='line_1_91' title="bbox 365 4799 1929 4872; baseline -0.004 -12"><span class='ocrx_word' id='word_1_616' title='bbox 365 4807 612 4872; x_wconf 66' lang='grc' dir='ltr'>ὄλεψον</span> <span class='ocrx_word' id='word_1_617' title='bbox 637 4802 705 4868; x_wconf 75' lang='grc' dir='ltr'>ἐξ</span> <span class='ocrx_word' id='word_1_618' title='bbox 731 4801 1017 4870; x_wconf 77' lang='grc' dir='ltr'>οὐρανοῦ,</span> <span class='ocrx_word' id='word_1_619' title='bbox 1048 4800 1148 4854; x_wconf 77' lang='grc' dir='ltr'>καί</span> <span class='ocrx_word' id='word_1_620' title='bbox 1179 4799 1294 4864; x_wconf 83' lang='grc' dir='ltr'>ιδε,</span> <span class='ocrx_word' id='word_1_621' title='bbox 1341 4800 1442 4854; x_wconf 82' lang='grc' dir='ltr'><strong>καὶ</strong></span> <span class='ocrx_word' id='word_1_622' title='bbox 1476 4801 1808 4868; x_wconf 72' lang='grc' dir='ltr'>ἐπίσκεψαι</span> <span class='ocrx_word' id='word_1_623' title='bbox 1840 4801 1929 4868; x_wconf 70' lang='lat' dir='ltr'><strong>sip</strong></span> 
     </span>
    </p>
   </div>
   <div class='ocr_carea' id='block_1_92' title="bbox 2029 4792 3649 4872">
    <p class='ocr_par' dir='ltr' id='par_1_92' title="bbox 2058 4792 3649 4867">
     <span class='ocr_line' id='line_1_92' title="bbox 2058 4792 3649 4867; baseline 0.003 -19"><span class='ocrx_word' id='word_1_624' title='bbox 2058 4795 2122 4849; x_wconf 82' lang='lat' dir='ltr'><strong>de</strong></span> <span class='ocrx_word' id='word_1_625' title='bbox 2145 4794 2304 4857; x_wconf 72' lang='grc' dir='ltr'>εωίο,</span> <span class='ocrx_word' id='word_1_626' title='bbox 2335 4805 2381 4847; x_wconf 84' lang='lat' dir='ltr'><strong>et</strong></span> <span class='ocrx_word' id='word_1_627' title='bbox 2410 4792 2528 4847; x_wconf 78' lang='lat' dir='ltr'><strong>vide</strong></span> <span class='ocrx_word' id='word_1_628' title='bbox 2551 4833 2566 4855; x_wconf 88' lang='lat'><strong>,</strong></span> <span class='ocrx_word' id='word_1_629' title='bbox 2597 4804 2648 4847; x_wconf 89' lang='lat' dir='ltr'><strong>et</strong></span> <span class='ocrx_word' id='word_1_630' title='bbox 2689 4794 2842 4848; x_wconf 79' lang='lat' dir='ltr'><strong>visita</strong></span> <span class='ocrx_word' id='word_1_631' title='bbox 2865 4796 3072 4848; x_wconf 79' lang='lat' dir='ltr'><strong>vineam</strong></span> <span class='ocrx_word' id='word_1_632' title='bbox 3113 4795 3312 4860; x_wconf 79' lang='lat' dir='ltr'><strong>istam,</strong></span> <span class='ocrx_word' id='word_1_633' title='bbox 3363 4805 3413 4850; x_wconf 88' lang='lat' dir='ltr'><strong>et</strong></span> <span class='ocrx_word' id='word_1_634' title='bbox 3453 4799 3649 4867; x_wconf 81' lang='lat' dir='ltr'><strong>perﬁce</strong></span> 
     </span>
    </p>
   </div>
   <div class='ocr_carea' id='block_1_93' title="bbox 367 4887 1929 4968">
    <p class='ocr_par' dir='ltr' id='par_1_93' title="bbox 367 4893 1929 4967">
     <span class='ocr_line' id='line_1_93' title="bbox 367 4893 1929 4967; baseline -0.003 -15"><span class='ocrx_word' id='word_1_635' title='bbox 367 4899 655 4967; x_wconf 75' lang='grc' dir='ltr'>ἄμπελον</span> <span class='ocrx_word' id='word_1_636' title='bbox 682 4897 932 4963; x_wconf 82' lang='grc' dir='ltr'>ταύτην,</span> <span class='ocrx_word' id='word_1_637' title='bbox 979 4895 1078 4950; x_wconf 77' lang='grc' dir='ltr'>καί</span> <span class='ocrx_word' id='word_1_638' title='bbox 1129 4893 1485 4962; x_wconf 82' lang='grc' dir='ltr'>κατάρτισαι</span> <span class='ocrx_word' id='word_1_639' title='bbox 1537 4894 1757 4960; x_wconf 80' lang='grc' dir='ltr'>αὐτὴν,</span> <span class='ocrx_word' id='word_1_640' title='bbox 1791 4893 1872 4960; x_wconf 79' lang='grc' dir='ltr'>ἢν</span> <span class='ocrx_word' id='word_1_641' title='bbox 1900 4895 1929 4947; x_wconf 79' lang='grc' dir='ltr'><strong>ἐ</strong></span> 
     </span>
    </p>
   </div>
   <div class='ocr_carea' id='block_1_94' title="bbox 2029 4887 3650 4968">
    <p class='ocr_par' dir='ltr' id='par_1_94' title="bbox 2058 4887 3650 4968">
     <span class='ocr_line' id='line_1_94' title="bbox 2058 4887 3650 4968; baseline 0.003 -27"><span class='ocrx_word' id='word_1_642' title='bbox 2058 4904 2177 4942; x_wconf 81' lang='lat' dir='ltr'><strong>eam</strong></span> <span class='ocrx_word' id='word_1_643' title='bbox 2225 4901 2386 4956; x_wconf 84' lang='lat' dir='ltr'><strong>quam</strong></span> <span class='ocrx_word' id='word_1_644' title='bbox 2435 4887 2696 4968; x_wconf 71' lang='lat' dir='ltr'><strong>plantavit</strong></span> <span class='ocrx_word' id='word_1_645' title='bbox 2746 4887 2968 4942; x_wconf 68' lang='lat' dir='ltr'><strong>dextera</strong></span> <span class='ocrx_word' id='word_1_646' title='bbox 3033 4899 3147 4943; x_wconf 75' lang='lat' dir='ltr'><strong>tua.</strong></span> <span class='ocrx_word' id='word_1_647' title='bbox 3201 4888 3512 4956; x_wconf 88' lang='lat' dir='ltr'><strong>Converte,</strong></span> <span class='ocrx_word' id='word_1_648' title='bbox 3545 4892 3650 4946; x_wconf 84' lang='lat' dir='ltr'><strong>hoc</strong></span> 
     </span>
    </p>
   </div>
   <div class='ocr_carea' id='block_1_95' title="bbox 366 4979 1929 5064">
    <p class='ocr_par' dir='ltr' id='par_1_95' title="bbox 366 4988 1929 5064">
     <span class='ocr_line' id='line_1_95' title="bbox 366 4988 1929 5064; baseline -0.003 -19"><span class='ocrx_word' id='word_1_649' title='bbox 366 4992 690 5064; x_wconf 72' lang='grc' dir='ltr'>φύτευσεν</span> <span class='ocrx_word' id='word_1_650' title='bbox 716 4992 754 5059; x_wconf 68' lang='grc' dir='ltr'><strong>’ἡ</strong></span> <span class='ocrx_word' id='word_1_651' title='bbox 783 4988 954 5054; x_wconf 81' lang='grc' dir='ltr'>δεξιά</span> <span class='ocrx_word' id='word_1_652' title='bbox 991 4989 1630 5056; x_wconf 71' lang='grc' dir='ltr'>σου.-Ὲπίστρεψον,</span> <span class='ocrx_word' id='word_1_653' title='bbox 1651 4988 1770 5058; x_wconf 74' lang='grc' dir='ltr'>ἤτοι</span> <span class='ocrx_word' id='word_1_654' title='bbox 1805 4989 1929 5058; x_wconf 87' lang='grc' dir='ltr'>Διόρ</span> 
     </span>
    </p>
   </div>
   <div class='ocr_carea' id='block_1_96' title="bbox 2029 4979 3649 5064">
    <p class='ocr_par' dir='ltr' id='par_1_96' title="bbox 2062 4979 3649 5051">
     <span class='ocr_line' id='line_1_96' title="bbox 2062 4979 3649 5051; baseline 0.001 -15"><span class='ocrx_word' id='word_1_655' title='bbox 2062 4988 2168 5047; x_wconf 84' lang='lat' dir='ltr'><strong>est,</strong></span> <span class='ocrx_word' id='word_1_656' title='bbox 2206 4979 2390 5051; x_wconf 84' lang='lat' dir='ltr'><strong>Dirige</strong></span> <span class='ocrx_word' id='word_1_657' title='bbox 2423 4994 2524 5034; x_wconf 90' lang='lat' dir='ltr'><strong>nos</strong></span> <span class='ocrx_word' id='word_1_658' title='bbox 2550 4995 2566 5044; x_wconf 87' lang='lat'><strong>;</strong></span> <span class='ocrx_word' id='word_1_659' title='bbox 2597 4980 2700 5044; x_wconf 89' lang='lat' dir='ltr'><strong>vel,</strong></span> <span class='ocrx_word' id='word_1_660' title='bbox 2727 4988 2786 5034; x_wconf 90' lang='lat' dir='ltr'><strong>ut</strong></span> <span class='ocrx_word' id='word_1_661' title='bbox 2820 4981 3074 5051; x_wconf 88' lang='lat' dir='ltr'><strong>superius</strong></span> <span class='ocrx_word' id='word_1_662' title='bbox 3091 4980 3362 5046; x_wconf 79' lang='lat' dir='ltr'><strong>diximus(</strong></span> <span class='ocrx_word' id='word_1_663' title='bbox 3381 4981 3649 5037; x_wconf 85' lang='lat' dir='ltr'><strong>Converte</strong></span> 
     </span>
    </p>
   </div>
   <div class='ocr_carea' id='block_1_97' title="bbox 369 5069 1929 5154">
    <p class='ocr_par' dir='ltr' id='par_1_97' title="bbox 369 5080 1929 5154">
     <span class='ocr_line' id='line_1_97' title="bbox 369 5080 1929 5154; baseline -0.005 -15"><span class='ocrx_word' id='word_1_664' title='bbox 369 5089 560 5140; x_wconf 84' lang='grc' dir='ltr'>Θωσον</span> <span class='ocrx_word' id='word_1_665' title='bbox 588 5086 757 5154; x_wconf 80' lang='grc' dir='ltr'>ἡμᾶς.</span> <span class='ocrx_word' id='word_1_666' title='bbox 787 5085 859 5136; x_wconf 82' lang='grc' dir='ltr'><em>Ἢ</em></span> <span class='ocrx_word' id='word_1_667' title='bbox 891 5084 1007 5146; x_wconf 73' lang='grc' dir='ltr'>καὶ,</span> <span class='ocrx_word' id='word_1_668' title='bbox 1041 5081 1224 5144; x_wconf 83' lang='grc' dir='ltr'>καθὼς</span> <span class='ocrx_word' id='word_1_669' title='bbox 1257 5080 1515 5149; x_wconf 83' lang='grc' dir='ltr'>ἀνωτέρω</span> <span class='ocrx_word' id='word_1_670' title='bbox 1561 5082 1802 5150; x_wconf 75' lang='grc' dir='ltr'>εἴρηται,</span> <span class='ocrx_word' id='word_1_671' title='bbox 1837 5080 1929 5132; x_wconf 88' lang='grc' dir='ltr'><strong>ἐπί</strong></span> 
     </span>
    </p>
   </div>
   <div class='ocr_carea' id='block_1_98' title="bbox 2029 5069 3646 5154">
    <p class='ocr_par' dir='ltr' id='par_1_98' title="bbox 2065 5069 3646 5142">
     <span class='ocr_line' id='line_1_98' title="bbox 2065 5069 3646 5142; baseline 0.001 -18"><span class='ocrx_word' id='word_1_672' title='bbox 2065 5084 2166 5125; x_wconf 89' lang='lat' dir='ltr'><strong>nos</strong></span> <span class='ocrx_word' id='word_1_673' title='bbox 2191 5071 2256 5122; x_wconf 87' lang='lat' dir='ltr'><strong>ad</strong></span> <span class='ocrx_word' id='word_1_674' title='bbox 2292 5078 2345 5122; x_wconf 90' lang='lat' dir='ltr'><strong>te</strong></span> <span class='ocrx_word' id='word_1_675' title='bbox 2379 5084 2393 5132; x_wconf 88' lang='lat'><strong>;</strong></span> <span class='ocrx_word' id='word_1_676' title='bbox 2427 5079 2521 5123; x_wconf 88' lang='lat' dir='ltr'><strong>aut</strong></span> <span class='ocrx_word' id='word_1_677' title='bbox 2543 5084 2572 5122; x_wconf 90' lang='lat' dir='ltr'><strong>a</strong></span> <span class='ocrx_word' id='word_1_678' title='bbox 2605 5069 2958 5125; x_wconf 87' lang='lat' dir='ltr'><strong>tribulatione</strong></span> <span class='ocrx_word' id='word_1_679' title='bbox 2989 5071 3054 5124; x_wconf 89' lang='lat' dir='ltr'><strong>ad</strong></span> <span class='ocrx_word' id='word_1_680' title='bbox 3103 5072 3360 5141; x_wconf 87' lang='lat' dir='ltr'><strong>gaudium</strong></span> <span class='ocrx_word' id='word_1_681' title='bbox 3389 5113 3404 5138; x_wconf 86' lang='lat'><strong>,</strong></span> <span class='ocrx_word' id='word_1_682' title='bbox 3450 5072 3600 5142; x_wconf 88' lang='lat' dir='ltr'><strong>etc.)</strong></span> <span class='ocrx_word' id='word_1_683' title='bbox 3630 5113 3646 5137; x_wconf 90' lang='lat'><strong>,</strong></span> 
     </span>
    </p>
   </div>
   <div class='ocr_carea' id='block_1_99' title="bbox 369 5159 1929 5248">
    <p class='ocr_par' dir='ltr' id='par_1_99' title="bbox 369 5173 1929 5248">
     <span class='ocr_line' id='line_1_99' title="bbox 369 5173 1929 5248; baseline -0.005 -15"><span class='ocrx_word' id='word_1_684' title='bbox 369 5179 588 5248; x_wconf 72' lang='grc' dir='ltr'>σκεψαι</span> <span class='ocrx_word' id='word_1_685' title='bbox 611 5178 691 5241; x_wconf 81' lang='grc' dir='ltr'>δὲ,</span> <span class='ocrx_word' id='word_1_686' title='bbox 725 5177 848 5228; x_wconf 76' lang='grc' dir='ltr'>ἀντὶ</span> <span class='ocrx_word' id='word_1_687' title='bbox 881 5175 974 5228; x_wconf 76' lang='grc' dir='ltr'>τοῦ</span> <span class='ocrx_word' id='word_1_688' title='bbox 1003 5174 1155 5227; x_wconf 79' lang='grc' dir='ltr'>ἴασαι</span> <span class='ocrx_word' id='word_1_689' title='bbox 1185 5173 1584 5243; x_wconf 85' lang='grc' dir='ltr'>συντριϐεῖσαν.</span> <span class='ocrx_word' id='word_1_690' title='bbox 1616 5174 1929 5244; x_wconf 81' lang='grc' dir='ltr'>Κατάρτισο</span> 
     </span>
    </p>
   </div>
   <div class='ocr_carea' id='block_1_100' title="bbox 2029 5159 3648 5248">
    <p class='ocr_par' dir='ltr' id='par_1_100' title="bbox 2065 5159 3648 5228">
     <span class='ocr_line' id='line_1_100' title="bbox 2065 5159 3648 5228; baseline -0.002 -13"><span class='ocrx_word' id='word_1_691' title='bbox 2065 5168 2123 5215; x_wconf 88' lang='lat' dir='ltr'><strong>et</strong></span> <span class='ocrx_word' id='word_1_692' title='bbox 2152 5161 2321 5216; x_wconf 83' lang='lat' dir='ltr'><strong>Visita</strong></span> <span class='ocrx_word' id='word_1_693' title='bbox 2357 5159 2595 5223; x_wconf 87' lang='lat' dir='ltr'><strong>vineam,</strong></span> <span class='ocrx_word' id='word_1_694' title='bbox 2622 5161 2725 5214; x_wconf 88' lang='lat' dir='ltr'><strong>hoc</strong></span> <span class='ocrx_word' id='word_1_695' title='bbox 2749 5171 2861 5222; x_wconf 80' lang='lat' dir='ltr'><strong>est,</strong></span> <span class='ocrx_word' id='word_1_696' title='bbox 2898 5159 3114 5215; x_wconf 78' lang='lat' dir='ltr'><strong>Medere</strong></span> <span class='ocrx_word' id='word_1_697' title='bbox 3174 5176 3317 5225; x_wconf 88' lang='lat' dir='ltr'><strong>eam,</strong></span> <span class='ocrx_word' id='word_1_698' title='bbox 3356 5176 3476 5228; x_wconf 69' lang='lat' dir='ltr'><strong>quae</strong></span> <span class='ocrx_word' id='word_1_699' title='bbox 3514 5175 3648 5214; x_wconf 84' lang='lat' dir='ltr'><strong>con-</strong></span> 
     </span>
    </p>
   </div>
   <div class='ocr_carea' id='block_1_101' title="bbox 367 5250 1929 5338">
    <p class='ocr_par' dir='ltr' id='par_1_101' title="bbox 367 5267 1929 5338">
     <span class='ocr_line' id='line_1_101' title="bbox 367 5267 1929 5338; baseline -0.006 -10"><span class='ocrx_word' id='word_1_700' title='bbox 367 5274 462 5338; x_wconf 81' lang='grc' dir='ltr'>δὲ,</span> <span class='ocrx_word' id='word_1_701' title='bbox 489 5271 614 5324; x_wconf 76' lang='grc' dir='ltr'>ἀντὶ</span> <span class='ocrx_word' id='word_1_702' title='bbox 635 5269 731 5323; x_wconf 83' lang='grc' dir='ltr'>τοῦ</span> <span class='ocrx_word' id='word_1_703' title='bbox 751 5270 1107 5338; x_wconf 83' lang='grc' dir='ltr'>Ἀνάκτησαι,</span> <span class='ocrx_word' id='word_1_704' title='bbox 1138 5269 1215 5330; x_wconf 85' lang='grc' dir='ltr'><strong>είς</strong></span> <span class='ocrx_word' id='word_1_705' title='bbox 1239 5267 1338 5338; x_wconf 78' lang='grc' dir='ltr'>τὴν</span> <span class='ocrx_word' id='word_1_706' title='bbox 1367 5267 1642 5337; x_wconf 82' lang='grc' dir='ltr'>προτέραν</span> <span class='ocrx_word' id='word_1_707' title='bbox 1661 5267 1929 5336; x_wconf 82' lang='grc' dir='ltr'>εὐκληρία</span> 
     </span>
    </p>
   </div>
   <div class='ocr_carea' id='block_1_102' title="bbox 2029 5250 3646 5338">
    <p class='ocr_par' dir='ltr' id='par_1_102' title="bbox 2069 5250 3646 5322">
     <span class='ocr_line' id='line_1_102' title="bbox 2069 5250 3646 5322; baseline -0.001 -16"><span class='ocrx_word' id='word_1_708' title='bbox 2069 5253 2196 5306; x_wconf 87' lang='lat' dir='ltr'><strong>trita</strong></span> <span class='ocrx_word' id='word_1_709' title='bbox 2228 5254 2411 5322; x_wconf 70' lang='lat' dir='ltr'><strong>est,:et</strong></span> <span class='ocrx_word' id='word_1_710' title='bbox 2443 5251 2694 5322; x_wconf 79' lang='lat' dir='ltr'><strong>Respice,</strong></span> <span class='ocrx_word' id='word_1_711' title='bbox 2720 5254 2824 5308; x_wconf 87' lang='lat' dir='ltr'><strong>hoc</strong></span> <span class='ocrx_word' id='word_1_712' title='bbox 2853 5260 2960 5314; x_wconf 82' lang='lat' dir='ltr'><strong>est,</strong></span> <span class='ocrx_word' id='word_1_713' title='bbox 2992 5251 3216 5315; x_wconf 72' lang='lat' dir='ltr'><strong>Before,</strong></span> <span class='ocrx_word' id='word_1_714' title='bbox 3243 5259 3295 5306; x_wconf 89' lang='lat' dir='ltr'><strong>et</strong></span> <span class='ocrx_word' id='word_1_715' title='bbox 3328 5250 3380 5304; x_wconf 89' lang='lat' dir='ltr'><strong>in</strong></span> <span class='ocrx_word' id='word_1_716' title='bbox 3408 5254 3646 5321; x_wconf 88' lang='lat' dir='ltr'><strong>priorem</strong></span> 
     </span>
    </p>
   </div>
   <div class='ocr_carea' id='block_1_103' title="bbox 360 5341 1929 5432">
    <p class='ocr_par' dir='ltr' id='par_1_103' title="bbox 360 5357 1928 5432">
     <span class='ocr_line' id='line_1_103' title="bbox 360 5357 1928 5432; baseline -0.006 -16"><span class='ocrx_word' id='word_1_717' title='bbox 360 5363 844 5432; x_wconf 74' lang='grc' dir='ltr'>ἀποκατάστησον</span> <span class='ocrx_word' id='word_1_718' title='bbox 895 5359 1008 5429; x_wconf 66' lang='lat' dir='ltr'><strong>(L5)</strong></span> <span class='ocrx_word' id='word_1_719' title='bbox 1060 5359 1252 5429; x_wconf 77' lang='grc' dir='ltr'>ἥντινα</span> <span class='ocrx_word' id='word_1_720' title='bbox 1318 5357 1567 5428; x_wconf 80' lang='grc' dir='ltr'>ἄμπελον</span> <span class='ocrx_word' id='word_1_721' title='bbox 1640 5359 1928 5426; x_wconf 71' lang='grc' dir='ltr'>κατῴκησε</span> 
     </span>
    </p>
   </div>
   <div class='ocr_carea' id='block_1_104' title="bbox 2029 5341 3650 5432">
    <p class='ocr_par' dir='ltr' id='par_1_104' title="bbox 2069 5341 3650 5414">
     <span class='ocr_line' id='line_1_104' title="bbox 2069 5341 3650 5414; baseline 0 -18"><span class='ocrx_word' id='word_1_722' title='bbox 2069 5351 2270 5396; x_wconf 87' lang='lat' dir='ltr'><strong>statum</strong></span> <span class='ocrx_word' id='word_1_723' title='bbox 2315 5357 2434 5398; x_wconf 84' lang='lat' dir='ltr'><strong>eam</strong></span> <span class='ocrx_word' id='word_1_724' title='bbox 2477 5344 2731 5406; x_wconf 87' lang='lat' dir='ltr'><strong>restitue,</strong></span> <span class='ocrx_word' id='word_1_725' title='bbox 2763 5357 2908 5405; x_wconf 86' lang='lat' dir='ltr'><strong>eam,</strong></span> <span class='ocrx_word' id='word_1_726' title='bbox 2951 5341 3458 5407; x_wconf 83' lang='lat' dir='ltr'><strong>inquam,vineam,</strong></span> <span class='ocrx_word' id='word_1_727' title='bbox 3482 5359 3650 5414; x_wconf 88' lang='lat' dir='ltr'><strong>quam</strong></span> 
     </span>
    </p>
   </div>
   <div class='ocr_carea' id='block_1_105' title="bbox 370 5434 1929 5528">
    <p class='ocr_par' dir='ltr' id='par_1_105' title="bbox 370 5453 1072 5528">
     <span class='ocr_line' id='line_1_105' title="bbox 370 5453 1072 5528; baseline -0.01 -14"><span class='ocrx_word' id='word_1_728' title='bbox 370 5457 626 5521; x_wconf 72' lang='grc' dir='ltr'>ἐνταῦθα</span> <span class='ocrx_word' id='word_1_729' title='bbox 656 5457 690 5528; x_wconf 80' lang='grc' dir='ltr'><strong>ἡ</strong></span> <span class='ocrx_word' id='word_1_730' title='bbox 725 5457 794 5526; x_wconf 85' lang='grc' dir='ltr'>σὴ</span> <span class='ocrx_word' id='word_1_731' title='bbox 818 5453 1072 5524; x_wconf 81' lang='grc' dir='ltr'>δύναμις.</span> 
     </span>
    </p>
   </div>
   <div class='ocr_carea' id='block_1_106' title="bbox 2029 5434 3654 5528">
    <p class='ocr_par' dir='ltr' id='par_1_106' title="bbox 2069 5434 3654 5506">
     <span class='ocr_line' id='line_1_106' title="bbox 2069 5434 3654 5506; baseline 0 -16"><span class='ocrx_word' id='word_1_732' title='bbox 2069 5435 2290 5490; x_wconf 79' lang='lat' dir='ltr'><strong>dextera</strong></span> <span class='ocrx_word' id='word_1_733' title='bbox 2320 5445 2414 5490; x_wconf 91' lang='lat' dir='ltr'><strong>tua</strong></span> <span class='ocrx_word' id='word_1_734' title='bbox 2450 5437 2733 5506; x_wconf 84' lang='lat' dir='ltr'><strong>plantavit.</strong></span> <span class='ocrx_word' id='word_1_735' title='bbox 2761 5435 2949 5490; x_wconf 84' lang='lat' dir='ltr'><strong>Divina</strong></span> <span class='ocrx_word' id='word_1_736' title='bbox 2977 5434 3120 5488; x_wconf 88' lang='lat' dir='ltr'><strong>enim</strong></span> <span class='ocrx_word' id='word_1_737' title='bbox 3152 5441 3426 5503; x_wconf 87' lang='lat' dir='ltr'><strong>potestate</strong></span> <span class='ocrx_word' id='word_1_738' title='bbox 3447 5435 3654 5498; x_wconf 80' lang='lat' dir='ltr'><strong>factum</strong></span> 
     </span>
    </p>
   </div>
   <div class='ocr_carea' id='block_1_107' title="bbox 2071 5527 3170 5598">
    <p class='ocr_par' dir='ltr' id='par_1_107' title="bbox 2071 5527 3170 5598">
     <span class='ocr_line' id='line_1_107' title="bbox 2071 5527 3170 5598; baseline 0.002 -21"><span class='ocrx_word' id='word_1_739' title='bbox 2071 5535 2178 5590; x_wconf 88' lang='lat' dir='ltr'><strong>est,</strong></span> <span class='ocrx_word' id='word_1_740' title='bbox 2213 5536 2273 5580; x_wconf 90' lang='lat' dir='ltr'><strong>ut</strong></span> <span class='ocrx_word' id='word_1_741' title='bbox 2304 5529 2357 5581; x_wconf 91' lang='lat' dir='ltr'><strong>in</strong></span> <span class='ocrx_word' id='word_1_742' title='bbox 2387 5528 2492 5583; x_wconf 87' lang='lat' dir='ltr'><strong>hac</strong></span> <span class='ocrx_word' id='word_1_743' title='bbox 2523 5529 2742 5598; x_wconf 83' lang='lat' dir='ltr'><strong>regiOne</strong></span> <span class='ocrx_word' id='word_1_744' title='bbox 2776 5527 3170 5580; x_wconf 87' lang='lat' dir='ltr'><strong>babitarcmus.</strong></span> 
     </span>
    </p>
   </div>
   <div class='ocr_carea' id='block_1_108' title="bbox 444 5638 801 5704">
    <p class='ocr_par' dir='ltr' id='par_1_108' title="bbox 444 5638 801 5704">
     <span class='ocr_line' id='line_1_108' title="bbox 444 5638 801 5704; baseline -0.008 -11"><span class='ocrx_word' id='word_1_745' title='bbox 444 5639 491 5672; x_wconf 79' lang='grc'><strong>⁸⁷</strong></span> <span class='ocrx_word' id='word_1_746' title='bbox 533 5639 638 5694; x_wconf 92' lang='lat' dir='ltr'><strong>lsa.</strong></span> <span class='ocrx_word' id='word_1_747' title='bbox 665 5654 719 5704; x_wconf 80' lang='grc' dir='ltr'><strong>ν,</strong></span> <span class='ocrx_word' id='word_1_748' title='bbox 744 5638 801 5691; x_wconf 80' lang='lat'><strong>2.</strong></span> 
     </span>
    </p>
   </div>
   <div class='ocr_carea' id='block_1_109' title="bbox 1747 5703 2322 5772">
    <p class='ocr_par' dir='ltr' id='par_1_109' title="bbox 1747 5703 2322 5772">
     <span class='ocr_line' id='line_1_109' title="bbox 1747 5703 2322 5772; baseline 0.014 -11"><span class='ocrx_word' id='word_1_749' title='bbox 1747 5703 1946 5765; x_wconf 75' lang='lat' dir='ltr'><strong>Variae</strong></span> <span class='ocrx_word' id='word_1_750' title='bbox 1992 5705 2322 5772; x_wconf 86' lang='lat' dir='ltr'><strong>lectiones.</strong></span> 
     </span>
    </p>
   </div>
   <div class='ocr_carea' id='block_1_110' title="bbox 467 5803 3651 5942">
    <p class='ocr_par' dir='ltr' id='par_1_110' title="bbox 467 5803 3651 5942">
     <span class='ocr_line' id='line_1_110' title="bbox 467 5803 3651 5942; baseline -0.002 -73"><span class='ocrx_word' id='word_1_751' title='bbox 467 5815 580 5942; x_wconf 62' lang='grc' dir='ltr'><strong>(ἓῦ)</strong></span> <span class='ocrx_word' id='word_1_752' title='bbox 607 5813 796 5869; x_wconf 69' lang='lat' dir='ltr'><strong>Graece</strong></span> <span class='ocrx_word' id='word_1_753' title='bbox 829 5827 986 5874; x_wconf 84' lang='lat' dir='ltr'><strong>quam</strong></span> <span class='ocrx_word' id='word_1_754' title='bbox 1018 5810 1226 5864; x_wconf 71' lang='lat' dir='ltr'><strong>vincam</strong></span> <span class='ocrx_word' id='word_1_755' title='bbox 1256 5803 1519 5861; x_wconf 71' lang='lat' dir='ltr'><strong>exstruxit</strong></span> <span class='ocrx_word' id='word_1_756' title='bbox 1567 5805 1800 5873; x_wconf 80' lang='lat' dir='ltr'><strong>petentia</strong></span> <span class='ocrx_word' id='word_1_757' title='bbox 1843 5816 1957 5860; x_wconf 84' lang='lat' dir='ltr'><strong>tua.</strong></span> <span class='ocrx_word' id='word_1_758' title='bbox 2002 5808 2212 5868; x_wconf 66' lang='lat' dir='ltr'><strong>Caetera</strong></span> <span class='ocrx_word' id='word_1_759' title='bbox 2236 5812 2304 5870; x_wconf 89' lang='lat' dir='ltr'><strong>de</strong></span> <span class='ocrx_word' id='word_1_760' title='bbox 2325 5828 2434 5888; x_wconf 86' lang='lat' dir='ltr'><strong>quo</strong></span> <span class='ocrx_word' id='word_1_761' title='bbox 2461 5812 2670 5871; x_wconf 80' lang='lat' dir='ltr'><strong>addidit</strong></span> <span class='ocrx_word' id='word_1_762' title='bbox 2693 5811 2988 5900; x_wconf 46' lang='lat' dir='ltr'><strong>interpres,</strong></span> <span class='ocrx_word' id='word_1_763' title='bbox 3045 5807 3430 5882; x_wconf 75' lang='lat' dir='ltr'><strong>explanatione</strong></span> <span class='ocrx_word' id='word_1_764' title='bbox 3492 5823 3651 5877; x_wconf 83' lang='lat' dir='ltr'><strong>usus,</strong></span> 
     </span>
     <span class='ocr_line' id='line_1_111' title="bbox 505 5900 862 5942; baseline -0.008 -1"><span class='ocrx_word' id='word_1_765' title='bbox 505 5903 594 5942; x_wconf 69' lang='lat' dir='ltr'><strong>CIC</strong></span> <span class='ocrx_word' id='word_1_766' title='bbox 618 5900 862 5942; x_wconf 83' lang='lat' dir='ltr'><strong>semper.</strong></span> 
     </span>
    </p>
   </div>
   <div class='ocr_carea' id='block_1_111' title="bbox 384 5894 862 5955">
    <p class='ocr_par' dir='ltr' id='par_1_111' title="bbox 384 5894 862 5955">
     <span class='ocr_line' id='line_1_112' title="bbox 384 5894 862 5955; baseline -0.013 -11"><span class='ocrx_word' id='word_1_767' title='bbox 384 5894 459 5944; x_wconf 83' lang='lat' dir='ltr'><strong>ut</strong></span> <span class='ocrx_word' id='word_1_768' title='bbox 483 5894 594 5943; x_wconf 78' lang='lat' dir='ltr'><strong>fere</strong></span> <span class='ocrx_word' id='word_1_769' title='bbox 618 5900 862 5955; x_wconf 85' lang='lat' dir='ltr'><strong>semper.</strong></span> 
     </span>
    </p>
   </div>
  </div>
