4088 6446
399 309 517 373 843
1626 300 2019 363 EUTHYMII
2062 298 2433 361 ZIGABENI
3592 287 3700 347 ΒΗ

406 436 592 480 rerum
646 417 1117 491 contemplatione
1173 415 1516 472 claruerunt.
1581 413 1845 471 Palmites
1874 430 2002 470 vero

2114 412 2187 483 τῷ
2236 412 2524 483 ἀμπελῶνι
2554 411 2651 466 τοῦ
2676 408 2920 484 Χριστοῦ
2953 406 3238 480 πολέμιος,
3285 403 3347 470 δς
3375 401 3442 459 ἂν
3468 398 3698 473 κληθείη

404 526 461 571 et
495 512 864 585 propagines,
908 522 1151 580 expones
1189 515 1246 562 ut
1289 508 1405 578 jam
1436 507 1697 577 superius
1741 507 2003 562 diximus.

2116 505 2217 557 καὶ
2242 504 2449 574 μονιὺς,
2482 503 2574 557 διὰ
2609 502 2710 567 τὰς
2731 501 3034 570 ἀναλόγους
3078 498 3279 562 αἰτίας.
3334 493 3419 549 Τὰ
3458 492 3516 548 δὲ
3575 492 3705 562 ἑξῆς

405 608 511 663 Per
535 621 690 662 mare
716 604 882 660 etiam
907 611 961 656 et
995 616 1091 672 per
1118 598 1375 664 ﬂumina,
1426 598 1748 653 universum
1783 597 2006 669 pelagus

2115 595 2441 670 ἀρκούντως
2498 596 2819 667 ἀνήχθησαν

403 710 462 755 et
510 700 766 753 universa
814 693 1046 749 flumina
1101 691 1396 762 intelliges,
1428 704 1540 758 quo
1575 705 1838 745 sermone
1906 689 2205 746 universus
2297 690 2452 745 orbis
2496 688 2868 760 signiﬁcatur.
2954 682 3061 738 Per
3100 694 3269 747 sucm,‘
3313 692 3445 734 vero
3525 678 3706 744 ipsum

404 794 709 846 daemonem
747 798 1083 862 exponeneo
1108 786 1258 855 quod
1277 780 1645 837 immunditiis
1669 780 2002 836 delectatur.
2041 782 2147 837 Per
2179 780 2374 836 silvam
2400 783 2567 835 etiam
2611 778 2775 851 (quae,
2802 777 2960 849 juxta
3026 776 3135 828 vim
3180 770 3383 826 Graecae
3413 767 3706 837 :dictioniﬁ

398 885 630 961 δρυμὸς,
659 881 1001 941 condensum
1030 879 1328 959 signiticat)
1368 879 1569 935 animae
1602 878 1712 933 illa:
1760 886 1996 947 possunt
2035 878 2295 950 intelligi,
2329 892 2456 948 quze
2509 877 2886 948 passionibus,
2981 882 3147 942 atque
3194 867 3484 925 aﬂ‘ectibus
3562 866 3710 961 adeo

401 959 710 1041 abundant,
760 982 822 1029 ut
850 971 1039 1027 densa:
1086 969 1494 1041 quodammodo
1544 982 1611 1024 ac
1662 967 1850 1023 nimia:
1914 968 1970 1023 in
2014 970 2332 1040 hujnsmodi
2398 969 2695 1027 affectibus
2725 967 2974 1024 dicendae
3028 967 3173 1028 sint,
3215 971 3271 1019 et
3324 959 3710 1015 uihilominius

402 1072 623 1130 steriles
670 1080 826 1138 sunt,
890 1082 1058 1138 atque
1112 1062 1495 1119 infructuosae.
1561 1060 1622 1117 In
1673 1062 1760 1115 his
1816 1075 2004 1116 autem
2046 1064 2340 1119 animabus
2402 1064 2495 1129 ille
2543 1065 2757 1121 daemon
2806 1069 3206 1122 commoratur,
3257 1054 3355 1127 qui
3430 1053 3567 1108 vitio
3644 1067 3711 1109 ac

400 1165 678 1235 pravitate
708 1165 916 1219 unicus
958 1172 1013 1218 et
1062 1158 1386 1229 singularis,
1460 1156 1809 1212 immanitate
1895 1166 2080 1214 autem
2123 1170 2175 1214 et
2211 1161 2423 1217 saevitia
2460 1160 2615 1218 ferus
2649 1160 2997 1232 appellatur:
3046 1173 3234 1212 verum
3281 1155 3410 1209 licet
3450 1152 3568 1221 ipse
3598 1147 3711 1201 da-

402 1274 532 1313 mon
570 1255 962 1326 principaliter
1040 1255 1117 1308 ita
1173 1250 1511 1323 appelletur,
1562 1248 1900 1306 secundario
1929 1259 2114 1306 tamen
2155 1268 2225 1309 eo
2272 1254 2583 1326 singularis
2631 1268 2697 1309 ac
2744 1253 2873 1308 ferae
2952 1251 3181 1306 nomine
3244 1246 3477 1317 quilibet
3545 1240 3708 1296 intel-

402 1354 592 1424 ligitur
624 1362 917 1424 tyrannus,
946 1350 1041 1421 qui
1083 1349 1260 1404 vineae
1292 1347 1500 1403 Christi
1570 1346 1748 1401 hostis
1818 1345 1915 1404 sit.
1941 1346 2076 1414 Quae
2114 1352 2611 1423 sequunturjuxta
2659 1365 2887 1408 sensum
2936 1346 3301 1419 anagogicum
3332 1358 3400 1397 ex
3452 1337 3711 1409 superius

403 1446 570 1501 dictis
598 1444 736 1500 satis
766 1440 1108 1497 sullicienter
1141 1440 1393 1509 exposita
1418 1445 1571 1495 sunt.

479 1537 544 1591 In
577 1537 736 1607 ﬁnem
766 1550 864 1606 pro
893 1532 1253 1588 torcularibus
1284 1531 1525 1600 psalmus
1577 1531 1681 1600 ipsi
1732 1531 1933 1601 Amph.

906 1623 1131 1680 PSALM
1143 1623 1181 1679 U
1195 1623 1233 1678 S
1285 1621 1504 1679 LXXX.

475 1719 717 1776 Octavus
763 1718 1012 1790 psalmus
1062 1717 1303 1772 similem
1358 1716 1525 1769 habet
1555 1715 2009 1786 inscriptionem.

400 1830 495 1883 pro
552 1809 956 1878 torcularibusj,
1005 1808 1096 1863 ubi
1137 1806 1544 1877 expositionem
1589 1809 1741 1861 clare
1778 1808 2009 1864 tradidi-

401 1922 550 1962 mus.
613 1904 711 1959 Illa
773 1904 948 1974 igitur
997 1900 1302 1957 toreularia
1367 1913 1396 1953 a
1453 1898 1734 1969 Propheta
1815 1912 2011 1957 nostro

398 2008 595 2052 mutuo
618 1996 815 2066 jubere
860 2003 1026 2063 atque
1056 1991 1343 2048 exhortari
1401 2006 1525 2047 sese
1577 1991 2013 2049 introducuntur

400 2090 470 2145 ad
503 2105 567 2145 ea
623 2086 936 2158 peragenda
968 2101 1093 2157 quae
1143 2084 1197 2141 in
1228 2086 1520 2156 praesentis
1566 2084 1768 2156 psalmi
1804 2087 2011 2142 haben-

401 2198 492 2239 tur
522 2182 822 2254 principio.
864 2179 1299 2251 Redarguuntur
1348 2180 1513 2234 etiam
1562 2180 1618 2234 in
1660 2181 1763 2235 hoc
1795 2183 2009 2251 psalmo

397 2275 573 2331 Judari
618 2276 687 2330 de
742 2289 959 2330 summa
1013 2288 1208 2328 eorum
1258 2274 1315 2328 in
1363 2272 1535 2328 Deum
1588 2273 2007 2344 ingratitudine,

400 2379 569 2439 atque
604 2366 956 2431 inﬁdelitate,
988 2366 1060 2421 ob
1112 2381 1282 2437 quam
1319 2377 1734 2436 consequenter
1755 2369 1837 2424 cis
1870 2383 2011 2438 prae—

400 2461 630 2527 dicitur,
688 2460 839 2530 quod
891 2459 1197 2529 abjiciendi
1251 2469 1435 2515 erant.
1480 2459 1557 2514 Ex
1585 2476 1693 2530 qua
1747 2463 2015 2534 redargu-

2119 1538 2226 1602 Εἰς
2254 1534 2322 1598 τὸ
2355 1532 2533 1600 τέλος
2561 1530 2716 1600 ὑπὲρ
2743 1530 2863 1585 τῶν
2885 1525 3095 1597 ,πηγῶν
3119 1525 3360 1598 armiger;
3396 1522 3477 1589 τῷ
3499 1523 3705 1593 Ἀσάφ.

2693 1624 2990 1680 ΨΑΛΜΟΣ
3042 1625 3126 1679 Π’.

2195 1722 2305 1774 Kal.
2336 1721 2412 1794 τῷ
2443 1720 2617 1792 ὀγδόῳ
2651 1717 2855 1790 ψαλμῷ
2886 1718 3006 1782 Ἐἰς
3050 1718 3119 1769 τὸ
3150 1714 3328 1779 τέλος
3378 1710 3532 1780 ὑπὲρ
3589 1707 3710 1761 τῶν

2119 1812 2332 1883 ληνῶν
2372 1814 2811 1885 ἐπιγέγραπται,
2841 1809 2933 1864 καὶ
2959 1808 3058 1880 τὴν
3089 1807 3355 1879 ἐξήγησιν
3405 1807 3464 1857 ἐν
3515 1802 3709 1871 ἐκείνῳ

2123 1905 2312 1978 σαφῶς
2341 1906 2836 1978 παραδεδώκαμεν.
2862 1902 3115 1956 Ἐκεῖναι
3185 1898 3374 1954 τοίνυν
3418 1898 3475 1952 al
3539 1896 3697 1967 ληνοὶ

2123 1999 2600 2072 παρακελεύονται
2656 1996 2936 2068 ἀλλήλοις,
2993 1994 3095 2048 ὃσα
3157 1992 3220 2047 τὸ
3274 1990 3564 2063 προοίμιον
3611 1987 3708 2043 τοῦ

2122 2093 2493 2163 προκειμένου
2532 2089 2754 2160 ψαλμοῦ
2808 2105 2967 2157 φησι.
3032 2083 3295 2156 Διασὺρει
3334 2082 3390 2136 δὲ
3416 2084 3445 2135 ὁ
3494 2081 3711 2153 ψαλμδς

2119 2185 2218 2257 τὴν
2268 2184 2543 2245 Ἐδραίων
2575 2182 2999 2254 ἀποχαριστίαν,
3033 2181 3128 2234 καὶ
3155 2177 3460 2242 ἀπείθειαν,
3488 2178 3584 2232 καὶ
3633 2176 3716 2229 δι-

2119 2276 2313 2331 δάσκει
2345 2277 2444 2346 τὴν
2469 2274 2749 2340 ἀποϐολὴν
2794 2272 3003 2336 αὐτῶν,
3062 2270 3567 2340 ἐξασφαλιζόμενος
3616 2268 3712 2321 τὸν

2121 2372 2240 2426 νέον
2259 2370 2409 2435 λαὸν,
2431 2370 2519 2423 ἵνα
2547 2368 2644 2440 μὴ,
2667 2368 2741 2431 ὠς
2762 2371 2789 2421 ὀ
2810 2365 3063 2431 παλαιὸς,
3090 2362 3379 2436 ἀποϐληθῇ
3404 2362 3499 2417 καὶ
3530 2358 3709 2425 οὗτος,

2123 2461 2157 2531 ἦ
2191 2462 2288 2531 τὴν
2330 2460 2545 2514 ἐκείνου
2577 2459 2886 2531 μιμήσεται
2924 2455 3151 2510 κακίαν.

402 2557 968 2625 tioneetprophetia,
1005 2554 1340 2625 prudentior
1408 2571 1474 2609 an
1524 2556 1745 2611 cautibr
1819 2558 2069 2612 redditur
2111 2572 2290 2612 novus
2364 2558 2626 2626 populus,
2693 2569 2761 2608 ne
2817 2564 2872 2608 et
2937 2552 3121 2623 ipsum
3195 2546 3496 2621 aliquando
3547 2547 3712 2619 abjici

400 2653 771 2721 contingeret,
798 2649 844 2705 si
885 2649 1101 2718 antiqui
1147 2647 1296 2702 illius
1348 2649 1483 2702 vitia
1522 2647 1687 2703 fuerit
1732 2651 2004 2706 imitatus.

476 2744 640 2801 Vens.
674 2744 730 2798 9..
769 2742 1060 2797 Εατδιιίιαιε
1093 2741 1207 2796 Deo
1234 2741 1479 2812 adjutori
1508 2755 1713 2799 nostra.
1746 2741 2018 2800 Videntur

402 2841 580 2910 prima
618 2837 757 2892 facie
801 2836 918 2891 haec
948 2835 1115 2891 verba
1164 2834 1376 2904 prolata
1411 2849 1536 2891 esse
1577 2852 1641 2891 ex
1679 2834 2001 2891 Judzeorum

402 2944 662 3003 persona,
714 2929 807 2999 qui
863 2942 895 2983 e
952 2925 1292 2998 Babylonica
1339 2926 1627 2983 redierunt
1671 2929 2014 3002 captigitate,

400 3024 574 3079 veluti
607 3020 1011 3076 exsultantium
1064 3019 1134 3073 dc
1180 3032 1284 3073 suo
1320 3018 1377 3073 in
1410 3019 1648 3089 patriam
1687 3020 1891 3085 reditu,
1931 3030 2016 3076 at-

401 3128 510 3183 que
549 3111 655 3167 hoc.
692 3122 853 3182 pacto
896 3109 1195 3180 exponitur
1246 3109 1337 3165 hic
1394 3112 1646 3180 psalmus
1694 3126 1725 3165 a
1778 3112 2010 3169 Judmis.

2204 2738 2614 2812 Ἀγαλλιςῖσθε
2637 2738 2717 2805 τῷ
2754 2736 2877 2803 Θεῷ
2906 2735 2989 2802 τῷ
3045 2733 3256 2804 βοηθῷ
3303 2731 3496 2803 ἡμῶν.
3553 2716 3714 2789 Δοκέῖ

2119 2840 2221 2910 μὲν
2253 2842 2280 2892 ὁ
2301 2839 2458 2906 λόγος
2484 2833 2754 2890 εἶναιτῶν
2775 2834 3108 2888 ἐπανιόντων
3140 2834 3203 2885 ὲκ
3232 2831 3550 2894 Βαϐυλῶνος
3581 2831 3707 2900 αἰχ-

2122 2931 2414 3000 μαλώτων,
2487 2929 2564 2992 ὡς
2606 2928 2848 2999 Ἐὄραῖοί
2899 2943 3087 2996 φασιν,
3148 2924 3586 2993 ἁγαλλιωμένωι
3633 2928 3701 2992 τῇ

2118 3024 2405 3093 ὲπανόδῳ’
2441 3020 2763 3090 Ἐλέγχεται
2795 3018 2876 3085 δὲ,
2911 3018 2989 3088 μὴ
3021 3015 3101 3069 ὢν
3138 3015 3366 3079 τούτων,
3427 3014 3539 3068 ἀπὸ
3598 3014 3710 3066 τῶν

2122 3118 2251 3186 ἑξῆς
2276 3113 2541 3185 λυπηρῶν
2574 3111 2778 3184 ῥητῶν.
2816 3110 2884 3163 Al
2927 3111 3113 3180 μέντοι
3162 3107 3321 3179 ληνοὶ
3369 3106 3713 3178 προτρέπον-

401 3204 608 3261 Verum
648 3205 694 3262 si
731 3204 1021 3275 sequentia
1062 3202 1250 3259 omnia
1297 3203 1645 3271 consideres,
1700 3206 1791 3260 ubi
1836 3207 2006 3261 multa

2118 3225 2211 3262 ται
2247 3207 2486 3277 ἀλλήλας
2516 3203 2887 3274 ἁγαλλιᾶσθαι
2924 3203 3017 3255 ἐπὶ
3055 3201 3135 3272 τῷ
3186 3198 3410 3271 Χριστῴ
3464 3198 3542 3268 τῷ
3602 3200 3709 3269 ἑμ-

400 3313 645 3355 ιιιωιοοτο
701 3297 909 3354 referta
964 3303 1118 3360 sunt,
1153 3295 1554 3352 convincemus
1614 3296 1765 3352 hunc
1815 3313 2008 3354 eorum

2120 3298 2310 3369 φανῶς
2358 3299 2552 3362 αὐταῖς
2575 3295 2889 3369 βοηθοῦντι.

400 3407 626 3447 sensum
694 3401 910 3446 rectum
967 3404 1079 3444 non
1135 3403 1282 3444 esse.
1354 3386 1679 3445 Torcularia
1749 3391 1840 3446 illa
1880 3392 2092 3463 {igitur
2150 3400 2347 3448 mutuo
2402 3406 2529 3448 sese
2588 3391 2992 3456 exhortantur,
3061 3388 3130 3443 ad
3202 3387 3588 3444 exsultandum
3649 3386 3708 3440 in

399 3489 643 3553 Christo,
668 3487 761 3558 qui
792 3487 872 3542 eis
905 3485 1253 3541 auxliaturus
1282 3484 1576 3542 manifeste
1600 3487 1920 3544 advenerat.

471 3580 712 3634 Jubilate
744 3578 852 3633 Deo
884 3577 1075 3632 Iacob.
1114 3576 1192 3632 De
1225 3578 1555 3647 juhilatione
1601 3580 1804 3649 sapius
1853 3582 1999 3637 dixi-

401 3682 801 3739 mus,etnunc
848 3670 1073 3725 brevius
1123 3680 1461 3741 repetemus,
1517 3673 1660 3727 idem
1695 3689 1818 3729 esse
1851 3675 2004 3745 juhi-

405 3770 524 3823 lare
558 3766 705 3837 quod
744 3762 1078 3827 vociferari,
1130 3774 1185 3818 et
1233 3764 1478 3818 νὶιτιοτίιο
1509 3776 1734 3820 cantum
1789 3784 2007 3823 canere.

402 3861 517 3916 Deo
547 3867 728 3913 autem
764 3854 936 3911 Jacob
963 3855 1088 3910 ideo
1119 3854 1300 3922 dixit,
1337 3864 1395 3909 ut
1437 3857 1493 3911 in
1542 3859 1867 3914 memoriam
1918 3876 2009 3918 re-

402 3961 644 4014 vocaret,
693 3948 842 4022 quod
874 3947 1016 4003 Deus
1069 3947 1221 4017 iste,
1272 3950 1362 4021 qui
1415 3952 1792 4009 incarnandus
1848 3966 2007 4022 erat,

402 4044 545 4100 idem
586 4043 676 4099 ille
715 4050 884 4107 esset,
925 4041 1018 4111 qui
1048 4041 1178 4095 olim
1204 4043 1533 4112 patriarcha:
1556 4042 1724 4101 .lacob
1750 4047 1804 4100 in
1832 4048 2004 4118 ligura

405 4136 649 4191 hominis
687 4143 1035 4206 apparuerat,
1077 4132 1317 4187 futuram
1363 4134 1800 4191 ἱιιο.ιι“ηίιιὶοιιοιιι
1839 4153 2002 4193 suam

403 4229 817 4302 praenuntians.

476 4321 644 4377 Vsus.
680 4321 735 4377 5.
785 4319 994 4378 Sumite
1040 4321 1349 4393 psalmum,
1406 4332 1457 4377 et
1496 4322 1621 4378 date
1669 4334 2002 4395 tympanum.

402 4412 813 4485 Amplectimini
843 4411 1172 4483 disciplinas
1209 4411 1327 4466 Dei.
1362 4411 1458 4468 Est
1489 4423 1674 4467 autem
1718 4416 1808 4470 hic
1853 4417 2001 4486 psal-

406 4523 530 4562 mus
556 4505 862 4561 moralibus
900 4504 1140 4560 rel’ertus
1169 4504 1542 4561 documentis.
1578 4504 1646 4560 Et
1680 4509 1895 4575 pulsate
1935 4525 2002 4565 ac

405 4593 676 4666 percutite
707 4607 909 4664 corpus
935 4602 1185 4648 vestrum
1213 4593 1424 4664 plectro
1453 4599 1852 4665 temperantiae.

476 4686 799 4741 Psalterium
808 4685 1110 4755 jucundum
1131 4701 1251 4739 cum
1268 4685 1498 4740 cithara.
1515 4687 1618 4742 Per
1654 4689 2001 4759 psalterium,

406 4782 585 4852 ipsam
635 4789 872 4834 mentem
921 4789 1012 4834 aut
1062 4779 1398 4836 intellectum
1445 4779 1740 4852 intelligit,
1801 4792 1856 4838 et
1904 4800 2002 4855 per

405 4873 696 4936 citharam,
728 4884 955 4945 corpus,
1002 4869 1142 4925 utin
1183 4885 1339 4925 χχιιι
1392 4871 1606 4941 psalmo
1631 4874 1998 4931 tradidimus:

408 4964 654 5028 Mox-etc,
679 4962 897 5033 inquit,
933 4961 1273 5017 intellectum
1310 4970 1364 5015 et
1395 4977 1598 5031 corpus
1627 4974 1869 5019 vestrum
1897 5004 1913 5031 ,
1943 4977 2003 5021 ut

406 5059 594 5115 laetitia
628 5056 797 5111 Deum
825 5054 1101 5111 alliciatis.
1134 5054 1439 5126 Utrnbique
1466 5064 1648 5110 autem
1672 5072 1699 5110 a
1720 5062 1999 5115 communi

406 5166 573 5208 sensu
601 5148 933 5205 sumendum
968 5157 1053 5204 est
1080 5190 1097 5215 ,
1124 5148 1355 5203 verbum
1387 5190 1402 5214 ,
1440 5147 1594 5203 Date.
1634 5148 1821 5221 Neque
1853 5153 1998 5206 enim

405 5247 474 5302 de
534 5244 915 5299 materialibus
972 5241 1201 5313 organis
1247 5241 1523 5310 loquitur,
1576 5242 1791 5297 tametsi
1844 5245 2002 5299 aliter

405 5334 855 5395 sentiantlndmi.
887 5333 1195 5389 Iucundum
1224 5345 1405 5390 autem
1436 5333 1596 5399 dixit,
1626 5345 1684 5389 ut
1710 5336 1999 5405 iudicaret,

403 5434 548 5505 quod
571 5433 712 5486 Deus
737 5429 1050 5500 hujusmodi
1074 5427 1322 5499 psalterii
1359 5440 1559 5497 genere
1578 5441 1743 5497 quam
1764 5428 2004 5485 maxime

406 5526 734 5580 delectatur.

484 5615 646 5669 Vsus.
674 5616 731 5670 4.
763 5615 1051 5669 Buccinate
1090 5614 1147 5668 in
1172 5611 1469 5678 ueomenia,
1500 5610 1629 5666 tuba
1655 5652 1671 5676 ,
1707 5614 1759 5666 iu
1805 5615 2005 5686 insigni

407 5707 492 5758 die
521 5709 869 5761 autenmitalis
900 5719 1107 5762 vestra’.
1141 5706 1247 5761 Lex
1300 5714 1420 5761 erat
1463 5702 1668 5759 Judaeis
1721 5718 1780 5765 ut
1825 5710 1998 5778 prima

407 5797 496 5850 die
526 5795 730 5850 mensis
759 5800 995 5869 septimi,
1032 5815 1141 5870 qua
1174 5799 1263 5856 die
1291 5810 1409 5854 erat
1454 5801 1736 5854 ueomeuia
1761 5840 1774 5867 ,
1824 5802 1877 5855 id
1916 5812 2000 5859 est

2029 4603 2085 4665 D

2197 3578 2581 3643 Ἀλαλάξατε
2619 3576 2697 3644 τῷ
2730 3574 2854 3641 Θεῷ
2880 3574 3094 3632 Ἰακώϐ
3140 3575 3278 3643 Περὶ
3335 3571 3433 3627 τοῦ
3460 3572 3708 3643 ἀλ;·.λαγ-

2115 3676 2217 3746 μοῦ
2284 3674 2558 3747 διαφόρως
2606 3671 2916 3747 εἰρήκαμεν
2939 3689 2951 3702 ο
2980 3673 3076 3726 νῦν
3103 3672 3160 3724 δὲ
3185 3668 3373 3734 ἁπλῶς
3407 3670 3582 3724 εἰπεῖν
3616 3668 3709 3736 τὸ,

2108 3770 2477 3834 Ἀυίαλὰξατε
2505 3768 2627 3822 ἀντὶ
2689 3767 2809 3831 τοῦ,
2855 3765 3163 3819 Ἐπινίκιον
3217 3765 3388 3837 ᾄσατε
3414 3782 3427 3795 ·
3467 3763 3556 3830 Τῷ
3577 3765 3705 3828 Sed)

2113 3862 2422 3918 δὲ’]ακὼϐ
2477 3861 2698 3933 εἴρηται
2746 3860 2884 3932 πρὸς
2937 3860 3271 3932 ἀνάμνησιν,
3315 3861 3398 3913 ὅτι
3461 3853 3620 3924 οὗτος
3680 3864 3713 3913 ὁ

2112 3957 2548 4027 ὲνανθρωπήσας
2572 3955 2729 4020 Θεὸς,
2750 3947 2909 4020 οὗτος
2943 3952 3102 4025 ὤφθη
3156 3953 3324 4008 πάλαι
3354 3951 3433 4024 τῷ
3504 3952 3706 4006 Ἰακὼϐ

2113 4050 2173 4102 ὲν
2202 4047 2496 4119 ἀιθρώπου
2566 4047 2832 4118 σχήματι.
2912 4044 3256 4117 Προμηνύων
3322 4043 3421 4117 τὴν
3477 4043 3709 4115 ὕστερον

2112 4140 2528 4215 ὲνανθρὼπησιν
2563 4139 2754 4195 αὐτοῦ.

2182 4321 2405 4376 Λάϐετε
2461 4320 2715 4391 ψαλμὸν
2759 4319 2863 4376 καὶ
2903 4321 3043 4374 δότε
3103 4320 3443 4391 τύμπανον.
3490 4320 3705 4377 Λάϐετε

2110 4413 2466 4477 διδασκαλίας
2509 4413 2664 4476 θείας
2688 4432 2702 4445 ο
2732 4412 3119 4477 διδασκαλικὸς
3159 4414 3217 4467 δὲ
3279 4415 3389 4477 πᾶς
3437 4414 3659 4485 ψαλμός

2111 4507 2207 4561 καὶ
2251 4505 2458 4576 τύψατε
2488 4506 2549 4559 τὸ
2582 4505 2743 4575 σῶμα
2808 4503 2888 4575 τῷ
2924 4504 3187 4577 πλήτκρῳ
3227 4506 3323 4577 τῆς
3346 4507 3702 4578 ἐγκρατείας.

2190 4686 2541 4755 Ψαλτὴριον
2582 4683 2842 4754 τερπνὸν
2862 4686 3017 4754 μετὰ
3055 4684 3328 4754 κιθάρας.
3383 4686 3705 4760 Ψαλτήριον

2114 4777 2213 4850 μὲν
2244 4777 2394 4846 λέγει
2444 4777 2535 4830 τὸν
2582 4775 2708 4830 νοῦν
2743 4814 2758 4841 ,
2809 4776 3044 4847 κιθάραν
3097 4777 3154 4831 δὲ
3185 4779 3349 4832 πάλιν
3400 4780 3462 4833 τὸ
3518 4782 3704 4852 σῶμα,

2107 4869 2183 4934 ὡς
2207 4873 2266 4925 ἐν
2307 4870 2387 4941 τῷ
2416 4870 2495 4942 λβ⁹
2525 4870 2727 4944 ψαλμῷ
2767 4871 3036 4927 κάλλιστα
3079 4871 3501 4944 δ.ηρμηνεύται.
3536 4875 3703 4945 Λέγει

2110 4964 2167 5018 δὲ
2196 4962 2292 5017 νῦν
2328 4963 2431 5030 ὅτι,
2467 4966 2739 5033 Κινήσατε
2771 4966 2866 5018 καὶ
2895 4965 2990 5018 τὸν
3018 4965 3142 5018 νοῦν
3177 4966 3275 5020 καὶ
3309 4967 3369 5021 τὸ
3406 4968 3585 5037 σῶμα,
3619 4970 3703 5032 είς

2109 5056 2169 5109 τὸ
2225 5057 2497 5127 εὐφρᾶναι
2539 5057 2630 5109 τὸν
2680 5056 2814 5110 Θεὸν
2841 5074 2854 5087 ⁸
2886 5058 2996 5113 ἀπὸ
3031 5057 3213 5112 κοινοῦ
3244 5059 3353 5131 γὰρ
3385 5060 3475 5112 ἐπ’
3517 5060 3704 5129 ἀμέό-

2108 5166 2244 5219 τερα
2296 5150 2378 5217 τὸ,
2441 5150 2584 5203 Δότε
2607 5167 2618 5181 ·
2658 5150 2719 5203 οὐ
2744 5150 2853 5219 γὰρ
2889 5153 3018 5221 περὶ
3078 5151 3357 5220 αἰσθητῶν
3390 5152 3640 5220 ὀργάνων
3670 5155 3702 5205 ὁ

2107 5241 2291 5311 λόγος,
2362 5245 2410 5297 εί
2465 5244 2562 5298 καὶ
2626 5242 2900 5307 Ἰουδαίοις
2927 5243 3087 5297 τοῦτο
3107 5242 3274 5298 δοκεῖ.
3312 5244 3384 5298 Τὸ
3413 5244 3494 5312 δὲ,
3566 5247 3701 5313 Τερ-

2109 5334 2290 5400 πνόν,
2343 5335 2668 5405 πρόσκειται
2692 5336 2980 5406 ἐμφαῖνον,
3011 5336 3094 5390 δτι
3120 5336 3279 5391 τοῦτο
3309 5337 3369 5391 τὸ
3397 5336 3703 5410 ψαλτήριον

2111 5427 2398 5500 εὐφραίνει
2432 5427 2635 5499 μᾶλλον
2673 5429 2765 5483 τὸν
2794 5428 2951 5484 Θεόν.

2183 5611 2536 5665 Σαλπίσατε
2573 5610 2643 5664 ἐν
2674 5610 2966 5680 νεομηνία
3005 5608 3297 5680 σάλπιγγι
3325 5611 3396 5664 ἐν
3454 5611 3709 5681 ειῖισήμῳ

2111 5705 2299 5774 ἡμέρᾳ
2327 5703 2535 5773 ἑορτῆς
2563 5702 2755 5773 ὑμῶν.
2780 5703 2964 5772 Νόμος
2984 5699 3050 5774 ἦν
3086 5703 3359 5774 Ἑϐραίοις
3379 5708 3444 5775 τῇ
3478 5708 3575 5774 μιᾷ
3605 5708 3704 5757 τοὺ

2109 5800 2340 5871 ἑϐδόμου
2373 5799 2565 5870 μηνὸς,
2598 5799 2716 5869 ἦτοι
2752 5800 2825 5870 τῇ
2858 5798 3072 5871 πρώτῃ,
3112 5801 3235 5871 ἥτις
3265 5802 3382 5854 ἐστὶ
3410 5799 3699 5870 νεομηνία,
