4088 6420
389 430 499 493 εις)

1554 440 1948 500 ΟΟΜΜΕΝΤ.
1993 438 2072 497 ΙΝ
2109 439 2478 500 PSALMOS.

3549 430 3656 493 850

389 548 580 616 λήσεις
642 545 790 614 ἐμοὶ,
850 546 1042 618 φησιν,
1095 547 1360 621 ἐμπλήσω
1411 568 1470 604 σε
1522 553 1614 606 καὶ
1657 553 1976 622 σωματικῆς

2091 551 2335 619 corporis
2358 549 2613 620 intelligi,
2655 554 2711 603 ut
2743 549 2814 605 sit
2844 561 3046 603 sensus
3078 565 3090 598 :
3125 545 3181 601 Si
3212 545 3464 616 parueris
3501 545 3660 605 mihi,

386 655 626 710 τροφης.

463 731 584 784 Καί-
608 733 717 786 οὐκ
745 732 1018 801 ἤκουσεν
1044 737 1077 788 d
1115 737 1268 802 λαός
1303 755 1423 807 μου
1457 736 1567 806 τῆς
1595 737 1802 808 φωνῆς
1831 756 1970 807 μου.

409 821 553 892 Ἐγὼ
575 825 673 892 μὲν
689 824 836 878 οὕτω
863 825 1322 899 διεμαρτυράμην
1340 829 1436 882 καὶ
1476 831 1701 884 τοιαῦτα.
1738 830 1972 899 ὑπεσχό-

396 934 507 987 μην
533 934 546 946 ·
576 919 604 970 ὁ
651 917 711 972 δὲ
765 919 891 981 λαός
954 937 1054 989 μου
1103 921 1204 974 οὐκ
1244 921 1470 994 ἐπείσθη
1519 941 1630 991 μοι.
1671 925 1811 994 Φησὶ
1852 924 1908 977 δὲ
1947 926 1976 977 ὁ

391 1009 793 1081 εὐαγγελιστὴς
827 1009 1085 1082 Ἰωάννης
1122 1012 1204 1068 ὅτι
1254 1013 1364 1068 Καὶ
1409 1017 1466 1069 οἱ
1508 1016 1643 1071 lotos
1676 1017 1865 1072 αὐτὸν
1900 1017 1974 1070 οὐ

388 1101 751 1170 παρέλαϐον.

461 1197 574 1251 Καὶ
641 1195 897 1267 Ἰσραὴλ
958 1202 1032 1255 οὐ
1083 1201 1396 1274 προσέσχε
1451 1221 1576 1273 μοι.
1640 1204 1973 1274 Παλιλλογία

390 1290 553 1344 τοῦτο
605 1292 698 1345 καὶ
723 1293 1076 1365 ὲπεξήγησις.
1099 1296 1212 1349 Καὶ
1244 1297 1322 1364 τὸ,
1352 1297 1583 1362 Ἀκούω,
1603 1296 1856 1366 σημαίνει
1876 1298 1976 1367 μὲν

397 1381 492 1434 καὶ
517 1381 578 1434 τὸ
606 1381 974 1454 Αίσθάνομαι,
1012 1387 1109 1458 καὶ
1134 1387 1428 1454 Πείθομαι,
1477 1387 1552 1452 ὡς
1584 1388 1676 1441 ἐπὶ
1714 1387 1809 1442 τοῦ
1841 1405 1977 1458 προ-

389 1473 648 1542 κειμένου
681 1492 694 1504 ·
739 1475 820 1530 ἔτι
855 1477 912 1530 δὲ
940 1478 1035 1532 καὶ
1071 1457 1132 1531 τ’ἒ)
1157 1479 1304 1543 Νοῶ,
1333 1481 1407 1544 ὡς
1436 1480 1497 1533 τό
1519 1498 1534 1513 ο
1582 1481 1642 1536 '0
1677 1480 1832 1552 ἔχων
1861 1457 1978 1539 ὦτα

388 1564 657 1629 ἀκούειν,
693 1566 984 1622 ἀκουέτω.

461 1659 573 1712 Καὶ
617 1660 1052 1722 ἐξαπέστειλεν
1089 1666 1310 1733 αὐτοὺς
1368 1668 1519 1722 κατὰ
1559 1667 1629 1722 τὰ
1666 1669 1977 1738 ἐπιτηδεύ-

389 1767 553 1818 ματα
589 1751 707 1804 τῶν
746 1753 1008 1821 καρδιῶν
1039 1756 1258 1810 αὐτῶν.
1304 1759 1519 1828 Ἀφῆκα
1571 1758 1770 1822 αὐτοὺς
1815 1762 1978 1831 φέρε-

398 1841 526 1895 σθαι
585 1843 726 1898 κατὰ
771 1844 840 1898 τὰ
894 1846 1180 1918 θελήματα
1224 1849 1333 1904 τῶν
1392 1851 1630 1922 καρδιῶν
1674 1853 1874 1915 αὐτῶν,
1904 1855 1979 1916 ὡς

2082 645 2430 701 necessarios
2468 645 2564 700 tibi
2597 643 2846 712 corporis
2885 644 3040 700 cibos
3073 641 3366 711 prae-stabo.

2155 739 2322 794 Vsus.
2360 738 2451 792 12..
2512 735 2578 789 Ει
2627 753 2729 790 non
2770 736 2974 790 audivit
3016 734 3242 804 populus
3291 748 3436 786 meus
3484 746 3655 785 vocem

2082 849 2274 886 meam.
2308 832 2421 903 Ego
2449 830 2673 898 quidem
2693 830 2767 882 ita
2796 829 2876 882 eis
2904 833 3244 883 contestatus
3273 839 3419 888 sum,
3449 829 3502 875 et
3528 822 3656 875 talia

2084 921 2381 990 pollicitus,
2404 936 2594 975 verum
2628 920 2862 989 populus
2893 934 3046 976 meus
3073 917 3201 969 mihi
3235 931 3341 970 non
3378 913 3609 968 credidit
3641 929 3655 966 :

2083 1013 2228 1082 quod
2258 1012 2502 1067 Joannes
2545 1009 2888 1082 evangelista
2937 1007 3292 1079 significavit,
3323 1007 3514 1061 dicens
3544 1023 3556 1056 :
3591 1003 3660 1057 Et

2082 1105 2167 1158 sui
2195 1119 2314 1158 eum
2342 1118 2446 1158 non
2485 1110 2811 1172 receperunt.

2154 1194 2224 1249 Et
2259 1195 2432 1250 Israel
2461 1212 2562 1250 non
2597 1195 2824 1250 attendit
2861 1195 3014 1251 mihi.
3058 1193 3327 1264 Repetitio
3353 1200 3457 1257 est,
3495 1201 3661 1261 atque

2081 1289 2358 1360 expositio
2393 1289 2596 1359 prioris
2651 1289 2824 1354 dicti;
2888 1287 3116 1344 verbum
3160 1295 3346 1342 autem
3398 1284 3661 1347 Attende,

2084 1383 2202 1438 sive
2239 1381 2440 1449 Audio,
2477 1397 2623 1452 saepe
2668 1382 2812 1436 idem
2853 1379 3131 1451 signiﬁcat
3176 1379 3322 1449 quod
3371 1376 3572 1437 Credo.
3609 1382 3668 1430 ut

2083 1475 2193 1530 bir.
2225 1474 2366 1530 Alibi
2398 1482 2580 1529 autem
2610 1473 2993 1542 accipitnrpro
3017 1469 3285 1541 Intelligo,
3307 1469 3466 1540 juxta
3488 1466 3620 1521 illud
3650 1489 3664 1524 :

2087 1568 2191 1634 Qui
2226 1566 2380 1621 habet
2413 1582 2570 1620 aures
2609 1565 2882 1630 audiendi,
2917 1563 3133 1617 audiat.

2155 1661 2321 1716 Vens.
2362 1660 2450 1714 15.
2486 1658 2553 1712 Ει
2583 1658 2763 1711 dimisi
2794 1673 2881 1710 eos
2903 1655 3191 1710 secundum
3218 1654 3399 1708 studia
3421 1651 3666 1706 cordium

2088 1768 2330 1807 suorum.
2364 1751 2582 1815 Dimisi,
2616 1749 2816 1819 inquit,
2847 1763 2946 1804 eos
2968 1747 3136 1802 veluti
3190 1744 3508 1800 incredulos
3533 1742 3666 1798 ferri

2082 1846 2242 1914 juxta
2299 1845 2646 1898 voluntatem
2699 1855 2927 1895 suorum
2979 1838 3232 1894 cordium
3271 1854 3285 1891 :
3318 1843 3374 1891 et
3403 1835 3668 1916 deinceps

393 1934 643 1999 ἀπειθεῖς
669 1953 682 1966 ·
722 1939 818 1992 καὶ
856 1940 1044 1994 λοιπὸν
1078 1942 1318 2012 μετέὸην
1350 1945 1442 1997 ἐπὶ
1471 1919 1544 1997 τὰ
1579 1944 1706 2016 ἔθνη
1734 1963 1747 1976 ·
1779 1948 1979 2012 ἐπιτη-

2091 1937 2148 1990 ad
2180 1936 2423 2004 gentium
2454 1935 2688 2004 populos
2721 1929 3074 2002 pertransivi.
3115 1928 3216 1983 Per
3251 1926 3437 1982 studia
3477 1933 3663 1980 autem

392 2026 642 2097 δεύματα
694 2028 752 2083 δὲ
800 2031 850 2084 οἱ
899 2033 1170 2104 ἐξηγηταὶ
1202 2037 1270 2089 τὰ
1313 2035 1597 2106 θελήματα
1637 2039 1732 2094 νῦν
1783 2041 1980 2108 κεκλή-

394 2138 550 2175 κασι.

469 2214 881 2280 Πορεύσονται
925 2217 1007 2271 ἐν.
1039 2219 1167 2285 τοῖς
1229 2221 1704 2290 ἐπιτηδεύμασιν
1755 2224 1976 2282 αὐτῶν.

394 2301 858 2376 ’Δνεπισκόπητοι
912 2309 1008 2361 καὶ
1056 2310 1375 2382 ἁϐοήθητοι,
1427 2313 1808 2381 γυμνωθέντες
1880 2317 1978 2383 τῆς

398 2396 608 2450 ἄνωθεν
670 2399 916 2468 χάριτος,
962 2401 1038 2465 ὡς
1088 2404 1322 2458 ἀνίατοι.
1371 2406 1738 2475 Πορεύσονται
1785 2407 1842 2459 δὲ
1894 2409 1982 2462 ἀεὶ

405 2491 547 2557 μετὰ
581 2490 642 2542 τὸ
677 2491 1004 2548 ἀπώσασθαι
1035 2495 1126 2549 τὸν
1161 2498 1412 2568 Σωτῆρα.

473 2585 542 2637 El
585 2588 620 2638 ὁ
671 2585 824 2650 λαός
870 2605 990 2656 μου
1025 2587 1258 2657 ἤκουσέ
1296 2610 1436 2657 μου,
1481 2590 1730 2658 Ἰσραὴλ
1771 2593 1823 2645 εί
1856 2592 1982 2657 ταῖς

395 2674 559 2740 ὁδοῖς
573 2694 693 2744 μου
716 2679 1032 2748 ἐπορεύθη,
1051 2681 1123 2734 ἐν
1145 2681 1223 2746 τῷ
1246 2683 1458 2752 μηδενὶ
1486 2682 1562 2736 ἂν
1575 2683 1716 2749 τοὺς
1732 2683 1984 2752 ἐχθροὺς

394 2766 1000 2834 αὐτῶνέταπείνωσα,
1016 2773 1112 2824 καὶ
1143 2773 1240 2824 ἐπὶ
1268 2774 1409 2840 τοὺς
1428 2777 1742 2841 θλίϐοντας
1762 2777 1985 2842 αὐτοὺς

396 2859 699 2916 ἑπέὸαλον
723 2863 798 2917 ἂν
838 2864 952 2931 τὴν
977 2867 1147 2934 χεῖρά
1165 2885 1307 2936 μου.
1334 2869 1407 2921 Τὸ
1441 2869 1560 2939 μὲν,
1589 2869 1838 2937 Ἰσραὴλ
1857 2871 1986 2937 ταῖς

403 2951 566 3017 ὁδοῖς
609 2971 725 3021 μου
759 2958 808 3009 εί
841 2957 1163 3026 ἐπορεύθη,
1215 2959 1550 3030 ὲπεξήγησίς
1590 2963 1710 3016 ἐστι
1752 2967 1846 3020 τοῦ
1879 2969 1986 3037 πρὸ

404 3043 573 3096 αὐτοῦ
610 3046 793 3116 στίχου
823 3065 836 3077 ·
879 3049 938 3100 τὸ
964 3049 1043 3113 δὲ,
1083 3049 1196 3104 Καὶ
1221 3052 1320 3104 ἐπὶ
1366 3052 1507 3120 τοὺς
1545 3057 1866 3123 θλίϐοντας
1890 3063 1990 3114 at)-

400 3136 543 3202 τοὺς
573 3138 872 3194 ἐπέϐαλον
901 3140 978 3194 ἂν
1001 3143 1116 3208 τὴν
1148 3142 1318 3211 χεῖρὰ
1356 3162 1498 3212 μου,
1531 3148 1731 3214 ὁμοίως
1760 3167 1988 3220 σαφηνι-

2083 2029 2172 2080 alii
2205 2030 2532 2097 interpretes
2566 2026 2881 2080 voluntates
2901 2021 3238 2090 intelligunt.

2155 2209 2316 2261 Ibunt
2350 2208 2405 2262 in
2431 2207 2623 2261 studiis
2671 2205 2805 2259 suis.
2843 2203 3198 2258 Protectione
3231 2177 3446 2256 scilicet
3475 2199 3663 2256 divina

2084 2302 2355 2365 destituti,
2381 2308 2550 2370 atque
2567 2299 2716 2355 omni
2743 2313 2987 2368 superna
3018 2296 3194 2366 gratia
3225 2294 3465 2365 spoliati,
3495 2291 3666 2348 veluti

2085 2393 2538 2447 illllllCdicabiICS.
2571 2391 2730 2444 lbnnt
2757 2401 2938 2444 antem
2969 2388 3071 2442 hoc
3094 2394 3253 2455 pacto
3285 2385 3560 2450 destituti,
3591 2384 3667 2438 si-

2087 2485 2194 2536 mul
2230 2499 2291 2537 ac
2325 2485 2667 2538 Salvatorem
2704 2479 3027 2550 repulerint.

2157 2572 2324 2628 Vsus.
2355 2575 2442 2639 Μ,
2473 2575 2556 2628 15.
2592 2573 2650 2627 Si
2681 2571 2905 2640 populus
2937 2586 3078 2623 meus
3105 2568 3338 2622 audisset
3367 2581 3466 2626 me.
3497 2563 3670 2618 Israel

2086 2685 2130 2721 si
2159 2668 2214 2720 in
2245 2668 2341 2720 viis
2389 2667 2515 2720 meis
2550 2665 2900 2727 ambulasset,
2948 2666 3002 2716 in
3061 2660 3194 2716 nihil
3243 2676 3370 2713 sane
3428 2659 3668 2712 inimicos

2087 2777 2268 2832 eorum
2321 2760 2706 2817 humiliassem.
2745 2769 2795 2811 et
2843 2771 2998 2822 super
3029 2753 3345 2807 tribulantes
3377 2767 3462 2805 eos
3494 2751 3673 2804 misis-

2089 2873 2196 2909 sem
2231 2871 2444 2908 manum
2477 2869 2665 2906 meam.
2707 2850 2881 2906 Verba
2905 2850 2999 2904 illa
3028 2867 3040 2902 :
3067 2847 3240 2902 Israel
3269 2848 3315 2899 si
3340 2849 3391 2900 in
3419 2847 3516 2900 viis
3545 2847 3672 2898 meis

2089 2949 2440 3009 antbutasset,
2481 2946 2547 2999 ad
2587 2944 2896 3014 superioris
2927 2941 3182 2997 versiculi
3235 2939 3669 2994 declarationem

2090 3044 2239 3096 dit-ta
2272 3049 2425 3094 sunt.
2473 3038 2748 3092 Similiter
2779 3035 2941 3090 verba
2973 3035 3065 3088 illa
3099 3053 3112 3088 :
3153 3031 3324 3103 Super
3357 3031 3671 3085 tributantes

2090 3152 2176 3188 eos
2215 3133 2476 3186 misissem
2510 3147 2726 3184 manum
2760 3145 2954 3191 meam,
2980 3134 3262 3196 exponunt
3288 3124 3671 3194 prteredentia,

404 3229 541 3324 σμὸς
569 3232 663 3283 καὶ
693 3233 1013 3301 παλιλλογία
1051 3234 1141 3288 τοῦ
1171 3236 1276 3306 πρὸ
1295 3237 1510 3290 τούτου.
1551 3241 1652 3292 Ἑν
1670 3241 1748 3306 τῷ
1768 3215 1983 3309 μηδενὶ

2095 3236 2148 3278 et
2210 3223 2498 3277 sententiae
2565 3221 2945 3289 repetitionem
3007 3217 3319 3272 continent.
3388 3215 3456 3268 In
3507 3215 3672 3268 nihil)

398 3318 479 3382 ὁὲ,
520 3319 640 3373 ἀντὶ
669 3322 762 3375 τοῦ
802 3324 1048 3386 Ἀπόνως
1073 3369 1087 3390 ,
1123 3327 1403 3398 εὐχερῶς,
1451 3329 1526 3392 ὼς
1561 3332 1716 3383 οὐδέν
1745 3349 1759 3361 ·
1789 3334 1821 3402 ἢ
1864 3335 1986 3387 ἀντὶ

397 3413 516 3474 τοῦ,
564 3412 653 3466 Ἐν
691 3416 902 3486 φαύλῳ.
935 3419 1046 3472 Καὶ
1079 3419 1187 3488 γὰρ
1215 3422 1337 3484 τοὺς
1377 3423 1710 3490 Αἰγυπτίους
1761 3427 1820 3478 ἐν
1884 3427 1986 3496 βαι

399 3506 591 3576 τράχῳ
610 3509 703 3561 καὶ
736 3509 1045 3580 ἀκρίσι,κα“ι
1074 3511 1343 3576 τοιούτοις
1359 3515 1638 3570 εὐτελέσιν
1666 3518 1985 3586 ἐμάστιζεν,

405 3600 483 3660 είς
507 3597 731 3663 ἔνδειξιν
767 3601 868 3671 τῆς
897 3603 1062 3657 αὐτοῦ
1091 3605 1400 3676 δυνάμεως.

479 3783 543 3832 Οἱ
572 3781 774 3850 ἐχθροὶ
804 3787 1026 3852 Κυρίου
1049 3787 1397 3856 ἐψεύσαντο
1421 3792 1602 3857 αὐτῷ.
1659 3795 1873 3866 Ἐχθρο“ι
1896 3800 1988 3850 τοῦ

408 3869 647 3938 σταυροῦ
702 3874 943 3941 Χριστοῦ
995 3877 1138 3930 κατὰ
1167 3877 1260 3931 τὸν
1297 3880 1472 3949 μέγαν
1511 3882 1720 3936 Παῦλον
1775 3888 1823 3938 οἱ
1861 3889 1990 3939 Ἰου-

407 3963 565 4018 δαῖοι.
596 3965 930 4034 Ἔψεύσαντο
976 3969 1032 4022 δὲ
1079 3971 1252 4039 αὐτῷ,
1302 3972 1490 4026 Ῥαόὄὶ
1531 3976 1630 4043 μὲν
1675 3977 1988 4043 καλοῦντες,

406 4060 502 4110 καί
549 4060 924 4124 ἁπαλύνοντες
969 4063 1096 4126 τοὺς
1137 4066 1330 4133 λόγους
1368 4067 1570 4132 αὐτῶν,
1601 4068 1676 4132 ὡς
1722 4072 1781 4122 ὲν
1815 4072 1895 4138 τῷ
1923 4073 1990 4125 »δ’

404 4150 610 4219 ψαλμῷ
635 4153 848 4224 προέφη
861 4170 960 4223 μεν
987 4194 1002 4217 ,
1025 4155 1451 4226 ὑποκρινόμενοι
1478 4158 1557 4212 δέ.
1579 4161 1650 4212 Ἢ
1679 4161 1772 4214 καὶ
1793 4163 1989 4226 ἄλλως.

406 4245 504 4305 Th,
548 4247 923 4314 Ἐψεύσαντο
951 4249 1133 4316 αὐτῷ,
1165 4250 1410 4304 τέθεικεν
1451 4253 1478 4304 ὁ
1512 4254 1698 4320 Δαῦὶδ,
1723 4255 1992 4310 διδάσκων

404 4338 489 4390 ὅτι
519 4340 850 4410 προγονικὴν
881 4340 1067 4411 ἔχουσι
1100 4343 1199 4414 τὴν
1219 4344 1529 4398 ἀπείθειαν.
1553 4345 1992 4411 Νομοθετοῦντος

408 4431 518 4496 γὰρ
577 4429 672 4481 τοῦ
729 4430 866 4484 Θεοῦ
926 4433 1118 4497 πάλαι,
1180 4437 1580 4506 ἐπηγγείλαντο
1620 4439 1720 4507 μὲν
1748 4438 1836 4492 διὰ
1884 4441 1994 4494 τῶν

410 4519 697 4588 προγόνων
755 4521 1040 4577 πείθεσθαι
1091 4521 1174 4588 οἷς
1239 4523 1416 4591 εἶπεν,
1469 4530 1752 4589 εἰπόντεςυ
1788 4530 1991 4585 Πάντα

2092 3325 2272 3370 autem
2309 3330 2542 3384 expone,
2580 3328 2701 3383 pro,
2737 3313 2810 3366 De
2838 3311 2987 3365 facili
3021 3325 3086 3365 ac
3117 3309 3236 3362 sine
3269 3308 3454 3360 labore
3482 3324 3498 3372 ;
3561 3306 3670 3368 vel,

2095 3411 2157 3464 In
2179 3409 2369 3473 nihilo,
2408 3422 2529 3477 pro,
2562 3405 2620 3460 lu
2661 3421 2718 3460 re
2740 3405 2832 3458 vili
2868 3411 2922 3458 et
2963 3401 3173 3457 nullius
3212 3399 3499 3454 momenti.
3536 3396 3669 3450 Nam

2091 3513 2143 3553 ιιι
2173 3502 2299 3554 olim
2339 3500 2506 3565 Deus,
2537 3499 2587 3551 ir.
2615 3497 2763 3550 ranis
2791 3497 2844 3550 in
2866 3494 3117 3560 locustis,
3143 3493 3268 3546 etin
3295 3487 3674 3559 hujuscemodi

2094 3597 2216 3650 aliis
2251 3592 2496 3648 minimis
2541 3594 2706 3646 rebus
2748 3592 2936 3644 hostes
2963 3604 3154 3643 eorum
3186 3586 3578 3656 ﬂagellaveral,
3611 3592 3670 3638 ut

2094 3702 2321 3740 suarum
2352 3685 2553 3738 virium
2589 3681 3026 3750 magnitudinem
3055 3677 3488 3732 demonstraret.

2171 3780 2333 3834 Vsus.
2361 3781 2447 3835 16.
2480 3776 2694 3831 Inimici
2719 3773 2932 3827 Domini
2967 3771 3168 3826 mentiti
3199 3780 3323 3824 sunt
3357 3768 3424 3822 ei.
3455 3767 3670 3821 Inimici

2093 3874 2276 3927 crucis
2303 3870 2533 3934 Christi,
2574 3876 2712 3924 teste
2742 3865 2939 3929 Paulo,
2998 3861 3173 3919 Judaei
3227 3873 3354 3916 sunt
3401 3878 3414 3915 :
3461 3859 3676 3913 mentiti

2094 3973 2275 4018 autem
2329 3970 2461 4018 sunt
2511 3959 2735 4016 Christo
2797 3954 2994 4018 Juda-i,
3043 3954 3172 4007 dum
3230 3949 3580 4006 sermonibus
3624 3949 3674 4002 ei

2095 4055 2541 4113 blandiebantur,
2573 4048 2921 4118 appellantes
2956 4059 3081 4099 eum
3107 4043 3312 4107 Rabbi,
3341 4051 3401 4096 ut
3433 4041 3677 4095 diximus

2095 4150 2148 4202 in
2185 4147 2395 4216 psalmo
2419 4159 2530 4209 ειν,
2569 4156 2692 4211 qua:
2721 4138 2908 4194 omnia
2947 4145 3130 4189 tamen
3162 4134 3495 4188 simulantes
3522 4133 3670 4186 diee-

2092 4242 2244 4295 bant.
2273 4236 2373 4294 Vel
2408 4237 2567 4289 aliter
2606 4251 2620 4288 :
2650 4233 2858 4286 Volens
2888 4229 3084 4284 beatus
3112 4226 3275 4280 David
3303 4227 3502 4280 docere
3527 4224 3673 4295 quod

2092 4335 2412 4390 Judaeorum
2461 4327 2759 4384 inﬁdelitas
2801 4323 2866 4378 de
2893 4321 3308 4394 progen‘itorum
3346 4319 3530 4374 radice
3584 4319 3679 4374 dc-

2097 4428 2416 4486 scendebat,
2468 4439 2564 4478 eos
2613 4420 2747 4474 dit'il
2783 4417 3016 4473 Domino
3052 4413 3316 4468 mentitos
3353 4428 3496 4467 esse.
3535 4411 3670 4466 Nam

2097 4539 2220 4576 Clllll
2260 4519 2390 4572 olim
2429 4516 2571 4569 Deus
2604 4515 2774 4582 legem
2806 4512 2886 4566 eis
2918 4516 3214 4572 statueret,
3282 4505 3513 4575 polliciti
3546 4514 3676 4560 sunt

403 4611 526 4664 ὅσα
556 4609 686 4666 εἷπε
713 4616 926 4681 Κύριος
972 4619 1004 4670 ὁ
1049 4619 1212 4684 Θεὸς,
1243 4619 1580 4690 ποιήσομεν
1608 4623 1708 4675 καὶ
1735 4623 1986 4679 ἀκουσό·

2105 4630 2198 4683 per
2242 4607 2620 4679 progenitores
2653 4617 2805 4666 suos,
2839 4602 3230 4655 observaturos
3259 4613 3316 4651 se
3340 4611 3463 4650 esse
3493 4596 3678 4649 omnia

401 4709 559 4771 μεθα
594 4723 606 4735 ·
665 4706 969 4773 ἐψεύσαντο
1010 4709 1067 4762 δὲ
1114 4712 1398 4782 μυριάκις,
1455 4714 1818 4784 ἀθετήσαντες
1863 4719 1990 4782 τοὺς

406 4793 606 4864 ὶόγους
640 4799 832 4852 αὑτοῦ.
860 4802 1018 4854 Ἐστι
1049 4803 1221 4856 δὲκαὶ
1251 4804 1456 4872 ἑτέρως
1491 4808 1666 4860 εἰπεῖν
1697 4808 1779 4860 ὅτι
1798 4826 1995 4877 συγγε-

410 4890 524 4951 νεῖς
559 4889 654 4943 τοῦ
702 4891 938 4963 Χριστοῦ
985 4893 1164 4958 ὄντες,
1215 4896 1463 4968 πολέμιοι
1511 4897 1677 4950 αὑτοῦ
1714 4900 1993 4969 γεγόνασι,

405 4979 745 5053 ψευσάμενοι
779 4985 878 5057 τὴν
914 4988 1286 5057 συγγένειαν..

486 5248 592 5299 Καὶ
619 5251 791 5304 ἔσται
821 5255 853 5304 ὁ
876 5253 1081 5321 καιρὸς
1098 5254 1297 5310 αὐτῶν
1318 5259 1404 5320 εἰς
1424 5257 1528 5310 τὸν
1560 5258 1766 5311 αἰῶνα.
1793 5259 1997 5322 Καιρὸν

423 5336 673 5408 Ἐσραῖοι
723 5341 820 5393 καὶ
853 5343 1017 5413 Σύροι
1047 5345 1144 5407 τὰς
1182 5345 1469 5417 συμφορὰς
1500 5346 1758 5400 εἰώθασιν
1790 5349 1998 5417 ὀνομά-

417 5427 556 5492 ζειν.
584 5433 926 5503 Προφητεύει
949 5436 1005 5490 δὲ
1032 5437 1112 5490 ὃτι
1143 5437 1397 5491 οὐδέποτε
1425 5439 1722 5510 συμφορῶν
1752 5441 2000 5493 ἀπαλλα-

416 5521 703 5588 γήσονται.
745 5526 813 5578 ’Ἡ
835 5528 1027 5594 καιρὸν
1062 5529 1160 5598 μὲν
1183 5530 1293 5582 νόει
1332 5547 1422 5600 μοι
1457 5532 1548 5584 τὸν
1573 5534 1670 5602 τῆς
1700 5531 1996 5601 καταδίκης

418 5613 602 5666 αὐτῶν
649 5617 822 5671 αἰῶνι
849 5617 905 5670 δὲ
933 5621 1024 5672 τὸν
1065 5619 1358 5690 μέλλοντα.

492 5705 598 5756 Καὶ
642 5705 951 5775 ἐψώμισεν
979 5709 1201 5774 αὐτοὺς
1248 5713 1314 5767 ἐκ
1353 5713 1608 5780 στέατος
1665 5713 1858 5782 πυροῦ
1907 5711 2003 5766 καὶ

500 5882 542 5911 ⁹“
579 5883 688 5936 liae
714 5888 748 5938 ἲ.
803 5903 945 5940 sxw.
982 5888 1031 5939 7.

2097 4721 2218 4775 quae
2283 4700 2661 4757 mandaverat,
2725 4695 2974 4748 dicentes
3010 4709 3023 4744 :
3065 4710 3082 4741 t
3126 4688 3324 4744 Omnia
3384 4704 3503 4757 qua:
3545 4689 3678 4741 dixit

2101 4794 2354 4848 Dominus
2388 4790 2523 4844 Deus
2557 4788 2834 4856 faciemus,
2853 4795 2900 4839 et
2926 4783 3204 4837 audiemus
3233 4780 3279 4811 ν’
3306 4795 3320 4844 ;
3358 4798 3376 4829 ι
3416 4788 3471 4833 et
3497 4788 3679 4833 tamen

2100 4899 2484 4956 saepenumero
2514 4879 2727 4936 mentiti
2765 4886 2915 4942 sunt,
2956 4884 3010 4930 et
3043 4875 3191 4928 illius
3228 4879 3680 4938 contempserunt

2100 4990 2411 5032 sermones.
2449 4973 2754 5026 Possumus
2798 4976 2853 5022 et
2908 4965 3038 5021 illud
3097 4964 3302 5027 dicere,
3357 4959 3502 5029 quod
3553 4975 3675 5012 cum

2101 5067 2273 5121 Judaei
2301 5063 2518 5134 cognati
2557 5059 2764 5115 Christi
2812 5066 3020 5120 essent,
3054 5053 3265 5108 inimici
3289 5052 3336 5104 ei
3368 5050 3496 5103 facti
3523 5057 3676 5111 sunt,

2099 5174 2149 5215 et
2184 5159 2332 5215 illius
2359 5153 2737 5226 cognatione-tn
2767 5149 3002 5204 mentiti.

2172 5249 2237 5302 Et.
2269 5250 2368 5302 erit
2412 5257 2612 5313 tempus
2646 5257 2826 5296 eorum
2852 5240 2904 5291 in
2943 5234 3217 5288 sa'culum.
3283 5234 3382 5286 Per
3438 5237 3672 5298 tempus,

2100 5351 2209 5394 tam
2235 5340 2380 5412 Syri,
2411 5351 2575 5406 quam
2619 5329 2830 5386 llebrmi
2863 5325 3206 5381 calamitates
3247 5325 3426 5377 solent
3458 5320 3673 5390 signiti-

2103 5423 2251 5486 (τινε.
2303 5430 2410 5484 Eos
2456 5427 2624 5497 igitur
2678 5438 2706 5474 a
2759 5415 3172 5474 calamitatibus
3219 5428 3499 5483 nunquam
3553 5425 3677 5464 esse

2109 5498 2428 5580 liberandos
2473 5517 2743 5589 prtcdicit.
2793 5511 2913 5578 Vel,
2951 5499 3430 5563 condemnatiouis
3483 5509 3676 5559 eorum

2110 5630 2326 5686 tempus
2361 5612 2621 5682 intelligo,
2648 5607 2891 5661 futurum
2918 5600 3180 5657 nimirum
3211 5596 3499 5653 saeculum.

2185 5681 2350 5761 Vsus.
2383 5703 2466 5757 Π.
2497 5681 2561 5754 Et
2600 5696 2790 5752 cibavit
2814 5710 2900 5749 eos
2943 5707 3007 5747 ex
3041 5689 3191 5759 adipe
3227 5685 3499 5756 frumenti,
3535 5681 3584 5740 et
3614 5685 3680 5738 de
