  <div class='ocr_page' id='page_1' title='image "/cluster/home/n/w/nwhite01/storage/ocr_20150623/128:no.1/coo.31924054870336/434.png"; bbox 0 0 4088 6418; ppageno 0'>
   <div class='ocr_carea' id='block_1_1' title="bbox 308 438 427 503">
    <p class='ocr_par' dir='ltr' id='par_1_1' title="bbox 308 438 427 503">
     <span class='ocr_line' id='line_1_1' title="bbox 308 438 427 503; baseline 0.025 -4"><span class='ocrx_word' id='word_1_1' title='bbox 308 438 427 503; x_wconf 71' lang='grc'><strong>853</strong></span> 
     </span>
    </p>
   </div>
   <div class='ocr_carea' id='block_1_2' title="bbox 1493 448 2429 517">
    <p class='ocr_par' dir='ltr' id='par_1_2' title="bbox 1493 448 2429 517">
     <span class='ocr_line' id='line_1_2' title="bbox 1493 448 2429 517; baseline 0.01 -9"><span class='ocrx_word' id='word_1_2' title='bbox 1493 448 1889 510; x_wconf 82' lang='lat' dir='ltr'><strong>COMMENT.</strong></span> <span class='ocrx_word' id='word_1_3' title='bbox 1927 451 2008 511; x_wconf 84' lang='grc' dir='ltr'>ΙΝ</span> <span class='ocrx_word' id='word_1_4' title='bbox 2055 452 2429 517; x_wconf 79' lang='lat' dir='ltr'><strong>PSALMOS.</strong></span> 
     </span>
    </p>
   </div>
   <div class='ocr_carea' id='block_1_3' title="bbox 3482 458 3592 522">
    <p class='ocr_par' dir='ltr' id='par_1_3' title="bbox 3482 458 3592 522">
     <span class='ocr_line' id='line_1_3' title="bbox 3482 458 3592 522; baseline -0.018 0"><span class='ocrx_word' id='word_1_5' title='bbox 3482 458 3592 522; x_wconf 74' lang='grc'><strong>854</strong></span> 
     </span>
    </p>
   </div>
   <div class='ocr_carea' id='block_1_4' title="bbox 306 554 1913 640">
    <p class='ocr_par' dir='ltr' id='par_1_4' title="bbox 306 554 1909 632">
     <span class='ocr_line' id='line_1_4' title="bbox 306 554 1909 632; baseline 0.006 -27"><span class='ocrx_word' id='word_1_6' title='bbox 306 569 432 618; x_wconf 82' lang='grc' dir='ltr'>σει,</span> <span class='ocrx_word' id='word_1_7' title='bbox 460 555 550 608; x_wconf 83' lang='grc' dir='ltr'>ὅτι</span> <span class='ocrx_word' id='word_1_8' title='bbox 578 554 687 609; x_wconf 81' lang='grc' dir='ltr'>τοῦ</span> <span class='ocrx_word' id='word_1_9' title='bbox 710 556 934 624; x_wconf 82' lang='grc' dir='ltr'>Κυρίου</span> <span class='ocrx_word' id='word_1_10' title='bbox 961 556 996 626; x_wconf 79' lang='grc' dir='ltr'>ἡ</span> <span class='ocrx_word' id='word_1_11' title='bbox 1020 555 1223 625; x_wconf 79' lang='grc' dir='ltr'>κρίσις</span> <span class='ocrx_word' id='word_1_12' title='bbox 1243 556 1399 613; x_wconf 76' lang='grc' dir='ltr'>ἐστι.</span> <span class='ocrx_word' id='word_1_13' title='bbox 1423 560 1909 632; x_wconf 81' lang='grc' dir='ltr'>Προσωπολήπτης</span> 
     </span>
    </p>
   </div>
   <div class='ocr_carea' id='block_1_5' title="bbox 2013 554 3593 640">
    <p class='ocr_par' dir='ltr' id='par_1_5' title="bbox 2013 564 3593 640">
     <span class='ocr_line' id='line_1_5' title="bbox 2013 564 3593 640; baseline 0.006 -24"><span class='ocrx_word' id='word_1_14' title='bbox 2013 564 2217 633; x_wconf 85' lang='lat' dir='ltr'><strong>inquit,</strong></span> <span class='ocrx_word' id='word_1_15' title='bbox 2253 567 2506 636; x_wconf 76' lang='lat' dir='ltr'><strong>accipitis</strong></span> <span class='ocrx_word' id='word_1_16' title='bbox 2547 566 2830 639; x_wconf 70' lang='lat' dir='ltr'><strong>iniustos?</strong></span> <span class='ocrx_word' id='word_1_17' title='bbox 2870 571 2972 626; x_wconf 88' lang='lat' dir='ltr'><strong>hoc</strong></span> <span class='ocrx_word' id='word_1_18' title='bbox 3004 578 3107 635; x_wconf 88' lang='lat' dir='ltr'><strong>est,</strong></span> <span class='ocrx_word' id='word_1_19' title='bbox 3154 586 3445 640; x_wconf 80' lang='lat' dir='ltr'><strong>quousque</strong></span> <span class='ocrx_word' id='word_1_20' title='bbox 3494 588 3593 625; x_wconf 77' lang='lat' dir='ltr'><strong>eos</strong></span> 
     </span>
    </p>
   </div>
   <div class='ocr_carea' id='block_1_6' title="bbox 308 644 1705 729">
    <p class='ocr_par' dir='ltr' id='par_1_6' title="bbox 308 644 1705 729">
     <span class='ocr_line' id='line_1_6' title="bbox 308 644 1705 729; baseline 0.012 -34"><span class='ocrx_word' id='word_1_21' title='bbox 308 644 390 708; x_wconf 77' lang='grc' dir='ltr'>δὲ,</span> <span class='ocrx_word' id='word_1_22' title='bbox 420 648 450 700; x_wconf 84' lang='grc' dir='ltr'><strong>ό</strong></span> <span class='ocrx_word' id='word_1_23' title='bbox 474 647 883 729; x_wconf 80' lang='grc' dir='ltr'>εὐλαϐούμενος</span> <span class='ocrx_word' id='word_1_24' title='bbox 903 651 1017 706; x_wconf 79' lang='grc' dir='ltr'><strong>τῶν</strong></span> <span class='ocrx_word' id='word_1_25' title='bbox 1043 654 1252 709; x_wconf 85' lang='grc' dir='ltr'>ἀδίκων</span> <span class='ocrx_word' id='word_1_26' title='bbox 1275 657 1376 728; x_wconf 81' lang='grc' dir='ltr'>τὴν</span> <span class='ocrx_word' id='word_1_27' title='bbox 1403 657 1705 729; x_wconf 82' lang='grc' dir='ltr'>ὑπεροχήν.</span> 
     </span>
    </p>
   </div>
   <div class='ocr_carea' id='block_1_7' title="bbox 2010 653 3593 732">
    <p class='ocr_par' dir='ltr' id='par_1_7' title="bbox 2010 653 3593 732">
     <span class='ocr_line' id='line_1_7' title="bbox 2010 653 3593 732; baseline 0.004 -23"><span class='ocrx_word' id='word_1_28' title='bbox 2010 653 2330 711; x_wconf 81' lang='lat' dir='ltr'><strong>veremini?</strong></span> <span class='ocrx_word' id='word_1_29' title='bbox 2375 655 2696 727; x_wconf 87' lang='lat' dir='ltr'><strong>llujusmodi</strong></span> <span class='ocrx_word' id='word_1_30' title='bbox 2758 662 3015 732; x_wconf 82' lang='lat' dir='ltr'><strong>loquendi</strong></span> <span class='ocrx_word' id='word_1_31' title='bbox 3073 662 3236 716; x_wconf 90' lang='lat' dir='ltr'><strong>modo</strong></span> <span class='ocrx_word' id='word_1_32' title='bbox 3277 663 3406 717; x_wconf 83' lang='lat' dir='ltr'><strong>alibi</strong></span> <span class='ocrx_word' id='word_1_33' title='bbox 3442 662 3593 716; x_wconf 85' lang='lat' dir='ltr'><strong>Scri-</strong></span> 
     </span>
    </p>
   </div>
   <div class='ocr_carea' id='block_1_8' title="bbox 310 741 3592 821">
    <p class='ocr_par' dir='ltr' id='par_1_8' title="bbox 310 741 3592 821">
     <span class='ocr_line' id='line_1_8' title="bbox 310 741 3592 821; baseline 0.005 -30"><span class='ocrx_word' id='word_1_34' title='bbox 310 749 475 810; x_wconf 80' lang='lat' dir='ltr'><strong>ptura</strong></span> <span class='ocrx_word' id='word_1_35' title='bbox 507 741 703 807; x_wconf 82' lang='lat' dir='ltr'><strong>utitur,</strong></span> <span class='ocrx_word' id='word_1_36' title='bbox 735 744 961 813; x_wconf 84' lang='lat' dir='ltr'><strong>quando</strong></span> <span class='ocrx_word' id='word_1_37' title='bbox 1005 747 1082 801; x_wconf 81' lang='lat' dir='ltr'><strong>ait</strong></span> <span class='ocrx_word' id='word_1_38' title='bbox 1135 748 1191 802; x_wconf 90' lang='lat' dir='ltr'><strong>in</strong></span> <span class='ocrx_word' id='word_1_39' title='bbox 1246 748 1409 820; x_wconf 78' lang='lat' dir='ltr'><strong>lege:</strong></span> <span class='ocrx_word' id='word_1_40' title='bbox 1446 747 1570 804; x_wconf 80' lang='lat' dir='ltr'><strong>Non</strong></span> <span class='ocrx_word' id='word_1_41' title='bbox 1622 749 1894 817; x_wconf 78' lang='lat' dir='ltr'><strong>accipietis</strong></span> <span class='ocrx_word' id='word_1_42' title='bbox 1936 746 2129 816; x_wconf 78' lang='lat' dir='ltr'><strong>[aciem</strong></span> <span class='ocrx_word' id='word_1_43' title='bbox 2160 749 2214 800; x_wconf 87' lang='lat' dir='ltr'><strong>in</strong></span> <span class='ocrx_word' id='word_1_44' title='bbox 2254 745 2484 815; x_wconf 83' lang='lat' dir='ltr'><strong>judicio,</strong></span> <span class='ocrx_word' id='word_1_45' title='bbox 2555 751 2803 818; x_wconf 86' lang='lat' dir='ltr'><strong>quoniam</strong></span> <span class='ocrx_word' id='word_1_46' title='bbox 2829 751 3093 821; x_wconf 81' lang='lat' dir='ltr'><strong>judicium</strong></span> <span class='ocrx_word' id='word_1_47' title='bbox 3142 751 3358 806; x_wconf 86' lang='lat' dir='ltr'><strong>Domini</strong></span> <span class='ocrx_word' id='word_1_48' title='bbox 3440 764 3520 806; x_wconf 85' lang='lat' dir='ltr'><strong>est</strong></span> <span class='ocrx_word' id='word_1_49' title='bbox 3549 752 3592 806; x_wconf 84' lang='grc'><strong>⁸.</strong></span> 
     </span>
    </p>
   </div>
   <div class='ocr_carea' id='block_1_9' title="bbox 309 834 3596 916">
    <p class='ocr_par' dir='ltr' id='par_1_9' title="bbox 309 834 3596 916">
     <span class='ocr_line' id='line_1_9' title="bbox 309 834 3596 916; baseline 0.004 -29"><span class='ocrx_word' id='word_1_50' title='bbox 309 834 409 888; x_wconf 63' lang='lat' dir='ltr'><strong>ille.</strong></span> <span class='ocrx_word' id='word_1_51' title='bbox 442 843 626 888; x_wconf 85' lang='lat' dir='ltr'><strong>autem</strong></span> <span class='ocrx_word' id='word_1_52' title='bbox 674 849 1035 905; x_wconf 89' lang='lat' dir='ltr'><strong>personarum</strong></span> <span class='ocrx_word' id='word_1_53' title='bbox 1068 849 1328 913; x_wconf 88' lang='lat' dir='ltr'><strong>acceptor</strong></span> <span class='ocrx_word' id='word_1_54' title='bbox 1358 841 1589 908; x_wconf 89' lang='lat' dir='ltr'><strong>dicitur,</strong></span> <span class='ocrx_word' id='word_1_55' title='bbox 1661 842 1755 913; x_wconf 87' lang='lat' dir='ltr'><strong>qui</strong></span> <span class='ocrx_word' id='word_1_56' title='bbox 1819 840 2152 912; x_wconf 86' lang='lat' dir='ltr'><strong>injustorum</strong></span> <span class='ocrx_word' id='word_1_57' title='bbox 2219 857 2284 899; x_wconf 88' lang='lat' dir='ltr'><strong>ac</strong></span> <span class='ocrx_word' id='word_1_58' title='bbox 2348 859 2642 913; x_wconf 77' lang='lat' dir='ltr'><strong>pravorum</strong></span> <span class='ocrx_word' id='word_1_59' title='bbox 2694 845 2977 901; x_wconf 90' lang='lat' dir='ltr'><strong>hominum</strong></span> <span class='ocrx_word' id='word_1_60' title='bbox 3018 849 3340 916; x_wconf 74' lang='lat' dir='ltr'><strong>potentiam,</strong></span> <span class='ocrx_word' id='word_1_61' title='bbox 3395 860 3450 905; x_wconf 91' lang='lat' dir='ltr'><strong>et</strong></span> <span class='ocrx_word' id='word_1_62' title='bbox 3480 865 3596 904; x_wconf 87' lang='lat' dir='ltr'><strong>ma-</strong></span> 
     </span>
    </p>
   </div>
   <div class='ocr_carea' id='block_1_10' title="bbox 311 929 950 1000">
    <p class='ocr_par' dir='ltr' id='par_1_10' title="bbox 311 929 950 1000">
     <span class='ocr_line' id='line_1_10' title="bbox 311 929 950 1000; baseline 0.008 -18"><span class='ocrx_word' id='word_1_63' title='bbox 311 929 662 1000; x_wconf 74' lang='lat' dir='ltr'><strong>gnitudinem</strong></span> <span class='ocrx_word' id='word_1_64' title='bbox 703 940 950 987; x_wconf 81' lang='lat' dir='ltr'><strong>veretur.</strong></span> 
     </span>
    </p>
   </div>
   <div class='ocr_carea' id='block_1_11' title="bbox 383 1026 1912 1100">
    <p class='ocr_par' dir='ltr' id='par_1_11' title="bbox 383 1026 1912 1100">
     <span class='ocr_line' id='line_1_11' title="bbox 383 1026 1912 1100; baseline 0.003 -20"><span class='ocrx_word' id='word_1_65' title='bbox 383 1026 641 1093; x_wconf 81' lang='grc' dir='ltr'>Κρίνατε</span> <span class='ocrx_word' id='word_1_66' title='bbox 670 1027 915 1096; x_wconf 68' lang='grc' dir='ltr'>ὀρφανῷ</span> <span class='ocrx_word' id='word_1_67' title='bbox 940 1027 1040 1082; x_wconf 78' lang='grc' dir='ltr'>καὶ</span> <span class='ocrx_word' id='word_1_68' title='bbox 1072 1030 1310 1100; x_wconf 77' lang='grc' dir='ltr'>πτωχῷ,</span> <span class='ocrx_word' id='word_1_69' title='bbox 1336 1032 1667 1086; x_wconf 61' lang='grc' dir='ltr'>Διαιτσίδσατε</span> <span class='ocrx_word' id='word_1_70' title='bbox 1694 1031 1912 1093; x_wconf 83' lang='grc' dir='ltr'><strong>τούτοις</strong></span> 
     </span>
    </p>
   </div>
   <div class='ocr_carea' id='block_1_12' title="bbox 312 1097 1274 1203">
    <p class='ocr_par' dir='ltr' id='par_1_12' title="bbox 312 1097 1274 1203">
     <span class='ocr_line' id='line_1_12' title="bbox 312 1097 1274 1203; baseline 0.008 -24"><span class='ocrx_word' id='word_1_71' title='bbox 312 1097 718 1198; x_wconf 62' lang='grc' dir='ltr'>δϐικουμένοις,</span> <span class='ocrx_word' id='word_1_72' title='bbox 746 1128 844 1182; x_wconf 82' lang='grc' dir='ltr'>καὶ</span> <span class='ocrx_word' id='word_1_73' title='bbox 869 1128 947 1202; x_wconf 80' lang='grc' dir='ltr'><strong>μὴ</strong></span> <span class='ocrx_word' id='word_1_74' title='bbox 979 1097 1274 1203; x_wconf 77' lang='grc' dir='ltr'>παρίδητε.</span> 
     </span>
    </p>
   </div>
   <div class='ocr_carea' id='block_1_13' title="bbox 390 1310 1909 1395">
    <p class='ocr_par' dir='ltr' id='par_1_13' title="bbox 390 1310 1909 1395">
     <span class='ocr_line' id='line_1_13' title="bbox 390 1310 1909 1395; baseline 0.009 -32"><span class='ocrx_word' id='word_1_75' title='bbox 390 1310 680 1365; x_wconf 75' lang='grc' dir='ltr'>Ταπεινδν</span> <span class='ocrx_word' id='word_1_76' title='bbox 738 1311 837 1367; x_wconf 75' lang='grc' dir='ltr'>καὶ</span> <span class='ocrx_word' id='word_1_77' title='bbox 876 1312 1106 1383; x_wconf 82' lang='grc' dir='ltr'>πένητα</span> <span class='ocrx_word' id='word_1_78' title='bbox 1145 1316 1523 1375; x_wconf 77' lang='grc' dir='ltr'>δικαιώσατε.</span> <span class='ocrx_word' id='word_1_79' title='bbox 1583 1321 1909 1395; x_wconf 79' lang='grc' dir='ltr'>Ἀδικουμέ-</span> 
     </span>
    </p>
   </div>
   <div class='ocr_carea' id='block_1_14' title="bbox 312 1402 1910 1486">
    <p class='ocr_par' dir='ltr' id='par_1_14' title="bbox 312 1402 1910 1486">
     <span class='ocr_line' id='line_1_14' title="bbox 312 1402 1910 1486; baseline 0.011 -33"><span class='ocrx_word' id='word_1_80' title='bbox 312 1418 444 1464; x_wconf 84' lang='grc' dir='ltr'>νους</span> <span class='ocrx_word' id='word_1_81' title='bbox 492 1402 745 1473; x_wconf 81' lang='grc' dir='ltr'>δηλονότι</span> <span class='ocrx_word' id='word_1_82' title='bbox 777 1421 792 1436; x_wconf 91' lang='grc'><strong>·</strong></span> <span class='ocrx_word' id='word_1_83' title='bbox 829 1406 864 1475; x_wconf 81' lang='grc' dir='ltr'>ἢ</span> <span class='ocrx_word' id='word_1_84' title='bbox 911 1407 1096 1461; x_wconf 89' lang='grc' dir='ltr'>τοίνυν</span> <span class='ocrx_word' id='word_1_85' title='bbox 1135 1409 1198 1464; x_wconf 84' lang='grc' dir='ltr'>τδ</span> <span class='ocrx_word' id='word_1_86' title='bbox 1243 1412 1376 1465; x_wconf 83' lang='grc' dir='ltr'>αὐτὸ</span> <span class='ocrx_word' id='word_1_87' title='bbox 1427 1413 1596 1467; x_wconf 81' lang='grc' dir='ltr'>πάλιν</span> <span class='ocrx_word' id='word_1_88' title='bbox 1634 1414 1800 1485; x_wconf 79' lang='grc' dir='ltr'>φησίν</span> <span class='ocrx_word' id='word_1_89' title='bbox 1823 1431 1839 1446; x_wconf 81' lang='grc'><em>’</em></span> <span class='ocrx_word' id='word_1_90' title='bbox 1875 1414 1910 1486; x_wconf 78' lang='grc' dir='ltr'>ἦ</span> 
     </span>
    </p>
   </div>
   <div class='ocr_carea' id='block_1_15' title="bbox 314 1496 1913 1578">
    <p class='ocr_par' dir='ltr' id='par_1_15' title="bbox 314 1496 1913 1578">
     <span class='ocr_line' id='line_1_15' title="bbox 314 1496 1913 1578; baseline 0.012 -33"><span class='ocrx_word' id='word_1_91' title='bbox 314 1496 648 1567; x_wconf 81' lang='grc' dir='ltr'>προείρηται</span> <span class='ocrx_word' id='word_1_92' title='bbox 680 1498 714 1568; x_wconf 73' lang='grc' dir='ltr'>ἡ</span> <span class='ocrx_word' id='word_1_93' title='bbox 740 1497 973 1570; x_wconf 79' lang='grc' dir='ltr'>διαφορὰ</span> <span class='ocrx_word' id='word_1_94' title='bbox 1000 1501 1098 1556; x_wconf 81' lang='grc' dir='ltr'>τοῦ</span> <span class='ocrx_word' id='word_1_95' title='bbox 1132 1505 1354 1577; x_wconf 87' lang='grc' dir='ltr'>πτωχοῦ</span> <span class='ocrx_word' id='word_1_96' title='bbox 1403 1507 1498 1561; x_wconf 78' lang='grc' dir='ltr'>καὶ</span> <span class='ocrx_word' id='word_1_97' title='bbox 1528 1508 1623 1562; x_wconf 84' lang='grc' dir='ltr'>τοῦ</span> <span class='ocrx_word' id='word_1_98' title='bbox 1675 1510 1913 1578; x_wconf 74' lang='grc' dir='ltr'>πένητος</span> 
     </span>
    </p>
   </div>
   <div class='ocr_carea' id='block_1_16' title="bbox 312 1587 846 1662">
    <p class='ocr_par' dir='ltr' id='par_1_16' title="bbox 312 1587 846 1662">
     <span class='ocr_line' id='line_1_16' title="bbox 312 1587 846 1662; baseline 0.013 -22"><span class='ocrx_word' id='word_1_99' title='bbox 312 1587 373 1641; x_wconf 80' lang='grc' dir='ltr'>ὲν</span> <span class='ocrx_word' id='word_1_100' title='bbox 398 1587 480 1658; x_wconf 83' lang='grc' dir='ltr'><strong>τῷ</strong></span> <span class='ocrx_word' id='word_1_101' title='bbox 515 1596 586 1641; x_wconf 79' lang='grc' dir='ltr'>ια’</span> <span class='ocrx_word' id='word_1_102' title='bbox 615 1588 846 1662; x_wconf 77' lang='grc' dir='ltr'>ψαλμῷ.</span> 
     </span>
    </p>
   </div>
   <div class='ocr_carea' id='block_1_17' title="bbox 382 1676 1916 1769">
    <p class='ocr_par' dir='ltr' id='par_1_17' title="bbox 382 1676 1916 1769">
     <span class='ocr_line' id='line_1_17' title="bbox 382 1676 1916 1769; baseline 0.012 -34"><span class='ocrx_word' id='word_1_103' title='bbox 382 1680 725 1746; x_wconf 74' lang='grc' dir='ltr'>Ἐξόλεσθε</span> <span class='ocrx_word' id='word_1_104' title='bbox 753 1685 986 1756; x_wconf 82' lang='grc' dir='ltr'>πένητα</span> <span class='ocrx_word' id='word_1_105' title='bbox 1005 1688 1105 1743; x_wconf 76' lang='grc' dir='ltr'>καὶ</span> <span class='ocrx_word' id='word_1_106' title='bbox 1126 1676 1387 1760; x_wconf 81' lang='grc' dir='ltr'>πτωχὸν,</span> <span class='ocrx_word' id='word_1_107' title='bbox 1414 1692 1484 1746; x_wconf 83' lang='grc' dir='ltr'>ἐκ</span> <span class='ocrx_word' id='word_1_108' title='bbox 1508 1694 1709 1763; x_wconf 82' lang='grc' dir='ltr'>χειρὸς</span> <span class='ocrx_word' id='word_1_109' title='bbox 1729 1699 1916 1769; x_wconf 79' lang='grc' dir='ltr'>ἀμορ-</span> 
     </span>
    </p>
   </div>
   <div class='ocr_carea' id='block_1_18' title="bbox 312 1773 1911 1862">
    <p class='ocr_par' dir='ltr' id='par_1_18' title="bbox 312 1773 1911 1862">
     <span class='ocr_line' id='line_1_18' title="bbox 312 1773 1911 1862; baseline 0.012 -37"><span class='ocrx_word' id='word_1_110' title='bbox 312 1773 514 1828; x_wconf 73' lang='grc' dir='ltr'>τωλοῦ</span> <span class='ocrx_word' id='word_1_111' title='bbox 550 1774 834 1841; x_wconf 75' lang='grc' dir='ltr'>ῥύσασθε</span> <span class='ocrx_word' id='word_1_112' title='bbox 882 1781 1090 1834; x_wconf 78' lang='grc' dir='ltr'>αὐτόν.</span> <span class='ocrx_word' id='word_1_113' title='bbox 1126 1781 1268 1852; x_wconf 86' lang='grc' dir='ltr'>Ὅρα</span> <span class='ocrx_word' id='word_1_114' title='bbox 1303 1783 1429 1837; x_wconf 76' lang='grc' dir='ltr'>ὅσον</span> <span class='ocrx_word' id='word_1_115' title='bbox 1476 1785 1628 1854; x_wconf 84' lang='grc' dir='ltr'><strong>μέλει</strong></span> <span class='ocrx_word' id='word_1_116' title='bbox 1672 1787 1751 1859; x_wconf 81' lang='grc' dir='ltr'>τῷ</span> <span class='ocrx_word' id='word_1_117' title='bbox 1788 1790 1911 1862; x_wconf 84' lang='grc' dir='ltr'><strong>Θεῷ</strong></span> 
     </span>
    </p>
   </div>
   <div class='ocr_carea' id='block_1_19' title="bbox 314 1865 1909 1951">
    <p class='ocr_par' dir='ltr' id='par_1_19' title="bbox 314 1865 1909 1951">
     <span class='ocr_line' id='line_1_19' title="bbox 314 1865 1909 1951; baseline 0.013 -36"><span class='ocrx_word' id='word_1_118' title='bbox 314 1865 448 1933; x_wconf 76' lang='grc' dir='ltr'>περὶ</span> <span class='ocrx_word' id='word_1_119' title='bbox 482 1865 595 1919; x_wconf 82' lang='grc' dir='ltr'><strong>τῶν</strong></span> <span class='ocrx_word' id='word_1_120' title='bbox 640 1868 876 1939; x_wconf 81' lang='grc' dir='ltr'><strong>πτωχῶν</strong></span> <span class='ocrx_word' id='word_1_121' title='bbox 901 1874 994 1925; x_wconf 78' lang='grc' dir='ltr'>καὶ</span> <span class='ocrx_word' id='word_1_122' title='bbox 1026 1874 1285 1944; x_wconf 82' lang='grc' dir='ltr'><strong>πενήτων</strong></span> <span class='ocrx_word' id='word_1_123' title='bbox 1311 1894 1325 1907; x_wconf 77' lang='grc' dir='ltr'><strong>ο</strong></span> <span class='ocrx_word' id='word_1_124' title='bbox 1361 1877 1630 1942; x_wconf 81' lang='grc' dir='ltr'>πολλάκις</span> <span class='ocrx_word' id='word_1_125' title='bbox 1664 1883 1775 1951; x_wconf 81' lang='grc' dir='ltr'>γὰρ</span> <span class='ocrx_word' id='word_1_126' title='bbox 1814 1881 1909 1936; x_wconf 75' lang='grc' dir='ltr'>τὸν</span> 
     </span>
    </p>
   </div>
   <div class='ocr_carea' id='block_1_20' title="bbox 2079 1023 3594 1097">
    <p class='ocr_par' dir='ltr' id='par_1_20' title="bbox 2079 1023 3594 1097">
     <span class='ocr_line' id='line_1_20' title="bbox 2079 1023 3594 1097; baseline 0.005 -19"><span class='ocrx_word' id='word_1_127' title='bbox 2079 1023 2250 1082; x_wconf 73' lang='lat' dir='ltr'><strong>Vsus.</strong></span> <span class='ocrx_word' id='word_1_128' title='bbox 2285 1027 2338 1082; x_wconf 79' lang='lat'><strong>3.</strong></span> <span class='ocrx_word' id='word_1_129' title='bbox 2370 1026 2624 1082; x_wconf 85' lang='lat' dir='ltr'><strong>.Iudicate</strong></span> <span class='ocrx_word' id='word_1_130' title='bbox 2652 1029 2912 1096; x_wconf 83' lang='lat' dir='ltr'><strong>orphano,</strong></span> <span class='ocrx_word' id='word_1_131' title='bbox 2951 1038 3001 1083; x_wconf 87' lang='lat' dir='ltr'><strong>et</strong></span> <span class='ocrx_word' id='word_1_132' title='bbox 3034 1029 3199 1097; x_wconf 88' lang='lat' dir='ltr'><strong>inopi.</strong></span> <span class='ocrx_word' id='word_1_133' title='bbox 3249 1028 3477 1095; x_wconf 82' lang='lat' dir='ltr'><strong>ﬂorum,</strong></span> <span class='ocrx_word' id='word_1_134' title='bbox 3515 1031 3594 1086; x_wconf 90' lang='lat' dir='ltr'><strong>in-</strong></span> 
     </span>
    </p>
   </div>
   <div class='ocr_carea' id='block_1_21' title="bbox 2004 1116 3592 1192">
    <p class='ocr_par' dir='ltr' id='par_1_21' title="bbox 2004 1116 3592 1192">
     <span class='ocr_line' id='line_1_21' title="bbox 2004 1116 3592 1192; baseline 0.005 -21"><span class='ocrx_word' id='word_1_135' title='bbox 2004 1116 2146 1186; x_wconf 89' lang='lat' dir='ltr'><strong>quit,</strong></span> <span class='ocrx_word' id='word_1_136' title='bbox 2181 1132 2410 1173; x_wconf 80' lang='lat' dir='ltr'><strong>causam</strong></span> <span class='ocrx_word' id='word_1_137' title='bbox 2439 1119 2713 1189; x_wconf 75' lang='lat' dir='ltr'><strong>iudicate,</strong></span> <span class='ocrx_word' id='word_1_138' title='bbox 2751 1129 2811 1177; x_wconf 90' lang='lat' dir='ltr'><strong>et</strong></span> <span class='ocrx_word' id='word_1_139' title='bbox 2841 1120 3012 1178; x_wconf 88' lang='lat' dir='ltr'><strong>nolite</strong></span> <span class='ocrx_word' id='word_1_140' title='bbox 3047 1121 3332 1192; x_wconf 80' lang='lat' dir='ltr'><strong>despicere</strong></span> <span class='ocrx_word' id='word_1_141' title='bbox 3366 1137 3463 1178; x_wconf 85' lang='lat' dir='ltr'><strong>eos</strong></span> <span class='ocrx_word' id='word_1_142' title='bbox 3495 1134 3592 1179; x_wconf 89' lang='lat' dir='ltr'><strong>aut</strong></span> 
     </span>
    </p>
   </div>
   <div class='ocr_carea' id='block_1_22' title="bbox 2006 1205 2308 1280">
    <p class='ocr_par' dir='ltr' id='par_1_22' title="bbox 2006 1205 2308 1280">
     <span class='ocr_line' id='line_1_22' title="bbox 2006 1205 2308 1280; baseline 0 -15"><span class='ocrx_word' id='word_1_143' title='bbox 2006 1205 2308 1280; x_wconf 72' lang='lat' dir='ltr'><strong>negligere.</strong></span> 
     </span>
    </p>
   </div>
   <div class='ocr_carea' id='block_1_23' title="bbox 2079 1301 3597 1379">
    <p class='ocr_par' dir='ltr' id='par_1_23' title="bbox 2079 1301 3597 1379">
     <span class='ocr_line' id='line_1_23' title="bbox 2079 1301 3597 1379; baseline 0.006 -23"><span class='ocrx_word' id='word_1_144' title='bbox 2079 1301 2354 1357; x_wconf 84' lang='lat' dir='ltr'><strong>Humilem</strong></span> <span class='ocrx_word' id='word_1_145' title='bbox 2388 1312 2439 1358; x_wconf 88' lang='lat' dir='ltr'><strong>et</strong></span> <span class='ocrx_word' id='word_1_146' title='bbox 2471 1320 2759 1376; x_wconf 84' lang='lat' dir='ltr'><strong>pauperem</strong></span> <span class='ocrx_word' id='word_1_147' title='bbox 2785 1306 3103 1377; x_wconf 84' lang='lat' dir='ltr'><strong>justi/icate.</strong></span> <span class='ocrx_word' id='word_1_148' title='bbox 3142 1307 3198 1362; x_wconf 90' lang='lat' dir='ltr'><strong>Si</strong></span> <span class='ocrx_word' id='word_1_149' title='bbox 3229 1307 3432 1379; x_wconf 79' lang='lat' dir='ltr'><strong>injuria</strong></span> <span class='ocrx_word' id='word_1_150' title='bbox 3463 1310 3597 1365; x_wconf 78' lang='lat' dir='ltr'><strong>atl‘c-</strong></span> 
     </span>
    </p>
   </div>
   <div class='ocr_carea' id='block_1_24' title="bbox 2008 1392 3596 1473">
    <p class='ocr_par' dir='ltr' id='par_1_24' title="bbox 2008 1392 3596 1473">
     <span class='ocr_line' id='line_1_24' title="bbox 2008 1392 3596 1473; baseline 0.006 -25"><span class='ocrx_word' id='word_1_151' title='bbox 2008 1393 2083 1448; x_wconf 90' lang='lat' dir='ltr'><strong>cti</strong></span> <span class='ocrx_word' id='word_1_152' title='bbox 2133 1392 2338 1449; x_wconf 75' lang='lat' dir='ltr'><strong>fuerint</strong></span> <span class='ocrx_word' id='word_1_153' title='bbox 2372 1413 2388 1451; x_wconf 92' lang='lat'><strong>:</strong></span> <span class='ocrx_word' id='word_1_154' title='bbox 2419 1403 2477 1451; x_wconf 88' lang='lat' dir='ltr'><strong>et</strong></span> <span class='ocrx_word' id='word_1_155' title='bbox 2510 1412 2710 1453; x_wconf 83' lang='lat' dir='ltr'><strong>rursus</strong></span> <span class='ocrx_word' id='word_1_156' title='bbox 2745 1398 2887 1453; x_wconf 88' lang='lat' dir='ltr'><strong>idem</strong></span> <span class='ocrx_word' id='word_1_157' title='bbox 2928 1401 3124 1470; x_wconf 89' lang='lat' dir='ltr'><strong>repetit</strong></span> <span class='ocrx_word' id='word_1_158' title='bbox 3157 1402 3305 1470; x_wconf 88' lang='lat' dir='ltr'><strong>quod</strong></span> <span class='ocrx_word' id='word_1_159' title='bbox 3343 1404 3397 1456; x_wconf 94' lang='lat' dir='ltr'><strong>in</strong></span> <span class='ocrx_word' id='word_1_160' title='bbox 3454 1418 3596 1473; x_wconf 74' lang='lat' dir='ltr'><strong>prae-</strong></span> 
     </span>
    </p>
   </div>
   <div class='ocr_carea' id='block_1_25' title="bbox 2010 1485 3601 1565">
    <p class='ocr_par' dir='ltr' id='par_1_25' title="bbox 2010 1485 3601 1565">
     <span class='ocr_line' id='line_1_25' title="bbox 2010 1485 3601 1565; baseline 0.006 -25"><span class='ocrx_word' id='word_1_161' title='bbox 2010 1485 2229 1541; x_wconf 88' lang='lat' dir='ltr'><strong>cedenti</strong></span> <span class='ocrx_word' id='word_1_162' title='bbox 2281 1487 2420 1542; x_wconf 83' lang='lat' dir='ltr'><strong>dixit</strong></span> <span class='ocrx_word' id='word_1_163' title='bbox 2483 1489 2783 1544; x_wconf 81' lang='lat' dir='ltr'><strong>versiculo.</strong></span> <span class='ocrx_word' id='word_1_164' title='bbox 2847 1491 2959 1554; x_wconf 82' lang='lat' dir='ltr'><strong>Vel,</strong></span> <span class='ocrx_word' id='word_1_165' title='bbox 3014 1492 3195 1563; x_wconf 89' lang='lat' dir='ltr'><strong>inopis</strong></span> <span class='ocrx_word' id='word_1_166' title='bbox 3231 1499 3288 1549; x_wconf 86' lang='lat' dir='ltr'><strong>et</strong></span> <span class='ocrx_word' id='word_1_167' title='bbox 3341 1496 3601 1565; x_wconf 83' lang='lat' dir='ltr'><strong>pauperis</strong></span> 
     </span>
    </p>
   </div>
   <div class='ocr_carea' id='block_1_26' title="bbox 2004 1578 3025 1651">
    <p class='ocr_par' dir='ltr' id='par_1_26' title="bbox 2004 1578 3025 1651">
     <span class='ocr_line' id='line_1_26' title="bbox 2004 1578 3025 1651; baseline 0.004 -18"><span class='ocrx_word' id='word_1_168' title='bbox 2004 1578 2372 1634; x_wconf 79' lang='lat' dir='ltr'><strong>diﬂerentiam</strong></span> <span class='ocrx_word' id='word_1_169' title='bbox 2405 1596 2591 1650; x_wconf 72' lang='lat' dir='ltr'><strong>quaere</strong></span> <span class='ocrx_word' id='word_1_170' title='bbox 2614 1581 2669 1636; x_wconf 92' lang='lat' dir='ltr'><strong>in</strong></span> <span class='ocrx_word' id='word_1_171' title='bbox 2699 1581 2911 1651; x_wconf 73' lang='lat' dir='ltr'><strong>pSalmo</strong></span> <span class='ocrx_word' id='word_1_172' title='bbox 2948 1599 3025 1637; x_wconf 64' lang='grc' dir='ltr'>τι.</span> 
     </span>
    </p>
   </div>
   <div class='ocr_carea' id='block_1_27' title="bbox 2077 1669 3598 1744">
    <p class='ocr_par' dir='ltr' id='par_1_27' title="bbox 2077 1669 3598 1744">
     <span class='ocr_line' id='line_1_27' title="bbox 2077 1669 3598 1744; baseline 0.003 -22"><span class='ocrx_word' id='word_1_173' title='bbox 2077 1669 2246 1725; x_wconf 69' lang='lat' dir='ltr'><strong>Vens.</strong></span> <span class='ocrx_word' id='word_1_174' title='bbox 2278 1669 2333 1726; x_wconf 70' lang='grc'><strong>4.</strong></span> <span class='ocrx_word' id='word_1_175' title='bbox 2370 1669 2578 1740; x_wconf 80' lang='lat' dir='ltr'><strong>Eripite</strong></span> <span class='ocrx_word' id='word_1_176' title='bbox 2632 1687 2918 1741; x_wconf 76' lang='lat' dir='ltr'><strong>pauperem</strong></span> <span class='ocrx_word' id='word_1_177' title='bbox 2954 1683 3004 1727; x_wconf 88' lang='lat' dir='ltr'><strong>et</strong></span> <span class='ocrx_word' id='word_1_178' title='bbox 3057 1675 3291 1744; x_wconf 78' lang='lat' dir='ltr'><strong>inopem,</strong></span> <span class='ocrx_word' id='word_1_179' title='bbox 3326 1679 3391 1730; x_wconf 85' lang='lat' dir='ltr'><strong>de</strong></span> <span class='ocrx_word' id='word_1_180' title='bbox 3439 1693 3598 1730; x_wconf 86' lang='lat' dir='ltr'><strong>manu</strong></span> 
     </span>
    </p>
   </div>
   <div class='ocr_carea' id='block_1_28' title="bbox 2007 1763 3592 1835">
    <p class='ocr_par' dir='ltr' id='par_1_28' title="bbox 2007 1763 3592 1835">
     <span class='ocr_line' id='line_1_28' title="bbox 2007 1763 3592 1835; baseline 0.003 -19"><span class='ocrx_word' id='word_1_181' title='bbox 2007 1763 2302 1830; x_wconf 74' lang='lat' dir='ltr'><strong>peccatoris</strong></span> <span class='ocrx_word' id='word_1_182' title='bbox 2332 1764 2556 1819; x_wconf 77' lang='lat' dir='ltr'><strong>liberate</strong></span> <span class='ocrx_word' id='word_1_183' title='bbox 2584 1781 2725 1819; x_wconf 89' lang='lat' dir='ltr'><strong>eum.</strong></span> <span class='ocrx_word' id='word_1_184' title='bbox 2757 1763 2891 1819; x_wconf 85' lang='lat' dir='ltr'><strong>Vide</strong></span> <span class='ocrx_word' id='word_1_185' title='bbox 2922 1776 3145 1835; x_wconf 77' lang='lat' dir='ltr'><strong>quanta:</strong></span> <span class='ocrx_word' id='word_1_186' title='bbox 3167 1782 3317 1821; x_wconf 72' lang='lat' dir='ltr'><strong>curre</strong></span> <span class='ocrx_word' id='word_1_187' title='bbox 3342 1769 3449 1822; x_wconf 85' lang='lat' dir='ltr'><strong>sint</strong></span> <span class='ocrx_word' id='word_1_188' title='bbox 3483 1768 3592 1824; x_wconf 82' lang='lat' dir='ltr'><strong>Deo</strong></span> 
     </span>
    </p>
   </div>
   <div class='ocr_carea' id='block_1_29' title="bbox 2005 1856 3599 1928">
    <p class='ocr_par' dir='ltr' id='par_1_29' title="bbox 2005 1856 3599 1928">
     <span class='ocr_line' id='line_1_29' title="bbox 2005 1856 3599 1928; baseline 0.002 -19"><span class='ocrx_word' id='word_1_189' title='bbox 2005 1856 2200 1923; x_wconf 88' lang='lat' dir='ltr'><strong>inopes</strong></span> <span class='ocrx_word' id='word_1_190' title='bbox 2239 1863 2294 1910; x_wconf 91' lang='lat' dir='ltr'><strong>et</strong></span> <span class='ocrx_word' id='word_1_191' title='bbox 2324 1870 2621 1926; x_wconf 86' lang='lat' dir='ltr'><strong>pauperes,</strong></span> <span class='ocrx_word' id='word_1_192' title='bbox 2671 1871 2794 1911; x_wconf 90' lang='lat' dir='ltr'><strong>eum</strong></span> <span class='ocrx_word' id='word_1_193' title='bbox 2834 1858 3037 1927; x_wconf 71' lang='lat' dir='ltr'><strong>saepius</strong></span> <span class='ocrx_word' id='word_1_194' title='bbox 3067 1857 3342 1928; x_wconf 83' lang='lat' dir='ltr'><strong>PrOpheta</strong></span> <span class='ocrx_word' id='word_1_195' title='bbox 3383 1874 3599 1914; x_wconf 86' lang='lat' dir='ltr'><strong>sermo-</strong></span> 
     </span>
    </p>
   </div>
   <div class='ocr_carea' id='block_1_30' title="bbox 314 1947 1913 2047">
    <p class='ocr_par' dir='ltr' id='par_1_30' title="bbox 314 1947 1899 2037">
     <span class='ocr_line' id='line_1_30' title="bbox 314 1947 1899 2037; baseline 0.011 -30"><span class='ocrx_word' id='word_1_196' title='bbox 314 1956 449 2025; x_wconf 71' lang='grc' dir='ltr'>περὶ</span> <span class='ocrx_word' id='word_1_197' title='bbox 480 1956 664 2011; x_wconf 70' lang='grc' dir='ltr'>αὐτῶν</span> <span class='ocrx_word' id='word_1_198' title='bbox 696 1958 856 2028; x_wconf 81' lang='grc' dir='ltr'>λόγον</span> <span class='ocrx_word' id='word_1_199' title='bbox 900 1962 1220 2019; x_wconf 83' lang='grc' dir='ltr'>ἀνακυκλοῖ,</span> <span class='ocrx_word' id='word_1_200' title='bbox 1258 1965 1546 2031; x_wconf 79' lang='grc' dir='ltr'>Ἐξέλεσθε</span> <span class='ocrx_word' id='word_1_201' title='bbox 1577 1947 1686 2024; x_wconf 37' lang='grc' dir='ltr'>οὒν-</span> <span class='ocrx_word' id='word_1_202' title='bbox 1710 1947 1899 2037; x_wconf 60' lang='grc' dir='ltr'>αυτὸν,</span> 
     </span>
    </p>
   </div>
   <div class='ocr_carea' id='block_1_31' title="bbox 2013 1947 3697 2047">
    <p class='ocr_par' dir='ltr' id='par_1_31' title="bbox 2013 1947 3697 2019">
     <span class='ocr_line' id='line_1_31' title="bbox 2013 1947 3697 2019; baseline 0.004 -18"><span class='ocrx_word' id='word_1_203' title='bbox 2013 1963 2128 2003; x_wconf 88' lang='lat' dir='ltr'><strong>nem</strong></span> <span class='ocrx_word' id='word_1_204' title='bbox 2154 1947 2222 2003; x_wconf 87' lang='lat' dir='ltr'><strong>de</strong></span> <span class='ocrx_word' id='word_1_205' title='bbox 2245 1948 2327 2004; x_wconf 87' lang='lat' dir='ltr'><strong>eis</strong></span> <span class='ocrx_word' id='word_1_206' title='bbox 2351 1957 2584 2019; x_wconf 86' lang='lat' dir='ltr'><strong>repetat.</strong></span> <span class='ocrx_word' id='word_1_207' title='bbox 2638 1947 2849 2019; x_wconf 83' lang='lat' dir='ltr'><strong>Eripite</strong></span> <span class='ocrx_word' id='word_1_208' title='bbox 2889 1949 3079 2019; x_wconf 78' lang='lat' dir='ltr'><strong>igitur,</strong></span> <span class='ocrx_word' id='word_1_209' title='bbox 3107 1961 3162 2005; x_wconf 89' lang='lat' dir='ltr'><strong>et</strong></span> <span class='ocrx_word' id='word_1_210' title='bbox 3216 1950 3442 2005; x_wconf 88' lang='lat' dir='ltr'><strong>liberate</strong></span> <span class='ocrx_word' id='word_1_211' title='bbox 3482 1967 3599 2008; x_wconf 78' lang='lat' dir='ltr'><strong>eos.</strong></span> <span class='ocrx_word' id='word_1_212' title='bbox 3692 1982 3697 1987; x_wconf 85' lang='grc'><strong>·</strong></span> 
     </span>
    </p>
   </div>
   <div class='ocr_carea' id='block_1_32' title="bbox 313 2038 1913 2135">
    <p class='ocr_par' dir='ltr' id='par_1_32' title="bbox 313 2049 1902 2135">
     <span class='ocr_line' id='line_1_32' title="bbox 313 2049 1902 2135; baseline 0.012 -35"><span class='ocrx_word' id='word_1_213' title='bbox 313 2049 411 2101; x_wconf 82' lang='grc' dir='ltr'>καὶ</span> <span class='ocrx_word' id='word_1_214' title='bbox 441 2050 686 2119; x_wconf 76' lang='grc' dir='ltr'><strong>ῥύσασθε</strong></span> <span class='ocrx_word' id='word_1_215' title='bbox 712 2053 876 2107; x_wconf 73' lang='grc' dir='ltr'>αὑτὸν</span> <span class='ocrx_word' id='word_1_216' title='bbox 901 2055 1530 2129; x_wconf 81' lang='grc' dir='ltr'>καταδυναστευόμενον.</span> <span class='ocrx_word' id='word_1_217' title='bbox 1548 2060 1902 2135; x_wconf 79' lang='grc' dir='ltr'>Ἀμαρτωλδς</span> 
     </span>
    </p>
   </div>
   <div class='ocr_carea' id='block_1_33' title="bbox 2013 2038 3603 2135">
    <p class='ocr_par' dir='ltr' id='par_1_33' title="bbox 2013 2038 3603 2114">
     <span class='ocr_line' id='line_1_33' title="bbox 2013 2038 3603 2114; baseline 0.003 -20"><span class='ocrx_word' id='word_1_218' title='bbox 2013 2041 2220 2109; x_wconf 83' lang='lat' dir='ltr'><strong>quoties</strong></span> <span class='ocrx_word' id='word_1_219' title='bbox 2243 2042 2650 2112; x_wconf 86' lang='lat' dir='ltr'><strong>opprimuntur.</strong></span> <span class='ocrx_word' id='word_1_220' title='bbox 2674 2038 3028 2098; x_wconf 79' lang='lat' dir='ltr'><strong>Peccatorem</strong></span> <span class='ocrx_word' id='word_1_221' title='bbox 3064 2050 3247 2097; x_wconf 85' lang='lat' dir='ltr'><strong>autem</strong></span> <span class='ocrx_word' id='word_1_222' title='bbox 3274 2043 3364 2098; x_wconf 87' lang='lat' dir='ltr'><strong>hic</strong></span> <span class='ocrx_word' id='word_1_223' title='bbox 3386 2058 3603 2114; x_wconf 88' lang='lat' dir='ltr'><strong>quoque</strong></span> 
     </span>
    </p>
   </div>
   <div class='ocr_carea' id='block_1_34' title="bbox 308 2141 980 2209">
    <p class='ocr_par' dir='ltr' id='par_1_34' title="bbox 308 2141 980 2209">
     <span class='ocr_line' id='line_1_34' title="bbox 308 2141 980 2209; baseline 0.009 -16"><span class='ocrx_word' id='word_1_224' title='bbox 308 2141 372 2194; x_wconf 77' lang='grc' dir='ltr'><strong>δὲ</strong></span> <span class='ocrx_word' id='word_1_225' title='bbox 400 2142 689 2196; x_wconf 72' lang='grc' dir='ltr'>κάνταῦθα</span> <span class='ocrx_word' id='word_1_226' title='bbox 717 2146 746 2197; x_wconf 84' lang='grc' dir='ltr'><strong>ό</strong></span> <span class='ocrx_word' id='word_1_227' title='bbox 772 2145 980 2209; x_wconf 79' lang='grc' dir='ltr'>ἄδικος.</span> 
     </span>
    </p>
   </div>
   <div class='ocr_carea' id='block_1_35' title="bbox 382 2234 1907 2308">
    <p class='ocr_par' dir='ltr' id='par_1_35' title="bbox 382 2234 1907 2308">
     <span class='ocr_line' id='line_1_35' title="bbox 382 2234 1907 2308; baseline 0.009 -21"><span class='ocrx_word' id='word_1_228' title='bbox 382 2234 509 2288; x_wconf 87' lang='grc' dir='ltr'><strong>Οὐκ</strong></span> <span class='ocrx_word' id='word_1_229' title='bbox 549 2235 829 2304; x_wconf 78' lang='grc' dir='ltr'>ἔγνωσαν</span> <span class='ocrx_word' id='word_1_230' title='bbox 851 2237 996 2291; x_wconf 81' lang='grc' dir='ltr'><strong>οὐδὲ</strong></span> <span class='ocrx_word' id='word_1_231' title='bbox 1031 2240 1316 2308; x_wconf 77' lang='grc' dir='ltr'><strong>συνῆκαν</strong></span> <span class='ocrx_word' id='word_1_232' title='bbox 1338 2258 1353 2274; x_wconf 75' lang='grc' dir='ltr'>σ</span> <span class='ocrx_word' id='word_1_233' title='bbox 1380 2243 1450 2296; x_wconf 83' lang='grc' dir='ltr'>ἐν</span> <span class='ocrx_word' id='word_1_234' title='bbox 1468 2244 1675 2298; x_wconf 80' lang='grc' dir='ltr'><strong>σκότει</strong></span> <span class='ocrx_word' id='word_1_235' title='bbox 1699 2246 1907 2302; x_wconf 76' lang='grc' dir='ltr'>διαπο-</span> 
     </span>
    </p>
   </div>
   <div class='ocr_carea' id='block_1_36' title="bbox 311 2318 1909 2406">
    <p class='ocr_par' dir='ltr' id='par_1_36' title="bbox 311 2318 1909 2406">
     <span class='ocr_line' id='line_1_36' title="bbox 311 2318 1909 2406; baseline 0.011 -27"><span class='ocrx_word' id='word_1_236' title='bbox 311 2328 621 2394; x_wconf 57' lang='lat' dir='ltr'><strong>patior-tm.</strong></span> <span class='ocrx_word' id='word_1_237' title='bbox 657 2327 1342 2402; x_wconf 69' lang='grc' dir='ltr'>(99)*Εθελοκωφήσαντες</span> <span class='ocrx_word' id='word_1_238' title='bbox 1370 2318 1472 2388; x_wconf 60' lang='lat' dir='ltr'><strong>ob):</strong></span> <span class='ocrx_word' id='word_1_239' title='bbox 1502 2336 1751 2406; x_wconf 78' lang='grc' dir='ltr'>ἔγνωσαν</span> <span class='ocrx_word' id='word_1_240' title='bbox 1776 2343 1909 2405; x_wconf 80' lang='grc' dir='ltr'>τοὺς</span> 
     </span>
    </p>
   </div>
   <div class='ocr_carea' id='block_1_37' title="bbox 316 2417 1907 2508">
    <p class='ocr_par' dir='ltr' id='par_1_37' title="bbox 316 2417 1907 2508">
     <span class='ocr_line' id='line_1_37' title="bbox 316 2417 1907 2508; baseline 0.013 -39"><span class='ocrx_word' id='word_1_241' title='bbox 316 2417 502 2482; x_wconf 77' lang='grc' dir='ltr'>Θείους</span> <span class='ocrx_word' id='word_1_242' title='bbox 527 2419 743 2487; x_wconf 79' lang='grc' dir='ltr'>λόγους,</span> <span class='ocrx_word' id='word_1_243' title='bbox 782 2422 983 2487; x_wconf 79' lang='grc' dir='ltr'>εἴτουν,</span> <span class='ocrx_word' id='word_1_244' title='bbox 1014 2425 1076 2478; x_wconf 83' lang='grc' dir='ltr'>οὐ</span> <span class='ocrx_word' id='word_1_245' title='bbox 1109 2426 1352 2497; x_wconf 82' lang='grc' dir='ltr'>συνῆκαν</span> <span class='ocrx_word' id='word_1_246' title='bbox 1375 2445 1391 2462; x_wconf 90' lang='grc'><strong>·</strong></span> <span class='ocrx_word' id='word_1_247' title='bbox 1429 2434 1774 2504; x_wconf 84' lang='grc' dir='ltr'>σαφηνισμδς</span> <span class='ocrx_word' id='word_1_248' title='bbox 1799 2435 1907 2508; x_wconf 81' lang='grc' dir='ltr'><strong>γὰρ</strong></span> 
     </span>
    </p>
   </div>
   <div class='ocr_carea' id='block_1_38' title="bbox 313 2511 1910 2591">
    <p class='ocr_par' dir='ltr' id='par_1_38' title="bbox 313 2511 1910 2591">
     <span class='ocr_line' id='line_1_38' title="bbox 313 2511 1910 2591; baseline 0.013 -29"><span class='ocrx_word' id='word_1_249' title='bbox 313 2511 438 2576; x_wconf 80' lang='grc' dir='ltr'>τοῦ,</span> <span class='ocrx_word' id='word_1_250' title='bbox 472 2513 596 2565; x_wconf 73' lang='grc' dir='ltr'><strong>Οὐκ</strong></span> <span class='ocrx_word' id='word_1_251' title='bbox 623 2511 922 2580; x_wconf 74' lang='grc' dir='ltr'>ἔγνωσαν,</span> <span class='ocrx_word' id='word_1_252' title='bbox 953 2515 1033 2581; x_wconf 79' lang='grc' dir='ltr'>τὸ,</span> <span class='ocrx_word' id='word_1_253' title='bbox 1061 2518 1216 2573; x_wconf 83' lang='grc' dir='ltr'><strong>οὐδὲ</strong></span> <span class='ocrx_word' id='word_1_254' title='bbox 1236 2520 1542 2591; x_wconf 83' lang='grc' dir='ltr'>συνῆκαν.</span> <span class='ocrx_word' id='word_1_255' title='bbox 1580 2526 1685 2580; x_wconf 84' lang='grc' dir='ltr'>Ἐν</span> <span class='ocrx_word' id='word_1_256' title='bbox 1701 2531 1910 2584; x_wconf 84' lang='grc' dir='ltr'><strong>σκότει</strong></span> 
     </span>
    </p>
   </div>
   <div class='ocr_carea' id='block_1_39' title="bbox 312 2601 1908 2685">
    <p class='ocr_par' dir='ltr' id='par_1_39' title="bbox 312 2601 1908 2685">
     <span class='ocr_line' id='line_1_39' title="bbox 312 2601 1908 2685; baseline 0.014 -31"><span class='ocrx_word' id='word_1_257' title='bbox 312 2601 393 2662; x_wconf 79' lang='grc' dir='ltr'><strong>δὲ,</strong></span> <span class='ocrx_word' id='word_1_258' title='bbox 420 2603 541 2656; x_wconf 73' lang='grc' dir='ltr'>ἀντὶ</span> <span class='ocrx_word' id='word_1_259' title='bbox 558 2604 677 2670; x_wconf 81' lang='grc' dir='ltr'>τοῦ,</span> <span class='ocrx_word' id='word_1_260' title='bbox 711 2606 803 2659; x_wconf 87' lang='grc' dir='ltr'><strong>Ἐν</strong></span> <span class='ocrx_word' id='word_1_261' title='bbox 833 2607 1010 2681; x_wconf 83' lang='grc' dir='ltr'>πλάνῃ</span> <span class='ocrx_word' id='word_1_262' title='bbox 1052 2610 1455 2672; x_wconf 80' lang='grc' dir='ltr'>πολιτεύονται.</span> <span class='ocrx_word' id='word_1_263' title='bbox 1477 2616 1549 2670; x_wconf 86' lang='grc' dir='ltr'><strong><em>Ἦ</em></strong></span> <span class='ocrx_word' id='word_1_264' title='bbox 1588 2619 1682 2671; x_wconf 60' lang='grc' dir='ltr'><strong>καὶ⁵</strong></span> <span class='ocrx_word' id='word_1_265' title='bbox 1705 2619 1908 2685; x_wconf 76' lang='grc' dir='ltr'>ἄλλως·</span> 
     </span>
    </p>
   </div>
   <div class='ocr_carea' id='block_1_40' title="bbox 317 2693 1912 2771">
    <p class='ocr_par' dir='ltr' id='par_1_40' title="bbox 317 2693 1912 2771">
     <span class='ocr_line' id='line_1_40' title="bbox 317 2693 1912 2771; baseline 0.014 -24"><span class='ocrx_word' id='word_1_266' title='bbox 317 2694 440 2747; x_wconf 80' lang='grc' dir='ltr'>θῦκ</span> <span class='ocrx_word' id='word_1_267' title='bbox 470 2693 722 2764; x_wconf 77' lang='grc' dir='ltr'>ἔγνωσαν</span> <span class='ocrx_word' id='word_1_268' title='bbox 760 2698 882 2751; x_wconf 82' lang='grc' dir='ltr'>οὐδὲ</span> <span class='ocrx_word' id='word_1_269' title='bbox 932 2701 1178 2771; x_wconf 84' lang='grc' dir='ltr'>συνῆκαν</span> <span class='ocrx_word' id='word_1_270' title='bbox 1206 2703 1270 2758; x_wconf 79' lang='grc' dir='ltr'>τὸ</span> <span class='ocrx_word' id='word_1_271' title='bbox 1299 2705 1465 2763; x_wconf 82' lang='grc' dir='ltr'>καλόν</span> <span class='ocrx_word' id='word_1_272' title='bbox 1485 2724 1498 2739; x_wconf 93' lang='grc'><strong>·</strong></span> <span class='ocrx_word' id='word_1_273' title='bbox 1530 2709 1614 2766; x_wconf 83' lang='grc' dir='ltr'><strong>διδ</strong></span> <span class='ocrx_word' id='word_1_274' title='bbox 1649 2713 1709 2767; x_wconf 78' lang='grc' dir='ltr'>ὲν</span> <span class='ocrx_word' id='word_1_275' title='bbox 1751 2713 1912 2770; x_wconf 85' lang='grc' dir='ltr'>ἀνοία</span> 
     </span>
    </p>
   </div>
   <div class='ocr_carea' id='block_1_41' title="bbox 315 2784 1057 2860">
    <p class='ocr_par' dir='ltr' id='par_1_41' title="bbox 315 2784 1057 2860">
     <span class='ocr_line' id='line_1_41' title="bbox 315 2784 1057 2860; baseline 0.012 -22"><span class='ocrx_word' id='word_1_276' title='bbox 315 2784 418 2838; x_wconf 74' lang='grc' dir='ltr'>τοῦ</span> <span class='ocrx_word' id='word_1_277' title='bbox 451 2786 665 2841; x_wconf 79' lang='grc' dir='ltr'><strong>δικαίου</strong></span> <span class='ocrx_word' id='word_1_278' title='bbox 703 2792 1057 2860; x_wconf 82' lang='grc' dir='ltr'>πορεύονται.</span> 
     </span>
    </p>
   </div>
   <div class='ocr_carea' id='block_1_42' title="bbox 388 3048 1908 3134">
    <p class='ocr_par' dir='ltr' id='par_1_42' title="bbox 388 3048 1908 3134">
     <span class='ocr_line' id='line_1_42' title="bbox 388 3048 1908 3134; baseline 0.014 -35"><span class='ocrx_word' id='word_1_279' title='bbox 388 3048 880 3113; x_wconf 73' lang='grc' dir='ltr'>Σαλευθήτωσαν</span> <span class='ocrx_word' id='word_1_280' title='bbox 930 3052 1130 3108; x_wconf 79' lang='grc' dir='ltr'>πάντα</span> <span class='ocrx_word' id='word_1_281' title='bbox 1190 3059 1263 3112; x_wconf 84' lang='grc' dir='ltr'>τὰ</span> <span class='ocrx_word' id='word_1_282' title='bbox 1320 3060 1564 3129; x_wconf 77' lang='grc' dir='ltr'>θεμέλια</span> <span class='ocrx_word' id='word_1_283' title='bbox 1621 3062 1734 3131; x_wconf 83' lang='grc' dir='ltr'><strong>τῆς</strong></span> <span class='ocrx_word' id='word_1_284' title='bbox 1776 3066 1908 3134; x_wconf 78' lang='grc' dir='ltr'>γῆς.</span> 
     </span>
    </p>
   </div>
   <div class='ocr_carea' id='block_1_43' title="bbox 315 3139 1916 3227">
    <p class='ocr_par' dir='ltr' id='par_1_43' title="bbox 315 3139 1916 3227">
     <span class='ocr_line' id='line_1_43' title="bbox 315 3139 1916 3227; baseline 0.014 -36"><span class='ocrx_word' id='word_1_285' title='bbox 315 3139 496 3194; x_wconf 81' lang='grc' dir='ltr'>Τοῦτο</span> <span class='ocrx_word' id='word_1_286' title='bbox 541 3143 570 3194; x_wconf 82' lang='grc' dir='ltr'><strong>ὁ</strong></span> <span class='ocrx_word' id='word_1_287' title='bbox 620 3141 919 3214; x_wconf 79' lang='grc' dir='ltr'><strong>Σύμμαχος</strong></span> <span class='ocrx_word' id='word_1_288' title='bbox 974 3144 1150 3210; x_wconf 79' lang='grc' dir='ltr'>οὕτως</span> <span class='ocrx_word' id='word_1_289' title='bbox 1204 3149 1476 3218; x_wconf 76' lang='grc' dir='ltr'><strong>ἐξέδωκε·</strong></span> <span class='ocrx_word' id='word_1_290' title='bbox 1525 3156 1766 3225; x_wconf 78' lang='grc' dir='ltr'>Ταράξω</span> <span class='ocrx_word' id='word_1_291' title='bbox 1799 3158 1916 3227; x_wconf 82' lang='grc' dir='ltr'>τὴν</span> 
     </span>
    </p>
   </div>
   <div class='ocr_carea' id='block_1_44' title="bbox 315 3229 1911 3311">
    <p class='ocr_par' dir='ltr' id='par_1_44' title="bbox 315 3229 1911 3311">
     <span class='ocr_line' id='line_1_44' title="bbox 315 3229 1911 3311; baseline 0.011 -27"><span class='ocrx_word' id='word_1_292' title='bbox 315 3229 438 3300; x_wconf 79' lang='grc' dir='ltr'><strong>τῆν</strong></span> <span class='ocrx_word' id='word_1_293' title='bbox 474 3232 574 3286; x_wconf 81' lang='grc' dir='ltr'><strong>διὰ</strong></span> <span class='ocrx_word' id='word_1_294' title='bbox 623 3233 767 3301; x_wconf 71' lang='grc' dir='ltr'>τοὺςέ</span> <span class='ocrx_word' id='word_1_295' title='bbox 791 3235 1186 3307; x_wconf 79' lang='grc' dir='ltr'>ἐνοικοῦντας</span> <span class='ocrx_word' id='word_1_296' title='bbox 1221 3239 1292 3293; x_wconf 80' lang='grc' dir='ltr'>ἐν</span> <span class='ocrx_word' id='word_1_297' title='bbox 1324 3241 1501 3311; x_wconf 81' lang='grc' dir='ltr'>αὐτῇ.</span> <span class='ocrx_word' id='word_1_298' title='bbox 1531 3245 1690 3300; x_wconf 81' lang='grc' dir='ltr'>Κατὰ</span> <span class='ocrx_word' id='word_1_299' title='bbox 1733 3246 1791 3300; x_wconf 82' lang='grc' dir='ltr'><strong>δὲ</strong></span> <span class='ocrx_word' id='word_1_300' title='bbox 1829 3247 1911 3311; x_wconf 74' lang='grc' dir='ltr'>τὸ,</span> 
     </span>
    </p>
   </div>
   <div class='ocr_carea' id='block_1_45' title="bbox 2012 2134 2472 2204">
    <p class='ocr_par' dir='ltr' id='par_1_45' title="bbox 2012 2134 2472 2204">
     <span class='ocr_line' id='line_1_45' title="bbox 2012 2134 2472 2204; baseline 0 -15"><span class='ocrx_word' id='word_1_301' title='bbox 2012 2134 2149 2189; x_wconf 86' lang='lat' dir='ltr'><strong>dicit</strong></span> <span class='ocrx_word' id='word_1_302' title='bbox 2178 2134 2472 2204; x_wconf 72' lang='lat' dir='ltr'><strong>iniustum.</strong></span> 
     </span>
    </p>
   </div>
   <div class='ocr_carea' id='block_1_46' title="bbox 2075 2223 3594 2297">
    <p class='ocr_par' dir='ltr' id='par_1_46' title="bbox 2075 2223 3594 2297">
     <span class='ocr_line' id='line_1_46' title="bbox 2075 2223 3594 2297; baseline -0.002 -16"><span class='ocrx_word' id='word_1_303' title='bbox 2075 2225 2244 2281; x_wconf 73' lang='lat' dir='ltr'><strong>Vens.</strong></span> <span class='ocrx_word' id='word_1_304' title='bbox 2278 2224 2335 2279; x_wconf 86' lang='lat'><strong>5.</strong></span> <span class='ocrx_word' id='word_1_305' title='bbox 2368 2223 2495 2280; x_wconf 84' lang='lat' dir='ltr'><strong>Non</strong></span> <span class='ocrx_word' id='word_1_306' title='bbox 2529 2234 2880 2297; x_wconf 82' lang='lat' dir='ltr'><strong>cognoverunt</strong></span> <span class='ocrx_word' id='word_1_307' title='bbox 2920 2242 3084 2296; x_wconf 83' lang='lat' dir='ltr'><strong>neque</strong></span> <span class='ocrx_word' id='word_1_308' title='bbox 3114 2226 3512 2289; x_wconf 71' lang='lat' dir='ltr'><strong>intellexerunt,</strong></span> <span class='ocrx_word' id='word_1_309' title='bbox 3540 2228 3594 2279; x_wconf 85' lang='lat' dir='ltr'><strong>in</strong></span> 
     </span>
    </p>
   </div>
   <div class='ocr_carea' id='block_1_47' title="bbox 2010 2317 3603 2387">
    <p class='ocr_par' dir='ltr' id='par_1_47' title="bbox 2010 2317 3603 2387">
     <span class='ocr_line' id='line_1_47' title="bbox 2010 2317 3603 2387; baseline -0.001 -16"><span class='ocrx_word' id='word_1_310' title='bbox 2010 2318 2236 2372; x_wconf 75' lang='lat' dir='ltr'><strong>tenebris</strong></span> <span class='ocrx_word' id='word_1_311' title='bbox 2267 2317 2566 2373; x_wconf 82' lang='lat' dir='ltr'><strong>ambulant.</strong></span> <span class='ocrx_word' id='word_1_312' title='bbox 2606 2318 2815 2387; x_wconf 87' lang='lat' dir='ltr'><strong>Sponte</strong></span> <span class='ocrx_word' id='word_1_313' title='bbox 2840 2334 2943 2374; x_wconf 87' lang='lat' dir='ltr'><strong>sua</strong></span> <span class='ocrx_word' id='word_1_314' title='bbox 2977 2319 3107 2375; x_wconf 68' lang='lat' dir='ltr'><strong>caeci</strong></span> <span class='ocrx_word' id='word_1_315' title='bbox 3139 2318 3321 2374; x_wconf 81' lang='lat' dir='ltr'><strong>eﬂ‘ecti</strong></span> <span class='ocrx_word' id='word_1_316' title='bbox 3362 2327 3514 2383; x_wconf 90' lang='lat' dir='ltr'><strong>sunt,</strong></span> <span class='ocrx_word' id='word_1_317' title='bbox 3547 2329 3603 2371; x_wconf 88' lang='lat' dir='ltr'><strong>et</strong></span> 
     </span>
    </p>
   </div>
   <div class='ocr_carea' id='block_1_48' title="bbox 2010 2408 3600 2480">
    <p class='ocr_par' dir='ltr' id='par_1_48' title="bbox 2010 2408 3600 2480">
     <span class='ocr_line' id='line_1_48' title="bbox 2010 2408 3600 2480; baseline -0.001 -17"><span class='ocrx_word' id='word_1_318' title='bbox 2010 2408 2233 2463; x_wconf 83' lang='lat' dir='ltr'><strong>divinos</strong></span> <span class='ocrx_word' id='word_1_319' title='bbox 2264 2423 2556 2465; x_wconf 86' lang='lat' dir='ltr'><strong>sermones</strong></span> <span class='ocrx_word' id='word_1_320' title='bbox 2591 2424 2703 2463; x_wconf 88' lang='lat' dir='ltr'><strong>non</strong></span> <span class='ocrx_word' id='word_1_321' title='bbox 2758 2419 3159 2480; x_wconf 81' lang='lat' dir='ltr'><strong>cognoverunt,</strong></span> <span class='ocrx_word' id='word_1_322' title='bbox 3203 2411 3307 2465; x_wconf 87' lang='lat' dir='ltr'><strong>hoc</strong></span> <span class='ocrx_word' id='word_1_323' title='bbox 3341 2417 3448 2472; x_wconf 90' lang='lat' dir='ltr'><strong>est,</strong></span> <span class='ocrx_word' id='word_1_324' title='bbox 3486 2424 3600 2463; x_wconf 64' lang='lat' dir='ltr'><strong>non</strong></span> 
     </span>
    </p>
   </div>
   <div class='ocr_carea' id='block_1_49' title="bbox 2010 2501 3597 2571">
    <p class='ocr_par' dir='ltr' id='par_1_49' title="bbox 2010 2501 3597 2571">
     <span class='ocr_line' id='line_1_49' title="bbox 2010 2501 3597 2571; baseline 0 -16"><span class='ocrx_word' id='word_1_325' title='bbox 2010 2501 2427 2557; x_wconf 81' lang='lat' dir='ltr'><strong>intellexerunt.</strong></span> <span class='ocrx_word' id='word_1_326' title='bbox 2460 2501 2542 2556; x_wconf 81' lang='lat' dir='ltr'><strong>Ad</strong></span> <span class='ocrx_word' id='word_1_327' title='bbox 2566 2502 2829 2571; x_wconf 77' lang='lat' dir='ltr'><strong>majorem</strong></span> <span class='ocrx_word' id='word_1_328' title='bbox 2868 2504 3011 2556; x_wconf 85' lang='lat' dir='ltr'><strong>enim</strong></span> <span class='ocrx_word' id='word_1_329' title='bbox 3046 2501 3475 2557; x_wconf 84' lang='lat' dir='ltr'><strong>declarationem</strong></span> <span class='ocrx_word' id='word_1_330' title='bbox 3499 2501 3597 2555; x_wconf 61' lang='lat' dir='ltr'><strong>hd-</strong></span> 
     </span>
    </p>
   </div>
   <div class='ocr_carea' id='block_1_50' title="bbox 2012 2592 3601 2664">
    <p class='ocr_par' dir='ltr' id='par_1_50' title="bbox 2012 2592 3601 2664">
     <span class='ocr_line' id='line_1_50' title="bbox 2012 2592 3601 2664; baseline -0.001 -18"><span class='ocrx_word' id='word_1_331' title='bbox 2012 2593 2189 2646; x_wconf 89' lang='lat' dir='ltr'><strong>ditum</strong></span> <span class='ocrx_word' id='word_1_332' title='bbox 2235 2600 2346 2656; x_wconf 87' lang='lat' dir='ltr'><strong>est,</strong></span> <span class='ocrx_word' id='word_1_333' title='bbox 2403 2592 2458 2647; x_wconf 91' lang='lat' dir='ltr'><strong>id</strong></span> <span class='ocrx_word' id='word_1_334' title='bbox 2502 2593 2731 2649; x_wconf 73' lang='lat' dir='ltr'><strong>verbum</strong></span> <span class='ocrx_word' id='word_1_335' title='bbox 2789 2609 2818 2646; x_wconf 91' lang='lat' dir='ltr'><strong>a</strong></span> <span class='ocrx_word' id='word_1_336' title='bbox 2881 2592 3152 2664; x_wconf 81' lang='lat' dir='ltr'><strong>Propheta</strong></span> <span class='ocrx_word' id='word_1_337' title='bbox 3195 2613 3209 2648; x_wconf 91' lang='lat'><strong>:</strong></span> <span class='ocrx_word' id='word_1_338' title='bbox 3253 2592 3319 2646; x_wconf 84' lang='lat' dir='ltr'><strong>In</strong></span> <span class='ocrx_word' id='word_1_339' title='bbox 3376 2592 3601 2646; x_wconf 85' lang='lat' dir='ltr'><strong>tenebris</strong></span> 
     </span>
    </p>
   </div>
   <div class='ocr_carea' id='block_1_51' title="bbox 2012 2680 3600 2751">
    <p class='ocr_par' dir='ltr' id='par_1_51' title="bbox 2012 2680 3600 2751">
     <span class='ocr_line' id='line_1_51' title="bbox 2012 2680 3600 2751; baseline -0.002 -16"><span class='ocrx_word' id='word_1_340' title='bbox 2012 2680 2335 2747; x_wconf 78' lang='lat' dir='ltr'><strong>ambulant;</strong></span> <span class='ocrx_word' id='word_1_341' title='bbox 2377 2681 2482 2736; x_wconf 90' lang='lat' dir='ltr'><strong>hoc</strong></span> <span class='ocrx_word' id='word_1_342' title='bbox 2513 2689 2597 2737; x_wconf 88' lang='lat' dir='ltr'><strong>est</strong></span> <span class='ocrx_word' id='word_1_343' title='bbox 2640 2681 2691 2735; x_wconf 91' lang='lat' dir='ltr'><strong>in</strong></span> <span class='ocrx_word' id='word_1_344' title='bbox 2733 2696 2924 2737; x_wconf 88' lang='lat' dir='ltr'><strong>errore</strong></span> <span class='ocrx_word' id='word_1_345' title='bbox 2947 2688 3332 2751; x_wconf 82' lang='lat' dir='ltr'><strong>perseverant.</strong></span> <span class='ocrx_word' id='word_1_346' title='bbox 3367 2681 3463 2737; x_wconf 77' lang='lat' dir='ltr'><strong>Vel</strong></span> <span class='ocrx_word' id='word_1_347' title='bbox 3493 2682 3600 2734; x_wconf 85' lang='lat' dir='ltr'><strong>ali-</strong></span> 
     </span>
    </p>
   </div>
   <div class='ocr_carea' id='block_1_52' title="bbox 2015 2772 3600 2843">
    <p class='ocr_par' dir='ltr' id='par_1_52' title="bbox 2015 2772 3600 2843">
     <span class='ocr_line' id='line_1_52' title="bbox 2015 2772 3600 2843; baseline -0.001 -17"><span class='ocrx_word' id='word_1_348' title='bbox 2015 2784 2100 2828; x_wconf 85' lang='lat' dir='ltr'><strong>ter</strong></span> <span class='ocrx_word' id='word_1_349' title='bbox 2132 2772 2300 2831; x_wconf 79' lang='lat' dir='ltr'><strong>:,Non</strong></span> <span class='ocrx_word' id='word_1_350' title='bbox 2360 2781 2745 2842; x_wconf 79' lang='lat' dir='ltr'><strong>cognoverunt</strong></span> <span class='ocrx_word' id='word_1_351' title='bbox 2797 2787 2976 2838; x_wconf 81' lang='lat' dir='ltr'><strong>neque</strong></span> <span class='ocrx_word' id='word_1_352' title='bbox 3024 2772 3431 2837; x_wconf 77' lang='lat' dir='ltr'><strong>intellexerunt,</strong></span> <span class='ocrx_word' id='word_1_353' title='bbox 3466 2773 3600 2843; x_wconf 85' lang='lat' dir='ltr'><strong>quid</strong></span> 
     </span>
    </p>
   </div>
   <div class='ocr_carea' id='block_1_53' title="bbox 2013 2865 3598 2935">
    <p class='ocr_par' dir='ltr' id='par_1_53' title="bbox 2013 2865 3598 2935">
     <span class='ocr_line' id='line_1_53' title="bbox 2013 2865 3598 2935; baseline 0 -16"><span class='ocrx_word' id='word_1_354' title='bbox 2013 2881 2139 2919; x_wconf 87' lang='lat' dir='ltr'><strong>nam</strong></span> <span class='ocrx_word' id='word_1_355' title='bbox 2193 2867 2396 2920; x_wconf 87' lang='lat' dir='ltr'><strong>bonum</strong></span> <span class='ocrx_word' id='word_1_356' title='bbox 2430 2874 2597 2935; x_wconf 86' lang='lat' dir='ltr'><strong>atque</strong></span> <span class='ocrx_word' id='word_1_357' title='bbox 2635 2866 2927 2920; x_wconf 85' lang='lat' dir='ltr'><strong>honestum</strong></span> <span class='ocrx_word' id='word_1_358' title='bbox 2958 2866 3053 2928; x_wconf 88' lang='lat' dir='ltr'><strong>sit,</strong></span> <span class='ocrx_word' id='word_1_359' title='bbox 3085 2874 3250 2935; x_wconf 86' lang='lat' dir='ltr'><strong>atque</strong></span> <span class='ocrx_word' id='word_1_360' title='bbox 3305 2865 3428 2919; x_wconf 90' lang='lat' dir='ltr'><strong>ideo</strong></span> <span class='ocrx_word' id='word_1_361' title='bbox 3465 2880 3598 2919; x_wconf 83' lang='lat' dir='ltr'><strong>am-</strong></span> 
     </span>
    </p>
   </div>
   <div class='ocr_carea' id='block_1_54' title="bbox 2013 2957 2918 3029">
    <p class='ocr_par' dir='ltr' id='par_1_54' title="bbox 2013 2957 2918 3029">
     <span class='ocr_line' id='line_1_54' title="bbox 2013 2957 2918 3029; baseline -0.002 -17"><span class='ocrx_word' id='word_1_362' title='bbox 2013 2959 2205 3012; x_wconf 81' lang='lat' dir='ltr'><strong>hulant</strong></span> <span class='ocrx_word' id='word_1_363' title='bbox 2234 2958 2289 3012; x_wconf 92' lang='lat' dir='ltr'><strong>in</strong></span> <span class='ocrx_word' id='word_1_364' title='bbox 2323 2957 2633 3029; x_wconf 80' lang='lat' dir='ltr'><strong>ignorantia</strong></span> <span class='ocrx_word' id='word_1_365' title='bbox 2669 2958 2918 3029; x_wconf 60' lang='lat' dir='ltr'><strong>iustitiae.</strong></span> 
     </span>
    </p>
   </div>
   <div class='ocr_carea' id='block_1_55' title="bbox 2085 3047 3601 3116">
    <p class='ocr_par' dir='ltr' id='par_1_55' title="bbox 2085 3047 3601 3116">
     <span class='ocr_line' id='line_1_55' title="bbox 2085 3047 3601 3116; baseline -0.001 -12"><span class='ocrx_word' id='word_1_366' title='bbox 2085 3047 2532 3104; x_wconf 79' lang='lat' dir='ltr'><strong>Commoveantur</strong></span> <span class='ocrx_word' id='word_1_367' title='bbox 2588 3050 2769 3104; x_wconf 87' lang='lat' dir='ltr'><strong>omnia</strong></span> <span class='ocrx_word' id='word_1_368' title='bbox 2820 3049 3176 3116; x_wconf 80' lang='lat' dir='ltr'><strong>fundamenta</strong></span> <span class='ocrx_word' id='word_1_369' title='bbox 3228 3056 3406 3104; x_wconf 67' lang='lat' dir='ltr'><strong>terra.</strong></span> <span class='ocrx_word' id='word_1_370' title='bbox 3470 3047 3601 3104; x_wconf 63' lang='lat' dir='ltr'><strong>Haec</strong></span> 
     </span>
    </p>
   </div>
   <div class='ocr_carea' id='block_1_56' title="bbox 2013 3138 3601 3211">
    <p class='ocr_par' dir='ltr' id='par_1_56' title="bbox 2013 3138 3601 3211">
     <span class='ocr_line' id='line_1_56' title="bbox 2013 3138 3601 3211; baseline 0 -19"><span class='ocrx_word' id='word_1_371' title='bbox 2013 3140 2182 3194; x_wconf 81' lang='lat' dir='ltr'><strong>verba</strong></span> <span class='ocrx_word' id='word_1_372' title='bbox 2220 3139 2595 3211; x_wconf 83' lang='lat' dir='ltr'><strong>Symmachus</strong></span> <span class='ocrx_word' id='word_1_373' title='bbox 2641 3139 2717 3195; x_wconf 89' lang='lat' dir='ltr'><strong>ita</strong></span> <span class='ocrx_word' id='word_1_374' title='bbox 2754 3138 3000 3195; x_wconf 89' lang='lat' dir='ltr'><strong>reddidit</strong></span> <span class='ocrx_word' id='word_1_375' title='bbox 3043 3156 3058 3193; x_wconf 88' lang='lat'><strong>:</strong></span> <span class='ocrx_word' id='word_1_376' title='bbox 3090 3139 3439 3196; x_wconf 78' lang='lat' dir='ltr'><strong>Conturbabo</strong></span> <span class='ocrx_word' id='word_1_377' title='bbox 3490 3148 3601 3193; x_wconf 80' lang='lat' dir='ltr'><strong>ter-</strong></span> 
     </span>
    </p>
   </div>
   <div class='ocr_carea' id='block_1_57' title="bbox 2016 3231 3602 3302">
    <p class='ocr_par' dir='ltr' id='par_1_57' title="bbox 2016 3231 3602 3302">
     <span class='ocr_line' id='line_1_57' title="bbox 2016 3231 3602 3302; baseline 0 -17"><span class='ocrx_word' id='word_1_378' title='bbox 2016 3248 2156 3295; x_wconf 87' lang='lat' dir='ltr'><strong>ram,</strong></span> <span class='ocrx_word' id='word_1_379' title='bbox 2207 3242 2421 3297; x_wconf 88' lang='lat' dir='ltr'><strong>propter</strong></span> <span class='ocrx_word' id='word_1_380' title='bbox 2449 3232 2746 3286; x_wconf 76' lang='lat' dir='ltr'><strong>habitantes</strong></span> <span class='ocrx_word' id='word_1_381' title='bbox 2772 3234 2828 3285; x_wconf 88' lang='lat' dir='ltr'><strong>in</strong></span> <span class='ocrx_word' id='word_1_382' title='bbox 2854 3249 2942 3286; x_wconf 79' lang='lat' dir='ltr'><strong>ea.</strong></span> <span class='ocrx_word' id='word_1_383' title='bbox 2970 3231 3039 3286; x_wconf 86' lang='lat' dir='ltr'><strong>Et</strong></span> <span class='ocrx_word' id='word_1_384' title='bbox 3069 3232 3237 3297; x_wconf 84' lang='lat' dir='ltr'><strong>juxta</strong></span> <span class='ocrx_word' id='word_1_385' title='bbox 3267 3232 3499 3302; x_wconf 90' lang='lat' dir='ltr'><strong>primam</strong></span> <span class='ocrx_word' id='word_1_386' title='bbox 3527 3231 3602 3285; x_wconf 88' lang='lat' dir='ltr'><strong>le-</strong></span> 
     </span>
    </p>
   </div>
   <div class='ocr_carea' id='block_1_58' title="bbox 317 3321 1913 3416">
    <p class='ocr_par' dir='ltr' id='par_1_58' title="bbox 317 3325 1906 3412">
     <span class='ocr_line' id='line_1_58' title="bbox 317 3325 1906 3412; baseline 0.009 -32"><span class='ocrx_word' id='word_1_387' title='bbox 317 3325 826 3395; x_wconf 75' lang='grc' dir='ltr'>Σαλευθήτωσαν,</span> <span class='ocrx_word' id='word_1_388' title='bbox 856 3329 1067 3384; x_wconf 80' lang='grc' dir='ltr'><strong>κελεύει</strong></span> <span class='ocrx_word' id='word_1_389' title='bbox 1095 3333 1124 3386; x_wconf 87' lang='grc' dir='ltr'><strong>ὁ</strong></span> <span class='ocrx_word' id='word_1_390' title='bbox 1157 3332 1292 3398; x_wconf 81' lang='grc' dir='ltr'>Θεὸς</span> <span class='ocrx_word' id='word_1_391' title='bbox 1310 3334 1640 3407; x_wconf 83' lang='grc' dir='ltr'>κλονηθῆναι</span> <span class='ocrx_word' id='word_1_392' title='bbox 1660 3338 1760 3412; x_wconf 81' lang='grc' dir='ltr'>τὴν</span> <span class='ocrx_word' id='word_1_393' title='bbox 1780 3340 1906 3410; x_wconf 82' lang='grc' dir='ltr'>γῆν,</span> 
     </span>
    </p>
   </div>
   <div class='ocr_carea' id='block_1_59' title="bbox 2013 3321 3601 3416">
    <p class='ocr_par' dir='ltr' id='par_1_59' title="bbox 2017 3321 3601 3393">
     <span class='ocr_line' id='line_1_59' title="bbox 2017 3321 3601 3393; baseline -0.002 -15"><span class='ocrx_word' id='word_1_394' title='bbox 2017 3323 2284 3389; x_wconf 88' lang='lat' dir='ltr'><strong>ctiouem,</strong></span> <span class='ocrx_word' id='word_1_395' title='bbox 2347 3324 2509 3393; x_wconf 87' lang='lat' dir='ltr'><strong>jubet</strong></span> <span class='ocrx_word' id='word_1_396' title='bbox 2563 3322 2710 3379; x_wconf 90' lang='lat' dir='ltr'><strong>Deus</strong></span> <span class='ocrx_word' id='word_1_397' title='bbox 2775 3331 2979 3378; x_wconf 87' lang='lat' dir='ltr'><strong>terram</strong></span> <span class='ocrx_word' id='word_1_398' title='bbox 3035 3325 3370 3380; x_wconf 83' lang='lat' dir='ltr'><strong>commoveri</strong></span> <span class='ocrx_word' id='word_1_399' title='bbox 3414 3329 3469 3378; x_wconf 90' lang='lat' dir='ltr'><strong>et</strong></span> <span class='ocrx_word' id='word_1_400' title='bbox 3500 3321 3601 3375; x_wconf 81' lang='lat' dir='ltr'><strong>llu-</strong></span> 
     </span>
    </p>
   </div>
   <div class='ocr_carea' id='block_1_60' title="bbox 316 3412 1913 3504">
    <p class='ocr_par' dir='ltr' id='par_1_60' title="bbox 316 3418 1905 3504">
     <span class='ocr_line' id='line_1_60' title="bbox 316 3418 1905 3504; baseline 0.013 -34"><span class='ocrx_word' id='word_1_401' title='bbox 316 3421 402 3481; x_wconf 78' lang='grc' dir='ltr'><strong>είς</strong></span> <span class='ocrx_word' id='word_1_402' title='bbox 455 3418 622 3487; x_wconf 84' lang='grc' dir='ltr'>φόϐον</span> <span class='ocrx_word' id='word_1_403' title='bbox 681 3420 793 3475; x_wconf 84' lang='grc' dir='ltr'><strong>τῶν</strong></span> <span class='ocrx_word' id='word_1_404' title='bbox 851 3423 1054 3478; x_wconf 84' lang='grc' dir='ltr'>ἀδίκων</span> <span class='ocrx_word' id='word_1_405' title='bbox 1095 3424 1378 3497; x_wconf 83' lang='grc' dir='ltr'><strong>ἀρχόντων</strong></span> <span class='ocrx_word' id='word_1_406' title='bbox 1428 3430 1524 3483; x_wconf 78' lang='grc' dir='ltr'>καὶ</span> <span class='ocrx_word' id='word_1_407' title='bbox 1564 3433 1905 3504; x_wconf 84' lang='grc' dir='ltr'>παρανόμων</span> 
     </span>
    </p>
   </div>
   <div class='ocr_carea' id='block_1_61' title="bbox 2013 3412 3600 3504">
    <p class='ocr_par' dir='ltr' id='par_1_61' title="bbox 2013 3412 3600 3487">
     <span class='ocr_line' id='line_1_61' title="bbox 2013 3412 3600 3487; baseline -0.001 -16"><span class='ocrx_word' id='word_1_408' title='bbox 2013 3428 2224 3483; x_wconf 84' lang='lat' dir='ltr'><strong>ctuare,</strong></span> <span class='ocrx_word' id='word_1_409' title='bbox 2244 3423 2304 3470; x_wconf 89' lang='lat' dir='ltr'><strong>ut</strong></span> <span class='ocrx_word' id='word_1_410' title='bbox 2325 3416 2544 3485; x_wconf 81' lang='lat' dir='ltr'><strong>injustis</strong></span> <span class='ocrx_word' id='word_1_411' title='bbox 2564 3414 3083 3487; x_wconf 83' lang='lat' dir='ltr'><strong>principibusatque</strong></span> <span class='ocrx_word' id='word_1_412' title='bbox 3100 3412 3307 3485; x_wconf 89' lang='lat' dir='ltr'><strong>iniquis</strong></span> <span class='ocrx_word' id='word_1_413' title='bbox 3322 3414 3600 3486; x_wconf 85' lang='lat' dir='ltr'><strong>judicibus</strong></span> 
     </span>
    </p>
   </div>
   <div class='ocr_carea' id='block_1_62' title="bbox 318 3510 1904 3598">
    <p class='ocr_par' dir='ltr' id='par_1_62' title="bbox 318 3510 1904 3598">
     <span class='ocr_line' id='line_1_62' title="bbox 318 3510 1904 3598; baseline 0.012 -35"><span class='ocrx_word' id='word_1_414' title='bbox 318 3510 552 3583; x_wconf 77' lang='grc' dir='ltr'><strong>κριτῶν.</strong></span> <span class='ocrx_word' id='word_1_415' title='bbox 588 3513 661 3566; x_wconf 83' lang='grc' dir='ltr'><em>’Π</em></span> <span class='ocrx_word' id='word_1_416' title='bbox 693 3515 1201 3581; x_wconf 77' lang='grc' dir='ltr'>Σαλευθήτωσαν,</span> <span class='ocrx_word' id='word_1_417' title='bbox 1237 3518 1312 3592; x_wconf 74' lang='grc' dir='ltr'><strong>μὴ</strong></span> <span class='ocrx_word' id='word_1_418' title='bbox 1331 3520 1568 3591; x_wconf 81' lang='grc' dir='ltr'>φέροντα</span> <span class='ocrx_word' id='word_1_419' title='bbox 1600 3525 1700 3596; x_wconf 86' lang='grc' dir='ltr'>τὴν</span> <span class='ocrx_word' id='word_1_420' title='bbox 1721 3542 1904 3598; x_wconf 87' lang='grc' dir='ltr'>παρα-</span> 
     </span>
    </p>
   </div>
   <div class='ocr_carea' id='block_1_63' title="bbox 316 3604 1906 3689">
    <p class='ocr_par' dir='ltr' id='par_1_63' title="bbox 316 3604 1906 3689">
     <span class='ocr_line' id='line_1_63' title="bbox 316 3604 1906 3689; baseline 0.012 -33"><span class='ocrx_word' id='word_1_421' title='bbox 316 3604 522 3673; x_wconf 85' lang='grc' dir='ltr'>νομίαν</span> <span class='ocrx_word' id='word_1_422' title='bbox 567 3605 772 3659; x_wconf 80' lang='grc' dir='ltr'>αὐτῶν.</span> <span class='ocrx_word' id='word_1_423' title='bbox 818 3607 1063 3677; x_wconf 81' lang='grc' dir='ltr'>Θεμέλια</span> <span class='ocrx_word' id='word_1_424' title='bbox 1110 3609 1168 3664; x_wconf 82' lang='grc' dir='ltr'><strong>δὲ</strong></span> <span class='ocrx_word' id='word_1_425' title='bbox 1204 3610 1300 3682; x_wconf 86' lang='grc' dir='ltr'>τῆς</span> <span class='ocrx_word' id='word_1_426' title='bbox 1337 3613 1441 3684; x_wconf 83' lang='grc' dir='ltr'><strong>γῆς</strong></span> <span class='ocrx_word' id='word_1_427' title='bbox 1491 3614 1584 3667; x_wconf 83' lang='grc' dir='ltr'>τὸν</span> <span class='ocrx_word' id='word_1_428' title='bbox 1649 3619 1906 3689; x_wconf 85' lang='grc' dir='ltr'>πυθμένα</span> 
     </span>
    </p>
   </div>
   <div class='ocr_carea' id='block_1_64' title="bbox 315 3695 1909 3783">
    <p class='ocr_par' dir='ltr' id='par_1_64' title="bbox 315 3695 1909 3783">
     <span class='ocr_line' id='line_1_64' title="bbox 315 3695 1909 3783; baseline 0.015 -39"><span class='ocrx_word' id='word_1_429' title='bbox 315 3695 530 3768; x_wconf 76' lang='grc' dir='ltr'>ταύτης</span> <span class='ocrx_word' id='word_1_430' title='bbox 552 3698 729 3752; x_wconf 76' lang='grc' dir='ltr'>καλεῖ.</span> <span class='ocrx_word' id='word_1_431' title='bbox 773 3699 1174 3773; x_wconf 81' lang='grc' dir='ltr'>Ἐκπληκτικδς</span> <span class='ocrx_word' id='word_1_432' title='bbox 1201 3704 1258 3757; x_wconf 73' lang='grc' dir='ltr'><strong>δὲ</strong></span> <span class='ocrx_word' id='word_1_433' title='bbox 1284 3705 1381 3760; x_wconf 78' lang='grc' dir='ltr'>καὶ</span> <span class='ocrx_word' id='word_1_434' title='bbox 1428 3708 1662 3780; x_wconf 72' lang='grc' dir='ltr'>φοϐερὸς</span> <span class='ocrx_word' id='word_1_435' title='bbox 1695 3713 1724 3764; x_wconf 86' lang='grc' dir='ltr'><strong><em>ὁ</em></strong></span> <span class='ocrx_word' id='word_1_436' title='bbox 1747 3712 1909 3783; x_wconf 82' lang='grc' dir='ltr'>λόγος</span> 
     </span>
    </p>
   </div>
   <div class='ocr_carea' id='block_1_65' title="bbox 317 3783 1913 3877">
    <p class='ocr_par' dir='ltr' id='par_1_65' title="bbox 317 3783 1913 3877">
     <span class='ocr_line' id='line_1_65' title="bbox 317 3783 1913 3877; baseline 0.013 -35"><span class='ocrx_word' id='word_1_437' title='bbox 317 3783 483 3853; x_wconf 77' lang='grc' dir='ltr'>οὗτος</span> <span class='ocrx_word' id='word_1_438' title='bbox 526 3791 620 3844; x_wconf 78' lang='grc' dir='ltr'>καὶ</span> <span class='ocrx_word' id='word_1_439' title='bbox 650 3792 987 3861; x_wconf 75' lang='grc' dir='ltr'>ἐμφαντικὸς</span> <span class='ocrx_word' id='word_1_440' title='bbox 1017 3797 1118 3866; x_wconf 77' lang='grc' dir='ltr'>τῆς</span> <span class='ocrx_word' id='word_1_441' title='bbox 1165 3796 1319 3861; x_wconf 86' lang='grc' dir='ltr'>θείας</span> <span class='ocrx_word' id='word_1_442' title='bbox 1349 3801 1494 3854; x_wconf 82' lang='grc' dir='ltr'>κατὰ</span> <span class='ocrx_word' id='word_1_443' title='bbox 1525 3802 1638 3858; x_wconf 87' lang='grc' dir='ltr'>τῶν</span> <span class='ocrx_word' id='word_1_444' title='bbox 1670 3806 1913 3877; x_wconf 79' lang='grc' dir='ltr'>παρανό-</span> 
     </span>
    </p>
   </div>
   <div class='ocr_carea' id='block_1_66' title="bbox 321 3882 1627 3963">
    <p class='ocr_par' dir='ltr' id='par_1_66' title="bbox 321 3882 1627 3963">
     <span class='ocr_line' id='line_1_66' title="bbox 321 3882 1627 3963; baseline 0.011 -30"><span class='ocrx_word' id='word_1_445' title='bbox 321 3898 445 3951; x_wconf 80' lang='grc' dir='ltr'><strong>μων</strong></span> <span class='ocrx_word' id='word_1_446' title='bbox 471 3882 755 3953; x_wconf 78' lang='grc' dir='ltr'>ἀρχόντων</span> <span class='ocrx_word' id='word_1_447' title='bbox 796 3884 891 3938; x_wconf 76' lang='grc' dir='ltr'>καὶ</span> <span class='ocrx_word' id='word_1_448' title='bbox 931 3886 1139 3956; x_wconf 82' lang='grc' dir='ltr'>κριτῶν</span> <span class='ocrx_word' id='word_1_449' title='bbox 1166 3887 1627 3963; x_wconf 63' lang='grc' dir='ltr'>ἀγανακτήσεως.</span> 
     </span>
    </p>
   </div>
   <div class='ocr_carea' id='block_1_67' title="bbox 394 4147 1914 4234">
    <p class='ocr_par' dir='ltr' id='par_1_67' title="bbox 394 4147 1914 4234">
     <span class='ocr_line' id='line_1_67' title="bbox 394 4147 1914 4234; baseline 0.015 -31"><span class='ocrx_word' id='word_1_450' title='bbox 394 4150 545 4220; x_wconf 73' lang='grc' dir='ltr'><strong>Ἐγώ</strong></span> <span class='ocrx_word' id='word_1_451' title='bbox 580 4147 721 4207; x_wconf 79' lang='grc' dir='ltr'>εἶπα</span> <span class='ocrx_word' id='word_1_452' title='bbox 749 4171 764 4186; x_wconf 75' lang='grc' dir='ltr'>ο</span> <span class='ocrx_word' id='word_1_453' title='bbox 799 4155 936 4209; x_wconf 82' lang='grc' dir='ltr'>Θεοί</span> <span class='ocrx_word' id='word_1_454' title='bbox 959 4156 1121 4218; x_wconf 77' lang='grc' dir='ltr'>ἐστε.</span> <span class='ocrx_word' id='word_1_455' title='bbox 1161 4159 1259 4213; x_wconf 78' lang='grc' dir='ltr'><strong>καί</strong></span> <span class='ocrx_word' id='word_1_456' title='bbox 1289 4161 1409 4216; x_wconf 78' lang='grc' dir='ltr'>υἱοὶ</span> <span class='ocrx_word' id='word_1_457' title='bbox 1445 4163 1742 4234; x_wconf 79' lang='grc' dir='ltr'>Ὑψίστου</span> <span class='ocrx_word' id='word_1_458' title='bbox 1762 4170 1914 4226; x_wconf 80' lang='grc' dir='ltr'>πάν-</span> 
     </span>
    </p>
   </div>
   <div class='ocr_carea' id='block_1_68' title="bbox 318 4239 1910 4327">
    <p class='ocr_par' dir='ltr' id='par_1_68' title="bbox 318 4239 1910 4327">
     <span class='ocr_line' id='line_1_68' title="bbox 318 4239 1910 4327; baseline 0.014 -36"><span class='ocrx_word' id='word_1_459' title='bbox 318 4256 444 4305; x_wconf 76' lang='grc' dir='ltr'>τες.</span> <span class='ocrx_word' id='word_1_460' title='bbox 498 4241 609 4294; x_wconf 76' lang='grc' dir='ltr'><strong>Καὶ</strong></span> <span class='ocrx_word' id='word_1_461' title='bbox 659 4242 764 4295; x_wconf 79' lang='grc' dir='ltr'>ποῦ</span> <span class='ocrx_word' id='word_1_462' title='bbox 822 4239 1004 4312; x_wconf 77' lang='grc' dir='ltr'>εἶπεν,</span> <span class='ocrx_word' id='word_1_463' title='bbox 1045 4245 1175 4301; x_wconf 86' lang='grc' dir='ltr'>Θεοί</span> <span class='ocrx_word' id='word_1_464' title='bbox 1212 4250 1338 4303; x_wconf 71' lang='grc' dir='ltr'>ἐστε</span> <span class='ocrx_word' id='word_1_465' title='bbox 1388 4253 1484 4306; x_wconf 76' lang='grc' dir='ltr'>καὶ</span> <span class='ocrx_word' id='word_1_466' title='bbox 1531 4251 1600 4309; x_wconf 85' lang='grc' dir='ltr'><strong>τὰ</strong></span> <span class='ocrx_word' id='word_1_467' title='bbox 1631 4257 1859 4314; x_wconf 81' lang='grc' dir='ltr'>τοιαῦτα</span> <span class='ocrx_word' id='word_1_468' title='bbox 1894 4302 1910 4327; x_wconf 96' lang='grc'><strong>,</strong></span> 
     </span>
    </p>
   </div>
   <div class='ocr_carea' id='block_1_69' title="bbox 320 4334 1915 4419">
    <p class='ocr_par' dir='ltr' id='par_1_69' title="bbox 320 4334 1915 4419">
     <span class='ocr_line' id='line_1_69' title="bbox 320 4334 1915 4419; baseline 0.013 -34"><span class='ocrx_word' id='word_1_469' title='bbox 320 4334 490 4398; x_wconf 82' lang='grc' dir='ltr'>Τινὲς</span> <span class='ocrx_word' id='word_1_470' title='bbox 519 4336 621 4406; x_wconf 86' lang='grc' dir='ltr'><strong>μέν</strong></span> <span class='ocrx_word' id='word_1_471' title='bbox 646 4354 816 4407; x_wconf 81' lang='grc' dir='ltr'>φασιν</span> <span class='ocrx_word' id='word_1_472' title='bbox 851 4341 911 4392; x_wconf 79' lang='grc' dir='ltr'>ὲν</span> <span class='ocrx_word' id='word_1_473' title='bbox 950 4340 1030 4410; x_wconf 84' lang='grc' dir='ltr'>τῷ</span> <span class='ocrx_word' id='word_1_474' title='bbox 1063 4344 1261 4410; x_wconf 76' lang='grc' dir='ltr'>εἰπεῖν,</span> <span class='ocrx_word' id='word_1_475' title='bbox 1301 4347 1656 4419; x_wconf 83' lang='grc' dir='ltr'>Ποιήσωμεν</span> <span class='ocrx_word' id='word_1_476' title='bbox 1693 4348 1915 4417; x_wconf 79' lang='grc' dir='ltr'>ἅνθρω·</span> 
     </span>
    </p>
   </div>
   <div class='ocr_carea' id='block_1_70' title="bbox 319 4429 1915 4511">
    <p class='ocr_par' dir='ltr' id='par_1_70' title="bbox 319 4429 1915 4511">
     <span class='ocr_line' id='line_1_70' title="bbox 319 4429 1915 4511; baseline 0.013 -33"><span class='ocrx_word' id='word_1_477' title='bbox 319 4443 449 4479; x_wconf 75' lang='grc' dir='ltr'><strong>πον</strong></span> <span class='ocrx_word' id='word_1_478' title='bbox 466 4429 816 4495; x_wconf 77' lang='grc' dir='ltr'>κατ’,εικόνα</span> <span class='ocrx_word' id='word_1_479' title='bbox 832 4434 1146 4505; x_wconf 77' lang='grc' dir='ltr'>ἡμετέραν,</span> <span class='ocrx_word' id='word_1_480' title='bbox 1173 4437 1275 4493; x_wconf 79' lang='grc' dir='ltr'><strong>καί</strong></span> <span class='ocrx_word' id='word_1_481' title='bbox 1324 4440 1454 4496; x_wconf 82' lang='grc' dir='ltr'>καθ’</span> <span class='ocrx_word' id='word_1_482' title='bbox 1475 4443 1784 4511; x_wconf 72' lang='grc' dir='ltr'>ὁμοίωσινσ</span> <span class='ocrx_word' id='word_1_483' title='bbox 1803 4443 1915 4508; x_wconf 70' lang='grc' dir='ltr'><strong>ἐγώ</strong></span> 
     </span>
    </p>
   </div>
   <div class='ocr_carea' id='block_1_71' title="bbox 319 4520 1915 4604">
    <p class='ocr_par' dir='ltr' id='par_1_71' title="bbox 319 4520 1915 4604">
     <span class='ocr_line' id='line_1_71' title="bbox 319 4520 1915 4604; baseline 0.009 -31"><span class='ocrx_word' id='word_1_484' title='bbox 319 4520 387 4573; x_wconf 67' lang='grc' dir='ltr'><strong>δὲ</strong></span> <span class='ocrx_word' id='word_1_485' title='bbox 423 4521 798 4593; x_wconf 79' lang='grc' dir='ltr'>προσεξεῦρον</span> <span class='ocrx_word' id='word_1_486' title='bbox 824 4564 839 4588; x_wconf 93' lang='grc'><strong>,</strong></span> <span class='ocrx_word' id='word_1_487' title='bbox 870 4525 955 4580; x_wconf 82' lang='grc' dir='ltr'>ὅτι</span> <span class='ocrx_word' id='word_1_488' title='bbox 987 4523 1146 4590; x_wconf 84' lang='grc' dir='ltr'>θεοὺς</span> <span class='ocrx_word' id='word_1_489' title='bbox 1187 4527 1445 4598; x_wconf 77' lang='grc' dir='ltr'>μὲνείπε</span> <span class='ocrx_word' id='word_1_490' title='bbox 1481 4534 1611 4596; x_wconf 82' lang='grc' dir='ltr'>τοὺς</span> <span class='ocrx_word' id='word_1_491' title='bbox 1643 4533 1915 4604; x_wconf 80' lang='grc' dir='ltr'>ἄρχοντας</span> 
     </span>
    </p>
   </div>
   <div class='ocr_carea' id='block_1_72' title="bbox 322 4611 1916 4698">
    <p class='ocr_par' dir='ltr' id='par_1_72' title="bbox 322 4611 1916 4698">
     <span class='ocr_line' id='line_1_72' title="bbox 322 4611 1916 4698; baseline 0.011 -35"><span class='ocrx_word' id='word_1_492' title='bbox 322 4611 432 4664; x_wconf 73' lang='grc' dir='ltr'>καὶ</span> <span class='ocrx_word' id='word_1_493' title='bbox 459 4611 725 4678; x_wconf 77' lang='grc' dir='ltr'>δικαστὰς</span> <span class='ocrx_word' id='word_1_494' title='bbox 758 4616 819 4667; x_wconf 68' lang='grc' dir='ltr'>ἰν</span> <span class='ocrx_word' id='word_1_495' title='bbox 852 4619 918 4686; x_wconf 81' lang='grc' dir='ltr'><strong>τῇ</strong></span> <span class='ocrx_word' id='word_1_496' title='bbox 959 4617 1130 4688; x_wconf 84' lang='grc' dir='ltr'>βίϐλῳ</span> <span class='ocrx_word' id='word_1_497' title='bbox 1158 4620 1258 4690; x_wconf 82' lang='grc' dir='ltr'>τῆς</span> <span class='ocrx_word' id='word_1_498' title='bbox 1294 4620 1533 4689; x_wconf 78' lang='grc' dir='ltr'>Ἐξόδου,</span> <span class='ocrx_word' id='word_1_499' title='bbox 1569 4624 1748 4693; x_wconf 80' lang='grc' dir='ltr'>λέγων</span> <span class='ocrx_word' id='word_1_500' title='bbox 1778 4627 1916 4698; x_wconf 81' lang='grc' dir='ltr'>πρὸς</span> 
     </span>
    </p>
   </div>
   <div class='ocr_carea' id='block_1_73' title="bbox 2011 3505 3601 3577">
    <p class='ocr_par' dir='ltr' id='par_1_73' title="bbox 2011 3505 3601 3577">
     <span class='ocr_line' id='line_1_73' title="bbox 2011 3505 3601 3577; baseline -0.002 -15"><span class='ocrx_word' id='word_1_501' title='bbox 2011 3515 2277 3564; x_wconf 85' lang='lat' dir='ltr'><strong>terrorem</strong></span> <span class='ocrx_word' id='word_1_502' title='bbox 2310 3506 2566 3562; x_wconf 84' lang='lat' dir='ltr'><strong>incutiat.</strong></span> <span class='ocrx_word' id='word_1_503' title='bbox 2618 3505 2740 3569; x_wconf 72' lang='lat' dir='ltr'><strong>Vel,</strong></span> <span class='ocrx_word' id='word_1_504' title='bbox 2766 3505 3216 3563; x_wconf 85' lang='lat' dir='ltr'><strong>Commoveantur</strong></span> <span class='ocrx_word' id='word_1_505' title='bbox 3251 3507 3601 3577; x_wconf 78' lang='lat' dir='ltr'><strong>fundamenta</strong></span> 
     </span>
    </p>
   </div>
   <div class='ocr_carea' id='block_1_74' title="bbox 2015 3598 3603 3670">
    <p class='ocr_par' dir='ltr' id='par_1_74' title="bbox 2015 3598 3603 3670">
     <span class='ocr_line' id='line_1_74' title="bbox 2015 3598 3603 3670; baseline -0.003 -16"><span class='ocrx_word' id='word_1_506' title='bbox 2015 3610 2193 3662; x_wconf 62' lang='lat' dir='ltr'><strong>terra.</strong></span> <span class='ocrx_word' id='word_1_507' title='bbox 2218 3608 2275 3656; x_wconf 87' lang='lat' dir='ltr'><strong>et</strong></span> <span class='ocrx_word' id='word_1_508' title='bbox 2321 3599 2541 3654; x_wconf 88' lang='lat' dir='ltr'><strong>illorum</strong></span> <span class='ocrx_word' id='word_1_509' title='bbox 2586 3598 2912 3670; x_wconf 83' lang='lat' dir='ltr'><strong>iniquitates</strong></span> <span class='ocrx_word' id='word_1_510' title='bbox 2951 3616 3064 3655; x_wconf 92' lang='lat' dir='ltr'><strong>non</strong></span> <span class='ocrx_word' id='word_1_511' title='bbox 3119 3600 3449 3655; x_wconf 83' lang='lat' dir='ltr'><strong>sustineant.</strong></span> <span class='ocrx_word' id='word_1_512' title='bbox 3497 3598 3603 3652; x_wconf 84' lang='lat' dir='ltr'><strong>Per</strong></span> 
     </span>
    </p>
   </div>
   <div class='ocr_carea' id='block_1_75' title="bbox 2015 3690 3605 3763">
    <p class='ocr_par' dir='ltr' id='par_1_75' title="bbox 2015 3690 3605 3763">
     <span class='ocr_line' id='line_1_75' title="bbox 2015 3690 3605 3763; baseline -0.008 -12"><span class='ocrx_word' id='word_1_513' title='bbox 2015 3695 2376 3751; x_wconf 76' lang='lat' dir='ltr'><strong>fundamenta</strong></span> <span class='ocrx_word' id='word_1_514' title='bbox 2405 3708 2538 3748; x_wconf 83' lang='lat' dir='ltr'><strong>vero</strong></span> <span class='ocrx_word' id='word_1_515' title='bbox 2574 3700 2759 3757; x_wconf 69' lang='lat' dir='ltr'><strong>terrm,</strong></span> <span class='ocrx_word' id='word_1_516' title='bbox 2790 3692 2939 3749; x_wconf 85' lang='lat' dir='ltr'><strong>illius</strong></span> <span class='ocrx_word' id='word_1_517' title='bbox 2971 3691 3406 3763; x_wconf 76' lang='lat' dir='ltr'><strong>profunditatem</strong></span> <span class='ocrx_word' id='word_1_518' title='bbox 3440 3690 3605 3745; x_wconf 75' lang='lat' dir='ltr'><strong>intul-</strong></span> 
     </span>
    </p>
   </div>
   <div class='ocr_carea' id='block_1_76' title="bbox 2014 3784 3596 3859">
    <p class='ocr_par' dir='ltr' id='par_1_76' title="bbox 2014 3784 3596 3859">
     <span class='ocr_line' id='line_1_76' title="bbox 2014 3784 3596 3859; baseline -0.005 -17"><span class='ocrx_word' id='word_1_519' title='bbox 2014 3787 2156 3859; x_wconf 81' lang='lat' dir='ltr'><strong>ligit.</strong></span> <span class='ocrx_word' id='word_1_520' title='bbox 2191 3786 2335 3843; x_wconf 90' lang='lat' dir='ltr'><strong>Sunt</strong></span> <span class='ocrx_word' id='word_1_521' title='bbox 2360 3794 2545 3841; x_wconf 88' lang='lat' dir='ltr'><strong>autem</strong></span> <span class='ocrx_word' id='word_1_522' title='bbox 2580 3786 2698 3841; x_wconf 68' lang='lat' dir='ltr'><strong>haec</strong></span> <span class='ocrx_word' id='word_1_523' title='bbox 2723 3785 2890 3842; x_wconf 75' lang='lat' dir='ltr'><strong>verba</strong></span> <span class='ocrx_word' id='word_1_524' title='bbox 2920 3800 3138 3841; x_wconf 89' lang='lat' dir='ltr'><strong>summo</strong></span> <span class='ocrx_word' id='word_1_525' title='bbox 3167 3784 3327 3854; x_wconf 84' lang='lat' dir='ltr'><strong>plena</strong></span> <span class='ocrx_word' id='word_1_526' title='bbox 3363 3790 3596 3837; x_wconf 86' lang='lat' dir='ltr'><strong>terrore.</strong></span> 
     </span>
    </p>
   </div>
   <div class='ocr_carea' id='block_1_77' title="bbox 2018 3876 3601 3951">
    <p class='ocr_par' dir='ltr' id='par_1_77' title="bbox 2018 3876 3601 3951">
     <span class='ocr_line' id='line_1_77' title="bbox 2018 3876 3601 3951; baseline -0.004 -18"><span class='ocrx_word' id='word_1_527' title='bbox 2018 3880 2267 3935; x_wconf 82' lang='lat' dir='ltr'><strong>Divinam</strong></span> <span class='ocrx_word' id='word_1_528' title='bbox 2334 3880 2482 3935; x_wconf 90' lang='lat' dir='ltr'><strong>enim</strong></span> <span class='ocrx_word' id='word_1_529' title='bbox 2542 3878 2980 3951; x_wconf 74' lang='lat' dir='ltr'><strong>indignationem</strong></span> <span class='ocrx_word' id='word_1_530' title='bbox 3039 3878 3312 3932; x_wconf 81' lang='lat' dir='ltr'><strong>adversus</strong></span> <span class='ocrx_word' id='word_1_531' title='bbox 3383 3876 3601 3944; x_wconf 81' lang='lat' dir='ltr'><strong>iniquos</strong></span> 
     </span>
    </p>
   </div>
   <div class='ocr_carea' id='block_1_78' title="bbox 2014 3968 3599 4042">
    <p class='ocr_par' dir='ltr' id='par_1_78' title="bbox 2014 3968 3599 4042">
     <span class='ocr_line' id='line_1_78' title="bbox 2014 3968 3599 4042; baseline -0.003 -17"><span class='ocrx_word' id='word_1_532' title='bbox 2014 3971 2234 4042; x_wconf 87' lang='lat' dir='ltr'><strong>jmliees</strong></span> <span class='ocrx_word' id='word_1_533' title='bbox 2299 3986 2366 4027; x_wconf 87' lang='lat' dir='ltr'><strong>ac</strong></span> <span class='ocrx_word' id='word_1_534' title='bbox 2438 3971 2765 4042; x_wconf 84' lang='lat' dir='ltr'><strong>principes,</strong></span> <span class='ocrx_word' id='word_1_535' title='bbox 2833 3970 3129 4025; x_wconf 69' lang='lat' dir='ltr'><strong>maximam</strong></span> <span class='ocrx_word' id='word_1_536' title='bbox 3191 3984 3316 4023; x_wconf 85' lang='lat' dir='ltr'><strong>esse</strong></span> <span class='ocrx_word' id='word_1_537' title='bbox 3367 3968 3599 4022; x_wconf 85' lang='lat' dir='ltr'><strong>demon-</strong></span> 
     </span>
    </p>
   </div>
   <div class='ocr_carea' id='block_1_79' title="bbox 2018 4071 2224 4120">
    <p class='ocr_par' dir='ltr' id='par_1_79' title="bbox 2018 4071 2224 4120">
     <span class='ocr_line' id='line_1_79' title="bbox 2018 4071 2224 4120; baseline 0 0"><span class='ocrx_word' id='word_1_538' title='bbox 2018 4071 2224 4120; x_wconf 82' lang='lat' dir='ltr'><strong>strant.</strong></span> 
     </span>
    </p>
   </div>
   <div class='ocr_carea' id='block_1_80' title="bbox 2088 4151 3606 4225">
    <p class='ocr_par' dir='ltr' id='par_1_80' title="bbox 2088 4151 3606 4225">
     <span class='ocr_line' id='line_1_80' title="bbox 2088 4151 3606 4225; baseline -0.004 -16"><span class='ocrx_word' id='word_1_539' title='bbox 2088 4154 2255 4209; x_wconf 71' lang='lat' dir='ltr'><strong>Vsus.</strong></span> <span class='ocrx_word' id='word_1_540' title='bbox 2284 4153 2338 4210; x_wconf 87' lang='lat'><strong>6.</strong></span> <span class='ocrx_word' id='word_1_541' title='bbox 2364 4152 2483 4225; x_wconf 82' lang='lat' dir='ltr'><strong>Ego</strong></span> <span class='ocrx_word' id='word_1_542' title='bbox 2504 4153 2618 4207; x_wconf 70' lang='lat' dir='ltr'><strong>dimi</strong></span> <span class='ocrx_word' id='word_1_543' title='bbox 2639 4169 2658 4209; x_wconf 89' lang='lat'><em>:</em></span> <span class='ocrx_word' id='word_1_544' title='bbox 2696 4153 2781 4207; x_wconf 88' lang='lat' dir='ltr'><strong>Dii</strong></span> <span class='ocrx_word' id='word_1_545' title='bbox 2808 4156 2956 4216; x_wconf 81' lang='lat' dir='ltr'><strong>estis,</strong></span> <span class='ocrx_word' id='word_1_546' title='bbox 2979 4161 3029 4207; x_wconf 86' lang='lat' dir='ltr'><strong>et</strong></span> <span class='ocrx_word' id='word_1_547' title='bbox 3057 4151 3160 4220; x_wconf 78' lang='lat' dir='ltr'><strong>ﬁlii</strong></span> <span class='ocrx_word' id='word_1_548' title='bbox 3187 4151 3457 4208; x_wconf 79' lang='lat' dir='ltr'><strong>Altissimi</strong></span> <span class='ocrx_word' id='word_1_549' title='bbox 3490 4166 3606 4204; x_wconf 87' lang='lat' dir='ltr'><strong>om-</strong></span> 
     </span>
    </p>
   </div>
   <div class='ocr_carea' id='block_1_81' title="bbox 2020 4241 3604 4312">
    <p class='ocr_par' dir='ltr' id='par_1_81' title="bbox 2020 4241 3604 4312">
     <span class='ocr_line' id='line_1_81' title="bbox 2020 4241 3604 4312; baseline -0.004 -11"><span class='ocrx_word' id='word_1_550' title='bbox 2020 4264 2130 4302; x_wconf 85' lang='lat' dir='ltr'><strong>nes.</strong></span> <span class='ocrx_word' id='word_1_551' title='bbox 2166 4246 2366 4302; x_wconf 84' lang='lat' dir='ltr'><strong>Verum</strong></span> <span class='ocrx_word' id='word_1_552' title='bbox 2425 4245 2652 4300; x_wconf 87' lang='lat' dir='ltr'><strong>ubinam</strong></span> <span class='ocrx_word' id='word_1_553' title='bbox 2681 4244 2737 4298; x_wconf 91' lang='lat' dir='ltr'><strong>in</strong></span> <span class='ocrx_word' id='word_1_554' title='bbox 2764 4245 2933 4299; x_wconf 74' lang='lat' dir='ltr'><strong>veteri</strong></span> <span class='ocrx_word' id='word_1_555' title='bbox 2959 4244 3239 4312; x_wconf 85' lang='lat' dir='ltr'><strong>Scriptura</strong></span> <span class='ocrx_word' id='word_1_556' title='bbox 3266 4243 3369 4296; x_wconf 87' lang='lat' dir='ltr'><strong>hoc</strong></span> <span class='ocrx_word' id='word_1_557' title='bbox 3394 4241 3604 4296; x_wconf 89' lang='lat' dir='ltr'><strong>dictum</strong></span> 
     </span>
    </p>
   </div>
   <div class='ocr_carea' id='block_1_82' title="bbox 2020 4334 3605 4409">
    <p class='ocr_par' dir='ltr' id='par_1_82' title="bbox 2020 4334 3605 4409">
     <span class='ocr_line' id='line_1_82' title="bbox 2020 4334 3605 4409; baseline -0.006 -15"><span class='ocrx_word' id='word_1_558' title='bbox 2020 4354 2145 4395; x_wconf 86' lang='lat' dir='ltr'><strong>esse</strong></span> <span class='ocrx_word' id='word_1_559' title='bbox 2201 4338 2480 4409; x_wconf 81' lang='lat' dir='ltr'><strong>legimus?</strong></span> <span class='ocrx_word' id='word_1_560' title='bbox 2528 4336 2765 4403; x_wconf 85' lang='lat' dir='ltr'><strong>Quidam</strong></span> <span class='ocrx_word' id='word_1_561' title='bbox 2824 4335 3019 4390; x_wconf 85' lang='lat' dir='ltr'><strong>dicunt</strong></span> <span class='ocrx_word' id='word_1_562' title='bbox 3079 4334 3407 4388; x_wconf 88' lang='lat' dir='ltr'><strong>sententiam</strong></span> <span class='ocrx_word' id='word_1_563' title='bbox 3463 4334 3605 4387; x_wconf 85' lang='lat' dir='ltr'><strong>hanc</strong></span> 
     </span>
    </p>
   </div>
   <div class='ocr_carea' id='block_1_83' title="bbox 2022 4424 3604 4497">
    <p class='ocr_par' dir='ltr' id='par_1_83' title="bbox 2022 4424 3604 4497">
     <span class='ocr_line' id='line_1_83' title="bbox 2022 4424 3604 4497; baseline -0.004 -11"><span class='ocrx_word' id='word_1_564' title='bbox 2022 4431 2295 4487; x_wconf 83' lang='lat' dir='ltr'><strong>contineri</strong></span> <span class='ocrx_word' id='word_1_565' title='bbox 2329 4430 2384 4485; x_wconf 90' lang='lat' dir='ltr'><strong>in</strong></span> <span class='ocrx_word' id='word_1_566' title='bbox 2413 4430 2523 4486; x_wconf 90' lang='lat' dir='ltr'><strong>illis</strong></span> <span class='ocrx_word' id='word_1_567' title='bbox 2550 4428 2738 4485; x_wconf 83' lang='lat' dir='ltr'><strong>verbis</strong></span> <span class='ocrx_word' id='word_1_568' title='bbox 2783 4445 2810 4483; x_wconf 89' lang='lat' dir='ltr'><strong>a</strong></span> <span class='ocrx_word' id='word_1_569' title='bbox 2850 4427 2962 4483; x_wconf 91' lang='lat' dir='ltr'><strong>Deo</strong></span> <span class='ocrx_word' id='word_1_570' title='bbox 2997 4427 3226 4497; x_wconf 88' lang='lat' dir='ltr'><strong>prolatis</strong></span> <span class='ocrx_word' id='word_1_571' title='bbox 3263 4442 3277 4480; x_wconf 87' lang='lat'><strong>:</strong></span> <span class='ocrx_word' id='word_1_572' title='bbox 3317 4424 3604 4479; x_wconf 79' lang='lat' dir='ltr'><strong>Faciamus</strong></span> 
     </span>
    </p>
   </div>
   <div class='ocr_carea' id='block_1_84' title="bbox 2021 4515 3601 4592">
    <p class='ocr_par' dir='ltr' id='par_1_84' title="bbox 2021 4515 3601 4592">
     <span class='ocr_line' id='line_1_84' title="bbox 2021 4515 3601 4592; baseline -0.005 -15"><span class='ocrx_word' id='word_1_573' title='bbox 2021 4522 2285 4577; x_wconf 82' lang='lat' dir='ltr'><strong>hominem</strong></span> <span class='ocrx_word' id='word_1_574' title='bbox 2317 4521 2386 4575; x_wconf 82' lang='lat' dir='ltr'><strong>ad</strong></span> <span class='ocrx_word' id='word_1_575' title='bbox 2419 4521 2725 4592; x_wconf 81' lang='lat' dir='ltr'><strong>imaginem,</strong></span> <span class='ocrx_word' id='word_1_576' title='bbox 2754 4530 2802 4573; x_wconf 86' lang='lat' dir='ltr'><strong>et</strong></span> <span class='ocrx_word' id='word_1_577' title='bbox 2840 4517 3244 4573; x_wconf 81' lang='lat' dir='ltr'><strong>similitudinem</strong></span> <span class='ocrx_word' id='word_1_578' title='bbox 3280 4526 3520 4569; x_wconf 78' lang='lat' dir='ltr'><strong>uestram</strong></span> <span class='ocrx_word' id='word_1_579' title='bbox 3558 4515 3601 4569; x_wconf 72' lang='grc'><strong>⁸.</strong></span> 
     </span>
    </p>
   </div>
   <div class='ocr_carea' id='block_1_85' title="bbox 2025 4607 3604 4681">
    <p class='ocr_par' dir='ltr' id='par_1_85' title="bbox 2025 4607 3604 4681">
     <span class='ocr_line' id='line_1_85' title="bbox 2025 4607 3604 4681; baseline -0.004 -13"><span class='ocrx_word' id='word_1_580' title='bbox 2025 4613 2158 4668; x_wconf 82' lang='lat' dir='ltr'><strong>Mihi</strong></span> <span class='ocrx_word' id='word_1_581' title='bbox 2195 4623 2377 4669; x_wconf 85' lang='lat' dir='ltr'><strong>autem</strong></span> <span class='ocrx_word' id='word_1_582' title='bbox 2413 4612 2653 4678; x_wconf 78' lang='lat' dir='ltr'><strong>videtur,</strong></span> <span class='ocrx_word' id='word_1_583' title='bbox 2686 4613 2832 4681; x_wconf 78' lang='lat' dir='ltr'><strong>quod</strong></span> <span class='ocrx_word' id='word_1_584' title='bbox 2858 4611 3100 4680; x_wconf 75' lang='lat' dir='ltr'><strong>judiccs,</strong></span> <span class='ocrx_word' id='word_1_585' title='bbox 3127 4620 3179 4665; x_wconf 93' lang='lat' dir='ltr'><strong>et</strong></span> <span class='ocrx_word' id='word_1_586' title='bbox 3207 4608 3487 4679; x_wconf 82' lang='lat' dir='ltr'><strong>principes</strong></span> <span class='ocrx_word' id='word_1_587' title='bbox 3510 4607 3604 4663; x_wconf 74' lang='lat' dir='ltr'><strong>Dei</strong></span> 
     </span>
    </p>
   </div>
   <div class='ocr_carea' id='block_1_86' title="bbox 319 4700 1913 4783">
    <p class='ocr_par' dir='ltr' id='par_1_86' title="bbox 319 4700 1913 4783">
     <span class='ocr_line' id='line_1_86' title="bbox 319 4700 1913 4783; baseline 0.011 -31"><span class='ocrx_word' id='word_1_588' title='bbox 319 4701 422 4753; x_wconf 71' lang='grc' dir='ltr'>τὸν</span> <span class='ocrx_word' id='word_1_589' title='bbox 468 4700 634 4756; x_wconf 78' lang='grc' dir='ltr'>λαόνο</span> <span class='ocrx_word' id='word_1_590' title='bbox 673 4704 860 4770; x_wconf 78' lang='grc' dir='ltr'>Θεοὺς</span> <span class='ocrx_word' id='word_1_591' title='bbox 910 4707 1023 4759; x_wconf 82' lang='grc' dir='ltr'>οὐκ</span> <span class='ocrx_word' id='word_1_592' title='bbox 1064 4707 1419 4778; x_wconf 77' lang='grc' dir='ltr'>ἀλογήσεις,</span> <span class='ocrx_word' id='word_1_593' title='bbox 1464 4711 1565 4765; x_wconf 74' lang='grc' dir='ltr'><strong>καί</strong></span> <span class='ocrx_word' id='word_1_594' title='bbox 1615 4714 1913 4783; x_wconf 80' lang='grc' dir='ltr'>ἄρχοντας</span> 
     </span>
    </p>
   </div>
   <div class='ocr_carea' id='block_1_87' title="bbox 2013 4700 3608 4783">
    <p class='ocr_par' dir='ltr' id='par_1_87' title="bbox 2024 4701 3608 4777">
     <span class='ocr_line' id='line_1_87' title="bbox 2024 4701 3608 4777; baseline -0.004 -16"><span class='ocrx_word' id='word_1_595' title='bbox 2024 4706 2282 4777; x_wconf 85' lang='lat' dir='ltr'><strong>appellati</strong></span> <span class='ocrx_word' id='word_1_596' title='bbox 2308 4706 2428 4761; x_wconf 88' lang='lat' dir='ltr'><strong>sint</strong></span> <span class='ocrx_word' id='word_1_597' title='bbox 2452 4705 2509 4758; x_wconf 89' lang='lat' dir='ltr'><strong>in</strong></span> <span class='ocrx_word' id='word_1_598' title='bbox 2532 4705 2670 4758; x_wconf 86' lang='lat' dir='ltr'><strong>libro</strong></span> <span class='ocrx_word' id='word_1_599' title='bbox 2691 4702 2893 4768; x_wconf 72' lang='lat' dir='ltr'><strong>Exodi,</strong></span> <span class='ocrx_word' id='word_1_600' title='bbox 2924 4703 3187 4773; x_wconf 86' lang='lat' dir='ltr'><strong>quoniam</strong></span> <span class='ocrx_word' id='word_1_601' title='bbox 3226 4701 3429 4772; x_wconf 83' lang='lat' dir='ltr'><strong>p0pulo</strong></span> <span class='ocrx_word' id='word_1_602' title='bbox 3464 4702 3608 4755; x_wconf 80' lang='lat' dir='ltr'><strong>Deus</strong></span> 
     </span>
    </p>
   </div>
   <div class='ocr_carea' id='block_1_88' title="bbox 319 4793 1917 4872">
    <p class='ocr_par' dir='ltr' id='par_1_88' title="bbox 319 4793 1917 4872">
     <span class='ocr_line' id='line_1_88' title="bbox 319 4793 1917 4872; baseline 0.011 -26"><span class='ocrx_word' id='word_1_603' title='bbox 319 4793 438 4847; x_wconf 83' lang='grc' dir='ltr'>τοῦ</span> <span class='ocrx_word' id='word_1_604' title='bbox 463 4795 621 4850; x_wconf 69' lang='grc' dir='ltr'>λαοῦ</span> <span class='ocrx_word' id='word_1_605' title='bbox 650 4809 767 4850; x_wconf 80' lang='grc' dir='ltr'><strong>σου</strong></span> <span class='ocrx_word' id='word_1_606' title='bbox 787 4799 897 4852; x_wconf 82' lang='grc' dir='ltr'>οὐκ</span> <span class='ocrx_word' id='word_1_607' title='bbox 924 4798 1080 4868; x_wconf 84' lang='grc' dir='ltr'>ἐρεῖς</span> <span class='ocrx_word' id='word_1_608' title='bbox 1109 4800 1329 4868; x_wconf 80' lang='grc' dir='ltr'>κακῶς.</span> <span class='ocrx_word' id='word_1_609' title='bbox 1360 4803 1529 4868; x_wconf 78' lang='grc' dir='ltr'>Θεοὺς</span> <span class='ocrx_word' id='word_1_610' title='bbox 1549 4805 1607 4858; x_wconf 81' lang='grc' dir='ltr'><strong>δὲ</strong></span> <span class='ocrx_word' id='word_1_611' title='bbox 1635 4807 1754 4861; x_wconf 79' lang='grc' dir='ltr'>ἐκεῖ</span> <span class='ocrx_word' id='word_1_612' title='bbox 1788 4810 1917 4872; x_wconf 79' lang='grc' dir='ltr'>τοὺς</span> 
     </span>
    </p>
   </div>
   <div class='ocr_carea' id='block_1_89' title="bbox 322 4888 1920 4969">
    <p class='ocr_par' dir='ltr' id='par_1_89' title="bbox 322 4888 1920 4969">
     <span class='ocr_line' id='line_1_89' title="bbox 322 4888 1920 4969; baseline 0.006 -27"><span class='ocrx_word' id='word_1_613' title='bbox 322 4889 604 4956; x_wconf 75' lang='grc' dir='ltr'>ἄρχοντας</span> <span class='ocrx_word' id='word_1_614' title='bbox 635 4888 885 4959; x_wconf 76' lang='grc' dir='ltr'>εἴρηκεν,</span> <span class='ocrx_word' id='word_1_615' title='bbox 921 4889 998 4955; x_wconf 84' lang='grc' dir='ltr'><strong>ὡς</strong></span> <span class='ocrx_word' id='word_1_616' title='bbox 1034 4893 1094 4944; x_wconf 80' lang='grc' dir='ltr'>ὲν</span> <span class='ocrx_word' id='word_1_617' title='bbox 1143 4892 1221 4962; x_wconf 82' lang='grc' dir='ltr'>τῷ</span> <span class='ocrx_word' id='word_1_618' title='bbox 1258 4893 1342 4964; x_wconf 80' lang='grc' dir='ltr'><strong>μδ¹</strong></span> <span class='ocrx_word' id='word_1_619' title='bbox 1370 4894 1573 4968; x_wconf 75' lang='grc' dir='ltr'>ψαλμῷ</span> <span class='ocrx_word' id='word_1_620' title='bbox 1605 4897 1920 4969; x_wconf 80' lang='grc' dir='ltr'>προεξηγηο</span> 
     </span>
    </p>
   </div>
   <div class='ocr_carea' id='block_1_90' title="bbox 324 4978 1920 5061">
    <p class='ocr_par' dir='ltr' id='par_1_90' title="bbox 324 4978 1920 5061">
     <span class='ocr_line' id='line_1_90' title="bbox 324 4978 1920 5061; baseline 0.007 -28"><span class='ocrx_word' id='word_1_621' title='bbox 324 4978 550 5047; x_wconf 82' lang='grc' dir='ltr'>σὰμεθοι</span> <span class='ocrx_word' id='word_1_622' title='bbox 588 4997 602 5011; x_wconf 72' lang='grc' dir='ltr'><strong>ο</strong></span> <span class='ocrx_word' id='word_1_623' title='bbox 647 4982 797 5046; x_wconf 74' lang='grc' dir='ltr'>υἱοὺς</span> <span class='ocrx_word' id='word_1_624' title='bbox 873 4983 932 5037; x_wconf 80' lang='grc' dir='ltr'>δὲ</span> <span class='ocrx_word' id='word_1_625' title='bbox 1019 4983 1282 5054; x_wconf 76' lang='grc' dir='ltr'>Ὑψίστου</span> <span class='ocrx_word' id='word_1_626' title='bbox 1364 4986 1495 5050; x_wconf 81' lang='grc' dir='ltr'>τοὺς</span> <span class='ocrx_word' id='word_1_627' title='bbox 1573 4988 1920 5061; x_wconf 76' lang='grc' dir='ltr'>Ἰσραηλίτας</span> 
     </span>
    </p>
   </div>
   <div class='ocr_carea' id='block_1_91' title="bbox 321 5073 1919 5153">
    <p class='ocr_par' dir='ltr' id='par_1_91' title="bbox 321 5073 1919 5153">
     <span class='ocr_line' id='line_1_91' title="bbox 321 5073 1919 5153; baseline 0.008 -27"><span class='ocrx_word' id='word_1_628' title='bbox 321 5073 623 5142; x_wconf 73' lang='grc' dir='ltr'>ὠνόμασεν</span> <span class='ocrx_word' id='word_1_629' title='bbox 671 5076 729 5129; x_wconf 74' lang='grc' dir='ltr'>ἐν</span> <span class='ocrx_word' id='word_1_630' title='bbox 774 5074 855 5147; x_wconf 83' lang='grc' dir='ltr'><strong>τῷ</strong></span> <span class='ocrx_word' id='word_1_631' title='bbox 906 5077 1126 5131; x_wconf 76' lang='grc' dir='ltr'>εἰπεῖν·</span> <span class='ocrx_word' id='word_1_632' title='bbox 1190 5078 1325 5145; x_wconf 83' lang='grc' dir='ltr'><strong>Υιός</strong></span> <span class='ocrx_word' id='word_1_633' title='bbox 1370 5080 1752 5149; x_wconf 75' lang='grc' dir='ltr'>πρωτότοκος</span> <span class='ocrx_word' id='word_1_634' title='bbox 1796 5100 1919 5153; x_wconf 78' lang='grc' dir='ltr'>μου</span> 
     </span>
    </p>
   </div>
   <div class='ocr_carea' id='block_1_92' title="bbox 323 5166 610 5234">
    <p class='ocr_par' dir='ltr' id='par_1_92' title="bbox 323 5166 610 5234">
     <span class='ocr_line' id='line_1_92' title="bbox 323 5166 610 5234; baseline 0 -12"><span class='ocrx_word' id='word_1_635' title='bbox 323 5166 610 5234; x_wconf 75' lang='grc' dir='ltr'>Ἰσραήλ.</span> 
     </span>
    </p>
   </div>
   <div class='ocr_carea' id='block_1_93' title="bbox 302 5326 1922 5423">
    <p class='ocr_par' dir='ltr' id='par_1_93' title="bbox 302 5326 1922 5423">
     <span class='ocr_line' id='line_1_93' title="bbox 302 5326 1922 5423; baseline 0.004 -19"><span class='ocrx_word' id='word_1_636' title='bbox 302 5326 315 5335; x_wconf 78' lang='grc'><em>“</em></span> <span class='ocrx_word' id='word_1_637' title='bbox 420 5349 620 5420; x_wconf 78' lang='grc' dir='ltr'><strong>’Υμεῖς</strong></span> <span class='ocrx_word' id='word_1_638' title='bbox 647 5348 717 5403; x_wconf 75' lang='grc' dir='ltr'><strong>δὲ</strong></span> <span class='ocrx_word' id='word_1_639' title='bbox 743 5348 825 5416; x_wconf 84' lang='grc' dir='ltr'><strong>ὡς</strong></span> <span class='ocrx_word' id='word_1_640' title='bbox 855 5349 1158 5420; x_wconf 71' lang='grc' dir='ltr'>ἅνθρωποι</span> <span class='ocrx_word' id='word_1_641' title='bbox 1202 5351 1647 5423; x_wconf 76' lang='grc' dir='ltr'>ἀποθνήσκετε.</span> <span class='ocrx_word' id='word_1_642' title='bbox 1696 5352 1787 5419; x_wconf 78' lang='grc' dir='ltr'>Ὠς</span> <span class='ocrx_word' id='word_1_643' title='bbox 1823 5356 1922 5410; x_wconf 76' lang='grc' dir='ltr'><strong>ἄν·</strong></span> 
     </span>
    </p>
   </div>
   <div class='ocr_carea' id='block_1_94' title="bbox 331 5442 1922 5519">
    <p class='ocr_par' dir='ltr' id='par_1_94' title="bbox 331 5442 1922 5519">
     <span class='ocr_line' id='line_1_94' title="bbox 331 5442 1922 5519; baseline 0.002 -22"><span class='ocrx_word' id='word_1_644' title='bbox 331 5447 551 5515; x_wconf 78' lang='grc' dir='ltr'>θρωποι</span> <span class='ocrx_word' id='word_1_645' title='bbox 599 5442 814 5506; x_wconf 80' lang='grc' dir='ltr'>ἁπλῶς.</span> <span class='ocrx_word' id='word_1_646' title='bbox 851 5443 1047 5498; x_wconf 84' lang='grc' dir='ltr'>Καίτοι</span> <span class='ocrx_word' id='word_1_647' title='bbox 1080 5442 1219 5499; x_wconf 86' lang='grc' dir='ltr'><strong>Θεοῦ</strong></span> <span class='ocrx_word' id='word_1_648' title='bbox 1248 5445 1423 5500; x_wconf 76' lang='grc' dir='ltr'>εικόνι</span> <span class='ocrx_word' id='word_1_649' title='bbox 1475 5447 1858 5518; x_wconf 68' lang='grc' dir='ltr'>τετιμημένοι,</span> <span class='ocrx_word' id='word_1_650' title='bbox 1888 5447 1922 5519; x_wconf 76' lang='grc' dir='ltr'>ἢ</span> 
     </span>
    </p>
   </div>
   <div class='ocr_carea' id='block_1_95' title="bbox 2020 4793 3607 4864">
    <p class='ocr_par' dir='ltr' id='par_1_95' title="bbox 2020 4793 3607 4864">
     <span class='ocr_line' id='line_1_95' title="bbox 2020 4793 3607 4864; baseline -0.005 -11"><span class='ocrx_word' id='word_1_651' title='bbox 2020 4799 2300 4853; x_wconf 82' lang='lat' dir='ltr'><strong>mandavit</strong></span> <span class='ocrx_word' id='word_1_652' title='bbox 2334 4797 2525 4853; x_wconf 81' lang='lat' dir='ltr'><strong>dicens</strong></span> <span class='ocrx_word' id='word_1_653' title='bbox 2557 4815 2571 4850; x_wconf 91' lang='lat'><strong>:</strong></span> <span class='ocrx_word' id='word_1_654' title='bbox 2603 4796 2718 4851; x_wconf 81' lang='lat' dir='ltr'><strong>Diis</strong></span> <span class='ocrx_word' id='word_1_655' title='bbox 2743 4813 2848 4851; x_wconf 86' lang='lat' dir='ltr'><strong>non</strong></span> <span class='ocrx_word' id='word_1_656' title='bbox 2868 4796 3174 4861; x_wconf 72' lang='lat' dir='ltr'><strong>maledicas,</strong></span> <span class='ocrx_word' id='word_1_657' title='bbox 3196 4804 3249 4850; x_wconf 59' lang='lat' dir='ltr'><strong>et»</strong></span> <span class='ocrx_word' id='word_1_658' title='bbox 3277 4793 3607 4864; x_wconf 80' lang='lat' dir='ltr'><strong>principibus</strong></span> 
     </span>
    </p>
   </div>
   <div class='ocr_carea' id='block_1_96' title="bbox 2018 4887 3611 4965">
    <p class='ocr_par' dir='ltr' id='par_1_96' title="bbox 2018 4887 3611 4965">
     <span class='ocr_line' id='line_1_96' title="bbox 2018 4887 3611 4965; baseline -0.007 -17"><span class='ocrx_word' id='word_1_659' title='bbox 2018 4892 2202 4965; x_wconf 88' lang='lat' dir='ltr'><strong>populi</strong></span> <span class='ocrx_word' id='word_1_660' title='bbox 2243 4894 2321 4946; x_wconf 86' lang='lat' dir='ltr'><strong>tui</strong></span> <span class='ocrx_word' id='word_1_661' title='bbox 2346 4909 2453 4947; x_wconf 86' lang='lat' dir='ltr'><strong>non</strong></span> <span class='ocrx_word' id='word_1_662' title='bbox 2482 4891 2623 4945; x_wconf 82' lang='lat' dir='ltr'><strong>dices</strong></span> <span class='ocrx_word' id='word_1_663' title='bbox 2650 4891 2790 4945; x_wconf 87' lang='lat' dir='ltr'><strong>male</strong></span> <span class='ocrx_word' id='word_1_664' title='bbox 2818 4890 2861 4946; x_wconf 83' lang='grc'><strong>⁸.</strong></span> <span class='ocrx_word' id='word_1_665' title='bbox 2917 4889 3196 4945; x_wconf 78' lang='lat' dir='ltr'><strong>Perdeos</strong></span> <span class='ocrx_word' id='word_1_666' title='bbox 3238 4888 3441 4945; x_wconf 87' lang='lat' dir='ltr'><strong>etenim</strong></span> <span class='ocrx_word' id='word_1_667' title='bbox 3501 4887 3611 4939; x_wconf 79' lang='lat' dir='ltr'><strong>illic</strong></span> 
     </span>
    </p>
   </div>
   <div class='ocr_carea' id='block_1_97' title="bbox 2023 4982 3609 5058">
    <p class='ocr_par' dir='ltr' id='par_1_97' title="bbox 2023 4982 3609 5058">
     <span class='ocr_line' id='line_1_97' title="bbox 2023 4982 3609 5058; baseline -0.006 -18"><span class='ocrx_word' id='word_1_668' title='bbox 2023 4984 2307 5058; x_wconf 86' lang='lat' dir='ltr'><strong>principes</strong></span> <span class='ocrx_word' id='word_1_669' title='bbox 2336 4984 2624 5043; x_wconf 73' lang='lat' dir='ltr'><strong>intellexit.</strong></span> <span class='ocrx_word' id='word_1_670' title='bbox 2650 4982 3113 5052; x_wconf 86' lang='lat' dir='ltr'><strong>quemadmodum</strong></span> <span class='ocrx_word' id='word_1_671' title='bbox 3137 4983 3433 5050; x_wconf 26' lang='lat' dir='ltr'><strong>in‘psalmo</strong></span> <span class='ocrx_word' id='word_1_672' title='bbox 3461 4994 3609 5043; x_wconf 78' lang='lat' dir='ltr'><strong>xuv;</strong></span> 
     </span>
    </p>
   </div>
   <div class='ocr_carea' id='block_1_98' title="bbox 2021 5070 3609 5147">
    <p class='ocr_par' dir='ltr' id='par_1_98' title="bbox 2021 5070 3609 5147">
     <span class='ocr_line' id='line_1_98' title="bbox 2021 5070 3609 5147; baseline -0.006 -15"><span class='ocrx_word' id='word_1_673' title='bbox 2021 5079 2134 5147; x_wconf 87' lang='lat' dir='ltr'><strong>jam</strong></span> <span class='ocrx_word' id='word_1_674' title='bbox 2165 5077 2548 5147; x_wconf 80' lang='lat' dir='ltr'><strong>exposuimus.</strong></span> <span class='ocrx_word' id='word_1_675' title='bbox 2582 5075 2685 5131; x_wconf 86' lang='lat' dir='ltr'><strong>Per</strong></span> <span class='ocrx_word' id='word_1_676' title='bbox 2731 5076 2871 5132; x_wconf 81' lang='lat' dir='ltr'><strong>ﬁlios</strong></span> <span class='ocrx_word' id='word_1_677' title='bbox 2904 5071 3420 5132; x_wconf 42' lang='lat' dir='ltr'><strong>antem—.Altissinii,</strong></span> <span class='ocrx_word' id='word_1_678' title='bbox 3459 5070 3609 5138; x_wconf 81' lang='lat' dir='ltr'><strong>ipsos</strong></span> 
     </span>
    </p>
   </div>
   <div class='ocr_carea' id='block_1_99' title="bbox 1980 5164 3606 5237">
    <p class='ocr_par' dir='ltr' id='par_1_99' title="bbox 1980 5164 3606 5237">
     <span class='ocr_line' id='line_1_99' title="bbox 1980 5164 3606 5237; baseline -0.006 -13"><span class='ocrx_word' id='word_1_679' title='bbox 1980 5232 1983 5235; x_wconf 28' lang='grc' dir='ltr'><strong>η</strong></span> <span class='ocrx_word' id='word_1_680' title='bbox 2027 5167 2302 5224; x_wconf 87' lang='lat' dir='ltr'><strong>lsraelitas</strong></span> <span class='ocrx_word' id='word_1_681' title='bbox 2334 5166 2607 5237; x_wconf 80' lang='lat' dir='ltr'><strong>intelligit.</strong></span> <span class='ocrx_word' id='word_1_682' title='bbox 2632 5166 2707 5222; x_wconf 89' lang='lat' dir='ltr'><strong>De</strong></span> <span class='ocrx_word' id='word_1_683' title='bbox 2731 5168 2811 5223; x_wconf 81' lang='lat' dir='ltr'><strong>eis</strong></span> <span class='ocrx_word' id='word_1_684' title='bbox 2840 5168 3069 5222; x_wconf 78' lang='lat' dir='ltr'><strong>enim-a</strong></span> <span class='ocrx_word' id='word_1_685' title='bbox 3096 5164 3207 5218; x_wconf 87' lang='lat' dir='ltr'><strong>Deo</strong></span> <span class='ocrx_word' id='word_1_686' title='bbox 3231 5164 3445 5218; x_wconf 86' lang='lat' dir='ltr'><strong>dictum</strong></span> <span class='ocrx_word' id='word_1_687' title='bbox 3473 5170 3555 5215; x_wconf 86' lang='lat' dir='ltr'><strong>est</strong></span> <span class='ocrx_word' id='word_1_688' title='bbox 3594 5182 3606 5215; x_wconf 92' lang='lat'><strong>:</strong></span> 
     </span>
    </p>
   </div>
   <div class='ocr_carea' id='block_1_100' title="bbox 2030 5258 3056 5331">
    <p class='ocr_par' dir='ltr' id='par_1_100' title="bbox 2030 5258 3056 5331">
     <span class='ocr_line' id='line_1_100' title="bbox 2030 5258 3056 5331; baseline -0.006 -15"><span class='ocrx_word' id='word_1_689' title='bbox 2030 5259 2209 5316; x_wconf 81' lang='lat' dir='ltr'><strong>Filius</strong></span> <span class='ocrx_word' id='word_1_690' title='bbox 2234 5276 2379 5315; x_wconf 83' lang='lat' dir='ltr'><strong>meus</strong></span> <span class='ocrx_word' id='word_1_691' title='bbox 2400 5261 2782 5331; x_wconf 83' lang='lat' dir='ltr'><strong>primogenitus</strong></span> <span class='ocrx_word' id='word_1_692' title='bbox 2813 5258 2993 5314; x_wconf 85' lang='lat' dir='ltr'><strong>Israel</strong></span> <span class='ocrx_word' id='word_1_693' title='bbox 3015 5258 3056 5310; x_wconf 83' lang='lat'><strong>‘.</strong></span> 
     </span>
    </p>
   </div>
   <div class='ocr_carea' id='block_1_101' title="bbox 2100 5342 3611 5413">
    <p class='ocr_par' dir='ltr' id='par_1_101' title="bbox 2100 5342 3611 5413">
     <span class='ocr_line' id='line_1_101' title="bbox 2100 5342 3611 5413; baseline -0.008 -5"><span class='ocrx_word' id='word_1_694' title='bbox 2100 5352 2269 5409; x_wconf 69' lang='lat' dir='ltr'><strong>Vsus.</strong></span> <span class='ocrx_word' id='word_1_695' title='bbox 2290 5353 2340 5406; x_wconf 85' lang='lat'><strong>7.</strong></span> <span class='ocrx_word' id='word_1_696' title='bbox 2381 5350 2487 5406; x_wconf 72' lang='lat' dir='ltr'><strong>Vos</strong></span> <span class='ocrx_word' id='word_1_697' title='bbox 2511 5362 2685 5413; x_wconf 82' lang='lat' dir='ltr'><strong>autem</strong></span> <span class='ocrx_word' id='word_1_698' title='bbox 2717 5353 2855 5407; x_wconf 70' lang='lat' dir='ltr'><strong>sicut</strong></span> <span class='ocrx_word' id='word_1_699' title='bbox 2876 5349 3116 5403; x_wconf 78' lang='lat' dir='ltr'><strong>homines</strong></span> <span class='ocrx_word' id='word_1_700' title='bbox 3147 5345 3473 5401; x_wconf 77' lang='lat' dir='ltr'><strong>moriemini.</strong></span> <span class='ocrx_word' id='word_1_701' title='bbox 3522 5342 3611 5396; x_wconf 82' lang='lat' dir='ltr'><strong>Si-</strong></span> 
     </span>
    </p>
   </div>
   <div class='ocr_carea' id='block_1_102' title="bbox 2033 5435 3608 5514">
    <p class='ocr_par' dir='ltr' id='par_1_102' title="bbox 2033 5435 3608 5514">
     <span class='ocr_line' id='line_1_102' title="bbox 2033 5435 3608 5514; baseline -0.006 -16"><span class='ocrx_word' id='word_1_702' title='bbox 2033 5452 2128 5498; x_wconf 86' lang='lat' dir='ltr'><strong>cut</strong></span> <span class='ocrx_word' id='word_1_703' title='bbox 2158 5444 2422 5501; x_wconf 43' lang='lat' dir='ltr'><strong>homines:</strong></span> <span class='ocrx_word' id='word_1_704' title='bbox 2451 5444 2735 5514; x_wconf 86' lang='lat' dir='ltr'><strong>simplices</strong></span> <span class='ocrx_word' id='word_1_705' title='bbox 2768 5460 2781 5495; x_wconf 94' lang='lat'><strong>:</strong></span> <span class='ocrx_word' id='word_1_706' title='bbox 2823 5439 3089 5504; x_wconf 82' lang='lat' dir='ltr'><strong>Tametsi,</strong></span> <span class='ocrx_word' id='word_1_707' title='bbox 3126 5438 3329 5506; x_wconf 85' lang='lat' dir='ltr'><strong>inquit.</strong></span> <span class='ocrx_word' id='word_1_708' title='bbox 3372 5435 3608 5507; x_wconf 82' lang='lat' dir='ltr'><strong>imagine</strong></span> 
     </span>
    </p>
   </div>
   <div class='ocr_carea' id='block_1_103' title="bbox 332 5528 1913 5609">
    <p class='ocr_par' dir='ltr' id='par_1_103' title="bbox 332 5532 1913 5609">
     <span class='ocr_line' id='line_1_103' title="bbox 332 5532 1913 5609; baseline 0.002 -20"><span class='ocrx_word' id='word_1_709' title='bbox 332 5532 482 5589; x_wconf 77' lang='grc' dir='ltr'>Θεοῦ</span> <span class='ocrx_word' id='word_1_710' title='bbox 514 5533 892 5606; x_wconf 80' lang='grc' dir='ltr'>προσηγορίας</span> <span class='ocrx_word' id='word_1_711' title='bbox 914 5533 1274 5602; x_wconf 80' lang='grc' dir='ltr'>ἀξιωθέντες,</span> <span class='ocrx_word' id='word_1_712' title='bbox 1309 5536 1403 5590; x_wconf 77' lang='grc' dir='ltr'><strong>καὶ</strong></span> <span class='ocrx_word' id='word_1_713' title='bbox 1426 5537 1795 5609; x_wconf 77' lang='grc' dir='ltr'>ὑπερέχοντες</span> <span class='ocrx_word' id='word_1_714' title='bbox 1813 5538 1913 5592; x_wconf 68' lang='grc' dir='ltr'><strong>τῶν</strong></span> 
     </span>
    </p>
   </div>
   <div class='ocr_carea' id='block_1_104' title="bbox 2013 5528 3607 5609">
    <p class='ocr_par' dir='ltr' id='par_1_104' title="bbox 2032 5528 3607 5602">
     <span class='ocr_line' id='line_1_104' title="bbox 2032 5528 3607 5602; baseline -0.005 -12"><span class='ocrx_word' id='word_1_715' title='bbox 2032 5536 2127 5594; x_wconf 89' lang='lat' dir='ltr'><strong>Dei</strong></span> <span class='ocrx_word' id='word_1_716' title='bbox 2169 5538 2430 5594; x_wconf 82' lang='lat' dir='ltr'><strong>honorati</strong></span> <span class='ocrx_word' id='word_1_717' title='bbox 2451 5538 2608 5602; x_wconf 86' lang='lat' dir='ltr'><strong>estis,</strong></span> <span class='ocrx_word' id='word_1_718' title='bbox 2639 5544 2695 5592; x_wconf 87' lang='lat' dir='ltr'><strong>et</strong></span> <span class='ocrx_word' id='word_1_719' title='bbox 2725 5542 2881 5590; x_wconf 82' lang='lat' dir='ltr'><strong>tanto</strong></span> <span class='ocrx_word' id='word_1_720' title='bbox 2916 5533 3105 5592; x_wconf 84' lang='lat' dir='ltr'><strong>donati</strong></span> <span class='ocrx_word' id='word_1_721' title='bbox 3136 5531 3378 5596; x_wconf 85' lang='lat' dir='ltr'><strong>nomine,</strong></span> <span class='ocrx_word' id='word_1_722' title='bbox 3415 5538 3478 5584; x_wconf 87' lang='lat' dir='ltr'><strong>ut</strong></span> <span class='ocrx_word' id='word_1_723' title='bbox 3513 5528 3607 5584; x_wconf 89' lang='lat' dir='ltr'><strong>Dei</strong></span> 
     </span>
    </p>
   </div>
   <div class='ocr_carea' id='block_1_105' title="bbox 417 5713 1937 5784">
    <p class='ocr_par' dir='ltr' id='par_1_105' title="bbox 417 5713 1937 5784">
     <span class='ocr_line' id='line_1_105' title="bbox 417 5713 1937 5784; baseline 0.001 -13"><span class='ocrx_word' id='word_1_724' title='bbox 417 5716 440 5750; x_wconf 83' lang='grc'><strong><em>⁸</em></strong></span> <span class='ocrx_word' id='word_1_725' title='bbox 475 5715 632 5774; x_wconf 83' lang='lat' dir='ltr'><strong>Deut.</strong></span> <span class='ocrx_word' id='word_1_726' title='bbox 682 5731 724 5784; x_wconf 87' lang='grc' dir='ltr'><strong>ι,</strong></span> <span class='ocrx_word' id='word_1_727' title='bbox 766 5713 854 5769; x_wconf 79' lang='lat' dir='ltr'><strong>i7.</strong></span> <span class='ocrx_word' id='word_1_728' title='bbox 940 5713 964 5747; x_wconf 72' lang='grc'>⁸</span> <span class='ocrx_word' id='word_1_729' title='bbox 1000 5715 1140 5772; x_wconf 88' lang='lat' dir='ltr'><strong>Gen.</strong></span> <span class='ocrx_word' id='word_1_730' title='bbox 1178 5732 1223 5783; x_wconf 88' lang='grc' dir='ltr'><strong>ι,</strong></span> <span class='ocrx_word' id='word_1_731' title='bbox 1247 5716 1337 5773; x_wconf 72' lang='lat'><strong>26.</strong></span> <span class='ocrx_word' id='word_1_732' title='bbox 1423 5716 1448 5749; x_wconf 78' lang='grc'><strong><em>⁵</em></strong></span> <span class='ocrx_word' id='word_1_733' title='bbox 1481 5713 1655 5773; x_wconf 70' lang='lat' dir='ltr'><strong>Exod.</strong></span> <span class='ocrx_word' id='word_1_734' title='bbox 1685 5724 1819 5780; x_wconf 76' lang='lat' dir='ltr'><strong>uti,</strong></span> <span class='ocrx_word' id='word_1_735' title='bbox 1845 5717 1937 5774; x_wconf 78' lang='lat'><strong>28.</strong></span> 
     </span>
    </p>
   </div>
   <div class='ocr_carea' id='block_1_106' title="bbox 2033 5720 2494 5787">
    <p class='ocr_par' dir='ltr' id='par_1_106' title="bbox 2033 5720 2494 5787">
     <span class='ocr_line' id='line_1_106' title="bbox 2033 5720 2494 5787; baseline 0.002 -14"><span class='ocrx_word' id='word_1_736' title='bbox 2033 5720 2054 5752; x_wconf 77' lang='grc' dir='ltr'><strong>σ</strong></span> <span class='ocrx_word' id='word_1_737' title='bbox 2083 5720 2255 5777; x_wconf 75' lang='lat' dir='ltr'><strong>Exod.</strong></span> <span class='ocrx_word' id='word_1_738' title='bbox 2299 5736 2373 5787; x_wconf 70' lang='grc' dir='ltr'><strong>ιν,</strong></span> <span class='ocrx_word' id='word_1_739' title='bbox 2402 5720 2494 5775; x_wconf 71' lang='lat'><strong>22.</strong></span> 
     </span>
    </p>
   </div>
   <div class='ocr_carea' id='block_1_107' title="bbox 1704 5806 2260 5875">
    <p class='ocr_par' dir='ltr' id='par_1_107' title="bbox 1704 5806 2260 5875">
     <span class='ocr_line' id='line_1_107' title="bbox 1704 5806 2260 5875; baseline 0.007 -6"><span class='ocrx_word' id='word_1_740' title='bbox 1704 5806 1909 5871; x_wconf 71' lang='lat' dir='ltr'><strong>Yarim</strong></span> <span class='ocrx_word' id='word_1_741' title='bbox 1930 5809 2260 5875; x_wconf 81' lang='lat' dir='ltr'><strong>lectiones.</strong></span> 
     </span>
    </p>
   </div>
   <div class='ocr_carea' id='block_1_108' title="bbox 416 5905 1067 5978">
    <p class='ocr_par' dir='ltr' id='par_1_108' title="bbox 416 5905 1067 5978">
     <span class='ocr_line' id='line_1_108' title="bbox 416 5905 1067 5978; baseline -0.022 -4"><span class='ocrx_word' id='word_1_742' title='bbox 416 5912 529 5978; x_wconf 75' lang='lat'><strong>(99)</strong></span> <span class='ocrx_word' id='word_1_743' title='bbox 562 5913 681 5968; x_wconf 79' lang='lat' dir='ltr'><strong>luto</strong></span> <span class='ocrx_word' id='word_1_744' title='bbox 710 5924 843 5969; x_wconf 64' lang='lat' dir='ltr'><strong>vero</strong></span> <span class='ocrx_word' id='word_1_745' title='bbox 874 5905 1067 5965; x_wconf 75' lang='lat' dir='ltr'><strong>Sardi.</strong></span> 
     </span>
    </p>
   </div>
  </div>
