4088 6418
357 401 556 466 ’855

1663 410 2044 472 ΕΗΤΗΥΜΙΙ
2079 414 2442 474 ZiGABENI
3617 421 3728 480 cati

455 517 830 589 appellemini,
870 518 996 571 licet
1029 521 1194 572 etiam
1228 520 1510 589 plerisque
1539 523 1611 576 ob
1653 522 2025 592 principatum

2146 522 2346 574 πολλῶν
2376 525 2432 576 ἐν
2466 524 2540 592 τῷ
2573 525 2844 595 ἀξιώματι
2877 529 2975 597 τῆς
3030 527 3232 596 ἀρχῆς.
3266 527 3620 598 Ἀνθρώπους
3661 529 3720 581 δὲ

457 612 842 667 honoratiores
868 613 1016 680 sitis,
1050 613 1362 667 moriemini
1391 623 1595 675 tamen.
1634 623 1693 668 ut
1726 614 2032 683 simplices.

2146 615 2284 681 λέγει
2317 615 2412 668 νῦν
2451 618 2577 680 τοὺς
2609 618 2825 681 κοινοὺς
2850 660 2865 684 ,
2901 620 2997 672 καὶ
3046 622 3185 689 μήτε
3212 619 3351 673 Θεοῦ
3382 620 3548 690 νόμον
3575 621 3720 674 εἰδό-

459 707 719 761 llomincs
745 707 890 761 enim
930 706 1018 760 hic
1051 707 1306 778 vulgares
1336 706 1613 778 quoslibet
1665 706 1915 761 homines
1948 705 2035 759 in-

2146 725 2257 771 τας,
2297 709 2434 778 μήτε
2467 709 2682 762 σύνεσιν
2707 709 2952 780 ἔχοντας,
2991 711 3169 764 ὁποῖοί
3198 713 3306 765 εἰσι
3335 712 3404 764 τά
3441 711 3591 783 ἔθνη.
3621 713 3723 766 Διὰ

458 801 670 869 tclligit,
707 798 852 869 quod
907 813 1008 853 nec
1051 799 1294 853 divinam
1358 809 1638 861 noverunt
1687 798 1882 866 legem,
1937 810 2039 852 nec

2146 798 2190 852 Ξὲ
2232 799 2346 865 τοῦ,
2379 800 2854 870 Ἀποθνήσκετε,
2885 804 2985 874 τὴν
3034 803 3163 874 ἄχρι
3195 803 3431 859 θανάτου
3463 804 3724 874 τοιαύτην

456 891 804 960 prudentiam
834 891 1005 944 ullam
1041 890 1268 954 habent,
1304 889 1620 961 cnjusmodi
1649 899 1842 959 gentes
1881 899 2033 943 sunt.

2137 887 2320 960 βιοτὴν
2351 891 2533 945 αὐτῶν
2580 895 2828 965 ᾐνίξατο,
2858 889 2995 961 οἷον,
3022 897 3106 950 ὅτι
3139 896 3270 968 ἄχρι
3310 895 3543 951 Θανάτου
3573 896 3723 950 οὕτω

456 984 519 1037 Et
547 985 771 1038 dicens:
812 983 1141 1050 Moriemini,
1176 984 1308 1038 illud
1333 985 1498 1040 etiam
1528 983 1861 1053 signiﬁcavit
1886 981 2033 1051 quod
2135 981 2403 1051 βιοῦνται.

456 1075 773 1144 huiusmodi
843 1074 1059 1129 vivendi
1117 1091 1366 1130 normam
1428 1091 1605 1146 usque
1664 1075 1731 1131 ad
1790 1081 2022 1130 mortem
2065 1072 2560 1146 ipsam,perpetuo
2595 1080 3036 1138 retinebunt.Ac
3062 1082 3108 1137 si
3133 1081 3392 1138 diceret:
3454 1079 3569 1137 Hoc
3630 1078 3738 1152 νει-⁵

453 1181 542 1224 cto
571 1170 786 1232 vivetis,
819 1185 992 1240 usque
1014 1171 1080 1224 ad
1112 1183 1360 1227 mortem.

529 1264 594 1317 Et
625 1265 781 1335 quasi
805 1280 940 1318 unus
969 1279 1034 1318 ex
1069 1263 1450 1332 principalibus
1474 1266 1698 1321 cadetis.
1733 1265 1880 1322 Idem
1904 1277 2033 1318 rur-

456 1375 550 1413 sus
582 1359 798 1427 repetit.
858 1358 962 1413 Per
993 1359 1270 1428 principes
1329 1369 1510 1414 autem
1574 1359 1820 1429 gentium
1862 1357 2035 1413 duces

457 1451 734 1522 intelligit.
763 1451 826 1506 Et
845 1451 1082 1517 Cadetis,
1106 1453 1266 1516 dixit,
1293 1467 1392 1520 pro
1423 1450 1755 1507 Moriemini.
1791 1451 2026 1517 Quidam

459 1557 589 1596 vero
619 1557 716 1610 per
749 1558 921 1596 unum
950 1558 1014 1597 ex
1066 1542 1432 1612 principibus,
1492 1543 1669 1612 ipsum
1725 1543 2034 1597 daemonem

457 1635 791 1704 intelligunt,
832 1633 1000 1690 veluti
1033 1635 1261 1704 angelici
1291 1636 1419 1690 olim
1450 1634 1662 1691 ordinis
1687 1633 1990 1705 principem
2019 1649 2036 1696 ;

439 1724 610 1788 ’jnxta
644 1739 805 1792 quem
836 1738 1084 1788 sensum,
1118 1723 1357 1787 Cadetis,
1399 1736 1636 1793 expone,
1673 1736 1773 1791 pro
1812 1718 2038 1773 Decide-

461 1817 550 1879 tis,
587 1831 614 1868 a
652 1815 920 1884 dignitate
951 1815 1214 1871 nimirum
1257 1815 1515 1883 pristina,
1565 1822 1731 1882 atque
1773 1813 1876 1867 hoc
1906 1824 2039 1881 pro.

459 1919 578 1978 pter
621 1907 1092 1963 existimationem
1124 1923 1191 1962 ae
1228 1907 1546 1977 superbiam
1581 1915 1843 1962 vestram.
1899 1906 2036 1960 Nam

456 2010 509 2055 et
535 2002 750 2056 daemon
783 2014 886 2056 suo
912 2000 1224 2071 principatu
1253 1999 1395 2056 male
1426 2014 1582 2064 usus,
1615 1999 1684 2054 ab
1717 1998 1922 2054 honore
1945 1998 2038 2052 illo
2075 1978 2114 2031 Β

460 2095 664 2150 decidit
692 2092 903 2149 divino.

533 2189 704 2245 Vens.
738 2189 789 2244 8.
831 2182 1097 2254 Exsurge,
1135 2186 1295 2251 Deus,
1327 2184 1520 2256 judica
1577 2197 1797 2240 terram.
1822 2182 1937 2240 Hoc
1970 2183 2038 2240 de

461 2283 669 2339 Christi
715 2280 1122 2338 resurrectione
1151 2277 1363 2344 absque
1421 2274 1532 2330 ulla
1593 2275 2039 2333 contradictione

459 2380 664 2435 dictum
698 2385 809 2433 est.
837 2375 1004 2446 Optat
1045 2373 1192 2428 enim
1237 2370 1533 2440 Propheta,
1565 2379 1622 2426 et
1644 2371 1940 2440 supplicat,
1979 2378 2039 2423 ttt

463 2478 718 2540 resurgat
743 2468 1024 2531 Christus,
1049 2476 1104 2522 et
1124 2466 1340 2536 judicet
1373 2475 1597 2530 terram,
1630 2479 1729 2532 per
1756 2461 2039 2532 apostolos

460 2567 747 2629 nimirum,
773 2578 915 2633 quos
947 2551 1226 2632 principes
1263 2558 1411 2614 misit
1463 2571 1630 2626 super
1657 2571 1877 2611 omnem
1929 2567 2041 2610 ter-

459 2673 600 2714 ram.

533 2747 800 2816 Quoniam
825 2759 878 2801 tu
909 2747 1250 2804 Itwreditabis
1283 2746 1340 2799 in
1363 2745 1606 2800 omnibus
1635 2744 1898 2815 gentibus.
1930 2742 2036 2807 Tu,

462 2843 661 2912 inquit,
697 2842 1079 2898 haereditatem
1116 2839 1486 2910 consequeris
1517 2838 1571 2892 in
1610 2837 1876 2894 omnibus
1907 2852 2040 2908 gen-

469 2937 636 2992 tibus.
699 2935 1007 2990 ﬂuereditas
1047 2942 1232 2989 autem
1285 2932 1518 3000 Christi,
1553 2946 1747 2987 omnes
1789 2939 1916 2986 sunt
1943 2931 2039 3000 qui

460 3029 693 3085 credunt
723 3029 778 3083 in
805 3042 956 3084 eum.

811 3119 1092 3178 Canticum
1121 3120 1314 3189 psalmi
1340 3121 1442 3188 ipsi
1473 3119 1678 3189 Asaplt.

938 3212 1264 3270 PSALMUS
1303 3212 1566 3269 LXXXII.

2215 1266 2324 1320 Kal
2355 1267 2434 1334 ὡς
2479 1262 2567 1333 εἷς
2623 1265 2742 1321 τῶν
2775 1267 3084 1337 ἀρχόντων
3133 1267 3404 1322 πίπτετε.
3466 1267 3540 1321 Τὸ
3588 1269 3726 1322 αὐτὸ

2147 1360 2309 1413 πάλιν
2366 1359 2568 1429 φησίνο
2616 1359 2897 1430 ἀρχόντων
2935 1363 3044 1430 γὰρ
3095 1359 3206 1412 τῶν
3259 1347 3496 1413 ἐθνικῶν
3547 1360 3724 1426 λέγει.

2142 1453 2253 1506 Καὶ
2284 1452 2558 1514 Πίπτετε,
2599 1451 2721 1503 ἀντὶ
2747 1449 2865 1511 τοῦ.
2895 1450 3324 1520 Ἀποθνήσκετε.
3352 1449 3514 1514 Τινὲς
3540 1449 3598 1505 δὲ
3625 1452 3730 1505 ἕνα

2141 1544 2250 1597 τῶν
2283 1543 2561 1614 ἀρχόντων
2593 1543 2684 1595 τὸν
2712 1542 2963 1596 διάϐολον
3011 1541 3286 1610 λέγουσιν,
3320 1542 3562 1612 ἄρχοντά
3593 1557 3728 1594 ποτε

2139 1639 2232 1692 καὶ
2267 1638 2431 1693 αὐτὸν
2481 1636 2576 1689 τοῦ
2628 1635 2924 1704 ἀγγελικοῦ
2974 1636 3276 1706 τάγματος.
3312 1634 3582 1689 Ἐνταῦθα
3639 1635 3728 1698 τὸ,

2137 1733 2415 1792 Πίπτετε,
2444 1731 2565 1784 ἀντὶ
2596 1730 2716 1796 τοῦ,
2761 1730 3132 1782 Ἀποπίπτετε
3167 1729 3262 1782 τοῦ
3289 1728 3606 1799 ἀξιώματος
3636 1727 3731 1780 διὰ

2139 1827 2237 1896 τὴν
2265 1827 2479 1895 οἴησιν·
2523 1827 2778 1887 κάκεῖνος
2827 1823 2938 1894 γὰρ
2977 1824 3052 1893 μὴ
3093 1823 3440 1894 χρησάμενος
3471 1822 3550 1886 είς
3600 1820 3728 1873 δέον

2141 1922 2207 1990 τῇ
2245 1920 2388 1992 ἀρχῇ
2423 1917 2648 1984 ἐξέπεσε
2683 1920 2784 1990 τῇς
2815 1917 2970 1982 θείας
3000 1919 3190 1988 τιμῆς.

2225 2194 2511 2258 ’Λνάστα,
2544 2197 2577 2247 ὀ
2609 2192 2776 2257 Θεὸς,
2809 2189 3020 2259 κρῖνον
3050 2189 3168 2255 τὴν
3210 2187 3351 2258 γῆν.
3383 2185 3558 2241 Τοῦτο
3599 2187 3738 2255 περὶ

2140 2289 2241 2359 τῆς
2268 2291 2332 2342 ὲκ
2362 2285 2574 2358 νεκρῶν
2610 2285 2961 2347 ἀναστάσεως
3007 2282 3099 2337 τοῦ
3132 2279 3370 2353 Χριστοῦ
3393 2277 3738 2350 ἀναντιρῤής

2141 2403 2271 2445 τως.
2323 2381 2581 2437 Ἱκετεύει
2623 2382 2734 2452 γὰρ
2764 2381 2792 2434 ὁ
2837 2377 3138 2450 Προφήτης
3175 2377 3268 2430 τὸν
3303 2375 3543 2444 Χριστὸν
3589 2373 3733 2426 ἀνα-

2145 2478 2363 2546 στῆναι,
2400 2477 2492 2530 καὶ
2517 2478 2704 2546 κρίναι
2742 2473 2841 2545 τὴν
3005 2472 3096 2526 διὰ
3123 2470 3232 2524 τῶν
3262 2468 3600 2531 ἀποστόλων,
3633 2463 3734 2528 οὓς

2143 2571 2482 2640 κατέστησεν
2511 2568 2783 2640 ἄρχοντας
2813 2567 2908 2621 ἐπὶ
2964 2567 3148 2620 πᾶσαν
3186 2565 3286 2635 τὴν
3320 2565 3446 2634 γῆν.

2215 2753 2346 2804 Ὅτι
2371 2751 2453 2804 σὺ
2477 2746 3117 2817 κατακληρονομήσεις
3139 2745 3209 2799 ἐν
3228 2743 3380 2801 πᾶσι
3407 2741 3532 2808 τοῖς
3557 2740 3723 2796 ἔθνε-

2143 2867 2226 2904 σι.
2258 2849 2366 2901 Καὶ
2396 2847 2526 2919 γὰρ,
2559 2848 2715 2916 φησὶ,
2777 2846 2842 2899 σὺ
2897 2844 3267 2916 κληρονομίαν
3316 2843 3458 2909 ἕξεις
3504 2844 3561 2894 ἐν
3589 2841 3724 2894 «an

2142 2940 2256 3001 τοῖς
2278 2939 2477 2992 ἔθνεσι.
2505 2938 2622 3008 Κλη
2635 2937 2858 3007 ρονομία
2882 2937 2938 2990 δὲ
2968 2935 3210 3007 Χριστοῦ
3257 2937 3306 2988 oi
3331 2931 3729 2993 πιστεύσαντες

2143 3036 2223 3097 εἰς
2257 3032 2440 3087 αὐτόν.

2553 3123 2688 3196 ’ῼδὴ
2730 3121 2979 3192 ψαλμοῦ
3011 3121 3092 3186 τῷ
3121 3121 3340 3187 Ἀσάφ.

2708 3217 3004 3272 ΨᾹΛΜΟΣ
3038 3216 3164 3269 ΠΒ’.

533 3313 674 3380 Quid
717 3312 790 3367 sit
818 3311 1100 3366 Canticum
1145 3309 1362 3376 psalmi,
1398 3308 1636 3364 diximus
1685 3309 1738 3363 in
1772 3310 2041 3379 prooemio

2219 3316 2284 3368 Τί
2315 3317 2466 3370 ἐστιν
2497 3312 2639 3385 ’ῼδὴ
2658 3310 2928 3382 ψαλμοῦ,
2963 3313 3382 3380 προειρήκαμεν
3405 3307 3464 3360 ἐν
3487 3307 3564 3375 τῷ
3592 3321 3724 3373 προ.

459 3406 669 3476 operis.
728 3402 1088 3474 Composita:
1153 3411 1238 3454 est
1279 3407 1465 3455 autem
1527 3400 1616 3454 hic
1671 3401 1917 3470 psalmus
1971 3415 2036 3455 es

460 3513 654 3555 eorum
693 3511 930 3566 persona
957 3495 1052 3560 qui
1087 3509 1118 3548 e
1152 3493 1448 3565 Babylonia
1486 3493 1803 3564 captivitate
1835 3495 2040 3550 reversi

461 3599 614 3646 sunt.
641 3589 777 3644 Nam
809 3603 936 3642 cum
979 3585 1295 3642 Judaorum
1336 3587 1558 3640 ﬁnitimi
1596 3586 1866 3642 vidissent
1918 3595 2046 3656 post

461 3680 784 3750 ltujusmodl
818 3678 1064 3734 reditum
1097 3677 1423 3732 reaadilicari
1451 3677 1740 3748 templum,
1769 3684 1827 3731 et
1849 3677 2042 3731 civita-

462 3785 572 3829 tem
600 3773 840 3834 restitui,
870 3777 1256 3825 convenerunt
1302 3770 1356 3824 in
1393 3784 1585 3832 unum,
1637 3778 1692 3823 et
1740 3768 2044 3824 barbaricis

463 3865 721 3934 gentibus
767 3862 1037 3926 collectis,
1071 3863 1339 3930 impetum
1395 3861 1645 3915 fecerunt
1692 3860 1748 3914 in
1797 3858 2040 3926 Judteos,

461 3958 682 4020 tametsi
709 3957 778 4010 ab
811 3955 894 4011 eis
927 3955 1080 4021 victi,
1110 3965 1166 4009 et
1207 3955 1456 4024 superati
1491 3952 1722 4014 fuerint,
1773 3953 1916 4007 duce
1941 3951 2041 4008 Ju-

460 4051 702 4105 dazorum
727 4045 1057 4101 Zorobabel.
1097 4043 1494 4114 Hujuscemodi
1543 4044 1709 4114 igitur
1759 4044 2042 4099 materiam

462 4146 764 4210 pertractat
803 4136 892 4190 hic
942 4135 1211 4206 psalmus,
1248 4135 1302 4187 in
1339 4134 1610 4190 orationis
1657 4133 1898 4202 speciem
1929 4134 2044 4188 l‘or-

461 4241 666 4287 matus.

530 4324 698 4388 Vnus.
731 4325 788 4379 9..
827 4323 1069 4387 Domine,
1101 4321 1219 4391 quis
1253 4319 1444 4374 similis
1472 4321 1574 4374 erit
1617 4319 1751 4374 tibi?
1783 4318 1904 4373 Non
1955 4321 2042 4374 itt-

464 4417 797 4486 terrogantis
833 4419 930 4470 sed
954 4413 1233 4466 laudantis
1258 4420 1342 4464 est
1363 4426 1568 4474 sermo,
1603 4421 1660 4466 et
1683 4411 1954 4476 divinam,
1983 4420 2044 4464 ιιι

463 4509 536 4562 ita
575 4507 780 4570 diram,
816 4504 1404 4574 incomparabilitatem
1447 4503 1797 4559 admirantis.
1865 4503 2044 4562 Dictio

460 4599 632 4662 enim,
666 4595 820 4662 Quis,
849 4596 956 4649 hoc
987 4595 1042 4647 in
1071 4595 1192 4647 loco
1216 4608 1325 4648 non
1363 4593 1673 4656 raritatem,
1707 4594 1806 4648 sed
1833 4594 2042 4664 impos-

464 4689 788 4748 sibilitatem
821 4687 1132 4757 signiﬁcat;
1179 4701 1244 4741 ac
1273 4686 1320 4741 si
1373 4686 1586 4741 diceret
1634 4705 1646 4740 :
1685 4685 1884 4742 Nullus
1945 4687 2042 4741 tibi

463 4781 665 4837 similis
697 4779 922 4848 reperiri
961 4788 1158 4848 potest,
1189 4793 1256 4832 ex
1291 4792 1398 4846 quo
1427 4777 1629 4833 divina
1682 4777 2044 4831 constituitur

463 4872 683 4928 virtutis
717 4873 1082 4924 immensitas.

530 4965 608 5019 Nc
643 4963 826 5030 sileas,
856 4977 1016 5031 neque
1065 4961 1333 5025 mitescas,
1374 4959 1530 5014 Deus.
1583 4955 1699 5011 Noli
1748 4957 1888 5013 adeo
1913 4973 2040 5014 esse

458 5056 817 5126 louganimis,
840 5053 1190 5123 autpatieus.
1222 5051 1299 5106 Ita
1329 5051 1472 5104 enim
1501 5049 1684 5104 caeteri
1713 5049 2042 5120 interpretes

459 5145 770 5203 reddidere.
805 5143 988 5212 Quare
1014 5155 1196 5198 autem
1227 5143 1306 5196 sic
1332 5142 1478 5196 dicat
1507 5140 1634 5195 audi
1669 5159 1684 5194 :

534 5236 702 5292 Vens.
741 5238 794 5291 3.
825 5236 1092 5302 Quoniam
1133 5251 1248 5288 ecce
1276 5234 1476 5288 inimici
1504 5234 1580 5287 tui
1611 5244 1932 5296 sonuerunt.
1988 5243 2040 5287 et

457 5332 549 5400 qui
608 5330 831 5387 oderunt
885 5338 955 5393 te,
991 5329 1300 5383 extulerunt
1346 5336 1525 5396 caput.
1561 5357 1632 5367 ——
1663 5325 1881 5380 Inimici
1942 5329 2040 5390 tui,

456 5423 552 5488 qui
583 5431 739 5477 tuum
780 5422 1039 5493 populum
1074 5431 1414 5492 oppugnant,
1471 5421 1553 5475 vel
1598 5421 1694 5489 qui
1733 5427 1957 5488 propter
1992 5431 2046 5474 te

457 5516 623 5571 nobis
659 5516 857 5570 iul‘eusi
911 5524 1080 5581 sunt;
1139 5513 1446 5568 Sonuerunt
1501 5521 1705 5577 autem,
1761 5512 1868 5566 hoc
1932 5523 2040 5576 est,

458 5607 766 5661 inauditum
828 5608 1034 5662 dedere
1084 5608 1403 5671 clamorem,
1467 5606 1934 5676 quemadmodum
1988 5609 2040 5661 in

457 5699 800 5755 exercitibus
834 5702 949 5754 ﬁeri
987 5701 1149 5760 solet,
1184 5700 1409 5769 quando
1438 5713 1636 5769 magna
1689 5699 1844 5756 adest
1903 5699 2042 5753 mili-

459 5799 576 5844 tum
603 5791 917 5845 mnltitudo.
955 5791 1044 5845 Vel
1071 5793 1229 5846 aliter
1271 5811 1282 5845 :
1323 5793 1480 5862 liqui
1519 5793 1650 5847 olim
1685 5808 1812 5847 suas
1854 5792 1903 5844 iu
1936 5809 2036 5850 nos

461 5877 780 5933 inimicitias
847 5896 1080 5936 susurro
1156 5898 1295 5950 pene
1358 5893 1566 5937 tantum
1637 5883 2039 5955 signiﬁcabant,

2147 3407 2314 3480 οιμίῳ
2341 3408 2440 3476 τῆς
2475 3405 2685 3476 βίϐλον.
2718 3403 3026 3474 Πεποίηται
3055 3403 3111 3454 δὲ
3137 3403 3166 3454 ὁ
3193 3399 3413 3469 ψαλμδς
3443 3401 3523 3461 είς
3556 3398 3735 3467 πρέσο

2148 3518 2299 3555 ωπον
2331 3499 2440 3552 τῶν
2483 3496 2895 3551 ἐπανελθόντων
2942 3497 3008 3548 ὲκ
3042 3493 3386 3556 Βαϐυλῶνος.
3420 3491 3576 3544 Μετά
3621 3490 3737 3558 γὰρ

2146 3595 2246 3665 τὴν
2277 3594 2490 3648 ἐκεῖθεν
2517 3590 2777 3646 ἐπάνοδον
2807 3589 2906 3660 τὴν
2938 3588 3231 3658 νεουργίαν
3262 3585 3357 3639 τοῦ
3393 3584 3539 3638 θείου
3574 3581 3734 3645 ναοῦ,

2148 3687 2244 3739 καὶ
2272 3685 2373 3755 τὴν
2402 3685 2500 3752 τῆς
2528 3683 2734 3747 πόλεως
2768 3681 3218 3736 ἀποκατάστασιν
3249 3680 3298 3732 οἶ
3331 3677 3573 3746 γείτονες
3603 3676 3737 3727 θεα-

2149 3783 2400 3850 σάμενοι,
2438 3778 2581 3832 κατὰ
2619 3778 2818 3832 ταύτὸν
2852 3777 3295 3847 συνεγείρονται,
3326 3773 3424 3827 καὶ
3477 3771 3741 3840 ϐάρϐαρα.

2149 3871 2608 3942 συναθροίσαντες
2635 3870 2786 3936 ἔθνη,
2819 3871 2935 3932 τοῖς
2976 3866 3257 3931 Ἰουδαίοις
3310 3865 3567 3921 ἐπέθεντο
3589 3877 3606 3894 '
3631 3879 3740 3916 κα-

2146 3962 2609 4034 τεπολεμήθησαν
2640 3962 2721 4028 δὲ,
2757 3961 2853 4014 τοῦ
2903 3958 3215 4029 Ζοροϐάϐελ
3261 3955 3734 4028 στρατηγοῦντος.

2149 4054 2287 4126 Περὶ
2311 4053 2520 4107 τούτων
2542 4049 2635 4106 οὖν
2657 4055 2685 4105 ὁ
2703 4050 2916 4120 ψαλμὸς
2945 4049 3309 4113 συντέθειται,
3333 4043 3740 4118 σχηματισθεὶς

2148 4149 2230 4210 είς
2251 4147 2444 4218 εὐχήν.

2229 4333 2293 4386 Ὃ
2329 4331 2495 4397 Θεὸς,
2523 4331 2614 4395 τις
2648 4325 3085 4398 ὁμοιωθήσεται
3111 4340 3244 4389 o'oc;
3275 4324 3389 4379 Οὐκ
3415 4324 3741 4395 ἐρωτῶντος

2150 4426 2178 4477 ὁ
2201 4425 2382 4493 λόγος,
2415 4421 2530 4476 ἀλλ’
2561 4418 2940 4484 ὲκθειάζσντος
2985 4419 3048 4471 τὸ
3088 4416 3444 4488 ἀσύγκριτον.
3485 4417 3560 4468 Τὸ
3594 4415 3734 4484 γὰρ.

2153 4518 2271 4583 Τις,
2315 4516 2378 4569 οὐ
2423 4516 2486 4569 τὸ
2532 4512 2781 4577 σπάνιον,
2817 4510 2959 4564 ἀλλά
3002 4510 3066 4564 τὸ
3111 4508 3448 4580 ἀσύγκριτον
3496 4506 3742 4561 ἐνταῦθα.

2149 4609 2317 4678 δηλοῖ,
2350 4606 2446 4660 καὶ
2466 4605 2616 4658 ἔστιν.
2641 4603 2763 4657 ἀντὶ
2790 4601 2904 4667 τοῦ,
2938 4599 3148 4666 Οὐδεὶς,
3175 4599 3242 4654 δι’
3267 4593 3330 4658 οὗ
3360 4599 3643 4669 εἰσάγεται
3671 4597 3744 4650 τὸ

2153 4697 2481 4770 ἀπειροδύνα
2490 4713 2610 4766 μον.

2225 4962 2320 5031 Μὴ
2353 4960 2624 5030 σιγήσῃς
2685 4957 2842 5027 μηδὲ
2879 4957 3334 5024 καταπραΰνῃς,
3362 4959 3397 5009 ὁ
3437 4956 3603 5020 Θεός.
3647 4953 3748 5030 Μὴ

2150 5054 2611 5127 μακροθυμήσῃς,
2669 5051 2790 5122 μηδ’
2831 5050 3263 5120 ἀνεξικακήσῃς.
3320 5047 3480 5101 Οῦτω
3527 5048 3636 5118 γὰρ
3681 5045 3742 5104 οῑ

2146 5149 2297 5202 ἄλλοι
2327 5147 2587 5217 ἑρμηνεῖς
2613 5143 2947 5195 ὲκδεδώκασι
2967 5155 2983 5172 ·
3010 5141 3156 5203 τίνος
3179 5141 3236 5193 δὲ
3260 5142 3447 5194 ἕνεκεν
3475 5139 3736 5195 ἄκουσον.

2220 5239 2349 5291 Ὀτι
2373 5236 2505 5290 ιδοὺ
2529 5237 2584 5288 ol
2610 5233 2813 5303 ἐχθροί
2837 5247 2956 5286 σου
2984 5231 3254 5301 ἤχησαν,
3277 5232 3373 5285 καί
3401 5234 3454 5284 ol
3475 5230 3738 5299 μισοῦν-

2145 5331 2244 5397 τές
2276 5344 2351 5382 σε
2381 5324 2535 5397 ἦραν
2565 5325 3102 5394 κεφαλήν-,Ἐχθροί
3135 5341 3256 5389 σου,
3289 5323 3364 5386 ὡς
3394 5323 3474 5394 τῷ
3515 5322 3595 5391 σῷ
3619 5320 3740 5390 λαῴ

2154 5419 2540 5489 πολεμοῦντες,
2567 5419 2623 5488 ἢ,
2653 5419 2728 5482 ὡς
2756 5418 2848 5474 διά
2877 5417 2936 5470 σὲ
2965 5419 3102 5487 ἡμῖν
3131 5413 3518 5485 πολεμοῦντες.
3551 5418 3736 5482 Ἥχη-

2153 5529 2276 5568 σαν
2303 5511 2384 5576 δὲ,
2425 5511 2550 5564 ἀντὶ
2597 5511 2715 5564 τοῦ.
2754 5508 2931 5580 Θροῦν
2965 5507 3182 5576 ἄσημον
3244 5507 3608 5572 ἀπετέλεσαν,
3656 5507 3734 5569 ὡς

2152 5608 2344 5662 εἴωθεν
2393 5607 2500 5661 ὑπὸ
2535 5604 2944 5675 πολυπληθείας
2979 5604 3037 5654 ὲν
3068 5605 3180 5665 τοῖς
3224 5604 3614 5672 στρατοπέδοις
3649 5604 3738 5669 γί-

2151 5701 2362 5754 νεσθαι.
2397 5702 2466 5752 Ἥ
2493 5700 2587 5753 καὶ
2629 5699 2804 5758 ἄλλως
2825 5714 2837 5727 '
2866 5697 2929 5749 Οἱ
2955 5697 3086 5766 πρὶν
3114 5695 3606 5766 ὑποψιθυρίζοντες
3635 5698 3737 5764 τὴν

2150 5793 2272 5847 καθ’
2303 5793 2462 5862 ἡμῶν
2489 5792 2690 5862 ἔχθραν
2715 5791 2809 5844 νῦν
2839 5793 2916 5853 εἰς
2935 5789 3262 5854 ἐξάκουστον
3309 5789 3515 5857 ταύτην
3565 5789 3732 5857 ἤνεγ-

2154 5885 2715 5955 καν,θρασυνόμενοί
2767 5901 2847 5951 τε,
2899 5887 2993 5939 καὶ
3043 5877 3733 5950 ἀλαζονευόμενοι.Ἦραν
