4088 6470
434 452 545 515 εδτ

1604 456 1999 517 ΟΟΜΜΕΝΤ.
2045 456 2128 517 IN
2168 457 2540 518 PSALMOS.

3606 462 3718 526 εἴ)ίί
3778 474 3796 493 ’

431 565 492 618 δὲ
521 552 824 637 κεφιίιὴν,
858 563 983 628 ἀντὶ
1021 565 1141 633 τοῦ,
1186 565 1565 639 Ἐπήρθησαν,
1607 569 2017 642 ἀνεθάρρησαν,

2131 579 2317 638 aperto
2342 584 2490 625 nunc
2518 578 2716 636 marte,
2756 586 2821 628 ac
2857 572 3037 642 palam
3087 573 3319 632 hostiles
3372 575 3589 630 animos
3635 578 3719 631 ta—

432 656 814 728 θαῤῥήσαντες
848 660 964 720 τοῖς
1005 658 1335 730 συμμάχοις.

2132 670 2338 729 tentur,
2373 670 2430 717 et
2459 669 2668 718 temere
2687 666 2871 720 omnia
2905 666 2959 721 in
2990 683 3090 724 nos
3115 678 3362 740 agentes,
3390 667 3719 739 gloriantur.

434 753 965 812 Extuleruntautem
997 764 1193 834 caput,
1212 757 1319 812 hoc
1345 766 1451 824 est,
1482 757 1701 814 animos
1730 764 2019 829 ceperunt,
2058 768 2114 816 et
2135 761 2324 818 multis
2345 772 2535 817 secum
2565 759 2843 831 adiunctis
2903 762 3335 833 eoadjutoribus,
3394 762 3720 820 audaciores

433 848 615 905 εσσειί
656 857 808 905 sunt.

504 971 637 1025 Ἐπὶ
662 970 770 1025 τὸν
784 971 938 1027 λαόν
953 986 1071 1027 σου
1094 978 1778 1047 κατεπανουργεύσαντο
1793 976 2018 1049 γνώμῃ.

435 1065 512 1118 Τὸ
535 1065 780 1136 Γνώμῃ,
805 1065 929 1120 ἀντὶ
951 1065 1045 1118 τοῦ
1077 1066 1192 1139 Μιᾷ
1216 1066 1414 1141 γνώμῃ
1439 1067 1771 1138 συμφώνως.
1796 1067 1933 1121 Τινὰ
1962 1068 2018 1122 δὲ

432 1156 544 1210 τῶν
576 1157 934 1227 ἀντιγράφων
997 1160 1140 1229 μετὰ
1178 1157 1273 1212 τοῦ
1312 1158 1375 1212 νῦ
1409 1158 1640 1230 γνώμην
1669 1160 1980 1231 γράφουσιν
2003 1176 2017 1190 ·

434 1247 574 1316 ὅπερ
599 1247 768 1318 δηλοῖ.
791 1248 873 1301 ὅτι
899 1248 1419 1320 ὲπανουργεύσαντο
1449 1250 1638 1321 κοινὴν
1663 1249 1915 1322 γνώμην.
1940 1250 2019 1319 (l)

450 1339 515 1394 Ἡ
563 1340 619 1394 δὲ
675 1343 840 1396 Κατά
892 1341 1151 1412 πρόθεσις
1222 1342 1478 1397 ἐπίτασιν
1531 1343 1635 1413 τῆς
1677 1343 2022 1412 πανουργίας

434 1434 718 1503 ἐμφαίνει.
755 1434 966 1499 Ἄλλως
992 1451 1008 1466 ο
1035 1436 1099 1490 τὸ
1133 1436 1235 1504 τῆς
1261 1435 1489 1507 γνώμης
1536 1437 1713 1508 ὄνομα
1754 1437 1885 1490 ποτὲ
1919 1436 2021 1507 μὲν

435 1525 590 1595 δηλοῖ
610 1525 708 1596 τὴν
754 1526 1079 1596 παραίνεσιν
1099 1526 1175 1590 ὡς
1204 1525 1234 1578 ὁ
1250 1525 1579 1590 Ἀπόστολος
1598 1544 1614 1560 ·
1645 1527 1783 1596 Περὶ
1809 1525 1879 1580 δὲ
1904 1526 2027 1581 τῶν

436 1618 752 1686 παρθένων
817 1617 1113 1687 ἐπιταγὴν
1164 1621 1388 1686 Κυρίου
1436 1621 1551 1673 οὐκ
1590 1620 1733 1690 ἔχω,
1765 1618 1842 1690 (2)
1874 1617 2025 1689 γνώ-

428 1728 558 1778 μην
582 1709 653 1763 δὲ
683 1709 891 1780 δίδωμι
913 1729 925 1741 ·
970 1711 1105 1766 ποτὲ
1135 1711 1193 1765 δὲ
1252 1712 1355 1783 τὴν
1382 1711 1602 1783 βουλὴν,
1635 1713 1711 1776 ὡς
1742 1713 1839 1767 καὶ
1866 1712 1960 1764 νῦν
1995 1713 2025 1766 ὁ

433 1798 604 1854 Δτὸίδ
628 1816 641 1830 ’
672 1801 806 1856 Ἐπὶ
839 1802 949 1855 τὸν
976 1803 1132 1857 λαόν
1170 1818 1287 1857 σου
1332 1804 2021 1871 κατεπανουργεύσαντο

2199 976 2367 1032 Vens.
2398 975 2453 1031 4.
2488 973 2660 1044 Super
2685 972 2937 1043 populum
2960 982 3109 1027 tuum
3136 974 3559 1044 malignaverunt
3589 988 3716 1027 com

2130 1070 2273 1126 silio.
2306 1069 2576 1133 Consilio,
2613 1070 2720 1123 hoc
2739 1077 2846 1134 est,
2878 1067 3140 1121 concordi
3178 1081 3242 1123 ac
3268 1066 3551 1122 communi
3593 1078 3716 1120 om-

2130 1163 2285 1219 nium
2319 1161 2614 1217 sententia.
2655 1158 2918 1227 Quaedam
2945 1158 3287 1228 exemplaria
3319 1159 3544 1223 habent,
3572 1157 3716 1213 Con-

2132 1256 2337 1320 silium,
2371 1254 2427 1309 in
2463 1265 2669 1324 quarto
2695 1268 2851 1315 casu,
2876 1260 2932 1306 et
2953 1260 3089 1307 tunc
3110 1266 3306 1306 sensus
3337 1265 3460 1307 esse
3480 1251 3718 1313 videtur,

2132 1345 2279 1415 quod
2340 1357 2637 1400 commune
2691 1342 2988 1398 consilium
3056 1343 3302 1413 maligno
3348 1357 3413 1397 ac
3458 1356 3722 1412 perverso

2133 1438 2315 1492 animo
2342 1435 2606 1491 inierunt.
2651 1435 2948 1491 Sciendum
2998 1445 3088 1491 cst
3130 1443 3310 1491 autem
3349 1435 3496 1506 quod
3531 1434 3719 1490 Graeca

2134 1528 2329 1594 dictio,
2361 1528 2585 1599 γνώμη,
2626 1543 2747 1597 quae
2799 1527 2887 1582 hic
2917 1527 2973 1581 in
2999 1526 3195 1583 Graeco
3229 1527 3490 1590 habetur,
3544 1537 3597 1581 et
3623 1540 3725 1595 pro

2135 1638 2242 1691 qua
2269 1620 2544 1688 iuuet-pres
2576 1620 2860 1674 consilium
2902 1618 3169 1681 reddidit.
3196 1619 3500 1689 aliquando
3535 1618 3725 1671 admm

2133 1715 2396 1770 nitionem
2433 1714 2723 1784 signiﬁcat.
2756 1714 3060 1783 juxtaillull
3086 1714 3332 1785 Apostoli
3356 1730 3371 1768 :
3396 1712 3472 1767 De
3500 1711 3725 1781 virgini-

2135 1807 2230 1861 bus
2261 1816 2436 1861 autem
2467 1817 2787 1875 pra'ceptum
2820 1807 3059 1865 Domini,
3086 1822 3186 1861 non
3223 1805 3412 1867 habeo,
3442 1803 3725 1857 consilium

435 1894 700 1963 γνώμην,
735 1895 1036 1959 τουτέστιν,
1073 1895 1401 1967 πανούργως
1425 1896 1766 1967 ἐμελέτησαν
1799 1896 2023 1965 βουλήν·

2135 1911 2308 1954 autem
2341 1899 2407 1953 do
2434 1898 2477 1952 ".
2513 1898 2843 1968 Aliquando,
2880 1898 3205 1961 consilium,
3242 1906 3304 1951 ut
3330 1897 3514 1951 hocin
3545 1895 3667 1948 loco
3705 1909 3719 1945 :

438 1986 575 2039 ποτὲ
621 1986 678 2040 δὲ
703 1986 804 2057 τὴν
827 1986 1034 2057 ψῆφον,
1067 1988 1147 2052 ὥς
1171 1988 1233 2041 τδ
1274 1988 1367 2042 τοῦ
1406 1988 1610 2060 Δανιὴλ
1636 2004 1651 2021 ⁸
1682 1989 1821 2057 Περὶ
1861 1989 2023 2054 τίνος

2131 1994 2304 2064 Super
2340 1995 2594 2063 populum
2625 2002 2774 2047 tuum
2803 1994 3225 2063 malignaverunt
3257 1991 3567 2045 consilium.
3608 1986 3725 2042 Ali-

431 2079 696 2147 ἐξῆλθεν
735 2078 774 2147 ἡ
804 2080 1009 2149 γνώμη
1040 2082 1077 2150 ἠ
1104 2080 1402 2149 ἀναιδής-ς
1440 2080 1795 2151 Δαμόἀνεται
1820 2081 1878 2134 δὲ
1931 2081 2028 2133 καὶ

434 2175 529 2228 ἐπὶ
554 2172 813 2237 πίστεως,
841 2176 938 2228 καὶ
963 2174 1256 2243 δόγματος,
1282 2175 1380 2228 καὶ
1403 2175 1583 2246 φρονὴ
1594 2190 1767 2246 ματος
1783 2189 1797 2203 ·
1829 2175 1906 2236 ὡς
1933 2174 2028 2227 καὶ

437 2267 592 2335 παρὰ
628 2265 710 2337 τῷ
740 2266 990 2339 Θεολόγῳ
1017 2283 1032 2298 ο
1065 2267 1138 2332 Τὸ
1163 2268 1232 2322 δὲ
1258 2267 1720 2338 ἁντεισαγαγεῒν
1748 2265 1864 2334 τὴν
1888 2267 2027 2323 ἐαυ-

434 2357 545 2413 τοῦ
584 2357 828 2429 γνώμην
878 2359 1101 2429 ἀνδρὸς
1125 2361 1418 2427 εὐσεϐοῦς
1440 2360 1539 2414 καὶ
1564 2359 1718 2415 νοῦν
1746 2360 2022 2428 ἔχοντος.

440 2462 547 2504 lem
593 2448 747 2505 :Sed
784 2468 937 2506 suam
996 2466 1061 2506 ex
1123 2453 1345 2509 adverso
1405 2454 1703 2522 opinionem
1759 2456 2022 2509 adducere
2068 2454 2170 2509 viri
2227 2456 2306 2527 pii
2358 2466 2436 2511 est
2496 2470 2545 2511 et
2598 2456 2878 2526 sapientis.

437 2546 573 2601 locis
612 2547 665 2601 in
697 2542 889 2604 Graeco
920 2548 1176 2616 habetur,
1209 2558 1270 2605 ut
1299 2550 1541 2608 diximus
1575 2551 1744 2609 dictio
1770 2551 2018 2623 γνώμη.)

508 2662 614 2719 Καί
643 2663 1091 2718 ἐϐουλεύσαντο
1109 2664 1260 2719 κατὰ
1287 2663 1408 2719 τῶν
1423 2667 1610 2736 ἁγίων
1632 2683 1773 2721 σου.
1811 2664 2017 2720 Παλιλ-

437 2759 595 2826 λογία
623 2754 783 2809 τοῦτο
834 2754 932 2809 καὶ
965 2756 1310 2827 σαφηνισμδς
1354 2757 1450 2810 τοῦ
1504 2759 1613 2830 πρὸ
1648 2757 1838 2813 αὐτοῦ.
1884 2758 2024 2828 Περὶ

436 2848 495 2903 δὲ
541 2849 650 2902 τῶν
696 2847 870 2917 ἁγίων
909 2847 1137 2902 τοιαῦτα
1183 2849 1420 2918 νοήσεις,
1463 2844 1552 2903 οἷα
1596 2850 1694 2903 καὶ
1733 2850 1864 2921 περὶ
1912 2850 2024 2904 τῶν

437 2943 617 3005 ὁσίων,
649 2941 727 3004 ὼς
760 2942 816 2993 ὲν
841 2939 921 3011 τῷ
945 2947 1026 3011 οη¹
1060 2941 1261 3012 ψαλμῷ
1292 2942 1646 3013 προείρηται.

505 3030 734 3089 εἶπαν
791 3033 989 3098 Δεῦτε,
1037 3033 1136 3088 καὶ
1195 3034 1732 3106 ἐξολοθρεύσωμεν
1796 3034 2023 3102 αὐτοὺς

420 3126 505 3193 ,ἐξ
534 3125 777 3193 ἔθνους,
816 3126 915 3180 καί
948 3129 1020 3182 οὐ
1045 3125 1133 3198 μὴ
1162 3127 1409 3196 μνησθῇ
1429 3130 1496 3183 τὸ
1530 3127 1721 3199 ὄνομα
1768 3127 1877 3184 τοῦ
1906 3129 2021 3183 Ἰσο

433 3218 600 3290 ραήλ
637 3220 746 3275 ἔτι.
784 3219 1015 3292 Τοῦτοή
1048 3219 1268 3292 γνώμη,
1308 3221 1470 3276 τοῦτο
1513 3223 1549 3293 ἡ
1603 3221 1801 3294 βουλή·
1848 3223 1912 3279 τδ
1965 3222 2024 3276 δὲ

453 3315 556 3381 Ἐξ
588 3316 824 3382 ἔθνους,
872 3316 1018 3379 ἀντὶ,
1055 3311 1212 3371 Εἶναι
1254 3315 1429 3382 ἔθνος,
1482 3316 1778 3385 ἐλάσαντες
1822 3318 2024 3381 αὐτοὺς

440 3410 522 3472 εἰς
571 3409 632 3461 τὸ
670 3409 746 3481 μὴ
801 3405 946 3462 εἶναι
997 3407 1190 3470 ἔθνος·
1233 3410 1297 3463 τὸ
1346 3411 1425 3473 δὲ,
1473 3411 1558 3465 οὐ
1612 3411 1699 3479 μὴ
1747 3409 2023 3481 μνησθῇ,

2129 2086 2352 2155 quando
2376 2094 2559 2141 autem
2589 2087 2946 2153 sententiam,
2975 2094 3036 2139 ut
3069 2085 3203 2139 illud
3234 2083 3479 2137 Danielis
3503 2099 3517 2136 :
3543 2080 3721 2146 Quam

2128 2180 2191 2233 ob
2226 2195 2446 2232 causam
2489 2178 2651 2232 exivit
2696 2186 2807 2231 tam
2867 2177 3145 2246 impudens
3203 2175 3469 2231 sententia
3506 2172 3575 2226 ⁸⁸2
3611 2170 3720 2225 Ali-

2124 2271 2350 2342 quando
2378 2270 2549 2326 etiam
2581 2270 2901 2341 opinionem
2921 2269 2990 2324 de
3019 2267 3145 2331 fide,
3184 2278 3281 2321 aut
3333 2265 3401 2320 de
3451 2262 3718 2335 quopiam

2125 2362 2405 2433 dogmate,
2442 2362 2606 2437 quale
2653 2362 2787 2418 illud
2818 2371 2904 2419 est
2942 2363 3085 2431 apud
3142 2360 3482 2427 Thoologum
3531 2357 3724 2413 dicen-

2970 2451 3063 2521 (ln
3124 2452 3382 2508 omnibus
3435 2450 3582 2505 enim
3636 2449 3723 2502 his

2204 2664 2273 2719 Et
2322 2661 2709 2718 consuluerunt
2759 2658 3012 2716 adversus
3046 2669 3260 2715 sanctos
3313 2669 3450 2713 tuos.
3498 2656 3723 2712 ltoratio

2126 2756 2399 2816 sermonis
2439 2767 2524 2812 est
2558 2755 2627 2811 ad
2665 2755 2931 2826 majorem
2968 2755 3354 2824 praedictorum
3389 2751 3721 2806 declaratio-

2127 2866 2278 2907 nem.
2312 2848 2389 2906 De
2418 2847 2627 2904 sanctis
2659 2856 2867 2914 autem,
2892 2845 3015 2902 vide
3034 2861 3156 2915 qua:
3178 2847 3231 2899 in
3258 2845 3474 2917 psalmo
3504 2857 3721 2897 Lux-nt

2127 2940 2275 2997 dicta
2315 2947 2464 2996 sunt.

2207 3030 2370 3088 Vens.
2404 3032 2456 3088 5.
2484 3031 2749 3087 Dixerunt
2777 3047 2797 3088 :
2849 3029 3048 3095 Venite,
3101 3029 3508 3087 exlerminemus
3538 3043 3626 3082 eos
3659 3040 3727 3080 ea:

2131 3132 2299 3196 gente,
2328 3134 2377 3179 et
2405 3141 2510 3180 non
2542 3135 2862 3219 memoregur
2892 3140 3081 3179 nomen
3115 3121 3289 3177 Israel
3312 3121 3565 3191 amplius.
3605 3116 3723 3173 Hoc

2132 3227 2217 3276 est
2240 3217 2537 3274 consilium
2576 3217 2725 3290 quod
2759 3217 3031 3274 inierunt.
3060 3217 3503 3272 Exterminemus
3537 3221 3723 3272 autem

2135 3328 2201 3369 ex
2255 3320 2442 3384 gente,
2477 3311 2582 3367 hoc
2621 3322 2727 3378 est,
2760 3313 3045 3382 privemus
3078 3326 3175 3366 eos
3220 3310 3326 3364 hac
3365 3308 3633 3378 qualitate
3665 3316 3727 3362 ut

2132 3414 2321 3479 gentes
2353 3406 2486 3469 sint,
2509 3404 2833 3461 deducendo
2860 3419 2956 3460 eos
2989 3403 3248 3458 nimirum
3275 3402 3342 3457 ad
3368 3401 3596 3456 nihilum
3621 3417 3635 3453 :
3670 3407 3728 3455 et

438 3500 583 3563 ἀντὶ,
611 3500 688 3554 Οὐ
723 3499 1098 3571 μνημονευθῇ,
1136 3500 1241 3555 οὐκ
1273 3500 1355 3555 ἔτι
1400 3501 1684 3576 ὀνομασθῇ
1714 3502 1867 3574 ὅμως
1891 3520 1908 3535 ο
1937 3496 2023 3557 οἷα

2131 3500 2371 3571 amplius
2396 3513 2504 3553 non
2528 3509 2895 3563 memoretur,
2930 3497 3036 3554 hoc
3059 3506 3163 3560 est,
3191 3496 3246 3551 in
3281 3496 3530 3551 futurum
3566 3509 3728 3564 prora

442 3592 643 3666 μηκέτι
676 3591 833 3657 ὄντος
864 3592 962 3648 τοῦ
1007 3592 1256 3652 τοιούτου
1295 3593 1506 3660 ἔθνους.

507 3771 640 3827 Ὅτι
692 3770 1142 3827 ἐϐουλεύσαντο
1188 3772 1258 3826 ἐν
1289 3773 1542 3844 ὁμονοίᾳ
1580 3772 1681 3827 ἐπὶ
1731 3773 1800 3827 τὸ
1852 3774 2025 3831 αὑτό.

440 3865 634 3951 Eheu!
662 3863 990 3935 πανούργως
1036 3864 1380 3937 ἐμελέτησαν
1417 3864 1642 3937 βουλήν.
1669 3846 2028 3936 Ἐπαναλαμ-

440 3956 596 4012 σάνει
627 3956 682 4011 δὲ
711 3957 803 4011 τὸν
828 3956 989 4027 λόγον
1033 3957 1137 4028 τῆς
1185 3957 1381 4029 βουλῆς
1418 3958 1514 4012 καὶ
1557 3958 2029 4029 ὀμογνωμοσύνης

441 4050 661 4106 αὐτῶν·
697 4047 955 4104 ἐντεῦθεν
989 4051 1071 4114 εἰς
1113 4051 1334 4123 ἄμυναν
1380 4055 1551 4108 κινῶν
1599 4054 1692 4106 τὸν
1739 4054 2028 4111 διασκεδά-

441 4146 603 4209 (cura
652 4139 850 4216 βουλὰς
908 4142 1103 4198 ἐθνῶν.
1153 4142 1571 4213 Διηγηματικὺν
1613 4142 1693 4209 δὲ,
1738 4143 1800 4197 τὸ
1850 4143 1983 4196 Ὅτι
2009 4160 2025 4175 ·

442 4234 538 4288 καὶ
571 4232 634 4289 τὸ
672 4232 794 4304 μὲν,
823 4234 923 4287 Ἐν
959 4233 1232 4304 ὁμονοίᾳ,
1261 4234 1357 4288 ἐπὶ
1387 4234 1490 4306 τῆς
1536 4234 1764 4307 γνώμης
1810 4235 2028 4306 λαμϐά-

440 4342 590 4380 νεται
610 4364 629 4393 ,
654 4325 717 4381 τὸ
743 4324 825 4393 δὲ,
854 4323 995 4380 Ἐπὶ
1017 4325 1083 4381 τὸ
1098 4325 1270 4392 αὐτὸ,
1296 4324 1390 4381 ἐπὶ
1415 4326 1511 4380 τοῦ
1529 4326 1721 4393 τόπου,
1737 4325 2019 4384 τουτέστιν

441 4421 524 4487 είς
551 4420 681 4492 μίαν
706 4422 938 4493 γνώμην
973 4419 1345 4487 συνελθόντες,
1380 4420 1476 4477 καὶ
1502 4422 1581 4485 εἰς
1599 4419 1701 4476 ἕνα
1731 4420 1920 4482 τόπον,

511 4694 673 4751 Κατὰ
717 4694 837 4750 σοῦ
886 4690 1185 4761 διαθήκην
1235 4687 1522 4745 διέθεντο.
1582 4689 1864 4763 Διαθήκην
1929 4691 2029 4766 τὴν

2136 3609 2235 3649 sus
2286 3607 2394 3648 non
2428 3592 2766 3660 nominetur,
2806 3592 3043 3664 perdita,
3079 3591 3337 3651 videlicet
3395 3606 3460 3647 ac
3506 3589 3727 3661 penitus

2134 3685 2402 3757 dissipata
2432 3686 2523 3740 illa
2550 3695 2732 3756 gente.

2203 3777 2371 3834 Vens.
2419 3776 2474 3835 6.
2504 3777 2767 3844 Quoniam
2810 3777 3241 3834 consultaverunt
3293 3777 3617 3832 unanimiter
3651 3775 3729 3829 si-

2132 3873 2264 3925 mul.
2300 3868 2417 3926 lloc
2446 3878 2551 3938 est,
2600 3870 2831 3928 sceleste
2892 3887 2957 3926 ac
2991 3872 3231 3943 maligne
3285 3870 3533 3925 meditati
3597 3874 3732 3921 sunt

2133 3965 2450 4022 consilium.
2484 3963 2806 4019 Rcassumit
2849 3965 2997 4018 enim
3029 3977 3341 4018 sermonem
3370 3962 3436 4017 de
3468 3953 3725 4026 consilio,

2130 4070 2184 4115 et
2213 4056 2491 4113 communi
2524 4071 2715 4111 eorum
2739 4055 3174 4125 conspiratione,
3215 4053 3386 4109 Deum
3425 4054 3531 4107 hoc
3562 4060 3727 4122 pacto

2133 4151 2384 4208 excitans
2414 4150 2480 4205 ad
2514 4149 2842 4214 vindictam,
2882 4148 2977 4218 qui
3007 4149 3253 4220 gentium
3289 4146 3427 4203 solet
3453 4142 3729 4215 dissipare

2131 4243 2391 4301 consilia.
2453 4242 2632 4299 Dictio
2690 4253 2874 4296 autem
2934 4241 3223 4319 Quoniam,
3277 4240 3558 4295 narrantis
3597 4245 3729 4303 est;

2130 4337 2301 4395 dictio
2337 4335 2695 4400 Unanimiter,
2741 4335 2809 4390 ad
2843 4335 3079 4390 consilia
3104 4348 3295 4389 eorum
3330 4329 3571 4386 refertur
3599 4346 3615 4397 ;
3644 4328 3727 4383 di-

2132 4431 2245 4487 ctio
2266 4444 2421 4495 vero,
2451 4427 2518 4483 In
2557 4446 2743 4494 unum,
2776 4430 2840 4484 ad
2865 4429 3049 4483 locum
3083 4445 3098 4482 :
3128 4438 3182 4483 et
3213 4442 3413 4483 sensus
3443 4436 3548 4489 est,
3573 4423 3728 4494 quod

2132 4524 2187 4580 in
2219 4539 2385 4580 unam
2412 4532 2793 4581 convenerunt
2824 4522 3178 4590 sententiam,
3221 4534 3386 4592 atque
3427 4521 3481 4574 in
3529 4519 3727 4574 eodem

2130 4618 2278 4673 loco.

2204 4707 2474 4763 Adversus
2512 4717 2562 4762 te
2597 4715 2973 4763 testamentum
3018 4708 3415 4776 disposuerunt.
3445 4736 3516 4745 —
3540 4705 3729 4761 Testa-

441 4790 719 4861 συνθήκην
751 4788 903 4859 λέγει
926 4805 941 4821 ο
970 4784 1092 4843 εἷτα
1114 4782 1735 4856 λοιπδνάπαριθμεϊται
1772 4787 1871 4843 καὶ
1897 4788 2023 4855 τοὺς

2138 4810 2376 4855 mentum
2406 4801 2591 4870 posuit
2638 4814 2739 4871 pro
2780 4799 3015 4864 findere,
3049 4816 3145 4855 seu
3178 4808 3342 4867 pacto
3386 4798 3552 4870 (quod
3579 4799 3726 4852 enim

439 4881 585 4936 οὕτω
617 4882 1007 4954 συνθεμένους.

2134 4890 2343 4951 Graeca
2396 4859 2692 4958 dictiones,
2747 4893 2986 4965 διαθήκη
3044 4901 3101 4947 et
3154 4859 3555 4963 ouvdﬂxsutam
3593 4906 3729 4946 voce

437 4988 603 5044 quam
656 4972 1019 5040 derivatione,
1055 4979 1111 5029 et
1136 4973 1542 5045 signiﬁcatione
1583 4984 1831 5048 cognatae
1861 4977 2266 5048 quodammodo
2293 4995 2442 5047 sunt,
2477 4984 2607 5040 hinc
2638 4983 2843 5041 factum
2882 4993 2990 5053 est,
3016 4993 3077 5041 ut
3101 4985 3277 5042 altera
3316 4986 3543 5040 alterius
3582 4999 3728 5054 saepe

439 5072 562 5131 ioco
589 5070 867 5142 ponatur.)
898 5070 1105 5127 Deinde
1123 5086 1222 5129 eos
1237 5084 1629 5140 eonnumerat,
1647 5075 1743 5146 qui
1762 5076 1818 5130 in
1845 5092 2017 5132 unum
2056 5078 2223 5136 simul
2257 5089 2658 5139 convenerunt.

515 5164 592 5220 Τὰ
620 5164 988 5233 σκηνώματα
1024 5163 1147 5220 τῶν
1177 5166 1531 5237 Ἰδουμαίων
1564 5170 1665 5225 καὶ
1696 5171 1751 5223 οί
1783 5171 2023 5241 Ἰσμαη‹

2210 5173 2378 5232 Vens.
2412 5175 2465 5232 7.
2501 5177 2865 5233 Tabernacula
2899 5175 3286 5241 Idunueorum,
3321 5185 3371 5230 et
3404 5173 3720 5229 Ιδηιαείὶιαι.

438 5257 621 5314 litat.
662 5286 734 5298 -—
782 5256 862 5312 Τὰ
914 5258 1284 5328 σκηνώματα
1332 5260 1454 5316 τῶν
1489 5262 1863 5333 Ἰδουμαίων,
1911 5265 2023 5319 ἀντῖ

2133 5266 2239 5323 Per
2271 5267 2644 5325 ldumaaorum
2679 5269 3059 5331 tabernacula,
3089 5267 3176 5322 vel
3205 5268 3357 5336 ipsos
3391 5267 3719 5335 simpliciter

439 5349 559 5416 τοῦ,
595 5349 663 5403 Ἦ
695 5349 853 5414 πόλις
891 5350 1001 5404 τῶν
1028 5353 1370 5423 Ίδουμαιων,
1412 5355 1446 5427 ἢ
1474 5354 1598 5409 ἀντὶ
1630 5355 1749 5421 τοῦ,
1773 5358 1838 5409 Οἱ
1868 5356 2023 5411 Ἰδου-

2135 5360 2406 5417 Idumaeos
2454 5362 2730 5434 intelligit,
2779 5362 2862 5417 vel
2915 5373 3109 5417 eorum
3161 5360 3429 5415 civitates.
3496 5358 3720 5413 ldummi

446 5443 618 5515 μσῖοι,
668 5442 816 5497 κατὰ
851 5442 1210 5516 περίφρασιν.
1247 5445 1545 5516 Ἰδουμαῖοι
1602 5447 1662 5503 δὲ
1722 5448 1879 5512 ἔθνος
1927 5450 2023 5504 ἀπὶ

2135 5462 2319 5510 autem
2348 5453 2690 5513 descendunt
2715 5455 2784 5512 ab
2814 5453 2981 5521 Esau,
3008 5454 3101 5526 qui
3130 5453 3241 5510 alio
3267 5452 3490 5509 nomine
3526 5450 3715 5511 dictus

512 5626 538 5662 ⁷
569 5626 593 5685 Ι
627 5628 757 5684 Cor.
789 5642 890 5693 vn,
927 5627 1021 5687 25.
1101 5602 1127 5660 δ
1156 5625 1291 5683 Dan.
1327 5645 1390 5695 ιι,
1433 5630 1521 5686 15.

1810 5768 2022 5830 Varim
2052 5768 2385 5834 lectiones.

509 5900 585 5977 (ς)
613 5899 803 5977 gra‘ce
829 5900 1087 5977 additur}
1122 5902 1437 5977 Prwpositio
1468 5913 1644 5958 autem
1680 5901 1823 5977 κατά
1844 5903 2198 5960 intensionem
2235 5904 2456 5961 malitiw
2490 5904 2782 5977 signiﬁcat.

514 5971 592 6043 (2)
624 5970 963 6041 Vertondum
994 5971 1159 6045 igitur
1197 6016 1210 6029 .
1247 5970 1510 6030 Mouitum
1543 5983 1719 6028 autem
1750 5974 1832 6031 do.
