4088 6466
1754 265 1785 300 Ι

351 456 460 517 859

1561 448 1950 516 EUTHYMII
1997 446 2365 508 ZIGABENI

3507 435 3611 498 860

350 583 436 631 est
466 574 629 628 etiam
678 574 874 630 Edam.
909 574 1199 630 lsmaelitae
1230 586 1365 628 vero
1400 586 1576 641 genus
1611 556 1775 625 suum
1822 567 1919 622 de-

2039 559 2212 612 Ἣσαῦ
2266 559 2645 630 καταγόμενον
2673 575 2686 588 ’
2727 556 2909 624 Ἐδὼμ
2935 553 3044 623 γὰρ
3076 557 3103 606 ὁ
3142 551 3312 605 Ἡσαῦ
3359 550 3563 621 ἐκλήθη
3599 567 3609 581 '

352 667 564 722 ducunt
594 667 662 722 ab
686 666 916 722 ismaele
945 666 1058 722 lilio
1088 665 1343 720 Abrahae.

368 885 373 890 -
425 846 589 903 Vsus.
621 847 674 901 8.
702 846 859 900 Moab
893 857 942 900 et
982 845 1238 915 Agareni.
1278 843 1532 899 Moabitae
1564 842 1750 914 populi
1775 851 1930 908 sunt,

353 940 447 1007 qui
479 939 744 1006 originem
786 938 1016 992 trahunt
1062 953 1092 992 a
1142 937 1299 992 Moab
1356 937 1471 991 lilio
1514 935 1656 1002 Lot;
1690 935 1931 1006 Agareni

353 1046 481 1086 vero
496 1032 568 1085 ab
584 1032 729 1099 Agar
749 1040 925 1085 matre
950 1031 1221 1097 lsmaelis,
1241 1045 1364 1099 quae
1383 1040 1674 1102 postquam
1700 1028 1931 1098 expulsa

350 1134 438 1180 est
466 1139 496 1179 ο
535 1125 701 1179 domo
732 1124 994 1192 Abrahae,
1022 1124 1182 1180 alteri
1208 1139 1269 1180 se
1295 1126 1412 1180 viro
1443 1122 1733 1194 c0njunxit
1784 1122 1931 1177 unde

352 1213 442 1269 isti
478 1214 908 1271 descenderunt.

426 1303 593 1359 Gebal
646 1314 697 1359 et
751 1305 1001 1372 Ammon,
1033 1315 1084 1360 et
1115 1305 1392 1361 Amalech.
1444 1305 1702 1362 Gebaleni
1746 1304 1930 1375 populi

353 1403 532 1460 erant,
567 1396 660 1466 qui
701 1411 869 1466 prope
898 1396 1193 1453 ldumaeam
1229 1397 1574 1452 habitabant.
1601 1396 1932 1451 Ammonita

354 1496 536 1542 autem
571 1487 644 1541 ita
671 1487 1007 1542 denominati
1033 1498 1163 1544 sunt
1193 1489 1261 1543 ab
1300 1489 1536 1542 Ammon
1583 1489 1695 1542 ﬁlio
1719 1487 1838 1543 Lot.
1865 1487 1932 1542 Et

356 1580 673 1634 Amalecita:
693 1579 1025 1646 ahAmalec,
1054 1582 1146 1650 qui
1178 1592 1233 1636 et
1267 1581 1383 1650 ipse
1400 1581 1671 1652 originem
1697 1582 1936 1636 ducebat

356 1672 428 1723 ab
463 1669 631 1733 Esau,
656 1671 748 1739 qui
792 1687 928 1725 sane
964 1670 1127 1725 aliam
1158 1671 1226 1725 ab
1259 1670 1495 1727 ldumma
1538 1673 1814 1744 regionem
1849 1688 1934 1728 se-

356 1763 587 1831 paratim
625 1762 969 1818 habitabant.

2035 650 2378 720 Ὶσμαηλῖται
2442 650 2501 704 δὲ
2575 648 2729 712 ἔθνος
2793 647 2984 716 ἕτερον
3049 643 3157 697 ἀπὸ
3216 641 3444 712 Ἰσμαὴλ
3491 641 3611 695 υίοῦ

2033 744 2313 814 Ἀϐραάμ.

2105 838 2286 891 Μωὰϐ
2327 835 2425 889 καὶ
2456 837 2511 889 οἱ
2550 832 2875 903 Ἀγαρηνοί.
2911 829 3087 885 Metili
3122 828 3271 896 λέγει
3302 827 3429 889 τοὺς
3450 828 3618 880 Mota—

2033 931 2192 993 ϐίτας
2216 947 2229 960 ο
2267 929 2419 991 ἔθνος
2449 928 2505 981 δὲ
2528 928 2623 979 καὶ
2646 920 2815 987 οὗτοι,
2850 925 2957 979 ἀπὸ
2979 923 3176 987 Μωὰϐ,
3210 920 3327 974 υίοῦ
3351 920 3446 974 τοῦ
3470 918 3615 973 Λώτ.

2047 1023 2342 1092 Ἀγαρηνοὶ
2397 1021 2453 1074 δὲ
2505 1020 2659 1082 ἔθνος
2724 1019 2834 1072 ἀπὸ
2888 1015 2989 1086 τῆς
3027 1017 3208 1084 Ἅγαρ
3249 1013 3352 1082 τῆς
3409 1011 3619 1081 μητρὸς

2046 1112 2677 1186 Ἰσμαὴλ,συναφθείσης
2704 1111 2876 1181 ἑτέρῳ
2909 1109 3049 1178 μετὰ
3066 1110 3127 1160 τὸ
3156 1105 3496 1176 ἀπελαθῆναι
3518 1106 3620 1170 τῆς

2032 1208 2211 1270 οἰκίας
2240 1208 2512 1277 Ἀϐραάμ.

2104 1304 2156 1356 Γ
2157 1301 2301 1355 εϐὰλ
2362 1299 2461 1352 καί
2533 1296 2777 1367 Ἇμμὼν,
2832 1295 2930 1350 καί
2979 1293 3263 1363 Ἀμαλήκ.
3323 1289 3620 1358 Γεϐαληνοὶ

2035 1394 2187 1457 ἔθνος
2234 1392 2511 1462 περίοικον
2556 1390 2654 1456 τῆς
2692 1385 3005 1456 Ἰδουμαίας
3032 1402 3046 1416 ·
3076 1384 3411 1454 Ἀμμανῖται
3466 1382 3620 1443 ἔθνος

2034 1487 2142 1540 ἀπὺ
2167 1484 2261 1539 τοῦ
2286 1483 2514 1554 Ἀμμὼν
2537 1481 2631 1536 τοῦ
2655 1480 2772 1534 υίοῦ
2796 1478 2919 1534 Λώτ
2936 1494 2950 1508 ·
2986 1478 3355 1547 Ἀμαληκῖται
3378 1475 3436 1528 δὲ
3466 1473 3618 1537 ἔθνος

2034 1579 2143 1632 ἀπὸ
2186 1576 2454 1645 Ἀμαλὴκ,
2483 1575 2543 1638 ὃς
2566 1569 2636 1643 ἦν
2673 1573 2769 1627 καὶ⁵
2829 1570 2993 1632 αὐτὸς
3024 1568 3246 1636 ἔκγονος
3288 1565 3481 1631 Ἠσαῦ,
3515 1581 3620 1616 κιο

2034 1674 2201 1747 τῴκει
2221 1673 2277 1727 δὲ
2307 1669 2491 1743 χώραν
2522 1668 2715 1739 ἑτέραν
2747 1664 2901 1737 παρὰ
2930 1664 3054 1727 τοὺς
3088 1659 3448 1731 Ἰδουμαίους.

426 1856 755 1926 Alienigena:
781 1872 900 1909 cum
949 1857 1017 1910 iis
1047 1857 1140 1926 qui
1184 1857 1500 1911 habitabant
1558 1858 1778 1929 Tyrum.
1834 1860 1934 1913 Per

2109 1876 2477 1943 Ἀλλόςουλοι
2516 1870 2669 1940 μετὰ
2717 1866 2836 1922 τῶν
2901 1863 3344 1920 κατοικούντων
3409 1860 3619 1927 Τύρον.

356 1949 692 2018 alienigenas
730 1947 1042 2004 Philistaeos
1085 1950 1355 2018 intellige,
1405 1967 1546 2021 quos
1587 1967 1738 2006 nunc
1767 1951 1938 2007 Palae-

357 2039 535 2093 stinos
557 2039 817 2095 dicimus.
842 2040 904 2093 Hi
933 2041 1138 2095 etenim
1170 2042 1494 2098 viciniorem
1525 2041 1732 2100 Judaeis
1760 2045 1938 2115 regio-

357 2144 480 2184 nem
539 2130 861 2185 habitabant
898 2148 912 2183 :
946 2142 1110 2201 atque
1160 2133 1285 2189 ideo
1306 2133 1627 2206 alienigena:
1657 2136 1710 2190 in
1754 2138 1936 2206 specie

356 2224 616 2292 appellati
642 2233 793 2281 sunt.
824 2226 927 2282 Per
947 2227 1261 2284 habitantes
1276 2237 1457 2283 autem
1485 2226 1713 2300 Tyrum,
1739 2228 1936 2301 Tyrios

357 2314 636 2386 intelligit.

434 2406 596 2463 Vens.
622 2408 676 2463 9.
709 2408 921 2464 Etenim
948 2420 1001 2464 et
1040 2411 1212 2465 Assur
1245 2413 1383 2466 venit
1434 2428 1555 2467 cum
1581 2412 1711 2469 illis.
1758 2414 1936 2469 Assur

357 2502 576 2569 proprie
609 2501 821 2572 Assyrii
862 2511 991 2558 sunt
1023 2521 1039 2557 :
1073 2519 1261 2558 verum
1291 2504 1397 2559 hoc
1425 2504 1479 2559 in
1516 2505 1661 2571 loco,
1688 2504 1934 2560 Samari-

356 2602 516 2653 tanos
541 2594 611 2646 ita
635 2594 891 2663 appellat.
932 2595 1097 2649 veluti
1140 2596 1493 2666 Assyriorum
1517 2598 1762 2652 colonos.
1797 2597 1932 2652 Nam

358 2692 477 2751 post
502 2685 735 2740 duarum
770 2685 1013 2738 tribuum
1042 2686 1436 2754 captivitatem,
1464 2688 1596 2742 illuc
1620 2688 1773 2743 missi
1806 2698 1933 2744 sunt

361 2773 692 2831 Samaritani
731 2778 798 2832 ab
825 2777 1091 2849 Assyriis,
1122 2788 1180 2833 ut
1213 2780 1493 2851 regionem
1540 2780 1689 2834 illam
1718 2780 1924 2835 incole-

365 2876 508 2922 rent.
573 2870 832 2924 Abundat
889 2880 1071 2928 autem
1125 2872 1233 2929 hoc
1307 2874 1361 2928 in
1420 2874 1540 2929 loco
1591 2873 1929 2945 coniunctio,

366 2958 592 3017 Etenim.

425 3051 578 3105 Facti
616 3061 739 3107 sunt
781 3054 834 3109 in
880 3054 1209 3124 adjutort'um
1242 3057 1372 3127 ﬁliis
1421 3057 1537 3111 Lot.
1582 3057 1751 3115 Filios
1805 3056 1928 3126 Lot,

357 3157 453 3198 eos
482 3158 606 3198 esse
628 3144 893 3215 intelligo,
931 3161 1070 3216 quos
1096 3148 1356 3217 superius
1382 3147 1654 3205 Moabitas
1681 3150 1928 3220 appella-

357 3232 457 3300 vit,
495 3245 549 3288 et
591 3235 964 3293 Ammonitas.
1010 3237 1105 3294 Hae
1158 3240 1360 3296 etenim
1418 3243 1672 3299 nationes
1724 3222 2002 3300 Judaeisc

356 3326 631 3396 praecipue
657 3325 999 3397 invidebant,
1033 3337 1089 3387 et
1117 3332 1242 3388 ideo
1276 3331 1330 3388 in
1353 3348 1450 3390 eos
1481 3333 1621 3391 alias
1661 3342 1856 3405 gentes
1878 3338 1934 3392 in

358 3430 524 3470 unum
564 3418 928 3490 collegerunt.

425 3506 592 3563 Vens.
630 3510 716 3564 lO.
746 3507 858 3564 Fac
880 3513 955 3565 eis
994 3513 1132 3567 sicut
1184 3514 1426 3581 Madian,
1450 3528 1500 3570 et
1536 3515 1763 3582 εἰκαῖα,
1797 3518 1935 3572 sicut

352 3601 518 3657 Jabt’n
565 3605 618 3658 in
659 3612 891 3661 torrente
923 3608 1100 3663 Ciron.
1144 3610 1485 3681 Imprecatur
1532 3612 1807 3683 PrOpheta
1836 3611 1936 3670 ad-

354 3711 548 3751 versus
573 3708 766 3767 gentes
797 3704 1053 3769 superius
1075 3715 1530 3773 connumeratas,
1556 3724 1675 3778 qua:
1696 3709 1937 3767 civitatis

354 3787 653 3844 Jerusalem
685 3790 1139 3853 instaurationem
1173 3793 1316 3852 ferre
1338 3813 1445 3859 non
1480 3808 1755 3869 poterant,
1776 3811 1941 3871 atque

358 3879 413 3932 in
429 3882 751 3936 memoriam
775 3882 998 3940 illorum
1028 3886 1311 3951 hominum
1334 3889 1548 3946 ruinam
1575 3901 1816 3959 revocat,
1846 3893 1938 3963 qui

359 3970 675 4027 Judatorum
705 3975 906 4043 populo
934 3977 1064 4032 olim
1099 3979 1281 4034 inl‘esti
1337 3980 1578 4048 fuerant,
1637 3990 1692 4037 et
1740 3992 1939 4054 praeter

359 4066 604 4119 omnium
640 4068 958 4137 opinionem
991 4071 1291 4141 perierant,
1326 4081 1597 4145 optatque
1648 4086 1707 4130 ut
1742 4077 1935 4132 eodem

359 4165 522 4229 pacto
553 4174 701 4219 nunc
736 4160 980 4237 praedicti
1022 4178 1217 4219 omnes
1262 4177 1507 4231 pereant,
1540 4167 1611 4222 ob
1640 4168 1935 4239 malignam

357 4267 549 4306 eorum
590 4262 827 4307 mentem
864 4253 919 4307 in
950 4251 1194 4321 Iudaeos,
1240 4271 1351 4326 quo
1385 4256 1465 4310 illi
1494 4258 1833 4326 superiores.
1871 4257 1939 4313 Et

358 4361 454 4414 per
476 4343 691 4399 Madian
731 4344 952 4416 quidem
980 4345 1411 4402 Madianitarum
1435 4351 1741 4404 exercitum
1770 4348 1933 4405 intel-

357 4438 491 4509 ligit,
530 4454 689 4505 quem
720 4438 1073 4494 multitudine
1130 4455 1194 4495 ac
1239 4439 1396 4510 capia
1441 4441 1674 4495 militum
1732 4450 1935 4497 terram

2053 1967 2365 2035 Ἀλλόφυλοι
2396 1967 2446 2018 οἱ
2489 1963 2808 2027 Φιλισταῖοι,
2840 1961 2891 2013 οἱ
2917 1959 3012 2012 νῦν
3044 1955 3394 2012 Παλαιστινοὶ
3419 1951 3621 2005 καλού-

2040 2079 2224 2133 μενοιο
2260 2055 2405 2114 οὗτοι
2432 2058 2539 2128 γὰρ
2573 2051 2967 2125 παροικοῦντες
2993 2052 3104 2113 τοῖς
3120 2047 3397 2110 Ἰουδαίοις
3428 2046 3620 2114 ἐγγὺς,

2037 2152 2329 2222 ἀλλόφυλοι
2364 2148 2738 2219 διαφερόντως
2765 2144 3076 2216 ἐκλήθησαν
3102 2159 3115 2173 ·
3150 2138 3537 2202 κατοικοῦντες
3565 2138 3622 2190 δὲ
3672 2208 3679 2217 δ

2037 2246 2215 2319 Τύρον
2244 2245 2398 2314 λέγει
2421 2244 2548 2307 τοὺς
2581 2241 2838 2312 Τυρίους.

2106 2429 2215 2483 Kal
2247 2427 2357 2496 γὰρ
2399 2427 2499 2480 καὶ
2528 2425 2793 2493 Ἀσσοὺρ
2837 2419 3323 2492 συμπαρεγένετο
3347 2416 3477 2486 μετ’
3512 2416 3624 2468 αὺ-

2037 2522 2174 2576 τῶν.
2225 2521 2456 2589 Ἀσσοὺρ
2512 2521 2562 2572 οἱ
2611 2517 2911 2586 Ἀσσύριοι.
2964 2514 3136 2567 Καλεί
3181 2513 3237 2565 δὲ
3275 2511 3452 2574 οὕτως
3492 2512 3623 2570 τοὺς

2036 2613 2403 2685 Σαμαρείτας,
2419 2613 2494 2675 ὡς
2517 2611 2782 2673 ἀποίκους
2800 2605 3272 2676 ’Δσσυρὶων,μετὰ
3296 2603 3396 2673 τὴν
3421 2602 3628 2672 αἱχμα-
3700 2650 3709 2667 ,

2035 2705 2239 2758 λωσίαν
2282 2703 2393 2755 τῶν
2439 2701 2650 2754 δώδεκα
2681 2698 2865 2767 φυλῶν
2916 2698 3093 2750 ὲκξῖσε
3150 2692 3618 2767 μετοικισθέντας.

2037 2794 2355 2865 Περιττειέει
2390 2793 2446 2848 δὲ
2478 2795 2505 2846 ὁ
2536 2794 2662 2861 Γὰρ
2698 2790 3023 2860 σύνδεσμος.

2096 3030 2521 3134 τὲγενήθησαν
2549 3060 2637 3126 είς
2662 3058 2996 3125 ἀντίληψιν
3018 3056 3143 3122 τοῖς
3175 3057 3326 3123 υἱοῖς
3366 3056 3627 3122 Λώτ-,Εἰς

2035 3153 2354 3226 συμμαχίαν
2376 3169 2391 3186 ο
2424 3153 2574 3214 υἱοὺς
2607 3151 2662 3205 δὲ
2687 3147 2811 3204 Λὼτ
2837 3149 2984 3217 λέγει
3041 3149 3169 3212 τοὺς
3201 3148 3501 3212 Μωαϐίτας
3529 3150 3623 3202 καὶ

2048 3247 2413 3318 Ἀμμανίτας,
2445 3243 2523 3307 ὡς
2554 3242 3002 3313 προειρήκαμενο
3040 3234 3189 3294 οὗτοι
3244 3242 3353 3311 γὰρ
3380 3241 3623 3311 μάλιστα

2037 3343 2153 3405 τοῖς
2180 3338 2453 3402 Ἰουδαίοις
2486 3336 2768 3407 ἐφθόνουν,
2798 3335 2891 3389 καὶ
2921 3334 2992 3388 τὰ
3039 3333 3173 3389 ἄλλα
3196 3333 3325 3404 ἔθνη
3358 3333 3621 3404 συνήγει-

2078 3446 2165 3485 αν.

2078 3447 2165 3485 αν.

2040 3447 2073 3501 ρ
2109 3521 2380 3588 Ποίησον
2407 3516 2612 3583 αὐτοῖς
2631 3511 2716 3580 ὡς
2738 3513 2813 3582 τῇ
2846 3513 3084 3584 Μαδιάμ
3128 3513 3227 3567 καί
3264 3512 3344 3579 τῷ
3367 3513 3619 3582 Σισάρᾳ,

2037 3615 2118 3681 ὡς
2149 3613 2230 3680 τῷ
2256 3614 2477 3683 Ἰαϐείμ.
2503 3613 2574 3667 ἐν
2600 3610 2679 3677 τῷ
2701 3609 2995 3681 χειμάῤῥῳ
3016 3608 3238 3665 Κισῶν.
3283 3609 3624 3681 Κατεύχεται

2036 3708 2149 3761 τῶν
2178 3707 2436 3778 ἀνωτέρω
2462 3703 2934 3777 ἁπηριθμημένων
2963 3703 3154 3765 ἐθνῶν,
3179 3702 3288 3755 τῶν
3319 3703 3626 3773 φθονησάν-

2038 3817 2148 3853 των
2190 3801 2255 3868 τῇ
2296 3794 2594 3851 ἀνανεώσει
2637 3796 2738 3864 τῆς
2800 3794 3012 3856 πόλεως
3037 3810 3051 3825 ·
3111 3792 3388 3864 μέμνηται
3439 3793 3495 3846 δὲ
3524 3794 3626 3861 τῆς

2040 3888 2320 3952 ἀπωλείας
2357 3887 2468 3941 τῶν
2523 3886 2692 3940 πάλαι
2724 3884 3158 3955 πολεμησάντων
3206 3885 3319 3946 τοῖς
3354 3884 3624 3955 Ἰσραηλί-

2038 3999 2161 4045 ταις
2203 3980 2296 4035 καὶ
2328 3977 2647 4048 παραδόξως
2678 3976 3038 4031 ἀπολωλότων
3058 3992 3071 4005 ·
3111 3974 3207 4028 καὶ
3238 3975 3467 4045 τοιούτῳ
3498 3975 3624 4044 τρό-

2040 4092 2127 4145 πῳ
2172 4072 2510 4128 ἀπολωλέναι
2540 4071 2636 4124 καὶ
2672 4067 2897 4131 τούτους
2949 4067 3222 4139 βούλεται.
3259 4066 3492 4136 Μαδιὰμ
3526 4068 3625 4137 μὲν

2041 4167 2150 4237 γὰρ
2198 4167 2230 4235 ἡ
2264 4164 2493 4236 στρατιὰ
2522 4162 2630 4216 τῶν
2661 4160 2984 4232 Μαδιηνέων
3011 4159 3119 4213 ἀπὸ
3151 4156 3245 4211 τοῦ
3279 4158 3507 4228 Μαδιὰμ
3532 4155 3625 4211 οὔ·

2038 4276 2148 4322 τως
2172 4255 2560 4326 ὀνομασθεῖσα,
2593 4254 2660 4325 ἦν
2711 4253 2789 4323 τῷ
2831 4251 3028 4322 πλήθει
3053 4250 3152 4322 τὴν
3182 4251 3288 4321 γῆν
3318 4250 3626 4307 καλύπτου-

2040 4368 2143 4403 σαν
2171 4351 2199 4403 ό
2234 4347 2439 4402 Γεδεὼν
2475 4349 2533 4400 ὲν
2578 4345 2803 4415 ἀνδράσι
2834 4345 3171 4415 τριακοσίοις
3213 4343 3583 4414 ὲξωλόθρευσε
3605 4386 3623 4413 ,

2040 4442 2133 4496 καὶ
2158 4441 2368 4504 τούτοις
2390 4440 2612 4501 ἀόπλοις
2635 4455 2648 4469 ·
2680 4434 2973 4506 λαμπάδας
3009 4434 3180 4505 μόνας
3225 4437 3322 4489 καὶ
3388 4437 3623 4503 σάλπιγ-

355 4529 637 4585 obtexisse
686 4530 940 4597 legimus,
971 4536 1027 4584 et
1064 4541 1244 4583 tamen
1281 4543 1307 4582 a
1347 4533 1606 4585 trecentis
1640 4531 1796 4596 viris,
1826 4529 1933 4586 Ge-

2040 4551 2143 4603 γας
2172 4532 2610 4603 ἐπιφερομένοις,
2647 4528 2776 4598 ὼςὴ
2807 4528 2915 4582 τῶν
2944 4527 3163 4596 Κριτῶν
3190 4526 3374 4597 βίϐλος
3397 4529 3623 4600 ἱστορεῖ.

354 4621 529 4677 deone
559 4622 722 4685 duce,
765 4630 1109 4690 superatum,
1153 4630 1321 4691 atque
1346 4621 1432 4676 his
1453 4622 1672 4692 quidem
1702 4623 1929 4678 inermi-

354 4713 458 4766 bus
478 4712 760 4776 omnibus,
780 4710 1064 4777 lampades
1088 4716 1319 4776 tantum,
1347 4720 1397 4765 et
1423 4712 1584 4767 tubas
1606 4712 1931 4783 ferentibus,

356 4810 413 4855 ut
439 4802 492 4855 in
524 4800 664 4854 libro
686 4800 944 4855 Judicutn
978 4801 1230 4870 legimus.
1264 4800 1453 4857 Sisara
1495 4802 1605 4856 dux
1642 4803 1748 4858 fuit
1772 4818 1932 4858 exer-

355 4894 501 4949 citus
527 4892 686 4948 Jabin
714 4893 856 4964 regis
900 4893 1163 4947 Chanaan
1189 4894 1585 4964 potentissimi.
1617 4892 1935 4963 Noningen-

362 4997 446 5041 tos
485 4986 688 5041 etenim
742 4985 956 5040 ferreos
1014 5000 1213 5040 currus
1274 4986 1513 5042 habebat
1566 4986 1717 5043 :hos
1749 4997 1929 5042 autem

357 5096 550 5136 omnes
584 5080 865 5151 superavit
892 5078 961 5131 Ba
973 5080 1100 5133 raclt
1127 5080 1393 5135 adversus
1410 5095 1506 5135 eos
1526 5081 1688 5149 jussu
1708 5081 1934 5137 Deborat

355 5172 657 5242 prolectus,
692 5189 815 5242 qum
858 5173 968 5227 illis
995 5173 1332 5242 temporibus
1356 5173 1642 5242 judicabat
1670 5176 1944 5246 populum'

355 5266 542 5321 lsrael.
594 5268 657 5320 Et
709 5266 956 5322 Sisaram
999 5267 1220 5336 quidem
1279 5266 1581 5335 fugientem
1617 5266 1735 5323 Jucl
1796 5285 1936 5324 uxor

351 5357 566 5413 Cltaber
597 5359 831 5426 hospitio
853 5367 1137 5427 acceptum
1175 5372 1370 5411 somno
1402 5357 1624 5426 sepivit,
1653 5374 1715 5413 ac
1737 5360 1932 5417 deinde

356 5450 553 5505 malleo
597 5460 651 5505 et
688 5451 846 5506 clavo
885 5450 1032 5505 illius
1095 5462 1340 5520 tempora
1384 5452 1712 5520 penetravit,
1771 5461 1932 5523 atque

355 5545 462 5598 hoc
515 5553 676 5613 pacto
711 5543 1043 5599 interemit:
1080 5544 1197 5614 ipse
1253 5552 1440 5598 autem
1499 5543 1659 5599 .Iahin
1709 5547 1930 5605 occisus

2047 4627 2106 4679 '0
2129 4625 2334 4694 Σισάρα
2373 4623 2432 4675 δὲ
2479 4620 2781 4691 στρατηγὸς
2811 4614 2879 4689 ἦν
2931 4619 3029 4689 τῆς
3054 4618 3339 4689 δυνάμεως
3388 4619 3622 4691 Ἰαϐεὶμ,

2033 4717 2299 4789 βασιλέως
2340 4717 2583 4778 Χαναὰν,
2613 4713 2750 4782 ἔχων
2777 4711 3000 4782 ἅρματα
3033 4713 3229 4782 σιδηρᾶ
3269 4712 3585 4766 ὲννεακόσια
3605 4729 3619 4743 ’

2029 4808 2125 4871 οὓς
2160 4806 2253 4860 καὶ
2281 4807 2446 4875 ἄμφω
2475 4801 2888 4871 κατεπολέμησε
2934 4801 3145 4871 Βαρὰχ,
3176 4801 3489 4863 κελευσθεὶς
3519 4803 3623 4855 ὑπὸ

2030 4900 2285 4970 Δεϐώρας
2319 4901 2416 4967 τῆς
2446 4894 2740 4967 κρινούσης
2772 4896 2831 4947 ὲν
2872 4896 2986 4958 τοῖς
3012 4896 3228 4965 καιροῖς
3264 4895 3500 4958 ἐκείνοις
3529 4896 3622 4948 τὸν

2048 4993 2292 5063 Ἰσραήλ.
2324 4990 2433 5044 Καὶ
2454 4989 2545 5041 τὸν
2579 4987 2678 5058 μὲν
2708 4986 2915 5055 Σισάρα
2943 4986 3214 5055 φεύγοντα
3243 4987 3619 5056 ὑποδεξαμένη
3650 4988 3658 4994 ’

2041 5087 2075 5157 ἠ
2125 5083 2272 5154 Ἰαὴλ
2308 5084 2342 5151 ἡ
2377 5081 2516 5151 γυνὴ
2554 5078 2740 5148 Χὰϐερ
2787 5077 3088 5157 ἐκοίμησε·
3142 5079 3236 5132 καὶ
3281 5078 3497 5148 σφῦραν
3528 5080 3622 5130 καὶ

2042 5175 2249 5232 πάσσα)
2261 5192 2319 5228 ον
2341 5172 2582 5226 λαϐοῦσα
2609 5170 2830 5239 διήλασε
2875 5168 2969 5221 τὸν
2996 5169 3269 5238 κρόταφον
3305 5168 3494 5235 αὐτοῦ,
3524 5169 3621 5221 καὶ

2040 5270 2213 5330 οὕτως
2241 5268 2443 5322 ἀνεῖλε.
2479 5264 2583 5319 Τὸν
2612 5262 2668 5315 δὲ
2700 5261 2909 5332 Ἰαϐεὶμ
2930 5264 2958 5313 ὁ
2988 5260 3175 5332 Βαρὰχ
3200 5261 3498 5332 διέφθειρε,
3525 5261 3625 5314 καὶ

2040 5362 2138 5432 τὴν
2171 5357 2429 5429 στρατιὰν
2454 5353 2619 5410 αὐτοῦ
2648 5353 2828 5406 πᾶσαν
2858 5351 3186 5421 κατέκοψεν.
3221 5350 3280 5404 Ὀ
3309 5351 3366 5404 δὲ
3392 5350 3621 5423 χείμαρ-

2041 5460 2131 5527 ρος
2162 5451 2348 5507 Κισῶν
2402 5448 2566 5511 τόπος
2607 5443 2677 5519 ἦν
2714 5450 2771 5500 ὲν
2805 5439 2849 5513 ᾧ
2893 5447 2922 5499 ὁ
2966 5445 3203 5515 πόλεμος
3252 5442 3446 5513 γέγονε
3465 5460 3488 5485 ἠ
3528 5446 3624 5497 καὶ⁵

2039 5549 2215 5605 ταῦτα
2242 5545 2300 5598 δὲ
2329 5544 2362 5613 ἡ
2391 5539 2694 5610 δηλωθεῖσα
2732 5537 2910 5608 βίϐλος
2930 5536 3192 5591 διδάσκει.

357 5638 460 5692 fuit
484 5653 514 5691 a
551 5636 786 5697 Baraclt,
823 5638 918 5707 qui
950 5639 1270 5692 universum
1302 5653 1426 5693 cum
1464 5653 1588 5706 rege
1621 5639 1927 5697 exercitum
1967 5641 2278 5713 dissipavit.
2333 5635 2576 5689 Torreus
2622 5640 2802 5685 autem
2852 5627 3018 5684 Cison
3069 5628 3354 5697 proximus
3412 5637 3499 5685 est
3568 5639 3623 5683 et

354 5734 693 5798 continguns
740 5731 885 5798 loco,
945 5731 1039 5786 ubi
1087 5731 1330 5801 praelium
1378 5731 1508 5787 illud
1566 5732 1923 5791 commissum
1964 5734 2227 5807 est._il:ec
2254 5736 2437 5785 autem
2467 5727 2654 5780 omnia
2712 5723 2971 5776 distincte
3022 5719 3292 5777 habentur
3362 5721 3416 5775 in
3480 5720 3633 5777 libro.

355 5821 637 5879 Iudicum.

428 5920 598 5977 Vsus.
626 5921 713 5976 ll.
747 5920 1107 5976 Exterminati
1151 5932 1273 5979 sunt
1326 5924 1378 5977 in
1428 5924 1658 5980 Aendor.
1718 5925 1936 5983 Acutior

2116 5916 2679 5987 Ἑξωνῖοθρεύθησαν
2708 5913 2776 5965 ἐν
2809 5911 3081 5987 ’Λενδώρ.
3118 5913 3227 5979 Καὶ
3266 5906 3427 5987 οὗτος
3453 5911 3617 5971 τόπος
