4088 6454
423 440 532 504 863

1658 431 2042 492 EUTIIYMII
2084 428 2451 490 ZIGABENI

3590 422 3700 487 864

425 560 652 608 cuntur.
711 565 743 603 u
782 548 877 603 illo
900 546 1044 602 enim
1075 546 1300 610 saeculo,
1349 545 1500 615 pravi
1564 559 1759 600 omnes
1802 544 1998 598 erube-

2121 539 2302 613 μηροὶ,
2352 538 2836 611 δημοσιευομένων
2893 537 3079 601 αὐτοῖς
3139 538 3248 592 τῶν
3308 536 3525 608 ἔργων’
3599 538 3699 593 καὶ

430 652 619 708 scent,
651 652 707 697 et
759 640 1198 704 conl'undentur,
1253 637 1577 707 publicatis,
1614 651 1677 692 ac
1713 635 2010 704 divulgatis

430 750 624 791 eorum
680 732 944 804 Operibus
1009 750 1023 787 :
1077 739 1133 787 et
1185 729 1586 793 turbabuntur,
1657 726 1751 782 ubi
1805 725 2013 797 judicis

431 826 826 892 constantiam,
892 839 957 879 ac
1013 823 1367 885 severitatem
1427 820 1687 885 viderint,
1725 829 1780 875 et
1813 817 2013 874 deinde

428 918 594 975 etiam
627 917 953 987 punientur.

502 1009 666 1065 Vens.
704 1010 792 1067 i9.
828 1007 897 1062 Et
928 1016 1270 1078 cognoscant,
1299 1005 1439 1076 quod
1470 1020 1654 1060 nomen
1693 1004 1791 1057 tibi
1830 1003 2015 1058 Domi-

430 1117 550 1160 nus.
584 1102 747 1157 Inviti
782 1101 949 1172 igitur
977 1099 1029 1154 id
1066 1109 1433 1170 cognoscant,
1459 1105 1579 1166 post
1612 1111 1775 1166 quam
1813 1107 2012 1167 sponte

429 1195 749 1247 noluerunt.
1865 1257 1880 1268 .

505 1283 584 1337 Tu
617 1284 764 1339 solus
786 1283 1084 1337 altissimus
1107 1284 1161 1336 in
1185 1298 1391 1336 omnem
1417 1291 1635 1335 terram.
1662 1282 1704 1333 Λ
1729 1278 2013 1337 communi

429 1393 599 1432 sensu
629 1377 957 1432 sumendum
1009 1385 1096 1432 est
1142 1377 1392 1436 verbum.
1459 1374 1810 1443 Cognoscant.
1843 1374 2014 1429 Addi-

430 1477 613 1533 scaut,
647 1468 851 1538 inquit,
881 1467 1028 1537 quod
1062 1479 1119 1523 tu
1161 1466 1312 1523 solus
1346 1466 1497 1521 Deus
1528 1481 1588 1520 es
1619 1465 1792 1519 totius
1824 1472 2010 1520 terrae.

429 1561 773 1618 Altissimum
806 1570 989 1616 autem
1035 1560 1202 1616 Deum
1239 1560 1476 1622 vocavit,
1528 1558 1694 1614 veluti
1727 1573 2014 1628 superem-

434 1654 651 1707 lestesn.
723 1653 916 1708 Potest
977 1653 1144 1707 etiam
1202 1651 1293 1706 hic
1342 1651 1589 1720 psalmus
1633 1650 1700 1706 iis
1755 1651 2014 1706 omnibus

430 1744 857 1811 accommodari,
893 1746 989 1816 qui
1018 1759 1116 1814 pro
1145 1744 1374 1799 Christo
1446 1743 1886 1813 persecutionem
1919 1758 2014 1797 su-

429 1836 661 1891 stinent.

498 1926 561 1981 In
589 1929 749 1997 ﬁnem
778 1944 872 1997 pro
910 1928 1271 1983 torcularibus
1305 1927 1433 1996 ﬁliis
1482 1925 1638 1993 Core,
1675 1928 1938 1997 psalmus.

893 2018 1216 2076 PSAIMUS
1260 2018 1547 2074 LXXXIII.

500 2107 891 2181 Octogesimus
942 2112 1109 2167 etiam
1162 2113 1410 2182 psalmus
1467 2114 1780 2184 hujusmodi
1815 2115 2014 2170 inscri-

430 2201 668 2272 ptionem
710 2208 940 2261 sortitus
978 2215 1085 2261 est.
1166 2206 1247 2261 Ibi
1304 2207 1426 2261 vide
1479 2209 1902 2278 expositionem.
1942 2209 2016 2266 De

429 2295 643 2349 eisdem
681 2296 829 2351 enim
898 2299 1273 2356 torcularibus
1325 2299 1597 2371 Propheta
1632 2309 1816 2359 uoster
1869 2318 2014 2358 nunc

430 2386 696 2456 loquitur.

508 2474 669 2546 Veiis.
709 2483 763 2537 2.
793 2484 964 2550 Quam
1011 2483 1207 2541 dilecta
1232 2487 1581 2542 tabernacula
1640 2496 1754 2554 tua,
1797 2487 2015 2543 Domine

433 2573 687 2626 virtutum
710 2575 730 2627 !
756 2574 952 2641 Dictio,
983 2592 1164 2645 quam,
1188 2579 1295 2632 hoc
1326 2579 1381 2632 in
1421 2580 1538 2632 loco
1566 2579 1705 2632 idem
1744 2579 2016 2649 signiﬁcat

430 2668 579 2734 quod
618 2667 744 2722 alibi
786 2668 1057 2730 diximus.
1098 2670 1150 2723 in
1189 2671 1401 2737 psalmo
1435 2686 1609 2733 Lxxu,
1653 2671 1725 2725 ibi
1763 2686 1782 2724 :
1839 2673 2013 2736 Onam

434 2760 600 2812 bonus
650 2758 789 2813 Deus
838 2760 942 2829 ipsi
996 2759 1205 2815 Israel!
1256 2761 1362 2817 Per
1423 2764 1777 2818 tabernacula
1827 2775 2010 2819 autem

433 2850 695 2905 ecclesias
731 2852 1012 2923 intelligit,
1042 2870 1163 2923 quze
1199 2855 1368 2910 variis
1404 2855 1457 2909 in
1508 2853 1645 2910 locis
1681 2864 2016 2911 constructa:

435 2952 586 3002 sunt.
626 2954 681 2998 et
736 2947 788 3001 in
840 2946 1044 3016 quibus
1102 2947 1289 3001 divina
1344 2948 1601 3002 habitant
1660 2949 2011 3004 charismata.

437 3032 548 3091 llas
602 3039 805 3092 ctenim
873 3040 1171 3103 ecclesias,
1234 3041 1435 3096 mentis
1493 3042 1655 3097 oculo
1710 3042 2015 3112 praevidens

437 3126 706 3196 Pmpheta
760 3141 971 3197 noster,
1025 3132 1220 3189 dilexit
1267 3149 1384 3189 eas.
1440 3135 1515 3189 De
1548 3133 1631 3188 bis
1664 3146 1849 3189 autem
1889 3152 2015 3190 vcr-

438 3220 522 3275 his
546 3239 561 3275 :
600 3222 819 3277 Domine
848 3225 1122 3292 virtutum,
1142 3226 1350 3281 dictum
1380 3234 1486 3287 est.
1514 3226 1568 3280 in
1594 3227 1802 3294 psalmo
1819 3243 2008 3282 ωικιχ.
2038 3250 2085 3311 α

505 3312 867 3382 Concupiscit,
902 3327 948 3369 et
976 3315 1156 3386 deﬁcit
1211 3318 1396 3371 anima
1442 3334 1558 3372 mea
1596 3319 1650 3372 in
1682 3317 1837 3373 aulas
1910 3318 2018 3373 Do-

437 3408 588 3464 mini.
644 3409 842 3464 Anima
889 3410 1256 3473 mea’delicit.
1291 3413 1522 3482 cupiens
1580 3413 1646 3467 ad
1700 3412 2017 3482 hujusmodi

437 3499 703 3556 ecclesias
735 3503 1026 3573 pervenire
1061 3522 1075 3557 :
1107 3518 1248 3573 quas
1278 3505 1436 3559 aulas
1484 3505 1580 3559 Dei
1620 3505 1787 3559 etiam
1835 3504 2021 3573 appel-

439 3592 594 3659 lavit,
626 3594 755 3662 quia
787 3594 843 3649 in
880 3596 961 3651 eis
998 3605 1273 3661 moratur,
1328 3612 1394 3650 ac
1455 3608 1817 3653 conversatur
1858 3596 2019 3651 Chri-

438 3693 580 3740 stus.
624 3686 744 3754 Vel,
776 3688 986 3753 deﬁcit,
1032 3690 1136 3745 hoc
1169 3699 1276 3755 est,
1304 3688 1633 3744 dissolvitur
1663 3704 1728 3743 ac
1755 3688 2020 3743 debilita-

441 3782 557 3836 tur.
611 3776 787 3830 nimio
845 3777 1059 3833 scilicet
1129 3779 1354 3849 fatigata
1418 3779 1715 3834 desiderio.
1754 3780 2022 3834 Dicuntur

437 3864 583 3920 enim
628 3868 887 3924 ardentes
946 3880 1221 3924 amatores
1272 3868 1536 3933 deiicere,
1583 3869 1678 3939 qui
1710 3876 1904 3923 amata:
1942 3869 2022 3925 rei

436 3955 862 4027 disiunctionem
898 3959 1045 4015 ferre
1074 3970 1384 4029 nequeunt.
1420 3961 1685 4031 Quisquis
1710 3962 1872 4016 etiam
1904 3976 2020 4016 co:-

438 4049 629 4105 lestem
665 4052 874 4121 appetit
900 4051 1129 4122 Regem,
1169 4055 1354 4110 dicere
1376 4062 1579 4123 potest,
1612 4069 1777 4124 quam
1804 4055 2021 4111 amabi-

437 4139 509 4192 lia
539 4151 666 4196 sunt
694 4144 1053 4199 tabernacula
1092 4144 1184 4199 illa
1220 4154 1314 4200 tua
1363 4146 1782 4211 intellectualis,
1821 4163 1943 4216 quae
1968 4145 2020 4200 in

436 4233 594 4288 caelis
645 4245 775 4291 sunt
805 4238 818 4292 ι
880 4236 1006 4302 illm,
1048 4238 1296 4306 inquam,
1328 4239 1467 4294 aulze
1495 4240 1772 4296 ccelestes.
1803 4239 2021 4295 Concu-

438 4322 651 4392 piseere
688 4335 869 4380 autem
899 4328 1107 4396 posuit,
1138 4345 1237 4398 pro
1265 4328 1594 4385 Festinare.

509 4415 614 4472 Cor
638 4434 813 4471 meum
845 4427 896 4472 et
921 4436 1074 4485 caro,
1104 4436 1219 4474 mea
1242 4421 1643 4476 exsultaverunt
1671 4422 1722 4474 in
1754 4420 1921 4475 Deum
1949 4422 2026 4475 vi-

436 4525 580 4564 uum.
613 4508 738 4564 Non
764 4511 874 4564 hoc
908 4519 1151 4574 tantum,
1190 4512 1390 4579 inquit,
1427 4513 1849 4569 acciditanimze
1867 4529 2022 4577 mete,

2115 631 2481 703 ταράσσονται
2513 631 2804 701 βλέποντες
2830 630 2924 684 τοῦ
2950 628 3210 684 δικαστοῦ
3238 630 3337 700 τὴν
3355 629 3662 701 ἀποτομίαν
3679 646 3696 661 ο

2115 719 2235 778 εἶτα
2268 723 2616 787 κολάζονται.

2188 1018 2299 1074 Καὶ
2323 1016 2647 1088 γνώτωσαν
2671 1018 2760 1073 ὅτι
2791 1018 2982 1089 ὄνομα
3007 1034 3108 1073 σοι
3138 1020 3375 1087 Κύριος.
3396 1019 3700 1076 Γνώτωσαν

2114 1111 2173 1177 ἐξ
2208 1113 2475 1184 ἀνάγκης,
2515 1111 2752 1182 ἐπείπερ
2800 1114 2868 1165 ἐκ
2922 1113 3303 1183 προαιρέσεως
3353 1114 3455 1166 οὐκ
3494 1114 3700 1186 ἠθέλη-

2116 1220 2238 1261 σαν.
2647 1260 2659 1269 ,

2186 1295 2270 1349 Σὺ
2302 1295 2494 1364 μόνος
2539 1296 2802 1365 ὕψιστος
2825 1298 2925 1352 ἐκ.
2964 1296 3177 1354 πᾶσαν
3219 1300 3339 1367 τὴν
3385 1299 3524 1370 γῆν.
3557 1299 3701 1355 Ἀπὸ

2117 1385 2296 1439 κοινοῦ
2338 1387 2400 1440 τὸ
2426 1387 2517 1439 καὶ
2539 1387 2907 1455 Γνώτωσαν,
2927 1391 3009 1444 ὅτι
3042 1392 3107 1446 σὺ
3137 1392 3299 1461 μόνος
3320 1394 3348 1446 ό
3366 1391 3499 1456 Θεὸς
3514 1394 3699 1463 πάσης

2114 1478 2213 1547 τῆς
2242 1479 2370 1548 γῆς.
2402 1480 2665 1550 Ὕψιστον
2710 1482 2822 1554 γὰρ
2854 1485 2945 1538 τὸν
2971 1485 3104 1540 Θεὸν
3134 1485 3386 1551 ἐκάλουν,
3416 1485 3495 1549 ὡς
3535 1486 3700 1539 ἐπου-

2118 1566 2299 1638 ράνιον
2358 1567 2615 1639 Ἀρμόζει
2670 1571 2727 1625 δὲ
2760 1575 2789 1625 ό
2812 1572 3030 1642 ψαλμδς
3059 1575 3155 1628 καὶ
3187 1577 3302 1639 τοῖς
3336 1575 3700 1645 διωκομένοις

2115 1660 2256 1731 ὑπὲρ
2286 1661 2548 1732 Χριστοῦ.

2042 1901 2086 1957 Β
2153 1933 2259 1998 Εἰς
2291 1930 2360 1985 τὸ
2392 1931 2568 1998 τέλος
2596 1931 2749 2000 ὑπὲρ
2774 1931 2892 1986 τῶν
2922 1932 3131 2000 ,πηγῶν
3153 1931 3278 1998 τοῖς
3298 1930 3454 1997 υἱοῖς
3490 1931 3662 2001 Κορέ.

2715 2023 3013 2078 ΨᾹΛΜΟΣ
3042 2020 3166 2077 III".

2186 2115 2301 2170 Καὶ
2342 2117 2375 2170 ὁ
2424 2115 2784 2188 ὀγδοηκοστὸς
2826 2116 3044 2187 enim;
3087 2114 3347 2186 τοιαύτην
3397 2114 3561 2185 ἔλαχε
3599 2115 3705 2187 τὴν

2115 2209 2466 2281 ἐπιγραφήν
2503 2210 2601 2263 καὶ
2635 2210 2788 2280 ζήτει
2841 2211 2995 2264 ὲκεῖο
3026 2211 3160 2281 περὶ
3209 2209 3420 2264 τούτων
3469 2209 3564 2264 οὖν
3593 2209 3706 2263 τῶν

2115 2301 2291 2372 ληνῶν
2317 2303 2345 2355 ὁ
2376 2302 2543 2357 Δαϐὶδ
2570 2303 2665 2357 νῦν
2691 2302 2966 2368 διέξεισιν.

2198 2486 2293 2552 Ὡς
2329 2485 2607 2555 ἀγαπητὰ
2641 2486 2713 2540 τὰ
2764 2484 3133 2555 σκηνώματά
3183 2497 3323 2550 σου,
3370 2487 3549 2553 Κύριε
3586 2482 3710 2540 τῶν

2115 2578 2468 2646 δυνάμεωνί
2507 2579 2582 2631 Τὸ
2621 2578 2716 2644 Ὠς
2738 2577 2976 2632 ἐνταῦθα.
3002 2578 3249 2632 τοιοῦτόν
3278 2580 3448 2643 ἐστιν,
3467 2574 3582 2633 οἷον
3607 2581 3706 2634 καὶ

2116 2668 2199 2733 τὸ,
2238 2668 2334 2733 Ὡς
2353 2667 2576 2734 ἀγαθὸς
2602 2670 2636 2721 ὁ
2667 2667 2813 2734 Θεὸς
2836 2665 2915 2732 τῷ
2936 2667 3223 2737 Ἰσραήλ]
3246 2670 3353 2722 Καὶ
3385 2670 3539 2741 ζήτει
3563 2669 3705 2741 ψαλο

2120 2758 2219 2827 μὸν
2252 2758 2350 2829 οβ’.
2395 2757 2737 2828 Σκηνώματα
2765 2757 2821 2811 δὲ
2859 2758 3007 2827 λέγει
3072 2759 3172 2824 τὰς
3206 2762 3349 2814 κατὰ
3376 2761 3543 2815 τόπον
3584 2764 3705 2816 Ἐκο

2114 2850 2365 2919 κλησίας.
2385 2851 2444 2905 ὲν
2481 2843 2568 2913 αἶς
2594 2853 2627 2921 ἠ
2649 2850 2766 2904 θεία
2808 2854 3053 2905 κατοικεῖ
3082 2852 3243 2923 χάρις
3265 2867 3277 2880 ⁶
3314 2851 3379 2917 ἃς
3410 2870 3697 2924 προεωρα-

2117 2941 2228 3008 κὼς
2254 2943 2282 2994 ό
2331 2944 2629 3014 Προφήτης
2656 2944 2934 3014 ἠγάπησε.
2977 2943 3114 3014 Περὶ
3149 2945 3205 2998 δὲ
3235 2943 3353 2999 τοῦ.
3383 2946 3563 3016 Κύριε
3582 2947 3705 3003 τῶν

2116 3035 2449 3107 δυνάμεων,
2486 3038 2701 3109 εἴρηται
2727 3038 2785 3090 ὲν
2822 3038 2900 3108 τῷ
2933 3036 3010 3092 οϐ’
3039 3036 3263 3109 ψαλμῷ.

2190 3310 2505 3366 Ἐπιποθεῖ
2532 3310 2630 3365 καὶ
2653 3305 2919 3365 ἐκλείπει
2938 3308 2975 3376 ἠ
3009 3307 3181 3378 ψυχή
3204 3324 3326 3377 μου
3345 3310 3433 3376 εἰς
3473 3307 3579 3375 τὰς
3598 3307 3712 3364 αὐ-

2118 3404 2234 3471 λὰς
2252 3404 2360 3458 τοῦ
2384 3403 2628 3471 Κυρίου.
2670 3400 2963 3462 Ἐκλείπει,
2995 3400 3353 3471 ἀποδημῆσαι
3378 3399 3714 3474 γλισχομένῃ

2120 3495 2260 3566 πρὸς
2291 3494 2494 3559 ταύτας
2518 3509 2532 3524 ·
2585 3494 2651 3554 ἃς
2681 3495 2774 3547 καὶ
2828 3493 3002 3557 αὐλὰς
3050 3494 3256 3563 ὁμοίως
3286 3492 3595 3562 ὠνόμασεν,
3633 3492 3716 3555 ὡς

2122 3587 2515 3657 ὲνδιαιτήματα
2546 3585 2638 3638 τοῦ
2670 3584 2930 3656 Χριστοῦ.
2966 3587 3038 3638 ’Ἡ
3068 3585 3391 3648 Ἐκλείπει,
3433 3584 3557 3637 ἀντὶ
3585 3581 3712 3650 τοῦ,

2133 3679 2438 3743 Ἐκλύεται,
2489 3678 2672 3732 ἀτονεῖ
2701 3678 2779 3747 τῷ
2807 3677 3051 3749 περιττῷ
3078 3677 3229 3746 πόθῳ
3255 3675 3717 3746 ταλαιπωρουμέ-

2120 3789 2210 3839 νη.
2258 3771 2495 3840 Λέγεται
2543 3771 2601 3824 δὲ
2641 3771 2702 3823 τὺ
2742 3771 3016 3824 ἐκλείπειν
3070 3770 3161 3823 ἐπὶ
3190 3769 3298 3822 τῶν
3328 3768 3552 3838 Θερμῶν
3583 3770 3720 3839 ἐρα-

2124 3862 2288 3926 στῶν,
2343 3861 2418 3932 μὴ
2477 3861 2795 3929 δυναμένων
2855 3860 3153 3926 ὑπομεῖναι
3189 3858 3269 3928 τῷ
3302 3858 3570 3930 χωρισμῷ
3600 3858 3719 3911 τῶν

2124 3954 2500 4025 ποθουμένων.
2550 3954 2662 4007 Καὶ
2698 3953 2805 4015 πᾶς
2835 3951 2893 4005 δὲ
2923 3954 2951 4006 ὁ
2978 3952 3074 4021 τῆς
3116 3949 3372 4018 οὐρανίου
3424 3948 3717 4003 καταπαύ-

2125 4066 2265 4112 σεως
2312 4047 2643 4118 ὀρεγόμενος
2677 4045 2823 4100 εἴποι
2867 4046 2933 4098 ἂν
2967 4044 3228 4114 ἀγαπητὰ
3262 4044 3603 4113 σκηνώματα
3640 4041 3716 4096 τὰ

2123 4144 2312 4211 νοητὰ,
2354 4142 2426 4195 τὰ
2453 4144 2510 4194 ὲν
2546 4141 2820 4211 οὐρανοῖς.
2851 4139 2933 4192 Τὰ
2957 4138 3013 4190 δὲ
3036 4138 3179 4191 αὐτὰ
3208 4137 3305 4192 καὶ
3330 4136 3523 4199 αὐλάς.
3550 4135 3723 4190 Ἐπι-

2124 4235 2298 4291 ποθεῖ
2319 4236 2398 4300 δὲ,
2437 4234 2558 4287 ἀντὶ
2591 4230 2711 4296 τοῦ,
2736 4231 3079 4298 Ἐπείγεται.

2211 4411 2281 4464 Ἦ
2303 4408 2516 4477 καρδία
2532 4424 2652 4476 μου
2688 4404 2789 4460 καὶ
2834 4406 2870 4474 ἠ
2919 4403 3076 4473 σάρξ
3113 4421 3234 4472 μου
3263 4401 3724 4471 ὴγαλλιὰσαντο

2126 4503 2226 4558 ἐπὶ
2278 4501 2427 4557 Θεὸν
2461 4499 2668 4561 ζῶντα.
2706 4499 2816 4557 Καὶ
2840 4500 2938 4570 οὐχ
2970 4499 3003 4568 ἡ
3045 4498 3192 4568 ψυχή
3248 4514 3349 4565 μου
3386 4495 3524 4565 μόνη
3556 4493 3723 4548 τοῦτο

441 4602 537 4659 scd
566 4610 621 4657 et
646 4619 850 4673 corpus
878 4619 1057 4659 meum
1094 4605 1148 4658 in
1173 4604 1395 4661 Christo
1425 4606 1666 4661 lactatum
1694 4617 1797 4662 est.
1824 4604 2019 4661 Vivum

2127 4592 2420 4656 πέπονθεν,
2452 4591 2592 4645 ἀλλὰ
2619 4594 2711 4645 καὶ
2737 4591 2799 4642 τὸ
2838 4588 3000 4661 σῶμα
3023 4591 3199 4659 ἐχάρη
3236 4589 3329 4642 ἐπὶ
3364 4587 3442 4659 τῷ
3470 4588 3723 4655 Χριστῷ.

442 4706 624 4749 autem
657 4695 801 4762 (seu,
826 4705 889 4750 ut
921 4696 975 4750 in
1008 4695 1199 4753 Graeco
1225 4697 1480 4764 habetur,
1511 4699 1812 4769 viventem)
1853 4700 2020 4753 Deum

441 4787 761 4856 appellavit,
797 4796 1022 4859 propter
1056 4789 1202 4844 idola
1236 4806 1381 4861 quae.
1405 4798 1622 4846 mortua
1653 4806 1780 4847 esse
1822 4791 2023 4847 dicun-

444 4889 593 4933 tur:
644 4878 727 4935 vel
789 4880 919 4950 quia
982 4896 1014 4937 a
1079 4882 1319 4939 mortuis
1378 4882 1644 4939 Christus
1704 4883 2028 4937 resurrexit.

444 4970 633 5027 Primo
662 4978 847 5025 autem
879 4988 975 5027 eor
1004 4975 1186 5045 ipsum
1234 4975 1422 5031 latitia
1451 4974 1708 5038 aﬂicitur.
1744 4983 1799 5029 et
1829 4974 2027 5030 deinde

441 5058 705 5133 gaudium
734 5062 788 5117 in
820 5065 1137 5121 universum
1172 5081 1381 5137 corpus
1412 5066 1757 5122 diffunditur.

515 5152 683 5210 Vens.
714 5157 769 5214 4.
826 5155 1040 5213 Etenim
1079 5176 1264 5229 passer
1319 5161 1511 5213 invenit
1548 5161 1650 5214 sibi
1703 5158 1940 5223 domum,
1982 5169 2032 5215 et

442 5253 620 5300 turtur
641 5248 825 5303 nidum
840 5251 963 5319 sibi,
1004 5251 1096 5306 ubi
1125 5261 1285 5320 ponat
1317 5253 1494 5322 pullos
1517 5270 1663 5317 suos,
1690 5253 1890 5307 altaria
1918 5262 2030 5321 tua,

447 5336 669 5395 Domine
720 5341 998 5411 virtutum.
1034 5341 1328 5399 Passerem
1360 5344 1602 5398 animam
1637 5343 1897 5414 appellat,
1941 5359 2033 5399 re-

2147 4686 2467 4757 Ἀδιὰφορος
2516 4684 2574 4738 δὲ
2620 4685 2654 4754 ἡ
2697 4682 2970 4750 σύνταξις.
3008 4684 3196 4737 Ζῶντα
3247 4680 3305 4735 δὲ
3352 4680 3515 4734 αὑτὸν
3568 4674 3728 4734 εἶπεν

2128 4779 2218 4834 διὰ
2244 4780 2311 4833 τὰ
2365 4778 2536 4846 νεκρὰ
2563 4777 2758 4830 εἴδωλα
2785 4793 2797 4806 ’
2835 4776 2868 4849 ἢ
2909 4774 3003 4829 καὶ
3034 4775 3111 4838 ὡς
3158 4773 3470 4841 ἀναστάντα
3508 4775 3593 4824 ,ἐκ
3631 4789 3726 4827 νε-

2132 4869 2303 4943 κρῶν.
2357 4868 2560 4939 Πρώτη
2592 4867 2651 4920 δὲ
2702 4868 2735 4933 ἡ
2792 4866 2992 4935 καρδία
3022 4864 3207 4937 χαίρει
3232 4880 3247 4895 ο
3285 4859 3407 4916 εἷτα
3446 4863 3728 4933 διαχεῖται

2132 4965 2167 5035 ἡ
2208 4962 2355 5033 χαρὰ
2378 4962 2473 5015 καὶ
2498 4960 2592 5014 ἐπὶ
2621 4961 2682 5013 τὸ
2713 4959 2843 5014 ἄλλο
2877 4958 3062 5028 σῶμα.

2202 5145 2315 5201 Καὶ
2372 5146 2485 5214 γὰρ
2526 5142 2855 5211 στρουθίον
2896 5136 3075 5208 εὗρεν
3120 5139 3313 5204 ἐαυτῷ
3345 5140 3563 5205 οἰκίαν,
3623 5137 3727 5191 καὶ

2130 5239 2364 5311 τρυγὼν
2387 5237 2648 5294 νοσσιὰν
2672 5232 2880 5304 ἑαυτῇ,
2915 5229 2987 5291 οὗ
3023 5234 3197 5301 θήσει
3231 5234 3302 5288 τὰ
3328 5235 3553 5289 νοσσία
3582 5233 3725 5287 ἑαυο

2130 5330 2265 5399 τῆς,
2294 5330 2367 5383 τὰ
2389 5326 2791 5396 θυσιαστήριά
2837 5340 2975 5388 σου,
3008 5326 3183 5394 Κύριε
3210 5325 3329 5379 τῶν
3386 5323 3724 5393 δυνάμεων.

443 5429 544 5485 luti
577 5446 700 5501 quae
730 5434 801 5489 ab
852 5434 1214 5490 intellectuali
1276 5450 1512 5506 aucupe,
1577 5435 1815 5507 laqueis,
1869 5444 2020 5506 atquc

2139 5421 2428 5496 Στρουθίον
2477 5421 2635 5475 καλεί
2669 5421 2767 5490 τὴν
2816 5417 3310 5489 ἐπιϐουλευομένην
3357 5418 3539 5487 ψυχὴν
3616 5415 3728 5468 ὑπὸ

446 5522 574 5581 aliis
607 5524 1007 5594 multiplicibus
1041 5526 1260 5583 insidiis
1288 5526 1592 5597 impetitur.
1632 5527 1827 5582 Anima
1858 5528 2031 5592 enim,

454 5613 657 5681 inquit,
682 5632 799 5670 mea
831 5618 967 5671 sicut
995 5635 1182 5689 passer
1211 5628 1390 5687 erepta
1412 5630 1489 5675 est
1523 5620 1587 5675 de
1611 5620 1797 5691 laqueo
1835 5636 2034 5674 venan-

450 5705 581 5766 tium
612 5708 657 5760 '.
698 5707 802 5764 Per
831 5720 1108 5767 turturem
1148 5714 1317 5769 simili
1349 5715 1510 5770 modo
1558 5724 1771 5771 castam
1807 5727 2030 5769 onmem

525 5885 545 5919 '
576 5885 719 5940 Psal.
776 5904 968 5948 cum.
996 5892 1053 5945 7.

2140 5516 2250 5569 τῶν
2284 5513 2495 5585 νοητῶν
2524 5513 2803 5584 θηρευτῶν
2834 5530 2849 5545 ·
2869 5515 2937 5565 Ἡ
2956 5510 3128 5581 ψυχὴ
3165 5511 3293 5579 γὰρ.
3332 5512 3516 5578 φησὶν,
3535 5508 3728 5577 ἡμῶν,

2141 5610 2223 5674 ὡς
2243 5609 2562 5672 στρουθίον
2579 5607 2842 5675 spplices-1
2873 5604 2937 5659 ἐκ
2967 5603 3073 5671 τῆς
3102 5602 3353 5671 παγίδος
3370 5602 3487 5654 τῶν
3513 5605 3724 5668 θηρευ·
3787 5613 3793 5618 “

2144 5701 2262 5759 τῶν
2287 5719 2299 5731 ·
2324 5701 2576 5774 Τρυγόνα
2607 5699 2683 5766 δὲ,
2706 5700 2805 5768 τὴν
2846 5697 3099 5770 σώφρονα
3125 5695 3323 5768 ψυχὴν,
3370 5697 3464 5750 καὶ
3497 5693 3724 5763 φιλήσιλ.
