4088 6430
328 322 445 389 865
1507 335 1904 399 COMMENT.
1952 337 2036 397 IN
2080 337 2448 398 PSALMOS.
3505 335 3618 399 866‘

327 452 446 505 χον,
480 441 576 492 καὶ
627 442 829 514 γοεράν
854 459 867 474 ·
901 437 970 513 ἧς
1019 444 1230 512 νοσσία,
1274 443 1556 498 τουτέστιν
1595 445 1821 514 ἔκγονα,
1862 447 1917 499 al

2023 448 2262 502 animam
2302 448 2585 518 intelligit,
2623 460 2744 518 qua:
2793 451 2847 502 ct
2887 452 3083 502 mmsta
3114 447 3208 513 sit,
3258 455 3312 504 et
3364 449 3615 520 quietem

327 530 546 605 ἀρεταὶ.
583 527 671 587 Ἐν
701 536 821 598 ταῖς
856 535 1218 608 Ἐκκλησίαις
1276 537 1386 609 γὰρ
1427 538 1612 609 ἔχουσι
1644 540 1744 611 τὴν
1801 539 1917 592 σκέ·

2037 550 2283 596 sectetur
2325 557 2340 594 :
2383 539 2544 611 cujus
2580 540 2736 610 pulli,
2773 539 2876 594 hoc
2901 549 3008 604 est,
3035 541 3196 610 cujus
3227 539 3348 604 lilii,
3384 543 3625 596 virtutes

334 647 448 698 πην
503 629 563 682 αὶ
608 629 858 684 τοιαῦται
911 631 1106 702 ψυχαί.
1162 627 1244 686 0ιῦ
1294 632 1351 685 δὲ
1391 631 1586 698 θήσει,
1633 633 1756 685 ἀντὶ
1809 632 1917 696 τοῦ,

2039 639 2188 685 sunt.
2225 628 2440 684 Habent
2469 640 2650 686 autem
2683 629 3004 699 hujusmodi
3033 629 3304 686 animaein
3335 630 3622 694 Ecclesiis,

333 722 515 774 Ὅπου
536 721 786 792 διαθήσει
820 723 914 775 καὶ
943 724 1255 794 ἐνεργήσει.
1285 723 1392 777 Καὶ
1423 722 1595 786 ἄλλως
1624 723 1704 789 δὲ,
1730 737 1917 794 στρου·

2037 722 2195 793 quasi
2232 721 2288 776 in
2315 722 2643 794 quibusdam
2671 722 2966 779 tutissimis
2997 723 3163 788 nidis,
3197 726 3616 793 protectionem.

332 814 452 867 θέον
483 813 583 883 μὲν
637 816 665 868 6
695 816 1082 886 Χριστιανικὺς
1111 816 1258 881 λαὸς,
1294 815 1784 886 ἐπιϐουλευόμενος
1820 815 1917 869 ὑπέ

2038 822 2206 886 atque
2238 814 2537 888 refugium.
2573 814 2676 869 Ubi
2704 826 2881 885 ponet,
2916 803 3097 873 autem
3135 818 3295 882 dixit,
3353 832 3474 886 pro,
3519 815 3621 870 Uhi

329 924 391 959 τε
423 905 535 965 τῶν
572 907 850 978 αἰσθητῶν
901 910 997 962 καὶ
1031 910 1240 980 νοητῶν
1271 909 1574 979 θηρευτῶν,
1630 908 1917 978 δαιμόνων,

2033 911 2315 979 disponet,
2359 919 2526 981 atque
2555 910 2649 964 ubi
2686 912 3027 981 cperabitnr,
3060 910 3376 980 hujusmodi
3407 909 3623 962 scilicet

333 1000 502 1068 φημὶ,
548 999 642 1052 καὶ
667 999 977 1068 ἀνθρώπων
1003 1001 1217 1055 ἀσεὸῶν
1248 1017 1261 1036 ·
1293 1001 1512 1074 τρυγὼν
1546 1003 1603 1054 δὲ
1658 1003 1766 1064 πᾶς
1805 1001 1917 1055 ιπε-

2027 1003 2285 1058 virtutes.
2315 1003 2382 1057 Et
2403 1003 2564 1058 aliter
2599 1019 2613 1057 :
2647 1018 2838 1072 passer
2865 1010 2951 1058 est
2984 1004 3216 1072 populus
3244 1001 3618 1063 Christianus,

333 1108 538 1154 σκοπος
593 1092 689 1144 καὶ
718 1092 1039 1158 διδάσκαλος
1073 1093 1394 1157 εὐσεϐείας·
1450 1094 1502 1148 οἳ
1541 1097 1596 1148 ἐν
1638 1095 1761 1157 ταῖς
1806 1093 1917 1146 Ἐκ-

2031 1094 2121 1150 cui
2149 1103 2256 1149 tam
2291 1094 2712 1161 intellectualcs,
2747 1110 2911 1165 quam
2942 1096 3134 1148 mundi
3175 1094 3345 1159 hujus
3391 1101 3622 1147 venato-

331 1185 592 1254 κλησίαις
657 1186 902 1240 τιθέασιν
965 1186 1060 1251 οὓς
1116 1187 1457 1257 ἀναγεννῶσι
1512 1185 1917 1256 πνευματικῶς.

2031 1203 2144 1252 res,
2175 1190 2464 1245 daemones
2503 1190 2767 1245 nimirum
2795 1201 2959 1260 atque
2988 1188 3144 1259 impii
3178 1188 3449 1250 homines,
3479 1187 3624 1240 insi-

333 1266 479 1344 Εὗρε
529 1277 658 1346 γὰρ,
682 1277 838 1347 φησὶ,
869 1278 932 1330 τὸ
965 1279 1065 1346 μὲν
1099 1279 1300 1342 οἰκίαν,
1326 1280 1358 1349 ἡ
1389 1279 1446 1332 δὲ
1489 1279 1712 1334 νοσσιὰν
1740 1278 1810 1331 τὰ
1837 1277 1917 1331 θυ-

2035 1280 2282 1335 diantur.
2317 1279 2525 1335 Turtur
2559 1293 2743 1337 autem
2784 1293 2869 1337 est
2907 1282 3202 1352 episcopus
3235 1279 3487 1348 quilibet.
3530 1287 3626 1330 aut

333 1369 633 1437 σιαστήριὰ
713 1386 846 1434 σου,
895 1370 1076 1424 εἴτουν
1117 1371 1212 1434 τὰς
1259 1370 1556 1440 ἐκκλησίας
1604 1388 1723 1439 σου,
1757 1370 1814 1423 ἐν
1844 1364 1917 1433 αἷς

2036 1371 2232 1428 doctor
2272 1372 2604 1428 Christianae
2642 1373 2947 1444 religionis,
2983 1373 3156 1442 quiin
3192 1371 3454 1426 Ecclesiis
3483 1369 3624 1424 ﬁlios

331 1457 684 1530 ansxaarqv
713 1459 902 1514 θύεται
929 1463 956 1514 6
985 1464 1362 1534 πνευματικὸς
1409 1463 1627 1533 Ἀμνός.

2032 1465 2216 1534 ponit,
2245 1480 2384 1534 quos
2417 1480 2516 1534 per
2550 1467 2814 1536 Spiritum
2851 1473 3162 1537 regenerat.
3213 1465 3434 1519 Invenit
3472 1463 3618 1518 enim

338 1553 548 1623 inquit,
583 1570 779 1626 passer
828 1557 1078 1624 domum,
1114 1567 1170 1614 et
1221 1569 1407 1613 turtur
1455 1561 1670 1626 nidum,
1731 1560 1927 1614 altaria
1965 1559 2228 1614 nimirum
2264 1569 2378 1626 tua,
2419 1562 2521 1614 hoc
2569 1569 2676 1626 est,
2741 1560 3011 1616 ecclesias
3064 1568 3210 1624 tuas,
3287 1560 3340 1610 in
3417 1556 3622 1625 quibus

331 1652 568 1724 singulis
587 1653 781 1712 diebus
813 1657 1118 1726 spiritualis
1147 1658 1337 1728 Agnus
1365 1659 1707 1713 immolatur.

419 1750 481 1803 '0
508 1751 815 1820 ,ϐασιλεύς
843 1770 964 1822 μου
1006 1753 1106 1808 καὶ
1146 1756 1181 1808 ό
1235 1755 1381 1822 Θεός
1396 1771 1537 1824 μου.
1570 1748 1740 1816 Οὗτος
1765 1753 1792 1804 6
1819 1752 1917 1804 στί‹

2106 1747 2216 1801 Rea:
2240 1762 2385 1800 meus
2415 1755 2464 1799 et
2495 1745 2633 1799 Deus
2674 1760 2844 1798 meus.
2891 1741 3218 1798 Versiculus
3247 1740 3355 1795 iste
3387 1738 3624 1793 hahetnl‘

330 1860 427 1914 χος
453 1846 632 1898 κεῖται
657 1846 750 1898 καὶ
779 1848 837 1898 έν
867 1845 947 1916 τῷ
986 1843 1027 1898 ε’
1058 1845 1285 1917 ψαλμῷ.

2027 1841 2194 1893 etiam
2230 1837 2284 1890 in
2315 1837 2508 1906 quinto
2536 1836 2773 1906 psalmo.

406 1937 696 2007 Μακάριοι
737 1943 792 1994 οὶ
842 1939 1273 2006 κατοικοῦντες
1328 1939 1398 1993 ἐν
1439 1937 1518 2004 τῷ
1572 1939 1719 2004 οἴκῳ
1780 1952 1917 1991 σου.

2096 1928 2266 1984 Vens.
2307 1927 2360 1981 5.
2408 1927 2584 1992 Beati,
2623 1927 2980 1996 quihabitant
3009 1925 3066 1978 in
3109 1924 3271 1978 domo
3305 1932 3420 1979 tua.
3469 1922 3619 1977 Con-

342 2028 501 2081 Ἐπεὶ
549 2030 660 2100 γὰρ
693 2031 858 2094 αὐτὸς
889 2032 916 2084 6
953 2030 1121 2083 Aa6l8
1174 2028 1496 2100 ἐπεθύμησε
1554 2029 1653 2099 μὲν
1707 2028 1787 2090 εἰς
1826 2027 1917 2090 τὰς

2030 2021 2236 2088 cupivit
2273 2017 2496 2089 quidem
2532 2021 2728 2074 beatus
2758 2018 2926 2072 David
2983 2016 3216 2072 introire
3241 2016 3295 2070 iu
3330 2015 3487 2068 aulas
3512 2013 3620 2067 Do-

326 2120 671 2189 δηλωθείσας
721 2123 893 2186 αὐλὰς
947 2122 1235 2186 εἰσελθεῖν,
1281 2120 1474 2192 πόρρω
1518 2119 1575 2174 δὲ
1607 2114 1696 2189 ἦν,
1734 2118 1917 2170 λοιπὸν

2027 2111 2194 2171 mini,
2229 2125 2369 2179 quas
2409 2110 2672 2176 diximus,
2703 2117 2760 2165 et
2788 2121 2973 2164 tamen
3015 2108 3210 2180 procul
3248 2107 3318 2162 ab
3367 2106 3451 2160 eis
3485 2119 3622 2160 con-

331 2215 782 2286 μακαρίζειτοὺς
820 2216 1216 2279 κατοικοῦντας
1263 2215 1321 2268 ὲν
1346 2214 1565 2272 αὐταῖς.
1597 2208 1760 2266 Οἷκον
1817 2210 1917 2279 γὰρ

2023 2204 2158 2260 stitit
2183 2204 2406 2273 (mentis
2442 2203 2621 2258 oculis
2651 2211 2860 2257 tantum
2881 2199 3158 2270 cernens),
3177 2201 3324 2271 quod
3348 2200 3620 2267 reliquum

327 2307 426 2361 τοῦ
457 2307 700 2378 Χριστοῦ
765 2309 972 2372 ταύτας
1011 2307 1352 2376 ὑποληπτέον
1373 2322 1386 2335 ·
1421 2304 1730 2373 ἀδιαφόρως
1761 2302 1816 2354 δὲ
1852 2297 1917 2354 οϊ-

2023 2306 2109 2350 est
2146 2296 2312 2366 igitur
2344 2296 2468 2352 illos
2495 2297 2738 2366 appellat
2765 2295 2958 2351 beatos
3011 2295 3106 2365 qui
3161 2294 3275 2348 illic
3320 2293 3620 2347 habitaturi

327 2414 428 2450 κον
463 2400 557 2451 καὶ
615 2399 801 2464 οἴκους
841 2399 1035 2470 εἴρηκε
1062 2415 1075 2428 ·
1112 2400 1234 2462 ταῖς
1272 2398 1372 2468 μὲν
1396 2396 1507 2467 γὰρ
1549 2396 1809 2456 τοπικαῖς
1841 2393 1917 2446 θέ-

2024 2398 2204 2445 erant.
2233 2388 2337 2442 Per
2355 2389 2576 2444 domum
2595 2390 2744 2444 enim
2771 2388 2888 2454 Dei,
2915 2388 3018 2443 has
3038 2390 3183 2458 ipsas
3205 2387 3386 2450 aulas,
3409 2385 3618 2440 Christi

329 2504 453 2540 σεσι
517 2489 705 2542 πολλοι
749 2491 888 2542 εἰσιν
912 2485 1052 2543 οἶκοι
1097 2491 1164 2560 τῇ
1199 2487 1454 2558 εὐσεϐείᾳ
1492 2487 1566 2548 ,δὲ
1615 2487 1710 2545 καὶ
1737 2500 1917 2538 κοινωι

2031 2483 2294 2537 nimirum
2323 2483 2596 2538 ecclesias
2633 2483 2953 2553 intelligere
2983 2481 3273 2538 debemus.
3299 2479 3624 2534 lndiﬂ‘eren-

327 2581 424 2649 νὶᾳ
452 2580 550 2647 τῆς
579 2585 818 2646 πίστεως
843 2575 924 2644 εἷς
957 2583 1005 2634 οἱ
1030 2579 1322 2651 ἁπανταχῆ
1348 2579 1731 2649 τυγχάνουσιν.

2034 2585 2119 2631 ter
2160 2584 2344 2629 autem
2377 2576 2644 2645 singulari
2677 2591 2932 2639 numero,
2978 2583 3033 2629 et
3070 2573 3268 2643 plurali
3321 2587 3456 2627 usus
3488 2581 3574 2627 est
3605 2587 3620 2635 ;

326 2673 588 2743 quoniam
614 2675 659 2728 si
684 2674 800 2729 loca
823 2673 1111 2742 respicias,
1165 2673 1416 2727 ecclesia:
1471 2686 1708 2726 numero
1771 2668 1958 2739 plures
1997 2676 2178 2724 sunt:
2251 2668 2298 2721 si
2351 2667 2673 2738 religionem
2726 2675 2780 2722 et
2844 2667 2970 2722 ﬁdei
3023 2666 3616 2735 communicationem,

327 2766 513 2820 omnia
552 2780 672 2831 qua:
720 2765 926 2834 ubique
977 2765 1224 2819 locorum
1277 2773 1408 2819 sunt
1452 2761 1676 2832 templa,
1737 2777 1902 2815 unam
1944 2761 2292 2815 constituunt
2322 2760 2562 2814 fidelium
2595 2759 2926 2814 Ecclesiam.

395 2863 497 2927 εις
552 2861 693 2928 τοὺς
731 2862 955 2928 αἰῶνας
988 2863 1110 2916 τῶν
1157 2859 1390 2916 αἰώνων
1418 2859 1760 2914 αὶνέσουσι.
1820 2855 1920 2910 Διὰ

325 2953 535 3016 παντὸς
572 2952 1002 3006 ἀκατάπαυστον
1027 2951 1211 3016 ἕξουσι
1242 2950 1340 3020 τὴν
1370 2949 1470 3019 σὴν
1499 2947 1797 3019 ὑμνῳδίαν.

403 3044 710 3113 Μακάριος
752 3045 911 3115 ἀνὴρ
933 3037 981 3114 ᾧ
1015 3037 1192 3100 ’ἔστιν
1220 3044 1550 3112 ἀντίληψις
1579 3041 1742 3106 αὐτῷ
1764 3041 1926 3108 παρὰ

2107 2853 2172 2908 1η
2192 2855 2393 2909 swcula
2413 2856 2730 2909 sceculorum
2751 2854 3044 2909 laudabunt
3069 2865 3137 2909 le.
3163 2853 3392 2922 Semper
3417 2867 3481 2906 ac
3501 2867 3624 2924 per-

2030 2955 2201 3014 petuo
2231 2947 2422 3002 laudes
2457 2957 2580 3004 tuas
2613 2948 2665 3002 in
2699 2963 2795 3002 ore
2831 2947 3134 3002 habebunt.

2103 3037 2268 3091 Vens.
2297 3037 2351 3090 6.
2387 3035 2586 3092 Beatus
2612 3039 2711 3104 vir,
2748 3038 2835 3091 cui
2869 3047 2946 3091 est
2969 3038 3235 3091 auxilium
3259 3038 3309 3090 ei
3336 3036 3426 3092 abs
3459 3045 3527 3091 te.
3555 3035 3617 3090 In

323 3137 468 3192 σοῦ.
502 3137 784 3208 Μακάριος
841 3139 1071 3204 ἐκεῖνος,
1128 3129 1283 3205 ᾧτινι
1321 3135 1472 3206 αὑτῷ
1523 3137 1640 3188 ἐστι
1697 3133 1917 3204 βοήθεια

2030 3125 2136 3180 hoc
2163 3127 2443 3183 versiculo
2469 3128 2675 3182 idioma
2725 3127 3003 3198 quoddam
3041 3126 3376 3182 Hebraicum
3405 3137 3513 3192 est,
3540 3126 3616 3181 illi

322 3236 440 3288 ἀπὸ
486 3235 608 3290 σοῦ.
640 3237 776 3307 Περὶ
825 3235 882 3289 δὲ
910 3236 1004 3288 τοῦ
1046 3234 1330 3304 σχήματος
1365 3230 1558 3283 τούτου
1605 3228 1823 3299 εἴρηται
1860 3229 1918 3281 ἐν

323 3327 410 3396 τῷ
426 3326 628 3398 ψαλμῷ
646 3328 715 3391 θ’,
745 3328 826 3391 εἰς
841 3327 922 3381 τόο
948 3321 1030 3382 Οὗ
1055 3325 1208 3394 ἀρᾶς
1219 3325 1287 3377 τὸ
1308 3323 1505 3391 στόμα
1523 3321 1713 3376 αὐτοῦ
1731 3319 1916 3390 γέμει.

401 3421 655 3486 Ἀναϐὰς
685 3421 756 3473 ἐν
784 3418 860 3487 τῇ
891 3417 1107 3487 καρδίᾳ
1127 3415 1316 3470 αὑτοῦ
1358 3414 1606 3470 διέθετο.
1654 3413 1712 3465 Ὀ
1741 3412 1920 3464 τοιοῦο

2026 3218 2227 3283 simile,
2263 3219 2410 3289 quod
2436 3219 2678 3274 vidimus
2707 3219 2760 3272 in
2804 3219 3013 3288 psalmo
3046 3235 3122 3283 ιι,
3155 3218 3228 3273 ibi
3261 3217 3468 3288 :Cujus
3500 3236 3620 3272 ma-

2023 3311 2306 3365 ledictioue
2327 3328 2384 3364 os
2409 3311 2522 3380 ejus
2544 3311 2756 3379 plenum
2790 3319 2907 3373 est;
2939 3310 3029 3364 ubi
3060 3311 3207 3365 vide.

2093 3403 2439 3458 Ascensiones
2466 3405 2522 3458 in
2543 3405 2700 3457 corde
2729 3420 2826 3457 suo
2859 3403 3144 3473 disposuit.
3178 3403 3614 3475 Talis,inquau~.

317 3531 419 3575 τος
451 3481 742 3582 ἄνθρωπος
793 3481 1096 3574 ἀναϐάσεις
1147 3509 1257 3563 ἀπὸ
1294 3507 1406 3561 τῶν
1459 3506 1672 3577 γηΐνων
1705 3505 1799 3558 ἐπὶ
1852 3504 1917 3557 τὰ

2026 3495 2194 3550 homo
2232 3498 2568 3566 excogitavit
2613 3497 2759 3550 intra
2794 3511 2853 3552 se
2891 3495 3121 3567 gradus,
3150 3505 3317 3563 atque
3349 3511 3625 3552 ascensus-

319 3601 579 3670 οὑράνια,
606 3601 700 3655 καὶ
731 3600 841 3654 ἀπὸ
867 3600 980 3652 τῶν
1010 3598 1289 3669 αἰσθητῶν
1343 3598 1440 3652 ἐπὶ
1499 3596 1569 3650 τὰ
1598 3596 1788 3664 νοητὰ,
1825 3597 1922 3648 καὶ⁸

318 3694 437 3750 ἀπὸ
467 3694 574 3746 τῶν
607 3695 869 3764 χειρόνων
916 3693 1010 3745 énl.
1048 3691 1117 3745 τὰ
1149 3691 1461 3762 κρείττονα,
1490 3689 1549 3742 έν
1583 3689 1765 3759 ἑαυτῷ
1806 3688 1921 3741 διε-

323 3787 709 3860 μηχανήσατο,
750 3785 1088 3854 διενοήσατο,
1140 3782 1572 3837 κατεσκεύασεν.
1614 3777 1738 3834 Εἶεν
1764 3780 1810 3833 δ’
1853 3779 1920 3834 ἂν

321 3880 473 3934 αὐτὰ
529 3880 577 3931 οἱ
611 3877 810 3946 ἀγαθοὶ
851 3868 1137 3946 λογισμοὶ,
1157 3877 1226 3928 δι’
1258 3869 1334 3929 ὧν
1369 3874 1546 3930 ἄνεισι
1570 3891 1677 3938 τις,
1720 3872 1795 3934 ὡς
1831 3871 1920 3925 διὰ

319 3969 619 4040 κλίμακος,
677 3971 770 4023 ἐπὶ
803 3970 872 4022 τὰ
924 3968 1108 4038 ὑψηλὰ
1136 3969 1230 4021 καὶ
1263 3966 1405 4020 θεῖα.
1469 3966 1780 4036 Μακάριος,
1811 3980 1920 4033 φη-

321 4061 436 4125 σίν,
470 4063 500 4113 6
521 4067 620 4134 τὴν
647 4063 746 4133 σὴν
775 4061 917 4132 ἔχων
942 4060 1254 4130 ἀντίληψιν.
1281 4059 1437 4127 Ἔχει
1467 4057 1524 4110 δὲ
1575 4056 1784 4128 ταύτην
1808 4056 1918 4118 πᾶς

318 4157 352 4208 ὁ
377 4153 673 4218 ἀναϐάσεις
701 4157 760 4208 ὲν
789 4157 855 4225 τῇ
885 4151 1086 4224 καρδίᾳ
1125 4149 1524 4220 διατιθέμενος.

400 4332 508 4395 Ε’ῑς
565 4328 680 4397 τὴν
735 4327 994 4384 κοιλάδα
1049 4326 1158 4383 τοῦ
1209 4323 1629 4397 κλαυθμῶνος.
1695 4323 1917 4378 Διέθετο

319 4423 536 4487 ταύτας
565 4425 622 4477 ὲν
645 4421 826 4493 ἑαυτῷ
853 4422 954 4486 τὰς
974 4421 1294 4484 ἀναϐάσεις,
1320 4417 1396 4474 ὣν
1425 4420 1489 4472 ὲν
1516 4419 1596 4485 τῷ
1627 4418 1780 4489 τόπῳ
1819 4418 1914 4470 τοῦ

320 4513 684 4583 κλαυθμῶνος
723 4530 738 4543 ·
771 4513 993 4584 εἴρηται
1051 4512 1108 4565 δὲ
1157 4511 1347 4574 κοιλὰς
1393 4508 1750 4580 κλαυθμῶνος
1809 4509 1918 4562 ἀπὸ

325 4607 646 4677 μεταφορᾶς
669 4603 765 4657 τοῦ
792 4605 987 4670 τόπου,
1015 4607 1074 4657 ἐν
1113 4598 1157 4671 ᾧ
1194 4603 1366 4656 πάλαι
1413 4601 1516 4673 τὴν
1567 4603 1917 4672 παρανομίαν

322 4696 442 4750 τῶν
493 4696 761 4766 Ἐϐραίων
805 4694 1034 4763 ἐλέγξας
1089 4695 1118 4746 6
1164 4693 1318 4757 Θεὸς,
1379 4694 1457 4757 εἰς
1504 4691 1784 4762 κλαυθμὸν
1823 4693 1915 4746 τὸν

321 4789 459 4841 λαὸν
498 4789 721 4858 ἐκίνησε
756 4801 769 4816 ⁸
795 4787 878 4840 διὸ
906 4786 999 4839 καὶ
1034 4785 1254 4852 Κοιλὰς
1296 4782 1693 4854 κλαιυθμῶνος
1740 4785 1768 4836 6
1813 4786 1906 4839 τό·

324 4897 430 4943 πος
449 4880 656 4941 ἐκεῖνος
684 4879 918 4949 ἐκλήθη.
951 4876 1153 4939 Κοιλὰς
1182 4875 1241 4929 δὲ
1299 4875 1361 4929 τὸ
1388 4877 1570 4930 κοῖλον
1600 4877 1695 4928 καὶ
1718 4893 1913 4929 ταπει-

323 4973 420 5028 νόν
453 4988 466 5001 ·
530 4975 590 5026 ὲν
649 4973 986 5026 ταπεινώσει
1034 4970 1094 5024 δὲ
1151 4971 1364 5038 γίνεται
1423 4969 1458 5039 ἡ
1514 4968 1797 5038 μετάνοια,
1850 4968 1918 5040 ἢν

322 5067 695 5136 ἀναγωγικῶς
750 5067 921 5136 δηλοῖ.
976 5065 1090 5120 Καὶ
1143 5064 1254 5133 γὰρ
1299 5063 1462 5126 τόπος
1516 5061 1918 5132 κλαυθμῶνος,

322 5158 695 5227 ἀναγωγικῶς
724 5159 757 5229 ή
786 5157 1066 5228 μετάνοια.
1088 5204 1094 5213 ,
1284 5174 1375 5208 ωε,

2025 3591 2298 3659 quosdam
2351 3606 2380 3643 a
2422 3590 2780 3646 sensibilibus
2820 3590 2888 3645 ad
2935 3585 3350 3656 intellectualis,
3391 3603 3420 3644 a
3464 3590 3617 3660 pejo-

2025 3681 2182 3738 ribus
2215 3683 2280 3737 ad
2333 3685 2584 3740 meliora.
2647 3682 2790 3738 Sunt
2826 3692 3010 3739 autem
3053 3683 3175 3738 istae
3231 3685 3612 3743 ascensioncs.

2022 3773 2184 3830 bonae
2211 3776 2461 3847 quaedam
2501 3778 2890 3848 cogitationes,
2939 3790 3038 3846 per
3094 3791 3233 3846 quas
3295 3776 3467 3831 veluti
3518 3793 3620 3847 per

2022 3872 2226 3926 scalam
2257 3870 2530 3939 gradatim
2559 3870 2626 3924 ad
2663 3870 2772 3924 alta
2801 3875 2854 3924 et
2893 3869 3077 3924 divina
3110 3869 3254 3924 dona
3287 3872 3616 3925 conscendi-

2021 3979 2168 4018 mus.
2203 3961 2406 4017 Beatus
2434 3963 2642 4032 itaquc,
2671 3961 2870 4031 inquit,
2902 3961 2995 4016 ille
3024 3969 3129 4026 est,
3158 3961 3252 4031 qui
3280 3961 3488 4016 auxilio
3519 3972 3624 4016 tuo

2021 4073 2081 4112 se
2110 4056 2531 4126 potestjuvare.
2580 4052 2660 4107 llli
2704 4062 2890 4108 autem
2946 4054 3214 4108 auxilium
3266 4062 3418 4108 tuum
3469 4071 3612 4124 prae-

2022 4157 2110 4202 sto
2161 4146 2348 4211 fuerit,
2401 4145 2496 4216 qui
2534 4145 2892 4201 ascensiones
2921 4144 3055 4200 istas
3083 4145 3139 4198 in
3171 4159 3272 4200 suo
3295 4144 3461 4202 corde
3486 4147 3603 4202 dis-

2019 4237 2290 4309 posuerit.

2091 4329 2154 4384 lu
2187 4329 2322 4384 valle
2349 4328 2730 4400 lacrymarum.
2765 4327 3051 4399 Disposuit
3099 4337 3283 4384 autem
3335 4331 3386 4384 in
3424 4331 3620 4402 seipse

2021 4421 2336 4492 hujusmodi
2384 4422 2764 4487 ascensiones,
2816 4421 3096 4478 cxsistcns
3152 4421 3208 4475 in
3263 4423 3382 4476 loco
3433 4421 3612 4493 Iacry-

2019 4530 2255 4568 marum.
2286 4512 2456 4568 Vallis
2481 4523 2661 4568 autem
2694 4513 3093 4583 lacrymarum,
3123 4527 3218 4568 seu
3251 4513 3406 4568 vallis
3426 4511 3610 4580 ﬂetus,

2019 4607 2393 4675 metaphorice
2442 4605 2590 4660 dicta
2630 4615 2718 4659 est
2751 4605 2820 4659 ab
2861 4604 2953 4658 illo
2987 4603 3134 4670 loco,
3168 4603 3263 4658 ubi
3295 4605 3425 4658 olim
3465 4604 3622 4661 Dens

2017 4697 2374 4752 Hebraeorum
2407 4696 2728 4767 iniquitates
2769 4696 3133 4765 redarguens,
3156 4698 3418 4766 populum
3455 4713 3609 4752 com-

2021 4792 2190 4844 movit
2220 4791 2286 4844 ad
2321 4789 2509 4845 ﬂetum
2550 4808 2564 4844 :
2604 4790 2748 4845 unde
2785 4789 2957 4844 Vallis
2989 4790 3145 4860 ﬂetus
3193 4790 3502 4860 appellatus
3528 4799 3617 4846 est

2020 4885 2174 4939 locus
2211 4885 2322 4938 ille.
2362 4883 2430 4938 Et
2465 4886 2594 4954 quia
2647 4883 3029 4953 cujuscunque
3065 4883 3220 4938 vallis
3259 4884 3400 4938 situs
3430 4883 3616 4936 humi-

2022 4979 2230 5032 litatem
2268 4992 2379 5046 prae
2410 4992 2467 5033 se
2493 4977 2620 5043 fert,
2655 4977 2918 5032 docemur
2946 4975 3091 5046 quod
3120 4992 3246 5031 cum
3302 4975 3622 5030 humilitate

2027 5071 2233 5139 agenda
2277 5080 2367 5124 est
2430 5070 2613 5125 omnis
2666 5070 3014 5140 poenitentia.
3085 5069 3162 5123 De
3218 5067 3620 5136 paenitentibus

2027 5159 2171 5214 enim
2223 5155 2479 5229 loquitur
2517 5159 2794 5231 Propheta
2867 5175 2963 5216 eos
3017 5160 3340 5215 beatiﬁcans
3397 5157 3487 5226 qui
3551 5157 3614 5210 itr

325 5253 472 5308 valle
533 5255 900 5324 lacrymarum
977 5253 1332 5308 ascensiones
1391 5247 1767 5318 disposuerint
1834 5248 1888 5302 in
1927 5253 2113 5309 corde.
2145 5251 2281 5307 Nam
2313 5255 2466 5325 juxta
2534 5269 2819 5326 anagogen
2893 5253 3034 5306 idem
3101 5251 3266 5305 nobis
3312 5249 3614 5319 signiﬁcat.

322 5344 488 5400 Vlliis
517 5342 702 5407 ﬂetus,
731 5341 877 5413 quod
914 5343 1251 5413 poenitentia:
1275 5341 1450 5395 locus.

395 5441 504 5505 Εἷς
551 5438 762 5504 τόπον,
817 5437 890 5490 ὃν
941 5437 1131 5492 ἔθετο.
1185 5437 1280 5488 Ὧν
1347 5438 1407 5488 ὲν
1467 5436 1532 5505 τῇ
1569 5433 1778 5489 κοιλάδι
1822 5435 1916 5488 τοῦ

323 5531 688 5602 κλαυθμῶνος
711 5546 727 5561 ⁸
756 5528 961 5602 δηλαδὴ
989 5532 1048 5583 ὲν
1076 5529 1251 5600 τόπῳ,
1281 5527 1342 5581 ὃν
1377 5525 1533 5579 ἔθετο
1566 5525 1768 5599 ἑαυτῷ,
1801 5527 1832 5597 ἢ
1859 5527 1919 5580 ὃν

319 5625 525 5679 εἵλετο.

395 5717 505 5772 Kal
535 5715 646 5786 γὰρ
683 5715 969 5784 εὐλογίας
999 5715 1179 5769 δώσει
1228 5717 1260 5768 ὀ
1304 5715 1662 5785 νομοθετῶν.
1723 5713 1919 5766 Μακὰ.

327 5827 457 5880 ριοι,
492 5810 679 5880 φησιν,
716 5809 765 5862 οἱ
798 5808 1057 5879 ῥηθέντες
1085 5822 1098 5838 ·
1133 5807 1230 5862 καὶ
1259 5806 1367 5876 γὰρ
1393 5807 1487 5862 καὶ
1537 5809 1564 5859 6
1611 5806 1847 5876 Χριστὸς
1889 5808 1916 5858 ὁ

2091 5435 2158 5491 In
2194 5438 2329 5504 loco,
2377 5453 2531 5508 quem
2574 5437 2777 5508 posuit.
2809 5435 3094 5489 Exsistens
3140 5432 3194 5488 in
3234 5433 3373 5487 valle
3416 5429 3604 5489 ﬂetus.

2018 5537 2185 5599 atque
2231 5529 2284 5583 in
2339 5531 2463 5585 loco
2499 5545 2660 5600 quem
2695 5529 2802 5584 sibi
2844 5527 2946 5596 ipsi
2999 5527 3206 5596 posuit,
3256 5527 3358 5581 hoc
3406 5535 3508 5591 est,
3546 5527 3604 5580 in

2018 5621 2139 5676 loco
2171 5638 2334 5691 quem
2367 5623 2550 5686 elegit.

2093 5711 2257 5768 Vens.
2292 5712 2344 5766 8.
2405 5712 2612 5766 Etenim
2667 5712 3050 5767 benedictiones
3105 5713 3253 5766 dabit
3298 5713 3600 5782 legislator.

2017 5805 2164 5860 Beati
2201 5807 2297 5870 illi,
2325 5809 2521 5876 inquit,
2557 5816 2688 5860 sunt
2739 5823 2877 5878 quos
2920 5808 3298 5878 praediximus.
3359 5806 3492 5861 Nam
3543 5815 3598 5863 et
