4088 6440
445 328 547 392 867

1676 326 2061 391 ΕυΤΙΙΥλὶιΙ
2096 327 2268 387 ZIGA
2281 320 2460 385 BENI

3601 316 3712 379 86%

444 447 722 512 Christus,
754 447 849 517 qui
884 447 1026 502 hanc
1058 447 1218 503 nobis
1259 445 1432 518 legem
1475 446 1650 509 dedit,
1689 445 2022 516 evangelicis

2129 442 2442 511 νομοθετῶν
2473 441 2542 493 τὰ
2587 439 2814 492 τοιαῦτα
2849 438 2938 491 διὰ
2968 437 3078 490 τῶν
3128 434 3504 502 εὐαγγελικῶν
3565 439 3714 487 ἐντοο

441 542 607 595 etiam
635 541 909 596 mandatis
939 541 1057 596 suis
1083 540 1500 596 benedictioncs
1523 541 1604 594 eis
1633 540 1806 602 dabit,
1831 553 2026 608 quem-

445 633 739 687 admodum
771 632 914 704 apud
953 631 1267 687 Matthaeum
1328 641 1382 686 et
1414 631 1619 684 Lucam
1664 630 1913 700 legimus.

518 725 678 778 Ibunt
719 725 783 778 de
831 726 1026 779 virtute
1064 726 1119 779 in
1161 730 1430 778 virtutem.
1479 722 1561 776 Ex
1605 721 1914 775 humilitate
1957 719 2026 774 ad

442 817 672 879 luctum,
735 832 801 870 cx
849 817 994 869 luctu
1030 815 1098 868 ad
1151 815 1657 883 compunctionem',
1704 820 1872 882 atque
1922 811 2028 864 hoc

441 917 600 976 pacto
631 923 697 961 ex
737 909 922 962 unain
963 909 1131 960 aliam
1179 909 1458 965 virtutem,
1490 919 1705 960 summo
1750 919 1872 958 cum
1897 918 2026 972 pro-

441 1002 607 1064 fectu,
675 1002 742 1054 ad
798 1003 1036 1056 sublime
1105 1000 1367 1054 virtutum
1430 998 1648 1052 culmen
1706 995 2023 1051 ascendeut.

441 1092 629 1148 Virtus
667 1104 848 1146 autem
909 1093 1030 1146 ideo
1081 1092 1229 1146 dicta
1259 1099 1365 1153 est,
1426 1090 1555 1158 quia
1589 1088 1799 1142 viribus
1832 1099 2025 1156 paten-

438 1184 637 1235 tiorem
672 1183 826 1234 iilum
862 1181 1142 1235 hominem
1204 1179 1403 1241 reddit,
1451 1180 1544 1247 qui
1579 1193 1700 1231 eam
1740 1175 2026 1242 amplecti-

439 1283 550 1328 tur.
586 1272 770 1341 (Vires
810 1283 993 1326 autem
1032 1288 1155 1325 cum
1187 1272 1330 1333 dico,
1369 1287 1479 1324 non
1504 1270 1754 1339 corporis
1781 1275 2020 1332 tantum,

440 1366 536 1421 sed
567 1366 736 1420 animi
768 1365 930 1420 etiam
968 1363 1262 1418 facultates
1303 1360 1591 1431 intelligo.)
1639 1359 1943 1414 Possumus
1969 1367 2024 1413 et

440 1459 599 1512 aliter
633 1457 839 1521 dicere,
873 1459 1016 1525 quod
1074 1456 1230 1509 ibunt
1266 1453 1337 1506 ab
1367 1454 1615 1506 oratione
1640 1451 1705 1506 ad
1734 1451 2020 1504 lectionem

350 1542 356 1548 ’
441 1563 723 1603 sacrarum
765 1546 1118 1613 Litterarum,
1175 1553 1229 1599 et
1259 1545 1326 1598 ab
1369 1541 1725 1613 hujusmondi
1761 1542 2022 1604 lectione,

439 1637 1023 1708 ad,imperfectorum
1090 1635 1469 1704 quorumlibet
1543 1630 2021 1695 admonitionem,

437 1738 599 1798 atque
648 1728 1086 1782 exhortationem
1119 1734 1151 1791 ξε
1193 1727 1323 1780 item
1385 1724 1455 1779 ab
1501 1722 1904 1785 exhortatione,
1955 1720 2022 1774 ad

2128 536 2236 588 λῶν
2286 535 2536 602 εὐλογίας
2587 534 2771 594 αὐτοῖς
2817 530 3002 586 δώσει.
3063 529 3184 582 Εἶεν
3239 529 3283 583 δ’
3340 530 3405 580 ἂν
3457 523 3612 582 αὗται
3664 533 3712 580 οξ

2127 628 2381 698 διάφοροι
2426 625 2792 696 μακαρισμοί.

2196 722 2606 788 Πορεύσονται
2660 721 2730 773 ἐκ
2797 717 3106 786 δυνάμεως
3157 719 3245 781 εὶς
3285 715 3570 783 δύναμιν.
3625 713 3718 776 Ἐξ

2128 815 2333 884 ἀρετῆς
2382 815 2462 875 είς
2513 813 2758 882 ἀρετήν’
2819 809 2932 864 οἷον
2990 813 3054 863 ἐκ
3102 807 3607 876 ταπεινοφροσύνης
3635 809 3716 866 είς

2129 905 2352 970 πένθος,
2402 907 2467 957 ὲκ
2497 905 2553 958 δὲ
2588 903 2819 963 πένθους
2849 905 2930 966 είς
2959 899 3280 963 κατάνυξιν,
3317 900 3412 951 καὶ
3441 899 3616 960 οὕτως
3651 901 3714 949 ἐκ

2126 998 2336 1066 ταύτης
2369 999 2450 1059 είς
2472 996 2692 1067 ἐκείνην
2723 995 3150 1065 προκόπτοντες,
3173 992 3542 1062 ἀναϐήσονται
3574 991 3709 1061 πρὸ,

2126 1091 2229 1159 τὴν
2259 1089 2618 1160 ἀκρώρεισιν.
2645 1089 2889 1157 Δύναμιν
2917 1086 2973 1138 δὲ
3014 1087 3114 1156 τὴν
3163 1085 3366 1152 ἀρετὴν
3429 1082 3712 1143 ἐκάλεσεν,

2125 1182 2203 1245 ὡς
2245 1182 2710 1253 ίσχυροποιοῦσαν
2735 1182 2826 1234 τὸν
2859 1180 3117 1249 μετιόντα
3143 1179 3317 1248 αὑτήν
3339 1195 3356 1209 ο
3397 1175 3512 1229 ἐστι
3533 1175 3589 1228 δὲ
3619 1177 3717 1228 καὶ

2126 1273 2315 1336 ἁπλῶς
2347 1275 2546 1337 εἰπεῖν,
2577 1274 2662 1326 ὅτι
2688 1272 3055 1345 πορεύσονται
3094 1271 3204 1325 ἀπὸ
3266 1271 3578 1341 προσευχῆς
3633 1272 3715 1333 είς

2125 1367 2438 1432 ἀνάγνωσιν
2466 1366 2574 1419 τῶν
2597 1366 2758 1420 θείων
2793 1365 3012 1433 λογίων,
3059 1364 3152 1416 καὶ
3196 1364 3305 1417 ἀπὸ
3347 1361 3715 1430 ἀναγνώσεως

2125 1459 2206 1518 εἰς
2237 1459 2561 1528 παραίνεσιν
2596 1459 2704 1510 τῶν
2749 1457 3180 1527 ἀσθενεστέρων,
3241 1455 3336 1509 καὶ
3369 1455 3478 1509 ἀπὸ
3513 1471 3717 1525 παραι-

2125 1548 2325 1611 νέσεως
2398 1551 2479 1610 είς
2532 1548 2890 1620 εὐχαριστίαν
2950 1547 3061 1600 τῶν
3135 1547 3295 1599 θείων
3362 1545 3562 1613 λογίων
3619 1545 3715 1595 καὶ

2127 1637 2404 1709 ὑμνῳδίαν
2427 1639 2587 1695 Θεοῦ.
2619 1641 2732 1694 Καὶ
2755 1640 2933 1702 ἄλλως
2963 1638 3126 1691 πάλιν
3169 1637 3278 1691 ἀπὸ
3299 1637 3585 1705 δυνάμεως
3603 1634 3713 1687 τῶν

2127 1730 2367 1785 ἐνταῦθα
2394 1733 2754 1803 χαρισμάτων
2785 1734 2865 1796 είς
2888 1733 2986 1801 τὴν
3012 1731 3243 1801 δύναμιν
3287 1733 3387 1800 τῆς
3424 1727 3708 1800 βασιλείας

441 1819 739 1888 gratiarum
768 1819 1039 1884 actiones,
1079 1825 1246 1887 atque
1269 1816 1334 1870 ad
1358 1814 1575 1869 laudem
1599 1812 1715 1867 Dei.
1743 1812 1809 1865 Et
1839 1813 2022 1878 aliter,

2129 1818 2240 1873 τῶν
2257 1822 2527 1892 οὐρανῶν.

437 1926 467 1966 a
499 1913 700 1967 virtute
755 1913 1028 1967 donorum
1079 1908 1196 1977 Dei,
1247 1923 1372 1979 quae
1425 1908 1516 1962 hic
1553 1909 1609 1961 in
1662 1914 1809 1961 terra
1853 1906 2012 1962 nobis
2071 1921 2426 1986 praestantur,
2473 1918 2542 1972 ad
2609 1931 2802 1974 eorum
2855 1904 3138 1982 virtutem,
3173 1927 3298 1984 quae
3343 1913 3398 1966 in
3438 1912 3708 1966 cmlorum

438 2020 606 2075 regno
633 2005 972 2060 tribuentur.

515 2097 784 2152 Videbitur
831 2099 970 2151 Deus
1016 2097 1234 2151 deorum
1287 2098 1343 2151 in
1401 2095 1551 2152 Sion.
1601 2097 1898 2169 Prophetia
1937 2097 2025 2152 hic

439 2189 760 2244 continetur
792 2188 859 2242 de
891 2188 1279 2244 lucarnatione
1319 2189 1643 2257 Salvatoris,
1675 2191 1767 2262 qui
1801 2192 1856 2245 in
1892 2189 2022 2244 Sion

437 2289 595 2334 ortus
609 2280 883 2350 est,juxta
901 2281 1032 2334 illud
1055 2299 1068 2334 :
1091 2281 1199 2352 Ego
1225 2292 1399 2337 autem
1427 2285 1748 2338 constitutus
1771 2299 1888 2337 sum
1930 2298 2022 2336 res;

439 2373 504 2426 ab
528 2389 588 2426 eo
614 2387 772 2440 super
813 2371 943 2427 Sion
969 2386 1192 2429 montem
1216 2386 1461 2430 sanctum
1501 2376 1640 2446 ejus,
1700 2377 2022 2430 annuntians

435 2473 755 2532 prwccptum
794 2463 908 2533 ejus
934 2464 1000 2520 ⁸⁸.
1039 2464 1206 2520 Deum
1246 2477 1429 2522 autem
1457 2466 1687 2522 deorum
1716 2481 1783 2522 ea
1811 2467 2025 2522 ratione

437 2557 756 2627 appellavit,
780 2571 946 2626 quam
979 2557 1226 2613 diximus
1249 2558 1306 2613 in
1338 2559 1614 2628 principio
1645 2559 1839 2629 psalmi
1871 2574 2016 2614 χιιι.

509 2730 674 2786 Vens.
711 2730 764 2786 9.
795 2730 1019 2786 Domine
1046 2731 1210 2792 Deus.
1248 2731 1444 2786 exaudi
1499 2732 1796 2786 orationem
1829 2747 2018 2796 meam,

435 2823 654 2876 auribus
679 2825 909 2894 percipe,
941 2823 1082 2878 Deus
1104 2823 1296 2878 Iacob.
1353 2823 1498 2878 Idem
1516 2832 1600 2878 est
1630 2822 1831 2889 dicere,
1859 2822 2022 2878 Deum

434 2914 712 2980 uirtutum,
749 2915 889 2983 quod
923 2915 1211 2969 Dominum
1249 2916 1524 2978 virtutum,
1560 2914 1628 2970 de
1649 2931 1759 2986 quo
1786 2915 1840 2969 in
1867 2915 2018 2986 prin-

434 3007 580 3076 cipio
643 3007 887 3063 diximus
950 3008 1238 3078 praesentis
1290 3009 1506 3076 psalmi.
1559 3005 1661 3062 Per
1709 3005 2018 3061 orationem

2203 2104 2565 2173 Ὀφθιξσεται
2599 2108 2631 2159 ὁ
2657 2105 2802 2170 Θεὸς
2830 2104 2949 2158 τῶν
3008 2103 3162 2157 θεῶν
3208 2101 3280 2156 ἐν
3313 2099 3488 2155 Σιών.
3544 2098 3718 2152 Τοῦτο

2131 2195 2438 2266 πρόρρησις
2483 2196 2582 2265 τῆς
2632 2194 2729 2248 τοῦ
2787 2194 3043 2264 Σωτῆρος
3097 2191 3576 2262 ὲνανθρωπήσεως
3608 2206 3621 2222 '
3658 2192 3718 2242 ἐν

2130 2286 2268 2339 Σιὼν
2292 2288 2401 2357 γὰρ
2422 2288 2688 2350 ἀνέτειλε,
2721 2287 2865 2340 κατὰ
2895 2287 2954 2340 τό
2979 2303 2992 2316 ⁸
3025 2285 3175 2356 Ἐγὼ
3200 2283 3581 2350 κατεστάθην
3601 2283 3720 2347 ,ϐα-

2128 2379 2336 2446 σιλεὺς
2369 2380 2472 2434 ὑπ’
2501 2377 2662 2443 αὐτῷ
2684 2379 2782 2433 ἐπὶ
2811 2377 2968 2433 Σιὼν
3018 2378 3156 2446 ὄρος
3206 2376 3274 2430 τὸ
3302 2376 3367 2446 d7
3381 2392 3476 2429 ιον
3505 2375 3715 2437 αὑτοῦ,

2126 2470 2502 2540 διαγγέλλων
2527 2471 2594 2524 τὸ
2626 2473 2985 2541 πρόσταγμα
3012 2469 3254 2537 Κυρίου.
3311 2468 3445 2520 Θεὸν
3495 2466 3552 2518 δὲ
3605 2466 3719 2518 τῶν

2129 2562 2267 2617 θεῶν
2292 2563 2552 2616 ἐκάλεσεν
2576 2564 2761 2628 αὑτὸν,
2795 2563 2872 2624 ὠς
2894 2565 2954 2614 ἐν
2977 2563 3042 2633 τῇ
3075 2563 3218 2632 ἀρχῆ
3247 2558 3342 2614 τοῦ
3377 2555 3464 2628 μθ¹
3491 2557 3716 2628 ψαλμοῦ

2129 2652 2650 2723 προεξηγησὰμεθα.

2192 2745 2371 2813 Κύριε
2405 2748 2437 2799 ὀ
2473 2745 2613 2810 Θεὸς
2651 2743 2772 2798 τῶν
2795 2744 3128 2814 δυνάμεων,
3182 2741 3555 2797 εἰσάκουσον
3608 2737 3718 2805 τῆς

2122 2837 2471 2907 προσευχῆς
2495 2855 2641 2908 μου,
2672 2837 2973 2903 ἐνώτισαι,
3007 2841 3039 2891 ό
3069 2836 3214 2903 Θεὸς
3238 2835 3459 2892 Ἰακώϐ.
3503 2833 3711 2886 Ταύτὸν

2123 2932 2322 2996 εἰπεῖν,
2381 2930 2444 2984 '0
2507 2930 2652 2996 Θεὸς
2705 2930 2826 2984 τῶν
2871 2929 3188 2999 δυνάμεων
3243 2929 3341 2981 καὶ
3379 2929 3558 2996 Κύριε
3596 2924 3716 2978 τῶν

2122 3023 2457 3094 δυνάμεων,
2490 3028 2621 3096 περ)⁸
2652 3020 2712 3078 οὗ
2759 3025 2817 3077 ὲν
2846 3027 2911 3094 τῇ
2941 3024 3086 3094 ἀρχῇ
3125 3020 3222 3075 τοῦ
3251 3018 3527 3092 παρόντος
3557 3017 3717 3088 είρηε

433 3112 616 3155 autem
667 3115 762 3155 eas
794 3115 988 3170 preces
1018 3100 1297 3168 intelligit,
1326 3114 1466 3169 quas
1501 3099 1554 3154 in
1605 3113 1900 3171 progressu
1931 3096 2019 3151 di-

2126 3134 2220 3171 ται
2259 3116 2498 3188 ψαλμοῦ.
2533 3116 2852 3188 Προσευχὴν
2902 3117 2958 3168 δὲ
2991 3116 3142 3184 λέγει
3202 3114 3302 3182 τὴν
3338 3112 3714 3182 παράκλησιν.

433 3201 629 3248 cturus
655 3202 759 3247 est.
799 3193 969 3257 Deus,
1001 3193 1169 3246 etiam
1205 3191 1377 3246 Jacob
1409 3209 1506 3262 pro
1543 3193 1708 3256 Deus,
1747 3191 1843 3261 qui
1886 3191 2015 3245 olim

433 3289 672 3352 luctans,
702 3287 756 3341 in
785 3285 957 3357 ﬁgura
992 3286 1231 3340 hominis
1268 3287 1576 3356 apparuisti
1605 3284 1801 3340 Jacob.

504 3465 672 3521 Vsus.
709 3464 796 3520 10.
828 3462 1107 3518 Protector
1132 3473 1309 3519 noster
1337 3466 1534 3534 aspice,
1566 3464 1725 3529 Deus,
1745 3473 1792 3518 et
1825 3465 2019 3532 respice

433 3561 491 3612 in
539 3559 726 3628 [aciem
777 3557 978 3611 Christi
1026 3557 1125 3610 tui.
1178 3556 1307 3611 Haec
1346 3566 1431 3611 est
1483 3558 1575 3610 illa
1606 3557 1803 3622 oratio,
1853 3569 2018 3625 quam

437 3651 691 3706 exaudiri
743 3651 1062 3719 postulavit.
1103 3647 1207 3702 Per
1259 3648 1539 3704 Christum
1592 3659 1774 3703 autem
1826 3648 2017 3701 hocin

437 3744 561 3795 loco
611 3755 997 3810 quemcunque
1055 3739 1431 3794 Christianum
1485 3740 1763 3810 intelligit,
1810 3739 1904 3808 qui
1964 3740 2018 3792 in

437 3833 661 3887 Christo
699 3833 1008 3902 baptizatus
1061 3833 1155 3897 sit,
1202 3842 1258 3886 et
1297 3831 1579 3888 Christum
1637 3832 1876 3886 induerit
1908 3849 1922 3884 :
1955 3832 2022 3885 de

439 3939 549 3995 quo
584 3925 635 3977 in
669 3925 772 3978 [ine
801 3924 1060 3979 Prounnii
1095 3926 1384 3993 praesentis
1417 3926 1599 3994 operis
1655 3924 1862 3978 dictum
1915 3934 2020 3976 εει.

512 4017 680 4073 Vsus.
709 4019 798 4072 11.
829 4017 970 4083 Quia
1009 4019 1202 4072 melior
1229 4027 1307 4073 est
1342 4018 1453 4072 dies
1478 4034 1585 4070 una
1623 4018 1677 4083 in
1704 4017 1843 4070 aulis
1871 4031 2024 4084 super

438 4110 639 4163 millia.
672 4109 746 4164 De
780 4110 986 4165 divinis
1016 4109 1160 4164 aulis
1196 4110 1360 4180 paulo
1389 4109 1652 4179 superius
1678 4110 1886 4162 dictum
1916 4118 2020 4162 est.

439 4203 630 4256 Melior
659 4208 744 4256 est
771 4211 952 4256 autem
987 4217 1096 4254 uua
1128 4201 1448 4269 huiusmodi
1496 4200 1616 4256 dies
1645 4215 1813 4269 super
1853 4199 2024 4252 millia

439 4295 674 4349 aliorum
715 4295 955 4360 dierum,
999 4295 1092 4363 qui
1116 4294 1247 4348 alibi
1280 4308 1446 4364 quam
1471 4291 1524 4345 in
1563 4300 1652 4345 tua
1699 4292 1823 4344 aula
1860 4306 2026 4358 agan-

439 4396 552 4452 tur,
587 4387 758 4440 dictio
801 4395 1008 4451 autem,
1064 4386 1225 4451 Quia,
1273 4384 1658 4439 conﬁrmantis
1698 4391 1784 4437 est
1838 4383 2026 4438 hocin

437 4483 578 4544 loco,
609 4494 706 4548 pro
743 4472 905 4532 Vere.

512 4569 659 4640 Elegi
693 4570 926 4632 abiectus
959 4585 1071 4622 esse
1093 4569 1148 4621 in
1183 4567 1340 4621 domo
1372 4567 1466 4619 Dei
1491 4566 1589 4619 mei
1623 4565 1816 4636 magis,
1858 4583 2020 4636 quant

437 4662 680 4715 habitare
721 4663 775 4713 in
823 4660 1180 4713 tabernaculis
1228 4668 1588 4727 peccatorum.
1638 4658 1786 4713 Idem
1830 4674 2025 4714 rursus

441 4752 657 4822 repetit,
697 4751 792 4805 sed
825 4751 1195 4806 manifestius.
1234 4751 1313 4804 Tu
1335 4766 1464 4824 vero
1493 4759 1704 4803 mecum
1737 4752 2026 4806 considera

441 4855 653 4914 quanto
703 4843 903 4897 divina:
962 4843 1160 4897 domus
1194 4859 1381 4898 amore
1430 4858 1494 4896 ac
1556 4842 1828 4898 desiderio
1879 4855 2027 4898 tene-

440 4945 612 4994 retur,
649 4937 696 4990 is
725 4936 818 5004 qui
851 4936 1098 5005 abiectus
1153 4953 1276 4992 esse
1329 4939 1566 4992 malebat
1611 4939 1665 4992 in
1709 4939 1873 4993 domo
1903 4937 2020 5002 Dei,

440 5030 511 5082 ob
541 5043 660 5082 cam
694 5029 956 5082 nimirum
981 5031 1500 5099 sanctiﬁcationcm,
1527 5049 1650 5104 quae
1682 5034 1795 5088 illic
1827 5049 2023 5102 perpe-

443 5134 536 5175 tuo
568 5123 743 5188 adest,
776 5138 938 5192 quam
973 5125 1237 5182 deliciose
1283 5144 1409 5183 cum
1444 5129 1831 5198 peccatoribus
1872 5127 2026 5181 habi-

439 5220 491 5264 tu
503 5228 576 5264 re.

515 5302 680 5359 Vsus.
715 5307 802 5361 1‘2.
845 5307 1109 5374 Quoniam
1155 5313 1600 5380 misericordiam,
1647 5322 1698 5366 et
1749 5315 2022 5367 veritatem

439 5398 612 5467 diligit
647 5400 903 5456 Dominus
955 5405 1118 5459 Deus.
1159 5408 1444 5463 Adtniscct
1504 5407 1777 5478 Propheta
1811 5409 1864 5461 in
1920 5410 2022 5461 hoc

438 5491 647 5557 psalmo
694 5494 1126 5564 admonitiones,
1189 5509 1353 5568 atque
1401 5500 1469 5554 ad
1523 5501 1760 5553 activam
1797 5515 1920 5567 nos,
1969 5509 2024 5554 et

440 5585 920 5650 contemplativam
983 5588 1150 5642 vitam
1216 5591 1512 5654 hortatur,
1576 5590 1806 5658 dicens,
1873 5593 2019 5663 quod

518 5764 558 5794 ⁸⁸
585 5765 729 5820 Ρεειι.
770 5785 829 5833 ll,
860 5769 913 5823 (ἶ.

2051 4511 2102 4570 ι)

2124 3208 2192 3277 ἢν
2231 3208 2420 3276 μέλλει
2447 3212 2820 3278 προσαγαγεῖν
2886 3206 3115 3278 προϊών.
3171 3206 3235 3257 '0
3287 3204 3343 3256 δὲ
3400 3203 3544 3268 Θεὸς
3603 3203 3720 3254 Ἰα-

2122 3301 2262 3368 κὼϐ,
2293 3301 2415 3354 ἀντὶ
2436 3302 2555 3364 τοῦ,
2602 3299 2660 3354 '0
2684 3302 2780 3354 καὶ
2808 3299 2885 3369 τῷ
2927 3299 3128 3352 Ἰακὼὸ
3178 3295 3352 3352 πάλαι
3399 3295 3611 3364 ὀφθεὶς,
3660 3297 3719 3346 ἐν

2122 3395 2415 3465 ἀνθρώπου
2445 3397 2710 3465 σχήματι,
2747 3394 2842 3446 ἐπὶ
2872 3396 2938 3462 τῇ
2973 3393 3142 3462 πάλῃ.
3747 3444 3751 3447 .

2203 3485 2654 3554 ’Υπερασπιστὰ
2679 3483 2869 3553 ἡμῶν,
2913 3471 3025 3547 ἴδε,
3054 3487 3086 3537 ὁ
3113 3483 3262 3546 Θεός
3298 3498 3312 3512 ο
3376 3478 3719 3546 ὲπίϐλεψον

2121 3579 2210 3644 είς
2239 3578 2306 3630 τὸ
2327 3578 2657 3644 πρόσωπον
2675 3575 2784 3630 τοῦ
2812 3575 3073 3643 Χριστοῦ
3097 3591 3235 3628 σου.
3269 3573 3444 3626 Τοῦτο
3475 3573 3508 3642 ὴ
3539 3586 3715 3641 προσ-

2124 3669 2284 3738 ευχή.
2347 3667 2589 3738 Χριστὸν
2643 3666 2702 3720 δὲ
2755 3667 2910 3734 λέγει
2965 3667 3147 3720 πάντα
3206 3662 3718 3735 Χριστιανὸν-ὅσοι

2124 3762 2234 3831 γὰρ
2273 3762 2353 3825 είς
2409 3759 2648 3831 Χριστὸν
2685 3759 3121 3828 ἐϐαπτίσθησαν,
3175 3758 3413 3828 Χριστὸν
3459 3754 3717 3822 ὲνεδύθηο

2128 3873 2251 3910 σαν.
2284 3857 2512 3926 Εἴρηται
2543 3856 2600 3908 δὲ
2629 3855 2756 3925 περὶ
2802 3854 2998 3908 τούτου
3045 3855 3140 3908 καὶ
3193 3854 3252 3906 ὲν
3308 3852 3388 3924 τῷ
3439 3849 3714 3921 προοιμίῳ

2124 3949 2228 4018 τῆς
2261 3947 2446 4017 βίϐλου
2479 3948 2592 3999 τῶν
2617 3947 2889 4017 Ψαλμῶν.

2201 4041 2331 4092 "Ott
2357 4037 2660 4106 κρείσσων
2685 4038 2875 4107 ἡμέρα
2923 4038 3027 4100 μία
3055 4037 3124 4089 ἐν
3153 4035 3282 4098 ταῖς
3331 4033 3549 4098 αὐλαῖς
3593 4049 3712 4085 σου

2127 4131 2282 4200 ὑπὲρ
2307 4131 2607 4199 χιλιάδας.
2641 4132 2776 4202 Περὶ
2803 4131 2913 4184 τῶν
2944 4129 3107 4182 θείων
3141 4129 3321 4181 αὐλῶν
3373 4126 3568 4197 ἐλέχθη
3620 4142 3715 4195 μι-

2129 4225 2265 4293 κρὸν
2298 4225 2578 4296 ἀνωτέρω.
2623 4223 2797 4293 ’Υπὲρ
2829 4215 3075 4293 χιλιάδας
3123 4221 3180 4274 δὲ
3222 4220 3447 4290 ἡμερῶν
3494 4219 3594 4281 τὰς
3655 4221 3715 4270 ὲν

2129 4317 2338 4389 ἑτέροις
2374 4317 2564 4380 τόποις
2594 4315 2858 4386 ἀνιέροις.
2888 4314 2963 4366 Τὸ
2991 4314 3083 4378 δὲ,
3121 4315 3272 4376 Ὅτι,
3330 4310 3711 4382 βεϐαιωτικὸν.

2195 4581 2610 4650 Ἐξελεξάμην
2635 4578 3175 4649 παραῤῥιπτεῖσθαι
3212 4577 3282 4631 ἐν
3313 4575 3390 4642 τῷ
3423 4577 3568 4644 οἴκῳ
3604 4575 3714 4628 τοῦ

2127 4676 2278 4730 Θεοῦ
2331 4674 2570 4743 μᾶλλον
2601 4673 2640 4741 ἢ
2677 4673 2864 4726 οἰκεῖν
2881 4690 2957 4741 με
2979 4671 3050 4724 ἑν
3076 4670 3480 4738 σκηνώμασιν
3520 4669 3712 4736 ιίμαρο

2123 4766 2354 4820 πωλῶν.
2415 4765 2489 4818 Τὸ
2517 4766 2650 4818 αὐτὸ
2706 4766 2871 4816 πάλιν
2924 4766 3080 4833 φησι,
3128 4763 3268 4834 πλὴν
3306 4761 3714 4832 φανερώτερον,

2125 4860 2271 4928 Ὅρα
2307 4858 2366 4910 δὲ
2410 4857 2536 4910 ὃσιν
2571 4857 2764 4927 ἠγάπα
2793 4857 2884 4909 τὸν
2916 4856 3059 4908 θεῖον
3097 4849 3270 4920 οἷκον,
3328 4853 3358 4907 ὃ
3402 4855 3460 4906 τὸ
3495 4855 3717 4924 παραρ-

2124 4952 2435 5020 ριπτεῑσθαι
2481 4950 2556 5012 ὡς
2590 4950 2748 5018 ἔτυχε
2771 4990 2786 5015 ,
2823 4948 2916 5001 τοῦ
2947 4951 3119 5002 οἰκεῖν
3145 4947 3331 5017 ἀὸρῶς
3365 4949 3424 4998 ὲν
3451 4947 3719 5015 ἀμαρτω-

2122 5044 2235 5106 λοῖς
2303 5041 2665 5113 αἱρετώτερον
2720 5041 2906 5113 ἔκρινε
2978 5040 3067 5094 διὰ
3124 5039 3217 5092 τὸν
3275 5037 3486 5092 ἐκεῖθεν
3552 5037 3714 5105 ἀγι..-

2123 5139 2284 5206 σμὸν.

2201 5317 2331 5369 ”Οτι
2385 5315 2558 5378 ἕλεος
2609 5312 2708 5364 καὶ
2761 5310 3055 5379 ἀλήθειαν
3087 5299 3293 5378 ἀγαπᾷ
3319 5307 3556 5376 Κύριος.
3589 5305 3719 5380 Ἔγνω

2131 5408 2507 5476 καταμίγνυσι
2542 5403 2621 5472 τῷ
2651 5401 2854 5473 ψαλμῷ
2895 5403 2988 5454 καὶ
3047 5399 3333 5453 νουθεσίαν
3379 5413 3719 5467 προτρεπτιο

2133 5499 2236 5570 κὴν
2267 5501 2346 5562 εἰς
2377 5497 2691 5567 πρακτικὴν
2733 5495 2936 5564 ἀρετὴν
2964 5495 3060 5546 καὶ
3099 5492 3448 5562 θεωρητικήν
3485 5505 3501 5520 ’
3537 5491 3716 5557 λέγων

2131 5594 2213 5645 ὅτι
2275 5595 2303 5644 ὁ
2347 5591 2480 5653 Θεὸς
2525 5589 2718 5657 ἀγαπᾷ
2771 5587 2871 5655 τὴν
2919 5583 3294 5654 ἐλεημοσύνην
3335 5583 3428 5636 καὶ
3456 5581 3554 5653 τὴν
3583 5583 3718 5650 ἁλήυ
