4088 6418
417 289 526 353 8ὀῐὶ

1604 282 1998 348 COMMENT.
2037 286 2118 348 IN
2157 287 2517 350 PSALMOS.

3584 291 3704 359 '870

415 405 610 459 θειαν·
658 403 774 456 ἔστι
805 401 863 457 δὲ
880 401 982 472 τῆς
1034 402 1134 474 μὲν
1194 392 1509 474 πρακτικῆς
1656 379 2020 473 ὲλεημοσῦνη,

2132 402 2277 458 Deus
2311 402 2491 473 diligit
2532 400 2973 457 misericordiam
3022 410 3077 458 et
3126 403 3439 460 veritatem.
3494 405 3705 466 Miseri-

416 497 517 567 τῆς
540 497 598 550 δὲ
625 495 974 567 θεωρητικῆς
1004 496 1038 567 ή
1073 494 1303 566 ἀλήθεια
1321 512 1337 528 ⁸
1390 496 1441 549 εἰ
1469 495 1527 549 δὲ
1557 494 1770 559 ταύτας
1790 495 2005 565 ἀγαπᾷ,

417 588 579 659 δῆλον
623 590 706 643 ὅτι
765 588 987 652 πάντως
1022 588 1119 642 καὶ
1167 589 1295 651 τοὺς
1340 587 1632 657 μετιόντας
1661 587 1857 653 αὐτὰς,
1885 587 2009 639 ἐπεὶ

420 684 518 735 καὶ
552 680 716 743 αὐτὸς
743 678 1033 743 αὑτοέλεός
1060 680 1202 745 ἐστι,
1237 679 1335 733 καὶ
1385 678 1775 749 αὐτοαλήθεια.
1827 678 1901 731 Τὸ
1949 677 2009 730 δὲ

420 774 576 838 Ὅτι,
611 771 1018 843 διηγηματικόν
1040 772 1158 825 ἐστι
1201 775 1299 826 καὶ⁵
1339 772 1634 843 παρέλκον,
1656 772 1751 824 καὶ
1787 770 2013 840 ἱδ.ωμα-

420 868 592 921 τικόν.
656 865 815 920 Ἐστι
858 865 915 919 δὲ
978 866 1074 918 καὶ
1116 865 1295 928 ἄλλως
1337 866 1537 929 εἰπεῖν,
1574 866 1710 918 ὅτιὸ
1746 863 2008 934 Χριστὸς,

420 946 611 1031 ἐλεῶν
648 959 817 1027 ἡμᾶς,
864 954 1285 1029 ὲνηνθρώπησε,
1344 955 1443 1010 καὶ
1482 954 1683 1027 ἀληθὲς
1741 956 2009 1028 ἐκήρυξεν

421 1049 777 1120 Εὑαγγέλιον.

398 1377 414 1390 ,
493 1315 678 1385 Χάριν
707 1317 803 1369 καὶ
833 1315 1025 1380 δόξαν
1052 1315 1251 1370 δώσει.
1286 1316 1463 1385 Χάριν
1520 1315 1768 1386 ἀφέσεως
1826 1316 2010 1386 ἁμαρ-

418 1407 578 1469 τιῶν,
607 1406 683 1469 ὡς
705 1409 772 1476 τῇ
809 1407 1005 1478 πόρνῃ,
1036 1408 1134 1461 καὶ⁸
1179 1406 1397 1470 πολλοῖς
1429 1407 1633 1471 ἄλλοις.
1675 1407 1743 1459 Ἢ
1795 1407 2010 1476 θαυμά-

420 1515 552 1560 των,
607 1497 680 1560 ὡς
737 1500 852 1559 toi;
911 1497 1234 1559 ἀποστόλοις
1284 1500 1381 1552 καὶ
1410 1501 1524 1562 τοῖς
1564 1498 1773 1561 λοιποῖς
1805 1499 2003 1565 ἁγίοις.

420 1588 592 1652 Δόξαν
625 1589 703 1650 δὲ,
740 1590 836 1641 καὶ
864 1589 967 1660 τὴν
992 1588 1126 1659 παρ’
1155 1588 1488 1660 ἀνθρώπων,
1526 1590 1622 1644 καὶ
1659 1589 1757 1660 τὴν
1801 1588 1858 1642 ἐν
1921 1591 2012 1642 οὑ-

423 1683 627 1752 ρπινοῖς.
658 1683 725 1734 Ἦ
759 1682 920 1751 χάριν
987 1683 1086 1752 μὲν
1128 1681 1229 1752 τὴν
1281 1682 1381 1753 τῆς
1434 1682 1703 1749 θεώσεως,
1762 1682 1922 1748 δόξαν
1953 1685 2009 1736 δὲ

420 1774 522 1844 τὴν
548 1773 646 1844 τῆς
672 1773 958 1844 βασιλείας
990 1773 1184 1828 αὐτοῦ.

492 1959 712 2025 Κύριος
740 1960 813 2014 οὐ
851 1958 1141 2027 στερήσει
1167 1958 1238 2014 τὰ
1289 1959 1482 2028 ἀγαθὰ
1514 1960 1636 2027 τοῖς
1687 1961 2016 2033 πορευομέ-

420 2068 552 2118 νοις
576 2052 651 2105 ἐν
694 2053 940 2121 daedala.
988 2052 1148 2117 Τινὲς
1195 2053 1321 2107 καθ’
1368 2053 1678 2124 ὑπερϐατὸν
1726 2056 1787 2107 τὸ
1847 2055 2015 2125 ῥητὸν

425 2147 842 2211 συντάσσουσιν,
908 2143 1058 2200 οἷον·
1114 2147 1280 2219 χάριν
1318 2148 1414 2201 καὶ
1464 2147 1625 2212 δόξαν
1687 2148 1850 2201 δώσει
1901 2149 2015 2211 τοῖς

422 2238 820 2309 πορευομένοις
866 2238 925 2290 ἐν
965 2240 1197 2309 ἀκακία.
1230 2236 1366 2293 Εἶτα
1390 2242 1598 2311 Κύριος
1641 2240 1703 2293 οὐ
1759 2243 2016 2312 στερήσει

420 2330 620 2395 αὐτοὺς
654 2332 766 2385 τῶν
825 2332 1049 2401 ἀγαθῶν
1082 2333 1193 2387 τῶν
1247 2335 1307 2387 ὲν
1373 2334 1648 2404 οὐρανοῖς.
1701 2332 2022 2404 ’Δδιάφορος

421 2424 479 2478 δὲ
514 2425 660 2497 καὶὴ
689 2424 970 2493 σύνταξις,
999 2424 1098 2480 τοῦ
1151 2425 1467 2495 Στερήσει.
1521 2427 1587 2479 ‘0
1641 2424 1901 2495 σημαίνει
1962 2427 2024 2477 τὸ

425 2517 700 2572 κωλύσει.
730 2518 889 2582 Τινὲς
919 2518 977 2571 δὲ
1013 2518 1273 2584 σύνταξιν
1304 2519 1427 2572 am
1472 2517 1785 2583 συντάξεως
1849 2515 1985 2585 φασι
2005 2533 2020 2549 ο

422 2610 640 2678 Κύριος
677 2613 752 2665 οὐ
782 2611 1070 2681 στερήσει
1118 2610 1241 2666 τῶν
1266 2609 1507 2680 ἀγαθῶν
1539 2610 1665 2677 τοῖς
1698 2627 1939 2680 πορενυο,
1966 2609 2023 2664 έ-

424 2715 555 2768 νοις
579 2703 652 2755 ἐν
678 2702 923 2770 ἀκακία,
957 2701 1136 2756 εἴτουν
1161 2702 1221 2755 ἐν
1255 2703 1437 2773 ἀποχῇ
1462 2702 1574 2754 τῶν
1593 2702 1808 2756 κακῶν.

2119 495 2309 550 cordia
2371 502 2554 548 autem
2599 495 2665 549 ad
2700 495 2961 561 activam,
2992 504 3048 551 et
3081 497 3286 552 veritas
3332 498 3400 552 ad
3454 511 3702 556 contem-

2118 589 2378 658 plativam
2423 588 2603 642 vitam‘
2624 590 2883 658 pertinet.
2921 588 3080 655 Quod
3109 591 3155 645 si
3190 591 3327 645 istas
3352 590 3498 648 Deus
3527 594 3708 666 diligit

2116 681 2391 747 virtutes,
2446 681 2763 735 necessario
2814 696 2911 737 eos
2968 682 3196 747 amabit,
3246 684 3341 755 qui
3388 684 3702 756 hujusmodi

2116 774 2358 831 virtutes
2387 775 2801 846 amplectuntur
2835 795 2849 830 :
2887 777 3015 848 quia
3066 779 3212 837 Deus
3242 790 3333 839 est.
3371 783 3492 853 ipsa
3541 783 3705 838 misc-

2116 866 2385 934 ricordia,
2410 875 2466 923 et
2494 869 2616 940 ipsa
2643 871 2874 927 veritas.
2934 872 3113 928 Dictio
3169 883 3376 942 autem,
3412 878 3702 943 Quoniam,

2119 960 2399 1015 narrantis
2459 960 2515 1016 in
2567 975 2778 1016 morem
2838 964 3022 1032 posita
3071 974 3177 1031 est,
3229 977 3278 1021 et
3336 968 3605 1035 abundat,
3648 981 3704 1024 ut

2117 1067 2263 1122 saepe
2292 1052 2560 1119 diximus,
2598 1068 2751 1109 more
2783 1053 3039 1111 Hebraici
3077 1058 3377 1115 idiomatis.
3405 1059 3706 1117 Possumus

2117 1150 2173 1197 et
2199 1143 2359 1198 aliter
2392 1145 2601 1212 dicere,
2631 1148 2775 1215 quod
2808 1145 3065 1203 Christus
3099 1151 3276 1204 nostri
3309 1153 3567 1207 misertus
3592 1164 3701 1217 est,

2117 1243 2171 1289 et
2205 1251 2395 1290 verum
2422 1237 2582 1292 nobis
2609 1238 2969 1308 Erangelium
3007 1240 3346 1309 praedicavit.

2191 1324 2440 1381 Gratiam
2483 1341 2533 1383 et
2561 1329 2795 1399 gloriam
2847 1332 3015 1385 dabit.
3061 1329 3305 1387 Gratiam
3362 1335 3706 1390 remissionis

2116 1428 2496 1487 peccatorum,
2525 1421 2693 1476 veluti
2729 1422 2883 1477 dedit
2915 1425 3219 1492 meretrici,
3260 1438 3314 1480 et
3337 1426 3464 1481 aliis
3496 1429 3706 1483 multis.

2118 1511 2237 1573 Vel,
2273 1514 2507 1585 gratiam
2543 1514 2937 1569 miraculorum
2972 1515 3147 1580 dabit,
3190 1518 3411 1587 qualem
3443 1521 3711 1588 apostolis

2120 1606 2392 1675 praestitit,
2427 1611 2481 1660 et
2520 1609 2737 1662 cmteris
2768 1608 3007 1663 sanctis.
3042 1610 3288 1665 Gloriam
3325 1628 3475 1677 vero,
3504 1622 3558 1666 vt
3585 1630 3705 1667 eam

2119 1709 2242 1763 quae
2265 1695 2441 1748 estab
2469 1694 2813 1763 hominibus,
2846 1705 2902 1751 et
2954 1713 3076 1752 eam
3128 1713 3250 1766 qua:
3300 1701 3353 1753 in
3404 1704 3546 1757 cmlo
3601 1712 3707 1763 est,

2045 1773 2090 1828 Β
2120 1786 2202 1839 vel
2227 1785 2595 1842 deiﬁcationis
2626 1788 2878 1855 gloriam,
2914 1797 2974 1842 ut
3012 1789 3104 1844 Dei
3129 1789 3345 1845 scilicet
3375 1791 3705 1855 etliciamur,

2116 1886 2173 1934 et
2196 1878 2429 1948 gloriam
2464 1880 2708 1935 cmlestis
2741 1882 2894 1950 regni
2937 1880 3334 1950 adipiscamur.

2195 1968 2359 2025 Vsus.
2403 1970 2492 2026 15.
2550 1969 2811 2026 Dominus
2871 1988 2977 2026 non
3031 1973 3263 2041 privabit
3315 1975 3463 2028 bonis
3499 1990 3587 2030 eos
3616 1977 3707 2045 qui

2118 2062 2395 2116 ambulant
2420 2064 2473 2116 in
2507 2064 2830 2118 innocentia.
2860 2062 3096 2130 Quidam
3126 2080 3221 2135 per
3240 2064 3475 2136 ﬁguram
3508 2067 3708 2139 hyper-

2122 2155 2291 2209 baton
2361 2166 2695 2210 construunt
2752 2155 2903 2211 hunc
2964 2158 3330 2225 versiculum,
3407 2159 3705 2216 videlicet:

2121 2246 2389 2303 Dominus
2416 2246 2571 2302 dabit
2592 2249 2829 2320 gratiam
2875 2257 2931 2304 et
2964 2250 3219 2321 gloriam,
3257 2251 3327 2306 iis
3378 2254 3471 2323 qui
3521 2254 3713 2309 ambu-

2120 2337 2236 2391 lant
2259 2336 2313 2390 in
2342 2336 2697 2405 innocentia;
2750 2338 2950 2395 deinde
3008 2342 3275 2399 Dominus
3316 2360 3424 2400 non
3476 2347 3713 2414 privabit

2120 2444 2220 2484 eos
2250 2429 2576 2485 melesibus
2603 2431 2785 2487 bonis.
2820 2433 2885 2485 Et
2918 2435 3047 2503 quia
3077 2433 3267 2491 Graeca
3305 2436 3468 2492 lectio
3498 2436 3713 2492 indiﬂ‘e-

2121 2530 2335 2577 rentcm
2382 2525 2634 2577 continet
2704 2527 3201 2600 constructionem.
3250 2526 3520 2598 (llabetur
3566 2532 3719 2584 enim

2123 2614 2178 2668 in
2213 2613 2404 2669 οντεεο
2437 2632 2450 2668 :
2502 2614 2707 2684 Κύριος
2750 2614 2814 2669 οὐ
2850 2620 3109 2688 στερήσει
3139 2618 3209 2671 τὰ
3252 2619 3433 2687 ἀγαθὰ
3472 2623 3584 2683 τοῖς
3611 2638 3721 2675 nov

2127 2703 2442 2775 ρευομένοις
2489 2705 2548 2756 ὲν
2576 2705 2828 2776 ἀκακία,
2884 2708 3029 2777 quod
3090 2707 3160 2763 ad
3234 2710 3471 2764 litteram
3523 2711 3719 2765 dicere

424 2811 719 2866 possumus
757 2816 772 2854 :
808 2797 1072 2853 Dominus
1105 2815 1209 2853 non
1241 2800 1474 2868 prirabit
1505 2798 1645 2853 bona
1714 2800 1781 2853 iis
1849 2798 1941 2868 qui
2012 2800 2294 2855 anibutant
2339 2801 2397 2854 in
2442 2803 2796 2873 innocentia.)
2844 2804 2940 2858 Dic
3016 2805 3161 2875 quod
3203 2806 3397 2872 dictio,
3452 2810 3714 2875 Prii-abit,

424 2896 510 2952 sic
534 2897 736 2967 posita,
769 2898 1044 2968 accipitur
1093 2912 1194 2968 pro
1237 2897 1580 2953 Prohibebit.
1618 2880 1854 2962 Quidam
1886 2911 2018 2952 vero
2057 2897 2431 2961 dicuntcasus
2474 2899 2529 2953 in
2579 2902 3032 2957 constructiones
3110 2901 3290 2958 fuisse
3372 2904 3721 2972 immutatos,

426 3008 485 3050 et
525 2993 764 3064 positum
799 3011 815 3049 :
852 2993 979 3049 Non
1007 2994 1234 3063 privabit
1308 2992 1468 3057 bona,
1548 2994 1616 3048 iis
1667 2994 1759 3064 qui
1809 2993 2086 3049 ambulant
2125 2995 2180 3049 in
2206 2995 2547 3062 innocentia;
2579 3011 2680 3067 pro
2709 2996 2839 3051 Non
2862 2999 3093 3067 priuabit
3129 3017 3217 3054 eos
3251 3001 3420 3055 bonis.
3448 3003 3719 3059 Innocen-

427 3089 563 3143 tiam
605 3094 786 3142 autem
836 3086 941 3143 hoc
970 3088 1026 3142 in
1077 3089 1201 3143 loco
1240 3102 1339 3158 pro
1407 3088 1745 3143 abstinentia
1826 3089 2092 3144 vitiorum
2134 3090 2340 3159 posuit.
2407 3089 2735 3160 (Considera
2792 3095 2961 3150 etiam
3024 3112 3094 3152 ne
3166 3097 3423 3154 fortassis
3495 3102 3716 3154 \‘C’l‘lmlll

428 3183 747 3253 ἁποστρεῶ,
792 3181 897 3238 hoc
939 3190 1049 3250 est,
1096 3182 1326 3238 verbum
1377 3182 1564 3247 Privo,
1596 3184 1792 3240 eodem
1845 3188 2010 3239 modo
2051 3192 2434 3263 construatur,
2466 3201 2576 3256 quo
2608 3188 2837 3243 verbum
2891 3191 3123 3261 Aufero;
3190 3192 3343 3262 quod
3417 3192 3719 3263 aliquando

428 3289 557 3329 cum
586 3273 1047 3345 dativojungitur
1081 3284 1141 3330 et
1171 3274 1515 3339 accusativo,
1560 3276 1774 3330 veluti:
1819 3276 2029 3331 Aufero
2109 3276 2207 3331 tibi
2232 3291 2350 3332 eam
2424 3292 2564 3344 rem,
2617 3280 2785 3335 sicuti
2833 3284 3144 3351 reperimus
3172 3285 3314 3353 apud
3370 3285 3715 3345 Aristidem:

428 3370 675 3427 Abstulit
705 3370 753 3423 ei
779 3369 1184 3439 aegritudinem.
1222 3368 1355 3425 [tem
1392 3370 1535 3441 apud
1560 3369 2008 3426 Philostratum:
2050 3372 2189 3427 Cum
2219 3371 2442 3428 fortuna
2471 3373 2522 3429 ei
2562 3390 2820 3445 magnum
2888 3378 3172 3447 praemium
3205 3379 3574 3449 abstulisset.)
3676 3372 3681 3376 ’

503 3464 679 3531 Κύριε
715 3465 747 3517 ό
775 3463 922 3530 Θεὸς
958 3460 1078 3517 τῶν
1117 3461 1453 3532 δυνάμεων,
1491 3461 1791 3533 μακάριος
1839 3465 1875 3518 ό
1927 3463 2020 3517 ἄν·

2217 3465 2444 3520 Domine
2473 3465 2611 3521 Deus
2642 3467 2917 3535 virtutum,
2965 3470 3148 3526 beatus
3178 3473 3354 3539 homo,
3400 3476 3493 3544 qui
3540 3488 3722 3546 sperat

429 3560 670 3625 Optoan
703 3558 736 3610 ὁ
767 3551 1025 3615 ἐλπίζων
1052 3554 1150 3608 ἐπὶ
1186 3554 1282 3610 σέ.
1336 3554 1427 3609 Ἐν
1465 3554 1549 3625 τῷ
1578 3555 1665 3624 λγ¹
1692 3554 1894 3626 ψαλμῷ
1950 3554 2029 3609 εἴ.

432 3665 600 3719 ρηται
641 3666 656 3680 ·
708 3645 1015 3714 Μακάριος
1065 3647 1225 3716 ἀνὴρ
1276 3645 1344 3713 ὃς
1401 3645 1629 3709 ἐλπίζει
1680 3648 1775 3702 ἐπ’
1812 3649 2022 3702 αὐτόν.

431 3739 687 3806 Ἐλπίζει
727 3739 786 3795 δὲ
814 3739 1082 3794 ὀπάντων
1116 3740 1542 3811 καταφρονήσας
1568 3741 1676 3793 τῶν
1724 3721 2022 3810 βιωτικῶν,

431 3834 535 3889 καὶ
571 3833 649 3904 τῷ
701 3833 824 3905 Θεῷ
865 3833 1015 3905 μόνῳ
1051 3834 1468 3904 προσανέσχων.
1515 3815 1759 3904 Ἑϐραῖοι
1804 3833 1860 3886 δὲ
1930 3832 2027 3886 καὶ

431 3930 529 3983 τδν
565 3928 812 4000 παρόντα
844 3926 1062 3997 ψαλμὸν
1105 3927 1186 3998 τῷ
1234 3910 1300 3981 ’ἐν
1369 3925 1647 3981 Βαϐυλῶνι
1697 3927 2023 3998 δορυαλώτῳ

431 4021 554 4093 λαῷ
575 4020 953 4084 ἀνατιθέασιν.
985 4019 1348 4091 επιθυμοῦντι
1378 4020 1474 4073 τοῦ
1513 4021 1570 4073 ὲν
1622 4017 2024 4091 Ἰεροσολύμοις

433 4113 592 4177 ναοῦ,
634 4113 731 4167 καὶ⁵
760 4111 1122 4183 μακαρίζοντι
1159 4112 1289 4175 τοὺς
1321 4110 1717 4175 κατοικοῦντας
1755 4112 1814 4164 ἐν
1853 4110 2027 4182 αὐτῷ,

437 4205 537 4259 καὶ
566 4205 910 4276 προτιμῶντι
953 4203 1086 4275 μίαν
1124 4202 1342 4274 ἡμέραν
1381 4203 1480 4275 τῆς
1511 4203 1572 4256 ὲν
1628 4203 1782 4272 αὐτῷ
1821 4202 2030 4274 διατρι-

438 4296 546 4367 ϐῆς
577 4296 724 4367 ὑπὲρ
774 4296 1022 4368 χιλιάδας
1044 4296 1269 4368 ἡμερῶν
1294 4294 1396 4360 τὰς
1433 4298 1493 4349 ὲν
1551 4296 1754 4361 ἄλλοις.
1821 4298 1895 4351 Οὐ
1934 4297 2028 4350 δύ-

439 4408 635 4444 νανται
668 4389 726 4443 δὲ
749 4390 927 4444 διόλου
956 4388 1298 4460 συμϐιϐάσαι
1330 4388 1431 4461 τὴν
1470 4390 1778 4460 ἑρμηνείαν
1834 4389 2026 4445 αὑτοῦ.

440 4483 519 4536 Τὸ
549 4483 681 4553 γὰρ,
710 4484 817 4550 Εις
839 4481 985 4550 τοὺς
1027 4481 1250 4548 αἰῶνας
1278 4480 1400 4535 τῶν
1427 4480 1660 4536 αἰώνων
1710 4481 2033 4537 αἱνέσουσι

442 4591 542 4641 σε,
569 4575 959 4646 προσίσταται.
1002 4570 1292 4644 Κατελύθη
1317 4573 1374 4626 δὲ
1408 4576 1507 4627 καὶ
1545 4574 1575 4626 ὁ
1613 4560 1740 4636 ναὸς
1765 4574 1860 4627 καὶ
1899 4575 1927 4626 ό
1969 4575 2030 4628 ἐν

442 4667 596 4739 αὐτῷ
632 4663 783 4729 αἶνος
815 4683 830 4697 ο
854 4666 951 4719 καὶ
982 4666 1061 4731 τὸ,
1092 4667 1198 4732 Ek;
1217 4665 1332 4733 τὴν
1358 4664 1615 4720 κοιλάδα
1669 4666 1779 4720 τοῦ
1807 4670 2031 4721 κλαυθ-

437 4760 637 4830 μῶν-ος
665 4800 682 4825 ,
714 4759 1083 4815 ἀνακόλουθον
1134 4761 1343 4824 αὐτοῖς,
1378 4762 1472 4814 καὶ
1519 4760 1655 4815 ἄλλα
1707 4761 1851 4814 τινά.
1922 4762 2032 4815 Καὶ

2131 3560 2185 3613 in
2215 3569 2285 3615 te.
2342 3557 2398 3613 In
2433 3560 2643 3630 psalmo
2675 3562 2844 3616 etiam
2894 3578 2990 3617 Ll‘ll
3034 3564 3310 3633 legimus:
3365 3566 3566 3624 Beatus
3610 3573 3715 3636 vir,

2130 3653 2220 3722 qui
2249 3662 2424 3721 sperat
2453 3653 2507 3705 in
2536 3667 2618 3707 eo.
2655 3653 2748 3709 llle
2779 3663 2962 3709 autem
2999 3672 3227 3726 sperare
3263 3659 3469 3714 dicitur
3497 3662 3552 3716 in
3579 3663 3713 3727 Deo,

2130 3745 2225 3814 qui
2263 3743 2546 3799 mundana
2571 3747 2758 3801 omnia
2788 3747 3047 3817 despicit,
3083 3758 3137 3804 et
3167 3749 3237 3804 ab
3267 3765 3335 3805 eo
3365 3758 3489 3807 solo
3515 3755 3722 3823 depen-

2130 3837 2245 3893 det.
2283 3837 2496 3894 llebraai
2536 3853 2666 3893 vero
2714 3839 2866 3894 hunc
2900 3841 3174 3909 psalmum
3205 3841 3400 3897 dicunt
3431 3842 3498 3898 ad
3544 3847 3720 3915 capti-

2132 3944 2257 3982 vum
2296 3929 2349 3982 in
2387 3929 2665 4000 Babylone
2700 3925 2957 4001 pepulu'm
2996 3932 3298 4001 pertinere,
3334 3935 3429 4004 qui
3475 3936 3546 3989 ad
3587 3938 3720 3991 Hic-

2127 4018 2596 4089 rosolymitanum
2680 4019 2942 4088 templum
3007 4021 3275 4076 accedere
3341 4023 3601 4093 optabat,
3667 4037 3723 4080 et

2130 4111 2324 4166 beatos
2359 4125 2456 4165 eos
2487 4124 2683 4165 omnes
2713 4108 2958 4177 dicebat,
3007 4112 3100 4181 qui
3136 4113 3250 4167 illic
3277 4112 3562 4184 degerent.
3612 4115 3721 4184 Qui

2131 4205 2294 4260 etiam
2329 4204 2566 4274 populus
2602 4203 2790 4259 irrillo
2812 4205 3041 4271 templo,
3069 4206 3154 4261 vel
3181 4207 3347 4262 unica
3380 4216 3595 4263 tantum
3630 4211 3727 4266 die

2131 4295 2465 4351 commorari
2521 4296 2831 4361 maluisset,
2888 4311 3053 4366 quam
3101 4298 3236 4352 alibi
3272 4300 3358 4354 vel
3390 4299 3726 4370 longissimo

2131 4390 2399 4459 temporis
2426 4389 2737 4444 intervallo.
2770 4387 2970 4446 Verum
2998 4406 3109 4446 non
3140 4400 3383 4461 possunt
3403 4409 3503 4463 per
3530 4397 3718 4450 omnia

2132 4480 2448 4551 bujusmodi
2481 4482 2884 4550 expositionem
2938 4499 3055 4537 suo.
3093 4487 3523 4541 accommodare
3576 4501 3714 4557 pro-

2136 4574 2346 4646 posito,
2375 4589 2505 4630 cum
2538 4575 2631 4628 illa
2656 4575 2738 4631 eis
2762 4575 2931 4630 verba
2963 4576 3332 4633 adversentur
3358 4595 3372 4632 :
3416 4577 3485 4632 In
3518 4581 3722 4635 sa-cula

2132 4667 2451 4722 sazcutorum
2480 4666 2775 4721 laudabunt
2820 4678 2890 4722 te.
2921 4665 3062 4722 Nam
3100 4677 3153 4723 et
3195 4669 3479 4741 templum,
3521 4680 3577 4726 et
3606 4672 3730 4726 luu-

2134 4761 2251 4826 des,
2281 4772 2404 4829 quae
2442 4759 2499 4812 in
2558 4772 2628 4813 eo
2675 4758 2880 4828 templo
2914 4757 3030 4815 Deo
3084 4758 3438 4827 dicebantur,
3469 4763 3726 4818 abierunt

444 4851 557 4920 γὰρ
590 4851 688 4906 καὶ
724 4850 759 4921 ἡ
812 4849 1103 4922 ἐπιγραφὴ
1171 4850 1279 4922 πρὸ
1329 4850 1440 4905 τῶν
1479 4850 1658 4904 ἄλλων
1718 4850 2020 4920 ἐμποδίζει,

2133 4851 2339 4907 omnia.
2364 4850 2432 4905 Et
2459 4851 2626 4907 verba
2671 4852 2764 4906 illa
2795 4868 2810 4906 :
2835 4849 2901 4906 In
2939 4851 3081 4908 valle
3102 4852 3486 4925 lacryrnarum,
3515 4856 3725 4910 nullam

444 4945 663 5013 Ληνῶν
682 4945 1070 5018 πληθυντικῶς
1130 4949 1553 5018 μνημονεύουσα
1593 4959 1607 4975 ⁸
1674 4944 1952 5015 πανταχοῦ
1976 4945 2034 4999 δὲ

444 5035 607 5105 ληνὸν
659 5040 694 5109 ἡ
734 5037 952 5092 Παλαιὰ
1005 5038 1100 5091 τὸν
1142 5040 1203 5090 ἐν
1247 5035 1644 5107 Ἱεροσολύμοις
1688 5035 1837 5104 λέγει
1882 5037 2031 5102 ναὸν,

444 5128 543 5181 καὶ
571 5129 839 5199 σκήνωμα
858 5145 872 5160 ο
906 5129 1002 5182 καὶ
1026 5129 1090 5183 οὐ
1133 5126 1500 5199 σκηνώματα.

447 5217 553 5271 rali
586 5232 823 5273 numero
848 5218 1112 5288 appellat,
1165 5232 1290 5273 cum
1370 5217 1574 5287 passim
1625 5217 1683 5270 in
1749 5215 1930 5271 Veteri
2004 5214 2383 5282 Testamento,
2438 5218 2705 5288 templum

2129 4944 2284 5015 juxta
2302 4959 2496 4999 eorum
2520 4944 2923 5014 expositionem
2951 4944 3221 5003 baberent
3243 4948 3723 5018 consequentiam.

2134 5037 2200 5092 Et
2233 5037 2398 5091 multa
2439 5037 2544 5091 alia
2578 5048 2836 5107 praeterea
2869 5046 3034 5094 erunt
3063 5038 3311 5095 dissona.
3340 5040 3478 5094 Nam
3510 5049 3566 5094 et
3599 5041 3725 5110 ipsa

2132 5127 2188 5181 in
2222 5127 2416 5197 primis
2433 5127 2723 5197 inscriptio
2737 5126 3088 5194 adversatur,
3111 5146 3235 5199 quia
3261 5130 3575 5185 Torcularia
3599 5134 3723 5198 plu-

2791 5218 3383 5290 llierosolymitanum,
3445 5220 3727 5279 Torcular,

443 5312 718 5384 singulari
777 5326 1034 5378 numero,
1086 5323 1182 5368 aut
1222 5310 1647 5367 Tabernaeutum
1683 5313 2020 5381 appellatum
2064 5309 2158 5375 sit,
2190 5319 2385 5365 etnon
2424 5311 2746 5380 toreularia,
2779 5320 2877 5366 aut
2913 5313 3296 5367 tabernacula.

444 5408 551 5473 Εἰς
583 5403 651 5458 τὸ
675 5401 853 5470 τέλος
878 5404 1005 5471 τοῖς
1034 5405 1188 5471 υἱοῖς
1209 5403 1384 5472 Κορὲ,
1414 5404 1659 5472 ψαλμός
1710 5402 1792 5469 τῷ
1832 5403 2032 5458 Δαϐίδ.

1022 5495 1319 5548 ΨΑΛΜΟΣ
1345 5495 1466 5547 ΙΙΔ’.

518 5593 627 5656 Εἰς
681 5589 749 5644 τὸ
796 5586 972 5653 τέλος
1025 5585 1120 5639 καὶ
1172 5578 1325 5646 οὗτος
1384 5584 1474 5637 διὰ
1538 5584 1598 5636 τὸ
1646 5583 1801 5646 τέλος
1838 5582 1954 5635 τῶν
1976 5585 2034 5637 ἐν

447 5685 623 5755 τούτῳ
658 5680 1032 5755 προφητειῶν.
1080 5677 1456 5750 Προαγορεύει
1489 5678 1598 5748 γὰρ
1642 5677 1890 5740 τυπικῶς
1931 5678 2033 5747 μὲν

448 5779 517 5833 τὰ
541 5781 644 5849 τῆς
670 5776 990 5849 ἐλευθερίας
1034 5774 1141 5829 τῶν
1185 5775 1242 5827 ἐν
1286 5771 1566 5826 Βαϐυλῶνι
1616 5769 1979 5842 αἰχμαλώτων
2007 5811 2023 5836 ,

2378 5401 2445 5455 In
2479 5402 2637 5472 ﬁnem
2672 5402 2800 5471 ﬁliis
2844 5390 2999 5467 Core,
3036 5401 3272 5469 psalmus
3299 5401 3492 5457 Dauid.

2600 5493 2926 5551 PSALMUS
2971 5493 3260 5548 LXXXIV.

2210 5585 2277 5641 In
2319 5587 2478 5655 ﬁnem
2509 5587 2674 5640 etiam
2708 5586 3037 5641 inscribitur
3069 5586 3161 5640 llic
3195 5584 3462 5657 psalmus,
3492 5587 3562 5641 ob
3594 5602 3720 5656 pro-

2133 5679 2347 5749 plielias
2382 5679 2434 5732 in
2469 5694 2535 5733 eo
2564 5686 2879 5742 cmncntas,
2930 5696 3051 5749 qua?
3081 5680 3147 5735 ad
3186 5680 3347 5734 linem
3387 5678 3708 5743 tendebant,

2131 5772 2195 5826 Et
2229 5774 2280 5826 in
2317 5774 2489 5840 ligura
2536 5770 2758 5841 quidem
2809 5786 2872 5826 ea
2925 5774 3198 5842 praedicit,
3251 5787 3372 5841 qum
3408 5770 3475 5825 ad
3524 5771 3715 5838 populi
