4088 6422
1891 163 1960 174 αρε-ς

418 270 520 335 871

1629 256 2018 330 EUTHYMtI
2058 265 2425 328 meantem

3593 258 3700 328 872

412 387 614 458 captivi
659 387 716 444 in
746 385 1026 459 Babylone
1058 385 1368 442 libertatem
1399 386 1770 457 pertinebant,
1812 403 2000 443 revera

2118 385 2380 457 Ειληθινῶς
2414 383 2470 437 δὲ
2509 383 2578 437 τὰ
2615 383 2714 454 τῆς
2755 384 3076 454 ἐλευθερίας
3132 383 3240 438 τῶν
3292 384 3350 436 ἐν
3408 385 3696 441 εἰδωλολα-

415 489 600 535 autcm
631 481 700 535 de
751 480 1009 551 gentibus
1059 487 1386 550 pertractat,
1433 493 1556 548 quae
1583 479 1686 534 sub
1738 478 2007 533 idolorum

415 575 688 628 servitute
719 575 950 643 captiva:
981 574 1334 636 tenebantur,
1387 580 1443 626 et
1498 586 1637 641 quas
1687 570 1758 626 ab
1811 571 2008 640 hujus-

418 665 564 720 modi
597 665 733 735 jugo
762 664 1080 720 liberandas
1117 664 1390 733 praedicit.

493 758 654 814 Vens.
697 759 763 828 2.,
784 757 1140 822 Benedixisti,
1173 756 1420 820 Domine,
1451 766 1651 810 terram
1683 765 1855 811 tuam.
1882 753 2010 811 Haec

417 867 542 920 qua:
593 851 834 905 diximus
887 851 1090 904 mentis
1141 850 1325 904 oculis
1378 849 1686 920 pratvidens
1737 849 2009 921 Propheta

420 945 589 997 Deum
615 944 796 1012 ipsum
823 943 1126 1007 alloquitur
1142 943 1337 998 dicens
1364 941 1744 1008 :Benedixisti,
1771 944 2006 1012 Domine,

416 1048 618 1092 terram
653 1049 821 1102 tuam,
853 1053 947 1093 seu
981 1037 998 1104 (
1025 1046 1083 1089 ut
1119 1036 1305 1091 verius
1341 1037 1393 1089 in
1423 1035 1614 1090 Graeca
1647 1037 1880 1092 lectione
1912 1038 2010 1090 ha-

418 1130 598 1199 betur)
635 1150 649 1182 :
691 1129 840 1183 Bona
868 1128 1106 1192 voluisti,
1138 1127 1378 1189 Domine,
1413 1137 1568 1182 terrae
1603 1137 1729 1183 (utr.
1763 1127 2009 1182 llabetttr

414 1223 563 1277 enim
608 1223 662 1274 iu
697 1220 890 1276 Graeco
931 1223 1181 1284 verbum,
1225 1220 1553 1289 εὐδόκησας,
1597 1219 1742 1273 unde
1784 1219 2007 1272 εὐδοκία

417 1330 542 1386 qua:
579 1314 961 1383 beneplacitum
1013 1314 1238 1376 dicitur,
1293 1327 1389 1367 seu
1442 1313 1576 1364 bona
1629 1312 1897 1367 voluntas.
1947 1313 2006 1366 In

417 1407 611 1461 Graeca
665 1416 848 1461 tamen
889 1406 1128 1461 lectione
1166 1404 1515 1459 constructio
1548 1403 1869 1460 indili‘erens
1901 1414 2005 1460 est.

423 1499 600 1553 Terra:
622 1509 797 1553 autem
823 1510 928 1552 tua:
950 1499 1105 1563 dicit,
1133 1497 1263 1566 quia
1289 1496 1502 1550 Domini
1529 1506 1611 1551 est
1637 1506 1779 1552 terra
1810 1498 1874 1563 “,
1900 1507 2006 1553 etc.

422 1593 568 1646 Bona
605 1593 768 1661 igitur
803 1607 949 1644 nunc
983 1589 1208 1643 voluisti
1245 1597 1408 1644 terra:
1440 1598 1569 1644 tuae.
1605 1588 1739 1643 Nam
1773 1590 1904 1644 olim
1937 1592 2007 1647 ob

419 1687 579 1754 primi
617 1682 860 1751 parentis
886 1688 1327 1749 transgressum,
1359 1682 1502 1733 bona
1533 1680 1580 1734 ei
1611 1695 1719 1733 non
1755 1680 2002 1743 volebas,

2110 483 2270 551 τρείᾳ
2304 477 2698 549 αἰχμαλώτων.
2736 478 2831 532 καὶ
2858 481 2957 550 τὴν
2993 477 3249 532 ἐντεῦθεν
3279 478 3627 549 ἀπαλλαγήν.

2181 751 2568 819 Ετὺδόκησας,
2612 751 2812 820 Κύριε,
2848 749 2965 818 τὴν
2998 749 3118 819 γῆν
3149 765 3286 804 σου.
3337 747 3524 803 Ταῦτα
3564 767 3701 821 προσ

2112 844 2378 916 εωρακὼς
2441 847 2470 897 ὁ
2519 844 2840 914 Προφήτης,
2875 844 3264 916 προαναφωνεῖ
3311 841 3388 912 τῷ
3437 842 3701 912 Θεῷ,ὅτι

2110 938 2320 1008 ἈγαΘὰ
2341 938 2619 1009 ἠθέλησας
2648 939 2714 1008 τῇ
2744 939 2814 1009 γῇ
2849 954 2944 990 σου
2973 953 2988 969 ο
3037 935 3262 990 εὐδοκία
3318 937 3426 1006 γὰρ
3472 937 3506 1006 ἡ
3565 938 3704 1005 ἀγα-

2110 1033 2377 1089 θοθέλεια.
2424 1033 2746 1104 Ἀδιάφορος
2791 1033 2848 1086 δὲ
2899 1035 2932 1102 ἡ
2979 1031 3234 1097 σύνταξις
3282 1033 3400 1099 τοῦ,
3461 1031 3700 1100 Ἠθέλη-

2108 1143 2247 1194 σας.
2279 1127 2390 1198 Τὴν
2421 1128 2524 1196 γῆν
2557 1144 2650 1179 σου
2675 1125 2750 1193 δὲ,
2777 1126 2859 1180 ὅτι
2899 1125 3011 1180 Τοῦ
3034 1126 3280 1194 Κυρίου,
3304 1126 3492 1195 φησὶν,
3533 1126 3570 1193 ἡ
3602 1124 3697 1195 γῆ.

2111 1221 2310 1294 Πρὼην
2344 1223 2444 1292 μὲν
2472 1221 2600 1291 γὰρ,
2626 1220 2718 1274 διὰ
2748 1221 2849 1290 τὴν
2882 1221 2977 1274 τοῦ
3015 1219 3232 1290 πρώτου
3295 1221 3471 1292 Ἀδὰμ
3522 1239 3700 1294 παρα-

2110 1315 2264 1386 κοὴν,
2292 1315 2502 1384 πονηρά
2529 1315 2669 1383 αὐτῇ
2706 1313 2973 1383 ἠθέλησεν
3008 1330 3023 1346 ⁸
3057 1313 3528 1382 Ἐπικατάρατος
3571 1313 3698 1384 γὰρ,

2111 1410 2298 1478 φησὶν,
2317 1409 2356 1476 ἡ
2389 1406 2464 1478 γῆ
2491 1407 2560 1460 ἐν
2581 1406 2705 1472 τοῖς
2729 1406 2928 1475 ἔργοις
2952 1421 3070 1460 σου
3093 1423 3110 1438 ’
3139 1406 3254 1460 Νῦν
3281 1407 3336 1460 δὲ
3363 1407 3700 1472 τούναντίον,

2109 1502 2198 1555 διὰ
2237 1502 2337 1573 τὴν
2389 1501 2482 1554 τοῦ
2534 1500 2657 1553 νέου
2716 1500 2890 1570 Ἀδὰμ
2934 1499 3207 1569 ὑπακοήν.
3259 1501 3373 1552 Καὶ
3431 1500 3702 1568 πρότερον

2113 1597 2212 1668 μὲν
2243 1595 2452 1666 κτίσμα
2491 1595 2628 1648 Θεοῦ
2655 1590 2722 1664 ἦν
2755 1636 2769 1659 ,
2824 1595 3053 1665 ὕστερον
3101 1593 3159 1647 δὲ
3191 1594 3286 1646 καὶ
3319 1593 3505 1662 κτῆμα
3535 1593 3701 1646 αὑτοῦ

2111 1689 2350 1756 ἐγένετο.
2381 1687 2522 1742 Ἀλλ’
2555 1688 2698 1740 οὕτω
2733 1688 2834 1757 μὲν
2862 1686 2985 1740 καθ’
3011 1688 3183 1756 ἡμᾶς.
3215 1685 3354 1739 Καθ’
3411 1672 3703 1753 Ἑϐραίους

418 1752 514 1829 sed
569 1776 749 1827 mala:
796 1773 1102 1834 Maledicta,
1159 1773 1436 1840 inquiens,
1502 1782 1643 1826 terra
1674 1773 1727 1825 in
1761 1774 2004 1841 operibus

2118 1752 2168 1834 δέ
2214 1782 2319 1851 γῆν
2351 1780 2487 1835 Θεοῦ
2519 1752 2746 1851 νοήσεις.
2771 1780 2954 1843 ἱδικῶς
2995 1752 3097 1850 civ
3131 1779 3415 1841 Ἰουδαίαν,
3445 1752 3523 1841 ὡς
3551 1780 3703 1847 ἀφω-

417 1866 528 1917 suis
570 1867 647 1930 ";
691 1874 745 1917 at
779 1879 924 1919 nunc
953 1866 1023 1919 ob
1047 1866 1173 1918 novi
1199 1864 1375 1918 nostri
1395 1863 1572 1918 Adam
1605 1864 2000 1930 obedientiam,

419 1956 473 2009 in
515 1956 745 2025 gratiam
785 1963 937 2010 tuam
992 1957 1250 2010 restituta
1283 1965 1408 2011 est:
1451 1955 1706 2025 quinimo
1743 1957 1872 2011 olim
1909 1967 2000 2013 tua

2115 1876 2382 1946 ρισμένην
2399 1873 2477 1944 τῷ
2514 1873 2630 1944 λαῷ
2662 1871 2852 1938 αὐτοῦ,
2895 1870 2966 1946 ἧς
3011 1872 3262 1927 εὐδοκίαν
3298 1873 3434 1940 φασὶ
3471 1870 3564 1925 τὸν
3611 1873 3706 1923 ἐσ-

2112 1963 2269 2025 αῦθις
2313 1965 2650 2034 ὲνοικισμόν.

419 2055 634 2098 tantum
667 2052 788 2100 erat
822 2053 1097 2109 creatura,
1152 2061 1299 2098 nunc
1348 2046 1515 2098 etiam
1571 2046 1853 2115 possessio
1900 2055 1992 2102 tua
2035 2047 2174 2106 facta
2207 2061 2312 2107 est.
2367 2052 2436 2108 Et
2485 2055 2634 2109 hunc
2672 2055 2895 2124 quidem
2972 2054 3235 2124 sensum}
3269 2055 3456 2110 ﬁdeles
3507 2069 3704 2112 omnes

419 2147 748 2206 sequuntur.
780 2135 956 2191 Judaei
989 2152 1118 2191 vero
1154 2152 1250 2207 per
1280 2147 1482 2192 terram
1519 2136 1636 2202 Dei,
1708 2138 1886 2207 ipsam
1945 2151 2161 2198 tantum
2225 2145 2542 2218 intelligunt.
2587 2148 2861 2218 Judaeam,
2923 2149 3093 2204 veluti
3159 2163 3282 2218 qua:
3335 2150 3541 2219 pepulo
3609 2144 3704 2203 Dei

423 2233 527 2287 fuit
574 2231 887 2287 destinata:
937 2231 1025 2286 cui
1063 2231 1186 2286 ideo
1218 2235 1358 2288 bene
1407 2232 1649 2288 voluisse
1706 2233 1875 2288 Deum
1910 2234 2133 2306 dicunt,
2170 2243 2304 2311 quia
2333 2252 2456 2313 post
2483 2245 2899 2316 ‘captivitatem
2972 2259 3192 2301 rursum
3267 2259 3389 2302 eam
3460 2245 3702 2302 habitari

419 2326 719 2383 concessit.

493 2418 749 2474 Avertisti
799 2418 1156 2488 captivitatem
1193 2416 1385 2474 Jacob.
1440 2418 1575 2485 Quae
1621 2418 1807 2475 futura
1852 2431 2012 2476 erant

420 2513 601 2583 ponit,
638 2521 696 2566 ut
729 2510 898 2576 facta,
944 2512 1252 2582 prophetiae
1285 2512 1447 2583 lege:
1480 2513 1768 2579 Avertisti,
1804 2513 2010 2585 inquit,

422 2606 707 2675 captivum
741 2604 1009 2673 populum
1060 2601 1234 2659 Jacob
1268 2619 1299 2658 a
1333 2605 1626 2675 tyrannide
1655 2620 1763 2673 qua
1797 2621 2013 2674 preme-

425 2701 611 2754 batur.
645 2698 745 2751 Per
766 2695 938 2751 Jaeob
961 2710 1119 2763 vero,
1150 2704 1209 2750 ut
1229 2696 1344 2766 jam
1377 2712 1522 2768 saepe
1549 2697 1818 2764 diximus,
1853 2698 2013 2755 Chri-

424 2792 665 2849 stianum
700 2790 964 2861 populum
998 2788 1275 2860 intelligit.

499 2975 664 3033 Vsus.
700 2976 754 3032 5.
802 2973 1080 3030 Remisisti
1130 2971 1469 3042 iniquitatem
1505 2970 1699 3040 populo
1732 2981 1820 3026 tuo
1851 2988 1869 3026 :
1895 2987 2016 3041 ope-

425 3074 586 3126 ruisti
647 3071 825 3125 omnia
873 3081 1093 3139 peccata
1138 3083 1344 3122 eorum.
1377 3067 1540 3124 Hunc
1586 3068 1851 3139 populum
1885 3067 2018 3124 Pro-

426 3168 590 3237 pheta
625 3163 756 3219 alibi
789 3163 844 3217 in
882 3161 1095 3231 psalmo
1126 3176 1177 3214 LI
1210 3159 1432 3215 beatum
1458 3159 1751 3229 appellavit
1776 3160 1967 3218 dicens
1997 3177 2014 3214 :

2182 2424 2597 2494 Ἀπέστρεψας
2619 2426 2736 2493 τὴν
2755 2427 3179 2495 αἰχμαλωσίαν
3218 2427 3448 2482 Ἰακώϐ.
3490 2427 3579 2492 Ὠς
3605 2429 3705 2499 ἤδη

2111 2517 2381 2585 γεγονότα
2415 2515 2698 2569 ἐκτίθεται
2730 2517 2798 2570 τὰ
2849 2517 3120 2586 μέλλοντα
3149 2519 3303 2589 νόμῳ
3339 2521 3703 2590 προφητείας.

2110 2610 2519 2681 Ἀπέστρεψας,
2542 2609 2701 2681 φησὶ,
2729 2610 2823 2662 τὸν
2853 2612 3206 2681 αἰχμάλωτον
3255 2611 3386 2667 λαὸν
3439 2613 3534 2667 τοῦ
3605 2616 3708 2667 Ἰα-

2115 2703 2232 2756 κὼὸ
2263 2703 2374 2756 ἀπὸ
2397 2702 2501 2772 τῆς
2547 2702 2894 2773 κατεχούσης
2921 2703 3087 2757 αὑτὸν
3115 2705 3435 2775 τυραννίδος
3458 2723 3473 2738 ι
3508 2706 3706 2760 Ἰακὼό

2111 2795 2169 2849 δὲ
2211 2798 2239 2851 ὁ
2275 2795 2682 2867 Χριστιανικὸς-
2712 2795 2934 2868 εἴρηται
2986 2795 3135 2868 λαὸς,
3189 2798 3376 2864 καθὼς
3433 2801 3702 2872 διαφόρως

2114 2893 2358 2947 εἴρηται.

2243 2909 2358 2946 ται.

2171 2909 2469 3056 ρξὶφῆκας
2494 2989 2604 3056 τὰς
2629 2989 2887 3061 ἀνομίας
2920 2993 3002 3059 τῷ
3043 2993 3173 3059 λαῷ
3201 3009 3322 3050 σου
3354 3011 3369 3027 ·
3392 2995 3710 3064 ἑκάλυψας

2113 3079 2321 3146 ,πάσας
2351 3085 2462 3149 τὰς
2491 3085 2784 3153 ἁμαρτίας
2813 3085 3036 3142 αὐτῶν.
3068 3089 3277 3143 Τοῦτον
3308 3089 3400 3146 τὸν
3456 3089 3588 3145 λαὸν
3617 3094 3713 3144 καὶ

2115 3175 2174 3227 ὲν
2211 3175 2287 3245 τῷ
2315 3175 2395 3246 λβ¹
2419 3177 2624 3249 ψαλμῷ
2651 3180 3014 3251 ἐμακάρισεν,
3036 3183 3209 3237 εἰπών
3235 3201 3249 3218 ·
3283 3185 3574 3255 Μακάριοι
3626 3179 3716 3239 ὧν

428 3259 583 3313 Beati
636 3271 863 3327 quorum
911 3253 1146 3309 remissa:
1176 3263 1300 3307 sunt
1348 3252 1676 3322 iniquitates,
1712 3263 1761 3307 et
1786 3247 2011 3323 quorum

2118 3238 2445 3338 ἀφέάησῖακ
2475 3238 2548 3324 αι·
2569 3238 2854 3342 ἀνορέαις
2884 3238 3013 3328 καὶ,
3049 3269 3139 3329 ὧν
3185 3238 3718 3347 ἀπεκαλύφθησαν

422 3361 563 3404 tecta
592 3359 713 3404 sunt
737 3357 974 3418 peccata.
1005 3345 1241 3401 Remisit
1303 3345 1452 3398 enittt
1497 3345 1661 3401 nobis
1705 3361 1799 3416 per
1841 3346 2012 3416 poeni~

431 3441 663 3496 tentiam
735 3445 959 3490 nostras
1023 3435 1372 3505 iniquitates,
1425 3446 1480 3490 et
1527 3435 1705 3492 sacris
1758 3437 2015 3508 baptismi

426 3533 593 3600 aquis
675 3537 903 3601 peccata
955 3539 1150 3583 nostra
1185 3529 1458 3583 contexit.
1512 3527 1730 3584 Hebraei
1769 3545 1898 3584 vero
1931 3531 2017 3586 di-

423 3634 561 3679 cunt
593 3624 738 3694 quod
792 3623 1007 3676 remisit
1045 3623 1184 3676 Deus
1218 3621 1565 3692 iniquitates,
1617 3624 1688 3678 ob
1736 3639 1881 3694 quas
1909 3625 2014 3680 acti

427 3719 647 3772 fuerant
706 3717 758 3769 iit
792 3716 1193 3785 captivitatem,
1251 3723 1305 3770 et
1351 3715 1500 3786 quod
1551 3717 1774 3786 operuit
1821 3732 2013 3772 eorum

428 3817 655 3880 peccata
697 3807 748 3861 iu
782 3805 1062 3876 proittndo
1099 3809 1369 3863 veritatis.
1408 3807 1651 3879 Populus
1679 3817 1864 3864 autem
1905 3809 2014 3862 Do-

428 3903 560 3956 mini
600 3917 705 3954 non
739 3902 920 3956 soluat
959 3901 1224 3972 antiquus
1258 3903 1352 3957 ille
1390 3902 1734 3959 lsraeliticus
1782 3903 2015 3973 populus

427 3997 753 4066 appellatur,
803 3995 962 4063 juxta
1020 3995 1290 4049 rationem
1352 3996 1624 4050 redditam
1681 3996 1734 4050 in
1802 3997 2013 4065 psalmo

427 4104 588 4148 LXXX,
625 4088 719 4140 sed
751 4088 916 4141 etiam
950 4101 1131 4141 novus
1164 4086 1637 4155 Christianorum,
1679 4094 1742 4142 ut
1768 4087 2015 4142 diximus

423 4185 480 4236 iu
514 4182 694 4250 primo
725 4180 1007 4235 versiculo
1038 4180 1238 4250 psalmi
1269 4195 1464 4234 uxvr.

501 4271 662 4326 Vens.
701 4271 756 4324 ι.
784 4269 999 4325 Sedaui
1057 4286 1263 4324 omnem
1316 4272 1455 4323 iram
1503 4282 1674 4326 tuam.
1710 4273 1885 4338 Quam
1921 4291 2019 4329 an-

423 4375 512 4419 tea
545 4364 787 4418 habebas
823 4372 1046 4433 propter
1066 4361 1382 4431 huiusmodi
1417 4374 1640 4420 nostras
1670 4365 2014 4437 iniquitates,

422 4468 482 4513 et
523 4464 770 4526 peccata.

2117 3367 2176 3418 al
2207 3364 2506 3432 ἁμαρτίαι.
2554 3366 2759 3436 Ἀφῆ-κε
2794 3365 2906 3438 γὰρ
2943 3369 3078 3438 ἡμῖν
3137 3369 3236 3434 τὰς
3267 3370 3499 3439 ἀνομίας
3532 3371 3715 3424 αὐτῶν

2117 3455 2206 3508 διὰ
2232 3455 2331 3526 τὴν
2355 3457 2668 3526 μετάνοιαν,
2699 3460 2792 3511 καὶ
2811 3459 3051 3529 ἐκάλυψε
3079 3460 3179 3526 τὰς
3217 3463 3498 3534 ἁμαρτίας
3532 3465 3715 3517 αὐτῶν

2116 3551 2232 3611 τοῖς
2291 3553 2458 3621 ἱεροῖς
2503 3551 2661 3604 ὕδασι
2720 3552 2818 3606 τοῦ
2867 3553 3016 3608 θείου
3104 3554 3509 3628 βαπτίσματος.
3571 3559 3714 3612 Καθ’

2132 3639 2510 3719 Ἑϐραίουςζδὲ
2545 3645 2771 3714 παρεῖδε
2801 3645 2900 3708 τὰς
2923 3647 3176 3716 ἀνομίας,
3205 3647 3275 3702 δι’
3319 3648 3387 3713 ἃς
3449 3651 3711 3721 ᾐχμαλω-

2117 3734 2405 3806 τίσθησαν,
2439 3736 2537 3788 καὶ
2555 3736 2793 3804 ἐκάλυψε
2816 3738 2916 3800 τὰς
2945 3739 3226 3809 ἁμαρτίας
3255 3740 3438 3796 αὐτῶν
3463 3743 3540 3813 τῷ
3563 3742 3714 3814 βυθῷ

2117 3829 2217 3898 τῆς
2244 3828 2440 3899 λήθης.
2473 3829 2620 3893 Λαὸς
2647 3830 2703 3883 δὲ
2743 3831 2910 3886 αὑτοῦ
2933 3833 2962 3884 ὁ
2985 3831 3088 3903 μὲν
3121 3832 3392 3899 -πςιλαιὸς,
3441 3835 3584 3888 κατὰ
3609 3834 3712 3904 τὴν

2120 3921 2318 3993 χρῆσιν
2355 3922 2424 3992 ἢν
2490 3925 2894 3994 παρηγάγομεν
2955 3927 3016 3980 ὲν
3071 3925 3149 3997 τῷ
3214 3924 3271 3980 π’
3324 3927 3562 3999 ψαλμῷι·
3594 3931 3622 3982 ὁ
3653 3928 3712 3980 δὲ

2120 4017 2260 4081 νέος,
2311 4015 2498 4080 καθὼς
2546 4017 2976 4090 ἀποδεδώκαμεν
3033 4020 3192 4091 ἐντῷ
3233 4027 3282 4073 α’
3315 4021 3484 4092 στίχῳ
3509 4022 3603 4075 τοῦ
3635 4020 3710 4085 οξ

2117 4109 2359 4181 ψαλμοῦ.

2191 4295 2594 4356 Κατεπαυσας
2649 4290 2861 4348 πᾶσαν
2915 4295 3033 4361 τὴν
3081 4295 3433 4365 ὀργήνσου.
3466 4297 3577 4368 Τὴν
3615 4297 3716 4350 ἐπὶ

2121 4383 2244 4446 ταῖς
2275 4384 2552 4447 τοιαύταις
2577 4385 2831 4456 ἁνομίαις
2861 4389 2955 4440 καὶ
2985 4388 3308 4460 ἁμαρτίαις.

499 4548 747 4603 Arertisti
787 4546 852 4600 ab
881 4548 965 4600 ira
1019 4548 1403 4617 indignationis
1453 4560 1578 4604 tute.
1637 4550 1779 4616 Quid
1828 4550 1901 4604 sit
1933 4551 2011 4604 ira

2217 4569 2620 4635 Απεστρεψας
2671 4568 2795 4623 ἀπὸ
2860 4568 3046 4640 ὀργῆς
3083 4572 3277 4639 θυμοῦ
3312 4589 3452 4628 σου.
3496 4574 3560 4626 Τί
3614 4575 3716 4643 μέν

427 4639 819 4709 indignationis
857 4640 978 4709 (seu
1013 4640 1220 4709 potius,
1246 4650 1306 4694 ut
1347 4643 1400 4695 in
1430 4641 1622 4696 Graeco
1655 4643 2011 4706 habetur,ira

2125 4657 2274 4711 ἔστιν
2327 4657 2467 4728 ὀργὴ
2510 4659 2708 4730 θυμοῦ,
2765 4639 3075 4733 εἰρήκαμεν
3129 4667 3187 4718 ἐν

429 4733 906 4802 excandescentiw)
954 4733 1192 4788 vidimus
1251 4735 1305 4788 in
1351 4736 1567 4804 psalmo
1600 4749 1806 4788 Lxxvu.
1853 4735 2020 4789 Aver-

433 4827 544 4878 tisti
602 4833 782 4878 autem
821 4841 919 4894 pro
971 4825 1291 4891 Declinasti,
1355 4828 1425 4881 ab
1475 4827 1856 4898 indignatione
1914 4831 2014 4884 ni-

431 4921 654 4984 mirum,
699 4929 861 4990 atque
889 4921 965 4976 ita
994 4923 1063 4977 ad
1090 4922 1428 4978 hilaritatem
1459 4934 1514 4978 et
1570 4922 2012 4981 benevolentiam

435 5013 805 5083 pertransisti.

505 5105 668 5161 Vens.
701 5107 753 5162 5.
807 5107 1061 5164 Converte
1104 5125 1220 5170 nos,
1253 5107 1392 5163 Deus
1432 5109 1759 5165 salutarium
1809 5123 2022 5168 nostro-

435 5213 572 5264 rum,
614 5209 661 5253 et
717 5211 890 5255 averte
934 5203 1070 5254 iram
1107 5211 1254 5254 tuam
1301 5218 1332 5253 α
1387 5201 1560 5257 nobis.
1627 5203 1900 5278 Deinceps
1950 5223 2019 5264 ex

435 5293 620 5360 populi
661 5308 894 5362 persona
929 5308 1240 5348 sermonem
1275 5293 1430 5361 facit,
1459 5297 1540 5350 vel
1569 5298 1737 5352 etiam
1769 5303 2017 5370 scipsum

433 5381 701 5452 Propheta
738 5399 866 5440 cum
897 5385 979 5439 eis
1027 5395 1358 5440 annumerat
1404 5389 1745 5458 supplicans,
1806 5403 1866 5446 ut
1923 5409 2018 5462 pe-

439 5478 536 5530 tita
572 5479 831 5546 superius
891 5487 1334 5549 consequantur.
1395 5481 1538 5546 Quid
1592 5493 1775 5538 autem
1805 5486 2016 5557 signiti-

435 5576 562 5620 cent
616 5569 710 5622 illa
767 5571 983 5626 verba:
1015 5571 1156 5626 Deus
1183 5574 1510 5627 salutarium
1557 5589 1888 5646 nostrorum,
1932 5581 2017 5635 dis

529 5740 569 5770 “
610 5743 748 5798 Psal.
792 5763 948 5817 ΧΧΙΗ,
993 5751 1042 5804 1.
1118 5755 1159 5784 ¹²
1189 5753 1328 5811 Gen.
1383 5772 1465 5819 ιιι,
1531 5757 1612 5810 l7.

3234 4665 3314 4736 τῷ
3361 4663 3435 4731 οξ
3456 4667 3660 4736 ψαλμῷ
3697 4683 3714 4699 ’

2125 4751 2523 4820 ἀπέστρεψας
2554 4753 2632 4816 δὲ,
2667 4755 2790 4808 ἀντὶ
2830 4757 2926 4809 τοῦ
2958 4759 3334 4830 Μετεκλήθης·
3359 4760 3717 4832 ἁνεχὼρησας

2124 4845 2234 4899 ἀπὸ
2265 4845 2441 4915 θυμοῦ
2473 4846 2566 4898 ἐπὶ
2605 4846 2924 4918 ἱλαρότητα,
2945 4853 3039 4907 καὶ
3068 4853 3381 4923 εὐμένειαν.

2217 5115 2630 5186 Ἐπίστρεψογ
2689 5117 2870 5188 ἡμᾶς,
2923 5125 2957 5176 ὁ
3012 5123 3164 5190 Θεὸς
3223 5126 3348 5179 τῶν
3404 5129 3716 5197 σωτηρίων

2130 5209 2321 5280 ἡμῶν,
2345 5213 2446 5266 καί
2471 5215 2869 5284 ἀπόστρεψον
2899 5217 3006 5271 τὸν
3039 5221 3236 5288 θυμόν
3260 5221 3378 5276 σοῦ
3399 5223 3502 5291 ἀφ’
3525 5221 3719 5290 ἡμῶν.

2131 5306 2332 5359 Λοιπὸν
2364 5309 2643 5380 προσώπῳ
2664 5310 2758 5364 τοῦ
2791 5310 2922 5364 λαοῦ
2958 5315 3198 5368 ποιεῖται
3229 5317 3358 5379 τοὺς
3397 5317 3611 5386 λόγους.
3645 5317 3719 5369 ’Ἡ

2134 5401 2230 5452 καὶ
2292 5400 2681 5471 ὲγκαταλέγων
2727 5403 2921 5456 ἑαυτὸν
2974 5405 3190 5472 αὐτοῖς,
3255 5408 3490 5462 ἱκετεύει
3535 5409 3722 5478 τυχεῖν

2127 5493 2325 5554 αὐτοὺς
2356 5487 2431 5546 ὧν
2459 5495 2672 5566 εἴρηκε.
2708 5495 2845 5566 Περὶ
2868 5495 2926 5549 δὲ
2961 5497 3078 5564 τοῦ,
3124 5498 3187 5550 '0
3226 5500 3377 5566 Θεὸς
3427 5501 3550 5554 τῶν
3598 5514 3720 5553 σω-

2129 5585 2358 5652 cupitor
2391 5586 2585 5654 ἡμῶν,
2619 5587 2838 5658 εἴρηται
2858 5590 2917 5642 ἐν
2945 5589 3024 5661 τῷ
3057 5588 3131 5655 ξς
3161 5591 3387 5664 ψαλμῷ.
3435 5595 3721 5664 Ἐπίστρεο
