4088 6436
413 392 527 458 S73

1582 390 1974 455 COMMENT.
2013 393 2095 453 IN
2135 392 2495 458 PSALMOS.

3591 408 3696 471 874

418 508 516 569 ιον
552 505 611 560 δὲ
830 507 940 560 ἀπὸ
969 510 1064 577 τῆς
1118 506 1496 580 αἰχμαλωσίας
1527 506 1662 575 πρὺς
1690 508 1788 578 τὴν
1821 506 2010 580 προτέ-

2121 519 2264 566 ctum
2298 516 2382 567 est
2417 509 2471 564 in
2492 509 2723 580 psalmo
2772 528 2941 569 van.
2982 513 3261 573 Converte
3292 525 3477 574 autem
3508 534 3609 578 nos
3665 537 3694 574 a

406 615 518 668 ραν
549 599 852 668 εὐγένειαν.

487 690 586 761 Μὴ
616 694 707 759 εὶς
727 692 873 759 τοὺς
923 691 1148 759 αἰῶνας
1183 691 1476 763 ὀργισθῇς
1500 691 1666 761 ἡμῖν.
1745 690 2009 745 Ἐνταῦθα

410 784 498 849 τὸ,
556 785 664 850 Είς
712 784 859 851 τοὺς
908 783 1316 850 αἰῶνας-,αντὶ⁹
1366 784 1484 851 τοῦ,
1525 784 1618 854 Μή
1656 782 1874 852 αἰώνια,
1932 785 2008 855 μὴ

348 902 353 907 ·
423 876 636 946 μακρά.
694 876 854 939 Τινὲς
885 876 942 928 δὲ
971 876 1033 929 οὺ
1063 876 1185 930 κατ’
1227 875 1499 948 ἐρώτησιν
1532 874 1705 929 ταῦτα
1738 874 2009 943 ἀναγινώ-

406 948 663 1047 exausta),
694 967 809 1022 ἀλλ’
843 967 1055 1039 ηθικῶς
1077 985 1090 998 ·
1120 967 1206 1038 Μὴ
1247 971 1327 1033 εἰς
1364 968 1493 1033 τοὺς
1521 969 1724 1032 αἰῶνας
1743 967 2006 1039 ὀργισθῇς

422 1061 576 1131 ἔιμῖν.

2115 601 2443 671 captivitate
2478 601 2537 654 in
2580 601 2875 672 pristinam
2909 604 3265 677 dignitatem.

2183 691 2352 748 Vsus.
2411 691 2463 747 6.
2517 691 2792 763 Numquid
2844 696 2900 751 in
2947 699 3148 753 stecula
3200 701 3596 759 irasceris7—
3632 703 3697 758 In

2112 785 2310 839 swcula
2348 784 2440 839 hic
2494 786 2701 856 posuit,
2753 803 2853 857 pro
2900 786 3198 860 Perpetuo,
3233 808 3330 849 seu
3362 810 3499 864 pro:
3527 793 3700 850 Num-

2113 878 2244 949 quid
2302 877 2398 933 diu
2451 879 2759 936 irasceris?
2798 878 3030 947 Quidam
3088 892 3271 939 autem
3340 901 3451 941 non
3484 903 3583 958 per
3613 889 3699 942 in-

2110 973 2548 1042 terrogalionem
2602 973 2707 1029 hoc
2765 974 2977 1030 dictum
3043 991 3169 1033 esse
3219 979 3564 1050 intelligunt,
3642 992 3697 1036 et

2114 1067 2410 1123 dictionem
2479 1071 2578 1157 μὴ,
2622 1085 2747 1142 quae
2791 1069 3027 1127 habetur
3070 1074 3127 1128 in
3193 1074 3384 1131 Graeca
3453 1077 3695 1132 lectione

424 1167 738 1229 exponunt,
791 1164 853 1213 ut
882 1165 1034 1214 recte
1073 1157 1243 1212 etiam
1278 1156 1482 1229 exponi
1523 1164 1727 1228 potest,
1787 1171 1889 1227 pro
1920 1170 2012 1224 ne,
2058 1169 2116 1214 ut
2171 1161 2246 1216 sit
2309 1178 2553 1220 sensus:
2610 1163 2691 1220 Ne
2753 1164 2811 1220 in
2856 1175 3185 1237 perpetuum
3245 1170 3407 1226 nobis
3488 1171 3701 1226 irasca-

414 1266 520 1307 ηε.

490 1346 559 1400 Ἦ
586 1343 871 1411 διατενεῖς
916 1343 1033 1413 τὴν
1094 1344 1284 1415 ὀργήν
1321 1360 1441 1402 σου
1483 1346 1604 1401 ἀπὸ
1652 1347 1865 1417 γενεᾶς
1924 1351 2011 1413 εις

416 1436 667 1523 τενεάν;
705 1438 779 1490 Τὸ
831 1438 964 1492 αὐτὸ
995 1437 1158 1492 πάλιν
1187 1441 1380 1510 φησίν.
1416 1439 1522 1506 Εἰς
1547 1441 1764 1509 γενεὰν
1784 1441 1862 1507 δὲ,
1891 1440 2012 1494 ἀντὶ

416 1530 536 1594 τοῦ,
581 1529 727 1590 Ἕως
784 1530 979 1597 γενεᾶς
1025 1529 1214 1602 ἄλλης.
1269 1531 1501 1602 Εἴρηται
1546 1532 1602 1585 δὲ
1643 1533 1773 1603 περὶ
1820 1532 2011 1587 τούτου

419 1638 479 1674 rv
501 1621 578 1691 τῷ
603 1620 646 1675 0'
676 1621 901 1693 ψαλμῷ.
960 1623 1262 1690 Διατενεῖς
1289 1623 1369 1686 δὲ,
1420 1624 1543 1677 ἀντὶ
1588 1625 1705 1691 τοῦ,
1727 1705 1731 1710 _
1757 1626 2011 1696 Παρατε-

428 1716 554 1772 θεῖς.

504 1806 561 1857 '0
594 1806 760 1872 Θεὸς,
806 1805 887 1861 σὺ
925 1806 1302 1879 ἐπιστρέψας
1343 1807 1594 1875 ζωώσεις
1630 1806 1811 1878 ἡμᾶς.
1845 1807 2008 1860 ίΕπι-

2189 1347 2295 1402 Aut
2354 1344 2602 1401 extendes
2652 1348 2790 1400 iram
2823 1356 2970 1402 tuam
3008 1367 3039 1403 a
3075 1352 3416 1420 generatione
3465 1352 3520 1405 in
3547 1369 3702 1423 gene-

2120 1440 2434 1495 rationem?
2496 1438 2646 1493 Idem
2697 1454 2892 1495 rursus
2923 1440 3142 1511 repetit.
3202 1439 3265 1495 In
3304 1444 3699 1513 generationem

2121 1544 2307 1588 autem
2346 1532 2507 1597 dixit,
2564 1547 2664 1601 pro
2714 1548 2888 1601 usque
2917 1533 2982 1587 ad
3039 1533 3200 1588 aliam
3238 1536 3649 1605 generationem
3684 1560 3700 1602 ,

2120 1628 2187 1682 de
2229 1643 2338 1697 quo
2377 1628 2432 1681 in
2472 1643 2524 1681 nt
2564 1626 2776 1697 psalmo
2806 1626 3016 1682 dictum
3044 1636 3149 1694 est,
3185 1637 3238 1682 et
3276 1626 3567 1696 Extemles,
3596 1645 3698 1700 pro

2120 1720 2445 1777 Protendcs.
3612 1719 3615 1722 ’

2194 1813 2360 1869 Vens.
2396 1817 2447 1869 7.
2481 1813 2648 1881 Deus,
2685 1823 2742 1867 tu
2768 1822 3071 1868 convertens
3098 1813 3383 1884 uiviﬁrabis
3412 1830 3525 1867 nos.
3559 1814 3704 1869 Con-

422 1898 661 1966 στρέψας
687 1899 837 1969 ἡμᾶς
868 1899 931 1951 οὐ
966 1899 1128 1969 μόνον
1189 1900 1298 1953 ἀπὸ
1321 1900 1421 1970 τῆς
1461 1899 1842 1970 αἰχμαλωσίας
1868 1893 2008 1952 ἁ).λᾶ

2121 1913 2342 1961 vertens
2378 1920 2478 1959 nos
2516 1904 2776 1958 nimirum
2812 1918 2841 1956 a
2874 1903 3197 1974 captivitate
3256 1903 3321 1955 ad
3365 1902 3699 1962 libertatem,

420 1993 518 2045 καὶ
544 1992 653 2046 ἀπὸ
709 1993 818 2046 τῶν
873 1993 1312 2064 ἁμαρτημάτων.
1348 1994 1419 2046 Ἢ
1466 1994 1583 2057 καὶ,
1628 1991 2009 2062 Ἐπιστρέψας

2121 2006 2286 2069 atque
2333 2012 2363 2050 a
2392 1996 2544 2052 vitiis
2580 1998 2647 2051 ad
2681 1996 2950 2062 virtutes;
2983 1996 3066 2051 vel
3104 1997 3120 2067 (
3150 1995 3277 2066 quia
3304 1994 3501 2050 Graeca
3528 1993 3700 2048 dictio

423 2090 490 2140 σὺ
527 2085 666 2157 πρὸς
699 2087 872 2157 ἡμᾶς,
899 2085 991 2147 οὓς
1023 2086 1409 2156 ἀπεστράφης.
1459 2084 1730 2151 Ζωώσεις
1769 2085 1847 2148 δὲ,
1888 2082 2010 2136 ἀντὶ

2121 2086 2466 2159 ἐπιστρέψας
2510 2088 2568 2143 in
2637 2095 2878 2158 utroque
2937 2094 3121 2156 potest
3179 2101 3344 2143 sensu
3391 2086 3590 2156 accipi.
3647 2097 3702 2140 et

422 2176 544 2241 τοῦ,
583 2176 846 2241 Ζωώσαις
866 2178 1002 2249 πρὸς
1031 2177 1258 2249 ἀρετὴν,
1277 2177 1720 2249 νενεκρωμένους
1737 2176 1839 2247 ἤδη
1869 2176 2008 2246 πρὸς

2121 2179 2225 2251 legi
2272 2180 2437 2234 etiam
2488 2186 2710 2249 potest:
2766 2179 2903 2234 Deus
2944 2186 3001 2233 tu
3061 2177 3367 2249 conversus)
3430 2179 3701 2241 dicamus,

368 2295 391 2348 ξ
423 2268 691 2339 ἐργασίαν
712 2270 906 2340 αὐτῆς.

2122 2272 2267 2327 Deus
2296 2280 2355 2326 tu
2397 2288 2701 2328 conversus
2761 2270 2830 2326 ad
2870 2286 2977 2327 nos
3008 2287 3023 2337 ;
3060 2283 3221 2327 antea
3264 2272 3420 2327 enim
3478 2286 3707 2326 aversus

427 2376 555 2416 eras
613 2362 859 2418 anobis.
901 2361 1234 2433 Vivi/icabis,
1280 2363 1385 2418 hoc
1413 2371 1521 2427 est,
1578 2365 1733 2420 vivos
1799 2378 1903 2419 nos
1949 2362 2147 2419 reddes
2195 2365 2260 2420 ad
2305 2380 2471 2435 opera
2532 2365 2818 2419 virtutum.
2899 2362 3036 2419 Nam
3108 2372 3271 2421 antea
3325 2363 3392 2418 ad
3424 2379 3488 2419 ea
3564 2379 3704 2434 pene

426 2451 631 2507 mortui
683 2467 925 2519 eramus.

497 2543 607 2597 Kal
633 2544 665 2597 ό
692 2545 845 2612 λαός
865 2561 987 2615 μου
1015 2544 1501 2615 εὐφρανθήσεται
1524 2546 1623 2600 ἐπὶ
1662 2549 1787 2601 σοι.
1816 2545 2012 2616 Τυχὼν

427 2637 767 2707 ἐπιστροφῆς
791 2638 1074 2708 τοιαύτης.
1616 2637 1621 2642 ’

499 2728 710 2790 Δεῖξον
749 2727 916 2797 ἡμῖν,
952 2730 1151 2799 Κύριε,
1182 2730 1249 2784 τὸ
1294 2730 1469 2798 ἔλεός
1506 2747 1646 2794 σου,
1679 2729 1779 2783 καί
1809 2728 1873 2783 τὸ
1896 2746 2015 2783 σω·-

426 2818 642 2888 τήριόν
679 2839 796 2875 σου
852 2819 1013 2888 δῷης
1055 2823 1223 2892 ἡμῖν.
1307 2825 1393 2877 Τὰ
1439 2823 1691 2878 ἐντεῦθεν
1751 2823 1880 2895 περὶ
1922 2821 2016 2875 τοῦ

426 2914 668 2983 Χριστοῦ
703 2913 1154 2985 διαλαμϐάνουσι.
1191 2917 1512 2987 Παρακαλεῖ
1544 2916 1697 2986 γὰρὸ
1723 2916 2018 2996 Προφήτης

428 3009 526 3060 τὸν
550 3007 771 3078 Πατέρα
825 3005 1110 3079 προσώπῳ
1152 3007 1247 3061 τοῦ
1288 3007 1445 3074 λαοῦ,
1471 3008 1565 3063 τοῦ
1607 3008 1894 3080 μέλλοντος
1929 3025 2021 3061 m—

431 3097 676 3162 στεῦσαι,
717 3098 951 3168 φανῆναι
1009 3098 1100 3152 τὸν
1156 3099 1423 3170 Χριστόν·
1467 3099 1652 3153 τοῦτον
1703 3098 1811 3170 γὰρ
1863 3098 2020 3152 καλεῖ

430 3193 585 3257 ἕλε-ος
621 3193 777 3257 θεοῦ,
810 3192 905 3247 καὶ
940 3195 1208 3265 σωτήριον
1241 3195 1376 3248 Θεοῦ
1401 3210 1416 3227 ’
1444 3195 1549 3261 ὅτι,
1584 3194 1813 3265 ὲλεήσας
1845 3195 2017 3264 ἡμᾶς,

2195 2541 2263 2596 Et
2296 2541 2522 2612 populus
2557 2550 2677 2596 tuus
2699 2541 2972 2597 [relabitur
2993 2542 3050 2597 in
3081 2550 3149 2598 te.
3180 2541 3510 2613 Huiusmodi
3543 2546 3704 2601 scili~

2121 2646 2209 2694 cet
2236 2636 2656 2691 conversionem
2700 2622 3056 2692 consecutus.

2198 2725 2360 2782 Vsus.
2393 2726 2446 2780 8.
2502 2725 2733 2780 Ostende
2778 2725 2952 2789 nobis,
3012 2726 3252 2793 Domine,
3284 2727 3705 2783 misericordiam

2125 2828 2296 2884 tuam,
2328 2830 2378 2873 et
2418 2818 2656 2873 salutare
2701 2830 2848 2873 tuum
2887 2818 2959 2872 da
2993 2820 3164 2874 nobis.
3205 2819 3334 2876 Haec
3384 2829 3438 2875 et
3467 2836 3589 2892 qua:
3618 2836 3707 2878 se-

2129 2919 2380 2980 quuntur
2422 2911 2489 2964 de
2524 2910 2747 2966 Christo
2773 2910 3135 2981 intelligenda
3165 2918 3319 2967 sunt.
3350 2909 3527 2984 Rogat
3553 2912 3702 2968 enim

2124 3000 2402 3071 Propheta
2438 3000 2607 3057 Deum
2643 3002 2859 3058 Patrem
2916 3019 2982 3058 ex
3020 3004 3197 3060 ﬁdelis
3229 3004 3414 3074 populi
3442 3002 3702 3074 persona,

2125 3101 2187 3147 ut
2237 3093 2520 3158 Christus,
2587 3109 2747 3163 quem
2782 3104 2836 3149 et
2890 3082 3335 3151 misericordiam
3372 3094 3492 3162 Dei,
3519 3102 3573 3150 et
3606 3094 3703 3150 Dei

2124 3186 2369 3241 salutare
2416 3185 2678 3255 appellat,
2717 3185 2823 3240 sibi
2881 3187 3230 3242 ostendatur.
3256 3187 3700 3242 Misericordiam

430 3280 875 3352 ὲνηνθρῶπησεν,
914 3281 1003 3337 ἵνα
1054 3283 1201 3354 σώσῃ
1257 3285 1427 3354 ἡμᾶς,
1483 3285 1579 3337 καὶ
1640 3285 1722 3338 ὅτι
1769 3284 2015 3354 ἐλεήμων

2123 3289 2306 3335 autem
2358 3290 2414 3336 et
2454 3282 2703 3337 salutare
2755 3281 2879 3336 ideo
2912 3297 3037 3338 eum
3090 3284 3412 3352 appellavit,
3442 3285 3569 3353 quia
3595 3285 3703 3339 mi-

431 3374 702 3440 ἐστὶνκαὶ
734 3375 926 3447 Σωτήρ
954 3392 966 3405 ·
1011 3375 1159 3439 ἕλεος
1195 3376 1252 3429 δέ
1281 3394 1374 3430 σου
1431 3376 1528 3430 καὶ
1580 3375 1849 3446 σωτήριόν
1882 3392 2007 3428 σου·

430 3463 550 3521 οἷον
569 3469 651 3522 ὅτι
677 3467 734 3521 τὸ
766 3468 916 3533 ἔλεος
947 3472 1007 3523 τὸ
1038 3469 1189 3540 παρὰ
1251 3469 1346 3523 σοῦ
1366 3485 1382 3500 ο
1435 3470 1530 3523 καὶ
1559 3468 1619 3522 τὸ
1653 3470 1921 3540 σωτήριον
1950 3468 2012 3522 τὸ

435 3559 592 3630 παρὰ
626 3560 719 3614 σοῦ
750 3560 844 3614 τοῦ
882 3561 1117 3632 Πατρός.
1158 3561 1362 3624 Δώσεις
1385 3561 1441 3615 δὲ
1473 3559 2012 3632 ἠμῖν,ὅτιΠαιδίον,

436 3653 625 3722 φησὶν,
664 3652 958 3721 ἐγεννήθη
987 3652 1153 3721 ἡμῖν,
1176 3652 1275 3706 καὶ
1304 3652 1435 3718 υἱὸς
1455 3652 1638 3723 ἐδόθη
1675 3651 1839 3720 ἡμῖν.

2120 3374 2423 3430 sericordia
2492 3380 2681 3429 motus
2734 3383 2840 3438 cst,
2893 3382 2951 3429 ut
3002 3392 3221 3431 carnem
3258 3387 3612 3443 assumeret,
3646 3387 3702 3432 et

2125 3482 2229 3523 nos
2290 3467 2549 3521 salvaret.
2610 3466 2768 3522 Unde
2824 3475 2877 3522 et
2930 3467 3272 3537 misericors,
3346 3480 3402 3524 et
3446 3469 3703 3526 Salvator

2123 3560 2321 3615 merito
2337 3561 2668 3631 appellatur,
2701 3559 3142 3618 Misericordiam
3176 3577 3309 3619 vero
3338 3570 3513 3628 tuam,
3535 3563 3702 3633 Deus,

2122 3661 2176 3708 et
2216 3656 2458 3710 salutare
2494 3663 2649 3710 tuum
2690 3655 2839 3710 hunc
2895 3656 3151 3719 dicimus,
3205 3657 3336 3727 quia
3388 3656 3703 3713 misericor-

434 3742 584 3796 diam
638 3741 811 3810 illam,
843 3754 896 3798 et
937 3744 1182 3798 salutare
1217 3744 1348 3798 illud
1383 3744 1646 3814 petimus,
1701 3742 1850 3814 quod
1878 3758 1907 3798 a
1943 3750 1997 3797 te
2034 3728 2141 3800 est.
2197 3745 2280 3801 Ad
2311 3747 2529 3802 Patrem
2583 3748 2727 3802 enim
2766 3749 3010 3820 loquitur
3075 3748 3374 3818 Propheta.
3433 3748 3513 3806 Tu
3574 3764 3703 3805 vero

435 3832 576 3887 illud
635 3834 795 3890 nobis
823 3834 1002 3901 dabis,
1024 3834 1170 3905 quod
1217 3836 1479 3906 petimus,
1511 3838 1587 3890 ita
1620 3844 1680 3891 ut
1712 3834 2014 3906 aliquando
2055 3849 2255 3893 canere
2286 3839 2569 3907 possimus
2595 3854 2721 3896 cum
2749 3838 3025 3912 PrOpltcta
3053 3859 3065 3894 :
3098 3839 3241 3895 Puer
3296 3852 3453 3896 natus
3494 3851 3573 3896 est
3611 3858 3700 3897 no-

434 3923 542 3991 bis,
567 3933 616 3979 et
638 3926 786 3995 ﬁlius
824 3926 982 3981 datus
999 3937 1079 3981 est
1111 3927 1260 3983 nobis
1317 3927 1383 3983 ¹⁸.

522 4041 885 4111 Ἀκούσομαι
903 4042 962 4094 τι
991 4041 1257 4109 λαλήσει
1281 4042 1351 4096 ἐν
1378 4042 1509 4112 ἐμοὶ
1539 4043 1758 4109 Κύριος
1779 4045 1812 4097 ὁ
1847 4043 2015 4108 Θεός.

433 4132 770 4202 Δίσθόμενος
829 4136 1122 4200 ἐπιπνοίας
1176 4135 1325 4200 θείας
1368 4136 1397 4188 ὁ
1459 4136 1776 4207 Προφήτης,
1836 4151 2020 4207 παρα-

437 4224 695 4288 σκευάζει
743 4226 937 4280 ἑαυτὸν
976 4228 1058 4290 είς
1083 4226 1146 4280 τὺ
1189 4227 1445 4281 ἀκοῦσαι.
1488 4229 1592 4282 Ἐν
1620 4227 1752 4297 ἐμοὶ
1776 4227 1834 4280 δὲ
1868 4222 2016 4292 εἶπε,

433 4317 654 4382 δεικνὺς
683 4320 766 4373 ὅτι
789 4320 891 4373 οὐκ
911 4320 1018 4386 ἔξω
1042 4319 1294 4393 λαλήσει,
1324 4321 1438 4375 ἀλλ’
1470 4320 1641 4386 ἔνδον,
1693 4323 1775 4385 εἰς
1800 4320 1868 4375 τὰ
1904 4314 2020 4375 ὦτα

440 4409 543 4480 τῆς
580 4410 780 4483 ψυχῆς-

514 4687 645 4740 "Ott
671 4684 937 4755 λαλήσει
970 4682 1221 4752 εἰρήνην
1270 4683 1372 4738 ἐπὶ
1439 4683 1549 4737 τὸν
1607 4682 1763 4737 λαὸν
1805 4682 2019 4748 αὐτοῦ,

438 4779 665 4835 καὶέπὶ
726 4779 869 4845 τοὺς
924 4779 1138 4843 ὁσίους
1186 4777 1398 4842 αὐτοῦ,
1440 4776 1539 4830 καί
1584 4776 1684 4830 ἐπὶ
1716 4774 1859 4842 τοὺς
1893 4775 2021 4827 ἐπι-

430 4875 814 4941 στρέφοντας
876 4870 1134 4940 καρδίαν
1173 4868 1267 4925 ἑπ²
1309 4871 1522 4924 αὐτόν.
1586 4868 1918 4939 Ἀκούσομαι
1945 4866 2024 4929 δὲ,

440 4964 611 5033 φησὶν
632 5004 649 5029 ,
681 4967 709 5019 ὃ
737 4981 791 5018 τι
830 4963 1080 5034 λαλήσει.
1121 4963 1281 5016 ’Διότι
1331 4962 1556 5031 λαλήσει
1588 4963 1805 5025 πάντως
1843 4961 2023 5014 εἴτουν

437 5054 855 5122 εὖαγγελίσεται
911 5054 1138 5124 εἰρήνην
1172 5052 1265 5105 ἐπὶ
1290 5053 1382 5105 τὸν
1410 5052 1541 5106 λαὸν
1568 5051 1733 5105 αὐτοῦ
1755 5091 1771 5116 ,
1796 5051 1892 5105 καὶ
1930 5051 2017 5104 6v-

437 5164 547 5210 τως
568 5147 599 5198 ὁ
631 5146 759 5208 λαὸς
784 5144 953 5198 αὑτοῦ
982 5146 1204 5216 εἰρήνην
1249 5144 1364 5214 ἔχει
1399 5143 1630 5199 πάντοτε
1670 5145 1806 5213 πρός
1838 5159 1897 5195 τε
1929 5143 2020 5197 τὸν

432 5239 568 5292 Θεδν
604 5239 700 5292 καὶ
729 5238 866 5308 πρὸς
908 5238 1099 5290 ἑαυτὸν
1130 5277 1146 5304 ,
1202 5237 1393 5307 ὥσπερ
1450 5231 1605 5299 αὖθις
1663 5235 1843 5305 μάχην
1884 5235 2020 5305 πρὸς

431 5330 560 5393 τοὺς
583 5332 813 5401 ἐχθροὺς
846 5329 942 5383 τοῦ
969 5330 1128 5395 Θεοῦ,
1155 5329 1246 5383 τόν
1279 5345 1338 5381 τε
1368 5327 1600 5397 δαίμονα
1630 5329 1726 5382 καὶ
1759 5330 1882 5391 τοὺς
1921 5326 2015 5380 τοῦ

424 5423 703 5492 δαίμονος.
738 5424 878 5486 Τοὺς
922 5422 1125 5487 αὐτοὺς
1164 5423 1222 5476 δὲ
1249 5421 1477 5477 ἐκάλεσε
1534 5422 1663 5475 λαὸν
1725 5421 1884 5486 Θεοῦ,
1921 5422 2015 5475 καὶ

429 5513 633 5581 ὁσίους,
667 5516 972 5579 τουτέστιν,
1007 5513 1435 5584 ἀφωσιωμένους
1456 5511 1606 5584 αὐτῷ
1639 5512 1735 5566 καὶ
1754 5511 2010 5581 ὲπιστρὲ-

426 5621 629 5675 φοντας
652 5606 740 5660 ἐπ’
772 5606 935 5662 αὑτὸν
991 5608 1092 5679 τὴν
1130 5606 1343 5661 ἑαυτῶν
1391 5605 1644 5677 καρδίαν,
1707 5606 1879 5677 ήγουν
1908 5606 2007 5677 τὴν

534 5857 578 5889 ¹²
608 5855 717 5913 lsa.
760 5870 834 5919 Ix,
869 5853 923 5909 6.

748 5948 1018 6008 PATROL.
1085 5943 1201 6005 Gn.
1248 5942 1569 6005 CXXVIII.

2195 4040 2360 4097 Vens.
2392 4040 2448 4094 9.
2488 4041 2721 4093 Audiam
2768 4041 2897 4107 quid
2946 4040 3198 4109 loquatur
3242 4042 3299 4095 in
3333 4057 3413 4096 me
3447 4041 3701 4097 Dominus

2121 4134 2280 4191 Deus.
2344 4132 2595 4186 Divinam
2630 4132 2901 4202 Propheta
2967 4132 3331 4202 spirationem
3380 4144 3546 4205 atque
3602 4152 3694 4192 au-

2123 4242 2238 4280 ram
2299 4227 2353 4279 in
2390 4241 2449 4278 se
2475 4225 2897 4279 adventaturam
2939 4224 3209 4290 sentiens,
3253 4226 3322 4280 ad
3365 4227 3700 4283 audiendum

2126 4326 2492 4389 pra‘paratur.
2546 4315 2699 4382 Quod
2730 4315 2806 4369 ait
2838 4333 2852 4370 :
2904 4314 3048 4381 Quid
3079 4316 3333 4386 loquatur
3384 4321 3436 4373 in
3464 4337 3546 4373 me
3568 4364 3583 4391 ,
3618 4321 3699 4375 di-

2128 4419 2275 4464 ctum
2307 4420 2389 4463 est
2434 4417 2494 4462 ut
2527 4409 2863 4469 ostenderet,
2909 4407 3060 4479 quod
3120 4407 3266 4464 Deus
3301 4426 3411 4466 non
3443 4413 3494 4465 in
3545 4421 3699 4469 exte—

2130 4504 2306 4558 ri0ies
2339 4502 2608 4571 corporis,
2645 4500 2743 4556 sed
2771 4500 2825 4555 in
2862 4501 3158 4556 interiores
3193 4505 3389 4559 anima:
3422 4520 3588 4562 aures
3617 4507 3697 4562 lo-

2123 4603 2538 4665 cuturusperat.

2207 4686 2475 4752 Quoniam
2514 4687 2755 4755 loquetur
2807 4701 2987 4755 pacem
3040 4703 3197 4757 super
3237 4688 3484 4756 populum
3516 4706 3697 4755 suum,

2130 4784 2180 4829 et
2229 4791 2384 4844 super
2431 4786 2641 4829 sanctos
2687 4792 2832 4842 suos,
2887 4785 2937 4829 et
2992 4776 3047 4829 in
3072 4793 3186 4843 eos,
3246 4780 3337 4847 qui
3390 4792 3697 4835 convertunt

2126 4870 2296 4923 corda
2334 4861 2433 4921 sua
2471 4866 2540 4922 ad
2562 4883 2702 4921 eum.
2730 4865 2984 4931 Audiam,
3014 4867 3212 4936 inquit,
3246 4867 3379 4938 quid
3416 4867 3695 4939 loquetur.

2128 4959 2366 5015 Omnino
2420 4959 2565 5013 enim
2625 4959 2880 5028 loquetur
2928 4954 3097 5023 Deus,
3140 4966 3307 5030 atque
3352 4961 3697 5031 evangeliza-

2121 5052 2205 5106 bit
2251 5068 2438 5122 pacem
2479 5052 2682 5122 populo
2716 5065 2836 5105 suo.
2888 5048 2950 5104 Et
2986 5065 3116 5105 vere
3153 5048 3375 5120 quidem
3441 5052 3684 5120 populus

2127 5142 2221 5198 Dei
2270 5153 2324 5199 et
2352 5159 2536 5198 secum
2598 5144 2734 5214 ipse,
2790 5155 2997 5199 etcum
3051 5143 3165 5200 Deo
3228 5157 3448 5214 semper
3494 5158 3684 5214 pacem

2120 5236 2308 5303 habet,
2364 5237 2527 5292 sicuti
2576 5246 2792 5304 contra,
2835 5236 2977 5291 idem
3038 5235 3276 5306 populus
3308 5250 3531 5304 semper
3584 5250 3686 5304 pu-

2118 5347 2282 5401 gnam
2342 5346 2406 5385 ac
2481 5330 2686 5385 bellum
2739 5329 2909 5383 habet
2958 5342 3083 5381 cum
3128 5327 3396 5391 daemone,
3447 5334 3525 5380 et-
3555 5307 3681 5382 cum

2118 5421 2394 5479 universis
2445 5423 2535 5493 qui
2591 5421 2852 5477 daemonis
2894 5418 3088 5484 amici,
3154 5430 3246 5473 aut
3300 5418 3412 5473 Deo
3472 5418 3683 5474 inimici

2114 5525 2261 5572 sunt.
2332 5513 2568 5571 Eosdem
2650 5521 2832 5568 autem
2895 5508 3084 5566 ﬁdeles
3165 5516 3220 5564 ct
3272 5508 3527 5580 populum
3586 5509 3682 5564 Dei

2118 5608 2430 5678 appellavit,
2476 5617 2531 5664 ct
2583 5612 2826 5671 sanctos,
2892 5596 3001 5659 lioé
3046 5611 3152 5669 cst,
3185 5601 3581 5668 sanctiticatos,
3614 5615 3677 5656 ac

3200 5938 3278 6001 28
