4088 6414
438 430 541 494 877

1604 421 1996 486 COMMENT.
2039 421 2121 482 IN
2151 421 2510 482 PSALMOS.

3585 415 3693 482 878

433 543 785 618 στραμμένος
823 545 911 600 διὰ
934 547 994 600 τὸ
1020 523 1476 614 κατακεχυμέὗον
1524 541 1621 611 τῆς
1646 537 1751 608 γῆς
1783 534 1978 606 ψεῦδος
1997 547 2014 566 ⁸

2121 533 2428 604 prospexit,
2471 548 2595 589 cum
2623 543 2783 590 antea
2817 535 2887 589 ob
2915 533 3267 590 mendacium
3303 531 3450 603 quod
3487 531 3542 587 in
3571 534 3696 586 uni-

431 640 523 693 καὶ
551 638 868 711 κατηλλάγη
899 639 965 694 τὰ
996 639 1108 694 ἄνω
1135 642 1247 701 τοῖς
1276 637 1448 691 κάτω.

500 911 611 964 Kal
642 907 754 979 τὰρ
785 910 818 962 ό
839 908 1056 976 Κύριος
1078 906 1257 960 δώσει
1287 904 1691 974 χρηστότητα,
1733 899 1834 953 καί
1863 899 1901 966 ἠ
1932 895 2010 965 τῆ

431 1001 604 1073 ἡμῶν
630 1001 811 1057 δώσει
831 1002 938 1055 τὸν
970 1000 1208 1070 καρπὸν
1227 997 1437 1065 αὐτῆς.
1473 996 1618 1068 Ὅρα
1647 992 1766 1057 πῶς
1793 995 1822 1045 ὁ
1847 990 2013 1045 Δαὸὶδ

431 1097 492 1148 ἐν
523 1094 724 1166 βεϐαίῳ
792 1092 1180 1164 προαγορεύει,
1221 1092 1303 1145 ὅτι
1360 1092 1388 1144 δ
1449 1089 1546 1159 μὲν
1603 1085 1794 1156 Πατὴρ
1849 1083 2014 1138 δώσει

431 1189 547 1252 τοῖς
581 1186 893 1258 ἀνθρώποις
916 1186 1008 1238 τὸν
1033 1184 1168 1238 Υίδν
1188 1183 1378 1248 αὑτοῦ,
1411 1183 1471 1247 ὃς
1501 1183 1620 1234 ἐστι
1654 1178 1966 1251 χρηστότης
1995 1192 2010 1206 ⁹

435 1279 650 1345 Οὐδεὶς
675 1279 784 1349 γὰρ
836 1279 1060 1347 ἀγαθὸς
1093 1281 1142 1332 ει
1187 1275 1274 1346 μὴ
1309 1271 1394 1342 εἷς
1419 1273 1652 1340 assde.
1700 1272 1812 1326 Kal.
1844 1270 1954 1342 γὰρ
1985 1269 2014 1322 ὁ

433 1369 731 1439 Σύμμαχος
769 1367 882 1423 Τὸν
907 1367 1134 1438 ἀγαθὸν
1161 1363 1335 1421 εἶπεν.
1371 1365 1440 1420 Ἠ
1462 1363 1532 1418 δὲ
1564 1365 1641 1434 γῆ
1683 1362 1866 1417 δώσει
1908 1361 2016 1415 τὸν

433 1461 672 1528 καρστεν
706 1457 924 1528 αὐτῆς,
948 1459 1076 1522 τοὺς
1109 1457 1446 1520 ἀποστόλους
1472 1455 1737 1526 δηλονότι,
1767 1453 1864 1509 καὶ
1890 1453 2016 1516 τοὺς

431 1553 629 1616 ἄλλους
660 1553 907 1615 πιστοὺς,
977 1551 1088 1604 ἀπὸ
1135 1551 1234 1621 τῆς
1279 1548 1538 1614 Ἰουδαίας
1586 1548 2014 1620 βλαστήσαντας.

443 1645 844 1716 Ἀπλούστερον
874 1645 930 1698 δὲ
983 1646 1182 1709 εἰπεῖν,
1216 1643 1309 1696 τοῦ
1350 1639 1591 1712 Χριστοῦ
1636 1640 2016 1711 γεννηθέντος,

431 1737 638 1808 Κύριος
692 1739 854 1792 δώσει
910 1737 1060 1800 ἔλεος
1097 1739 1210 1798 τοῖς
1239 1735 1582 1806 ἀνθρὼποις’
1615 1734 1708 1788 καὶ
1759 1731 1949 1787 λοιπὸν
1982 1732 2016 1802 ἡ

431 1831 504 1901 γῆ
543 1831 676 1884 πᾶσι
705 1831 939 1900 καρποῖς
965 1829 1271 1900 εὑθυνήσει.

504 2126 870 2194 Δικαιοσύνη
936 2123 1199 2178 ἐνώπιον
1258 2123 1449 2178 αὐτοῦ
1493 2120 2013 2190 γπροιτορεύσεται.

433 2220 794 2290 Δικαιοσύνην
860 2217 1099 2272 ἐνταῦθα
1151 2217 1302 2286 λέγει
1346 2217 1447 2286 τὴν
1487 2216 1673 2269 πᾶσαν
1699 2209 2020 2286 ἀρετὴν,ἦς

392 2355 400 2380 ,
432 2314 496 2367 τὸ
525 2313 664 2382 φῶς,
703 2310 1181 2382 προπορευὸμενον
1239 2309 1334 2362 ναὶ
1377 2307 1776 2376 ἀπαστράπτον
1823 2305 2015 2370 αὑτοῦ,

430 2407 588 2479 δίκην
615 2404 896 2475 λαμπάδος
928 2403 1278 2457 ἀπεδείκνυεν
1338 2400 1502 2454 αὐτὸν
1525 2402 1640 2464 τοῖς
1683 2398 2014 2469 ἀνθρώποις.

510 2673 619 2730 Καὶ
671 2673 846 2741 θήσει
884 2675 972 2739 εἰς
1021 2671 1165 2727 όδδν
1192 2671 1264 2725 τὰ
1289 2669 1621 2739 διαδήματα
1664 2670 1872 2724 αὑτοῦ.
1909 2670 2021 2724 Καὶ

431 2767 625 2822 λοιπὸν
656 2769 684 2822 ὁ
711 2766 946 2837 Χριστὸς
970 2766 1046 2818 τὰ.
1075 2764 1394 2836 διαδήματα
1418 2762 1608 2829 αὑτοῦ,
1637 2762 1890 2817 τουτέστι
1918 2763 2020 2832 τὴν

431 2861 692 2931 ἐνάρετον
738 2861 857 2914 ὁδὸν
915 2859 982 2929 ἥν
1022 2859 1184 2922 αὐτὸς
1237 2858 1398 2926 ἑτεμε
1454 2859 1548 2910 καὶ
1576 2855 1814 2921 ἐϐάδισε,
1861 2855 2020 2926 θήσει

435 2958 518 3018 εἰς
555 2954 614 3006 τὸ
655 2948 796 3007 εῖναι
825 2951 950 3004 δδδν
969 2953 1083 3014 τοῖς
1109 2951 1481 3022 Χριπιανοῖς,
1509 2947 1579 3004 δι’
1608 2944 1676 3022 ἧς
1709 2949 2020 3018 βαδίζοντες

432 3045 738 3101 ἁνὲλθωσιν
775 3044 857 3107 είς
886 3043 976 3097 τὸν
999 3043 1184 3096 αὐτόν.
1213 3042 1370 3096 Ἐστι
1399 3041 1455 3095 δὲ
1481 3041 1576 3095 καὶ
1601 3041 1779 3102 ἄλλως
1818 3041 2015 3094 εἰπεῖν’

438 3141 562 3194 Ὅτι
591 3142 618 3193 ὁ
642 3137 950 3210 πρόδρομος
1001 3135 1273 3205 Ἰωάννης,
1302 3133 1368 3187 δν
1393 3133 1653 3188 ἐκάλεσεν
1678 3135 1706 3186 ὁ
1728 3133 1894 3186 Δαϐιδ
1922 3130 2017 3185 νῦν

2116 641 2333 682 versam
2358 635 2475 681 erat
2508 635 2712 681 terram
2741 627 3024 694 diffusum,
3059 642 3090 680 a
3121 627 3283 683 nobis
3321 625 3580 680 omnibus
3606 641 3696 680 es-
3752 669 3760 681 .

2117 727 2201 774 set
2228 733 2478 775 aversus.
2540 718 2788 784 Superna
2825 721 2992 790 igitur
3052 734 3183 777 tunc
3240 729 3404 790 atque
3449 720 3695 776 caelestia

2117 808 2474 864 inferioribus
2513 825 2580 866 ac
2619 811 2912 868 mundanis
2939 820 3070 868 sunt
3112 812 3428 867 conciliata.

2188 900 2358 957 Vens.
2393 903 2480 958 i5.
2521 902 2727 957 Etenim
2778 903 3037 959 Dominus
3086 904 3233 959 dabit
3278 905 3591 969 bonitatem,
3647 912 3698 957 et

2118 1004 2265 1050 term
2295 1004 2485 1050 nostra
2509 997 2660 1050 dabit
2687 998 2922 1068 fructum
2957 1015 3134 1052 suum.
3183 997 3320 1053 Vide
3358 1012 3523 1067 quam
3562 1012 3698 1051 con-

2119 1096 2333 1142 stanter
2375 1087 2644 1158 praedicat
2694 1089 2856 1144 nobis
2885 1089 3082 1144 beatus
3113 1088 3309 1154 David,
3354 1089 3501 1158 quod
3537 1087 3700 1143 Pater

2118 1181 2348 1234 daturus
2372 1189 2522 1236 esset
2547 1179 2744 1235 Filium
2781 1196 2940 1236 suum
2973 1181 3314 1235 hominibus.
3350 1178 3453 1234 Per
3481 1180 3700 1234 bonita-

2119 1281 2228 1327 tem
2256 1273 2405 1327 enim
2443 1272 2580 1327 nihil
2621 1272 2773 1328 aliud
2823 1273 3133 1344 intelligere
3170 1288 3492 1342 possumus,
3531 1286 3698 1342 quam

2119 1363 2298 1434 ipsum
2335 1364 2524 1419 Deum.
2556 1363 2760 1419 Nullus
2790 1367 2960 1430 enim,
2991 1367 3190 1436 inquit,
3218 1368 3407 1432 bonus,
3429 1367 3529 1420 nisi
3553 1366 3698 1420 solus

2118 1456 2260 1511 Deus
2295 1457 2360 1512 ⁸⁸.
2399 1456 2466 1511 ΕΙ.
2499 1457 2682 1513 littera
2730 1458 3048 1528 Symmachi
3089 1460 3254 1515 habet
3291 1482 3304 1514 :
3348 1459 3563 1514 Etenim
3603 1458 3704 1512 Do-

2121 1553 2300 1606 minus
2328 1552 2480 1606 dabit
2512 1551 2729 1606 bonum.
2755 1583 2825 1591 --
2852 1551 3016 1607 Terra
3047 1555 3208 1607 etiam
3257 1554 3408 1609 dabit
3466 1554 3700 1624 fructum

2123 1661 2308 1709 suum,
2372 1646 2655 1715 apostolos
2683 1646 2945 1700 nimirum
3003 1657 3057 1701 ct
3107 1648 3244 1701 alios
3282 1649 3494 1715 ﬁdeles,
3548 1650 3641 1718 qui
3673 1664 3704 1703 e

2121 1734 2308 1792 Iudaea
2344 1737 2566 1808 regione
2596 1738 3001 1809 germinarunt.
3031 1740 3292 1808 Apertius
3326 1755 3459 1796 vero
3489 1755 3554 1795 ac
3587 1755 3706 1794 ma-

2048 1871 2096 1930 Β
2123 1828 2380 1884 nifestius
2403 1837 2507 1895 est,
2538 1837 2596 1883 ut
2636 1830 2906 1896 dicamus,
2938 1833 3083 1900 quod
3119 1843 3247 1886 nato
3271 1831 3517 1897 Christo,
3557 1831 3704 1888 Deus

2123 1918 2274 1974 dabit
2309 1920 2747 1975 misericordiam
2774 1921 3113 1988 hominibus,
3154 1931 3210 1978 et
3232 1923 3381 1993 quod
3411 1933 3556 1980 terra
3583 1923 3703 1978 fru-

2122 2010 2306 2065 ctibus
2345 2013 2668 2067 abundabit.

2195 2102 2363 2160 Vens.
2404 2106 2483 2160 ’4.
2515 2104 2744 2162 Iustitia
2773 2125 2956 2163 coram
2996 2125 3057 2164 eo
3091 2109 3376 2178 pracedet.
3403 2107 3507 2164 Per
3533 2108 3700 2179 justi-

2123 2197 2253 2252 tiam
2296 2199 2389 2254 hie
2424 2199 2714 2258 universas
2757 2201 3142 2273 complectitur
3193 2202 3446 2258 virtutes.
3491 2201 3701 2258 Harum

2123 2290 2294 2360 igitur
2338 2291 2606 2346 virtu‘um
2671 2293 2788 2357 lus,
2831 2293 3012 2350 instar
3061 2293 3354 2364 lampadis,
3399 2311 3432 2351 ιι
3480 2294 3705 2352 Christo

2119 2396 2449 2450 coruscans,
2481 2392 2554 2437 tat
2580 2393 2690 2436 'um
2720 2395 2848 2440 ante
2892 2386 3044 2439 illum
3074 2385 3293 2442 emittet
3327 2385 3698 2456 splendorem.

2123 2481 2182 2526 ut
2219 2473 2488 2529 celebrem
2518 2489 2585 2530 ac
2617 2476 2940 2545 praeclarum
2973 2477 3116 2548 apud
3144 2491 3342 2534 omnes
3371 2477 3528 2533 illum
3569 2478 3691 2534 red-

2121 2565 2303 2622 ditura
2331 2567 2425 2622 sit.

2189 2659 2259 2710 Et
2296 2667 2452 2726 ponet
2494 2659 2548 2712 in
2596 2659 2734 2714 viam
2762 2676 2974 2730 gressus
3013 2677 3158 2717 suos.
3213 2660 3478 2734 Deinceps
3513 2671 3702 2718 autem

2121 2750 2380 2807 Christus
2407 2761 2571 2821 ponet
2605 2768 2832 2822 gressus
2865 2769 3021 2821 suos,
3063 2754 3168 2810 hoc
3195 2764 3302 2821 est,
3336 2755 3485 2809 illam
3526 2756 3701 2810 virtu-

2122 2853 2298 2900 tutum
2329 2846 2583 2901 semitam
2617 2860 2716 2916 per
2737 2861 2902 2916 quam
2934 2848 3054 2917 ipse
3101 2847 3444 2914 ambulabat,
3501 2857 3694 2918 ponet,

2121 2936 2372 3006 inquam,
2410 2951 2530 2993 eam
2566 2937 2620 2992 in
2657 2937 2781 3004 hoc,
2814 2946 2871 2992 ut
2901 2938 2974 2994 sit
3001 2941 3084 2995 via
3109 2941 3325 2996 emeris
3345 2939 3702 3010 Christianis,

2121 3045 2218 3101 per
2244 3045 2410 3102 quam
2441 3032 2518 3086 illi
2541 3032 2858 3088 incedentes
2884 3031 2953 3087 ad
2977 3047 3098 3088 eum
3119 3032 3336 3089 tandem
3364 3033 3700 3103 pervenient.

2127 3121 2222 3178 Vel
2278 3123 2436 3179 aliter
2493 3143 2507 3179 :
2554 3124 2798 3181 Joannes
2873 3123 3089 3180 Domini
3146 3141 3476 3196 praecursor,
3537 3142 3702 3198 quem

434 3231 819 3302 δικαιοσύνην,
841 3230 917 3292 ὡς
945 3228 1044 3300 τὴν
1063 3229 1294 3299 νομικὴν
1323 3226 1674 3297 δικαιοσύνην
1717 3225 2014 3294 φυλάττον·

2123 3216 2320 3274 beatus
2361 3216 2529 3273 David
2571 3219 2674 3275 hoc
2705 3220 2758 3274 in
2791 3219 2914 3276 loco
2935 3218 3212 3287 justitiam
3247 3219 3504 3289 appellat,
3530 3219 3702 3275 veluti

435 3341 530 3389 τα,
564 3322 660 3375 κα)⁸
686 3321 763 3386 ὡς
788 3320 1012 3384 δικαίως
1037 3319 1478 3388 πολιτευόμενον,
1529 3315 1701 3380 οὕτως
1760 3315 2016 3383 ὲνὼπιον,

435 3417 618 3470 εἶτουν
670 3413 1019 3485 ἔμπροσθεν,
1079 3411 1174 3466 τοῦ
1242 3411 1484 3482 Χριστοῦ
1551 3410 2016 3481 προπορεύσεται.

448 3509 606 3566 Ἰθηὺ
659 3507 790 3580 γὰρ.
842 3507 1028 3577 φησιν,
1087 3507 1202 3576 ἐγὼ
1249 3505 1568 3561 ἀποστελῶ
1604 3505 1713 3559 τὸν
1761 3503 2020 3575 ἄγγελόν

424 3617 552 3669 μου
596 3601 711 3668 πρὸ
758 3600 1087 3668 προσώπου
1139 3612 1278 3664 σου,
1310 3597 1380 3662 ὃς
1417 3595 1862 3652 κατασκευάσει
1904 3593 2021 3664 τὴν

432 3692 584 3747 ὁδόν
620 3707 738 3744 σου
779 3692 1140 3761 ἔμπροσθεν.
1227 3690 1388 3744 Ἐὁόα
1448 3690 1558 3761 γάρ
1579 3705 1594 3723 ⁸
1632 3687 2022 3759 Ἑτοιμάσατε

432 3784 546 3848 τὰς
587 3781 766 3848 ὀδοὺς
813 3783 1036 3853 Κυρίου
1059 3798 1075 3814 ο
1098 3782 1334 3849 εὐθείας
1363 3781 1587 3837 ποιεῖτε
1622 3779 1733 3848 τὰς
1777 3780 2022 3848 τρίϐους

434 3872 648 3927 αὑτοῦ.
681 3873 752 3925 Σὺ
783 3872 838 3925 δὲ
872 3873 968 3926 καὶ
1022 3871 1210 3943 ἕτερον
1270 3872 1514 3942 νοήσεις,
1549 3872 1630 3925 ὅτι
1655 3872 1690 3943 ἡ
1734 3869 1952 3940 θεότης,
1985 3871 2020 3941 ὴ

434 3965 909 4035 αὖτοδικαιοσῦνη,
981 3964 1212 4017 ἐνώπιον
1267 3963 1364 4016 τοῦ
1407 3963 1847 4035 προσλήμματος
1887 3965 2020 4034 ἠγε-

438 4059 638 4126 μόνευε
667 4038 764 4110 καί
823 4056 991 4110 ἐτίθει
1049 4057 1130 4119 είς
1183 4055 1402 4110 εὐθεῖαν
1424 4054 1523 4118 τὰς
1563 4055 1797 4120 πορείας
1824 4055 2016 4110 αὐτοῦ.

433 4150 842 4217 Προεωρώμην
868 4146 999 4220 γὰρ,
1024 4147 1180 4218 φησὶ,
1214 4147 1326 4202 τὸν
1353 4149 1575 4216 Κύριον
1615 4149 1879 4204 ἐνώπιόν
1898 4167 2019 4219 μου

432 4240 535 4295 διὰ
559 4243 805 4310 παντός.

897 4425 1218 4494 Προσευχὴ
1250 4424 1329 4490 τῷ
1357 4425 1554 4480 Δαϐίδ.

1007 4514 1304 4568 ΨΑΛΜΟΣ
1331 4515 1456 4569 DE'.

509 4603 652 4675 Δήλη
705 4603 806 4674 μὲν
849 4605 882 4671 ἠ
924 4604 1244 4674 ἐπιγραφήο
1306 4603 1524 4676 εἴρηται
1578 4603 1636 4657 δὲ
1680 4605 1831 4673 ὅμως
1889 4607 2021 4677 περὶ

439 4697 752 4767 προσευχῆς
781 4697 841 4750 ὲν
882 4694 961 4766 τῷ
997 4695 1270 4766 προοιμίῳ
1326 4696 1424 4765 τῆς
1454 4695 1658 4767 βίϐλου.
1710 4699 2021 4769 Προσευχό-

441 4806 602 4860 μενος
640 4789 697 4841 δὲ
743 4788 884 4858 ὑπὲρ
931 4785 1128 4843 ἑαυτοῦ
1161 4789 1191 4840 ὁ
1217 4788 1405 4853 Δαὸὶδ,
1469 4790 1713 4844 διδάσκει
1771 4793 1889 4856 πῶς
1913 4793 2020 4864 χρὴ

438 4880 846 4952 προσεύχεσθαι
872 4879 964 4934 τδν
983 4883 1048 4932 ὲν
1079 4879 1349 4947 ἀνάγκαις
1379 4881 1530 4936 ὅντα.
1562 4883 1931 4954 Προαγορεύει
1961 4885 2020 4938 δὲ

437 4971 673 5024 ἐνταῦθα
725 4972 822 5024 καὶ
875 4972 1068 5041 κλῆσιν
1121 4971 1313 5025 ἐθνῶν.
1341 4973 1498 5037 Τινὲς
1519 4973 1576 5026 δὲ
1609 4976 1888 5045 προσώπῳ
1921 4976 2020 5030 τοῦ

449 5065 693 5128 ’Ἐζεκίου
741 5065 1055 5136 γεγράφθαι
1111 5066 1209 5118 uel.
1279 5068 1486 5136 ταύτην
1548 5066 1647 5136 τὴν
1709 5049 2020 5141 προσευχὴν

435 5156 745 5228 είρὴκασιν.

2049 4558 2098 4616 D
2203 4545 2206 4548 .

2128 3311 2225 3381 qui
2257 3325 2478 3366 omnem
2536 3311 2674 3384 legis
2709 3311 2984 3381 justitiam
3018 3311 3279 3379 servavit,
3319 3313 3588 3383 praecedet
3619 3327 3707 3369 co-

2122 3418 2240 3459 ram
2283 3404 2529 3470 Christo,
2561 3404 2666 3460 hoc
2697 3415 2800 3469 est,
2831 3412 2958 3461 ante
2987 3405 3296 3461 Christum.
3372 3405 3510 3461 Ecce
3551 3406 3699 3462 enim

2123 3511 2238 3566 ego,
2272 3495 2468 3567 inquit,
2508 3496 2660 3550 mitto
2698 3496 2941 3566 angelum
2971 3513 3141 3551 meum
3173 3507 3294 3551 ante
3312 3498 3505 3566 [aciem
3527 3507 3700 3563 tuam,

2123 3592 2214 3661 qui
2243 3591 2456 3658 parabit
2488 3592 2629 3646 viam
2670 3601 2817 3646 tuam
2845 3601 2967 3647 ante
3000 3601 3048 3647 te
3079 3591 3144 3647 ".
3190 3591 3460 3646 Clamahit
3494 3592 3638 3648 enim
3686 3606 3702 3645 :

2124 3682 2326 3739 Parata
2350 3686 2463 3740 vias
2494 3683 2732 3749 Domini,
2757 3693 2927 3740 rectas
2960 3685 3120 3754 facite
3147 3684 3364 3739 semitas
3394 3685 3507 3754 ejus
3541 3683 3607 3740 ¹⁸.
3640 3682 3709 3738 Ει

2128 3777 2281 3850 (quia
2313 3777 2502 3834 Graeca
2528 3778 2720 3845 dictio,
2744 3778 2936 3846 αὑτοῦ,
2960 3778 3038 3833 ita
3055 3777 3250 3834 referri
3273 3785 3475 3848 potest,
3505 3784 3563 3830 ut
3593 3790 3704 3832 non

2091 3873 2312 3933 \solum
2346 3873 2620 3942 legamus,
2655 3871 2878 3926 Gressus
2915 3887 3063 3935 διιοε,
3104 3873 3200 3927 sed
3251 3871 3440 3936 etiam,
3483 3869 3706 3926 Gressus

2125 3959 2264 4030 ejus)
2289 3961 2399 4014 alio
2429 3961 2594 4016 modo
2616 3975 2850 4031 expone,
2891 3960 3040 4030 quod
3072 3959 3288 4030 iustitia
3331 3959 3558 4024 Christi,
3619 3959 3702 4012 vel

2123 4053 2244 4123 ejus
2297 4052 2576 4119 divinitas,
2631 4053 2908 4123 praecedet
2948 4067 3133 4107 coram
3185 4067 3271 4116 eo,
3302 4051 3408 4106 hoc
3435 4061 3541 4118 est,
3575 4058 3706 4104 ante

2125 4153 2464 4216 assumptum
2501 4161 2745 4212 carnem,
2789 4146 2956 4202 veluti
3016 4146 3262 4214 optimus
3313 4145 3534 4214 quidam
3565 4142 3700 4197 dus.

2122 4239 2190 4295 Et
2217 4247 2382 4310 ponet
2413 4239 2468 4294 in
2495 4239 2636 4294 viam
2667 4253 2896 4310 gressus
2926 4237 3070 4308 ejus,
3093 4237 3250 4307 ju'xta
3285 4236 3422 4292 illud
3461 4253 3476 4291 :
3505 4233 3698 4290 Provi-

2123 4330 2309 4385 debam
2345 4330 2630 4384 Dominum
2665 4333 2716 4384 in
2739 4340 3019 4399 conspectu
3049 4347 3161 4384 meo
3195 4346 3398 4400 semper
3431 4331 3495 4385 ".

2630 4420 2817 4475 Oratio
2861 4421 2965 4490 ipsi
3016 4419 3206 4475 David.

2591 4513 2912 4570 PSALMUS
2947 4513 3213 4568 LXXXV.

2201 4607 2364 4662 Clara
2389 4606 2609 4677 quidem
2639 4613 2804 4677 atque
2833 4617 3022 4676 aperta
3047 4615 3135 4663 est
3160 4607 3274 4662 haec
3301 4606 3610 4680 inscriptio,
3643 4617 3706 4664 ut

2127 4699 2184 4754 in
2219 4699 2487 4769 prommio
2524 4699 2709 4768 operis
2739 4699 2945 4752 dictum
2985 4707 3090 4754 est.
3119 4699 3252 4754 Illud
3287 4707 3470 4754 tamen
3507 4699 3576 4755 ad
3614 4701 3702 4756 in-

2126 4790 2474 4844 stitutionem
2512 4797 2756 4844 nostram
2780 4790 3040 4858 pertinet,
3066 4789 3211 4860 quod
3257 4790 3386 4846 dum
3418 4789 3707 4862 Propheta

2125 4882 2297 4936 nostri
2325 4896 2518 4951 preces
2543 4881 2815 4944 videmus,
2839 4896 2982 4948 quas
2997 4880 3064 4935 ad
3087 4879 3572 4945 Deum’fundeltat,
3599 4897 3704 4937 nos

2127 4975 2283 5029 illinc
2327 4975 2536 5042 pariter
2565 4973 2855 5031 docemur,
2883 4988 3126 5042 quonam
3169 4984 3329 5043 pacto
3377 4972 3600 5042 quando
3646 4975 3704 5028 in

2126 5068 2404 5137 angustiis
2437 5082 2500 5120 ac
2532 5066 2944 5122 calamitatibus
2975 5067 3262 5122 constituti
3297 5081 3507 5131 sumus,
3539 5081 3702 5120 orare

2124 5165 2190 5217 ad
2225 5163 2388 5215 Deum
2419 5161 2705 5214 debemus.
2734 5159 3056 5213 Prmdicitur
3083 5159 3246 5214 etiam
3281 5159 3336 5212 in
3363 5159 3464 5211 hoc
3485 5158 3698 5228 psalmo

435 5254 674 5324 gentium
705 5252 938 5309 vocatio.
972 5251 1091 5308 Non
1129 5254 1328 5311 desunt
1359 5262 1541 5310 tamen
1598 5254 1690 5324 qui
1756 5259 2062 5317 orationem
2103 5261 2244 5316 hanc
2292 5276 2358 5315 es
2410 5257 2658 5312 Ezechiae
2710 5255 2862 5324 regis
2911 5267 3144 5324 persona
3199 5253 3458 5323 scriptam
3548 5266 3708 5309 ossea

436 5361 582 5404 rant.

507 5443 748 5515 Κλῗνον,
773 5445 970 5512 Κύριε,
995 5444 1060 5497 τὸ
1082 5441 1192 5511 οὖς
1218 5459 1355 5508 σου,
1383 5451 1480 5501 καὶ
1514 5446 1864 5504 ἐπάκουσόν
1882 5469 2023 5520 μου.

431 5535 570 5603 Περὶ
605 5535 706 5604 τῆς
749 5535 977 5600 κλίσεως
1005 5536 1100 5590 τοῦ
1150 5537 1296 5590 θείου
1327 5537 1466 5602 ὠτὸς
1494 5541 1706 5611 εἴρηται
1731 5541 1824 5594 καὶ
1850 5543 1908 5593 ὲν
1943 5542 2022 5612 τῷ

436 5631 515 5690 ις’
543 5626 765 5697 ψαλμῷ.

508 5722 636 5774 ’Ὁτι
671 5721 908 5790 πτωχὸς
935 5721 1035 5775 καί
1067 5722 1260 5791 πένης
1307 5723 1425 5794 εἰμὶ
1455 5724 1591 5795 ἐγώ.
1661 5727 1887 5797 Πτωχὸς
1922 5728 2018 5780 καὶ

2208 5450 2371 5505 Vens.
2402 5448 2452 5500 1.
2488 5445 2718 5505 Inclina,
2745 5440 2987 5504 Domine,
3022 5452 3202 5490 aurem
3227 5445 3396 5500 tuam,
3429 5445 3478 5489 et
3509 5437 3706 5491 exaudi

2129 5560 2229 5596 me.
2262 5540 2547 5608 Quomodo
2575 5549 2752 5590 autem
2807 5533 2948 5586 Deus
2979 5533 3196 5585 dicatur
3252 5530 3525 5586 inclinare
3559 5530 3702 5584 dixi-

2125 5651 2248 5689 mus
2277 5635 2329 5688 in
2357 5633 2564 5702 psalmo
2596 5645 2705 5683 xw.

2209 5727 2475 5792 Quoniam
2525 5724 2677 5790 inops
2715 5729 2760 5774 et
2797 5734 3000 5788 panper
3055 5733 3170 5771 sum
3229 5731 3345 5787 ego.
3400 5714 3577 5771 Veluti
3607 5717 3700 5787 qui

501 5905 542 5936 "
583 5906 778 5960 Mulli].
818 5923 930 5972 nx,
964 5907 1050 5960 l7.
1106 5907 1147 5939 ⁸⁷
1190 5905 1420 5961 Malach.
1449 5921 1534 5975 ιιι,
1567 5906 1586 5960 l
1619 5923 1634 5973 ;
1698 5904 1890 5961 Matth.
1924 5921 1998 5970 Si,

2119 5942 2123 5954 ,
2206 5905 2247 5937 “
2275 5905 2380 5960 isa.
2417 5919 2503 5970 ιιι,
2533 5903 2603 5969 5;
2639 5900 2830 5956 Matth.
2869 5915 2946 5965 ιιι,
2981 5901 3036 5956 5.
3068 5901 3109 5934 '9
3146 5896 3289 5954 Psal.
3317 5913 3405 5961 ιν,
3437 5898 3489 5955 8.
