4088 6450
292 362 399 427 883

1542 368 1928 431 EUTHYMII
1967 373 2333 441 ZIGABENI

3420 379 3531 443 εει

291 475 349 530 in
382 472 623 529 hostium
660 489 858 533 manus
911 476 1083 532 tradis
1115 494 1130 533 :
1170 477 1297 548 quia
1327 477 1560 532 multum
1593 494 1654 534 es
1691 480 1859 537 mise-

1966 486 2042 552 ὡς
2066 489 2123 542 δὲ
2154 491 2471 561 πολυέλεος,
2502 491 2602 563 οὐχ
2641 491 2810 560 ἅπαξ,
2852 492 2995 548 ἀλλὰ
3031 468 3292 555 πολλάκις
3339 494 3545 553 ὲλεεὶςσ

291 567 492 632 ricors,
543 582 657 622 non
689 568 858 624 semel
890 575 1128 635 tantum,
1158 569 1252 626 sed
1282 570 1485 640 saepius
1530 571 1815 628 misereris
1842 588 1858 626 :

289 667 341 713 et
394 659 522 730 quia
564 675 728 715 verax
780 675 865 727 es,
913 676 1107 717 omnes
1152 677 1249 719 eos
1291 662 1475 719 salvas
1515 665 1607 733 qui
1640 677 1865 737 sperant

289 751 345 805 in
405 758 477 806 te.

362 840 526 898 Vnus.
580 845 666 899 15.
715 842 932 915 Respice
980 848 1036 899 in
1095 864 1194 912 me,
1231 857 1282 902 et
1322 850 1569 903 miserere
1604 850 1725 904 mei.
1758 848 1863 906 Hic

293 937 601 991 versiculus
638 936 871 993 habetur
899 938 1065 993 etiam
1090 939 1145 994 in
1174 941 1386 1009 psalmo
1428 956 1578 996 xxiv.

340 1026 440 1080 Ὀτι
490 1027 653 1082 robur
706 1038 855 1083 tuum
906 1044 1071 1098 puero
1112 1040 1221 1087 tuo.
1266 1032 1474 1100 Robur,
1526 1034 1671 1104 quod
1726 1049 1757 1088 a
1807 1043 1862 1090 te

290 1118 556 1174 adversus
618 1119 878 1176 inimicos
930 1122 1123 1178 haberi
1179 1132 1380 1194 potest.
1444 1125 1621 1181 Puero
1676 1136 1859 1183 autem

291 1218 408 1270 tuo.
442 1210 546 1264 hoc
576 1219 878 1272 est,,servo
909 1220 1026 1268 tuo.

364 1300 428 1355 Et
457 1302 663 1357 solrum
693 1304 781 1384 [ορ
825 1305 997 1373 filium
1020 1307 1231 1362 ancilla:
1279 1317 1402 1365 tum.
1432 1306 1546 1365 Hoc
1581 1318 1666 1365 est
1691 1326 1862 1367 serva:

290 1402 417 1449 ture.
458 1395 559 1450 His
589 1402 772 1451 autem
809 1397 995 1453 verbis
1039 1398 1285 1453 indicare
1320 1400 1539 1456 videtur
1578 1401 1861 1472 Propheta

299 1503 360 1542 se
392 1502 456 1542 ex
495 1487 602 1558 piis
638 1502 703 1543 ac
741 1489 1016 1560 religiosis
1051 1490 1374 1560 parentibus
1405 1500 1583 1546 ortum
1624 1507 1766 1548 esse.

363 1578 528 1633 Vens.
552 1578 636 1633 i6.
664 1577 779 1634 Fac
810 1597 1012 1636 mecum
1039 1582 1246 1652 signant
1277 1584 1331 1637 in
1368 1583 1582 1638 bonum.
1610 1583 1859 1657 lmpone,

288 1669 493 1740 inquit,
546 1671 682 1725 mihi
740 1672 981 1742 signum,
1042 1689 1136 1729 seu
1195 1673 1465 1744 judicium
1523 1676 1578 1730 in
1630 1674 1861 1739 bonum,

287 1762 395 1816 hoc
425 1770 532 1826 est,
567 1763 787 1835 signum
820 1764 1047 1832 bonum,
1080 1765 1243 1836 quale
1275 1763 1588 1821 Judzeorum
1645 1767 1863 1821 limina—

286 1853 441 1911 ribns
488 1855 621 1911 olim
676 1857 1003 1927 apposuisti,
1052 1858 1270 1929 quando
1302 1857 1691 1931 Egyptiorum
1752 1859 1862 1928 pri-

286 1948 596 2018 mogenitos
624 1949 937 2020 perdidisti.
959 1948 1056 2005 Est
1079 1950 1283 2005 etenim
1312 1950 1608 2020 aliquando
1639 1949 1859 2020 signum

286 2037 341 2091 in
381 2039 612 2102 malum,
646 2040 809 2110 quale
843 2040 979 2094 illud
1024 2050 1164 2106 erat,
1213 2040 1357 2113 quod
1407 2051 1669 2111 posuerat
1713 2041 1859 2098 Deus

1892 1829 1939 1882 Β

1969 581 2043 646 ὡς
2065 582 2122 636 δὲ
2163 584 2440 657 ἀληθινὸς,
2470 584 2663 650 σώζεις
2686 586 2812 651 τοὺς
2847 585 3168 652 ἐλπίζοντας
3191 585 3287 641 ἐπὶ
3317 584 3401 641 σέ.

2051 847 2419 916 Ἐπίῦλεψον
2449 847 2540 901 ἐπ’
2569 847 2695 914 ἐμὲ,
2746 850 2843 903 καὶ
2872 849 3138 918 ἐλέησόν
3182 866 3280 920 με.
3311 842 3480 913 Οὗτος
3516 851 3544 903 ὀ

1968 937 2148 1007 στίχος
2167 940 2342 992 κεῖται
2369 940 2459 992 καὶ
2481 939 2539 991 ὲν
2562 937 2640 1010 τῷ
2665 937 2741 992 κδ’
2759 940 2981 1011 ψαλμῷ.

2037 1029 2148 1095 Δὸς
2219 1029 2284 1084 τὸ
2345 1029 2564 1099 κράτος
2605 1031 2735 1099 σουῙ
2782 1029 2868 1097 τῷ
2898 1031 3078 1086 παιδί
3116 1049 3255 1088 σου.
3291 1033 3366 1087 To
3395 1031 3545 1103 παρὰ

1967 1120 2061 1174 σοῦ
2105 1121 2305 1191 κράτος
2349 1122 2491 1175 κατὰ
2532 1122 2639 1177 τῶν
2696 1123 3112 1194 ἐχορῷνμῧαιδ)⁵
3153 1123 3230 1189 δὲ,
3259 1123 3335 1195 τῷ
3371 1122 3546 1193 δούλῳ

1966 1230 2081 1268 σου.

2033 1305 2142 1361 Καὶ
2193 1304 2404 1361 σῶσον
2455 1307 2563 1361 τὸν
2593 1309 2729 1362 υἱὸν
2758 1307 2862 1376 τῆς
2901 1308 3233 1375 παιδίσκης
3261 1322 3400 1361 στου.
3433 1306 3549 1376 Τῆς

1962 1398 2156 1469 δοῦλης
2190 1417 2304 1453 σου.
2347 1399 2633 1469 Ἐμφαίνει
2657 1399 2712 1453 δὲ
2744 1400 2826 1453 ὅτι
2852 1401 2919 1453 ἐκ
2950 1400 3236 1471 ,προγόνων
3264 1399 3414 1453 ἐστὶν
3458 1398 3549 1451 εὐ-

1966 1491 2152 1563 σεϐής.
2444 1528 2455 1533 ~

2035 1582 2304 1649 Ποίησον
2329 1584 2456 1652 μετ’
2489 1583 2635 1653 ἐμοῦ
2662 1583 2915 1654 σημεῖον
2953 1585 3049 1651 εἷς
3100 1584 3347 1654 ἀγαθόν.
3395 1582 3549 1636 Ἐπί-

1965 1670 2057 1736 θες
2091 1691 2181 1742 μοι
2209 1674 2498 1744 γνώρισμα
2530 1677 2609 1739 εἰς
2640 1675 2873 1742 ἀγαθὸν,
2894 1677 3075 1730 εῐτουν
3111 1675 3338 1745 ἀγαθὸν,
3377 1673 3549 1729 καθά-

1964 1782 2072 1836 περ
2100 1767 2219 1829 ταῖς
2271 1766 2476 1830 οἰκίαις
2515 1766 2623 1820 τῶν
2672 1767 2967 1839 Ἐϐραίων,
3024 1768 3115 1822 ὅτε
3177 1766 3547 1839 ὠλοθρεύοντο

1965 1858 2032 1912 τὰ
2056 1858 2394 1927 πρωτότοκα.
2425 1858 2583 1912 Ἐστι
2621 1861 2729 1930 γὰρ
2768 1861 2993 1931 σῆμεῖον
3028 1860 3125 1915 καὶ
3168 1861 3247 1922 εἰς
3288 1859 3546 1931 πονηρὸν,

1965 1949 2040 2012 ὡς
2070 1949 2317 2003 ὲπιτεθὲν
2350 1951 2426 2021 τῷ
2454 1950 2623 2005 Κάῖν’
2658 1953 2753 2005 καὶ
2780 1952 2887 2022 γὰρ
2920 1951 2980 2004 τ’)
3026 1952 3125 2022 μὲν
3146 1952 3252 2006 τῶν
3281 1949 3548 2021 Ἐϐραίων

1965 2040 2155 2111 ἐδήλου
2179 2041 2444 2113 φυλακὴν,
2478 2043 2540 2096 τὸ
2570 2042 2628 2096 δὲ
2661 2042 2753 2097 τοῦ
2779 2044 2919 2098 Κάῖν
2945 2044 3117 2115 ὀργὴν
3144 2043 3304 2098 Θεοῦ.

283 2132 339 2185 in
364 2131 517 2186 Cain.
561 2131 696 2187 Nam
746 2134 1101 2190 Hebraeorum
1153 2136 1369 2207 signum
1422 2134 1733 2192 custodiam
1783 2148 1847 2189 ac
1886 2134 2282 2204 protectionem
2360 2136 2603 2191 divinam
2656 2136 2964 2202 indicabat,
3023 2135 3161 2192 illud
3246 2145 3430 2191 autem
3486 2134 3542 2189 in

286 2226 447 2294 Cain,
486 2230 623 2283 iram
661 2229 780 2284 Dei.

353 2320 424 2376 Et
446 2321 792 2392 videant,‘qui
827 2323 1051 2377 oderunt
1082 2338 1184 2384 me,
1212 2331 1261 2376 et
1284 2322 1700 2393 confunduntur,
1725 2341 1858 2394 quo-

283 2417 430 2470 niam
458 2424 538 2482 lu,
570 2415 813 2482 Domine,
848 2414 1104 2485 adjuvisti
1136 2433 1234 2482 me,
1261 2425 1311 2471 et
1337 2416 1642 2472 consolatus
1664 2433 1721 2472 es
1756 2432 1854 2471 me.

2034 2326 2140 2379 Kal
2176 2322 2468 2378 ιδέτωσαν
2487 2319 2892 2390 οἱμισοῦντές
2920 2336 3018 2405 με.
3077 2318 3175 2374 καὶ
3215 2319 3549 2390 αἰσχυνθή-

1960 2432 2184 2478 τωσαν,
2222 2413 2435 2480 ὅτισὺ,
2469 2413 2666 2481 Κύριε,
2705 2409 3044 2479 ἐϐοήθησάς
3098 2428 3222 2481 μοι,
3277 2408 3377 2464 καὶ
3433 2427 3547 2464 πα-

284 2503 432 2561 Ordo
459 2506 519 2560 ﬁt
556 2521 654 2575 per
689 2505 1031 2576 hyperbaton
1073 2524 1086 2561 :
1118 2505 1191 2560 Et
1227 2506 1448 2561 videant
1492 2507 1586 2576 qui
1618 2507 1856 2562 oderunt

1963 2506 2299 2576 ρέκαλεσάς
2323 2522 2421 2577 με.
2477 2504 2616 2559 Καθ’
2667 2503 2976 2574 ὑπερϐατὸν
3012 2506 3046 2574 ἡ
3113 2501 3387 2567 σύνταξις.
3434 2503 3547 2557 Καὶ

283 2610 392 2660 me,
415 2595 560 2665 quod
587 2602 671 2661 tu,
699 2593 953 2661 Domine,
971 2593 1225 2661 adjuvisti
1245 2610 1352 2660 me,
1379 2604 1432 2650 et
1458 2596 1772 2651 consolatus
1796 2610 1856 2650 cs

283 2700 399 2752 me;
436 2692 491 2740 et
528 2683 858 2740 erubescant
884 2684 962 2737 illi
1005 2692 1169 2754 atque
1211 2685 1613 2741 confundantur
1637 2725 1653 2753 ,
1685 2684 1859 2740 veluti

289 2777 489 2833 devicti
527 2791 592 2831 ac
623 2775 896 2846 superati.
945 2775 1037 2848 (Et
1082 2776 1385 2833 secundum
1435 2776 1584 2832 hunc
1636 2790 1861 2833 sensum

283 2868 574 2942 legendum
622 2876 750 2926 est:
781 2868 938 2936 Quod
982 2881 1067 2936 ιιι,
1122 2867 1372 2937 Domine,
1424 2885 1535 2926 non
1573 2869 1860 2940 quoniam.

287 2961 465 3016 Dictio
492 2960 638 3017 enim
668 2960 884 3027 Graca,
909 2960 1012 3028 ὅτι,
1040 2969 1334 3032 utramque
1359 2969 1540 3033 potest
1564 2960 1859 3017 lectionem

285 3052 580 3126 recipere.)

648 3143 815 3202 Filii:
845 3147 978 3204 Core
1017 3148 1255 3216 psalmus
1283 3148 1503 3204 cantici.

745 3222 1065 3297 PSALMUS
1104 3238 1388 3295 Lxxxvr.

357 3331 434 3388 De
485 3331 612 3388 liliis
643 3318 783 3388 Core
809 3331 866 3386 in
897 3332 1168 3401 prooemio
1197 3331 1383 3402 operis
1417 3332 1627 3388 dictum
1660 3339 1765 3389 est.
1792 3332 1855 3388 In

280 3423 387 3479 hoc
413 3429 593 3478 autem
626 3422 837 3492 psalmo
868 3428 923 3477 ct
975 3422 1178 3477 Christi
1214 3422 1495 3487 nativitas,
1527 3430 1583 3478 et
1614 3421 1861 3493 gentium

282 3515 435 3572 salus
463 3522 650 3585 aperte
682 3512 1024 3583 praedicitur.

352 3606 520 3661 Vens.
552 3605 610 3660 Ξ.
653 3604 1029 3660 Fundamenta
1070 3604 1182 3672 ejus
1234 3604 1287 3657 in
1340 3605 1602 3659 montibus
1641 3606 1859 3660 sanctis.

279 3697 582 3766 Cuiusnam
635 3696 796 3765 eius?
833 3697 1036 3751 Christi
1068 3697 1325 3751 nimirum
1364 3714 1381 3752 :
1415 3706 1581 3766 atque
1616 3698 1719 3752 hoc
1739 3711 1858 3751 ma-

282 3789 543 3846 nifestius
586 3790 644 3843 lit
667 3803 734 3842 ex
778 3788 965 3843 verbis
996 3789 1106 3843 illis
1136 3827 1152 3853 ,
1208 3804 1330 3858 quae
1375 3789 1539 3858 paulo
1591 3795 1718 3859 po‘st
1774 3804 1863 3844 se-

282 3890 531 3953 quuntur
564 3898 577 3935 :
614 3879 791 3936 Mater
822 3880 951 3935 Sion
972 3922 986 3946 ,
1014 3881 1148 3936 dicet
1174 3880 1327 3936 homo
1355 3923 1369 3945 ,
1416 3890 1465 3934 et
1517 3880 1670 3935 homo
1702 3890 1860 3935 natus

283 3984 363 4030 est
384 3976 439 4029 in
469 3990 551 4040 ea,
582 3982 630 4029 et
650 3973 762 4044 ipse
784 3971 1022 4042 fundavit
1057 3991 1172 4029 eain
1205 3975 1258 4027 in
1312 3974 1590 4029 sa'culum.
1644 3971 1863 4028 Funda-

287 4075 473 4123 menta
497 4076 680 4123 autetn
711 4064 961 4130 Christi,
1001 4066 1255 4137 dogmata
1298 4066 1395 4125 illa
1422 4075 1589 4133 sunt,
1634 4082 1757 4136 qua:
1794 4065 1863 4120 de

285 4159 510 4215 Christo
543 4159 863 4215 traduntur.
886 4156 1013 4215 Haec
1034 4161 1235 4215 etenim
1264 4159 1516 4231 dogmata
1533 4158 1693 4215 bases
1714 4173 1864 4229 quae-

286 4248 411 4305 dam
445 4258 594 4315 sunt,
620 4263 720 4304 seu
752 4244 971 4305 radices
996 4249 1118 4305 ﬁdei
1155 4250 1505 4306 Christianas.
1540 4249 1665 4306 Haec
1696 4251 1863 4320 igitur

283 4340 613 4398 Christianae
645 4340 770 4397 ﬁdei
796 4338 1318 4412 fundamentajacta
1363 4352 1489 4397 sunt
1538 4342 1593 4396 in
1636 4348 1863 4410 aposto-

280 4432 380 4498 lis,
409 4447 549 4502 quos
576 4430 847 4502 Propheta
883 4432 991 4488 hoc
1014 4431 1141 4487 loco
1164 4439 1388 4488 sanctos
1420 4439 1633 4486 montes
1680 4431 1866 4503 appel-

1881 3188 1934 3245 ιϐ

1962 2603 2222 2656 ίδέτωσαν
2259 2599 2308 2652 οἱ
2343 2595 2630 2669 μισοῦντές
2674 2613 2765 2665 με,
2792 2597 2881 2651 ,ὅτι
2915 2599 3000 2662 σὺ,
3048 2596 3246 2665 Κύριε,
3309 2593 3546 2666 ἐϐοήθη-

1964 2692 2065 2754 σὰς
2095 2709 2185 2760 μοι
2211 2690 2307 2745 καὶ
2338 2689 2821 2760 παρεκάλεσάςθμε
2845 2703 2860 2720 ο
2916 2688 3012 2742 καὶ
3068 2687 3541 2760 αἰσχυνθήτωσαν,

1959 2786 2036 2848 ὡς
2066 2785 2393 2854 ἡττώμενοι.
2439 2778 2794 2851 Παράκλησιν
2833 2778 2891 2834 δὲ
2936 2778 3176 2834 ἐνταῦθα
3244 2778 3393 2850 λέγει
3445 2778 3545 2850 τὴν

1958 2873 2343 2947 ψυχαγωγίαν.

2268 3144 2396 3210 Τοῖς
2428 3141 2582 3207 υἱοῖς
2600 3140 2771 3210 Κορὲ,
2795 3138 3042 3208 ψαλμός
3067 3135 3251 3207 ᾠδῆς.

2518 3232 2815 3288 ΨΑΔΜΟΣ
2845 3228 2988 3300 ΗΕΓ.

2037 3325 2268 3397 Εἴρηται
2316 3321 2448 3415 περὶ
2493 3321 2704 3375 τούτων
2753 3324 2811 3376 ὲν
2864 3319 2944 3391 τῷ
2992 3317 3267 3392 προοιμίῳ
3319 3315 3417 3388 τῆς
3456 3314 3546 3415 et:

1967 3420 2114 3474 ϐλου.
2181 3409 2556 3489 Προαγορεύει
2610 3415 2669 3470 δὲ
2727 3416 2755 3468 ὁ
2802 3414 3019 3487 ψαλμδς
3057 3413 3175 3485 ,τὴν
3222 3411 3329 3483 πρὸ
3379 3409 3545 3464 αὐτοῦ

1965 3512 2217 3583 γέννησιν
2250 3510 2342 3564 καὶ
2370 3508 2469 3579 τὴν
2499 3507 2609 3561 τῶν
2638 3507 2808 3561 ἐθνῶν
2857 3505 3154 3576 σωτηρίαν.

2038 3604 2104 3656 οι
2136 3599 2395 3669 θεμέλιοι
2441 3596 2632 3652 αὐτοῦ
2667 3597 2739 3650 ἐν
2778 3596 2903 3662 τοῖς
2946 3594 3114 3664 ὄρεσι
3166 3593 3294 3659 τοῖς
3333 3592 3543 3662 ἁγίοις.

1965 3690 2165 3760 Αὑτοῦ,
2199 3691 2345 3752 τίνος
2384 3705 2399 3753 ;
2452 3687 2709 3758 Δηλονότι
2755 3686 2849 3741 τοῦ
2905 3683 3167 3757 Χριστοῦ.
3228 3685 3339 3738 Καὶ
3387 3681 3546 3737 τοῦτο

1965 3782 2244 3854 γνώριμον
2289 3781 2399 3836 ἀπὸ
2446 3780 2547 3850 τῆς
2582 3778 2782 3850 ἐφεξῆς
2822 3777 3145 3841 ἀκολουθίας
3170 3775 3300 3830 τοῦο
3333 3775 3541 3855 Μήτηρ

1965 3874 2145 3938 Σιὼν,
2196 3873 2323 3943 ἐρεῖ
2349 3873 2691 3943 ἄνθρωπος,
2743 3870 2843 3925 καὶ
2893 3870 3209 3938 ἅνθρωπος
3248 3866 3542 3938 ἐγεννήθη

1960 3966 2229 4035 κέν-αὐτῇ,
2268 3966 2368 4022 καὶ
2414 3966 2595 4032 αὐτὸς
2639 3963 3040 4034 ἐθεμελίωσεν
3084 3962 3281 4030 αὐτὴν
3319 3961 3406 4025 είς
3438 3958 3546 4011 τὸν

1966 4061 2174 4116 αἰῶνα.
2213 4057 2553 4131 Θεμὲλιοιδὲ
2595 4046 2694 4111 τοῦ
2746 4055 3011 4123 Χριστοῦ,
3063 4054 3133 4108 τὰ
3186 4052 3319 4123 περὶ
3374 4047 3542 4102 αὐτοῦ

1965 4151 2247 4221 δόγματαο
2277 4149 2450 4205 ταῦτα
2479 4149 2589 4220 γὰρ
2646 4146 2929 4216 ὑπόῦαοριι
2978 4143 3078 4199 καὶ
3136 4141 3265 4214 ῥίζα
3304 4140 3412 4207 τῆς
3463 4140 3547 4201 εἰς
3619 4138 3632 4162 ’

1964 4247 2201 4317 Χριστὸν
2248 4246 2504 4307 πίστεως.
2538 4234 2699 4296 Οὗτοι
2725 4235 2821 4294 οῦν
2853 4237 3095 4309 ϐεμέλιοί
3132 4239 3289 4298 εἰσιν,
3336 4234 3394 4286 ἐν
3430 4233 3546 4295 τοῖς

1966 4336 2288 4399 ἀποστόλοις
2362 4332 2839 4402 καταϐεϐλημένοι
2875 4348 2889 4362 ·
2946 4329 3168 4390 τούτους
3239 4327 3351 4397 γὰρ
3410 4323 3543 4392 ἂγια

1966 4428 2067 4498 ὅρη
2114 4427 2210 4481 νῦν
2249 4426 2541 4481 ἐκάλεσεν
2596 4425 2702 4494 ipsi
2743 4423 2863 4495 μὶν,
2914 4422 2996 4486 ὡς
3030 4420 3293 4493 στερροὺς
3329 4420 3410 4480 ei;
3450 4419 3544 4469 πί-

284 4525 383 4580 iat.
420 4523 633 4580 Montes
662 4523 884 4593 quidem
924 4523 1091 4578 veluti
1128 4521 1300 4580 fortes
1347 4538 1412 4581 ac
1451 4533 1772 4580 constantes
1804 4525 1859 4580 in

1969 4536 2109 4584 στιν,
2142 4520 2240 4573 καὶ
2294 4518 2371 4581 ὥς
2416 4516 2770 4587 ἐπηρμένους
2809 4515 2992 4583 πάσης
3029 4512 3240 4584 γεηρᾶς
3284 4512 3385 4565 καὶ
3412 4509 3544 4580 χθα-

288 4616 413 4683 ﬁde,
438 4624 493 4672 et
523 4624 783 4685 tanquam
813 4615 882 4671 ab
924 4615 1077 4670 omni
1122 4623 1348 4672 terreno
1432 4623 1601 4686 atque
1667 4615 1859 4671 humili

285 4714 431 4763 statu
461 4706 744 4771 elevatos;
781 4706 870 4763 vel
906 4706 1097 4773 etiam,
1128 4706 1258 4777 quia
1290 4706 1436 4762 sicut
1472 4705 1674 4764 terreni
1702 4721 1860 4762 mon-

286 4806 371 4853 tes
396 4794 741 4852 densissimis
767 4794 912 4865 pleni
943 4802 1074 4853 sunt
1100 4811 1390 4852 nemorum
1421 4796 1714 4852 arboribus
1738 4836 1752 4861 ,
1784 4797 1861 4851 ita

288 4898 343 4946 et
375 4888 453 4943 illi
486 4887 878 4956 multiplicibus
912 4887 1095 4944 referti
1130 4896 1260 4946 sunt
1290 4890 1553 4945 virtutum
1600 4888 1862 4960 germini—

286 4981 411 5036 bus.
447 4978 681 5035 Sanctus
718 4994 847 5035 vero
873 4981 1155 5048 apostolos
1195 4982 1434 5052 appellat
1459 5022 1473 5045 ,
1511 4991 1570 5035 nt
1596 4996 1740 5051 saepe
1770 4979 1859 5034 di-

286 5073 493 5141 ximus,
527 5072 691 5129 veluti
715 5072 1109 5129 sanetilicatos'
1159 5088 1225 5129 ac
1278 5074 1487 5130 dicatos
1554 5073 1707 5140 Deo,
1761 5088 1858 5128 seu

286 5174 547 5236 tanquam
581 5173 775 5222 sancto
804 5164 1016 5236 Spiritu
1056 5166 1269 5236 plenos.
1298 5166 1600 5224 Possumus
1648 5175 1706 5223 et
1748 5167 1861 5223 alio

286 5257 471 5322 modo,
489 5272 587 5329 per
602 5256 954 5313 fundamenta
970 5258 1201 5322 Christi,
1225 5259 1505 5329 apostolos
1520 5258 1857 5328 intelligere:

285 5347 637 5403 fundamenta
681 5348 899 5419 quidem
944 5349 1114 5405 veluti
1165 5350 1433 5421 principia
1477 5348 1855 5404 arditicationis

224 5472 227 5477 η
288 5437 542 5495 Ecclesia
563 5438 801 5495 fidelium
834 5457 850 5495 :
884 5448 940 5495 et
968 5440 1170 5495 Christi
1195 5440 1853 5510 fundamenta,quoniam

286 5531 356 5586 ab
386 5531 503 5600 ipso
534 5531 663 5600 lacti
698 5531 1104 5603 quodammodo
1136 5540 1299 5602 atque
1328 5532 1382 5585 in
1408 5546 1545 5601 opus
1592 5531 1855 5588 submissi

286 5627 435 5675 sunt.
468 5619 711 5675 Fuerunt
736 5631 914 5677 autem
947 5623 1001 5676 hi
1025 5623 1259 5691 apostoli
1293 5623 1347 5691 in
1388 5624 1668 5678 montibus
1724 5637 1857 5677 sano

287 5712 414 5771 etis.
441 5710 496 5764 in
531 5708 661 5764 Sion
693 5711 949 5765 nimirum
980 5690 1141 5781 atque
1176 5714 1230 5767 in
1271 5690 1509 5776 'i’lnhor,
1537 5724 1589 5769 et
1616 5716 1670 5769 in
1729 5714 1854 5770 aliis

281 5800 606 5870 montibus,
656 5802 751 5871 qui
796 5816 906 5873 prae
934 5805 1152 5889 .caeteris
1183 5805 1386 5862 Christi
1435 5808 1854 5866 conversatione

1968 4613 2148 4685 μαλῆς
2167 4612 2433 4676 πίστεως,
2465 4610 2559 4664 καὶ
2608 4610 2689 4672 ὡς
2740 4605 3205 4677 πεπυκνωμένους
3250 4606 3373 4667 ταῖς
3410 4603 3537 4671 ἀρε·

1964 4707 2118 4769 ταῖς·
2152 4704 2345 4773 ἁγίους
2388 4702 2469 4769 δὲ,
2519 4702 2597 4766 ὡς
2645 4700 3073 4771 ἀφωσιωμένους
3117 4695 3198 4757 τῷ
3244 4696 3389 4766 θεῷ,
3444 4695 3543 4747 καὶ

1965 4797 2041 4860 ὡς
2065 4796 2380 4866 Πνεύματος
2432 4794 2591 4862 ἁγίου
2644 4791 3131 4863 πεπληρωμένους.
3166 4790 3324 4842 Ἔστι
3360 4787 3417 4841 δὲ
3446 4785 3542 4840 καὶ

1964 4887 2141 4952 ἄλλως
2187 4888 2361 4941 εἰπεῖν
2402 4885 2692 4956 θεμελίους
2736 4884 2840 4938 τοῦ
2897 4882 3137 4954 Χριστοῦ
3175 4882 3373 4944 αὐτοὺς
3415 4879 3544 4943 τοὺς

1965 4978 2301 5044 ἀποστόλους
2325 4996 2337 5009 ·
2373 4979 2661 5049 Θεμελίους
2691 4979 2815 5049 μὲν,
2869 4978 2944 5042 ὼς
3006 4978 3182 5048 ἀρχὰ-ς
3236 4975 3332 5030 καὶ
3392 4973 3543 5044 πρώ-

1963 5090 2088 5135 τους
2141 5075 2241 5143 τῆς
2295 5071 2584 5142 οἰκοδομῆς
2639 5074 2738 5143 τῆς
2793 5070 3118 5140 Ἐκκλησίας
3157 5068 3264 5123 τῶν
3296 5068 3539 5121 πιστῶν

1961 5163 2058 5217 τοῦ
2090 5162 2332 5235 Χριστοῦ
2379 5164 2457 5230 δὲ,
2500 5162 2578 5228 ὡς
2624 5162 2769 5234 παρ’
2814 5162 2983 5218 αὑτοῦ
3033 5160 3537 5230 ὑποΰεόλημένους·

1962 5257 2158 5321 οἵτινες
2195 5252 2335 5329 ἦσαν
2395 5256 2457 5311 ἐν
2497 5258 2613 5319 τοῖς
2663 5257 2812 5325 ὄρεσι
2855 5256 2969 5318 τοὶς
3029 5252 3243 5320 ἁγίοις,
3283 5253 3403 5323 ἤτοι
3462 5248 3541 5320 τῷ

1963 5348 2101 5402 Σιὼν
2133 5348 2226 5404 καὶ
2258 5347 2481 5420 Θαϐὼρ,
2534 5350 2628 5402 καὶ
2652 5348 2764 5411 τοῖς
2792 5346 2973 5411 ἄλλοις
3006 5344 3165 5400 ἅτινα
3196 5344 3543 5420 ἠγιᾶσῠησαν

1966 5441 2202 5511 μάλιστα
2258 5443 2326 5513 τῇ
2390 5418 2447 5494 ὲν
2504 5441 2689 5504 αὐτοῖς
2756 5440 3070 5511 ἀναστροφῇ
3132 5437 3227 5492 τοῦ
3276 5418 3537 5509 Χριστοῦ.

1960 5532 2095 5586 Φασὶ
2147 5531 2372 5595 δέτινες
2401 5529 2686 5601 θεμελίους
2715 5530 2954 5586 νοεῖσθαι
2999 5530 3091 5583 τοῦ
3140 5528 3380 5599 Χριστοῦ
3437 5527 3540 5591 τὰς

1962 5626 2090 5696 περὶ
2144 5622 2383 5696 Χριστοῦ
2423 5625 2758 5697 προρρήσεις
2808 5622 2917 5676 τῶν
2950 5621 3177 5687 πιστῶν,
3237 5621 3312 5687 ὡς
3360 5623 3538 5692 ἀρχὰς

1958 5720 2056 5788 τῆς
2075 5718 2214 5787 κατὰ
2250 5717 2483 5787 Χριστὸν
2526 5716 2786 5779 πίστεως.
2818 5716 2964 5786 Ὀρη
3019 5716 3129 5787 γὰρ
3163 5715 3293 5785 ἅγια
3339 5716 3436 5771 καὶ
3483 5715 3535 5767 oi

1960 5808 2260 5883 προφῆται,
2304 5807 2408 5863 διὰ
2453 5806 2514 5862 τὸ
2571 5806 2702 5877 ὕψος
2762 5805 2860 5877 τῆς
2904 5806 3244 5879 προφητείας
3290 5804 3387 5861 καὶ
3442 5805 3535 5861 τὸν
