4088 6412
391 345 506 410 885

1535 355 1742 414 COMM
1755 356 1924 418 ENT.
1979 358 2001 418 Ι
2012 358 2062 417 Ν

2127 360 2486 421 PSALMOS.
3569 366 3686 428 356i

395 464 670 534 ἁγιασμδν
721 464 813 518 τοῦ
871 467 1214 538 προφητικοῦ
1288 468 1622 537 πνεύματος,
1693 471 1981 541 δηλοῦντος

2092 475 2399 531 sanctiores
2429 477 2608 532 effecti
2641 494 2760 532 esse
2796 479 3075 534 videntur.
3111 477 3289 546 Aliqui
3317 477 3674 532 fundamenta

395 557 491 610 τοῦ
526 558 819 627 νοήματος,
861 560 942 612 ὅτι
973 560 1143 630 ἁρχαὶ
1175 563 1276 631 τῆς
1303 563 1446 614 κατὰ
1473 563 1710 632 Χριστὸν
1757 565 1993 628 πίστεως

397 649 458 701 ὲν
479 651 593 712 τοῖς
624 651 934 721 προφήταις
973 646 1136 721 ἦσαν.

397 758 505 796 non
545 745 821 800 immerito
861 747 1138 815 prophetae
1168 749 1276 802 diei
1313 758 1566 819 possunt,
1597 760 1822 820 propter
1892 751 2198 820 prophetiae
2274 753 2710 821 sublimitatem,

2102 567 2304 623 Christi
2339 571 2655 640 prophetias
2690 571 2756 625 dc
2795 572 3015 626 Christo
3047 571 3378 641 intelligunt,
3413 580 3673 637 tanquam

2093 659 2422 716 Christianae
2456 662 2578 716 fidei
2637 664 2928 735 principia.
2979 665 3192 718 Montes
3245 665 3449 720 etenim
3497 666 3674 720 sancti

2794 766 2847 812 et
2894 767 3116 829 propter
3186 756 3676 812 sanctiﬁcationem

399 836 571 890 sancti
606 835 845 906 Spiritus
871 879 885 903 ,
941 839 1017 891 ita
1053 847 1111 893 ut
1152 856 1350 897 sensus
1386 844 1492 906 sit,
1532 843 1679 912 quod
1710 844 1977 914 principia
2021 847 2144 902 ﬁdei
2170 851 2501 906 Christiance
2531 853 2643 906 sint
2671 854 2724 908 in
2760 856 3066 924 prophetis.

483 929 709 999 Ἀγαπᾷ
747 933 966 1000 Κύριος
1010 934 1116 1000 τὰς
1143 936 1340 1000 πύλας
1375 935 1526 995 Σιὼν
1575 936 1730 1006 ὑπὲρ
1789 939 1988 994 πάντα

399 1021 471 1074 τὰ
523 1023 888 1088 σκηνώματα
935 1023 1163 1080 Ἰακώϐ.
1233 1027 1504 1092 Ἐδίδαξεν
1551 1030 1696 1098 ἡμᾶς
1737 1030 1764 1082 ό
1813 1030 1990 1099 μέγας

399 1110 614 1173 Παῦλος
665 1107 808 1166 εἷναί
856 1131 978 1168 τινα
1024 1116 1164 1169 Σιὼν
1217 1119 1564 1186 ἐπουράνιον,
1629 1121 1722 1173 καὶ
1782 1121 1984 1192 Ἰερου-

400 1201 582 1272 σαλὴμ
622 1203 967 1272 ἐπουράνιον,
1009 1206 1108 1278 τὴν
1143 1211 1200 1261 ὲν
1253 1209 1468 1279 οὐρανῷ
1515 1211 1790 1264 πολιτείαν
1837 1212 1982 1265 οὕτω

397 1295 656 1357 καλέσας.
693 1296 908 1364 Ταύτης
937 1298 1028 1352 οὖν
1063 1303 1162 1371 τῆς
1217 1301 1355 1354 Σιὼν
1405 1302 1580 1368 πύλας
1615 1306 1833 1372 νοήσεις
1885 1305 1984 1369 τὲς

401 1386 540 1438 κατὰ
571 1387 738 1440 τόπον
777 1389 1124 1459 Ἐκκλησίας.
1161 1393 1235 1454 ὡς
1268 1395 1573 1464 είρήκαμεν
1622 1397 1679 1447 ἐν
1732 1397 1808 1468 τῷ
1836 1396 1983 1450 τέλει

397 1479 494 1531 τοῦ
517 1479 595 1549 οβ’
627 1481 842 1552 ψαλμοῦ
865 1497 878 1511 ⁸
904 1482 971 1547 ἃς
999 1485 1192 1553 ἀγαπᾷ
1236 1484 1462 1557 Κύριος,
1508 1490 1852 1558 προτιμήσας
1888 1507 1988 1542 παι

399 1569 511 1622 σῶν
542 1571 649 1624 τῶν
681 1571 889 1626 πόλεων
912 1573 1005 1627 τοῦ
1047 1576 1444 1648 Ἰσραηλιτικοῦ
1498 1581 1710 1648 γένους.
1765 1581 1986 1652 Σκηνώ-

401 1679 550 1732 ματα
581 1663 690 1734 γὰρ
715 1665 771 1719 αἱ
798 1667 1004 1734 πόλεις,
1039 1667 1071 1739 ἢ
1109 1671 1204 1724 καὶ
1246 1670 1582 1741 σκηνώματα
1626 1675 1772 1737 ίδίως
1828 1675 1990 1728 καλεῖ

397 1755 500 1824 τήν
531 1773 588 1808 τε
639 1757 840 1827 Σηλὼμ
892 1760 987 1812 καὶ
1034 1761 1133 1830 τὴν
1186 1761 1458 1834 αἰσθητὴν
1513 1765 1894 1836 Ἰερουσαλὴμ,
1928 1768 1987 1819 ἐν

2165 942 2349 1012 Diligit
2389 944 2643 999 Dominus
2671 955 2855 1015 portas
2892 947 3023 1002 Sion
3077 963 3238 1016 super
3285 949 3465 1003 omnia
3497 949 3680 1002 taber-

2090 1035 2282 1087 nacula
2314 1033 2504 1092 Jacob.
2536 1036 2765 1107 Magnus
2798 1037 3005 1094 Paulus
3053 1055 3152 1092 nos
3207 1040 3397 1094 docuit
3439 1042 3482 1073 ³⁸
3507 1041 3679 1093 etule-

2087 1133 2222 1179 stem
2259 1129 2550 1196 quamdam
2588 1145 2710 1184 esse
2741 1131 2896 1194 Sion,
2957 1140 3010 1186 et
3046 1130 3341 1200 quamdam
3405 1147 3526 1186 esse
3557 1145 3682 1186 c0:-

2085 1221 2273 1274 lrstem
2307 1221 2632 1287 Jerusalem,
2666 1225 2769 1280 hoc
2807 1235 2964 1294 pacto
2998 1226 3480 1280 conversationem
3519 1227 3670 1279 illam

2081 1315 2416 1381 exprime-ns,
2447 1333 2568 1385 qua!
2615 1319 2668 1370 in
2704 1319 2848 1373 cmlo
2877 1330 2984 1374 est.
3021 1319 3132 1372 llac
3170 1319 3380 1372 ratione
3427 1334 3520 1387 per
3549 1333 3677 1387 por--

2082 1412 2163 1456 tas
2197 1401 2324 1456 Sion
2355 1443 2369 1468 ,
2410 1403 2688 1459 Ecclesias
2718 1422 2910 1458 omnes
2950 1406 3190 1460 ﬁdelium
3250 1406 3525 1476 intelliges
3557 1421 3678 1474 quae

2081 1495 2133 1547 in
2175 1495 2344 1550 variis
2381 1506 2509 1549 sunt
2541 1497 2689 1553 orbis
2723 1499 2966 1566 partibus
2991 1538 3004 1561 ,
3037 1507 3097 1552 ut
3155 1499 3399 1552 diximus
3461 1498 3515 1551 in
3573 1498 3680 1550 line

2079 1586 2275 1656 psalmi
2307 1602 2474 1642 Lxxtt.
2515 1587 2622 1642 Has
2655 1588 2856 1643 etenim
2891 1598 3080 1658 portas
3125 1590 3392 1644 Dominus
3452 1589 3627 1656 diligit
3657 1629 3672 1648 .

2081 1682 2135 1730 et
2168 1677 2442 1734 universis
2489 1677 2802 1733 Iudaeorum
2853 1679 3171 1734 civitatibus
3199 1695 3295 1735 eas
3344 1680 3667 1749 praeposuit.

2082 1767 2186 1822 Per
2221 1766 2574 1824 tabernacula
2632 1771 2778 1825 enim
2840 1770 2988 1841 ipsas
3050 1770 3361 1824 «ltldtl‘ﬂl‘lllll
3418 1772 3675 1826 civitates

396 1840 488 1909 αἷς
546 1849 856 1920 ἐσκήνωσεν
911 1854 945 1924 ἡ
1005 1853 1258 1920 κιϐωτὸς,
1299 1855 1374 1920 ὡς
1429 1856 1490 1911 ὲν
1538 1856 1615 1927 τῷ
1659 1855 1747 1922 ος·’
1779 1857 1981 1929 ψαλμῷ

2089 1861 2494 1931 intelligimus:
2542 1863 2625 1917 vel
2679 1840 2870 1932 ipsam
2916 1863 3321 1931 partienlariter
3371 1861 3526 1927 Silo,
3583 1873 3678 1916 aut

397 1944 746 2016 προείρηται.

469 2234 886 2306 Δεδοξασμένα
925 2239 1195 2310 ἐλαλήθη
1220 2243 1351 2310 περ)
1392 2241 1531 2303 σοῦ.
1584 2243 1622 2310 ἡ
1661 2244 1840 2309 πόλις
1874 2243 1984 2297 τοῦ

393 2325 567 2379 Θεοῦ.
615 2328 882 2392 Ἀκούσας
911 2332 939 2384 6
970 2333 1259 2403 προφήτης
1294 2335 1445 2404 παρὰ
1476 2334 1569 2388 τοῦ
1615 2333 1774 2403 ἁγίου
1810 2336 1980 2389 Πνεύ-

395 2436 590 2487 ματος,
623 2421 705 2474 ὅτι
730 2425 756 2475 6
788 2422 919 2486 Θεὸς
973 2425 1066 2478 ἐπὶ
1099 2427 1196 2496 τῆς
1244 2430 1608 2500 Ἰερουσαλὴμ
1656 2430 1979 2499 ὀφθήσεται.

391 2512 494 2564 καὶ
521 2514 632 2576 τοῖς
681 2515 995 2585 ἀνθρώποις
1035 2522 1644 2590 συναναστραφήσεται,
1690 2523 1786 2575 καὶ
1811 2523 1980 2594 ύπερι

390 2601 715 2671 εκπλαγεὶς,
766 2605 1036 2678 ἀνεϐόησε
1089 2609 1225 2680 πρὸς
1257 2612 1441 2671 αὑτὸν.
1487 2613 1834 2680 ὃτιᾏίεγὰλα
1887 2614 1984 2668 καὶ

392 2692 688 2762 θαυμαστὰ
714 2697 952 2769 ἐλαλήθη
989 2716 1079 2768 μοι
1113 2702 1240 2772 περὶ
1273 2704 1391 2767 σοῦ,
1431 2697 1476 2757 ὦ
1507 2704 1662 2766 πόλις
1684 2704 1780 2757 τοῦ
1817 2704 1976 2759 Θεοῦ.

387 2783 557 2848 Πόλις
585 2785 640 2840 δὲ
669 2787 764 2840 τοῦ
792 2789 929 2842 Θεοῦ
959 2790 1124 2861 αὕτη,
1160 2795 1256 2846 καὶ
1283 2794 1358 2857 ὡς
1388 2795 1556 2848 πάλαι
1583 2796 1661 2862 τῷ
1692 2795 1812 2865 Θεῴ
1841 2796 1978 2848 rivat-

386 2875 633 2940 τεθεῖσα,
663 2879 755 2932 καὶ
800 2879 874 2942 ὡς
913 2879 1140 2953 ὕστερον
1197 2884 1275 2954 τῷ
1330 2885 1550 2955 Χριστῷ
1590 2886 1980 2959 ἀφορισθεῖσα,

388 2967 484 3021 διὰ
512 2969 578 3023 τὰ
601 2971 659 3025 ὲν
686 2971 825 3045 αὐτῇ
857 2973 1006 3044 πάοη
1033 2977 1127 3031 καὶ
1157 2976 1248 3032 τὸν
1275 2977 1445 3048 τάφον
1485 2976 1672 3035 alt-eti.

2088 1958 2404 2006 terrestrem
2427 1949 2758 2018 Jerusalem,
2785 1953 2838 2006 iu
2864 1955 3065 2021 quibus
3095 1955 3511 2009 tabernaculum
3544 1970 3672 2009 eum

2090 2054 2216 2094 area
2254 2041 2724 2108 commorabatur,
2757 2044 3219 2112 quemadmodum
3281 2044 3334 2098 in
3387 2053 3678 2115 septuage-

2087 2131 2228 2187 simo
2259 2133 2496 2202 septimo
2525 2135 2739 2203 psalmo
2766 2137 3115 2191 tradidimus.

2159 2243 2330 2299 Vsus.
2366 2246 2417 2299 5.
2452 2244 2704 2300 Gloriosa
2728 2246 2875 2300 dicta
2909 2257 3030 2301 sunt
3065 2248 3130 2300 de
3171 2256 3219 2301 te
3242 2289 3254 2313 ,
3311 2248 3500 2302 civitas
3559 2246 3676 2302 Dei.

2091 2337 2226 2391 Cum
2263 2336 2372 2404 jam
2405 2337 2655 2391 audisset
2690 2335 2964 2405 Propheta
2997 2353 3024 2390 a
3053 2348 3242 2391 saneto
3269 2335 3500 2406 Spiritu,
3530 2336 3674 2405 quod

2093 2428 2238 2484 Deus
2273 2428 2326 2482 in
2354 2427 2662 2484 Jerusalem
2694 2429 2960 2484 videndus
2993 2437 3133 2491 erat,
3169 2437 3220 2483 et
3255 2427 3401 2498 quod
3439 2443 3674 2482 conver-

2090 2528 2316 2574 saturus
2345 2528 2494 2574 esset
2515 2535 2637 2574 cum
2664 2519 3003 2581 hominibus,
3033 2529 3260 2587 stupore
3284 2519 3521 2588 quodam
3550 2532 3678 2572 eor-
3719 2565 3724 2570 .

2091 2624 2278 2686 reptus
2313 2630 2728 2684 conversusque
2765 2615 2830 2668 ad
2855 2615 3026 2682 ipsam
3056 2613 3361 2668 Jerusalem
3398 2612 3679 2676 clamavit,

2088 2701 2278 2757 dicens
2326 2721 2340 2756 :
2379 2703 2570 2774 Magna
2613 2714 2776 2772 atque
2823 2703 3147 2758 admiranda
3200 2703 3449 2770 quaedam
3516 2702 3693 2767 mihi,

2082 2807 2115 2845 ο
2140 2791 2229 2848 ι)ρὶ
2257 2795 2474 2858 civitas,
2505 2793 2571 2847 de
2615 2801 2668 2847 te
2701 2795 2845 2848 dicta
2868 2805 3016 2848 sunt.
3048 2793 3334 2850 Civitatem
3376 2802 3554 2849 autem
3584 2792 3681 2848 Dei

2084 2899 2204 2940 eam
2231 2885 2485 2956 appellat,
2521 2884 2647 2953 quia
2671 2885 2877 2953 jamdiu
2907 2885 3013 2938 Deo
3042 2885 3220 2937 fuerat
3242 2883 3444 2950 dicata,
3473 2893 3524 2938 et
3549 2885 3680 2952 quia

2089 2979 2272 3031 denuo
2328 2977 2433 3045 ipsi
2504 2977 2748 3037 Christo,
2825 2978 2928 3030 hoc
2964 2985 3070 3040 est,
3110 2976 3256 3031 illius
3319 2976 3564 3046 passioni
3627 2989 3694 3034 et.

2097 3067 2395 3141 sepultura:
2424 3077 2542 3122 erat
2572 3066 2827 3121 dicanda.

464 3183 913 3254 Mrnaatia'opar
955 3187 1144 3242 Ῥαὰϐ
1181 3188 1280 3242 καί
1331 3190 1696 3258 Βαϐυλῶνος
1732 3191 1858 3258 τοῖς
1902 3210 1981 3262 γι-

2170 3186 2341 3242 Vans.
2369 3186 2426 3240 ι.
2467 3186 2673 3240 Memor
2695 3203 2792 3240 ero
2821 3185 3029 3246 thaab.
3063 3195 3113 3239 et
3154 3185 3444 3256 Babylonis
3475 3201 3674 3255 cogno-

389 3273 707 3328 νώσκουσί
726 3293 825 3343 με.
883 3277 1170 3350 Προσὼπῳ
1216 3281 1315 3350 μὲν
1348 3281 1440 3334 τοῦ
1490 3283 1749 3352 Σωτῆρος
1810 3285 1983 3336 ἐκπε-

390 3362 644 3431 φώνηται
683 3359 837 3430 οὗτος
865 3369 893 3420 6
926 3367 1118 3436 λόγος·
1156 3373 1491 3441 προφητεύει
1536 3374 1592 3426 δὲ
1647 3377 1728 3425 ὅτι
1758 3375 1820 3426 ἐκ
1855 3375 1983 3426 πολ-

389 3456 505 3510 λῶν
527 3457 716 3524 ὲονῶν,
753 3460 846 3514 καὶ
898 3461 957 3524 ἐξ
1012 3463 1194 3516 αὐτῶν
1231 3465 1403 3534 δήπου
1461 3466 1566 3518 τῶν
1617 3465 1980 3518 δυσσεϐεστέ-

396 3554 598 3622 ρων,ή
668 3553 968 3624 Ἐκκλησία
1011 3558 1379 3628 συστήσεται·
1440 3560 1528 3611 διὰ
1588 3561 1687 3628 μὲν
1741 3559 1850 3628 γὰρ
1882 3560 1980 3630 τῆς

401 3636 578 3690 Ῥαὰϐ
638 3643 764 3706 τοὺς
815 3644 1160 3708 Χαναναίους
1217 3645 1476 3718 ᾐνίξατοο
1519 3650 1801 3702 Χαναναία
1872 3651 1980 3720 γὰρ

392 3727 566 3799 αὕτη·
616 3731 1039 3790 δυσσεϐέστατοι
1083 3737 1140 3790 δὲ
1194 3741 1286 3793 καὶ
1325 3741 1373 3792 oi
1430 3742 1730 3796 Χαναναῖοι
1787 3743 1882 3796 καὶ
1933 3744 1987 3796 οἱ

396 3820 761 3880 Βαϐυλώνιοι.
813 3822 949 3881 Εἶτα
993 3830 1289 3898 καταλέγει
1349 3837 1444 3886 καὶ
1499 3835 1633 3887 ἄλλα
1678 3836 1806 3906 ἔθνη
1872 3853 1984 3890 τοι-

350 3981 358 3987 .
393 3913 563 3968 αὕτα.
592 3916 702 3967 Καὶ
734 3917 1106 3985 γινώσκοντας
1134 3922 1235 3994 μὲν
1277 3924 1386 3996 γὰρ
1417 3924 1567 3993 λέγει
1600 3927 1726 3990 τοὺς
1761 3927 1984 3980 πιστεύ-

354 4021 636 4068 .σαντας·
689 4007 900 4063 ἔστιδὲ
943 4013 973 4064 6
1018 4011 1142 4078 νοῦς
1193 4015 1458 4080 τοιοῦτος,
1508 4017 1590 4070 ὃτι
1639 4017 1729 4087 Τῷ
1788 4023 1988 4090 συστή-

397 4112 536 4164 ματι
572 4095 678 4150 τῶν
721 4104 1151 4169 πιστευσάντων,
1185 4107 1407 4176 μνήμης
1446 4107 1665 4172 ἀξιώσω
1699 4110 1792 4164 καὶ
1823 4111 1986 4165 τούσ-

392 4188 479 4250 δε,
516 4191 610 4243 καὶ
637 4190 848 4258 τούσδε,
889 4195 1155 4262 τουτέστι,
1207 4201 1483 4269 φροντίσω
1535 4185 1631 4254 καὶ
1663 4203 1871 4268 αὐτῶν,
1904 4204 1981 4268 ὡς

392 4281 623 4337 πιστῶν.
659 4283 816 4349 Τινὲς
841 4286 899 4340 δὲ
941 4287 1111 4343 Ῥαὰϐ
1149 4292 1249 4361 τὴν
1301 4293 1564 4362 Ἀραϐίαν
1617 4296 1770 4364 φασί.

2087 3281 2354 3336 utentibus
2382 3296 2481 3335 me.
2515 3278 2836 3332 Etl'erendus
2864 3288 2947 3332 est
2977 3279 3064 3331 hic
3105 3293 3288 3332 sermo
3338 3295 3402 3332 ex
3467 3279 3676 3332 Christi

2089 3388 2342 3445 persona,
2368 3381 2421 3428 et
2453 3373 2721 3442 prtedieit,
2749 3372 2895 3440 quod
2939 3370 3185 3425 Ecclesia
3237 3386 3301 3424 ex
3352 3370 3678 3439 multiplici-

2089 3467 2192 3521 bus
2224 3474 2338 3518 erat
2369 3465 2617 3535 gentium
2656 3463 2976 3517 nationibus
3034 3462 3419 3532 congreganda
3443 3503 3457 3525 ,
3512 3470 3678 3530 atque

2091 3556 2197 3610 illis
2227 3555 2447 3624 quidem
2479 3553 2610 3607 olim
2643 3553 2846 3620 impiis.
2878 3550 2981 3605 Per
3035 3550 3226 3603 lthaab
3275 3551 3477 3603 etenim
3529 3548 3678 3603 Cha-

2087 3661 2314 3704 nanams
2355 3645 2996 3716 signiticaLCltananaea
3046 3645 3191 3698 enim
3240 3642 3418 3696 fuerat
3465 3641 3680 3696 lthaab.

2092 3740 2390 3795 Cbananmi
2417 3753 2550 3794 vero
2580 3739 2824 3792 omnium
2857 3737 3078 3790 fuerunt
3131 3735 3462 3805 impiissimi.
3499 3733 3678 3788 Simili

2094 3833 2258 3888 modo
2281 3842 2335 3886 et
2380 3822 2710 3900 Babylonii,
2758 3836 2812 3882 et
2841 3828 2960 3882 aliae
3011 3839 3204 3896 gentes
3231 3867 3245 3889 ,
3300 3840 3440 3895 quas
3489 3824 3681 3880 statim

2094 3932 2480 3981 connumerat.
2508 3921 2614 3976 Per
2652 3928 3049 3991 cognoscentes
3097 3927 3276 3972 autem
3331 3932 3391 3970 se
3420 3956 3435 3980 ,
3487 3917 3686 3971 ﬁdeles-

2094 4025 2259 4085 atque
2292 4015 2434 4068 inse
2463 4012 2746 4067 Christum
2797 4009 3090 4064 credentes
3140 4023 3335 4062 omnes
3395 4005 3678 4072 intelligit.

2093 4111 2151 4166 in
2175 4125 2235 4164 ea
2268 4109 2435 4178 igitur
2467 4105 2711 4160 lidelium
2741 4102 3192 4174 congregatione,
3225 4102 3317 4169 qui
3352 4101 3404 4152 in
3437 4113 3523 4152 me
3556 4113 3679 4152 crc-

2089 4204 2352 4266 diderint,
2388 4216 2487 4270 ego
2523 4212 2730 4253 memor
2749 4211 2854 4252 ero
2895 4195 3087 4249 Rbaab
3115 4235 3128 4255 ,
3157 4205 3212 4248 et
3239 4190 3534 4264 Babylonis
3568 4229 3583 4255 ,
3620 4197 3678 4242 et

2095 4297 2366 4357 aliorum,
2400 4293 2492 4363 qui
2544 4297 3056 4351 connumerantur,
3112 4287 3217 4340 hoe
3265 4293 3386 4346 est,
3427 4299 3531 4353 ego
3579 4297 3677 4336 eos

392 4376 661 4430 memoria
681 4379 883 4448 dignos
916 4380 1114 4436 factam
1137 4420 1153 4446 ,
1186 4384 1561 4456 praeelarmpre
1609 4403 1800 4441 eorum
1830 4387 1972 4442 facta
2014 4387 2272 4443 ﬁdelibus
2296 4388 2762 4442 eornmemorabo.
2786 4383 2908 4444 Vel,
2943 4398 3132 4437 curam
3194 4396 3385 4436 eorum
3446 4379 3679 4439 habebo.

392 4464 630 4523 Sollicito
657 4471 1000 4540 cogitauerit:
1028 4474 1096 4530 iis
1143 4483 1414 4547 tanquam
1444 4495 1544 4549 pro
1592 4479 1809 4536 dilectis
1852 4482 2125 4537 ﬁdelibus.
2155 4483 2337 4550 Aliqui
2374 4497 2467 4550 per
2509 4480 2703 4535 Rhaab
2736 4478 2996 4532 Arabiam
3028 4477 3362 4545 intelligunt.

467 4590 576 4645 Kal
632 4591 774 4646 σίόοὺ
833 4593 1200 4665 ἀλλόφυλοι,
1257 4601 1357 4655 καί
1423 4603 1624 4670 Τύρος,
1676 4603 1776 4657 καί
1830 4604 1981 4670 λαὸς

2162 4602 2295 4656 Ecce
2331 4603 2659 4672 alienigenw,
2697 4609 2746 4654 et
2776 4596 2966 4669 Tyrus,
2996 4606 3044 4650 et
3068 4596 3293 4665 populus
3327 4592 3674 4658 ZEt/tiopum,

391 4683 515 4738 τῶν
570 4686 880 4742 Αἰθιόπων.
949 4685 1127 4745 Οὗτοι
1189 4692 1609 4763 ἐγεννήθησαν
1666 4697 1808 4752 ἐκεῖ.
1874 4698 1986 4750 Καὶ

392 4773 705 4843 ἀλλόφυλοι,
757 4778 855 4831 xui
916 4779 1139 4849 Τύριοι,
1209 4783 1304 4835 καὶ
1344 4783 1620 4850 Αἰθίοπες,
1667 4788 1984 4859 ἐτάχθησαν

393 4868 534 4931 ἐκεῖ,
563 4867 742 4921 εῐτσυν
772 4871 831 4922 ὲν
857 4871 926 4940 τῇ
957 4869 1116 4939 Σιὼν,
1150 4873 1183 4944 ἢ
1211 4875 1268 4925 ἐν
1290 4877 1414 4940 ταῖς
1459 4878 1655 4942 πύλαις
1682 4881 1779 4949 τῆς
1816 4881 1977 4944 Σιὼν,

389 4960 470 5023 ὡς
512 4962 749 5032 εἴρηται,
786 4962 820 5035 ἢ
860 4966 918 5018 ἐν
947 4969 1063 5030 τοῖς
1094 4969 1425 5037 γινώσκουσι
1474 4972 1566 5026 τὸν
1597 4973 1731 5027 Θεόν
1759 4991 1772 5006 ·
1813 4976 1875 5027 τὸ
1898 4975 1977 5040 δὲ,

404 5049 882 5122 Ἐγεννήθησαν,
924 5057 1306 5128 Ἔτάχθησαν
1355 5062 1619 5128 ἐξέδωκεν
1655 5065 1684 5116 ὁ
1725 5066 1978 5128 Ἀκύλας.

405 5148 643 5216 Ὁμοίως
701 5151 757 5204 δὲ
809 5155 907 5207 καὶ
945 5153 974 5206 ὁ
1019 5155 1339 5226 Σύμμαχος.
1382 5158 1727 5230 Ἐτάχθησαν
1779 5162 1836 5214 δὲ
1891 5162 1978 5214 διὰ

391 5242 706 5311 γεννήσεως
752 5243 850 5297 τοῦ
899 5243 1047 5299 θείου
1101 5246 1500 5318 βαπτίσματος.
1557 5252 1878 5321 Περιττεύει
1921 5253 1978 5307 δὲ

389 5332 472 5398 τὸ,
515 5333 692 5399 Ἰδοὺ,
728 5335 872 5389 κατὰ
919 5338 979 5389 τὺ
1012 5337 1207 5408 ίδίωμα
1259 5344 1360 5410 τῆς
1404 5340 1686 5411 Ἐϐραῖδος
1715 5344 1973 5414 γραφῆς’

389 5422 489 5476 καὶ
514 5423 578 5478 τὺ
619 5421 786 5482 οὗτοι
809 5427 864 5481 δὲ
903 5428 1176 5497 παρέλκον
1205 5430 1370 5483 δοκεῖ.
1399 5431 1765 5485 Συντάσσεται
1797 5434 1852 5486 δὲ
1880 5434 1976 5487 καὶ

389 5513 596 5580 οὕτως·
628 5517 737 5573 Καὶ
771 5518 923 5583 ἰδοὺ,
953 5521 1075 5574 ἀντὶ
1101 5520 1217 5588 τοῦ,
1250 5522 1361 5575 Καὶ
1406 5522 1616 5589 λοιπδν,
1642 5519 1787 5578 οὗτοι
1816 5527 1972 5592 ἐγεν-

389 5605 638 5676 νήθησαν
668 5609 805 5666 ἐκεῖ.
837 5609 994 5675 Τίνες
1022 5604 1194 5679 οὗτος
1244 5613 1580 5684 Ἀλλὸφυλοι,
1633 5616 1729 5671 καὶ
1761 5615 1971 5684 Τύριοι,

492 5813 540 5849 ³⁸
562 5812 727 5872 Hebr.
759 5831 858 5884 xu,
891 5815 986 5869 22.

2085 4695 2140 4750 hi
2169 4697 2406 4765 generati
2429 4706 2551 4749 sunt
2582 4695 2714 4747 illic.
2760 4690 3093 4759 Alienigenre
3144 4687 3273 4759 Tyri
3303 4728 3317 4749 ,
3368 4694 3422 4740 et
3458 4683 3680 4739 Ethio-

2087 4801 2206 4858 pes.
2241 4787 2352 4840 nati
2382 4795 2513 4842 sunt
2548 4786 2601 4839 in
2635 4783 2792 4845 Sion,
2827 4783 2910 4836 vel
2948 4782 3003 4836 in
3044 4781 3220 4850 portis
3268 4778 3400 4833 Sion
3424 4819 3438 4842 ,
3485 4787 3544 4832 ut
3591 4777 3680 4830 di-

2085 4887 2233 4934 ctum
2267 4888 2350 4931 est
2377 4919 2391 4941 ,
2425 4879 2507 4934 vel
2551 4878 2602 4930 in
2633 4875 3100 4947 cognoscentibus
3131 4873 3325 4927 Deum.
3363 4870 3494 4923 Nam
3526 4869 3673 4939 quod

2086 4970 2225 5024 LXX
2250 4969 2935 5031 dixeruntGeneratisunt,
2969 4965 3360 5036 Symmachus,
3392 4970 3448 5016 et
3480 4960 3677 5027 Aquila

2085 5062 2464 5127 reddiderunt,
2493 5059 2629 5114 Nati
2655 5070 2802 5116 sunt.
2842 5059 2960 5114 Nati
2995 5065 3178 5111 autem
3208 5061 3357 5113 sunt,
3394 5066 3491 5120 per
3523 5051 3670 5104 sacri

2085 5155 2434 5224 baptismatis
2453 5153 2946 5224 regenerationem.
2975 5147 3235 5202 Abundat
3261 5153 3440 5197 autem
3477 5141 3674 5202 dictio,

2079 5265 2213 5312 ecce,
2260 5249 2417 5316 juxta
2460 5247 2662 5302 idioma
2716 5245 3072 5300 llebraicum.
3127 5240 3303 5295 Dictio
3333 5237 3522 5297 etiam,
3579 5235 3675 5296 hi,

2083 5343 2363 5398 abundare
2390 5342 2508 5412 pari
2550 5338 2982 5395 modo'videtur.
3018 5333 3169 5387 Ordo
3201 5340 3384 5385 tamen
3411 5327 3497 5380 hic
3549 5341 3673 5382 esse

2084 5448 2265 5506 potest
2300 5457 2312 5492 :
2348 5435 2486 5490 Ecce
2511 5435 2564 5488 hi
2593 5431 2835 5504 generati
2887 5433 3016 5483 sunt
3077 5427 3230 5489 illic;
3283 5428 3338 5475 et
3389 5421 3434 5476 si
3472 5419 3676 5487 quaeris

2082 5529 2306 5597 quinam
2340 5527 2451 5582 sint
2483 5525 2534 5579 hi
2571 5542 2585 5578 :
2624 5523 2775 5587 Ecce,
2811 5517 3013 5586 inquit,
3044 5515 3356 5584 alienigena:
3389 5520 3438 5564 et
3475 5509 3674 5581 Tyrus,

2080 5629 2133 5675 et
2167 5635 2288 5690 quae
2337 5625 2663 5690 sequuntur.
2720 5615 2793 5669 De
2845 5607 3172 5678 alienigenis
3221 5606 3429 5660 dictum
3482 5612 3567 5659 est
3617 5603 3678 5658 in
