4088 6452
404 407 511 471 887

1621 414 2008 476 EUTHYMII
2048 414 2377 477 ZIGABEN
2382 416 2410 475 Ι

3561 420 3667 482 εδει

403 527 618 594 psalmo
649 541 872 594 LXXXII;
905 529 989 584 ha:
1021 537 1205 584 autem
1239 540 1451 600 gentes,
1500 545 1624 600 quae
1651 531 1744 586 hic
1769 549 1980 588 connu-

2095 534 2183 588 καὶ
2210 535 2277 589 τὰ
2325 535 2474 604 ἑξῆς.
2507 535 2644 605 Περὶ
2679 534 2777 605 μὲν
2809 534 2902 588 οὖν
2934 534 3044 589 τῶν
3095 533 3414 603 ἀλλοφύλων
3467 536 3681 605 εἴρηται

406 631 710 685 merantur,
738 628 1059 676 eaeterarum
1095 621 1343 676 omnium
1377 662 1392 685 ,
1427 629 1488 677 ut
1535 623 1775 679 diximus
1806 666 1821 688 ,
1886 626 1987 679 im-

403 716 664 782 piissimae
690 726 868 771 erant.
904 714 959 769 Si
994 716 1161 785 igitur
1192 723 1301 769 tam
1337 716 1518 785 impia:
1546 727 1736 788 gentes
1766 720 1987 774 Christo

402 804 693 859 creditura:
721 815 890 872 sunt,
918 814 1126 875 quanto
1158 807 1330 879 magis
1391 823 1582 864 omnes
1634 810 1754 865 alia:
1802 811 1986 866 minus

403 898 580 963 impizc
611 900 773 951 etiam
805 900 854 954 ei
885 901 1116 955 credent
1144 901 1167 953 ί

358 982 361 987 ’
473 989 635 1044 Vens.
672 990 724 1044 5.
776 989 951 1045 Mater
996 991 1145 1055 Sion,
1183 991 1319 1046 dicet
1356 992 1531 1049 homo.
1582 995 1870 1052 Manifeste
1919 1012 1984 1050 ac

400 1082 581 1151 palam
628 1084 896 1151 "prasdieit,
931 1085 1076 1155 quod
1144 1100 1211 1140 ex
1260 1103 1591 1158 quacunque
1640 1100 1803 1158 gente
1859 1090 1984 1159 quis

400 1174 682 1243 ingressus
715 1176 881 1231 fuerit
914 1178 969 1232 in
994 1178 1124 1232 Sion
1147 1219 1161 1242 ,
1197 1180 1340 1235 dicet
1365 1219 1380 1243 ,
1427 1183 1572 1252 quod
1632 1183 1764 1238 Sion
1806 1192 1984 1238 mater

396 1277 505 1321 est.
530 1268 878 1338 Subiutelligi
904 1271 1047 1325 enim
1083 1269 1244 1327 debet
1275 1273 1442 1327 dictio
1467 1282 1566 1327 est.
1599 1272 1769 1330 Mater
1797 1284 1980 1329 autem

401 1354 524 1410 ideo
555 1358 861 1425 appellatur
912 1356 1070 1425 Sion,
1094 1361 1222 1431 quia
1253 1373 1561 1431 regenerat,
1605 1370 1665 1417 ut
1690 1363 1931 1419 diximus
1965 1383 1977 1417 :

395 1448 482 1500 vel
515 1448 642 1516 quia
668 1448 1110 1505 Christianorum
1138 1466 1201 1506 ac
1235 1453 1610 1523 spiritualium
1661 1456 1981 1525 dogmatum

399 1539 525 1591 eiho
555 1538 739 1594 ﬁdeles
767 1556 958 1597 omnes
995 1543 1159 1599 veluti
1199 1544 1286 1613 pia
1329 1553 1503 1600 mater
1530 1547 1646 1602 alit.
1686 1547 1781 1602 Vel
1807 1559 1983 1603 mater

400 1629 749 1698 appellatur,
809 1640 1072 1703 tanquam
1123 1635 1400 1691 amabilis.
1454 1637 1532 1692 Ea
1585 1640 1791 1694 ctenim
1842 1639 1980 1694 nihil

400 1722 625 1776 suavius
657 1762 670 1786 ,
698 1731 796 1778 aut
824 1726 1118 1781 amabilius
1152 1736 1254 1784 est.
1290 1727 1434 1784 Vere
1477 1731 1681 1800 quippe
1727 1733 1981 1787 amabilis

399 1822 485 1867 est
516 1811 755 1868 Ecclesia
788 1816 855 1872 iis
887 1818 977 1885 qui
1028 1819 1081 1872 in
1111 1834 1232 1874 eam
1266 1820 1675 1891 ingrediuntur,
1725 1838 1791 1877 eo
1834 1824 1980 1893 quod

2096 630 2153 680 ἐν
2184 626 2261 695 τῷ
2281 625 2369 697 πβ⁹
2398 626 2623 698 ψαλμῷ.
2656 627 2842 680 Πάντα
2868 627 2921 680 δὲ
2952 627 3019 681 τὰ
3042 626 3504 699 ἀπαριομηοέντα
3553 628 3679 699 ἔονη

2095 718 2438 789 ἁσεὸέστερα
2492 720 2587 772 καὶ
2629 716 3074 790 παρανομώτερα
3131 718 3240 773 τῶν
3295 718 3472 773 ἄλλων
3518 714 3697 789 ﬂuctv.—

2095 811 2157 864 Ei
2181 810 2238 864 δὲ
2267 811 2336 864 τὰ
2358 810 2585 865 τοιαῦτα
2640 811 2773 882 ἕονη
2815 811 3228 877 πιστεύσουσιν,
3265 811 3445 882 πολλῷ
3481 812 3684 882 μᾶλλον

2095 899 2305 954 eam.

2169 993 2378 1063 Μήτηρ
2428 995 2600 1067 Σιὼν,
2646 994 2771 1063 ἐρεῖ
2799 994 3134 1062 ἅνθρωπος.
3190 995 3535 1067 Προφήτεύςι
3577 1013 3679 1051 σα-

2093 1088 2233 1157 φῶς,
2263 1089 2345 1141 ὅτι
2394 1088 2683 1159 ἄνθρωπος
2713 1089 2779 1141 ὲκ
2818 1087 3017 1148 παντὸς
3063 1088 3275 1154 ἔθνους,
3312 1089 3392 1152 είς
3414 1087 3515 1159 τερ
3545 1088 3682 1143 Σιὼν

2093 1180 2287 1243 ἐλθὼν,
2329 1182 2466 1253 ἐρεῖ,
2523 1182 2608 1234 ὅτι
2641 1182 2829 1252 μήτηρ
2863 1181 3015 1236 ἐστὶν
3050 1182 3084 1253 ή
3136 1183 3302 1237 Σιών.
3332 1182 3525 1236 Λείπει
3574 1183 3684 1255 γὰρ

2091 1273 2153 1326 τὸ
2196 1272 2400 1327 Ἐστι·
2432 1275 2616 1344 μήτηρ
2666 1272 2723 1326 δέ
2768 1275 2940 1335 ἐστιν,
2986 1273 3061 1335 ὡς
3092 1274 3465 1342 ἀναγεννῶσα.
3500 1274 3686 1339 καθὼς

2093 1364 2352 1433 ἀνωτέρω
2384 1364 2729 1434 διελάΰομεν,
2761 1366 2857 1418 καὶ
2888 1365 2965 1429 ὡς
3001 1367 3344 1435 ἐκτρέφουσα
3387 1368 3499 1429 τοῖς
3553 1368 3684 1434 περὶ

2090 1456 2333 1529 Χριστοῦ
2385 1458 2682 1527 δόγμασιν·
2745 1458 2777 1529 ἢ
2838 1458 3026 1530 μήτηρ
3074 1459 3262 1521 πάλιν,
3306 1461 3382 1523 ὡς
3417 1459 3679 1530 ποθεινή·

2095 1549 2305 1620 μητρὸς
2344 1550 2453 1620 γὰρ
2504 1548 2659 1603 οὐδὲν
2717 1548 3127 1619 ποθεινότερον·
3169 1547 3393 1620 ποθεινὴ
3434 1548 3544 1620 γὰρ
3598 1549 3685 1603 ὃν·

2090 1661 2199 1706 τως
2227 1646 2342 1706 τοῖς
2370 1644 2450 1706 είς
2472 1641 2643 1713 αὐτὴν
2676 1642 2995 1713 ἐρχομένοις
3040 1642 3180 1707 ἐστὶ,
3222 1641 3312 1696 διὰ
3348 1643 3410 1696 τὸ
3450 1644 3505 1697 ὲν
3542 1643 3681 1713 αὐτῇ

2092 1735 2473 1805 πολιτευθῆναι
2532 1733 2674 1788 κατὰ
2721 1735 2901 1805 σάρκα
2950 1733 3041 1787 τὸν
3094 1735 3371 1806 Δεσπότην
3422 1735 3682 1805 Χριστὸν,

2094 1829 2185 1882 καὶ
2222 1826 2448 1896 ἁγιάσαι
2476 1826 2598 1890 τοὺς
2631 1826 2828 1889 τόπους
2862 1826 2959 1897 τῆς
2985 1827 3334 1898 ἀναστροφῆς
3371 1827 3556 1882 αὐτοῦ.

399 1901 471 1957 ibi
498 1914 861 1963 conversatus
891 1916 976 1964 est
999 1910 1301 1965 secundum
1336 1926 1559 1966 carnem
1586 1911 1845 1969 Christus
1882 1913 1985 1968 Do-
2023 1901 2064 1954 Β

400 1997 607 2060 minus,
639 2000 734 2068 qui
766 1999 949 2054 locum
978 2002 1422 2058 conversationis
1446 2018 1559 2058 suae
1592 2004 1984 2059 sanctiﬁcavit.
3694 2003 3701 2046 ί

475 2094 545 2149 Et
574 2096 727 2150 homo
759 2107 919 2152 natus
947 2109 1022 2153 est
1054 2100 1106 2153 in
1139 2116 1221 2155 ea.
1254 2098 1371 2154 Hoc
1398 2101 1463 2154 ad
1495 2100 1701 2156 Christi
1748 2117 1985 2169 genera-

2168 2094 2277 2146 Καὶ
2315 2093 2631 2161 ἅνθρωπος
2687 2093 2985 2184 ἐγεννῄθη
3035 2093 3106 2147 ἐν
3134 2092 3313 2162 αὐτῇ.
3340 2092 3514 2148 Τοῦτο
3555 2094 3687 2165 περὶ

400 2185 604 2242 tionem
637 2189 937 2258 pertinent,
965 2191 1057 2260 qui
1090 2191 1232 2246 intra
1264 2191 1522 2246 Ecclesiae
1541 2192 1809 2248 terminos
1827 2202 1987 2247 natus

2096 2186 2194 2255 τῆς
2225 2185 2319 2238 τοῦ
2352 2184 2594 2255 Χριστοῦ
2626 2187 2957 2255 γεννήσεως,
2993 2185 3076 2239 ὅτι
3100 2185 3155 2241 ὲν
3175 2189 3287 2249 τοῖς
3313 2185 3484 2257 ὁρίοις
3514 2187 3687 2258 αὐτῆς

399 2286 484 2333 est
520 2295 533 2332 :
563 2278 839 2348 Christus,
878 2282 1127 2351 inquam,
1155 2282 1247 2353 qui
1274 2297 1434 2338 verus
1463 2284 1626 2338 homo
1655 2284 1777 2350 fuit,
1806 2286 1876 2341 ὀι
1895 2286 1987 2354 qui

2095 2276 2361 2347 ἐγεννήθη
2388 2276 2680 2347 ἄνθρωπος
2724 2277 2917 2340 ὅντως,
2955 2276 3031 2340 ὡς
3081 2276 3326 2346 φυλάξας
3361 2277 3423 2331 τὸ
3462 2277 3685 2348 ἀξίωμα

402 2372 669 2444 integram
704 2366 1061 2431 humanitatis
1089 2375 1410 2446 dignitatem
1449 2376 1690 2431 servavit
1726 2393 1740 2430 :
1794 2392 1985 2432 verum

2095 2368 2194 2437 τῆς
2229 2368 2674 2439 ἀνθρωπότητος.
2715 2367 2836 2422 Ἵνα
2875 2367 2932 2421 δὲ
2986 2368 3136 2441 δείξῃ
3169 2370 3253 2423 ὅτι
3300 2370 3401 2423 οὐκ
3429 2367 3497 2440 ἦν
3527 2370 3686 2441 ψιλὸς

403 2478 473 2517 ne
500 2463 711 2517 nudum
747 2464 1022 2522 hominem
1049 2474 1299 2535 putares,
1327 2465 1424 2520 sed
1459 2463 1631 2521 Deum
1675 2465 1881 2535 pariter
1935 2477 1987 2521 et

2095 2460 2402 2532 ἅνθρωπος,
2445 2460 2562 2515 ἀλλ’
2601 2462 2892 2532 ἄνθρωπος
2920 2462 3058 2533 ὁμοῦ
3095 2463 3186 2518 καὶ
3217 2462 3369 2531 Θεὸς,
3408 2465 3679 2535 ἐπήγαγε·

402 2554 681 2610 hominem
710 2570 1090 2625 cognosceres,
1121 2555 1327 2611 addidit
1364 2572 1376 2608 :

476 2645 543 2699 Et
568 2647 679 2713 ipse
705 2646 945 2715 [undavit
975 2664 1089 2702 eam
1123 2649 1450 2704 Altissimus.
1485 2648 1551 2703 Et
1596 2651 1684 2705 ille
1709 2692 1722 2715 ,
1762 2652 1937 2722 inquit
1969 2693 1984 2718 ,

2161 2644 2273 2697 Kal
2316 2641 2501 2708 αὐτὸς
2551 2641 2951 2710 ἐθεμελίωσεν
3014 2643 3212 2710 αὐτὴν
3254 2647 3286 2699 ό
3354 2645 3678 2715 ”Υψιστος.

340 2762 345 2765 -
398 2739 493 2808 qui
529 2740 581 2792 in
608 2753 670 2794 ea
702 2749 869 2794 natus
901 2750 1004 2804 est,
1050 2749 1110 2794 ut
1141 2742 1351 2805 homo,’
1380 2743 1522 2796 idem
1579 2744 1670 2798 ille
1704 2745 1771 2799 ab
1824 2746 1984 2801 initio

2095 2729 2203 2784 Καὶ
2230 2729 2395 2791 αὐτὸς
2424 2729 2452 2782 ὁ
2477 2732 2536 2784 ἐν
2558 2731 2695 2800 αὐτῇ
2731 2731 3014 2802 γεννηθεὶς
3035 2732 3109 2797 ὡς
3144 2734 3453 2805 ἄνθρωπος,
3491 2737 3678 2802 αὐτὸς,

399 2846 521 2886 eam
556 2832 827 2898 fundavit,
866 2834 1029 2887 veluti
1065 2842 1224 2888 terra:
1251 2849 1314 2889 ac
1341 2836 1467 2891 coeli
1496 2845 1737 2900 creator,
1785 2837 1877 2906 qui
1910 2839 1987 2892 al-

398 2924 652 2981 tissimus
681 2933 786 2990 est,
815 2934 1076 2995 tanquam
1104 2926 1268 2982 Deus.

476 3015 639 3073 Vens.
656 3018 712 3072 6.
738 3018 996 3073 Dominus
1016 3021 1257 3074 narrabit
1281 3022 1332 3075 in
1358 3023 1624 3092 scriptura
1642 3027 1981 3094 populorum,

396 3118 444 3162 et
479 3110 775 3177 principum
803 3109 1011 3178 horum,
1043 3112 1131 3180 qui
1157 3113 1393 3182 generati
1426 3122 1551 3167 sunt
1586 3115 1640 3168 in
1669 3131 1753 3169 ea.
1782 3116 1827 3168 A
1856 3130 1984 3185 pro-

2091 2822 2278 2890 φησιν,
2315 2820 2680 2891 ἐθεμελίωσεν
2711 2822 2882 2894 αὐτὴν
2939 2824 3064 2877 κατ’
3104 2826 3302 2896 ἀρχὰς,
3337 2827 3413 2892 ὡς
3454 2831 3683 2901 ποιητὴς

2089 2911 2324 2982 ούρανοῦ
2361 2913 2611 2984 καΐγῆς,
2645 2914 2674 2965 ὁ
2706 2912 2784 2967 ὢν
2816 2914 3063 2985 ὕψιστος,
3103 2916 3178 2981 ὡς
3204 2917 3363 2981 Θεὸς.

2158 3006 2373 3075 Κύριος
2393 3007 2745 3076 διηγήσεται
2770 3008 2841 3062 ἐν
2856 3006 3056 3078 τραφῇ
3070 3007 3238 3063 λαῶν
3258 3011 3352 3064 καί
3373 3010 3683 3079 ἀρχόντων

2088 3100 2545 3172 γεγεννημένων
2596 3101 2667 3155 ἐν
2712 3102 2891 3172 αὐτῇ.
2959 3103 3020 3156 Ὁ
3079 3104 3318 3173 Χριστὸς
3361 3091 3566 3173 διδάξει
3613 3108 3681 3161 τὰ

396 3204 686 3271 phetarum
717 3202 1024 3273 Scripturis
1054 3204 1311 3259 Christus
1351 3207 1536 3260 onmia
1569 3206 1830 3272 docebit,
1858 3181 1987 3276 quae

2095 3193 2227 3264 περὶ
2284 3193 2510 3257 ἑαυτοῦ,
2546 3194 2655 3247 ἀπὸ
2685 3195 2787 3266 τῆς
2817 3195 3064 3266 Γραφῆς,
3098 3195 3301 3267 δηλαδὴ
3334 3197 3435 3266 τῆς
3466 3213 3681 3267 προφη-

395 3292 463 3346 ad
496 3309 562 3348 se
585 3294 842 3363 pertinet.
874 3294 963 3348 Ait
995 3295 1139 3351 enim
1169 3294 1389 3373 Lucas‘:
1428 3294 1493 3349 Et
1533 3297 1764 3351 traditus
1814 3307 1890 3351 est
1933 3297 1987 3352 ei

398 3385 528 3439 liber
559 3383 723 3439 Isairc
752 3386 1020 3455 propheta:
1042 3425 1055 3451 ,
1097 3395 1147 3441 et
1192 3386 1454 3456 explicato
1480 3387 1614 3442 libro
1635 3430 1650 3455 ,
1684 3390 1880 3443 irwenit
1910 3390 1987 3443 lo-

395 3489 540 3538 cum,
577 3474 664 3528 ubi
695 3476 952 3543 scriptum
977 3485 1091 3529 erat
1123 3491 1143 3530 :
1177 3475 1412 3546 Spiritus
1444 3477 1661 3533 Domini
1700 3495 1859 3548 super
1885 3496 1986 3547 me,

398 3565 551 3634 cujus
575 3567 751 3635 gratia
770 3567 924 3620 unxit
962 3584 1062 3633 me,
1094 3569 1458 3640 cuangclizare
1483 3570 1803 3640 pauperibus
1839 3572 1989 3625 misit

398 3675 480 3712 me
508 3658 573 3723 ",
609 3667 664 3712 et
707 3675 831 3729 qua:
884 3670 1216 3729 sequuntur.
1266 3662 1602 3731 Hujusmodi
1660 3663 1823 3734 igitur
1861 3679 1989 3732 pro-

398 3751 689 3818 phetarum
729 3753 1086 3823 scripturam,
1123 3755 1453 3824 populorum
1506 3756 1836 3826 scripturam
1886 3772 1986 3826 ap-

400 3839 589 3909 pellat,
620 3849 674 3896 et
703 3844 1047 3912 scripturam
1072 3844 1631 3916 principumzeorum,
1660 3847 1827 3902 veluti
1864 3864 1988 3917 qua:

401 3942 453 3987 et
488 3931 803 3989 Judaeorum
839 3937 1058 4007 populis
1113 3947 1169 3992 et
1217 3953 1411 3993 eorum
1463 3928 1807 4011 principibus
1859 3941 1987 3994 data

400 4033 543 4090 erat,
582 4034 636 4081 et
671 4026 892 4107 illorum
944 4030 1166 4099 propria
1207 4038 1329 4085 erat
1359 4032 1642 4100 possessio
1666 4071 1682 4095 ,
1710 4032 1801 4103 qui
1832 4034 1886 4087 in
1922 4045 1987 4086 ea

401 4119 649 4187 generati
682 4129 835 4183 sunt,
870 4121 975 4178 hoc
1001 4130 1110 4189 cst,
1143 4123 1239 4192 qui
1282 4125 1399 4179 nati
1429 4134 1558 4181 sunt
1599 4126 1650 4179 in
1687 4125 1842 4180 Sion.

474 4210 637 4267 Vens.
669 4213 724 4266 7.
756 4212 931 4279 Quam
967 4214 1269 4270 latentium
1310 4219 1551 4273 omnium
1599 4219 1868 4275 habitatio
1909 4231 1986 4275 est

399 4303 454 4356 in
489 4312 561 4357 te.
596 4303 772 4358 Dietio
798 4322 957 4375 quam
997 4307 1051 4360 in
1082 4309 1303 4363 modum
1335 4309 1715 4365 conﬁrmantis
1768 4323 1851 4365 est
1884 4326 1985 4381 po-

401 4397 528 4451 sita.
567 4394 726 4460 Vere,
761 4399 1008 4467 inquit,o
1032 4399 1262 4465 Siou,in
1295 4408 1348 4456 te
1363 4411 1446 4458 est
1468 4401 1736 4457 habitatio
1755 4404 1990 4457 omnium

2091 3286 2272 3356 τικῆς.
2327 3284 2470 3355 Φησὶ
2513 3286 2621 3356 γὰρ
2646 3287 2865 3350 Λουκᾶς
2904 3288 2933 3339 ὁ
2960 3287 3353 3359 εὐαγγελιστής
3375 3302 3391 3318 ·
3423 3290 3528 3342 Kal
3550 3289 3681 3342 ἐπε-

2091 3377 2242 3444 δόθη
2273 3378 2435 3442 αὐτῷ
2477 3379 2726 3443 βιϐλίον
2764 3380 3013 3433 Ἡσαΐου
3061 3380 3169 3434 τοῦ
3210 3380 3547 3450 προφήτου,
3580 3379 3680 3434 καί

2090 3470 2446 3538 ἀναπτύξας
2468 3471 2736 3536 βιϐλίον,
2779 3468 2921 3538 εὗρε
2980 3473 3170 3527 τόπον
3205 3468 3278 3529 οὖ
3321 3469 3402 3544 ἦν
3426 3490 3680 3544 γεγραμ-

2084 3563 2296 3633 μένον
2330 3564 2573 3633 Πνεῦμα
2609 3564 2828 3633 Κυρίου
2852 3565 2947 3619 ἐπ’
2970 3564 3100 3634 ἐμὲ,
3128 3559 3202 3622 οὗ
3229 3565 3440 3620 ἕνεκεν
3472 3565 3681 3636 ἐχρισέ

2085 3672 2160 3724 με
2180 3671 2194 3686 ·
2244 3657 2753 3725 εὐαγγελίσασθαι
2790 3655 3049 3725 πτωχοῖς
3073 3656 3423 3713 ἀπέσταλκε
3444 3675 3540 3727 με,
3577 3657 3677 3710 καὶ

2096 3747 2167 3800 τὰ
2195 3747 2343 3817 ἑξῆς.
2374 3749 2417 3800 Τ
2422 3749 2488 3815 ὴν
2538 3747 2595 3800 δὲ
2633 3746 2893 3819 τοιαύτην
2924 3748 3270 3821 προφητικὴν
3300 3749 3521 3820 γραφὴν
3549 3748 3680 3803 ἐκά-

2092 3837 2218 3892 λεσε
2271 3839 2489 3910 γραφὴν
2532 3838 2643 3893 τῶν
2684 3838 2831 3892 λαῶν
2862 3841 2957 3894 καὶ
3008 3841 3114 3895 τῶν
3151 3841 3433 3912 ἀρχόντων
3474 3840 3676 3906 αὐτῶν,

2090 3931 2169 3995 ὡς
2223 3933 2338 3994 τοῖς
2394 3929 2546 3995 λαοῖς
2592 3930 2701 3985 τῶν
2766 3932 3038 3987 Ἰουδαίων
3094 3932 3190 3986 καὶ
3246 3934 3363 3996 τοῖς
3417 3932 3680 4004 ἄρχουσιν

2091 4024 2274 4078 αὐτῶν
2307 4023 2629 4094 δεδομένην,
2664 4026 2762 4077 καὶ
2810 4025 2996 4094 κτῆμα
3033 4021 3240 4077 τούτων
3318 4023 3679 4096 ὑπαρχούσης

2089 4117 2201 4169 τῶν
2250 4116 2691 4185 γεγεννημένων,
2752 4115 2931 4169 είτουν
2951 4115 3062 4170 τῶν
3096 4115 3402 4186 τεχθέντων
3427 4116 3487 4169 ὲν
3517 4115 3676 4169 Σιών.
3746 4134 3772 4186 ,Α

2171 4211 2273 4273 Ὠς
2295 4208 2785 4280 εὐφραινομένων
2814 4209 3061 4262 πάντων
3085 4209 3123 4275 ἡ
3154 4206 3430 4261 κατοικία
3450 4206 3522 4261 ἐν
3549 4208 3676 4261 σοι.
3745 4195 3752 4207 ’

2092 4303 2167 4355 Τὸ
2218 4289 2321 4369 ὡς,
2364 4302 2746 4371 βεϐαιωτικόν.
2784 4298 3019 4366 Ὄντως,
3052 4294 3098 4354 ὧ
3125 4298 3286 4365 Σιὼν,
3311 4301 3370 4353 ὲν
3401 4299 3486 4353 σοὶ
3524 4298 3678 4353 ἔσται

2092 4394 2127 4464 ἡ
2150 4394 2408 4449 κατοικία
2457 4393 2701 4448 πάντων
2737 4394 2848 4446 τῶν
2882 4391 3329 4462 εὐφραινομένων
3370 4407 3679 4461 πνευματι-

401 4486 766 4553 ευίτὶιυοιίιοι*
830 4490 1157 4544 lmtautium.
1218 4490 1397 4545 Dictio
1464 4500 1645 4546 autem
1711 4494 1987 4559 omnium,

2100 4482 2214 4549 κῶς
2243 4500 2259 4517 ο
2301 4484 2361 4539 σὲ
2384 4484 2797 4554 κατοικήσουσι.
2826 4482 2900 4535 Τὸ
2919 4482 3000 4549 δὲ,
3028 4483 3300 4548 Πάντων,
3324 4483 3372 4534 εί
3397 4481 3493 4535 καὶ
3515 4479 3683 4535 καθο-

402 4578 623 4631 tametsi
656 4578 1023 4632 uninrsnlem
1071 4594 1380 4636 sermonem
1431 4581 1629 4645 reddit,
1695 4584 1842 4654 apud
1888 4584 1990 4641 He-

403 4670 583 4724 lmeos
617 4677 800 4723 tamen
840 4669 1292 4739 frequentissime
1336 4674 1408 4729 ita
1458 4683 1687 4746 ponitur
1714 4716 1731 4744 ,
1770 4687 1831 4733 ut
1878 4693 1988 4735 non

404 4770 515 4813 tam
550 4754 838 4816 universos
868 4777 1031 4831 quam
1074 4763 1277 4819 multos
1303 4762 1597 4837 signiﬁcet.

404 4848 684 4906 Canticum
713 4851 909 4935 psalmi
940 4854 1067 4921 [iliis
1104 4853 1236 4908 Core
1262 4897 1277 4920 ,
1315 4855 1369 4910 in
1400 4857 1559 4926 ﬁnem
1595 4875 1691 4929 pro
1726 4858 1982 4924 Maeleth,

476 4939 546 4993 ad
577 4941 1019 5008 respondendum,
1052 4944 1410 5015 intelligentia:
1440 4948 1545 5017 ipsi
1571 4946 1775 5003 Eman
1806 4947 1988 5003 Israe-

471 5032 607 5087 liltt’.

866 5123 1188 5187 PSALMUS
1218 5131 1528 5192 LXXXVII.

473 5214 613 5282 Quid
650 5217 724 5271 sit
756 5218 1031 5274 canticum
1064 5223 1287 5293 psalmi,
1315 5232 1371 5280 et
1400 5226 1468 5281 de
1509 5226 1615 5283 ﬁlis
1646 5228 1787 5283 Core
1835 5227 1987 5282 dixi-

404 5322 524 5362 mus
552 5310 609 5363 in
643 5308 916 5366 Procemio
963 5316 1170 5384 operis.
1202 5315 1265 5371 In
1287 5318 1445 5387 ﬁnem
1480 5335 1609 5375 vero
1639 5319 1760 5374 ideo
1791 5319 1988 5375 inscri-

407 5413 558 5467 ptum
591 5408 699 5467 est,
731 5403 860 5473 quia
886 5404 952 5457 ad
994 5406 1154 5461 ﬁnem
1180 5409 1441 5465 tendebat
1497 5412 1782 5481 prophetia
1815 5452 1828 5477 ,
1862 5428 1987 5481 quae

407 5494 495 5546 hic
527 5494 858 5549 continetur.
892 5495 959 5549 Et
1000 5498 1246 5566 psalmus
1292 5501 1510 5570 quidem
1557 5506 1801 5573 proxime
1845 5519 1986 5573 pra:-

405 5585 607 5639 cetlcns
629 5582 834 5639 Christi
856 5586 1196 5645 nativitatem
1217 5591 1493 5660 praedixit,
1516 5592 1610 5649 hic
1634 5602 1811 5649 autem
1832 5593 1993 5650 Chri-

412 5674 478 5725 sti
506 5682 761 5732 mortem.
796 5676 954 5742 Quod
979 5691 1158 5736 autem
1190 5681 1513 5741 inscribitur
1564 5701 1659 5755 pro
1706 5684 1935 5742 Maeletlz
1967 5729 1982 5754 ,

490 5856 532 5886 ¹⁶
568 5853 702 5911 Luc.
733 5872 810 5928 IV,
844 5859 933 5928 16,
965 5859 1057 5916 17.

2094 4575 2249 4631 λικδν
2279 4575 2610 4648 σχηματίζει
2669 4574 2863 4640 τύπον,
2898 4573 3014 4628 ἀλλ’
3038 4570 3133 4629 οὖν
3164 4573 3363 4644 ἰδίωμα
3396 4570 3676 4627 καὶτοῦτο

2096 4669 2269 4736 ἐστιν,
2300 4671 2568 4741 ἐμφαῖνον
2604 4667 2811 4740 πλῆθός
2839 4684 3024 4723 τινων.

2109 4852 2249 4923 ᾮδὴ
2277 4849 2524 4921 ψαλμοῦ
2562 4850 2688 4916 τοῖς
2714 4848 2864 4916 υἱοῖς
2893 4847 3067 4917 Κορὲ,
3097 4851 3186 4916 εὶς
3213 4848 3282 4904 τὸ
3316 4847 3495 4916 τέλος
3525 4846 3679 4914 ὑπὲρ

2165 4942 2426 5007 Μαελὲθ,
2483 4941 2590 4997 τοῦ
2652 4940 3077 5012 ἀποκριθῆναι,
3125 4939 3440 5008 συνέσεως
3485 4939 3684 5010 autem

2167 5033 2249 5098 τῷ
2286 5033 2642 5103 Ἰσραηλίτῃ.

2666 5126 2963 5179 ΨΑΛΜΟΣ
2986 5124 3111 5178 ΠΖ’.

2165 5224 2230 5277 Τί
2267 5221 2366 5294 μέν
2396 5223 2542 5274 ἐστιν
2586 5217 2726 5288 ’ῼδὴ
2751 5216 3018 5284 ψαλμοῦ,
3067 5217 3161 5268 καὶ
3210 5216 3343 5286 περὶ
3390 5217 3501 5271 τῶν
3545 5215 3678 5269 υίῶν

2098 5316 2263 5386 Κορὲ,
2311 5312 2631 5381 διελάϐομεν
2661 5311 2717 5363 ὲν
2751 5308 2829 5378 τῷ
2876 5309 3150 5380 προοιμίῳ
3188 5308 3287 5379 τῆς
3320 5308 3528 5379 βίϐλου.
3577 5310 3680 5373 Εἰς

2096 5408 2270 5473 τέλος
2298 5406 2377 5471 δὲ,
2433 5403 2521 5457 διὰ
2554 5402 2614 5454 τὸ
2646 5400 2865 5471 βλέπειν
2907 5400 2987 5464 εἰς
3013 5399 3073 5453 τὸ
3096 5400 3248 5462 τέλος
3280 5400 3377 5469 τὴν
3408 5401 3466 5453 ὲν
3501 5399 3680 5471 τούτῳ

2097 5498 2454 5573 προφητείαν.
2507 5495 2565 5548 Ὀ
2612 5494 2712 5563 μὲν
2767 5493 2875 5563 γὰρ
2933 5489 3223 5562 προλαϐὼν
3284 5489 3501 5560 ψαλμδς
3551 5492 3681 5560 περὶ

2096 5590 2190 5645 τοῦ
2218 5587 2455 5659 Χριστοῦ
2480 5586 2790 5655 γεννήσεως
2818 5584 3245 5652 προεφήτευσεν,
3277 5576 3432 5648 οὗτος
3461 5585 3517 5638 δὲ
3550 5587 3681 5654 περὶ

2098 5682 2189 5737 τοῦ
2221 5682 2453 5737 θανάτου
2483 5677 2667 5732 αὑτοῦ.
2693 5674 2798 5729 Τοῦ
2835 5674 2913 5741 δὲ,
2954 5673 3121 5742 ’Υπὲρ
3156 5675 3415 5745 Μαελὲθ,
3439 5677 3558 5732 ἀντὶ
3580 5676 3677 5731 ταῦ
