4088 6412
353 412 466 479 839

1521 411 1909 473 COMMENT.
1955 409 2040 469 IN
2077 409 2441 472 PSALMOS.

3527 409 3636 474 890

350 527 446 582 διὰ
492 525 822 598 χορεύσεως.
875 519 1045 600 ’ᾘδον
1088 524 1196 595 γὰρ
1226 523 1322 577 καὶ
1361 522 1477 592 ἅμα
1502 521 1779 593 ἐχόρευον.
1818 520 1931 576 Τοῦ

2057 521 2354 591 :xponitur,
2387 520 2492 577 hoc
2525 529 2631 590 est,
2664 538 2758 591 pro
2789 525 2999 580 chorea.
3034 525 3247 583 Canere
3289 524 3438 580 enim
3489 523 3639 578 sole-

355 617 787 690 ’.ἀποκριθῆναι
859 619 938 686 δὲ,
971 619 1093 671 ἀντὶ
1122 614 1238 674 τοῦ,
1275 614 1366 666 Ἐν
1413 611 1490 683 τῷ
1532 613 1936 683 ἀποκριθῆναιο

349 710 609 784 δχόρευον
644 712 751 786 γὰρ
780 713 838 765 ὲν
865 711 944 780 τῷ
972 706 1337 779 ἀποκριθῆναι
1368 699 1620 776 πρὸξὶην
1647 705 1715 757 δι’
1768 705 1939 774 ὀργά-

347 818 449 859 973
498 803 787 873 μουσικήν.
842 801 1156 866 Συνέσεως
1201 798 1279 863 δὲ,
1334 800 1418 852 ὅτι
1462 798 1627 868 χρεία
1671 796 1941 859 συνέσεως

347 899 466 959 τοῖς
520 896 1018 965 ἀναγινώσκουσιν,
1078 892 1167 947 διὰ
1233 889 1296 943 τὸ
1346 891 1803 961 ἐγκεκρυμμένον
1863 889 1940 961 τῷ

347 988 555 1061 ψαλμῷ
616 988 749 1059 περὶ
786 987 883 1041 τοῦ
953 989 1288 1043 Δεσποτικοῦ
1344 985 1575 1040 Θανάτου
1619 984 1937 1054 μυστήριον.

339 1082 538 1153 Αῑμὰν
570 1082 627 1136 δὲ
670 1082 750 1147 τῷ
810 1082 1174 1151 Ἰσραηλίτῃ,
1207 1082 1343 1135 διότι
1373 1080 1433 1132 ού
1469 1080 1629 1148 μόνον
1659 1079 1772 1139 τοῖς
1804 1077 1941 1139 υἱοῖς
1971 1141 1978 1146 _

351 1175 523 1245 Κορὲ,
568 1173 704 1228 ἀλλά
769 1175 861 1228 καὶ
903 1173 1085 1244 Αἰμὰν
1124 1173 1201 1243 τῷ
1228 1171 1464 1243 αρχῳδῷ
1513 1168 1878 1241 παραδέδοται
1911 1168 1940 1221 6

345 1267 570 1337 ψαλμὸς
596 1266 701 1319 ὑπὸ
736 1266 902 1318 Δαδίδ
928 1281 939 1293 ·
975 1267 1069 1319 καὶ
1094 1265 1188 1319 ὑπ’
1220 1264 1549 1334 ἀμφοτέρων
1597 1261 1705 1314 τῶν
1761 1258 1940 1329 χορῶν

359 1363 503 1433 ᾔσθη
540 1361 897 1432 συνᾳδόντων,
926 1361 957 1431 ἢ
990 1361 1084 1415 καὶ
1124 1360 1228 1415 ἀνὰ
1261 1358 1432 1429 μέρος
1486 1357 1746 1428 ᾀδόντων.
1803 1352 1939 1406 Τινά

353 1454 458 1523 μὲν
489 1449 583 1508 οὖν
623 1453 732 1507 τῶν
767 1452 1123 1523 ἀντιγράφων
1161 1451 1342 1522 Λξμάν
1386 1450 1683 1522 γράφουσι,
1720 1445 1840 1500 τινὰ
1882 1443 1938 1496 δὲ

345 1547 538 1616 Αἰθάμ
570 1546 843 1616 δάμεινον
905 1544 961 1598 δὲ
990 1546 1048 1598 ἐν
1078 1543 1155 1615 τῷ
1196 1544 1430 1615 παρόντι
1468 1540 1648 1613 Αξμάν
1679 1539 1937 1609 γράφειν,

344 1640 410 1691 ἐν
463 1639 519 1692 δὲ
577 1638 656 1709 τῷ
715 1637 852 1709 μετά
885 1635 1098 1715 τοῦτον,
1132 1637 1339 1704 Λίθάμ.
1392 1635 1483 1688 Ἑν
1516 1635 1626 1701 γὰρ
1655 1634 1721 1701 τῇ
1747 1627 1940 1701 πρώτῃ

347 1726 461 1779 τῶν
491 1725 986 1798 Παραλειπομένων
1015 1726 1110 1779 καὶ
1163 1724 1343 1796 Αἰμάν
1371 1724 1466 1778 καὶ
1488 1722 1671 1791 Αἰθὰμ
1699 1718 1937 1788 ἀναγρά-

348 1836 550 1890 φονται
597 1818 891 1890 χοράρχαι.
934 1817 1018 1884 Τῷ
1060 1818 1409 1886 Ἰσραηλίτῃ
1464 1815 1542 1880 δὲ,
1578 1814 1676 1883 οὐχ
1710 1812 1786 1875 ὡς
1831 1810 1939 1862 τῶν

2048 618 2181 672 ὒτιηῑ
2212 659 2224 683 ν
2261 624 2424 687 altlue
2468 633 2579 673 una
2627 621 2860 677 choreas
2919 622 3125 677 ducere
3155 662 3169 684 .
3218 619 3443 692 quando
3492 617 3637 672 hunc

2048 710 2320 780 psalmum
2356 708 2685 766 recitabant.
2722 712 2800 765 Ad
2822 713 3242 781 respondendum
3275 722 3456 767 autem
3487 751 3501 773 ,
3535 712 3639 763 huc

2047 814 2151 867 est,
2185 819 2307 859 cum
2341 804 2759 873 responderent.
2787 803 3190 874 Tripudiabant
3222 805 3368 859 enim
3400 803 3530 857 dum
3565 801 3632 853 ad

2048 910 2381 964 organorum
2445 894 2691 949 musicen
2770 896 3187 965 responderent.
3263 893 3639 963 Intelligentia:

2048 1003 2201 1054 vero,
2240 988 2368 1058 quia
2407 986 2764 1058 intelligentia
2809 987 2999 1042 lectori
3044 1002 3182 1054 opus
3212 996 3315 1051 est,
3353 985 3425 1039 ob
3450 984 3640 1037 occul-

2050 1089 2163 1135 turn
2212 1095 2275 1136 ac
2315 1081 2707 1151 prsesignatum
2750 1080 2838 1136 hic
2869 1079 2936 1135 de
2961 1079 3174 1135 Christi.
3194 1087 3368 1132 morte
3431 1084 3640 1145 myste-

2049 1172 2215 1227 rium.
2273 1169 2388 1243 Ipsi
2420 1188 2539 1227 uero
2582 1172 2785 1226 Eman
2835 1170 3143 1232 Israelitaz,
3183 1169 3311 1238 quia
3355 1182 3464 1221 non
3505 1164 3637 1221 solis

2047 1263 2187 1319 Core
2218 1263 2365 1322 (iliis.
2397 1264 2491 1318 sed
2512 1265 2676 1317 etiam
2708 1264 2907 1318 .lEman
2932 1262 3164 1332 principi
3216 1261 3446 1314 alterius
3480 1259 3638 1313 chori

2049 1356 2282 1410 traditus
2324 1354 2425 1408 l'uit
2478 1355 2566 1409 hic
2622 1354 2867 1424 psalmus
2906 1370 2933 1406 a
2982 1353 3143 1407 beato
3195 1350 3359 1405 David
3393 1389 3408 1411 ,
3458 1359 3512 1404 et
3569 1349 3641 1403 ah

2047 1456 2283 1514 utroque
2318 1446 2487 1501 choro
2516 1461 2623 1500 una
2663 1444 2805 1511 fuit,
2860 1453 2955 1499 aut
3013 1444 3264 1498 fortasse
3314 1440 3638 1496 alternatim

2048 1538 2394 1594 decantatus.
2428 1538 2687 1605 Quaedam
2739 1536 3076 1604 exemplaria
3133 1549 3243 1588 non
3286 1532 3486 1586 Eman
3542 1531 3641 1585 ha-

2048 1628 2199 1696 bent,
2221 1629 2314 1684 sed
2331 1628 2559 1693 lEthan,
2582 1640 2769 1682 verum
2792 1627 2966 1696 placet
2990 1632 3048 1678 ut
3074 1625 3127 1678 in
3154 1622 3406 1693 praesenti
3431 1620 3642 1689 psalmo

2048 1720 2297 1791 legamus
2329 1718 2528 1774 Eman
2560 1759 2575 1782 ,
2624 1727 2678 1774 et
2718 1718 2774 1772 in
2826 1715 3080 1786 sequenti
3117 1714 3343 1768 AZthan.
3396 1709 3529 1765 Nam
3581 1711 3636 1763 in

2050 1811 2504 1881 Paralipomenon
2561 1811 2704 1864 libro
2765 1818 2997 1878 uterque
3046 1821 3237 1862 eorum
3293 1805 3446 1859 chori
3494 1803 3636 1872 prin-

347 1887 533 1965 αλλων
571 1887 876 1983 nam.
920 1909 1297 1982 Ἰσραηλιτῶν,
1340 1907 1454 1963 ἀλλ’
1502 1907 1577 1968 ὡς
1618 1906 1710 1958 και
1761 1903 1938 1958 ἄλλων

2057 1919 2174 1974 :eps
2204 1903 2376 1958 fuisse
2398 1902 2656 1957 traditur.
2685 1900 2950 1955 Israelita:
2977 1900 3137 1953 etiam
3172 1897 3330 1962 dixit,
3357 1911 3463 1950 non
3490 1893 3635 1965 quod

346 2006 526 2060 ὄντων
556 2004 842 2077 Αἱμάνκαὶ
872 2003 1079 2074 Λίθάμ,
1100 1996 1442 2071 ἀλλοφύλων,
1471 1994 1546 2054 ὧν
1569 1999 1704 2070 πρὸς
1728 1996 1941 2051 διαστο-

346 2096 454 2167 λὴν
485 2097 518 2167 ἡ
555 2094 648 2150 τοῦ
689 2094 1027 2167 Ἰσραηλίτου
1068 2093 1414 2165 προσηγορία
1453 2092 1553 2165 (5).

2049 1995 2142 2047 alii
2182 2001 2440 2050 cantores
2466 2008 2572 2048 non
2639 1997 2827 2047 essent
2877 1987 3137 2044 lsraelitae
3166 2027 3180 2051 ,
3215 1985 3308 2039 sed
3363 1984 3492 2054 quia
3546 1965 3640 2035 alii

2049 2084 2307 2142 fortassis
2346 2095 2502 2141 erant
2530 2082 2784 2139 homines
2817 2079 3130 2151 hujusmodi
3163 2076 3387 2133 nomine
3418 2073 3641 2143 Eman,

345 2204 408 2249 et
431 2190 658 2258 )Ethan,
690 2192 781 2263 qui
808 2195 967 2246 erant
998 2189 1341 2260 alienigenae,
1373 2187 1438 2243 ad
1462 2200 1699 2259 quorum
1732 2180 2141 2240 distinctionem
2180 2179 2262 2235 sic
2289 2178 2496 2236 dictum
2530 2186 2655 2245 est;
2689 2177 2774 2232 vel
2820 2174 2960 2230 forte
3018 2174 3145 2243 quia
3177 2171 3285 2227 tale
3352 2169 3463 2223 illis
3523 2171 3644 2220 erat

348 2300 688 2357 cognomen.

425 2383 605 2451 Κύριε
642 2383 676 2436 δ
728 2378 875 2445 Θεὸς
911 2377 1021 2447 τῆς
1052 2377 1353 2446 σωτηρίας
1384 2392 1526 2446 μου,
1551 2374 1779 2444 ἡμέρας
1808 2369 1940 2426 ἐκέ-

349 2474 554 2543 κραξα
579 2473 677 2530 καὶ
718 2471 982 2526 ὲννυκτὶ
1017 2471 1298 2524 ἐναντίον
1335 2484 1474 2524 σου.
1516 2468 1655 2538 Περὶ
1697 2466 1796 2538 μὲν
1822 2463 1941 2530 τοῦ,

369 2567 439 2622 '0
500 2566 643 2633 Θεὸς
696 2566 806 2635 τῆς
847 2566 1149 2633 σωτηρίας
1185 2581 1328 2633 μου,
1395 2564 1616 2633 εἴρηται
1671 2563 1728 2614 ἐν
1756 2558 1835 2628 τῷ
1869 2558 1944 2623 ξζν

349 2655 565 2727 ψαλμῷ
587 2674 600 2688 ·
633 2655 842 2725 Κύριον
874 2654 932 2709 δὲ
965 2655 1060 2708 καὶ
1109 2652 1242 2707 Θεὸν
1273 2653 1300 2705 6
1335 2652 1569 2723 Χριστὸς
1599 2650 1691 2704 τὸν
1720 2648 1947 2719 Πατέρα

352 2749 556 2812 καλεῖ,
586 2748 661 2812 ὡς
707 2747 1039 2819 ἄνθρωπος’
1105 2744 1280 2799 πολλὰ
1326 2744 1436 2816 γὰρ
1483 2743 1710 2798 τοιαῦτα
1758 2741 1859 2795 καὶ
1888 2741 1950 2792 ἐν

352 2842 438 2913 τῷ
478 2838 561 2895 κα⁹
589 2839 809 2911 ψαλμῷ.
847 2838 1094 2909 Ἡμέρας
1117 2838 1185 2892 δὲ
1212 2839 1310 2893 καὶ
1340 2837 1410 2892 ἐν
1452 2836 1650 2901 νυκτὶ,
1680 2836 1799 2889 ἀντὶ
1834 2832 1952 2898 τοῦ,

357 2934 467 2989 Διά
497 2935 719 2997 παντός.
794 2932 1164 3004 Ἑμφαντικὸν
1211 2932 1267 2985 δὲ
1303 2931 1463 2985 τοῦτο
1498 2932 1597 3001 τῆς
1640 2929 1777 3001 πρὸς
1820 2926 1955 2980 Θεὸν

358 3027 605 3090 πίστεως
630 3042 644 3057 ο
677 3011 757 3089 ὅς’
782 3024 894 3094 γὰρ
929 3023 1244 3093 εἰλικρινῶς
1273 3024 1366 3077 τὸν
1418 3023 1555 3077 Θεὸν
1595 3021 1809 3092 ἀγαπᾷ,
1857 3018 1955 3090 βοᾷ

359 3117 600 3172 ἐνώπιον
621 3117 786 3171 αὑτοῦ
812 3117 971 3171 τοῦτο
1013 3117 1112 3188 μὲν
1142 3116 1400 3188 στόματι,
1431 3117 1591 3169 τοῦτο
1620 3116 1678 3169 δὲ
1728 3112 1967 3184 καρδίᾳιχ

359 3211 455 3263 ἀεὶ
485 3209 593 3281 γάρ
618 3209 814 3282 χρῄζει
839 3209 941 3274 τῆς
979 3209 1135 3281 παρά
1156 3208 1295 3263 Θεοῦ
1337 3207 1682 3279 ἀντιλήψεως
1711 3223 1724 3236 ·
1749 3207 1783 3278 ἢ
1812 3202 1967 3277 ήμέ-ί
1990 3255 2029 3271 ,ί

365 3320 474 3373 ραν
502 3303 593 3356 καὶ
621 3302 794 3356 νύκτα
824 3301 977 3379 λέγει
1002 3303 1101 3374 τὴν
1130 3303 1230 3374 τῆς
1257 3301 1576 3374 προδοσίας.

431 3392 769 3447 Εἱσελθέτω
808 3391 1069 3447 ἐνώπιόν
1094 3409 1211 3447 σου
1236 3393 1274 3461 ἡ
1302 3390 1611 3461 προσευχὴ
1637 3408 1757 3461 μου
1785 3406 1800 3422 ·
1817 3389 1948 3444 κλῖ-

360 3501 482 3539 νον
504 3484 570 3538 τὸ
623 3480 738 3551 οὖς
769 3498 888 3540 σου
929 3486 1016 3551 εἰς
1063 3483 1176 3553 τὴν
1202 3483 1420 3552 δέησίν
1455 3499 1597 3554 μου.
1630 3483 1950 3555 Προσευχὴν

362 3579 462 3632 καὶ
498 3576 680 3649 δέησιν
703 3575 941 3633 ἐνταῦθα
969 3578 1190 3649 νοήσεις
1215 3578 1248 3649 ἢ
1272 3578 1371 3649 τὴν
1403 3579 1531 3649 περὶ
1557 3578 1666 3632 τῶν
1692 3577 1952 3649 μαθητῶν

362 3669 560 3736 αὐτοῦ,
611 3670 653 3753 ἦ
707 3670 807 3741 τὴν
856 3672 986 3737 περὶ
1036 3671 1129 3724 τοῦ
1176 3671 1468 3743 παρελθεῖν
1494 3671 1556 3724 τὸ
1593 3669 1689 3724 τοῦ
1718 3670 1950 3725 θανάτου

365 3765 655 3836 ποτήριον,
706 3766 782 3830 ὡς
828 3767 887 3820 ἐν
944 3768 1060 3829 τοῖς
1119 3765 1473 3835 Εὐαγγελίοις
1537 3766 1814 3838 εὑρήσεις.
1863 3763 1952 3827 Ὠς

362 3859 661 3928 ἄνθρωπος
690 3858 748 3912 δὲ
770 3858 844 3913 τὰ
875 3860 1111 3913 ταπεινὰ
1127 3863 1288 3913 ταυτὶ
1328 3858 1654 3929 φθέγγεται,
1682 3855 1867 3920 καθὼς
1892 3857 1954 3910 ὲν

362 3950 446 4021 τῷ
482 3957 567 4004 κα’
586 3950 784 4023 ψαλμῷ
807 3951 1152 4024 προείρηται.
1180 3952 1315 4022 Περὶ
1337 3950 1393 4005 δὲ
1422 3951 1522 4022 τῆς
1552 3950 1785 4014 κλίσεως
1856 3947 1953 4003 τοῦ

364 4044 518 4098 θείου
559 4043 697 4108 ὠτὸς
730 4047 788 4099 ὲν
846 4043 924 4115 τῷ
957 4053 1038 4110 ις’
1084 4043 1287 4116 ψαλμῷ
1321 4042 1811 4115 παραδεδώκαμεν.

442 4138 573 4191 Ὀτι
601 4138 883 4206 ἐπλήσθη
937 4137 1138 4193 κακῶν
1183 4138 1220 4206 ἡ
1260 4137 1430 4206 ψυχή
1459 4154 1600 4206 μου,
1635 4137 1729 4190 καὶ
1763 4136 1802 4203 ἠ
1840 4133 1951 4202 ζωή

362 4247 488 4302 μου
514 4229 594 4296 τῷ
621 4230 738 4299 adn
759 4228 1033 4301 ἤγγισεν.
1058 4260 1127 4270 -
1150 4228 1384 4295 Κακῶν,
1410 4229 1533 4282 ἀντὶ
1548 4226 1667 4295 τοῦ,
1685 4226 1952 4296 Θλεψεων.

370 4321 717 4391 Περίλυπος
743 4321 874 4393 γὰρ,
906 4322 1094 4392 φησιν,
1121 4321 1161 4387 ἡ
1192 4321 1364 4391 ψυχή
1395 4338 1516 4391 μου
1537 4320 1648 4386 ἕως
1669 4318 1951 4375 θανάτου.

373 4411 545 4485 ’ᾼδην
573 4412 682 4484 γὰρ
703 4411 801 4467 νῦν
830 4414 923 4468 τὸν
945 4412 1179 4501 θάνατον
1210 4413 1573 4483 ὑποληπτέον.

436 4667 944 4750 Προσελογίσθην
976 4677 1129 4747 μετὰ
1188 4675 1307 4730 τῶν
1333 4676 1821 4731 καταϐαινόντων
1867 4676 1957 4741 εις

374 4769 1221 4839 λάκκον.-Προσελοτίσθην,
1263 4768 1383 4821 ἀντὶ
1420 4766 1538 4833 τοῦ,
1607 4764 1959 4838 Συνηριθμή-

379 4864 505 4936 θην,
529 4866 835 4935 συνετάγην
889 4864 1029 4935 μετά
1060 4863 1170 4918 τῶν
1199 4863 1580 4934 θαπτομένων*
1611 4862 1833 4927 τούτους
1849 4861 1959 4932 γὰρ

266 4972 271 4975 ·
380 4959 533 5026 λέγει
593 4956 1035 5019 καταϐαίνοντας
1089 4957 1169 5018 εἰς
1195 4954 1422 5011 λάκκον.
1466 4953 1703 5025 Εἴρηται
1734 4955 1841 5027 γὰρ
1877 4955 1963 5008 ὅτι

379 5055 586 5116 λάκκος
635 5052 855 5121 λέγεται
884 5108 887 5111 _
918 5050 1013 5105 καὶ
1053 5051 1081 5103 6
1108 5049 1300 5118 τάφος.
1318 5048 1417 5103 σΤὰ
1449 5048 1548 5119 μὲν
1578 5050 1689 5120 γὰρ
1716 5048 1810 5103 οὖν
1857 5048 1966 5119 πρὸ

379 5144 480 5198 τοῦ
523 5143 796 5215 παρόντος
852 5140 1157 5213 ῥητοῦλτῷ
1213 5141 1320 5212 πρὸ
1369 5143 1465 5196 τοῦ
1526 5143 1759 5197 Θανάτου
1791 5141 1969 5213 καιρῷ

387 5237 692 5309 ἀρμόζουσι
715 5277 732 5304 ,
761 5234 924 5292 τούτο
947 5236 1005 5291 δὲ
1033 5235 1112 5309 τῷ
1141 5236 1280 5306 μετά
1301 5236 1401 5307 τὴν
1432 5237 1636 5309 ταφήν.

461 5416 792 5488 Ἐτενήθην
845 5416 992 5471 ὡσεὶ
1048 5416 1364 5486 ἄνθρωπος
1435 5414 1791 5484 ἀϐοήθητος.
1853 5413 1966 5483 Οὐχ

391 5511 524 5564 ὤσει
584 5508 875 5579 ἄνθρωπος
932 5508 1119 5578 μόνον’
1164 5503 1233 5579 ἦν
1261 5505 1370 5577 γὰρ
1399 5507 1605 5568 τέλειος
1639 5504 1926 5575 ἄνθρωπος
1947 5520 1960 5534 ο

1996 4551 2043 4605 D

2120 2359 2287 2416 Vens.
2310 2359 2364 2413 Ξ.
2384 2359 2607 2413 Domine
2629 2358 2765 2412 Deus
2791 2354 2984 2409 salutis
3017 2367 3166 2412 mete.
3212 2350 3263 2402 in
3287 2347 3370 2400 die
3395 2342 3640 2398 clamavi!

2052 2456 2175 2511 etin
2198 2464 2347 2509 nocte
2373 2468 2551 2507 coram
2581 2460 2652 2505 te.
2678 2451 2750 2503 De
2773 2449 2856 2503 his
2878 2444 3098 2500 verbis:
3123 2442 3260 2496 Deus
3284 2437 3473 2493 salutis
3495 2449 3644 2498 metr,

2053 2550 2262 2606 dictum
2298 2553 2383 2600 est
2440 2545 2494 2599 in
2550 2545 2974 2614 psalmoum.
3020 2536 3311 2590 Dominum
3342 2537 3542 2593 autem
3591 2532 3649 2577 et

2058 2642 2227 2695 Deum
2279 2611 2806 2693 Christus'Palrem
2861 2627 3141 2697 appellat,
3189 2630 3268 2677 'ut
3321 2611 3532 2683 homo;
3590 2622 3647 2670 et

2056 2732 2231 2786 multa
2267 2725 2649 2797 lmiuscemodi
2676 2722 2822 2777 dicta
2857 2718 3102 2789 reperies
3155 2716 3207 2769 in
3257 2712 3473 2783 psalmo
3529 2722 3646 2761 xxx.

2059 2824 2156 2878 Die
2186 2829 2360 2876 autem
2391 2827 2441 2873 et
2475 2831 2625 2871 nocte
2671 2814 2810 2869 dixit
2859 2826 2955 2882 pro
3012 2808 3303 2878 Perpetuo.
3359 2802 3643 2855 Summam

2059 2916 2205 2971 enim
2238 2913 2354 2967 haec
2389 2909 2557 2964 verba
2592 2906 2645 2960 in
2688 2905 2859 2958 Deum
2891 2902 3048 2955 ﬁdem
3111 2899 3479 2953 attestantur;
3511 2887 3646 2958 quia

2060 3008 2157 3079 qui
2188 3006 2405 3061 sincera
2438 3010 2617 3055 mente
2647 2997 2818 3051 Deum
2848 3001 3017 3058 amat,
3048 2989 3271 3045 assidue
3298 2993 3393 3040 aut
3428 2996 3525 3036 ore
3552 2986 3649 3034 aut

2060 3074 2229 3156 corde
2257 3110 2444 3151 coram
2471 3108 2537 3147 eo
2573 3090 2793 3155 clamat,
2829 3088 3087 3158 quoniam
3144 3090 3198 3137 et
3235 3076 3456 3133 assidue
3489 3074 3646 3129 illius

2062 3207 2160 3261 :pe
2188 3184 2541 3259 indigetJVel
2571 3184 2716 3237 diem
2754 3190 2809 3235 et
2842 3189 3054 3233 noctem
3085 3168 3457 3244 particulatim
3493 3165 3645 3221 illam

2055 3281 2335 3351 intelligit,
2368 3294 2475 3349 qua
2510 3275 2764 3346 proditus
2794 3280 2877 3327 est
2908 3270 3198 3324 Dominus.

2125 3360 2295 3428 Veiis.
2331 3372 2387 3427 5.
2426 3368 2599 3424 Intret
2630 3367 2685 3421 in
2715 3371 2994 3434 conspectu
3022 3370 3112 3415 tuo
3146 3359 3320 3414 oratio
3362 3370 3480 3410 mea
3506 3394 3521 3419 ,
3565 3352 3648 3405 in-

2055 3467 2197 3522 clina
2238 3480 2419 3518 aurem
2466 3470 2612 3514 tuam
2664 3456 2732 3512 ad
2777 3471 2952 3525 preces
2998 3469 3160 3507 meas.
3220 3449 3543 3505 Orationem
3590 3449 3647 3497 et

2056 3574 2270 3632 preces,
2296 3556 2384 3611 vel
2411 3569 2505 3611 cas
2533 3552 2796 3620 intellige,
2825 3562 2963 3619 quas
2987 3544 3178 3601 habuit
3202 3557 3302 3614 pro
3331 3536 3646 3608 discipulis,

2056 3655 2142 3709 vel
2173 3667 2266 3708 eas
2295 3664 2435 3721 quas
2462 3647 2709 3718 protulit,
2759 3642 2983 3714 quando
3016 3639 3172 3711 petiit
3220 3635 3458 3691 transire
3508 3646 3540 3686 a
3588 3645 3649 3685 se

2057 3746 2284 3803 calicem
2321 3741 2535 3797 mortis.
2585 3737 2823 3793 Humilia
2877 3742 3058 3789 autem
3113 3727 3432 3800 huiusmodi
3485 3722 3683 3797 verba,

2057 3836 2303 3910 proferre
2331 3830 2729 3894 introducitur,
2756 3837 2814 3883 ut
2845 3827 3030 3890 homo,
3066 3817 3531 3893 quemadmodum
3566 3813 3653 3869 di-

2054 3935 2243 3991 ximus
2285 3933 2340 3986 in
2397 3929 2610 4001 psalmo
2643 3941 2758 3980 xxi.
2796 3922 2935 3989 Quid
2973 3927 3153 3974 autem
3196 3918 3251 3971 in
3286 3916 3397 3971 Deo
3446 3913 3517 3968 sit
3566 3911 3650 3964 in-

2057 4028 2264 4083 clinare
2284 4037 2499 4084 aurem,
2531 4019 2773 4075 diximus
2799 4016 2851 4069 in
2874 3998 3103 4084 psalmo
3128 4025 3241 4063 xw.

2130 4118 2293 4173 Vsus.
2334 4116 2390 4170 Δ.
2436 4112 2578 4179 Quia
2614 4109 2815 4178 repleta
2853 4115 2932 4161 est
2981 4103 3140 4157 malis
3193 4100 3373 4154 anima
3421 4111 3560 4160 mea,
3597 4100 3650 4149 et

2056 4214 2163 4268 vita
2201 4224 2319 4262 mea
2363 4205 2574 4275 inferno
2627 4196 3095 4271 appropinquavit.
3148 4190 3333 4253 Malis,
3383 4188 3491 4242 hoc
3536 4194 3646 4248 est,

2058 4299 2463 4359 calamitatibus
2485 4303 2540 4352 et
2572 4291 2979 4349 aﬁectionibus.
3024 4284 3215 4340 Tristis
3253 4281 3421 4343 enim,
3448 4276 3649 4345 inquit,

2059 4403 2139 4450 est
2204 4391 2390 4446 anima
2452 4402 2569 4439 mea
2622 4397 2786 4453 usque
2819 4378 2889 4433 ad
2943 4384 3182 4432 mortem.
3234 4371 3336 4426 Per
3374 4367 3650 4422 infernum

2069 4488 2235 4543 etiam
2292 4483 2397 4536 hoc
2446 4479 2570 4533 loco
2629 4486 2862 4532 mortem
2910 4472 3089 4542 ipsam
3136 4463 3448 4534 intelligere
3481 4458 3653 4514 debe-

2074 4595 2215 4635 lllllS.

2144 4667 2316 4724 Vens.
2360 4666 2415 4724 5.
2456 4663 2748 4734 Reputatus
2801 4673 2920 4712 sum
2970 4670 3087 4710 cum
3122 4644 3556 4707 descendentibus
3600 4643 3655 4696 in

2077 4766 2274 4820 lacum.
2316 4790 2388 4803 —
2426 4757 2721 4825 Reputatus
2761 4766 2879 4807 sum
2929 4762 3028 4819 pro
3066 4744 3488 4802 Connumeratus
3514 4753 3654 4791 sum.

2075 4857 2397 4913 Collocatus
2429 4865 2575 4910 sum.
2609 4845 2810 4916 inquit,
2846 4857 2970 4898 cum
3005 4838 3266 4908 sepultis,
3314 4847 3451 4904 quos
3487 4831 3543 4884 in
3573 4829 3657 4882 la-

2080 4963 2209 5002 cum
2241 4941 2641 5001 descendentes
2678 4932 2994 5007 appellavit.
3045 4929 3295 4985 Diximus
3342 4925 3488 4979 enim
3524 4920 3655 4975 alibi

2071 5037 2216 5108 quod
2269 5034 2553 5105 sepultura
2609 5029 2777 5085 etiam
2837 5027 2992 5081 lacus
3042 5022 3269 5076 dicitur.
3323 5015 3454 5081 Quae
3488 5011 3658 5083 igitur

2074 5131 2329 5199 Superius
2354 5128 2503 5183 dicta
2533 5133 2687 5189 sunt,
2731 5119 2968 5192 tempori
2999 5119 3312 5186 congruunt
3351 5116 3477 5163 ante
3507 5118 3654 5158 mor-

2078 5196 2224 5285 tem;
2257 5222 2374 5274 haec
2408 5223 2620 5281 autem,
2651 5224 2705 5272 et
2737 5229 2861 5286 quae
2898 5218 3229 5279 sequuntur,
3265 5196 3493 5269 tempori
3523 5203 3655 5267 post

2075 5313 2433 5383 sepulturam.

2147 5376 2255 5457 Fui
2308 5402 2445 5457 sicut
2477 5400 2629 5453 homo
2664 5395 2776 5450 sine
2805 5389 3097 5460 adiutorio.
3129 5384 3248 5438 Non
3286 5379 3423 5436 dixit
3452 5395 3470 5432 τ
3500 5376 3653 5432 Sicut

2073 5500 2227 5552 homo
2260 5493 2611 5567 simpliciter,
2644 5487 2778 5546 sed:
2807 5485 2961 5542 Sicut
2993 5483 3156 5537 homo
3198 5476 3318 5533 sine
3350 5470 3650 5543 adjutOrio.

1762 5680 1961 5743 Variae
1996 5677 2322 5741 lectiones.

464 5814 538 5882 (3)
575 5812 1153 5880 Perperammterpres
1172 5813 1390 5868 unic’am
1407 5807 1809 5869 scntcntiamin
1828 5807 1962 5863 duas
2000 5806 2182 5865 solvit.
2220 5798 2555 5859 Vcrtcndum
2593 5814 2607 5853 :
2650 5796 2732 5850 Ad
2782 5806 3006 5865 quorum
3093 5786 3483 5842 distinctionem
3564 5781 3654 5836 Is-

393 5884 595 5941 raelita:
627 5898 913 5955 cognomen
934 5884 1173 5938 additum
1204 5896 1306 5941 est.

1721 5969 1727 5989 ς
1759 5954 1769 5985 ὶ

2214 6007 2319 6018 ⁸....
