  <div class='ocr_page' id='page_1' title='image "/cluster/home/n/w/nwhite01/storage/ocr_20150623/128:no.1/coo.31924054870336/453.png"; bbox 0 0 4088 6442; ppageno 0'>
   <div class='ocr_carea' id='block_1_1' title="bbox 432 362 3697 446">
    <p class='ocr_par' dir='ltr' id='par_1_1' title="bbox 432 362 3697 446">
     <span class='ocr_line' id='line_1_1' title="bbox 432 362 3697 446; baseline -0.002 0"><span class='ocrx_word' id='word_1_1' title='bbox 432 362 537 446; x_wconf 72' lang='lat'><strong>891</strong></span> <span class='ocrx_word' id='word_1_2' title='bbox 1675 377 2059 441; x_wconf 84' lang='lat' dir='ltr'><strong>EUTI-IYMll</strong></span> <span class='ocrx_word' id='word_1_3' title='bbox 2087 378 2461 441; x_wconf 74' lang='lat' dir='ltr'><strong>ZIGABENI</strong></span> <span class='ocrx_word' id='word_1_4' title='bbox 3587 375 3697 439; x_wconf 73' lang='lat' dir='ltr'><strong>sas</strong></span> 
     </span>
    </p>
   </div>
   <div class='ocr_carea' id='block_1_2' title="bbox 437 489 2051 567">
    <p class='ocr_par' dir='ltr' id='par_1_2' title="bbox 437 492 2051 567">
     <span class='ocr_line' id='line_1_2' title="bbox 437 492 2051 567; baseline 0 -16"><span class='ocrx_word' id='word_1_5' title='bbox 437 494 634 551; x_wconf 87' lang='lat' dir='ltr'><strong>Omnes</strong></span> <span class='ocrx_word' id='word_1_6' title='bbox 694 493 862 560; x_wconf 87' lang='lat' dir='ltr'><strong>enim,</strong></span> <span class='ocrx_word' id='word_1_7' title='bbox 914 502 975 550; x_wconf 92' lang='lat' dir='ltr'><strong>ut</strong></span> <span class='ocrx_word' id='word_1_8' title='bbox 1031 494 1211 567; x_wconf 79' lang='lat' dir='ltr'><strong>inquit</strong></span> <span class='ocrx_word' id='word_1_9' title='bbox 1261 492 1631 566; x_wconf 82' lang='lat' dir='ltr'><strong>Evangelista,</strong></span> <span class='ocrx_word' id='word_1_10' title='bbox 1688 492 2051 551; x_wconf 44' lang='lat' dir='ltr'><strong>dimittentes.</strong></span> 
     </span>
    </p>
   </div>
   <div class='ocr_carea' id='block_1_3' title="bbox 2081 489 3695 567">
    <p class='ocr_par' dir='ltr' id='par_1_3' title="bbox 2081 489 3695 567">
     <span class='ocr_line' id='line_1_3' title="bbox 2081 489 3695 567; baseline -0.007 -17"><span class='ocrx_word' id='word_1_11' title='bbox 2081 520 2089 550; x_wconf 83' lang='lat' dir='ltr'><strong>l</strong></span> <span class='ocrx_word' id='word_1_12' title='bbox 2121 492 2237 545; x_wconf 78' lang='grc' dir='ltr'><strong>ἀλλ’</strong></span> <span class='ocrx_word' id='word_1_13' title='bbox 2267 492 2342 556; x_wconf 84' lang='grc' dir='ltr'><strong>ὠς</strong></span> <span class='ocrx_word' id='word_1_14' title='bbox 2368 491 2656 564; x_wconf 70' lang='grc' dir='ltr'><strong>ἄνθρωπος</strong></span> <span class='ocrx_word' id='word_1_15' title='bbox 2704 490 3011 562; x_wconf 74' lang='grc' dir='ltr'><strong>ἀϐοήθητος</strong></span> <span class='ocrx_word' id='word_1_16' title='bbox 3037 507 3051 523; x_wconf 88' lang='grc'><strong>·</strong></span> <span class='ocrx_word' id='word_1_17' title='bbox 3083 490 3308 557; x_wconf 72' lang='grc' dir='ltr'><strong>Πάντες</strong></span> <span class='ocrx_word' id='word_1_18' title='bbox 3343 489 3473 559; x_wconf 78' lang='grc' dir='ltr'><strong>γὰρ.</strong></span> <span class='ocrx_word' id='word_1_19' title='bbox 3494 492 3695 567; x_wconf 63' lang='grc' dir='ltr'><strong>¹φησιν,</strong></span> 
     </span>
    </p>
   </div>
   <div class='ocr_carea' id='block_1_4' title="bbox 433 578 2047 658">
    <p class='ocr_par' dir='ltr' id='par_1_4' title="bbox 433 584 2018 658">
     <span class='ocr_line' id='line_1_4' title="bbox 433 584 2018 658; baseline -0.002 -16"><span class='ocrx_word' id='word_1_20' title='bbox 433 598 555 642; x_wconf 81' lang='lat' dir='ltr'><strong>eum</strong></span> <span class='ocrx_word' id='word_1_21' title='bbox 587 587 833 657; x_wconf 80' lang='lat' dir='ltr'><strong>fugerunt</strong></span> <span class='ocrx_word' id='word_1_22' title='bbox 864 588 931 640; x_wconf 81' lang='lat'><strong>”.</strong></span> <span class='ocrx_word' id='word_1_23' title='bbox 972 586 1226 643; x_wconf 85' lang='lat' dir='ltr'><strong>Humano</strong></span> <span class='ocrx_word' id='word_1_24' title='bbox 1274 589 1441 658; x_wconf 84' lang='lat' dir='ltr'><strong>igitur</strong></span> <span class='ocrx_word' id='word_1_25' title='bbox 1472 586 1700 656; x_wconf 84' lang='lat' dir='ltr'><strong>judicio,</strong></span> <span class='ocrx_word' id='word_1_26' title='bbox 1743 584 1898 640; x_wconf 82' lang='lat' dir='ltr'><strong>visus</strong></span> <span class='ocrx_word' id='word_1_27' title='bbox 1932 594 2018 639; x_wconf 88' lang='lat' dir='ltr'><strong>est</strong></span> 
     </span>
    </p>
   </div>
   <div class='ocr_carea' id='block_1_5' title="bbox 2083 578 3697 658">
    <p class='ocr_par' dir='ltr' id='par_1_5' title="bbox 2121 578 3697 655">
     <span class='ocr_line' id='line_1_5' title="bbox 2121 578 3697 655; baseline -0.003 -17"><span class='ocrx_word' id='word_1_28' title='bbox 2121 583 2376 653; x_wconf 55' lang='grc' dir='ltr'><strong>ἀφέντι-’ς</strong></span> <span class='ocrx_word' id='word_1_29' title='bbox 2400 585 2606 649; x_wconf 73' lang='grc' dir='ltr'><strong>αὐτὸν,</strong></span> <span class='ocrx_word' id='word_1_30' title='bbox 2637 585 2893 655; x_wconf 61' lang='grc' dir='ltr'><strong>ἔφυγον.</strong></span> <span class='ocrx_word' id='word_1_31' title='bbox 2925 581 3110 649; x_wconf 84' lang='grc' dir='ltr'>Ἔδοξε</span> <span class='ocrx_word' id='word_1_32' title='bbox 3142 581 3242 652; x_wconf 75' lang='grc' dir='ltr'><strong>μὲν</strong></span> <span class='ocrx_word' id='word_1_33' title='bbox 3274 578 3366 635; x_wconf 81' lang='grc' dir='ltr'><strong>οὖν</strong></span> <span class='ocrx_word' id='word_1_34' title='bbox 3391 580 3697 652; x_wconf 77' lang='grc' dir='ltr'><strong>ἀὸοήθητος</strong></span> 
     </span>
    </p>
   </div>
   <div class='ocr_carea' id='block_1_6' title="bbox 437 672 2051 748">
    <p class='ocr_par' dir='ltr' id='par_1_6' title="bbox 437 677 2015 745">
     <span class='ocr_line' id='line_1_6' title="bbox 437 677 2015 745; baseline -0.002 -12"><span class='ocrx_word' id='word_1_35' title='bbox 437 681 587 734; x_wconf 89' lang='lat' dir='ltr'><strong>omni</strong></span> <span class='ocrx_word' id='word_1_36' title='bbox 618 695 741 735; x_wconf 87' lang='lat' dir='ltr'><strong>esse</strong></span> <span class='ocrx_word' id='word_1_37' title='bbox 771 680 979 735; x_wconf 79' lang='lat' dir='ltr'><strong>auxilio</strong></span> <span class='ocrx_word' id='word_1_38' title='bbox 1005 680 1326 745; x_wconf 85' lang='lat' dir='ltr'><strong>destitutus,</strong></span> <span class='ocrx_word' id='word_1_39' title='bbox 1372 680 1598 734; x_wconf 77' lang='lat' dir='ltr'><strong>tametsi</strong></span> <span class='ocrx_word' id='word_1_40' title='bbox 1637 694 1801 734; x_wconf 89' lang='lat' dir='ltr'><strong>secus</strong></span> <span class='ocrx_word' id='word_1_41' title='bbox 1829 677 2015 733; x_wconf 80' lang='lat' dir='ltr'><strong>fuerit.</strong></span> 
     </span>
    </p>
   </div>
   <div class='ocr_carea' id='block_1_7' title="bbox 2087 672 3701 748">
    <p class='ocr_par' dir='ltr' id='par_1_7' title="bbox 2120 672 3701 748">
     <span class='ocr_line' id='line_1_7' title="bbox 2120 672 3701 748; baseline -0.002 -19"><span class='ocrx_word' id='word_1_42' title='bbox 2120 680 2230 740; x_wconf 77' lang='grc' dir='ltr'><strong>τοῖς</strong></span> <span class='ocrx_word' id='word_1_43' title='bbox 2274 676 2588 747; x_wconf 84' lang='grc' dir='ltr'><strong>ἀνθρώποις</strong></span> <span class='ocrx_word' id='word_1_44' title='bbox 2610 718 2623 740; x_wconf 89' lang='lat'><strong>,</strong></span> <span class='ocrx_word' id='word_1_45' title='bbox 2655 678 2754 730; x_wconf 74' lang='grc' dir='ltr'><strong>οὐκ</strong></span> <span class='ocrx_word' id='word_1_46' title='bbox 2797 672 2865 748; x_wconf 78' lang='grc' dir='ltr'><strong>ἦν</strong></span> <span class='ocrx_word' id='word_1_47' title='bbox 2897 676 2953 730; x_wconf 76' lang='grc' dir='ltr'><strong>δέ</strong></span> <span class='ocrx_word' id='word_1_48' title='bbox 2983 691 2995 706; x_wconf 82' lang='grc'><em>’</em></span> <span class='ocrx_word' id='word_1_49' title='bbox 3054 676 3244 747; x_wconf 72' lang='grc' dir='ltr'><strong>εἴρηκε</strong></span> <span class='ocrx_word' id='word_1_50' title='bbox 3279 676 3389 744; x_wconf 79' lang='grc' dir='ltr'><strong>γὰρ</strong></span> <span class='ocrx_word' id='word_1_51' title='bbox 3426 675 3563 743; x_wconf 75' lang='grc' dir='ltr'><strong>πρὸς</strong></span> <span class='ocrx_word' id='word_1_52' title='bbox 3596 675 3701 726; x_wconf 79' lang='grc' dir='ltr'><strong>Πέ-</strong></span> 
     </span>
    </p>
   </div>
   <div class='ocr_carea' id='block_1_8' title="bbox 439 767 2053 842">
    <p class='ocr_par' dir='ltr' id='par_1_8' title="bbox 439 769 2016 842">
     <span class='ocr_line' id='line_1_8' title="bbox 439 769 2016 842; baseline 0.001 -19"><span class='ocrx_word' id='word_1_53' title='bbox 439 769 656 825; x_wconf 77' lang='lat' dir='ltr'><strong>Dixisse</strong></span> <span class='ocrx_word' id='word_1_54' title='bbox 693 773 837 825; x_wconf 90' lang='lat' dir='ltr'><strong>enim</strong></span> <span class='ocrx_word' id='word_1_55' title='bbox 868 786 992 826; x_wconf 89' lang='lat' dir='ltr'><strong>eum</strong></span> <span class='ocrx_word' id='word_1_56' title='bbox 1030 772 1264 842; x_wconf 76' lang='lat' dir='ltr'><strong>legimus</strong></span> <span class='ocrx_word' id='word_1_57' title='bbox 1306 772 1371 827; x_wconf 88' lang='lat' dir='ltr'><strong>ad</strong></span> <span class='ocrx_word' id='word_1_58' title='bbox 1406 769 1631 827; x_wconf 86' lang='lat' dir='ltr'><strong>Petrum</strong></span> <span class='ocrx_word' id='word_1_59' title='bbox 1663 789 1677 825; x_wconf 88' lang='lat'><strong>:</strong></span> <span class='ocrx_word' id='word_1_60' title='bbox 1720 771 1800 826; x_wconf 81' lang='lat' dir='ltr'><strong>An</strong></span> <span class='ocrx_word' id='word_1_61' title='bbox 1838 780 2016 838; x_wconf 86' lang='lat' dir='ltr'><strong>putas,</strong></span> 
     </span>
    </p>
   </div>
   <div class='ocr_carea' id='block_1_9' title="bbox 2088 767 3702 842">
    <p class='ocr_par' dir='ltr' id='par_1_9' title="bbox 2120 767 3702 837">
     <span class='ocr_line' id='line_1_9' title="bbox 2120 767 3702 837; baseline 0.001 -19"><span class='ocrx_word' id='word_1_62' title='bbox 2120 784 2247 834; x_wconf 81' lang='grc' dir='ltr'><strong>τρον</strong></span> <span class='ocrx_word' id='word_1_63' title='bbox 2273 783 2287 799; x_wconf 78' lang='grc'><em>’</em></span> <span class='ocrx_word' id='word_1_64' title='bbox 2316 767 2383 820; x_wconf 86' lang='grc' dir='ltr'>Ἡ</span> <span class='ocrx_word' id='word_1_65' title='bbox 2403 767 2601 834; x_wconf 75' lang='grc' dir='ltr'><strong>δοκεῖς</strong></span> <span class='ocrx_word' id='word_1_66' title='bbox 2621 768 2714 823; x_wconf 74' lang='grc' dir='ltr'><strong>ὅτι</strong></span> <span class='ocrx_word' id='word_1_67' title='bbox 2747 771 2819 823; x_wconf 86' lang='grc' dir='ltr'><strong>οὐ</strong></span> <span class='ocrx_word' id='word_1_68' title='bbox 2850 768 3107 837; x_wconf 72' lang='grc' dir='ltr'><strong>δύναμαι</strong></span> <span class='ocrx_word' id='word_1_69' title='bbox 3124 767 3253 835; x_wconf 79' lang='grc' dir='ltr'><strong>ἄρτι</strong></span> <span class='ocrx_word' id='word_1_70' title='bbox 3280 767 3702 835; x_wconf 72' lang='grc' dir='ltr'><strong>παρακαλέσαι</strong></span> 
     </span>
    </p>
   </div>
   <div class='ocr_carea' id='block_1_10' title="bbox 436 846 2050 934">
    <p class='ocr_par' dir='ltr' id='par_1_10' title="bbox 436 862 2016 934">
     <span class='ocr_line' id='line_1_10' title="bbox 436 862 2016 934; baseline 0.004 -23"><span class='ocrx_word' id='word_1_71' title='bbox 436 862 577 928; x_wconf 84' lang='lat' dir='ltr'><strong>quod</strong></span> <span class='ocrx_word' id='word_1_72' title='bbox 610 878 710 914; x_wconf 88' lang='lat' dir='ltr'><strong>non</strong></span> <span class='ocrx_word' id='word_1_73' title='bbox 738 865 936 930; x_wconf 84' lang='lat' dir='ltr'><strong>possim</strong></span> <span class='ocrx_word' id='word_1_74' title='bbox 965 880 1105 917; x_wconf 87' lang='lat' dir='ltr'><strong>nunc</strong></span> <span class='ocrx_word' id='word_1_75' title='bbox 1132 880 1321 934; x_wconf 85' lang='lat' dir='ltr'><strong>rogare</strong></span> <span class='ocrx_word' id='word_1_76' title='bbox 1344 864 1558 919; x_wconf 79' lang='lat' dir='ltr'><strong>Patrem</strong></span> <span class='ocrx_word' id='word_1_77' title='bbox 1583 880 1774 925; x_wconf 81' lang='lat' dir='ltr'><strong>meum,</strong></span> <span class='ocrx_word' id='word_1_78' title='bbox 1800 873 1849 917; x_wconf 82' lang='lat' dir='ltr'><strong>et</strong></span> <span class='ocrx_word' id='word_1_79' title='bbox 1880 866 2016 924; x_wconf 76' lang='lat' dir='ltr'><strong>pra:-</strong></span> 
     </span>
    </p>
   </div>
   <div class='ocr_carea' id='block_1_11' title="bbox 2084 846 3698 934">
    <p class='ocr_par' dir='ltr' id='par_1_11' title="bbox 2120 858 3698 929">
     <span class='ocr_line' id='line_1_11' title="bbox 2120 858 3698 929; baseline 0 -19"><span class='ocrx_word' id='word_1_80' title='bbox 2120 858 2230 911; x_wconf 76' lang='grc' dir='ltr'><strong>τὸν</strong></span> <span class='ocrx_word' id='word_1_81' title='bbox 2263 859 2495 927; x_wconf 82' lang='grc' dir='ltr'><strong>Πατέρα</strong></span> <span class='ocrx_word' id='word_1_82' title='bbox 2513 878 2656 929; x_wconf 83' lang='grc' dir='ltr'><strong>μου,</strong></span> <span class='ocrx_word' id='word_1_83' title='bbox 2706 862 2805 914; x_wconf 77' lang='grc' dir='ltr'><strong>καί</strong></span> <span class='ocrx_word' id='word_1_84' title='bbox 2836 858 3218 927; x_wconf 79' lang='grc' dir='ltr'><strong>παραστήσει</strong></span> <span class='ocrx_word' id='word_1_85' title='bbox 3247 877 3347 929; x_wconf 78' lang='grc' dir='ltr'><strong>μοι</strong></span> <span class='ocrx_word' id='word_1_86' title='bbox 3387 860 3638 925; x_wconf 72' lang='grc' dir='ltr'><strong>πλείους</strong></span> <span class='ocrx_word' id='word_1_87' title='bbox 3660 858 3698 926; x_wconf 82' lang='grc' dir='ltr'>ἢ</span> 
     </span>
    </p>
   </div>
   <div class='ocr_carea' id='block_1_12' title="bbox 436 950 2050 1025">
    <p class='ocr_par' dir='ltr' id='par_1_12' title="bbox 436 951 2020 1025">
     <span class='ocr_line' id='line_1_12' title="bbox 436 951 2020 1025; baseline 0.003 -21"><span class='ocrx_word' id='word_1_88' title='bbox 436 951 603 1005; x_wconf 78' lang='lat' dir='ltr'><strong>stabit</strong></span> <span class='ocrx_word' id='word_1_89' title='bbox 654 954 786 1007; x_wconf 82' lang='lat' dir='ltr'><strong>mihi</strong></span> <span class='ocrx_word' id='word_1_90' title='bbox 840 955 1125 1023; x_wconf 78' lang='lat' dir='ltr'><strong>plusquam</strong></span> <span class='ocrx_word' id='word_1_91' title='bbox 1180 955 1462 1010; x_wconf 81' lang='lat' dir='ltr'><strong>duodecim</strong></span> <span class='ocrx_word' id='word_1_92' title='bbox 1522 955 1748 1025; x_wconf 74' lang='lat' dir='ltr'><strong>legiones</strong></span> <span class='ocrx_word' id='word_1_93' title='bbox 1805 955 2020 1025; x_wconf 83' lang='lat' dir='ltr'><strong>angelo-</strong></span> 
     </span>
    </p>
   </div>
   <div class='ocr_carea' id='block_1_13' title="bbox 1412 950 3026 1025">
    <p class='ocr_par' dir='ltr' id='par_1_13' title="bbox 1414 950 3026 1025">
     <span class='ocr_line' id='line_1_13' title="bbox 1414 950 3026 1025; baseline 0.001 -19"><span class='ocrx_word' id='word_1_94' title='bbox 1414 973 1462 1008; x_wconf 88' lang='lat' dir='ltr'><strong>m</strong></span> <span class='ocrx_word' id='word_1_95' title='bbox 1522 955 1748 1025; x_wconf 74' lang='lat' dir='ltr'><strong>legiones</strong></span> <span class='ocrx_word' id='word_1_96' title='bbox 1805 955 2020 1025; x_wconf 83' lang='lat' dir='ltr'><strong>angelo-</strong></span> <span class='ocrx_word' id='word_1_97' title='bbox 2120 950 2350 1006; x_wconf 75' lang='grc' dir='ltr'><strong>δώδεκα</strong></span> <span class='ocrx_word' id='word_1_98' title='bbox 2379 953 2680 1022; x_wconf 72' lang='grc' dir='ltr'><strong>λεγεῶνας</strong></span> <span class='ocrx_word' id='word_1_99' title='bbox 2713 956 2990 1025; x_wconf 70' lang='grc' dir='ltr'><strong>ἀγγέλων</strong></span> <span class='ocrx_word' id='word_1_100' title='bbox 3005 969 3026 1018; x_wconf 87' lang='grc'><strong><em>;</em></strong></span> 
     </span>
    </p>
   </div>
   <div class='ocr_carea' id='block_1_14' title="bbox 441 1039 684 1094">
    <p class='ocr_par' dir='ltr' id='par_1_14' title="bbox 441 1039 684 1094">
     <span class='ocr_line' id='line_1_14' title="bbox 441 1039 684 1094; baseline 0 -5"><span class='ocrx_word' id='word_1_101' title='bbox 441 1054 557 1091; x_wconf 86' lang='lat' dir='ltr'><strong>rum</strong></span> <span class='ocrx_word' id='word_1_102' title='bbox 589 1039 636 1071; x_wconf 78' lang='lat'>&quot;</span> <span class='ocrx_word' id='word_1_103' title='bbox 660 1040 684 1094; x_wconf 89' lang='lat'><strong>?</strong></span> 
     </span>
    </p>
   </div>
   <div class='ocr_carea' id='block_1_15' title="bbox 512 1130 2126 1210">
    <p class='ocr_par' dir='ltr' id='par_1_15' title="bbox 512 1130 2018 1206">
     <span class='ocr_line' id='line_1_15' title="bbox 512 1130 2018 1206; baseline 0.005 -22"><span class='ocrx_word' id='word_1_104' title='bbox 512 1130 581 1184; x_wconf 84' lang='lat' dir='ltr'><strong>In</strong></span> <span class='ocrx_word' id='word_1_105' title='bbox 616 1133 841 1188; x_wconf 81' lang='lat' dir='ltr'><strong>mortuis</strong></span> <span class='ocrx_word' id='word_1_106' title='bbox 876 1133 1032 1189; x_wconf 87' lang='lat' dir='ltr'><strong>liber.</strong></span> <span class='ocrx_word' id='word_1_107' title='bbox 1073 1134 1283 1191; x_wconf 85' lang='lat' dir='ltr'><strong>Libera</strong></span> <span class='ocrx_word' id='word_1_108' title='bbox 1313 1137 1693 1206; x_wconf 86' lang='lat' dir='ltr'><strong>corruptione,</strong></span> <span class='ocrx_word' id='word_1_109' title='bbox 1729 1138 1815 1192; x_wconf 90' lang='lat' dir='ltr'><strong>vel</strong></span> <span class='ocrx_word' id='word_1_110' title='bbox 1850 1140 2018 1193; x_wconf 74' lang='lat' dir='ltr'><strong>etiam</strong></span> 
     </span>
    </p>
   </div>
   <div class='ocr_carea' id='block_1_16' title="bbox 2087 1130 3701 1210">
    <p class='ocr_par' dir='ltr' id='par_1_16' title="bbox 2199 1136 3701 1210">
     <span class='ocr_line' id='line_1_16' title="bbox 2199 1136 3701 1210; baseline -0.001 -18"><span class='ocrx_word' id='word_1_111' title='bbox 2199 1136 2305 1192; x_wconf 77' lang='grc' dir='ltr'><strong>Ἐν</strong></span> <span class='ocrx_word' id='word_1_112' title='bbox 2334 1141 2572 1207; x_wconf 76' lang='grc' dir='ltr'><strong>νεκροῖς</strong></span> <span class='ocrx_word' id='word_1_113' title='bbox 2612 1141 2952 1208; x_wconf 71' lang='grc' dir='ltr'><strong>ἐλεύθερος.</strong></span> <span class='ocrx_word' id='word_1_114' title='bbox 3007 1137 3325 1210; x_wconf 81' lang='grc' dir='ltr'><strong>Ἐλεύθερος</strong></span> <span class='ocrx_word' id='word_1_115' title='bbox 3358 1137 3659 1208; x_wconf 75' lang='grc' dir='ltr'><strong>διαφθορᾶς</strong></span> <span class='ocrx_word' id='word_1_116' title='bbox 3686 1152 3701 1169; x_wconf 78' lang='grc'><strong><em>⁸</em></strong></span> 
     </span>
    </p>
   </div>
   <div class='ocr_carea' id='block_1_17' title="bbox 439 1226 2053 1305">
    <p class='ocr_par' dir='ltr' id='par_1_17' title="bbox 439 1226 2021 1294">
     <span class='ocr_line' id='line_1_17' title="bbox 439 1226 2021 1294; baseline 0.004 -15"><span class='ocrx_word' id='word_1_117' title='bbox 439 1226 602 1291; x_wconf 84' lang='lat' dir='ltr'><strong>liber,</strong></span> <span class='ocrx_word' id='word_1_118' title='bbox 635 1227 764 1294; x_wconf 84' lang='lat' dir='ltr'><strong>quia</strong></span> <span class='ocrx_word' id='word_1_119' title='bbox 801 1241 909 1280; x_wconf 88' lang='lat' dir='ltr'><strong>non</strong></span> <span class='ocrx_word' id='word_1_120' title='bbox 962 1227 1031 1281; x_wconf 86' lang='lat' dir='ltr'><strong>ab</strong></span> <span class='ocrx_word' id='word_1_121' title='bbox 1077 1228 1288 1293; x_wconf 69' lang='lat' dir='ltr'><strong>angelis</strong></span> <span class='ocrx_word' id='word_1_122' title='bbox 1337 1228 1391 1282; x_wconf 90' lang='lat' dir='ltr'><strong>in</strong></span> <span class='ocrx_word' id='word_1_123' title='bbox 1431 1227 1709 1282; x_wconf 82' lang='lat' dir='ltr'><strong>infernum</strong></span> <span class='ocrx_word' id='word_1_124' title='bbox 1746 1229 2021 1285; x_wconf 86' lang='lat' dir='ltr'><strong>deductus</strong></span> 
     </span>
    </p>
   </div>
   <div class='ocr_carea' id='block_1_18' title="bbox 2091 1226 3705 1305">
    <p class='ocr_par' dir='ltr' id='par_1_18' title="bbox 2122 1232 3705 1305">
     <span class='ocr_line' id='line_1_18' title="bbox 2122 1232 3705 1305; baseline -0.001 -18"><span class='ocrx_word' id='word_1_125' title='bbox 2122 1232 2180 1302; x_wconf 82' lang='grc' dir='ltr'><strong>ἢ,</strong></span> <span class='ocrx_word' id='word_1_126' title='bbox 2233 1232 2306 1302; x_wconf 80' lang='grc' dir='ltr'><strong>μὴ</strong></span> <span class='ocrx_word' id='word_1_127' title='bbox 2356 1232 2450 1287; x_wconf 79' lang='grc' dir='ltr'><strong>ὑπ’</strong></span> <span class='ocrx_word' id='word_1_128' title='bbox 2488 1232 2664 1288; x_wconf 78' lang='grc' dir='ltr'><strong>ἄλλων</strong></span> <span class='ocrx_word' id='word_1_129' title='bbox 2714 1234 3091 1305; x_wconf 79' lang='grc' dir='ltr'><strong>καταγόμενος</strong></span> <span class='ocrx_word' id='word_1_130' title='bbox 3120 1234 3203 1296; x_wconf 85' lang='grc' dir='ltr'><strong>εἰς</strong></span> <span class='ocrx_word' id='word_1_131' title='bbox 3243 1233 3336 1286; x_wconf 72' lang='grc' dir='ltr'><strong>τὸν</strong></span> <span class='ocrx_word' id='word_1_132' title='bbox 3369 1232 3524 1304; x_wconf 74' lang='grc' dir='ltr'><strong>ᾅδην,</strong></span> <span class='ocrx_word' id='word_1_133' title='bbox 3569 1232 3705 1286; x_wconf 78' lang='grc' dir='ltr'><strong>ἀλλὰ</strong></span> 
     </span>
    </p>
   </div>
   <div class='ocr_carea' id='block_1_19' title="bbox 391 1317 2005 1397">
    <p class='ocr_par' dir='ltr' id='par_1_19' title="bbox 391 1317 2005 1383">
     <span class='ocr_line' id='line_1_19' title="bbox 391 1317 2005 1383; baseline 0.004 -16"><span class='ocrx_word' id='word_1_134' title='bbox 391 1358 395 1367; x_wconf 93' lang='grc'><em>.</em></span> <span class='ocrx_word' id='word_1_135' title='bbox 441 1332 589 1379; x_wconf 89' lang='lat' dir='ltr'><strong>sum,</strong></span> <span class='ocrx_word' id='word_1_136' title='bbox 624 1317 717 1373; x_wconf 88' lang='lat' dir='ltr'><strong>sed</strong></span> <span class='ocrx_word' id='word_1_137' title='bbox 752 1318 905 1374; x_wconf 89' lang='lat' dir='ltr'><strong>solus</strong></span> <span class='ocrx_word' id='word_1_138' title='bbox 964 1320 1264 1383; x_wconf 84' lang='lat' dir='ltr'><strong>descendi;</strong></span> <span class='ocrx_word' id='word_1_139' title='bbox 1323 1321 1608 1376; x_wconf 84' lang='lat' dir='ltr'><strong>subaudiri</strong></span> <span class='ocrx_word' id='word_1_140' title='bbox 1656 1321 1799 1377; x_wconf 90' lang='lat' dir='ltr'><strong>enim</strong></span> <span class='ocrx_word' id='word_1_141' title='bbox 1856 1322 2005 1378; x_wconf 80' lang='lat' dir='ltr'><strong>debel</strong></span> 
     </span>
    </p>
   </div>
   <div class='ocr_carea' id='block_1_20' title="bbox 2085 1317 3699 1397">
    <p class='ocr_par' dir='ltr' id='par_1_20' title="bbox 2126 1323 3699 1397">
     <span class='ocr_line' id='line_1_20' title="bbox 2126 1323 3699 1397; baseline 0.001 -21"><span class='ocrx_word' id='word_1_142' title='bbox 2126 1323 2292 1392; x_wconf 82' lang='grc' dir='ltr'><strong>μόνος</strong></span> <span class='ocrx_word' id='word_1_143' title='bbox 2317 1325 2542 1380; x_wconf 82' lang='grc' dir='ltr'><strong>κατιών.</strong></span> <span class='ocrx_word' id='word_1_144' title='bbox 2580 1327 3107 1397; x_wconf 83' lang='grc' dir='ltr'><strong>Προσυπακουστέον</strong></span> <span class='ocrx_word' id='word_1_145' title='bbox 3134 1329 3189 1381; x_wconf 86' lang='grc' dir='ltr'><strong>δὲ</strong></span> <span class='ocrx_word' id='word_1_146' title='bbox 3219 1333 3302 1393; x_wconf 63' lang='lat' dir='ltr'><strong>to,</strong></span> <span class='ocrx_word' id='word_1_147' title='bbox 3358 1325 3699 1396; x_wconf 75' lang='grc' dir='ltr'><strong>Ἐγενήθην.</strong></span> 
     </span>
    </p>
   </div>
   <div class='ocr_carea' id='block_1_21' title="bbox 438 1407 2052 1490">
    <p class='ocr_par' dir='ltr' id='par_1_21' title="bbox 438 1407 2016 1482">
     <span class='ocr_line' id='line_1_21' title="bbox 438 1407 2016 1482; baseline 0.004 -22"><span class='ocrx_word' id='word_1_148' title='bbox 438 1410 694 1474; x_wconf 80' lang='lat' dir='ltr'><strong>verbum,</strong></span> <span class='ocrx_word' id='word_1_149' title='bbox 727 1407 879 1464; x_wconf 84' lang='lat' dir='ltr'><strong>Fuit.</strong></span> <span class='ocrx_word' id='word_1_150' title='bbox 932 1412 1182 1479; x_wconf 75' lang='lat' dir='ltr'><strong>Accessi,</strong></span> <span class='ocrx_word' id='word_1_151' title='bbox 1215 1412 1412 1482; x_wconf 90' lang='lat' dir='ltr'><strong>inquit,</strong></span> <span class='ocrx_word' id='word_1_152' title='bbox 1446 1412 1512 1467; x_wconf 86' lang='lat' dir='ltr'><strong>ad</strong></span> <span class='ocrx_word' id='word_1_153' title='bbox 1562 1421 1809 1467; x_wconf 70' lang='lat' dir='ltr'><strong>mortuos</strong></span> <span class='ocrx_word' id='word_1_154' title='bbox 1858 1413 2016 1476; x_wconf 86' lang='lat' dir='ltr'><strong>liber,</strong></span> 
     </span>
    </p>
   </div>
   <div class='ocr_carea' id='block_1_22' title="bbox 2087 1407 3701 1490">
    <p class='ocr_par' dir='ltr' id='par_1_22' title="bbox 2136 1417 3701 1490">
     <span class='ocr_line' id='line_1_22' title="bbox 2136 1417 3701 1490; baseline -0.003 -19"><span class='ocrx_word' id='word_1_155' title='bbox 2136 1418 2444 1489; x_wconf 71' lang='grc' dir='ltr'><strong>’Δφικόμην</strong></span> <span class='ocrx_word' id='word_1_156' title='bbox 2495 1421 2575 1483; x_wconf 82' lang='grc' dir='ltr'><strong>είς</strong></span> <span class='ocrx_word' id='word_1_157' title='bbox 2618 1420 2748 1483; x_wconf 76' lang='grc' dir='ltr'><strong>τοὺς</strong></span> <span class='ocrx_word' id='word_1_158' title='bbox 2803 1418 3035 1488; x_wconf 83' lang='grc' dir='ltr'><strong>νεκροὺς</strong></span> <span class='ocrx_word' id='word_1_159' title='bbox 3102 1418 3491 1490; x_wconf 75' lang='grc' dir='ltr'><strong>ὲλεύθερος,,ὄ</strong></span> <span class='ocrx_word' id='word_1_160' title='bbox 3530 1417 3701 1481; x_wconf 82' lang='grc' dir='ltr'><strong>ἐστιν,</strong></span> 
     </span>
    </p>
   </div>
   <div class='ocr_carea' id='block_1_23' title="bbox 438 1501 2052 1585">
    <p class='ocr_par' dir='ltr' id='par_1_23' title="bbox 438 1501 2020 1578">
     <span class='ocr_line' id='line_1_23' title="bbox 438 1501 2020 1578; baseline 0.003 -22"><span class='ocrx_word' id='word_1_161' title='bbox 438 1501 544 1556; x_wconf 84' lang='lat' dir='ltr'><strong>hoc</strong></span> <span class='ocrx_word' id='word_1_162' title='bbox 595 1512 712 1567; x_wconf 86' lang='lat' dir='ltr'><strong>est,</strong></span> <span class='ocrx_word' id='word_1_163' title='bbox 765 1503 958 1559; x_wconf 90' lang='lat' dir='ltr'><strong>insons</strong></span> <span class='ocrx_word' id='word_1_164' title='bbox 995 1514 1159 1575; x_wconf 81' lang='lat' dir='ltr'><strong>atque</strong></span> <span class='ocrx_word' id='word_1_165' title='bbox 1226 1506 1535 1570; x_wconf 85' lang='lat' dir='ltr'><strong>innocens,</strong></span> <span class='ocrx_word' id='word_1_166' title='bbox 1582 1506 1736 1560; x_wconf 84' lang='lat' dir='ltr'><strong>abest</strong></span> <span class='ocrx_word' id='word_1_167' title='bbox 1766 1505 1911 1559; x_wconf 89' lang='lat' dir='ltr'><strong>enim</strong></span> <span class='ocrx_word' id='word_1_168' title='bbox 1951 1504 2020 1578; x_wconf 67' lang='grc' dir='ltr'><strong>(Α</strong></span> 
     </span>
    </p>
   </div>
   <div class='ocr_carea' id='block_1_24' title="bbox 2091 1501 3705 1585">
    <p class='ocr_par' dir='ltr' id='par_1_24' title="bbox 2123 1508 3705 1585">
     <span class='ocr_line' id='line_1_24' title="bbox 2123 1508 3705 1585; baseline -0.001 -22"><span class='ocrx_word' id='word_1_169' title='bbox 2123 1511 2387 1576; x_wconf 73' lang='grc' dir='ltr'><strong>ἀναίτιος,</strong></span> <span class='ocrx_word' id='word_1_170' title='bbox 2417 1510 2757 1576; x_wconf 75' lang='grc' dir='ltr'><strong>ἐλλείποντος</strong></span> <span class='ocrx_word' id='word_1_171' title='bbox 2788 1512 2882 1566; x_wconf 79' lang='grc' dir='ltr'><strong>τοῦ</strong></span> <span class='ocrx_word' id='word_1_172' title='bbox 2920 1512 3149 1585; x_wconf 76' lang='grc' dir='ltr'><strong>ἄρθρου.</strong></span> <span class='ocrx_word' id='word_1_173' title='bbox 3186 1514 3249 1566; x_wconf 85' lang='lat' dir='ltr'><strong>Ol</strong></span> <span class='ocrx_word' id='word_1_174' title='bbox 3276 1512 3377 1582; x_wconf 83' lang='grc' dir='ltr'><strong>μὲν</strong></span> <span class='ocrx_word' id='word_1_175' title='bbox 3411 1510 3518 1582; x_wconf 80' lang='grc' dir='ltr'><strong>γὰρ</strong></span> <span class='ocrx_word' id='word_1_176' title='bbox 3553 1508 3705 1563; x_wconf 81' lang='grc' dir='ltr'><strong>ἄλλοι</strong></span> 
     </span>
    </p>
   </div>
   <div class='ocr_carea' id='block_1_25' title="bbox 438 1591 2052 1674">
    <p class='ocr_par' dir='ltr' id='par_1_25' title="bbox 438 1591 2023 1665">
     <span class='ocr_line' id='line_1_25' title="bbox 438 1591 2023 1665; baseline 0.004 -20"><span class='ocrx_word' id='word_1_177' title='bbox 438 1591 639 1662; x_wconf 88' lang='lat' dir='ltr'><strong>culpa).</strong></span> <span class='ocrx_word' id='word_1_178' title='bbox 692 1593 896 1649; x_wconf 85' lang='lat' dir='ltr'><strong>Omnes</strong></span> <span class='ocrx_word' id='word_1_179' title='bbox 941 1597 1086 1650; x_wconf 87' lang='lat' dir='ltr'><strong>enim</strong></span> <span class='ocrx_word' id='word_1_180' title='bbox 1112 1595 1206 1650; x_wconf 87' lang='lat' dir='ltr'><strong>alii</strong></span> <span class='ocrx_word' id='word_1_181' title='bbox 1260 1605 1549 1665; x_wconf 78' lang='lat' dir='ltr'><strong>peccatum</strong></span> <span class='ocrx_word' id='word_1_182' title='bbox 1598 1611 1785 1650; x_wconf 75' lang='lat' dir='ltr'><strong>secum</strong></span> <span class='ocrx_word' id='word_1_183' title='bbox 1818 1595 2023 1651; x_wconf 80' lang='lat' dir='ltr'><strong>habent</strong></span> 
     </span>
    </p>
   </div>
   <div class='ocr_carea' id='block_1_26' title="bbox 2091 1591 3705 1674">
    <p class='ocr_par' dir='ltr' id='par_1_26' title="bbox 2124 1599 3705 1674">
     <span class='ocr_line' id='line_1_26' title="bbox 2124 1599 3705 1674; baseline -0.003 -19"><span class='ocrx_word' id='word_1_184' title='bbox 2124 1602 2330 1666; x_wconf 77' lang='grc' dir='ltr'><strong>πάντες</strong></span> <span class='ocrx_word' id='word_1_185' title='bbox 2357 1602 2536 1657; x_wconf 85' lang='grc' dir='ltr'><strong>αἰτίαν</strong></span> <span class='ocrx_word' id='word_1_186' title='bbox 2565 1602 2751 1673; x_wconf 74' lang='grc' dir='ltr'><strong>ἔχουσι</strong></span> <span class='ocrx_word' id='word_1_187' title='bbox 2777 1603 3012 1658; x_wconf 87' lang='grc' dir='ltr'><strong>θανάτου</strong></span> <span class='ocrx_word' id='word_1_188' title='bbox 3048 1602 3145 1674; x_wconf 85' lang='grc' dir='ltr'><strong>τὴν</strong></span> <span class='ocrx_word' id='word_1_189' title='bbox 3170 1603 3479 1673; x_wconf 81' lang='grc' dir='ltr'><strong>ἁμαρτίανο</strong></span> <span class='ocrx_word' id='word_1_190' title='bbox 3527 1599 3705 1653; x_wconf 82' lang='grc' dir='ltr'><strong>ἐπιτί-</strong></span> 
     </span>
    </p>
   </div>
   <div class='ocr_carea' id='block_1_27' title="bbox 437 1687 2051 1767">
    <p class='ocr_par' dir='ltr' id='par_1_27' title="bbox 437 1687 2019 1761">
     <span class='ocr_line' id='line_1_27' title="bbox 437 1687 2019 1761; baseline 0.004 -24"><span class='ocrx_word' id='word_1_191' title='bbox 437 1693 497 1738; x_wconf 89' lang='lat' dir='ltr'><strong>ut</strong></span> <span class='ocrx_word' id='word_1_192' title='bbox 543 1701 766 1741; x_wconf 85' lang='lat' dir='ltr'><strong>causam</strong></span> <span class='ocrx_word' id='word_1_193' title='bbox 797 1690 1012 1742; x_wconf 88' lang='lat' dir='ltr'><strong>mortis.</strong></span> <span class='ocrx_word' id='word_1_194' title='bbox 1050 1687 1215 1745; x_wconf 84' lang='lat' dir='ltr'><strong>Poena</strong></span> <span class='ocrx_word' id='word_1_195' title='bbox 1265 1690 1412 1744; x_wconf 88' lang='lat' dir='ltr'><strong>enim</strong></span> <span class='ocrx_word' id='word_1_196' title='bbox 1467 1704 1533 1744; x_wconf 89' lang='lat' dir='ltr'><strong>ac</strong></span> <span class='ocrx_word' id='word_1_197' title='bbox 1574 1692 1748 1744; x_wconf 88' lang='lat' dir='ltr'><strong>multa</strong></span> <span class='ocrx_word' id='word_1_198' title='bbox 1779 1691 2019 1761; x_wconf 90' lang='lat' dir='ltr'><strong>peccati,</strong></span> 
     </span>
    </p>
   </div>
   <div class='ocr_carea' id='block_1_28' title="bbox 2093 1687 3707 1767">
    <p class='ocr_par' dir='ltr' id='par_1_28' title="bbox 2128 1693 3707 1767">
     <span class='ocr_line' id='line_1_28' title="bbox 2128 1693 3707 1767; baseline -0.002 -18"><span class='ocrx_word' id='word_1_199' title='bbox 2128 1712 2250 1765; x_wconf 84' lang='grc' dir='ltr'><strong>μιον</strong></span> <span class='ocrx_word' id='word_1_200' title='bbox 2274 1694 2382 1764; x_wconf 80' lang='grc' dir='ltr'><strong>γὰρ</strong></span> <span class='ocrx_word' id='word_1_201' title='bbox 2401 1697 2499 1765; x_wconf 80' lang='grc' dir='ltr'><strong>τῆς</strong></span> <span class='ocrx_word' id='word_1_202' title='bbox 2520 1696 2799 1767; x_wconf 81' lang='grc' dir='ltr'><strong>ἁμαρτίας</strong></span> <span class='ocrx_word' id='word_1_203' title='bbox 2828 1698 2855 1750; x_wconf 86' lang='grc' dir='ltr'>ὀ</span> <span class='ocrx_word' id='word_1_204' title='bbox 2905 1696 3156 1760; x_wconf 82' lang='grc' dir='ltr'><strong>Θάνατος·</strong></span> <span class='ocrx_word' id='word_1_205' title='bbox 3181 1695 3344 1765; x_wconf 80' lang='grc' dir='ltr'><strong>μόνος</strong></span> <span class='ocrx_word' id='word_1_206' title='bbox 3365 1693 3420 1748; x_wconf 79' lang='grc' dir='ltr'><strong>δέ</strong></span> <span class='ocrx_word' id='word_1_207' title='bbox 3440 1694 3707 1758; x_wconf 81' lang='grc' dir='ltr'><strong>ἀναίτιος,</strong></span> 
     </span>
    </p>
   </div>
   <div class='ocr_carea' id='block_1_29' title="bbox 438 1778 2052 1884">
    <p class='ocr_par' dir='ltr' id='par_1_29' title="bbox 438 1778 2018 1851">
     <span class='ocr_line' id='line_1_29' title="bbox 438 1778 2018 1851; baseline 0.006 -23"><span class='ocrx_word' id='word_1_208' title='bbox 438 1791 626 1843; x_wconf 89' lang='lat' dir='ltr'><strong>mors;</strong></span> <span class='ocrx_word' id='word_1_209' title='bbox 677 1778 827 1834; x_wconf 83' lang='lat' dir='ltr'><strong>solus</strong></span> <span class='ocrx_word' id='word_1_210' title='bbox 878 1788 1063 1836; x_wconf 90' lang='lat' dir='ltr'><strong>autem</strong></span> <span class='ocrx_word' id='word_1_211' title='bbox 1110 1780 1369 1836; x_wconf 82' lang='lat' dir='ltr'><strong>Christus</strong></span> <span class='ocrx_word' id='word_1_212' title='bbox 1402 1782 1617 1846; x_wconf 89' lang='lat' dir='ltr'><strong>insons,</strong></span> <span class='ocrx_word' id='word_1_213' title='bbox 1646 1789 1702 1837; x_wconf 91' lang='lat' dir='ltr'><strong>et</strong></span> <span class='ocrx_word' id='word_1_214' title='bbox 1734 1783 1856 1837; x_wconf 89' lang='lat' dir='ltr'><strong>sine</strong></span> <span class='ocrx_word' id='word_1_215' title='bbox 1887 1796 2018 1851; x_wconf 85' lang='lat' dir='ltr'><strong>pec-</strong></span> 
     </span>
    </p>
   </div>
   <div class='ocr_carea' id='block_1_30' title="bbox 2096 1778 3710 1884">
    <p class='ocr_par' dir='ltr' id='par_1_30' title="bbox 2122 1783 3710 1861">
     <span class='ocr_line' id='line_1_30' title="bbox 2122 1783 3710 1861; baseline -0.003 -21"><span class='ocrx_word' id='word_1_216' title='bbox 2122 1787 2199 1853; x_wconf 81' lang='grc' dir='ltr'><strong>ὠς</strong></span> <span class='ocrx_word' id='word_1_217' title='bbox 2242 1789 2649 1861; x_wconf 77' lang='grc' dir='ltr'><strong>ἀναμάρτητος,</strong></span> <span class='ocrx_word' id='word_1_218' title='bbox 2681 1789 2709 1841; x_wconf 82' lang='grc' dir='ltr'><strong>ό</strong></span> <span class='ocrx_word' id='word_1_219' title='bbox 2745 1788 3002 1860; x_wconf 79' lang='grc' dir='ltr'><strong>Χριστός.</strong></span> <span class='ocrx_word' id='word_1_220' title='bbox 3059 1788 3131 1841; x_wconf 87' lang='grc' dir='ltr'><em>Ἢ</em></span> <span class='ocrx_word' id='word_1_221' title='bbox 3161 1786 3470 1857; x_wconf 78' lang='grc' dir='ltr'><strong>ἐλεύθερος,</strong></span> <span class='ocrx_word' id='word_1_222' title='bbox 3495 1784 3573 1847; x_wconf 86' lang='grc' dir='ltr'><strong>ὠς</strong></span> <span class='ocrx_word' id='word_1_223' title='bbox 3597 1783 3710 1837; x_wconf 85' lang='grc' dir='ltr'><strong>τῶν</strong></span> 
     </span>
    </p>
   </div>
   <div class='ocr_carea' id='block_1_31' title="bbox 438 1868 2052 1951">
    <p class='ocr_par' dir='ltr' id='par_1_31' title="bbox 438 1868 2020 1942">
     <span class='ocr_line' id='line_1_31' title="bbox 438 1868 2020 1942; baseline 0.004 -20"><span class='ocrx_word' id='word_1_224' title='bbox 438 1877 563 1922; x_wconf 82' lang='lat' dir='ltr'><strong>cato</strong></span> <span class='ocrx_word' id='word_1_225' title='bbox 590 1868 657 1923; x_wconf 89' lang='lat' dir='ltr'><strong>ad</strong></span> <span class='ocrx_word' id='word_1_226' title='bbox 694 1879 926 1926; x_wconf 89' lang='lat' dir='ltr'><strong>mortem</strong></span> <span class='ocrx_word' id='word_1_227' title='bbox 959 1873 1217 1928; x_wconf 87' lang='lat' dir='ltr'><strong>accessit.</strong></span> <span class='ocrx_word' id='word_1_228' title='bbox 1246 1872 1345 1928; x_wconf 82' lang='lat' dir='ltr'><strong>Vel</strong></span> <span class='ocrx_word' id='word_1_229' title='bbox 1370 1870 1554 1937; x_wconf 83' lang='lat' dir='ltr'><strong>Liber,</strong></span> <span class='ocrx_word' id='word_1_230' title='bbox 1587 1872 1716 1942; x_wconf 89' lang='lat' dir='ltr'><strong>quia</strong></span> <span class='ocrx_word' id='word_1_231' title='bbox 1742 1872 1832 1926; x_wconf 89' lang='lat' dir='ltr'><strong>alii</strong></span> <span class='ocrx_word' id='word_1_232' title='bbox 1864 1872 2020 1927; x_wconf 84' lang='lat' dir='ltr'><strong>inviti</strong></span> 
     </span>
    </p>
   </div>
   <div class='ocr_carea' id='block_1_32' title="bbox 2097 1868 3711 1951">
    <p class='ocr_par' dir='ltr' id='par_1_32' title="bbox 2131 1874 3711 1951">
     <span class='ocr_line' id='line_1_32' title="bbox 2131 1874 3711 1951; baseline -0.003 -17"><span class='ocrx_word' id='word_1_233' title='bbox 2131 1879 2309 1934; x_wconf 80' lang='grc' dir='ltr'><strong>ἄλλων</strong></span> <span class='ocrx_word' id='word_1_234' title='bbox 2367 1878 2469 1951; x_wconf 79' lang='grc' dir='ltr'><strong>μὲν</strong></span> <span class='ocrx_word' id='word_1_235' title='bbox 2519 1878 2766 1933; x_wconf 83' lang='grc' dir='ltr'><strong>ἀκόντων</strong></span> <span class='ocrx_word' id='word_1_236' title='bbox 2794 1877 3274 1948; x_wconf 80' lang='grc' dir='ltr'><strong>ἀποθνησκόντων,</strong></span> <span class='ocrx_word' id='word_1_237' title='bbox 3311 1877 3408 1930; x_wconf 72' lang='grc' dir='ltr'><strong>καὶ</strong></span> <span class='ocrx_word' id='word_1_238' title='bbox 3435 1875 3522 1930; x_wconf 88' lang='grc' dir='ltr'><strong>διά</strong></span> <span class='ocrx_word' id='word_1_239' title='bbox 3550 1874 3711 1930; x_wconf 76' lang='grc' dir='ltr'><strong>τοῦτο</strong></span> 
     </span>
    </p>
   </div>
   <div class='ocr_carea' id='block_1_33' title="bbox 438 1959 2052 2040">
    <p class='ocr_par' dir='ltr' id='par_1_33' title="bbox 438 1959 2020 2025">
     <span class='ocr_line' id='line_1_33' title="bbox 438 1959 2020 2025; baseline 0.006 -15"><span class='ocrx_word' id='word_1_240' title='bbox 438 1959 777 2025; x_wconf 84' lang='lat' dir='ltr'><strong>moriuntur,</strong></span> <span class='ocrx_word' id='word_1_241' title='bbox 832 1968 887 2016; x_wconf 91' lang='lat' dir='ltr'><strong>et</strong></span> <span class='ocrx_word' id='word_1_242' title='bbox 925 1961 1047 2017; x_wconf 86' lang='lat' dir='ltr'><strong>ideo</strong></span> <span class='ocrx_word' id='word_1_243' title='bbox 1077 1962 1271 2017; x_wconf 86' lang='lat' dir='ltr'><strong>mortis</strong></span> <span class='ocrx_word' id='word_1_244' title='bbox 1296 1961 1441 2016; x_wconf 84' lang='lat' dir='ltr'><strong>servi</strong></span> <span class='ocrx_word' id='word_1_245' title='bbox 1472 1973 1640 2019; x_wconf 85' lang='lat' dir='ltr'><strong>sunt:</strong></span> <span class='ocrx_word' id='word_1_246' title='bbox 1674 1972 1727 2016; x_wconf 89' lang='lat' dir='ltr'><strong>at</strong></span> <span class='ocrx_word' id='word_1_247' title='bbox 1759 1962 2020 2019; x_wconf 80' lang='lat' dir='ltr'><strong>Christus</strong></span> 
     </span>
    </p>
   </div>
   <div class='ocr_carea' id='block_1_34' title="bbox 2095 1959 3709 2040">
    <p class='ocr_par' dir='ltr' id='par_1_34' title="bbox 2128 1966 3709 2040">
     <span class='ocr_line' id='line_1_34' title="bbox 2128 1966 3709 2040; baseline -0.001 -19"><span class='ocrx_word' id='word_1_248' title='bbox 2128 1967 2548 2039; x_wconf 76' lang='grc' dir='ltr'><strong>δεδουλωμένων</strong></span> <span class='ocrx_word' id='word_1_249' title='bbox 2579 1968 2658 2040; x_wconf 82' lang='grc' dir='ltr'><strong>τῷ</strong></span> <span class='ocrx_word' id='word_1_250' title='bbox 2681 1968 2899 2039; x_wconf 83' lang='grc' dir='ltr'><strong>θανάτῳ</strong></span> <span class='ocrx_word' id='word_1_251' title='bbox 2921 2007 2939 2033; x_wconf 86' lang='grc'><strong>,</strong></span> <span class='ocrx_word' id='word_1_252' title='bbox 2976 1966 3073 2021; x_wconf 84' lang='grc' dir='ltr'><strong>τοῦ</strong></span> <span class='ocrx_word' id='word_1_253' title='bbox 3102 1967 3159 2022; x_wconf 86' lang='grc' dir='ltr'><strong>δέ</strong></span> <span class='ocrx_word' id='word_1_254' title='bbox 3185 1966 3431 2039; x_wconf 81' lang='grc' dir='ltr'><strong>Χριστοῦ</strong></span> <span class='ocrx_word' id='word_1_255' title='bbox 3464 1967 3709 2029; x_wconf 79' lang='grc' dir='ltr'><strong>ἑκόντος.</strong></span> 
     </span>
    </p>
   </div>
   <div class='ocr_carea' id='block_1_35' title="bbox 436 2052 2050 2132">
    <p class='ocr_par' dir='ltr' id='par_1_35' title="bbox 436 2052 2020 2116">
     <span class='ocr_line' id='line_1_35' title="bbox 436 2052 2020 2116; baseline 0.006 -15"><span class='ocrx_word' id='word_1_256' title='bbox 436 2061 634 2116; x_wconf 85' lang='lat' dir='ltr'><strong>sponte</strong></span> <span class='ocrx_word' id='word_1_257' title='bbox 656 2065 751 2106; x_wconf 84' lang='lat' dir='ltr'><strong>sua</strong></span> <span class='ocrx_word' id='word_1_258' title='bbox 804 2067 867 2107; x_wconf 87' lang='lat' dir='ltr'><strong>ac</strong></span> <span class='ocrx_word' id='word_1_259' title='bbox 886 2053 1078 2107; x_wconf 75' lang='lat' dir='ltr'><strong>volens</strong></span> <span class='ocrx_word' id='word_1_260' title='bbox 1111 2060 1361 2109; x_wconf 90' lang='lat' dir='ltr'><strong>mortuus</strong></span> <span class='ocrx_word' id='word_1_261' title='bbox 1392 2060 1498 2109; x_wconf 88' lang='lat' dir='ltr'><strong>est.</strong></span> <span class='ocrx_word' id='word_1_262' title='bbox 1527 2052 1851 2109; x_wconf 77' lang='lat' dir='ltr'><strong>Potestatem</strong></span> <span class='ocrx_word' id='word_1_263' title='bbox 1876 2055 2020 2110; x_wconf 89' lang='lat' dir='ltr'><strong>enim</strong></span> 
     </span>
    </p>
   </div>
   <div class='ocr_carea' id='block_1_36' title="bbox 2100 2052 3714 2132">
    <p class='ocr_par' dir='ltr' id='par_1_36' title="bbox 2142 2057 3714 2132">
     <span class='ocr_line' id='line_1_36' title="bbox 2142 2057 3714 2132; baseline -0.003 -17"><span class='ocrx_word' id='word_1_264' title='bbox 2142 2061 2473 2127; x_wconf 77' lang='grc' dir='ltr'><strong>Ἐξουσίαν</strong></span> <span class='ocrx_word' id='word_1_265' title='bbox 2508 2061 2638 2130; x_wconf 82' lang='grc' dir='ltr'><strong>γὰρ,</strong></span> <span class='ocrx_word' id='word_1_266' title='bbox 2697 2060 2885 2132; x_wconf 61' lang='grc' dir='ltr'><strong>φησιν,</strong></span> <span class='ocrx_word' id='word_1_267' title='bbox 2953 2060 3072 2130; x_wconf 75' lang='grc' dir='ltr'><strong>ἔχω</strong></span> <span class='ocrx_word' id='word_1_268' title='bbox 3121 2058 3311 2113; x_wconf 72' lang='grc' dir='ltr'><strong>θεῖναι</strong></span> <span class='ocrx_word' id='word_1_269' title='bbox 3350 2057 3466 2127; x_wconf 72' lang='grc' dir='ltr'><strong>τὴν</strong></span> <span class='ocrx_word' id='word_1_270' title='bbox 3495 2058 3714 2127; x_wconf 59' lang='grc' dir='ltr'><strong>ψυχήν</strong></span> 
     </span>
    </p>
   </div>
   <div class='ocr_carea' id='block_1_37' title="bbox 438 2141 2052 2223">
    <p class='ocr_par' dir='ltr' id='par_1_37' title="bbox 438 2141 2021 2214">
     <span class='ocr_line' id='line_1_37' title="bbox 438 2141 2021 2214; baseline 0.003 -18"><span class='ocrx_word' id='word_1_271' title='bbox 438 2141 642 2212; x_wconf 80' lang='lat' dir='ltr'><strong>inquit,</strong></span> <span class='ocrx_word' id='word_1_272' title='bbox 677 2142 844 2198; x_wconf 78' lang='lat' dir='ltr'><strong>babeo</strong></span> <span class='ocrx_word' id='word_1_273' title='bbox 873 2143 1102 2213; x_wconf 84' lang='lat' dir='ltr'><strong>ponendi</strong></span> <span class='ocrx_word' id='word_1_274' title='bbox 1143 2145 1377 2199; x_wconf 88' lang='lat' dir='ltr'><strong>animam</strong></span> <span class='ocrx_word' id='word_1_275' title='bbox 1404 2161 1571 2200; x_wconf 83' lang='lat' dir='ltr'><strong>meam</strong></span> <span class='ocrx_word' id='word_1_276' title='bbox 1604 2146 1669 2200; x_wconf 68' lang='lat'><strong>&#39;9.</strong></span> <span class='ocrx_word' id='word_1_277' title='bbox 1709 2143 1807 2201; x_wconf 81' lang='lat' dir='ltr'><strong>Vel</strong></span> <span class='ocrx_word' id='word_1_278' title='bbox 1835 2147 2021 2214; x_wconf 83' lang='lat' dir='ltr'><strong>aliter,</strong></span> 
     </span>
    </p>
   </div>
   <div class='ocr_carea' id='block_1_38' title="bbox 2097 2141 3711 2223">
    <p class='ocr_par' dir='ltr' id='par_1_38' title="bbox 2123 2144 3711 2223">
     <span class='ocr_line' id='line_1_38' title="bbox 2123 2144 3711 2223; baseline -0.007 -16"><span class='ocrx_word' id='word_1_279' title='bbox 2123 2170 2267 2223; x_wconf 79' lang='grc' dir='ltr'><strong>μου.</strong></span> <span class='ocrx_word' id='word_1_280' title='bbox 2303 2153 2375 2206; x_wconf 89' lang='grc' dir='ltr'><strong>Ἦ</strong></span> <span class='ocrx_word' id='word_1_281' title='bbox 2404 2151 2499 2205; x_wconf 79' lang='grc' dir='ltr'><strong>καὶ</strong></span> <span class='ocrx_word' id='word_1_282' title='bbox 2551 2150 2763 2213; x_wconf 49' lang='grc' dir='ltr'><strong>ἄλλων</strong></span> <span class='ocrx_word' id='word_1_283' title='bbox 2802 2148 3112 2217; x_wconf 74' lang='grc' dir='ltr'><strong>ἐλεύθερος,</strong></span> <span class='ocrx_word' id='word_1_284' title='bbox 3163 2149 3239 2212; x_wconf 83' lang='grc' dir='ltr'><strong>ὡς</strong></span> <span class='ocrx_word' id='word_1_285' title='bbox 3302 2146 3377 2218; x_wconf 79' lang='grc' dir='ltr'><strong>μὴ</strong></span> <span class='ocrx_word' id='word_1_286' title='bbox 3425 2144 3711 2214; x_wconf 77' lang='grc' dir='ltr'><strong>συσχεθεὶς</strong></span> 
     </span>
    </p>
   </div>
   <div class='ocr_carea' id='block_1_39' title="bbox 439 2230 2053 2316">
    <p class='ocr_par' dir='ltr' id='par_1_39' title="bbox 439 2230 2020 2305">
     <span class='ocr_line' id='line_1_39' title="bbox 439 2230 2020 2305; baseline 0.003 -19"><span class='ocrx_word' id='word_1_287' title='bbox 439 2230 622 2298; x_wconf 85' lang='lat' dir='ltr'><strong>Liber,</strong></span> <span class='ocrx_word' id='word_1_288' title='bbox 656 2235 825 2288; x_wconf 87' lang='lat' dir='ltr'><strong>veluti</strong></span> <span class='ocrx_word' id='word_1_289' title='bbox 854 2235 949 2305; x_wconf 87' lang='lat' dir='ltr'><strong>qui</strong></span> <span class='ocrx_word' id='word_1_290' title='bbox 980 2235 1181 2291; x_wconf 82' lang='lat' dir='ltr'><strong>inferni</strong></span> <span class='ocrx_word' id='word_1_291' title='bbox 1216 2237 1452 2293; x_wconf 82' lang='lat' dir='ltr'><strong>vinculis</strong></span> <span class='ocrx_word' id='word_1_292' title='bbox 1486 2252 1594 2292; x_wconf 87' lang='lat' dir='ltr'><strong>non</strong></span> <span class='ocrx_word' id='word_1_293' title='bbox 1624 2246 1707 2292; x_wconf 91' lang='lat' dir='ltr'><strong>cst</strong></span> <span class='ocrx_word' id='word_1_294' title='bbox 1742 2238 2020 2304; x_wconf 81' lang='lat' dir='ltr'><strong>detentus,</strong></span> 
     </span>
    </p>
   </div>
   <div class='ocr_carea' id='block_1_40' title="bbox 2099 2230 3713 2316">
    <p class='ocr_par' dir='ltr' id='par_1_40' title="bbox 2129 2236 3713 2316">
     <span class='ocr_line' id='line_1_40' title="bbox 2129 2236 3713 2316; baseline -0.006 -16"><span class='ocrx_word' id='word_1_295' title='bbox 2129 2248 2244 2310; x_wconf 84' lang='grc' dir='ltr'><strong>τοῖς</strong></span> <span class='ocrx_word' id='word_1_296' title='bbox 2303 2245 2521 2316; x_wconf 82' lang='grc' dir='ltr'><strong>δεσμοῖς</strong></span> <span class='ocrx_word' id='word_1_297' title='bbox 2573 2243 2667 2297; x_wconf 82' lang='grc' dir='ltr'><strong>τοῦ</strong></span> <span class='ocrx_word' id='word_1_298' title='bbox 2706 2243 2856 2316; x_wconf 75' lang='grc' dir='ltr'><strong>ᾅδου,</strong></span> <span class='ocrx_word' id='word_1_299' title='bbox 2901 2242 3036 2296; x_wconf 86' lang='grc' dir='ltr'><strong>ἀλλά</strong></span> <span class='ocrx_word' id='word_1_300' title='bbox 3084 2241 3208 2295; x_wconf 84' lang='grc' dir='ltr'><strong>κατ’</strong></span> <span class='ocrx_word' id='word_1_301' title='bbox 3256 2239 3504 2305; x_wconf 79' lang='grc' dir='ltr'><strong>ἐξουσίαν</strong></span> <span class='ocrx_word' id='word_1_302' title='bbox 3540 2238 3598 2290; x_wconf 75' lang='grc' dir='ltr'><strong>ἐν</strong></span> <span class='ocrx_word' id='word_1_303' title='bbox 3631 2236 3713 2307; x_wconf 81' lang='grc' dir='ltr'><strong>τῷ</strong></span> 
     </span>
    </p>
   </div>
   <div class='ocr_carea' id='block_1_41' title="bbox 438 2326 2052 2409">
    <p class='ocr_par' dir='ltr' id='par_1_41' title="bbox 438 2326 2023 2401">
     <span class='ocr_line' id='line_1_41' title="bbox 438 2326 2023 2401; baseline 0.003 -20"><span class='ocrx_word' id='word_1_304' title='bbox 438 2326 535 2381; x_wconf 84' lang='lat' dir='ltr'><strong>sed</strong></span> <span class='ocrx_word' id='word_1_305' title='bbox 564 2339 690 2379; x_wconf 90' lang='lat' dir='ltr'><strong>cum</strong></span> <span class='ocrx_word' id='word_1_306' title='bbox 723 2327 1020 2383; x_wconf 87' lang='lat' dir='ltr'><strong>autoritate</strong></span> <span class='ocrx_word' id='word_1_307' title='bbox 1054 2337 1218 2400; x_wconf 87' lang='lat' dir='ltr'><strong>atque</strong></span> <span class='ocrx_word' id='word_1_308' title='bbox 1251 2343 1375 2385; x_wconf 89' lang='lat' dir='ltr'><strong>cum</strong></span> <span class='ocrx_word' id='word_1_309' title='bbox 1424 2329 1695 2401; x_wconf 81' lang='lat' dir='ltr'><strong>dignitate</strong></span> <span class='ocrx_word' id='word_1_310' title='bbox 1746 2332 1876 2387; x_wconf 91' lang='lat' dir='ltr'><strong>illuc</strong></span> <span class='ocrx_word' id='word_1_311' title='bbox 1924 2329 2023 2386; x_wconf 85' lang='lat' dir='ltr'><strong>de-</strong></span> 
     </span>
    </p>
   </div>
   <div class='ocr_carea' id='block_1_42' title="bbox 2101 2326 3715 2409">
    <p class='ocr_par' dir='ltr' id='par_1_42' title="bbox 2131 2329 3715 2409">
     <span class='ocr_line' id='line_1_42' title="bbox 2131 2329 3715 2409; baseline -0.006 -18"><span class='ocrx_word' id='word_1_312' title='bbox 2131 2337 2234 2409; x_wconf 77' lang='grc' dir='ltr'><strong>ᾃδῃ</strong></span> <span class='ocrx_word' id='word_1_313' title='bbox 2268 2336 2657 2407; x_wconf 80' lang='grc' dir='ltr'><strong>ἀναστραφεὶς,</strong></span> <span class='ocrx_word' id='word_1_314' title='bbox 2689 2337 2783 2388; x_wconf 76' lang='grc' dir='ltr'><strong>καὶ</strong></span> <span class='ocrx_word' id='word_1_315' title='bbox 2811 2334 2977 2398; x_wconf 89' lang='grc' dir='ltr'><strong>λύσας</strong></span> <span class='ocrx_word' id='word_1_316' title='bbox 3009 2333 3211 2405; x_wconf 78' lang='grc' dir='ltr'><strong>μᾶλλον</strong></span> <span class='ocrx_word' id='word_1_317' title='bbox 3241 2332 3368 2395; x_wconf 86' lang='grc' dir='ltr'><strong>τοὺς</strong></span> <span class='ocrx_word' id='word_1_318' title='bbox 3398 2331 3510 2384; x_wconf 85' lang='grc' dir='ltr'><strong>τῶν</strong></span> <span class='ocrx_word' id='word_1_319' title='bbox 3536 2329 3715 2385; x_wconf 81' lang='grc' dir='ltr'><strong>ἄλλων</strong></span> 
     </span>
    </p>
   </div>
   <div class='ocr_carea' id='block_1_43' title="bbox 437 2417 2051 2500">
    <p class='ocr_par' dir='ltr' id='par_1_43' title="bbox 437 2417 2022 2487">
     <span class='ocr_line' id='line_1_43' title="bbox 437 2417 2022 2487; baseline 0.003 -16"><span class='ocrx_word' id='word_1_320' title='bbox 437 2417 677 2483; x_wconf 80' lang='lat' dir='ltr'><strong>scendit,</strong></span> <span class='ocrx_word' id='word_1_321' title='bbox 705 2426 867 2487; x_wconf 87' lang='lat' dir='ltr'><strong>atque</strong></span> <span class='ocrx_word' id='word_1_322' title='bbox 889 2418 1088 2475; x_wconf 84' lang='lat' dir='ltr'><strong>ibidem</strong></span> <span class='ocrx_word' id='word_1_323' title='bbox 1112 2418 1276 2476; x_wconf 88' lang='lat' dir='ltr'><strong>etiam</strong></span> <span class='ocrx_word' id='word_1_324' title='bbox 1301 2428 1657 2476; x_wconf 84' lang='lat' dir='ltr'><strong>conversatus</strong></span> <span class='ocrx_word' id='word_1_325' title='bbox 1680 2431 1784 2486; x_wconf 89' lang='lat' dir='ltr'><strong>est,</strong></span> <span class='ocrx_word' id='word_1_326' title='bbox 1808 2428 1859 2475; x_wconf 89' lang='lat' dir='ltr'><strong>et</strong></span> <span class='ocrx_word' id='word_1_327' title='bbox 1886 2420 2022 2476; x_wconf 87' lang='lat' dir='ltr'><strong>alio-</strong></span> 
     </span>
    </p>
   </div>
   <div class='ocr_carea' id='block_1_44' title="bbox 2105 2417 3719 2500">
    <p class='ocr_par' dir='ltr' id='par_1_44' title="bbox 2130 2423 3719 2500">
     <span class='ocr_line' id='line_1_44' title="bbox 2130 2423 3719 2500; baseline -0.003 -17"><span class='ocrx_word' id='word_1_328' title='bbox 2130 2429 2389 2500; x_wconf 85' lang='grc' dir='ltr'><strong>δεσμούς.</strong></span> <span class='ocrx_word' id='word_1_329' title='bbox 2453 2428 2614 2483; x_wconf 88' lang='grc' dir='ltr'><strong>Ἐστι</strong></span> <span class='ocrx_word' id='word_1_330' title='bbox 2647 2427 2703 2482; x_wconf 83' lang='grc' dir='ltr'><strong>δὲ</strong></span> <span class='ocrx_word' id='word_1_331' title='bbox 2748 2426 3035 2500; x_wconf 82' lang='grc' dir='ltr'><strong>ἐλεύθερος</strong></span> <span class='ocrx_word' id='word_1_332' title='bbox 3082 2425 3409 2500; x_wconf 81' lang='grc' dir='ltr'><strong>νεκρότητος</strong></span> <span class='ocrx_word' id='word_1_333' title='bbox 3434 2425 3531 2479; x_wconf 79' lang='grc' dir='ltr'><strong>καὶ</strong></span> <span class='ocrx_word' id='word_1_334' title='bbox 3549 2423 3719 2478; x_wconf 86' lang='grc' dir='ltr'><strong>θανά-</strong></span> 
     </span>
    </p>
   </div>
   <div class='ocr_carea' id='block_1_45' title="bbox 438 2510 2052 2584">
    <p class='ocr_par' dir='ltr' id='par_1_45' title="bbox 438 2510 2025 2567">
     <span class='ocr_line' id='line_1_45' title="bbox 438 2510 2025 2567; baseline 0.003 -6"><span class='ocrx_word' id='word_1_335' title='bbox 438 2523 562 2562; x_wconf 84' lang='lat' dir='ltr'><strong>rum</strong></span> <span class='ocrx_word' id='word_1_336' title='bbox 591 2510 811 2564; x_wconf 89' lang='lat' dir='ltr'><strong>vincula</strong></span> <span class='ocrx_word' id='word_1_337' title='bbox 842 2511 1121 2567; x_wconf 84' lang='lat' dir='ltr'><strong>dissolvit.</strong></span> <span class='ocrx_word' id='word_1_338' title='bbox 1175 2511 1453 2567; x_wconf 77' lang='lat' dir='ltr'><strong>Praeterea</strong></span> <span class='ocrx_word' id='word_1_339' title='bbox 1496 2512 1592 2566; x_wconf 88' lang='lat' dir='ltr'><strong>illa</strong></span> <span class='ocrx_word' id='word_1_340' title='bbox 1629 2512 1847 2567; x_wconf 78' lang='lat' dir='ltr'><strong>ratione</strong></span> <span class='ocrx_word' id='word_1_341' title='bbox 1886 2513 2025 2566; x_wconf 89' lang='lat' dir='ltr'><strong>liber</strong></span> 
     </span>
    </p>
   </div>
   <div class='ocr_carea' id='block_1_46' title="bbox 921 2510 2535 2584">
    <p class='ocr_par' dir='ltr' id='par_1_46' title="bbox 921 2511 2535 2584">
     <span class='ocr_line' id='line_1_46' title="bbox 921 2511 2535 2584; baseline 0.001 -18"><span class='ocrx_word' id='word_1_342' title='bbox 921 2511 1121 2567; x_wconf 73' lang='lat' dir='ltr'><strong>ssolvit.</strong></span> <span class='ocrx_word' id='word_1_343' title='bbox 1175 2511 1453 2567; x_wconf 78' lang='lat' dir='ltr'><strong>Praeterea</strong></span> <span class='ocrx_word' id='word_1_344' title='bbox 1496 2512 1592 2566; x_wconf 88' lang='lat' dir='ltr'><strong>illa</strong></span> <span class='ocrx_word' id='word_1_345' title='bbox 1629 2512 1847 2567; x_wconf 78' lang='lat' dir='ltr'><strong>ratione</strong></span> <span class='ocrx_word' id='word_1_346' title='bbox 1886 2513 2025 2566; x_wconf 88' lang='lat' dir='ltr'><strong>liber</strong></span> <span class='ocrx_word' id='word_1_347' title='bbox 2130 2537 2251 2584; x_wconf 66' lang='grc' dir='ltr'><strong>τοι),</strong></span> <span class='ocrx_word' id='word_1_348' title='bbox 2283 2520 2358 2583; x_wconf 81' lang='grc' dir='ltr'><strong>ὡς</strong></span> <span class='ocrx_word' id='word_1_349' title='bbox 2382 2520 2535 2583; x_wconf 79' lang='grc' dir='ltr'><strong>Θεός.</strong></span> 
     </span>
    </p>
   </div>
   <div class='ocr_carea' id='block_1_47' title="bbox 441 2598 2027 2676">
    <p class='ocr_par' dir='ltr' id='par_1_47' title="bbox 441 2598 2027 2676">
     <span class='ocr_line' id='line_1_47' title="bbox 441 2598 2027 2676; baseline 0.007 -24"><span class='ocrx_word' id='word_1_350' title='bbox 441 2599 649 2654; x_wconf 86' lang='lat' dir='ltr'><strong>dicitur</strong></span> <span class='ocrx_word' id='word_1_351' title='bbox 679 2598 957 2670; x_wconf 85' lang='lat' dir='ltr'><strong>Christus,</strong></span> <span class='ocrx_word' id='word_1_352' title='bbox 993 2603 1125 2676; x_wconf 87' lang='lat' dir='ltr'><strong>quia</strong></span> <span class='ocrx_word' id='word_1_353' title='bbox 1172 2612 1439 2675; x_wconf 87' lang='lat' dir='ltr'><strong>tauquam</strong></span> <span class='ocrx_word' id='word_1_354' title='bbox 1502 2603 1649 2661; x_wconf 90' lang='lat' dir='ltr'><strong>Deus</strong></span> <span class='ocrx_word' id='word_1_355' title='bbox 1685 2607 1846 2661; x_wconf 81' lang='lat' dir='ltr'><strong>morti</strong></span> <span class='ocrx_word' id='word_1_356' title='bbox 1895 2607 2027 2663; x_wconf 85' lang='lat' dir='ltr'><strong>sub-</strong></span> 
     </span>
    </p>
   </div>
   <div class='ocr_carea' id='block_1_48' title="bbox 441 2689 903 2750">
    <p class='ocr_par' dir='ltr' id='par_1_48' title="bbox 441 2689 903 2750">
     <span class='ocr_line' id='line_1_48' title="bbox 441 2689 903 2750; baseline 0.006 -5"><span class='ocrx_word' id='word_1_357' title='bbox 441 2689 596 2745; x_wconf 87' lang='lat' dir='ltr'><strong>ditus</strong></span> <span class='ocrx_word' id='word_1_358' title='bbox 624 2707 737 2746; x_wconf 88' lang='lat' dir='ltr'><strong>non</strong></span> <span class='ocrx_word' id='word_1_359' title='bbox 775 2693 903 2750; x_wconf 78' lang='lat' dir='ltr'><strong>fuit.</strong></span> 
     </span>
    </p>
   </div>
   <div class='ocr_carea' id='block_1_49' title="bbox 513 2782 2127 2862">
    <p class='ocr_par' dir='ltr' id='par_1_49' title="bbox 513 2782 2021 2859">
     <span class='ocr_line' id='line_1_49' title="bbox 513 2782 2021 2859; baseline 0.005 -21"><span class='ocrx_word' id='word_1_360' title='bbox 513 2782 681 2841; x_wconf 74' lang='lat' dir='ltr'><strong>Vsus.</strong></span> <span class='ocrx_word' id='word_1_361' title='bbox 729 2785 783 2840; x_wconf 85' lang='lat'><strong>6.</strong></span> <span class='ocrx_word' id='word_1_362' title='bbox 829 2786 983 2843; x_wconf 80' lang='lat' dir='ltr'><strong>Sicut</strong></span> <span class='ocrx_word' id='word_1_363' title='bbox 1021 2788 1286 2844; x_wconf 83' lang='lat' dir='ltr'><strong>vulnerati</strong></span> <span class='ocrx_word' id='word_1_364' title='bbox 1319 2788 1640 2845; x_wconf 82' lang='lat' dir='ltr'><strong>dormientes</strong></span> <span class='ocrx_word' id='word_1_365' title='bbox 1667 2792 1721 2845; x_wconf 87' lang='lat' dir='ltr'><strong>in</strong></span> <span class='ocrx_word' id='word_1_366' title='bbox 1760 2790 2021 2859; x_wconf 85' lang='lat' dir='ltr'><strong>sepulcro.</strong></span> 
     </span>
    </p>
   </div>
   <div class='ocr_carea' id='block_1_50' title="bbox 2110 2782 3724 2862">
    <p class='ocr_par' dir='ltr' id='par_1_50' title="bbox 2216 2790 3724 2862">
     <span class='ocr_line' id='line_1_50' title="bbox 2216 2790 3724 2862; baseline -0.004 -12"><span class='ocrx_word' id='word_1_367' title='bbox 2216 2793 2376 2850; x_wconf 80' lang='grc' dir='ltr'><strong>Ὠσεί</strong></span> <span class='ocrx_word' id='word_1_368' title='bbox 2395 2792 2746 2862; x_wconf 81' lang='grc' dir='ltr'><strong>τραυματίαι</strong></span> <span class='ocrx_word' id='word_1_369' title='bbox 2762 2791 3157 2856; x_wconf 76' lang='grc' dir='ltr'><strong>καθεύδοντες</strong></span> <span class='ocrx_word' id='word_1_370' title='bbox 3184 2790 3256 2845; x_wconf 79' lang='grc' dir='ltr'><strong>ἐν</strong></span> <span class='ocrx_word' id='word_1_371' title='bbox 3283 2791 3471 2860; x_wconf 61' lang='grc' dir='ltr'><strong>τάφῳ.</strong></span> <span class='ocrx_word' id='word_1_372' title='bbox 3495 2791 3724 2862; x_wconf 76' lang='grc' dir='ltr'><strong>Προσο-</strong></span> 
     </span>
    </p>
   </div>
   <div class='ocr_carea' id='block_1_51' title="bbox 442 2873 2056 2952">
    <p class='ocr_par' dir='ltr' id='par_1_51' title="bbox 442 2873 2022 2941">
     <span class='ocr_line' id='line_1_51' title="bbox 442 2873 2022 2941; baseline 0.006 -10"><span class='ocrx_word' id='word_1_373' title='bbox 442 2873 737 2935; x_wconf 85' lang='lat' dir='ltr'><strong>Subaudiri</strong></span> <span class='ocrx_word' id='word_1_374' title='bbox 790 2879 955 2935; x_wconf 91' lang='lat' dir='ltr'><strong>etiam</strong></span> <span class='ocrx_word' id='word_1_375' title='bbox 1006 2883 1167 2939; x_wconf 89' lang='lat' dir='ltr'><strong>debet</strong></span> <span class='ocrx_word' id='word_1_376' title='bbox 1203 2882 1304 2937; x_wconf 87' lang='lat' dir='ltr'><strong>hoc</strong></span> <span class='ocrx_word' id='word_1_377' title='bbox 1358 2884 1571 2938; x_wconf 89' lang='lat' dir='ltr'><strong>inloco</strong></span> <span class='ocrx_word' id='word_1_378' title='bbox 1622 2885 1844 2939; x_wconf 85' lang='lat' dir='ltr'><strong>vcrhum</strong></span> <span class='ocrx_word' id='word_1_379' title='bbox 1895 2883 2022 2941; x_wconf 83' lang='lat' dir='ltr'><strong>Fui.</strong></span> 
     </span>
    </p>
   </div>
   <div class='ocr_carea' id='block_1_52' title="bbox 2105 2873 3719 2952">
    <p class='ocr_par' dir='ltr' id='par_1_52' title="bbox 2133 2880 3719 2952">
     <span class='ocr_line' id='line_1_52' title="bbox 2133 2880 3719 2952; baseline -0.004 -13"><span class='ocrx_word' id='word_1_380' title='bbox 2133 2884 2474 2939; x_wconf 79' lang='grc' dir='ltr'><strong>πακουστέον</strong></span> <span class='ocrx_word' id='word_1_381' title='bbox 2499 2880 2781 2939; x_wconf 79' lang='grc' dir='ltr'><strong>κάνταῦθα</strong></span> <span class='ocrx_word' id='word_1_382' title='bbox 2802 2881 2863 2935; x_wconf 84' lang='grc' dir='ltr'><strong>τδ</strong></span> <span class='ocrx_word' id='word_1_383' title='bbox 2890 2882 3235 2952; x_wconf 57' lang='lat' dir='ltr'><strong>Eros-150nm</strong></span> <span class='ocrx_word' id='word_1_384' title='bbox 3267 2881 3328 2934; x_wconf 85' lang='lat'><strong>&#39;0</strong></span> <span class='ocrx_word' id='word_1_385' title='bbox 3345 2881 3401 2933; x_wconf 83' lang='grc' dir='ltr'><strong>δὲ</strong></span> <span class='ocrx_word' id='word_1_386' title='bbox 3420 2882 3719 2952; x_wconf 76' lang='grc' dir='ltr'><strong>Σύμμαχος</strong></span> 
     </span>
    </p>
   </div>
   <div class='ocr_carea' id='block_1_53' title="bbox 442 2970 2056 3048">
    <p class='ocr_par' dir='ltr' id='par_1_53' title="bbox 442 2971 2022 3048">
     <span class='ocr_line' id='line_1_53' title="bbox 442 2971 2022 3048; baseline 0.004 -21"><span class='ocrx_word' id='word_1_387' title='bbox 442 2971 815 3045; x_wconf 82' lang='lat' dir='ltr'><strong>Symmachus</strong></span> <span class='ocrx_word' id='word_1_388' title='bbox 844 2991 977 3032; x_wconf 89' lang='lat' dir='ltr'><strong>vero</strong></span> <span class='ocrx_word' id='word_1_389' title='bbox 1009 2977 1081 3030; x_wconf 87' lang='lat' dir='ltr'><strong>ita</strong></span> <span class='ocrx_word' id='word_1_390' title='bbox 1112 2977 1391 3033; x_wconf 81' lang='lat' dir='ltr'><strong>reddidit:</strong></span> <span class='ocrx_word' id='word_1_391' title='bbox 1431 2976 1601 3043; x_wconf 84' lang='lat' dir='ltr'><strong>Quasi</strong></span> <span class='ocrx_word' id='word_1_392' title='bbox 1630 2977 2022 3048; x_wconf 82' lang='lat' dir='ltr'><strong>vulneratija-</strong></span> 
     </span>
    </p>
   </div>
   <div class='ocr_carea' id='block_1_54' title="bbox 2104 2970 3718 3048">
    <p class='ocr_par' dir='ltr' id='par_1_54' title="bbox 2132 2970 3718 3046">
     <span class='ocr_line' id='line_1_54' title="bbox 2132 2970 3718 3046; baseline -0.003 -15"><span class='ocrx_word' id='word_1_393' title='bbox 2132 2977 2418 3046; x_wconf 75' lang='grc' dir='ltr'><strong>ἐξέδωκεν,</strong></span> <span class='ocrx_word' id='word_1_394' title='bbox 2459 2977 2618 3031; x_wconf 82' lang='grc' dir='ltr'><strong>Ὤσεὶ</strong></span> <span class='ocrx_word' id='word_1_395' title='bbox 2656 2973 3159 3045; x_wconf 77' lang='grc' dir='ltr'><strong>τραυματισμένοι</strong></span> <span class='ocrx_word' id='word_1_396' title='bbox 3209 2975 3468 3045; x_wconf 75' lang='grc' dir='ltr'><strong>κείμενοι</strong></span> <span class='ocrx_word' id='word_1_397' title='bbox 3509 2973 3579 3026; x_wconf 77' lang='grc' dir='ltr'><strong>ἐν</strong></span> <span class='ocrx_word' id='word_1_398' title='bbox 3617 2970 3718 3027; x_wconf 80' lang='grc' dir='ltr'><strong>τά·</strong></span> 
     </span>
    </p>
   </div>
   <div class='ocr_carea' id='block_1_55' title="bbox 441 3069 2055 3140">
    <p class='ocr_par' dir='ltr' id='par_1_55' title="bbox 441 3069 1007 3139">
     <span class='ocr_line' id='line_1_55' title="bbox 441 3069 1007 3139; baseline 0.009 -17"><span class='ocrx_word' id='word_1_399' title='bbox 441 3076 613 3123; x_wconf 81' lang='lat' dir='ltr'><strong>centes</strong></span> <span class='ocrx_word' id='word_1_400' title='bbox 641 3070 694 3123; x_wconf 87' lang='lat' dir='ltr'><strong>in</strong></span> <span class='ocrx_word' id='word_1_401' title='bbox 724 3069 1007 3139; x_wconf 72' lang='lat' dir='ltr'><strong>sepulcris.</strong></span> 
     </span>
    </p>
   </div>
   <div class='ocr_carea' id='block_1_56' title="bbox 686 3069 2300 3140">
    <p class='ocr_par' dir='ltr' id='par_1_56' title="bbox 686 3069 2300 3140">
     <span class='ocr_line' id='line_1_56' title="bbox 686 3069 2300 3140; baseline 0.004 -18"><span class='ocrx_word' id='word_1_402' title='bbox 686 3086 694 3122; x_wconf 83' lang='grc' dir='ltr'><strong>ι</strong></span> <span class='ocrx_word' id='word_1_403' title='bbox 724 3069 1007 3139; x_wconf 72' lang='lat' dir='ltr'><strong>sepulcris.</strong></span> <span class='ocrx_word' id='word_1_404' title='bbox 2134 3092 2300 3140; x_wconf 74' lang='grc' dir='ltr'><strong>φοις.</strong></span> 
     </span>
    </p>
   </div>
   <div class='ocr_carea' id='block_1_57' title="bbox 517 3141 2131 3244">
    <p class='ocr_par' dir='ltr' id='par_1_57' title="bbox 517 3161 2096 3244">
     <span class='ocr_line' id='line_1_57' title="bbox 517 3161 2096 3244; baseline 0.003 -31"><span class='ocrx_word' id='word_1_405' title='bbox 517 3161 758 3227; x_wconf 81' lang='lat' dir='ltr'><strong>Quorum</strong></span> <span class='ocrx_word' id='word_1_406' title='bbox 790 3179 894 3218; x_wconf 86' lang='lat' dir='ltr'><strong>non</strong></span> <span class='ocrx_word' id='word_1_407' title='bbox 943 3180 998 3220; x_wconf 90' lang='lat' dir='ltr'><strong>es</strong></span> <span class='ocrx_word' id='word_1_408' title='bbox 1031 3179 1232 3219; x_wconf 87' lang='lat' dir='ltr'><strong>memor</strong></span> <span class='ocrx_word' id='word_1_409' title='bbox 1276 3162 1529 3233; x_wconf 80' lang='lat' dir='ltr'><strong>amplius.</strong></span> <span class='ocrx_word' id='word_1_410' title='bbox 1583 3163 1720 3221; x_wconf 87' lang='lat' dir='ltr'><strong>Cum</strong></span> <span class='ocrx_word' id='word_1_411' title='bbox 1752 3164 1866 3235; x_wconf 82' lang='lat' dir='ltr'><strong>jam</strong></span> <span class='ocrx_word' id='word_1_412' title='bbox 1902 3179 2027 3222; x_wconf 89' lang='lat' dir='ltr'><strong>cor-</strong></span> <span class='ocrx_word' id='word_1_413' title='bbox 2052 3186 2096 3244; x_wconf 75' lang='grc' dir='ltr'>ο</span> 
     </span>
    </p>
   </div>
   <div class='ocr_carea' id='block_1_58' title="bbox 2106 3141 3720 3244">
    <p class='ocr_par' dir='ltr' id='par_1_58' title="bbox 2201 3141 3720 3234">
     <span class='ocr_line' id='line_1_58' title="bbox 2201 3141 3720 3234; baseline -0.009 -10"><span class='ocrx_word' id='word_1_414' title='bbox 2201 3161 2317 3225; x_wconf 80' lang='grc' dir='ltr'><strong>Ὧν</strong></span> <span class='ocrx_word' id='word_1_415' title='bbox 2374 3167 2489 3221; x_wconf 84' lang='grc' dir='ltr'><strong>οὐκ</strong></span> <span class='ocrx_word' id='word_1_416' title='bbox 2541 3162 2854 3234; x_wconf 67' lang='grc' dir='ltr'><strong>ἐμνήσθης</strong></span> <span class='ocrx_word' id='word_1_417' title='bbox 2903 3160 3011 3216; x_wconf 77' lang='grc' dir='ltr'><strong>ἔτι.</strong></span> <span class='ocrx_word' id='word_1_418' title='bbox 3073 3158 3407 3232; x_wconf 80' lang='grc' dir='ltr'><strong>Σηπομένων</strong></span> <span class='ocrx_word' id='word_1_419' title='bbox 3479 3141 3573 3212; x_wconf 73' lang='grc' dir='ltr'><strong>καὶ</strong></span> <span class='ocrx_word' id='word_1_420' title='bbox 3636 3159 3720 3222; x_wconf 78' lang='lat' dir='ltr'><strong>ei;</strong></span> 
     </span>
    </p>
   </div>
   <div class='ocr_carea' id='block_1_59' title="bbox 441 3255 2055 3332">
    <p class='ocr_par' dir='ltr' id='par_1_59' title="bbox 441 3255 1619 3328">
     <span class='ocr_line' id='line_1_59' title="bbox 441 3255 1619 3328; baseline 0.002 -19"><span class='ocrx_word' id='word_1_421' title='bbox 441 3255 588 3323; x_wconf 77' lang='lat' dir='ltr'><strong>rupti</strong></span> <span class='ocrx_word' id='word_1_422' title='bbox 622 3256 733 3311; x_wconf 89' lang='lat' dir='ltr'><strong>sint</strong></span> <span class='ocrx_word' id='word_1_423' title='bbox 777 3269 944 3328; x_wconf 78' lang='lat' dir='ltr'><strong>atque</strong></span> <span class='ocrx_word' id='word_1_424' title='bbox 971 3257 1025 3312; x_wconf 91' lang='lat' dir='ltr'><strong>in</strong></span> <span class='ocrx_word' id='word_1_425' title='bbox 1053 3258 1332 3328; x_wconf 84' lang='lat' dir='ltr'><strong>pulverem</strong></span> <span class='ocrx_word' id='word_1_426' title='bbox 1366 3259 1619 3314; x_wconf 83' lang='lat' dir='ltr'><strong>resoluti.</strong></span> 
     </span>
    </p>
   </div>
   <div class='ocr_carea' id='block_1_60' title="bbox 1106 3255 2720 3332">
    <p class='ocr_par' dir='ltr' id='par_1_60' title="bbox 1113 3256 2720 3332">
     <span class='ocr_line' id='line_1_60' title="bbox 1113 3256 2720 3332; baseline 0.001 -22"><span class='ocrx_word' id='word_1_427' title='bbox 1113 3258 1332 3313; x_wconf 78' lang='lat' dir='ltr'><strong>tlverem</strong></span> <span class='ocrx_word' id='word_1_428' title='bbox 1366 3259 1619 3314; x_wconf 83' lang='lat' dir='ltr'><strong>resoluti.</strong></span> <span class='ocrx_word' id='word_1_429' title='bbox 2133 3261 2266 3332; x_wconf 77' lang='grc' dir='ltr'><strong>χοῦν</strong></span> <span class='ocrx_word' id='word_1_430' title='bbox 2322 3256 2720 3328; x_wconf 77' lang='grc' dir='ltr'><strong>διαλυομένων.</strong></span> 
     </span>
    </p>
   </div>
   <div class='ocr_carea' id='block_1_61' title="bbox 516 3339 2130 3420">
    <p class='ocr_par' dir='ltr' id='par_1_61' title="bbox 516 3345 2024 3420">
     <span class='ocr_line' id='line_1_61' title="bbox 516 3345 2024 3420; baseline 0.005 -20"><span class='ocrx_word' id='word_1_431' title='bbox 516 3345 583 3400; x_wconf 87' lang='lat' dir='ltr'><strong>Et</strong></span> <span class='ocrx_word' id='word_1_432' title='bbox 639 3348 742 3417; x_wconf 84' lang='lat' dir='ltr'><strong>ipsi</strong></span> <span class='ocrx_word' id='word_1_433' title='bbox 791 3348 857 3404; x_wconf 86' lang='lat' dir='ltr'><strong>de</strong></span> <span class='ocrx_word' id='word_1_434' title='bbox 909 3365 1074 3404; x_wconf 83' lang='lat' dir='ltr'><strong>manu</strong></span> <span class='ocrx_word' id='word_1_435' title='bbox 1122 3359 1214 3404; x_wconf 90' lang='lat' dir='ltr'><strong>tua</strong></span> <span class='ocrx_word' id='word_1_436' title='bbox 1240 3351 1440 3420; x_wconf 84' lang='lat' dir='ltr'><strong>repulsi</strong></span> <span class='ocrx_word' id='word_1_437' title='bbox 1465 3359 1611 3407; x_wconf 86' lang='lat' dir='ltr'><strong>sunt.</strong></span> <span class='ocrx_word' id='word_1_438' title='bbox 1644 3349 1724 3405; x_wconf 90' lang='lat' dir='ltr'><strong>llli</strong></span> <span class='ocrx_word' id='word_1_439' title='bbox 1761 3353 2024 3409; x_wconf 87' lang='lat' dir='ltr'><strong>nimirum</strong></span> 
     </span>
    </p>
   </div>
   <div class='ocr_carea' id='block_1_62' title="bbox 2106 3339 3720 3420">
    <p class='ocr_par' dir='ltr' id='par_1_62' title="bbox 2204 3339 3720 3413">
     <span class='ocr_line' id='line_1_62' title="bbox 2204 3339 3720 3413; baseline -0.007 -10"><span class='ocrx_word' id='word_1_440' title='bbox 2204 3346 2314 3404; x_wconf 70' lang='lat' dir='ltr'><strong>Kal</strong></span> <span class='ocrx_word' id='word_1_441' title='bbox 2342 3346 2513 3400; x_wconf 75' lang='grc' dir='ltr'><strong>αὐτοὶ</strong></span> <span class='ocrx_word' id='word_1_442' title='bbox 2539 3345 2609 3399; x_wconf 76' lang='grc' dir='ltr'><strong>ἐκ</strong></span> <span class='ocrx_word' id='word_1_443' title='bbox 2647 3340 2757 3409; x_wconf 82' lang='grc' dir='ltr'><strong>τῆς</strong></span> <span class='ocrx_word' id='word_1_444' title='bbox 2778 3341 2978 3413; x_wconf 79' lang='grc' dir='ltr'><strong>χειρός</strong></span> <span class='ocrx_word' id='word_1_445' title='bbox 2998 3354 3115 3395; x_wconf 85' lang='grc' dir='ltr'><strong>σου</strong></span> <span class='ocrx_word' id='word_1_446' title='bbox 3132 3339 3531 3408; x_wconf 79' lang='grc' dir='ltr'><strong>ἄπώσθησαν.</strong></span> <span class='ocrx_word' id='word_1_447' title='bbox 3570 3339 3662 3393; x_wconf 87' lang='grc' dir='ltr'><strong>Οῖτ</strong></span> <span class='ocrx_word' id='word_1_448' title='bbox 3673 3356 3720 3392; x_wconf 84' lang='grc' dir='ltr'><strong>ι-</strong></span> 
     </span>
    </p>
   </div>
   <div class='ocr_carea' id='block_1_63' title="bbox 444 3433 2058 3510">
    <p class='ocr_par' dir='ltr' id='par_1_63' title="bbox 444 3436 2026 3510">
     <span class='ocr_line' id='line_1_63' title="bbox 444 3436 2026 3510; baseline 0.008 -21"><span class='ocrx_word' id='word_1_449' title='bbox 444 3436 537 3506; x_wconf 85' lang='lat' dir='ltr'><strong>qui</strong></span> <span class='ocrx_word' id='word_1_450' title='bbox 572 3440 643 3494; x_wconf 90' lang='lat' dir='ltr'><strong>ob</strong></span> <span class='ocrx_word' id='word_1_451' title='bbox 679 3440 902 3510; x_wconf 89' lang='lat' dir='ltr'><strong>propria</strong></span> <span class='ocrx_word' id='word_1_452' title='bbox 932 3449 1157 3510; x_wconf 89' lang='lat' dir='ltr'><strong>peccata</strong></span> <span class='ocrx_word' id='word_1_453' title='bbox 1190 3442 1258 3498; x_wconf 87' lang='lat' dir='ltr'><strong>ab</strong></span> <span class='ocrx_word' id='word_1_454' title='bbox 1291 3444 1499 3497; x_wconf 78' lang='lat' dir='ltr'><strong>auxilio</strong></span> <span class='ocrx_word' id='word_1_455' title='bbox 1540 3452 1632 3500; x_wconf 92' lang='lat' dir='ltr'><strong>tuo</strong></span> <span class='ocrx_word' id='word_1_456' title='bbox 1673 3443 2026 3501; x_wconf 84' lang='lat' dir='ltr'><strong>deciderunt.</strong></span> 
     </span>
    </p>
   </div>
   <div class='ocr_carea' id='block_1_64' title="bbox 2110 3433 3724 3510">
    <p class='ocr_par' dir='ltr' id='par_1_64' title="bbox 2130 3433 3724 3510">
     <span class='ocr_line' id='line_1_64' title="bbox 2130 3433 3724 3510; baseline -0.006 -15"><span class='ocrx_word' id='word_1_457' title='bbox 2130 3460 2220 3505; x_wconf 89' lang='grc' dir='ltr'><strong>νες</strong></span> <span class='ocrx_word' id='word_1_458' title='bbox 2249 3440 2314 3494; x_wconf 79' lang='grc' dir='ltr'><strong>ἐκ</strong></span> <span class='ocrx_word' id='word_1_459' title='bbox 2340 3439 2442 3510; x_wconf 81' lang='grc' dir='ltr'><strong>τῆς</strong></span> <span class='ocrx_word' id='word_1_460' title='bbox 2469 3435 2811 3508; x_wconf 65' lang='grc' dir='ltr'><strong>ἀπιλήψεώς</strong></span> <span class='ocrx_word' id='word_1_461' title='bbox 2844 3452 2940 3490; x_wconf 89' lang='grc' dir='ltr'><strong>σου</strong></span> <span class='ocrx_word' id='word_1_462' title='bbox 2978 3434 3240 3499; x_wconf 84' lang='grc' dir='ltr'><strong>ἐξέπεσον</strong></span> <span class='ocrx_word' id='word_1_463' title='bbox 3281 3433 3371 3487; x_wconf 79' lang='grc' dir='ltr'><strong>διὰ</strong></span> <span class='ocrx_word' id='word_1_464' title='bbox 3406 3433 3502 3493; x_wconf 82' lang='grc' dir='ltr'><strong>τὰς</strong></span> <span class='ocrx_word' id='word_1_465' title='bbox 3532 3433 3724 3503; x_wconf 83' lang='grc' dir='ltr'><strong>ἀμαρ-</strong></span> 
     </span>
    </p>
   </div>
   <div class='ocr_carea' id='block_1_65' title="bbox 449 3523 2063 3603">
    <p class='ocr_par' dir='ltr' id='par_1_65' title="bbox 449 3530 2029 3603">
     <span class='ocr_line' id='line_1_65' title="bbox 449 3530 2029 3603; baseline 0.004 -17"><span class='ocrx_word' id='word_1_466' title='bbox 449 3530 663 3587; x_wconf 86' lang='lat' dir='ltr'><strong>Similis</strong></span> <span class='ocrx_word' id='word_1_467' title='bbox 692 3531 861 3598; x_wconf 88' lang='lat' dir='ltr'><strong>enim,</strong></span> <span class='ocrx_word' id='word_1_468' title='bbox 894 3531 1099 3601; x_wconf 90' lang='lat' dir='ltr'><strong>inquit,</strong></span> <span class='ocrx_word' id='word_1_469' title='bbox 1136 3532 1313 3589; x_wconf 82' lang='lat' dir='ltr'><strong>lactus</strong></span> <span class='ocrx_word' id='word_1_470' title='bbox 1342 3550 1462 3589; x_wconf 88' lang='lat' dir='ltr'><strong>sum</strong></span> <span class='ocrx_word' id='word_1_471' title='bbox 1497 3535 1816 3603; x_wconf 71' lang='lat' dir='ltr'><strong>huiusmodi</strong></span> <span class='ocrx_word' id='word_1_472' title='bbox 1848 3537 2029 3593; x_wconf 86' lang='lat' dir='ltr'><strong>homi-</strong></span> 
     </span>
    </p>
   </div>
   <div class='ocr_carea' id='block_1_66' title="bbox 2208 3523 3822 3603">
    <p class='ocr_par' dir='ltr' id='par_1_66' title="bbox 2208 3523 3822 3601">
     <span class='ocr_line' id='line_1_66' title="bbox 2208 3523 3822 3601; baseline -0.004 -18"><span class='ocrx_word' id='word_1_473' title='bbox 2208 3550 2254 3594; x_wconf 88' lang='grc' dir='ltr'><strong>ις</strong></span> <span class='ocrx_word' id='word_1_474' title='bbox 2284 3531 2488 3587; x_wconf 80' lang='grc' dir='ltr'><strong>αὐτῶν.</strong></span> <span class='ocrx_word' id='word_1_475' title='bbox 2556 3527 2883 3599; x_wconf 81' lang='grc' dir='ltr'><strong>Ὠμοιὼθην,</strong></span> <span class='ocrx_word' id='word_1_476' title='bbox 2917 3527 3072 3596; x_wconf 74' lang='grc' dir='ltr'><strong>φασὶ,</strong></span> <span class='ocrx_word' id='word_1_477' title='bbox 3117 3525 3404 3589; x_wconf 79' lang='grc' dir='ltr'><strong>τοιούτοις,</strong></span> <span class='ocrx_word' id='word_1_478' title='bbox 3448 3526 3569 3579; x_wconf 82' lang='grc' dir='ltr'><strong>ὅσον</strong></span> <span class='ocrx_word' id='word_1_479' title='bbox 3622 3523 3722 3577; x_wconf 74' lang='grc' dir='ltr'><strong>ἐπὶ</strong></span> <span class='ocrx_word' id='word_1_480' title='bbox 3804 3593 3822 3601; x_wconf 83' lang='lat'><em>_</em></span> 
     </span>
    </p>
   </div>
   <div class='ocr_carea' id='block_1_67' title="bbox 444 3616 2058 3692">
    <p class='ocr_par' dir='ltr' id='par_1_67' title="bbox 444 3620 2029 3692">
     <span class='ocr_line' id='line_1_67' title="bbox 444 3620 2029 3692; baseline 0.003 -17"><span class='ocrx_word' id='word_1_481' title='bbox 444 3620 636 3687; x_wconf 83' lang='lat' dir='ltr'><strong>nibus,</strong></span> <span class='ocrx_word' id='word_1_482' title='bbox 686 3620 986 3675; x_wconf 87' lang='lat' dir='ltr'><strong>multorum</strong></span> <span class='ocrx_word' id='word_1_483' title='bbox 1038 3622 1253 3676; x_wconf 88' lang='lat' dir='ltr'><strong>scilicet</strong></span> <span class='ocrx_word' id='word_1_484' title='bbox 1285 3622 1569 3692; x_wconf 81' lang='lat' dir='ltr'><strong>Opinione,</strong></span> <span class='ocrx_word' id='word_1_485' title='bbox 1622 3624 1838 3678; x_wconf 81' lang='lat' dir='ltr'><strong>tametsi</strong></span> <span class='ocrx_word' id='word_1_486' title='bbox 1885 3624 2029 3679; x_wconf 87' lang='lat' dir='ltr'><strong>haud</strong></span> 
     </span>
    </p>
   </div>
   <div class='ocr_carea' id='block_1_68' title="bbox 2109 3616 3723 3692">
    <p class='ocr_par' dir='ltr' id='par_1_68' title="bbox 2134 3616 3723 3692">
     <span class='ocr_line' id='line_1_68' title="bbox 2134 3616 3723 3692; baseline -0.003 -17"><span class='ocrx_word' id='word_1_487' title='bbox 2134 3625 2201 3692; x_wconf 80' lang='grc' dir='ltr'><strong>τῇ</strong></span> <span class='ocrx_word' id='word_1_488' title='bbox 2242 3621 2512 3692; x_wconf 75' lang='grc' dir='ltr'><strong>ὑπολήψει</strong></span> <span class='ocrx_word' id='word_1_489' title='bbox 2545 3621 2654 3673; x_wconf 84' lang='grc' dir='ltr'><strong>τῶν</strong></span> <span class='ocrx_word' id='word_1_490' title='bbox 2678 3617 3041 3688; x_wconf 83' lang='grc' dir='ltr'><strong>ἀνθρωπίνων</strong></span> <span class='ocrx_word' id='word_1_491' title='bbox 3068 3633 3083 3649; x_wconf 76' lang='grc'><em>’</em></span> <span class='ocrx_word' id='word_1_492' title='bbox 3122 3617 3222 3670; x_wconf 86' lang='grc' dir='ltr'><strong>οὐκ</strong></span> <span class='ocrx_word' id='word_1_493' title='bbox 3261 3617 3413 3687; x_wconf 76' lang='grc' dir='ltr'><strong>ἤμην</strong></span> <span class='ocrx_word' id='word_1_494' title='bbox 3451 3617 3504 3670; x_wconf 78' lang='grc' dir='ltr'><strong>δὲ</strong></span> <span class='ocrx_word' id='word_1_495' title='bbox 3540 3616 3723 3670; x_wconf 79' lang='grc' dir='ltr'><strong>τοιοῦ-</strong></span> 
     </span>
    </p>
   </div>
   <div class='ocr_carea' id='block_1_69' title="bbox 450 3709 2064 3786">
    <p class='ocr_par' dir='ltr' id='par_1_69' title="bbox 450 3715 2032 3786">
     <span class='ocr_line' id='line_1_69' title="bbox 450 3715 2032 3786; baseline 0.003 -17"><span class='ocrx_word' id='word_1_496' title='bbox 450 3717 527 3772; x_wconf 85' lang='lat' dir='ltr'><strong>ita</strong></span> <span class='ocrx_word' id='word_1_497' title='bbox 572 3723 744 3773; x_wconf 81' lang='lat' dir='ltr'><strong>esset.</strong></span> <span class='ocrx_word' id='word_1_498' title='bbox 796 3716 972 3779; x_wconf 85' lang='lat' dir='ltr'><strong>Licet,</strong></span> <span class='ocrx_word' id='word_1_499' title='bbox 1032 3716 1233 3786; x_wconf 85' lang='lat' dir='ltr'><strong>inquit,</strong></span> <span class='ocrx_word' id='word_1_500' title='bbox 1267 3718 1440 3771; x_wconf 88' lang='lat' dir='ltr'><strong>clavis</strong></span> <span class='ocrx_word' id='word_1_501' title='bbox 1485 3715 1779 3773; x_wconf 76' lang='lat' dir='ltr'><strong>confossus</strong></span> <span class='ocrx_word' id='word_1_502' title='bbox 1811 3717 1911 3772; x_wconf 82' lang='lat' dir='ltr'><strong>sim</strong></span> <span class='ocrx_word' id='word_1_503' title='bbox 1976 3727 2032 3775; x_wconf 86' lang='lat' dir='ltr'><strong>et</strong></span> 
     </span>
    </p>
   </div>
   <div class='ocr_carea' id='block_1_70' title="bbox 2102 3709 3716 3786">
    <p class='ocr_par' dir='ltr' id='par_1_70' title="bbox 2133 3709 3716 3786">
     <span class='ocr_line' id='line_1_70' title="bbox 2133 3709 3716 3786; baseline -0.006 -15"><span class='ocrx_word' id='word_1_504' title='bbox 2133 3733 2250 3781; x_wconf 85' lang='grc' dir='ltr'><strong>τος.</strong></span> <span class='ocrx_word' id='word_1_505' title='bbox 2307 3716 2370 3769; x_wconf 84' lang='grc' dir='ltr'>Εἰ</span> <span class='ocrx_word' id='word_1_506' title='bbox 2402 3715 2508 3786; x_wconf 84' lang='grc' dir='ltr'><strong>γὰρ</strong></span> <span class='ocrx_word' id='word_1_507' title='bbox 2541 3713 2636 3768; x_wconf 76' lang='grc' dir='ltr'><strong>καὶ</strong></span> <span class='ocrx_word' id='word_1_508' title='bbox 2673 3711 2923 3785; x_wconf 83' lang='grc' dir='ltr'><strong>ἐτρώθην</strong></span> <span class='ocrx_word' id='word_1_509' title='bbox 2952 3709 3103 3781; x_wconf 73' lang='grc' dir='ltr'><strong>ἣλοις</strong></span> <span class='ocrx_word' id='word_1_510' title='bbox 3128 3709 3223 3763; x_wconf 66' lang='grc' dir='ltr'><strong>καλ⁸</strong></span> <span class='ocrx_word' id='word_1_511' title='bbox 3252 3709 3445 3781; x_wconf 80' lang='grc' dir='ltr'><strong>λόγχῃ,</strong></span> <span class='ocrx_word' id='word_1_512' title='bbox 3473 3709 3567 3762; x_wconf 76' lang='grc' dir='ltr'><strong>καὶ</strong></span> <span class='ocrx_word' id='word_1_513' title='bbox 3594 3709 3716 3762; x_wconf 76' lang='grc' dir='ltr'><strong>ἑτέ-ι</strong></span> 
     </span>
    </p>
   </div>
   <div class='ocr_carea' id='block_1_71' title="bbox 401 3799 2015 3883">
    <p class='ocr_par' dir='ltr' id='par_1_71' title="bbox 401 3799 2015 3880">
     <span class='ocr_line' id='line_1_71' title="bbox 401 3799 2015 3880; baseline 0.002 -18"><span class='ocrx_word' id='word_1_514' title='bbox 401 3799 421 3817; x_wconf 82' lang='grc'><strong>’</strong></span> <span class='ocrx_word' id='word_1_515' title='bbox 449 3808 666 3872; x_wconf 89' lang='lat' dir='ltr'><strong>lancea,</strong></span> <span class='ocrx_word' id='word_1_516' title='bbox 698 3824 762 3864; x_wconf 87' lang='lat' dir='ltr'><strong>ac</strong></span> <span class='ocrx_word' id='word_1_517' title='bbox 794 3809 1011 3880; x_wconf 86' lang='lat' dir='ltr'><strong>positus</strong></span> <span class='ocrx_word' id='word_1_518' title='bbox 1042 3812 1210 3864; x_wconf 82' lang='lat' dir='ltr'><strong>etiam</strong></span> <span class='ocrx_word' id='word_1_519' title='bbox 1256 3809 1309 3862; x_wconf 91' lang='lat' dir='ltr'><strong>in</strong></span> <span class='ocrx_word' id='word_1_520' title='bbox 1345 3809 1625 3879; x_wconf 85' lang='lat' dir='ltr'><strong>sepulcro,</strong></span> <span class='ocrx_word' id='word_1_521' title='bbox 1677 3824 1706 3863; x_wconf 93' lang='lat' dir='ltr'><strong>a</strong></span> <span class='ocrx_word' id='word_1_522' title='bbox 1759 3820 1811 3865; x_wconf 85' lang='lat' dir='ltr'><strong>te</strong></span> <span class='ocrx_word' id='word_1_523' title='bbox 1846 3818 2015 3866; x_wconf 65' lang='lat' dir='ltr'><strong>tamen</strong></span> 
     </span>
    </p>
   </div>
   <div class='ocr_carea' id='block_1_72' title="bbox 2105 3799 3719 3883">
    <p class='ocr_par' dir='ltr' id='par_1_72' title="bbox 2134 3805 3719 3883">
     <span class='ocr_line' id='line_1_72' title="bbox 2134 3805 3719 3883; baseline -0.003 -18"><span class='ocrx_word' id='word_1_524' title='bbox 2134 3813 2234 3883; x_wconf 78' lang='grc' dir='ltr'><strong>θην</strong></span> <span class='ocrx_word' id='word_1_525' title='bbox 2271 3812 2330 3865; x_wconf 82' lang='grc' dir='ltr'><strong>ἐν</strong></span> <span class='ocrx_word' id='word_1_526' title='bbox 2378 3811 2556 3882; x_wconf 62' lang='grc' dir='ltr'><strong>τάφῳ,</strong></span> <span class='ocrx_word' id='word_1_527' title='bbox 2588 3808 2706 3863; x_wconf 85' lang='grc' dir='ltr'><strong>ἀλλ’</strong></span> <span class='ocrx_word' id='word_1_528' title='bbox 2759 3809 2859 3862; x_wconf 83' lang='grc' dir='ltr'><strong>οὐκ</strong></span> <span class='ocrx_word' id='word_1_529' title='bbox 2909 3807 3223 3878; x_wconf 81' lang='grc' dir='ltr'><strong>ἐπελήσθην</strong></span> <span class='ocrx_word' id='word_1_530' title='bbox 3271 3807 3426 3879; x_wconf 81' lang='grc' dir='ltr'><strong>παρά</strong></span> <span class='ocrx_word' id='word_1_531' title='bbox 3480 3805 3597 3879; x_wconf 77' lang='grc' dir='ltr'><strong>σοί·</strong></span> <span class='ocrx_word' id='word_1_532' title='bbox 3633 3807 3719 3860; x_wconf 85' lang='grc' dir='ltr'><strong>Οὐ</strong></span> 
     </span>
    </p>
   </div>
   <div class='ocr_carea' id='block_1_73' title="bbox 452 3897 2066 3975">
    <p class='ocr_par' dir='ltr' id='par_1_73' title="bbox 452 3900 2029 3973">
     <span class='ocr_line' id='line_1_73' title="bbox 452 3900 2029 3973; baseline 0.001 -16"><span class='ocrx_word' id='word_1_533' title='bbox 452 3916 561 3957; x_wconf 88' lang='lat' dir='ltr'><strong>non</strong></span> <span class='ocrx_word' id='word_1_534' title='bbox 594 3918 714 3957; x_wconf 85' lang='lat' dir='ltr'><strong>sum</strong></span> <span class='ocrx_word' id='word_1_535' title='bbox 746 3902 1060 3968; x_wconf 76' lang='lat' dir='ltr'><strong>derelictus,</strong></span> <span class='ocrx_word' id='word_1_536' title='bbox 1106 3900 1293 3970; x_wconf 83' lang='lat' dir='ltr'><strong>Neque</strong></span> <span class='ocrx_word' id='word_1_537' title='bbox 1321 3901 1468 3956; x_wconf 91' lang='lat' dir='ltr'><strong>enim</strong></span> <span class='ocrx_word' id='word_1_538' title='bbox 1519 3910 1581 3955; x_wconf 90' lang='lat' dir='ltr'><strong>tu</strong></span> <span class='ocrx_word' id='word_1_539' title='bbox 1633 3902 1738 3957; x_wconf 90' lang='lat' dir='ltr'><strong>mei</strong></span> <span class='ocrx_word' id='word_1_540' title='bbox 1786 3918 2029 3973; x_wconf 89' lang='lat' dir='ltr'><strong>unquam</strong></span> 
     </span>
    </p>
   </div>
   <div class='ocr_carea' id='block_1_74' title="bbox 2105 3897 3719 3975">
    <p class='ocr_par' dir='ltr' id='par_1_74' title="bbox 2133 3897 3719 3975">
     <span class='ocr_line' id='line_1_74' title="bbox 2133 3897 3719 3975; baseline -0.018 3"><span class='ocrx_word' id='word_1_541' title='bbox 2133 3903 2242 3975; x_wconf 70' lang='grc' dir='ltr'><strong>γὰρ</strong></span> <span class='ocrx_word' id='word_1_542' title='bbox 2265 3902 2504 3970; x_wconf 79' lang='grc' dir='ltr'><strong>δώσεις,</strong></span> <span class='ocrx_word' id='word_1_543' title='bbox 2532 3902 2687 3974; x_wconf 71' lang='grc' dir='ltr'><strong>φησὶ,</strong></span> <span class='ocrx_word' id='word_1_544' title='bbox 2717 3900 2825 3956; x_wconf 70' lang='grc' dir='ltr'><strong>τὸν</strong></span> <span class='ocrx_word' id='word_1_545' title='bbox 2850 3900 3025 3955; x_wconf 81' lang='grc' dir='ltr'><strong>ὅσιόν</strong></span> <span class='ocrx_word' id='word_1_546' title='bbox 3052 3916 3170 3956; x_wconf 85' lang='grc' dir='ltr'><strong>σου</strong></span> <span class='ocrx_word' id='word_1_547' title='bbox 3198 3898 3347 3955; x_wconf 80' lang='grc' dir='ltr'><strong>ιδεῒν</strong></span> <span class='ocrx_word' id='word_1_548' title='bbox 3367 3897 3719 3968; x_wconf 57' lang='grc' dir='ltr'><strong>διαφθοράν</strong></span> 
     </span>
    </p>
   </div>
   <div class='ocr_carea' id='block_1_75' title="bbox 448 3989 2062 4077">
    <p class='ocr_par' dir='ltr' id='par_1_75' title="bbox 448 3994 2029 4067">
     <span class='ocr_line' id='line_1_75' title="bbox 448 3994 2029 4067; baseline -0.001 -16"><span class='ocrx_word' id='word_1_549' title='bbox 448 3996 657 4051; x_wconf 80' lang='lat' dir='ltr'><strong>oblitus</strong></span> <span class='ocrx_word' id='word_1_550' title='bbox 684 4010 765 4062; x_wconf 88' lang='lat' dir='ltr'><strong>es,</strong></span> <span class='ocrx_word' id='word_1_551' title='bbox 794 3995 887 4066; x_wconf 86' lang='lat' dir='ltr'><strong>qui</strong></span> <span class='ocrx_word' id='word_1_552' title='bbox 913 3997 1042 4050; x_wconf 81' lang='lat' dir='ltr'><strong>olim</strong></span> <span class='ocrx_word' id='word_1_553' title='bbox 1076 3995 1361 4067; x_wconf 85' lang='lat' dir='ltr'><strong>pollicitus</strong></span> <span class='ocrx_word' id='word_1_554' title='bbox 1399 3994 1586 4049; x_wconf 83' lang='lat' dir='ltr'><strong>fueras</strong></span> <span class='ocrx_word' id='word_1_555' title='bbox 1635 4012 1739 4049; x_wconf 87' lang='lat' dir='ltr'><strong>non</strong></span> <span class='ocrx_word' id='word_1_556' title='bbox 1774 3996 2029 4049; x_wconf 85' lang='lat' dir='ltr'><strong>daturum</strong></span> 
     </span>
    </p>
   </div>
   <div class='ocr_carea' id='block_1_76' title="bbox 2104 3989 3718 4077">
    <p class='ocr_par' dir='ltr' id='par_1_76' title="bbox 2134 3989 3718 4077">
     <span class='ocr_line' id='line_1_76' title="bbox 2134 3989 3718 4077; baseline -0.005 -28"><span class='ocrx_word' id='word_1_557' title='bbox 2134 3994 2539 4077; x_wconf 31' lang='lat' dir='ltr'><strong>obd’rdrrtbsﬁqv</strong></span> <span class='ocrx_word' id='word_1_558' title='bbox 2576 3995 2642 4048; x_wconf 80' lang='grc' dir='ltr'><strong>ἐκ</strong></span> <span class='ocrx_word' id='word_1_559' title='bbox 2679 3994 2778 4065; x_wconf 81' lang='grc' dir='ltr'><strong>τῆς</strong></span> <span class='ocrx_word' id='word_1_560' title='bbox 2809 3992 2997 4065; x_wconf 79' lang='grc' dir='ltr'><strong>χειρός</strong></span> <span class='ocrx_word' id='word_1_561' title='bbox 3029 4007 3148 4049; x_wconf 84' lang='grc' dir='ltr'><strong>σου.</strong></span> <span class='ocrx_word' id='word_1_562' title='bbox 3193 3990 3362 4063; x_wconf 79' lang='grc' dir='ltr'>Ἐμοῦ</span> <span class='ocrx_word' id='word_1_563' title='bbox 3395 3991 3526 4062; x_wconf 71' lang='grc' dir='ltr'><strong>γὰρ,</strong></span> <span class='ocrx_word' id='word_1_564' title='bbox 3559 3989 3718 4062; x_wconf 72' lang='grc' dir='ltr'><strong>φησὶ,</strong></span> 
     </span>
    </p>
   </div>
   <div class='ocr_carea' id='block_1_77' title="bbox 440 4085 2054 4160">
    <p class='ocr_par' dir='ltr' id='par_1_77' title="bbox 440 4086 2028 4158">
     <span class='ocr_line' id='line_1_77' title="bbox 440 4086 2028 4158; baseline -0.001 -14"><span class='ocrx_word' id='word_1_565' title='bbox 440 4098 499 4146; x_wconf 81' lang='lat' dir='ltr'><strong>te</strong></span> <span class='ocrx_word' id='word_1_566' title='bbox 525 4106 635 4146; x_wconf 86' lang='lat' dir='ltr'><strong>esse</strong></span> <span class='ocrx_word' id='word_1_567' title='bbox 664 4101 909 4145; x_wconf 82' lang='lat' dir='ltr'><strong>sanctum</strong></span> <span class='ocrx_word' id='word_1_568' title='bbox 941 4098 1090 4144; x_wconf 82' lang='lat' dir='ltr'><strong>tuum</strong></span> <span class='ocrx_word' id='word_1_569' title='bbox 1125 4088 1302 4144; x_wconf 76' lang='lat' dir='ltr'><strong>videre</strong></span> <span class='ocrx_word' id='word_1_570' title='bbox 1319 4089 1712 4155; x_wconf 82' lang='lat' dir='ltr'><strong>corruptionem</strong></span> <span class='ocrx_word' id='word_1_571' title='bbox 1739 4089 1804 4143; x_wconf 75' lang='grc' dir='ltr'><strong>³ο.</strong></span> <span class='ocrx_word' id='word_1_572' title='bbox 1835 4086 2028 4158; x_wconf 85' lang='lat' dir='ltr'><strong>Neque</strong></span> 
     </span>
    </p>
   </div>
   <div class='ocr_carea' id='block_1_78' title="bbox 1339 4085 2953 4160">
    <p class='ocr_par' dir='ltr' id='par_1_78' title="bbox 1339 4085 2953 4160">
     <span class='ocr_line' id='line_1_78' title="bbox 1339 4085 2953 4160; baseline 0 -22"><span class='ocrx_word' id='word_1_573' title='bbox 1339 4089 1712 4155; x_wconf 76' lang='lat' dir='ltr'><strong>:orruptionem</strong></span> <span class='ocrx_word' id='word_1_574' title='bbox 1739 4089 1804 4143; x_wconf 73' lang='grc' dir='ltr'><strong>³ο.</strong></span> <span class='ocrx_word' id='word_1_575' title='bbox 1835 4086 2028 4158; x_wconf 85' lang='lat' dir='ltr'><strong>Neque</strong></span> <span class='ocrx_word' id='word_1_576' title='bbox 2132 4087 2222 4144; x_wconf 83' lang='grc' dir='ltr'><strong>διὰ</strong></span> <span class='ocrx_word' id='word_1_577' title='bbox 2241 4088 2340 4160; x_wconf 78' lang='grc' dir='ltr'><strong>τὴν</strong></span> <span class='ocrx_word' id='word_1_578' title='bbox 2364 4087 2606 4142; x_wconf 85' lang='grc' dir='ltr'><strong>ἀκακίαν</strong></span> <span class='ocrx_word' id='word_1_579' title='bbox 2628 4085 2953 4141; x_wconf 71' lang='grc' dir='ltr'><strong>ἀντελάεου.</strong></span> 
     </span>
    </p>
   </div>
   <div class='ocr_carea' id='block_1_79' title="bbox 450 4180 2032 4256">
    <p class='ocr_par' dir='ltr' id='par_1_79' title="bbox 450 4180 2032 4256">
     <span class='ocr_line' id='line_1_79' title="bbox 450 4180 2032 4256; baseline -0.002 -17"><span class='ocrx_word' id='word_1_580' title='bbox 450 4182 609 4239; x_wconf 83' lang='lat' dir='ltr'><strong>etiam</strong></span> <span class='ocrx_word' id='word_1_581' title='bbox 638 4185 707 4240; x_wconf 83' lang='lat' dir='ltr'><strong>de</strong></span> <span class='ocrx_word' id='word_1_582' title='bbox 739 4199 901 4239; x_wconf 78' lang='lat' dir='ltr'><strong>nianu</strong></span> <span class='ocrx_word' id='word_1_583' title='bbox 923 4191 1024 4240; x_wconf 87' lang='lat' dir='ltr'><strong>tua</strong></span> <span class='ocrx_word' id='word_1_584' title='bbox 1048 4185 1302 4256; x_wconf 87' lang='lat' dir='ltr'><strong>repulsus</strong></span> <span class='ocrx_word' id='word_1_585' title='bbox 1333 4199 1480 4240; x_wconf 91' lang='lat' dir='ltr'><strong>sum.</strong></span> <span class='ocrx_word' id='word_1_586' title='bbox 1529 4180 1612 4238; x_wconf 78' lang='lat' dir='ltr'><strong>Me</strong></span> <span class='ocrx_word' id='word_1_587' title='bbox 1644 4183 1817 4249; x_wconf 89' lang='lat' dir='ltr'><strong>enim,</strong></span> <span class='ocrx_word' id='word_1_588' title='bbox 1846 4181 2032 4254; x_wconf 84' lang='lat' dir='ltr'><strong>inquit</strong></span> 
     </span>
    </p>
   </div>
   <div class='ocr_carea' id='block_1_80' title="bbox 451 4276 1620 4348">
    <p class='ocr_par' dir='ltr' id='par_1_80' title="bbox 451 4276 1620 4348">
     <span class='ocr_line' id='line_1_80' title="bbox 451 4276 1620 4348; baseline -0.001 -16"><span class='ocrx_word' id='word_1_589' title='bbox 451 4277 605 4339; x_wconf 86' lang='lat' dir='ltr'><strong>alibi,</strong></span> <span class='ocrx_word' id='word_1_590' title='bbox 634 4285 858 4348; x_wconf 87' lang='lat' dir='ltr'><strong>propter</strong></span> <span class='ocrx_word' id='word_1_591' title='bbox 889 4277 1265 4335; x_wconf 81' lang='lat' dir='ltr'><strong>innocentiam</strong></span> <span class='ocrx_word' id='word_1_592' title='bbox 1299 4276 1620 4346; x_wconf 84' lang='lat' dir='ltr'><strong>suscepisti.</strong></span> 
     </span>
    </p>
   </div>
   <div class='ocr_carea' id='block_1_81' title="bbox 527 4350 2141 4436">
    <p class='ocr_par' dir='ltr' id='par_1_81' title="bbox 527 4363 2032 4436">
     <span class='ocr_line' id='line_1_81' title="bbox 527 4363 2032 4436; baseline -0.001 -15"><span class='ocrx_word' id='word_1_593' title='bbox 527 4367 692 4423; x_wconf 69' lang='lat' dir='ltr'><strong>Vens.</strong></span> <span class='ocrx_word' id='word_1_594' title='bbox 733 4369 788 4424; x_wconf 88' lang='lat'><strong>7.</strong></span> <span class='ocrx_word' id='word_1_595' title='bbox 831 4367 1135 4424; x_wconf 85' lang='lat' dir='ltr'><strong>Posuerunt</strong></span> <span class='ocrx_word' id='word_1_596' title='bbox 1167 4384 1248 4422; x_wconf 82' lang='lat' dir='ltr'><strong>me</strong></span> <span class='ocrx_word' id='word_1_597' title='bbox 1283 4367 1340 4422; x_wconf 89' lang='lat' dir='ltr'><strong>in</strong></span> <span class='ocrx_word' id='word_1_598' title='bbox 1369 4366 1491 4422; x_wconf 82' lang='lat' dir='ltr'><strong>lacu</strong></span> <span class='ocrx_word' id='word_1_599' title='bbox 1514 4366 1780 4436; x_wconf 82' lang='lat' dir='ltr'><strong>inferiori.</strong></span> <span class='ocrx_word' id='word_1_600' title='bbox 1820 4363 1925 4420; x_wconf 85' lang='lat' dir='ltr'><strong>Per</strong></span> <span class='ocrx_word' id='word_1_601' title='bbox 1949 4365 2032 4420; x_wconf 88' lang='lat' dir='ltr'><strong>la—</strong></span> 
     </span>
    </p>
   </div>
   <div class='ocr_carea' id='block_1_82' title="bbox 2105 4350 3719 4436">
    <p class='ocr_par' dir='ltr' id='par_1_82' title="bbox 2208 4350 3719 4428">
     <span class='ocr_line' id='line_1_82' title="bbox 2208 4350 3719 4428; baseline -0.007 -14"><span class='ocrx_word' id='word_1_602' title='bbox 2208 4358 2459 4414; x_wconf 80' lang='grc' dir='ltr'><strong>Ἔθεντό</strong></span> <span class='ocrx_word' id='word_1_603' title='bbox 2475 4374 2553 4428; x_wconf 80' lang='grc' dir='ltr'><strong>με</strong></span> <span class='ocrx_word' id='word_1_604' title='bbox 2583 4358 2654 4412; x_wconf 79' lang='grc' dir='ltr'><strong>ἐν</strong></span> <span class='ocrx_word' id='word_1_605' title='bbox 2679 4354 2889 4423; x_wconf 73' lang='grc' dir='ltr'><strong>λάκκῳ</strong></span> <span class='ocrx_word' id='word_1_606' title='bbox 2920 4354 3253 4420; x_wconf 69' lang='grc' dir='ltr'><strong>κατωτάτω.</strong></span> <span class='ocrx_word' id='word_1_607' title='bbox 3284 4352 3504 4407; x_wconf 79' lang='grc' dir='ltr'><strong>Λάκκον</strong></span> <span class='ocrx_word' id='word_1_608' title='bbox 3536 4350 3719 4405; x_wconf 78' lang='grc' dir='ltr'><strong>κατὼο</strong></span> 
     </span>
    </p>
   </div>
   <div class='ocr_carea' id='block_1_83' title="bbox 448 4436 2062 4531">
    <p class='ocr_par' dir='ltr' id='par_1_83' title="bbox 448 4436 2020 4531">
     <span class='ocr_line' id='line_1_83' title="bbox 448 4436 2020 4531; baseline -0.003 -14"><span class='ocrx_word' id='word_1_609' title='bbox 448 4476 575 4517; x_wconf 88' lang='lat' dir='ltr'><strong>cum</strong></span> <span class='ocrx_word' id='word_1_610' title='bbox 610 4459 926 4516; x_wconf 80' lang='lat' dir='ltr'><strong>inferiorem</strong></span> <span class='ocrx_word' id='word_1_611' title='bbox 976 4460 1321 4531; x_wconf 85' lang='lat' dir='ltr'><strong>sepulturam</strong></span> <span class='ocrx_word' id='word_1_612' title='bbox 1359 4459 1639 4529; x_wconf 82' lang='lat' dir='ltr'><strong>intelligit.</strong></span> <span class='ocrx_word' id='word_1_613' title='bbox 1680 4436 2020 4527; x_wconf 38' lang='lat' dir='ltr'><strong>cujus.pro~</strong></span> 
     </span>
    </p>
   </div>
   <div class='ocr_carea' id='block_1_84' title="bbox 2107 4436 3721 4531">
    <p class='ocr_par' dir='ltr' id='par_1_84' title="bbox 2132 4441 3721 4520">
     <span class='ocr_line' id='line_1_84' title="bbox 2132 4441 3721 4520; baseline -0.006 -13"><span class='ocrx_word' id='word_1_614' title='bbox 2132 4469 2298 4507; x_wconf 88' lang='grc' dir='ltr'><strong>τατον</strong></span> <span class='ocrx_word' id='word_1_615' title='bbox 2322 4450 2413 4505; x_wconf 75' lang='grc' dir='ltr'><strong>τὸν</strong></span> <span class='ocrx_word' id='word_1_616' title='bbox 2444 4451 2615 4520; x_wconf 84' lang='grc' dir='ltr'><strong>τάφον</strong></span> <span class='ocrx_word' id='word_1_617' title='bbox 2651 4449 2839 4517; x_wconf 65' lang='grc' dir='ltr'><strong>φησιν,</strong></span> <span class='ocrx_word' id='word_1_618' title='bbox 2883 4441 2945 4501; x_wconf 71' lang='grc' dir='ltr'><strong>οὗ</strong></span> <span class='ocrx_word' id='word_1_619' title='bbox 2971 4449 3028 4502; x_wconf 72' lang='lat' dir='ltr'><strong>to</strong></span> <span class='ocrx_word' id='word_1_620' title='bbox 3061 4446 3224 4518; x_wconf 78' lang='grc' dir='ltr'><strong>βάθος</strong></span> <span class='ocrx_word' id='word_1_621' title='bbox 3249 4445 3480 4515; x_wconf 87' lang='grc' dir='ltr'><strong>καρδίαν</strong></span> <span class='ocrx_word' id='word_1_622' title='bbox 3508 4445 3611 4515; x_wconf 77' lang='grc' dir='ltr'><strong>γῆς</strong></span> <span class='ocrx_word' id='word_1_623' title='bbox 3640 4445 3721 4498; x_wconf 71' lang='grc' dir='ltr'><strong>εἴ·</strong></span> 
     </span>
    </p>
   </div>
   <div class='ocr_carea' id='block_1_85' title="bbox 450 4536 2064 4619">
    <p class='ocr_par' dir='ltr' id='par_1_85' title="bbox 450 4551 2064 4619">
     <span class='ocr_line' id='line_1_85' title="bbox 450 4551 2064 4619; baseline -0.004 -12"><span class='ocrx_word' id='word_1_624' title='bbox 450 4552 779 4609; x_wconf 84' lang='lat' dir='ltr'><strong>l&#39;unditatem</strong></span> <span class='ocrx_word' id='word_1_625' title='bbox 826 4552 1081 4608; x_wconf 88' lang='lat' dir='ltr'><strong>Christus</strong></span> <span class='ocrx_word' id='word_1_626' title='bbox 1129 4552 1185 4606; x_wconf 90' lang='lat' dir='ltr'><strong>in</strong></span> <span class='ocrx_word' id='word_1_627' title='bbox 1219 4551 1535 4619; x_wconf 69' lang='lat' dir='ltr'><strong>Evangelio,</strong></span> <span class='ocrx_word' id='word_1_628' title='bbox 1573 4551 1680 4605; x_wconf 75' lang='lat' dir='ltr'><strong>Cor</strong></span> <span class='ocrx_word' id='word_1_629' title='bbox 1717 4559 1875 4605; x_wconf 73' lang='lat' dir='ltr'><strong>terra:</strong></span> <span class='ocrx_word' id='word_1_630' title='bbox 1924 4565 2025 4618; x_wconf 83' lang='lat' dir='ltr'><strong>ap-</strong></span> <span class='ocrx_word' id='word_1_631' title='bbox 2057 4556 2064 4610; x_wconf 65' lang='lat'><strong>1</strong></span> 
     </span>
    </p>
   </div>
   <div class='ocr_carea' id='block_1_86' title="bbox 2109 4536 3723 4619">
    <p class='ocr_par' dir='ltr' id='par_1_86' title="bbox 2135 4536 3723 4616">
     <span class='ocr_line' id='line_1_86' title="bbox 2135 4536 3723 4616; baseline -0.003 -20"><span class='ocrx_word' id='word_1_632' title='bbox 2135 4561 2273 4616; x_wconf 83' lang='grc' dir='ltr'><strong>ρηκε</strong></span> <span class='ocrx_word' id='word_1_633' title='bbox 2313 4544 2408 4597; x_wconf 68' lang='grc' dir='ltr'><strong>καὶ</strong></span> <span class='ocrx_word' id='word_1_634' title='bbox 2448 4544 2505 4595; x_wconf 88' lang='grc' dir='ltr'><strong>ἐν</strong></span> <span class='ocrx_word' id='word_1_635' title='bbox 2539 4545 2653 4606; x_wconf 80' lang='grc' dir='ltr'><strong>τοῖς</strong></span> <span class='ocrx_word' id='word_1_636' title='bbox 2696 4540 3052 4609; x_wconf 83' lang='grc' dir='ltr'><strong>Εὐαγγελίοις</strong></span> <span class='ocrx_word' id='word_1_637' title='bbox 3085 4542 3114 4594; x_wconf 88' lang='grc' dir='ltr'><strong>ό</strong></span> <span class='ocrx_word' id='word_1_638' title='bbox 3147 4538 3383 4610; x_wconf 87' lang='grc' dir='ltr'><strong>Χριστός</strong></span> <span class='ocrx_word' id='word_1_639' title='bbox 3406 4554 3420 4568; x_wconf 90' lang='grc'><strong>·</strong></span> <span class='ocrx_word' id='word_1_640' title='bbox 3457 4538 3638 4591; x_wconf 81' lang='grc' dir='ltr'><strong>ἔθεντο</strong></span> <span class='ocrx_word' id='word_1_641' title='bbox 3661 4536 3723 4591; x_wconf 73' lang='grc' dir='ltr'><strong>δέ</strong></span> 
     </span>
    </p>
   </div>
   <div class='ocr_carea' id='block_1_87' title="bbox 450 4632 2064 4714">
    <p class='ocr_par' dir='ltr' id='par_1_87' title="bbox 450 4639 2032 4714">
     <span class='ocr_line' id='line_1_87' title="bbox 450 4639 2032 4714; baseline -0.003 -16"><span class='ocrx_word' id='word_1_642' title='bbox 450 4644 675 4714; x_wconf 81' lang='lat' dir='ltr'><strong>pellavit</strong></span> <span class='ocrx_word' id='word_1_643' title='bbox 730 4645 971 4700; x_wconf 86' lang='lat' dir='ltr'><strong>dicens:</strong></span> <span class='ocrx_word' id='word_1_644' title='bbox 1014 4643 1108 4699; x_wconf 84' lang='lat' dir='ltr'><strong>Sic</strong></span> <span class='ocrx_word' id='word_1_645' title='bbox 1171 4644 1269 4699; x_wconf 87' lang='lat' dir='ltr'><strong>erit</strong></span> <span class='ocrx_word' id='word_1_646' title='bbox 1311 4640 1486 4697; x_wconf 86' lang='lat' dir='ltr'><strong>Filius</strong></span> <span class='ocrx_word' id='word_1_647' title='bbox 1508 4644 1738 4698; x_wconf 85' lang='lat' dir='ltr'><strong>hominis</strong></span> <span class='ocrx_word' id='word_1_648' title='bbox 1793 4644 1846 4694; x_wconf 88' lang='lat' dir='ltr'><strong>in</strong></span> <span class='ocrx_word' id='word_1_649' title='bbox 1875 4639 2032 4694; x_wconf 82' lang='lat' dir='ltr'><strong>corde</strong></span> 
     </span>
    </p>
   </div>
   <div class='ocr_carea' id='block_1_88' title="bbox 1670 4632 3284 4714">
    <p class='ocr_par' dir='ltr' id='par_1_88' title="bbox 1670 4632 3284 4710">
     <span class='ocr_line' id='line_1_88' title="bbox 1670 4632 3284 4710; baseline -0.008 -12"><span class='ocrx_word' id='word_1_650' title='bbox 1670 4644 1738 4698; x_wconf 69' lang='lat' dir='ltr'><strong>iis</strong></span> <span class='ocrx_word' id='word_1_651' title='bbox 1793 4644 1846 4694; x_wconf 88' lang='lat' dir='ltr'><strong>in</strong></span> <span class='ocrx_word' id='word_1_652' title='bbox 1875 4639 2032 4694; x_wconf 82' lang='lat' dir='ltr'><strong>corde</strong></span> <span class='ocrx_word' id='word_1_653' title='bbox 2142 4655 2212 4710; x_wconf 87' lang='grc' dir='ltr'><strong>με</strong></span> <span class='ocrx_word' id='word_1_654' title='bbox 2258 4639 2309 4691; x_wconf 79' lang='lat' dir='ltr'><strong>ot</strong></span> <span class='ocrx_word' id='word_1_655' title='bbox 2352 4636 2481 4706; x_wconf 68' lang='lat' dir='ltr'><strong>napi.</strong></span> <span class='ocrx_word' id='word_1_656' title='bbox 2512 4634 2611 4706; x_wconf 79' lang='grc' dir='ltr'><strong>τὴν</strong></span> <span class='ocrx_word' id='word_1_657' title='bbox 2640 4632 2819 4705; x_wconf 82' lang='grc' dir='ltr'><strong>ταφὴν</strong></span> <span class='ocrx_word' id='word_1_658' title='bbox 2835 4632 3284 4703; x_wconf 83' lang='grc' dir='ltr'><strong>διακονήσαντες.</strong></span> 
     </span>
    </p>
   </div>
   <div class='ocr_carea' id='block_1_89' title="bbox 453 4723 3722 4802">
    <p class='ocr_par' dir='ltr' id='par_1_89' title="bbox 453 4723 3722 4802">
     <span class='ocr_line' id='line_1_89' title="bbox 453 4723 3722 4802; baseline -0.005 -12"><span class='ocrx_word' id='word_1_659' title='bbox 453 4750 643 4802; x_wconf 64' lang='lat' dir='ltr'><strong>terra,</strong></span> <span class='ocrx_word' id='word_1_660' title='bbox 696 4738 864 4793; x_wconf 86' lang='lat' dir='ltr'><strong>tribus</strong></span> <span class='ocrx_word' id='word_1_661' title='bbox 898 4737 1078 4796; x_wconf 80' lang='lat' dir='ltr'><strong>diebus</strong></span> <span class='ocrx_word' id='word_1_662' title='bbox 1122 4746 1173 4793; x_wconf 88' lang='lat' dir='ltr'><strong>et</strong></span> <span class='ocrx_word' id='word_1_663' title='bbox 1228 4738 1392 4795; x_wconf 87' lang='lat' dir='ltr'><strong>tribus</strong></span> <span class='ocrx_word' id='word_1_664' title='bbox 1424 4737 1666 4794; x_wconf 80' lang='lat' dir='ltr'><strong>noctibus</strong></span> <span class='ocrx_word' id='word_1_665' title='bbox 1703 4737 1772 4791; x_wconf 81' lang='lat'><strong>&quot;.</strong></span> <span class='ocrx_word' id='word_1_666' title='bbox 1812 4734 1898 4790; x_wconf 92' lang='lat' dir='ltr'><strong>llli</strong></span> <span class='ocrx_word' id='word_1_667' title='bbox 1931 4742 2114 4791; x_wconf 84' lang='lat' dir='ltr'><strong>autem</strong></span> <span class='ocrx_word' id='word_1_668' title='bbox 2169 4731 2225 4788; x_wconf 93' lang='lat' dir='ltr'><strong>in</strong></span> <span class='ocrx_word' id='word_1_669' title='bbox 2308 4745 2373 4787; x_wconf 90' lang='lat' dir='ltr'><strong>ea</strong></span> <span class='ocrx_word' id='word_1_670' title='bbox 2428 4744 2515 4786; x_wconf 88' lang='lat' dir='ltr'><strong>me</strong></span> <span class='ocrx_word' id='word_1_671' title='bbox 2566 4735 2886 4801; x_wconf 90' lang='lat' dir='ltr'><strong>posuerunt,</strong></span> <span class='ocrx_word' id='word_1_672' title='bbox 2957 4724 3052 4797; x_wconf 80' lang='lat' dir='ltr'><strong>qui</strong></span> <span class='ocrx_word' id='word_1_673' title='bbox 3136 4723 3469 4796; x_wconf 85' lang='lat' dir='ltr'><strong>sepulturam</strong></span> <span class='ocrx_word' id='word_1_674' title='bbox 3542 4737 3722 4778; x_wconf 88' lang='lat' dir='ltr'><strong>meam</strong></span> 
     </span>
    </p>
   </div>
   <div class='ocr_carea' id='block_1_90' title="bbox 451 4838 735 4883">
    <p class='ocr_par' dir='ltr' id='par_1_90' title="bbox 451 4838 735 4883">
     <span class='ocr_line' id='line_1_90' title="bbox 451 4838 735 4883; baseline 0 0"><span class='ocrx_word' id='word_1_675' title='bbox 451 4838 735 4883; x_wconf 84' lang='lat' dir='ltr'><strong>curarunt.</strong></span> 
     </span>
    </p>
   </div>
   <div class='ocr_carea' id='block_1_91' title="bbox 519 4899 2133 4979">
    <p class='ocr_par' dir='ltr' id='par_1_91' title="bbox 519 4915 2031 4979">
     <span class='ocr_line' id='line_1_91' title="bbox 519 4915 2031 4979; baseline -0.002 -7"><span class='ocrx_word' id='word_1_676' title='bbox 519 4917 587 4972; x_wconf 86' lang='lat' dir='ltr'><strong>In</strong></span> <span class='ocrx_word' id='word_1_677' title='bbox 643 4916 927 4972; x_wconf 84' lang='lat' dir='ltr'><strong>tenebrosis</strong></span> <span class='ocrx_word' id='word_1_678' title='bbox 974 4925 1024 4972; x_wconf 86' lang='lat' dir='ltr'><strong>et</strong></span> <span class='ocrx_word' id='word_1_679' title='bbox 1075 4918 1134 4971; x_wconf 83' lang='lat' dir='ltr'><strong>in</strong></span> <span class='ocrx_word' id='word_1_680' title='bbox 1184 4915 1377 4972; x_wconf 83' lang='lat' dir='ltr'><strong>umbra</strong></span> <span class='ocrx_word' id='word_1_681' title='bbox 1407 4917 1622 4973; x_wconf 87' lang='lat' dir='ltr'><strong>mortis.</strong></span> <span class='ocrx_word' id='word_1_682' title='bbox 1651 4915 1710 4971; x_wconf 90' lang='lat' dir='ltr'><strong>lu</strong></span> <span class='ocrx_word' id='word_1_683' title='bbox 1745 4915 1908 4979; x_wconf 91' lang='lat' dir='ltr'><strong>locis,</strong></span> <span class='ocrx_word' id='word_1_684' title='bbox 1942 4916 2031 4969; x_wconf 82' lang='lat' dir='ltr'><strong>in-</strong></span> 
     </span>
    </p>
   </div>
   <div class='ocr_carea' id='block_1_92' title="bbox 2106 4899 3720 4979">
    <p class='ocr_par' dir='ltr' id='par_1_92' title="bbox 2218 4899 3720 4970">
     <span class='ocr_line' id='line_1_92' title="bbox 2218 4899 3720 4970; baseline -0.005 -7"><span class='ocrx_word' id='word_1_685' title='bbox 2218 4910 2322 4963; x_wconf 77' lang='grc' dir='ltr'><strong>Ἐν</strong></span> <span class='ocrx_word' id='word_1_686' title='bbox 2349 4903 2687 4970; x_wconf 79' lang='grc' dir='ltr'><strong>σκοτεινοῖς</strong></span> <span class='ocrx_word' id='word_1_687' title='bbox 2717 4903 2817 4958; x_wconf 82' lang='grc' dir='ltr'><strong>καί</strong></span> <span class='ocrx_word' id='word_1_688' title='bbox 2848 4903 2917 4957; x_wconf 75' lang='grc' dir='ltr'><strong>ἐν</strong></span> <span class='ocrx_word' id='word_1_689' title='bbox 2946 4899 3093 4970; x_wconf 82' lang='grc' dir='ltr'><strong>σκιᾷ</strong></span> <span class='ocrx_word' id='word_1_690' title='bbox 3130 4899 3417 4958; x_wconf 82' lang='grc' dir='ltr'><strong>θανάτου.</strong></span> <span class='ocrx_word' id='word_1_691' title='bbox 3463 4902 3551 4955; x_wconf 81' lang='grc' dir='ltr'><strong>Ἐν</strong></span> <span class='ocrx_word' id='word_1_692' title='bbox 3586 4919 3720 4955; x_wconf 82' lang='grc' dir='ltr'><strong>σκο-</strong></span> 
     </span>
    </p>
   </div>
   <div class='ocr_carea' id='block_1_93' title="bbox 442 4993 2056 5082">
    <p class='ocr_par' dir='ltr' id='par_1_93' title="bbox 442 5008 2032 5082">
     <span class='ocr_line' id='line_1_93' title="bbox 442 5008 2032 5082; baseline -0.003 -16"><span class='ocrx_word' id='word_1_693' title='bbox 442 5026 655 5082; x_wconf 81' lang='lat' dir='ltr'><strong>quam,</strong></span> <span class='ocrx_word' id='word_1_694' title='bbox 706 5009 1042 5067; x_wconf 88' lang='lat' dir='ltr'><strong>tenebrosis.</strong></span> <span class='ocrx_word' id='word_1_695' title='bbox 1107 5008 1470 5081; x_wconf 86' lang='lat' dir='ltr'><strong>Superposito</strong></span> <span class='ocrx_word' id='word_1_696' title='bbox 1528 5008 1675 5064; x_wconf 88' lang='lat' dir='ltr'><strong>enim</strong></span> <span class='ocrx_word' id='word_1_697' title='bbox 1736 5008 2032 5077; x_wconf 70' lang='lat' dir='ltr'><strong>sepultum</strong></span> 
     </span>
    </p>
   </div>
   <div class='ocr_carea' id='block_1_94' title="bbox 2105 4993 3719 5082">
    <p class='ocr_par' dir='ltr' id='par_1_94' title="bbox 2137 4993 3719 5065">
     <span class='ocr_line' id='line_1_94' title="bbox 2137 4993 3719 5065; baseline -0.006 -8"><span class='ocrx_word' id='word_1_698' title='bbox 2137 5003 2335 5065; x_wconf 82' lang='grc' dir='ltr'><strong>τεινοῖς</strong></span> <span class='ocrx_word' id='word_1_699' title='bbox 2367 5000 2588 5061; x_wconf 74' lang='grc' dir='ltr'><strong>τόποιςο</strong></span> <span class='ocrx_word' id='word_1_700' title='bbox 2617 4996 2962 5059; x_wconf 74' lang='grc' dir='ltr'><strong>ἐπιτεθέντος</strong></span> <span class='ocrx_word' id='word_1_701' title='bbox 2979 4994 3090 5065; x_wconf 83' lang='grc' dir='ltr'><strong>γὰρ</strong></span> <span class='ocrx_word' id='word_1_702' title='bbox 3116 4993 3212 5047; x_wconf 80' lang='grc' dir='ltr'><strong>τοῦ</strong></span> <span class='ocrx_word' id='word_1_703' title='bbox 3235 4994 3407 5058; x_wconf 86' lang='grc' dir='ltr'><strong>λίθου,</strong></span> <span class='ocrx_word' id='word_1_704' title='bbox 3437 4996 3627 5058; x_wconf 82' lang='grc' dir='ltr'><strong>σκότος</strong></span> <span class='ocrx_word' id='word_1_705' title='bbox 3658 4997 3719 5048; x_wconf 79' lang='grc' dir='ltr'><strong>ἐν</strong></span> 
     </span>
    </p>
   </div>
   <div class='ocr_carea' id='block_1_95' title="bbox 449 5086 2063 5177">
    <p class='ocr_par' dir='ltr' id='par_1_95' title="bbox 449 5099 2027 5177">
     <span class='ocr_line' id='line_1_95' title="bbox 449 5099 2027 5177; baseline -0.005 -15"><span class='ocrx_word' id='word_1_706' title='bbox 449 5105 653 5177; x_wconf 88' lang='lat' dir='ltr'><strong>lapide,</strong></span> <span class='ocrx_word' id='word_1_707' title='bbox 714 5106 955 5161; x_wconf 65' lang='lat' dir='ltr'><strong>tenebrae</strong></span> <span class='ocrx_word' id='word_1_708' title='bbox 1007 5104 1064 5159; x_wconf 91' lang='lat' dir='ltr'><strong>in</strong></span> <span class='ocrx_word' id='word_1_709' title='bbox 1099 5118 1164 5159; x_wconf 89' lang='lat' dir='ltr'><strong>ea</strong></span> <span class='ocrx_word' id='word_1_710' title='bbox 1217 5103 1552 5159; x_wconf 83' lang='lat' dir='ltr'><strong>etliciuntur.</strong></span> <span class='ocrx_word' id='word_1_711' title='bbox 1616 5099 1722 5156; x_wconf 89' lang='lat' dir='ltr'><strong>Per</strong></span> <span class='ocrx_word' id='word_1_712' title='bbox 1772 5101 2027 5154; x_wconf 85' lang='lat' dir='ltr'><strong>umbram</strong></span> 
     </span>
    </p>
   </div>
   <div class='ocr_carea' id='block_1_96' title="bbox 2106 5086 3720 5177">
    <p class='ocr_par' dir='ltr' id='par_1_96' title="bbox 2131 5086 3720 5164">
     <span class='ocr_line' id='line_1_96' title="bbox 2131 5086 3720 5164; baseline -0.006 -15"><span class='ocrx_word' id='word_1_713' title='bbox 2131 5097 2246 5160; x_wconf 87' lang='grc' dir='ltr'><strong>τοῖς</strong></span> <span class='ocrx_word' id='word_1_714' title='bbox 2282 5091 2377 5148; x_wconf 81' lang='grc' dir='ltr'><strong>τού</strong></span> <span class='ocrx_word' id='word_1_715' title='bbox 2410 5092 2676 5164; x_wconf 75' lang='grc' dir='ltr'><strong>μνημείου</strong></span> <span class='ocrx_word' id='word_1_716' title='bbox 2706 5089 2899 5159; x_wconf 77' lang='grc' dir='ltr'><strong>γέγονε</strong></span> <span class='ocrx_word' id='word_1_717' title='bbox 2934 5088 3124 5151; x_wconf 88' lang='grc' dir='ltr'><strong>τόποις</strong></span> <span class='ocrx_word' id='word_1_718' title='bbox 3150 5103 3166 5119; x_wconf 77' lang='grc' dir='ltr'><strong><em>ο</em></strong></span> <span class='ocrx_word' id='word_1_719' title='bbox 3193 5087 3356 5140; x_wconf 82' lang='grc' dir='ltr'><strong>σκιάν</strong></span> <span class='ocrx_word' id='word_1_720' title='bbox 3395 5086 3451 5141; x_wconf 83' lang='grc' dir='ltr'><strong>δὲ</strong></span> <span class='ocrx_word' id='word_1_721' title='bbox 3484 5086 3720 5141; x_wconf 78' lang='grc' dir='ltr'><strong>θανάτου</strong></span> 
     </span>
    </p>
   </div>
   <div class='ocr_carea' id='block_1_97' title="bbox 447 5178 2061 5267">
    <p class='ocr_par' dir='ltr' id='par_1_97' title="bbox 447 5192 2031 5267">
     <span class='ocr_line' id='line_1_97' title="bbox 447 5192 2031 5267; baseline -0.006 -13"><span class='ocrx_word' id='word_1_722' title='bbox 447 5199 615 5254; x_wconf 87' lang='lat' dir='ltr'><strong>etiam</strong></span> <span class='ocrx_word' id='word_1_723' title='bbox 650 5198 867 5265; x_wconf 85' lang='lat' dir='ltr'><strong>mortis,</strong></span> <span class='ocrx_word' id='word_1_724' title='bbox 920 5197 1212 5252; x_wconf 85' lang='lat' dir='ltr'><strong>tenebrosa</strong></span> <span class='ocrx_word' id='word_1_725' title='bbox 1263 5196 1559 5267; x_wconf 72' lang='lat' dir='ltr'><strong>sepultura:</strong></span> <span class='ocrx_word' id='word_1_726' title='bbox 1592 5192 1712 5249; x_wconf 88' lang='lat' dir='ltr'><strong>loca</strong></span> <span class='ocrx_word' id='word_1_727' title='bbox 1747 5192 2031 5262; x_wconf 80' lang='lat' dir='ltr'><strong>signiﬁca-</strong></span> 
     </span>
    </p>
   </div>
   <div class='ocr_carea' id='block_1_98' title="bbox 2109 5178 3723 5267">
    <p class='ocr_par' dir='ltr' id='par_1_98' title="bbox 2132 5178 3723 5252">
     <span class='ocr_line' id='line_1_98' title="bbox 2132 5178 3723 5252; baseline -0.005 -12"><span class='ocrx_word' id='word_1_728' title='bbox 2132 5187 2298 5242; x_wconf 84' lang='grc' dir='ltr'><strong>πάλιν</strong></span> <span class='ocrx_word' id='word_1_729' title='bbox 2323 5186 2452 5248; x_wconf 77' lang='grc' dir='ltr'><strong>τοὺς</strong></span> <span class='ocrx_word' id='word_1_730' title='bbox 2485 5185 2543 5238; x_wconf 89' lang='grc' dir='ltr'><strong>ἐν</strong></span> <span class='ocrx_word' id='word_1_731' title='bbox 2573 5182 2651 5252; x_wconf 82' lang='grc' dir='ltr'><strong>τῷ</strong></span> <span class='ocrx_word' id='word_1_732' title='bbox 2671 5180 2829 5250; x_wconf 77' lang='grc' dir='ltr'><strong>τάφῳ</strong></span> <span class='ocrx_word' id='word_1_733' title='bbox 2860 5180 3171 5244; x_wconf 74' lang='grc' dir='ltr'><strong>σκοτεινοὺς</strong></span> <span class='ocrx_word' id='word_1_734' title='bbox 3201 5178 3351 5246; x_wconf 79' lang='grc' dir='ltr'><strong>λέγει</strong></span> <span class='ocrx_word' id='word_1_735' title='bbox 3378 5179 3579 5242; x_wconf 81' lang='grc' dir='ltr'><strong>τόπους</strong></span> <span class='ocrx_word' id='word_1_736' title='bbox 3599 5197 3611 5208; x_wconf 89' lang='grc'>·</span> <span class='ocrx_word' id='word_1_737' title='bbox 3653 5179 3723 5232; x_wconf 78' lang='grc' dir='ltr'><strong>δι’</strong></span> 
     </span>
    </p>
   </div>
   <div class='ocr_carea' id='block_1_99' title="bbox 455 5269 2069 5358">
    <p class='ocr_par' dir='ltr' id='par_1_99' title="bbox 455 5285 2031 5358">
     <span class='ocr_line' id='line_1_99' title="bbox 455 5285 2031 5358; baseline -0.004 -13"><span class='ocrx_word' id='word_1_738' title='bbox 455 5292 551 5358; x_wconf 85' lang='lat' dir='ltr'><strong>vit,</strong></span> <span class='ocrx_word' id='word_1_739' title='bbox 583 5289 851 5346; x_wconf 81' lang='lat' dir='ltr'><strong>varietate</strong></span> <span class='ocrx_word' id='word_1_740' title='bbox 884 5306 1018 5346; x_wconf 89' lang='lat' dir='ltr'><strong>usus</strong></span> <span class='ocrx_word' id='word_1_741' title='bbox 1067 5287 1362 5345; x_wconf 86' lang='lat' dir='ltr'><strong>sermonis.</strong></span> <span class='ocrx_word' id='word_1_742' title='bbox 1419 5285 1701 5355; x_wconf 85' lang='lat' dir='ltr'><strong>Siquidem</strong></span> <span class='ocrx_word' id='word_1_743' title='bbox 1763 5285 2031 5340; x_wconf 87' lang='lat' dir='ltr'><strong>umbrosa</strong></span> 
     </span>
    </p>
   </div>
   <div class='ocr_carea' id='block_1_100' title="bbox 2172 5269 3786 5358">
    <p class='ocr_par' dir='ltr' id='par_1_100' title="bbox 2172 5269 3786 5350">
     <span class='ocr_line' id='line_1_100' title="bbox 2172 5269 3786 5350; baseline -0.006 -17"><span class='ocrx_word' id='word_1_744' title='bbox 2172 5280 2347 5350; x_wconf 79' lang='grc' dir='ltr'><strong>τέρων</strong></span> <span class='ocrx_word' id='word_1_745' title='bbox 2379 5276 2578 5342; x_wconf 77' lang='grc' dir='ltr'><strong>λέξεων</strong></span> <span class='ocrx_word' id='word_1_746' title='bbox 2632 5274 2694 5328; x_wconf 82' lang='grc' dir='ltr'><strong>τὸ</strong></span> <span class='ocrx_word' id='word_1_747' title='bbox 2715 5273 2847 5327; x_wconf 78' lang='grc' dir='ltr'><strong>αὐτὸ</strong></span> <span class='ocrx_word' id='word_1_748' title='bbox 2876 5272 3155 5344; x_wconf 78' lang='grc' dir='ltr'><strong>σημαίνει.</strong></span> <span class='ocrx_word' id='word_1_749' title='bbox 3189 5269 3325 5326; x_wconf 85' lang='grc' dir='ltr'><strong>Σκιά</strong></span> <span class='ocrx_word' id='word_1_750' title='bbox 3355 5271 3465 5340; x_wconf 79' lang='grc' dir='ltr'><strong>γὰρ</strong></span> <span class='ocrx_word' id='word_1_751' title='bbox 3502 5270 3725 5340; x_wconf 78' lang='grc' dir='ltr'><strong>λέγεται</strong></span> <span class='ocrx_word' id='word_1_752' title='bbox 3768 5304 3786 5330; x_wconf 58' lang='grc' dir='ltr'>χ</span> 
     </span>
    </p>
   </div>
   <div class='ocr_carea' id='block_1_101' title="bbox 445 5369 2059 5451">
    <p class='ocr_par' dir='ltr' id='par_1_101' title="bbox 445 5381 1507 5451">
     <span class='ocr_line' id='line_1_101' title="bbox 445 5381 1507 5451; baseline -0.008 -10"><span class='ocrx_word' id='word_1_753' title='bbox 445 5385 578 5441; x_wconf 81' lang='lat' dir='ltr'><strong>loca</strong></span> <span class='ocrx_word' id='word_1_754' title='bbox 614 5383 908 5440; x_wconf 77' lang='lat' dir='ltr'><strong>tenebrosa</strong></span> <span class='ocrx_word' id='word_1_755' title='bbox 943 5383 1109 5438; x_wconf 90' lang='lat' dir='ltr'><strong>etiam</strong></span> <span class='ocrx_word' id='word_1_756' title='bbox 1139 5381 1507 5451; x_wconf 85' lang='lat' dir='ltr'><strong>appellamus.</strong></span> 
     </span>
    </p>
   </div>
   <div class='ocr_carea' id='block_1_102' title="bbox 964 5369 2578 5451">
    <p class='ocr_par' dir='ltr' id='par_1_102' title="bbox 964 5369 2578 5451">
     <span class='ocr_line' id='line_1_102' title="bbox 964 5369 2578 5451; baseline -0.006 -16"><span class='ocrx_word' id='word_1_757' title='bbox 964 5383 1109 5437; x_wconf 71' lang='lat' dir='ltr'><strong>etiam</strong></span> <span class='ocrx_word' id='word_1_758' title='bbox 1139 5381 1507 5451; x_wconf 87' lang='lat' dir='ltr'><strong>appellamus.</strong></span> <span class='ocrx_word' id='word_1_759' title='bbox 2146 5373 2240 5426; x_wconf 75' lang='grc' dir='ltr'><strong>καὶ</strong></span> <span class='ocrx_word' id='word_1_760' title='bbox 2278 5371 2341 5424; x_wconf 82' lang='grc' dir='ltr'><strong>τὸ</strong></span> <span class='ocrx_word' id='word_1_761' title='bbox 2366 5369 2578 5433; x_wconf 86' lang='grc' dir='ltr'><strong>σκότος.</strong></span> 
     </span>
    </p>
   </div>
   <div class='ocr_carea' id='block_1_103' title="bbox 526 5453 2140 5543">
    <p class='ocr_par' dir='ltr' id='par_1_103' title="bbox 526 5466 2038 5543">
     <span class='ocr_line' id='line_1_103' title="bbox 526 5466 2038 5543; baseline -0.005 -12"><span class='ocrx_word' id='word_1_762' title='bbox 526 5476 693 5533; x_wconf 72' lang='lat' dir='ltr'><strong>Vsus.</strong></span> <span class='ocrx_word' id='word_1_763' title='bbox 736 5476 793 5532; x_wconf 90' lang='lat'><strong>8.</strong></span> <span class='ocrx_word' id='word_1_764' title='bbox 832 5474 1005 5543; x_wconf 75' lang='lat' dir='ltr'><strong>Super</strong></span> <span class='ocrx_word' id='word_1_765' title='bbox 1037 5490 1118 5528; x_wconf 87' lang='lat' dir='ltr'><strong>me</strong></span> <span class='ocrx_word' id='word_1_766' title='bbox 1160 5472 1516 5543; x_wconf 72' lang='lat' dir='ltr'><strong>conﬁrmatus</strong></span> <span class='ocrx_word' id='word_1_767' title='bbox 1560 5478 1640 5525; x_wconf 87' lang='lat' dir='ltr'><strong>est</strong></span> <span class='ocrx_word' id='word_1_768' title='bbox 1691 5469 1844 5540; x_wconf 75' lang='lat' dir='ltr'><strong>furor</strong></span> <span class='ocrx_word' id='word_1_769' title='bbox 1893 5466 2038 5524; x_wconf 65' lang='lat' dir='ltr'><strong>tuus.</strong></span> 
     </span>
    </p>
   </div>
   <div class='ocr_carea' id='block_1_104' title="bbox 2116 5453 3730 5543">
    <p class='ocr_par' dir='ltr' id='par_1_104' title="bbox 2220 5453 3730 5530">
     <span class='ocr_line' id='line_1_104' title="bbox 2220 5453 3730 5530; baseline -0.005 -14"><span class='ocrx_word' id='word_1_770' title='bbox 2220 5462 2347 5516; x_wconf 79' lang='grc' dir='ltr'><strong>Ἐπ’</strong></span> <span class='ocrx_word' id='word_1_771' title='bbox 2384 5459 2487 5530; x_wconf 76' lang='grc' dir='ltr'><strong>ἐμὲ</strong></span> <span class='ocrx_word' id='word_1_772' title='bbox 2534 5458 2939 5527; x_wconf 78' lang='grc' dir='ltr'><strong>ἐπεστηρίχθη</strong></span> <span class='ocrx_word' id='word_1_773' title='bbox 2972 5459 3006 5510; x_wconf 83' lang='grc' dir='ltr'><strong>δ</strong></span> <span class='ocrx_word' id='word_1_774' title='bbox 3035 5456 3222 5526; x_wconf 78' lang='grc' dir='ltr'><strong>θυμός</strong></span> <span class='ocrx_word' id='word_1_775' title='bbox 3264 5470 3403 5508; x_wconf 88' lang='grc' dir='ltr'><strong>σου.</strong></span> <span class='ocrx_word' id='word_1_776' title='bbox 3437 5453 3530 5519; x_wconf 76' lang='grc' dir='ltr'><strong>Τὸ,</strong></span> <span class='ocrx_word' id='word_1_777' title='bbox 3556 5455 3730 5512; x_wconf 79' lang='grc' dir='ltr'><strong>Ἐπε-</strong></span> 
     </span>
    </p>
   </div>
   <div class='ocr_carea' id='block_1_105' title="bbox 462 5545 2076 5639">
    <p class='ocr_par' dir='ltr' id='par_1_105' title="bbox 462 5562 2041 5639">
     <span class='ocr_line' id='line_1_105' title="bbox 462 5562 2041 5639; baseline -0.001 -21"><span class='ocrx_word' id='word_1_778' title='bbox 462 5565 834 5633; x_wconf 84' lang='lat' dir='ltr'><strong>Symmachus</strong></span> <span class='ocrx_word' id='word_1_779' title='bbox 885 5581 986 5638; x_wconf 84' lang='lat' dir='ltr'><strong>pro</strong></span> <span class='ocrx_word' id='word_1_780' title='bbox 1015 5564 1378 5636; x_wconf 80' lang='lat' dir='ltr'><strong>Conﬁrmatus</strong></span> <span class='ocrx_word' id='word_1_781' title='bbox 1406 5562 1675 5639; x_wconf 69' lang='lat' dir='ltr'><strong>reddidit,</strong></span> <span class='ocrx_word' id='word_1_782' title='bbox 1705 5567 2041 5632; x_wconf 80' lang='lat' dir='ltr'><strong>Aggravatus</strong></span> 
     </span>
    </p>
   </div>
   <div class='ocr_carea' id='block_1_106' title="bbox 2112 5545 3726 5639">
    <p class='ocr_par' dir='ltr' id='par_1_106' title="bbox 2151 5545 3726 5623">
     <span class='ocr_line' id='line_1_106' title="bbox 2151 5545 3726 5623; baseline -0.003 -14"><span class='ocrx_word' id='word_1_783' title='bbox 2151 5554 2473 5623; x_wconf 75' lang='grc' dir='ltr'><strong>στηρίχθη,</strong></span> <span class='ocrx_word' id='word_1_784' title='bbox 2512 5553 2540 5606; x_wconf 84' lang='grc' dir='ltr'><strong>ὁ</strong></span> <span class='ocrx_word' id='word_1_785' title='bbox 2595 5549 2916 5620; x_wconf 84' lang='grc' dir='ltr'><strong>Σύμμαχος,</strong></span> <span class='ocrx_word' id='word_1_786' title='bbox 2954 5545 3374 5614; x_wconf 72' lang='grc' dir='ltr'><strong>Ἐπεὸἁρησεν</strong></span> <span class='ocrx_word' id='word_1_787' title='bbox 3432 5546 3726 5611; x_wconf 73' lang='grc' dir='ltr'><strong>ἐξέδωκεν.</strong></span> 
     </span>
    </p>
   </div>
   <div class='ocr_carea' id='block_1_107' title="bbox 457 5638 2071 5729">
    <p class='ocr_par' dir='ltr' id='par_1_107' title="bbox 457 5654 2032 5729">
     <span class='ocr_line' id='line_1_107' title="bbox 457 5654 2032 5729; baseline -0.001 -19"><span class='ocrx_word' id='word_1_788' title='bbox 457 5668 559 5710; x_wconf 81' lang='lat' dir='ltr'><strong>est.</strong></span> <span class='ocrx_word' id='word_1_789' title='bbox 589 5656 647 5712; x_wconf 89' lang='lat' dir='ltr'><strong>in</strong></span> <span class='ocrx_word' id='word_1_790' title='bbox 680 5672 789 5724; x_wconf 89' lang='lat' dir='ltr'><strong>me,</strong></span> <span class='ocrx_word' id='word_1_791' title='bbox 834 5658 1035 5729; x_wconf 85' lang='lat' dir='ltr'><strong>inquit,</strong></span> <span class='ocrx_word' id='word_1_792' title='bbox 1079 5658 1241 5713; x_wconf 88' lang='lat' dir='ltr'><strong>irruit</strong></span> <span class='ocrx_word' id='word_1_793' title='bbox 1274 5657 1355 5713; x_wconf 87' lang='lat' dir='ltr'><strong>ira</strong></span> <span class='ocrx_word' id='word_1_794' title='bbox 1387 5665 1481 5711; x_wconf 88' lang='lat' dir='ltr'><strong>tua</strong></span> <span class='ocrx_word' id='word_1_795' title='bbox 1507 5670 1673 5726; x_wconf 89' lang='lat' dir='ltr'><strong>quam</strong></span> <span class='ocrx_word' id='word_1_796' title='bbox 1699 5654 1902 5711; x_wconf 82' lang='lat' dir='ltr'><strong>delicta</strong></span> <span class='ocrx_word' id='word_1_797' title='bbox 1929 5654 2032 5708; x_wconf 87' lang='lat' dir='ltr'><strong>ho—</strong></span> 
     </span>
    </p>
   </div>
   <div class='ocr_carea' id='block_1_108' title="bbox 2117 5638 3731 5729">
    <p class='ocr_par' dir='ltr' id='par_1_108' title="bbox 2153 5638 3731 5719">
     <span class='ocr_line' id='line_1_108' title="bbox 2153 5638 3731 5719; baseline -0.006 -17"><span class='ocrx_word' id='word_1_798' title='bbox 2153 5647 2308 5719; x_wconf 79' lang='grc' dir='ltr'><strong>Ἐμὲ,</strong></span> <span class='ocrx_word' id='word_1_799' title='bbox 2366 5645 2522 5715; x_wconf 77' lang='grc' dir='ltr'><strong>φησὶ,</strong></span> <span class='ocrx_word' id='word_1_800' title='bbox 2580 5642 2930 5712; x_wconf 81' lang='grc' dir='ltr'><strong>κατέσκηψεν</strong></span> <span class='ocrx_word' id='word_1_801' title='bbox 2989 5643 3019 5695; x_wconf 89' lang='grc' dir='ltr'><strong>δ</strong></span> <span class='ocrx_word' id='word_1_802' title='bbox 3078 5639 3221 5695; x_wconf 75' lang='grc' dir='ltr'><strong>κατὰ</strong></span> <span class='ocrx_word' id='word_1_803' title='bbox 3269 5639 3377 5693; x_wconf 83' lang='grc' dir='ltr'><strong>τῶν</strong></span> <span class='ocrx_word' id='word_1_804' title='bbox 3421 5638 3731 5712; x_wconf 83' lang='grc' dir='ltr'><strong>ἀνθρώπων</strong></span> 
     </span>
    </p>
   </div>
   <div class='ocr_carea' id='block_1_109' title="bbox 542 5821 3301 5902">
    <p class='ocr_par' dir='ltr' id='par_1_109' title="bbox 542 5821 3301 5902">
     <span class='ocr_line' id='line_1_109' title="bbox 542 5821 3301 5902; baseline -0.004 -14"><span class='ocrx_word' id='word_1_805' title='bbox 542 5833 587 5864; x_wconf 73' lang='grc'>’⁷</span> <span class='ocrx_word' id='word_1_806' title='bbox 625 5831 821 5888; x_wconf 72' lang='lat' dir='ltr'><strong>Matth.</strong></span> <span class='ocrx_word' id='word_1_807' title='bbox 879 5849 1029 5902; x_wconf 73' lang='lat' dir='ltr'><strong>xxvi,</strong></span> <span class='ocrx_word' id='word_1_808' title='bbox 1067 5834 1158 5895; x_wconf 78' lang='lat'><strong>56.</strong></span> <span class='ocrx_word' id='word_1_809' title='bbox 1232 5835 1279 5869; x_wconf 78' lang='lat'>“</span> <span class='ocrx_word' id='word_1_810' title='bbox 1315 5833 1454 5892; x_wconf 83' lang='lat' dir='ltr'><strong>Ibid.</strong></span> <span class='ocrx_word' id='word_1_811' title='bbox 1494 5835 1585 5892; x_wconf 76' lang='lat'><strong>53.</strong></span> <span class='ocrx_word' id='word_1_812' title='bbox 1659 5835 1704 5868; x_wconf 82' lang='grc'><strong>²⁹</strong></span> <span class='ocrx_word' id='word_1_813' title='bbox 1735 5830 1895 5889; x_wconf 78' lang='lat' dir='ltr'><strong>Joan.</strong></span> <span class='ocrx_word' id='word_1_814' title='bbox 1930 5847 1985 5902; x_wconf 74' lang='grc' dir='ltr'><strong>τ,</strong></span> <span class='ocrx_word' id='word_1_815' title='bbox 2020 5829 2107 5886; x_wconf 75' lang='grc'><strong>18.</strong></span> <span class='ocrx_word' id='word_1_816' title='bbox 2222 5829 2267 5862; x_wconf 80' lang='grc'><strong>³⁸</strong></span> <span class='ocrx_word' id='word_1_817' title='bbox 2300 5824 2448 5883; x_wconf 80' lang='lat' dir='ltr'><strong>Psal.</strong></span> <span class='ocrx_word' id='word_1_818' title='bbox 2480 5840 2569 5893; x_wconf 73' lang='lat' dir='ltr'><strong>xv,</strong></span> <span class='ocrx_word' id='word_1_819' title='bbox 2604 5824 2692 5880; x_wconf 84' lang='lat' dir='ltr'><strong>l0.</strong></span> <span class='ocrx_word' id='word_1_820' title='bbox 2769 5822 2812 5865; x_wconf 63' lang='grc' dir='ltr'><strong>δ’</strong></span> <span class='ocrx_word' id='word_1_821' title='bbox 2844 5821 3038 5879; x_wconf 81' lang='lat' dir='ltr'><strong>Matth.</strong></span> <span class='ocrx_word' id='word_1_822' title='bbox 3076 5837 3176 5891; x_wconf 79' lang='lat' dir='ltr'><strong>xu,</strong></span> <span class='ocrx_word' id='word_1_823' title='bbox 3207 5821 3301 5877; x_wconf 67' lang='lat'><strong>40.</strong></span> 
     </span>
    </p>
   </div>
  </div>
