4088 6442
533 405 639 470 89')

1737 401 2121 466 EUTHYMII
2149 400 2517 462 ZIGABENI

3678 400 3791 462 896

610 520 777 577 Vens.
798 519 888 576 ﬂ.
914 517 1444 589 Numquidlnarrabit
1460 517 1655 588 aliquis
1685 517 2004 588 injsepulcro
2029 519 2131 572 mi-

2316 510 2414 579 Μὴ
2454 511 2813 581 διηγήσεταί
2842 528 2931 579 τις
2968 514 3038 567 ἐν
3073 513 3239 583 τάφῳ
3266 512 3331 567 τὸ
3365 513 3538 577 ἔλεός
3566 528 3682 566 σου
3714 517 3816 568 καί

537 613 880 667 sericordiam
900 622 1045 667 tuam
1063 614 1089 668 ?
1119 623 1211 667 aut
1240 613 1509 667 veritatem
1534 620 1679 666 tuam
1706 613 1760 666 in
1791 612 2131 682 perditione?

542 706 622 759 Ad
662 705 908 760 eamdem
952 707 1069 760 haec
1097 706 1266 761 verba
1317 704 1647 762 sententiam
1716 704 2016 774 pertinent.
2063 703 2131 758 Et

540 812 638 865 per
675 796 1066 865 perditionem,
1106 812 1302 851 rursus
1340 796 1664 863 sepulcrum
1689 794 1972 866 intelligit,
2009 797 2131 850 vei-

545 890 623 943 uti
674 889 818 957 quod
849 890 1120 943 cadavera
1144 889 1256 943 iliie
1277 889 1513 957 jacentia
1537 890 1847 958 corrumpit
1912 903 1975 942 ac
2006 904 2129 958 per.

539 980 640 1034 dit.
680 982 925 1037 Diximus
968 988 1154 1037 autem
1203 981 1335 1035 alibi
1378 981 1524 1050 quod
1563 983 1808 1036 eamdem
1856 981 2128 1050 Propheta

473 1064 487 1130 ξ
544 1077 879 1127 sententiam
942 1088 1326 1143 smpenumcro
1372 1073 1540 1126 variis
1569 1073 1770 1142 repetit
1816 1073 2021 1135 modis,
2049 1079 2132 1125 at-

544 1179 654 1231 que
681 1163 787 1217 hoc
814 1163 1089 1232 praecipue
1116 1164 1331 1233 quoties
1376 1163 1630 1217 allectum
1688 1154 1980 1231 quemdam
2015 1163 2134 1217 ani-

543 1257 616 1310 mi
665 1257 782 1310 vult
823 1257 1121 1325 explicare.
1167 1256 1282 1311 Non
1321 1265 1572 1313 mortuus
1600 1255 1899 1325 quispiam,
1932 1255 2131 1326 inquit,

545 1345 643 1401 sed
695 1347 887 1401 vivens
924 1347 1047 1416 quis
1104 1356 1251 1402 tuam
1320 1348 1524 1403 sentiet
1574 1347 2037 1412 misericordiam,
2078 1356 2135 1402 et

544 1437 859 1492 hominibus
941 1455 1058 1494 eam
1135 1440 1506 1496 aununtiubit.
1580 1439 1657 1495 De
1683 1438 1913 1496 veritate
1951 1448 2132 1496 autem

546 1529 663 1591 Dei.
701 1530 907 1585 dictum
938 1542 1020 1587 est
1049 1532 1103 1586 in
1136 1533 1350 1602 psalmo
1381 1550 1533 1589 xxix.

615 1619 781 1675 Vens.
804 1623 893 1676 15.
921 1621 1194 1691 Numquid
1223 1633 1602 1693 cognoscentur
1624 1626 1678 1679 in
1710 1609 1938 1681 tenebris
1967 1626 2137 1680 mira-

544 1712 675 1766 bilia
712 1722 803 1766 tua
829 1754 842 1779 ,
875 1722 925 1769 et
953 1715 1168 1783 justitia
1204 1726 1297 1771 tua
1338 1718 1391 1771 in
1424 1726 1568 1772 terra
1609 1718 1815 1773 oblita?
1846 1718 1950 1774 Per
1981 1728 2136 1776 tene-

556 1805 755 1860 nebras
824 1808 1165 1876 sepulturam
1228 1809 1459 1880 intelligi
1529 1810 1804 1876 diximus,
1884 1811 2133 1867 eamdem

564 1897 729 1950 etiam
793 1904 997 1951 terram
1049 1898 1278 1954 oblitam
1312 1902 1646 1969 ,appeliavit.
1705 1903 1786 1957 Ab
1820 1903 2136 1961 hominibus

554 1989 774 2057 quidem
807 1990 975 2045 oblita
1007 1991 1244 2057 videtur,
1277 1992 1348 2046 ob
1381 1995 1812 2062 corruptionem,
1848 2004 1902 2051 et
1942 2013 1970 2051 a
2003 1997 2135 2064 Deo,

543 2080 674 2150 quia
716 2082 952 2152 amplius
984 2097 1092 2138 non
1137 2084 1352 2149 vivunt,
1409 2086 1502 2154 qui
1538 2086 1649 2141 illic
1684 2087 1906 2156 ‘jacent.
1937 2088 2137 2147 Vivere

546 2172 698 2226 enim
733 2172 809 2226 illi
845 2173 1122 2240 dicuntur,
1156 2190 1389 2243 quorum
1421 2176 1559 2232 Dens
1580 2179 1979 2241 reminiscitur.
2002 2182 2136 2237 Om-

545 2261 638 2315 nia
690 2269 873 2316 autem
912 2262 1028 2317 bzec
1082 2265 1248 2320 verba
1279 2265 1524 2334 ejusdem
1558 2272 1849 2325 sententia:
1881 2278 2036 2337 sunt,
2084 2278 2139 2327 et

546 2366 643 2421 per
666 2351 1146 2422 interrogationem
1180 2366 1235 2411 et
1262 2372 1385 2410 cum
1414 2356 1617 2412 affectu
1651 2358 1877 2428 legenda
1941 2369 2092 2415 sunt.

618 2443 782 2503 Vens.
818 2446 906 2501 14.
949 2446 1019 2501 Ει
1055 2464 1146 2518 ego
1179 2449 1248 2501 ad
1287 2459 1355 2513 te,
1397 2444 1640 2515 Domine,
1671 2452 1914 2509 clamavi.
1947 2454 2014 2508 Et
2039 2469 2140 2524 ego

546 2539 713 2593 simul
757 2557 883 2595 cum
918 2542 1043 2598 aliis
1074 2544 1410 2617 hominibus,
1437 2545 1603 2601 veluti
1643 2549 1738 2618 qui
1781 2563 1945 2604 verus
1972 2551 2138 2604 etiam

548 2643 671 2684 sum
704 2628 894 2683 homo.

622 2717 688 2771 Et
730 2736 879 2774 mane
912 2722 1087 2775 oratio
1118 2739 1231 2777 mea
1270 2726 1545 2792 prteveniet
1578 2735 1644 2781 te.
1685 2726 1842 2783 Mane
1868 2728 2005 2784 dixit
2041 2712 2140 2801 pro

548 2810 675 2863 cito.
727 2809 849 2865 Cito
871 2813 1042 2880 enim,
1098 2814 1298 2884 inquit,
1346 2816 1522 2870 oratio
1569 2833 1685 2872 mea
1725 2818 1791 2873 ad
1847 2829 1901 2876 tc
1938 2822 2138 2876 veniet.

549 2902 804 2957 Abundat
844 2914 1027 2960 autem
1082 2909 1397 2977 praepositio
1442 2926 1574 2979 ριοω.
1617 2911 1748 2967 idco
1795 2921 1976 2968 autem
2030 2915 2141 2970 cito

552 2996 790 3050 venitad
836 3003 890 3050 te
936 3012 1056 3054 mea
1098 3000 1295 3066 oratio,
1348 3001 1479 3070 quia
1511 3002 1905 3073 impedimento
1936 3004 1985 3061 ei
2016 3021 2140 3062 esse

548 3100 657 3139 non
692 3095 920 3156 pOSSlllll
952 3098 1200 3160 peccata.

2231 600 2347 670 τὴν
2369 602 2665 669 ἀλήθειάν
2683 617 2802 661 σου
2824 604 2894 658 ἐν
2915 603 2991 673 τῇ
3011 605 3279 672 ἀπωλείᾳ
3301 622 3318 670 ;
3346 605 3457 674 Τῆς
3474 603 3646 672 αὐτῆς
3665 603 3826 656 ἐστιν

2233 694 2446 757 ἑννοίας
2474 695 2569 749 καὶ
2595 695 2803 750 ταῦτα.·
2841 696 3150 752 Ἀπὼλειαν
3196 697 3254 750 δὲ
3294 696 3389 750 τὸν
3433 697 3605 764 τάφον
3651 694 3825 749 πάλιν

2231 785 2543 855 ὠνόμασεν,
2578 786 2655 850 ὡς
2687 787 3076 860 διαφθείροντα
3121 789 3213 843 τὸν
3241 787 3565 858 ἐγκείμενον
3596 788 3829 857 νεκρόν.

2232 876 2551 947 Είρήκαμεν
2575 877 2656 943 δὲ,
2706 880 2788 933 ὅτι
2828 880 2899 934 τὰ
2925 879 3066 933 αὐτὰ
3090 879 3157 934 δι’
3191 880 3398 949 ἐτέρων
3440 878 3703 941 πολλάκις
3728 878 3827 930 λέ·-

2233 967 2371 1033 ξεων
2408 971 2436 1021 ὁ
2472 969 2767 1040 Προφήτης
2792 970 2946 1042 λέγει
2973 1009 2990 1037 ,
3047 972 3143 1025 καὶ
3177 971 3379 1042 μᾶλλον
3402 973 3460 1025 ἐν
3483 972 3599 1032 τοῖς
3633 969 3827 1038 παθη-

2232 1061 2430 1123 τικοῖς.
2463 1061 2578 1131 Οὐχ
2608 1063 2636 1114 ὁ
2670 1062 2888 1133 νεκρὸς,
2913 1062 3032 1117 ἀλλ’
3062 1064 3089 1116 ό
3114 1060 3244 1127 ζῶν,
3275 1062 3463 1135 φησιν,
3493 1060 3825 1116 αἰσθάνεται

2234 1147 2328 1200 τοῦ
2374 1147 2560 1213 ὲλέους
2619 1166 2733 1215 σου,
2804 1153 2901 1205 καὶ
2959 1152 3297 1221 ἀπαγγέλλει
3358 1151 3518 1205 τοῦτο
3558 1153 3671 1213 τοῖς
3721 1151 3833 1202 ἀν·-

2237 1237 2502 1310 θρὼποις.
2581 1242 2721 1313 Περὶ
2770 1242 2828 1296 δὲ
2878 1242 2979 1315 τῆς
3035 1243 3295 1313 ἀληθείας
3348 1243 3567 1314 εῑρηται
3627 1244 3686 1296 ὲν
3739 1241 3827 1311 τῷ

2237 1329 2320 1385 κθ¹
2358 1330 2582 1403 ψαλμῷ.

2309 1618 2406 1688 Μὴ
2445 1620 2865 1691 γνωσθήσεται
2903 1620 2974 1675 ἐν
3017 1619 3097 1688 τῷ
3133 1621 3343 1677 σκότει
3401 1621 3473 1676 τὰ
3516 1623 3831 1692 θαυμάσιοί

2238 1726 2384 1775 σου;
2411 1711 2510 1765 καί
2545 1713 2583 1781 ἠ
2614 1711 2975 1780 δικαιοσύνη
3004 1726 3122 1768 σου
3155 1712 3227 1767 ἐν
3245 1711 3323 1782 γῆ
3342 1711 3833 1782 ἐπι.ῑελησμένῃ;

2243 1803 2444 1869 Σκότος
2485 1805 2636 1873 λέγει
2671 1805 2763 1859 τὸν
2791 1806 2848 1860 ὲν
2872 1806 2952 1873 τῷ
2980 1806 3139 1876 τάφῳ
3174 1805 3339 1860 πάλιν
3361 1804 3547 1869 τόπον,
3593 1804 3691 1859 τὸν
3725 1806 3836 1859 αὐ-

2242 1896 2334 1950 τὸν
2388 1896 2446 1951 δὶ
2498 1898 2592 1952 καὶ
2641 1897 2750 1967 γῆν
2798 1896 3273 1969 ἐπιλελησμένῃνο
3329 1898 3461 1968 παρ’
3513 1896 3834 1968 ἀνθρώποις

2247 1989 2348 2059 μὲν
2401 1988 2478 2053 ὡς
2522 1988 2822 2060 διαφθορᾶς
2853 1990 3112 2062 ἔμπλεων
3136 2031 3150 2057 ,
3186 1989 3341 2062 παρά
3381 1990 3501 2061 Θεῷ
3542 1991 3597 2044 δὲ
3630 1990 3707 2053 ὼς
3747 1988 3833 2059 μὴ

2244 2080 2449 2145 ζῶντος
2494 2080 2590 2135 τοῦ
2648 2082 2998 2153 ἐγκειμένου.
3035 2082 3180 2136 Ζῶσι
3229 2082 3340 2153 γὰρ
3382 2076 3458 2136 ὧν
3494 2081 3833 2153 μνημονεύει

2242 2172 2379 2236 Θεός
2405 2189 2418 2203 ·
2457 2174 2638 2228 πάντα
2673 2173 2731 2228 δὲ
2760 2174 2829 2227 τὰ
2864 2173 3102 2245 ῥηθέντα
3126 2175 3226 2245 τῆς
3258 2174 3381 2243 ίσης
3427 2172 3666 2236 διανοίας
3695 2172 3835 2226 ὄντα

2242 2268 2364 2320 κατ’
2394 2264 2669 2337 ἐρώτησιν
2694 2265 2905 2336 ἠθικῶς
2931 2266 3331 2335 ἀναγνωστέον.

2315 2441 2488 2510 Κάγὼ
2519 2443 2680 2511 πρὸς
2715 2443 2812 2510 σὲ,
2865 2444 3067 2513 Κύριε,
3101 2442 3425 2511 ἐκέκραξα.
3476 2442 3649 2509 Κάγὼ
3687 2443 3837 2514 μετὰ

2242 2527 2354 2583 τῶν
2377 2529 2554 2586 ἄλλων
2586 2531 2918 2603 ἀνθρώπων,
2955 2533 3029 2596 ὡς
3059 2533 3153 2587 xui.
3187 2533 3351 2597 αὐτὸς
3376 2531 3687 2602 ἄνθρωπος.

2319 2710 2390 2763 Τὸ
2440 2711 2591 2779 πρωῒ
2627 2712 2665 2780 ἡ
2711 2711 3023 2784 προσευχὴ
3075 2730 3194 2782 μου
3230 2712 3565 2783 προφθιὶσει
3607 2729 3701 2767 σε.
3753 2715 3829 2769 Τὸ

2243 2802 2414 2870 πρωῒ,
2467 2804 2591 2856 ἀντὶ
2635 2804 2727 2858 τοῦ
2775 2806 3008 2875 ταχέως,
3038 2806 3235 2874 φθάσει
3277 2807 3357 2870 εἰς
3386 2807 3444 2860 σὲ
3475 2808 3508 2877 ἡ
3543 2806 3827 2877 προσευχὴ

2246 2912 2372 2967 μου.
2392 2896 2715 2966 Περιττεύει
2742 2897 2799 2951 δὲ
2826 2900 2858 2969 ὴ
2884 2897 3256 2969 πρόθεσις.οὐ
3287 2898 3396 2969 γὰρ
3433 2898 3828 2969 ἐμποδίσουσιν

2242 2991 2382 3062 αὐτῇ
2419 2991 2714 3064 ἁμαρτίαι.

612 3176 780 3234 Vens.
843 3179 930 3234 15.
1011 3180 1225 3252 ΠιᾳιιίιΙ,
1301 3184 1547 3251 Domine,
1609 3190 1818 3258 repellis
1901 3190 2139 3246 animam

2319 3193 2447 3247 Ἵνα
2477 3194 2551 3260 τί,
2585 3195 2787 3263 Κύριε,
2816 3193 3074 3260 ἁπωθεῖς
3105 3193 3221 3260 τὴν
3256 3189 3470 3261 ψυχήν
3496 3207 3650 3261 you;
3678 3190 3833 3244 dxe-

551 3272 764 3326 meam?
816 3275 1004 3330 avertis
1064 3276 1254 3344 faciem
1307 3288 1454 3334 luant
1509 3298 1543 3335 ιι
1596 3284 1715 3336 me?
1765 3282 1976 3338 Similia
2028 3284 2139 3341 haec

2249 3285 2528 3355 στρέφε-ις
2581 3286 2648 3340 τὸ
2706 3286 3035 3355 πρόσωπόν
3074 3301 3191 3340 σου
3233 3285 3334 3339 ἀπ’
3394 3283 3581 3355 byw“);
3620 3283 3832 3352 Ὅμοια

548 3372 679 3419 sunt
716 3365 784 3421 iis
808 3383 929 3436 quae
955 3371 1229 3426 habentur
1258 3373 1312 3427 in
1340 3375 1552 3443 psalmo
1576 3392 1688 3441 ιιι,
1710 3377 1784 3431 ibi
1812 3393 1827 3432 :
1858 3379 2038 3444 Quare
2055 3379 2145 3433 de-

550 3456 811 3527 reliquirti
840 3476 921 3514 me
939 3461 965 3514 2
994 3460 1166 3518 Item:
1198 3462 1453 3520 Clamabo
1475 3482 1566 3536 per
1587 3468 1815 3536 diem,et
1853 3488 1954 3527 non
1984 3487 2147 3525 exau-

554 3549 688 3603 diet.
737 3548 865 3606 Haec
918 3563 1103 3609 autem
1147 3570 1213 3610 ex
1247 3571 1485 3626 persona
1532 3568 1743 3628 nostra,
1778 3561 2034 3621 Christus
2068 3566 2145 3622 ad

557 3639 775 3696 Patrem
824 3644 1118 3714 loquitur:
1154 3661 1253 3716 pro
1294 3648 1479 3713 nobis.
1533 3651 1779 3721 inquam.
1835 3657 1927 3725 qui
1982 3666 2144 3714 antea

554 3735 768 3801 expulsi
792 3750 1034 3792 eramus.
1062 3736 1509 3810 Uniuscujusque
1523 3742 1667 3797 enim
1685 3744 1860 3801 ﬁdelis
1882 3747 2143 3815 animam,

556 3826 832 3893 prapriam
874 3827 1113 3882 animam
1158 3830 1422 3900 appellat,
1458 3831 1516 3886 in
1565 3848 1668 3888 sua
1698 3835 2146 3909 ipsius‘persona

558 3930 1010 3989 unumquemque
1050 3916 1302 3977 nostrum
1327 3923 1653 3994 subjiciens.
1688 3925 1893 3994 Quare,
1938 3929 2144 4001 inquit,

554 4009 734 4064 adhuc
766 4012 987 4081 repellis
1017 4013 1151 4071 eos?
1173 4014 1284 4085 Ego
1305 4016 1451 4071 enim
1482 4016 1744 4090 deinceps
1767 4035 1868 4089 pro
1888 4023 2145 4079 omnibus

557 4117 750 4171 poenas
781 4104 955 4160 solvo.
1503 4120 1539 4133 "

632 4193 777 4251 Vens
824 4197 916 4251 16.
952 4198 1114 4269 Inops
1145 4217 1263 4255 sum
1306 4216 1425 4272 ego,
1472 4210 1631 4265 atque
1671 4203 1729 4257 in
1767 4204 2034 4260 laboribus
2080 4208 2145 4260 ab

558 4286 916 4343 adolescentia
947 4308 1083 4349 mea.
1119 4292 1196 4349 De
1227 4293 1332 4348 hac
1369 4292 1574 4350 Christi
1624 4295 1805 4365 inopia
1846 4299 2146 4368 Gregorius

558 4378 869 4450 Theologus
899 4384 1150 4454 loquens,
1204 4388 1376 4443 dixit:
1412 4390 1519 4457 ρμὶ
1558 4390 1702 4446 dives
1731 4401 1867 4458 erat,
1927 4394 2146 4463 eﬂ‘ectus

558 4481 635 4524 est
661 4474 827 4543 inops,
870 4477 1039 4545 inops,
1077 4480 1317 4549 inquam,
1351 4482 1414 4537 ob
1456 4499 1667 4539 carnem
1694 4500 1885 4551 meam,
1918 4494 1975 4540 u’t
1996 4487 2145 4543 illius

2246 3381 2406 3434 ταυτὶ
2437 3382 2554 3443 τοῖς
2584 3381 2768 3450 ῥητοῖς
2795 3378 2891 3432 τοῦ
2931 3384 3017 3431 καθ
3047 3376 3288 3448 ψαλμοῦ,
3323 3375 3423 3447 τῷ,
3476 3373 3617 3428 "Ira
3649 3376 3703 3428 τι
3732 3374 3834 3442 ἐτ-

2246 3472 2568 3538 κατέλιπές
2585 3489 2705 3542 με;
2758 3473 2873 3537 καὶ,
2908 3471 2986 3541 τῷ
3017 3469 3393 3539 Κεκράξομιιι
3448 3467 3692 3537 ἡμέρας,
3726 3467 3833 3520 καὶ

2247 3567 2362 3620 οὐκ
2407 3566 2748 3632 είσακούσῃ
2775 3581 2790 3595 ⁸
2828 3564 2977 3633 λέγει
3011 3562 3069 3617 δὲ
3111 3561 3286 3616 ταῦτα
3339 3563 3433 3615 καὶ
3479 3559 3621 3629 ὑπὲρ
3664 3559 3829 3627 ἡμῶν

2246 3656 2355 3710 τῶν
2390 3658 2521 3729 πρὶν
2553 3657 2921 3725 ἅπωσμένων,
2971 3653 3154 3724 ψυχὴν
3208 3650 3409 3707 ἑαυτοῦ
3458 3652 3830 3731 τὴνιὲιιάστου

2246 3747 2426 3818 ψυχὴν
2453 3748 2755 3818 ὀνομάζων,
2795 3746 2891 3801 καὶ
2920 3747 3115 3799 ἑαυτὸν
3141 3744 3322 3800 καλῶν
3365 3745 3599 3798 ἕκαστον
3639 3744 3830 3814 ἡμῶν.

2248 3840 2348 3893 Διὰ
2379 3839 2432 3891 τί
2462 3839 2725 3905 ὰπωθεῖς,
2759 3841 2948 3911 φησὶν,
2998 3838 3116 3906 Eu;
3179 3837 3292 3892 Καὶ
3327 3836 3438 3907 γὰρ
3465 3835 3578 3907 ιγὼ
3636 3834 3831 3889 λοιπὸν

2249 3928 2390 4000 ὑπὲρ
2423 3929 2644 3985 πάντων
2670 3928 2801 3985 τίνω
2833 3929 3011 3993 δίκας.

2320 4206 2562 4276 Πτωχός
2603 4206 2724 4275 ειμι
2764 4204 2898 4274 ἐγὼ,
2931 4203 3031 4259 καὶ
3068 4204 3139 4257 ἐν
3177 4204 3390 4268 κόποις
3438 4200 3516 4269 ἐκ,
3540 4199 3834 4267 νεότητός

2248 4316 2384 4368 μου.
2403 4298 2571 4368 Φησὶν
2594 4299 2621 4351 ὁ
2646 4296 2898 4365 θεολόγος
2920 4296 3223 4368 Γρηγόριος
3239 4312 3252 4326 ·
3283 4298 3393 4349 Καὶ
3428 4297 3459 4348 ό
3493 4290 3835 4351 πλουτίζων

2249 4391 2570 4460 πτωχεύει·
2633 4390 2925 4460 πτωχεύει
2987 4389 3100 4457 γὰρ
3130 4385 3247 4455 τὴν
3280 4385 3440 4456 ἐμὴν
3491 4386 3710 4452 σάρκα,
3745 4381 3834 4436 ἵν’

2248 4483 2365 4553 ἐγὼ
2403 4481 2732 4549 πλουτήσω
2790 4480 2905 4548 τὴν
2948 4480 3138 4534 αὐτοῦ
3177 4480 3449 4546 θεότητα.
3504 4476 3710 4546 Ετρηκε
3766 4476 3835 4531 δὲ

560 4579 653 4633 ego
676 4566 953 4622 divinitate
980 4569 1124 4643 dives
1162 4572 1423 4642 efﬁcerer.
1455 4575 1533 4631 De
1559 4591 1620 4631 se
1640 4576 1759 4647 ipso
1792 4577 1958 4633 etiam
1985 4579 2139 4634 Chri-

2253 4576 2347 4629 καὶ
2379 4575 2544 4637 αὐτὸς
2596 4576 2625 4627 ὁ
2677 4573 2916 4643 Χριστὸς
2944 4571 3076 4642 περ)Ι
3114 4570 3312 4625 ἑαυτοῦ
3350 4570 3486 4640 πρὸς
3514 4570 3604 4624 τὸν
3643 4584 3837 4641 γραμ-

562 4665 683 4710 stus
726 4660 791 4712 ad
834 4656 1069 4715 scribam
1106 4663 1257 4718 illum
1285 4666 1528 4722 dicebat:
1562 4667 1753 4738 Vulpes
1780 4670 2013 4724 latebras
2052 4672 2150 4726 ha-

565 4750 706 4814 bent,
733 4761 782 4805 et
815 4753 1046 4810 volucres
1068 4757 1184 4811 coeli
1201 4759 1379 4831 nidos,
1397 4760 1569 4815 Filius
1585 4770 1761 4817 autem
1786 4765 2016 4818 hominis
2046 4781 2149 4818 non

564 4840 716 4894 habet
743 4843 833 4897 ubi
861 4845 1077 4901 reclinet
1107 4859 1267 4917 caput
1298 4867 1453 4906 suum
1477 4854 1543 4907 ³⁸.
1584 4853 1647 4907 In
1672 4854 1943 4910 laboribus
1965 4865 2145 4910 autem

567 4941 737 5001 atque
765 4936 829 4987 ab
862 4937 1242 5007 adolescentia,
1273 4944 1477 4999 dictum
1512 4954 1619 5011 est,
1644 4946 1769 5016 quia
1811 4947 1879 5002 ab
1902 4947 2037 5016 ipsis
2064 4947 2150 5001 in-

566 5027 863 5084 cunabulis
901 5029 1116 5087 insidim
1169 5034 1439 5092 adversus
1492 5052 1617 5092 eum
1660 5040 2047 5105 tendebantur,
2094 5048 2149 5095 et

571 5119 697 5187 quia
751 5121 930 5177 infans
984 5128 1400 5195 persecutiones
1451 5131 1757 5187 sustinuit:
1802 5131 1870 5185 ab
1934 5123 2150 5188 Herode

570 5213 783 5269 soiliret
835 5226 1004 5285 atque
1034 5233 1065 5273 a
1106 5218 1332 5285 Judazis,
1360 5236 1454 5292 per
1484 5222 1701 5279 labores
1742 5233 1923 5278 autem
1954 5238 2153 5278 atrum-

572 5318 674 5357 nas
707 5305 984 5377 intelligit.

644 5397 929 5455 Exultatus
974 5411 1149 5456 autent
1186 5403 1498 5458 humiliatus
1549 5420 1686 5459 sum.
1729 5403 2011 5460 Exaltatus
2043 5406 2147 5460 mi-

540 5492 796 5555 ‘raculis,
823 5502 876 5546 et
908 5492 1204 5562 depressus
1235 5493 1848 5562 conviciisJudazorum
1883 5497 2144 5552 nimirum

569 5583 846 5648 opinione.
883 5584 1269 5645 Velexaltatus
1298 5591 1353 5645 in
1387 5604 1572 5659 cruce,
1604 5589 1924 5647 humiliatus
1967 5591 2022 5645 in
2064 5605 2150 5649 se-

574 5670 787 5736 pulcro.
1496 5672 1499 5673 ⁷
1724 5668 1729 5672 ’
1966 5676 1971 5680 ’

654 5850 701 5883 ίθ
746 5851 934 5904 Matth.
970 5870 1084 5920 \‘ttt,
1119 5855 1206 5911 20.

2255 4667 2432 4738 ματέα
2458 4682 2472 4696 ·
2493 4668 2563 4721 Al
2595 4664 2904 4730 ἀλώπεκες
2931 4662 3206 4734 φωλεοὺς
3230 4662 3445 4731 ἔχουσι
3463 4702 3479 4727 ,
3504 4660 3604 4715 καί
3633 4660 3705 4714 τὰ
3724 4676 3838 4714 πε-

2250 4758 2416 4814 τεινὰ
2468 4757 2574 4812 τοῦ
2619 4756 2883 4825 οὐρανοῦ
2912 4754 3433 4821 κατασκηνώσεις.
3480 4752 3534 4806 '0
3586 4750 3655 4805 δὲ
3690 4751 3836 4817 Υἱὸς

2250 4852 2357 4907 τοῦ
2381 4849 2701 4918 ἀνθρώπου
2727 4850 2840 4903 οὐκ
2863 4848 2989 4916 ἔχει
3021 4847 3143 4901 ποῦ
3164 4845 3282 4913 τὴν
3302 4843 3579 4915 κεφαλὴν
3596 4842 3834 4897 κλῖναι·

2249 4945 2310 4997 ὲν
2341 4944 2535 5006 κόποις
2563 4942 2623 4996 δὲ
2652 4942 2718 4994 ὲκ
2744 4941 3021 5011 νεότητος,
3045 4939 3181 4993 διότι
3213 4936 3272 5003 ἐξ
3293 4936 3473 4990 αὐτῶν
3498 4934 3837 5005 σπαργάνων

2248 5033 2660 5099 ἐπεϐουλεύετο,
2723 5034 2818 5086 καὶ
2864 5031 3120 5086 ἐδιώκετο
3167 5029 3274 5083 ὑπό
3324 5045 3387 5082 τε
3438 5026 3680 5098 Ἡρώδου
3732 5027 3837 5079 καὶ

2247 5131 2357 5185 τῶν
2422 5127 2696 5183 Ἰουδαίων
2733 5142 2749 5159 ο
2806 5126 3014 5188 κόπους
3075 5125 3188 5194 γὰρ
3254 5122 3409 5191 λέγει
3473 5119 3575 5183 τὰς
3637 5116 3838 5172 ταλαι-

2249 5222 2483 5294 πωρίας.

2334 5398 2624 5469 ’Υψωθείς
2649 5396 2719 5451 δὲ
2764 5393 3198 5461 ἐταπεινώθην.
3250 5392 3519 5463 ’Υψωθεὶς
3562 5391 3676 5453 τοῖς
3736 5406 3842 5461 cr;—
3907 5408 3931 5442 ι

2259 5494 2454 5566 μείοις,
2490 5489 2870 5559 ὲταπεινὼθην
2905 5489 3020 5551 τοῖς
3053 5486 3570 5558 προπηλακισμοῖς,
3598 5483 3675 5547 ὡς
3711 5485 3837 5547 τοῖς

2266 5586 2542 5649 Ἰουδαίοις
2573 5583 2751 5650 ἔδοξεν
2774 5598 2791 5615 ·
2820 5581 2853 5650 ἦ
2886 5578 3126 5650 ὑψωθεὶς
3162 5578 3255 5631 ἐπὶ
3289 5576 3527 5649 σταυροῦ
3554 5618 3568 5641 ,
3603 5577 3838 5630 ἐταπει-

2258 5679 2434 5750 νώοην
2467 5679 2547 5741 είς
2578 5677 2667 5732 τὸν
2697 5675 2886 5744 τάφον.
