4088 6454
517 397 630 462 899

1757 392 2144 454 EUTHYMII
2176 390 2540 453 ZIGABENI

3596 419 3608 434 '
3675 407 3794 462 900

513 514 718 576 tiones,
772 525 870 566 seu
921 509 1178 579 impetus,
1215 521 1356 579 quos
1389 507 1504 562 fieri
1538 507 1861 579 permisisti,
1894 509 2101 563 inducti

2212 505 2436 576 ρεδόθην
2461 507 2648 560 λοιπὸν
2676 509 2795 571 ταῖς
2823 506 3058 576 θλίψεσι,
3093 507 3188 562 καὶ
3225 507 3326 562 οὐκ
3371 507 3793 580 ἐξεπορευόμην

515 615 642 662 sunt
670 619 833 673 super
861 618 966 656 me.
1002 600 1280 672 Elongasti
1313 616 1342 654 a
1373 617 1460 656 me
1491 610 1651 656 notos
1675 616 1846 664 meos,
1880 610 2101 656 sanctos

515 697 725 752 scilicet
756 695 1005 763 angelos,
1043 696 1139 763 qui
1193 702 1488 762 antequam
1540 708 1847 763 peccarem,
1876 695 2101 748 amicis.-

513 787 638 843 simi
698 794 862 854 atque
921 783 1166 838 benevoli
1211 783 1343 836 mihi
1399 792 1592 837 erant:
1632 782 1741 836 illis
1774 794 1904 836 tunc
1937 794 2102 838 nctus

509 895 686 942 eram,
721 894 908 932 verum
973 891 1122 931 nunc
1168 876 1237 930 ob
1287 884 1516 943 peccata
1561 877 1952 930 abominantur
1992 891 2099 929 me.

508 973 688 1040 Atque
741 971 863 1024 idco
895 971 1132 1023 traditus
1160 984 1281 1024 sum
1333 967 1754 1033 afﬂictionibus,
1818 983 1848 1022 a
1899 968 2103 1037 quibus

503 1064 695 1132 egredi
742 1079 849 1117 non
887 1063 1072 1124 datur,
1106 1061 1200 1115 sed
1255 1074 1453 1128 magna
1503 1061 1570 1115 ab
1611 1061 1692 1115 eis
1728 1061 1783 1114 vi
1827 1061 2098 1115 dctincor.

510 1157 605 1210 llla
638 1165 821 1209 autem
879 1154 1041 1208 verba
1069 1171 1082 1208 :
1114 1154 1265 1209 Oculi
1300 1155 1399 1207 mei
1420 1153 1737 1224 languerunt
1754 1167 1865 1220 prce
1897 1153 2100 1221 inopia,

510 1249 730 1300 declara
768 1257 826 1298 nt
887 1248 1142 1315 superius
1193 1246 1574 1316 exposuimus.
1627 1245 1988 1318 Clamaviad
2022 1256 2097 1312 t-e,

513 1335 738 1390 assidue
791 1335 842 1388 in
903 1335 1170 1388 auxilium
1218 1345 1270 1389 te
1324 1349 1506 1389 meum
1553 1334 1849 1398 advocans,
1897 1344 1950 1390 et
1981 1350 2104 1406 quae

510 1434 844 1495 sequuntur,
899 1441 1114 1494 expone
1155 1434 1210 1479 ut
1249 1426 1507 1481 diximus.
1553 1425 1713 1481 Mane
1753 1429 1947 1490 etiam,
2000 1427 2104 1483 hoc

512 1528 620 1582 est,
653 1533 818 1588 quam
851 1518 1108 1586 primum,
1148 1533 1211 1571 ac
1246 1518 1454 1580 Statim,
1491 1518 1580 1571 ubi
1614 1533 1645 1572 a
1672 1533 1869 1573 somno
1909 1534 2107 1575 exsur-

515 1625 660 1679 gam,
701 1617 826 1662 ante
858 1609 1041 1663 omnia
1074 1610 1378 1664 orationem
1405 1609 1471 1664 ad
1505 1618 1556 1664 te
1581 1626 1758 1664 meam
1794 1610 2100 1674 effundam,

513 1700 705 1753 dicens
741 1715 758 1752 :
811 1699 1010 1764 Quare,
1039 1699 1287 1768 Domine,
1314 1700 1536 1769 repellis
1569 1701 1808 1753 animam
1877 1715 2049 1754 meam
2083 1701 2107 1753 ἲ

511 1795 616 1845 hoc
682 1799 788 1854 est,
839 1795 1106 1861 meipsum
1157 1793 1212 1846 in
1273 1793 1549 1863 angustiis
1609 1793 2004 1855 constitutum,
2049 1800 2104 1845 et

514 1885 720 1938 fervide
747 1885 812 1939 ad
849 1895 902 1940 te
937 1885 1364 1955 supplicantem.
1388 1885 1596 1940 Deinde
1621 1887 1779 1955 inops
1813 1898 1918 1954 ego
1957 1900 2104 1951 sum,

511 1978 723 2032 nullum
776 1978 998 2032 aliunde
1049 1979 1317 2032 auxilium
1373 1979 1602 2042 habens,
1635 1981 1774 2034 etin
1817 1980 2105 2034 laboribus

511 2087 633 2124 sum
661 2071 733 2125 ob
767 2086 1012 2126 errorem
1049 2085 1229 2124 meum
1261 2087 1276 2127 :
1303 2082 1354 2125 et
1383 2071 1584 2126 Iicctin
1616 2073 1718 2127 hoc
1751 2088 1778 2126 a
1825 2083 1876 2127 te
1908 2072 2104 2127 luerim

509 2163 806 2227 exaltatns,
856 2162 1006 2233 quod
1055 2163 1124 2216 ad
1174 2162 1468 2233 imaginem
1529 2179 1617 2217 me
1662 2172 1811 2218 tuam
1874 2165 2103 2228 creasti,

489 2255 838 2308 'Immiliatus
873 2271 995 2310 sum
1029 2262 1235 2318 tamen,
1273 2257 1400 2324 quia
1433 2257 1690 2326 imaginis
1720 2263 1827 2311 tua:
1864 2258 2104 2328 dignita-

509 2355 618 2399 tem
655 2347 815 2400 amisi
861 2365 874 2400 :
906 2349 1010 2412 vel,
1061 2347 1326 2416 opinione
1358 2358 1521 2418 atque
1547 2349 1954 2403 existimatione
1980 2364 2096 2403 nica

510 2437 810 2504 exaltatus,
845 2437 1070 2492 tandem
1129 2439 1456 2494 humiliatus
1522 2456 1668 2502 sum,
1719 2441 1848 2509 quia
1911 2441 2098 2510 lapsus

509 2529 684 2582 cecidi
719 2544 732 2580 :
763 2538 816 2583 et
848 2529 1080 2584 consilio
1128 2529 1614 2590 destitutus-sum,
1671 2529 1943 2596 nesciens:
1967 2527 2100 2598 quid

2205 597 2266 662 ἐξ
2303 597 2781 669 αὐτῶν,νσφοδρῶς
2824 600 3207 668 συνεχόμενος.
3245 599 3318 651 Τὸ
3350 598 3443 652 δέ’
3473 602 3538 652 Ol
3566 600 3795 668 ὀφθαλ-

2198 693 2306 760 μοί
2333 707 2455 760 μου
2493 691 2856 758 ἠσθένησαν
2881 692 3000 746 ἀπὸ
3027 693 3347 759 πτωχείας,
3391 691 3468 755 ὡς
3495 692 3795 762 προηρμή-

2207 800 2422 838 νευται.
2463 781 2774 853 Ἐκέκραξα
2806 783 2943 853 πρὸς
2990 783 3051 835 σὲ
3083 783 3172 837 διὰ
3216 784 3440 848 παντὸς,
3490 784 3674 837 καλῶν
3703 786 3794 848 είς

2206 875 2530 946 ἀντίληψιν,
2584 876 2679 928 καὶ
2709 875 2776 928 τὰ
2807 875 2958 944 ἑξῆς,
3006 875 3080 938 ὡς
3121 875 3551 945 upon-tradebant.
3579 876 3791 930 πάντα.

2219 969 2491 1031 Ἀναστὰς
2523 969 2580 1022 δὲ
2613 970 2718 1038 τῆς,
2747 968 2958 1038 κοίτης,
2982 968 3092 1039 πρὸ
3119 968 3348 1022 πάντων
3362 967 3672 1038 ἀναπέμψω
3701 985 3794 1021 σοι

2205 1061 2542 1132 προσευχήν.
2573 1060 2693 1114 Ἵνα
2717 1060 2792 1126 τί,
2811 1059 3008 1130 Κύριε,
3029 1058 3270 1122 ἁπωθείς
3300 1059 3400 1130 τὴν
3427 1059 3610 1130 ψυχήν
3634 1077 3740 1130 μου
3767 1077 3808 1126 ς,

2204 1156 2488 1208 τουτέστιν
2523 1153 2646 1222 ἐμὲ,
2673 1152 2816 1207 κατὰ.
2855 1151 3226 1223 περίφρασιν,
3247 1153 3305 1205 ὲν
3331 1152 3602 1220 ἀνάγκαις
3629 1151 3790 1214 ὄντα,

2203 1246 2304 1301 καὶ
2337 1244 2558 1316 θερμῶς
2585 1244 2864 1314 δεόμενον,
2905 1243 3003 1296 καὶ
3040 1243 3114 1297 τὰ·
3141 1243 3290 1312 ἑξῆς.
3357 1237 3514 1306 Εἶτα,
3569 1243 3795 1312 πτωχός

2205 1339 2324 1404 εἰμι
2352 1336 2484 1403 ἐγὼ,
2519 1335 2796 1405 μηδεμίαν
2839 1333 2984 1403 ἔχων
3019 1333 3316 1402 ἀλλαχόθεν
3351 1332 3630 1402 βοήθειαν.
3672 1332 3793 1386 Καὶ

2207 1430 2266 1480 ὲν
2299 1428 2489 1489 κόποις
2515 1428 2632 1497 εἰμὶ
2664 1425 2760 1479 καὶ
2793 1425 2983 1489 πόνοις¹
3016 1423 3106 1478 διὰ
3132 1425 3195 1476 τὸ
3229 1424 3478 1494 σφάλμα.
3513 1423 3816 1492 ’Υψωθεὶς-

2208 1519 2269 1573 δὲ
2294 1519 2372 1589 τῷ
2404 1521 2526 1573 κατ’
2558 1518 2747 1571 εἰκόνα
2789 1534 2883 1571 σου
2912 1517 3278 1586 γεγενῆσθαι,
3303 1513 3680 1584 ὲταπεινώθην
3705 1515 3794 1586 τῷ

2208 1611 2476 1666 ἀπολέσαι
2519 1611 2582 1663 τὸ
2618 1610 2838 1679 ἀξίωμα
2867 1610 2966 1680 τῆς
3009 1610 3240 1672 εἰκόνος.
3275 1609 3349 1660 ’Ἡ
3397 1608 3492 1661 καὶ
3547 1606 3795 1676 ὑψωθεὶς

2208 1706 2276 1775 τῇ
2309 1705 2510 1774 οἰήσει,
2540 1701 2921 1772 ὲταπεινὼθην
2959 1701 3146 1754 πεσὼν
3178 1704 3259 1764 είς
3293 1701 3540 1754 ὄλισθον·
3573 1701 3666 1754 καὶ
3697 1700 3798 1767 ὲξ-

2210 1794 2550 1866 ήπορεύθην,
2586 1795 2662 1865 μὴ
2691 1795 2830 1864 ἔχων
2849 1794 2903 1847 τί
2939 1794 3033 1847 καὶ
3056 1793 3242 1863 δράσω
3262 1810 3276 1823 ·
3305 1794 3394 1846 ἐπ’
3416 1793 3518 1863 ἐμὲ
3546 1792 3793 1862 διῆλθον,

2140 1867 2180 1921 Β
2210 1890 2380 1958 ἤγουν
2419 1887 2664 1956 ἔφθασαν
2703 1904 2770 1956 με
2818 1889 2872 1939 αἱ
2929 1886 3093 1956 ὀργαί
3125 1903 3242 1951 σου,
3265 1887 3482 1940 τίνοντα
3507 1887 3688 1949 δίκας,
3729 1888 3796 1938 ὲν

2206 1979 2286 2049 τῷ
2321 1980 2386 2050 τῇ
2425 1977 2573 2049 λύπῃ
2603 1975 3036 2048 σνμπνίγεσθαι.
3073 1976 3272 2030 Ἔτιοὶ
3306 1975 3636 2045 φοϐερισμοί
3667 1992 3794 2039 σου,

2207 2072 2257 2124 οἱ
2287 2073 2386 2142 τὴν
2417 2069 2638 2124 αἰώνιον
2673 2069 3029 2132 ἀπειλοῦντες
3057 2069 3304 2132 κόλασιν,
3330 2067 3669 2139 ὲξετάραξάν
3698 2083 3792 2136 με,

2209 2161 2533 2215 ἐκύκλωσαν
2575 2179 2665 2231 με,
2694 2162 2826 2214 ὡσεὶ
2857 2159 3028 2234 ὕδωρ,
3055 2162 3104 2214 οἱ
3132 2160 3459 2231 φοϐερισμοί
3495 2161 3694 2214 σου.’Ὴ
3736 2161 3799 2213 οἱ

2205 2255 2482 2323 δαίμονες,
2527 2255 2655 2325 ἢαὶ
2706 2254 2940 2323 θλίψεις,
2997 2254 3404 2321 ἀποπνίγουσαι
3431 2254 3520 2308 διὰ
3581 2254 3796 2316 παντὺς

2211 2349 2508 2419 περιέσχον
2535 2365 2602 2417 με
2632 2347 2748 2416 ἅμα
2779 2347 2982 2410 πάντες
3011 2364 3024 2378 ·
3052 2347 3372 2416 ὲμάκρυνας
3405 2345 3501 2399 ἀπ’
3532 2345 3669 2412 ἐμοῦ
3694 2344 3800 2398 καὶ

2209 2441 2334 2501 τοὺς
2387 2441 2642 2508 συνήθεις
2686 2439 3032 2510 ἀνθρώπους,
3093 2439 3400 2507 φεύγοντάς
3441 2456 3531 2510 με,
3561 2439 3652 2491 διὰ
3689 2436 3796 2507 τὴν

2207 2532 2593 2602 κατασχοῦσαν
2624 2547 2692 2600 με
2719 2530 3118 2601 ταλαιπωρίαν,
3147 2532 3265 2601 ἤτοι
3300 2549 3361 2583 συ
3373 2531 3610 2602 μφοράν.

507 2619 767 2676 facerem.
802 2619 1167 2674 Transierunt
1223 2631 1510 2693 praetcrea,
1580 2622 1685 2676 hoc
1723 2631 1830 2684 est,
1854 2631 2221 2691 pervenerunt
2256 2624 2306 2676 in
2357 2640 2443 2680 me
2479 2625 2572 2679 irae
2621 2634 2746 2689 tunc,
2819 2625 2949 2678 dum
3019 2627 3074 2679 in
3133 2628 3402 2694 praesenti.
3433 2627 3543 2680 vita
3596 2638 3794 2695 pmnas

510 2715 626 2777 luo,
660 2713 789 2765 dum
841 2726 1079 2766 maerore
1120 2712 1365 2768 suffocor
1398 2729 1412 2766 :
1449 2721 1501 2766 et
1563 2719 1802 2766 terrores
1859 2713 1938 2766 tui
1990 2712 2080 2782 qui
2121 2720 2356 2770 aeternas
2393 2715 2527 2769 mihi
2561 2729 2755 2785 pmnas
2820 2719 3251 2782 comminantur,
3319 2719 3795 2776 conturbaverum

509 2826 596 2866 me
645 2821 698 2864 et
786 2810 1271 2865 circmndedernnt
1359 2825 1466 2874 me,
1534 2811 1680 2865 sicut
1723 2824 1885 2880 aqua.
1940 2810 2038 2866 Vel
2073 2824 2170 2879 per
2208 2812 2321 2867 iras
2344 2822 2395 2868 et
2434 2821 2672 2868 terrores
2710 2812 2829 2874 Dei.
2865 2815 3148 2870 daemones
3194 2823 3248 2869 et
3292 2813 3677 2870 tribu-lationes
3703 2813 3794 2867 in-

511 2887 736 2976 telligit:
780 2906 862 2960 Ab
895 2907 978 2958 eis
1013 2906 1181 2970 enim,
1230 2906 1431 2975 inquit,
1481 2906 1706 2962 assidue
1768 2921 2015 2977 premor,
2050 2913 2106 2960 et
2143 2921 2362 2978 semper
2393 2924 2478 2963 me
2520 2909 2639 2966 haec
2678 2910 2819 2964 mala
2846 2910 3212 2965 circumdant.
3255 2909 3535 2980 Elo-ngasti
3606 2926 3634 2964 a
3703 2926 3796 2968 me

512 3000 809 3054 familiares
839 3013 1010 3066 meos,
1045 2999 1172 3068 quia
1209 2998 1279 3052 ob
1319 2998 1656 3055 calamitates
1698 3007 1754 3054 et
1811 3000 2090 3068 miserias,
2130 3001 2339 3074 quibus
2388 3004 2654 3069 detineor,
2723 3017 2916 3059 omnes
2997 3020 3090 3059 me
3126 3005 3518 3076 derelinquunt
3602 3014 3656 3059 et
3707 3003 3795 3058 fu-

509 3095 689 3167 gitmt.

776 3186 1153 3259 lnlelligentiw
1182 3189 1288 3258 ipsi
1310 3189 1518 3243 .Ethau'
1544 3189 1832 3246 Israelita.

947 3281 1272 3338 PSALMUS
1318 3281 1658 3338 CXXXVIII.

581 3378 664 3432 Ad
700 3377 1388 3449 prmo-misinscriptionis
1418 3377 1852 3432 declarationem
1889 3392 1952 3432 ea
1989 3377 2100 3434 suf-

504 3473 720 3538 ﬁciant,
754 3489 874 3540 qua
897 3473 1140 3526 diximus
1169 3472 1223 3525 in
1260 3471 1513 3540 proxime
1573 3470 1930 3539 praecedenti.
1965 3470 2104 3524 Tra-

511 3573 630 3617 ctat
685 3574 869 3620 autem
911 3565 1106 3617 beatus
1165 3561 1334 3615 David
1383 3562 1438 3614 in
1469 3563 1727 3628 praesenti
1761 3562 1975 3630 psalmo
2019 3576 2102 3621 ea.

518 3669 642 3722 qum
673 3654 738 3707 ad
807 3671 897 3707 res
931 3669 1061 3709 suas
1105 3653 1380 3721 pertinent
1412 3668 1426 3704 :
1458 3651 1739 3720 Deumque
1779 3661 1837 3706 ιιι
1887 3653 2107 3707 benefa-

501 3756 733 3799 ctorum
764 3745 975 3798 laudat.
1004 3744 1263 3811 Quaedam
1315 3752 1494 3796 tamen
1541 3744 1591 3795 in
1619 3757 1874 3798 sermone
1903 3758 2004 3798 suo
2037 3743 2106 3798 de

511 3832 1068 3886 Cbristointerserit:
1109 3842 1273 3902 atq-ue
1297 3831 1427 3887 ideo.
1461 3833 1823 3903 intelligentia:
1852 3833 2110 3888 inscribi-

513 3935 629 3989 tnr,
687 3927 814 3994 quia
874 3925 1238 3994 intelligentia
1286 3925 1477 3979 lectori
1505 3941 1642 3995 opus
1671 3937 1776 3991 est,
1805 3927 1871 3980 ad
1911 3926 2108 3996 digno-

507 4017 780 4073 scendum
818 4034 878 4071 ea
912 4034 1031 4085 qua!
1063 4017 1115 4070 in
1152 4018 1362 4086 psalmo
1387 4018 1455 4072 de
1485 4016 1711 4073 Christo
1749 4019 1984 4090 sparsim
2019 4020 2104 4072 di‘

511 4120 737 4164 (untur.
771 4107 1026 4163 Prtedicit
1061 4111 1223 4162 etiam
1279 4107 1668 4179 Babylon-ictam
1704 4109 2103 4179 captivitatem.

589 4203 758 4259 Vsus.
792 4205 845 4259 I.
879 4203 1281 4259 Misericordia:
1305 4212 1450 4267 tuas,
1484 4203 1727 4268 Domine,
1756 4203 1810 4256 in
1853 4203 2106 4257 saeculum

511 4304 762 4353 cantabo.
801 4297 1234 4362 Misericordiae,
1275 4296 1475 4366 inquit,
1508 4311 1650 4366 quas
1700 4297 1754 4350 iu
1792 4312 1880 4350 me
1912 4311 2108 4366 opera-

511 4400 700 4453 tnses,
733 4398 788 4444 et
814 4406 911 4458 pro
945 4390 1148 4458 quibus
1178 4389 1232 4442 in
1267 4390 1511 4445 secundo
1534 4388 1742 4460 Regum
1774 4389 1916 4444 libro
1941 4389 2106 4444 latius

511 4484 716 4552 gratias
744 4485 872 4554 agit.
901 4482 967 4535 In
1007 4483 1286 4548 saxulum,
1317 4484 1420 4538 hoc
1461 4491 1546 4538 est
1579 4498 1817 4553 semper,
1845 4486 2074 4538 cantabo

506 4573 564 4626 in
589 4574 860 4628 canticum
887 4570 1145 4624 nimirum
1177 4579 1342 4640 ιιιειιιο
1371 4571 1423 4623 in
1451 4569 1684 4641 hymnos
1699 4586 1794 4626 eas
1822 4569 2095 4639 redigens.

583 4661 650 4713 In
729 4658 1116 4724 generationem
1181 4667 1231 4711 et
1305 4661 1694 4726 generationem
1767 4660 2096 4717 annuntiabo

509 4753 789 4804 ceritatem
855 4759 1001 4802 tuam
1047 4751 1101 4802 in
1157 4766 1246 4804 ore
1304 4766 1438 4805 meo.
1499 4750 1553 4805 In
1593 4751 2000 4821 generationem
2051 4760 2106 4805 et

515 4841 956 4909 generationem,
1013 4843 1168 4909 dicit,
1201 4859 1301 4912 pro
1333 4833 1398 4897 In
1443 4860 1646 4898 onmem
1693 4847 2102 4915 generationem.

512 4933 814 4988 Delicicnte
851 4935 997 4988 enim
1042 4951 1146 4989 una
1201 4937 1577 5005 generatione,
1611 4938 1782 4992 altera
1833 4939 2106 4992 subintro-

509 5027 735 5080 ducitur
765 5043 778 5077 :
807 5035 972 5096 atque
1009 5029 1110 5082 hoc
1140 5039 1300 5097 pacto
1335 5045 1512 5098 usque
1538 5030 1602 5082 ad
1636 5030 1822 5084 saeculi
1854 5045 2105 5084 consum-

509 5118 810 5171 mationem
847 5118 1191 5187 proceditur.
1229 5119 1326 5176 Vel
1359 5122 1413 5174 in
1437 5122 1849 5189 generationem
1883 5121 2101 5176 Iudaeo-

505 5223 630 5262 rum
661 5217 714 5263 et
763 5210 815 5264 in
853 5213 1266 5278 generationem
1309 5212 1790 5279 Christianorum;
1837 5215 1921 5268 bis
1955 5214 2100 5267 enim

509 5300 731 5354 duabus
767 5302 1216 5370 generationibus
1252 5310 1492 5366 tantum,
1523 5312 1576 5358 et
1607 5320 1712 5372 non
1746 5305 1868 5359 aliis
1904 5305 2100 5359 beatus

511 5389 682 5444 David
731 5393 1019 5446 veritatem
1084 5393 1177 5447 Dei
1231 5394 1522 5447 annuntiat
1555 5398 1609 5448 in
1651 5410 1747 5450 ore
1795 5411 1917 5448 suo.
1971 5395 2102 5450 Pos-

509 5496 706 5537 sumus
735 5484 898 5537 etiam
931 5486 1138 5551 ditcre,
1179 5487 1320 5555 quod
1355 5487 1692 5541 Psaltnorum
1748 5488 1882 5542 liber
1937 5502 2000 5543 os
2031 5491 2103 5543 sit

511 5569 654 5626 beati
717 5575 902 5629 David.
950 5575 1247 5632 Veritatem
1305 5586 1483 5632 antetn
1549 5578 1642 5632 Dei
1691 5595 1927 5650 expone,
1980 5595 2097 5648 pro,

512 5677 673 5717 veras
716 5668 1115 5733 promissiones
1147 5668 1264 5733 Dei,
1299 5670 1469 5723 factas
1492 5671 1703 5725 scilicet
1748 5672 1848 5740 ipsi
1905 5672 2096 5734 David,

510 5755 712 5819 partim
764 5771 858 5822 per
911 5760 1234 5827 propin-tam
1302 5760 1562 5827 Natbam,
1643 5774 1698 5816 ιιι
1757 5764 1994 5818 traditur
2046 5771 2097 5817 In

515 5845 756 5897 secundo
807 5845 1011 5916 Regum
1066 5850 1230 5918 libro,
1267 5861 1320 5907 et
1374 5857 1570 5922 partim
1620 5872 1716 5926 per
1755 5857 1897 5911 illam
1967 5873 2097 5928 pro-

2126 3197 2174 3258 (Ξ

2087 4532 2101 4557 ’
2136 4535 2180 4593 ι)

2456 3191 2770 3258 Συγέσεως
2802 3191 2990 3260 amem
3027 3190 3108 3256 τῷ
3139 3191 3514 3262 Ἰσραηλίτῃ.

2629 3325 2650 3353 ,
2769 3284 3065 3339 mmo:
3103 3284 3234 3339 nH'.

2283 3378 2395 3432 Kal.
2451 3376 2592 3447 αὕτη
2642 3377 2674 3447 ἡ
2726 3376 3011 3448 ἐπιγραφὴ
3060 3379 3124 3447 τῇ
3160 3375 3267 3447 πρὸ
3305 3377 3474 3447 αὐτῆς
3510 3392 3792 3449 συνερμηο

2207 3471 2446 3524 νεύεται.
2482 3473 2765 3541 Διηγείται
2797 3470 2854 3524 δὲ
2902 3472 2972 3523 τὰ
3013 3470 3138 3524 καθ’
3166 3471 3360 3524 ἑαυτὸν
3401 3472 3428 3524 ὁ
3454 3471 3641 3536 Δαὸὶδ,
3685 3474 3788 3526 καὶ

2209 3565 2370 3632 ύμνεί
2417 3563 2508 3616 τὸν
2540 3563 2695 3626 Θεὸν,
2749 3563 2823 3626 ὡς
2856 3564 3156 3633 εὐεργέτην
3183 3559 3374 3618 αὑτοῦ.
3423 3564 3790 3634 Ἀναμίγνυσι

2208 3655 2267 3708 δὲ
2300 3656 2416 3716 τοῖς.
2444 3654 2625 3721 λόγοις
2651 3655 2745 3708 καὶ
2775 3658 2904 3726 περὶ
2940 3653 3034 3707 τοῦ
3062 3655 3321 3724 Χριστοῦ.
3345 3655 3436 3709 Διὸ
3466 3656 3790 3724 Συνέσεως

2210 3730 2620 3816 ἐπιγέγραπται
2647 3763 2661 3778 ⁸
2698 3747 2859 3818 χρεία
2890 3747 2999 3818 γὰρ
3031 3747 3236 3818 ταύτης
3280 3751 3394 3812 τοῖς
3423 3749 3790 3819 ἐντυγχάνου-

2212 3857 2295 3892 σιν
2329 3841 2409 3901 ei;
2446 3839 2507 3892 τὸ
2543 3840 2784 3893 συνιέναι
2827 3842 2901 3893 τὰ.
2934 3839 3440 3912 ὲγκατεσπαρμένα
3483 3844 3611 3912 περὶ
3651 3844 3792 3913 Χριο

2211 3930 2338 3984 στοῦ
2367 3947 2380 3962 ·
2442 3935 2814 4004 προαγορεύει
2860 3933 2917 3986 δὲ
2949 3935 3044 3987 καὶ
3079 3933 3182 4004 τὴν
3216 3933 3369 4004 παρὰ
3421 3933 3789 3988 Βαϐυλωνίων

2209 4021 2618 4090 αἰχμαλωσίαν.

2284 4200 2365 4257 Τὰ
2398 4203 2541 4272 eam
2573 4219 2712 4267 σου,
2756 4205 2954 4273 Κύριε,
3012 4206 3094 4270 εἰς
3162 4203 3272 4259 τὸν
3301 4203 3492 4260 αἰῶνα
3538 4203 3786 4276 ᾄσομαι.

2209 4292 2290 4347 Τὰ
2345 4292 2496 4362 ὲλέη,
2557 4294 2712 4362 φησὶ,
2768 4295 2832 4345 τὰ
2868 4295 2949 4355 εἰς
2987 4293 3090 4364 ἐμὲ
3125 4295 3500 4364 γεγενημένα,
3547 4297 3676 4366 περὶ
3710 4291 3802 4350 ὧν

2212 4381 2558 4453 πλατύτερον
2612 4383 2930 4454 εὐχαριστεῖ
2985 4387 3049 4438 ἂν·
3075 4387 3143 4455 τῇ
3193 4386 3424 4456 δευτέρᾳ
3472 4385 3641 4458 βίὸλῳ
3679 4388 3792 4441 τῶν

2214 4475 2543 4528 Βασιλειῶν.
2573 4475 2678 4540 Εις
2712 4476 2820 4529 τὸν
2859 4475 3047 4530 αἰῶνα
3071 4477 3150 4542 δὲ,
3196 4478 3320 4532 ἀντὶ
3371 4479 3489 4546 τοῦ,
3519 4481 3608 4534 ἀεὶ
3654 4481 3790 4552 ᾄσο-

2216 4585 2315 4638 μαι
2341 4582 2357 4598 ·
2391 4563 2549 4638 ᾆσμα
2576 4567 2753 4622 ταῦτα
2782 4569 3124 4637 ποιούμενος.

2285 4664 2391 4726 Εἰς
2425 4664 2644 4732 γενεὰν
2677 4664 2776 4716 καὶ
2813 4668 3030 4732 γενεὰν
3091 4666 3415 4736 ἀπαγγελῶ
3475 4668 3592 4736 τὴν·
3631 4669 3790 4738 d115-

2213 4757 2383 4814 θειὰν
2408 4775 2526 4812 σου
2556 4759 2627 4812 ἐν
2651 4757 2735 4823 τῷ
2767 4761 3022 4828 στόματί
3046 4778 3187 4829 μου.
3215 4789 3283 4800 -
3310 4764 3413 4826 Εις
3435 4762 3651 4830 γενεὰν
3685 4763 3792 4816 καὶ

2211 4853 2450 4920 γενεὰν,
2483 4853 2604 4906 ἀντὶ
2628 4852 2743 4914 τοῦ,
2776 4853 2870 4915 El;
2903 4854 3086 4906 πᾶσαν
3117 4853 3329 4920 γενεάν.
3379 4855 3792 4924 Ἀποθνησκού-

2212 4963 2313 5014 σης
2349 4944 2460 5014 γὰρ
2497 4945 2595 5012 τῆς
2630 4947 2786 5014 μιᾶς,
2819 4946 3205 5014 ἀντεισάγεται
3240 4948 3427 5018 ἑτέρα,
3480 4949 3573 4999 καὶ
3614 4947 3792 5012 οὕτως

2208 5038 2339 5109 ἄχρι
2378 5037 2714 5101 συντελείας.
2759 5039 2830 5091 Ἢ
2879 5040 2960 5102 εἷς
3005 5057 3065 5093 τε
3106 5039 3206 5110 τὴν
3258 5043 3456 5107 γενεὰν
3505 5041 3614 5095 τῶν
3654 5043 3795 5094 Ἰου-

2206 5130 2376 5183 δαίων
2405 5129 2499 5182 καὶ
2531 5129 2630 5200 τὴν
2660 5130 2770 5182 τῶν
2791 5131 3162 5198 Χριστιανῶν.
3190 5133 3400 5196 Μόναις
3433 5133 3539 5203 γὰρ
3560 5136 3792 5198 ταύταις

2206 5223 2233 5274 ὁ
2274 5221 2443 5274 Δασὶδ
2465 5222 2810 5290 ἀπαγγέλλει
2839 5224 2938 5291 τὴν
2968 5222 3230 5293 ἀλήθειαν
3255 5222 3350 5276 τοῦ
3391 5224 3530 5278 Θεοῦ
3569 5224 3656 5278 διὰ
3691 5226 3791 5279 τοῦ

2207 5311 2484 5381 στόματος
2513 5311 2704 5366 αὐτοῦ.
2739 5311 2924 5382 Στόμα
2973 5313 3028 5366 δὲ
3061 5313 3228 5366 αὐτοῦ
3279 5314 3369 5384 εἴη
3412 5313 3480 5368 ἂν
3524 5318 3556 5386 ἡ
3603 5316 3790 5385 βίῦλος

2206 5405 2313 5456 τῶν
2361 5403 2609 5473 Ψαλμῶν
2661 5404 2852 5459 αὐτοῦ.
2888 5406 3174 5475 Ἀλήθειαν
3219 5405 3277 5459 δὲ
3315 5407 3451 5460 Θεοῦ
3496 5407 3646 5477 λέγει
3688 5409 3791 5472 τὰς

2206 5495 2429 5564 ἀληθεῖς
2490 5496 2828 5562 ἐπαγγελίας
2887 5496 2951 5558 ἃς
3001 5497 3150 5567 αὐτῷ
3202 5498 3574 5566 ἐπηγγείλατο
3630 5500 3789 5553 τοῦτο

2209 5587 2308 5656 μὲν
2353 5589 2444 5640 διὰ
2473 5588 2572 5640 τοῦ
2608 5589 2897 5656 προφήτου
2938 5590 3148 5652 Νάθαν,
3198 5588 3274 5653 ὡς
3322 5592 3356 5657 ἡ
3407 5591 3640 5664 δευτέρα
3677 5593 3790 5646 τῶν

2205 5679 2504 5731 Βασιλειῶν
2533 5681 2739 5748 ἱστορεῖ
2763 5719 2777 5743 ,
2802 5678 2965 5732 τοῦτο
2990 5680 3046 5732 δὲ
3072 5682 3167 5733 καὶ
3197 5682 3286 5736 διὰ
3318 5682 3412 5735 τοῦ
3447 5684 3792 5748 ἐνοικοῦντος

2207 5770 2356 5840 αὐτῷ
2412 5769 2759 5839 προφητικοῦ
2813 5770 3129 5840 πνεύματος
3151 5790 3165 5803 ο
3201 5775 3470 5847 ὑπέσχετο
3496 5777 3604 5847 γὰρ
3632 5776 3790 5847 αύτῷ

2209 5863 2401 5928 πολλὰ,
2471 5865 2600 5933 περί
2637 5878 2694 5914 τε
2735 5863 2832 5933 τῆς
2866 5863 3151 5936 ὑποταγῆς
3196 5870 3304 5924 τῶν
3350 5869 3560 5939 ἐχθρῶν
3592 5867 3786 5936 αὐτοῦ,

3879 2052 3940 2070 κ
