4088 6424
448 387 565 449 903

439 516 668 557 nanum
718 515 737 554 .'

442 519 668 572 regnum
718 519 737 554 .'
796 519 976 555 omnes
1032 519 1235 567 poputt,
1283 519 1451 551 trwus
1476 536 1490 562 ,
1542 519 1760 565 tmguw,
1811 519 2031 550 seruent

442 591 526 648 illi
552 608 571 647 :
597 606 815 665 regnum
849 590 1018 656 illius,
1047 606 1263 662 regnum
1291 597 1570 653 wternum,
1602 597 1652 641 et
1682 588 1919 655 potentia
1947 588 2031 641 in-

442 693 698 753 corrupta
720 685 785 748 δδ,
817 697 939 751 qua:
990 683 1157 736 verba
1191 680 1501 747 Solon'ionij
1535 694 1646 735 non
1693 688 2029 751 congruunt.

517 776 685 833 Vnus.
710 777 763 831 5.
792 775 858 829 Ει
890 774 1172 845 aediﬁcabo
1203 775 1259 827 in
1286 773 1681 844 generationem
1732 784 1779 827 et
1811 788 2032 843 genera-

447 872 639 924 tionem
701 871 952 925 thronum
1013 878 1187 923 tuum.
1246 867 1573 934 ZEdilicare,
1622 868 1728 924 hoc
1774 869 1829 923 in
1887 869 2031 933 loro,

445 963 601 1032 ponit
645 977 745 1031 pro
777 974 1003 1031 augere,
1066 967 1123 1015 et
1179 960 1467 1031 perlicere,
1508 967 1563 1015 et
1617 960 1874 1014 thronum
1934 974 2036 1029 pro

447 1068 634 1124 regno.
670 1054 811 1109 Illud
846 1053 1165 1116 considera,
1196 1051 1479 1121 quomodo
1501 1051 1772 1123 Propheta
1805 1067 2034 1123 regnum

446 1144 650 1199 Christi
683 1145 984 1214 appellavit
1015 1158 1243 1214 regnum
1276 1143 1470 1210 David,
1495 1144 1624 1213 quia
1658 1144 1914 1201 Christus
1943 1160 2037 1201 se-

448 1237 693 1290 cundum
759 1252 984 1291 carnem
1037 1239 1106 1294 ab
1159 1239 1254 1295 illo
1330 1237 1718 1294 descendebat.
1780 1238 2035 1294 Solemus

447 1329 654 1383 etenim
722 1329 817 1383 lilii
870 1345 1099 1399 regnum
1148 1330 1318 1400 patris
1356 1329 1579 1385 nomine
1632 1329 1932 1399 appellare,
1963 1329 2036 1385 ob

1698 377 2084 469 EUTHYMll
2110 375 2475 436 ZlGABENI
3621 381 3730 444 904

796 516 976 555 omnes
1032 499 1235 567 populi,
1283 497 1490 562 tribus,
1542 495 1760 565 linguae,
1811 496 2036 550 servient

2151 494 2425 564 γλῶσσαι
2457 495 2911 550 δουλεύσουσιν
2943 496 3105 564 αὐτῷ
3126 513 3139 530 ·
3175 499 3215 565 ἠ
3234 498 3525 562 ,ϐασιλεία
3541 502 3730 555 αὐτοῦ

2136 585 2433 649 βασιλεία
2455 583 2699 651 αίώνιος
2721 600 2734 614 ·
2755 585 2853 638 καί
2876 586 2915 653 ἡ
2939 586 3354 655 ἐξουσία,ἤτις
3382 590 3455 642 οὺ
3482 587 3730 656 διαφθα-

2137 678 2416 745 ρήσεται.
2469 677 2657 732 Ταῦτα
2691 678 2748 731 δὲ
2773 679 2875 731 οὐκ
2908 680 2974 732 ἂν
2997 679 3239 751 ἁρμόσοι
3272 681 3352 752 τῷ
3394 681 3725 749 Σολομῶντι.

2217 768 2609 840 Οικοδομήσω
2641 773 2728 837 εἰς
2751 771 2966 840 γενεὰν
2997 771 3099 826 καί
3132 772 3350 841 γενεὰν
3373 773 3482 827 τὸν
3510 774 3730 844 θρόνον
3763 828 3768 833 .

2141 876 2284 917 σου.
2314 860 2622 932 Οίκοδομὴν
2653 862 2753 932 μὲν
2782 862 3035 917 ἐνταῦθα
3068 863 3216 933 λέγει
3242 864 3342 935 τὴν
3376 864 3605 935 αὖξησιν
3635 852 3757 933 xui:

2142 953 2462 1023 ἁπάρτισιν,
2521 953 2712 1025 θρόνον
2739 954 2796 1008 δὲ
2830 955 2930 1026 τὴν
2954 955 3255 1026 βασιλείαν.
3286 958 3487 1012 Σκόπει
3521 960 3579 1013 δὲ
3611 942 3753 1026 πῶςξ

2142 1045 2242 1117 τὴν
2259 1009 2677 1117 βασιλείαν.τοῦ
2710 1009 2966 1120 Χριστοῦ⁸
3000 1009 3759 1122 βασιλείανάαϐίθ

2141 1139 2232 1193 διὰ
2259 1140 2321 1194 τὸ
2343 1140 2402 1208 ἐξ
2424 1139 2590 1195 αὐτοῦ
2610 1140 2953 1210 κατάγεσθαι
2982 1143 3325 1215 τδνΧριστδν
3356 1145 3497 1200 κατὰ
3525 1132 3765 1217 capiam}

2143 1232 2432 1304 Εἱώθαμεν
2469 1232 2581 1304 γὰρ
2624 1233 2725 1306 τὴν
2770 1233 3047 1305 βασιλείαν
3092 1236 3189 1291 τοῦ
3222 1237 3342 1291 υίοῦ
3392 1238 3489 1292 τοῦ
3523 1217 3758 1310 πατρὸςἓ

2144 1324 2330 1395 λέγειν
2359 1326 2446 1381 διὰ
2479 1326 2579 1398 τὴν
2605 1327 2902 1383 οἱκείωσιν.

452 1421 841 1491 cognationem
903 1421 1115 1477 scilicet
1145 1433 1197 1477 et
1249 1431 1359 1476 tam
1398 1430 1608 1477 arctam
1666 1421 2040 1479 necessitudi-

450 1530 599 1570 nem.

522 1608 774 1665 Vens.6.
814 1609 1219 1677 Conﬁteountur
1274 1610 1390 1664 cazli
1440 1611 1715 1665 mirabilia
1757 1620 1872 1677 tua,
1923 1613 2035 1667 Do-

451 1704 609 1758 mine.
644 1703 745 1757 l’er
767 1702 1245 1764 caalos,coelestcs
1277 1703 1533 1773 intelligit
1557 1704 1851 1773 potentias.
1878 1704 2034 1774 Ipsae,

451 1796 650 1865 inquit,
681 1796 939 1850 emlestcs
973 1795 1206 1850 virtutes
1247 1797 1455 1864 gratias
1495 1797 1591 1851 tibi
1632 1807 1790 1867 agent
1828 1797 1897 1852 de
1925 1806 2035 1852 tam

2231 1597 2822 1668 Ἑξομολογήσονται
2844 1614 2945 1652 σοι
2973 1602 3027 1653 οι
3049 1599 3297 1665 οὐρανοὶ
3333 1597 3407 1651 τὰ
3427 1598 3734 1668 θαυμάσιὰ

2147 1706 2287 1755 σου,
2319 1691 2518 1758 Κύριε.
2561 1690 2841 1761 Οὐρανοὺς
2895 1690 3048 1759 λέγει
3091 1690 3190 1752 τὰς
3226 1689 3514 1759 οὐναρίους
3567 1688 3735 1743 δυνά-

2152 1802 2294 1855 μεις.
2340 1783 2536 1849 Αὖται,
2581 1784 2776 1854 φησὶν,
2812 1784 2871 1837 αί
2912 1784 3164 1854 οὐράνιαι
3200 1783 3462 1852 δυνάμεις
3513 1783 3734 1854 εὐχαρι-

450 1888 789 1942 admirandis
820 1888 1105 1958 operibus.
1144 1886 1242 1943 Vel
1294 1905 1391 1958 per
1438 1889 1606 1944 caelos
1647 1904 1741 1944 eos
1782 1891 2035 1945 homines

2151 1881 2407 1948 στήσουσι
2435 1881 2550 1941 τοῖς
2580 1878 2908 1950 θαυμασίοις
2938 1880 3122 1949 ἔργοις
3154 1896 3247 1932 σου
3278 1878 3512 1942 τούτοις.
3555 1880 3741 1931 Ἀδια-

449 1978 728 2044 intelligit,
754 1979 846 2046 qui
878 1979 1103 2046 sapiunt
1127 1978 1401 2040 caelestia,
1440 1978 1651 2049 quique
1670 1982 1780 2034 vita
1806 1994 1869 2034 ac
1894 1995 2035 2036 cou-

450 2074 762 2127 rier-satione
792 2086 891 2126 sua
921 2073 1134 2127 caeteris
1158 2072 1513 2129 sublimior-es
1542 2083 1693 2132 sunt.

527 2252 742 2307 Etenim
789 2255 1069 2309 veritatem
1105 2264 1252 2309 tuam
1299 2256 1354 2310 in
1410 2254 1651 2310 Ecclesia
1703 2268 2035 2314 sanctorum.

450 2345 709 2398 Abundat
747 2345 914 2398 dictio
951 2345 1128 2401 Enim.
1166 2347 1602 2402 Conﬁtehuntnr
1652 2348 1774 2412 tibi,
1832 2350 2034 2419 inquit,

457 2437 731 2490 mirabilia
769 2447 885 2498 tua.
940 2440 1087 2507 quod
1127 2439 1343 2493 scilicet
1392 2438 1720 2494 admiranda
1769 2442 2036 2510 operaris,

449 2536 506 2580 et
543 2528 828 2581 veritatem
861 2539 1033 2592 tuam,
1070 2530 1174 2584 hoc
1211 2537 1318 2593 est,
1351 2531 1499 2599 quod
1527 2542 1687 2586 veras
1719 2547 1846 2585 esse
1871 2533 2038 2588 facies

451 2618 855 2686 promissiones
880 2628 1027 2674 tuas.
1069 2622 1248 2688 Atque
1279 2622 1393 2674 ιιωυ
1427 2621 1585 2675 laetus
1631 2622 1931 2676 admodum
1973 2638 2039 2678 ac

454 2707 700 2774 gaudens
729 2708 884 2774 dicit,
920 2710 990 2764 ob
1019 2709 1398 2765 admirandam
1426 2712 1693 2767 nimirum
1718 2714 2040 2782 promissio-

456 2813 602 2852 nem.
637 2798 880 2865 Gratias,
910 2801 1111 2870 inquit,
1143 2803 1240 2857 tibi
1275 2811 1440 2874 agent
1482 2805 1741 2861 caelestes
1788 2806 1894 2861 illa:
1924 2807 2040 2860 vir-

456 2900 626 2953 tutes,
663 2893 717 2946 in
752 2902 1073 2948 sanctorum
1119 2895 1337 2950 illorum
1369 2895 1639 2964 Ecclesia,
1668 2899 1761 2968 qui
1793 2899 1846 2952 in
1882 2900 2040 2955 caelis

455 2993 606 3038 sunt.
638 2982 964 3053 llujus:i~o”li
999 2999 1181 3042 autem
1220 2986 1521 3043 Ecclesiam
1555 2987 1779 3056 Paulus,
1823 2990 2038 3044 Primo-

453 3077 751 3143 gmitorum
786 3077 1079 3133 Ecclesium
1116 3081 1359 3150 appellat
1390 3083 1778 3150 descriptorunt
1831 3085 1887 3137 in
1935 3100 2039 3138 ca:-

461 3165 533 3218 lis
558 3168 625 3221 ‘°.
656 3166 811 3233 Quod
837 3169 881 3223 si
908 3169 1063 3239 juxta
1091 3170 1254 3225 aliam
1280 3174 1699 3242 expositionem,
1730 3190 1826 3244 per
1845 3175 2040 3239 cmlos,

2147 1973 2327 2043 φόρως
2351 1972 2406 2026 δὲ
2440 1974 2616 2026 κεῖται
2654 1974 2686 2042 ἠ
2729 1972 2825 2025 τοῦ
2878 1972 3433 2042 ἐξομολογήσονται
3459 1971 3737 2036 σύνταξις.

2151 2065 2222 2116 Ἢ
2262 2064 2527 2133 οὐρανοὺς
2564 2064 2674 2116 νόει
2723 2079 2816 2132 μοι
2855 2064 2981 2124 τοὺς
3029 2061 3098 2115 τά
3146 2060 3375 2132 οὐράνια
3406 2059 3740 2133 φρονοῦντας

2148 2155 2500 2226 ἀνθρώπους,
2526 2156 2623 2209 καὶ
2642 2154 2881 2223 ὑψηλοὺς
2904 2153 2996 2208 τὸν
3037 2153 3171 2223 βίον.

2219 2247 2330 2303 Καὶ
2354 2248 2464 2318 γὰρ
2491 2244 2607 2314 τὴν
2640 2244 2938 2315 ἀλήθειάν
2964 2260 3082 2298 σου
3107 2244 3180 2298 ἐν
3221 2244 3556 2311 Ἐκκλησία
3572 2244 3734 2314 ἁγίᾳ.

2148 2340 2467 2411 Περιττεύει
2517 2340 2580 2392 τὸ
2639 2337 2792 2407 Γάρ.
2843 2338 3385 2409 Ἐξομολογήσονται,
3435 2338 3609 2405 φασὶ,
3665 2335 3738 2389 τὰ

2149 2433 2434 2502 Θαυμάσιά
2486 2448 2603 2494 σου,
2646 2432 2729 2485 ὅτι
2761 2431 3054 2500 θαυμαστὰ
3095 2433 3290 2494 ποιεῖς,
3338 2429 3433 2483 καὶ¹
3471 2428 3570 2500 τὴν
3601 2426 3743 2498 ἁλήις

2148 2524 2304 2577 θειάν
2361 2540 2479 2589 σου,
2532 2525 2617 2577 ὅτι
2675 2522 2967 2589 ἁληθεὺεις
3014 2522 3051 2576 ἁ
3099 2522 3433 2591 ἐπαγγέλλῃ.
3481 2520 3643 2586 Λέγει
3677 2519 3739 2571 δὲ

2150 2616 2349 2681 ταῦτα,
2368 2615 2722 2685 ὑπερχαίρων
2751 2619 2817 2685 τῇ
2843 2614 3069 2687 ῥηθείσῃ
3087 2614 3368 2684 θαυμασία
3388 2612 3695 2682 ἐπαγγελίᾳ
3718 2627 3732 2640 ·

2151 2710 2613 2778 εὐχαριστήσουσι
2643 2708 2702 2761 δὲ
2725 2710 2781 2762 al
2815 2708 2912 2779 μὲν
2948 2709 3198 2779 οὐράνιαι
3225 2706 3484 2776 δυνάμεις
3514 2706 3573 2757 ὲν
3612 2704 3739 2757 Ἐκ-

2154 2799 2357 2872 κλησίᾳ
2407 2800 2604 2869 ἁγίων,
2647 2799 2757 2853 τῶν
2810 2802 2868 2853 ὲν
2923 2800 3195 2868 οὐρανοῖς,
3237 2798 3368 2868 περὶ
3421 2794 3489 2869 ἦς
3544 2798 3738 2865 εἴρηκε

2154 2893 2368 2957 Παῦλος
2389 2910 2403 2924 ο
2445 2894 2555 2948 Kal
2584 2894 2920 2960 Ἐκκλησία
2948 2893 3337 2961 πρωτοτόκων
3362 2890 3742 2957 ἀπογεγραμ-

2147 2985 2347 3056 μένων
2393 2985 2470 3055 (4)
2519 2985 2589 3039 ἐν
2632 2984 2932 3052 οὐρανοῖς.
2984 2985 3046 3038 Ol
3095 2983 3151 3037 δὲ
3196 2983 3590 3054 οὖρανὸφρονες
3638 2980 3736 3034 ἆν-

2152 3082 2364 3151 θρωποι
2421 3082 2479 3132 ὲν
2549 3079 2854 3150 Ἐκκλησία
2917 3080 3111 3146 ἁγίων,
3166 3078 3275 3129 τῶν
3331 3077 3423 3129 ἐπὶ
3484 3075 3589 3145 γῆς
3649 3074 3736 3126 ἔτι

2154 3172 2411 3239 ζὼντωνκ

454 3270 553 3310 eos
583 3256 833 3314 homines
867 3260 1165 3329 intelligas.
1204 3262 1298 3331 qui
1368 3264 1617 3318 tumlcstia
1665 3265 1912 3334 sapiunt,
1977 3274 2299 3321 sanctorum
2370 3262 2672 3319 Ecclesium
2729 3264 2947 3318 illorum
3003 3276 3125 3317 esse
3192 3259 3495 3315 Ecclesiam
3557 3257 3737 3313 dices.

456 3352 549 3419 qui
583 3350 635 3404 in
670 3358 816 3404 terra
848 3353 1121 3417 viventes,
1170 3356 1478 3410 cmlestium
1499 3356 1820 3425 angelorum
1843 3359 2033 3423 vitam,
2074 3374 2139 3413 ac
2165 3358 2640 3413 conversationem
2669 3356 2975 3409 imitantur.

530 3446 698 3502 Vnus.
728 3450 781 3502 7.
832 3447 1102 3512 Quoniam
1169 3452 1287 3520 quis
1352 3452 1407 3505 in
1471 3452 1698 3506 nubibus
1753 3452 2125 3522 mquabilurc

461 3539 687 3593 Domino
717 3538 743 3591 ?
805 3539 1000 3594 similis
1039 3542 1139 3595 erit
1170 3541 1398 3595 Domino
1439 3543 1494 3595 in
1534 3542 1661 3612 ﬁliis
1694 3542 1837 3599 Dei?
1886 3543 2047 3608 Quod

460 3631 551 3685 hic
587 3631 823 3699 legimus
860 3633 924 3684 In
957 3632 1210 3696 nubibus,
1269 3633 1497 3702 quidam
1555 3634 1914 3701 interpretes,
1980 3632 2046 3687 In

459 3721 599 3785 alto,
629 3719 1033 3785 reddiderunt;
1062 3722 1177 3786 alii,
1208 3719 1275 3774 In
1308 3721 1438 3776 locis
1469 3722 1792 3778 cozlestibus.
1825 3722 2049 3779 Manent

387 3792 408 3809 ’
459 3820 645 3865 autem
684 3812 742 3865 in
784 3813 897 3866 alto
935 3822 1104 3881 atque
1160 3814 1216 3867 in
1271 3814 1408 3868 locis
1469 3814 1789 3870 caelestibus
1839 3816 2043 3885 angeli.

456 3905 620 3970 Quis,
655 3905 859 3972 inquit,
883 3906 1113 3976 angelus
1141 3906 1452 3976 aequabitur
1489 3907 1762 3963 Domino?
1796 3908 1892 3963 Vel
1919 3909 2047 3979 quis

458 3997 607 4050 inter
638 4005 864 4051 sanctos
898 4012 1114 4064 omnes,
1149 3998 1199 4053 ei
1257 4000 1464 4070 poterit
1523 4001 1883 4070 comparari?
1941 4001 2049 4057 Per

460 4090 558 4145 Dei
592 4090 738 4145 enim
773 4091 939 4159 ﬁlios,
974 4105 1201 4149 sanctos
1245 4093 1397 4149 viros
1449 4094 1837 4164 intelligimus,
1887 4095 2047 4166 juxta

456 4183 592 4237 illud
616 4202 629 4237 ε
660 4182 769 4254 Ego
793 4186 947 4239 dixi:
976 4184 1063 4238 Dii
1091 4187 1239 4251 estis,
1267 4195 1316 4240 ct
1347 4187 1451 4257 ﬁlii
1474 4188 1739 4242 Altissimi
1770 4205 1950 4243 omnes
1976 4188 2045 4244 ⁸⁷.

457 4275 536 4328 Ac
559 4275 604 4331 si
651 4276 861 4331 diceret
891 4295 904 4328 :
930 4275 1124 4333 Nullus
1145 4277 1395 4348 profecto
1417 4280 1467 4334 ei
1494 4281 1695 4349 poterit
1713 4280 2043 4350 comparari.

460 4365 544 4421 Tu
611 4370 757 4422 enim
806 4368 1011 4435 factor,
1048 4370 1127 4423 illi
1179 4380 1362 4425 autem
1409 4371 1645 4428 factura.
1691 4372 1889 4427 Verum
1934 4372 2048 4427 haec

459 4454 735 4525 Propheta
771 4473 877 4511 non
916 4457 1051 4512 dicit
1079 4466 1141 4512 ut
1175 4468 1463 4529 comparet
1496 4459 1611 4516 Deo
1645 4461 1919 4524 homines,
1947 4459 2045 4515 sed

458 4547 667 4601 idioma
691 4547 1021 4603 llebraicum
1046 4556 1301 4615 secutus,
1329 4565 1393 4605 ex
1428 4551 1530 4607 hac
1591 4553 2049 4608 dissimilitudine

458 4636 557 4691 Dei
591 4638 977 4692 excellentiam
1020 4638 1383 4708 demonstrat,
1412 4656 1650 4711 eumque
1683 4640 1894 4707 laudat,
1930 4641 2049 4696 vel-

461 4730 540 4783 uti
590 4732 681 4799 qui
711 4746 912 4801 magna
939 4733 1189 4802 quedam
1223 4750 1290 4788 ac
1334 4737 1613 4794 salutaria
1649 4737 1929 4806 pollicitus
1951 4738 2044 4792 sit.

2230 3454 2361 3508 Ὅτι
2408 3455 2502 3519 τίς
2538 3453 2609 3507 ἐν
2652 3454 2939 3520 νεφέλαις
2994 3447 3358 3515 ισωθὴσεται
3397 3446 3478 3512 τῷ
3502 3447 3742 3514 Kvplqo;

2162 3545 2629 3617 Ὤμοιωθήσεται
2688 3543 2770 3609 τῷ
2796 3544 2996 3611 Κυρίῳ
3018 3543 3088 3595 ὲν
3113 3541 3266 3607 υἱοῖς
3296 3540 3445 3595 Θεοῦ
3470 3557 3491 3604 ;
3522 3539 3594 3594 Τὸ
3630 3540 3742 3595 Ἐν

2152 3642 2461 3708 νεφέλαις,
2508 3639 2612 3692 Ἐν
2656 3637 2799 3705 ὕψει
2832 3636 2977 3697 τινὲς
3010 3635 3316 3702 ἐξέδωκαν·
3352 3633 3503 3687 ἄλλοι
3536 3632 3590 3687 δὲ
3629 3633 3743 3685 Ἐν·

2151 3730 2458 3800 οὐρανίοις
2494 3733 2702 3792 τόποις
2726 3746 2741 3760 ·
2770 3729 2829 3781 ὲν
2871 3727 2996 3796 ὕψει
3027 3727 3085 3781 δὲ
3125 3727 3224 3781 καὶ
3256 3729 3314 3781 ἐν
3341 3727 3611 3796 οὐρανίοις
3644 3726 3740 3779 τό-

2153 3843 2277 3889 ποις
2308 3825 2447 3877 είσ“ιν
2471 3825 2520 3876 οί
2552 3823 2797 3892 ἄγγελοι.
2829 3822 2995 3891 Λέγει
3025 3821 3208 3875 τοίνυν
3234 3838 3249 3854 ο
3278 3823 3361 3876 ὅτι
3390 3822 3432 3873 Τ
3439 3821 3487 3886 ig
3504 3819 3740 3890 ἄγγελος

2157 3915 2489 3987 ίσωθήσεται
2519 3914 2597 3984 τῷ
2627 3913 2818 3985 Κυρίῳ
2846 3956 2859 3979 ,
2885 3913 2918 3984 ἧ
2947 3912 3029 3976 τίς
3059 3914 3116 3966 ἐν
3134 3912 3310 3983 ἁγίοις
3333 3912 3740 3982 ὁμοιωθήσεται

2152 4005 2342 4077 aucti);
2372 4004 2532 4066 Υίοὺς
2562 4002 2672 4072 γὰρ
2699 4001 2833 4055 Θεοῦ
2868 4001 2996 4065 τοὺς
3026 4001 3304 4064 τοιούτους
3362 4001 3738 4069 ὑποληπτέον,

2152 4099 2296 4154 κατὰ
2332 4098 2415 4164 τὸ,
2473 4095 2624 4165 Ἐγὼ
2656 4092 2799 4149 εἶπα
2818 4107 2834 4125 ⁶
2855 4094 2985 4149 Θεοί
3016 4095 3192 4149 ἐστε*
3225 4094 3395 4159 ὅντως
3441 4094 3633 4159 οὐδεὶς,
3665 4096 3735 4148 σὺ
3764 4164 3769 4171 ι

2157 4192 2389 4262 μὲνγὰρ
2425 4190 2657 4259 ποιητής
2683 4204 2696 4218 ·
2730 4182 2878 4242 οὗτοι
2913 4188 2970 4241 δὲ
3015 4191 3321 4257 ποιήματα.
3355 4189 3470 4258 Οὐχ
3492 4187 3567 4251 ὡς
3597 4202 3737 4253 συγ-

2152 4282 2357 4353 κρίνων
2386 4281 2443 4333 δὲ
2473 4280 2635 4333 τοῦτό
2664 4297 2850 4350 φησιν,
2900 4278 3020 4332 ἀλλ’
3054 4279 3251 4350 ἰδίωμα
3309 4281 3401 4333 καὶ
3430 4278 3590 4332 τοῦτο
3625 4278 3732 4347 τῆς

2164 4370 2468 4442 Ἐὀραῗδος,
2497 4370 2607 4424 ἀπὸ
2648 4370 2747 4441 τῆς
2777 4370 3183 4442 ἀνομοιότητος,
3220 4371 3492 4441 ὑπεροχὴν
3524 4370 3733 4442 προσά-

2152 4477 2271 4530 γειν
2291 4460 2431 4530 Θεῷ.
2470 4461 2603 4513 Ύπε
2613 4464 2807 4531 ρυμνεί
2821 4461 2878 4516 δὲ
2901 4461 3087 4526 αὑτὸν,
3108 4461 3184 4524 ὡς
3207 4463 3420 4531 μεγάλα
3437 4463 3530 4516 καὶ
3555 4463 3737 4534 σωτή-

2154 4569 2245 4624 ρια
2294 4553 2789 4623 ἐπαγγειλάμενον.
2834 4554 3022 4608 Ἔοικε
3063 4553 3122 4608 δὲ
3170 4555 3249 4627 τῷ
3294 4555 3439 4626 λόγῳ
3482 4556 3576 4608 καὶ
3616 4556 3680 4608 τό
3711 4572 3736 4593 ο

2154 4646 2304 4699 Οὔτε
2323 4647 2598 4715 ἅγγελος,
2614 4648 2725 4701 οὐκ
2738 4646 3074 4717 ἄνθρωπος,
3093 4648 3232 4703 ἀλλ’
3251 4650 3433 4717 αὐτὸς
3460 4653 3492 4705 ό
3516 4650 3734 4718 Κύριος

2153 4737 2395 4789 ἔσωσεν
2416 4736 2600 4805 ἡμᾶς.

460 4829 562 4882 His
617 4838 799 4882 autem
862 4832 1051 4887 verbis
1108 4833 1198 4887 illa
1237 4834 1483 4903 Apostoli
1513 4835 1674 4889 valde
1707 4835 1909 4889 similia
1943 4843 2096 4897 sunt,
2138 4832 2286 4904 quod
2330 4848 2494 4903 neque
2531 4836 2771 4904 angelus,
2832 4850 2995 4905 neque
3034 4836 3212 4902 homo,
3269 4838 3360 4890 sed
3405 4838 3516 4907 ipse
3592 4834 3736 4890 Deus

456 4924 680 4979 saluauit
703 4942 796 4979 nos
819 4925 885 4978 ⁸⁸.

534 5017 700 5073 Vens.
738 5018 792 5073 8.
833 5018 977 5075 Deus
1002 5022 1093 5091 qui
1120 5021 1458 5092 gloriﬁcatur
1491 5024 1548 5078 in
1572 5024 1801 5079 consilio
1828 5035 2042 5080 sancto-
2073 5030 2119 5085 ι)

2231 5021 2296 5076 '0
2335 5022 2480 5086 Θεὸς
2502 5018 2969 5089 ἐνδοξαζόμενος
2995 5018 3066 5073 ἐν
3083 5017 3291 5087 ,ϐουλῇ
3315 5018 3518 5087 ἁγίων,
3542 5019 3738 5086 μέγας

458 5126 600 5174 rum,
642 5127 867 5182 magnus
895 5123 942 5166 et
978 5114 1233 5168 terribilis
1291 5126 1368 5169 est
1398 5132 1558 5185 super
1600 5133 1800 5184 omnes,
1850 5118 1945 5191 qui
1990 5119 2044 5172 in

2151 5116 2246 5170 καὶ
2282 5114 2536 5184 φοϐερός
2569 5112 2742 5166 ἐστιν
2762 5111 2862 5166 ἐπὶ
2901 5110 3139 5175 πάντας
3166 5111 3312 5177 τοὺς
3348 5110 3481 5178 περὶ
3525 5110 3736 5174 κύκλῳ

458 5204 687 5257 circuitu
716 5204 831 5272 ejus
853 5215 1001 5259 sunt.
1034 5204 1141 5261 Per
1182 5207 1484 5262 consilium
1523 5209 1631 5264 hoc
1666 5210 1722 5263 in
1766 5211 1886 5263 loco
1908 5223 2047 5263 con-

2149 5208 2358 5264 αὐτοῦ.
2392 5208 2599 5277 Bonl-qv
2631 5204 2869 5260 ἐνταῦθα
2916 5204 3008 5259 τὸν
3048 5204 3329 5275 σύλλογον,
3360 5205 3422 5259 τὸ
3451 5205 3737 5274 συνέδριον

459 5295 842 5366 gregationem
896 5304 955 5351 et
990 5299 1290 5353 concilium
1329 5300 1611 5371 intelligit,
1649 5310 1708 5355 ut
1760 5302 1815 5355 in
1866 5301 2044 5371 primo

2151 5301 2259 5353 τῶν
2306 5300 2475 5366 ἁγίων
2508 5300 2814 5369 ὠνόμασεν,
2873 5300 2949 5361 ὡς
2986 5298 3080 5352 καὶ
3113 5301 3170 5353 ὲν
3201 5298 3281 5369 τῷ
3307 5298 3508 5369 πρώτῳ
3528 5296 3733 5368 ψαλμῷ

457 5389 628 5442 etiam
684 5389 930 5446 diximus
984 5391 1221 5461 pealmo.
1292 5392 1353 5448 In
1410 5395 1841 5465 congregatione
1899 5394 2045 5446 enim

2153 5410 2227 5445 πα
2239 5392 2531 5463 ραδίδοται.
2572 5392 2659 5444 Ἐν
2689 5395 2757 5464 τῇ
2790 5394 3083 5463 συναγωγῇ
3117 5392 3223 5462 γὰρ
3249 5392 3356 5446 τῶν
3382 5390 3553 5459 ἁγίων
3575 5389 3735 5456 δοξα-

529 5567 577 5604 "
611 5568 751 5625 Dan.
778 5586 878 5635 vn,
915 5571 1002 5627 14.
1081 5573 1127 5605 ’⁵⁸
1160 5571 1331 5629 Hebr.
1392 5588 1490 5640 xu,
1550 5572 1639 5629 23.
1718 5571 1761 5604 ⁸⁷
1796 5570 1947 5628 Psal.
1990 5587 2044 5625 LI

2160 5615 2173 5637 ,
2207 5570 2265 5625 6.
2341 5570 2385 5603 ⁸⁸
2415 5569 2583 5626 llebr.
2639 5586 2699 5636 ιι,
2735 5570 2821 5626 ιο.

1858 5696 2063 5758 νει-ιω
2105 5695 2440 5759 lectiones.

532 5785 608 5855 (ἐκ)
628 5787 857 5842 Videtur
887 5793 1131 5848 nonnihil
1164 5795 1421 5851 aberrare
1463 5797 1527 5851 ab
1553 5797 1800 5851 auctoris
1830 5812 2018 5851 sen-u.

454 5853 647 5914 Crch
680 5858 1001 5928 simpliciter
1034 5880 1046 5917 :
1088 5864 1341 5921 "omines
1375 5884 1496 5922 vero
1551 5869 1642 5938 qui
1668 5869 1899 5923 caelestia
1939 5885 2027 5923 sa-

2136 5798 2285 5866 piunt
2320 5797 2549 5870 (gratias
2585 5804 2745 5870 agent
2778 5797 2908 5869 Deo)
2943 5799 2993 5849 in
3021 5795 3260 5852 Ecclesia
3292 5814 3599 5855 sanctorum
3633 5804 3729 5870 qui

2139 5870 2310 5920 att/mc
2340 5868 2394 5921 iu
2434 5878 2575 5921 terra
2606 5869 2803 5925 vivunt.
