4088 6460
389 423 495 487 905

1551 425 1938 487 COMMENT.
1978 428 2059 487 IN
2100 426 2460 488 PSALMt')S.

3548 429 3655 491 906

394 539 548 601 ζεται
591 536 686 590 καὶ
724 536 979 606 ὑμνεῖται
1022 538 1051 591 δ
1079 537 1235 603 Θεός.
1269 538 1408 607 Φησὶ
1434 538 1633 607 τοίνυν,
1679 541 1761 592 δτι
1792 542 1820 594 ό
1841 540 1973 605 Θεὸς

2080 550 2401 597 sanctorum
2448 539 2788 610 gloriﬁcatur
2831 548 2885 595 et
2917 540 3176 596 laudatur
3209 540 3375 595 Deus.
3422 540 3513 595 Ait
3555 527 3658 611 ἱεῖσ

395 629 811 699 ἐνδοξαζόμενος
878 632 1017 702 αὐτῇ
1074 632 1249 702 μέγας
1316 632 1410 685 καὶ
1445 630 1678 703 φοϐερός
1713 618 1828 685 ἐστι
1860 634 1977 695 τοῖς

396 725 613 795 ἁγίοιςο
654 722 801 781 οὗτοι
859 726 971 798 γὰρ
1027 727 1188 797 πέριξ
1254 728 1420 781 αὑτοῦ
1466 728 1872 800 πλησιάσαντες
1905 726 1978 781 δι’

393 818 722 883 οἰκειώσεως
752 819 986 889 ἀρετῶν·
1020 820 1198 890 μέγας
1225 819 1281 873 δὲ
1308 822 1402 873 καὶ
1420 820 1644 891 φοϐερὸς
1666 822 1867 885 αὐτοῖς,
1900 811 1990 884 ὡς’

396 912 643 983 ἀκριϐῶς
671 915 1064 983 ἐπισταμένοις
1093 913 1192 983 τὴν
1228 915 1506 986 ὑπεροχὴν
1531 916 1719 969 αὑτοῦ.
1758 915 1976 985 ’Δγίους

391 1003 451 1056 δὲ
494 1002 721 1072 λὲγομεν
781 1007 877 1057 καὶ
932 1004 1031 1068 τὰς
1080 1006 1371 1079 οὐρανίους
1411 1007 1692 1077 δυνάμεις,
1742 1008 1799 1060 αἶ
1846 1010 1977 1080 περὶ

392 1097 526 1150 Θεὸν
548 1099 750 1169 ὁμοίως
797 1098 961 1153 εἰσίν.

406 1364 612 1434 Ἑτέρα
662 1366 949 1436 ἑρμηνεία
988 1370 1075 1433 εἰς
1105 1370 1174 1422 τό
1201 1385 1216 1398 ο
1244 1369 1457 1433 Πάντας
1486 1371 1613 1433 τοὺς
1636 1369 1978 1441 περικύκλῳ

1094 1461 1287 1516 αὐτοῦ.

473 1551 536 1605 '0
569 1552 946 1624 κυκλούμενος
978 1554 1210 1608 ἐνώπιον
1241 1555 1333 1608 καὶ
1367 1555 1544 1608 ὀπίσω
1574 1555 1670 1608 καὶ
1726 1556 1784 1609 ἐν
1830 1553 1980 1626 δεξιᾷ

394 1647 490 1699 καί
522 1649 581 1699 ὲν
613 1650 882 1720 ἀριστερᾷ
939 1649 1056 1720 ἔχει
1084 1650 1211 1713 τοὺς
1251 1648 1589 1713 κυκλοῦντας
1619 1650 1781 1703 αὐτόν
1810 1667 1822 1679 '
1858 1652 1979 1701 ἐπεὶ

391 1740 572 1793 τοίνυν
599 1743 692 1793 καὶ
716 1742 743 1793 ὀ
766 1740 900 1804 Θεὸς
925 1741 1038 1811 ἔχει
1066 1742 1193 1804 τοὺς
1214 1741 1546 1803 κυκλοῦντας
1581 1741 1745 1795 αὑτὸν
1764 1739 1977 1810 ἀνθρὼ-

394 1852 555 1900 πους,
609 1834 786 1887 ὀπίσω
827 1835 925 1903 μὲν
970 1834 1363 1905 ὑποληψόμεοα
1406 1835 1532 1899 τοὺς
1576 1834 1664 1887 διὰ
1717 1834 1815 1904 τῆς
1842 1851 1981 1904 πρα-

2083 645 2195 699 tut,
2240 635 2385 704 quod
2425 632 2567 687 Deus
2592 633 2645 686 itt
2679 634 2769 686 illa
2797 634 3247 705 congregatione,
3290 641 3343 687 et
3374 632 3655 701 glorifica-

2079 734 2194 791 tus,
2222 734 2277 781 et
2314 741 2547 796 magnus
2577 735 2680 790 est,
2712 734 2764 780 et
2793 726 3072 791 terribilis,
3106 726 3210 782 hoc
3236 739 3342 791 est,
3379 727 3659 783 timendus

2080 818 2248 873 abiis
2306 818 2541 879 sanctis,
2593 817 2688 887 qui
2750 817 3185 888 circumquaque
3239 833 3333 887 per
3391 820 3656 873 virtutum

2078 913 2437 982 adeptionem
2472 910 2521 967 ei
2559 912 2989 983 propinquiores
3017 912 3173 965 ﬁunt.
3203 910 3434 981 Magnus
3476 923 3659 966 autem

2079 1014 2134 1060 et
2167 1004 2446 1060 timendus
2479 1013 2564 1058 est
2594 1002 2741 1059 Deus
2775 1005 2862 1059 his
2911 1004 3141 1068 sanctis,
3177 1006 3303 1074 quia
3339 1004 3487 1058 illius
3519 1007 3659 1059 emi-

2079 1095 2322 1149 nentiam
2359 1109 2421 1150 ae
2455 1096 2756 1166 potentiam
2788 1097 2996 1164 optime
3021 1107 3381 1166 cognoscunt.
3407 1097 3509 1152 Per
3532 1114 3681 1152 san-v

2080 1197 2202 1243 ctos
2239 1189 2404 1242 etiam
2466 1188 2721 1243 caelestes
2770 1188 3006 1259 intelligi
3067 1195 3304 1258 possunt
3358 1195 3662 1261 potestates

2080 1295 2203 1349 qua:
2234 1294 2452 1349 semper
2469 1280 2615 1333 circa
2640 1294 2764 1334 eum
2797 1289 2949 1335 sunt.

2080 1372 2199 1426 Alia
2221 1372 2589 1440 interpretatio
2608 1371 2662 1425 in
2692 1388 2755 1427 ea
2786 1375 2966 1426 verba:
2995 1370 3203 1430 Omnes
3225 1374 3319 1444 qui
3349 1375 3402 1429 in
3424 1374 3659 1429 circuitu

2718 1466 2840 1534 ejus
2870 1474 3022 1521 sunt.

2150 1555 2445 1629 [Legimus
2475 1557 2642 1611 etiam
2679 1559 2823 1628 apud
2857 1567 3116 1614 sanctum
3162 1559 3484 1633 Maximum]
3514 1561 3661 1632 quod

2083 1650 2173 1705 ille
2204 1650 2405 1704 dicitur
2433 1651 2835 1718 circumdatus,
2868 1652 2961 1722 qui
2991 1668 3201 1717 coram,
3236 1663 3405 1717 retro,
3433 1657 3497 1707 ad
3524 1655 3662 1709 dex-

2082 1749 2282 1805 teram,
2319 1750 2488 1811 atque
2528 1742 2594 1797 ad
2629 1743 2940 1809 sinistram,
2993 1744 3213 1814 aliquos
3253 1746 3411 1817 quasi
3466 1746 3521 1799 in
3554 1748 3663 1803 cir-

2082 1835 2211 1889 culo
2240 1834 2424 1889 habet.
2452 1833 2726 1900 Quoniam
2780 1836 2948 1907 igitur
2976 1836 3120 1893 Deus
3164 1838 3219 1891 in
3268 1837 3504 1891 circuitu
3556 1851 3659 1893 suo

392 1926 590 1996 κτικῆς
633 1926 839 1996 ἀρετῆς
885 1926 1316 1991 ἀκολουθοῦντας
1361 1928 1539 1997 αὐτῷ,
1624 1926 1682 1978 ὲν
1711 1927 1975 1996 ἀριστερᾷ

2084 1924 2288 1977 habere
2329 1927 2531 1979 multos
2560 1926 2765 1979 dicitur
2806 1927 2898 1995 qui
2931 1942 3057 1981 eum
3089 1929 3436 1984 circumdant
3469 1946 3483 1983 :
3512 1938 3661 1984 retro

390 2017 451 2070 δὲ
492 2019 637 2080 τοὺς
663 2016 763 2087 τὴν
798 2017 1039 2088 φυσικὴν
1067 2018 1300 2088 θεωρίαν
1336 2020 1725 2089 πνευματικῶς
1765 2034 1967 2087 κατορ-

391 2112 658 2174 θοῦνταςο
686 2114 823 2181 φησὶ
855 2116 965 2184 γὰρ
1002 2116 1132 2182 περὶ
1169 2114 1272 2183 τῆς
1308 2114 1501 2181 σοφίας
1554 2115 1590 2183 ἡ
1625 2112 1735 2165 τῶν
1772 2113 1975 2182 Παροι-

394 2204 537 2274 μιῶν
566 2203 748 2273 βίϐλος
772 2220 786 2234 ο
822 2204 926 2259 Ἐν
954 2204 1025 2258 δὲ
1054 2205 1129 2273 τῇ
1162 2204 1447 2274 ἀριστερᾷ
1475 2204 1666 2272 αὐτῆς
1716 2204 1978 2270 πλοῦτος

391 2294 491 2348 καί
521 2294 692 2360 δόξα.
736 2297 826 2350 Ἓν
853 2297 910 2349 δὲ
941 2300 1006 2368 τῇ
1036 2297 1187 2367 δεξιᾷ
1223 2297 1319 2351 τοῦ
1361 2296 1496 2350 Θεοῦ
1539 2297 1783 2365 νοηθεῖεν
1815 2295 1883 2349 ἂν
1926 2295 1975 2347 oi

392 2387 645 2455 καθαρὰν
697 2388 964 2458 αἰσθητῆς
1007 2390 1310 2459 φαντασίας
1343 2390 1629 2460 δεχόμενοι
1678 2389 1777 2459 τὴν
1812 2387 1973 2442 ἄῦλον

389 2476 595 2542 γνῶσιν
668 2482 766 2531 καὶ
822 2478 1056 2549 θεωρίαν
1119 2481 1224 2535 τῶν
1275 2482 1480 2553 νοητῶν
1517 2498 1537 2516 ο
1606 2482 1711 2536 Ἐν
1740 2480 1847 2550 γὰρ
1898 2480 1973 2547 τῇ

387 2566 584 2633 δεξιᾷ,
628 2569 819 2636 φησὶν,
845 2568 1038 2638 αὐτῆς
1071 2572 1179 2643 ἔτη
1199 2570 1350 2640 ζῳῆς
1372 2589 1384 2603 ο
1421 2570 1652 2625 ἐνώπιον
1701 2571 1758 2624 δὲ
1804 2571 1851 2622 οἱ
1886 2569 1974 2622 διὰ

391 2658 625 2729 σφοδρὸν
668 2659 851 2730 ἔρωτα
904 2660 999 2714 τοῦ
1053 2661 1201 2715 θείου
1252 2663 1485 2726 κάλλους
1530 2661 1844 2733 ἀξιούμενοι
1874 2660 1976 2729 τῆς

390 2753 688 2823 πρόσωπον
738 2755 876 2828 πρὸς
923 2757 1221 2827 πρόσωπον
1258 2757 1635 2823 ἀπολαύσεως,
1683 2757 1778 2815 καὶ
1822 2752 1975 2808 θεούο

394 2860 570 2911 μενοι.

2083 2018 2301 2086 quidem
2332 2032 2432 2072 eos
2464 2033 2589 2072 esse
2647 2018 3032 2090 intelligimus,
3096 2022 3189 2091 qui
3250 2038 3347 2094 per
3393 2026 3656 2078 virtutem

2085 2108 2232 2162 illam
2266 2125 2390 2163 eum
2430 2121 2762 2179 sequuntur,
2808 2128 2930 2182 qua:
2978 2114 3045 2167 ad
3087 2116 3337 2171 aetimies
3372 2117 3609 2186 pertinet
3642 2136 3656 2173 :

2084 2203 2150 2257 ad
2186 2202 2472 2258 sinistram
2515 2219 2644 2261 vero
2697 2205 2844 2272 illos,
2897 2207 2992 2276 qui
3046 2209 3356 2262 naturalem
3421 2211 3664 2277 philoso-

2086 2296 2271 2364 phiam
2303 2296 2550 2365 dirigunt
2582 2296 2647 2349 ad
2695 2297 3006 2366 spiritualia
3041 2314 3056 2360 ;
3098 2300 3165 2353 de
3211 2301 3480 2369 sapientia
3511 2303 3658 2357 enim

2078 2388 2133 2441 in
2166 2387 2594 2443 Proverbiurum
2626 2389 2766 2445 libro
2798 2390 3002 2445 dicitur
3031 2411 3043 2449 :
3078 2390 3141 2446 In
3167 2394 3389 2448 sinistra
3422 2395 3536 2464 ejus
3572 2397 3645 2448 di-

2078 2480 2221 2533 vitia:
2250 2490 2302 2533 et
2332 2480 2511 2549 gloria
2535 2480 2602 2536 ⁸⁸.
2633 2482 2714 2535 Ad
2756 2482 3035 2538 dexteram
3071 2484 3239 2539 etiam
3296 2482 3390 2538 Dei
3422 2500 3547 2540 esse
3578 2486 3655 2540 illi

2081 2572 2425 2643 intelligendi
2460 2581 2617 2639 sunt,
2651 2576 2747 2644 qui
2779 2576 3225 2628 immateriaiium
3269 2585 3431 2645 atque
3459 2578 3660 2631 invisi-

2080 2662 2274 2717 bilium
2316 2678 2501 2717 rerum
2540 2660 2914 2736 cognitionem
2948 2665 3017 2719 ab
3041 2666 3189 2720 omni
3221 2667 3467 2722 sensibili
3494 2676 3662 2738 atque

2079 2753 2295 2809 carnali
2328 2754 2721 2823 phantasmate
2754 2772 2951 2827 puram
2998 2772 3061 2812 ac
3112 2761 3371 2814 munilam
3407 2775 3663 2830 suscepe-

2078 2852 2210 2899 runt
2246 2862 2260 2898 :
2299 2841 2367 2899 In
2396 2845 2613 2899 dextera
2645 2845 2818 2911 enim,
2859 2846 3058 2915 inquit,
3101 2848 3217 2917 ejus
3263 2850 3389 2902 anni
3420 2851 3539 2905 uiue
3566 2851 3659 2925 _'°:

389 2950 579 2989 coram
609 2936 723 2993 Deo
784 2939 952 2993 etiam
1020 2938 1147 2995 illos
1224 2953 1351 2996 esse
1404 2939 1679 3003 dicemus,
1739 2934 1830 3007 qui
1911 2932 1983 2989 ob
2051 2932 2381 2987 immensum
2459 2932 2663 2987 divina:
2721 2934 3152 3006 pulchritudinis
3214 2952 3456 2996 amorem
3511 2941 3659 3009 digni

387 3025 571 3083 εσσειί
599 3038 750 3096 sunt,
798 3044 855 3086 ut
888 3040 1152 3103 perpetuo
1183 3033 1275 3089 Dei
1307 3032 1571 3089 fruantur
1620 3036 1947 3099 conspectu,
1986 3021 2127 3080 facie
2153 3024 2222 3080 ad
2255 3023 2455 3080 faciem
2532 3024 2689 3079 illum
2764 3023 3063 3094 intuentes,
3146 3036 3199 3083 et
3252 3029 3662 3100 quodammodo

393 3119 503 3191 ipsi
532 3122 739 3188 pariter
779 3123 959 3180 eﬂ‘ecti
992 3126 1088 3181 dii.

465 3216 644 3283 Κύριε
681 3216 715 3269 d
737 3216 883 3282 Θεὸς
904 3215 1024 3271 τῶν
1052 3217 1388 3289 δυνάμεων.
1419 3218 1653 3293 Εἴρηται
1680 3219 1739 3272 ὲν
1772 3215 1851 3287 τῷ
1879 3211 1972 3283 πγ⁹

2153 3207 2321 3263 Vens.
2350 3206 2403 3263 9.
2431 3205 2656 3260 Domine
2685 3205 2829 3260 Deus
2844 3207 3121 3261 virtutum.
3146 3205 3468 3282 Hujusmodi
3494 3218 3657 3273 verba

389 3306 618 3377 ψαλμῷο

2082 3296 2440 3369 exposuimus
2462 3296 2516 3351 in
2552 3296 2762 3365 psalmo
2797 3306 3023 3354 Lxuttt.
3350 3314 3355 3319 '

464 3398 568 3465 Τίς
598 3399 801 3469 ὅμοιός
842 3414 945 3455 σοι
969 3419 993 3468 ;
1025 3433 1094 3442 —
1128 3403 1224 3470 πς
1252 3405 1454 3472 ὅμοιός
1489 3418 1623 3471 σοι,
1657 3402 1975 3473 συνεχέστε-

2157 3386 2287 3451 Quis
2318 3386 2512 3441 similis
2546 3385 2686 3440 tibi?
2719 3384 3076 3456 (Huiusmodi
3124 3388 3291 3444 etiam
3331 3394 3656 3451 sententiam

390 3509 492 3562 ρον
521 3492 763 3561 ἐπιλέγει
810 3493 912 3547 οὒκ
942 3495 1188 3564 ἐρωτῶν,
1235 3495 1352 3549 ἀλλ’
1381 3497 1849 3569 ἐκπληττόμενος,
1881 3494 1975 3548 καὶ

2083 3478 2279 3533 crebro
2313 3478 2565 3534 invenies
2604 3478 2750 3547 apud
2788 3478 3011 3533 beatum
3043 3479 3261 3549 David.)
3289 3480 3441 3537 Dicta
3474 3499 3658 3543 autem

387 3586 453 3637 τὸ
487 3587 884 3659 ἁπαοάδλητον
913 3586 1081 3641 αὐτοῦ
1110 3588 1383 3642 διδάσκων
1408 3589 1581 3659 ἡμᾶς.

2081 3580 2214 3627 sunt
2273 3587 2384 3646 non
2438 3578 2501 3625 ut
2558 3571 2950 3642 interrogaret,
3013 3574 3110 3628 sed
3166 3576 3336 3632 veluti
3400 3577 3660 3650 obstupe-

540 3676 545 3681 λ
2080 3677 2266 3728 scens,
2304 3670 2365 3717 ut
2388 3677 2489 3718 nos
2523 3662 2631 3718 hoc
2671 3672 2836 3734 pacto
2874 3664 3023 3720 illius
3059 3666 3659 3737 incomparabilitatem

2079 3753 2324 3811 doceret.

466 3852 732 3919 Δυνατὸς
802 3847 878 3918 εἶ,
941 3852 1139 3925 Κύριε.
1200 3852 1272 3904 Δυ
1286 3850 1438 3915 ιατὸς
1469 3850 1771 3921 ποιῆσαι,ἂ
1802 3851 1976 3920 ἐπαγ-

391 3943 560 4016 γέλλῃ
579 3959 597 3975 ο
620 3946 717 3998 καὶ
747 3942 988 3997 πιστεύω
1009 3942 1217 4010 λοιπὸν,
1243 3943 1327 3996 δτι
1350 3943 1691 4014 γενήσονται.

464 4129 575 4181 Ka.
633 4127 677 4194 ἡ
714 4124 970 4195 ἀλήθειά
1003 4139 1126 4179 σου
1175 4124 1389 4190 κύκλῳ
1412 4138 1556 4177 σου.
1605 4123 1681 4177 Οὐ
1735 4123 1896 4193 μόνον
1926 4118 1980 4176 εἶ

388 4216 639 4283 δυνατὸς,
664 4218 801 4271 ἀλλὰ
836 4217 929 4270 καὶ
958 4216 1173 4287 ἀληθής
1192 4231 1210 4251 ο
1240 4218 1337 4270 καὶ
1374 4215 1533 4286 δίκην
1574 4215 1793 4285 ἱματίου
1818 4215 1974 4285 περί-

391 4307 659 4378 6έ6λησαι
692 4308 795 4378 τὴν
819 4306 1105 4378 ἀλήθειαν,
1156 4308 1252 4361 καὶ
1280 4305 1468 4374 κύκλῳ
1504 4324 1596 4359 σου
1627 4300 1783 4369 οὖσα,
1822 4304 1975 4359 οὺδέ-

390 4400 529 4453 ποτά
588 4417 682 4453 σου
722 4400 1025 4470 ἀφίσταται
1057 4413 1072 4432 ·
1120 4398 1377 4469 ἔμφαίνει
1423 4398 1482 4452 δὲ
1535 4396 1714 4458 τοῦτο,
1754 4398 1838 4451 ὃτι
1886 4396 1974 4450 ἀεὶ

391 4492 705 4562 ἀληθεύεις.

363 4589 371 4639 l
460 4584 549 4638 Σὺ
576 4584 890 4651 δεσπόζεις
921 4584 1027 4639 τοῦ
1052 4584 1311 4652 κράτους
1343 4584 1456 4652 τῆς
1487 4583 1831 4651 θαλάσσης,
1864 4584 1974 4638 τὸν

386 4676 458 4729 δὲ
494 4676 690 4730 σάλον
712 4676 834 4731 τῶν
857 4677 1136 4745 κυμάτων
1170 4678 1362 4742 αὐτῆς
1388 4676 1473 4730 σὺ
1510 4677 1968 4744 καταπραῦηις.

2156 3847 2351 3901 Potens
2376 3863 2459 3913 es,
2487 3846 2735 3902 Domine.
2770 3846 2843 3902 Ut
2873 3848 3071 3917 facias,
3103 3866 3225 3921 quae
3252 3852 3531 3921 pollicitus
3578 3869 3662 3923 es,

2081 3940 2228 3995 unde
2274 3938 2442 3994 etiam
2501 3946 2669 3995 credo
2722 3947 2777 3995 te
2822 3943 3010 3995 omnia
3065 3943 3327 4015 deinceps
3385 3946 3663 4015 perfecttt~

2079 4044 2223 4085 rum.
3091 4092 3097 4098 .

2153 4120 2223 4174 Et
2254 4124 2445 4175 veritas
2468 4132 2562 4176 tua
2602 4123 2657 4175 in
2685 4121 2916 4177 circuitu
2958 4132 3071 4177 tuo.
3098 4124 3224 4180 Non
3246 4126 3422 4182 solum
3459 4139 3658 4200 potens

2078 4231 2160 4281 es,
2200 4216 2295 4270 sed
2336 4231 2506 4271 verax
2552 4214 2741 4271 etiam.
2778 4214 3075 4271 Veritatem
3143 4219 3290 4273 enim
3346 4220 3571 4278 indutus
3598 4240 3659 4283 es

2079 4307 2257 4363 instar
2285 4308 2505 4370 vestis,
2553 4322 2675 4375 quae
2722 4307 3159 4378 circumquaque
3196 4323 3263 4363 ex
3303 4312 3452 4365 omni
3505 4324 3660 4382 parte

2080 4399 2355 4455 hominem
2388 4399 2571 4468 cperit
2606 4414 2621 4451 :
2652 4413 2775 4469 quae
2809 4399 2977 4453 verba
3016 4398 3151 4454 illud
3203 4400 3464 4459 videntur
3508 4402 3659 4459 iudi-

2080 4506 2228 4556 care,
2264 4490 2410 4561 quod
2437 4492 2581 4546 Deus
2604 4506 2825 4560 semper
2862 4506 3026 4546 veras
3058 4500 3166 4548 est.

2169 4580 2340 4638 Vens.
2376 4582 2466 4637 10.
2497 4581 2571 4636 Tu
2602 4582 2906 4637 dominaris
2935 4584 3186 4653 potestati
3216 4600 3403 4651 mam,
3457 4592 3659 4643 motum

2081 4685 2260 4731 autem
2293 4675 2555 4745 ﬂuctuum
2581 4675 2697 4747 ejus
2730 4685 2788 4730 tu
2840 4676 3079 4746 mitigas.
3104 4675 3440 4732 Potestatem
3488 4681 3659 4736 maris

391 4769 614 4837 Κράτος
648 4768 929 4838 θαλάσσης
974 4769 1011 4838 ἠ
1051 4768 1142 4839 βία
1189 4769 1298 4823 τῶν
1346 4771 1608 4840 κυμάτων
1655 4768 1846 4838 αὐτῆς.
1895 4768 1969 4821 Σὺ

2084 4768 2354 4823 undarum
2381 4768 2702 4823 violentiam
2749 4768 3013 4837 appellat.
3066 4765 3150 4822 Tu
3182 4777 3238 4827 et
3263 4772 3655 4842 procellarum,

384 4860 694 4927 δεσπόζεις,
730 4862 883 4932 φησι,
931 4863 1026 4915 καὶ
1064 4863 1164 4931 τῆς
1204 4863 1453 4933 ταραχῆς
1494 4862 1683 4932 αὐτῆς,
1730 4862 1824 4917 καὶ
1872 4860 1972 4930 τῆς

2080 4860 2280 4930 inquit,
2321 4868 2378 4914 et
2408 4859 2834 4929 tranquillitatis
2860 4859 3155 4941 imperium
3192 4862 3246 4916 in
3280 4863 3418 4917 mari
3462 4866 3652 4920 habes.

386 4953 657 5024 γαλήνης,
693 4954 790 5006 καὶ
817 4954 883 5006 σὺ
923 4955 1084 5007 τοῦτο
1110 4956 1333 5008 κάκεῖνο
1363 4956 1558 5018 ποιεῖς.
1592 4954 1801 5022 ’Ὠσπερ
1826 4952 1883 5006 δὲ
1914 4953 1973 5004 ἐν

2081 4950 2146 5005 Ει
2197 4950 2662 5021 quemadmodum
2719 4950 2775 5005 in
2834 4950 3047 5020 psalmo
3097 4967 3289 5019 Lxxm,
3349 4955 3518 5009 Deum
3587 4956 3655 5007 ah

386 5046 468 5115 τῷ
499 5044 581 5112 of
608 5044 810 5117 ψαλμῷ
840 5045 1119 5117 ἀνύμνησε
1144 5045 1236 5098 τὸν
1260 5045 1391 5099 Θεὸν
1408 5046 1518 5099 ἀπὸ
1543 5046 1653 5098 τῶν
1674 5044 1977 5117 μεγαλουρ-

388 5137 661 5205 γημάτων
698 5135 883 5201 αὑτοῦ,
913 5133 1084 5189 είπών
1107 5151 1123 5165 ο
1140 5136 1212 5189 Σὺ
1246 5136 1513 5206 ἐποίησας
1536 5134 1659 5188 τάδε
1680 5134 1777 5187 καὶ
1806 5133 1935 5188 τάδε
1954 5147 1972 5165 ’

385 5229 538 5282 οὕτω
577 5227 675 5282 καὶ
700 5228 793 5281 ἐπὶ
822 5227 921 5281 τοῦ
946 5228 1233 5300 παρόντος.

464 5321 551 5374 Σὺ
582 5320 998 5378 ἐταπείνωσαρ
1026 5321 1104 5386 ὡς
1140 5306 1515 5389 τραυματίαν
1556 5331 1965 5387 υπερηφανον.

388 5413 680 5485 Ᾱίσθητῶς
720 5413 822 5483 μὲν
865 5413 1043 5467 πάντα
1082 5414 1433 5483 ὑπερήφανον
1478 5410 1765 5482 ἄνθρωπον
1792 5426 1805 5439 ·
1848 5412 1965 5464 Κύ-

375 5524 516 5577 ριος
547 5506 678 5577 γὰρ,
713 5507 903 5576 φησιν,
932 5504 1341 5573 ὑπερηφάνοις
1356 5504 1780 5559 ἀντιτάσσεται
1802 5520 1816 5534 ο
1846 5520 1974 5574 νοη-

385 5599 503 5661 τῶς
541 5599 599 5652 δὲ
640 5599 734 5652 τὸν
777 5597 1046 5661 διάϐολον,
1098 5596 1695 5669 ὑπερηφανευσάμενον
1720 5634 1735 5660 ,
1770 5595 1863 5647 καὶ
1889 5594 1978 5647 διὰ

382 5689 552 5744 τοῦτο
598 5689 1018 5762 καταϐληθέντα
1045 5710 1059 5723 ·
1115 5691 1191 5754 ὡς
1232 5687 1581 5760 τραυματίαν
1620 5686 1697 5749 δὲ,
1746 5686 1880 5740 διότι
1928 5687 1977 5740 ol

2078 5043 2420 5099 admirandis
2475 5043 2599 5113 ejus
2668 5043 2934 5113 operibus
2989 5044 3233 5099 laudavit
3282 5044 3530 5101 dicens:
3571 5043 3652 5101 Tu

2083 5134 2197 5188 haec
2254 5140 2424 5204 atque
2475 5133 2570 5187 illa
2607 5133 2835 5205 fecisti,
2892 5135 2965 5190 ita
3018 5135 3183 5190 etiam
3239 5137 3351 5205 agit
3403 5135 3459 5190 iu
3516 5152 3656 5208 pra!-

2078 5225 2241 5281 senti.
3468 5208 3475 5213 ’

2152 5315 2316 5370 Vens.
2353 5316 2439 5371 11.
2476 5314 2555 5373 Tu
2587 5316 2887 5373 humiliasti
2916 5317 3052 5371 sicut
3079 5317 3436 5384 uulneratum,
3472 5334 3657 5387 super-

2081 5408 2225 5464 bum.
2256 5407 2428 5462 Juxta
2458 5408 2705 5464 historiae
2736 5424 2983 5473 sensum,
3018 5423 3235 5463 omnem
3261 5409 3558 5478 superbum
3589 5425 3655 5464 ac

2081 5505 2435 5559 temerarium
2469 5503 2749 5560 hominem
2781 5504 3045 5573 intellige.
3083 5498 3344 5558 Dominus
3375 5508 3549 5569 enim,
3574 5506 3658 5561 iu~

2077 5595 2222 5665 quit,
2276 5594 2477 5649 resistit
2539 5594 2774 5664 superbis
2815 5595 2885 5647 ⁸⁸.
2919 5593 3121 5655 Verum
3178 5595 3345 5655 altius
3398 5597 3657 5653 conside.

2079 5686 2277 5753 rando,
2306 5704 2406 5760 per
2454 5687 2784 5761 superbum,
2817 5690 2997 5760 ipsum
3028 5688 3333 5745 daemonem
3388 5690 3652 5763 intelligo,

466 5872 514 5904 “
546 5872 714 5930 Prov.
782 5888 865 5933 tu,
928 5872 1015 5927 l6.
1092 5872 1137 5903 "
1180 5870 1316 5926 ibid.
1395 5871 1438 5903 ⁸⁸
1459 5871 1622 5927 Prov.
1655 5885 1737 5939 ut,
1769 5868 1881 5937 διε
1915 5867 2032 5925 Jac.
2076 5822 2151 5937 nl,
2181 5868 2239 5924 6.

720 5970 996 6032 Panos.
1029 5970 1147 6033 Gn.
1183 5968 1519 6031 CXXVIII.

3252 5964 3333 6027 29
