4088 6420
397 382 502 442 907

1609 361 1990 426 EUTllYMlI
2031 355 2389 418 ZlGABENI

3559 351 3666 416 908

396 495 490 565 qui
536 495 590 548 in
622 492 942 564 superbiam
981 490 1162 546 elatus
1189 496 1294 552 est,
1350 492 1517 554 atque
1551 483 1674 537 ideo
1723 479 1974 549 dejectus

2085 473 2425 544 τραυματίαι
2483 469 2734 526 ταπεινοί
2773 471 2905 534 είσι,
2943 470 3020 541 τῷ
3067 469 3214 540 πόνῳ
3263 467 3663 536 συγκατασπώ-

397 599 450 643 ct
473 589 528 642 in
565 601 811 658 praeceps
843 584 1082 640 delatus.
1113 580 1479 634 Vulneratum
1505 582 1690 628 autem
1733 571 1858 626 ideo
1892 567 1976 623 di-

397 683 500 746 xit,
534 682 664 752 quia
699 680 967 736 vulnerati
996 693 1210 742 omnes,
1246 683 1305 729 ut
1354 670 1678 746 plurimum,
1732 664 1972 719 humiles

396 781 548 839 sunt,
579 773 742 827 veluti
779 773 968 826 labore
1005 769 1215 825 alilicti.
1272 764 1509 832 Quidam
1547 777 1645 832 per
1673 756 1972 830 superbum

2087 588 2263 641 μενοι.
2303 569 2460 634 Τινὲς
2494 569 2552 624 δὲ
2595 570 2950 640 ὑπερήφανον
2982 567 3084 637 μὲν
3122 567 3215 620 τὸν
3265 562 3466 635 Φαραὼ
3511 560 3666 615 νοοῦο

2085 682 2192 729 σιν,
2233 663 2463 735 ἐχθροὺς
2501 663 2559 717 δὲ
2585 664 2709 726 τοὺς
2757 661 3124 731 ’Δίγυπτίους,
3149 660 3225 723 ὼς
3260 654 3664 724 ἀποπνιγέντας

2083 760 2174 812 καὶ
2207 757 2736 828 διασκορπισθέντας
2767 755 2824 810 ὲν
2859 757 2981 818 ταῖς
3009 755 3224 815 ἀκταῖς.

397 864 741 920 Pharaonem
795 865 1138 936 intelligunt,
1195 869 1250 917 et
1298 874 1399 932 per
1456 856 1736 916 inimicos,
1797 849 2185 922 Egyptiornm
2227 853 2479 922 populos,
2512 853 2605 920 qui
2639 847 2898 918 dissipati
2965 862 3029 903 ac
3099 845 3353 901 sull'ocati
3419 851 3548 898 sunt
3609 845 3663 898 in

398 976 561 1016 man.
594 976 599 982 ’

470 1057 534 1110 1η
570 1055 783 1109 brachio
815 1053 1030 1107 virtutis
1064 1060 1168 1105 tua:
1219 1046 1517 1116 dispersisti
1551 1043 1796 1099 inimicos
1832 1049 1973 1093 tuos.

395 1149 451 1202 In
484 1148 713 1202 brachio
746 1144 1006 1216 potentia:
1043 1153 1172 1207 tum,
1210 1143 1312 1196 hoc
1351 1148 1456 1203 est,
1489 1138 1547 1193 in
1598 1134 1807 1206 potenti
1848 1133 1974 1184 bra-

393 1243 520 1294 chio
553 1249 668 1294 tuo.
701 1237 804 1291 Per
837 1237 1094 1290 inimicos
1123 1248 1252 1287 vero
1293 1231 1490 1300 impios
1529 1242 1724 1283 omnes
1757 1225 1810 1278 in
1848 1222 1976 1276 uni-

395 1346 616 1387 versum
649 1328 910 1397 intellige,
953 1325 1034 1381 vel
1072 1327 1220 1394 ipsos
1256 1323 1424 1378 etiam
1455 1321 1756 1375 dzemones.

475 1416 636 1472 Vens.
670 1417 756 1474 l2.
794 1415 894 1469 Tui
929 1425 1054 1468 sunt
1085 1413 1224 1476 cazli,
1256 1421 1306 1466 et
1347 1422 1441 1465 tua
1471 1418 1548 1464 est
1606 1417 1770 1462 terra.
1804 1403 1978 1460 Crea-

395 1519 533 1566 tura‘.
563 1509 709 1563 enim
742 1521 846 1563 tuae
879 1516 1031 1570 sunt,
1065 1513 1117 1560 ct
1147 1503 1398 1560 serviunt
1431 1500 1566 1566 tibi;
1601 1514 1725 1554 nam
1758 1504 1814 1554 et
1847 1495 1978 1551 alibi

395 1602 471 1656 ait
505 1619 518 1656 :
551 1600 820 1666 Quoniam
847 1596 1025 1651 omnia
1055 1595 1286 1650 serviunt
1314 1593 1407 1647 tibi
1441 1593 1486 1625 ⁸⁸
1517 1611 1532 1660 ;
1567 1601 1633 1647 de
1660 1590 1817 1646 caelis
1845 1603 1977 1644 vero

395 1692 633 1747 diximus
668 1691 721 1745 in
753 1689 970 1761 psalmo
995 1703 1117 1742 vttt.

470 1783 660 1837 Orbem
708 1790 866 1836 terra:
916 1789 966 1834 et
1007 1776 1391 1848 plenitudinem
1431 1773 1547 1843 ejus
1602 1783 1659 1826 tu
1708 1768 1974 1841 fundasti.

2169 1035 2273 1086 Ἐν
2304 1032 2386 1096 τῷ
2407 1032 2692 1100 βραχίονι
2742 1030 2855 1098 τῆς
2891 1027 3202 1098 δυνάμεως
3235 1042 3351 1080 σου
3391 1026 3665 1094 διεσκίρ-

2080 1141 2265 1190 πισας
2291 1126 2431 1189 τοὺς
2459 1124 2716 1192 ἐχθρούς
2735 1139 2874 1175 σου.
2907 1150 2980 1160 -
3016 1121 3120 1174 Ἐν
3143 1119 3219 1183 τῷ
3239 1118 3520 1184 βραχίονι
3556 1116 3664 1184 τῆς

2080 1215 2392 1285 δυνάμεως
2420 1233 2560 1280 σου,
2585 1216 2706 1268 ἀντὶ
2733 1213 2826 1268 τοῦ
2844 1214 2931 1266 Ἐν
2952 1211 3026 1281 τῷ
3049 1211 3293 1282 βραχίονι
3323 1210 3400 1279 τῷ
3429 1211 3662 1281 δυνατῷ.

2092 1306 2353 1377 Ἐχθροὺς
2375 1305 2432 1359 δὲ
2455 1305 2665 1368 ἁπλῶς,
2702 1306 2827 1368 τοὺς
2855 1303 3073 1367 ἀσεϐεῖς
3102 1303 3196 1355 καὶ
3225 1302 3352 1364 τοὺς
3377 1301 3662 1370 δαίμονας.

2151 1399 2257 1452 Σοί
2299 1400 2461 1451 εἰσιν
2519 1399 2574 1451 οι
2623 1396 2895 1465 οὐρανοὶ,
2932 1397 3030 1449 καί
3058 1394 3142 1462 σή
3170 1395 3342 1447 ἐστιν
3387 1395 3421 1461 ἡ
3455 1392 3553 1462 γῆ.
3583 1393 3665 1446 Τά

2079 1489 2356 1560 κτίσματα
2394 1488 2462 1542 σά
2500 1488 2664 1542 δοῦλα
2694 1507 2711 1523 ·
2743 1488 2880 1560 φησὶ
2918 1487 3028 1556 γάρ
3076 1488 3134 1540 ἐν
3167 1485 3347 1549 ἄλλοις
3377 1503 3392 1518 ο
3433 1486 3564 1539 ’Ὁτι
3593 1485 3669 1539 τὰ

2076 1583 2403 1652 σύμπαντα
2433 1581 2626 1636 δοῦλα
2653 1579 2758 1637 σά.
2793 1580 2930 1652 Περὶ
2955 1579 3065 1635 τῶν
3090 1577 3334 1649 οὐρανῶν
3366 1578 3581 1650 εἴρηται
3609 1579 3666 1632 ἐν

2075 1675 2155 1746 τῷ
2187 1682 2238 1744 η’
2265 1674 2490 1747 ψαλμῷ.

2157 1767 2280 1838 Τὴν
2316 1769 2690 1840 οἰκουμένην
2730 1769 2829 1824 καί
2887 1767 2956 1821 τὸ
2997 1766 3294 1835 πλήρωμα
3345 1767 3534 1833 αὐτῆς
3584 1767 3665 1820 σὺ

395 1872 542 1926 Idem
594 1887 791 1928 rursus
829 1868 1061 1940 repetit;
1113 1866 1182 1921 de
1231 1867 1336 1920 hoc
1397 1865 1561 1918 etiam
1618 1861 1862 1916 diximus
1921 1858 1976 1912 in

2082 1861 2507 1930 ἐθεμελίωσας.
2544 1863 2617 1915 Τὸ
2646 1863 2780 1915 αὐτὸ
2811 1861 2977 1914 πάλιν
3009 1859 3173 1928 φησίν
3207 1874 3221 1889 ”
3272 1859 3490 1930 εἴρηται
3517 1860 3574 1912 δὲ
3608 1861 3669 1911 ἐν

397 1966 609 2039 psalmo
645 1981 797 2031 χχιιι,
834 1965 906 2019 ibi
947 1982 960 2017 :
1007 1959 1220 2016 Domini
1266 1971 1343 2013 est
1409 1965 1574 2020 terra,
1619 1965 1667 2009 et
1701 1953 1980 2024 plenitudo

393 2059 508 2129 ejus
569 2057 713 2112 orbis
745 2067 922 2121 terra,
954 2063 1002 2108 et
1037 2052 1292 2118 universi,
1321 2050 1411 2120 qui
1438 2050 1679 2104 habitant
1704 2051 1756 2102 in
1784 2065 1870 2103 ea.

469 2240 780 2309 Aquilonem
830 2244 1053 2290 etntare
1093 2241 1149 2288 tu
1183 2231 1402 2286 creasti.
1459 2227 1771 2300 Hesychius
1825 2227 1978 2296 dicit,

396 2332 544 2405 quod
590 2329 876 2399 Scriptura
909 2325 1132 2380 nomine
1191 2322 1362 2377 maris
1423 2333 1665 2391 persmpe
1717 2333 1980 2374 occasum

395 2421 692 2494 signiﬁcat.
767 2415 924 2472 Unde
955 2416 1096 2470 liber
1124 2412 1512 2472 Numerorum,
1542 2409 1634 2479 qui
1662 2408 1978 2463 Judaeorum

397 2515 579 2569 tribus
611 2508 899 2573 describit,
960 2516 1014 2560 et
1059 2505 1198 2558 alias
1247 2501 1314 2558 ad
1366 2501 1665 2560 orientem.
1715 2500 1858 2555 alias
1911 2498 1978 2552 ad

397 2607 772 2666 occidentem,
810 2600 946 2653 alias
983 2599 1048 2652 ad
1075 2595 1544 2666 septentrionem,
1578 2600 1674 2647 aut
1702 2592 1769 2646 ad
1797 2591 1982 2645 taber-

402 2694 585 2752 naculi
629 2690 915 2745 meridiem
954 2685 1150 2741 ordine
1182 2684 1419 2756 quodam
1459 2682 1761 2753 dispositas
1802 2683 1980 2736 luis~e

399 2787 557 2852 dicit,
591 2785 694 2839 hac
713 2782 876 2837 maris
893 2780 1131 2834 dictione
1174 2792 1270 2831 eos
1303 2775 1652 2846 signiﬁcavit,
1690 2774 1868 2843 quiad
1888 2790 1984 2828 oc-

399 2882 671 2938 cidentem
688 2883 843 2932 erant
865 2871 1138 2928 collocati.
1164 2870 1252 2923 Ait
1279 2869 1422 2924 enim
1447 2885 1459 2920 :
1495 2867 1687 2921 Castra
1724 2863 1980 2932 Ephraim

392 2975 552 3045 juxta
571 2985 714 3023 mare
729 2966 796 3020 ⁸³.
817 2965 954 3031 Quia
976 2963 1141 3033 igitur
1163 2958 1604 3032 septentrionalis
1624 2972 1720 3012 ora
1741 2965 1793 3012 et
1814 2957 1982 3012 mari-

399 3069 554 3130 tima,
585 3064 687 3118 hoc
717 3068 800 3115 est
833 3052 1546 3119 oecidenlalis,tenebrosa3
1588 3055 1735 3113 sunt,
1768 3047 1980 3103 hicma-

400 3145 590 3230 lesque
619 3165 672 3211 et
705 3151 938 3222 frigidm,
969 3159 1024 3204 et
1056 3148 1301 3201 futurum
1335 3152 1474 3209 erat,
1512 3149 1567 3196 ut
1601 3138 1772 3210 aliqui
1802 3154 1862 3193 ea
1897 3155 1982 3192 ra-
2006 3181 2049 3236 C

401 3253 549 3306 tione
590 3247 807 3302 illarmu
840 3253 1150 3299 creatorem
1181 3251 1309 3293 esse
1341 3236 1646 3291 dannonem
1705 3233 1978 3296 dicerent,

399 3339 719 3397 necessario
762 3343 992 3392 sanctus
1067 3329 1311 3402 Spiritus
1357 3328 1506 3383 hunc
1539 3339 1788 3382 errorem
1824 3333 1978 3379 antea

400 3431 726 3487 eradicavit.
767 3427 906 3482 Illud
935 3426 1080 3482 scire
1112 3423 1279 3478 etiam
1311 3428 1549 3490 oportet,
1589 3416 1737 3489 quod
1759 3414 1981 3488 quando

401 3527 674 3580 orientem
706 3521 1033 3592 aspicimus,
1091 3523 1222 3570 ante
1261 3514 1457 3568 faciem
1490 3511 1672 3581 ipsum
1703 3511 1980 3566 orientem

403 3617 695 3678 habemus,
730 3612 1072 3667 occidentem
1102 3615 1227 3676 post
1255 3613 1428 3672 terga,
1463 3603 1516 3656 in
1551 3602 1782 3659 dextera
1813 3600 1980 3659 meri-

402 3712 568 3774 diem,
607 3716 768 3776 atque
801 3706 853 3757 in
897 3704 1122 3757 sinistra
1157 3697 1619 3767 septentrionem.

473 3885 639 3940 Vens.
675 3883 762 3936 l5.
799 3877 1012 3934 Thabor
1029 3885 1079 3932 et
1102 3879 1335 3930 llermon
1363 3875 1417 3928 in
1441 3872 1649 3929 nomine
1672 3881 1765 3929 tuo
1802 3873 1984 3929 exsul.

403 3981 615 4033 tabunl.
667 3971 890 4027 Thabor
923 3979 975 4025 et
1016 3967 1257 4023 llermon
1318 3973 1535 4020 montes
1569 3975 1720 4030 sunt,
1750 3973 1807 4021 et
1843 3980 1980 4021 con-

403 4069 620 4126 termini
653 4078 811 4120 terra:
834 4061 1242 4134 promissionis.
1293 4057 1398 4113 Per
1427 4058 1530 4114 hos
1557 4067 1740 4114 autem
1765 4068 1982 4115 montes

403 4164 717 4218 universam
761 4165 964 4210 terram
1009 4153 1156 4207 illam
1210 4151 1569 4222 signiﬁcavit,
1600 4165 1766 4222 quam
1798 4149 1984 4206 exsul-

400 4263 637 4308 taturam
672 4264 795 4304 esse
833 4247 1080 4316 praedicit
1112 4244 1167 4297 in
1191 4241 1398 4298 Christi
1435 4242 1680 4305 nomine.
1736 4244 1841 4298 hoc
1875 4253 1978 4310 est,

400 4347 454 4399 in
488 4343 752 4398 Christo:
792 4337 874 4391 vel
908 4335 1308 4391 exsultaturam
1352 4334 1406 4386 in
1447 4332 1573 4399 hoc,
1611 4341 1670 4386 ut
1703 4348 1732 4386 a
1756 4333 1980 4389 Christo

399 4433 806 4491 denominetur.
850 4428 957 4483 Per
995 4438 1197 4480 terram
1223 4439 1355 4479 vero
1409 4423 1663 4482 homines
1721 4423 1981 4495 intelligi-

2083 1950 2162 2022 τῷ
2193 1951 2277 2020 κγ’
2300 1951 2504 2023 ψαλμῷ
2531 1969 2543 1980 ·
2586 1951 2694 2005 Τοῦ
2729 1951 2954 2018 Κυρίου
2983 1951 3020 2018 ἡ
3051 1946 3148 2019 γῆ,
3172 1949 3356 2002 καὶτὸ
3376 1947 3671 2017 πλήρωμα

2082 2042 2298 2111 αὐτῆς,
2329 2045 2367 2112 ἠ
2399 2043 2746 2110 οἰκουμένη,
2781 2042 2883 2096 καί
2908 2041 3132 2106 πάντες
3163 2043 3216 2095 οι
3244 2040 3671 2106 κατοικοῦντες

2081 2136 2153 2189 ἐν
2190 2134 2378 2204 αὐτῇ·
2424 2136 2518 2190 καὶ
2543 2134 2698 2205 ζήτει
2732 2136 2869 2189 ἐκεῖ.

2161 2228 2274 2282 Τὸν
2313 2226 2551 2296 Βορῤᾶν
2602 2227 2700 2280 καὶ
2738 2227 2855 2294 τὴν
2892 2227 3217 2282 θάλασσαν
3265 2227 3348 2282 σὺ
3396 2227 3668 2290 ἔκτισας.

2081 2319 2250 2390 Φησὶν
2278 2318 2556 2388 Ἦσύχιος,
2585 2320 2668 2372 ὅτι
2691 2319 2768 2390 τῷ
2797 2318 2898 2388 τῆς
2924 2319 3199 2388 Θαλάσσης
3219 2320 3447 2390 ὀνόματι
3471 2317 3671 2370 πολλά-

2084 2428 2173 2475 κις
2204 2413 2237 2482 ἡ
2273 2410 2484 2464 παλαιά
2511 2411 2550 2464 Γ
2555 2410 2704 2482 ραφὴ
2735 2412 2833 2483 τὴν
2868 2410 3022 2464 δύσιν
3066 2411 3243 2465 καλεῖ.
3299 2410 3464 2464 Ὀθεν
3496 2413 3528 2480 ὴ
3559 2411 3670 2462 τᾶν

2095 2501 2372 2574 Ἀριθμῶν
2415 2501 2620 2572 βίϐλος,
2653 2501 2927 2573 ὲκθεμένη
2972 2504 3072 2566 τάς
3119 2503 3329 2572 φυλὰς,
3367 2496 3442 2556 ὦν
3480 2504 3535 2554 ai.
3570 2503 3672 2572 μὲν

2085 2593 2224 2666 πρὸς
2255 2593 2548 2658 ἀνατολάς,
2577 2594 2634 2647 αἰ
2665 2594 2721 2646 δὲ
2754 2595 2889 2664 πρὸς
2919 2595 3178 2666 Ἄρκτον,
3212 2597 3268 2649 αἱ
3308 2595 3365 2648 δὲ
3404 2595 3539 2664 πρὸς
3572 2611 3669 2664 με·

2084 2685 2365 2757 σημὸρίαν
2413 2685 2516 2757 τῆς
2555 2688 2764 2758 σκηνῆς
2807 2687 3138 2759 ἐτάχθησαν,
3189 2690 3256 2759 τῇ
3313 2687 3456 2752 λέξει
3500 2688 3670 2757 ταύτῃ

2081 2779 2208 2842 τοὺς
2236 2779 2375 2848 πρὸς
2393 2779 2548 2833 δύσιν
2572 2782 2946 2850 τεταγμένους
2975 2781 3002 2832 ὲ
3011 2782 3271 2851 μήνυσεν.
3288 2779 3490 2852 Εῖρηκε
3517 2779 3627 2849 γάρ
3651 2792 3670 2808 ⁸

2084 2871 2438 2942 Παρεμϐολὴ
2481 2871 2732 2942 Ἐφραῒμ
2764 2871 2925 2940 παρὰ
2955 2871 3301 2927 θάλασσαν.
3355 2872 3512 2926 Ἐπεὶ
3556 2873 3669 2926 τοί-

2083 2983 2181 3020 νυν
2213 2967 2310 3020 καὶ
2356 2966 2418 3019 τὸ
2457 2967 2672 3037 βόρειον
2711 2965 2897 3036 μέρος,
2931 2966 3111 3020 εῐτουν
3153 2966 3213 3020 τὸ
3239 2965 3538 3036 ’Δρκτῷον,
3573 2968 3672 3020 καὶ

2084 3057 2146 3110 τὸ
2177 3055 2493 3124 θαλάσσιον,
2508 3056 2706 3126 ἧτοιτὸ
2724 3055 2964 3122 δυτικδν,
2991 3056 3240 3111 σκοτεινά
3266 3057 3360 3111 καὶ
3389 3057 3670 3130 χειμέρια,

2085 3145 2183 3199 καὶ
2209 3144 2297 3198 διὰ
2327 3145 2486 3198 τοῦτό
2515 3161 2663 3208 τινες
2708 3144 2934 3216 ἔμελλον
2965 3144 3044 3215 τῷ
3087 3145 3308 3216 πονηρῷ
3349 3145 3670 3217 δημιουργῷ

2086 3235 2258 3290 ταῦτα
2289 3236 2626 3308 προγράφειν
2662 3251 2675 3266 °
2713 3237 3030 3305 ἀναγκαίως
3059 3237 3121 3290 τὸ
3145 3238 3368 3308 Πνεῦμα
3396 3237 3458 3292 τὸ
3511 3241 3670 3307 ᾶγιον

2085 3327 2522 3400 προαναιρεϊτὴν
2552 3327 2761 3398 πλάνην
2791 3328 2995 3395 αὐτῶν,
3026 3328 3177 3400 παρὰ
3193 3329 3286 3383 τοῦ
3315 3331 3666 3402 Δημιουργοῦ

2083 3421 2385 3492 γενηθῆναι
2431 3420 2605 3474 ταῦτα
2623 3419 2914 3474 διδάσκων.
2942 3421 3064 3490 Χρὴ
3122 3419 3182 3474 δὲ
3231 3421 3526 3490 γινώσκειν
3562 3424 3668 3489 ὅτι,

2087 3511 2400 3583 βλεπόντων
2424 3511 2586 3582 ἡμῶν
2618 3510 2756 3583 πρὸς
2779 3511 3069 3581 ἀνατολὴν,
3106 3513 3524 3585 ἀντιπρόσωπος
3571 3515 3672 3582 μὲν

2083 3608 2221 3675 ἡμῖν
2262 3607 2412 3659 ἔστιν
2438 3607 2473 3678 ή
2501 3606 2772 3676 ἀνατολήο
2804 3605 2948 3660 κατὰ
2993 3607 3167 3660 νώτου
3197 3605 3256 3661 δὲ
3298 3609 3331 3678 ἡ
3369 3607 3524 3672 δύσις
3559 3625 3574 3640 ο
3612 3611 3673 3663 ἐν

2083 3697 2236 3770 δεξιᾷ
2278 3697 2334 3752 δὲ
2362 3697 2391 3751 ὁ
2421 3697 2646 3770 βορρᾶς,
2692 3698 2936 3770 είτουνή
2976 3699 3211 3768 Ἄρκτος
3240 3713 3258 3732 ο
3300 3701 3360 3755 ὲν
3401 3701 3674 3774 ἀριστερᾷ

2082 3789 2163 3857 δὲ,
2193 3789 2224 3841 δ
2245 3788 2424 3853 νότος.
2455 3791 2633 3844 είτουν
2671 3791 2706 3861 ἠ
2742 3790 3088 3862 μεσημϐρία.
3169 3839 3188 3848 -

2157 3880 2362 3950 Θαϐὼρ
2399 3880 2500 3934 καί
2576 3877 2802 3951 Ἑρμῶν
2832 3881 2907 3935 ἐν
2932 3879 3015 3946 τῷ
3048 3880 3299 3952 ὀνόματί
3331 3897 3451 3938 σου
3483 3885 3674 3954 ἀγαι-

2083 3972 2426 4029 λιὰσονται.
2473 3971 2673 4043 Θαδὼρ
2701 3973 2800 4025 καὶ
2843 3970 3087 4045 Ἐρμὼν,
3129 3974 3254 4045 δρη,
3295 3975 3388 4028 καὶ
3416 3975 3542 4048 ὅρια
3571 3974 3671 4047 τῆς

2085 4065 2192 4139 γῆς
2222 4064 2584 4135 ἔπαγγελίας.
2633 4065 2734 4119 Διὰ
2761 4065 2922 4120 τοῦτο
2948 4065 3006 4120 δι
3064 4067 3247 4121 πᾶσαν
3273 4067 3396 4121 lusi
3420 4067 3526 4139 γῆν
3553 4069 3672 4140 ῂνιυ

2085 4162 2238 4230 ξατο,
2267 4161 2350 4215 ὅτι
2385 4161 2782 4228 ἀγαλλιάσει-αι
2805 4161 2900 4214 ἐπὶ
2927 4160 3007 4232 τῷ
3035 4160 3262 4230 ὀνόματι
3280 4161 3375 4215 τοῦ
3403 4162 3667 4232 Χριστοῦ,

2084 4255 2267 4308 εῖτουν
2300 4255 2394 4306 ἐπὶ
2423 4252 2501 4325 τῷ
2519 4252 2742 4324 Χριστῷ
2764 4291 2780 4318 ,
2809 4253 2842 4326 ἢ
2869 4251 2950 4324 τῷ
2976 4251 3256 4307 καλεῖσθαι
3273 4253 3383 4306 άπὸ
3407 4253 3667 4322 Χριστοῦ.

2083 4347 2193 4417 Γῆν
2231 4347 2290 4401 δὲ
2324 4347 2556 4420 λέγομεν
2592 4349 2718 4410 τοὺς
2763 4347 2864 4419 τὴν
2911 4347 3017 4417 γῆν
3047 4347 3264 4416 ἐκείνην
3299 4347 3666 4416 οἰκήσαντας.

2096 4438 2188 4492 Ἐν
2221 4441 2334 4502 τοῖς
2385 4439 2538 4511 ὄρεσι
2574 4439 2682 4509 γὰρ
2714 4439 2927 4502 τούτοις
2978 4438 3078 4502 τὰς
3121 4437 3340 4502 πλείους
3385 4438 3668 4508 διατριϐὰς

401 4543 546 4591 mus,
591 4524 685 4594 qui
746 4531 947 4575 terram
983 4517 1134 4572 illam
1173 4514 1515 4570 incolebant.
1556 4514 1615 4570 In
1657 4514 1742 4570 his
1791 4523 1971 4569 autem

2083 4531 2185 4601 τῆς
2241 4534 2299 4585 ὲν
2347 4533 2516 4602 σαρκὶ
2555 4529 2834 4594 πολιτείας
2874 4533 2903 4584 δ
2939 4529 3177 4602 Χριστὸς
3229 4531 3440 4584 ἐποίει·
3483 4533 3578 4584 καὶ
3609 4535 3668 4585 ἑν

403 4617 682 4674 montibus
718 4613 974 4667 Christus
1011 4623 1401 4679 sarpcnumero
1451 4615 1818 4664 conversatus
1870 4616 1978 4675 cst,

400 4711 608 4780 quippe
648 4705 742 4777 qui
774 4712 832 4758 et
867 4703 922 4756 in
965 4699 1190 4756 Thabor
1226 4699 1660 4772 transfiguratus
1696 4711 1802 4770 est,
1840 4710 1893 4754 et
1923 4701 1977 4755 in

404 4803 645 4855 llermon
699 4795 877 4850 viduae
905 4793 1074 4848 tiliam
1112 4793 1432 4848 suscitavit.
1485 4791 1543 4848 In
1600 4801 1790 4848 monte
1831 4793 1978 4847 enim

401 4895 640 4949 llermon
680 4889 786 4944 sita
819 4897 906 4942 est
933 4886 1131 4942 civitas
1172 4885 1336 4950 Nain,
1371 4886 1427 4940 in
1480 4899 1590 4956 qua
1648 4884 1975 4938 miraculum

403 4986 532 5041 illud
569 4985 770 5036 factum
799 4989 904 5035 est.

477 5076 647 5130 Tuum
672 5071 946 5127 brachium
977 5086 1097 5124 cum
1130 5069 1390 5139 potentia.
1429 5067 1641 5123 Sensus
1693 5077 1778 5122 est
1830 5067 1978 5138 quod

396 5172 603 5227 Christi
639 5169 817 5221 virtus
847 5164 1223 5220 ellicacissima
1260 5161 1352 5216 sit.
1394 5161 1498 5217 Per
1522 5161 1806 5216 brachium
1831 5160 1977 5216 enim

399 5263 597 5314 virium
642 5255 940 5312 ciiicae’iam
981 5251 1333 5322 signiﬁcavit.
1369 5249 1528 5318 Quod
1563 5259 1744 5306 autem
1782 5260 1978 5322 poten-

400 5355 651 5408 tissimus
684 5350 850 5404 fuerit
884 5346 1160 5409 Christus,
1193 5360 1258 5400 ex
1288 5345 1551 5413 Apostolo
1569 5345 1856 5408 docemur,
1882 5344 1975 5413 qni

397 5460 464 5501 de
494 5462 561 5502 eo
593 5443 852 5498 scribens
882 5439 1037 5505 dicit,
1109 5437 1255 5508 quod
1291 5435 1388 5491 Dei
1416 5437 1650 5508 potentia
1678 5445 1777 5504 est,
1800 5447 1850 5491 et
1881 5434 1975 5489 Dei

394 5535 656 5606 sapientia
679 5535 745 5587 “.

471 5627 637 5683 Vens.
664 5625 749 5679 Η.
778 5621 1079 5679 Prwvaleat
1111 5637 1301 5677 manus
1329 5630 1444 5677 tua.
1477 5619 1755 5676 Adversus
1786 5617 1972 5674 inimi-

397 5735 494 5778 cos
535 5718 769 5775 scilicet.

2088 4630 2188 4697 μὲν
2241 4628 2324 4700 τῷ
2359 4629 2560 4699 Θαεὼρ
2617 4627 3046 4698 μετεμορφώθη,
3110 4628 3170 4680 ἒν
3216 4627 3274 4680 δὲ
3303 4628 3383 4698 τῷ
3448 4628 3672 4699 Ἐρμὼν

2019 4752 2025 4758 ο
2081 4721 2350 4791 ἀνέστησε
2403 4721 2497 4774 τὸν
2540 4722 2638 4788 τῆς
2678 4722 2857 4790 χήρας
2879 4721 3029 4774 υἱόν·
3064 4721 3157 4774 ἐπὶ
3186 4721 3378 4774 τούτου
3421 4720 3530 4789 γάρ
3571 4721 3668 4774 τοῦ

2082 4812 2247 4882 ὅρους
2271 4813 2420 4865 ἐστὶν
2447 4814 2482 4882 ἡ
2510 4812 2666 4876 πόλις
2693 4810 2853 4876 Ναῒν,
2884 4814 2942 4865 ἐν
3025 4811 3213 4866 τοῦτον
3242 4814 3485 4884 ἧγειρεν.

2153 5077 2269 5144 Σὸς
2301 5079 2333 5131 ὁ
2365 5075 2641 5144 βραχίων
2673 5073 2825 5128 κατὰ
2868 5073 3258 5137 δυναστείας.
3306 5072 3363 5125 '0
3402 5071 3492 5134 σὸς
3528 5072 3664 5142 βρα-

2080 5169 2236 5241 χίων,
2261 5169 2399 5220 κατὰ
2431 5168 2801 5236 ἀναστροφήν.
2847 5163 2917 5216 Ἥ
2954 5163 3045 5224 σὸς
3074 5163 3314 5234 βραχίων
3341 5163 3484 5216 κατὰ
3510 5163 3663 5216 πλεο-

2078 5260 2287 5330 νασμὸν
2333 5257 2426 5311 τοῦ
2477 5257 2704 5327 ἄρθρου.
2764 5255 2928 5325 Λέγει
2981 5255 3062 5320 δὲ,
3113 5255 3194 5307 ὅτι
3243 5256 3306 5308 'II
3335 5255 3401 5324 σὴ
3431 5254 3661 5323 δύναμις

2076 5339 2428 5421 δυνατωτάτη
2461 5366 2474 5380 ·
2519 5347 2780 5418 βραχίονα
2824 5345 2934 5418 γάρ
2976 5347 3109 5400 Θεοῦ
3166 5346 3272 5417 τὴν
3298 5347 3529 5416 δύναμιν
3563 5347 3662 5398 αὑ-

2085 5441 2176 5495 τοῦ
2231 5441 2407 5495 καλεῖ.
2465 5439 2702 5509 Χριστὸς
2761 5437 2818 5492 δὲ
2869 5435 3004 5490 Θεοῦ
3064 5437 3313 5506 δύναμις,
3369 5439 3462 5490 καὶ
3521 5435 3660 5490 Θεοῦ

2085 5533 2268 5603 σοφία.

2155 5622 2582 5694 Κραταιωθήτω
2605 5623 2643 5692 ή
2675 5623 2805 5691 χείρ
2839 5637 2977 5676 σου.
3019 5622 3178 5676 Κατα
3207 5621 3317 5677 τῶν
3352 5620 3583 5694 ἐχθρῶν.

475 5832 522 5864 ⁵⁸
551 5825 920 5890 Psal.cxvtu,
956 5823 1052 5880 9|.
1125 5824 1401 5897 "Ezech.
1469 5839 1542 5892 tv,
1600 5823 1655 5880 5.
1727 5800 2082 5891 ἠοω-ξι,
2132 5822 2225 5879 ει.
