4088 6476
393 404 504 474 909

1547 382 1961 468 COMMENT.
1990 406 2074 468 IN
2101 407 2467 474 PSALMOS.

3542 404 3650 471 910

472 514 789 585 'ertw
838 515 875 583 ἡ
920 513 1089 581 δεξιὰ
1157 528 1299 572 σου.
1366 514 1464 577 Ei;
1524 514 1736 585 σκέπην
1791 515 1972 586 ημῶν.

2152 518 2439 576 Exaltetur
2472 522 2692 578 dextera
2725 531 2841 578 tua.
2886 521 2968 577 Ad
2998 520 3403 591 protectionem
3435 519 3653 577 scilicet

395 609 564 680 Χεῖρα
586 607 646 681 δὲ
679 609 777 663 καὶ
818 607 1002 675 δεξιάν
1038 609 1140 678 τὴν
1179 607 1411 680 δύναμιν
1444 609 1725 680 ὀνομάζει.
1764 607 1974 678 Διπλῆν

395 699 455 754 δὲ
491 700 662 770 αὐτῆς
700 701 856 770 ζητεῖ
872 701 974 770 τὴν
999 699 1312 770 ἐνέργειανο
1367 698 1680 772 ἀμύνασθαι
1724 700 1824 771 μὲν
1847 699 1976 764 τοὺς

397 792 734 866 ἀλλοτρίως,
764 794 987 850 σκέπειν
1012 794 1068 849 δὲ
1093 797 1222 859 τοὺς
1247 795 1503 860 οἰκείους.
1535 794 1768 867 Εἴρηται
1803 795 1861 848 ἑν
1897 792 1977 846 τῶ

398 885 441 939 θ’
460 884 663 958 ψαλμῷ
687 888 819 957 περὶ
849 885 967 951 τοῦ,
1011 885 1338 956 ’Υψωθήτω
1365 889 1404 956 ἠ
1439 888 1570 956 χείρ
1591 903 1728 942 σου.

465 1168 830 1234 Δικαιοσύνη
878 1165 979 1221 καί
1028 1167 1208 1236 κρῖμα
1250 1167 1564 1236 ἐτοιμασία
1594 1165 1703 1222 τοῦ
1756 1170 1976 1236 θρόνου

398 1274 534 1315 σου.
580 1261 641 1315 '0
695 1261 795 1330 μὲν
862 1260 1095 1323 ’Δκύλας
1145 1259 1405 1326 ἐξέδωκε,
1459 1261 1825 1329 Δικαιοσύνη
1874 1259 1974 1316 καί

399 1355 600 1420 κρίσις
643 1350 835 1415 ,βάσις
882 1351 993 1405 τοῦ
1034 1352 1256 1421 θρόνου
1293 1364 1413 1405 σου
1442 1366 1455 1381 ο
1488 1351 1516 1402 ὁ
1564 1350 1621 1404 δὲ
1656 1351 1973 1423 Σύμμαχος,

402 1442 735 1512 Ἐδρασμα.
774 1442 1110 1514 Προείρηται
1141 1442 1272 1514 γὰρ,
1300 1441 1386 1496 ὅτι
1415 1442 1476 1497 τὸ
1499 1441 1814 1513 ἑτοιμάζειν
1849 1441 1979 1496 πολ-

397 1536 557 1598 λάκις
603 1535 665 1587 τὸ
709 1533 957 1605 ἑδράζειν
1013 1534 1294 1604 σημαίνει.
1332 1535 1489 1588 Ἐστι
1516 1534 1573 1588 δὲ
1626 1537 1654 1588 ὁ
1709 1534 1855 1599 νοῦς,
1894 1535 1978 1589 ὅτι

397 1628 617 1691 Δίκαιος
647 1623 699 1680 εί
735 1627 765 1679 δ
790 1626 1005 1698 κριτὴς,
1028 1621 1091 1682 οὗ
1126 1627 1224 1681 καὶ
1259 1628 1287 1681 ὁ
1317 1626 1632 1690 δικαστικὸς
1662 1627 1850 1700 θρόνος
1884 1627 1978 1680 ἐπὶ

400 1719 750 1790 δικαιοσύνης
805 1721 900 1773 καὶ
955 1719 1194 1791 κρίσεως
1215 1718 1454 1791 πέπηγε.
1483 1718 1844 1792 Δικαιοσύνην
1877 1720 1978 1791 μὲν

397 1811 490 1865 οὖν
520 1812 611 1865 καὶ
641 1814 817 1883 κρῖμα
857 1813 957 1885 τὴν
982 1812 1201 1867 δικαίαν
1231 1813 1414 1885 κρίσιν
1442 1812 1657 1885 νοήσεις
1681 1830 1695 1844 ·
1723 1812 1840 1866 ἐστι
1868 1813 1979 1883 γὰρ

2080 618 2351 666 nostram.
2389 610 2494 668 Per
2523 627 2742 668 manum
2785 623 2969 669 autem
3006 620 3066 668 et
3107 627 3207 683 per
3250 612 3534 667 dexteram
3574 612 3654 667 si-

2079 701 2193 756 mili
2230 703 2391 759 modo
2430 702 2523 759 Dei
2550 704 2852 775 potentiam
2885 704 3160 774 intelligit.
3191 700 3494 773 Utramque
3521 716 3657 758 vero

2078 809 2281 851 manus
2317 796 2463 852 Deus
2493 798 2796 866 potentiam
2831 800 2886 852 in
2927 799 3197 853 auxilium
3249 811 3413 852 suum
3448 796 3652 867 poscit,

2082 895 2140 939 ut
2170 895 2225 940 et
2260 886 2448 943 hostes
2474 888 2683 958 pariter
2713 889 3038 953 ulciscatur,
3077 900 3129 944 et
3157 897 3377 944 tueatur
3418 888 3659 944 benevo-

2080 978 2182 1034 los.
2213 979 2287 1033 Dc
2320 980 2405 1035 his
2432 981 2597 1036 etiam
2639 980 2862 1036 verbis:
2900 980 3187 1035 Exalletur
3217 990 3539 1046 manustua,
3571 980 3657 1036 di—

2079 1080 2228 1124 ctum
2262 1082 2347 1127 est
2377 1072 2432 1126 in
2470 1072 2686 1142 psalmo
2718 1089 2794 1128 ix.

2149 1160 2374 1218 Justitia
2394 1172 2443 1218 et
2473 1164 2744 1233 judicium
2772 1173 3092 1235 purpuram
3124 1165 3305 1221 throni
3337 1168 3437 1220 tui.
3459 1167 3655 1237 Aquila

2083 1257 2364 1314 transtulit
2404 1275 2417 1312 :
2452 1257 2681 1314 Iustitio
2728 1268 2778 1313 et
2819 1259 3089 1329 judicium
3148 1260 3293 1315 basis
3338 1260 3514 1314 throni
3558 1264 3656 1325 tui,

2084 1350 2452 1424 Symmachus
2484 1368 2614 1410 vero
2652 1373 2667 1408 :
2698 1353 3006 1411 Stabiiitas.
3039 1352 3160 1409 Iam
3204 1352 3350 1408 enim
3400 1352 3659 1422 superius

2080 1442 2289 1500 dictum
2324 1454 2430 1513 est,
2482 1447 2630 1518 quod
2664 1449 2891 1505 verbum
2926 1448 3187 1520 Prwparo
3217 1449 3359 1520 apud
3405 1450 3661 1521 Scriptu—

2082 1548 2200 1589 ram
2246 1551 2491 1607 persaepe
2553 1538 2698 1595 idem
2767 1540 3046 1612 signiﬁcat
3102 1545 3248 1613 quod
3303 1542 3576 1610 Stabilio;
3608 1554 3663 1600 ct

2082 1639 2281 1682 sensus
2311 1636 2398 1684 cst
2432 1645 2449 1682 :
2476 1628 2582 1698 Tu,
2612 1630 2863 1697 Domine,
2892 1632 3272 1703 justusjudes
3307 1651 3390 1701 es,
3423 1645 3479 1692 et
3509 1634 3665 1705 judi-

2083 1718 2240 1775 cialis
2285 1720 2445 1777 sedes
2480 1730 2571 1778 tua
2620 1723 2676 1778 in
2717 1722 2933 1793 justitia
2985 1735 3150 1798 atque
3208 1730 3261 1783 in
3292 1727 3504 1798 judicio
3556 1730 3664 1786 {ita

2082 1820 2191 1868 est.
2227 1811 2333 1869 Per
2360 1813 2634 1885 justitiam
2663 1817 2835 1888 igitur
2883 1827 2939 1875 et
2972 1834 3071 1891 per
3102 1819 3401 1891 judicium,
3448 1820 3662 1892 justum

399 1902 493 1956 καὶ
540 1905 602 1957 τὸ
647 1880 1126 1974 τοιοῦτοννσχῆμα
1175 1880 1328 1975 παρὰ
1384 1907 1450 1975 τῇ
1505 1880 1752 1975 ὑαλαιᾷο
1787 1880 1977 1969 (bs-tbi,

2095 1880 2822 1980 iudicium-intelligesiEst
2851 1880 3032 1966 autem
3058 1880 3174 1967 hinc
3202 1880 3665 1984 ﬁgura'ir'cquens

402 1994 592 2058 Ἔλεος
637 1993 733 2048 καὶ
774 1994 1030 2066 ἀλήθεια,
1063 1996 1184 2049 ἀντὶ
1217 1994 1334 2061 τοῦ,
1371 1996 1562 2059 Ἔλεος
1607 1994 1864 2067 ἀληθινός
1889 2011 1905 2026 ⁸
1942 1996 1976 2069 ἢ

2095 1998 2230 2070 apud
2263 2001 2546 2072 antiquam
2580 2003 2950 2075 Scripturam,
2969 2011 3030 2061 ut
3048 2005 3182 2061 alibi
3204 2005 3471 2071 diximus,
3497 2006 3666 2063 sicuti

399 2085 749 2158 δικαιοσύνην
791 2087 893 2155 μὲν
917 2085 1016 2158 τὴν
1040 2086 1156 2152 ἕξιν
1184 2085 1278 2140 τοῦ
1313 2086 1543 2158 κρίνειν,
1572 2088 1749 2159 κρῖμα
1779 2086 1836 2142 δὲ
1880 2086 1983 2159 τὴν

2095 2104 2210 2145 cum
2256 2091 2646 2150 misericordia
2672 2104 2726 2151 et
2752 2096 2959 2154 veritas
2995 2097 3241 2167 ponitur,
3274 2112 3374 2168 pro
3406 2111 3535 2154 vera
3559 2100 3666 2152 mi-

401 2178 679 2247 άπόφασιν
704 2196 719 2208 ·
754 2180 850 2233 καὶ
875 2180 1025 2243 ἔλεος
1054 2179 1156 2244 μὲν
1179 2182 1280 2249 τὴν
1304 2177 1701 2252 ἐλεημοσύνην,
1723 2178 1983 2251 ἀλήθειαν

2095 2182 2410 2241 scricondia.
2460 2185 2552 2241 Vel
2622 2203 2720 2258 per
2771 2188 3043 2258 justitiam
3080 2188 3370 2259 judicandi
3418 2190 3666 2246 habitum

398 2270 458 2324 δὲ
488 2270 589 2342 τὴν
622 2271 850 2326 ἔκϐασιν
879 2272 979 2342 τῆς
1017 2271 1375 2343 ἐπαγγελίας.

2095 2275 2352 2346 intelligo,
2378 2277 2754 2347 pcrjudicium
2779 2295 2908 2337 vero
2924 2280 3098 2350 ipsam
3123 2280 3474 2349 sententiam,
3497 2289 3552 2337 et
3572 2296 3670 2352 per

2088 2366 2962 2443 misericordiam,elccmosynam
2999 2373 3104 2445 (5),
3131 2382 3185 2428 et
3226 2388 3325 2445 per
3351 2371 3662 2439 veritatem,

2090 2461 2478 2528 promissionis
2508 2473 2790 2519 eventum.
3012 2444 3015 2445 ν
3278 2444 3305 2463 ⁹

478 2553 693 2618 Ἔλεος
718 2549 817 2607 καὶ
834 2550 1089 2620 ἀλήθεια
1116 2550 1635 2620 προπορεύσονται
1649 2549 1764 2620 πρὸ
1792 2563 1986 2621 προσ-

2161 2548 2330 2607 Vens.
2354 2553 2441 2608 15.
2473 2553 2840 2617 Misericordia
2859 2570 2909 2612 et
2934 2560 3126 2612 veritas
3151 2557 3448 2627 precedent
3478 2557 3670 2627 [aciem

398 2644 565 2700 (ὅπου
623 2658 762 2700 σου.
798 2643 899 2697 Διὰ
943 2644 1055 2697 τῶν
1110 2643 1397 2715 τεσσάρων
1452 2644 1610 2698 ταυτὶ
1641 2643 1712 2697 τὰ
1743 2644 1990 2716 τέσσαρα

2095 2648 2263 2696 luant.
2321 2644 2570 2710 Quatuor
2658 2646 2740 2700 ha:
2810 2647 3064 2714 virtutes,
3134 2655 3372 2716 quatuor
3423 2650 3671 2718 quadam

402 2737 699 2809 ἐδήλωσεν,
750 2737 838 2790 ὅτι
898 2736 1253 2807 Ἐπιστήμων
1301 2734 1396 2789 τοῦ
1448 2735 1658 2808 κρίνειν
1708 2732 1761 2791 εἶ
1802 2737 1989 2806 φύσει,

2096 2735 2476 2803 particulatim
2527 2737 2581 2790 in
2618 2735 2729 2792 Deo
2769 2740 2933 2796 nobis
2967 2739 3308 2811 signiﬁcant,
3344 2741 3493 2811 quod
3532 2738 3675 2796 Deus

404 2830 505 2883 καὶ
562 2827 912 2897 ἀποφαίνεις,
976 2828 1075 2881 καὶ
1132 2828 1304 2893 ἐλεεῖς
1361 2828 1459 2881 καὶ
1515 2826 1846 2898 ἀληθεύεις·
1900 2828 1990 2882 διὰ

2096 2825 2354 2882 videlicet
2386 2827 2473 2882 sui
2510 2838 2705 2885 natura
2734 2830 2960 2899 sapiens
2994 2830 3066 2885 sit
3097 2831 3152 2885 in
3175 2831 3499 2901 judicando,
3527 2835 3674 2902 quod

404 2921 567 2977 τοῦτο
612 2922 858 2985 δικάσεις
886 2923 955 2993 τῇ
988 2923 1406 2993 τυραννουμένη
1444 2921 1608 2992 φύσει
1642 2921 1751 2975 τῶν
1780 2920 1990 2992 ἀνθρώ-

2095 2917 2322 2987 judicct,
2375 2921 2520 2990 quod
2582 2922 2933 2988 misereatur,
2988 2923 3133 2992 quod
3202 2939 3329 2980 vera
3371 2924 3545 2982 dicat.
3591 2923 3677 2979 Τιι

404 3031 546 3080 πων,
579 3016 677 3069 καὶ
736 3015 1040 3085 ἀποφανεῖς
1070 3014 1212 3068 κατὰ
1243 3014 1344 3084 τῆς
1381 3013 1757 3087 τνραννούσης
1782 3015 1990 3085 πλάνης

2098 3010 2329 3076 idcirco,
2386 3012 2588 3083 inquit,
2636 3014 2893 3071 humana:
2940 3027 3173 3083 naturae,
3211 3031 3335 3086 qua
3380 3016 3677 3088 tyrannide

403 3107 516 3161 τῶν
562 3105 823 3172 εἰδώλων,
876 3107 974 3161 καὶ
1028 3107 1278 3178 ὲλεήσεις
1326 3107 1389 3160 τὸ
1448 3107 1674 3179 πλάσμα
1731 3124 1851 3174 σου,
1899 3110 1990 3164 καὶ

2097 3115 2416 3170 coercetur,
2465 3105 2737 3173 judicium
2785 3105 2977 3171 facies,
3008 3116 3065 3163 et
3106 3107 3372 3164 adversus
3401 3107 3675 3165 idolorum

403 3199 732 3270 άληθεύσεις
786 3200 888 3263 τὰς
933 3201 1072 3273 πρός
1120 3216 1191 3270 με
1239 3200 1337 3253 καὶ
1373 3199 1502 3263 τοὺς
1552 3199 1846 3264 ἐκλεκτούς
1897 3217 1990 3257 σου

2096 3209 2365 3262 errorem,
2402 3198 2497 3267 qui
2552 3198 2903 3267 tyrannidem
2940 3199 3083 3254 hanc
3129 3199 3185 3254 in
3221 3200 3476 3257 homines
3506 3214 3680 3256 occu-

404 3291 763 3361 ἐπαγγελίας.
794 3290 954 3346 Ἔστι
982 3292 1040 3347 δὲ
1058 3292 1157 3346 καὶ
1182 3291 1358 3355 ἄλλως
1379 3292 1578 3358 εἰπεῖν,
1606 3293 1687 3346 ὅτι
1720 3292 1871 3357 ἔλεος
1902 3293 1996 3347 καὶ

403 3383 639 3454 ἀλήθεια
683 3383 934 3453 λέγονται
975 3382 1425 3456 προπορεύεσθαι
1461 3384 1557 3436 τοῦ
1608 3383 1768 3448 Θεοῦ,
1799 3384 1889 3437 διὰ
1936 3391 1998 3437 τὸ

404 3475 490 3547 μὴ
507 3476 772 3532 δύνασθαί
791 3494 915 3532 τινα
943 3475 1277 3549 προσϐαλεῖν
1304 3477 1381 3547 τῷ
1404 3475 1690 3548 προσώπῳ
1712 3474 1807 3530 τοῦ
1836 3475 1996 3543 Θεοῦ,

403 3567 586 3623 εἴτουν
610 3572 676 3642 τῇ
706 3566 1025 3639 ἀπογνώσει
1056 3568 1246 3634 αὐτοῦ,
1276 3569 1325 3623 εί
1366 3568 1442 3640 μὴ
1475 3569 1746 3640 πρότερον
1775 3567 1995 3639 ἐλεηθῇ,

405 3660 505 3713 καὶ
534 3660 771 3734 ὁμιλήσῃ
821 3664 889 3735 τῇ
917 3661 1148 3734 ἀληθείᾳ
1178 3661 1287 3715 τῶν
1314 3660 1624 3731 δογμάτων.
1660 3659 1853 3726 Ἔλεος
1884 3660 1995 3732 γὰρ

404 3753 507 3807 καὶ
560 3753 794 3826 ἀλήθεια
849 3754 1250 3827 προαπαντῶσι
1300 3752 1380 3825 τῷ
1428 3753 1683 3825 τοιούτῳ.
1732 3753 1894 3819 Τινὲς
1936 3753 1995 3808 δὲ

407 3845 590 3900 πάντα
618 3849 750 3918 περὶ
776 3849 878 3919 τῆς
912 3847 1220 3917 μελλούσης
1265 3847 1505 3917 κρίσεως
1535 3846 1880 3917 νενοήκασιν,
1909 3846 1994 3899 ὅτι

406 3938 762 4005 Δικαιότατος
792 3934 846 3992 εἷ
873 3940 1070 4011 κριτής
1088 3955 1103 3970 ’
1131 3940 1225 3993 καὶ
1256 3939 1315 3992 ὲν
1344 3939 1409 4008 τῇ
1442 3936 1626 4008 κρίσει
1663 3938 1993 4008 προηγεῖται

406 4030 513 4101 τῆς
556 4031 819 4104 ἀληθείας
864 4033 925 4086 τὸ
967 4031 1152 4099 ἔλεος,
1197 4031 1288 4085 διὰ
1330 4030 1391 4083 τὸ
1434 4030 1512 4101 μὴ
1558 4027 1823 4083 δύνασθαί
1872 4045 1996 4082 τινα

408 4124 709 4197 ὕποστῆναι
734 4125 833 4196 τὴν
855 4126 1118 4196 ἀλήθειαν
1155 4125 1264 4181 τῶν
1307 4123 1569 4195 ἐλέγχων,
1599 4123 1675 4196 μὴ
1705 4140 2000 4195 προπαρα-

414 4218 668 4287 μιγέντος
694 4218 835 4291 αὐτῇ
867 4219 1044 4273 ἐλέου.

2097 3287 2271 3357 pavit,
2320 3287 2656 3342 sententiam
2704 3287 2869 3354 feres,
2901 3296 2958 3344 et
3004 3287 3357 3345 misereberis
3405 3296 3682 3346 creaturae

2097 3385 2231 3441 tum,
2255 3385 2311 3433 et
2342 3392 2503 3432 veras
2532 3392 2658 3432 esse
2693 3362 2875 3456 iacies
2909 3378 3313 3448 promissiones
3361 3389 3506 3451 tuas,
3536 3398 3680 3454 quas

2096 3469 2229 3522 mihi
2278 3476 2442 3539 atque
2489 3469 2617 3524 aliis
2650 3469 2838 3526 electis
2867 3474 2978 3526 tuis
3029 3470 3309 3540 pollicitus
3344 3485 3421 3527 es.
3473 3472 3679 3530 Possu-

2099 3575 2221 3615 mus
2255 3567 2309 3615 ct
2343 3560 2501 3616 aliter
2531 3561 2716 3616 dicere
2747 3578 2762 3615 :
2792 3559 3014 3617 Veritas
3056 3570 3112 3617 et
3166 3561 3553 3619 misericordia
3598 3565 3685 3619 di~

2104 3662 2307 3707 cuntur
2364 3651 2533 3709 Deum
2583 3653 2917 3724 praecedere,
2970 3654 3101 3725 quia
3153 3669 3317 3711 nemo
3366 3655 3436 3712 ad
3480 3656 3677 3712 [aciein

2106 3743 2224 3813 Dei,
2259 3745 2363 3802 hoc
2397 3755 2501 3811 est,
2556 3746 2626 3800 ad
2673 3745 2823 3801 illius
2854 3747 3226 3817 cognitionem
3283 3755 3467 3819 potest
3524 3762 3685 3805 accc-

2103 3839 2257 3901 derc,
2280 3837 2387 3893 nisi
2422 3836 2577 3908 prius
2610 3840 2726 3906 ipse
2758 3837 2834 3892 sit
2857 3837 3294 3892 misericordiam
3330 3847 3686 3901 consecutus.

2103 3940 2159 3988 et
2211 3933 2268 3988 iu
2321 3931 2642 4004 dogmatum
2693 3936 2923 3989 veritate
2965 3941 3242 3989 versatus.
3293 3933 3683 3989 Misericordia

2105 4022 2253 4077 enim
2283 4031 2339 4079 et
2369 4022 2574 4078 veritas
2607 4023 2661 4078 iu
2695 4023 2800 4078 hoc
2839 4023 3222 4088 obvlaverunt,
3257 4023 3359 4078 hoc
3400 4031 3511 4089 est,
3541 4037 3684 4080 con-

2104 4129 2335 4171 cursum
2370 4115 2596 4180 habent,
2640 4127 2808 4186 atque
2844 4114 3186 4170 conveniunt
3213 4114 3267 4169 in
3297 4113 3402 4169 hac
3431 4129 3513 4171 re.
3543 4113 3649 4181 Qui
3671 4147 3685 4157 -

2105 4211 2235 4267 dam
2270 4224 2402 4265 vero
2435 4209 2621 4265 omnia
2663 4208 2780 4263 haac
2809 4208 2877 4262 de
2902 4207 3089 4261 futuro
3114 4204 3432 4277 intelligunt
3451 4205 3684 4278 judicio.

413 4320 475 4364 ιιι
514 4315 586 4368 sit
627 4327 827 4369 sensus
864 4330 880 4368 :
912 4310 994 4366 Tu
1036 4310 1382 4382 justissimus
1407 4309 1577 4380 judex
1608 4322 1692 4375 es,
1741 4307 1871 4364 etin
1894 4305 2108 4378 judicio
2142 4312 2239 4361 tuo
2311 4300 2697 4359 misericordia
2766 4299 3056 4355 veritatem
3132 4297 3414 4368 praecedit.
3495 4296 3688 4370 Neque

411 4409 560 4464 enim
594 4410 797 4479 aliquis
852 4418 1039 4479 posset
1110 4406 1568 4478 redargutionum
1641 4412 1861 4459 tuarum
1938 4402 2242 4474 veritatem
2314 4397 2613 4462 sustinere,
2676 4397 2783 4451 nisi
2841 4408 2971 4449 cum
3020 4393 3256 4450 veritate
3311 4401 3406 4450 tua
3466 4409 3688 4467 quoque

411 4504 699 4561 commista
729 4512 877 4560 esset
911 4501 1316 4559 misericordia.

486 4592 790 4663 Μακάριος
840 4596 874 4648 ὀ
923 4592 1101 4660 λαὸς,
1158 4594 1191 4648 ό
1243 4590 1556 4661 γινώσκων
1617 4588 1990 4660 dicam-Mr.

2179 4584 2379 4640 Beatus
2427 4575 2657 4647 populus
2702 4573 2795 4644 qui
2839 4572 2939 4627 scit
2986 4568 3389 4639 jubilationem.
3436 4568 3687 4641 Persazpe

411 4687 643 4759 Εἴρηται
691 4684 969 4755 διαφόρως
1015 4685 1099 4739 ὅτι
1152 4683 1472 4754 ἀλαλαγμός
1518 4683 1670 4737 ἐστιν
1726 4682 1995 4744 ὲπινίκιος

411 4779 613 4852 φωνή·
669 4778 971 4851 μακαρίζει
1025 4776 1213 4832 τοίνυν
1268 4778 1397 4842 τοὺς
1455 4776 1667 4840 εἰδότας
1728 4776 2001 4830 ἐπινίκιον

411 4872 583 4944 ὕμνον
613 4873 763 4945 ᾄδειν
788 4872 867 4944 τῷ
895 4871 1183 4942 νικήσαντι
1212 4870 1306 4924 τὸν
1333 4868 1584 4924 διάϐολον
1612 4867 1835 4940 Χριστῷ
1858 4884 1871 4898 ’
1900 4869 1999 4936 δη·-

409 4964 500 5020 λοῖ
526 4965 585 5020 δὲ
615 4965 744 5028 τοὺς
783 4963 1169 5035 Χριστιανούς.
1209 4962 1281 5016 Ἦ
1320 4960 1417 5015 καλ⁸
1461 4960 1641 5025 ἄλλως
1696 4948 1998 5031 μακαρίζει

410 5058 544 5122 τοὺς
566 5058 779 5119 εἰδότας
799 5056 1099 5121 ἀλαλάζειν
1122 5055 1265 5110 κατὰ
1288 5053 1398 5107 τῶν
1422 5052 1672 5125 ἀοράτων
1695 5052 2000 5123 πολεμίων,

412 5155 475 5208 ἓν
510 5151 587 5224 τῷ
618 5153 778 5222 νικᾷν
807 5148 1030 5212 αὐτούς.

488 5246 688 5312 Κύριε,
722 5243 793 5297 ἐν
825 5241 908 5308 τῷ
939 5241 1086 5311 φωτὶ
1117 5239 1225 5295 τοῦ
1260 5239 1590 5308 προσώπου
1623 5251 1743 5293 σου
1788 5237 2004 5307 πορεύ-

412 5353 652 5392 σονται.
689 5335 992 5406 Πρόσωπον
1028 5331 1130 5404 μὲν
1178 5331 1274 5386 τοῦ
1330 5332 1546 5402 [ἰατρὸς
1589 5333 1617 5383 ὁ
1648 5329 1798 5392 Υἱὸς,
1834 5329 1909 5390 ώς
1945 5330 2001 5378 ὲν

410 5431 500 5500 τῷ
527 5429 778 5502 τετάρτῳ
801 5426 1004 5497 ψαλμῷ
1033 5425 1428 5497 παραδέδοται,
1483 5423 1601 5493 φῶς
1634 5423 1707 5477 ’δὲ
1737 5423 1832 5475 τοῦ
1869 5420 2002 5475 Υίοῦ

2107 4679 2352 4736 diximus
2400 4670 2549 4743 quod
2601 4667 2837 4738 jnbilum
2893 4672 2977 4719 est
3027 4676 3131 4717 vox
3182 4662 3456 4718 victoriae.
3489 4660 3687 4717 Beatos

2108 4768 2278 4838 igitur
2324 4760 2612 4831 Propheta
2648 4756 2774 4809 illos
2828 4753 2986 4819 dicit,
3043 4751 3138 4821 qui
3196 4751 3444 4807 victoriae
3496 4752 3690 4809 laudes

2109 4866 2277 4928 atquc
2311 4854 2547 4926 hymnos
2597 4848 2647 4903 ei
2700 4860 2900 4903 cauere
2950 4851 3225 4899 noverunt
3280 4844 3372 4915 qui
3409 4842 3688 4899 diabolum

2112 4946 2400 5020 superavit
2433 4962 2447 4998 :
2477 4951 2533 4997 ct
2557 4940 2624 4995 de
2661 4936 2914 4993 ﬁdelibus
2948 4949 3136 4999 sermo
3164 4949 3291 4990 esse
3322 4933 3557 4989 videtur.
3591 4932 3690 4989 Vel

2107 5042 2285 5103 aliter,
2318 5036 2514 5092 Beatos
2546 5031 2675 5086 illos
2722 5028 2877 5093 dicit,
2909 5027 3039 5097 quia
3084 5027 3350 5081 adversus
3380 5021 3689 5078 invisibiles

2109 5134 2366 5193 inimicos
2393 5133 2670 5185 noverunt
2694 5124 2953 5195 jubilarc,
2983 5121 3115 5176 dum
3145 5132 3243 5173 eos
3271 5118 3522 5172 vincunt.

2177 5225 2350 5282 Vens.
2371 5222 2456 5278 i6.
2472 5220 2714 5282 Domine,
2732 5216 2788 5270 in
2809 5214 3005 5268 lumine
3027 5209 3200 5266 uultus
3219 5209 3298 5262 tui
3319 5205 3689 5261 ambulabunt.

2112 5318 2313 5374 Vultus
2363 5310 2582 5382 quidem
2611 5306 2790 5361 Patris
2828 5311 2914 5358 est
2955 5298 3148 5363 Filius,
3194 5307 3253 5351 ut
3284 5297 3342 5351 in
3367 5311 3428 5350 ιιι
3474 5296 3689 5367 psalmo

2113 5410 2374 5467 diximus.
2439 5402 2648 5458 Lumen
2702 5407 2885 5451 autem
2933 5391 3082 5458 Filii,
3140 5388 3290 5444 illius
3341 5385 3601 5442 mandata
3673 5404 3688 5440 :

412 5479 492 5579 αἶ
522 5479 1251 5587 ἱντολὲὶταύτούίιὶύένος
1296 5516 1427 5585 γὰρ,
1479 5479 1637 5586 ιρησὶ,
1677 5513 1802 5580 τοῖς
1857 5528 1990 5566 ποσί

2115 5502 2357 5556 Lucerna
2413 5496 2585 5560 enim,
2649 5489 2850 5560 inquit,
2899 5485 3120 5555 pedibus
3177 5481 3307 5536 meis
3352 5479 3437 5535 (ex
3477 5485 3694 5587 tua;

405 5631 537 5688 μου
590 5615 623 5667 ὁ
676 5612 864 5681 νόμος
909 5623 1050 5676 σου,
1090 5609 1191 5662 καὶ
1235 5605 1362 5678 φῶς
1413 5606 1541 5673 τοῖς
1587 5606 1810 5675 τρίϐοις
1858 5619 2002 5674 μου.

494 5756 540 5790 ⁸⁸
572 5753 724 5810 Psal.
761 5766 957 5806 cxvm.
997 5747 1122 5804 105.

2121 5596 2298 5651 lumen
2329 5588 2532 5648 semitis
2567 5585 2699 5641 meis
2723 5582 2795 5637 ⁸⁸.
2830 5579 2922 5636 Ait
2953 5577 3123 5650 igitur
3163 5572 3311 5652 quod
3357 5572 3437 5630 illi
3475 5571 3531 5628 in
3570 5568 3692 5627 Filii

1795 5797 2001 5863 Variae
2045 5796 2377 5861 lectiones.

506 5928 584 6001 (5)
603 5925 803 5984 Potius
827 5920 1252 5984 miserationem,
1282 5914 1342 5969 ιι.
1367 5927 1421 5967 e.
1455 5914 1640 5968 actum
1677 5901 2000 5962 miserendi.
