4088 6430
336 432 441 495 9ιῆ

1539 405 1923 476 ΕυΥΗΥΜΙΙ
1965 404 2325 466 ZIGABENI

3499 388 3603 457 916

330 554 469 618 ejus,
506 559 556 602 et
589 551 678 619 qui
715 550 938 603 oderunt
982 560 1124 608 sunt,
1178 545 1232 597 in
1264 541 1448 612 fugam
1504 543 1826 592 convertam.
1874 529 1913 580 Α

2022 523 2196 591 θροὺς
2244 520 2457 584 αὑτοῦ,
2490 518 2587 573 καί
2627 515 2769 583 τοὺς
2784 512 3125 586 μισοῦντας
3148 509 3340 566 αὐτὸν
3376 509 3605 580 τροπῶ-

336 645 476 696 Ι’;ιοὶθ
510 643 655 713 ejus,
694 642 797 698 hoc
829 648 934 701 est,
988 639 1043 692 in
1095 641 1396 705 conspectu
1442 629 1585 699 ejus.
1619 627 1675 682 In
1733 625 1916 696 fugam

331 742 670 796 convertam,
704 731 754 785 id
786 736 868 784 est
905 727 942 782 S
984 725 1208 796 perabu.
1584 778 1589 783 ,

409 823 573 875 \nas.
614 820 706 875 25.
744 819 813 873 Et
856 821 1053 873 veritas
1100 832 1237 881 mea,
1287 825 1335 869 et
1385 812 1753 870 misericordia
1799 825 1915 862 mea

332 928 451 966 cum
478 914 617 981 ipso.
648 911 807 968 γονον
822 910 1201 965 misericordia
1233 923 1375 975 mea,
1422 913 1481 961 ut
1530 905 1786 976 superius
1819 903 1913 957 de—

331 1006 683 1061 claravimus.
731 1003 826 1059 Vel
862 1003 1064 1058 veritas
1113 1002 1332 1073 quidem
1395 1000 1461 1055 ad
1519 996 1915 1069 promissiones

330 1098 579 1170 respicit,
617 1096 999 1154 misericordia
1028 1104 1213 1151 autem
1246 1095 1313 1151 ad
1337 1093 1623 1148 auxilium.

403 1191 476 1247 Et
502 1193 557 1247 in
593 1192 808 1247 nomine
849 1207 963 1246 meo
1009 1188 1341 1247 emirabitur
1370 1205 1535 1244 cornu
1565 1188 1701 1257 ejus.
1727 1186 1912 1241 Cornu

330 1278 501 1340 David
519 1282 777 1340 Christus
800 1290 906 1349 est,
923 1284 1027 1339 hoc
1052 1290 1157 1346 est,
1178 1282 1323 1336 illius
1346 1281 1537 1353 gloria.
1558 1279 1692 1335 Nam
1721 1294 1913 1347 quem-

306 1375 628 1432 .mhnodum
703 1374 952 1445 quaedam
1000 1373 1262 1429 animalia
1309 1386 1519 1427 cornua
1567 1372 1837 1428 emittunt
1884 1387 1916 1427 e

331 1468 533 1537 capite,
566 1480 688 1537 qua:
716 1480 824 1521 non
851 1472 1062 1520 tantum
1099 1462 1410 1518 fortitudini
1430 1471 1577 1526 sunt,
1612 1463 1709 1518 sed
1743 1476 1913 1516 orna-

331 1567 540 1622 mento,
593 1558 667 1612 ita
717 1572 784 1613 ex
841 1557 1003 1613 beato
1045 1555 1236 1621 David,
1293 1554 1386 1625 qui
1434 1553 1752 1610 Iudaeorum
1811 1554 1916 1608 fuit

329 1658 520 1718 caput,
548 1648 715 1703 veluti
748 1663 950 1719 eorum
997 1663 1090 1704 rex
1140 1649 1447 1719 (principes
1490 1648 1692 1703 etenim
1735 1647 1914 1717 capita

329 1740 713 1810 appellamus),
747 1741 1178 1811 pulcherrimum
1201 1739 1476 1812 quoddam
1507 1754 1678 1796 cornu
1710 1740 1916 1811 germi-

328 1832 502 1899 navit,
526 1834 668 1903 quiod
703 1847 812 1888 non
843 1833 1015 1889 robur
1046 1840 1283 1899 tantum,
1331 1831 1424 1888 sed
1478 1830 1711 1901 gloriam
1753 1838 1916 1901 atque

328 1934 716 1981 ornamentum
748 1927 915 1982 etiam
952 1927 1003 1981 ei
1027 1925 1307 1997 praestitit.
1336 1925 1456 1979 Alia
1492 1925 1659 1979 etiam
1700 1924 1917 1979 ratione

332 2013 512 2083 potest
547 2016 696 2071 illius
749 2030 921 2071 cornu
970 2015 1105 2079 dici,
1157 2019 1288 2085 quia
1343 2013 1558 2068 ratione
1609 2013 1915 2074 divinitatis

330 2106 590 2162 omnibus
616 2116 699 2163 est
725 2107 1036 2163 sublimior.
1068 2107 1253 2165 Cornu
1286 2105 1434 2161 enim
1488 2107 1751 2161 membris
1799 2120 1917 2161 om-

330 2198 497 2255 nibus
521 2199 774 2270 corporis
811 2200 1205 2271 supereminet.
1239 2200 1315 2255 Ex
1351 2214 1587 2270 persona
1623 2199 1791 2270 igitur
1821 2196 1914 2254 Dei

326 2291 509 2349 Patris
537 2292 671 2347 dicit
713 2291 1013 2364 Propheta,
1047 2293 1193 2364 quod
1236 2308 1411 2350 cornu
1445 2293 1637 2360 David,
1683 2292 1799 2362 ipse
1826 2293 1915 2353 nl-.

327 2385 529 2443 mirum
569 2384 849 2451 Christus,
893 2387 1224 2445 exaltandus
1268 2396 1414 2444 esset
1466 2387 1522 2442 in
1586 2387 1761 2458 ipsius
1819 2386 1914 2442 Dei

326 2478 573 2535 nomine.
598 2479 888 2537 Exaltatus
934 2488 1021 2537 est
1058 2489 1245 2537 autem
1291 2479 1550 2537 Christus
1592 2480 1647 2535 in
1689 2479 1915 2534 nomine

328 2569 448 2636 Dei,
487 2587 553 2627 eo
580 2574 732 2641 quod
755 2584 811 2627 et
839 2574 955 2643 ipse
990 2573 1082 2628 Dei
1117 2590 1316 2630 nomen
1341 2574 1527 2642 habet,
1554 2582 1610 2631 et
1639 2572 1710 2627 ab
1733 2573 1914 2629 omni-

328 2662 433 2719 bus
462 2665 773 2734 appellatur
813 2667 977 2722 Deus.
1032 2665 1127 2723 llis
1169 2678 1352 2723 autem
1392 2683 1635 2724 consona
1692 2681 1822 2725 sunt
1851 2684 1913 2724 ea

326 2771 450 2824 quae
484 2756 538 2810 in
580 2755 871 2828 Evangelia
903 2759 1136 2830 legimus
1172 2759 1319 2814 dicta
1347 2760 1518 2817 fuisse
1557 2777 1584 2814 a
1619 2761 1909 2829 Zacharia,

326 2848 456 2901 dum
494 2850 607 2903 ait:
641 2850 708 2902 Et
733 2853 899 2905 erexit
927 2868 1092 2905 cornu
1123 2852 1317 2907 salutis
1340 2852 1514 2919 nobis,
1538 2854 1593 2908 in
1624 2854 1778 2908 domo
1805 2854 1915 2908 Da-

326 2938 412 2991 vid
454 2940 605 3007 pueri
635 2940 746 3005 sui,
773 2942 909 2994 sicut
934 2941 1141 2996 locutus
1167 2951 1247 2997 est
1283 2959 1377 3012 per
1405 2961 1464 2999 os
1494 2954 1806 3000 sanctorum
1828 2947 1909 3012 ⁶¹;
1984 2996 1985 2999 η

325 3042 424 3083 eos
473 3028 729 3083 nimirum
773 3031 1074 3100 prophetas
1124 3033 1455 3103 intelligi-ns,
1515 3049 1657 3107 quos
1718 3039 1911 3093 beatus

326 3118 497 3175 David
533 3125 790 3190 superius
838 3124 978 3179 ﬁlios
1024 3124 1116 3179 Dei
1178 3127 1494 3196 appellavit.
1540 3126 1644 3183 Per
1681 3128 1907 3184 domum

325 3221 511 3269 autem
549 3214 741 3279 David,
776 3214 924 3271 illius
952 3219 1364 3286 generationem
1403 3220 1691 3276 intellexit.

397 3301 568 3358 Vens.
592 3304 685 3360 26.
719 3302 790 3357 Et
818 3321 1013 3373 ponam
1057 3306 1113 3360 in
1152 3309 1294 3361 mari
1340 3325 1556 3363 manum
1592 3311 1732 3381 ejus,
1767 3321 1819 3367 et
1853 3313 1909 3366 in

323 3396 634 3467 ﬂuminibus
665 3397 937 3452 dexteram
966 3399 1103 3468 ejus.
1137 3399 1238 3455 Per
1269 3417 1421 3455 mare
1448 3403 1671 3472 quidem
1699 3403 1911 3459 insulas

323 3489 677 3558 signilleavit,
722 3504 848 3560 qua
889 3492 944 3545 in
999 3494 1136 3547 mari
1192 3503 1359 3560 sunt,
1410 3505 1465 3549 et
1517 3509 1614 3563 per
1657 3498 1911 3561 ﬂumina,

324 3582 703 3636 continentem
731 3592 959 3648 terram,
988 3583 1047 3638 in
1077 3599 1185 3655 qua
1222 3584 1449 3641 ﬂntnina
1479 3587 1775 3655 pet-ﬂuunt.
1806 3589 1912 3646 Per

325 3687 547 3725 manum
580 3680 846 3734 autemet
870 3688 969 3744 per
993 3674 1297 3742 dexteram,
1353 3686 1412 3730 ut
1457 3692 1601 3748 saepe
1646 3679 1909 3746 diximus,

325 3772 655 3834 potestatem
700 3774 754 3820 et
793 3767 1098 3823 domi-nium
1130 3769 1407 3834 intelligit.
1438 3771 1639 3826 Verum
1686 3772 1734 3828 si
1761 3778 1914 3844 quae-

323 3856 501 3912 rimus
536 3857 947 3927 quandototius
971 3859 1126 3916 orbis
1173 3859 1479 3915 dominium
1527 3877 1774 3930 unquam
1818 3864 1915 3918 ha-

325 3948 729 4013 bneritbeatus
772 3948 966 4014 David,
1003 3966 1273 4022 nusquam
1306 3952 1359 4006 id
1398 3953 1633 4009 inveniri
1666 3956 1909 4025 poterit:

325 4049 383 4091 at
411 4040 667 4095 Christus
698 4039 869 4096 totius
902 4040 1072 4096 maris
1097 4055 1163 4098 ac
1202 4043 1372 4097 totius
1397 4049 1561 4098 terrae
1609 4060 1702 4099 rex
1734 4047 1914 4100 mani-

300 4128 466 4184 .feste
489 4131 822 4187 constitutus
838 4143 942 4199 est,
964 4140 1130 4202 atque
1148 4133 1301 4190 illius
1322 4132 1628 4189 dominium
1656 4135 1913 4207 adeptus,

321 4225 478 4292 juxta
510 4226 656 4296 quod
697 4228 932 4298 legimus
958 4227 1012 4281 in
1045 4226 1260 4296 psalmo
1293 4241 1420 4281 Lxxt
1455 4242 1471 4280 :
1509 4226 1577 4280 Et
1609 4228 1914 4282 dominabi-

327 4329 413 4370 tur
438 4336 472 4371 α
506 4320 642 4374 mari
674 4336 839 4387 usque
860 4320 931 4373 ad
959 4335 1108 4373 mare
1136 4330 1188 4372 et
1230 4336 1264 4373 a
1301 4319 1613 4388 ﬂuminibus
1644 4335 1810 4391 usque
1843 4321 1913 4374 ad

326 4413 578 4467 terminos
609 4413 754 4467 orbis
785 4423 1075 4466 terrarum.
1108 4412 1451 4482 Quapropter
1482 4427 1590 4467 non
1618 4412 1687 4469 ad
1729 4414 1911 4484 ipsum

329 4505 499 4561 David
535 4507 652 4561 haec
685 4507 978 4575 pertinent,
1011 4506 1105 4559 sed
1141 4504 1208 4559 ad
1235 4505 1537 4560 Christum.

2020 632 2222 686 σομαι.
2254 646 2297 656 -
2369 612 2502 669 Ἀπὸ
2532 608 2880 678 προσώπου,
2908 607 3032 662 ἀντὶ
3080 604 3197 671 τοῦ,
3238 601 3600 658 Ἀπενῶπιον.

2024 706 2411 775 Τροπώσομαι
2439 703 2517 769 δὲ,
2551 701 2672 756 ἀντὶ
2700 699 2794 754 τοῦ
2816 697 3068 768 Νικήσω.

2093 796 2198 854 Καὶ
2226 798 2264 865 ἡ
2295 794 2549 865 ἀλήθειὰ
2573 809 2715 863 μου,
2748 789 2846 844 καί
2875 789 2941 843 τὸ
2969 787 3143 855 ἔλεός
3172 803 3294 857 μου
3319 785 3449 856 μετ’
3499 785 3607 841 αὺ-

1999 892 2147 946 οτοῦ.
2180 891 2251 944 Ἥ
2286 891 2314 941 6
2343 887 2594 955 ἀληθινός
2635 901 2738 955 μου
2761 882 2931 947 ἔλεος,
2954 881 3031 944 ὡς
3062 878 3327 951 ἀνωτέρω
3372 875 3607 946 δεδηλὼο

2018 1003 2218 1057 καμεν.
2247 984 2323 1036 ‘H
2357 980 2588 1053 ἀλήθεια
2642 978 2744 1050 μὲν
2787 977 2898 1030 τῶν
2927 972 3297 1044 ἐπαγγελιῶν,
3354 971 3505 1035 ἔλεος
3545 970 3603 1023 δὲ
3676 976 3681 979 ’

2015 1080 2117 1151 τῆς
2141 1075 2418 1150 βοηθείας.

2101 1171 2199 1243 Ἐν
2236 1168 2316 1236 τῷ
2343 1165 2592 1236 ὀνόματί
2607 1181 2729 1234 μου
2759 1158 3152 1231 ὑψωθήσεται
3174 1154 3244 1210 τὸ
3267 1153 3450 1220 κέρας
3502 1151 3634 1243 αὔοι

2018 1241 2148 1319 τοῦ.
2197 1262 2383 1332 Κέρας
2418 1259 2510 1313 τοῦ
2542 1255 2728 1318 Δαϐὶδ,
2759 1253 2788 1307 6
2822 1250 3078 1322 Χριστὸς,
3108 1248 3283 1302 εῐτουν
3342 1241 3632 1334 καύχημα

2018 1358 2116 1411 καὶ
2139 1354 2290 1420 δόξα.
2320 1355 2537 1422 Ὠσπερ
2566 1350 2677 1420 γὰρ
2706 1348 2773 1401 ὲκ
2804 1348 2904 1416 τῆς
2934 1340 3184 1411 κεφαλῆς
3219 1336 3514 1410 βλαστάνει
3542 1334 3623 1422 16l-

2017 1451 2189 1522 κέρας
2232 1450 2346 1512 τοῖς
2400 1444 2771 1516 κερασφόροις
2834 1439 2944 1493 τῶν
3000 1434 3179 1501 ζώων,
3221 1431 3318 1486 καὶ
3346 1429 3407 1484 οὐ
3444 1427 3603 1522 μόνον

2017 1520 2166 1600 ἐστὶν
2199 1543 2354 1614 ίσχῦς
2394 1540 2598 1602 αὐτῶν,
2647 1535 2787 1591 ἀλλὰ
2820 1533 2917 1588 καὶ
2949 1528 3178 1601 κόσμος,
3210 1524 3356 1581 οὕτω
3390 1520 3607 1614 κεφαλὴ

2022 1638 2121 1709 μὲν
2152 1612 2576 1690 τῶνίἸουδαίων
2608 1631 2637 1683 6
2673 1626 2865 1691 A1626,
2892 1624 2968 1690 ὡς
3005 1618 3309 1709 βασιλεύς⁶
3363 1612 3610 1709 κεφαλας

2018 1704 2128 1799 rip
2162 1724 2437 1796 καλοῦμεν
2482 1723 2609 1786 τοὺς
2679 1720 2968 1790 ἄρχοντας.
3025 1712 3120 1766 Ἐκ
3150 1709 3208 1764 δὲ
3236 1704 3336 1780 τῆς
3359 1704 3607 1776 κεφαλῆς

2019 1798 2222 1890 ταύτης
2249 1817 2573 1887 ἐϐλάστησε,
2610 1813 2768 1881 δίκην
2829 1808 3084 1879 κέρατος,
3123 1806 3153 1857 6
3184 1801 3423 1875 Χριστός
3464 1817 3480 1833 ο
3538 1798 3599 1865 ὃς

2021 1916 2115 1970 καὶ
2153 1912 2408 1986 σεμνύνει
2435 1909 2534 1963 καὶ
2559 1901 2977 1972 δοξάζειαὺτὸν,
3007 1897 3200 1968 ὥσπερ
3230 1895 3292 1949 τὸ
3326 1894 3495 1964 κέρας
3531 1893 3603 1945 τὰ

2018 2005 2358 2078 κερασφόρα.
2395 2002 2471 2056 Οὐ
2507 1998 2595 2054 διὰ
2619 1996 2781 2051 τοῦτο
2811 1994 2869 2048 δὲ
2932 1992 3095 2062 μόνον
3155 1987 3377 2057 λέγεται
3410 1986 3605 2078 κέρας,

2017 2077 2154 2157 ἀλλὰ
2185 2097 2373 2160 κα“ιώς
2408 2094 2627 2148 πάντων
2651 2086 2986 2158 ὑψηλότερος
3034 2080 3127 2137 διὰ
3182 2078 3282 2151 τὴν
3320 2077 3560 2147 θεότητα
3592 2092 3607 2108 ο

2016 2194 2240 2249 πάντων
2295 2190 2405 2261 γὰρ
2448 2185 2557 2239 τῶν
2623 2180 2800 2253 μελῶν
2846 2176 3108 2249 ὑπερέχει
3157 2173 3222 2227 τὸ
3255 2172 3449 2244 κέρας.
3471 2167 3609 2224 Eine

2016 2288 2199 2342 τοίνυν
2225 2285 2253 2338 6
2277 2281 2411 2344 Θεὸς
2440 2279 2539 2334 καὶ
2593 2275 2806 2346 Πατὴρ,
2844 2272 2926 2324 ὃτι
2959 2269 3034 2322 Τὸ
3069 2266 3241 2339 κέρας
3293 2264 3391 2317 τοῦ
3420 2262 3609 2327 Δαόὶδ,

2017 2382 2196 2436 εῐτουν
2224 2380 2253 2432 6
2281 2373 2545 2444 Χριστὸς,
2573 2373 2631 2424 ὲν
2662 2367 2740 2440 τῷ
2778 2356 3007 2435 ὀνόματί
3068 2376 3170 2433 μου
3234 2356 3606 2428 ὑψωθήσεται·

2015 2471 2294 2527 τουτέστιν
2318 2471 2376 2522 ὲν
2405 2463 2484 2536 τῷ
2511 2461 2801 2517 καλεῖσθαι
2827 2455 2983 2519 Θεός.
3010 2451 3201 2521 Τούτῳ
3232 2448 3290 2502 δὲ
3322 2447 3403 2519 τῷ
3458 2446 3606 2516 λόγῳ

2018 2562 2307 2636 συμφωνεί
2331 2558 2427 2614 καὶ
2458 2542 2775 2627 Ζαχαρίας,
2807 2551 2866 2603 ὲν
2906 2547 2986 2620 τῷ
3020 2541 3340 2614 Εὑαγγελίῳ
3392 2540 3605 2636 rem:

2018 2630 2124 2713 Kal
2149 2630 2349 2725 ἤγειρε
2365 2648 2542 2719 κέρας
2570 2642 2873 2713 σωτηρίας
2925 2641 2997 2693 ἐν
3023 2636 3103 2703 τῷ
3125 2636 3270 2700 οἴκῳ
3294 2632 3473 2687 Δαϐὶδ
3498 2630 3608 2685 τοῦ

2014 2747 2232 2814 παιδὸς
2284 2742 2495 2805 αὑτοῦ,
2552 2737 2749 2803 καθὼς
2831 2733 3106 2795 maluae
3160 2727 3260 2782 διὰ
3304 2725 3608 2797 στόματος

2014 2842 2135 2896 τῶν
2182 2837 2367 2910 ἁγίων
2424 2832 2543 2888 τῶν
2602 2829 2706 2887 ἀπ’
2739 2828 2957 2892 αίώνος
3004 2820 3324 2893 προφητῶν
3357 2818 3548 2874 αὑτοῦ
3582 2835 3596 2850 ο

2012 2909 2241 2993 τούτους
2269 2928 2394 2987 τοὺς
2425 2923 2713 2993 προφήτας
2741 2918 2940 2990 δηλῶν,
2976 2914 3069 2978 οὓς
3101 2912 3359 2984 ἀνωτέρω
3385 2912 3415 2966 6
3439 2909 3610 2966 Δαόὶῧ

2013 3025 2163 3087 uici);
2194 3017 2317 3075 εϊπε
2347 3016 2444 3072 τοῦ
2474 3013 2611 3068 Θεοῦ
2637 3031 2649 3044 σ
2686 3007 2835 3066 οἷκον
2873 3009 2930 3063 δὲ
2956 3006 3125 3062 Δαὸὶδ
3156 3005 3217 3059 τὸ
3245 3005 3405 3075 γένος
3437 3002 3608 3058 αὐτοῦ

2014 3116 2263 3173 ἐκάλεσε.

2086 3294 2200 3352 Καὶ
2229 3294 2489 3363 θήσομαι
2520 3291 2592 3344 ἐν
2619 3287 2908 3355 θαλάσσῃ
2935 3283 3105 3356 χεῖρα
3141 3281 3357 3347 αὑτοῦ,
3413 3280 3511 3335 καί
3536 3279 3611 3334 ἐν

2014 3387 2304 3457 ποταμοῖς
2328 3383 2537 3450 δεξιὰν
2562 3380 2773 3437 αὐτοῦ.
2810 3378 2909 3434 Διὰ
2934 3378 3034 3449 μὲν
3058 3376 3161 3446 τῆς
3196 3374 3474 3445 θαλάσσης
3508 3372 3610 3435 τὰς

2014 3486 2214 3555 νήσους
2277 3478 2533 3552 ᾐνίξατοο
2570 3477 2628 3529 ἐν
2656 3472 2833 3545 ταύτῃ
2862 3472 2974 3542 γὰρ
3028 3487 3188 3524 αυται
3219 3486 3234 3503 ·
3277 3467 3368 3555 διὰ.
3415 3467 3474 3521 δὲ
3496 3466 3609 3520 τῶν

2015 3552 2280 3648 ποταμῶν
2324 3572 2424 3644 τὴν
2466 3572 2734 3642 ἤπειρον·
2773 3568 2831 3620 ὲν
2862 3563 3039 3638 ταύτῃ
3065 3562 3176 3633 γὰρ
3226 3552 3399 3614 οὗτοι.
3432 3560 3612 3631 Χεῖρα

2014 3669 2072 3723 δὲ
2114 3666 2264 3735 λέγει
2330 3664 2426 3716 καὶ
2463 3659 2647 3726 δεξιὰν
2695 3657 2796 3728 τὴν
2858 3655 3102 3726 κατοχὴν
3133 3650 3229 3706 καὶ
3279 3650 3608 3721 κυριότητα.

2015 3763 2128 3817 Ποῦ
2159 3760 2218 3816 δὲ
2236 3761 2264 3814 6
2283 3757 2449 3812 A1616
2478 3753 2738 3809 ἁπάντων
2766 3746 2980 3803 τούτων
3025 3747 3355 3817 ἐκυρίευσεν
3379 3760 3395 3811 ;
3430 3740 3611 3796 Οὐδα-

2020 3855 2124 3924 μοῦ
2154 3855 2254 3924 τῆς
2307 3849 2560 3922 Γραφῆς.
2591 3846 2651 3901 Ὀ
2675 3844 2730 3899 δὲ
2762 3842 3001 3914 Χριστὸς
3033 3840 3219 3909 πάσης
3268 3837 3369 3909 μὲν
3405 3833 3611 3889 θαλάσ-

2018 3964 2140 4018 σης,
2173 3945 2354 4014 πάσης
2391 3941 2449 3995 δὲ
2483 3941 2589 4010 γῆς
2612 3938 2959 4010 ἐκυρίευσεν,
2992 3933 3070 3996 ὡς
3102 3929 3393 4003 εῐρηταιέν
3422 3924 3611 4018 circa!

2014 4016 2238 4108 ψαλμῷ,
2265 4037 2347 4090 ὅτι
2371 4033 2478 4089 Καὶ
2504 4028 2964 4097 κατακυριεύσει
3004 4022 3127 4080 ἀπὸ
3155 4020 3478 4089 θαλάσσης
3498 4016 3614 4108 ἕως

2016 4106 2364 4193 Θαλάσσης,
2430 4123 2532 4179 καὶ
2584 4122 2704 4179 ἀπὸ
2745 4115 3034 4187 ποταμῶν
3056 4114 3170 4181 ἓως
3196 4109 3473 4180 περάτων
3495 4106 3612 4176 τῆς

2024 4219 2409 4291 οἰκουμένης.
2447 4217 2616 4269 Ὥστε
2656 4214 2818 4283 χεῖρα
2845 4209 2941 4263 καὶ
2981 4206 3167 4272 δεξιὰν
3198 4205 3261 4259 οὐ
3288 4201 3385 4258 τοῦ
3445 4198 3615 4255 Δαῦὶδ

2015 4314 2252 4385 νοήσεις,
2289 4307 2427 4363 ἀλλὰ
2461 4306 2553 4361 τοῦ
2580 4304 2813 4374 κέρατος
2837 4298 2931 4353 τοῦ
2966 4296 3156 4363 Δαϐίδ.

398 4597 566 4652 Vens.
595 4561 697 4651 27.,
722 4595 847 4664 Ipse
893 4595 1158 4650 invocabit
1190 4612 1288 4659 me,
1340 4594 1505 4650 Pater
1548 4611 1693 4649 meus
1735 4611 1792 4650 es
1831 4603 1908 4656 tu.

2083 4582 2275 4649 Αὐτὸς
2296 4572 2724 4634 ἐπικαλέσεταί
2747 4588 2846 4641 με,
2879 4565 3082 4637 Πατήρ
3099 4583 3219 4637 μου
3247 4561 3306 4621 εἷ
3329 4564 3432 4629 σὺ,
3464 4563 3613 4631 Θεός

322 4690 469 4744 Deus
500 4705 645 4765 naeus
689 4698 740 4743 et
781 4687 999 4757 adjutor
1047 4688 1243 4743 salutis
1297 4702 1446 4741 mete.
1491 4686 1772 4742 lnvocabit
1825 4702 1913 4741 me

323 4780 626 4852 aliquando
674 4781 868 4838 dicens
910 4799 925 4837 :
964 4782 1127 4835 Pater
1158 4792 1307 4837 meus
1336 4797 1390 4834 es
1424 4790 1500 4833 tu.
1534 4776 1737 4833 Verum
1793 4778 1914 4833 ubi-

310 4890 451 4945 nam
479 4875 697 4931 beatum
738 4873 907 4929 David
940 4874 1171 4945 legimus
1193 4874 1503 4943 appellasse
1534 4870 1702 4925 Deum
1731 4870 1914 4925 Patris

326 4967 586 5023 nomine?
632 4966 914 5036 Nusquam
964 4965 1233 5036 profecto.
1284 4965 1353 5020 At
1394 4963 1653 5020 Christus
1704 4965 1912 5032 passim

324 5059 379 5113 in
407 5058 703 5130 Evangelia
763 5060 985 5115 Patrem
1035 5059 1189 5114 illum
1243 5072 1403 5113 suum
1428 5055 1587 5122 dicit,
1626 5066 1687 5110 ut
1735 5055 1914 5122 Deus;

324 5152 497 5209 Deum
532 5168 663 5210 vero
690 5159 745 5210 et
787 5151 1125 5223 adiutorem,
1163 5157 1226 5205 ut
1262 5150 1446 5205 homo.

284 5282 300 5401 ἱ
396 5331 565 5388 Vens.
595 5328 689 5387 28.
726 5328 791 5384 Et
817 5345 913 5400 ego
958 5328 1369 5400 primogenitum
1414 5343 1611 5396 ponam
1643 5346 1786 5384 eum.
1831 5329 1912 5386 Ita

325 5426 489 5481 etiam
522 5439 750 5494 magnus
783 5422 987 5479 Paulus
1029 5436 1153 5476 eum
1203 5423 1442 5490 appellat
1490 5422 1915 5494 Primogenitum

328 5518 379 5566 in
407 5513 873 5583 naultisfratribus
895 5515 962 5580 ",
988 5523 1041 5567 et
1056 5511 1477 5581 Primogenitum
1494 5527 1561 5566 ea:
1580 5515 1804 5570 mortuis
1829 5516 1911 5580 ⁶³;

327 5614 380 5658 et
407 5620 620 5667 rursus,
643 5605 1061 5676 Primogenitum
1085 5604 1256 5659 omnis
1277 5615 1539 5661 creatura:
1556 5605 1623 5674 ",
1653 5615 1913 5678 tanquam

329 5698 455 5753 novi
499 5697 685 5766 populi
724 5698 1019 5767 primitias,
1052 5707 1107 5756 et
1145 5698 1314 5754 veluti
1338 5714 1463 5753 eum
1498 5699 1593 5770 qui
1635 5700 1850 5770 primus
1883 5716 1913 5756 a

2015 4698 2135 4752 μου
2161 4676 2261 4731 καὶ
2291 4670 2676 4736 ἀντιλήπτωρ
2722 4663 2832 4733 τῆς
2860 4662 3162 4729 σωτηρίας
3212 4677 3358 4730 μου.
3390 4658 3615 4752 ᾲᾼείπει

2020 4749 2316 4841 τὸλέγων,
2345 4763 2548 4830 ἔξωθεν
2570 4755 3159 4831 προσλαμϐανόμενον.
3183 4749 3610 4806 Ἐπικαλέσεταί

2026 4883 2093 4938 με
2124 4867 2182 4918 ὲν
2219 4860 2422 4932 καιρῷ,
2467 4857 2647 4921 λέγων
2682 4852 2821 4922 πρὸς
2857 4865 2958 4919 με*
3018 4844 3224 4917 Πατήρ
3263 4863 3385 4916 μου
3413 4841 3613 4938 εἶσί),

2022 4934 2120 5012 ita).
2141 4955 2210 5009 τὰ
2230 4953 2379 5023 ἑξῆς.
2446 4947 2558 5002 Ποῦ
2586 4947 2642 5001 δὲ
2672 4946 2700 4998 ὁ
2730 4942 2898 4998 Δαὸὶδ
2942 4940 3166 5010 [πατέρι
3214 4939 3417 4991 οικεῖον
3445 4934 3613 4990 αὑτὸν

2021 5050 2310 5120 ὠνόμασεν
2341 5061 2357 5111 ;
2415 5037 2670 5111 Οὐδαμοῦ
2690 5052 2708 5070 ο
2744 5038 2774 5089 6
2799 5035 2855 5089 δὲ
2875 5032 3115 5104 Χριστὸς
3180 5027 3481 5120 πολλαχοῦ
3512 5025 3609 5120 τοῦ

2021 5119 2363 5210 Εὐαγγελὶου
2387 5151 2403 5166 '
2440 5131 2662 5202 Πατέρα
2720 5127 2822 5198 μὲν
2852 5126 3018 5179 αὐτὸν
3064 5122 3265 5192 λέγων.
3305 5121 3382 5186 ὡς
3454 5119 3612 5183 Θεὸς,

2021 5234 2156 5288 Θεὸν
2185 5231 2243 5285 δὲ
2266 5230 2361 5284 καὶ
2381 5224 2778 5293 ἀντιλήπτορα,
2810 5219 2887 5282 ὡς
2939 5216 3035 5272 ἄνθ
3046 5233 3248 5286 ρωπος.

2092 5322 2267 5396 Κάγὼ
2315 5319 2697 5391 πρωτότοκον
2735 5310 2995 5381 θήσομαι
3036 5307 3247 5363 αὐτόν.
3285 5303 3475 5368 Οὕτως
3510 5305 3615 5359 αὖ-

2020 5421 2113 5475 τὸν
2137 5417 2235 5472 καλ⁸
2260 5416 2289 5469 6
2325 5413 2500 5484 μέγας
2556 5405 2773 5470 Παῦλος
2821 5401 3080 5472 ὀνομάζει
3111 5399 3492 5468 πρωτότοκον
3534 5397 3607 5451 ὲν

2021 5510 2281 5576 πολλοῖς
2297 5502 2608 5575 ἀδελφοῖς,
2626 5505 2720 5556 καὶ
2739 5498 3118 5568 πρωτότοκον
3132 5494 3202 5547 ἐκ
3222 5493 3342 5546 τῶν
3357 5490 3610 5562 νεκρῶν,

2023 5610 2120 5663 καὶ
2146 5605 2530 5674 πρωτότοκον
2562 5598 2776 5663 πάσης
2806 5592 3081 5656 κτίσεως.
3113 5590 3189 5651 ὡς
3218 5588 3479 5660 ἀπαρχὴν
3510 5585 3610 5641 τοῦ

1954 5688 1957 5693 ’
2025 5701 2148 5759 νέου
2170 5694 2326 5760 λαοῦ,
2345 5692 2442 5746 καὶ
2471 5692 2546 5754 ὼς
2580 5687 2798 5761 πρῶτον
2819 5681 3131 5738 ἀναστάντα
3153 5681 3218 5734 ἐκ
3248 5678 3359 5733 τῶν
3397 5675 3612 5749 νεκρῶν

402 5873 442 5902 ⁸·
467 5867 602 5922 Luc.
630 5882 671 5934 ι,
712 5868 802 5926 69.
880 5873 924 5905 ⁸⁸
952 5871 1115 5930 Rom.
1153 5877 1394 5945 vm,29.
1474 5875 1522 5910 "
1549 5876 1765 5936 Coloss.
1801 5892 1841 5946 ι,
1879 5878 1914 5932 1η

2048 5877 2089 5910 ⁸³
2121 5873 2264 5931 Ibid.
2294 5871 2384 5926 15.
