4088 6446
335 362 441 430 919

1536 373 1920 437 EUTHYMII
1957 376 2288 441 ZIGABEN
2294 381 2322 440 Ι

3489 383 3595 449 920

333 482 384 536 ei
422 490 842 554 regenerantur.
900 484 1040 554 Quid
1083 486 1226 544 intcr
1258 502 1322 544 se
1373 487 1629 546 diﬂ'erant
1660 490 1771 558 lex,
1819 491 1902 562 ju-

2015 493 2109 548 τοῦ
2135 492 2366 566 λουτροῦ
2387 494 2490 564 τῆς
2509 493 2937 566 παλιγγενεσίας
2967 491 3399 567 ἀναγενηθίντες
3419 496 3592 568 αὐτῷ.

334 572 563 644 dicium,
622 577 1074 646 justiﬁcationes,
1133 589 1186 635 et
1246 580 1526 646 mandata,
1579 582 1785 638 dictum
1825 592 1910 639 est

336 661 392 718 in
457 666 666 734 psalmo
721 686 850 724 xvn.
909 671 1314 741 Profanuveriut
1382 683 1563 728 autem
1612 677 1750 730 dixit
1810 691 1908 748 pro

335 758 831 828 Parvipendcrint;
872 778 995 817 nam
1059 765 1350 836 profanum
1414 766 1481 821 ad
1522 769 1666 822 sacri
1707 769 1905 823 distin-

335 851 573 904 ctionem
625 852 849 908 dicitur.
913 856 1066 920 Quod
1117 867 1300 911 autem
1369 872 1476 913 non
1533 868 1617 914 est
1665 875 1905 924 sacrum,

334 939 676 997 immundum
723 944 1099 1010 existimatur,
1145 957 1200 1002 et
1235 948 1436 1002 modici
1483 952 1769 1006 momenti.
1804 950 1909 1005 Per

333 1033 539 1103 virgam
583 1050 714 1090 vero
763 1047 817 1089 et
866 1051 964 1107 per
1009 1039 1232 1092 verbera
1293 1041 1624 1096 tentaliones
1659 1050 1716 1096 et
1756 1042 1908 1097 cala-

335 1124 553 1180 mitates
611 1125 890 1197 intelligit.
943 1127 1154 1184 Sensus
1188 1139 1315 1186 est:
1366 1129 1480 1199 Ego
1523 1132 1906 1202 delinquentes

333 1213 461 1270 illos
503 1217 815 1288 castigabo.
847 1228 900 1273 et
933 1221 1103 1276 variis
1132 1237 1229 1276 eos
1253 1223 1429 1278 modis
1450 1225 1745 1294 corriga‘m,
1775 1240 1909 1294 gen-

332 1305 468 1358 tiutn
517 1309 776 1363 nimirum
829 1310 1356 1379 insurrectionibus,
1412 1314 1576 1382 bello,
1621 1315 1785 1382 fame,
1818 1326 1904 1388 ty-

332 1390 585 1460 rannide,
641 1408 812 1468 atque
853 1399 1174 1469 lmjusmodi
1229 1403 1354 1458 aliis
1401 1402 1902 1476 castigationibus:

2011 587 2146 657 Hepl
2176 589 2443 658 διαφορᾶς
2462 587 2654 658 νόμον,
2687 589 2782 642 καὶ
2813 589 3106 660 κρίματος,
3155 589 3256 643 καὶ
3279 588 3593 661 δικαιώμα-

2007 697 2122 744 τος,
2153 681 2248 733 καὶ
2275 681 2521 751 ἐντολῆς,
2555 681 2772 753 εἴρηται
2819 682 3008 750 σαφῶς
3056 683 3116 736 ὲν
3149 682 3228 752 τῷ
3273 680 3339 748 ιζ’
3369 683 3592 754 ψαλμῷ.

2007 768 2406 836 Βεσηλὰτωσι
2464 771 2546 837 δὲ,
2581 771 2706 824 ἀντὶ
2764 770 2858 824 τοῦ
2916 771 3269 826 Εὐτελίσουσι
3291 790 3305 804 ·
3359 772 3588 845 βέϐηλον

2010 859 2116 932 γάρ
2144 861 2280 930 πρὸς
2305 860 2720 932 ἀντιδιαστολὴν
2749 860 2845 915 τοῦ
2877 861 3028 931 ἱεροῦ
3059 862 3282 930 λέγεται
3327 864 3388 916 τὺ
3447 865 3594 917 ἀνίεο

2009 968 2129 1024 ρον,
2179 952 2361 1005 είτουν
2418 951 2598 1006 κοινὸν
2645 953 2740 1006 καὶ
2787 952 3026 1016 εὐτελές.
3113 952 3338 1008 Ῥάδδον
3384 955 3440 1007 δὲ
3495 956 3594 1009 καὶ

2009 1044 2256 1116 μάστιγα
2281 1043 2429 1112 λέγει
2459 1045 2587 1108 τοὺς
2639 1044 3006 1116 πειρασμούς.
3075 1045 3232 1098 Ἐστι
3279 1046 3339 1100 δὲ
3385 1049 3416 1100 ὁ
3464 1046 3594 1110 νοῦς

2007 1135 2272 1210 τοιοῦτος,
2304 1137 2387 1190 ὅτι
2427 1137 2731 1201 Πταίοντας
2784 1137 3125 1207 σωφρονήσω
3176 1131 3347 1191 ἐθνῶν
3386 1140 3593 1193 ἐπανα-

2007 1226 2252 1292 οτάσεσι,
2321 1229 2417 1280 καὶ
2459 1229 2768 1298 τυραννίσι,
2814 1229 2909 1282 καὶ
2968 1227 3133 1298 λιμῷ,
3183 1229 3281 1283 καὶ
3313 1231 3592 1294 τοιαύταις

2007 1317 2195 1381 ἄλλαις
2238 1318 2509 1382 παιδείαις
2541 1336 2554 1349 ·
2607 1320 2667 1373 οὐ
2709 1319 2818 1391 μὴν
2881 1320 3066 1373 τέλεον
3117 1321 3316 1382 αὐτοὺς
3374 1322 3593 1374 ἀπώσο-

2011 1427 2130 1480 μαι.
2169 1410 2425 1480 Ἀνομίας
2469 1410 2526 1464 δὲ
2579 1412 2675 1464 καὶ
2727 1411 2946 1476 ἀδικίας
2985 1413 3054 1465 τὰ
3112 1412 3258 1464 αὐτὰ
3308 1413 3504 1483 νόησον
3527 1414 3592 1465 ἐκ

331 1499 426 1542 eos
479 1496 660 1542 tamen
702 1490 928 1545 omnino
973 1507 1080 1546 non
1119 1495 1403 1563 repellam.
1442 1494 1548 1550 Per
1584 1497 1902 1565 iniquitates

2010 1503 2362 1574 παραλλήλου
2373 1541 2386 1557 .

330 1587 510 1648 autem
563 1590 626 1636 et
686 1582 988 1654 injustitias
1037 1585 1179 1640 idem
1217 1602 1373 1658 aeque
1430 1589 1672 1659 intellige
1725 1591 1903 1662 signi-

329 1668 505 1724 llcari.

399 1758 564 1817 Vsus.
593 1764 680 1818 54.
708 1763 1136 1822 Hiscricordiam
1162 1779 1342 1823 autem
1367 1787 1538 1826 meam
1565 1790 1668 1828 non
1696 1776 1902 1842 (“spero

326 1869 446 1922 gam
476 1855 538 1908 ab
580 1857 672 1910 eis.
723 1859 963 1914 Pan-cens
998 1860 1079 1914 eis
1129 1861 1365 1926 scilicet,
1405 1873 1462 1918 et
1505 1879 1696 1921 eorum
1729 1867 1902 1934 pceniv

325 1949 552 2001 tentiam
606 1962 957 2020 exspectans.
1001 1953 1045 2008 Ο
1086 1954 1416 2010 immensam
1458 1955 1552 2012 Dei
1589 1959 1903 2014 miscricor-

325 2037 470 2093 diam
497 2041 509 2093 !
550 2039 841 2098 Mlseretur
868 2045 1071 2100 etenim
1107 2045 1254 2102 Deus
1285 2047 1452 2101 etiam
1482 2049 1611 2104 dum
1647 2051 1904 2122 ﬂagellat,

326 2139 381 2184 et
421 2145 603 2186 meras
654 2149 936 2203 nunquam
985 2135 1211 2191 adhibet
1252 2152 1482 2207 poenas;
1541 2149 1598 2194 et
1653 2143 1904 2196 verberat

324 2221 550 2290 quidem
583 2235 743 2296 atque
771 2228 1005 2299 castigat
1041 2238 1102 2285 ut
1142 2238 1571 2301 contemptores,
1613 2235 1905 2290 miseretur

326 2322 510 2369 tamen
563 2323 620 2369 ut
671 2319 810 2374 suis.

410 2402 594 2476 Neque
621 2410 818 2478 injuste
849 2428 1005 2483 agam
1036 2413 1089 2468 in
1120 2415 1342 2470 veritate
1367 2432 1504 2470 mea.
1539 2415 1754 2470 Nullam
1781 2432 1901 2487 ego,

326 2501 526 2572 inquit,
553 2501 810 2572 injuriam
844 2503 1070 2558 inferam
1106 2504 1209 2574 ipsi
1247 2505 1417 2561 David
1444 2522 1459 2560 :
1486 2508 1906 2577 promissiones-

325 2609 434 2662 que
469 2604 521 2647 et
555 2602 716 2664 pacta
758 2610 882 2648 cum
916 2611 982 2650 eo
1025 2598 1158 2650 inita
1193 2613 1466 2667 nusquam
1505 2602 1900 2672 transgrediar.

325 2680 445 2739 iloc
482 2697 664 2741 autem
711 2702 816 2741 non
849 2687 1070 2754 faciam,
1110 2701 1337 2760 propter
1384 2672 1669 2747 veritatem
1699 2709 1902 2760 meam;

325 2777 453 2848 quia
499 2779 708 2833 scilicet
747 2795 849 2852 ego
890 2795 1054 2835 verax
1095 2797 1241 2837 sum.

398 2952 560 3011 Vens.
593 2953 684 3011 35.
722 2953 906 3026 Neque
945 2959 1242 3029 profanabo
1277 2969 1650 3016 testamentum
1704 2978 1900 3016 meum.

318 3041 442 3103 Non
479 3051 894 3119 parvipcudam,
945 3050 1146 3120 inquit,
1180 3068 1277 3107 nec
1306 3069 1559 3124 spernam
1611 3062 1904 3112 testamen-

324 3151 438 3192 tum
500 3155 702 3193 meum.
753 3137 1083 3196 Tcstamen‘ti
1124 3151 1305 3197 autem
1352 3146 1650 3202 auctoritas
1688 3147 1765 3202 in'
1797 3149 1900 3205 hoc

323 3232 429 3286 sita
460 3241 561 3290 est.
600 3239 658 3285 ut
702 3244 753 3286 et
803 3248 988 3286 verum
1024 3235 1116 3297 sit,
1157 3243 1212 3288 et
1242 3236 1567 3291 observetur
1597 3254 1608 3289 :
1640 3241 1899 3305 quemad-

326 3326 549 3378 modum
581 3335 792 3388 con'ra,
833 3323 1159 3394 Parvipendi
1194 3327 1419 3393 dicitur,
1465 3330 1512 3384 si
1546 3329 1896 3402 infringatur,

2084 1771 2157 1824 Τὸ
2186 1768 2256 1824 δὲ
2275 1769 2453 1834 ἔλεός
2472 1785 2594 1837 μου
2623 1769 2696 1825 οὐ
2715 1767 2805 1837 μὴ
2833 1767 3218 1824 διασκεδάσαι
3232 1768 3337 1823 ἀπ’
3367 1770 3591 1828 αὐτῶν.

1957 1915 1960 1918 .
2004 1863 2326 1933 Φειδόμενος
2385 1861 2568 1914 αὐτῶν
2625 1861 2722 1914 καὶ
2774 1861 2873 1931 τὴν
2915 1863 3210 1931 μετάνοιαν
3249 1862 3433 1916 αὐτῶν
3455 1865 3591 1916 ἀνα-

2009 1957 2208 2027 μένων.
2240 1954 2303 2006 Ὠ
2356 1953 2772 2023 φιλανθρωπίας
2827 1954 3100 2023 ἀπείρονι
3151 1953 3450 2016 Μαστίζων
3483 1955 3593 2026 γὰρ

2005 2049 2166 2112 ἐλεεῖ,
2203 2046 2296 2100 καὶ
2319 2046 2418 2098 οὐκ
2441 2043 2681 2116 ἄκρατον
2705 2045 2909 2113 ἐπάγει
2947 2046 3049 2116 τὴν
3096 2047 3396 2117 τιμωρίαν,
3453 2046 3590 2100 ἀλλὰ

2006 2139 2261 2213 μαστίζει
2309 2137 2408 2209 μὲν
2451 2138 2528 2200 ὡς
2585 2139 3038 2210 καταφρονητάς,
3091 2139 3242 2192 ἐλεεῖ
3289 2140 3345 2193 δὲ
3391 2139 3468 2203 ὼς
3511 2139 3594 2193 ol-

2007 2236 2213 2296 κείους.

2073 2414 2228 2468 Οὐδὲ
2244 2411 2329 2482 μὴ
2383 2411 2653 2480 ἀδικήσω
2697 2410 2768 2464 ἐν
2816 2411 2890 2478 τῇ
2939 2411 3194 2478 ἀληθείᾳ
3241 2430 3389 2481 μου.
3453 2411 3592 2464 Οὐδὲ

2005 2505 2251 2575 ἀδικήσω
2280 2502 2370 2556 τὸν
2393 2501 2560 2555 Δαὸὶδ
2585 2500 2943 2571 παραὸαίνων
2972 2504 3073 2565 τὰς
3113 2502 3250 2570 πρὶς
3282 2498 3446 2554 αὐτὸν
3473 2520 3592 2554 συν-

2008 2597 2204 2666 Θὴκας.
2236 2587 2556 2664 Περιττεΰει
2594 2593 2651 2646 δὲ
2691 2593 2751 2644 τὺ
2779 2595 2890 2661 μὴ,
2919 2589 3111 2663 ὥσπερ
3134 2593 3229 2645 καὶ
3259 2595 3316 2646 ὲν
3339 2591 3418 2661 τῷ
3463 2591 3592 2658 ὲξῆς

2008 2689 2196 2762 στίχῳ.
2229 2686 2364 2740 Τινὰ
2408 2683 2464 2739 δὲ
2502 2681 2609 2739 τῶν
2637 2685 3014 2756 ἀντιγράφων,
3060 2686 3291 2739 Οὐδ’οὐ
3317 2685 3406 2754 μὴ
3456 2685 3592 2752 γρά-

2008 2800 2221 2852 φουσιν.
2261 2779 2433 2834 Τοῦτο
2471 2777 2528 2833 δὲ
2573 2777 2634 2832 οὐ
2675 2779 2890 2850 ποιήσω
2919 2774 3007 2832 διὰ
3043 2777 3142 2850 τὴν
3164 2777 3428 2849 ἀλήθειάν
3461 2794 3588 2847 μου,

1929 2888 1974 2947 c
2007 2877 2142 2931 διότι
2175 2872 2293 2944 εἰμὶ
2322 2867 2557 2941 ἀληθής.

2082 2962 2235 3020 Οὐδὲ
2257 2962 2342 3035 μὴ
2389 2961 2722 3029 ,ϐεϐημὶώσω
2746 2960 2862 3030 τὴν
2909 2959 3209 3030 διαθήκην
3256 2979 3400 3032 μου.
3443 2955 3582 3014 Οὐδὲ

2009 3057 2273 3113 εὐτελίσω
2311 3055 2483 3126 αὐτὴν
2512 3051 2806 3124 ἁθετῆσας.
2836 3050 3084 3124 Ἀξίωμα
3129 3053 3239 3123 γὰρ
3265 3050 3363 3124 τῆς
3389 3051 3582 3123 διαθή-

2009 3168 2112 3221 κης
2141 3149 2169 3220 ἢ
2201 3148 2429 3220 ἀλήθεια
2459 3146 2918 3215 αὑτῆς-εὐτέλεια
2946 3144 3003 3197 δὲ
3039 3143 3209 3216 αὐτῆς
3241 3147 3275 3216 ή
3303 3145 3587 3214 ἀθέτησις.

2007 3243 2288 3310 suae,an
2327 3241 2384 3293 δὲ
2410 3240 2559 3308 λέγει
2601 3239 2721 3308 τὴν,
2745 3237 2848 3301 Εἷς
2875 3236 2980 3290 τὸν
3006 3234 3191 3290 alin-ra
3224 3235 3478 3308 φυλάξω
3519 3233 3586 3292 τὸ

2003 3333 2178 3398 ἔλεός
2198 3351 2340 3402 μου.

324 3428 419 3470 aut
470 3427 579 3470 non
627 3428 895 3473 servetur.
937 3418 1040 3473 l’cr
1088 3429 1477 3478 testamentum
1541 3437 1747 3491 autem,
1803 3443 1900 3482 seu
1944 3428 2027 3499 (ut
2051 3423 2238 3483 Graeca
2263 3427 2508 3483 dictione
2531 3423 2790 3498 διαθήκη,
2817 3426 3001 3483 verius
3063 3426 3429 3498 significatur)
3482 3439 3587 3496 per

321 3508 767 3576 dispositionem,
794 3511 954 3563 verba
984 3511 1072 3565 illa
1099 3514 1371 3584 intelligit,
1397 3516 1598 3584 quibus
1619 3517 1890 3586 disposuit
1931 3519 2156 3574 dicens:
2184 3520 2246 3573 In
2268 3520 2530 3575 smculum
2550 3518 2769 3572 servabo
2792 3518 2842 3570 ei
2866 3518 3281 3572 misericordiam
3312 3532 3507 3570 meam.

397 3603 466 3655 Et
501 3621 616 3673 qua:
633 3601 927 3670 procedunt
952 3605 1015 3657 de
1030 3603 1187 3656 labiis
1220 3607 1347 3658 meis
1372 3623 1474 3658 non
1499 3609 1696 3671 faciam
1720 3608 1900 3663 irrita.

322 3689 500 3749 Verba
531 3696 645 3748 haec
680 3697 742 3749 ad
783 3693 1207 3761 pra-Cedentinm
1235 3694 1661 3752 declarationem
1697 3714 1899 3753 conse-

324 3795 596 3856 quuntur.
618 3779 927 3838 introducit
950 3793 1132 3838 autem
1167 3781 1440 3855 Propheta
1466 3786 1635 3843 Deum
1673 3789 1761 3843 hic
1793 3787 1900 3842 hu-

330 3896 494 3933 mano
546 3875 784 3948 quodam
825 3894 976 3930 more
1020 3879 1191 3946 loqui,
1241 3877 1367 3932 dum
1409 3880 1551 3935 labia
1601 3881 1754 3935 illum
1801 3895 1901 3937 sua

326 3969 607 4040 appellare
667 3969 816 4023 facit.
871 3968 974 4022 Per
1031 3970 1171 4022 labia
1228 3981 1406 4026 autem
1468 3981 1524 4026 et
1578 3989 1676 4042 per
1725 3989 1789 4028 os
1840 3987 1903 4027 ac

321 4061 568 4130 linguam
597 4061 710 4126 Dei,
743 4064 920 4131 ipsum
965 4059 1055 4115 Dei
1089 4063 1313 4117 verbum
1345 4063 1759 4134 intelligendum
1797 4073 1901 4122 est.

395 4155 564 4210 Vsus.
611 4154 700 4209 56.
740 4151 910 4208 Semel
936 4159 1121 4225 juravi
1173 4156 1225 4210 in
1257 4166 1444 4211 sancto
1478 4176 1612 4224 meo,
1647 4159 1691 4213 si
1731 4157 1904 4214 David

2076 3611 2182 3665 Καὶ
2213 3609 2282 3663 τὰ
2304 3611 2753 3676 ἐκπορευόμενα
2783 3602 2881 3660 διὰ
2912 3605 3032 3658 τῶν
3059 3604 3316 3674 χειλέων
3341 3625 3464 3674 μου
3507 3609 3579 3661 οὐ

1995 3703 2083 3773 μὴ
2115 3697 2410 3767 ἀθετήσω.
2456 3695 2960 3769 Ἐφερμηνευτικδν
2999 3693 3164 3751 τοῦτο
3203 3694 3298 3751 τοῦ
3340 3698 3446 3768 πρὸ
3486 3697 3580 3750 αὖ-

2008 3793 2127 3847 τοῦ.
2173 3789 2672 3860 Ἀνθρωποπρεπὲς
2726 3788 2781 3841 δὲ
2829 3786 2918 3840 διὰ
2973 3783 3083 3839 τῶν
3153 3785 3380 3858 χειλέων
3434 3781 3579 3842 εἷπε.

2010 3885 2184 3956 Χείλη
2211 3885 2268 3937 δὲ
2298 3882 2457 3949 Θεοῦ,
2493 3882 2586 3935 καὶ
2612 3877 2860 3951 γλῶσσα,
2892 3880 2987 3934 καὶ
3028 3878 3225 3948 στόμα,
3249 3881 3276 3933 ὁ
3304 3877 3462 3948 λόγος
3489 3879 3589 3932 αὖ·

2011 3996 2129 4032 τΟυ.

2086 4154 2285 4219 Ἀπαξ
2311 4151 2518 4223 ὤμοσα
2543 4153 2614 4206 ἐν
2638 4152 2716 4218 τῷ
2741 4153 2887 4221 ἁγίῳ
2910 4170 3052 4222 μου,
3080 4153 3134 4206 εί
3159 4149 3238 4215 τῷ
3256 4147 3433 4203 Δαόὶδ
3447 4147 3596 4218 ψεύ-

327 4251 578 4302 menliar.
607 4244 789 4301 'Dictio
822 4248 984 4302 semel
1027 4251 1502 4304 conﬁrmationem
1544 4266 1607 4304 ac
1640 4251 1902 4304 stabilita-

2010 4245 2548 4314 σομαι.-·-”Απαξ,
2578 4245 2701 4299 ἀντὶ
2741 4243 2834 4299 τοῦ
2873 4243 3132 4314 βεϐαίως.
3175 4242 3433 4297 Τοιοῦτόν
3475 4245 3595 4296 ὲστι

330 4354 437 4396 tem
485 4342 777 4410 quamdam
822 4339 1116 4412 significat,
1176 4359 1240 4398 ac
1276 4343 1320 4397 si
1365 4345 1571 4397 diceret
1603 4360 1616 4395 ε
1651 4342 1906 4398 Firmiter

320 4429 524 4497 juravi.
554 4429 746 4484 Simile
789 4431 918 4484 illud
943 4439 1028 4485 est
1057 4449 1069 4484 :
1117 4431 1294 4485 Semel
1318 4433 1525 4486 locutus
1553 4441 1630 4485 est
1662 4431 1805 4486 Deus
1837 4433 1906 4487 ".

205 4533 216 4548 '
322 4519 392 4576 Et
425 4518 640 4585 Juravi,
677 4536 797 4588 pro,
843 4517 1178 4574 Constanter
1232 4523 1469 4576 asserui.
1503 4519 1690 4575 Juravi
1724 4533 1903 4576 autem

326 4631 422 4686 per
474 4615 825 4669 sanctitatem
889 4629 1090 4666 meam.
1144 4612 1339 4667 Omnis
1385 4613 1531 4668 enim
1579 4613 1674 4682 qui
1723 4615 1899 4682 jurat,

327 4721 424 4772 per
468 4703 647 4772 majus
691 4702 824 4772 quid
869 4702 1036 4771 iurat,
1075 4715 1261 4756 verum
1301 4701 1450 4759 Deus
1502 4720 1600 4774 per
1634 4705 1899 4774 majorem

247 4814 250 4817 ·
324 4813 385 4848 sc
420 4794 609 4864 jurarc
651 4810 757 4849 non
785 4796 995 4859 valens,
1023 4809 1121 4862 per
1163 4799 1404 4867 seipsum
1432 4797 1605 4866 jnrat,
1642 4798 1746 4851 hoc
1797 4804 1901 4862 est,

325 4890 381 4942 in
431 4887 696 4957 seipsum,
756 4887 1223 4956 quemadmodum
1268 4899 1502 4959 magnus
1561 4905 1659 4944 nos
1701 4889 1903 4944 Paulus

325 4979 534 5035 docuit.
585 4979 656 5034 Ea
691 4989 872 5035 autem
902 4981 1066 5036 verba
1105 4998 1118 5034 :
1152 4977 1210 5036 Si
1261 4980 1431 5037 David
1486 4983 1733 5048 mentiar,
1760 4983 1900 5038 idem

325 5071 641 5143 signiﬁcant
668 5087 736 5128 ac
767 5072 812 5127 si
845 5073 1113 5130 dixisset:
1139 5069 1263 5128 Non
1296 5073 1532 5129 mentiar
1564 5075 1670 5146 ipsi
1701 5074 1896 5127 David.

325 5165 423 5220 Est
468 5166 614 5220 enim
663 5166 766 5219 hoc
815 5182 1034 5237 quoque
1073 5168 1275 5222 Veteris
1326 5166 1626 5237 Scriptura!
1673 5167 1897 5232 idioma,

327 5265 384 5309 ut
415 5257 473 5310 in
503 5257 835 5322 juramemis
865 5258 1184 5321 dictionem,
1226 5258 1308 5322 Si,
1340 5271 1508 5328 ponat
1534 5259 1656 5314 loco
1688 5261 1898 5328 negati-

325 5333 424 5401 γει).
487 5349 620 5403 Tale
675 5351 807 5420 quid
865 5350 1116 5406 invenies
1167 5351 1221 5404 in
1261 5352 1477 5421 psalmo
1524 5367 1711 5414 cxxxt,
1771 5352 1842 5405 ibi
1885 5370 1899 5405 :

321 5431 386 5492 Si
427 5435 656 5493 lmroibo
689 5440 742 5493 lu
776 5440 1176 5495 tabernaculum
1200 5439 1580 5509 domus‘mele,
1613 5453 1731 5509 pro,
1773 5437 1898 5495 Non

311 5523 586 5596 ‘unro‘ibo,
623 5539 677 5584 et
722 5543 842 5600 quae
889 5541 1230 5603 sequuntur.

355 5609 362 5630 τ
391 5619 561 5677 'Vsas.
608 5613 702 5676 '57.
737 5615 927 5677 Semen
966 5623 1081 5678 eius
1113 5625 1164 5677 in
1192 5623 1443 5679 wearum
1467 5632 1667 5679 manet.
1698 5619 1897 5679 Semen

393 5793 444 5827 ”
466 5791 756 5857 Paulum,
787 5793 879 5849 l2.

2005 4341 2100 4392 καὶ
2127 4339 2206 4396 τὺ,
2230 4336 2422 4400 "Aerati
2449 4336 2756 4402 ἐλάλησεν
2788 4338 2819 4389 ὁ
2839 4334 3080 4402 Θεὸς.-
3111 4337 3343 4404 "Opaca
3369 4333 3447 4400 δὲ,
3472 4334 3594 4388 ἀντὶ

2005 4431 2101 4482 τοῦ
2143 4429 2506 4482 Ἐϐεὸαίωσα.
2545 4427 2763 4496 ’Ὢμοσα
2789 4427 2845 4480 δὲ
2880 4428 3024 4481 κατὰ
3045 4428 3144 4498 τῆς
3178 4427 3320 4498 ἐμῆς
3345 4425 3592 4493 ἁγιωσύ-

2007 4538 2104 4591 νης
2131 4537 2144 4552 ·
2192 4523 2298 4586 πᾶς
2356 4520 2456 4590 μὲν
2484 4518 2594 4587 γὰρ
2620 4520 2648 4569 ὁ
2689 4517 2907 4586 ὀμνύων
2947 4517 3090 4570 κατᾶ
3142 4517 3390 4587 μείζονος
3423 4519 3594 4585 ὄμνυ-

2011 4630 2118 4666 σιν.
2169 4611 2230 4667 Ὃ
2256 4614 2313 4666 δὲ
2357 4612 2514 4676 Θεὸς,
2575 4607 2649 4679 μὴ
2691 4606 2837 4678 ἔχων
2872 4608 3018 4662 κατὰ
3075 4603 3323 4677 μείζονος
3366 4608 3591 4677 ὀμόσαι,

2009 4702 2208 4774 δμνυσι
2240 4701 2364 4754 καθ’
2409 4695 2627 4759 ἑαυτοῦ,
2676 4697 2858 4748 είτουν
2918 4697 2998 4759 είς
3046 4693 3261 4756 ἑαυτὸν,
3305 4691 3394 4756 ὡςι
3438 4691 3534 4745 καὶ
3565 4693 3595 4744 6

2016 4799 2192 4870 μέγας
2234 4794 2446 4856 Παῦλος
2475 4789 2709 4856 ἐδίδαξε.
2737 4789 2811 4842 Τὸ
2835 4788 2914 4852 δὲ,
2954 4785 3021 4842 Ei
3041 4784 3125 4853 ’τῷ
3158 4786 3336 4840 Δαϐὶῦ
3361 4787 3592 4855 ψεύσο-

2000 4905 2136 4961 μαι,
2184 4888 2307 4940 ἀντὶ
2331 4885 2453 4950 τοῦ,
2475 4885 2551 4939 Οὐ
2580 4882 2658 4952 τῷ
2691 4878 2854 4935 Δαϐὶδ
2879 4877 3177 4952 ψεύσομαι.
3221 4875 3442 4946 ’ἰδίωμα
3479 4877 3594 4948 γὰρ

2011 4981 2288 5037 καὶτοῦτο
2330 4979 2429 5047 τῆς
2459 4975 2724 5042 Παλαιᾶς,
2755 4975 2822 5029 ’τδ
2841 4975 2913 5036 εί,
2943 4975 3065 5028 ἀντὶ
3115 4969 3217 5027 τοῦ
3254 4973 3328 5027 οὐ
3381 4971 3598 5042 λαμϐά-

2011 5093 2125 5129 νειν
2182 5074 2276 5126 ἐπὶ
2326 5069 2435 5124 τῶν
2497 5069 2831 5138 ὀμνυόντων.
2897 5062 3156 5122 Τοιοῦτον
3220 5065 3476 5136 εὑρήσεις
3497 5063 3597 5118 καὶ

2011 5168 2068 5221 ὲν
2091 5168 2156 5236 τῇ
2182 5166 2325 5237 ἀρχῇ
2381 5162 2475 5216 τοῦ
2504 5158 2617 5234 ρλα¹
2645 5159 2886 5231 ψαλμοῖν
2927 5157 2993 5212 El
3049 5157 3479 5226 εἰσελεύσομαι
3505 5157 3593 5222 είς

2009 5258 2303 5328 σκήνωμα
2321 5255 2490 5311 οἴκου
2505 5267 2650 5324 μου,
2684 5252 2812 5306 ἀντὶ
2830 5247 2955 5315 τσῦ,
2989 5248 3114 5304 Ὸύκ
3139 5249 3590 5318 είσελεύσομαι,

2012 5351 2198 5405 καὶτὰ
2229 5348 2379 5420 ἑξῆς.

2083 5617 2154 5673 Τὸ
2181 5600 2422 5686 σπέρμα
2448 5611 2636 5669 αὑτοῦ
2661 5611 2751 5677 είς
2771 5605 2882 5664 ὠν
2920 5603 3312 5676 ditia-operm.
3344 5603 3583 5678 Σπέρμα
