4088 6426
483 377 599 443 923

1719 381 2114 447 EUTHYMII
2160 383 2528 445 ZIGABENI

3654 388 3773 452 924

561 489 725 546 Vens.
753 489 845 548 ιο.
892 491 1218 548 Destruristi
1248 500 1619 550 testamentum
1648 495 1783 550 servi
1813 496 1911 550 tui.
1938 495 2068 551 frri-

2243 495 2673 565 Κατέστρεψας
2696 496 2819 563 τὴν
2863 494 3161 567 διαθήκην
3197 496 3308 552 τοῦ
3348 495 3593 555 δούλου·
3619 517 3770 556 σου.

486 582 638 643 testi.
663 583 864 652 inquit,
904 583 1355 651 promissionem,
1375 598 1540 655 quam
1573 584 1622 640 ei
1650 582 1856 640 fecisti.

558 675 878 745 Profanasti
919 676 975 729 in
1009 684 1207 730 terram
1252 675 1622 731 sanctuarium
1650 675 1789 746 ejus.
1822 674 2071 733 Vidimus

484 766 541 821 itt
572 768 781 837 psalmo
821 784 995 824 num
1032 786 1047 824 :
1094 765 1527 836 Profanaverunt
1557 769 1613 823 in
1653 777 1851 824 terram
1894 769 2073 824 taber-

486 863 739 913 nacutum
771 860 1001 919 nominis
1035 861 1135 915 tui.
1164 859 1269 913 Per
1298 862 1679 916 sanctuarium
1707 870 1886 916 autem
1927 860 2068 929 ejus,

485 951 634 1020 ejus.
682 950 810 1006 dico
840 950 1037 1016 David,
1078 950 1496 1007 celeberrimum
1525 951 1660 1007 illud
1694 951 1953 1022 templum
1985 952 2071 1006 in-

486 1040 707 1111 telligit,
739 1041 885 1110 quod
916 1040 1022 1095 fuit
1055 1043 1109 1096 in
1140 1040 1443 1097 Jerusalem
1474 1057 1489 1095 :
1524 1042 1680 1110 quasi
1708 1042 1775 1095 ab
1805 1042 1925 1111 ipso
1967 1040 2073 1096 Da-

481 1132 572 1187 vid
595 1140 978 1188 constructum
1007 1131 1226 1198 fuisset,
1255 1147 1349 1188 seu
1383 1131 1557 1201 ipsius
1577 1131 1871 1188 dicendqu
1897 1139 2068 1196 esset,

482 1240 550 1278 eo
579 1226 731 1295 quod
764 1226 833 1280 ab
865 1240 931 1282 eo
961 1226 1200 1294 primum
1245 1225 1530 1281 decretum
1559 1233 1762 1288 est,'ut
1808 1224 2070 1280 asdilicari

482 1317 709 1374 deberet
739 1335 754 1373 :
784 1326 842 1376 et
891 1319 1019 1390 quia
1079 1317 1366 1373 materiam
1408 1317 1688 1373 Salomoni
1751 1318 1864 1373 tilio
1914 1326 2071 1373 tanto

485 1411 637 1480 operi
679 1418 1043 1482 opportunam
1096 1410 1334 1480 reliquit.
1388 1410 1532 1477 Quin
1577 1411 1691 1465 imo
1739 1409 1854 1480 jam
1909 1421 2069 1466 antea

483 1500 603 1566 ipse
633 1500 768 1557 illud
803 1502 1093 1578 erexisset,
1119 1502 1175 1557 ni
1196 1501 1416 1580 iussum
1446 1501 1496 1556 ei
1528 1500 1727 1557 fuisset
1752 1515 1784 1557 a
1812 1500 2065 1567 Domino,

482 1606 552 1645 ne
590 1593 728 1662 ipse,
763 1593 858 1650 sed
895 1594 1153 1649 Salomon
1187 1594 1450 1663 templum
1478 1592 1799 1649 mdillcaret.
1831 1591 1898 1647 In
1925 1608 2070 1663 prte-

482 1682 628 1738 dicto
660 1683 830 1740 etiam
860 1684 1071 1754 psalmo
1118 1699 1316 1748 Lxxm,
1355 1693 1464 1739 tam
1517 1683 1696 1739 sancti
1743 1699 1907 1754 quam
1944 1700 2073 1739 san-

481 1770 681 1832 ctuarii
718 1777 941 1834 nomine
987 1777 1243 1834 similiter
1293 1777 1562 1848 templum
1610 1777 1868 1847 appellat.
1930 1776 2067 1833 Illud

2177 588 2497 653 Κατέλυσας
2521 589 2624 660 τὴν
2648 590 3007 658 ἐπαγγελίαν,
3055 590 3157 661 τὴν
3184 590 3325 662 πρὸς
3357 592 3546 648 αὐτόν.

2260 679 2676 747 Ἐσεϐήλωσας
2698 683 2787 747 εις
2822 681 2940 747 τὴν
2963 679 3082 750 γῆν
3122 681 3191 735 td
3225 684 3494 751 ἀγίασμα
3544 684 3767 739 αὐτοῦ.

2173 774 2288 830 Καὶ
2312 776 2372 828 ὲν
2392 774 2471 846 τῷ
2509 771 2588 844 ογ¹
2631 773 2837 845 ψαλμῷ
2867 775 3095 845 εἴρηκεν
3118 791 3134 808 ο
3169 776 3295 841 Ἐἰς
3320 775 3437 844 τὴν
3454 777 3575 847 γῆν
3629 777 3769 831 ἐσε-

2177 863 2463 932 ϐήλωσας
2484 863 2552 918 τὸ
2579 861 2872 932 σκήνωμα
2903 863 3008 918 τοῦ
3033 862 3331 933 ὀνόματός
3351 878 3492 917 σου.
3528 862 3645 916 Νῦν
3701 863 3768 916 δὲ

2175 955 2431 1026 ἁγίασμα
2456 953 2555 1008 τοῦ
2578 953 2744 1008 Δασὶδ
2769 953 2862 1007 τὸν
2904 955 2963 1007 ὲν
3001 952 3408 1023 Ἰεροσολύμοις
3427 952 3771 1023 περιϐόητον

2175 1044 2301 1099 εἶπε
2333 1046 2484 1111 ναὸν,
2515 1045 2592 1110 ὡς
2622 1044 2792 1099 αὐτοῦ
2826 1044 2923 1098 τοῦ
2954 1045 3124 1099 Δαὸὶδ
3174 1043 3521 1116 προθεμένου
3571 1045 3770 1098 τοῦτον

2173 1138 2551 1208 οἰκοδομῆσαι,
2589 1139 2686 1192 καὶ
2710 1138 2814 1210 τὴν
2849 1136 2987 1206 ὕλην
3049 1136 3153 1206 τῆς
3178 1136 3473 1207 οἰκοδομῆς
3500 1136 3582 1206 τῷ
3604 1137 3771 1190 παιδὶ

2174 1232 2485 1302 Σολομῶντι
2509 1231 2931 1296 καταλιπόντος,
2966 1230 3056 1285 διὰ
3074 1230 3136 1284 τδ
3174 1228 3434 1283 κελεῦσαι
3486 1227 3579 1281 τὸν
3621 1227 3769 1283 Θεὸν

2176 1321 2256 1394 μὴ
2285 1321 2449 1393 παρὰ
2493 1322 2679 1388 Δασὶδ,
2702 1321 2842 1376 ἀλλὰ
2875 1319 3035 1392 παρὰ
3059 1318 3155 1374 τοῦ
3191 1318 3387 1382 παιδὸς
3406 1317 3577 1373 αὐτοῦ
3638 1318 3775 1373 τοῦ-

2174 1430 2273 1467 τον
2295 1412 2746 1484 οἰκοδομηθῆναι.
2784 1414 2983 1483 Ἀγιον
3029 1411 3092 1467 δὲ
3127 1411 3224 1466 καὶ
3264 1411 3627 1482 ἁγιαστὴριον
3666 1410 3771 1464 τὸν

2172 1504 2303 1560 ναὸν
2340 1504 2570 1560 ἐκάλεσε
2626 1507 2720 1559 καὶ
2749 1507 2809 1560 ὲν
2856 1504 2935 1574 τῷ
2965 1503 3188 1576 ῥηθέντι
3215 1501 3295 1575 τῷ
3313 1500 3394 1573 ογ¹
3415 1499 3640 1573 ψαλμῷ.
3670 1501 3772 1571 Τῷ

2174 1597 2340 1651 Δαϐὶδ
2354 1597 2412 1650 δὲ
2428 1597 2489 1650 τὺ
2513 1596 2686 1660 πάθος
2709 1597 2831 1651 ὅλον
2846 1599 2874 1651 6
2893 1596 3025 1660 λαδς
3040 1593 3364 1666 περιάπτει,
3415 1611 3482 1648 πε
3490 1593 3592 1664 ιρώ
3599 1609 3772 1661 μενος

2174 1689 2390 1760 κάμψαι
2421 1689 2512 1743 τὸν
2539 1690 2673 1743 Θεὸν
2698 1691 2781 1754 είς
2812 1686 3000 1744 οἶκτον
3054 1687 3276 1758 stum
3332 1687 3561 1742 ἐκείνων
3618 1702 3771 1756 σεεμ-

2174 1778 2434 1834 πάθειαν.

477 1868 649 1924 etiam
709 1870 1260 1926 animadvertendum
1311 1872 1557 1933 videtur.
1632 1870 1775 1939 quod
1832 1870 2107 1940 Pmplteta
2168 1872 2264 1943 qui
2299 1889 2364 1929 ex
2400 1873 2610 1944 populi,
2648 1881 2707 1926 ut
2730 1871 2996 1938 diximus,
3029 1870 3277 1942 loquitur
3320 1884 3578 1939 persona,
3620 1868 3773 1924 uni-

478 1972 693 2012 versam
740 1958 884 2015 hanc
913 1960 1286 2015 calamitatem
1333 1958 1389 2014 in
1423 1960 1601 2029 ipsum
1635 1960 1815 2030 rejicit
1846 1960 2064 2014 beatum
2108 1960 2301 2027 Dat-id,
2337 1963 2574 2019 studens
2614 1963 2720 2018 ltoc
2757 1972 2919 2031 pacto
2951 1962 3121 2018 Deum
3158 1962 3332 2033 magis
3397 1962 3466 2017 ad
3544 1962 3773 2021 miseri-

479 2050 724 2106 cordiam
757 2050 998 2115 flectere,
1035 2052 1164 2107 dum
1208 2055 1466 2122 populum
1524 2053 1700 2108 cernit
1736 2062 1884 2107 tanta
1931 2069 2059 2122 erga
2098 2053 2316 2109 beatum
2351 2056 2521 2109 David
2549 2056 2938 2123 ctnupassiouc
2969 2057 3295 2127 permoveri.

557 2141 718 2197 Vens.
750 2142 841 2196 41.
867 2143 1194 2199 Destruxisti
1217 2162 1394 2201 omnes
1418 2162 1563 2215 sepes
1590 2146 1727 2215 ejus.
1752 2143 1859 2199 Per
1888 2161 2067 2216 sepes,

2252 2146 2539 2215 Καθεῖλες
2568 2147 2805 2214 πάντας
2837 2148 2977 2214 τοὺς
3016 2145 3330 2218 φραγμοὺς
3371 2145 3585 2201 αὐτοῦ.
3620 2145 3776 2217 Φρα-

485 2232 677 2305 templi
733 2249 923 2293 muros
970 2234 1252 2308 intelligit,
1303 2252 1401 2295 seu
1447 2237 1611 2294 etiam
1669 2236 1818 2309 ipsas
1869 2236 2073 2310 Moysis

481 2326 651 2395 leges.

553 2416 786 2472 Posuisti
818 2420 1132 2475 munitiones
1182 2420 1299 2492 ejus
1330 2419 1698 2490 formidinem.
1749 2422 1827 2477 De
1868 2420 2073 2477 Jecboo

481 2509 575 2564 uia
624 2510 883 2581 loquens,
939 2520 1033 2567 aut
1089 2515 1158 2569 de
1213 2513 1464 2577 Sedecia,
1523 2528 1839 2570 sermonem
1891 2523 2073 2569 tamen

482 2614 646 2654 suum
702 2598 904 2655 format
952 2604 1217 2672 propheta
1251 2603 1409 2674 quasi
1444 2603 1513 2657 de
1565 2604 1750 2675 seipso
1808 2605 2071 2675 loquatur

488 2692 659 2747 David
709 2712 722 2749 :
757 2693 888 2764 quia
926 2695 1318 2762 calamitatem,
1350 2711 1457 2766 qua
1490 2696 1696 2768 posteri
1729 2696 1912 2751 obruti
1947 2695 2069 2752 fue-

485 2793 640 2849 runt,
690 2783 898 2838 illatam
940 2792 1158 2856 reputat
1201 2784 1561 2856 progenitori.
1607 2782 1942 2840 Munitiones
1971 2768 2069 2839 an?

480 2884 589 2930 tem
640 2885 749 2932 tam
796 2875 1076 2934 Jechonim
1124 2894 1289 2949 quam
1339 2878 1582 2935 Sedecia:
1671 2878 1726 2934 in
1781 2893 2066 2934 murorum

480 2970 688 3025 ambitu
743 2977 938 3038 erant;
972 2986 1160 3026 verum
1196 2981 1428 3043 uterque
1458 2986 1649 3026 eorum
1683 2971 1738 3026 in
1774 2970 2067 3042 captivita-

484 3069 593 3114 tem
625 3046 785 3118 aclus
810 3069 918 3127 est,
942 3071 998 3118 et
1023 3069 1300 3118 tantarum
1340 3062 1707 3118 monitionum
1740 3062 1887 3127 loco,
1921 3070 2071 3118 uter-

2169 2243 2304 2313 γμοὶ
2324 2242 2393 2296 τὰ
2413 2242 2568 2314 τείχη
2601 2242 2695 2297 καὶ
2721 2243 2776 2296 οί
2819 2241 3003 2315 νόμοι.

2257 2424 2437 2478 Ἔθου
2470 2422 2542 2478 τὰ
2582 2423 2967 2493 ὀχυρώματαῌ
2983 2421 3175 2478 αὐτοῦ
3234 2419 3492 2475 δειλίαν.
3549 2417 3640 2473 Ἐν
3684 2418 3775 2489 τῷ

2187 2515 2418 2587 Ἰεχονὶα
2456 2515 2576 2580 νῦν,
2608 2516 2641 2587 ἢ
2677 2515 2754 2586 τῷ
2784 2516 3014 2588 Σεδεκία
3036 2516 3124 2569 τὸν
3158 2514 3326 2569 Δαϐὶδ
3352 2510 3640 2584 ὀνομάζει,
3684 2512 3774 2577 ὡς

2175 2608 2487 2677 ἀπογόνους
2519 2608 2713 2675 αὐτοῦ,
2743 2602 2818 2662 ὧν
2844 2608 3080 2662 ἑκάστου
3123 2606 3462 2678 ὀχυρώματα
3516 2600 3659 2675 ἦσαν
3708 2605 3771 2657 oi

2177 2699 2459 2770 περίϐολοι
2481 2701 2593 2754 τῶν
2624 2702 2845 2772 τειχῶν.
2899 2700 3187 2763 Ἑαλωκὼς
3215 2699 3261 2754 δ’
3293 2698 3581 2767 ἑκάτερος,
3635 2696 3772 2750 ἀντὶ

2176 2793 2287 2847 τῶν
2333 2794 2707 2866 ὀχυρωμάτων
2744 2794 2949 2849 τούτων
2977 2793 3183 2848 δειλίαν
3205 2792 3545 2864 περιέκειτο.
3575 2789 3773 2844 Ἐποί-

2175 2901 2320 2954 ησας
2353 2884 2472 2952 νῦν,
2498 2887 2658 2958 φησι,
2682 2889 2814 2951 τοὺς
2872 2885 3198 2958 περιὸόλους
3254 2883 3450 2945 αὑτοῦ,
3500 2882 3622 2936 ἀντὶ
3665 2878 3772 2933 τοῦ

2177 2976 2330 3047 πρὶν»
2361 2978 2587 3035 δειλίαν.
2609 2979 2831 3051 Ταύτην
2883 2980 2993 3050 γὰρ
3042 2977 3118 3042 ὡς
3170 2974 3461 3045 περίϐολον
3511 2972 3773 3044 περίκει-

2175 3084 2292 3125 ται.

479 3167 587 3222 que
606 3154 769 3210 etiam
798 3152 1092 3211 formidine
1121 3155 1225 3212 fuit
1249 3155 1653 3213 circumdatus.
1681 3154 1885 3214 Fecisti
1914 3172 2064 3225 eum,
2106 3158 2308 3231 inquit,
2343 3165 2676 3221 circumdari
2720 3163 3037 3230 formidine,
3094 3172 3260 3234 atque
3297 3176 3377 3219 ea.
3433 3159 3599 3216 veluti
3676 3172 3775 3214 se-

477 3236 588 3316 ptis
623 3246 953 3316 quibusdam
992 3248 1215 3305 vallari.
1544 3318 1551 3325 η

551 3340 716 3396 Vens.
750 3341 842 3397 42.
878 3341 1221 3409 Diripuerunt
1248 3359 1365 3398 eum
1393 3359 1571 3398 omnes
1614 3350 1948 3398 transeuntes
1974 3359 2071 3414 per

477 3436 639 3489 riam.
675 3435 834 3500 Eum,
879 3450 978 3503 pro
1030 3433 1166 3505 Ejus
1217 3435 1458 3493 divitias.
1510 3436 1889 3493 Transeuntes
1935 3453 2068 3494 vero

2245 3342 2579 3414 Διήρπαζον
2601 3343 2790 3399 αὐτὸν
2821 3345 2876 3398 οἱ
2932 3341 3309 3408 διοδεύοντες
3332 3332 3508 3396 ὀδόν.
3541 3339 3767 3407 Αὑτὸν,

2173 3438 2293 3510 ἦτοι
2361 3436 2466 3490 Τὸν
2541 3434 2778 3489 πλοῦτον
2837 3433 3035 3488 Αὐτοῦ.
3099 3431 3446 3497 Διοδεύοντας
3501 3432 3559 3485 δὲ
3611 3431 3777 3500 λέγει

479 3544 578 3597 per
620 3528 760 3581 viam
809 3527 1022 3583 vicinas
1062 3528 1300 3597 appellat
1350 3537 1565 3600 gentes,
1601 3545 1722 3599 qua:
1774 3530 2066 3585 transitum

2177 3529 2243 3583 τὰ
2279 3530 2497 3597 γείτονα
2525 3527 2677 3598 ἔθνη,
2715 3526 2784 3580 τὰ
2816 3525 3046 3598 πλησίον
3077 3522 3242 3579 αὑτοῦ
3281 3523 3626 3595 πεποιημένα
3656 3522 3772 3593 τὴν

481 3636 656 3691 prope
686 3635 812 3674 eum
851 3619 1150 3683 faciebant,
1173 3630 1227 3675 et
1253 3636 1391 3690 quas
1423 3621 1477 3675 in
1527 3624 1738 3693 psalmo
1767 3639 1934 3677 um
1969 3639 2068 3695 ap-

480 3712 728 3781 pellavit,
764 3711 1265 3784 Praztergredientes
1291 3715 1453 3770 aiant.

556 3800 763 3856 Factus
792 3811 869 3856 est
897 3803 1237 3871 opprobrium
1263 3803 1444 3859 uicinis
1473 3806 1605 3862 suis.
1635 3803 1734 3861 llic
1762 3805 2070 3861 versiculus

478 3896 641 3950 etiam
675 3896 906 3950 habetur
939 3900 991 3951 in
1026 3895 1240 3967 psalmo
1282 3913 1515 3963 Lxxvm,
1545 3913 1611 3952 eo
1661 3909 1893 3968 excepto
1919 3900 2074 3970 quod

484 3988 599 4043 illic
626 3987 864 4059 populus
895 3988 1093 4058 plurali
1126 3989 1301 4044 utitur
1328 4005 1607 4047 sermone.

548 4079 717 4135 Vsus.
752 4081 841 4136 43.
876 4080 1147 4135 Exaltasti
1198 4084 1467 4136 dexteram
1504 4085 1883 4137 conterentium
1924 4100 2069 4136 eum.

478 4170 594 4226 lluc
622 4178 730 4232 est,
765 4172 1084 4241 superiores
1132 4173 1182 4229 ei
1239 4173 1420 4229 fecisti
1473 4174 1825 4246 Babylonios.
1876 4174 2071 4228 Solent

478 4262 626 4318 enim
670 4264 765 4337 qui
825 4265 1062 4321 victores
1103 4275 1230 4320 sunt
1273 4266 1326 4320 in
1377 4266 1548 4333 bello,
1582 4268 1846 4323 extollere
1875 4281 2071 4322 manus

478 4371 649 4427 supra
675 4356 874 4422 victos,
913 4366 1080 4428 atque
1107 4358 1216 4414 hoc
1256 4369 1419 4428 pacto
1451 4374 1546 4415 eos
1573 4360 1802 4416 caedere.

558 4532 880 4603 Lmtiﬁcasti
915 4548 1091 4588 omnes
1122 4533 1362 4592 inimicos
1392 4539 1530 4606 ejus.
1579 4530 1800 4592 Vicinus
1860 4535 2075 4592 scilicet

474 4634 685 4696 gentes,
722 4637 780 4681 ut
818 4628 870 4679 in
905 4627 1220 4695 saepedicto
1247 4625 1462 4697 psalmo
1499 4643 1706 4683 Lxxvm
1739 4628 2006 4684 diximus.

544 4735 716 4791 Vsus.
753 4736 845 4791 Ην.
876 4738 1125 4792 Avertisti
1156 4738 1488 4810 adjutorium
1519 4740 1690 4811 gladii
1738 4740 1877 4810 ejus.
1911 4739 2069 4808 Quod

473 4831 530 4885 in
565 4847 744 4901 pugna
774 4831 822 4886 ei
854 4838 1117 4900 praestare
1144 4834 1395 4889 solebas.

546 4944 615 4999 Et
654 4962 756 5000 non
785 4962 839 5001 es
873 4947 1168 5002 auxiliatus
1198 4949 1245 5002 ei
1300 4950 1356 5002 in
1412 4947 1574 5003 bello.
1634 4948 1795 5014 Quod
1852 4950 2075 5005 scilicet

474 5035 741 5091 adversus
771 5036 1100 5110 Babylonios
1126 5047 1341 5110 gestum
1366 5050 1475 5093 est.

548 5150 713 5207 Vens.
736 5152 826 5208 45.
858 5152 1110 5208 Desinisti
1139 5153 1205 5208 ab
1234 5152 1618 5209 emundatione
1657 5153 1798 5224 ejus.
1839 5154 2078 5212 Ccssare

474 5259 602 5299 eum
634 5242 814 5300 fecisti
858 5258 889 5299 a
923 5255 1188 5302 consueta
1241 5245 1587 5317 purgatione.
1641 5247 2078 5318 Aspersionibus

475 5335 623 5391 enim
689 5334 989 5391 utebantur
1057 5344 1113 5393 et
1162 5335 1553 5405 puriﬁcatorlis
1596 5336 1808 5405 Judaei,
1856 5339 2078 5411 quando

474 5425 854 5482 celebritatem
919 5434 1015 5482 aut
1042 5426 1396 5483 festivitatem
1428 5428 1670 5498 aliquam
1720 5429 2075 5501 peragebant.

476 5514 524 5569 Δ
562 5516 897 5586 praecedenti
941 5517 1112 5588 igitur
1149 5516 1390 5587 signavit
1424 5517 1478 5574 id
1502 5517 1654 5589 quod
1687 5518 2074 5589 consequitur,

480 5621 544 5661 ac
598 5608 642 5661 si
685 5607 940 5664 diceret:
992 5607 1197 5666 Omnes
1246 5608 1396 5666 illius
1456 5610 1787 5668 festivitates
1845 5626 2078 5683 prorsus

496 5698 717 5752 dclesti.

560 5807 623 5860 Et
654 5810 899 5865 thronum
951 5812 1066 5869 eius
1122 5814 1178 5869 in
1238 5822 1383 5871 terra
1433 5816 1765 5891 confregisti.
1818 5815 2066 5888 Regnum

2175 3626 2371 3690 δίοδον,
2399 3623 2436 3679 ἃ
2480 3624 2572 3679 καὶ
2634 3626 2694 3677 έν
2735 3622 2814 3694 τῷ
2855 3619 2932 3676 οθ¹
2967 3619 3172 3693 ψαλμῷ
3197 3620 3777 3693 παραπορευομένους

2172 3717 2486 3788 ὠνόμασεν.

2254 3809 2538 3879 Ἐγενήθη
2588 3805 2820 3872 ὄνειδος
2866 3804 2993 3872 τοῖς
3026 3807 3298 3876 γείτοσιν
3336 3802 3546 3859 αὑτοῦ.
3581 3795 3774 3864 Οὗτος

2171 3904 2200 3956 6
2228 3904 2413 3974 στίχος
2442 3900 2539 3972 κα).
2574 3900 2633 3953 ὲν
2659 3898 2738 3972 τῷ
2762 3907 2842 3970 οη¹
2867 3898 3073 3969 ψαλμῷ
3146 3898 3329 3952 κεῖται
3350 3913 3365 3928 ⁸
3409 3894 3775 3968 πληθυντικῷ

2172 3997 2229 4051 δὲ
2267 3998 2451 4050 ἐκεῖσε
2477 3993 2795 4066 χαρακτῆρι
2823 3990 3220 4062 ὲκπεφώνηται
3253 4032 3268 4047 .

2223 4089 2537 4158 σ’Υψ-ωοάς
2589 4086 2706 4155 τὴν
2756 4085 2966 4149 δεξιὰν
3011 4082 3131 4138 τῶν
3179 4084 3509 4139 θλιϐόντων
3554 4080 3774 4136 αὐτόν.

2190 4181 2339 4235 Ἀντὶ
2385 4176 2505 4246 τοῦ,
2568 4175 2941 4248 ’Υπερτέρους
2984 4175 3115 4240 τοὺς
3167 4172 3548 4236 Βαϐυλωνίους
3612 4171 3777 4224 ἑποία-

2173 4290 2333 4345 ησας.
2362 4272 2425 4325 Οἱ
2468 4269 2577 4342 γὰρ
2602 4268 2864 4332 νικῶντες
2919 4269 2979 4321 ὲν
3038 4265 3283 4336 πολέμῳ.
3343 4262 3606 4336 ὑπεράνω
3652 4260 3775 4315 τῶν

2173 4365 2494 4435 νικωμένων
2526 4361 2627 4427 τὰς
2668 4358 2883 4415 ἑαυτῶν
2908 4360 3103 4430 χεῖρας
3122 4355 3531 4423 ἀνατείνοντες,
3568 4351 3776 4406 παίου·

2176 4473 2285 4511 σιν.

2245 4547 2569 4615 Εὔφρονος
2607 4542 2842 4612 πάντας
2883 4541 3030 4610 τοὺς
3088 4540 3349 4611 ἐχθροὺς
3401 4536 3612 4594 αὐτοῦ.
3679 4536 3777 4591 Τὰ

2173 4642 2394 4711 γείτονα
2425 4640 2575 4711 ἔθνη,
2607 4639 2682 4706 ὡς
2708 4640 2766 4694 ὲν
2791 4636 2870 4710 τῷ
2895 4635 2976 4708 οη¹
2998 4634 3201 4709 ψαλμῷ
3228 4635 3580 4707 προείρηται.

2258 4752 2675 4822 Ἀπέστρεψας
2735 4749 2854 4819 τὴν
2920 4747 3220 4817 βοήθειαν
3270 4744 3385 4815 τῆς
3450 4743 3773 4814 ῥομφαίας

2174 4845 2388 4901 αὐτοῦ.
2423 4846 2528 4899 Ἦν
2563 4842 2814 4911 συνήθως
2830 4843 2890 4896 ὲν
2924 4842 3127 4914 μάχαις
3174 4837 3327 4909 αὐτῷ
3363 4837 3651 4908 παρεῖχες.

2248 4960 2358 5017 Kal
2381 4962 2494 5014 οὐκ
2523 4957 2864 5015 ἁντελάϐου
2897 4957 3091 5013 αὐτὸν
3117 4954 3188 5009 ἐν
3209 4951 3292 5019 τῷ
3347 4952 3611 5022 πολέμῳ.
3671 4951 3778 5023 Τῷ

2177 5053 2316 5125 πρὸς
2340 5049 2756 5118 Βαϐυλωνίους.

2249 5160 2608 5228 Κατέλυσας
2635 5159 2756 5215 ἀπὸ
2786 5157 3167 5229 καθαρισμοῦ
3207 5157 3424 5213 αὐτοῦ.
3458 5156 3777 5212 Rustican-

2181 5270 2281 5319 σας
2328 5253 2496 5308 αὐτὸν
2537 5252 2648 5306 ἀπὸ
2686 5251 2781 5306 τοῦ
2812 5251 3083 5324 συνήθους
3129 5251 3505 5323 καθαρισμοῦ.
3560 5251 3778 5323 Περιρο

2183 5345 2502 5419 ραντηρίοις
2540 5343 2653 5415 γὰρ
2720 5343 2964 5416 ἐχρῶντο
3019 5343 3117 5397 καὶ
3174 5342 3502 5415 καθαρσίοις
3547 5343 3606 5395 ὲν
3641 5342 3777 5406 ταῖς

2179 5440 2422 5511 δορταῖς.
2455 5436 2557 5491 Διὰ
2581 5436 2639 5490 δὲ
2665 5434 2766 5490 τοῦ
2809 5437 3180 5507 προκειμένου
3223 5435 3286 5489 τὸ
3318 5435 3591 5507 ἑπόμενον
3618 5433 3773 5506 t6!)—

2180 5531 2357 5587 λωσεν
2379 5546 2397 5564 ο
2429 5530 2515 5585 ὅτι
2549 5529 2788 5594 ’Δνεῖλες
2837 5528 2939 5593 τὰς
2981 5529 3176 5599 ἑορτὰς
3220 5527 3413 5584 αὑτοῦ.

2253 5816 2362 5871 Τὸν
2397 5817 2614 5884 θρόνον
2654 5813 2844 5869 αὑτοῦ
2888 5817 2973 5882 εις
3029 5815 3144 5886 τὴν
3198 5816 3318 5888 γῆν
3366 5813 3780 5885 κατέῤῥαξας.
