4088 6412
309 436 416 503 θὲδ

1488 428 1879 491 COMMENT.
1926 428 2005 487 l-N
2040 427 2399 487 PSALMOS.
2492 406 2499 409 ’

3475 418 3586 483 926

308 556 421 623 Τῇ-ι
452 548 737 621 βασιλείαν
769 546 940 603 αὐτοῦ
974 545 1352 621 ἀναστρέψας.
1390 543 1782 615 Μεταφοριχδς
1832 541 1888 594 δὲ

1999 542 2113 611 ejus
2158 540 2323 595 etiam
2375 537 2645 593 erertisti.
2707 537 2803 592 Est
2857 538 3005 593 enim
3052 550 3238 593 sermo
3293 534 3585 604 metapho-

312 650 339 701 ὀ
369 648 553 713 λόγος.

390 735 798 807 Ἐσμίκρυνας
819 733 925 800 τὰς
981 732 1210 802 ἡμέρας
1254 730 1363 786 τοῦ
1405 730 1626 800 θρόνου
1678 727 1885 782 αὐτοῦ.

303 833 513 902 Χρόνον
547 830 696 896 λέγει
722 828 815 881 τὸν
858 825 1274 895 ἑπαγγελθέντα
1336 823 1417 895 τῷ
1466 822 1746 893 σπέρματι
1791 816 1887 872 τοῦ

303 923 492 987 Δαΰὶδ,
522 922 616 974 τὸν
643 922 725 983 εἰς
756 920 849 973 τον
876 918 1049 972 αἰῶνα
1086 917 1286 980 αἰῶνος
1306 954 1322 971 .
1361 915 1771 985 Ἑσμίκρυνας
1804 910 1884 976 δὲ,

303 1016 428 1068 ἀντὶ
456 1012 573 1081 τοῦ,
613 1011 941 1080 Συνιτεμες,
992 1010 1206 1082 μακρὸν
1253 1008 1647 1081 ὑποσχεθέντα.

373 1190 677 1259 Καιέχεας
731 1187 894 1255 αὑτῷ
944 1188 1275 1258 αἰσχύνην.
1342 1188 1411 1242 Ai
1470 1189 1583 1258 γὰρ
1627 1183 1885 1255 αἰσχύναι

298 1286 411 1337 τῶν
446 1285 732 1351 ἀπογόνων
791 1282 1052 1353 αἰσχύναι
1112 1282 1207 1336 τοῦ
1277 1281 1551 1352 προγόνου
1609 1278 1883 1333 δοκοῦσιν.

311 1376 700 1449 ᾙσχύνθησαν
725 1375 836 1447 γὰρ
872 1373 1460 1445 ἐξανδραποδισθέντες
1494 1372 1591 1427 καὶ
1619 1370 1885 1449 παθόντες

295 1470 367 1522 τὰ
394 1469 723 1539 ἀτιμότατα.
1878 1444 1889 1459 1

370 1652 529 1721 Ἕως
547 1654 714 1720 πότε,
732 1654 927 1722 Κύριε,
946 1654 1302 1724 ἀποστρέφῃ
1328 1656 1417 1721 εις
1438 1654 1612 1719 τέλος
1627 1668 1647 1716 ;
1663 1653 1884 1706 ἐκκαυ-

294 1746 548 1815 θήσεται
565 1747 645 1813 ὠς
662 1746 785 1815 πῦρ
806 1747 846 1815 ἠ
874 1746 1020 1817 ὀργή
1048 1763 1165 1802 σου
1182 1764 1202 1813 ;
1231 1746 1417 1800 Ταῦτα
1445 1747 1660 1802 ἐοίκασι
1681 1747 1795 1809 τοῖς
1825 1746 1884 1798 ὲν

293 1838 374 1909 τῷ
388 1836 471 1909 οη’
488 1837 708 1910 ψαλμῷ.
734 1838 966 1910 Εἴρηται
984 1838 1095 1909 γὰρ
1116 1840 1299 1893 κάκετσ
1322 1838 1476 1905 Ἕως
1496 1840 1667 1902 πότε,
1684 1839 1879 1907 Κύριε,

293 1905 633 2000 δργισόήσῂ
654 1905 741 1998 εὶς
767 1905 950 1998 τέλος
967 1905 1457 1999 ξέοέκαυθήσεται
1482 1932 1561 1998 ὡς
1586 1931 1705 2000 πῦρ
1732 1905 1776 1986 ὁ*
1796 1929 1887 1996 ζῆο
1920 1905 1962 1960 Β

292 2023 412 2088 ..ἰός
445 2037 563 2078 σου
584 2038 603 2086 ;

366 2114 682 2183 Μνήσθητι
712 2116 806 2183 τίς
826 2134 946 2185 μου
966 2116 1003 2184 ἠ
1032 2116 1395 2186 ὑπόστασις.
1420 2115 1711 2188 Μνήσθητι
1741 2114 1885 2169 διατι

293 2208 560 2279 ὑπέστην,
593 2207 773 2262 εῑτουν
803 2209 1086 2279 ἑπλάσθην
1108 2226 1122 2241 ·
1155 2212 1372 2274 πάντως
1406 2211 1493 2266 ἵνα
1525 2210 1634 2276 ζῶν
1670 2210 1882 2277 δοξάζω

291 2303 363 2355 τὰ
419 2303 680 2370 μεγαλεῖὰ
752 2320 865 2358 σου.
889 2303 988 2357 Διὰ
1015 2303 1176 2358 τοῦτο
1206 2303 1375 2377 ῥῦσαί
1406 2321 1473 2375 με
1497 2303 1592 2357 τοῦ
1625 2302 1883 2357 θανάτου*

292 2395 357 2447 οὑ
392 2394 504 2463 γὰρ
533 2397 583 2448 οἱ
610 2395 796 2465 νεκροὶ
826 2395 1109 2449 αἱνέσουσί
1146 2414 1229 2463 σε,
1262 2396 1463 2465 Κύριε.

367 2663 465 2732 Μὴ
490 2666 599 2733 γὰρ
620 2666 885 2733 ματαίως
929 2663 1183 2732 ἔκτισας
1220 2666 1459 2733 πάντας
1522 2667 1669 2733 τοὺς
1717 2667 1889 2732 υἱοὺς

292 2754 418 2810 τῶν
459 2756 807 2825 ἀνθρώπων.
833 2758 949 2810 Οὐκ
984 2757 1106 2825 εἰκῇ
1136 2759 1237 2810 καὶ
1269 2758 1451 2829 μάτην
1507 2758 1750 2822 ἔπλασας
1794 2759 1889 2811 τὸν

296 2850 614 2919 ἄνθρωπον,
650 2849 741 2901 ἴνα
772 2849 931 2918 δίκην
958 2849 1237 2919 ἀχρήστου
1279 2851 1370 2905 καὶ
1403 2850 1664 2921 περιττοῦ
1717 2868 1887 2917 τινος,

295 2944 373 3006 ὡς
402 2942 583 3012 ἔτυχε,
616 2942 1042 3011 παραπολεῖται,
1077 2943 1195 2998 ἀλλ’
1220 2944 1391 2997 εἰκόνι
1415 2930 1511 2997 σου
1548 2943 1740 2997 τοῦτον
1781 2942 1891 2995 ὲτί-

300 3052 510 3105 μησα;,
542 3036 639 3087 καλ⁸
663 3037 840 3103 μέγαν
871 3037 968 3090 καὶ
1013 3037 1195 3107 τίμιον
1217 3036 1508 3106 ἐποίησας.
1543 3036 1636 3089 Διδ
1670 3035 1747 3107 μὴ
1781 3050 1891 3088 πα-

297 3128 455 3199 ρίδῃς
478 3127 628 3197 ἡμᾶς
659 3126 861 3190 ἀθλίως
908 3129 1342 3200 ἀπολλυμένους.

2001 650 2173 690 I'ICIIS.

2072 727 2240 782 Vsus.
2265 727 2357 784 46.
2390 723 2683 779 Minorasti
2715 723 2826 777 dies
2874 723 3124 792 temporis
3167 723 3304 791 ejus.
3341 719 3582 789 Tempus

1999 820 2255 889 intelligit
2286 818 2617 889 promissum
2652 814 2849 871 semini
2904 814 3074 868 David
3100 856 3114 880 ,
3173 814 3318 885 quod
3366 813 3581 868 scilicet

1997 912 2244 969 futurum
2271 926 2395 968 esse
2423 911 2640 965 dixerat
2670 908 2725 963 in
2779 907 3045 964 saculum
3091 906 3298 963 sccculi.
3334 903 3579 960 Minuisti

1995 1016 2178 1061 autem
2210 1005 2369 1070 illud,
2404 1004 2510 1058 hoc
2546 1010 2631 1059 est
2662 1001 2978 1066 concidisti,
3022 1001 3242 1055 tametsi
3264 999 3579 1053 diuturnius

1998 1098 2050 1153 id
2089 1097 2207 1152 fore
2245 1096 2608 1167 promiseras.

2071 1190 2366 1260 Perfudisti
2399 1205 2518 1245 eum
2554 1188 2884 1259 confusione.
2918 1184 2995 1241 Ea
3027 1199 3265 1252 namque
3310 1198 3432 1254 quae
3482 1199 3580 1250 po-

1995 1283 2158 1339 steris
2191 1283 2393 1352 probro
2443 1290 2612 1346 sunt,
2662 1280 2796 1352 ipsis
2855 1293 3079 1349 quoque
3135 1273 3578 1346 progenitoribus

1996 1379 2253 1434 videntur
2320 1375 2679 1445 ignominiam
2729 1372 3015 1443 inﬂigere;
3050 1369 3351 1442 ignominia
3393 1376 3581 1422 autem

1995 1472 2176 1528 allecti
2210 1479 2342 1529 sunt
2369 1471 2441 1526 ob
2480 1469 2875 1537 captivitatem,
2912 1475 2966 1522 et
2994 1467 3066 1523 ob
3101 1465 3269 1520 multa
3329 1464 3433 1517 alia
3484 1462 3581 1515 dc-

1994 1567 2194 1621 decora
2221 1579 2344 1637 qua:
2375 1562 2522 1636 passi
2553 1570 2709 1619 sunt.

2065 1658 2233 1714 Vsus.
2265 1660 2355 1714 47.
2391 1655 2687 1727 Usquequo,
2723 1653 2966 1718 Domine,
3002 1652 3254 1706 averteris
3282 1649 3335 1702 in
3358 1650 3518 1719 ﬁnem
3556 1650 3583 1702 τ’

1992 1754 2301 1809 exardesret
2331 1753 2466 1805 sicut
2496 1751 2632 1821 ignis
2656 1750 2745 1803 ira
2778 1758 2868 1802 tua
2893 1748 2917 1801 ?
2938 1744 3059 1800 "me
3078 1746 3238 1801 verba
3273 1744 3341 1799 iis
3373 1742 3576 1797 similia

1996 1852 2147 1908 sunt,
2178 1859 2301 1913 (μειβ
2330 1842 2604 1897 habentur
2639 1841 2693 1905 in
2725 1841 3184 1911 psalmnuxvm,
3215 1835 3287 1890 ibi
3325 1854 3338 1889 :
3378 1833 3579 1904 Usque-

1988 1953 2093 2008 quo
2116 1975 2132 1999 ,
2167 1935 2389 1989 Domine
2417 1973 2431 1999 ,
2462 1933 2715 1988 irasceris
2759 1933 2813 1985 in
2841 1932 2998 2001 ﬁnem
3019 1932 3044 1984 ?
3081 1928 3394 1983 exardescet
3440 1926 3578 1980 velut

1988 2032 2127 2103 ignis
2158 2030 2301 2083 zelus
2334 2038 2459 2082 tuus
2479 2029 2505 2081 ?

2064 2120 2230 2175 Vsus.
2256 2119 2346 2174 48.
2372 2119 2575 2173 Memor
2603 2126 2712 2172 esto
2737 2157 2751 2181 ,
2784 2130 2903 2186 qua:
2926 2129 3041 2168 mea
3067 2110 3434 2167 subsistentia.
3472 2108 3581 2162 Mc-

1990 2222 2174 2267 mento
2203 2226 2374 2280 quare
2418 2226 2519 2280 ego
2562 2208 2911 2265 substiterint
2943 2248 2957 2270 ,
2997 2206 3101 2259 hoc
3140 2214 3225 2260 est
3250 2243 3264 2266 ,
3323 2217 3424 2257 cur
3464 2202 3579 2271 pla-

1991 2310 2201 2357 smatus
2228 2302 2446 2357 iuerint.
2472 2299 2546 2355 Ea
2577 2310 2756 2355 autem
2778 2314 3027 2370 prorsus,
3048 2297 3204 2361 dicit,
3232 2311 3397 2351 causa
3424 2309 3579 2349 crea-

1991 2403 2081 2449 tus
2107 2408 2227 2449 sum
2259 2402 2317 2446 ut
2348 2394 2535 2449 vivens
2568 2394 2843 2464 trtagnalia
2875 2401 2967 2447 tua
2995 2391 3385 2462 glorillcarem.
3416 2387 3579 2455 Eripe

1991 2486 2180 2557 igitur,
2211 2500 2442 2555 quaeso,
2480 2501 2566 2540 me
2592 2500 2620 2539 a
2665 2497 2885 2552 morte;
2943 2499 3118 2555 neque
3169 2484 3319 2537 enim
3370 2479 3576 2534 mortui

1992 2578 2297 2633 laudabunt
2336 2586 2411 2642 te,
2449 2577 2699 2633 Domine.

2066 2667 2189 2722 Non
2223 2668 2363 2723 enim
2388 2683 2517 2721 rane
2540 2667 2738 2721 creasti
2767 2683 2946 2721 omnes
2972 2666 3112 2735 ﬁlios
3143 2664 3437 2720 hominum.
3458 2662 3577 2716 Non

1994 2762 2201 2816 frustra
2250 2776 2353 2816 nec
2399 2762 2519 2815 sine
2568 2774 2737 2815 causa
2793 2760 3072 2815 hominem
3124 2755 3410 2827 plasmasti
3439 2794 3455 2819 ,
3521 2761 3582 2808 ut

1994 2854 2208 2910 inutilis
2255 2868 2319 2907 ac
2353 2854 2643 2921 superfluae
2693 2852 3005 2922 cuiuspiam
3058 2851 3136 2905 rei
3185 2850 3362 2905 instar
3402 2848 3579 2919 perire

1993 2946 2232 3011 debeat;
2290 2946 2542 3015 quinimo
2595 2943 2835 3008 imagine
2886 2943 3039 2997 illum
3093 2950 3187 2997 tua
3254 2940 3580 3002 honorasti,

1996 3052 2366 3107 magnumque
2407 3045 2463 3090 et
2520 3035 2902 3089 honorabilem
2957 3034 3155 3089 fecisti.
3203 3031 3280 3089 Nc
3309 3032 3584 3103 despicias

1996 3131 2167 3201 igitur
2199 3146 2301 3185 nos
2331 3130 2533 3185 misere
2566 3137 2885 3199 pereuntes.

372 3219 471 3284 Τίς
499 3219 672 3273 ἐστιν
690 3218 1027 3287 ἅνθρωπος,
1048 3219 1115 3287 ὃς
1135 3220 1375 3289 ζήσεται
1402 3222 1503 3275 καὶ
1544 3224 1656 3275 οὐκ
1681 3222 1888 3290 ὄψεται

2068 3223 2235 3277 Vsus.
2263 3220 2351 3275 49.
2381 3221 2507 3286 Quis
2530 3230 2606 3275 est
2643 3217 2820 3281 homo,
2859 3217 2951 3288 qui
2978 3217 3109 3271 vivet
3138 3258 3153 3281 ,
3180 3224 3231 3270 et
3262 3232 3369 3270 non
3390 3214 3584 3269 videbit

296 3308 607 3373 Mirator;
650 3310 904 3375 ῥύσεται
927 3310 1290 3380 τὴνηψυχὴν
1328 3311 1517 3365 αὐτοῦ
1563 3311 1632 3365 ἐκ
1691 3311 1893 3380 χειρὸς

295 3402 493 3468 ᾅδου;
525 3402 598 3453 Τὸ
626 3402 721 3467 Τίς
758 3401 883 3455 ἀντὶ
916 3404 1010 3455 τοῦ
1039 3402 1218 3466 οὐδείς
1244 3420 1259 3435 ’
1305 3401 1631 3469 ἐξακούεται
1693 3403 1751 3456 δὲ
1794 3402 1893 3456 καὶ

297 3493 393 3543 ἐπὶ
424 3490 681 3561 δευτέρου
735 3491 945 3563 στίχου,
993 3492 1088 3547 τοῦ
1122 3494 1395 3556 ῥύσεται.
1449 3495 1626 3565 Χεῖρα
1675 3494 1733 3547 δὲ
1762 3493 1890 3565 ᾅδου

294 3584 451 3651 λέγει
501 3584 598 3653 τὴν
665 3585 1022 3655 κατάσχεσιν,
1080 3584 1183 3657 τὴν
1221 3587 1532 3657 τυραννίδα.
1582 3588 1741 3640 Ἐπεὶ
1796 3589 1893 3641 καὶ

298 3676 645 3742 ἀναγκαίως,
707 3678 899 3745 φησὶν,
940 3677 1243 3731 ἀποθανεῖν
1296 3680 1592 3749 μέλλομεν,
1648 3680 1725 3744 ὡς
1758 3681 1891 3752 θνη-

300 3767 406 3836 τὴν
437 3766 701 3837 λαχόντες
733 3767 921 3837 φύσιν,
952 3769 1122 3834 ζῶσιν
1151 3772 1286 3841 ἡμῖν
1320 3771 1549 3834 μετάδος
1579 3772 1895 3844 φιλανθρω-

305 3860 461 3925 πίας.

373 4131 503 4189 Ποῦ
534 4135 653 4189 εισι
699 4133 771 4188 τὰ
813 4132 958 4203 ὲλέη
1012 4148 1131 4190 σου
1170 4135 1243 4189 τὰ
1292 4135 1535 4207 ἀρχαῖα,
1584 4138 1782 4206 Κύριε.
1857 4141 1894 4194 d

302 4224 547 4296 ὤμοσας
570 4225 652 4292 τῷ
684 4226 866 4281 Δαόὶδ
891 4227 963 4281 ἐν
986 4227 1063 4298 τῇ
1090 4229 1344 4295 ἀληθείᾳ
1373 4246 1517 4298 σου;
1559 4232 1716 4302 Ἐλέη
1740 4233 1899 4287 καλεῖ

300 4320 405 4382 τὰς
444 4318 784 4387 ἐπαγγελίας
822 4319 924 4380 τὰς
978 4321 1111 4391 περὶ
1154 4322 1249 4373 τοῦ
1282 4322 1601 4393 σπέρματος
1644 4325 1741 4377 καὶ
1795 4326 1896 4396 τῆς

308 4408 597 4479 βασιλείας
628 4409 833 4463 Δαδίδ⁹
871 4410 1106 4482 ἐλεήσας
1136 4411 1247 4482 γὰρ
1271 4414 1298 4464 ὁ
1329 4412 1464 4477 Θεὸς
1498 4416 1629 4479 τοὺς
1684 4415 1897 4487 ἀνθρώ-

303 4517 465 4564 πους,
526 4500 727 4564 ταύτας
761 4502 1055 4572 ὑπέσχετο.
1108 4501 1346 4574 Ἀρχαῖα
1392 4504 1451 4557 δὲ
1488 4503 1627 4575 πρὸς
1662 4506 1754 4561 τὸν
1781 4507 1897 4559 ἱκε-

1994 3327 2209 3373 mortem
2236 3318 2260 3372 ἵ
2292 3324 2436 3370 eruet
2480 3330 2695 3369 manum
2729 3328 2880 3367 suam
2914 3312 2978 3365 de
3020 3326 3182 3364 manu
3228 3306 3470 3377 inferni?
3516 3337 3587 3350 ——

1997 3411 2128 3478 Quis
2160 3411 2345 3480 posuit
2378 3422 2477 3476 pro
2508 3407 2714 3470 nullus,
2748 3413 2803 3461 et
2832 3402 3216 3460 subaudlcnila
3257 3406 3344 3456 est
3390 3398 3583 3453 eadem

1995 3500 2187 3563 dictio.
2222 3501 2276 3553 in
2317 3497 2562 3553 secundo
2627 3496 2926 3561 versiculo,
2987 3508 3050 3547 ac
3118 3493 3163 3548 si
3210 3493 3463 3547 diceret:
3520 3488 3587 3542 Et

1995 3596 2121 3665 quis
2154 3601 2261 3657 est,
2290 3592 2388 3661 qui
2413 3598 2589 3655 eruet,
2622 3598 2728 3644 etc.
2758 3589 2861 3643 Per
2898 3586 3097 3642 inferni
3152 3601 3284 3641 vero
3339 3597 3589 3647 manum,

1996 3685 2410 3758 possessionem
2467 3691 2520 3738 et
2558 3682 2903 3752 tyrannidem
2946 3680 3139 3733 mortis
3194 3677 3492 3746 intelligit;
3535 3682 3590 3730 et

1996 3780 2256 3851 quoniam
2287 3776 2603 3832 necessario
2637 3774 2880 3828 futurum
2910 3783 2993 3829 est
3016 3815 3031 3839 ,
3060 3781 3117 3826 ut
3146 3772 3452 3827 moriamur
3477 3812 3490 3835 ,
3522 3784 3590 3824 co

1999 3869 2145 3941 quod
2178 3869 2461 3925 mortalem
2497 3867 2765 3921 habemus
2801 3874 3085 3926 naturam,
3129 3872 3435 3932 opportune
3464 3875 3590 3931 par-

1998 3962 2215 4031 ticipari
2252 3961 2355 4014 sibi
2395 3968 2549 4029 optat
2577 3956 2670 4011 Dei
2723 3955 3161 4011 misericordium
3220 3955 3275 4008 in
3331 3950 3585 4023 praesenti

1998 4058 2129 4116 vita,
2157 4054 2348 4108 dicens
2380 4069 2392 4104 :

2070 4146 2239 4200 Vsus.
2281 4145 2372 4200 50.
2425 4143 2525 4198 Ubi
2568 4150 2692 4196 sunt
2736 4138 3117 4195 misericordia:
3155 4147 3262 4193 tua:
3303 4137 3541 4207 antiquae
3572 4176 3589 4202 ,

1999 4238 2244 4299 Domine,
2275 4251 2407 4305 quas
2446 4234 2641 4302 iurasti
2677 4230 2848 4284 David
2894 4232 2951 4284 in
3002 4230 3227 4284 veritate
3292 4228 3423 4282 tua?
3488 4226 3593 4283 Per

2005 4329 2441 4393 misericordias,
2476 4328 2873 4398 promissinncs
2898 4323 3152 4394 intelligit
3207 4338 3235 4376 a
3272 4323 3379 4377 Deo
3419 4322 3594 4377 factas

2004 4422 2073 4477 de
2097 4420 2309 4476 semine
2340 4418 2496 4473 etde
2538 4433 2705 4487 regno
2749 4415 2942 4470 David.
2992 4414 3220 4470 Summa
3266 4413 3413 4468 enim
3464 4428 3595 4482 erga

2004 4514 2261 4569 homines
2291 4509 2673 4567 misericordia
2707 4518 2889 4563 motus
2928 4507 3109 4561 fuerat
3143 4505 3285 4562 Deus
3312 4544 3327 4571 ,
3380 4512 3440 4559 ut
3496 4504 3597 4556 liu-

308 4595 541 4646 τεὺοντα
613 4593 776 4647 λαόν·
808 4585 870 4646 οὗ
933 4593 1152 4657 πολλοῖς
1216 4595 1363 4649 ἔτεσι
1400 4597 1894 4668 προγενέστεροςδ

2006 4605 2252 4678 jusmodi
2284 4604 2684 4675 promissioues
2715 4601 2942 4657 faceret.
2974 4603 3243 4671 Antiquae
3282 4607 3464 4654 autem
3498 4599 3598 4652 has

304 4685 477 4739 Δαδίδ
498 4704 512 4718 σ
552 4685 625 4737 Ἤ
668 4687 894 4757 ἀρχαῖα,
912 4686 1048 4755 διότι
1070 4687 1177 4758 πρὸ
1190 4689 1302 4741 τῶν
1329 4688 1544 4744 αἰώνων
1570 4689 1895 4761 ὡρίσθησαν

308 4778 388 4848 τῷ
417 4778 537 4849 Θεῷ
558 4798 572 4811 ο
603 4780 737 4851 φησὶ
763 4780 874 4851 γὰρ
908 4780 1156 4844 Παῦλος·
1194 4782 1267 4836 Τὸ
1289 4780 1634 4850 μυστήριον
1663 4783 1729 4836 τὸ
1746 4784 1899 4838 ἀπο-

309 4872 731 4940 κεκρυμμένον
769 4873 886 4942 πρὸ
917 4872 1040 4926 τῶν
1065 4874 1320 4929 αἰώνων.
1366 4874 1600 4936 Ἡσαΐας
1623 4876 1679 4929 δὲ
1706 4875 1903 4949 βουλὴν

306 4963 548 5032 ἀρχαίαν
601 4963 867 5034 ἀληθινὴν
930 4966 1160 5021 ἐκάλεσε
1228 4965 1431 5023 ταῦτα.
1497 4968 1766 5035 Ὠμοσας
1820 4970 1898 5035 δὲ,

307 5053 437 5106 ἀντὶ
488 5055 731 5118 Βεὸαίως
752 5056 1093 5124 ὲπηγγείλω.
1122 5057 1229 5111 Ἔν
1263 5055 1339 5125 τῇ
1368 5058 1623 5125 ἀληθείᾳ
1647 5076 1766 5114 σου
1807 5059 1896 5126 δὲ,

309 5144 440 5200 ἀντὶ
465 5146 584 5212 sui,
617 5148 709 5201 ’Ev
735 5146 814 5216 τῷ
848 5148 1057 5219 ἀληθὴς
1096 5145 1259 5204 εἶναι.

2011 4698 2407 4770 promissiones
2437 4698 2711 4751 ideO'esse
2735 4695 2892 4759 dicit,
2924 4694 3067 4765 quod
3100 4693 3438 4764 supplicanti
3465 4693 3597 4745 olim

2009 4794 2211 4864 populo
2231 4791 2390 4847 factae
2408 4789 2624 4845 fuerant
2650 4810 2661 4843 :
2695 4803 2805 4860 quo
2828 4789 3032 4860 populo
3058 4788 3250 4843 beatus
3274 4786 3436 4840 David
3462 4785 3601 4839 mul-

2010 4887 2081 4939 tis
2108 4883 2270 4936 annis
2301 4888 2421 4935 erat
2441 4879 2629 4950 junior
2654 4897 2668 4933 :
2694 4879 2798 4944 vel,
2831 4880 2956 4947 quia
2992 4887 3118 4933 aute
3149 4877 3411 4931 szeculum
3438 4890 3465 4928 ιι
3490 4873 3600 4928 Deo

2009 4974 2085 5029 ita
2114 4972 2540 5028 determinatum
2575 4973 2776 5036 fuerat,
2808 4980 2867 5026 ut
2896 4972 2970 5025 ait
2999 4969 3205 5023 Paulus
3259 4968 3329 5022 de
3383 4964 3596 5019 Christi

2013 5067 2279 5134 mysterio
2308 5063 2793 5128 “,ahsconditum
2848 5062 3107 5131 inquiens
3152 5058 3326 5113 fuisse
3375 5054 3428 5109 id
3476 5069 3629 5124 myg

2012 5156 2245 5211 sterium
2284 5165 2410 5210 ante
2442 5156 2666 5211 saecula.
2693 5155 2868 5211 Isaias
2903 5157 3067 5209 etiam
3100 5153 3198 5206 has
3230 5152 3320 5205 Dei
3379 5148 3598 5202 miseri-
3627 5134 3631 5147 ’

309 5235 533 5291 rordias
550 5237 839 5307 antiquum
885 5247 938 5293 et
956 5255 1144 5295 verum
1177 5240 1470 5296 consilium
1494 5242 1792 5313 appellavit
1812 5244 1881 5298 7°.
1921 5242 2138 5301 Jurasti
2172 5258 2383 5315 autem,
2418 5248 2525 5303 hoc
2590 5256 2673 5304 est
2699 5287 2715 5309 .
2785 5248 3117 5302 Constanter
3168 5243 3442 5314 pollicitus
3488 5254 3548 5294 es
3575 5279 3592 5296 .

310 5329 380 5383 In
425 5332 645 5385 veritate
672 5340 786 5395 tua,
816 5332 919 5387 hoc
948 5342 1052 5394 est,
1085 5331 1223 5398 Quia
1257 5349 1423 5388 verax
1467 5350 1550 5389 es.

385 5424 725 5492 Μνήσθητι,
757 5425 953 5493 Κύριε,
974 5425 1082 5479 τοῦ
1130 5426 1479 5496 όνειόισμοῦ
1512 5427 1631 5481 τῶν
1661 5428 1901 5483 δούλων

306 5535 454 5582 σου,
520 5512 593 5573 οὗ
653 5516 939 5586 ὑπέσχον
995 5518 1164 5583 ἐντῷ
1214 5520 1425 5582 κόλπῳ
1471 5538 1593 5589 μου
1647 5520 1901 5574 πολλῶν

304 5608 739 5665 sanan—my
756 5608 995 5663 δούλων
1010 5628 1149 5675 σου,
1180 5611 1289 5664 τῶν
1317 5611 1607 5681 Ἐὕραίων,
1625 5614 1721 5667 τοῦ
1750 5614 1902 5684 παρὰ

306 5702 531 5756 πολλῶν
552 5701 725 5755 ἐθνῶν
742 5703 895 5772 παρά
916 5703 1091 5758 τετῶν
1113 5704 1667 5775 αἰχμαλωτισθέντων
1682 5706 1903 5761 καὶτῶν

396 5884 437 5916 ⁸³
472 5882 694 5939 Coloss.
728 5900 765 5949 ι,
798 5882 889 5937 26.
968 5882 1013 5916 ⁷⁸
1048 5882 1154 5939 lsa.
1195 5897 1343 5948 XLVI,
1376 5881 1464 5937 l0.

2014 5436 2031 5454 “
2086 5431 2246 5486 Vsus.
2264 5430 2354 5487 51.
2377 5428 2584 5484 Memor
2610 5437 2742 5492 esto,
2768 5423 3005 5486 Domine,
3026 5421 3299 5489 opprobrii
3324 5435 3592 5475 servorum
3651 5466 3662 5481 ,

2008 5534 2224 5579 tuorum
2249 5564 2263 5585 ,
2291 5524 2429 5593 quod
2466 5521 2702 5577 continui
2734 5522 2786 5572 in
2814 5518 2937 5572 sinu
2972 5532 3082 5569 meo
3136 5517 3427 5567 multarum
3464 5529 3591 5583 gen-

2006 5618 2163 5669 lium.
2196 5646 2265 5655 —
2290 5616 2573 5670 Servorum
2619 5623 2830 5666 tuorum
2855 5652 2872 5677 ,
2936 5608 3291 5665 Hebraorum
3349 5606 3589 5670 scilicet,

2006 5708 2156 5779 quod
2187 5709 2548 5779 opprobrium
2583 5723 2612 5762 a
2638 5706 2827 5763 multis
2860 5703 3116 5776 gentibus
3149 5698 3390 5757 sustinui
3418 5739 3434 5766 ,
3463 5713 3589 5769 qua
