4088 6426
339 337 444 400 92)

1492 337 1887 401 COMMENT.
1930 340 2013 401 IN
2055 338 2426 401 PSALMOS.

3477 343 3589 411 930

402 456 501 523 Μὴ
551 456 944 525 ἀποστρέψζὶς
995 456 1313 526 ἄνθρωπον
1362 459 1450 522 εις
1509 458 1900 514 ταπείνωσιν.

2080 457 2249 515 Vsus.
2280 460 2336 513 5.
2388 458 2471 514 Ne
2519 469 2729 517 avertas
2772 463 3039 518 hominem
3093 466 3147 518 in
3206 465 3583 527 humilitatem.

329 548 574 617 Διάςρορα
604 549 721 618 εἴδη
750 548 1136 614 ταπεινώσεως
1204 550 1357 618 παρὰ
1414 553 1481 621 τῇ
1516 549 1640 621 Θείᾳ
1690 552 1904 622 Γραφῇ.

330 640 565 706 Λέγεται
595 642 702 711 γὰρ
726 640 1057 703 ταπείνωσις
1084 640 1116 710 ἡ
1151 641 1591 713 μετριοφροσύνη
1632 658 1646 672 ’
1678 642 1906 697 Μάθετε

327 732 459 799 γὰρ,
502 731 687 800 φησιν,
718 732 820 784 ἀπ’
848 732 1019 800 ἐμοῦ,
1047 733 1136 785 ὅτι
1164 731 1351 801 πρᾶός
1402 735 1521 802 ειμι
1567 736 1665 789 καὶ
1704 750 1908 790 tuast-

328 822 438 886 νός
468 820 540 889 τῇ
565 821 779 888 καρδίᾳ
806 838 816 851 ·
861 823 954 876 καὶ
983 824 1010 875 ὁ
1032 823 1140 875 ἀπὺ
1164 824 1473 893 πειρασμοῦ
1499 826 1903 895 σωφρονισμδς,

251 971 262 980 ,
330 912 404 974 ὡς
431 915 510 964 τό·
563 914 812 983 Ἀγαθὸν
838 932 960 983 μοι,
1013 916 1103 968 ὅτι
1146 916 1556 983 ἐταπείνωσάς
1576 934 1655 986 με
1693 935 1705 949 ·
1744 920 1837 973 καὶ
1875 922 1906 990 ἡ

331 1005 676 1074 καθαίρεσις,
714 1006 787 1069 ὡς
819 1007 879 1059 τό
912 1024 925 1039 ·
946 1007 1029 1060 Σὺ
1069 1007 1500 1074 ἐταπείνωσας,
1534 1010 1613 1075 ὡς
1652 1026 1908 1079 τραυμα-

330 1099 488 1161 τίαν,
520 1100 947 1169 ὑπερήφανον
982 1104 1076 1155 καὶ
1105 1102 1166 1155 τὸ
1210 1103 1548 1170 ὑποταγῆναι
1580 1103 1658 1172 τῷ
1703 1104 1902 1175 ἐχθρῷ,

330 1191 405 1252 ὡς
434 1191 492 1242 τὸ
525 1192 889 1261 προκείμενον
918 1194 1083 1264 ῥητόν
1104 1211 1118 1226 ·
1144 1195 1234 1264 Μὴ
1266 1196 1697 1265 παραχωρήσῃς,
1716 1198 1905 1265 φησιν,

330 1283 758 1354 ἀποστραφῆναι
810 1286 890 1351 εἰς
942 1285 1139 1340 ταυτὸν
1186 1286 1472 1357 ἄνθρωπον
1515 1290 1904 1358 καταφυγόντα

327 1376 411 1439 είς
448 1378 527 1431 σέ.

404 1658 513 1713 Καὶ
536 1656 732 1728 εἶπας*
778 1663 1232 1734 Ἔστω-τρέψατε,
1264 1671 1382 1723 υἱοὶ
1407 1668 1527 1724 τῶν
1554 1671 1899 1740 ἀνθρώπων.

336 1750 446 1803 Καὶ
477 1754 583 1822 γὰρ
612 1757 676 1809 σὺ
716 1753 876 1820 εἶπας
902 1774 915 1789 ·
937 1753 1131 1811 Ὦυίοὶ
1160 1760 1268 1813 τῶν
1299 1762 1622 1831 ἀνθρώπων,
1641 1766 1902 1837 ἐπιστρέ-

330 1844 494 1910 ψατε.
527 1842 662 1898 Eine
687 1847 743 1900 δὲ
774 1848 932 1902 τοῦτο
962 1853 990 1903 ὁ
1028 1851 1159 1915 Θεὸς
1188 1854 1246 1904 ὲν
1270 1854 1552 1926 διαφόροις
1578 1858 1765 1921 τόποις
1806 1860 1904 1929 τῆς

328 1936 631 2007 Μωσαῖκῆς
668 1940 1065 2012 Πεντατεύχου.
1099 1943 1262 2010 Δέξαι
1296 1943 1390 1999 οὖν
1424 1948 1593 2017 ἡμᾶς,
1644 1950 1899 2021 ἐπιστρέ-

329 2046 553 2098 φοντας.

402 2122 527 2175 Ὀτι
572 2124 739 2193 χίλια
774 2125 880 2194 ἐτη
929 2128 1002 2181 ἐν
1031 2129 1355 2198 ὀφθαλμοῖς
1404 2147 1543 2198 σου,
1581 2135 1793 2203 Κύριε,
1824 2137 1904 2202 ὠς

328 2210 519 2282 ἡμέρα
562 2215 600 2283 ἠ
651 2216 793 2284 χθὲς
848 2217 982 2285 ἣτις
1055 2218 1291 2288 διῆλθε,
1356 2222 1457 2278 καὶ
1522 2226 1772 2295 φυλακὴ
1835 2229 1905 2283 ἐν

327 2306 531 2360 νυκτί.
561 2308 668 2360 Καὶ
700 2307 859 2363 τοῦτο
892 2311 1027 2380 πρὸς
1055 2311 1329 2379 ἀπόδειξιν
1348 2313 1449 2383 τῆς
1479 2315 1779 2387 ἁῖδιότητος
1805 2320 1900 2374 τοῦ

328 2396 467 2449 θεοῦ
511 2400 812 2469 παρέλαϐε.
856 2402 1024 2470 Λέγει
1051 2404 1184 2474 γὰρ,
1238 2405 1319 2461 ὅτι
1357 2406 1437 2459 Τὰ
1464 2406 1610 2475 χίλια
1649 2408 1743 2480 ἐτη
1771 2409 1904 2465 ἐνώ-

328 2487 452 2540 πιόν
484 2506 578 2541 σου
615 2490 757 2543 οὕτω
803 2492 1108 2561 λογίζονται
1143 2497 1335 2565 χρόνος
1379 2513 1462 2560 τις
1506 2498 1648 2567 ἄγαν
1692 2500 1901 2574 βραχύ-

328 2594 509 2642 τατος,
537 2580 613 2642 ὡς
658 2583 751 2634 καὶ
792 2582 923 2653 παρ’
954 2584 1113 2653 ήμῶν
1162 2586 1192 2654 ἡ
1240 2585 1340 2653 μία
1378 2586 1586 2658 ἡμέρα,
1623 2592 1717 2642 καὶ
1760 2591 1903 2662 αὕτη

329 2670 677 2739 παρελθοῦσα
705 2688 718 2702 ·
751 2673 908 2727 τοῦτο
938 2674 1046 2745 γὰρ
1083 2674 1234 2746 δηλοί
1255 2676 1316 2730 τὸ
1337 2678 1509 2745 Χθές.
1536 2679 1610 2732 Τὸ
1629 2680 1710 2749 δὲ,
1733 2682 1905 2749 Ἥτις

330 2753 538 2822 διῆλθε
576 2761 1041 2832 ὲφερμηνευτικὸν
1057 2764 1151 2817 τοῦ
1178 2765 1326 2834 χθές.
1355 2765 1418 2819 Ἦ
1435 2767 1542 2839 γὰρ
1561 2772 1905 2840 παρελθοῦσα

331 2846 647 2921 βραχυτέρα
674 2853 821 2906 δοκεῖ
837 2859 934 2925 τῆς
963 2856 1294 2930 ἐνεστώσης,
1322 2859 1433 2914 Καὶ
1457 2857 1633 2929 αὖθις,
1671 2864 1743 2927 ὡς
1766 2866 1907 2934 λογί-

332 2940 484 3005 ζεται
514 2946 645 3015 παρ’
676 2947 804 3015 ἡμῖν
827 2948 886 3001 τὸ
902 2950 1339 3020 τεταρτημόριον
1363 2950 1466 3021 τῆς
1488 2955 1680 3018 νυκτός
1705 2972 1721 2988 '
1747 2957 1909 3013 τοῦτο

332 3033 441 3102 γὰρ
489 3034 740 3106 φυλακὴν
782 3039 843 3093 ὲν
888 3040 1045 3094 νυκτὶ
1090 3042 1315 3096 ἐκάλεσε
1342 3058 1357 3073 ο
1398 3041 1498 3111 τῆς
1546 3045 1654 3115 γὰρ
1709 3046 1907 3111 νυκτὸς

2013 550 2198 607 Variis
2224 552 2404 606 modis
2427 554 2712 608 humilitas
2737 557 3010 625 accipitur
3038 560 3181 627 apud
3214 560 3581 632 Scripturam.

2008 644 2324 714 Aliquando
2349 645 2497 700 enim
2526 647 2750 713 ponitur
2776 663 2874 716 pro
2905 650 3197 715 modestia,
3233 653 3387 720 juxta
3408 656 3542 709 illud
3567 672 3581 707 :

2009 737 2210 793 Discite
2239 756 2275 791 a
2297 755 2377 792 me
2405 780 2418 803 ,
2452 740 2579 809 quia
2614 742 2765 794 mitis
2790 759 2908 796 sum
2953 753 3003 798 et
3051 746 3276 801 Immitis
3329 749 3488 801 corde
3513 750 3581 804 "'.

2006 827 2318 896 Aliquando
2350 844 2449 898 pro
2480 829 2572 884 illa
2607 833 2989 901 castigatione,
3027 851 3148 904 qua:
3181 838 3247 891 de
3270 839 3585 894 aﬂiictionia

2008 919 2111 974 bus
2139 920 2408 986 provenit,
2441 919 2599 987 juxta
2634 921 2768 975 illusi
2798 940 2811 976 :
2844 921 3050 977 Bonum
3086 926 3238 994 mihi,
3266 929 3391 993 quia
3412 932 3586 983 Immi-

2008 1010 2155 1065 liasti
2186 1014 2344 1065 me".
2376 1012 2693 1082 Aliquando
2709 1014 2876 1069 etiam
2892 1032 2999 1085 pro
3013 1019 3407 1083 destructione,
3427 1023 3584 1091 juxta

2007 1103 2139 1158 illud
2173 1121 2186 1156 :
2221 1103 2298 1157 Tu
2329 1104 2645 1165 Iturailitmti,
2671 1108 2825 1168 quasi
2844 1107 3197 1173 vulneratum,
3223 1114 3581 1181 superbum“.

2015 1194 2081 1248 Et
2141 1196 2439 1264 aliquando
2488 1212 2589 1266 pro
2636 1197 3020 1267 subiectione,
3073 1203 3241 1256 veluti
3292 1220 3416 1258 cum
3460 1207 3585 1275 quis

2008 1288 2262 1344 hostibus
2290 1290 2405 1343 suis
2437 1290 2763 1358 subjicitur;
2807 1300 2862 1346 et
2904 1293 3008 1347 hoc
3056 1302 3221 1363 pacto
3264 1296 3489 1365 ponitur
3530 1300 3586 1353 in

2008 1383 2266 1451 praesenti
2322 1382 2532 1452 psalmo
2568 1401 2582 1437 :
2614 1383 2691 1440 Ne
2749 1386 3039 1454 permittas
3082 1403 3212 1455 me,
3254 1390 3477 1459 inquit,
3527 1390 3583 1444 in

2011 1475 2155 1527 hanc
2187 1473 2551 1529 humilitatem
2587 1476 2873 1541 converti,
2905 1486 3197 1548 postquam
3231 1480 3297 1535 ad
3350 1488 3409 1536 te
3454 1496 3594 1537 con-

2006 1562 2142 1637 iusi-

2082 1655 2153 1709 Et
2181 1658 2389 1721 dixisti,
2419 1659 2798 1715 Convertimini
2820 1660 2923 1730 ﬁlii
2942 1661 3232 1718 hominum.
3253 1664 3358 1729 Tu,
3381 1664 3582 1735 inquit,

2006 1748 2215 1814 dixisti,
2245 1749 2393 1804 Olilii
2424 1751 2734 1817 hominum,
2764 1755 3166 1808 convertimini.
3194 1755 3375 1811 Multis
3400 1766 3583 1811 autem

2010 1841 2066 1894 in
2106 1841 2242 1897 locis
2278 1842 2329 1896 id
2359 1844 2568 1897 dictum
2604 1843 2837 1913 legimus
2867 1843 3037 1901 fuisse
3074 1861 3104 1900 a
3140 1845 3274 1912 Deo,
3308 1850 3583 1917 praecipue

2006 1932 2151 2001 apud
2176 1932 2466 2003 lioysem:
2509 1934 2742 2006 Suscipe
2773 1936 2940 2006 igitur
2989 1953 3112 2005 nos,
3156 1942 3248 2011 qui
3304 1943 3582 1996 converti-

2007 2040 2134 2079 mur
2172 2026 2238 2079 ad
2275 2037 2347 2081 te.
2508 2089 2515 2095 _

2082 2116 2241 2170 Vsus.
2285 2116 2342 2170 4.
2375 2116 2641 2182 Quoniam
2666 2119 2812 2175 mille
2838 2121 2973 2174 anni
3004 2123 3061 2175 in
3101 2122 3273 2178 oculis
3304 2126 3410 2179 tuis
3435 2167 3448 2191 ,
3478 2126 3587 2180 Do-

2009 2214 2145 2268 mine
2172 2256 2185 2281 ,
2214 2217 2349 2270 sicut
2371 2217 2484 2271 dies
2518 2217 2762 2271 hesterna
2789 2234 2906 2288 qua:
2938 2221 3206 2286 pra’teriit
3225 2262 3237 2285 ,
3272 2232 3319 2275 et
3342 2227 3585 2278 custodia

2005 2310 2059 2362 in
2087 2319 2258 2363 nocte.
2296 2308 2415 2363 Hoc
2446 2308 2611 2362 etiam
2646 2308 2852 2363 dictum
2881 2317 2963 2365 est
2991 2310 3056 2364 ad
3095 2311 3581 2371 demonstrandam

2008 2399 2101 2454 Dei
2129 2402 2511 2455 mternitatem.
2569 2400 2731 2462 Mille,
2766 2400 2966 2471 inquit.
3006 2403 3132 2457 anni
3159 2419 3343 2458 coram
3380 2414 3431 2461 te
3472 2415 3582 2462 tam

2007 2492 2170 2547 breve
2207 2499 2421 2562 tempus
2448 2500 2814 2561 reputantur,
2877 2508 3042 2563 quam
3094 2495 3241 2564 apud
3302 2513 3405 2553 nos
3465 2498 3584 2555 dies

2008 2598 2115 2638 una
2147 2582 2231 2637 vel
2258 2598 2381 2652 quae
2405 2582 2518 2651 jam
2549 2584 2717 2637 etiam
2752 2586 3100 2652 praeterierit.
3152 2587 3380 2642 Brevior
3430 2605 3586 2644 nam-

2007 2691 2114 2747 que
2144 2675 2363 2731 vlJetur
2390 2691 2453 2731 ea
2480 2676 2623 2743 dies,
2657 2692 2779 2747 quae
2809 2680 3091 2747 praeteriit,
3135 2696 3299 2752 quam
3339 2696 3403 2737 ea
3463 2701 3588 2754 qua:

2008 2769 2187 2823 adhuc
2212 2782 2454 2838 prmsens
2484 2776 2569 2823 est
2599 2785 2614 2828 :
2644 2777 2698 2824 et
2734 2784 2929 2825 rursus
2953 2810 2969 2836 ,
3006 2779 3116 2825 tam
3168 2772 3330 2828 breve
3369 2782 3585 2846 tempus

2008 2872 2291 2932 reputatur
2356 2861 2503 2915 mille
2544 2861 2673 2915 anni
2708 2877 2891 2916 coram
2949 2872 3001 2916 te
3028 2903 3043 2927 ,
3091 2879 3255 2933 quam
3311 2864 3452 2935 apud
3481 2881 3582 2921 nos

2007 2961 2292 3023 reputatur
2343 2959 2539 3024 quarta
2578 2967 2705 3023 pars
2759 2953 2940 3008 noctis
2974 2970 3179 3025 :quam
3215 2965 3423 3025 partem
3483 2972 3584 3012 no-

2008 3046 2123 3101 ctis-
2143 3045 2449 3101 custodiam
2485 3046 2802 3115 appellavit.
2858 3046 3049 3102 Solent
3086 3048 3234 3102 enim
3290 3049 3326 3105 ii
3381 3050 3475 3119 qui
3526 3051 3582 3107 in

331 3127 414 3187 ei;
455 3126 700 3199 τέσσαρα.
744 3131 887 3202 μέρη
918 3134 1033 3196 τοῖς
1059 3133 1354 3203 ἀμοιϐαδὸν
1397 3136 1903 3206 νυκτοφυλακοῦσιν

2010 3138 2255 3193 exercitu
2285 3152 2383 3208 per
2427 3138 2575 3193 vices
2630 3138 2913 3194 custodias
2972 3139 3224 3205 faciunt,
3284 3144 3585 3212 quamlibet

334 3219 395 3272 ἑν
443 3224 829 3291 στρατοπέδοις
879 3225 1247 3297 διῃρημένης,
1297 3228 1581 3297 ἐπήγαγεν
1610 3228 1691 3282 ἔτι
1725 3230 1911 3301 πολλῷ

336 3311 671 3386 βραχύτερον
694 3317 757 3371 τὸ
784 3320 1219 3389 τεταρτημόριον
1246 3318 1348 3389 τῆς
1387 3321 1579 3384 νυκτός
1602 3338 1617 3353 ο
1650 3322 1783 3376 διότι
1808 3325 1905 3380 καὶ

337 3403 371 3471 ἡ
412 3402 508 3469 νὺξ
533 3405 620 3457 ἀεὶ
664 3407 852 3479 τάχιον
885 3408 1144 3481 ὑπορρεῖν
1173 3410 1324 3463 δοκεῖ
1353 3412 1505 3482 παρὰ
1545 3412 1645 3484 τὴν
1685 3415 1906 3485 ἡμέραν

337 3494 428 3547 διὰ
463 3495 559 3567 τὴν
599 3500 958 3570 ἀναισθησίαν
982 3501 1093 3555 τῶν
1133 3501 1525 3570 καθευδόντων,
1576 3505 1669 3558 καὶ
1715 3507 1804 3560 διὰ
1845 3508 1907 3560 τὸ

338 3586 548 3654 σκότος,
585 3590 681 3643 καὶ⁷
709 3592 796 3645 διὰ
816 3592 915 3663 τὴν
940 3593 1049 3646 ἀπὸ
1077 3594 1185 3647 τῶν
1216 3594 1395 3648 πόνων
1428 3596 1633 3650 ἄνεσιν.
1662 3598 1820 3652 Οὕτω
1850 3600 1908 3654 δὲ

334 3677 414 3747 τῷ
437 3678 553 3751 Θεῷ
580 3683 611 3753 ἡ
648 3683 1081 3755 χιλιονταετηρὶς
1114 3684 1408 3754 λογίζεται,
1440 3688 1575 3741 διότι
1620 3688 1761 3757 αὕτη
1807 3691 1909 3759 μὲν

336 3774 636 3843 παραρρεῖ,
667 3776 695 3827 ὁ
731 3774 787 3829 δὲ
822 3776 1080 3847 ἀκίνητός
1106 3778 1224 3832 ἐστι
1249 3778 1345 3832 καὶ
1364 3779 1553 3843 ἀΐδιος.
1582 3781 1655 3834 Τὸ
1679 3781 1757 3849 δὲ,
1786 3784 1908 3837 Ὅτι

339 3860 694 3929 βεϐαιωτικὸν
724 3868 845 3921 ἀντὶ
875 3868 992 3936 τοῦ,
1035 3871 1264 3935 Ὄντως.

2014 3235 2228 3284 noctem
2272 3228 2325 3282 in
2353 3238 2591 3300 quatuor
2623 3229 2866 3285 dividere
2894 3239 3098 3299 partes,
3131 3239 3183 3286 et
3224 3248 3589 3305 unamquam~

2012 3333 2123 3391 que
2176 3329 2387 3390 partem
2457 3318 2765 3373 custodiam
2823 3320 3100 3391 appellare
3149 3338 3164 3376 :
3211 3322 3366 3377 verbi
3413 3326 3591 3396 gratia

2012 3412 2246 3481 primam
2280 3452 2294 3477 ,
2351 3419 2443 3465 aut
2493 3410 2788 3466 secundam
2847 3413 3176 3468 custodiam.
3228 3415 3364 3469 Cum
3417 3417 3589 3487 igitur

2014 3506 2195 3575 primo
2221 3502 2370 3557 mille
2401 3517 2669 3557 annorum
2706 3502 2945 3572 Spatium
3003 3505 3233 3573 tempori
3280 3507 3444 3562 unius
3480 3508 3591 3567 diei

2017 3592 2437 3664 comparaverit,
2462 3601 2628 3662 atque
2662 3594 2782 3661 ejus
2813 3592 3032 3661 quidem
3080 3598 3367 3661 przeteritaa
3388 3638 3403 3663 ,
3436 3596 3591 3651 addi-

2021 3688 2099 3742 dit
2132 3697 2187 3741 et
2215 3683 2490 3755 quoddam
2532 3692 2745 3754 tempus
2793 3684 2969 3738 multo
3029 3683 3273 3751 brevius,
3337 3697 3593 3756 quartam

2018 3778 2228 3835 scilicet
2257 3777 2437 3831 noctis
2464 3786 2695 3845 partem.
2750 3774 2973 3830 Brevior
3027 3777 3172 3830 enim
3222 3779 3437 3834 videtur
3481 3796 3593 3838 nux

2015 3887 2180 3943 quam
2210 3870 2330 3923 dies
2357 3908 2372 3934 ,
2404 3883 2528 3921 cum
2572 3881 2681 3920 nox
2716 3867 2887 3919 multo
2913 3865 3078 3921 citius
3106 3869 3476 3938 praeterfluere
3516 3875 3596 3926 vi.

330 3954 541 4022 deatur,
572 3967 625 4012 et
654 3960 782 4029 quia
817 3962 909 4031 qui
941 3961 1223 4019 dormiunt
1251 3966 1512 4035 temporis
1538 3965 1753 4035 lapsum
1777 3982 1891 4025 non
1931 3974 2269 4037 agnoscunt,
2310 3970 2365 4014 et
2413 3959 2541 4028 quia
2624 3959 2697 4011 ob
2749 3959 3005 4012 tenebras
3050 3959 3103 4014 id
3186 3962 3349 4015 etiam
3406 3965 3593 4021 minus

333 4046 651 4116 percipitur,
684 4060 739 4105 et
767 4054 893 4121 quia
929 4052 1307 4111 laborantibus
1331 4055 1646 4111 hominibus
1680 4057 1894 4126 longius
1934 4074 2059 4113 esse
2084 4057 2301 4109 videtur
2323 4061 2563 4119 tempus,
2632 4067 2796 4119 quam
2854 4050 3198 4107 cessantibus
3250 4054 3320 4107 ab

3403 4070 3591 4126 opere.

292 4134 297 4139 ”
336 4137 453 4191 Non
486 4154 645 4197 secus
678 4142 844 4212 igitur
875 4146 1018 4215 apud
1082 4144 1251 4200 Deum
1320 4147 1464 4202 mille
1540 4162 1808 4203 annorum
1881 4149 2225 4204 intervallum
2259 4154 2546 4213 reputatur
2572 4185 2587 4208 ,
2624 4157 2786 4213 quam
2828 4146 2973 4216 apud
3026 4163 3127 4202 nos
3172 4156 3267 4202 aut
3318 4151 3593 4219 praeterita

334 4228 366 4281 d
394 4244 473 4295 es,
498 4241 592 4285 aut
622 4242 818 4303 quarta
848 4236 1024 4291 noctis
1052 4251 1201 4307 pars,
1233 4251 1356 4292 cum
1381 4238 1510 4293 anni
1545 4239 1649 4306 ipsi
1676 4255 1893 4307 semper
1934 4240 2186 4293 labantur
2217 4244 2271 4290 et
2302 4235 2494 4300 liuent,
2528 4234 2671 4288 Deus
2702 4248 2831 4289 vero
2859 4235 3153 4292 immobilis
3179 4238 3252 4293 sit
3316 4249 3366 4293 et
3430 4248 3596 4295 teter-

334 4340 460 4378 uus.
504 4323 674 4379 Dictio
724 4334 908 4382 autem
934 4367 949 4394 ,
1002 4330 1269 4395 Quoniam
1294 4372 1309 4393 ,
1357 4330 1427 4385 ad
1465 4332 1907 4391 conﬁrmandum
1942 4335 2118 4405 posita
2152 4340 2257 4395 est,
2286 4338 2341 4384 et
2374 4330 2515 4383 idem
2552 4329 2827 4398 signiﬁcat
2860 4329 3009 4400 quod
3038 4328 3200 4387 Vere.

411 4420 486 4473 Τὰ
509 4422 963 4492 ἐξουδενώματα
983 4425 1185 4480 αὐτῶν
1198 4425 1286 4481 ἔτι
1310 4427 1574 4482 ἔσονται.
1613 4428 1904 4491 Εὑτελίσας

2090 4427 2438 4493 Contemptus
2477 4439 2658 4477 eorum
2708 4422 2882 4476 adhuc
2929 4431 3107 4478 erunt.
3158 4424 3293 4478 Cum
3344 4426 3597 4482 humanae

330 4516 360 4566 ὀ
395 4514 547 4582 λόγος
572 4518 638 4570 τὰ
666 4517 722 4569 ἐν
757 4518 942 4579 αὐτοῖς
973 4517 1118 4588 χίλια
1138 4518 1267 4587 ἐτη,
1297 4520 1462 4587 φησὶν
1484 4559 1499 4586 ,
1527 4519 1611 4572 ὅτι
1640 4520 1792 4573 Λύτὰ
1828 4520 1904 4573 ἔτι

2018 4519 2142 4571 vitae
2166 4531 2341 4571 annos
2377 4515 2606 4584 exiguos
2636 4529 2759 4569 esse
2790 4514 3056 4583 Propheta
3076 4515 3349 4581 docuerit,
3374 4523 3593 4574 tametsi

331 4606 697 4674 ὲξουδενώσω,
726 4610 801 4673 ὡς
832 4611 987 4665 οὐδὲν
1035 4612 1164 4664 ὅντα
1205 4612 1343 4681 πρὸς
1371 4612 1469 4682 τὴν
1503 4612 1783 4681 ἀῖδιότητα
1813 4612 1904 4665 τοῦ

2016 4612 2083 4665 ad
2122 4610 2268 4662 mille
2316 4622 2587 4661 annorum
2633 4606 2869 4676 spatium
2933 4618 3122 4660 nostra
3170 4613 3598 4677 protenderetur

337 4700 475 4753 Θεοῦ
504 4717 521 4733 ο
552 4702 621 4755 τὰ
671 4701 1091 4775 ἐξουδενώματα
1122 4704 1304 4758 αὐτῶν
1331 4703 1537 4775 δηλαδὴ
1581 4703 1691 4755 τῶν
1719 4703 1904 4773 χιλίων

2019 4703 2150 4765 vita,
2189 4701 2374 4754 adhuc
2404 4706 2584 4752 tamen
2619 4698 2914 4767 amplificat
2944 4698 3213 4768 prolatam
3236 4715 3264 4753 a
3293 4716 3352 4756 se
3372 4711 3595 4758 sentcn-

334 4792 471 4846 ἑτῶν
514 4793 609 4846 ἐπὶ
665 4794 850 4847 πλεῖον
896 4796 1141 4859 ἔσονται,
1192 4794 1373 4848 εἴτουν
1416 4794 1741 4865 γενήσονταί
1789 4811 1904 4864 μοι.

2016 4794 2171 4849 tiam.
2202 4794 2391 4848 dicens
2431 4807 2489 4846 se
2525 4790 2696 4861 magis
2752 4792 2915 4844 etiam
2960 4806 3022 4845 ac
3073 4793 3245 4860 magis
3283 4793 3598 4863 hujusmodi

332 4876 468 4935 Εἶτα
507 4882 713 4952 ἐπάγει
736 4885 930 4956 ἑτέραν
959 4885 1309 4950 ὲξουδένωσιν
1340 4883 1700 4954 φαυλοτέραν.

2020 4899 2293 4939 annorum
2327 4884 2500 4952 spatia
2532 4882 2688 4935 nihili
2727 4879 3038 4948 facturum,
3071 4885 3201 4952 quin
3233 4884 3343 4937 imo
3395 4894 3447 4937 et
3468 4901 3603 4939 con.

328 4981 662 5044 tempturum
679 4991 802 5031 esse
827 5019 841 5043 ,
861 4992 986 5030 cum
1016 4977 1085 5031 ad
1115 4976 1354 5031 divinam
1392 4976 1752 5047 mternitatem
1783 4988 2009 5045 prorsus
2037 4974 2175 5028 nihil
2208 4974 2334 5029 sint.
2392 4973 2777 5040 Contemptus,
2809 4970 3012 5042 inquit,
3037 4986 3224 5025 eormn
3254 4972 3397 5028 mille
3419 4988 3596 5024 annn-

332 5081 457 5119 rum
491 5066 669 5121 adhuc
698 5075 859 5121 erunt
890 5067 1029 5137 apud
1051 5081 1158 5132 me,
1179 5067 1281 5120 hoc
1308 5074 1418 5132 est,
1441 5066 1607 5118 etiam
1624 5072 1785 5133 atque
1833 5063 1998 5117 etiam
2026 5077 2067 5115 ar
2089 5078 2173 5118 tne
2206 5064 2379 5133 magis
2402 5070 2840 5115 contemnemur.
2868 5059 3048 5115 Alium
3066 5052 3260 5115 deinde
3284 5059 3601 5131 hujusmodi

328 5176 603 5216 armorum
635 5171 1004 5233 contemptum
1031 5177 1095 5217 ac
1118 5162 1367 5218 viliorem
1405 5159 1568 5216 all‘ert
1592 5200 1609 5226 ,
1640 5160 1832 5216 dicens
1858 5176 1877 5212 ε

410 5256 481 5308 Τὸ
512 5256 662 5323 πρωῒ
686 5254 765 5321 ὡς
794 5258 951 5324 χλόη
984 5256 1441 5325 ﬂammma—Td
1476 5254 1626 5324 πρωῒ
1644 5252 1761 5319 νῦν,
1787 5252 1909 5306 ἀντὶ

325 5350 583 5419 Ταχέως,
621 5348 696 5414 ὡς
756 5351 853 5403 καὶ
908 5352 968 5403 ὲν
1018 5349 1202 5413 ἄλλοις
1255 5349 1583 5420 εἰρήκαμεν.
1656 5346 1906 5415 Ταχέως,

324 5443 492 5515 φησὶ,
551 5443 951 5515 παρελεύσεται
1015 5445 1083 5499 τὰ
1147 5444 1296 5515 χίλια
1346 5443 1445 5513 ἐτη
1516 5439 1673 5511 δίκην
1743 5439 1906 5509 χλόης

321 5536 448 5589 (bitu
458 5536 524 5603 μό
530 5554 651 5608 pou.
842 5582 845 5585 .

409 5628 481 5683 Τὸ
530 5628 680 5696 πρωῒ
712 5626 997 5696 ἀνθῆσαι,
1031 5624 1131 5682 καὶ
1179 5623 1465 5693 παρέλθοι
1486 5638 1500 5654 ·
1527 5621 1597 5678 τὸ
1644 5619 1902 5688 ἑσπέρας

2089 5248 2257 5303 Vens.
2316 5248 2372 5302 ϐ.
2420 5246 2578 5301 Mane
2632 5246 2789 5316 quasi
2822 5244 2983 5297 herba
3015 5254 3310 5299 transeant.
3352 5275 3418 5286 —
3445 5245 3605 5302 Mane

2019 5342 2123 5396 hoc
2162 5342 2219 5394 in
2245 5341 2364 5394 loco
2392 5353 2491 5408 pro
2527 5339 2649 5394 Cito
2680 5335 2840 5400 dixit,
2880 5335 3340 5405 quemadmodum
3389 5344 3442 5391 et
3466 5338 3600 5392 alibt

2018 5435 2278 5489 vidimus.
2315 5430 2478 5497 Cito,
2514 5430 2721 5500 inquit,
2770 5426 3184 5498 pertransibunt
3233 5426 3377 5481 mille
3428 5428 3599 5495 anni,

2019 5528 2193 5584 instar
2224 5524 2407 5580 herba:
2434 5524 2695 5593 alicujus,
2723 5536 2845 5591 quae
2879 5520 2989 5575 cito
3022 5522 3182 5588 perit.

2089 5617 2251 5672 Mane
2300 5617 2510 5685 ﬂoreat,
2548 5623 2597 5670 et
2632 5621 2889 5680 transeat,
2933 5624 3136 5680 vespere
3183 5604 3412 5677 decidat,
3442 5610 3600 5665 india

434 5807 453 5843 ¹
489 5807 678 5865 Matth.
718 5822 789 5873 ιι,
828 5806 919 5864 29.
995 5808 1040 5838 ⁷²
1068 5804 1213 5861 l‘sal.
1248 5816 1435 5867 cmn,
1465 5801 1551 5856 Ἡ.
1617 5800 1662 5830 ⁷³
1698 5796 1843 5854 Psal.
1878 5811 1904 5853 ι

2010 5808 2150 5862 tvm,
2188 5794 2279 5849 il.
