  <div class='ocr_page' id='page_1' title='image "/cluster/home/n/w/nwhite01/storage/ocr_20150623/128:no.1/coo.31924054870336/473.png"; bbox 0 0 4088 6448; ppageno 0'>
   <div class='ocr_carea' id='block_1_1' title="bbox 427 371 528 438">
    <p class='ocr_par' dir='ltr' id='par_1_1' title="bbox 427 371 528 438">
     <span class='ocr_line' id='line_1_1' title="bbox 427 371 528 438; baseline 0.02 -3"><span class='ocrx_word' id='word_1_1' title='bbox 427 371 528 438; x_wconf 81' lang='lat'><strong>931</strong></span> 
     </span>
    </p>
   </div>
   <div class='ocr_carea' id='block_1_2' title="bbox 1643 371 2438 435">
    <p class='ocr_par' dir='ltr' id='par_1_2' title="bbox 1643 371 2438 435">
     <span class='ocr_line' id='line_1_2' title="bbox 1643 371 2438 435; baseline -0.004 0"><span class='ocrx_word' id='word_1_2' title='bbox 1643 371 2031 435; x_wconf 82' lang='lat' dir='ltr'><strong>EUTHYMII</strong></span> <span class='ocrx_word' id='word_1_3' title='bbox 2071 373 2438 435; x_wconf 76' lang='lat' dir='ltr'><strong>ZIGABENI</strong></span> 
     </span>
    </p>
   </div>
   <div class='ocr_carea' id='block_1_3' title="bbox 3589 365 3693 429">
    <p class='ocr_par' dir='ltr' id='par_1_3' title="bbox 3589 365 3693 429">
     <span class='ocr_line' id='line_1_3' title="bbox 3589 365 3693 429; baseline -0.029 1"><span class='ocrx_word' id='word_1_4' title='bbox 3589 365 3693 429; x_wconf 66' lang='lat'><strong>£32</strong></span> 
     </span>
    </p>
   </div>
   <div class='ocr_carea' id='block_1_4' title="bbox 429 477 2005 548">
    <p class='ocr_par' dir='ltr' id='par_1_4' title="bbox 429 479 2005 548">
     <span class='ocr_line' id='line_1_4' title="bbox 429 479 2005 548; baseline -0.001 -12"><span class='ocrx_word' id='word_1_5' title='bbox 429 492 529 548; x_wconf 81' lang='lat' dir='ltr'><strong>ret,</strong></span> <span class='ocrx_word' id='word_1_6' title='bbox 569 489 621 537; x_wconf 79' lang='lat' dir='ltr'><strong>et</strong></span> <span class='ocrx_word' id='word_1_7' title='bbox 651 490 882 538; x_wconf 75' lang='lat' dir='ltr'><strong>arescat.</strong></span> <span class='ocrx_word' id='word_1_8' title='bbox 911 479 1037 537; x_wconf 74' lang='lat' dir='ltr'><strong>Haec</strong></span> <span class='ocrx_word' id='word_1_9' title='bbox 1069 481 1252 538; x_wconf 87' lang='lat' dir='ltr'><strong>omnia</strong></span> <span class='ocrx_word' id='word_1_10' title='bbox 1292 481 1359 536; x_wconf 85' lang='lat' dir='ltr'><strong>ad</strong></span> <span class='ocrx_word' id='word_1_11' title='bbox 1410 479 1642 537; x_wconf 88' lang='lat' dir='ltr'><strong>celerem</strong></span> <span class='ocrx_word' id='word_1_12' title='bbox 1695 480 1879 536; x_wconf 80' lang='lat' dir='ltr'><strong>herbae</strong></span> <span class='ocrx_word' id='word_1_13' title='bbox 1930 481 2005 534; x_wconf 86' lang='lat' dir='ltr'><strong>in-</strong></span> 
     </span>
    </p>
   </div>
   <div class='ocr_carea' id='block_1_5' title="bbox 2112 477 3697 548">
    <p class='ocr_par' dir='ltr' id='par_1_5' title="bbox 2114 477 3697 547">
     <span class='ocr_line' id='line_1_5' title="bbox 2114 477 3697 547; baseline -0.004 -11"><span class='ocrx_word' id='word_1_14' title='bbox 2114 483 2437 547; x_wconf 80' lang='grc' dir='ltr'><strong>ἀποπέσοι,</strong></span> <span class='ocrx_word' id='word_1_15' title='bbox 2468 478 2918 547; x_wconf 72' lang='grc' dir='ltr'><strong>σκληρυνθείη,</strong></span> <span class='ocrx_word' id='word_1_16' title='bbox 2962 477 3061 531; x_wconf 75' lang='grc' dir='ltr'><strong>καὶ</strong></span> <span class='ocrx_word' id='word_1_17' title='bbox 3108 477 3450 546; x_wconf 72' lang='grc' dir='ltr'><strong>ξηρανθείη.</strong></span> <span class='ocrx_word' id='word_1_18' title='bbox 3509 477 3697 530; x_wconf 81' lang='grc' dir='ltr'><strong>Ταῦτα</strong></span> 
     </span>
    </p>
   </div>
   <div class='ocr_carea' id='block_1_6' title="bbox 431 573 2006 645">
    <p class='ocr_par' dir='ltr' id='par_1_6' title="bbox 431 573 2006 645">
     <span class='ocr_line' id='line_1_6' title="bbox 431 573 2006 645; baseline -0.003 -16"><span class='ocrx_word' id='word_1_19' title='bbox 431 577 657 631; x_wconf 89' lang='lat' dir='ltr'><strong>teritum</strong></span> <span class='ocrx_word' id='word_1_20' title='bbox 695 573 1029 642; x_wconf 84' lang='lat' dir='ltr'><strong>referuntur,</strong></span> <span class='ocrx_word' id='word_1_21' title='bbox 1053 589 1174 645; x_wconf 67' lang='lat' dir='ltr'><strong>qua:</strong></span> <span class='ocrx_word' id='word_1_22' title='bbox 1196 589 1356 629; x_wconf 89' lang='lat' dir='ltr'><strong>mane</strong></span> <span class='ocrx_word' id='word_1_23' title='bbox 1386 574 1602 644; x_wconf 85' lang='lat' dir='ltr'><strong>quidem</strong></span> <span class='ocrx_word' id='word_1_24' title='bbox 1635 575 1742 629; x_wconf 89' lang='lat' dir='ltr'><strong>diei</strong></span> <span class='ocrx_word' id='word_1_25' title='bbox 1765 573 2006 637; x_wconf 82' lang='lat' dir='ltr'><strong>ﬂorebit,</strong></span> 
     </span>
    </p>
   </div>
   <div class='ocr_carea' id='block_1_7' title="bbox 429 665 2007 739">
    <p class='ocr_par' dir='ltr' id='par_1_7' title="bbox 429 665 2007 739">
     <span class='ocr_line' id='line_1_7' title="bbox 429 665 2007 739; baseline -0.003 -15"><span class='ocrx_word' id='word_1_26' title='bbox 429 679 483 724; x_wconf 89' lang='lat' dir='ltr'><strong>et</strong></span> <span class='ocrx_word' id='word_1_27' title='bbox 517 669 871 739; x_wconf 87' lang='lat' dir='ltr'><strong>pertransibit</strong></span> <span class='ocrx_word' id='word_1_28' title='bbox 901 683 930 722; x_wconf 94' lang='lat' dir='ltr'><strong>a</strong></span> <span class='ocrx_word' id='word_1_29' title='bbox 970 665 1126 736; x_wconf 79' lang='lat' dir='ltr'><strong>ﬂore,</strong></span> <span class='ocrx_word' id='word_1_30' title='bbox 1155 675 1210 723; x_wconf 90' lang='lat' dir='ltr'><strong>et</strong></span> <span class='ocrx_word' id='word_1_31' title='bbox 1233 681 1461 737; x_wconf 81' lang='lat' dir='ltr'><strong>vespere</strong></span> <span class='ocrx_word' id='word_1_32' title='bbox 1486 667 1699 722; x_wconf 75' lang='lat' dir='ltr'><strong>decidet</strong></span> <span class='ocrx_word' id='word_1_33' title='bbox 1725 707 1740 731; x_wconf 88' lang='lat'><strong>,</strong></span> <span class='ocrx_word' id='word_1_34' title='bbox 1773 667 1878 722; x_wconf 90' lang='lat' dir='ltr'><strong>hoc</strong></span> <span class='ocrx_word' id='word_1_35' title='bbox 1904 675 2007 730; x_wconf 90' lang='lat' dir='ltr'><strong>est,</strong></span> 
     </span>
    </p>
   </div>
   <div class='ocr_carea' id='block_1_8' title="bbox 433 739 2005 829">
    <p class='ocr_par' dir='ltr' id='par_1_8' title="bbox 433 739 2005 829">
     <span class='ocr_line' id='line_1_8' title="bbox 433 739 2005 829; baseline -0.003 -14"><span class='ocrx_word' id='word_1_36' title='bbox 433 739 592 815; x_wconf 76' lang='lat' dir='ltr'><strong>cadet</strong></span> <span class='ocrx_word' id='word_1_37' title='bbox 621 761 675 814; x_wconf 92' lang='lat' dir='ltr'><strong>in</strong></span> <span class='ocrx_word' id='word_1_38' title='bbox 707 770 906 814; x_wconf 89' lang='lat' dir='ltr'><strong>terram</strong></span> <span class='ocrx_word' id='word_1_39' title='bbox 951 775 963 812; x_wconf 91' lang='lat'>:</span> <span class='ocrx_word' id='word_1_40' title='bbox 999 767 1166 829; x_wconf 81' lang='lat' dir='ltr'><strong>atque</strong></span> <span class='ocrx_word' id='word_1_41' title='bbox 1195 757 1270 812; x_wconf 89' lang='lat' dir='ltr'><strong>ita</strong></span> <span class='ocrx_word' id='word_1_42' title='bbox 1295 765 1628 827; x_wconf 90' lang='lat' dir='ltr'><strong>consumpto</strong></span> <span class='ocrx_word' id='word_1_43' title='bbox 1658 772 1724 812; x_wconf 91' lang='lat' dir='ltr'><strong>eo</strong></span> <span class='ocrx_word' id='word_1_44' title='bbox 1753 756 2005 820; x_wconf 89' lang='lat' dir='ltr'><strong>humore,</strong></span> 
     </span>
    </p>
   </div>
   <div class='ocr_carea' id='block_1_9' title="bbox 429 845 2003 922">
    <p class='ocr_par' dir='ltr' id='par_1_9' title="bbox 429 845 2003 922">
     <span class='ocr_line' id='line_1_9' title="bbox 429 845 2003 922; baseline -0.003 -16"><span class='ocrx_word' id='word_1_45' title='bbox 429 867 591 922; x_wconf 86' lang='lat' dir='ltr'><strong>quem</strong></span> <span class='ocrx_word' id='word_1_46' title='bbox 623 861 782 906; x_wconf 87' lang='lat' dir='ltr'><strong>antea</strong></span> <span class='ocrx_word' id='word_1_47' title='bbox 802 851 1054 914; x_wconf 92' lang='lat' dir='ltr'><strong>habebat,</strong></span> <span class='ocrx_word' id='word_1_48' title='bbox 1077 849 1406 905; x_wconf 81' lang='lat' dir='ltr'><strong>obdurescet</strong></span> <span class='ocrx_word' id='word_1_49' title='bbox 1424 857 1586 918; x_wconf 87' lang='lat' dir='ltr'><strong>atque</strong></span> <span class='ocrx_word' id='word_1_50' title='bbox 1612 845 2003 904; x_wconf 79' lang='lat' dir='ltr'><strong>exsiccabitur.</strong></span> 
     </span>
    </p>
   </div>
   <div class='ocr_carea' id='block_1_10' title="bbox 428 936 2005 1009">
    <p class='ocr_par' dir='ltr' id='par_1_10' title="bbox 428 936 2005 1009">
     <span class='ocr_line' id='line_1_10' title="bbox 428 936 2005 1009; baseline -0.004 -12"><span class='ocrx_word' id='word_1_51' title='bbox 428 943 622 997; x_wconf 85' lang='lat' dir='ltr'><strong>Omnia</strong></span> <span class='ocrx_word' id='word_1_52' title='bbox 651 944 797 996; x_wconf 90' lang='lat' dir='ltr'><strong>enim</strong></span> <span class='ocrx_word' id='word_1_53' title='bbox 837 943 951 996; x_wconf 82' lang='lat' dir='ltr'><strong>haec</strong></span> <span class='ocrx_word' id='word_1_54' title='bbox 979 943 1144 996; x_wconf 86' lang='lat' dir='ltr'><strong>verba</strong></span> <span class='ocrx_word' id='word_1_55' title='bbox 1171 941 1295 996; x_wconf 88' lang='lat' dir='ltr'><strong>licet</strong></span> <span class='ocrx_word' id='word_1_56' title='bbox 1318 940 1558 1009; x_wconf 87' lang='lat' dir='ltr'><strong>optantis</strong></span> <span class='ocrx_word' id='word_1_57' title='bbox 1606 938 1825 994; x_wconf 90' lang='lat' dir='ltr'><strong>modum</strong></span> <span class='ocrx_word' id='word_1_58' title='bbox 1877 936 2005 991; x_wconf 87' lang='lat' dir='ltr'><strong>reti-</strong></span> 
     </span>
    </p>
   </div>
   <div class='ocr_carea' id='block_1_11' title="bbox 428 1030 2004 1104">
    <p class='ocr_par' dir='ltr' id='par_1_11' title="bbox 428 1030 2004 1104">
     <span class='ocr_line' id='line_1_11' title="bbox 428 1030 2004 1104; baseline -0.003 -15"><span class='ocrx_word' id='word_1_59' title='bbox 428 1043 618 1100; x_wconf 89' lang='lat' dir='ltr'><strong>neant,</strong></span> <span class='ocrx_word' id='word_1_60' title='bbox 653 1036 706 1088; x_wconf 91' lang='lat' dir='ltr'><strong>in</strong></span> <span class='ocrx_word' id='word_1_61' title='bbox 739 1035 910 1088; x_wconf 79' lang='lat' dir='ltr'><strong>futuri</strong></span> <span class='ocrx_word' id='word_1_62' title='bbox 949 1044 1130 1089; x_wconf 89' lang='lat' dir='ltr'><strong>tamen</strong></span> <span class='ocrx_word' id='word_1_63' title='bbox 1184 1032 1585 1104; x_wconf 78' lang='lat' dir='ltr'><strong>signiﬁcatione</strong></span> <span class='ocrx_word' id='word_1_64' title='bbox 1633 1030 2004 1100; x_wconf 89' lang='lat' dir='ltr'><strong>accipiuntur.</strong></span> 
     </span>
    </p>
   </div>
   <div class='ocr_carea' id='block_1_12' title="bbox 425 1122 2005 1199">
    <p class='ocr_par' dir='ltr' id='par_1_12' title="bbox 425 1122 2005 1199">
     <span class='ocr_line' id='line_1_12' title="bbox 425 1122 2005 1199; baseline -0.006 -16"><span class='ocrx_word' id='word_1_65' title='bbox 425 1130 603 1199; x_wconf 79' lang='lat' dir='ltr'><strong>Atque</strong></span> <span class='ocrx_word' id='word_1_66' title='bbox 662 1137 722 1182; x_wconf 91' lang='lat' dir='ltr'><strong>ut</strong></span> <span class='ocrx_word' id='word_1_67' title='bbox 777 1130 1095 1182; x_wconf 85' lang='lat' dir='ltr'><strong>ostenderet</strong></span> <span class='ocrx_word' id='word_1_68' title='bbox 1144 1125 1414 1196; x_wconf 84' lang='lat' dir='ltr'><strong>Pr0pheta</strong></span> <span class='ocrx_word' id='word_1_69' title='bbox 1460 1139 1624 1195; x_wconf 88' lang='lat' dir='ltr'><strong>quam</strong></span> <span class='ocrx_word' id='word_1_70' title='bbox 1675 1123 1788 1176; x_wconf 90' lang='lat' dir='ltr'><strong>cito</strong></span> <span class='ocrx_word' id='word_1_71' title='bbox 1833 1122 2005 1177; x_wconf 86' lang='lat' dir='ltr'><strong>herba</strong></span> 
     </span>
    </p>
   </div>
   <div class='ocr_carea' id='block_1_13' title="bbox 426 1212 2004 1291">
    <p class='ocr_par' dir='ltr' id='par_1_13' title="bbox 426 1212 2004 1291">
     <span class='ocr_line' id='line_1_13' title="bbox 426 1212 2004 1291; baseline -0.006 -15"><span class='ocrx_word' id='word_1_72' title='bbox 426 1229 634 1291; x_wconf 89' lang='lat' dir='ltr'><strong>pereat,</strong></span> <span class='ocrx_word' id='word_1_73' title='bbox 669 1234 781 1274; x_wconf 90' lang='lat' dir='ltr'><strong>uno</strong></span> <span class='ocrx_word' id='word_1_74' title='bbox 811 1229 974 1290; x_wconf 89' lang='lat' dir='ltr'><strong>atque</strong></span> <span class='ocrx_word' id='word_1_75' title='bbox 991 1219 1181 1274; x_wconf 90' lang='lat' dir='ltr'><strong>eodem</strong></span> <span class='ocrx_word' id='word_1_76' title='bbox 1213 1218 1303 1273; x_wconf 86' lang='lat' dir='ltr'><strong>die</strong></span> <span class='ocrx_word' id='word_1_77' title='bbox 1330 1216 1522 1272; x_wconf 82' lang='lat' dir='ltr'><strong>ﬂorere</strong></span> <span class='ocrx_word' id='word_1_78' title='bbox 1547 1230 1666 1272; x_wconf 78' lang='lat' dir='ltr'><strong>eam</strong></span> <span class='ocrx_word' id='word_1_79' title='bbox 1687 1212 2004 1283; x_wconf 83' lang='lat' dir='ltr'><strong>descripsit,</strong></span> 
     </span>
    </p>
   </div>
   <div class='ocr_carea' id='block_1_14' title="bbox 426 1305 2006 1383">
    <p class='ocr_par' dir='ltr' id='par_1_14' title="bbox 426 1305 2006 1383">
     <span class='ocr_line' id='line_1_14' title="bbox 426 1305 2006 1383; baseline -0.005 -15"><span class='ocrx_word' id='word_1_80' title='bbox 426 1321 594 1383; x_wconf 86' lang='lat' dir='ltr'><strong>atque</strong></span> <span class='ocrx_word' id='word_1_81' title='bbox 618 1328 889 1368; x_wconf 84' lang='lat' dir='ltr'><strong>arescere.</strong></span> <span class='ocrx_word' id='word_1_82' title='bbox 928 1309 1021 1366; x_wconf 85' lang='lat' dir='ltr'><strong>Vel</strong></span> <span class='ocrx_word' id='word_1_83' title='bbox 1059 1310 1198 1366; x_wconf 82' lang='lat' dir='ltr'><strong>forte</strong></span> <span class='ocrx_word' id='word_1_84' title='bbox 1222 1310 1342 1365; x_wconf 91' lang='lat' dir='ltr'><strong>ideo</strong></span> <span class='ocrx_word' id='word_1_85' title='bbox 1371 1310 1443 1363; x_wconf 88' lang='lat' dir='ltr'><strong>ita</strong></span> <span class='ocrx_word' id='word_1_86' title='bbox 1475 1309 1632 1373; x_wconf 80' lang='lat' dir='ltr'><strong>dixit,</strong></span> <span class='ocrx_word' id='word_1_87' title='bbox 1651 1305 1782 1377; x_wconf 85' lang='lat' dir='ltr'><strong>quia</strong></span> <span class='ocrx_word' id='word_1_88' title='bbox 1807 1305 2006 1376; x_wconf 60' lang='lat' dir='ltr'><strong>aliqua:</strong></span> 
     </span>
    </p>
   </div>
   <div class='ocr_carea' id='block_1_15' title="bbox 427 1396 2008 1471">
    <p class='ocr_par' dir='ltr' id='par_1_15' title="bbox 427 1396 2008 1471">
     <span class='ocr_line' id='line_1_15' title="bbox 427 1396 2008 1471; baseline -0.006 -13"><span class='ocrx_word' id='word_1_89' title='bbox 427 1403 540 1458; x_wconf 83' lang='lat' dir='ltr'><strong>sint</strong></span> <span class='ocrx_word' id='word_1_90' title='bbox 565 1403 766 1467; x_wconf 67' lang='lat' dir='ltr'><strong>herbae,</strong></span> <span class='ocrx_word' id='word_1_91' title='bbox 807 1419 927 1471; x_wconf 74' lang='lat' dir='ltr'><strong>qua:</strong></span> <span class='ocrx_word' id='word_1_92' title='bbox 961 1417 1070 1456; x_wconf 94' lang='lat' dir='ltr'><strong>uno</strong></span> <span class='ocrx_word' id='word_1_93' title='bbox 1115 1411 1278 1470; x_wconf 90' lang='lat' dir='ltr'><strong>atque</strong></span> <span class='ocrx_word' id='word_1_94' title='bbox 1326 1399 1518 1456; x_wconf 86' lang='lat' dir='ltr'><strong>eodem</strong></span> <span class='ocrx_word' id='word_1_95' title='bbox 1573 1398 1664 1452; x_wconf 89' lang='lat' dir='ltr'><strong>die</strong></span> <span class='ocrx_word' id='word_1_96' title='bbox 1707 1396 2008 1452; x_wconf 80' lang='lat' dir='ltr'><strong>ﬂorescant</strong></span> 
     </span>
    </p>
   </div>
   <div class='ocr_carea' id='block_1_16' title="bbox 426 1486 2008 1562">
    <p class='ocr_par' dir='ltr' id='par_1_16' title="bbox 426 1486 2008 1562">
     <span class='ocr_line' id='line_1_16' title="bbox 426 1486 2008 1562; baseline -0.005 -12"><span class='ocrx_word' id='word_1_97' title='bbox 426 1503 481 1550; x_wconf 86' lang='lat' dir='ltr'><strong>et</strong></span> <span class='ocrx_word' id='word_1_98' title='bbox 521 1503 766 1562; x_wconf 86' lang='lat' dir='ltr'><strong>pereant.</strong></span> <span class='ocrx_word' id='word_1_99' title='bbox 826 1494 1057 1560; x_wconf 82' lang='lat' dir='ltr'><strong>Quidam</strong></span> <span class='ocrx_word' id='word_1_100' title='bbox 1117 1492 1232 1548; x_wconf 73' lang='lat' dir='ltr'><strong>haec</strong></span> <span class='ocrx_word' id='word_1_101' title='bbox 1281 1492 1426 1546; x_wconf 90' lang='lat' dir='ltr'><strong>dicta</strong></span> <span class='ocrx_word' id='word_1_102' title='bbox 1473 1506 1598 1546; x_wconf 90' lang='lat' dir='ltr'><strong>esse</strong></span> <span class='ocrx_word' id='word_1_103' title='bbox 1640 1496 1898 1544; x_wconf 87' lang='lat' dir='ltr'><strong>asserunt</strong></span> <span class='ocrx_word' id='word_1_104' title='bbox 1938 1486 2008 1542; x_wconf 92' lang='lat' dir='ltr'><strong>de</strong></span> 
     </span>
    </p>
   </div>
   <div class='ocr_carea' id='block_1_17' title="bbox 426 1579 2008 1655">
    <p class='ocr_par' dir='ltr' id='par_1_17' title="bbox 426 1579 2008 1655">
     <span class='ocr_line' id='line_1_17' title="bbox 426 1579 2008 1655; baseline -0.004 -13"><span class='ocrx_word' id='word_1_105' title='bbox 426 1587 651 1649; x_wconf 70' lang='lat' dir='ltr'><strong>Iudaeis,</strong></span> <span class='ocrx_word' id='word_1_106' title='bbox 686 1600 919 1655; x_wconf 89' lang='lat' dir='ltr'><strong>quorum</strong></span> <span class='ocrx_word' id='word_1_107' title='bbox 971 1584 1289 1654; x_wconf 76' lang='lat' dir='ltr'><strong>religionem</strong></span> <span class='ocrx_word' id='word_1_108' title='bbox 1338 1598 1404 1638; x_wconf 91' lang='lat' dir='ltr'><strong>ac</strong></span> <span class='ocrx_word' id='word_1_109' title='bbox 1447 1582 1652 1638; x_wconf 87' lang='lat' dir='ltr'><strong>cultum</strong></span> <span class='ocrx_word' id='word_1_110' title='bbox 1717 1582 1770 1634; x_wconf 92' lang='lat' dir='ltr'><strong>in</strong></span> <span class='ocrx_word' id='word_1_111' title='bbox 1807 1579 2008 1648; x_wconf 89' lang='lat' dir='ltr'><strong>templo</strong></span> 
     </span>
    </p>
   </div>
   <div class='ocr_carea' id='block_1_18' title="bbox 427 1670 2008 1745">
    <p class='ocr_par' dir='ltr' id='par_1_18' title="bbox 427 1670 2008 1745">
     <span class='ocr_line' id='line_1_18' title="bbox 427 1670 2008 1745; baseline -0.005 -13"><span class='ocrx_word' id='word_1_112' title='bbox 427 1679 575 1733; x_wconf 89' lang='lat' dir='ltr'><strong>mille</strong></span> <span class='ocrx_word' id='word_1_113' title='bbox 601 1689 811 1732; x_wconf 82' lang='lat' dir='ltr'><strong>tantum</strong></span> <span class='ocrx_word' id='word_1_114' title='bbox 832 1676 992 1730; x_wconf 86' lang='lat' dir='ltr'><strong>annis</strong></span> <span class='ocrx_word' id='word_1_115' title='bbox 1015 1675 1208 1730; x_wconf 88' lang='lat' dir='ltr'><strong>dicunt</strong></span> <span class='ocrx_word' id='word_1_116' title='bbox 1228 1687 1632 1745; x_wconf 83' lang='lat' dir='ltr'><strong>perseverasse,</strong></span> <span class='ocrx_word' id='word_1_117' title='bbox 1657 1687 1685 1726; x_wconf 92' lang='lat' dir='ltr'><strong>a</strong></span> <span class='ocrx_word' id='word_1_118' title='bbox 1713 1670 2008 1725; x_wconf 87' lang='lat' dir='ltr'><strong>Salomone</strong></span> 
     </span>
    </p>
   </div>
   <div class='ocr_carea' id='block_1_19' title="bbox 429 1764 2008 1838">
    <p class='ocr_par' dir='ltr' id='par_1_19' title="bbox 429 1764 2008 1838">
     <span class='ocr_line' id='line_1_19' title="bbox 429 1764 2008 1838; baseline -0.004 -17"><span class='ocrx_word' id='word_1_119' title='bbox 429 1769 680 1824; x_wconf 73' lang='lat' dir='ltr'><strong>videlicet</strong></span> <span class='ocrx_word' id='word_1_120' title='bbox 722 1783 894 1838; x_wconf 88' lang='lat' dir='ltr'><strong>usque</strong></span> <span class='ocrx_word' id='word_1_121' title='bbox 928 1767 993 1822; x_wconf 89' lang='lat' dir='ltr'><strong>ad</strong></span> <span class='ocrx_word' id='word_1_122' title='bbox 1039 1766 1245 1822; x_wconf 88' lang='lat' dir='ltr'><strong>Christi</strong></span> <span class='ocrx_word' id='word_1_123' title='bbox 1292 1767 1629 1836; x_wconf 79' lang='lat' dir='ltr'><strong>passionem,</strong></span> <span class='ocrx_word' id='word_1_124' title='bbox 1687 1764 1763 1818; x_wconf 88' lang='lat' dir='ltr'><strong>ita</strong></span> <span class='ocrx_word' id='word_1_125' title='bbox 1796 1770 1854 1818; x_wconf 89' lang='lat' dir='ltr'><strong>ut</strong></span> <span class='ocrx_word' id='word_1_126' title='bbox 1881 1777 2008 1818; x_wconf 91' lang='lat' dir='ltr'><strong>sen-</strong></span> 
     </span>
    </p>
   </div>
   <div class='ocr_carea' id='block_1_20' title="bbox 2119 569 3694 642">
    <p class='ocr_par' dir='ltr' id='par_1_20' title="bbox 2119 569 3694 642">
     <span class='ocr_line' id='line_1_20' title="bbox 2119 569 3694 642; baseline -0.003 -18"><span class='ocrx_word' id='word_1_127' title='bbox 2119 572 2257 642; x_wconf 76' lang='grc' dir='ltr'><strong>πρὸς</strong></span> <span class='ocrx_word' id='word_1_128' title='bbox 2305 571 2368 624; x_wconf 82' lang='grc' dir='ltr'><strong>τὸ</strong></span> <span class='ocrx_word' id='word_1_129' title='bbox 2409 571 2511 642; x_wconf 82' lang='grc' dir='ltr'><strong>τῆς</strong></span> <span class='ocrx_word' id='word_1_130' title='bbox 2555 571 2720 640; x_wconf 86' lang='grc' dir='ltr'><strong>χλόης</strong></span> <span class='ocrx_word' id='word_1_131' title='bbox 2765 570 3055 637; x_wconf 73' lang='grc' dir='ltr'><strong>ὠκύμορον</strong></span> <span class='ocrx_word' id='word_1_132' title='bbox 3102 569 3471 630; x_wconf 69' lang='grc' dir='ltr'><strong>ἀποτείνεται,</strong></span> <span class='ocrx_word' id='word_1_133' title='bbox 3523 569 3605 621; x_wconf 78' lang='grc' dir='ltr'><strong>ὅτι</strong></span> <span class='ocrx_word' id='word_1_134' title='bbox 3660 570 3694 638; x_wconf 90' lang='grc' dir='ltr'><strong>ἡ</strong></span> 
     </span>
    </p>
   </div>
   <div class='ocr_carea' id='block_1_21' title="bbox 2117 656 3695 734">
    <p class='ocr_par' dir='ltr' id='par_1_21' title="bbox 2117 656 3695 734">
     <span class='ocr_line' id='line_1_21' title="bbox 2117 656 3695 734; baseline -0.002 -19"><span class='ocrx_word' id='word_1_135' title='bbox 2117 663 2246 734; x_wconf 87' lang='grc' dir='ltr'><strong>χλόη</strong></span> <span class='ocrx_word' id='word_1_136' title='bbox 2280 663 2341 716; x_wconf 85' lang='grc' dir='ltr'><strong>τὸ</strong></span> <span class='ocrx_word' id='word_1_137' title='bbox 2372 662 2474 728; x_wconf 85' lang='grc' dir='ltr'><strong>μὲν</strong></span> <span class='ocrx_word' id='word_1_138' title='bbox 2516 661 2662 732; x_wconf 78' lang='grc' dir='ltr'><strong>πρωῒ</strong></span> <span class='ocrx_word' id='word_1_139' title='bbox 2697 662 2797 730; x_wconf 80' lang='grc' dir='ltr'><strong>τῆς</strong></span> <span class='ocrx_word' id='word_1_140' title='bbox 2850 660 3064 730; x_wconf 79' lang='grc' dir='ltr'><strong>ἡμέρας</strong></span> <span class='ocrx_word' id='word_1_141' title='bbox 3095 659 3341 730; x_wconf 76' lang='grc' dir='ltr'><strong>ἀνθήσει,</strong></span> <span class='ocrx_word' id='word_1_142' title='bbox 3374 656 3494 712; x_wconf 81' lang='grc' dir='ltr'><strong>εἶτα</strong></span> <span class='ocrx_word' id='word_1_143' title='bbox 3527 677 3695 729; x_wconf 90' lang='grc' dir='ltr'><strong>παρε-</strong></span> 
     </span>
    </p>
   </div>
   <div class='ocr_carea' id='block_1_22' title="bbox 2116 752 3691 823">
    <p class='ocr_par' dir='ltr' id='par_1_22' title="bbox 2116 752 3691 823">
     <span class='ocr_line' id='line_1_22' title="bbox 2116 752 3691 823; baseline -0.002 -17"><span class='ocrx_word' id='word_1_144' title='bbox 2116 753 2370 807; x_wconf 86' lang='grc' dir='ltr'><strong>λεύσεται</strong></span> <span class='ocrx_word' id='word_1_145' title='bbox 2398 753 2506 807; x_wconf 81' lang='grc' dir='ltr'><strong>ἀπὸ</strong></span> <span class='ocrx_word' id='word_1_146' title='bbox 2541 753 2637 807; x_wconf 80' lang='grc' dir='ltr'><strong>τοῦ</strong></span> <span class='ocrx_word' id='word_1_147' title='bbox 2663 753 2847 807; x_wconf 78' lang='grc' dir='ltr'><strong>ἀνθεῖν</strong></span> <span class='ocrx_word' id='word_1_148' title='bbox 2875 769 2888 782; x_wconf 85' lang='grc'><strong>·</strong></span> <span class='ocrx_word' id='word_1_149' title='bbox 2927 752 2988 805; x_wconf 84' lang='grc' dir='ltr'><strong>τὸ</strong></span> <span class='ocrx_word' id='word_1_150' title='bbox 3022 753 3078 806; x_wconf 79' lang='grc' dir='ltr'><strong>δὲ</strong></span> <span class='ocrx_word' id='word_1_151' title='bbox 3117 753 3356 823; x_wconf 75' lang='grc' dir='ltr'>ἑσπέρας</span> <span class='ocrx_word' id='word_1_152' title='bbox 3397 753 3691 818; x_wconf 81' lang='grc' dir='ltr'><strong>ἀποπεσεῖ,</strong></span> 
     </span>
    </p>
   </div>
   <div class='ocr_carea' id='block_1_23' title="bbox 2116 843 3695 917">
    <p class='ocr_par' dir='ltr' id='par_1_23' title="bbox 2116 843 3695 917">
     <span class='ocr_line' id='line_1_23' title="bbox 2116 843 3695 917; baseline -0.001 -19"><span class='ocrx_word' id='word_1_153' title='bbox 2116 847 2296 899; x_wconf 84' lang='grc' dir='ltr'><strong>εῖτουν</strong></span> <span class='ocrx_word' id='word_1_154' title='bbox 2325 844 2644 916; x_wconf 81' lang='grc' dir='ltr'><strong>κλιθησεται</strong></span> <span class='ocrx_word' id='word_1_155' title='bbox 2674 846 2758 909; x_wconf 84' lang='grc' dir='ltr'><strong>είς</strong></span> <span class='ocrx_word' id='word_1_156' title='bbox 2795 845 2898 914; x_wconf 79' lang='grc' dir='ltr'><strong>γῆν</strong></span> <span class='ocrx_word' id='word_1_157' title='bbox 2926 861 2940 874; x_wconf 71' lang='grc' dir='ltr'><strong>ο</strong></span> <span class='ocrx_word' id='word_1_158' title='bbox 2978 843 3289 915; x_wconf 80' lang='grc' dir='ltr'><strong>περιττεύει</strong></span> <span class='ocrx_word' id='word_1_159' title='bbox 3319 845 3375 897; x_wconf 87' lang='grc' dir='ltr'><strong>δὲ</strong></span> <span class='ocrx_word' id='word_1_160' title='bbox 3410 846 3442 915; x_wconf 83' lang='grc' dir='ltr'>ὴ</span> <span class='ocrx_word' id='word_1_161' title='bbox 3498 844 3695 917; x_wconf 83' lang='grc' dir='ltr'><strong>πρόθε-</strong></span> 
     </span>
    </p>
   </div>
   <div class='ocr_carea' id='block_1_24' title="bbox 2118 935 3697 1009">
    <p class='ocr_par' dir='ltr' id='par_1_24' title="bbox 2118 935 3697 1009">
     <span class='ocr_line' id='line_1_24' title="bbox 2118 935 3697 1009; baseline 0 -19"><span class='ocrx_word' id='word_1_162' title='bbox 2118 955 2202 1002; x_wconf 88' lang='grc' dir='ltr'><strong>σις</strong></span> <span class='ocrx_word' id='word_1_163' title='bbox 2229 953 2244 968; x_wconf 81' lang='grc'><strong><em>⁸</em></strong></span> <span class='ocrx_word' id='word_1_164' title='bbox 2283 935 2403 991; x_wconf 81' lang='grc' dir='ltr'><strong>εἶτα</strong></span> <span class='ocrx_word' id='word_1_165' title='bbox 2428 937 2928 1009; x_wconf 79' lang='grc' dir='ltr'><strong>σκληρυνθήσεται,</strong></span> <span class='ocrx_word' id='word_1_166' title='bbox 2960 937 3363 1003; x_wconf 80' lang='grc' dir='ltr'><strong>δαπανωμένης</strong></span> <span class='ocrx_word' id='word_1_167' title='bbox 3389 937 3492 1006; x_wconf 81' lang='grc' dir='ltr'><strong>τῆς</strong></span> <span class='ocrx_word' id='word_1_168' title='bbox 3519 939 3578 991; x_wconf 78' lang='grc' dir='ltr'><strong>ὲν</strong></span> <span class='ocrx_word' id='word_1_169' title='bbox 3595 938 3697 990; x_wconf 78' lang='grc' dir='ltr'><strong>αὖ·</strong></span> 
     </span>
    </p>
   </div>
   <div class='ocr_carea' id='block_1_25' title="bbox 2117 1029 3698 1101">
    <p class='ocr_par' dir='ltr' id='par_1_25' title="bbox 2117 1029 3698 1101">
     <span class='ocr_line' id='line_1_25' title="bbox 2117 1029 3698 1101; baseline 0.001 -19"><span class='ocrx_word' id='word_1_170' title='bbox 2117 1034 2183 1101; x_wconf 80' lang='grc' dir='ltr'><strong>τῇ</strong></span> <span class='ocrx_word' id='word_1_171' title='bbox 2239 1031 2488 1100; x_wconf 76' lang='grc' dir='ltr'><strong>ἰκμάδος,</strong></span> <span class='ocrx_word' id='word_1_172' title='bbox 2535 1030 2632 1084; x_wconf 80' lang='grc' dir='ltr'><strong>καὶ</strong></span> <span class='ocrx_word' id='word_1_173' title='bbox 2676 1029 2820 1083; x_wconf 74' lang='grc' dir='ltr'><strong>οὕτω</strong></span> <span class='ocrx_word' id='word_1_174' title='bbox 2866 1029 3291 1100; x_wconf 81' lang='grc' dir='ltr'><strong>ξηρανθήσεται.</strong></span> <span class='ocrx_word' id='word_1_175' title='bbox 3324 1029 3406 1083; x_wconf 73' lang='grc' dir='ltr'><strong>Τὰ</strong></span> <span class='ocrx_word' id='word_1_176' title='bbox 3435 1031 3546 1101; x_wconf 83' lang='grc' dir='ltr'><strong>γὰρ</strong></span> <span class='ocrx_word' id='word_1_177' title='bbox 3601 1032 3698 1083; x_wconf 81' lang='grc' dir='ltr'><strong>εύ-</strong></span> 
     </span>
    </p>
   </div>
   <div class='ocr_carea' id='block_1_26' title="bbox 2116 1121 3698 1191">
    <p class='ocr_par' dir='ltr' id='par_1_26' title="bbox 2116 1121 3698 1191">
     <span class='ocr_line' id='line_1_26' title="bbox 2116 1121 3698 1191; baseline 0 -15"><span class='ocrx_word' id='word_1_178' title='bbox 2116 1123 2282 1176; x_wconf 75' lang='grc' dir='ltr'><strong>κτικὰ</strong></span> <span class='ocrx_word' id='word_1_179' title='bbox 2324 1122 2419 1176; x_wconf 82' lang='grc' dir='ltr'><strong>νῦν</strong></span> <span class='ocrx_word' id='word_1_180' title='bbox 2457 1123 2576 1176; x_wconf 62' lang='grc' dir='ltr'><strong>ἀντὶ</strong></span> <span class='ocrx_word' id='word_1_181' title='bbox 2628 1121 2935 1191; x_wconf 76' lang='grc' dir='ltr'><strong>μελλόντων</strong></span> <span class='ocrx_word' id='word_1_182' title='bbox 2987 1121 3378 1190; x_wconf 78' lang='grc' dir='ltr'><strong>λαμϐάνονται.</strong></span> <span class='ocrx_word' id='word_1_183' title='bbox 3432 1122 3506 1174; x_wconf 88' lang='grc' dir='ltr'><strong>Τδ</strong></span> <span class='ocrx_word' id='word_1_184' title='bbox 3545 1122 3698 1191; x_wconf 80' lang='grc' dir='ltr'><strong>πρωῒ</strong></span> 
     </span>
    </p>
   </div>
   <div class='ocr_carea' id='block_1_27' title="bbox 2113 1213 3698 1284">
    <p class='ocr_par' dir='ltr' id='par_1_27' title="bbox 2113 1213 3698 1284">
     <span class='ocr_line' id='line_1_27' title="bbox 2113 1213 3698 1284; baseline -0.003 -16"><span class='ocrx_word' id='word_1_185' title='bbox 2113 1215 2171 1268; x_wconf 88' lang='grc' dir='ltr'><strong>δὲ</strong></span> <span class='ocrx_word' id='word_1_186' title='bbox 2211 1215 2308 1268; x_wconf 77' lang='grc' dir='ltr'><strong>καὶ</strong></span> <span class='ocrx_word' id='word_1_187' title='bbox 2345 1215 2406 1268; x_wconf 80' lang='grc' dir='ltr'><strong>τὸ</strong></span> <span class='ocrx_word' id='word_1_188' title='bbox 2452 1215 2716 1282; x_wconf 77' lang='grc' dir='ltr'><strong>ἑσπέρας</strong></span> <span class='ocrx_word' id='word_1_189' title='bbox 2773 1215 2894 1268; x_wconf 84' lang='grc' dir='ltr'><strong>ἀντὶ</strong></span> <span class='ocrx_word' id='word_1_190' title='bbox 2957 1213 3052 1266; x_wconf 82' lang='grc' dir='ltr'><strong>τοῦ</strong></span> <span class='ocrx_word' id='word_1_191' title='bbox 3099 1214 3188 1266; x_wconf 89' lang='grc' dir='ltr'><strong>Ἐν</strong></span> <span class='ocrx_word' id='word_1_192' title='bbox 3238 1214 3459 1284; x_wconf 77' lang='grc' dir='ltr'><strong>πρωΐα,</strong></span> <span class='ocrx_word' id='word_1_193' title='bbox 3492 1214 3588 1266; x_wconf 78' lang='grc' dir='ltr'><strong>καὶ</strong></span> <span class='ocrx_word' id='word_1_194' title='bbox 3637 1213 3698 1264; x_wconf 84' lang='grc' dir='ltr'><strong>ἐν</strong></span> 
     </span>
    </p>
   </div>
   <div class='ocr_carea' id='block_1_28' title="bbox 2114 1307 3699 1379">
    <p class='ocr_par' dir='ltr' id='par_1_28' title="bbox 2114 1307 3699 1379">
     <span class='ocr_line' id='line_1_28' title="bbox 2114 1307 3699 1379; baseline -0.002 -18"><span class='ocrx_word' id='word_1_195' title='bbox 2114 1309 2352 1378; x_wconf 70' lang='grc' dir='ltr'><strong>ἑσπέρᾳ..</strong></span> <span class='ocrx_word' id='word_1_196' title='bbox 2397 1307 2485 1361; x_wconf 88' lang='grc' dir='ltr'><strong>Ἐν</strong></span> <span class='ocrx_word' id='word_1_197' title='bbox 2526 1308 2629 1379; x_wconf 83' lang='grc' dir='ltr'><strong>μιᾷ</strong></span> <span class='ocrx_word' id='word_1_198' title='bbox 2652 1307 2710 1361; x_wconf 79' lang='grc' dir='ltr'><strong>δὲ</strong></span> <span class='ocrx_word' id='word_1_199' title='bbox 2735 1307 2919 1378; x_wconf 71' lang='grc' dir='ltr'><strong>ἡμέρα</strong></span> <span class='ocrx_word' id='word_1_200' title='bbox 2953 1307 3084 1372; x_wconf 72' lang='grc' dir='ltr'><strong>πρὶν</strong></span> <span class='ocrx_word' id='word_1_201' title='bbox 3115 1307 3301 1359; x_wconf 86' lang='grc' dir='ltr'><strong>είκόνα</strong></span> <span class='ocrx_word' id='word_1_202' title='bbox 3334 1307 3432 1377; x_wconf 85' lang='grc' dir='ltr'><strong>τῆς</strong></span> <span class='ocrx_word' id='word_1_203' title='bbox 3471 1307 3699 1376; x_wconf 71' lang='grc' dir='ltr'><strong>ὠκυμο⁶</strong></span> 
     </span>
    </p>
   </div>
   <div class='ocr_carea' id='block_1_29' title="bbox 2119 1397 3699 1471">
    <p class='ocr_par' dir='ltr' id='par_1_29' title="bbox 2119 1397 3699 1471">
     <span class='ocr_line' id='line_1_29' title="bbox 2119 1397 3699 1471; baseline 0 -21"><span class='ocrx_word' id='word_1_204' title='bbox 2119 1399 2239 1471; x_wconf 89' lang='grc' dir='ltr'><strong>ρίας</strong></span> <span class='ocrx_word' id='word_1_205' title='bbox 2283 1399 2384 1468; x_wconf 83' lang='grc' dir='ltr'><strong>τῆς</strong></span> <span class='ocrx_word' id='word_1_206' title='bbox 2427 1398 2593 1470; x_wconf 81' lang='grc' dir='ltr'>χλόης</span> <span class='ocrx_word' id='word_1_207' title='bbox 2633 1398 2912 1470; x_wconf 72' lang='grc' dir='ltr'><strong>ἱστόρησε,</strong></span> <span class='ocrx_word' id='word_1_208' title='bbox 2969 1397 3235 1451; x_wconf 78' lang='grc' dir='ltr'><strong>δεικνύων</strong></span> <span class='ocrx_word' id='word_1_209' title='bbox 3283 1397 3344 1450; x_wconf 78' lang='grc' dir='ltr'><strong>τὸ</strong></span> <span class='ocrx_word' id='word_1_210' title='bbox 3389 1399 3556 1468; x_wconf 82' lang='grc' dir='ltr'><strong>τάχος</strong></span> <span class='ocrx_word' id='word_1_211' title='bbox 3594 1399 3699 1469; x_wconf 83' lang='grc' dir='ltr'><strong>τῆς</strong></span> 
     </span>
    </p>
   </div>
   <div class='ocr_carea' id='block_1_30' title="bbox 2117 1490 3698 1563">
    <p class='ocr_par' dir='ltr' id='par_1_30' title="bbox 2117 1490 3698 1563">
     <span class='ocr_line' id='line_1_30' title="bbox 2117 1490 3698 1563; baseline -0.002 -18"><span class='ocrx_word' id='word_1_212' title='bbox 2117 1493 2480 1563; x_wconf 81' lang='grc' dir='ltr'><strong>παραδρομῆς</strong></span> <span class='ocrx_word' id='word_1_213' title='bbox 2511 1493 2704 1562; x_wconf 80' lang='grc' dir='ltr'><strong>αὐτῆς.</strong></span> <span class='ocrx_word' id='word_1_214' title='bbox 2743 1491 2954 1553; x_wconf 78' lang='grc' dir='ltr'><strong>Ἀλλως</strong></span> <span class='ocrx_word' id='word_1_215' title='bbox 2982 1508 3039 1543; x_wconf 81' lang='grc' dir='ltr'><strong>τε</strong></span> <span class='ocrx_word' id='word_1_216' title='bbox 3069 1491 3127 1544; x_wconf 85' lang='grc' dir='ltr'><strong>δὲ</strong></span> <span class='ocrx_word' id='word_1_217' title='bbox 3166 1490 3262 1544; x_wconf 74' lang='grc' dir='ltr'><strong>καὶ</strong></span> <span class='ocrx_word' id='word_1_218' title='bbox 3303 1491 3386 1543; x_wconf 80' lang='grc' dir='ltr'><strong>ὅτι</strong></span> <span class='ocrx_word' id='word_1_219' title='bbox 3413 1491 3522 1544; x_wconf 83' lang='grc' dir='ltr'><strong>είσί</strong></span> <span class='ocrx_word' id='word_1_220' title='bbox 3550 1507 3698 1553; x_wconf 86' lang='grc' dir='ltr'><strong>τινες</strong></span> 
     </span>
    </p>
   </div>
   <div class='ocr_carea' id='block_1_31' title="bbox 2115 1583 3698 1657">
    <p class='ocr_par' dir='ltr' id='par_1_31' title="bbox 2115 1583 3698 1657">
     <span class='ocr_line' id='line_1_31' title="bbox 2115 1583 3698 1657; baseline -0.001 -21"><span class='ocrx_word' id='word_1_221' title='bbox 2115 1585 2272 1656; x_wconf 81' lang='grc' dir='ltr'><strong>χλόαι</strong></span> <span class='ocrx_word' id='word_1_222' title='bbox 2308 1586 2364 1638; x_wconf 82' lang='grc' dir='ltr'><strong>ὲν</strong></span> <span class='ocrx_word' id='word_1_223' title='bbox 2396 1586 2496 1657; x_wconf 83' lang='grc' dir='ltr'><strong>μιᾷ</strong></span> <span class='ocrx_word' id='word_1_224' title='bbox 2530 1585 2717 1656; x_wconf 80' lang='grc' dir='ltr'><strong>ἡμέρᾳ</strong></span> <span class='ocrx_word' id='word_1_225' title='bbox 2756 1583 3021 1638; x_wconf 80' lang='grc' dir='ltr'><strong>ἀνθοῦσαι</strong></span> <span class='ocrx_word' id='word_1_226' title='bbox 3065 1586 3158 1638; x_wconf 75' lang='grc' dir='ltr'><strong>καὶ</strong></span> <span class='ocrx_word' id='word_1_227' title='bbox 3190 1583 3558 1649; x_wconf 85' lang='grc' dir='ltr'><strong>ἀπανθοῦσαι,</strong></span> <span class='ocrx_word' id='word_1_228' title='bbox 3601 1584 3698 1636; x_wconf 77' lang='grc' dir='ltr'><strong>καὶ</strong></span> 
     </span>
    </p>
   </div>
   <div class='ocr_carea' id='block_1_32' title="bbox 2121 1672 3699 1746">
    <p class='ocr_par' dir='ltr' id='par_1_32' title="bbox 2121 1672 3699 1746">
     <span class='ocr_line' id='line_1_32' title="bbox 2121 1672 3699 1746; baseline -0.001 -17"><span class='ocrx_word' id='word_1_229' title='bbox 2121 1675 2502 1746; x_wconf 81' lang='grc' dir='ltr'><strong>ἀπολλύμεναι</strong></span> <span class='ocrx_word' id='word_1_230' title='bbox 2537 1690 2551 1707; x_wconf 87' lang='grc'><strong>·</strong></span> <span class='ocrx_word' id='word_1_231' title='bbox 2583 1674 2761 1728; x_wconf 83' lang='grc' dir='ltr'><strong>ταῦτα</strong></span> <span class='ocrx_word' id='word_1_232' title='bbox 2807 1675 2906 1744; x_wconf 79' lang='grc' dir='ltr'><strong>μὲν</strong></span> <span class='ocrx_word' id='word_1_233' title='bbox 2932 1673 3128 1737; x_wconf 77' lang='grc' dir='ltr'><strong>οὕτως.</strong></span> <span class='ocrx_word' id='word_1_234' title='bbox 3166 1674 3323 1735; x_wconf 84' lang='grc' dir='ltr'><strong>Τινὲς</strong></span> <span class='ocrx_word' id='word_1_235' title='bbox 3348 1673 3404 1727; x_wconf 80' lang='grc' dir='ltr'><strong>δὲ</strong></span> <span class='ocrx_word' id='word_1_236' title='bbox 3438 1672 3567 1745; x_wconf 78' lang='grc' dir='ltr'><strong>περὶ</strong></span> <span class='ocrx_word' id='word_1_237' title='bbox 3587 1673 3699 1727; x_wconf 84' lang='grc' dir='ltr'><strong>τῶν</strong></span> 
     </span>
    </p>
   </div>
   <div class='ocr_carea' id='block_1_33' title="bbox 2128 1763 3698 1836">
    <p class='ocr_par' dir='ltr' id='par_1_33' title="bbox 2128 1763 3698 1836">
     <span class='ocr_line' id='line_1_33' title="bbox 2128 1763 3698 1836; baseline -0.003 -18"><span class='ocrx_word' id='word_1_238' title='bbox 2128 1764 2401 1832; x_wconf 73' lang='grc' dir='ltr'><strong>Ἰουδαίων</strong></span> <span class='ocrx_word' id='word_1_239' title='bbox 2445 1763 2830 1836; x_wconf 79' lang='grc' dir='ltr'><strong>προῤῥηθῆναι</strong></span> <span class='ocrx_word' id='word_1_240' title='bbox 2867 1763 3046 1817; x_wconf 77' lang='grc' dir='ltr'><strong>ταῦτα</strong></span> <span class='ocrx_word' id='word_1_241' title='bbox 3086 1779 3259 1835; x_wconf 85' lang='grc' dir='ltr'><strong>φησι·</strong></span> <span class='ocrx_word' id='word_1_242' title='bbox 3311 1764 3566 1830; x_wconf 75' lang='grc' dir='ltr'><strong>λέγοντες</strong></span> <span class='ocrx_word' id='word_1_243' title='bbox 3602 1763 3698 1816; x_wconf 72' lang='grc' dir='ltr'><strong>ἐπὶ</strong></span> 
     </span>
    </p>
   </div>
   <div class='ocr_carea' id='block_1_34' title="bbox 427 1839 2005 1931">
    <p class='ocr_par' dir='ltr' id='par_1_34' title="bbox 427 1856 2005 1931">
     <span class='ocr_line' id='line_1_34' title="bbox 427 1856 2005 1931; baseline -0.008 -13"><span class='ocrx_word' id='word_1_244' title='bbox 427 1876 523 1918; x_wconf 90' lang='lat' dir='ltr'><strong>sus</strong></span> <span class='ocrx_word' id='word_1_245' title='bbox 560 1861 632 1915; x_wconf 81' lang='lat' dir='ltr'><strong>sit</strong></span> <span class='ocrx_word' id='word_1_246' title='bbox 664 1878 676 1914; x_wconf 91' lang='lat'>:</span> <span class='ocrx_word' id='word_1_247' title='bbox 713 1860 855 1931; x_wconf 88' lang='lat' dir='ltr'><strong>quod</strong></span> <span class='ocrx_word' id='word_1_248' title='bbox 889 1860 942 1914; x_wconf 91' lang='lat' dir='ltr'><strong>hi</strong></span> <span class='ocrx_word' id='word_1_249' title='bbox 972 1858 1119 1915; x_wconf 90' lang='lat' dir='ltr'><strong>mille</strong></span> <span class='ocrx_word' id='word_1_250' title='bbox 1149 1859 1304 1926; x_wconf 89' lang='lat' dir='ltr'><strong>anni,</strong></span> <span class='ocrx_word' id='word_1_251' title='bbox 1354 1858 1428 1913; x_wconf 90' lang='lat' dir='ltr'><strong>ob</strong></span> <span class='ocrx_word' id='word_1_252' title='bbox 1475 1858 1692 1912; x_wconf 91' lang='lat' dir='ltr'><strong>illorum</strong></span> <span class='ocrx_word' id='word_1_253' title='bbox 1756 1856 1964 1910; x_wconf 84' lang='lat' dir='ltr'><strong>scelera</strong></span> <span class='ocrx_word' id='word_1_254' title='bbox 1991 1894 2005 1920; x_wconf 85' lang='lat'><strong>,</strong></span> 
     </span>
    </p>
   </div>
   <div class='ocr_carea' id='block_1_35' title="bbox 2112 1839 3697 1931">
    <p class='ocr_par' dir='ltr' id='par_1_35' title="bbox 2115 1854 3697 1928">
     <span class='ocr_line' id='line_1_35' title="bbox 2115 1854 3697 1928; baseline -0.001 -20"><span class='ocrx_word' id='word_1_255' title='bbox 2115 1856 2262 1928; x_wconf 86' lang='grc' dir='ltr'><strong>χίλια</strong></span> <span class='ocrx_word' id='word_1_256' title='bbox 2288 1857 2382 1928; x_wconf 79' lang='grc' dir='ltr'><strong>ἐτη</strong></span> <span class='ocrx_word' id='word_1_257' title='bbox 2412 1856 2701 1924; x_wconf 79' lang='grc' dir='ltr'><strong>διαρκέσαι</strong></span> <span class='ocrx_word' id='word_1_258' title='bbox 2735 1857 2835 1926; x_wconf 78' lang='grc' dir='ltr'><strong>τὴν</strong></span> <span class='ocrx_word' id='word_1_259' title='bbox 2870 1858 2928 1908; x_wconf 81' lang='grc' dir='ltr'><strong>ἐν</strong></span> <span class='ocrx_word' id='word_1_260' title='bbox 2955 1856 3033 1926; x_wconf 83' lang='grc' dir='ltr'><strong>τῷ</strong></span> <span class='ocrx_word' id='word_1_261' title='bbox 3061 1855 3174 1925; x_wconf 81' lang='grc' dir='ltr'><strong>ναῷ</strong></span> <span class='ocrx_word' id='word_1_262' title='bbox 3189 1854 3448 1924; x_wconf 86' lang='grc' dir='ltr'><strong>λατρείαν</strong></span> <span class='ocrx_word' id='word_1_263' title='bbox 3480 1854 3697 1908; x_wconf 62' lang='grc' dir='ltr'><strong>αὐτῶν</strong></span> 
     </span>
    </p>
   </div>
   <div class='ocr_carea' id='block_1_36' title="bbox 427 1947 2006 2019">
    <p class='ocr_par' dir='ltr' id='par_1_36' title="bbox 427 1947 2006 2019">
     <span class='ocr_line' id='line_1_36' title="bbox 427 1947 2006 2019; baseline -0.006 -12"><span class='ocrx_word' id='word_1_264' title='bbox 427 1969 537 2007; x_wconf 89' lang='lat' dir='ltr'><strong>non</strong></span> <span class='ocrx_word' id='word_1_265' title='bbox 573 1966 738 2007; x_wconf 88' lang='lat' dir='ltr'><strong>secus</strong></span> <span class='ocrx_word' id='word_1_266' title='bbox 767 1969 794 2003; x_wconf 77' lang='grc' dir='ltr'><strong>ιι</strong></span> <span class='ocrx_word' id='word_1_267' title='bbox 827 1951 935 2004; x_wconf 85' lang='lat' dir='ltr'><strong>Deo</strong></span> <span class='ocrx_word' id='word_1_268' title='bbox 959 1950 1194 2019; x_wconf 85' lang='lat' dir='ltr'><strong>repulati</strong></span> <span class='ocrx_word' id='word_1_269' title='bbox 1222 1956 1373 2013; x_wconf 87' lang='lat' dir='ltr'><strong>sunt,</strong></span> <span class='ocrx_word' id='word_1_270' title='bbox 1392 1964 1555 2018; x_wconf 88' lang='lat' dir='ltr'><strong>quam</strong></span> <span class='ocrx_word' id='word_1_271' title='bbox 1584 1947 1703 2002; x_wconf 88' lang='lat' dir='ltr'><strong>dies</strong></span> <span class='ocrx_word' id='word_1_272' title='bbox 1727 1947 2006 2010; x_wconf 85' lang='lat' dir='ltr'><strong>hesterna,</strong></span> 
     </span>
    </p>
   </div>
   <div class='ocr_carea' id='block_1_37' title="bbox 427 2037 2008 2111">
    <p class='ocr_par' dir='ltr' id='par_1_37' title="bbox 427 2037 2008 2111">
     <span class='ocr_line' id='line_1_37' title="bbox 427 2037 2008 2111; baseline -0.004 -15"><span class='ocrx_word' id='word_1_273' title='bbox 427 2051 594 2111; x_wconf 84' lang='lat' dir='ltr'><strong>atque</strong></span> <span class='ocrx_word' id='word_1_274' title='bbox 629 2041 751 2095; x_wconf 90' lang='lat' dir='ltr'><strong>ideo</strong></span> <span class='ocrx_word' id='word_1_275' title='bbox 781 2041 926 2111; x_wconf 86' lang='lat' dir='ltr'><strong>quod</strong></span> <span class='ocrx_word' id='word_1_276' title='bbox 962 2047 1314 2108; x_wconf 86' lang='lat' dir='ltr'><strong>contemptus</strong></span> <span class='ocrx_word' id='word_1_277' title='bbox 1339 2053 1533 2093; x_wconf 90' lang='lat' dir='ltr'><strong>eorum</strong></span> <span class='ocrx_word' id='word_1_278' title='bbox 1560 2037 1875 2094; x_wconf 75' lang='lat' dir='ltr'><strong>Judaeorum</strong></span> <span class='ocrx_word' id='word_1_279' title='bbox 1911 2037 2008 2091; x_wconf 83' lang='lat' dir='ltr'><strong>ad-</strong></span> 
     </span>
    </p>
   </div>
   <div class='ocr_carea' id='block_1_38' title="bbox 429 2128 2010 2200">
    <p class='ocr_par' dir='ltr' id='par_1_38' title="bbox 429 2128 2010 2200">
     <span class='ocr_line' id='line_1_38' title="bbox 429 2128 2010 2200; baseline -0.002 -13"><span class='ocrx_word' id='word_1_280' title='bbox 429 2135 534 2188; x_wconf 93' lang='lat' dir='ltr'><strong>huc</strong></span> <span class='ocrx_word' id='word_1_281' title='bbox 561 2140 744 2195; x_wconf 86' lang='lat' dir='ltr'><strong>erunt,</strong></span> <span class='ocrx_word' id='word_1_282' title='bbox 779 2141 833 2186; x_wconf 86' lang='lat' dir='ltr'><strong>et</strong></span> <span class='ocrx_word' id='word_1_283' title='bbox 860 2145 1076 2200; x_wconf 88' lang='lat' dir='ltr'><strong>semper</strong></span> <span class='ocrx_word' id='word_1_284' title='bbox 1107 2131 1282 2200; x_wconf 76' lang='lat' dir='ltr'><strong>magis</strong></span> <span class='ocrx_word' id='word_1_285' title='bbox 1312 2140 1629 2199; x_wconf 76' lang='lat' dir='ltr'><strong>augescent.</strong></span> <span class='ocrx_word' id='word_1_286' title='bbox 1664 2131 1729 2184; x_wconf 85' lang='lat' dir='ltr'><strong>Et</strong></span> <span class='ocrx_word' id='word_1_287' title='bbox 1761 2128 2010 2184; x_wconf 86' lang='lat' dir='ltr'><strong>videmus</strong></span> 
     </span>
    </p>
   </div>
   <div class='ocr_carea' id='block_1_39' title="bbox 426 2222 2010 2294">
    <p class='ocr_par' dir='ltr' id='par_1_39' title="bbox 426 2222 2010 2294">
     <span class='ocr_line' id='line_1_39' title="bbox 426 2222 2010 2294; baseline -0.002 -13"><span class='ocrx_word' id='word_1_288' title='bbox 426 2242 561 2282; x_wconf 88' lang='lat' dir='ltr'><strong>sane</strong></span> <span class='ocrx_word' id='word_1_289' title='bbox 591 2240 688 2280; x_wconf 88' lang='lat' dir='ltr'><strong>eos</strong></span> <span class='ocrx_word' id='word_1_290' title='bbox 722 2239 1004 2294; x_wconf 88' lang='lat' dir='ltr'><strong>nunquam</strong></span> <span class='ocrx_word' id='word_1_291' title='bbox 1037 2238 1292 2280; x_wconf 83' lang='lat' dir='ltr'><strong>cessasse</strong></span> <span class='ocrx_word' id='word_1_292' title='bbox 1325 2265 1341 2287; x_wconf 92' lang='lat'><strong>,</strong></span> <span class='ocrx_word' id='word_1_293' title='bbox 1375 2223 1505 2291; x_wconf 89' lang='lat' dir='ltr'><strong>quin</strong></span> <span class='ocrx_word' id='word_1_294' title='bbox 1562 2237 1782 2292; x_wconf 89' lang='lat' dir='ltr'><strong>semper</strong></span> <span class='ocrx_word' id='word_1_295' title='bbox 1831 2222 2010 2292; x_wconf 76' lang='lat' dir='ltr'><strong>magis</strong></span> 
     </span>
    </p>
   </div>
   <div class='ocr_carea' id='block_1_40' title="bbox 427 2314 2013 2386">
    <p class='ocr_par' dir='ltr' id='par_1_40' title="bbox 427 2314 2013 2386">
     <span class='ocr_line' id='line_1_40' title="bbox 427 2314 2013 2386; baseline -0.001 -15"><span class='ocrx_word' id='word_1_296' title='bbox 427 2316 765 2386; x_wconf 90' lang='lat' dir='ltr'><strong>contemptui</strong></span> <span class='ocrx_word' id='word_1_297' title='bbox 812 2317 923 2370; x_wconf 87' lang='lat' dir='ltr'><strong>sint</strong></span> <span class='ocrx_word' id='word_1_298' title='bbox 961 2324 1017 2370; x_wconf 89' lang='lat' dir='ltr'><strong>et</strong></span> <span class='ocrx_word' id='word_1_299' title='bbox 1053 2314 1312 2372; x_wconf 88' lang='lat' dir='ltr'><strong>ludibrio.</strong></span> <span class='ocrx_word' id='word_1_300' title='bbox 1346 2314 1411 2368; x_wconf 87' lang='lat' dir='ltr'><strong>Et</strong></span> <span class='ocrx_word' id='word_1_301' title='bbox 1456 2315 1560 2368; x_wconf 88' lang='lat' dir='ltr'><strong>alia</strong></span> <span class='ocrx_word' id='word_1_302' title='bbox 1604 2315 1768 2369; x_wconf 83' lang='lat' dir='ltr'><strong>etiam</strong></span> <span class='ocrx_word' id='word_1_303' title='bbox 1817 2328 2013 2369; x_wconf 85' lang='lat' dir='ltr'><strong>conse-</strong></span> 
     </span>
    </p>
   </div>
   <div class='ocr_carea' id='block_1_41' title="bbox 427 2406 2012 2490">
    <p class='ocr_par' dir='ltr' id='par_1_41' title="bbox 427 2406 2012 2490">
     <span class='ocr_line' id='line_1_41' title="bbox 427 2406 2012 2490; baseline 0.002 -30"><span class='ocrx_word' id='word_1_304' title='bbox 427 2417 658 2478; x_wconf 87' lang='lat' dir='ltr'><strong>quenter</strong></span> <span class='ocrx_word' id='word_1_305' title='bbox 689 2408 754 2462; x_wconf 86' lang='lat' dir='ltr'><strong>ad</strong></span> <span class='ocrx_word' id='word_1_306' title='bbox 788 2407 1040 2477; x_wconf 84' lang='lat' dir='ltr'><strong>praedicta</strong></span> <span class='ocrx_word' id='word_1_307' title='bbox 1062 2407 1408 2490; x_wconf 48' lang='lat' dir='ltr'><strong>intelligunt:</strong></span> <span class='ocrx_word' id='word_1_308' title='bbox 1436 2406 1588 2478; x_wconf 90' lang='lat' dir='ltr'><strong>quod</strong></span> <span class='ocrx_word' id='word_1_309' title='bbox 1613 2408 1826 2464; x_wconf 86' lang='lat' dir='ltr'><strong>scilicet</strong></span> <span class='ocrx_word' id='word_1_310' title='bbox 1849 2422 2012 2463; x_wconf 82' lang='lat' dir='ltr'><strong>mane</strong></span> 
     </span>
    </p>
   </div>
   <div class='ocr_carea' id='block_1_42' title="bbox 425 2499 2011 2569">
    <p class='ocr_par' dir='ltr' id='par_1_42' title="bbox 425 2499 2011 2569">
     <span class='ocr_line' id='line_1_42' title="bbox 425 2499 2011 2569; baseline -0.001 -13"><span class='ocrx_word' id='word_1_311' title='bbox 425 2516 640 2566; x_wconf 89' lang='lat' dir='ltr'><strong>eorum,</strong></span> <span class='ocrx_word' id='word_1_312' title='bbox 673 2500 777 2555; x_wconf 91' lang='lat' dir='ltr'><strong>hoc</strong></span> <span class='ocrx_word' id='word_1_313' title='bbox 816 2511 903 2555; x_wconf 90' lang='lat' dir='ltr'><strong>est</strong></span> <span class='ocrx_word' id='word_1_314' title='bbox 945 2499 1178 2556; x_wconf 81' lang='lat' dir='ltr'><strong>felicitas</strong></span> <span class='ocrx_word' id='word_1_315' title='bbox 1209 2515 1426 2564; x_wconf 88' lang='lat' dir='ltr'><strong>eorum,</strong></span> <span class='ocrx_word' id='word_1_316' title='bbox 1455 2501 1818 2569; x_wconf 88' lang='lat' dir='ltr'><strong>pertransibit</strong></span> <span class='ocrx_word' id='word_1_317' title='bbox 1863 2501 2011 2555; x_wconf 89' lang='lat' dir='ltr'><strong>velut</strong></span> 
     </span>
    </p>
   </div>
   <div class='ocr_carea' id='block_1_43' title="bbox 427 2591 2010 2658">
    <p class='ocr_par' dir='ltr' id='par_1_43' title="bbox 427 2591 2010 2658">
     <span class='ocr_line' id='line_1_43' title="bbox 427 2591 2010 2658; baseline -0.001 -10"><span class='ocrx_word' id='word_1_318' title='bbox 427 2593 618 2648; x_wconf 90' lang='lat' dir='ltr'><strong>herba.</strong></span> <span class='ocrx_word' id='word_1_319' title='bbox 644 2593 846 2646; x_wconf 88' lang='lat' dir='ltr'><strong>Eorum</strong></span> <span class='ocrx_word' id='word_1_320' title='bbox 885 2600 1064 2646; x_wconf 88' lang='lat' dir='ltr'><strong>autem</strong></span> <span class='ocrx_word' id='word_1_321' title='bbox 1095 2591 1330 2646; x_wconf 79' lang='lat' dir='ltr'><strong>felicitas</strong></span> <span class='ocrx_word' id='word_1_322' title='bbox 1362 2601 1578 2646; x_wconf 86' lang='lat' dir='ltr'><strong>tantum</strong></span> <span class='ocrx_word' id='word_1_323' title='bbox 1615 2591 1836 2646; x_wconf 86' lang='lat' dir='ltr'><strong>duravit</strong></span> <span class='ocrx_word' id='word_1_324' title='bbox 1865 2633 1880 2658; x_wconf 93' lang='lat'><strong>,</strong></span> <span class='ocrx_word' id='word_1_325' title='bbox 1921 2607 2010 2647; x_wconf 90' lang='lat' dir='ltr'><strong>re-</strong></span> 
     </span>
    </p>
   </div>
   <div class='ocr_carea' id='block_1_44' title="bbox 430 2678 2008 2752">
    <p class='ocr_par' dir='ltr' id='par_1_44' title="bbox 430 2678 2008 2752">
     <span class='ocr_line' id='line_1_44' title="bbox 430 2678 2008 2752; baseline 0.002 -17"><span class='ocrx_word' id='word_1_326' title='bbox 430 2689 632 2750; x_wconf 77' lang='lat' dir='ltr'><strong>gnante</strong></span> <span class='ocrx_word' id='word_1_327' title='bbox 663 2679 981 2735; x_wconf 86' lang='lat' dir='ltr'><strong>Salomone.</strong></span> <span class='ocrx_word' id='word_1_328' title='bbox 1036 2678 1170 2734; x_wconf 84' lang='lat' dir='ltr'><strong>Nam</strong></span> <span class='ocrx_word' id='word_1_329' title='bbox 1215 2681 1566 2750; x_wconf 89' lang='lat' dir='ltr'><strong>postmodum</strong></span> <span class='ocrx_word' id='word_1_330' title='bbox 1616 2697 1834 2752; x_wconf 90' lang='lat' dir='ltr'><strong>semper</strong></span> <span class='ocrx_word' id='word_1_331' title='bbox 1875 2697 2008 2738; x_wconf 90' lang='lat' dir='ltr'><strong>con-</strong></span> 
     </span>
    </p>
   </div>
   <div class='ocr_carea' id='block_1_45' title="bbox 434 2771 2009 2843">
    <p class='ocr_par' dir='ltr' id='par_1_45' title="bbox 434 2771 2009 2843">
     <span class='ocr_line' id='line_1_45' title="bbox 434 2771 2009 2843; baseline 0.001 -16"><span class='ocrx_word' id='word_1_332' title='bbox 434 2773 584 2828; x_wconf 90' lang='lat' dir='ltr'><strong>cussi</strong></span> <span class='ocrx_word' id='word_1_333' title='bbox 626 2781 778 2827; x_wconf 90' lang='lat' dir='ltr'><strong>sunt.</strong></span> <span class='ocrx_word' id='word_1_334' title='bbox 811 2771 929 2826; x_wconf 84' lang='lat' dir='ltr'><strong>Alia</strong></span> <span class='ocrx_word' id='word_1_335' title='bbox 958 2781 1140 2827; x_wconf 89' lang='lat' dir='ltr'><strong>autem</strong></span> <span class='ocrx_word' id='word_1_336' title='bbox 1189 2787 1312 2842; x_wconf 67' lang='lat' dir='ltr'><strong>qua:</strong></span> <span class='ocrx_word' id='word_1_337' title='bbox 1351 2781 1661 2843; x_wconf 89' lang='lat' dir='ltr'><strong>sequuntur</strong></span> <span class='ocrx_word' id='word_1_338' title='bbox 1701 2773 1886 2838; x_wconf 88' lang='lat' dir='ltr'><strong>verba,</strong></span> <span class='ocrx_word' id='word_1_339' title='bbox 1941 2773 2009 2828; x_wconf 90' lang='lat' dir='ltr'><strong>ad</strong></span> 
     </span>
    </p>
   </div>
   <div class='ocr_carea' id='block_1_46' title="bbox 431 2861 1894 2936">
    <p class='ocr_par' dir='ltr' id='par_1_46' title="bbox 431 2861 1894 2936">
     <span class='ocr_line' id='line_1_46' title="bbox 431 2861 1894 2936; baseline -0.001 -16"><span class='ocrx_word' id='word_1_340' title='bbox 431 2863 655 2920; x_wconf 83' lang='lat' dir='ltr'><strong>herbam</strong></span> <span class='ocrx_word' id='word_1_341' title='bbox 682 2861 910 2929; x_wconf 73' lang='lat' dir='ltr'><strong>referes,</strong></span> <span class='ocrx_word' id='word_1_342' title='bbox 943 2877 1008 2918; x_wconf 90' lang='lat' dir='ltr'><strong>eo</strong></span> <span class='ocrx_word' id='word_1_343' title='bbox 1039 2864 1201 2918; x_wconf 88' lang='lat' dir='ltr'><strong>modo</strong></span> <span class='ocrx_word' id='word_1_344' title='bbox 1230 2880 1340 2934; x_wconf 93' lang='lat' dir='ltr'><strong>quo</strong></span> <span class='ocrx_word' id='word_1_345' title='bbox 1363 2864 1475 2935; x_wconf 83' lang='lat' dir='ltr'><strong>jam</strong></span> <span class='ocrx_word' id='word_1_346' title='bbox 1509 2865 1894 2936; x_wconf 68' lang='lat' dir='ltr'><strong>praediximus.</strong></span> 
     </span>
    </p>
   </div>
   <div class='ocr_carea' id='block_1_47' title="bbox 498 3131 2005 3206">
    <p class='ocr_par' dir='ltr' id='par_1_47' title="bbox 498 3131 2005 3206">
     <span class='ocr_line' id='line_1_47' title="bbox 498 3131 2005 3206; baseline 0.003 -18"><span class='ocrx_word' id='word_1_347' title='bbox 498 3134 667 3188; x_wconf 77' lang='lat' dir='ltr'><strong>Vens.</strong></span> <span class='ocrx_word' id='word_1_348' title='bbox 709 3133 763 3189; x_wconf 90' lang='lat'><strong>7.</strong></span> <span class='ocrx_word' id='word_1_349' title='bbox 805 3131 944 3197; x_wconf 84' lang='lat' dir='ltr'><strong>Quia</strong></span> <span class='ocrx_word' id='word_1_350' title='bbox 975 3132 1256 3204; x_wconf 78' lang='lat' dir='ltr'><strong>defecimus</strong></span> <span class='ocrx_word' id='word_1_351' title='bbox 1283 3135 1336 3188; x_wconf 85' lang='lat' dir='ltr'><strong>in</strong></span> <span class='ocrx_word' id='word_1_352' title='bbox 1380 3136 1461 3188; x_wconf 82' lang='lat' dir='ltr'><strong>ira</strong></span> <span class='ocrx_word' id='word_1_353' title='bbox 1495 3146 1620 3200; x_wconf 89' lang='lat' dir='ltr'><strong>tua,</strong></span> <span class='ocrx_word' id='word_1_354' title='bbox 1655 3146 1704 3191; x_wconf 87' lang='lat' dir='ltr'><strong>et</strong></span> <span class='ocrx_word' id='word_1_355' title='bbox 1735 3137 1790 3190; x_wconf 86' lang='lat' dir='ltr'><strong>in</strong></span> <span class='ocrx_word' id='word_1_356' title='bbox 1821 3137 2005 3206; x_wconf 79' lang='lat' dir='ltr'><strong>furore</strong></span> 
     </span>
    </p>
   </div>
   <div class='ocr_carea' id='block_1_48' title="bbox 429 3223 2003 3292">
    <p class='ocr_par' dir='ltr' id='par_1_48' title="bbox 429 3223 2003 3292">
     <span class='ocr_line' id='line_1_48' title="bbox 429 3223 2003 3292; baseline 0.004 -16"><span class='ocrx_word' id='word_1_357' title='bbox 429 3233 519 3278; x_wconf 84' lang='lat' dir='ltr'><strong>tuo</strong></span> <span class='ocrx_word' id='word_1_358' title='bbox 544 3223 746 3277; x_wconf 86' lang='lat' dir='ltr'><strong>turbati</strong></span> <span class='ocrx_word' id='word_1_359' title='bbox 784 3239 988 3277; x_wconf 87' lang='lat' dir='ltr'><strong>sumus.</strong></span> <span class='ocrx_word' id='word_1_360' title='bbox 1028 3224 1358 3290; x_wconf 81' lang='lat' dir='ltr'><strong>Defecimus,</strong></span> <span class='ocrx_word' id='word_1_361' title='bbox 1423 3225 1527 3280; x_wconf 92' lang='lat' dir='ltr'><strong>hoc</strong></span> <span class='ocrx_word' id='word_1_362' title='bbox 1584 3235 1690 3292; x_wconf 86' lang='lat' dir='ltr'><strong>est,</strong></span> <span class='ocrx_word' id='word_1_363' title='bbox 1739 3226 2003 3283; x_wconf 87' lang='lat' dir='ltr'><strong>diminuti</strong></span> 
     </span>
    </p>
   </div>
   <div class='ocr_carea' id='block_1_49' title="bbox 429 3314 2010 3387">
    <p class='ocr_par' dir='ltr' id='par_1_49' title="bbox 429 3314 2010 3387">
     <span class='ocr_line' id='line_1_49' title="bbox 429 3314 2010 3387; baseline 0.002 -16"><span class='ocrx_word' id='word_1_364' title='bbox 429 3330 622 3371; x_wconf 86' lang='lat' dir='ltr'><strong>sumus</strong></span> <span class='ocrx_word' id='word_1_365' title='bbox 665 3323 720 3370; x_wconf 92' lang='lat' dir='ltr'><strong>et</strong></span> <span class='ocrx_word' id='word_1_366' title='bbox 751 3314 1076 3387; x_wconf 80' lang='lat' dir='ltr'><strong>perivimus,</strong></span> <span class='ocrx_word' id='word_1_367' title='bbox 1115 3314 1246 3370; x_wconf 88' lang='lat' dir='ltr'><strong>dum</strong></span> <span class='ocrx_word' id='word_1_368' title='bbox 1284 3325 1339 3371; x_wconf 89' lang='lat' dir='ltr'><strong>tu</strong></span> <span class='ocrx_word' id='word_1_369' title='bbox 1374 3317 1622 3386; x_wconf 86' lang='lat' dir='ltr'><strong>peccatis</strong></span> <span class='ocrx_word' id='word_1_370' title='bbox 1653 3319 1865 3375; x_wconf 88' lang='lat' dir='ltr'><strong>nostris</strong></span> <span class='ocrx_word' id='word_1_371' title='bbox 1897 3321 2010 3374; x_wconf 86' lang='lat' dir='ltr'><strong>ira-</strong></span> 
     </span>
    </p>
   </div>
   <div class='ocr_carea' id='block_1_50' title="bbox 431 3406 2008 3481">
    <p class='ocr_par' dir='ltr' id='par_1_50' title="bbox 431 3406 2008 3481">
     <span class='ocr_line' id='line_1_50' title="bbox 431 3406 2008 3481; baseline 0.004 -20"><span class='ocrx_word' id='word_1_372' title='bbox 431 3417 517 3463; x_wconf 90' lang='lat' dir='ltr'><strong>tus</strong></span> <span class='ocrx_word' id='word_1_373' title='bbox 545 3422 627 3463; x_wconf 84' lang='lat' dir='ltr'><strong>es.</strong></span> <span class='ocrx_word' id='word_1_374' title='bbox 673 3406 747 3461; x_wconf 88' lang='lat' dir='ltr'><strong>De</strong></span> <span class='ocrx_word' id='word_1_375' title='bbox 783 3407 861 3461; x_wconf 90' lang='lat' dir='ltr'><strong>ira</strong></span> <span class='ocrx_word' id='word_1_376' title='bbox 896 3414 1078 3462; x_wconf 85' lang='lat' dir='ltr'><strong>autem</strong></span> <span class='ocrx_word' id='word_1_377' title='bbox 1130 3415 1186 3462; x_wconf 92' lang='lat' dir='ltr'><strong>et</strong></span> <span class='ocrx_word' id='word_1_378' title='bbox 1219 3408 1404 3462; x_wconf 79' lang='lat' dir='ltr'><strong>furore</strong></span> <span class='ocrx_word' id='word_1_379' title='bbox 1461 3408 1580 3480; x_wconf 89' lang='lat' dir='ltr'><strong>(seu</strong></span> <span class='ocrx_word' id='word_1_380' title='bbox 1613 3411 1820 3480; x_wconf 90' lang='lat' dir='ltr'><strong>potius,</strong></span> <span class='ocrx_word' id='word_1_381' title='bbox 1849 3411 2008 3481; x_wconf 75' lang='lat' dir='ltr'><strong>juxta</strong></span> 
     </span>
    </p>
   </div>
   <div class='ocr_carea' id='block_1_51' title="bbox 430 3497 2007 3572">
    <p class='ocr_par' dir='ltr' id='par_1_51' title="bbox 430 3497 2007 3572">
     <span class='ocr_line' id='line_1_51' title="bbox 430 3497 2007 3572; baseline 0.004 -20"><span class='ocrx_word' id='word_1_382' title='bbox 430 3499 703 3555; x_wconf 76' lang='lat' dir='ltr'><strong>veriorem</strong></span> <span class='ocrx_word' id='word_1_383' title='bbox 753 3497 958 3554; x_wconf 68' lang='lat' dir='ltr'><strong>Graeca:</strong></span> <span class='ocrx_word' id='word_1_384' title='bbox 1004 3498 1264 3555; x_wconf 87' lang='lat' dir='ltr'><strong>dictionis</strong></span> <span class='ocrx_word' id='word_1_385' title='bbox 1299 3501 1470 3572; x_wconf 76' lang='grc' dir='ltr'><strong>θυμὸς</strong></span> <span class='ocrx_word' id='word_1_386' title='bbox 1522 3503 2007 3572; x_wconf 80' lang='lat' dir='ltr'><strong>signiﬁcationem,</strong></span> 
     </span>
    </p>
   </div>
   <div class='ocr_carea' id='block_1_52' title="bbox 428 3593 2009 3667">
    <p class='ocr_par' dir='ltr' id='par_1_52' title="bbox 428 3593 2009 3667">
     <span class='ocr_line' id='line_1_52' title="bbox 428 3593 2009 3667; baseline 0.006 -22"><span class='ocrx_word' id='word_1_387' title='bbox 428 3595 498 3650; x_wconf 90' lang='lat' dir='ltr'><strong>de</strong></span> <span class='ocrx_word' id='word_1_388' title='bbox 529 3593 1030 3664; x_wconf 83' lang='lat' dir='ltr'><strong>excandescentia)</strong></span> <span class='ocrx_word' id='word_1_389' title='bbox 1080 3612 1323 3667; x_wconf 64' lang='lat' dir='ltr'><strong>persaepe</strong></span> <span class='ocrx_word' id='word_1_390' title='bbox 1357 3598 1485 3652; x_wconf 81' lang='lat' dir='ltr'><strong>alibi</strong></span> <span class='ocrx_word' id='word_1_391' title='bbox 1528 3596 1739 3654; x_wconf 89' lang='lat' dir='ltr'><strong>dictum</strong></span> <span class='ocrx_word' id='word_1_392' title='bbox 1792 3608 1900 3665; x_wconf 91' lang='lat' dir='ltr'><strong>est,</strong></span> <span class='ocrx_word' id='word_1_393' title='bbox 1954 3609 2009 3656; x_wconf 83' lang='lat' dir='ltr'><strong>et</strong></span> 
     </span>
    </p>
   </div>
   <div class='ocr_carea' id='block_1_53' title="bbox 425 3687 1145 3759">
    <p class='ocr_par' dir='ltr' id='par_1_53' title="bbox 425 3687 1145 3759">
     <span class='ocr_line' id='line_1_53' title="bbox 425 3687 1145 3759; baseline 0.001 -16"><span class='ocrx_word' id='word_1_394' title='bbox 425 3688 704 3759; x_wconf 61' lang='lat' dir='ltr'><strong>praecipue</strong></span> <span class='ocrx_word' id='word_1_395' title='bbox 733 3687 790 3741; x_wconf 92' lang='lat' dir='ltr'><strong>in</strong></span> <span class='ocrx_word' id='word_1_396' title='bbox 825 3687 1037 3757; x_wconf 86' lang='lat' dir='ltr'><strong>psalmo</strong></span> <span class='ocrx_word' id='word_1_397' title='bbox 1067 3705 1145 3744; x_wconf 78' lang='lat' dir='ltr'><strong>VI.</strong></span> 
     </span>
    </p>
   </div>
   <div class='ocr_carea' id='block_1_54' title="bbox 503 3776 2007 3854">
    <p class='ocr_par' dir='ltr' id='par_1_54' title="bbox 503 3776 2007 3854">
     <span class='ocr_line' id='line_1_54' title="bbox 503 3776 2007 3854; baseline 0.004 -22"><span class='ocrx_word' id='word_1_398' title='bbox 503 3777 671 3834; x_wconf 70' lang='lat' dir='ltr'><strong>Vens.</strong></span> <span class='ocrx_word' id='word_1_399' title='bbox 708 3777 762 3835; x_wconf 90' lang='lat'><strong>8.</strong></span> <span class='ocrx_word' id='word_1_400' title='bbox 804 3776 1038 3833; x_wconf 75' lang='lat' dir='ltr'><strong>Posuisti</strong></span> <span class='ocrx_word' id='word_1_401' title='bbox 1070 3779 1378 3849; x_wconf 79' lang='lat' dir='ltr'><strong>iniquitates</strong></span> <span class='ocrx_word' id='word_1_402' title='bbox 1405 3789 1614 3837; x_wconf 85' lang='lat' dir='ltr'><strong>nostras</strong></span> <span class='ocrx_word' id='word_1_403' title='bbox 1645 3783 1700 3836; x_wconf 83' lang='lat' dir='ltr'><strong>in</strong></span> <span class='ocrx_word' id='word_1_404' title='bbox 1729 3794 2007 3854; x_wconf 84' lang='lat' dir='ltr'><strong>conspectu</strong></span> 
     </span>
    </p>
   </div>
   <div class='ocr_carea' id='block_1_55' title="bbox 428 3869 2002 3948">
    <p class='ocr_par' dir='ltr' id='par_1_55' title="bbox 428 3869 2002 3948">
     <span class='ocr_line' id='line_1_55' title="bbox 428 3869 2002 3948; baseline 0.006 -24"><span class='ocrx_word' id='word_1_405' title='bbox 428 3882 543 3948; x_wconf 82' lang='lat' dir='ltr'><strong>tuo.</strong></span> <span class='ocrx_word' id='word_1_406' title='bbox 573 3869 897 3926; x_wconf 85' lang='lat' dir='ltr'><strong>Manifestas</strong></span> <span class='ocrx_word' id='word_1_407' title='bbox 946 3871 1206 3925; x_wconf 90' lang='lat' dir='ltr'><strong>nimirum</strong></span> <span class='ocrx_word' id='word_1_408' title='bbox 1258 3885 1322 3925; x_wconf 90' lang='lat' dir='ltr'><strong>ac</strong></span> <span class='ocrx_word' id='word_1_409' title='bbox 1352 3873 1682 3941; x_wconf 87' lang='lat' dir='ltr'><strong>conspicuas</strong></span> <span class='ocrx_word' id='word_1_410' title='bbox 1712 3891 1898 3931; x_wconf 89' lang='lat' dir='ltr'><strong>coram</strong></span> <span class='ocrx_word' id='word_1_411' title='bbox 1930 3887 2002 3933; x_wconf 91' lang='lat' dir='ltr'><strong>te.</strong></span> 
     </span>
    </p>
   </div>
   <div class='ocr_carea' id='block_1_56' title="bbox 425 3961 2006 4033">
    <p class='ocr_par' dir='ltr' id='par_1_56' title="bbox 425 3961 2006 4033">
     <span class='ocr_line' id='line_1_56' title="bbox 425 3961 2006 4033; baseline 0.005 -15"><span class='ocrx_word' id='word_1_412' title='bbox 425 3961 647 4018; x_wconf 84' lang='lat' dir='ltr'><strong>Etcum</strong></span> <span class='ocrx_word' id='word_1_413' title='bbox 682 3961 850 4018; x_wconf 90' lang='lat' dir='ltr'><strong>latere</strong></span> <span class='ocrx_word' id='word_1_414' title='bbox 869 3977 990 4019; x_wconf 80' lang='lat' dir='ltr'><strong>non</strong></span> <span class='ocrx_word' id='word_1_415' title='bbox 1013 3963 1267 4033; x_wconf 86' lang='lat' dir='ltr'><strong>possint,</strong></span> <span class='ocrx_word' id='word_1_416' title='bbox 1303 3965 1396 4020; x_wconf 91' lang='lat' dir='ltr'><strong>sed</strong></span> <span class='ocrx_word' id='word_1_417' title='bbox 1425 3966 1603 4020; x_wconf 87' lang='lat' dir='ltr'><strong>oculis</strong></span> <span class='ocrx_word' id='word_1_418' title='bbox 1638 3968 1862 4024; x_wconf 78' lang='lat' dir='ltr'><strong>assidue</strong></span> <span class='ocrx_word' id='word_1_419' title='bbox 1897 3971 2006 4027; x_wconf 91' lang='lat' dir='ltr'><strong>tuis</strong></span> 
     </span>
    </p>
   </div>
   <div class='ocr_carea' id='block_1_57' title="bbox 429 4055 2006 4128">
    <p class='ocr_par' dir='ltr' id='par_1_57' title="bbox 429 4055 2006 4128">
     <span class='ocr_line' id='line_1_57' title="bbox 429 4055 2006 4128; baseline 0.006 -21"><span class='ocrx_word' id='word_1_420' title='bbox 429 4062 675 4124; x_wconf 85' lang='lat' dir='ltr'><strong>pateant,</strong></span> <span class='ocrx_word' id='word_1_421' title='bbox 723 4062 777 4110; x_wconf 91' lang='lat' dir='ltr'><strong>te</strong></span> <span class='ocrx_word' id='word_1_422' title='bbox 819 4055 1030 4110; x_wconf 88' lang='lat' dir='ltr'><strong>idcirco</strong></span> <span class='ocrx_word' id='word_1_423' title='bbox 1072 4069 1292 4125; x_wconf 85' lang='lat' dir='ltr'><strong>semper</strong></span> <span class='ocrx_word' id='word_1_424' title='bbox 1327 4057 1501 4128; x_wconf 74' lang='lat' dir='ltr'><strong>magis</strong></span> <span class='ocrx_word' id='word_1_425' title='bbox 1539 4057 1762 4113; x_wconf 86' lang='lat' dir='ltr'><strong>irritant</strong></span> <span class='ocrx_word' id='word_1_426' title='bbox 1803 4062 2006 4118; x_wconf 79' lang='lat' dir='ltr'><strong>adver-</strong></span> 
     </span>
    </p>
   </div>
   <div class='ocr_carea' id='block_1_58' title="bbox 425 4161 702 4202">
    <p class='ocr_par' dir='ltr' id='par_1_58' title="bbox 425 4161 702 4202">
     <span class='ocr_line' id='line_1_58' title="bbox 425 4161 702 4202; baseline 0.004 -2"><span class='ocrx_word' id='word_1_427' title='bbox 425 4161 547 4201; x_wconf 86' lang='lat' dir='ltr'><strong>sum</strong></span> <span class='ocrx_word' id='word_1_428' title='bbox 581 4161 702 4202; x_wconf 89' lang='lat' dir='ltr'><strong>nos.</strong></span> 
     </span>
    </p>
   </div>
   <div class='ocr_carea' id='block_1_59' title="bbox 500 4238 2004 4304">
    <p class='ocr_par' dir='ltr' id='par_1_59' title="bbox 500 4238 2004 4304">
     <span class='ocr_line' id='line_1_59' title="bbox 500 4238 2004 4304; baseline 0.005 -10"><span class='ocrx_word' id='word_1_429' title='bbox 500 4238 769 4294; x_wconf 71' lang='lat' dir='ltr'><strong>chutum</strong></span> <span class='ocrx_word' id='word_1_430' title='bbox 833 4251 1074 4298; x_wconf 86' lang='lat' dir='ltr'><strong>nostrum</strong></span> <span class='ocrx_word' id='word_1_431' title='bbox 1123 4247 1179 4300; x_wconf 86' lang='lat' dir='ltr'><strong>in</strong></span> <span class='ocrx_word' id='word_1_432' title='bbox 1224 4247 1621 4304; x_wconf 75' lang='lat' dir='ltr'><strong>illummattone</strong></span> <span class='ocrx_word' id='word_1_433' title='bbox 1670 4249 1851 4303; x_wconf 80' lang='lat' dir='ltr'><strong>uultus</strong></span> <span class='ocrx_word' id='word_1_434' title='bbox 1903 4248 2004 4302; x_wconf 85' lang='lat' dir='ltr'><strong>tui.</strong></span> 
     </span>
    </p>
   </div>
   <div class='ocr_carea' id='block_1_60' title="bbox 425 4328 2006 4400">
    <p class='ocr_par' dir='ltr' id='par_1_60' title="bbox 425 4328 2006 4400">
     <span class='ocr_line' id='line_1_60' title="bbox 425 4328 2006 4400; baseline 0.004 -16"><span class='ocrx_word' id='word_1_435' title='bbox 425 4328 695 4384; x_wconf 70' lang='lat' dir='ltr'><strong>Saeculum</strong></span> <span class='ocrx_word' id='word_1_436' title='bbox 723 4341 994 4400; x_wconf 90' lang='lat' dir='ltr'><strong>nostrum,</strong></span> <span class='ocrx_word' id='word_1_437' title='bbox 1033 4335 1139 4388; x_wconf 92' lang='lat' dir='ltr'><strong>hoc</strong></span> <span class='ocrx_word' id='word_1_438' title='bbox 1188 4345 1274 4390; x_wconf 91' lang='lat' dir='ltr'><strong>est</strong></span> <span class='ocrx_word' id='word_1_439' title='bbox 1334 4339 1502 4392; x_wconf 88' lang='lat' dir='ltr'><strong>vitam</strong></span> <span class='ocrx_word' id='word_1_440' title='bbox 1537 4346 1593 4392; x_wconf 90' lang='lat' dir='ltr'><strong>et</strong></span> <span class='ocrx_word' id='word_1_441' title='bbox 1630 4336 2006 4392; x_wconf 88' lang='lat' dir='ltr'><strong>conversatio-</strong></span> 
     </span>
    </p>
   </div>
   <div class='ocr_carea' id='block_1_61' title="bbox 425 4423 2005 4496">
    <p class='ocr_par' dir='ltr' id='par_1_61' title="bbox 425 4423 2005 4496">
     <span class='ocr_line' id='line_1_61' title="bbox 425 4423 2005 4496; baseline 0.004 -20"><span class='ocrx_word' id='word_1_442' title='bbox 425 4436 550 4476; x_wconf 91' lang='lat' dir='ltr'><strong>nem</strong></span> <span class='ocrx_word' id='word_1_443' title='bbox 585 4429 855 4478; x_wconf 89' lang='lat' dir='ltr'><strong>nostram.</strong></span> <span class='ocrx_word' id='word_1_444' title='bbox 891 4423 1106 4490; x_wconf 85' lang='lat' dir='ltr'><strong>Omnis,</strong></span> <span class='ocrx_word' id='word_1_445' title='bbox 1158 4426 1361 4496; x_wconf 89' lang='lat' dir='ltr'><strong>inquit,</strong></span> <span class='ocrx_word' id='word_1_446' title='bbox 1415 4430 1525 4483; x_wconf 90' lang='lat' dir='ltr'><strong>vita</strong></span> <span class='ocrx_word' id='word_1_447' title='bbox 1571 4436 1625 4484; x_wconf 90' lang='lat' dir='ltr'><strong>et</strong></span> <span class='ocrx_word' id='word_1_448' title='bbox 1655 4427 2005 4484; x_wconf 89' lang='lat' dir='ltr'><strong>conversatio</strong></span> 
     </span>
    </p>
   </div>
   <div class='ocr_carea' id='block_1_62' title="bbox 423 4512 2005 4610">
    <p class='ocr_par' dir='ltr' id='par_1_62' title="bbox 423 4512 2002 4587">
     <span class='ocr_line' id='line_1_62' title="bbox 423 4512 2002 4587; baseline 0.002 -19"><span class='ocrx_word' id='word_1_449' title='bbox 423 4520 614 4568; x_wconf 89' lang='lat' dir='ltr'><strong>nostra</strong></span> <span class='ocrx_word' id='word_1_450' title='bbox 661 4512 955 4568; x_wconf 83' lang='lat' dir='ltr'><strong>manifesta</strong></span> <span class='ocrx_word' id='word_1_451' title='bbox 1007 4521 1093 4570; x_wconf 89' lang='lat' dir='ltr'><strong>est</strong></span> <span class='ocrx_word' id='word_1_452' title='bbox 1146 4515 1200 4569; x_wconf 89' lang='lat' dir='ltr'><strong>in</strong></span> <span class='ocrx_word' id='word_1_453' title='bbox 1233 4525 1534 4587; x_wconf 88' lang='lat' dir='ltr'><strong>conspectu</strong></span> <span class='ocrx_word' id='word_1_454' title='bbox 1581 4526 1709 4573; x_wconf 89' lang='lat' dir='ltr'><strong>tuo:</strong></span> <span class='ocrx_word' id='word_1_455' title='bbox 1748 4525 1804 4573; x_wconf 87' lang='lat' dir='ltr'><strong>et</strong></span> <span class='ocrx_word' id='word_1_456' title='bbox 1858 4517 2002 4573; x_wconf 89' lang='lat' dir='ltr'><strong>idem</strong></span> 
     </span>
    </p>
   </div>
   <div class='ocr_carea' id='block_1_63' title="bbox 2112 4512 3114 4610">
    <p class='ocr_par' dir='ltr' id='par_1_63' title="bbox 2113 4539 3114 4610">
     <span class='ocr_line' id='line_1_63' title="bbox 2113 4539 3114 4610; baseline 0.007 -19"><span class='ocrx_word' id='word_1_457' title='bbox 2113 4539 2211 4609; x_wconf 83' lang='grc' dir='ltr'><strong>σῆς</strong></span> <span class='ocrx_word' id='word_1_458' title='bbox 2255 4540 2565 4610; x_wconf 76' lang='grc' dir='ltr'><strong>ἐπισκοπῆς</strong></span> <span class='ocrx_word' id='word_1_459' title='bbox 2603 4543 2802 4610; x_wconf 87' lang='grc' dir='ltr'><strong>κεῖται,</strong></span> <span class='ocrx_word' id='word_1_460' title='bbox 2867 4546 3114 4598; x_wconf 78' lang='grc' dir='ltr'><strong>τουτέστι</strong></span> 
     </span>
    </p>
   </div>
   <div class='ocr_carea' id='block_1_64' title="bbox 419 4601 1659 4670">
    <p class='ocr_par' dir='ltr' id='par_1_64' title="bbox 419 4601 1659 4670">
     <span class='ocr_line' id='line_1_64' title="bbox 419 4601 1659 4670; baseline 0.004 -15"><span class='ocrx_word' id='word_1_461' title='bbox 419 4609 507 4656; x_wconf 89' lang='lat' dir='ltr'><strong>est</strong></span> <span class='ocrx_word' id='word_1_462' title='bbox 540 4615 764 4664; x_wconf 88' lang='lat' dir='ltr'><strong>sensus,</strong></span> <span class='ocrx_word' id='word_1_463' title='bbox 791 4601 886 4669; x_wconf 88' lang='lat' dir='ltr'><strong>qui</strong></span> <span class='ocrx_word' id='word_1_464' title='bbox 918 4601 973 4656; x_wconf 91' lang='lat' dir='ltr'><strong>in</strong></span> <span class='ocrx_word' id='word_1_465' title='bbox 1006 4603 1337 4670; x_wconf 77' lang='lat' dir='ltr'><strong>praecedenti</strong></span> <span class='ocrx_word' id='word_1_466' title='bbox 1363 4607 1659 4664; x_wconf 89' lang='lat' dir='ltr'><strong>versiculo.</strong></span> 
     </span>
    </p>
   </div>
   <div class='ocr_carea' id='block_1_65' title="bbox 494 4689 2000 4770">
    <p class='ocr_par' dir='ltr' id='par_1_65' title="bbox 494 4689 2000 4770">
     <span class='ocr_line' id='line_1_65' title="bbox 494 4689 2000 4770; baseline 0.006 -28"><span class='ocrx_word' id='word_1_467' title='bbox 494 4689 663 4744; x_wconf 74' lang='lat' dir='ltr'><strong>Vens.</strong></span> <span class='ocrx_word' id='word_1_468' title='bbox 702 4691 756 4747; x_wconf 91' lang='lat'><strong>9.</strong></span> <span class='ocrx_word' id='word_1_469' title='bbox 798 4689 1062 4755; x_wconf 87' lang='lat' dir='ltr'><strong>Quoniam</strong></span> <span class='ocrx_word' id='word_1_470' title='bbox 1100 4710 1276 4749; x_wconf 71' lang='lat' dir='ltr'><strong>omnes</strong></span> <span class='ocrx_word' id='word_1_471' title='bbox 1321 4696 1433 4752; x_wconf 81' lang='lat' dir='ltr'><strong>dies</strong></span> <span class='ocrx_word' id='word_1_472' title='bbox 1475 4699 1647 4753; x_wconf 77' lang='lat' dir='ltr'><strong>nostri</strong></span> <span class='ocrx_word' id='word_1_473' title='bbox 1679 4699 2000 4770; x_wconf 75' lang='lat' dir='ltr'><strong>defecerunt.</strong></span> 
     </span>
    </p>
   </div>
   <div class='ocr_carea' id='block_1_66' title="bbox 420 4779 2002 4857">
    <p class='ocr_par' dir='ltr' id='par_1_66' title="bbox 420 4779 2002 4857">
     <span class='ocr_line' id='line_1_66' title="bbox 420 4779 2002 4857; baseline 0.006 -24"><span class='ocrx_word' id='word_1_474' title='bbox 420 4779 628 4839; x_wconf 88' lang='lat' dir='ltr'><strong>Omnes</strong></span> <span class='ocrx_word' id='word_1_475' title='bbox 653 4781 776 4836; x_wconf 66' lang='lat' dir='ltr'><strong>vitae</strong></span> <span class='ocrx_word' id='word_1_476' title='bbox 806 4790 1004 4837; x_wconf 82' lang='lat' dir='ltr'><strong>noslrae</strong></span> <span class='ocrx_word' id='word_1_477' title='bbox 1031 4782 1150 4839; x_wconf 89' lang='lat' dir='ltr'><strong>dies</strong></span> <span class='ocrx_word' id='word_1_478' title='bbox 1175 4789 1643 4857; x_wconf 88' lang='lat' dir='ltr'><strong>pertransierunt.</strong></span> <span class='ocrx_word' id='word_1_479' title='bbox 1667 4787 1790 4843; x_wconf 86' lang='lat' dir='ltr'><strong>Jam</strong></span> <span class='ocrx_word' id='word_1_480' title='bbox 1827 4799 2002 4843; x_wconf 90' lang='lat' dir='ltr'><strong>morte</strong></span> 
     </span>
    </p>
   </div>
   <div class='ocr_carea' id='block_1_67' title="bbox 421 4873 2002 4951">
    <p class='ocr_par' dir='ltr' id='par_1_67' title="bbox 421 4873 2002 4951">
     <span class='ocr_line' id='line_1_67' title="bbox 421 4873 2002 4951; baseline 0.008 -27"><span class='ocrx_word' id='word_1_481' title='bbox 421 4873 657 4943; x_wconf 76' lang='lat' dir='ltr'><strong>proximi</strong></span> <span class='ocrx_word' id='word_1_482' title='bbox 691 4889 920 4942; x_wconf 89' lang='lat' dir='ltr'><strong>sumus;</strong></span> <span class='ocrx_word' id='word_1_483' title='bbox 953 4877 1026 4932; x_wconf 86' lang='lat' dir='ltr'><strong>ita</strong></span> <span class='ocrx_word' id='word_1_484' title='bbox 1057 4877 1227 4944; x_wconf 88' lang='lat' dir='ltr'><strong>enim,</strong></span> <span class='ocrx_word' id='word_1_485' title='bbox 1264 4881 1465 4951; x_wconf 85' lang='lat' dir='ltr'><strong>inquit,</strong></span> <span class='ocrx_word' id='word_1_486' title='bbox 1500 4896 1588 4938; x_wconf 90' lang='lat' dir='ltr'><strong>me</strong></span> <span class='ocrx_word' id='word_1_487' title='bbox 1632 4882 1838 4937; x_wconf 89' lang='lat' dir='ltr'><strong>sentire</strong></span> <span class='ocrx_word' id='word_1_488' title='bbox 1882 4897 2002 4950; x_wconf 90' lang='lat' dir='ltr'><strong>per-</strong></span> 
     </span>
    </p>
   </div>
   <div class='ocr_carea' id='block_1_68' title="bbox 422 4965 2000 5030">
    <p class='ocr_par' dir='ltr' id='par_1_68' title="bbox 422 4965 2000 5030">
     <span class='ocr_line' id='line_1_68' title="bbox 422 4965 2000 5030; baseline 0.004 -9"><span class='ocrx_word' id='word_1_489' title='bbox 422 4965 618 5021; x_wconf 86' lang='lat' dir='ltr'><strong>suadet</strong></span> <span class='ocrx_word' id='word_1_490' title='bbox 669 4967 1048 5025; x_wconf 87' lang='lat' dir='ltr'><strong>calamitatum</strong></span> <span class='ocrx_word' id='word_1_491' title='bbox 1101 4971 1471 5029; x_wconf 86' lang='lat' dir='ltr'><strong>vebemcntia.</strong></span> <span class='ocrx_word' id='word_1_492' title='bbox 1531 4975 1629 5030; x_wconf 89' lang='lat' dir='ltr'><strong>Est</strong></span> <span class='ocrx_word' id='word_1_493' title='bbox 1663 4983 1848 5030; x_wconf 89' lang='lat' dir='ltr'><strong>autem</strong></span> <span class='ocrx_word' id='word_1_494' title='bbox 1880 4988 2000 5028; x_wconf 83' lang='lat' dir='ltr'><strong>mos</strong></span> 
     </span>
    </p>
   </div>
   <div class='ocr_carea' id='block_1_69' title="bbox 421 5059 2001 5137">
    <p class='ocr_par' dir='ltr' id='par_1_69' title="bbox 421 5059 2001 5137">
     <span class='ocr_line' id='line_1_69' title="bbox 421 5059 2001 5137; baseline 0.006 -24"><span class='ocrx_word' id='word_1_495' title='bbox 421 5059 493 5114; x_wconf 90' lang='lat' dir='ltr'><strong>iis</strong></span> <span class='ocrx_word' id='word_1_496' title='bbox 527 5061 618 5129; x_wconf 89' lang='lat' dir='ltr'><strong>qui</strong></span> <span class='ocrx_word' id='word_1_497' title='bbox 652 5062 706 5116; x_wconf 91' lang='lat' dir='ltr'><strong>in</strong></span> <span class='ocrx_word' id='word_1_498' title='bbox 751 5064 1027 5133; x_wconf 75' lang='lat' dir='ltr'><strong>angustiis</strong></span> <span class='ocrx_word' id='word_1_499' title='bbox 1070 5075 1217 5131; x_wconf 89' lang='lat' dir='ltr'><strong>sunt,</strong></span> <span class='ocrx_word' id='word_1_500' title='bbox 1251 5075 1315 5121; x_wconf 93' lang='lat' dir='ltr'><strong>ut</strong></span> <span class='ocrx_word' id='word_1_501' title='bbox 1345 5066 1537 5122; x_wconf 88' lang='lat' dir='ltr'><strong>dicant</strong></span> <span class='ocrx_word' id='word_1_502' title='bbox 1569 5083 1628 5121; x_wconf 90' lang='lat' dir='ltr'><strong>se</strong></span> <span class='ocrx_word' id='word_1_503' title='bbox 1655 5067 1726 5121; x_wconf 88' lang='lat' dir='ltr'><strong>ab</strong></span> <span class='ocrx_word' id='word_1_504' title='bbox 1772 5067 1856 5123; x_wconf 90' lang='lat' dir='ltr'><strong>eis</strong></span> <span class='ocrx_word' id='word_1_505' title='bbox 1903 5083 2001 5137; x_wconf 91' lang='lat' dir='ltr'><strong>op-</strong></span> 
     </span>
    </p>
   </div>
   <div class='ocr_carea' id='block_1_70' title="bbox 423 5154 1998 5228">
    <p class='ocr_par' dir='ltr' id='par_1_70' title="bbox 423 5154 1998 5228">
     <span class='ocr_line' id='line_1_70' title="bbox 423 5154 1998 5228; baseline 0.005 -25"><span class='ocrx_word' id='word_1_506' title='bbox 423 5163 644 5218; x_wconf 88' lang='lat' dir='ltr'><strong>pressos</strong></span> <span class='ocrx_word' id='word_1_507' title='bbox 703 5167 848 5217; x_wconf 85' lang='lat' dir='ltr'><strong>esse,</strong></span> <span class='ocrx_word' id='word_1_508' title='bbox 910 5167 975 5208; x_wconf 92' lang='lat' dir='ltr'><strong>ac</strong></span> <span class='ocrx_word' id='word_1_509' title='bbox 1009 5154 1124 5222; x_wconf 87' lang='lat' dir='ltr'><strong>jam</strong></span> <span class='ocrx_word' id='word_1_510' title='bbox 1185 5154 1437 5224; x_wconf 87' lang='lat' dir='ltr'><strong>periisse,</strong></span> <span class='ocrx_word' id='word_1_511' title='bbox 1492 5156 1656 5210; x_wconf 88' lang='lat' dir='ltr'><strong>veluti</strong></span> <span class='ocrx_word' id='word_1_512' title='bbox 1713 5156 1998 5228; x_wconf 88' lang='lat' dir='ltr'><strong>desperata</strong></span> 
     </span>
    </p>
   </div>
   <div class='ocr_carea' id='block_1_71' title="bbox 421 5244 2001 5319">
    <p class='ocr_par' dir='ltr' id='par_1_71' title="bbox 421 5244 2001 5319">
     <span class='ocr_line' id='line_1_71' title="bbox 421 5244 2001 5319; baseline 0.007 -24"><span class='ocrx_word' id='word_1_513' title='bbox 421 5255 652 5312; x_wconf 88' lang='lat' dir='ltr'><strong>prorsus</strong></span> <span class='ocrx_word' id='word_1_514' title='bbox 680 5245 882 5300; x_wconf 86' lang='lat' dir='ltr'><strong>salute.</strong></span> <span class='ocrx_word' id='word_1_515' title='bbox 918 5244 1138 5301; x_wconf 90' lang='lat' dir='ltr'><strong>Dictum</strong></span> <span class='ocrx_word' id='word_1_516' title='bbox 1181 5246 1348 5301; x_wconf 89' lang='lat' dir='ltr'><strong>etiam</strong></span> <span class='ocrx_word' id='word_1_517' title='bbox 1379 5254 1467 5303; x_wconf 91' lang='lat' dir='ltr'><strong>est</strong></span> <span class='ocrx_word' id='word_1_518' title='bbox 1501 5262 1765 5319; x_wconf 65' lang='lat' dir='ltr'><strong>persaepe,</strong></span> <span class='ocrx_word' id='word_1_519' title='bbox 1813 5259 1869 5305; x_wconf 89' lang='lat' dir='ltr'><strong>et</strong></span> <span class='ocrx_word' id='word_1_520' title='bbox 1900 5251 2001 5306; x_wconf 82' lang='lat' dir='ltr'><strong>de-</strong></span> 
     </span>
    </p>
   </div>
   <div class='ocr_carea' id='block_1_72' title="bbox 418 5335 1998 5410">
    <p class='ocr_par' dir='ltr' id='par_1_72' title="bbox 418 5335 1998 5410">
     <span class='ocr_line' id='line_1_72' title="bbox 418 5335 1998 5410; baseline 0.006 -22"><span class='ocrx_word' id='word_1_521' title='bbox 418 5349 532 5388; x_wconf 91' lang='lat' dir='ltr'><strong>nuo</strong></span> <span class='ocrx_word' id='word_1_522' title='bbox 569 5345 902 5410; x_wconf 78' lang='lat' dir='ltr'><strong>repetemus,</strong></span> <span class='ocrx_word' id='word_1_523' title='bbox 951 5337 1097 5405; x_wconf 91' lang='lat' dir='ltr'><strong>quod</strong></span> <span class='ocrx_word' id='word_1_524' title='bbox 1127 5335 1315 5403; x_wconf 89' lang='lat' dir='ltr'><strong>dictio,</strong></span> <span class='ocrx_word' id='word_1_525' title='bbox 1365 5337 1654 5404; x_wconf 81' lang='lat' dir='ltr'><strong>Quoniam,</strong></span> <span class='ocrx_word' id='word_1_526' title='bbox 1704 5355 1800 5396; x_wconf 88' lang='lat' dir='ltr'><strong>seu</strong></span> <span class='ocrx_word' id='word_1_527' title='bbox 1837 5343 1998 5407; x_wconf 84' lang='lat' dir='ltr'><strong>Quia,</strong></span> 
     </span>
    </p>
   </div>
   <div class='ocr_carea' id='block_1_73' title="bbox 419 5423 1998 5504">
    <p class='ocr_par' dir='ltr' id='par_1_73' title="bbox 419 5423 1998 5504">
     <span class='ocr_line' id='line_1_73' title="bbox 419 5423 1998 5504; baseline 0.008 -28"><span class='ocrx_word' id='word_1_528' title='bbox 419 5423 664 5494; x_wconf 86' lang='lat' dir='ltr'><strong>alioquin</strong></span> <span class='ocrx_word' id='word_1_529' title='bbox 700 5428 924 5496; x_wconf 90' lang='lat' dir='ltr'><strong>ponitur</strong></span> <span class='ocrx_word' id='word_1_530' title='bbox 953 5435 1012 5479; x_wconf 93' lang='lat' dir='ltr'><strong>ut</strong></span> <span class='ocrx_word' id='word_1_531' title='bbox 1064 5428 1382 5494; x_wconf 74' lang='lat' dir='ltr'><strong>confirmet,</strong></span> <span class='ocrx_word' id='word_1_532' title='bbox 1434 5445 1533 5498; x_wconf 91' lang='lat' dir='ltr'><strong>pro</strong></span> <span class='ocrx_word' id='word_1_533' title='bbox 1563 5431 1724 5496; x_wconf 89' lang='lat' dir='ltr'><strong>Vere,</strong></span> <span class='ocrx_word' id='word_1_534' title='bbox 1756 5433 1998 5504; x_wconf 89' lang='lat' dir='ltr'><strong>alioquin</strong></span> 
     </span>
    </p>
   </div>
   <div class='ocr_carea' id='block_1_74' title="bbox 418 5515 2000 5589">
    <p class='ocr_par' dir='ltr' id='par_1_74' title="bbox 418 5515 2000 5589">
     <span class='ocr_line' id='line_1_74' title="bbox 418 5515 2000 5589; baseline 0.008 -22"><span class='ocrx_word' id='word_1_535' title='bbox 418 5515 688 5570; x_wconf 85' lang='lat' dir='ltr'><strong>rationem</strong></span> <span class='ocrx_word' id='word_1_536' title='bbox 747 5517 946 5584; x_wconf 85' lang='lat' dir='ltr'><strong>reddit,</strong></span> <span class='ocrx_word' id='word_1_537' title='bbox 1006 5526 1062 5573; x_wconf 88' lang='lat' dir='ltr'><strong>et</strong></span> <span class='ocrx_word' id='word_1_538' title='bbox 1117 5519 1364 5588; x_wconf 90' lang='lat' dir='ltr'><strong>alioquin</strong></span> <span class='ocrx_word' id='word_1_539' title='bbox 1427 5530 1639 5576; x_wconf 89' lang='lat' dir='ltr'><strong>tantum</strong></span> <span class='ocrx_word' id='word_1_540' title='bbox 1705 5532 1912 5589; x_wconf 87' lang='lat' dir='ltr'><strong>narrat,</strong></span> <span class='ocrx_word' id='word_1_541' title='bbox 1943 5532 2000 5579; x_wconf 89' lang='lat' dir='ltr'><strong>et</strong></span> 
     </span>
    </p>
   </div>
   <div class='ocr_carea' id='block_1_75' title="bbox 417 5607 2001 5686">
    <p class='ocr_par' dir='ltr' id='par_1_75' title="bbox 417 5607 2001 5686">
     <span class='ocr_line' id='line_1_75' title="bbox 417 5607 2001 5686; baseline 0.009 -27"><span class='ocrx_word' id='word_1_542' title='bbox 417 5607 701 5664; x_wconf 86' lang='lat' dir='ltr'><strong>abundare</strong></span> <span class='ocrx_word' id='word_1_543' title='bbox 731 5611 1135 5678; x_wconf 90' lang='lat' dir='ltr'><strong>quodammodo</strong></span> <span class='ocrx_word' id='word_1_544' title='bbox 1161 5613 1400 5678; x_wconf 91' lang='lat' dir='ltr'><strong>videtur,</strong></span> <span class='ocrx_word' id='word_1_545' title='bbox 1423 5625 1484 5668; x_wconf 89' lang='lat' dir='ltr'><strong>ut</strong></span> <span class='ocrx_word' id='word_1_546' title='bbox 1521 5615 1644 5684; x_wconf 88' lang='lat' dir='ltr'><strong>hic;</strong></span> <span class='ocrx_word' id='word_1_547' title='bbox 1670 5628 1726 5671; x_wconf 90' lang='lat' dir='ltr'><strong>et</strong></span> <span class='ocrx_word' id='word_1_548' title='bbox 1752 5618 1827 5671; x_wconf 86' lang='lat' dir='ltr'><strong>ita</strong></span> <span class='ocrx_word' id='word_1_549' title='bbox 1856 5633 2001 5686; x_wconf 66' lang='lat' dir='ltr'><strong>saepe</strong></span> 
     </span>
    </p>
   </div>
   <div class='ocr_carea' id='block_1_76' title="bbox 422 5699 2002 5777">
    <p class='ocr_par' dir='ltr' id='par_1_76' title="bbox 422 5699 2002 5777">
     <span class='ocr_line' id='line_1_76' title="bbox 422 5699 2002 5777; baseline 0.009 -25"><span class='ocrx_word' id='word_1_550' title='bbox 422 5699 660 5766; x_wconf 83' lang='lat' dir='ltr'><strong>positam</strong></span> <span class='ocrx_word' id='word_1_551' title='bbox 694 5715 815 5756; x_wconf 85' lang='lat' dir='ltr'><strong>eam</strong></span> <span class='ocrx_word' id='word_1_552' title='bbox 853 5705 1174 5761; x_wconf 81' lang='lat' dir='ltr'><strong>invenimus</strong></span> <span class='ocrx_word' id='word_1_553' title='bbox 1219 5708 1362 5777; x_wconf 91' lang='lat' dir='ltr'><strong>apud</strong></span> <span class='ocrx_word' id='word_1_554' title='bbox 1399 5708 1616 5762; x_wconf 86' lang='lat' dir='ltr'><strong>beatum</strong></span> <span class='ocrx_word' id='word_1_555' title='bbox 1671 5709 1860 5763; x_wconf 88' lang='lat' dir='ltr'><strong>David.</strong></span> <span class='ocrx_word' id='word_1_556' title='bbox 1916 5710 2002 5766; x_wconf 90' lang='lat' dir='ltr'><strong>Sit</strong></span> 
     </span>
    </p>
   </div>
   <div class='ocr_carea' id='block_1_77' title="bbox 420 5783 2000 5858">
    <p class='ocr_par' dir='ltr' id='par_1_77' title="bbox 420 5783 2000 5858">
     <span class='ocr_line' id='line_1_77' title="bbox 420 5783 2000 5858; baseline 0.015 -24"><span class='ocrx_word' id='word_1_557' title='bbox 420 5783 586 5851; x_wconf 73' lang='lat' dir='ltr'><strong>igitur</strong></span> <span class='ocrx_word' id='word_1_558' title='bbox 634 5784 752 5840; x_wconf 67' lang='lat' dir='ltr'><strong>haec</strong></span> <span class='ocrx_word' id='word_1_559' title='bbox 785 5789 884 5844; x_wconf 89' lang='lat' dir='ltr'><strong>tibi</strong></span> <span class='ocrx_word' id='word_1_560' title='bbox 921 5790 975 5845; x_wconf 91' lang='lat' dir='ltr'><strong>in</strong></span> <span class='ocrx_word' id='word_1_561' title='bbox 1006 5792 1252 5849; x_wconf 82' lang='lat' dir='ltr'><strong>futurum</strong></span> <span class='ocrx_word' id='word_1_562' title='bbox 1292 5811 1484 5851; x_wconf 87' lang='lat' dir='ltr'><strong>norma</strong></span> <span class='ocrx_word' id='word_1_563' title='bbox 1517 5798 1852 5858; x_wconf 83' lang='lat' dir='ltr'><strong>certissima.</strong></span> <span class='ocrx_word' id='word_1_564' title='bbox 1895 5799 2000 5856; x_wconf 88' lang='lat' dir='ltr'><strong>Su-</strong></span> 
     </span>
    </p>
   </div>
   <div class='ocr_carea' id='block_1_78' title="bbox 430 5872 1779 5962">
    <p class='ocr_par' dir='ltr' id='par_1_78' title="bbox 430 5872 1779 5962">
     <span class='ocr_line' id='line_1_78' title="bbox 430 5872 1779 5962; baseline 0.016 -35"><span class='ocrx_word' id='word_1_565' title='bbox 430 5872 697 5944; x_wconf 84' lang='lat' dir='ltr'><strong>pertluum</strong></span> <span class='ocrx_word' id='word_1_566' title='bbox 736 5881 883 5936; x_wconf 90' lang='lat' dir='ltr'><strong>enim</strong></span> <span class='ocrx_word' id='word_1_567' title='bbox 913 5893 996 5938; x_wconf 90' lang='lat' dir='ltr'><strong>est</strong></span> <span class='ocrx_word' id='word_1_568' title='bbox 1029 5886 1218 5942; x_wconf 85' lang='lat' dir='ltr'><strong>eadem</strong></span> <span class='ocrx_word' id='word_1_569' title='bbox 1265 5903 1482 5959; x_wconf 87' lang='lat' dir='ltr'><strong>semper</strong></span> <span class='ocrx_word' id='word_1_570' title='bbox 1513 5900 1779 5962; x_wconf 85' lang='lat' dir='ltr'><strong>repetere.</strong></span> 
     </span>
    </p>
   </div>
   <div class='ocr_carea' id='block_1_79' title="bbox 2114 1945 3698 2018">
    <p class='ocr_par' dir='ltr' id='par_1_79' title="bbox 2114 1945 3698 2018">
     <span class='ocr_line' id='line_1_79' title="bbox 2114 1945 3698 2018; baseline -0.003 -16"><span class='ocrx_word' id='word_1_571' title='bbox 2114 1948 2351 2002; x_wconf 86' lang='grc' dir='ltr'><strong>τοσαῦτα</strong></span> <span class='ocrx_word' id='word_1_572' title='bbox 2390 1949 2501 2018; x_wconf 77' lang='grc' dir='ltr'><strong>γὰρ</strong></span> <span class='ocrx_word' id='word_1_573' title='bbox 2532 1948 2639 2001; x_wconf 80' lang='grc' dir='ltr'><strong>ἀπὸ</strong></span> <span class='ocrx_word' id='word_1_574' title='bbox 2665 1947 3012 2016; x_wconf 78' lang='grc' dir='ltr'><strong>Σολομῶντος</strong></span> <span class='ocrx_word' id='word_1_575' title='bbox 3035 1947 3166 2017; x_wconf 80' lang='grc' dir='ltr'><strong>ἄχρι</strong></span> <span class='ocrx_word' id='word_1_576' title='bbox 3191 1947 3291 2016; x_wconf 79' lang='grc' dir='ltr'><strong>τῆς</strong></span> <span class='ocrx_word' id='word_1_577' title='bbox 3325 1946 3420 2000; x_wconf 75' lang='grc' dir='ltr'><strong>τοῦ</strong></span> <span class='ocrx_word' id='word_1_578' title='bbox 3452 1945 3698 2016; x_wconf 71' lang='grc' dir='ltr'><strong>Χριστοῦ</strong></span> 
     </span>
    </p>
   </div>
   <div class='ocr_carea' id='block_1_80' title="bbox 2117 2035 3700 2110">
    <p class='ocr_par' dir='ltr' id='par_1_80' title="bbox 2117 2035 3700 2110">
     <span class='ocr_line' id='line_1_80' title="bbox 2117 2035 3700 2110; baseline -0.001 -18"><span class='ocrx_word' id='word_1_579' title='bbox 2117 2039 2484 2109; x_wconf 73' lang='grc' dir='ltr'><strong>σταυρώσεως</strong></span> <span class='ocrx_word' id='word_1_580' title='bbox 2541 2040 2633 2110; x_wconf 74' lang='grc' dir='ltr'><strong>ἐτη</strong></span> <span class='ocrx_word' id='word_1_581' title='bbox 2681 2039 3102 2110; x_wconf 82' lang='grc' dir='ltr'><strong>συναριθμεῖται</strong></span> <span class='ocrx_word' id='word_1_582' title='bbox 3145 2041 3314 2092; x_wconf 83' lang='grc' dir='ltr'><strong>Φασ“.ν</strong></span> <span class='ocrx_word' id='word_1_583' title='bbox 3343 2035 3435 2092; x_wconf 72' lang='grc' dir='ltr'><strong>οὖν</strong></span> <span class='ocrx_word' id='word_1_584' title='bbox 3453 2055 3700 2108; x_wconf 76' lang='grc' dir='ltr'><strong>προαγοο</strong></span> 
     </span>
    </p>
   </div>
   <div class='ocr_carea' id='block_1_81' title="bbox 2117 2129 3700 2202">
    <p class='ocr_par' dir='ltr' id='par_1_81' title="bbox 2117 2129 3700 2202">
     <span class='ocr_line' id='line_1_81' title="bbox 2117 2129 3700 2202; baseline -0.001 -19"><span class='ocrx_word' id='word_1_585' title='bbox 2117 2129 2300 2202; x_wconf 89' lang='grc' dir='ltr'><strong>ρεύειν</strong></span> <span class='ocrx_word' id='word_1_586' title='bbox 2331 2133 2424 2184; x_wconf 76' lang='grc' dir='ltr'><strong>τὸν</strong></span> <span class='ocrx_word' id='word_1_587' title='bbox 2447 2131 2630 2198; x_wconf 85' lang='grc' dir='ltr'><strong>λόγον,</strong></span> <span class='ocrx_word' id='word_1_588' title='bbox 2663 2132 2745 2184; x_wconf 82' lang='grc' dir='ltr'><strong>ὅτι</strong></span> <span class='ocrx_word' id='word_1_589' title='bbox 2779 2131 2938 2184; x_wconf 78' lang='grc' dir='ltr'><strong>ταυτὶ</strong></span> <span class='ocrx_word' id='word_1_590' title='bbox 2965 2131 3032 2182; x_wconf 68' lang='grc' dir='ltr'><strong>τὰ</strong></span> <span class='ocrx_word' id='word_1_591' title='bbox 3064 2132 3212 2201; x_wconf 80' lang='grc' dir='ltr'><strong>χίλια</strong></span> <span class='ocrx_word' id='word_1_592' title='bbox 3257 2132 3353 2200; x_wconf 78' lang='grc' dir='ltr'><strong>ἐτη</strong></span> <span class='ocrx_word' id='word_1_593' title='bbox 3394 2133 3469 2195; x_wconf 85' lang='grc' dir='ltr'><strong>ὡς</strong></span> <span class='ocrx_word' id='word_1_594' title='bbox 3503 2132 3536 2200; x_wconf 82' lang='grc' dir='ltr'>ἡ</span> <span class='ocrx_word' id='word_1_595' title='bbox 3566 2130 3700 2200; x_wconf 80' lang='grc' dir='ltr'><strong>χθὲς</strong></span> 
     </span>
    </p>
   </div>
   <div class='ocr_carea' id='block_1_82' title="bbox 2118 2222 3697 2294">
    <p class='ocr_par' dir='ltr' id='par_1_82' title="bbox 2118 2222 3697 2294">
     <span class='ocr_line' id='line_1_82' title="bbox 2118 2222 3697 2294; baseline -0.001 -19"><span class='ocrx_word' id='word_1_596' title='bbox 2118 2224 2299 2294; x_wconf 76' lang='grc' dir='ltr'><strong>ἡμέρα</strong></span> <span class='ocrx_word' id='word_1_597' title='bbox 2323 2222 2764 2290; x_wconf 71' lang='grc' dir='ltr'><strong>συλλελόγισται,</strong></span> <span class='ocrx_word' id='word_1_598' title='bbox 2821 2223 2909 2276; x_wconf 83' lang='grc' dir='ltr'><strong>διὰ</strong></span> <span class='ocrx_word' id='word_1_599' title='bbox 2954 2225 3054 2292; x_wconf 77' lang='grc' dir='ltr'><strong>τὴν</strong></span> <span class='ocrx_word' id='word_1_600' title='bbox 3091 2225 3442 2294; x_wconf 82' lang='grc' dir='ltr'><strong>παρανομίαν</strong></span> <span class='ocrx_word' id='word_1_601' title='bbox 3491 2223 3697 2276; x_wconf 78' lang='grc' dir='ltr'><strong>αὐτῶν.</strong></span> 
     </span>
    </p>
   </div>
   <div class='ocr_carea' id='block_1_83' title="bbox 2112 2315 3701 2384">
    <p class='ocr_par' dir='ltr' id='par_1_83' title="bbox 2112 2315 3701 2384">
     <span class='ocr_line' id='line_1_83' title="bbox 2112 2315 3701 2384; baseline -0.001 -15"><span class='ocrx_word' id='word_1_602' title='bbox 2112 2316 2207 2369; x_wconf 76' lang='grc' dir='ltr'><strong>Διὸ</strong></span> <span class='ocrx_word' id='word_1_603' title='bbox 2251 2317 2318 2369; x_wconf 74' lang='grc' dir='ltr'><strong>τὰ</strong></span> <span class='ocrx_word' id='word_1_604' title='bbox 2371 2315 2791 2384; x_wconf 79' lang='grc' dir='ltr'><strong>ὲξουδενὼματα</strong></span> <span class='ocrx_word' id='word_1_605' title='bbox 2847 2316 3032 2371; x_wconf 78' lang='grc' dir='ltr'><strong>αὐτῶν</strong></span> <span class='ocrx_word' id='word_1_606' title='bbox 3088 2317 3198 2370; x_wconf 82' lang='grc' dir='ltr'><strong>τῶν</strong></span> <span class='ocrx_word' id='word_1_607' title='bbox 3269 2317 3548 2370; x_wconf 81' lang='grc' dir='ltr'><strong>Ἰουδαίων</strong></span> <span class='ocrx_word' id='word_1_608' title='bbox 3605 2318 3701 2368; x_wconf 74' lang='grc' dir='ltr'><strong>ἐπὶ</strong></span> 
     </span>
    </p>
   </div>
   <div class='ocr_carea' id='block_1_84' title="bbox 2115 2406 3700 2479">
    <p class='ocr_par' dir='ltr' id='par_1_84' title="bbox 2115 2406 3700 2479">
     <span class='ocr_line' id='line_1_84' title="bbox 2115 2406 3700 2479; baseline 0.001 -21"><span class='ocrx_word' id='word_1_609' title='bbox 2115 2406 2303 2459; x_wconf 84' lang='grc' dir='ltr'><strong>πλεῖον</strong></span> <span class='ocrx_word' id='word_1_610' title='bbox 2327 2406 2566 2471; x_wconf 82' lang='grc' dir='ltr'><strong>ἔσονται,</strong></span> <span class='ocrx_word' id='word_1_611' title='bbox 2585 2407 2673 2458; x_wconf 71' lang='grc' dir='ltr'><strong>ἀεὶ</strong></span> <span class='ocrx_word' id='word_1_612' title='bbox 2704 2408 3211 2478; x_wconf 78' lang='grc' dir='ltr'><strong>προσεπιγινόμενα</strong></span> <span class='ocrx_word' id='word_1_613' title='bbox 3230 2425 3244 2438; x_wconf 90' lang='grc'><strong>·</strong></span> <span class='ocrx_word' id='word_1_614' title='bbox 3276 2409 3373 2461; x_wconf 78' lang='grc' dir='ltr'><strong>καὶ</strong></span> <span class='ocrx_word' id='word_1_615' title='bbox 3398 2409 3461 2479; x_wconf 78' lang='grc' dir='ltr'><strong>δὴ</strong></span> <span class='ocrx_word' id='word_1_616' title='bbox 3498 2408 3700 2477; x_wconf 82' lang='grc' dir='ltr'><strong>βλέπο-</strong></span> 
     </span>
    </p>
   </div>
   <div class='ocr_carea' id='block_1_85' title="bbox 2117 2497 3698 2570">
    <p class='ocr_par' dir='ltr' id='par_1_85' title="bbox 2117 2497 3698 2570">
     <span class='ocr_line' id='line_1_85' title="bbox 2117 2497 3698 2570; baseline 0.001 -19"><span class='ocrx_word' id='word_1_617' title='bbox 2117 2516 2219 2568; x_wconf 89' lang='grc' dir='ltr'><strong>μεν</strong></span> <span class='ocrx_word' id='word_1_618' title='bbox 2272 2498 2472 2561; x_wconf 79' lang='grc' dir='ltr'><strong>αὐτοὺς</strong></span> <span class='ocrx_word' id='word_1_619' title='bbox 2526 2497 2785 2551; x_wconf 77' lang='grc' dir='ltr'><strong>οὐδέποτε</strong></span> <span class='ocrx_word' id='word_1_620' title='bbox 2854 2499 3073 2553; x_wconf 82' lang='grc' dir='ltr'><strong>παῦλαν</strong></span> <span class='ocrx_word' id='word_1_621' title='bbox 3134 2501 3233 2570; x_wconf 83' lang='grc' dir='ltr'><strong>τῆς</strong></span> <span class='ocrx_word' id='word_1_622' title='bbox 3277 2500 3698 2567; x_wconf 65' lang='grc' dir='ltr'><strong>Δὲξοιδδενὼσεως</strong></span> 
     </span>
    </p>
   </div>
   <div class='ocr_carea' id='block_1_86' title="bbox 2112 2589 3699 2659">
    <p class='ocr_par' dir='ltr' id='par_1_86' title="bbox 2112 2589 3699 2659">
     <span class='ocr_line' id='line_1_86' title="bbox 2112 2589 3699 2659; baseline 0.002 -17"><span class='ocrx_word' id='word_1_623' title='bbox 2112 2589 2512 2658; x_wconf 72' lang='grc' dir='ltr'><strong>λαμϐάνοντας.</strong></span> <span class='ocrx_word' id='word_1_624' title='bbox 2544 2590 2656 2642; x_wconf 76' lang='grc' dir='ltr'><strong>Καὶ</strong></span> <span class='ocrx_word' id='word_1_625' title='bbox 2686 2589 2854 2644; x_wconf 81' lang='grc' dir='ltr'><strong>τᾶλλα</strong></span> <span class='ocrx_word' id='word_1_626' title='bbox 2910 2590 2966 2643; x_wconf 86' lang='grc' dir='ltr'><strong>δὲ</strong></span> <span class='ocrx_word' id='word_1_627' title='bbox 3006 2591 3317 2655; x_wconf 58' lang='grc' dir='ltr'><strong>ἀκολούίὶως</strong></span> <span class='ocrx_word' id='word_1_628' title='bbox 3360 2591 3595 2659; x_wconf 80' lang='grc' dir='ltr'><strong>νοοῦσιν,</strong></span> <span class='ocrx_word' id='word_1_629' title='bbox 3615 2593 3699 2645; x_wconf 81' lang='grc' dir='ltr'><strong>ὅτι</strong></span> 
     </span>
    </p>
   </div>
   <div class='ocr_carea' id='block_1_87' title="bbox 2111 2680 3696 2754">
    <p class='ocr_par' dir='ltr' id='par_1_87' title="bbox 2111 2680 3696 2754">
     <span class='ocr_line' id='line_1_87' title="bbox 2111 2680 3696 2754; baseline 0.001 -20"><span class='ocrx_word' id='word_1_630' title='bbox 2111 2682 2171 2734; x_wconf 86' lang='grc' dir='ltr'><strong>τὸ</strong></span> <span class='ocrx_word' id='word_1_631' title='bbox 2220 2680 2366 2752; x_wconf 74' lang='grc' dir='ltr'><strong>πρωῒ</strong></span> <span class='ocrx_word' id='word_1_632' title='bbox 2403 2682 2798 2753; x_wconf 77' lang='grc' dir='ltr'><strong>αὺτῶν,ἥγουν</strong></span> <span class='ocrx_word' id='word_1_633' title='bbox 2828 2684 2860 2754; x_wconf 83' lang='grc' dir='ltr'>ή</span> <span class='ocrx_word' id='word_1_634' title='bbox 2902 2683 3176 2754; x_wconf 78' lang='grc' dir='ltr'><strong>εὐημερία</strong></span> <span class='ocrx_word' id='word_1_635' title='bbox 3203 2684 3410 2750; x_wconf 74' lang='grc' dir='ltr'><strong>αὐτῶν,</strong></span> <span class='ocrx_word' id='word_1_636' title='bbox 3449 2683 3523 2746; x_wconf 85' lang='grc' dir='ltr'><strong>ὡς</strong></span> <span class='ocrx_word' id='word_1_637' title='bbox 3560 2683 3696 2754; x_wconf 83' lang='grc' dir='ltr'><strong>χλόη</strong></span> 
     </span>
    </p>
   </div>
   <div class='ocr_carea' id='block_1_88' title="bbox 2111 2774 3698 2848">
    <p class='ocr_par' dir='ltr' id='par_1_88' title="bbox 2111 2774 3698 2848">
     <span class='ocr_line' id='line_1_88' title="bbox 2111 2774 3698 2848; baseline 0.001 -21"><span class='ocrx_word' id='word_1_638' title='bbox 2111 2774 2509 2844; x_wconf 71' lang='grc' dir='ltr'><strong>παρελεύσεται</strong></span> <span class='ocrx_word' id='word_1_639' title='bbox 2536 2791 2548 2803; x_wconf 92' lang='grc'>·</span> <span class='ocrx_word' id='word_1_640' title='bbox 2575 2774 2847 2844; x_wconf 78' lang='grc' dir='ltr'><strong>εὑημερία</strong></span> <span class='ocrx_word' id='word_1_641' title='bbox 2870 2775 2927 2827; x_wconf 85' lang='grc' dir='ltr'><strong>δὲ</strong></span> <span class='ocrx_word' id='word_1_642' title='bbox 2961 2776 3145 2830; x_wconf 82' lang='grc' dir='ltr'><strong>αὐτῶν</strong></span> <span class='ocrx_word' id='word_1_643' title='bbox 3173 2774 3316 2848; x_wconf 57' lang='lat' dir='ltr'><strong>qua</strong></span> <span class='ocrx_word' id='word_1_644' title='bbox 3345 2776 3698 2845; x_wconf 81' lang='grc' dir='ltr'><strong>Σολομῶντος</strong></span> 
     </span>
    </p>
   </div>
   <div class='ocr_carea' id='block_1_89' title="bbox 2113 2867 3700 2940">
    <p class='ocr_par' dir='ltr' id='par_1_89' title="bbox 2113 2867 3700 2940">
     <span class='ocr_line' id='line_1_89' title="bbox 2113 2867 3700 2940; baseline 0.002 -19"><span class='ocrx_word' id='word_1_645' title='bbox 2113 2869 2276 2938; x_wconf 81' lang='grc' dir='ltr'><strong>μόνον</strong></span> <span class='ocrx_word' id='word_1_646' title='bbox 2333 2867 2584 2937; x_wconf 84' lang='grc' dir='ltr'><strong>βασιλεία</strong></span> <span class='ocrx_word' id='word_1_647' title='bbox 2615 2883 2629 2898; x_wconf 75' lang='grc' dir='ltr'><strong>ο</strong></span> <span class='ocrx_word' id='word_1_648' title='bbox 2675 2871 2736 2921; x_wconf 79' lang='grc' dir='ltr'><strong>τὸ</strong></span> <span class='ocrx_word' id='word_1_649' title='bbox 2779 2868 2889 2939; x_wconf 78' lang='grc' dir='ltr'><strong>γὰρ</strong></span> <span class='ocrx_word' id='word_1_650' title='bbox 2919 2868 3049 2940; x_wconf 82' lang='grc' dir='ltr'><strong>ἑξῆς</strong></span> <span class='ocrx_word' id='word_1_651' title='bbox 3097 2871 3480 2940; x_wconf 83' lang='grc' dir='ltr'><strong>ὲκυμαίνοντο.</strong></span> <span class='ocrx_word' id='word_1_652' title='bbox 3529 2870 3610 2921; x_wconf 86' lang='grc' dir='ltr'><strong>Τὰ</strong></span> <span class='ocrx_word' id='word_1_653' title='bbox 3639 2869 3700 2924; x_wconf 71' lang='grc' dir='ltr'><strong>δὲ</strong></span> 
     </span>
    </p>
   </div>
   <div class='ocr_carea' id='block_1_90' title="bbox 2109 2959 3701 3034">
    <p class='ocr_par' dir='ltr' id='par_1_90' title="bbox 2109 2959 3701 3034">
     <span class='ocr_line' id='line_1_90' title="bbox 2109 2959 3701 3034; baseline 0 -20"><span class='ocrx_word' id='word_1_654' title='bbox 2109 2959 2313 3030; x_wconf 75' lang='grc' dir='ltr'><strong>ἐφεξῆς</strong></span> <span class='ocrx_word' id='word_1_655' title='bbox 2363 2959 2504 3031; x_wconf 85' lang='grc' dir='ltr'><strong>ῥητὰ</strong></span> <span class='ocrx_word' id='word_1_656' title='bbox 2547 2959 2624 3024; x_wconf 74' lang='grc' dir='ltr'><strong>ὡς</strong></span> <span class='ocrx_word' id='word_1_657' title='bbox 2672 2962 2770 3031; x_wconf 83' lang='grc' dir='ltr'><strong>τὴν</strong></span> <span class='ocrx_word' id='word_1_658' title='bbox 2812 2961 2978 3034; x_wconf 85' lang='grc' dir='ltr'><strong>χλόην</strong></span> <span class='ocrx_word' id='word_1_659' title='bbox 3022 2961 3348 3028; x_wconf 82' lang='grc' dir='ltr'><strong>ἀποδώσεις,</strong></span> <span class='ocrx_word' id='word_1_660' title='bbox 3399 2961 3476 3025; x_wconf 83' lang='grc' dir='ltr'><strong>ὡς</strong></span> <span class='ocrx_word' id='word_1_661' title='bbox 3513 2962 3701 3033; x_wconf 84' lang='grc' dir='ltr'><strong>προεί-</strong></span> 
     </span>
    </p>
   </div>
   <div class='ocr_carea' id='block_1_91' title="bbox 2112 3069 2297 3121">
    <p class='ocr_par' dir='ltr' id='par_1_91' title="bbox 2112 3069 2297 3121">
     <span class='ocr_line' id='line_1_91' title="bbox 2112 3069 2297 3121; baseline 0 -17"><span class='ocrx_word' id='word_1_662' title='bbox 2112 3069 2297 3121; x_wconf 85' lang='grc' dir='ltr'><strong>ρηται.</strong></span> 
     </span>
    </p>
   </div>
   <div class='ocr_carea' id='block_1_92' title="bbox 2185 3147 3700 3218">
    <p class='ocr_par' dir='ltr' id='par_1_92' title="bbox 2185 3147 3700 3218">
     <span class='ocr_line' id='line_1_92' title="bbox 2185 3147 3700 3218; baseline 0.003 -18"><span class='ocrx_word' id='word_1_663' title='bbox 2185 3147 2306 3200; x_wconf 85' lang='grc' dir='ltr'><strong>Ὅτι</strong></span> <span class='ocrx_word' id='word_1_664' title='bbox 2326 3147 2686 3215; x_wconf 77' lang='grc' dir='ltr'><strong>ἐξελίπομεν</strong></span> <span class='ocrx_word' id='word_1_665' title='bbox 2705 3149 2776 3202; x_wconf 80' lang='grc' dir='ltr'><strong>ἐν</strong></span> <span class='ocrx_word' id='word_1_666' title='bbox 2794 3147 2869 3217; x_wconf 78' lang='grc' dir='ltr'><strong>τῇ</strong></span> <span class='ocrx_word' id='word_1_667' title='bbox 2886 3147 3036 3218; x_wconf 68' lang='grc' dir='ltr'><strong>ὀργῆ</strong></span> <span class='ocrx_word' id='word_1_668' title='bbox 3053 3165 3191 3212; x_wconf 86' lang='grc' dir='ltr'><strong>σου,</strong></span> <span class='ocrx_word' id='word_1_669' title='bbox 3217 3152 3314 3204; x_wconf 75' lang='grc' dir='ltr'><strong>καί</strong></span> <span class='ocrx_word' id='word_1_670' title='bbox 3335 3150 3405 3203; x_wconf 76' lang='grc' dir='ltr'><strong>ἐν</strong></span> <span class='ocrx_word' id='word_1_671' title='bbox 3428 3147 3508 3214; x_wconf 86' lang='grc' dir='ltr'><strong>τῷ</strong></span> <span class='ocrx_word' id='word_1_672' title='bbox 3529 3147 3700 3217; x_wconf 83' lang='grc' dir='ltr'><strong>θυμῷ</strong></span> 
     </span>
    </p>
   </div>
   <div class='ocr_carea' id='block_1_93' title="bbox 2113 3239 3700 3310">
    <p class='ocr_par' dir='ltr' id='par_1_93' title="bbox 2113 3239 3700 3310">
     <span class='ocr_line' id='line_1_93' title="bbox 2113 3239 3700 3310; baseline -0.001 -17"><span class='ocrx_word' id='word_1_673' title='bbox 2113 3254 2231 3294; x_wconf 87' lang='grc' dir='ltr'><strong>σου</strong></span> <span class='ocrx_word' id='word_1_674' title='bbox 2273 3239 2709 3309; x_wconf 80' lang='grc' dir='ltr'><strong>ἐταράχθημεν.</strong></span> <span class='ocrx_word' id='word_1_675' title='bbox 2741 3268 2808 3282; x_wconf 91' lang='lat'><strong>——</strong></span> <span class='ocrx_word' id='word_1_676' title='bbox 2843 3241 3260 3310; x_wconf 73' lang='grc' dir='ltr'><strong>Ἑξελίπομεν,</strong></span> <span class='ocrx_word' id='word_1_677' title='bbox 3286 3243 3406 3294; x_wconf 80' lang='grc' dir='ltr'><strong>ἀντὶ</strong></span> <span class='ocrx_word' id='word_1_678' title='bbox 3429 3240 3544 3306; x_wconf 79' lang='grc' dir='ltr'><strong>τοῦ,</strong></span> <span class='ocrx_word' id='word_1_679' title='bbox 3565 3241 3700 3293; x_wconf 81' lang='grc' dir='ltr'><strong>ὠλι-</strong></span> 
     </span>
    </p>
   </div>
   <div class='ocr_carea' id='block_1_94' title="bbox 2111 3332 3701 3405">
    <p class='ocr_par' dir='ltr' id='par_1_94' title="bbox 2111 3332 3701 3405">
     <span class='ocr_line' id='line_1_94' title="bbox 2111 3332 3701 3405; baseline 0.001 -21"><span class='ocrx_word' id='word_1_680' title='bbox 2111 3333 2392 3401; x_wconf 84' lang='grc' dir='ltr'><strong>γώθημεν,</strong></span> <span class='ocrx_word' id='word_1_681' title='bbox 2453 3332 2811 3402; x_wconf 79' lang='grc' dir='ltr'><strong>ἀπωλόμεθα,</strong></span> <span class='ocrx_word' id='word_1_682' title='bbox 2857 3336 2914 3386; x_wconf 80' lang='grc' dir='ltr'><strong>ὲν</strong></span> <span class='ocrx_word' id='word_1_683' title='bbox 2958 3333 3036 3404; x_wconf 81' lang='grc' dir='ltr'><strong>τῷ</strong></span> <span class='ocrx_word' id='word_1_684' title='bbox 3085 3333 3407 3405; x_wconf 81' lang='grc' dir='ltr'><strong>ὀργισθῆναι</strong></span> <span class='ocrx_word' id='word_1_685' title='bbox 3450 3349 3508 3386; x_wconf 85' lang='grc' dir='ltr'><strong>σε</strong></span> <span class='ocrx_word' id='word_1_686' title='bbox 3561 3334 3701 3402; x_wconf 74' lang='grc' dir='ltr'><strong>ἡμῖν</strong></span> 
     </span>
    </p>
   </div>
   <div class='ocr_carea' id='block_1_95' title="bbox 2113 3424 3697 3496">
    <p class='ocr_par' dir='ltr' id='par_1_95' title="bbox 2113 3424 3697 3496">
     <span class='ocr_line' id='line_1_95' title="bbox 2113 3424 3697 3496; baseline 0.002 -20"><span class='ocrx_word' id='word_1_687' title='bbox 2113 3425 2512 3495; x_wconf 65' lang='grc' dir='ltr'><strong>ἁμαρτάνουσι.</strong></span> <span class='ocrx_word' id='word_1_688' title='bbox 2569 3425 2703 3492; x_wconf 78' lang='grc' dir='ltr'><strong>Περὶ</strong></span> <span class='ocrx_word' id='word_1_689' title='bbox 2741 3425 2796 3478; x_wconf 77' lang='grc' dir='ltr'><strong>δὲ</strong></span> <span class='ocrx_word' id='word_1_690' title='bbox 2826 3426 2926 3494; x_wconf 80' lang='grc' dir='ltr'><strong>τῆς</strong></span> <span class='ocrx_word' id='word_1_691' title='bbox 2953 3426 3121 3496; x_wconf 73' lang='grc' dir='ltr'><strong>ὀργῆς</strong></span> <span class='ocrx_word' id='word_1_692' title='bbox 3151 3444 3244 3479; x_wconf 86' lang='grc' dir='ltr'><strong>σου</strong></span> <span class='ocrx_word' id='word_1_693' title='bbox 3275 3427 3484 3480; x_wconf 77' lang='grc' dir='ltr'><strong>καὶτοῦ</strong></span> <span class='ocrx_word' id='word_1_694' title='bbox 3517 3424 3697 3496; x_wconf 79' lang='grc' dir='ltr'><strong>θυμοῦ</strong></span> 
     </span>
    </p>
   </div>
   <div class='ocr_carea' id='block_1_96' title="bbox 2111 3513 3597 3588">
    <p class='ocr_par' dir='ltr' id='par_1_96' title="bbox 2111 3513 3597 3588">
     <span class='ocr_line' id='line_1_96' title="bbox 2111 3513 3597 3588; baseline 0.003 -23"><span class='ocrx_word' id='word_1_695' title='bbox 2111 3514 2386 3584; x_wconf 84' lang='grc' dir='ltr'><strong>διαφόρως</strong></span> <span class='ocrx_word' id='word_1_696' title='bbox 2411 3513 2630 3586; x_wconf 78' lang='grc' dir='ltr'><strong>εἴρηται</strong></span> <span class='ocrx_word' id='word_1_697' title='bbox 2667 3531 2681 3545; x_wconf 73' lang='grc' dir='ltr'><strong><em>ο</em></strong></span> <span class='ocrx_word' id='word_1_698' title='bbox 2719 3517 2816 3568; x_wconf 71' lang='grc' dir='ltr'><strong>καὶ</strong></span> <span class='ocrx_word' id='word_1_699' title='bbox 2859 3517 3061 3586; x_wconf 82' lang='grc' dir='ltr'><strong>μᾶλλον</strong></span> <span class='ocrx_word' id='word_1_700' title='bbox 3103 3517 3160 3570; x_wconf 86' lang='grc' dir='ltr'><strong>ὲν</strong></span> <span class='ocrx_word' id='word_1_701' title='bbox 3187 3517 3262 3587; x_wconf 80' lang='grc' dir='ltr'><strong>τῷ</strong></span> <span class='ocrx_word' id='word_1_702' title='bbox 3295 3522 3349 3582; x_wconf 81' lang='grc' dir='ltr'><strong>ς’</strong></span> <span class='ocrx_word' id='word_1_703' title='bbox 3375 3515 3597 3588; x_wconf 79' lang='grc' dir='ltr'><strong>ψαλμῷ.</strong></span> 
     </span>
    </p>
   </div>
   <div class='ocr_carea' id='block_1_97' title="bbox 2186 3800 3696 3872">
    <p class='ocr_par' dir='ltr' id='par_1_97' title="bbox 2186 3800 3696 3872">
     <span class='ocr_line' id='line_1_97' title="bbox 2186 3800 3696 3872; baseline 0.005 -16"><span class='ocrx_word' id='word_1_704' title='bbox 2186 3802 2370 3856; x_wconf 87' lang='grc' dir='ltr'><strong>Ἐθου</strong></span> <span class='ocrx_word' id='word_1_705' title='bbox 2410 3800 2518 3867; x_wconf 84' lang='grc' dir='ltr'><strong>τὰς</strong></span> <span class='ocrx_word' id='word_1_706' title='bbox 2538 3802 2796 3871; x_wconf 79' lang='grc' dir='ltr'><strong>ἀνομίας</strong></span> <span class='ocrx_word' id='word_1_707' title='bbox 2824 3803 2996 3872; x_wconf 74' lang='grc' dir='ltr'><strong>ἡμῶν</strong></span> <span class='ocrx_word' id='word_1_708' title='bbox 3022 3806 3304 3860; x_wconf 75' lang='grc' dir='ltr'><strong>ἐναντίον</strong></span> <span class='ocrx_word' id='word_1_709' title='bbox 3346 3824 3483 3862; x_wconf 86' lang='grc' dir='ltr'><strong>σου.</strong></span> <span class='ocrx_word' id='word_1_710' title='bbox 3526 3808 3696 3863; x_wconf 84' lang='grc' dir='ltr'><strong>Ἔθου</strong></span> 
     </span>
    </p>
   </div>
   <div class='ocr_carea' id='block_1_98' title="bbox 2111 3893 3698 3968">
    <p class='ocr_par' dir='ltr' id='par_1_98' title="bbox 2111 3893 3698 3968">
     <span class='ocr_line' id='line_1_98' title="bbox 2111 3893 3698 3968; baseline 0.003 -20"><span class='ocrx_word' id='word_1_711' title='bbox 2111 3894 2283 3958; x_wconf 83' lang='grc' dir='ltr'><strong>αὐτὰς</strong></span> <span class='ocrx_word' id='word_1_712' title='bbox 2321 3893 2540 3964; x_wconf 83' lang='grc' dir='ltr'><strong>γυμνὰς</strong></span> <span class='ocrx_word' id='word_1_713' title='bbox 2582 3893 2820 3948; x_wconf 77' lang='grc' dir='ltr'><strong>ἐνώπιόν</strong></span> <span class='ocrx_word' id='word_1_714' title='bbox 2880 3914 2996 3960; x_wconf 88' lang='grc' dir='ltr'><strong>σου,</strong></span> <span class='ocrx_word' id='word_1_715' title='bbox 3030 3896 3124 3950; x_wconf 75' lang='grc' dir='ltr'><strong>καὶ</strong></span> <span class='ocrx_word' id='word_1_716' title='bbox 3159 3897 3435 3968; x_wconf 74' lang='grc' dir='ltr'><strong>ὁρώμεναι</strong></span> <span class='ocrx_word' id='word_1_717' title='bbox 3476 3899 3538 3953; x_wconf 81' lang='grc' dir='ltr'><strong>οὐ</strong></span> <span class='ocrx_word' id='word_1_718' title='bbox 3572 3899 3698 3953; x_wconf 87' lang='grc' dir='ltr'><strong>δια-</strong></span> 
     </span>
    </p>
   </div>
   <div class='ocr_carea' id='block_1_99' title="bbox 2109 3985 3696 4062">
    <p class='ocr_par' dir='ltr' id='par_1_99' title="bbox 2109 3985 3696 4062">
     <span class='ocr_line' id='line_1_99' title="bbox 2109 3985 3696 4062; baseline 0.004 -23"><span class='ocrx_word' id='word_1_719' title='bbox 2109 3985 2492 4052; x_wconf 78' lang='grc' dir='ltr'><strong>λανθάνουσιν,</strong></span> <span class='ocrx_word' id='word_1_720' title='bbox 2519 3986 2656 4042; x_wconf 82' lang='grc' dir='ltr'><strong>ἀλλὰ</strong></span> <span class='ocrx_word' id='word_1_721' title='bbox 2685 3987 2782 4041; x_wconf 81' lang='grc' dir='ltr'><strong>καὶ</strong></span> <span class='ocrx_word' id='word_1_722' title='bbox 2813 3989 3051 4059; x_wconf 84' lang='grc' dir='ltr'><strong>μάλιστα</strong></span> <span class='ocrx_word' id='word_1_723' title='bbox 3083 3990 3450 4062; x_wconf 74' lang='grc' dir='ltr'><strong>παροξύνουσι</strong></span> <span class='ocrx_word' id='word_1_724' title='bbox 3475 4010 3533 4046; x_wconf 90' lang='grc' dir='ltr'><strong>σε</strong></span> <span class='ocrx_word' id='word_1_725' title='bbox 3568 3993 3696 4049; x_wconf 84' lang='grc' dir='ltr'><strong>καθ’</strong></span> 
     </span>
    </p>
   </div>
   <div class='ocr_carea' id='block_1_100' title="bbox 2109 4079 2292 4150">
    <p class='ocr_par' dir='ltr' id='par_1_100' title="bbox 2109 4079 2292 4150">
     <span class='ocr_line' id='line_1_100' title="bbox 2109 4079 2292 4150; baseline 0 -17"><span class='ocrx_word' id='word_1_726' title='bbox 2109 4079 2292 4150; x_wconf 81' lang='grc' dir='ltr'><strong>ἡμῶν.</strong></span> 
     </span>
    </p>
   </div>
   <div class='ocr_carea' id='block_1_101' title="bbox 2195 4262 3700 4336">
    <p class='ocr_par' dir='ltr' id='par_1_101' title="bbox 2195 4262 3700 4336">
     <span class='ocr_line' id='line_1_101' title="bbox 2195 4262 3700 4336; baseline 0.005 -21"><span class='ocrx_word' id='word_1_727' title='bbox 2195 4262 2262 4315; x_wconf 92' lang='lat'><strong>&#39;0</strong></span> <span class='ocrx_word' id='word_1_728' title='bbox 2308 4262 2458 4318; x_wconf 74' lang='grc' dir='ltr'><strong>αἰὼν</strong></span> <span class='ocrx_word' id='word_1_729' title='bbox 2495 4264 2664 4334; x_wconf 77' lang='grc' dir='ltr'><strong>ἡμῶν</strong></span> <span class='ocrx_word' id='word_1_730' title='bbox 2699 4267 2788 4331; x_wconf 83' lang='grc' dir='ltr'><strong>είς</strong></span> <span class='ocrx_word' id='word_1_731' title='bbox 2845 4265 3159 4335; x_wconf 67' lang='grc' dir='ltr'><strong>φωτισμὸν</strong></span> <span class='ocrx_word' id='word_1_732' title='bbox 3210 4268 3317 4321; x_wconf 81' lang='grc' dir='ltr'><strong>τοῦ</strong></span> <span class='ocrx_word' id='word_1_733' title='bbox 3368 4268 3700 4336; x_wconf 69' lang='grc' dir='ltr'><strong>,προσώπου</strong></span> 
     </span>
    </p>
   </div>
   <div class='ocr_carea' id='block_1_102' title="bbox 2107 4355 3692 4430">
    <p class='ocr_par' dir='ltr' id='par_1_102' title="bbox 2107 4355 3692 4430">
     <span class='ocr_line' id='line_1_102' title="bbox 2107 4355 3692 4430; baseline 0.004 -23"><span class='ocrx_word' id='word_1_734' title='bbox 2107 4367 2250 4409; x_wconf 85' lang='grc' dir='ltr'><strong>σου.</strong></span> <span class='ocrx_word' id='word_1_735' title='bbox 2280 4355 2463 4409; x_wconf 85' lang='grc' dir='ltr'><strong>Αἱῶνα</strong></span> <span class='ocrx_word' id='word_1_736' title='bbox 2489 4356 2583 4410; x_wconf 84' lang='grc' dir='ltr'><strong>νῦν</strong></span> <span class='ocrx_word' id='word_1_737' title='bbox 2613 4359 2708 4410; x_wconf 77' lang='grc' dir='ltr'><strong>τὸν</strong></span> <span class='ocrx_word' id='word_1_738' title='bbox 2733 4357 2849 4427; x_wconf 87' lang='grc' dir='ltr'><strong>βίον</strong></span> <span class='ocrx_word' id='word_1_739' title='bbox 2883 4357 3030 4426; x_wconf 77' lang='grc' dir='ltr'><strong>λέγει</strong></span> <span class='ocrx_word' id='word_1_740' title='bbox 3063 4359 3160 4411; x_wconf 77' lang='grc' dir='ltr'><strong>καὶ</strong></span> <span class='ocrx_word' id='word_1_741' title='bbox 3184 4359 3281 4430; x_wconf 80' lang='grc' dir='ltr'><strong>τὴν</strong></span> <span class='ocrx_word' id='word_1_742' title='bbox 3314 4360 3479 4430; x_wconf 79' lang='grc' dir='ltr'><strong>ζωήν.</strong></span> <span class='ocrx_word' id='word_1_743' title='bbox 3507 4362 3692 4428; x_wconf 81' lang='grc' dir='ltr'><strong>Ὄλο-,</strong></span> 
     </span>
    </p>
   </div>
   <div class='ocr_carea' id='block_1_103' title="bbox 2109 4447 3690 4528">
    <p class='ocr_par' dir='ltr' id='par_1_103' title="bbox 2109 4447 3690 4528">
     <span class='ocr_line' id='line_1_103' title="bbox 2109 4447 3690 4528; baseline 0.008 -30"><span class='ocrx_word' id='word_1_744' title='bbox 2109 4447 2300 4516; x_wconf 78' lang='grc' dir='ltr'><strong>φησὶν,</strong></span> <span class='ocrx_word' id='word_1_745' title='bbox 2336 4450 2364 4500; x_wconf 85' lang='grc' dir='ltr'>ὁ</span> <span class='ocrx_word' id='word_1_746' title='bbox 2400 4447 2516 4517; x_wconf 83' lang='grc' dir='ltr'><strong>βίος</strong></span> <span class='ocrx_word' id='word_1_747' title='bbox 2545 4449 2724 4519; x_wconf 82' lang='grc' dir='ltr'><strong>ἡμῶν,</strong></span> <span class='ocrx_word' id='word_1_748' title='bbox 2758 4450 2856 4522; x_wconf 85' lang='grc' dir='ltr'><strong>ὅλη</strong></span> <span class='ocrx_word' id='word_1_749' title='bbox 2891 4453 2923 4522; x_wconf 79' lang='grc' dir='ltr'>ἡ</span> <span class='ocrx_word' id='word_1_750' title='bbox 2973 4453 3085 4522; x_wconf 81' lang='grc' dir='ltr'><strong>ζωὴ</strong></span> <span class='ocrx_word' id='word_1_751' title='bbox 3115 4454 3197 4516; x_wconf 75' lang='grc' dir='ltr'><strong>είς</strong></span> <span class='ocrx_word' id='word_1_752' title='bbox 3225 4454 3288 4506; x_wconf 79' lang='grc' dir='ltr'><strong>τὸ</strong></span> <span class='ocrx_word' id='word_1_753' title='bbox 3317 4456 3560 4525; x_wconf 77' lang='grc' dir='ltr'><strong>ἐμφανὲς</strong></span> <span class='ocrx_word' id='word_1_754' title='bbox 3591 4459 3690 4528; x_wconf 81' lang='grc' dir='ltr'><strong>τῆς</strong></span> 
     </span>
    </p>
   </div>
   <div class='ocr_carea' id='block_1_104' title="bbox 3155 4549 3690 4618">
    <p class='ocr_par' dir='ltr' id='par_1_104' title="bbox 3155 4549 3690 4618">
     <span class='ocr_line' id='line_1_104' title="bbox 3155 4549 3690 4618; baseline 0.011 -19"><span class='ocrx_word' id='word_1_755' title='bbox 3155 4549 3540 4618; x_wconf 77' lang='grc' dir='ltr'><strong>πεφανέρωταί</strong></span> <span class='ocrx_word' id='word_1_756' title='bbox 3581 4567 3690 4606; x_wconf 85' lang='grc' dir='ltr'><strong>σοι.</strong></span> 
     </span>
    </p>
   </div>
   <div class='ocr_carea' id='block_1_105' title="bbox 2120 4623 3728 4710">
    <p class='ocr_par' dir='ltr' id='par_1_105' title="bbox 2120 4623 3728 4710">
     <span class='ocr_line' id='line_1_105' title="bbox 2120 4623 3728 4710; baseline 0.013 -28"><span class='ocrx_word' id='word_1_757' title='bbox 2120 4630 2181 4682; x_wconf 86' lang='grc'><strong>’0</strong></span> <span class='ocrx_word' id='word_1_758' title='bbox 2211 4631 2268 4684; x_wconf 83' lang='grc' dir='ltr'><strong>δὲ</strong></span> <span class='ocrx_word' id='word_1_759' title='bbox 2299 4650 2426 4696; x_wconf 84' lang='grc' dir='ltr'><strong>νους</strong></span> <span class='ocrx_word' id='word_1_760' title='bbox 2451 4651 2637 4703; x_wconf 88' lang='grc' dir='ltr'><strong>ομοιος</strong></span> <span class='ocrx_word' id='word_1_761' title='bbox 2665 4636 2758 4688; x_wconf 81' lang='grc' dir='ltr'><strong>τοῦ</strong></span> <span class='ocrx_word' id='word_1_762' title='bbox 2799 4637 3168 4705; x_wconf 85' lang='grc' dir='ltr'><strong>προλαϐόντος</strong></span> <span class='ocrx_word' id='word_1_763' title='bbox 3205 4641 3415 4710; x_wconf 79' lang='grc' dir='ltr'><strong>στίχου.</strong></span> 
     </span>
    </p>
   </div>
   <div class='ocr_carea' id='block_1_106' title="bbox 2183 4722 3690 4802">
    <p class='ocr_par' dir='ltr' id='par_1_106' title="bbox 2183 4722 3690 4802">
     <span class='ocr_line' id='line_1_106' title="bbox 2183 4722 3690 4802; baseline 0.008 -28"><span class='ocrx_word' id='word_1_764' title='bbox 2183 4722 2305 4774; x_wconf 87' lang='grc' dir='ltr'><strong>Ὅτι</strong></span> <span class='ocrx_word' id='word_1_765' title='bbox 2331 4723 2525 4779; x_wconf 80' lang='grc' dir='ltr'><strong>πᾶσαι</strong></span> <span class='ocrx_word' id='word_1_766' title='bbox 2557 4729 2618 4778; x_wconf 86' lang='grc' dir='ltr'><strong>αι</strong></span> <span class='ocrx_word' id='word_1_767' title='bbox 2653 4725 2867 4793; x_wconf 75' lang='grc' dir='ltr'><strong>ἡμέραι</strong></span> <span class='ocrx_word' id='word_1_768' title='bbox 2900 4727 3070 4796; x_wconf 79' lang='grc' dir='ltr'><strong>ἡμῶν</strong></span> <span class='ocrx_word' id='word_1_769' title='bbox 3098 4729 3408 4793; x_wconf 75' lang='grc' dir='ltr'><strong>ἐξέλιπον.</strong></span> <span class='ocrx_word' id='word_1_770' title='bbox 3439 4733 3506 4783; x_wconf 81' lang='grc' dir='ltr'><strong>ΑΞ</strong></span> <span class='ocrx_word' id='word_1_771' title='bbox 3549 4733 3690 4802; x_wconf 81' lang='grc' dir='ltr'><strong>ἡμέ-</strong></span> 
     </span>
    </p>
   </div>
   <div class='ocr_carea' id='block_1_107' title="bbox 2109 4811 3690 4892">
    <p class='ocr_par' dir='ltr' id='par_1_107' title="bbox 2109 4811 3690 4892">
     <span class='ocr_line' id='line_1_107' title="bbox 2109 4811 3690 4892; baseline 0.006 -28"><span class='ocrx_word' id='word_1_772' title='bbox 2109 4829 2201 4883; x_wconf 88' lang='grc' dir='ltr'><strong>ραι</strong></span> <span class='ocrx_word' id='word_1_773' title='bbox 2233 4811 2336 4882; x_wconf 81' lang='grc' dir='ltr'><strong>τῆς</strong></span> <span class='ocrx_word' id='word_1_774' title='bbox 2367 4814 2514 4881; x_wconf 74' lang='grc' dir='ltr'><strong>ζωῆς</strong></span> <span class='ocrx_word' id='word_1_775' title='bbox 2547 4815 2708 4885; x_wconf 83' lang='grc' dir='ltr'><strong>ἡμῶν</strong></span> <span class='ocrx_word' id='word_1_776' title='bbox 2753 4817 3054 4887; x_wconf 74' lang='grc' dir='ltr'><strong>παρῆλθον.</strong></span> <span class='ocrx_word' id='word_1_777' title='bbox 3093 4819 3171 4891; x_wconf 86' lang='grc' dir='ltr'>Τῇ</span> <span class='ocrx_word' id='word_1_778' title='bbox 3205 4820 3428 4892; x_wconf 82' lang='grc' dir='ltr'><strong>τελευτῇ</strong></span> <span class='ocrx_word' id='word_1_779' title='bbox 3471 4823 3690 4891; x_wconf 83' lang='grc' dir='ltr'><strong>πεπλη-</strong></span> 
     </span>
    </p>
   </div>
   <div class='ocr_carea' id='block_1_108' title="bbox 2107 4904 3692 4984">
    <p class='ocr_par' dir='ltr' id='par_1_108' title="bbox 2107 4904 3692 4984">
     <span class='ocr_line' id='line_1_108' title="bbox 2107 4904 3692 4984; baseline 0.007 -28"><span class='ocrx_word' id='word_1_780' title='bbox 2107 4905 2383 4973; x_wconf 83' lang='grc' dir='ltr'><strong>σιάκαμεν</strong></span> <span class='ocrx_word' id='word_1_781' title='bbox 2415 4918 2428 4931; x_wconf 87' lang='grc'>·</span> <span class='ocrx_word' id='word_1_782' title='bbox 2487 4904 2630 4958; x_wconf 77' lang='grc' dir='ltr'><strong>οὕτω</strong></span> <span class='ocrx_word' id='word_1_783' title='bbox 2663 4905 2773 4976; x_wconf 84' lang='grc' dir='ltr'><strong>γὰρ</strong></span> <span class='ocrx_word' id='word_1_784' title='bbox 2812 4924 2881 4976; x_wconf 90' lang='grc' dir='ltr'><strong>με</strong></span> <span class='ocrx_word' id='word_1_785' title='bbox 2919 4908 3095 4961; x_wconf 81' lang='grc' dir='ltr'><strong>πείθει</strong></span> <span class='ocrx_word' id='word_1_786' title='bbox 3130 4913 3272 4964; x_wconf 85' lang='grc' dir='ltr'><strong>νοεῖν</strong></span> <span class='ocrx_word' id='word_1_787' title='bbox 3301 4912 3332 4982; x_wconf 83' lang='grc' dir='ltr'><strong>ἠ</strong></span> <span class='ocrx_word' id='word_1_788' title='bbox 3381 4913 3692 4984; x_wconf 82' lang='grc' dir='ltr'><strong>σφοδρότης</strong></span> 
     </span>
    </p>
   </div>
   <div class='ocr_carea' id='block_1_109' title="bbox 2103 4999 3687 5077">
    <p class='ocr_par' dir='ltr' id='par_1_109' title="bbox 2103 4999 3687 5077">
     <span class='ocr_line' id='line_1_109' title="bbox 2103 4999 3687 5077; baseline 0.007 -24"><span class='ocrx_word' id='word_1_789' title='bbox 2103 4999 2214 5054; x_wconf 84' lang='grc' dir='ltr'><strong>τῶν</strong></span> <span class='ocrx_word' id='word_1_790' title='bbox 2244 5001 2563 5072; x_wconf 80' lang='grc' dir='ltr'><strong>συμφορῶν.</strong></span> <span class='ocrx_word' id='word_1_791' title='bbox 2605 5003 2767 5066; x_wconf 86' lang='grc' dir='ltr'><strong>Ἕθος</strong></span> <span class='ocrx_word' id='word_1_792' title='bbox 2797 5004 2855 5056; x_wconf 77' lang='grc' dir='ltr'><strong>δὲ</strong></span> <span class='ocrx_word' id='word_1_793' title='bbox 2893 5005 2988 5058; x_wconf 76' lang='grc' dir='ltr'><strong>καὶ</strong></span> <span class='ocrx_word' id='word_1_794' title='bbox 3029 5006 3205 5070; x_wconf 81' lang='grc' dir='ltr'><strong>ἄλλως</strong></span> <span class='ocrx_word' id='word_1_795' title='bbox 3231 5011 3343 5071; x_wconf 87' lang='grc' dir='ltr'><strong>τοῖς</strong></span> <span class='ocrx_word' id='word_1_796' title='bbox 3373 5010 3431 5061; x_wconf 88' lang='grc' dir='ltr'><strong>ἐν</strong></span> <span class='ocrx_word' id='word_1_797' title='bbox 3471 5007 3687 5077; x_wconf 75' lang='grc' dir='ltr'><strong>θλίψεσι</strong></span> 
     </span>
    </p>
   </div>
   <div class='ocr_carea' id='block_1_110' title="bbox 2105 5091 3690 5170">
    <p class='ocr_par' dir='ltr' id='par_1_110' title="bbox 2105 5091 3690 5170">
     <span class='ocr_line' id='line_1_110' title="bbox 2105 5091 3690 5170; baseline 0.006 -26"><span class='ocrx_word' id='word_1_798' title='bbox 2105 5091 2309 5161; x_wconf 84' lang='grc' dir='ltr'><strong>λέγειν,</strong></span> <span class='ocrx_word' id='word_1_799' title='bbox 2333 5095 2411 5146; x_wconf 85' lang='grc' dir='ltr'><strong>ὅτι</strong></span> <span class='ocrx_word' id='word_1_800' title='bbox 2440 5097 2804 5165; x_wconf 81' lang='grc' dir='ltr'><strong>τεθνήκαμεν,</strong></span> <span class='ocrx_word' id='word_1_801' title='bbox 2853 5099 3252 5166; x_wconf 81' lang='grc' dir='ltr'><strong>ἀποπνιγέντες</strong></span> <span class='ocrx_word' id='word_1_802' title='bbox 3292 5103 3415 5163; x_wconf 89' lang='grc' dir='ltr'><strong>ταῖς</strong></span> <span class='ocrx_word' id='word_1_803' title='bbox 3449 5101 3690 5170; x_wconf 62' lang='grc' dir='ltr'><strong>θλίψεσι,</strong></span> 
     </span>
    </p>
   </div>
   <div class='ocr_carea' id='block_1_111' title="bbox 2105 5184 3693 5262">
    <p class='ocr_par' dir='ltr' id='par_1_111' title="bbox 2105 5184 3693 5262">
     <span class='ocr_line' id='line_1_111' title="bbox 2105 5184 3693 5262; baseline 0.006 -25"><span class='ocrx_word' id='word_1_804' title='bbox 2105 5184 2202 5237; x_wconf 72' lang='grc' dir='ltr'><strong>καὶ</strong></span> <span class='ocrx_word' id='word_1_805' title='bbox 2225 5185 2607 5253; x_wconf 75' lang='grc' dir='ltr'><strong>ἀπεγνωκότες</strong></span> <span class='ocrx_word' id='word_1_806' title='bbox 2627 5187 2729 5257; x_wconf 81' lang='grc' dir='ltr'><strong>τὴν</strong></span> <span class='ocrx_word' id='word_1_807' title='bbox 2755 5189 3050 5257; x_wconf 83' lang='grc' dir='ltr'><strong>σωτηρίαν.</strong></span> <span class='ocrx_word' id='word_1_808' title='bbox 3082 5190 3312 5262; x_wconf 82' lang='grc' dir='ltr'><strong>Εἴρηται</strong></span> <span class='ocrx_word' id='word_1_809' title='bbox 3335 5192 3391 5245; x_wconf 84' lang='grc' dir='ltr'><strong>δὲ</strong></span> <span class='ocrx_word' id='word_1_810' title='bbox 3424 5193 3693 5258; x_wconf 81' lang='grc' dir='ltr'><strong>πολλάκις</strong></span> 
     </span>
    </p>
   </div>
   <div class='ocr_carea' id='block_1_112' title="bbox 2106 5276 3690 5351">
    <p class='ocr_par' dir='ltr' id='par_1_112' title="bbox 2106 5276 3690 5351">
     <span class='ocr_line' id='line_1_112' title="bbox 2106 5276 3690 5351; baseline 0.006 -25"><span class='ocrx_word' id='word_1_811' title='bbox 2106 5276 2236 5346; x_wconf 66' lang='grc' dir='ltr'><strong>περὶ</strong></span> <span class='ocrx_word' id='word_1_812' title='bbox 2259 5277 2376 5339; x_wconf 83' lang='grc' dir='ltr'><strong>τοῦ,</strong></span> <span class='ocrx_word' id='word_1_813' title='bbox 2416 5279 2566 5340; x_wconf 86' lang='grc' dir='ltr'><strong>Ὅτι,</strong></span> <span class='ocrx_word' id='word_1_814' title='bbox 2595 5279 2691 5332; x_wconf 80' lang='grc' dir='ltr'><strong>καὶ</strong></span> <span class='ocrx_word' id='word_1_815' title='bbox 2725 5277 2820 5331; x_wconf 83' lang='grc' dir='ltr'><strong>νῦν</strong></span> <span class='ocrx_word' id='word_1_816' title='bbox 2861 5278 2920 5332; x_wconf 83' lang='grc' dir='ltr'><strong>δὲ</strong></span> <span class='ocrx_word' id='word_1_817' title='bbox 2946 5279 3178 5335; x_wconf 86' lang='grc' dir='ltr'><strong>καθόλου</strong></span> <span class='ocrx_word' id='word_1_818' title='bbox 3209 5283 3536 5351; x_wconf 63' lang='grc' dir='ltr'><strong>ῥητέον,,ὅτι</strong></span> <span class='ocrx_word' id='word_1_819' title='bbox 3558 5284 3690 5338; x_wconf 80' lang='grc' dir='ltr'><strong>ἔνθα</strong></span> 
     </span>
    </p>
   </div>
   <div class='ocr_carea' id='block_1_113' title="bbox 2106 5369 3686 5447">
    <p class='ocr_par' dir='ltr' id='par_1_113' title="bbox 2106 5369 3686 5447">
     <span class='ocr_line' id='line_1_113' title="bbox 2106 5369 3686 5447; baseline 0.004 -25"><span class='ocrx_word' id='word_1_820' title='bbox 2106 5369 2447 5440; x_wconf 85' lang='grc' dir='ltr'><strong>εὑρίσκεται,</strong></span> <span class='ocrx_word' id='word_1_821' title='bbox 2477 5371 2509 5442; x_wconf 78' lang='grc' dir='ltr'><strong>ἢ</strong></span> <span class='ocrx_word' id='word_1_822' title='bbox 2544 5372 2889 5442; x_wconf 82' lang='grc' dir='ltr'><strong>ἀντιλογικὸν</strong></span> <span class='ocrx_word' id='word_1_823' title='bbox 2914 5378 3139 5442; x_wconf 84' lang='grc' dir='ltr'><strong>νοεῖται,</strong></span> <span class='ocrx_word' id='word_1_824' title='bbox 3172 5377 3204 5447; x_wconf 78' lang='grc' dir='ltr'>ἦ</span> <span class='ocrx_word' id='word_1_825' title='bbox 3236 5376 3614 5445; x_wconf 79' lang='grc' dir='ltr'><strong>βεϐαιωτικὸν,</strong></span> <span class='ocrx_word' id='word_1_826' title='bbox 3653 5379 3686 5446; x_wconf 86' lang='grc' dir='ltr'><strong>ῆ</strong></span> 
     </span>
    </p>
   </div>
   <div class='ocr_carea' id='block_1_114' title="bbox 2105 5461 3686 5537">
    <p class='ocr_par' dir='ltr' id='par_1_114' title="bbox 2105 5461 3686 5537">
     <span class='ocr_line' id='line_1_114' title="bbox 2105 5461 3686 5537; baseline 0.006 -24"><span class='ocrx_word' id='word_1_827' title='bbox 2105 5461 2510 5532; x_wconf 80' lang='grc' dir='ltr'><strong>διηγηματικὸν</strong></span> <span class='ocrx_word' id='word_1_828' title='bbox 2545 5466 2639 5517; x_wconf 78' lang='grc' dir='ltr'><strong>καὶ</strong></span> <span class='ocrx_word' id='word_1_829' title='bbox 2674 5466 2972 5537; x_wconf 81' lang='grc' dir='ltr'><strong>παρέλκον,</strong></span> <span class='ocrx_word' id='word_1_830' title='bbox 3011 5468 3087 5530; x_wconf 84' lang='grc' dir='ltr'><strong>ὡς</strong></span> <span class='ocrx_word' id='word_1_831' title='bbox 3119 5469 3213 5520; x_wconf 69' lang='grc' dir='ltr'><strong>καὶ</strong></span> <span class='ocrx_word' id='word_1_832' title='bbox 3257 5470 3375 5523; x_wconf 78' lang='grc' dir='ltr'><strong>νῦν.</strong></span> <span class='ocrx_word' id='word_1_833' title='bbox 3421 5469 3592 5523; x_wconf 77' lang='grc' dir='ltr'><strong>Τοῦτο</strong></span> <span class='ocrx_word' id='word_1_834' title='bbox 3628 5471 3686 5523; x_wconf 82' lang='grc' dir='ltr'><strong>δὲ</strong></span> 
     </span>
    </p>
   </div>
   <div class='ocr_carea' id='block_1_115' title="bbox 2105 5553 3686 5627">
    <p class='ocr_par' dir='ltr' id='par_1_115' title="bbox 2105 5553 3686 5627">
     <span class='ocr_line' id='line_1_115' title="bbox 2105 5553 3686 5627; baseline 0.004 -21"><span class='ocrx_word' id='word_1_835' title='bbox 2105 5553 2200 5607; x_wconf 73' lang='grc' dir='ltr'><strong>καὶ</strong></span> <span class='ocrx_word' id='word_1_836' title='bbox 2237 5554 2440 5622; x_wconf 80' lang='grc' dir='ltr'><strong>μᾶλλον</strong></span> <span class='ocrx_word' id='word_1_837' title='bbox 2473 5553 2763 5618; x_wconf 77' lang='grc' dir='ltr'><strong>πλεονάζει</strong></span> <span class='ocrx_word' id='word_1_838' title='bbox 2790 5558 2942 5627; x_wconf 87' lang='grc' dir='ltr'><strong>παρὰ</strong></span> <span class='ocrx_word' id='word_1_839' title='bbox 2981 5557 3060 5627; x_wconf 82' lang='grc' dir='ltr'><strong>τῷ</strong></span> <span class='ocrx_word' id='word_1_840' title='bbox 3115 5559 3300 5624; x_wconf 87' lang='grc' dir='ltr'><strong>Δαϐίδ.</strong></span> <span class='ocrx_word' id='word_1_841' title='bbox 3337 5561 3448 5613; x_wconf 80' lang='grc' dir='ltr'><strong>Καὶ</strong></span> <span class='ocrx_word' id='word_1_842' title='bbox 3495 5560 3686 5614; x_wconf 67' lang='grc' dir='ltr'><strong>λοιπὸν</strong></span> 
     </span>
    </p>
   </div>
   <div class='ocr_carea' id='block_1_116' title="bbox 2103 5645 3684 5725">
    <p class='ocr_par' dir='ltr' id='par_1_116' title="bbox 2103 5645 3684 5725">
     <span class='ocr_line' id='line_1_116' title="bbox 2103 5645 3684 5725; baseline 0.004 -27"><span class='ocrx_word' id='word_1_843' title='bbox 2103 5645 2247 5699; x_wconf 83' lang='grc' dir='ltr'><strong>ἔστω</strong></span> <span class='ocrx_word' id='word_1_844' title='bbox 2273 5665 2356 5700; x_wconf 91' lang='grc' dir='ltr'><strong>σοι</strong></span> <span class='ocrx_word' id='word_1_845' title='bbox 2384 5645 2567 5714; x_wconf 81' lang='grc' dir='ltr'><strong>τοῦτο,</strong></span> <span class='ocrx_word' id='word_1_846' title='bbox 2606 5649 2688 5711; x_wconf 84' lang='grc' dir='ltr'><strong>είς</strong></span> <span class='ocrx_word' id='word_1_847' title='bbox 2732 5649 2794 5702; x_wconf 81' lang='grc' dir='ltr'><strong>τὸ</strong></span> <span class='ocrx_word' id='word_1_848' title='bbox 2841 5651 2986 5719; x_wconf 76' lang='grc' dir='ltr'><strong>ἑξῆς,</strong></span> <span class='ocrx_word' id='word_1_849' title='bbox 3027 5651 3211 5704; x_wconf 88' lang='grc' dir='ltr'><strong>κανὼν</strong></span> <span class='ocrx_word' id='word_1_850' title='bbox 3259 5653 3684 5725; x_wconf 80' lang='grc' dir='ltr'><strong>ἀκριϐέστατος.</strong></span> 
     </span>
    </p>
   </div>
   <div class='ocr_carea' id='block_1_117' title="bbox 2104 5739 3687 5814">
    <p class='ocr_par' dir='ltr' id='par_1_117' title="bbox 2104 5739 3687 5814">
     <span class='ocr_line' id='line_1_117' title="bbox 2104 5739 3687 5814; baseline 0.004 -24"><span class='ocrx_word' id='word_1_851' title='bbox 2104 5739 2366 5808; x_wconf 83' lang='grc' dir='ltr'><strong>Περιττὸν</strong></span> <span class='ocrx_word' id='word_1_852' title='bbox 2391 5739 2500 5812; x_wconf 82' lang='grc' dir='ltr'><strong>γὰρ</strong></span> <span class='ocrx_word' id='word_1_853' title='bbox 2544 5739 2806 5807; x_wconf 84' lang='grc' dir='ltr'><strong>πολλάκις</strong></span> <span class='ocrx_word' id='word_1_854' title='bbox 2858 5742 2988 5814; x_wconf 76' lang='grc' dir='ltr'><strong>περὶ</strong></span> <span class='ocrx_word' id='word_1_855' title='bbox 3032 5745 3143 5801; x_wconf 83' lang='grc' dir='ltr'><strong>τῶν</strong></span> <span class='ocrx_word' id='word_1_856' title='bbox 3172 5745 3352 5801; x_wconf 85' lang='grc' dir='ltr'><strong>αὐτῶν</strong></span> <span class='ocrx_word' id='word_1_857' title='bbox 3391 5745 3572 5814; x_wconf 73' lang='grc' dir='ltr'><strong>λέγειν</strong></span> <span class='ocrx_word' id='word_1_858' title='bbox 3610 5743 3687 5798; x_wconf 77' lang='grc' dir='ltr'><strong>τὰ</strong></span> 
     </span>
    </p>
   </div>
   <div class='ocr_carea' id='block_1_118' title="bbox 2105 5830 2262 5884">
    <p class='ocr_par' dir='ltr' id='par_1_118' title="bbox 2105 5830 2262 5884">
     <span class='ocr_line' id='line_1_118' title="bbox 2105 5830 2262 5884; baseline 0.025 -4"><span class='ocrx_word' id='word_1_859' title='bbox 2105 5830 2262 5884; x_wconf 77' lang='grc' dir='ltr'><strong>αὐτά.</strong></span> 
     </span>
    </p>
   </div>
   <div class='ocr_carea' id='block_1_119' title="bbox 3121 5893 3136 5920">
    <p class='ocr_par' dir='ltr' id='par_1_119' title="bbox 3121 5893 3136 5920">
     <span class='ocr_line' id='line_1_119' title="bbox 3121 5893 3136 5920; baseline 0 0"><span class='ocrx_word' id='word_1_860' title='bbox 3121 5893 3136 5920; x_wconf 65' lang='grc' dir='ltr'><em>κ</em></span> 
     </span>
    </p>
   </div>
  </div>
