4088 6414
338 355 451 421 933

1512 347 1905 410 COMMENT.
1943 345 2026 407 IN
2070 344 2206 406 PSA
2216 342 2436 404 LMOS.

3502 336 3609 403 934

414 470 523 526 Καὶ
570 470 641 524 ὲν
686 466 761 536 τῇ
813 465 966 537 ὁρτῇ
1013 478 1130 519 σου
1184 462 1568 531 ἐξελίπομεν.
1623 461 1797 516 Τοῦτο
1829 462 1925 515 καὶ

2106 457 2174 511 Et
2232 457 2285 509 in
2318 457 2402 509 ira
2435 464 2528 507 tua
2581 452 2895 523 defecimus.
2932 449 3081 507 Idem
3139 451 3305 507 etiam
3359 454 3618 522 superius

335 566 599 632 ἀιωτέρω
631 562 846 634 εἴρηκε.
896 559 1206 627 Διττολογεί
1255 558 1313 611 δὲ
1371 557 1519 629 νόμῳ
1560 556 1671 610 τῶν
1699 556 1923 609 ἐλεεινο-

336 658 708 728 λογουμένων.

417 753 493 804 Ta
516 750 621 816 ἐτη
660 745 830 818 ἡμῶν
875 746 1018 801 ὡσεί
1054 744 1288 815 ἁρὰχινη
1328 740 1644 810 ἐμελέτων.
1683 739 1922 810 Ἀράχνη

2023 550 2186 613 dixit,
2216 549 2311 604 sed
2365 561 2675 602 sermonem
2710 549 2925 618 repetit,
2958 560 3149 602 eorum
3187 559 3358 612 more,
3389 546 3481 614 qui
3511 546 3619 600 mi-

2016 640 2386 697 sericordiam
2424 639 2746 707 implorant.

2097 732 2266 789 Vens.
2305 731 2393 788 10.
2431 731 2572 784 Anni
2597 733 2767 785 nostri
2788 730 2941 800 quasi
2965 746 3165 784 aranea
3199 730 3613 786 meditabantur.

339 846 438 898 νῦν
475 848 503 899 ὁ
535 845 633 915 τῆς
687 846 937 914 ἀράχνης
964 841 1110 904 ἱστός
1143 856 1155 868 ·
1207 836 1536 910 Ἐμελέτων
1560 836 1637 899 δὲ,
1675 836 1805 889 ἀντὶ
1829 832 1924 887 τοῦ

2036 827 2299 881 Araneam
2357 824 2512 895 ponit
2545 839 2645 895 pro
2701 838 2915 877 araneze
2968 824 3102 877 tela.
3143 821 3386 877 Verbum
3432 833 3615 877 autem

350 936 731 1009 Ἐμελετὼντο
756 973 771 997 ,
825 934 1028 998 εῐτουν,
1064 928 1376 997 ἐλογίζοντο
1402 942 1415 957 ⁸
1450 926 1600 993 λέγει
1633 924 1813 978 τοίνυν
1841 923 1924 975 ὅτι

339 1033 410 1084 τὰ
443 1031 537 1100 ἐτη
578 1027 738 1098 ἡμῶν
768 1024 1100 1094 ἐλογίζοντο,
1153 1021 1405 1075 τουτέστι
1432 1017 1742 1087 λογίζονται
1770 1017 1924 1087 ἡμῖν,

340 1124 477 1177 ὡσεὶ
514 1124 762 1192 ἀράχνης
800 1120 968 1182 ἱστὸς,
1000 1114 1274 1186 ὲπίμοχθα
1313 1115 1407 1167 καὶ
1458 1111 1817 1182 ὀλιγοχρόνια.
1868 1108 1927 1162 '0

340 1218 454 1290 γὰρ
486 1214 723 1276 τοιοῦτος
758 1212 905 1274 ἱστὸς
930 1209 1113 1279 πολλῷ
1144 1208 1243 1279 μὲν
1276 1208 1566 1274 ὑφαίνεται
1612 1202 1798 1274 μόχθῳ
1837 1199 1930 1254 διὰ

337 1314 440 1382 τὴν
465 1313 606 1377 ἄγαν
628 1304 961 1376 λεπτότητα,
1013 1301 1210 1355 θᾶττον
1270 1298 1330 1353 δὲ
1369 1296 1653 1368 φθείρεται
1701 1292 1792 1347 διὰ
1828 1291 1930 1362 τὴν

332 1400 649 1455 ἀσθένειαν.

404 1666 475 1718 Δί
500 1661 712 1732 ἡμέραι
733 1660 854 1716 τῶν
869 1659 1019 1714 ἑτῶν
1041 1658 1213 1729 ἡμῶν
1233 1658 1303 1713 ἐν
1336 1655 1542 1723 αὐτοῖς
1567 1654 1934 1726 ἐϐδομήκον-

340 1774 415 1810 τα
436 1756 569 1823 ἔτη·
594 1755 701 1809 ἐὰν
740 1753 808 1807 δὲ
830 1753 901 1806 ἐν
929 1751 1345 1816 δυναστείαις,
1392 1748 1771 1820 ὀγδοήκοντα
1800 1747 1928 1814 ἔτη.

2027 919 2437 975 Meditabantur
2468 919 2523 973 in
2551 917 2771 988 passiva
2803 918 2895 973 hic
2922 917 3323 987 significatione
3373 918 3612 985 positum

2026 1025 2135 1070 εει.
2206 1028 2308 1084 pro
2358 1011 2855 1073 Existimabantur,
2912 1025 3009 1064 seu
3056 1007 3492 1077 Reputabantur.
3552 1007 3619 1061 Et

2030 1119 2230 1161 sensus
2262 1110 2371 1167 est,
2403 1101 2551 1171 quod
2577 1101 2708 1155 anni
2741 1100 2918 1156 nostri
2961 1114 2991 1153 a
3032 1100 3194 1155 nobis
3224 1100 3619 1154 existimaban-

2028 1202 2142 1259 tur,
2196 1209 2297 1266 pro
2350 1192 2770 1259 Existimantur,
2832 1191 2994 1262 quasi
3048 1205 3262 1246 araneae
3314 1190 3440 1251 tela,
3500 1206 3621 1259 qua:

2028 1300 2247 1340 summo
2297 1285 2354 1338 tit
2406 1300 2533 1341 cum
2569 1284 2778 1352 labore,
2811 1290 2867 1338 et
2899 1273 3120 1338 modico
3156 1283 3319 1337 durat
3354 1289 3620 1351 tempore.

2030 1377 2114 1433 0b
2164 1378 2465 1432 maximam
2501 1377 2649 1432 enim
2698 1391 2889 1431 earum
2945 1376 3272 1430 tenuitatem
3326 1389 3437 1430 non
3510 1388 3623 1428 me-

2031 1470 2212 1526 diocri
2273 1476 2540 1525 texuntur
2571 1483 2699 1525 cum
2752 1466 2966 1532 labore,
3024 1475 3082 1523 et
3136 1465 3621 1522 obiuﬁrmitatem

2034 1560 2287 1616 celeriter
2312 1566 2566 1630 pereunt.
3192 1609 3199 1617 _
3482 1618 3483 1621 η

2107 1650 2232 1706 Dies
2255 1667 2518 1706 annorum
2540 1660 2843 1706 nostrorum
2866 1653 2918 1705 in
2942 1650 3071 1718 ipsis
3094 1652 3426 1720 septuaginta
3448 1650 3578 1703 anni
3603 1665 3623 1702 :

2035 1745 2083 1799 si
2120 1753 2295 1798 autem
2324 1744 2377 1797 in
2403 1743 2787 1811 potentatibus,
2821 1743 3093 1814 octoginta
3128 1744 3276 1796 anni.
3312 1742 3618 1797 Numerum

353 1847 623 1902 Ἐνταῦοα
649 1847 745 1900 τὸν
778 1843 1015 1917 ἀριθμὸν
1047 1844 1294 1909 ὁρίζεται
1325 1841 1436 1895 τῶν
1462 1840 1626 1905 ἐτῶν,
1652 1840 1793 1893 πόσα
1827 1836 1930 1909 μέν

2036 1849 2313 1891 annorum
2349 1833 2703 1899 determinat,
2734 1843 2868 1904 quot
2910 1834 3023 1890 sint
3052 1833 3312 1887 nimirum
3346 1835 3474 1887 anni
3513 1848 3620 1903 po-

340 1942 453 1994 είσι
481 1939 583 2010 τῆς
612 1938 922 2005 δυνάμεως,
954 1937 1097 1990 πόσα
1148 1936 1206 1989 δὲ
1240 1934 1309 1988 τὰ
1347 1933 1444 2004 τῆς
1477 1932 1619 2004 βίας.
1649 1932 1791 2003 Φησὶ
1818 1930 1928 2001 γὰρ

340 2034 427 2087 ὅτι
456 2033 513 2086 αἱ
550 2031 758 2102 ἡμέραι
787 2030 895 2083 τῶν
926 2028 1065 2081 ἐτῶν
1095 2026 1274 2098 ἡμῶν,
1311 2024 1481 2096 ἤγουν
1511 2023 1580 2078 τὰ
1615 2021 1710 2092 ἔτη
1745 2020 1928 2090 ἡμῶν,

343 2126 406 2181 ὲν
435 2125 621 2187 αὐτοῖς
658 2124 778 2193 μὲν,
822 2122 991 2192 ἧγουν
1021 2121 1079 2173 ὲν
1118 2119 1359 2182 ἑαυτοῖς,
1395 2116 1772 2187 ἑϐδομήκοντα
1831 2113 1929 2182 ἐτη

345 2218 514 2273 εἰσίν.
553 2218 679 2271 Ἐπὶ
717 2213 973 2268 τοσοῦτον
1003 2212 1114 2282 γὰρ
1148 2210 1362 2265 ἑαυτῶν
1402 2211 1593 2279 ἐσμεν,
1623 2208 1929 2274 τουτέστιν,

344 2310 561 2366 δαυτῶν
591 2308 939 2381 κυριεύοντες
1000 2304 1313 2375 ὲνδυνάμως
1347 2302 1668 2373 κινούμεθα.
1718 2300 1845 2355 Ἐὰν
1873 2300 1932 2353 δὲ

344 2405 406 2458 εν
446 2402 793 2465 δυναστείαις
819 2418 906 2465 τις
930 2399 1101 2471 μέλλῃ
1137 2400 1259 2473 ζῇν,
1288 2397 1316 2452 ὅ
1342 2397 1490 2450 ἐστιν
1520 2396 1579 2449 ὲν
1604 2393 1717 2467 βίᾳ,
1745 2393 1834 2446 διὰ
1870 2391 1936 2446 τὸ

348 2499 510 2570 μόγις
537 2497 599 2551 et
625 2493 914 2563 δύνασθαι,
944 2493 1281 2564 ὀγδοήκοντα
1310 2488 1409 2561 ἔτη
1443 2488 1564 2542 τότε
1611 2486 1790 2557 ζήσει.

423 2771 500 2827 Τὸ
533 2769 604 2825 δὲ
654 2765 872 2824 πλεῖον
906 2762 1110 2821 αὐτῶν
1163 2762 1357 2829 κόπος
1386 2758 1487 2815 καί
1518 2759 1729 2822 πόνος.
1770 2756 1843 2810 Τὸ
1877 2756 1935 2809 δὲ

349 2865 610 2919 Ξπέκεινα
652 2861 881 2926 τούτων,
929 2858 1055 2912 ὅσον
1085 2854 1243 2925 ζήσει
1282 2870 1389 2920 τις,
1424 2851 1595 2914 κόπος
1630 2849 1725 2903 καὶ
1770 2847 1935 2910 πόνος

351 2959 507 3012 ἔσται
568 2956 658 3009 διὰ
725 2954 826 3026 τὴν
876 2953 1021 3021 ἄγαν
1065 2950 1374 3004 ἀσθένειαν.
1406 2944 1593 3006 Κόπος
1630 2941 1731 3012 μὲν
1773 2938 1865 2993 οὖν
1898 2940 1932 3009 ἡ

348 3049 725 3119 ταλαιπωρία,
784 3045 945 3108 πόνος
974 3042 1032 3097 δὲ
1064 3043 1125 3097 τὸ
1170 3042 1354 3109 ἄλγος.
1387 3038 1544 3100 Τινὲς
1568 3035 1625 3123 δε
1658 3034 1720 3088 τὸ
1752 3032 1936 3086 πλεῖον

350 3145 463 3197 τῶν
496 3142 879 3214 ἑϐδομήκοντα
914 3140 947 3212 ἢ
992 3137 1325 3207 ὀγδοήκοντα
1368 3132 1506 3185 ἑτῶν
1558 3128 1884 3237 νενοήκασνιν
1914 3136 1934 3155 σ
1964 3175 2010 3237 c

350 3240 434 3292 ὅτι
458 3236 617 3306 ὀλίγη
637 3236 736 3305 μὲν
758 3235 817 3287 ὲν
833 3233 1049 3295 ἑαυτοῖς
1071 3231 1103 3299 ὴ
1138 3226 1352 3298 τέρψις,
1390 3223 1569 3279 πλεῖον
1586 3221 1645 3276 δὲ
1689 3222 1724 3290 ή
1756 3218 1935 3288 θλίψις

350 3333 443 3386 διὰ
470 3330 542 3384 τὰ
575 3329 778 3399 συνεχῆ
811 3323 1228 3397 συμπτώματα.

428 3504 804 3575 Ὀτιέπῆλθε
831 3504 1098 3573 πραότης
1130 3495 1224 3568 ἐφ’
1254 3495 1435 3566 ἡμᾶς,
1471 3494 1568 3547 καὶ
1615 3488 1939 3555 παιδευθη-

353 3607 604 3674 σόμεθιι.
635 3600 930 3671 Πραότητα
982 3594 1078 3651 νῦν
1115 3595 1216 3665 τὴν
1262 3588 1495 3661 μετρίαν
1539 3588 1604 3640 ἐκ
1643 3582 1781 3638 Θεοῦ
1818 3599 1940 3634 παι-

353 3699 505 3752 δείαν
542 3694 819 3764 ὠνόμασε.
845 3690 1138 3763 Πραότητα
1170 3686 1228 3740 δὲ
1254 3683 1428 3754 αὐτὴν
1461 3676 1608 3745 εἷπε,
1636 3678 1774 3748 πρὸς
1802 3674 1938 3743 σύγ-

354 3806 542 3861 κρισιν
593 3782 664 3860 ἦς
718 3787 886 3856 ἐσμεν
915 3780 1057 3849 ἄξιοι
1084 3777 1383 3851 τιμωρίας,
1412 3773 1504 3829 διὰ
1530 3771 1630 3832 τὰς
1661 3768 1939 3841 ἁμαρτίας

355 3879 536 3953 ἡμῶν.

434 4169 529 4233 Τίς
548 4162 829 4235 γινώσκει
860 4159 928 4214 τὸ
957 4156 1176 4227 κράτος
1213 4152 1327 4223 τῆς
1369 4147 1555 4220 ὀργῆς
1592 4162 1711 4200 σου
1740 4161 1759 4209 ;
1811 4143 1939 4196 Ἐὰν

354 4266 393 4331 ἡ
428 4259 603 4333 μικρά
640 4275 737 4311 σου
786 4250 1008 4307 παιδεία
1041 4246 1316 4315 τοσαύτην
1341 4245 1476 4315 ἡμῖν
1516 4238 1776 4333 αῖσβησιν
1799 4238 1940 4333 *ἐνε-

355 4327 577 4424 ποίησε,
620 4353 703 4415 τίς
743 4348 854 4419 ἄρα
901 4344 1165 4415 γινώσκει
1195 4339 1359 4407 πόση,
1401 4334 1497 4389 καὶ
1537 4332 1692 4398 ποία,
1726 4330 1822 4383 καὶ
1854 4327 1940 4424 τίς

357 4419 509 4500 ἐστιν
537 4445 573 4515 ὴ
606 4442 762 4512 ίσχὺς
797 4438 898 4508 τῆς
926 4436 1096 4507 ὀργῆς
1129 4448 1261 4498 σου;
1301 4429 1428 4482 Ἐπὶ
1459 4428 1574 4489 τοῖς
1604 4419 1938 4493 ἀνεπιστρό-

356 4553 476 4606 φως
509 4533 725 4606 ἔχουσιν
762 4529 934 4591 ὅντως
957 4524 1126 4593 πολλή
1156 4519 1396 4574 ἐστικαὶ
1432 4517 1734 4588 ἀφόρητος.

429 4713 538 4769 Kal
567 4712 689 4768 ἀπὸ
709 4709 817 4764 τοῦ
846 4709 1039 4779 φόϐου
1066 4718 1184 4759 σου
1214 4702 1322 4757 τὸν
1346 4699 1541 4771 θυμόν
1563 4712 1681 4753 σου
1707 4696 1942 4767 ἐξαριθ-

350 4810 672 4881 μήσασθαι
696 4821 716 4870 ;
743 4804 856 4857 Καὶ
889 4801 974 4864 τίς
1025 4798 1189 4853 πάλιν
1221 4795 1483 4865 γινώσκει
1533 4791 1809 4863 μετρῆσαι
1848 4793 1941 4844 τὸν

357 4903 536 4973 θυμόν
572 4917 669 4954 σου
702 4914 723 4964 ;
757 4895 1009 4950 τουτέστι
1061 4889 1361 4959 διαγνῶναι
1391 4887 1557 4951 πόσος
1595 4887 1764 4939 ἐστιν.
1817 4885 1944 4938 ὐν-

358 5008 470 5055 τως
495 4990 671 5053 οὐδεὶς
697 4986 858 5041 τοῦτο
881 4983 1199 5045 δυνήσεται,
1230 4978 1321 5034 διὰ
1359 4978 1419 5031 τὸ
1447 4973 1590 5032 εἷναί
1616 4993 1677 5029 σε
1708 4973 1942 5045 φοϐερὸν

357 5087 526 5154 ἄγαν.

438 5178 557 5243 Τὴν
606 5172 819 5239 δεξιάν
872 5187 991 5227 σου
1041 5168 1196 5224 οὕτω
1244 5163 1544 5236 γνώρισόν
1580 5179 1704 5233 μοι.
1734 5161 1943 5229 Οὕτως,

354 5274 529 5343 ἤγουν
552 5270 611 5323 ὲν
639 5266 909 5338 πραότητι
943 5264 1039 5317 καὶ
1070 5262 1271 5333 μετρίᾳ
1296 5257 1516 5329 παιδείᾳ
1541 5254 1824 5329 ῥυθμίζων
1848 5272 1942 5324 με,

357 5361 634 5433 γνὼρισόν
660 5375 753 5431 μοι
790 5355 890 5425 τὴν
932 5354 1116 5419 δεξιάν
1161 5369 1255 5405 σου
1298 5352 1355 5405 ὲν
1391 5352 1461 5421 τῇ
1496 5347 1683 5421 ήμέρᾳ
1706 5347 1804 5415 τῆς
1826 5345 1946 5416 κρί-

361 5450 841 5523 σεως.Γνωρίσεις
858 5465 948 5519 μοι
972 5446 1031 5501 δὲ
1050 5446 1243 5515 αὐτὴν,
1269 5446 1475 5514 στήσας
1504 5443 1562 5496 ὲν
1589 5443 1653 5511 τῇ
1677 5438 1827 5509 δεξιᾷ
1848 5454 1942 5491 σου

367 5539 511 5610 μετὰ
538 5538 647 5592 τῶν
678 5536 996 5608 προϐάτων.

438 5712 550 5767 Καὶ
588 5711 735 5776 τοὺς
771 5710 1224 5781 πεπεδημένους
1260 5707 1335 5777 τῇ
1382 5706 1598 5776 καρδίᾳ
1629 5706 1699 5760 ἐν
1735 5706 1943 5775 σοφίᾳ.

366 5805 480 5858 Καὶ
507 5805 588 5859 ἔτι
618 5804 889 5875 γνώρισόν
922 5822 1015 5875 μοι
1061 5804 1183 5858 τότε
1211 5803 1341 5867 τοὺς
1372 5799 1641 5868 δικαίους,
1676 5795 1947 5863 συντάξας

2034 1929 2236 1993 lentim,
2281 1928 2387 1981 hoc
2414 1934 2500 1982 est
2529 1925 2768 1990 roboris,
2819 1940 2914 1981 seu
2948 1926 3146 1981 virium
3181 1942 3195 1981 :
3234 1934 3287 1980 et
3333 1935 3465 1994 quot
3511 1925 3622 1979 siut

2034 2020 2163 2075 anni
2196 2018 2493 2075 violentiae.
2524 2019 2616 2073 Ait
2642 2017 2833 2089 igitur,
2868 2017 3015 2089 quod
3043 2017 3163 2073 dies
3215 2032 3488 2072 annorum
3517 2031 3622 2071 uo-

2035 2120 2303 2175 strorum,
2332 2112 2436 2166 hoc
2464 2120 2570 2175 est,
2606 2109 2757 2179 quod
2792 2107 2923 2162 anni
2959 2109 3163 2175 nostri,
3204 2110 3257 2162 in
3306 2108 3460 2177 ipsis,
3496 2122 3618 2176 pro,

2036 2203 2092 2259 in
2158 2202 2323 2258 nobis
2383 2200 2540 2271 ipsis,
2601 2207 2732 2255 sunt
2766 2200 3117 2270 septuaginta
3152 2201 3304 2254 anui.
3360 2199 3622 2269 Eousque

2034 2296 2180 2351 enim
2233 2308 2338 2350 nos
2384 2293 2566 2349 nostri
2603 2307 2824 2358 sumus,
2862 2292 2970 2348 hoc
3000 2299 3112 2356 est,
3146 2292 3324 2347 noetri
3366 2292 3624 2346 domina-

2036 2403 2185 2450 mur,
2219 2387 2528 2456 roboreque
2576 2401 2641 2440 ac
2682 2385 2898 2442 viribus
2934 2386 3145 2441 nostris
3193 2400 3519 2450 movemur;
3573 2385 3620 2440 si

2039 2488 2223 2534 autem
2261 2479 2316 2533 in
2354 2477 2732 2551 potentatibus
2760 2477 2889 2549 quis
2921 2478 3176 2533 victurus
3225 2478 3320 2544 sit,
3371 2478 3477 2534 hoc
3509 2485 3619 2541 est,

2039 2571 2098 2628 in
2133 2571 2420 2639 violentia,
2448 2587 2516 2627 eo
2545 2572 2692 2642 quod
2740 2579 2876 2625 tunc
2911 2570 2999 2625 vix
3032 2570 3238 2641 aliquid
3276 2569 3391 2625 ﬁeri
3422 2579 3620 2640 potest,

2037 2665 2322 2735 octoginta
2356 2664 2522 2720 annis
2555 2664 2682 2733 quis
2711 2664 2880 2718 vivet.

2110 2755 2181 2809 Et
2214 2756 2354 2827 quod
2418 2756 2648 2825 amplius
2697 2769 2882 2809 eorum
2950 2752 3103 2807 labor
3153 2762 3201 2807 et
3241 2751 3416 2807 dolor.
3466 2750 3623 2806 Ultra

2040 2849 2143 2905 bos
2172 2863 2352 2904 annos
2400 2849 2447 2904 si
2497 2849 2627 2917 quis
2660 2848 2883 2913 vixerit,
2921 2846 3078 2901 labor
3109 2846 3159 2900 ei
3197 2846 3301 2900 erit
3348 2854 3403 2901 et
3442 2846 3622 2913 dolor,

2039 2941 2110 2996 ob
2139 2953 2417 2996 summam
2471 2939 2733 2993 nimirum
2768 2936 2951 2991 atatis
2991 2935 3389 2991 inﬁrmitatem.
3447 2932 3627 2990 Labo-

2040 3045 2154 3086 rem
2184 3038 2367 3085 autem
2398 3028 2487 3083 llic
2520 3028 2834 3100 posuitpro
2853 3026 3296 3097 miseria.Aliqui
3330 3043 3391 3083 ea
3418 3028 3618 3083 verba:

2041 3120 2112 3176 Et
2144 3121 2285 3192 quod
2317 3121 2549 3187 amplius
2597 3137 2807 3186 eorum,
2843 3121 2922 3176 ita
2967 3119 3357 3174 intellexerunt
3393 3122 3537 3189 quod
3566 3121 3623 3175 in

2042 3215 2111 3271 iis
2147 3214 2330 3281 annis,
2390 3215 2484 3285 qui
2544 3221 2677 3270 sunt
2726 3214 2871 3268 ultra
2924 3212 3100 3268 dictos
3138 3215 3485 3281 septuaginta
3538 3214 3621 3267 vel

2040 3308 2316 3377 octoginta
2349 3322 2549 3373 annos,
2589 3305 2808 3360 modica
2839 3314 2924 3360 est
2968 3305 3023 3359 in
3058 3305 3139 3359 eis
3170 3304 3485 3371 delectatio,
3524 3306 3623 3361 sed

2042 3392 2219 3469 major
2246 3408 2331 3453 est
2356 3398 2606 3459 alilictio.
2642 3407 2868 3469 propter
2902 3396 3225 3467 frequentes
3257 3411 3447 3452 casus.

2113 3491 2375 3558 Quoniam
2406 3493 2706 3560 supervenit
2730 3493 3076 3546 mansuetudo
3105 3494 3160 3546 in
3187 3508 3304 3556 nos,
3336 3501 3385 3546 et
3413 3491 3625 3547 erudie-

2042 3602 2182 3638 mur.
2217 3584 2324 3640 Per
2364 3584 2858 3642 mansuetudinem
2913 3585 3185 3640 modicam
3229 3583 3329 3641 Dei
3378 3587 3625 3654 castiga-

2044 3677 2250 3730 tionem
2310 3675 2589 3747 intelligit.
2653 3679 2731 3730 lta
2785 3676 2931 3730 enim
2989 3675 3195 3731 mitiori
3231 3675 3453 3731 nomine
3504 3691 3626 3731 eam

2042 3770 2377 3840 appellavit:
2408 3772 2535 3840 quia
2579 3769 2626 3825 si
2678 3769 3026 3842 eastigationi
3080 3776 3133 3823 et
3162 3769 3494 3825 correctioni
3549 3769 3627 3823 illi

2041 3875 2412 3935 comparetur,
2451 3880 2559 3935 qua
2612 3867 2682 3920 ob
2713 3881 2931 3922 summa
2979 3865 3180 3922 delicta
3230 3876 3422 3921 nostra
3475 3866 3627 3937 digni

2043 3974 2325 4020 essemus,
2375 3972 2484 4011 non
2518 3958 2831 4026 castigatio,
2879 3957 2975 4013 sed
3030 3957 3399 4013 mansuetudo
3440 3959 3626 4028 potius

2042 4048 2214 4103 videri
2246 4048 2468 4119 poterit.

2113 4140 2278 4196 Vens.
2322 4141 2412 4196 11.
2455 4140 2588 4206 Quis
2622 4142 2764 4195 novit
2806 4140 2967 4194 robur
2998 4141 3096 4196 ine
3127 4148 3230 4196 tua:
3257 4142 3283 4196 7
3321 4140 3377 4195 Si
3410 4141 3623 4197 modica

2041 4234 2334 4305 castigatio
2391 4241 2629 4287 tantum.
2668 4234 2828 4288 nobis
2885 4248 3110 4289 sensum
3168 4235 3448 4304 prazstitit,
3496 4234 3623 4304 quis

2044 4343 2212 4383 nosse
2260 4329 2464 4398 poterit
2509 4334 2729 4397 quanta:
2773 4335 2828 4380 et
2884 4326 3080 4395 quales
3114 4325 3228 4381 sint
3278 4326 3371 4381 ira:
3404 4336 3512 4381 tua;
3541 4327 3624 4381 vi-

2045 4435 2157 4487 res,
2184 4421 2388 4491 quibus
2415 4420 2589 4476 uteris
2611 4419 2878 4473 adversus
2902 4432 3019 4484 eos,
3045 4419 3137 4488 qui
3165 4433 3289 4474 cum
3324 4419 3491 4473 multa
3506 4434 3623 4487 per-

1965 4518 2019 4578 D
2047 4529 2203 4571 verse
2233 4522 2491 4585 egerunt,
2520 4511 2769 4567 converti
2797 4511 3034 4565 nolunt?
3065 4510 3274 4584 Magnae
3305 4528 3440 4569 sane
3478 4514 3628 4571 vires

2048 4606 2156 4663 illa:
2191 4620 2315 4662 esse
2348 4606 2573 4668 debent,
2607 4616 2771 4673 atque
2804 4605 3206 4659 intolerabiles.

2115 4698 2186 4753 Et
2224 4716 2336 4770 prie
2384 4700 2575 4753 timore
2602 4709 2693 4752 tuo
2734 4698 3151 4768 indignationem
3195 4707 3341 4753 tuam
3373 4701 3632 4758 dinume-

2046 4794 2214 4847 rare?
2254 4792 2321 4846 Et
2350 4792 2478 4862 quis
2501 4806 2698 4847 rursus
2731 4790 2871 4845 iram
2905 4801 3054 4845 tuam
3092 4792 3244 4847 novit
3280 4793 3502 4849 metiri?
3528 4798 3631 4851 hoc

2045 4895 2148 4946 est.
2182 4898 2545 4954 cognoscere,
2596 4896 2804 4953 quanta
2844 4881 2934 4937 sit.
2983 4881 3124 4938 Vere
3156 4883 3343 4938 nullus
3375 4887 3626 4954 poterit;

2047 4977 2312 5047 quoniam
2346 4984 2403 5030 tu
2434 4976 2590 5031 valde
2618 4976 2881 5032 terribilis
2912 4989 2977 5032 ac
3006 4976 3286 5032 timendus
3315 4992 3397 5033 es.

2094 5154 2287 5231 _Vens.
2328 5154 2416 5207 12.
2461 5153 2747 5211 Dexteram
2784 5164 2931 5208 luant
2974 5154 3051 5208 sic
3104 5163 3286 5208 notam
3332 5153 3420 5222 [ac
3472 5154 3625 5209 mihi.

2049 5245 2155 5312 Tu,
2187 5247 2387 5317 inquit,
2422 5247 2504 5302 sic
2535 5248 2783 5318 dirigens
2816 5260 2926 5310 me,
2980 5245 3037 5297 in
3071 5246 3501 5302 mansuetudine
3541 5247 3627 5300 ni-

2051 5341 2250 5395 mirum
2299 5348 2466 5410 atque
2518 5339 2573 5393 in
2625 5339 2842 5393 modica
2888 5337 3258 5403 correctione,
3312 5346 3496 5393 notam
3543 5337 3628 5392 fac

2048 5432 2182 5487 mihi
2233 5431 2513 5489 dexteram
2556 5439 2706 5484 tuam
2763 5430 2817 5484 in
2866 5429 2955 5485 die
2982 5429 3201 5498 judicii.
3251 5427 3448 5485 Notam
3499 5444 3630 5486 vero

2049 5541 2171 5582 eam
2199 5524 2332 5580 mihi
2366 5524 2557 5590 facies,
2589 5526 2635 5580 si
2667 5526 2722 5579 in
2752 5524 2980 5579 dextera
3005 5522 3191 5577 ovium
3220 5530 3440 5577 tuarum
3473 5532 3627 5594 parte

2050 5634 2137 5673 me
2169 5617 2452 5672 statueris.

2120 5709 2191 5764 Et
2232 5711 2430 5764 vinctos
2458 5710 2616 5763 corde
2665 5710 2719 5762 in
2769 5709 3053 5779 sapientia.
3103 5706 3171 5762 Et
3210 5722 3410 5763 rursus
3444 5707 3629 5765 indica

2051 5802 2186 5858 mihi
2213 5802 2398 5873 justos
2424 5801 2702 5870 homines,
2728 5801 2837 5859 illis
2862 5799 3116 5859 videlicet
3141 5815 3230 5859 me
3256 5801 3626 5874 conjungens,
