4088 6466
411 391 521 455 935

1657 385 2042 449 EUTHYMH
2078 387 2442 447 ZIGABENI

3570 394 3682 457 936

411 514 645 571 quorum
681 498 851 555 corda
886 507 1013 554 ante
1047 504 1279 553 mortem
1335 495 1520 551 vincta
1566 505 1734 568 atque
1767 498 1988 570 alligata

2101 516 2168 569 με
2218 499 2429 563 αὐτοῖς,
2485 494 2561 553 ὧν
2613 498 2669 552 αἱ
2700 500 2922 571 καρδίαι
2962 500 3068 573 πρὸ
3119 500 3351 556 Θανάτου
3396 506 3466 574 τῇ
3521 508 3685 573 σοφίτέι

411 603 718 647 erantcum
756 590 1055 661 sapientia.
1093 589 1438 660 Principium
1475 598 1661 645 autem
1702 591 1992 661 sapientia:

415 694 499 739 est
521 685 684 738 timor
711 683 926 737 Domini
954 683 1054 736 η’.
1082 682 1179 738 Vel
1213 682 1489 753 sapientia
1510 692 1593 738 est
1619 683 1884 739 discretio
1916 684 1992 737 in-

415 782 504 829 ter
535 775 795 829 virtutem
847 783 901 829 et
928 774 1083 837 vitia,
1122 782 1177 829 et
1199 776 1454 844 operatio
1489 790 1586 845 per
1616 776 1895 832 virtutem.
1927 777 1994 831 Et

418 869 531 923 hac
565 870 785 937 quidem
816 869 889 923 ita
920 867 1255 938 praecedunt,
1290 868 1651 939 intelligendo
1683 870 1796 925 lucc
1826 870 1989 924 verba

413 958 482 1015 de
522 960 708 1015 futuro
752 959 987 1030 judicio.
1043 958 1350 1015 Possumus
1390 960 1556 1013 etiam
1594 961 1902 1030 intelligere
1930 970 1989 1014 ut

412 1053 485 1107 sit
515 1068 753 1109 sensus:
802 1052 996 1107 Notam
1037 1051 1123 1106 fac
1165 1052 1299 1107 mihi
1347 1052 1637 1107 dexteram
1669 1061 1840 1119 tuam,
1885 1053 1990 1109 hoc

410 1155 496 1199 est
535 1146 686 1200 illam
721 1146 1045 1216 potentiam,
1078 1146 1272 1215 [quam
1327 1146 1382 1199 in
1412 1145 1760 1201 defendendo
1792 1146 1988 1211 habes,

2097 591 2456 662 ἐπεπέδηντο.
2507 593 2679 660 Ἀρχὴ
2756 594 2867 663 γὰρ
2915 596 3138 661 σοφίας
3189 596 3381 665 φόϐος
3420 598 3683 664 Κυρίουο

2098 688 2192 741 καὶ
2226 686 2402 750 ἄλλως
2436 685 2492 740 δὲ
2529 687 2693 754 σοφία
2761 686 2898 740 Θεοῦ
2938 688 2971 757 ἡ
3022 688 3298 758 διάκρισις
3341 689 3441 759 τῆς
3479 690 3686 759 ἀρετῆς

2098 783 2193 833 καὶ
2228 779 2454 843 κακίας.
2505 779 2649 833 Ἀλλ’
2688 778 2833 834 οὕτω
2875 780 2975 851 μὲν
3026 781 3168 854 ὑπὲρ
3214 782 3313 851 τῆς
3377 783 3687 854 μελλούσης

2097 873 2353 944 κρίσεως.
2389 874 2614 926 Nostra:
2646 873 2703 926 δὲ
2722 876 2816 926 καὶ
2848 873 2966 937 νῦν,
2998 875 3078 928 ὅτι
3104 874 3414 944 Γνώρισόν
3434 894 3536 945 μοι
3569 875 3690 945 τὴν

2098 965 2307 1030 δεξιάν
2338 982 2475 1034 σου,
2501 967 2707 1038 δηλαδὴ
2742 967 2843 1038 τὴν
2874 967 3269 1039 ἀντιληπτικὴν
3292 968 3527 1037 δύναμίν
3566 986 3686 1028 σου,

2100 1060 2194 1112 καὶ
2224 1057 2599 1129 εύεργετικὴν,
2629 1058 2726 1111 καὶ
2757 1057 3100 1128 φυλακτικήν
3123 1074 3137 1089 ο
3160 1060 3246 1111 ναὶ
3288 1057 3397 1127 μὴν
3434 1060 3529 1112 καὶ
3559 1059 3688 1120 τοὺς

2105 1149 2307 1216 σοφοὺς
2332 1150 2400 1203 τὰ
2432 1150 2570 1212 θεῖα,
2607 1149 2698 1203 ἵνα
2743 1150 3041 1202 συνετισθῶ
3069 1150 3137 1202 δι’
3170 1149 3372 1204 αὐτῶν.

408 1250 577 1311 atque
612 1244 666 1296 in
695 1242 1114 1297 conservando:
1172 1252 1223 1295 et
1256 1256 1351 1296 eos
1397 1241 1561 1295 etiam
1598 1241 1848 1296 homines
1900 1240 1988 1298 fac
2026 1242 2159 1298 mihi
2192 1253 2373 1309 notos,
2428 1245 2522 1314 qui
2574 1245 2629 1299 in
2684 1245 2751 1301 iis
2782 1245 2948 1301 rebus
2982 1246 3267 1316 sapientes
3337 1254 3489 1312 sunt,
3561 1262 3688 1317 qua:

410 1337 687 1405 pertinent
720 1335 786 1389 ad
823 1335 1029 1389 divina.
1061 1335 1243 1404 Cupio
1270 1334 1415 1388 enim
1466 1334 1681 1388 illorum
1732 1335 2145 1392 consuetudine
2176 1336 2505 1408 prudentior
2532 1338 2672 1393 ﬁeri.

484 1428 651 1483 Vens.
692 1428 777 1481 l3.
819 1427 1091 1488 Converte.
1140 1424 1381 1478 Domine.
1444 1424 1542 1480 Vel
1592 1432 1646 1479 te
1694 1424 1763 1480 ad
1799 1441 1921 1493 nos,
1963 1440 1995 1480 a

413 1522 613 1591 quibus
646 1533 871 1572 aversus
906 1532 988 1580 es,
1022 1516 1092 1570 ob
1129 1516 1365 1569 maxima
1401 1515 1605 1570 delicta
1653 1522 1869 1581 nostra,
1904 1516 1991 1570 vel

414 1627 515 1665 nos
546 1608 609 1661 ad
645 1616 716 1672 te,
754 1607 844 1675 qui
882 1606 1085 1674 passim
1115 1605 1440 1659 aberramus
1473 1606 1582 1660 via.

490 1698 808 1769 Ποσειδανυοῖ
842 1697 959 1751 Non
1002 1696 1305 1761 convertis,
1340 1697 1552 1753 scilicet
1588 1714 1603 1751 :
1636 1706 1689 1752 et
1725 1712 1851 1753 cum
1912 1698 1994 1752 in-

413 1795 783 1862 terrogatione
824 1790 1115 1861 legendum
1138 1801 1245 1847 est.

486 1884 554 1939 Et
590 1884 880 1938 exorabilis
911 1893 1025 1937 esto
1072 1884 1127 1936 in
1158 1884 1327 1938 servis
1359 1885 1482 1939 tuis.
1516 1884 1621 1951 Qui
1654 1884 1835 1941 afﬂicti
1866 1897 1994 1944 sunt

414 1990 577 2047 atque
602 1979 860 2032 invocant
894 1988 965 2031 te.

485 2070 653 2125 Vsus.
683 2071 768 2123 Μ.
802 2070 1006 2137 Repleti
1057 2086 1238 2124 sumus
1295 2087 1447 2123 mane
1488 2072 1849 2128 misericordia
1881 2084 1993 2141 tua,

413 2173 462 2215 et
498 2164 904 2226 exsultavimus,
938 2172 986 2216 et
1017 2164 1187 2218 {cerati
1221 2180 1423 2217 sumus.
1469 2165 1719 2220 Pra‘scns
1775 2166 1994 2235 quidem

413 2255 526 2307 vita
558 2269 799 2323 vesperae
845 2268 912 2307 ac
972 2254 1125 2308 nocti
1171 2255 1478 2323 comparari
1510 2258 1712 2324 potest,
1775 2266 1997 2327 prepter

413 2359 655 2399 errorem
690 2345 741 2400 ei
788 2344 1113 2409 immislum,
1156 2354 1212 2400 et
1241 2348 1368 2415 quia
1421 2347 1639 2401 tandem
1693 2348 1747 2401 in
1774 2363 1834 2401 ea
1870 2349 1998 2402 dor-

412 2437 552 2490 mire
594 2436 848 2501 dicimur,
886 2451 1011 2490 cum
1055 2437 1340 2491 morimur.
1397 2439 1626 2503 Contra,
1670 2438 1855 2494 futura
1882 2440 1994 2495 vita

412 2544 573 2584 mane
617 2530 875 2599 appellari
911 2538 1091 2598 potest
1130 2538 1185 2585 et
1242 2528 1379 2593 dies,
1432 2539 1661 2601 propter
1683 2530 1992 2587 claritatem

411 2628 469 2676 et
504 2631 727 2691 propter
789 2623 1251 2678 resurrectionem
1308 2640 1336 2677 a
1390 2624 1643 2678 mortuis.
1697 2623 1788 2677 Ait
1829 2624 1996 2693 igitur

411 2713 559 2784 quod
599 2727 779 2778 mane,
814 2713 918 2768 hoc
960 2723 1046 2769 est
1086 2716 1139 2769 in
1185 2715 1368 2770 futura
1425 2715 1556 2778 vita,
1595 2730 1693 2771 nos
1735 2715 1827 2786 qui
1858 2731 1994 2770 con-

414 2807 724 2860 versionem
765 2815 914 2861 tuam
956 2823 1379 2878 consequemur,
1428 2818 1486 2862 ut
1520 2809 1725 2863 dictum
1763 2817 1868 2872 est,
1892 2807 1993 2864 hoc

412 2906 518 2963 est,
569 2898 662 2968 qui
715 2908 1119 2964 convertemur,
1154 2914 1185 2953 a
1238 2908 1291 2954 te
1321 2900 1651 2969 replebimur
1682 2900 1988 2956 misericor-

2192 1431 2614 1499 Ἐπίστρεψον.
2638 1430 2837 1498 Κύριε.
2863 1431 2931 1484 ’Ἡ
2962 1430 3025 1484 σὺ
3059 1430 3196 1500 πρὸς
3222 1432 3391 1501 ἡμᾶς,
3427 1431 3521 1495 οὓς
3545 1436 3691 1489 ἀπε⁴⁵

2104 1523 2349 1592 στράφης
2379 1522 2464 1576 διὰ
2503 1523 2605 1585 τὰς
2646 1523 2926 1593 ἡμαρτίας
2951 1522 3130 1592 ἡμῶν,
3176 1524 3207 1593 ἢ
3246 1525 3396 1595 ἡμᾶς
3448 1526 3587 1596 πρὸς
3625 1527 3688 1579 σὲ

2098 1617 2227 1679 τοὺς
2255 1616 2644 1685 πλανωμένους
2675 1617 2801 1685 τῇδε
2837 1617 3085 1671 κάκεῖσε.

2170 1706 2324 1774 Ἕως
2348 1708 2536 1773 πότος
2574 1706 2855 1776 Δηλονότι,
2887 1706 2985 1759 οὐκ
3016 1706 3408 1777 ὲπιστρέφειςς

2168 1885 2277 1939 Καὶ
2327 1884 2747 1952 παρακλήθητι
2797 1883 2898 1938 ἐπὶ
2936 1882 3064 1950 τοῖς
3104 1882 3352 1951 δούλοις
3386 1899 3528 1944 σου.
3575 1886 3688 1941 Τα-

2095 1978 2568 2049 λαιπωρουμένοις
2594 1977 2690 2030 καὶ
2720 1977 3175 2047 ἐπικαλουμένοις
3212 1994 3295 2032 σε.

2168 2070 2672 2139 Ἐνεπλήσθημεν
2700 2068 2766 2123 τὸ
2800 2069 2953 2137 πρωῒ
3002 2070 3069 2122 τὸ
3096 2070 3270 2137 ἔλεός
3306 2085 3449 2138 σου,
3480 2072 3683 2143 Κύριε.

2097 2163 2193 2218 καὶ
2244 2162 2769 2233 ἡγαλλιασάμεθα,
2812 2161 2911 2215 καὶ
2956 2161 3398 2230 εὐφράνθημεν.
3460 2162 3518 2215 Ὀ
3582 2163 3686 2237 μὲν

2098 2252 2291 2323 παρὼν
2346 2250 2460 2321 βίος
2494 2251 2580 2321 εἴη
2609 2251 2675 2304 ἂν
2712 2250 2921 2320 ἑσπέρα
2957 2250 3052 2304 καὶ
3106 2248 3204 2314 νὺξ
3249 2248 3337 2303 διὰ
3381 2251 3480 2320 τὴν
3515 2269 3682 2321 κεχυο

2103 2348 2274 2418 μένην
2319 2345 2485 2399 αὑτοῦ
2521 2345 2754 2414 πλάνην,
2791 2344 2891 2397 καὶ
2939 2342 3029 2397 διὰ
3076 2344 3138 2398 τὸ
3186 2343 3471 2397 καθεύδειν
3508 2346 3679 2415 ἡμᾶς,

2098 2438 2157 2489 έν
2187 2436 2363 2507 τούτῳ
2394 2436 2733 2505 θνήσκοντας
2771 2449 2788 2467 ο
2829 2434 2858 2486 ὁ
2898 2433 2955 2488 δὲ
3006 2434 3219 2504 μέλλων
3275 2434 3362 2504 εἴη
3412 2435 3478 2488 ἂν
3535 2435 3683 2506 πριμῖ

2097 2530 2215 2597 καὶ,
2239 2530 2421 2599 ἡμέρα
2450 2528 2539 2582 διὰ
2573 2527 2673 2599 τὴν
2706 2527 3093 2599 λαμπρότητα,
3123 2527 3219 2581 καὶ
3253 2526 3343 2580 διὰ
3370 2527 3430 2580 τὸ
3456 2528 3686 2583 ἀνίπτα-

2085 2597 2223 2675 ’σθαι
2262 2597 2413 2691 qua;
2455 2623 2519 2675 ὲκ
2568 2597 2802 2690 νεκρῶν.
2834 2597 3003 2689 Λέγει
3052 2621 3253 2685 τοίνυν,
3301 2621 3383 2674 ὅτι
3422 2622 3565 2675 κατὰ
3616 2624 3679 2674 τὸ

2100 2712 2266 2783 πρωΐ,
2318 2715 2569 2768 τουτέστι
2614 2711 2706 2765 τὸν
2737 2710 3003 2781 μέλλοντα
3035 2710 3166 2782 βίον,
3205 2713 3255 2765 οἱ
3286 2711 3385 2781 τῆς
3419 2713 3681 2786 ἐπιστρο-

2098 2804 2230 2874 φῆς,
2276 2805 2353 2865 ὡς
2403 2804 2643 2875 εἴρηται,
2694 2803 2972 2873 τυχόντες,
3027 2803 3531 2874 ἐμπλησθησόμεθα
3580 2804 3676 2857 τοῦ

2097 2896 2279 2959 ἐλέους
2304 2912 2422 2960 σου,
2441 2896 2534 2949 καὶ
2557 2894 3020 2967 ἀγαλλιασὸμεθα,
3042 2897 3137 2949 καὶ
3157 2894 3673 2967 εύφρανθησὸμεθα.

409 2990 499 3045 dia
542 2998 655 3056 tua,
692 2998 747 3045 et
788 2992 1209 3056 exsultaliimus,
1264 3002 1316 3046 et
1366 2994 1689 3048 iactabimur.
1731 2992 1824 3049 Est
1847 2995 1988 3049 enim

2106 2989 2481 3060 Ἀντιχρονίαν
2526 2989 2636 3061 γὰρ
2667 2988 2902 3042 ἐνταῦθα
2939 2989 3299 3061 νενοήκαμεν,
3335 2990 3411 3050 ὡς
3450 2989 3677 3054 Ἀκύλας

411 3082 500 3136 hic
531 3091 745 3151 tempus
795 3098 892 3151 pro
928 3091 1191 3152 tempore,
1224 3086 1685 3154 quemadmodum
1710 3086 1905 3156 Aquila
1936 3094 1988 3142 et

2097 3085 2190 3138 καὶ
2222 3084 2273 3137 oi
2312 3082 2488 3136 λοιποὶ
2527 3080 2942 3152 ἐσημειώσαντο
2966 3098 2980 3113 ο
3019 3083 3149 3155 περὶ
3192 3082 3248 3136 δὲ
3279 3082 3379 3155 τῆς
3409 3083 3673 3153 ἀγαλλιά-

408 3175 590 3229 οωιθτὶ
622 3177 913 3243 intepretes
942 3176 1342 3246 signiﬁcarunt.
1380 3178 1452 3233 De
1492 3179 1856 3235 exsultatione
1890 3194 1989 3235 au-

408 3273 515 3320 tem
564 3276 617 3321 et
666 3267 849 3321 laetitia
883 3268 1050 3322 variis
1087 3269 1139 3322 in
1198 3270 1336 3325 locis
1365 3269 1717 3328 tradidimus.

477 3355 645 3411 Vnus.
673 3356 760 3412 i5.
787 3356 856 3411 In
892 3360 1134 3413 omnibus
1161 3360 1342 3415 diebus
1364 3363 1557 3417 nostris
1590 3364 1759 3418 lwtati
1784 3380 1987 3421 sumus.

406 3446 520 3501 lloc
552 3448 606 3502 in
652 3449 779 3504 loco
826 3449 1012 3515 etiam,
1053 3449 1244 3506 Laetari
1282 3469 1466 3507 sumus
1513 3454 1717 3509 dictum
1755 3464 1862 3520 est,
1891 3471 1990 3526 pro

406 3542 758 3598 Lmtabimur.
811 3539 1069 3597 Omnibus
1139 3544 1311 3599 autem
1364 3546 1548 3601 diebus
1610 3552 1824 3617 nostris,
1884 3549 1990 3604 hoc

403 3642 509 3698 est,
571 3642 858 3705 perpetuo.
895 3635 1088 3690 Futuri
1126 3638 1271 3693 enim
1330 3638 1512 3694 saeculi
1566 3642 1763 3711 gaudia
1801 3657 1993 3713 perpe-

408 3733 500 3777 tua
540 3734 690 3789 sunt,
724 3739 825 3779 nec
863 3726 1159 3796 aliquando
1218 3737 1315 3783 aut
1367 3730 1625 3786 desinunt
1666 3741 1762 3787 aut
1822 3734 1991 3789 inter-

408 3824 760 3885 rumpuntur.

475 3904 587 3961 Pro
635 3909 821 3964 diebus
878 3910 1067 3980 quibus
1114 3912 1411 3969 humilium
1456 3931 1571 3984 nos,
1611 3918 1764 3971 annis
1798 3918 1984 3989 quibus

404 3998 630 4055 vidimus
680 4002 848 4055 mata.
910 4001 1229 4058 Ilumilissti
1282 4020 1384 4061 nos
1424 4008 1574 4062 omni
1621 4024 1808 4063 earum
1854 4009 1987 4064 allii-

401 4092 645 4146 ctionum
694 4108 913 4163 genere,
957 4094 1014 4147 in
1059 4095 1422 4165 quibnsjusti
1496 4110 1811 4154 versantur.
1878 4099 1985 4155 Per

405 4184 549 4237 mala
604 4194 790 4239 autem
859 4185 1193 4242 tentationes
1283 4197 1447 4258 atque
1530 4189 1834 4248 aﬂictiones
1900 4192 1984 4246 in-

403 4275 619 4345 telligit.

2098 3194 2235 3242 σεως
2269 3175 2365 3230 καὶ
2389 3175 2486 3246 τῆς
2517 3173 2863 3246 εὐφροσύνης
2890 3173 3165 3245 διαφόρως
3194 3175 3434 3245 εἴρηται.

2164 3360 2270 3415 Ἐν
2308 3358 2533 3425 πάσαις
2572 3356 2705 3425 ταῖς
2743 3357 2994 3427 ’ἡμέραις
3026 3356 3196 3428 ἡμῶν
3228 3360 3674 3430 εὖγρὰνθημεν.

2070 3450 2393 3516 ,Κάνταῦθα
2443 3449 2649 3521 ὁμοίως
2695 3451 2818 3503 ἀντὶ
2859 3449 2953 3502 τοῦ
2995 3449 3528 3522 Εὑφρανθησόμεθα.
3569 3450 3677 3507 Ἐν

2092 3542 2320 3609 πάσαις
2340 3541 2409 3596 δὲ
2432 3542 2564 3610 ταῖς
2590 3542 2857 3613 ἡμέραις,
2879 3545 3003 3599 ἀντὶ
3026 3542 3121 3597 τοῦ
3141 3544 3416 3615 Διηνεκῶς
3431 3561 3444 3576 ο
3466 3544 3505 3615 ἡ
3528 3545 3676 3615 χαρᾶ

2091 3636 2200 3705 γὰρ
2238 3638 2335 3688 τοῦ
2392 3635 2681 3705 μέλλοντος
2734 3635 2931 3701 αἰῶνος
2994 3636 3411 3708 ἀμεσολάϐητός
3462 3653 3520 3691 τε
3575 3638 3675 3691 καὶ

2091 3727 2335 3782 ἀκατάλυ
2343 3744 2452 3790 τος.

2160 3904 2317 3961 ’Δγ-θ’
2343 3903 2431 3961 ὧν
2458 3907 2697 3977 ἡμερῶν
2730 3907 3143 3973 ἐταπεῖνωσας
3178 3905 3359 3978 ἡμᾶς,
3404 3906 3557 3965 ἐτῶν
3582 3903 3673 3962 ὧν

2089 3998 2330 4069 εἴδομεν
2367 4001 2546 4055 κακά.
2591 4001 2996 4064 Ἐταπεξνωσας
3034 4000 3186 4071 ἡμᾶς
3217 4001 3275 4054 ὲν
3306 4000 3459 4073 πάσῃ
3499 4018 3672 4053 κακο-

2088 4091 2311 4164 παθείᾳ,
2396 4092 2823 4163 προσομιλοῦσιν
2875 4094 2927 4145 οἱ
2964 4092 3184 4145 δίκαιοι.
3222 4092 3391 4146 Κακὰ
3426 4092 3482 4146 δὲ
3519 4091 3669 4162 λέγει

2088 4183 2189 4249 τὰς
2217 4183 2425 4253 θλίψεις
2460 4185 2699 4249 καὶτοὺς
2724 4184 3092 4255 πειρασμούς.

476 4366 643 4422 Vens.
676 4368 766 4423 16.
814 4367 885 4421 Et
932 4372 1127 4439 respice
1152 4385 1309 4438 super
1359 4371 1496 4440 ﬁlios
1539 4383 1679 4439 tuos,
1714 4384 1766 4430 et
1823 4391 1980 4445 super

2153 4359 2269 4415 Καὶ
2300 4361 2395 4414 εδδ
2421 4361 2520 4415 ἐπὶ
2555 4362 2705 4429 τοὺς
2724 4362 2991 4430 δούλους
3020 4380 3139 4419 σου
3169 4365 3266 4419 ml
3293 4365 3395 4420 ἐπὶ
3421 4366 3494 4419 τὰ
3521 4368 3671 4436 ἔργα

400 4462 569 4527 opera
594 4468 707 4524 tua,
741 4468 792 4514 et
840 4462 1009 4531 dirige
1042 4463 1187 4530 ﬁlios
1216 4479 1418 4520 eorum.
1468 4464 1720 4535 Respice,
1778 4467 1979 4539 inquit,

405 4552 470 4606 ad
505 4562 686 4621 patres
723 4559 777 4605 et
812 4552 879 4605 ad
935 4553 1193 4608 doctores
1251 4563 1498 4621 nostros,
1545 4559 1643 4626 qui
1674 4560 1982 4614 servierunt

401 4644 524 4708 tibi,
560 4650 613 4694 et
661 4650 885 4711 propter
942 4659 1037 4699 eos
1090 4646 1265 4718 dirige
1319 4662 1419 4702 nos
1460 4663 1651 4705 eorum
1709 4651 1850 4707 ﬁlios
1911 4652 1982 4707 ad

404 4733 656 4787 virtutem
688 4751 703 4800 ;
774 4743 829 4787 et
879 4736 1089 4806 respice
1132 4736 1190 4792 in
1238 4752 1337 4794 nos
1368 4753 1560 4796 servos
1591 4750 1737 4807 tuos,
1759 4756 1854 4797 seu
1888 4758 1979 4797 se-

400 4825 643 4876 cundum
713 4840 932 4881 carnem
1004 4827 1161 4884 nobis
1209 4830 1323 4887 sint
1368 4831 1488 4897 lilii,
1520 4847 1622 4888 seu
1675 4834 1977 4890 secundum

400 4916 681 4985 Spiritum.

480 5008 645 5063 Vens.
679 5010 768 5080 Π.
799 5011 865 5080 Eg
893 5013 961 5066 sit
991 5012 1243 5081 splendor
1263 5016 1479 5072 Domini
1511 5017 1609 5073 Dei
1634 5020 1802 5072 nostri
1824 5032 1981 5086 super

403 5116 519 5153 nos.
569 5099 839 5169 Splendor
886 5102 1009 5169 Dei,
1041 5115 1126 5159 est
1167 5107 1353 5161 divina
1399 5110 1595 5178 gratia,
1628 5124 1750 5178 quae
1784 5125 1978 5164 omnes

401 5192 493 5248 sui
551 5193 848 5264 participes
926 5197 1217 5251 illuminat.
1278 5197 1637 5267 Splendorcm
1698 5217 1830 5258 vero
1882 5201 1977 5258 Dei

394 5286 561 5348 dixit,
605 5301 707 5354 pro
728 5288 1020 5356 spendore,
1066 5290 1213 5359 quia
1245 5289 1356 5345 Deo
1379 5300 1483 5346 est.

468 5377 539 5429 Et
570 5396 731 5447 opera
779 5398 1029 5436 manuum
1069 5392 1284 5437 tuarum
1308 5384 1478 5456 dirige
1509 5403 1667 5456 super
1698 5403 1816 5442 nos.
1876 5387 1979 5444 Su-

328 5482 335 5485 ‘
396 5483 497 5535 per
533 5485 648 5535 nos,
688 5487 787 5539 pro
818 5472 877 5526 In
905 5476 1087 5531 nobis.

473 5560 540 5611 Et
579 5576 714 5625 opus
750 5578 1004 5617 uiantium
1046 5575 1258 5621 tuarum
1310 5568 1497 5641 dit-ipe.
1550 5568 1624 5623 Ea
1664 5584 1787 5640 qua:
1815 5585 1979 5641 supe-

402 5646 516 5702 rius
548 5664 711 5718 opera
742 5669 1003 5710 manuum
1045 5660 1181 5714 dixit
1228 5662 1283 5717 in
1326 5662 1524 5735 plurali
1573 5678 1825 5732 numero,
1854 5664 1979 5720 uni-

507 5823 573 5855 "'
612 5824 783 5883 Eccli.
820 5844 861 5896 ι,
896 5829 985 5886 ιδ.

2088 4466 2229 4517 σου,
2263 4451 2365 4504 καὶ
2391 4450 2706 4521 ὀδήτησον
2748 4452 2892 4520 τοὺς
2937 4454 3112 4520 υἱοὺς
3156 4455 3375 4510 αὐτῶν.
3425 4457 3530 4511 Ἴδε
3574 4458 3671 4511 ἐπὶ

2086 4542 2215 4605 τοὺς
2275 4542 2674 4606 δουλεύσαντάς
2730 4560 2815 4597 σοι
2861 4546 3115 4619 Πατέρας
3160 4548 3257 4599 καὶ
3309 4546 3671 4611 διδασκάλους

2084 4632 2278 4704 ἡμῶν,
2320 4635 2413 4688 καὶ
2459 4635 2528 4690 δι’
2568 4636 2769 4700 αὐτοὺς
2825 4636 3093 4708 ὁδήγησον
3141 4638 3221 4701 εἰς
3266 4639 3469 4708 ἀρετὴν
3512 4641 3666 4708 ἡμᾶς

2082 4728 2210 4790 τοὺς
2240 4728 2392 4791 υἱοὺς
2415 4728 2595 4783 αὐτῶν
2621 4744 2637 4764 ο
2663 4726 2701 4797 ἢ
2733 4727 2811 4781 ἴδε
2843 4728 2929 4796 ἐφ’
2956 4730 3107 4799 ἡμᾶς
3122 4730 3250 4793 τοὺς
3277 4730 3497 4793 δούλους
3527 4746 3626 4783 σου
3647 4748 3661 4761 ο

2083 4822 2179 4876 καὶ
2215 4821 2295 4893 μὴ
2344 4823 2511 4892 μόνον
2551 4823 2722 4893 ἡμᾶς.
2768 4821 2911 4875 ἀλλὰ
2944 4824 3039 4876 καὶ
3089 4821 3220 4885 τοὺς
3254 4821 3554 4893 σαρκικούς
3598 4838 3664 4877 τε

2083 4915 2179 4967 καὶ
2215 4916 2623 4983 πνευματικοῦς
2652 4914 2804 4977 υἱοὺς
2832 4915 2995 4985 ἡμῶν
3014 4915 3304 4985 ὀδήγησον.

2154 5006 2265 5059 Καὶ
2288 5007 2443 5061 ἔστω
2461 5007 2499 5074 ἠ
2520 5008 2874 5075 λαμπρότης
2900 5009 3127 5075 Κυρίου
3153 5007 3262 5061 τοῦ
3290 5007 3440 5061 Θεοῦ
3489 5005 3667 5074 ἡμῶν

2081 5098 2175 5167 ἐφ’
2201 5098 2379 5168 ἡμᾶς.
2406 5100 2745 5172 Λαμπρότης
2781 5101 2916 5155 Θεοῦ
2964 5103 2996 5171 ἡ
3027 5102 3188 5173 χάρις
3214 5100 3382 5155 αὐτοῦ
3406 5099 3666 5171 λαμπρύ-

2082 5208 2251 5245 νουσα
2278 5192 2374 5244 τὸν
2421 5194 2931 5264 μεταλαμϐάνοντα.
2972 5193 3391 5267 Λαμπρότηςδὲ
3440 5192 3579 5247 Θεοῦ
3625 5194 3662 5263 ἡ

2083 5282 2195 5336 ἀπὸ
2221 5282 2380 5338 Θεοῦ.
2417 5286 2615 5342 Ἔστω
2636 5287 2692 5340 δὲ
2720 5286 2844 5340 ἀντὶ
2868 5287 2985 5354 τοῦ,
3018 5288 3127 5358 εἴη.

2153 5374 2263 5430 Kal
2288 5375 2361 5428 τὰ
2382 5376 2529 5445 ἔργα
2556 5376 2675 5431 τῶν
2697 5376 2916 5447 χειρῶν
2949 5380 3123 5448 ἡμῶν
3161 5380 3540 5434 κατεύθννον
3566 5377 3642 5447 ἐφ

2081 5465 2263 5536 ἡμᾶς.
2288 5467 2417 5537 Ἐφ’
2454 5469 2607 5539 ἡμᾶς
2645 5472 2767 5529 ἀντὶ
2793 5471 2891 5525 τοῦ
2918 5474 3014 5526 Ἐν
3042 5475 3197 5542 ἡμῖν.

2154 5567 2261 5619 Καὶ
2297 5567 2365 5621 τὸ
2395 5566 2569 5636 ἔργον
2614 5567 2733 5622 τῶν
2782 5569 2996 5639 χειρῶν
3044 5567 3206 5638 ἡμῶν
3260 5571 3654 5623 κατεύθυνον.

2086 5661 2268 5734 Ἔργα
2298 5660 2497 5734 χειρῶν
2521 5659 2902 5732 πληθυντικῶς
2930 5663 2987 5716 αἱ
3017 5660 3244 5733 πράξεις
3269 5662 3456 5726 ἁπλῶς
3486 5662 3541 5716 al
3568 5661 3660 5719 διὰ

3736 1339 3751 1393 ἓ
