4088 6450
379 363 490 433 ’927

1541 364 1931 432 COMMENT.
1967 369 2045 430 IN
2082 368 2441 430 PSALMOS.

3541 363 3654 432 938

377 489 598 562 χειρῶν,
636 485 702 549 ἃς
739 484 1171 557 κατευθυνθῆναι
1202 486 1470 557 δεόμεθα,
1503 488 1578 551 ὡς
1627 488 1702 558 μὴ
1744 504 1955 558 παρεκ-

2066 501 2233 543 versae
2290 486 2536 542 actiones'
2602 500 2752 551 Sltltl,
2811 462 2930 555 qua:
2985 499 3084 556 per
3133 497 3331 540 manus
3388 483 3554 551 ﬁunt,
3606 496 3655 541 ct

377 583 558 635 κῖἷίναι
588 578 689 648 τῆς
720 577 1042 649 εὐθύτητος,
1086 579 1207 649 ἦτοι
1234 578 1331 632 τοῦ
1389 580 1721 651 πρέποντος.
1756 580 1960 649 Ἔργον

2066 592 2202 648 quas
2240 577 2397 650 dirigi
2446 593 2760 647 precamur,
2807 593 2877 634 ne
2913 578 3195 633 declinent
3233 593 3263 632 a
3300 577 3653 645 rectitudine,

376 674 436 727 δὲ
465 671 668 744 χειρῶν
709 670 1025 734 ἰδιαζόντως
1076 669 1222 733 τινὲς
1253 670 1355 740 τὴν
1390 669 1768 741 ἐλεημοσύνην
1807 670 1965 740 ἐνόη-

380 784 505 830 σαν,
534 764 611 835 τῷ
637 762 972 835 κεχωρίσθαι
995 761 1350 833 τιμηθεῖσαν,
1365 761 1564 834 ὥσπερ
1583 762 1966 834 πεφιλημένην

380 858 526 928 μάλα
569 854 708 925 Θεῷ.
741 853 1027 924 Ἐλεήμων
1084 852 1144 907 δὲ
1181 855 1282 925 οὐχ
1325 857 1352 908 6
1379 854 1558 918 διδοὺς
1604 854 1785 924 μόνον,
1834 852 1970 907 ἀλλὰ

378 950 474 1003 καὶ
495 950 524 1003 6
547 949 890 1018 συμπάσχων
911 965 926 979 ο
952 949 1016 1003 ἐκ
1039 946 1149 1001 τῶν
1178 947 1254 1017 μὴ
1295 948 1530 1017 ἐχόντων
1573 946 1684 1017 γὰρ
1706 948 1968 1016 χρήματα

380 1041 701 1108 συμπάθεια
781 1039 946 1110 μόνον
1023 1040 1341 1094 ἁπαιτείται
1429 1037 1525 1091 καὶ
1593 1035 1963 1106 παράκλησις.

380 1132 567 1185 Ἀλλοι
608 1132 666 1185 δὲ
707 1132 844 1201 ἔργα
882 1131 1083 1202 χειρῶν
1112 1128 1266 1184 εἷπον
1291 1130 1362 1183 τὰ
1390 1130 1487 1199 τῆς
1544 1127 1856 1197 πρακτικῆς
1887 1126 1964 1190 ὡς

377 1225 613 1295 διάφορα
641 1242 653 1255 υ
685 1227 871 1295 χεῖρες
907 1223 1016 1294 γὰρ
1046 1227 1077 1295 ἡ
1112 1224 1393 1293 πρακτικὴ
1425 1220 1692 1284 πολλάκις
1732 1222 1957 1273 νοεῖται.

381 1317 587 1384 Ἔργον
615 1315 672 1369 δὲ
701 1316 905 1387 χειρῶν
942 1317 1005 1369 τὸ
1033 1317 1130 1387 τῆς
1156 1315 1496 1386 Θεωρητικῆς
1532 1313 1607 1376 ὡς
1659 1310 1955 1383 μονοειδές·

381 1410 564 1477 χεῖρες
594 1407 703 1477 γὰρ
741 1409 945 1479 τρόπον
968 1410 1089 1464 τινὰ
1126 1410 1219 1461 καὶ
1243 1407 1270 1460 6
1301 1405 1450 1472 νοῦς,
1497 1404 1572 1468 ὡς
1597 1401 1958 1476 χειραγωγῶν

379 1501 477 1552 καὶ
501 1500 717 1568 ἀνάγων
740 1501 839 1570 τὴν
874 1499 1079 1570 ψυχήν.

2067 672 2173 726 hoc
2201 679 2307 736 est,
2348 687 2378 725 a
2435 672 2656 727 decoro.
2701 671 2806 728 Per
2848 687 2989 743 opus
3020 681 3202 728 autem
3252 687 3514 728 manuum
3538 673 3653 729 sin-

2068 764 2245 833 gulari
2291 777 2546 825 numero,
2594 764 2811 832 quidam
2889 764 3176 835 speciatim
3249 764 3548 836 signiﬁcari
3577 765 3652 819 di-

2074 862 2277 910 xerunt
2321 853 2748 925 eleemosynam,
2809 855 2967 926 cuius
3029 857 3344 928 separatim,
3387 863 3442 911 et
3499 855 3658 926 quasi

2077 945 2319 1015 quodam
2352 961 2478 1001 cum
2507 947 2718 1003 honore
2745 948 3058 1004 meminisse
3082 947 3412 1019 Prophetam
3437 948 3657 1008 dicunt.

2070 1037 2241 1093 veluti
2285 1042 2626 1110 praecipuum
2663 1038 2940 1110 quoddam
2991 1055 3129 1110 opus
3158 1041 3250 1102 sit,
3283 1048 3338 1095 et
3368 1038 3478 1096 Deo
3540 1057 3659 1095 ma-

2070 1130 2219 1185 xime
2253 1137 2499 1202 gratum.
2554 1130 2670 1185 Non
2728 1140 2936 1187 tantum
2993 1141 3170 1186 autem
3205 1133 3292 1187 ille
3324 1133 3525 1188 dicitur
3552 1134 3660 1187 mi-

2072 1222 2340 1285 sericors,
2371 1222 2463 1292 qui
2512 1223 2767 1293 largitur,
2814 1226 2910 1289 sed
2962 1225 3124 1277 ctiam
3177 1225 3267 1292 qui
3304 1223 3660 1293 compatitnr.

2067 1312 2200 1369 Nam
2237 1312 2307 1369 ab
2340 1313 2413 1368 iis
2450 1313 2546 1383 qui
2578 1314 2759 1371 nullas
2817 1314 3025 1370 habent
3077 1315 3391 1381 facultates,
3420 1316 3540 1372 "sola
3567 1332 3663 1385 pe.

2074 1405 2212 1460 titur
2263 1407 2578 1476 compassio
2626 1417 2691 1460 ct-
2734 1407 3062 1462 consolatio.
3093 1407 3200 1461 Alii
3253 1423 3352 1478 per
3403 1423 3660 1462 manuum

2068 1498 2288 1567 quidem
2324 1513 2515 1568 Opera,
2559 1500 2713 1553 varia
2762 1498 2977 1554 {activae
3006 1500 3231 1554 virtutis
3265 1514 3436 1572 Opera
3493 1501 3661 1556 intcl.

379 1594 652 1648 texerunt.
713 1593 904 1649 Manus
969 1596 1116 1649 enim
1182 1607 1427 1664 persmpe
1492 1606 1593 1664 pro
1648 1586 1962 1660 huiusmodi
2040 1589 2247 1644 virtute
2315 1591 2691 1661 accipiuntur.
2753 1590 2858 1646 Per
2925 1606 3066 1661 opus
3132 1603 3311 1648 autem
3376 1608 3659 1649 manuum

377 1684 644 1754 singulari
682 1699 965 1751 sermone,
1009 1687 1182 1756 ipsam
1229 1683 1768 1755 contemplationem,
1799 1679 1967 1736 veluti
2007 1680 2141 1750 quid
2169 1681 2224 1735 in
2256 1697 2357 1737 sua
2416 1683 2599 1753 specie
2651 1683 2827 1753 magis
2885 1682 3181 1739 uniforme.
3233 1683 3369 1739 Nam
3435 1695 3489 1741 et
3547 1699 3658 1738 ma-

380 1790 488 1828 nus
526 1783 678 1831 certo
721 1776 959 1845 quodam
1012 1777 1177 1833 modo
1225 1791 1326 1846 pro
1377 1776 1498 1846 ipso
1525 1776 1694 1830 etiam
1739 1772 2034 1842 capiuntur
2064 1770 2393 1831 intellectu:
2455 1789 2523 1829 ea
2556 1774 2701 1845 quod
2772 1789 2867 1845 per
2919 1775 3121 1846 ipsum,
3192 1775 3363 1831 veluti
3432 1775 3654 1846 quibus-

381 1869 513 1924 dam
546 1870 817 1933 mattibus,
848 1870 1031 1925 anima
1084 1879 1276 1925 nostra
1314 1870 1586 1939 dirigatur
1612 1868 1680 1923 ad
1710 1867 1966 1926 virtutes,
2003 1870 2062 1916 et
2092 1862 2327 1920 ducatur
2357 1866 2424 1920 ad
2445 1867 2633 1922 Deum.

671 1964 920 2034 Ψαλμός
946 1962 1028 2029 τῷ
1053 1964 1233 2019 Δαόἰὸ
1257 1963 1682 2032 ἀνεπίγραφος.

972 2057 1269 2112 manu:
1308 2056 1379 2124 ις.

451 2148 564 2201 Καὶ
614 2148 745 2218 περὶ
781 2147 881 2219 μὲν
926 2148 1036 2203 τῶν
1090 2150 1486 2219 ἀνεπιγρὰφων
1520 2149 1738 2220 εἴρηται
1787 2148 1846 2200 ἐν
1885 2147 1960 2217 τῷ

380 2242 660 2313 προοιμίῳ
691 2241 790 2312 τῆς
822 2240 1034 2312 βίϐλου.
1061 2240 1318 2296 Διδάσκει
1346 2242 1403 2295 δὲ
1429 2243 1458 2295 6
1488 2240 1705 2313 ψαλμὺς
1745 2243 1845 2312 τῆς
1875 2243 1955 2304 εἰς

381 2334 521 2389 Θεὸν
548 2333 766 2397 ἐλπίδος
789 2333 851 2386 τὸ
876 2332 1111 2405 ἄμαχον.

468 2512 533 2566 '0
550 2510 845 2566 κατοικῶν
863 2510 934 2566 ἐν
945 2511 1198 2581 ,βοηθείᾳ
1219 2510 1324 2565 τοῦ
1339 2510 1352 2523 ⁸
1364 2511 1654 2580 Υψίοντου,
1670 2509 1738 2564 ἑν
1756 2509 1960 2580 σκέπη

380 2604 492 2659 τοῦ
520 2604 668 2660 Θεοῦ
714 2604 821 2659 τοῦ
850 2604 1111 2673 οὐρανοῦ
1141 2606 1604 2672 οὐλισθὴσεται.
1660 2604 1718 2658 '0
1745 2603 1963 2674 χρώμεο

380 2711 475 2759 νος
504 2694 579 2757 ὡς
625 2695 890 2766 οἰκήματι
931 2698 996 2767 τῇ
1033 2695 1257 2768 βοηθείᾳ.
1285 2699 1351 2768 τῇ
1384 2697 1494 2751 ἀπὸ
1527 2695 1622 2750 τοῦ
1678 2695 1961 2765 ’Υψὲστου,

378 2789 685 2854 τουτέστιν,
707 2790 735 2841 6
759 2790 835 2860 μὴ
859 2790 1062 2858 διάγων
1093 2789 1200 2855 ἔξω
1228 2789 1434 2858 ταύτης
1454 2784 1581 2843 ὅσον
1608 2789 1698 2841 ἐπὶ
1724 2788 1802 2858 τῷ
1827 2787 1964 2859 0:26-

388 2882 507 2950 ῥεῖν
534 2878 629 2933 ἐπὶ
673 2880 847 2953 ταύτῃ
887 2881 1026 2952 μόνῃ
1047 2896 1063 2912 ·
1104 2876 1261 2943 οὗτος
1292 2881 1352 2933 ἐν
1391 2882 1459 2951 τῇ
1490 2881 1671 2953 σκέπῃ
1696 2879 1964 2949 διατηρη-

389 2970 617 3040 οήσεται
643 2970 739 3024 τοῦ
762 2971 919 3037 Θεοῦ,
938 2973 1059 3043 ἦτοι
1081 2970 1529 3042 σκεπασθήσεται
1555 2971 1661 3024 ὑπὸ
1682 2969 1776 3024 τοῦ
1803 2969 1960 3024 Θεοῦ.

386 3059 521 3125 Θεὸς
554 3060 611 3114 δὲ
640 3060 861 3130 λέγεται
904 3062 999 3115 τοῦ
1039 3060 1272 3133 ούρανοῦ
1321 3061 1396 3123 ὡς
1460 3061 1779 3130 Δεσπότηςο
1812 3060 1861 3111 εί
1907 3060 1963 3112 δὲ

386 3154 519 3218 Θεὸς
545 3153 638 3209 τοῦ
661 3153 916 3224 ούρανοῦ,
939 3153 1183 3224 δηλονότι
1214 3153 1308 3207 καὶ
1335 3152 1436 3222 τῆς
1458 3152 1584 3221 γῆς,
1617 3151 1712 3206 καὶ
1744 3150 1965 3205 πάντων

382 3247 593 3311 ἅπλῶς.
632 3234 869 3301 Νοεῖται
899 3247 957 3300 δὲ
1004 3246 1228 3319 βοήθεια
1258 3246 1350 3301 τοῦ
1396 3246 1536 3300 Θεοῦ
1581 3247 1678 3299 καὶ
1714 3245 1743 3297 6
1791 3244 1957 3315 νόμος

381 3340 494 3393 τῶν
524 3310 687 3394 σείων
722 3342 977 3405 ἐντολῶν,
1004 3310 1103 3395 ’δυ’
1129 3339 1330 3395 δέδωκε
1366 3342 1480 3404 τοῖς
1524 3337 1833 3410 ἀνθρώποις
1857 3310 1963 3401 rei;
1992 3310 2031 3365 C

1986 3490 1991 3495 ,
2068 3435 2381 3490 divinorum
2428 3434 2818 3489 mandatorum
2880 3436 3056 3506 legem
3092 3437 3354 3508 intellige,
3394 3450 3558 3509 quam
3590 3438 3650 3493 in

385 3431 639 3504 βοήθειαν
667 3433 809 3486 κατὰ
829 3432 937 3486 τῶν
960 3433 1254 3504 δαιμόνων.

455 3610 618 3679 Ἔρεῖ
633 3609 713 3677 τῷ
745 3611 943 3679 Κιφίῳ
961 3629 975 3643 ν
996 3610 1402 3680 Ἀντιλήπτωρ
1410 3627 1533 3679 μου
1562 3606 1637 3673 εἴ,
1658 3610 1756 3665 καὶ
1782 3627 1962 3665 κατα-

378 3703 545 3772 φυγή
582 3719 721 3773 μου.
767 3703 915 3772 Ἑρεϊ
950 3704 1029 3774 τῷ
1069 3703 1265 3774 κυρίῳ
1330 3701 1474 3771 μετὰ
1512 3701 1846 3773 παρρησίας,
1880 3701 1963 3754 ὃτι

395 3792 770 3864 ’Δντιλήπτωρ
803 3809 906 3863 μου
933 3789 1005 3860 εἶ,
1028 3792 1126 3847 καὶ
1154 3792 1444 3864 καταφυγή
1474 3808 1579 3862 μου
1611 3791 1677 3845 σὺ
1706 3792 1886 3861 μόνος.

390 4011 395 4015 -
466 3981 531 4033 '0
574 3981 721 4047 Θεός
772 3996 915 4049 μου,
956 3980 1055 4033 καὶ
1105 3979 1337 4033 ἐλπίσω
1393 3977 1487 4030 ἐπ’
1537 3978 1745 4032 αὐτόν.
1797 3978 1961 4034 Ἀλλὰ

381 4072 479 4125 καὶ
508 4071 737 4123 ἐνώπιον
763 4069 939 4123 ἄλλων
981 4071 1120 4139 ἐρεῖ,
1157 4069 1240 4122 ὅτι
1284 4066 1414 4130 Θεός
1446 4067 1550 4137 μού
1595 4068 1748 4120 ἐστιν
1783 4064 1958 4133 οὗτος,

379 4164 478 4217 καὶ
507 4162 678 4217 ἐλπιῶ
698 4164 789 4217 ἐπ’
808 4163 973 4216 αὐτόν
992 4179 1005 4192 ’
1030 4162 1314 4226 τουτέστι,
1348 4161 1444 4213 καὶ
1477 4161 1605 4230 παρ’
1632 4159 1815 4224 ἄλλοις
1830 4162 1964 4232 ὁμο-

382 4257 628 4326 λογήσει,
660 4257 744 4310 ὃτι
774 4256 905 4319 Θεὸς
934 4255 1099 4310 αὐτοῦ
1133 4255 1301 4308 ἐστιν.

457 4351 590 4405 Ὀτι
630 4349 818 4418 αὐτὸς
843 4349 1100 4418 ῥύσεται
1139 4365 1214 4403 σε
1256 4348 1325 4403 ἐκ
1359 4348 1607 4419 παγίδος
1638 4348 1960 4416 θηρευτῶν,

378 4443 484 4497 καί
520 4443 638 4499 ἀπὸ
677 4445 867 4511 λόγου
919 4440 1326 4512 ταραχώδους.
1360 4442 1595 4509 Παγίδες
1625 4442 1736 4494 τῶν
1765 4440 1963 4509 αἰσθη-

376 4539 491 4596 τῶν
527 4538 739 4612 ἐχθρῶν
770 4538 882 4592 τῶν
926 4538 1274 4608 θηρευόντων
1328 4539 1398 4591 τὰ
1434 4537 1667 4607 σώματα
1710 4536 1821 4590 τῶν
1866 4538 1964 4589 ἁν-

2285 1960 2534 2016 Psatmas
2558 1961 2657 2030 ipsi
2699 1960 2870 2016 Dat-id
2893 1964 3010 2017 sine
3051 1950 3413 2031 inscriptione.

2622 2054 2948 2112 PSALMUS
2991 2057 3104 2110 XC.

2142 2150 2217 2204 De
2267 2147 2529 2216 Psalmis,
2575 2151 2671 2220 qui
2716 2149 3134 2221 inscriptionem
3199 2149 3402 2205 nullam
3435 2150 3655 2217 habent,

2067 2241 2278 2297 dictum
2308 2251 2393 2296 est
2442 2242 2497 2296 in
2552 2240 2829 2298 Prooemio
2886 2243 3094 2314 operis.
3158 2241 3427 2298 Docemnr
3470 2254 3651 2297 autem

2066 2334 2172 2389 hoc
2231 2333 2478 2400 Psalmo,
2549 2343 2768 2405 quantae
2834 2345 2890 2390 et
2952 2351 3117 2406 quam
3198 2335 3653 2405 incomparabiles

2067 2426 2180 2482 sint
2211 2425 2360 2481 illius
2405 2426 2523 2497 spei
2582 2425 2748 2490 vires,
2795 2424 2916 2497 quae
2964 2427 3017 2480 in
3051 2426 3159 2481 Deo
3189 2435 3291 2482 est.

2134 2515 2303 2574 Vens.
2341 2518 2395 2574 I.
2439 2516 2546 2584 Qui
2573 2515 2781 2571 habitat
2834 2518 2891 2572 in
2942 2518 3210 2587 adiutorio
3280 2504 3562 2582 Altissiim',
3594 2517 3649 2570 in

2064 2609 2389 2677 protectione
2424 2608 2521 2664 Dei
2558 2608 2678 2664 caeli
2723 2609 3157 2670 Commorabitur.
3190 2610 3305 2677 Ille,
3350 2610 3442 2679 qui
3466 2609 3652 2664 divino

2069 2701 2278 2755 auxilio
2310 2701 2385 2755 ita
2439 2702 2633 2769 utitur,
2671 2701 2840 2758 veluti
2880 2701 3220 2758 habitatione
3268 2701 3529 2773 quadam,
3556 2710 3653 2755 ant

2066 2794 2253 2859 domo,
2284 2794 2385 2849 hoc
2422 2808 2525 2858 est,
2578 2794 2670 2849 ille
2728 2794 2821 2864 qui
2874 2804 3028 2850 extra
3087 2794 3191 2850 hoc
3215 2793 3459 2849 divinum
3492 2798 3653 2849 auxi-

2068 2884 2200 2939 lium
2249 2900 2362 2939 non
2423 2894 2690 2950 moratur,
2720 2883 2814 2939 sed
2868 2884 2923 2940 in
2956 2898 3023 2939 eo
3075 2883 3251 2939 solum
3292 2883 3535 2948 conﬁdit,
3593 2886 3648 2940 in

2067 2977 2319 3032 custodia
2372 2986 2538 3047 atque
2587 2977 2643 3031 in
2679 2977 3023 3047 protectione
3053 2976 3149 3031 Dei
3183 2976 3511 3045 servabitur,
3538 2977 3644 3032 hoc

2068 3078 2174 3133 est,
2235 3079 2610 3141 protegetura
2673 3070 2806 3126 Deo.
2860 3069 3031 3126 Deum
3064 3079 3246 3125 autem
3306 3070 3430 3126 coeli
3488 3069 3646 3132 dixit,

2068 3170 2130 3217 ut
2162 3160 2477 3216 Dominum.
2512 3159 2669 3227 Quod
2722 3161 2767 3217 si
2814 3161 2940 3217 caeli
2980 3161 3249 3216 Dominus
3277 3168 3382 3227 est,
3434 3162 3646 3218 clarum

2068 3258 2153 3307 est
2183 3251 2327 3321 quod
2359 3258 2414 3306 et
2433 3237 2592 3305 terrre
2627 3258 2681 3306 et
2712 3260 3036 3307 caeterorum
3067 3253 3311 3308 omnium
3369 3261 3453 3309 est
3481 3252 3647 3308 Deus.

2067 3342 2172 3398 Per
2210 3343 2478 3398 auxilium
2515 3350 2721 3410 autem,
2746 3350 2967 3415 semper
2998 3345 3332 3415 adiutorium
3356 3345 3649 3402 Altissimi.

2068 3527 2336 3582 auxilium
2369 3526 2690 3584 hominibus
2720 3527 2869 3583 dedit
2890 3537 3081 3583 contra
3121 3528 3418 3586 daemones.

2134 3618 2301 3674 Vens.
2326 3618 2381 3672 2.
2418 3617 2570 3672 Dicet
2611 3616 2838 3673 Domino
2869 3635 2887 3673 :
2920 3619 3149 3690 Adjutor
3195 3637 3340 3677 meus
3371 3639 3426 3677 es
3471 3630 3547 3690 tu,
3598 3632 3648 3678 et

2066 3711 2327 3782 refugium
2352 3724 2548 3765 meum.
2600 3708 2652 3766 Is
2708 3711 2858 3767 dicet
2917 3712 3148 3768 Domino
3179 3729 3373 3785 magna
3409 3730 3534 3769 cum
3577 3715 3648 3769 li-

2068 3804 2282 3860 bertate
2312 3821 2329 3858 :
2367 3803 2596 3859 Domine
2619 3844 2636 3871 ,
2670 3811 2728 3858 tu
2767 3820 2825 3860 es
2850 3805 3070 3875 adiutor
3116 3822 3294 3872 meus,
3324 3815 3380 3865 et
3411 3816 3466 3862 tu
3497 3808 3648 3863 solus

2067 3906 2126 3946 es
2159 3891 2428 3962 refugium
2449 3906 2654 3947 meum.

2137 3982 2278 4039 Deus
2305 4000 2474 4050 meus,
2494 3984 2717 4051 sperabo
2747 3985 2799 4038 in
2820 3999 2974 4043 (una.
3002 3983 3113 4040 Nec
3144 3992 3359 4040 tantum
3375 3987 3441 4040 ad
3466 3986 3648 4058 ipsum

2068 4074 2237 4129 Deum
2271 4089 2456 4127 secum
2491 4073 2610 4143 ipse
2644 4075 2723 4129 ita
2774 4071 2944 4138 dicet.
2972 4074 3069 4129 sed
3111 4090 3297 4129 coram
3324 4077 3450 4132 aliis
3503 4087 3647 4133 atte-

2067 4166 2305 4219 stahitur
2361 4163 2522 4218 ﬁdem
2555 4163 2697 4218 hanc
2747 4178 2928 4230 suam,
2962 4163 3154 4221 dicens
3188 4183 3202 4219 :
3234 4166 3336 4221 Hic
3359 4174 3448 4222 est
3500 4165 3646 4223 Deus

2065 4273 2240 4317 tneus,
2271 4266 2323 4311 et
2354 4257 2586 4326 sperabo
2637 4257 2690 4310 in
2724 4272 2873 4313 eum.

2139 4346 2308 4402 Vens.
2337 4349 2393 4404 3.
2427 4348 2692 4414 Quoniam
2726 4348 2835 4416 ipse
2858 4347 3041 4414 eripiet
3070 4358 3118 4404 te
3141 4349 3204 4403 de
3234 4350 3420 4419 laqueo
3457 4370 3648 4407 venan-

2068 4443 2221 4507 tium,
2249 4455 2298 4498 et
2341 4459 2374 4496 a
2407 4443 2557 4496 verbo
2585 4444 3068 4512 perturbationum.
3101 4442 3303 4514 Laquei
3338 4446 3497 4501 nobis
3527 4455 3651 4502 ten-

2067 4537 2396 4591 dunturtam
2412 4534 2778 4599 avisibililms,
2799 4551 2963 4606 quam
2983 4535 3052 4591 ab
3067 4536 3435 4594 inuisibilibus
3463 4539 3645 4593 inimi-

378 4631 618 4703 θρώπων
658 4633 715 4684 αἱ
755 4631 969 4701 ἤνιδραι
1009 4630 1104 4683 καὶ
1140 4630 1192 4683 οἱ
1229 4628 1399 4700 λόχοι.
1469 4629 1591 4703 Τῶν
1625 4629 1684 4682 δὲ
1742 4628 1955 4697 νοητῶν

2066 4629 2169 4685 eis.
2192 4627 2295 4697 Hui
2305 4643 2367 4684 ns
2382 4627 2584 4698 quippe
2597 4627 2785 4683 mundi
2803 4629 3007 4693 hostes,
3022 4629 3116 4698 qui
3129 4629 3368 4684 humana
3382 4643 3652 4686 venantur

374 4730 492 4781 τῶν
550 4726 896 4799 θηρευόντων
950 4725 1049 4788 τὰς
1122 4723 1306 4794 ψυχὰς
1362 4724 1423 4777 αἱ
1476 4722 1612 4794 πρὸς
1660 4723 1730 4776 τὰ
1781 4723 1963 4790 φαῦλα

382 4818 716 4891 συμϐουλαὶ,
770 4819 829 4871 αἱ
876 4816 1186 4888 ἐπιθυμίαι,
1223 4818 1315 4869 καὶ
1370 4817 1427 4870 at
1471 4815 1560 4869 διὰ
1610 4815 1721 4867 τῶν
1774 4815 1965 4867 παθῶν

379 4911 676 4967 ὲπιόουλαί
696 4926 711 4942 ο
757 4911 850 4964 τὸν
895 4910 951 4964 δὲ
992 4906 1304 4979 ταραχώδη
1345 4907 1965 4978 λόγονρὲπηρεαστικὸν

379 5005 550 5076 λόγον
597 5003 860 5071 ἐξέδωκεν
907 5004 936 5056 6
987 5002 1317 5071 Σύμμαχος,
1367 4998 1643 5062 τουτέστι,
1687 5013 1965 5065 συκοφανο

383 5095 579 5151 τικόνο
618 5095 887 5166 ταράσσει
941 5094 1052 5163 γὰρ
1091 5092 1194 5162 τὴν
1229 5090 1411 5161 ψυχὴν
1455 5091 1551 5144 τοῦ
1591 5105 1967 5158 συκοφαντουο

380 5190 575 5262 μένου.
625 5186 967 5257 Ἐπέστρεψε
1013 5185 1071 5239 δὲ
1104 5185 1197 5239 τὸν
1243 5184 1404 5251 λόγον
1441 5182 1473 5235 6
1509 5182 1798 5252 προφήτης
1828 5181 1966 5252 πρὸς

376 5282 481 5336 τὸν
520 5279 769 5334 τοιοῦτον
819 5277 1132 5347 ἄνθρωπον,
1168 5275 1417 5347 δηλονότι
1463 5273 1555 5328 τὸν
1601 5272 1962 5327 κατοικοῦντα

380 5376 449 5427 ὲν
502 5375 571 5444 τῇ
627 5371 853 5445 βοηθείᾳ
895 5369 993 5424 τοῦ
1057 5368 1339 5439 Ὑψίστου,
1396 5366 1492 5421 καὶ
1547 5363 1967 5437 παραθαρρύνει

379 5466 577 5521 αὐτόν.

471 5731 579 5785 Ἕν
607 5729 734 5791 τοῖς
786 5727 1174 5797 ιιεταφρένοις
1227 5723 1413 5780 αὐτοῦ
1449 5721 1793 5777 ἐπισκιάσει
1843 5736 1963 5776 σοι.

388 5823 700 5897 Προασπιεῖ
757 5838 870 5877 σου.
904 5817 1291 5889 Μεταφορικὸς
1341 5816 1399 5869 δὲ
1441 5817 1471 5869 6
1517 5816 1696 5885 λόγος.
1740 5814 1800 5867 Ὀ
1853 5815 1966 5885 γὰρ

673 5915 950 5976 Parnm.
979 5913 1098 5975 Gn.
1127 5907 1457 5971 CXXVIII.

2065 4735 2320 4791 corpora,
2367 4720 2596 4790 laqueos
2650 4721 2872 4775 tendere
2907 4720 3192 4784 dicuntur,
3248 4737 3372 4776 cum
3418 4722 3653 4779 insidias

2066 4822 2280 4883 parant.
2311 4811 2714 4868 lntellectuales
2739 4820 2923 4867 autem
2943 4813 3153 4878 hostes,
3180 4814 3273 4882 qui
3294 4828 3403 4869 non
3418 4829 3650 4884 corpora

2064 4913 2356 4966 venantur,
2377 4904 2471 4960 sed
2495 4905 2729 4969 animas,
2750 4907 2976 4977 laqueos
2993 4904 3262 4962 adversus
3282 4920 3384 4960 nos
3404 4905 3650 4977 Struunt,

2064 5010 2192 5051 cum
2244 5006 2343 5049 aut
2369 4979 2534 5065 prava
2570 5006 2872 5067 suggerunt
2925 4996 3181 5063 consilia,
3203 5004 3299 5050 aut
3327 4995 3394 5050 ad
3438 5010 3649 5051 concu-

2068 5085 2368 5157 piscentias
2400 5102 2505 5142 nos
2539 5094 2706 5157 atque
2731 5088 2801 5143 ad
2846 5089 3147 5160 passiones
3171 5087 3429 5144 incitant.
3492 5087 3652 5158 Sym-

2067 5179 2301 5234 machus
2350 5192 2456 5248 pro
2516 5178 2676 5234 verba
2725 5179 3139 5247 perturbationis
3171 5219 3188 5245 ,
3259 5179 3654 5233 calumniarum

2067 5285 2363 5323 sermonem
2389 5269 2564 5323 reddit
2589 5285 2606 5335 ;
2639 5270 2966 5340 perturbant
2993 5271 3135 5323 enim
3172 5268 3410 5323 animam
3440 5267 3651 5323 calum-

2068 5360 2196 5415 niar.
2250 5357 2542 5415 Convertit
2586 5368 2771 5417 autem
2831 5359 3104 5430 Propheta
3142 5374 3451 5415 sermonem
3483 5374 3646 5414 suum

2072 5452 2142 5508 ad
2177 5453 2497 5522 huiusmodi
2531 5454 2834 5520 hominem,
2873 5452 2967 5523 qui
3011 5452 3069 5506 in
3106 5450 3201 5506 Dei
3243 5451 3518 5521 adiutorio
3552 5449 3653 5505 ha-

2075 5543 2237 5610 bitat,
2278 5545 2539 5616 viresque
2570 5552 2738 5616 atque
2773 5545 3017 5600 animum
3053 5552 3342 5613 praestans,
3376 5541 3653 5597 conﬁdere

2072 5651 2198 5693 eum
2247 5637 2431 5702 iubet,
2471 5637 2663 5692 dicens
2697 5653 2712 5691 :

2144 5721 2323 5783 Vens.
2345 5729 2401 5785 4.
2450 5728 2700 5797 Scapulis
2734 5729 2848 5783 suis
2883 5726 3214 5783 obumbrabit
3246 5723 3361 5780 tibi.
3408 5721 3524 5779 Hoc
3548 5729 3653 5788 est,

2084 5823 2334 5889 promgct
2377 5824 2452 5872 te.
2491 5815 2587 5873 Est
2627 5824 2812 5873 autem
2848 5817 2937 5874 hic
2961 5831 3148 5874 sermo
3181 5811 3650 5886 methaphoricus.

3150 5906 3225 5968 30
