4088 6446
389 393 500 456 953

1547 405 1937 472 COMMENT.
1972 409 2057 468 ΙΝ
2095 409 2458 470 PSALMOS.

3533 406 3643 471 954

387 507 673 578 σημαίνει,
740 501 919 577 οἶμαι,
990 507 1052 560 τὸ
1111 508 1485 566 ἐνεδύσατο·
1539 514 1572 584 ἢ
1627 517 1722 569 καὶ
1769 516 1954 579 ἄλλως

2072 520 2144 574 ἱΗί
2179 529 2316 585 erat,
2349 521 2513 576 etiam
2547 527 2608 574 ut
2637 517 2767 573 Deo.
2798 516 2898 574 Vel
2937 516 3096 573 aliter
3128 534 3144 572 :
3182 517 3446 572 Pominus
3474 532 3646 574 carne

382 599 705 668 Νεκρωθεὶς
734 599 833 668 μιν
859 601 925 669 τῇ
946 601 1136 670 σαρκὶ,
1174 602 1276 655 οὐκ
1300 599 1448 674 εἶχεν
1477 600 1641 669 εἶδος,
1667 608 1792 661 οὐδὲ
1832 608 1967 660 κάλ-

385 692 480 753 λος
510 690 651 743 κατὰ
688 689 782 744 τὸν
828 692 1120 763 προφήτην
1147 709 1161 723 ·
1221 695 1461 761 ἀναστὰς
1500 695 1579 762 δὲ,
1631 699 1968 770 εὐπρέπειαν

385 782 695 837 ἐνεδύσατο.
732 798 745 808 ⁸

468 960 833 1016 Ἔνεδύονατο
851 963 1067 1032 Κύριος
1095 964 1377 1034 δύναμιν,
1402 969 1503 1021 καὶ
1548 966 1960 1035 «spumata.

394 1049 631 1120 Ὁμοίως
675 1052 957 1107 κάνταῦθα
1010 1055 1230 1122 νοητέον
1289 1056 1351 1108 τὸ
1372 1096 1387 1120 ,
1430 1042 1781 1111 ἐνεδύσατο.
1837 1054 1963 1127 Εἶχε

387 1140 490 1210 μὶν
529 1140 640 1210 γὰρ
669 1142 745 1204 ὡς
773 1142 907 1205 Θεὸς
953 1143 1056 1214 τὴν
1107 1143 1259 1198 θείαν
1307 1146 1646 1217 εὐπρέπειαν
1696 1148 1807 1211 ἀεὶ,
1867 1148 1965 1200 καὶ

381 1232 482 1301 τὴν
522 1232 674 1284 θείαν
713 1233 943 1304 δύναμιν
994 1236 1379 1305 κρυπτομένας
1407 1252 1426 1269 ο
1486 1236 1713 1308 ὕστερον
1744 1237 1801 1291 δὲ
1831 1239 1966 1306 ἑφα-

378 1324 839 1393 νέρωσελταύτας,
878 1328 1269 1390 ἀποκαταστας
1298 1329 1381 1391 είς
1410 1329 1675 1398 οὐρανούς
1711 1342 1726 1358 ⁸
1760 1332 1821 1382 οὐ
1852 1327 1959 1400 μὴν

376 1413 587 1477 ἔξωθεν
637 1416 811 1479 αὐτὰς
864 1418 1221 1488 περιεϐἀὶετο
1250 1434 1265 1449 ο
1319 1419 1415 1472 καὶ
1461 1420 1523 1472 τὸ
1568 1419 1963 1489 περιεζώσατο

374 1506 434 1560 δὲ
477 1508 715 1572 εὐσεϐῶς
739 1511 981 1578 νοητέον,
1017 1510 1142 1565 ἀντὶ
1175 1512 1292 1574 τοῦ,
1319 1512 1664 1584 ηὐτρεπίσθη
1685 1529 1701 1545 ⁸
1757 1512 1962 1584 σύμϐο-

374 1601 469 1653 λον
500 1601 608 1671 γὰρ
635 1601 1006 1672 εὖτρεπισμοῦ
1039 1603 1156 1657 ἐστι
1179 1604 1240 1658 τὸ
1265 1603 1624 1669 ζωννύεσθαι.

2070 611 2288 681 quidem
2324 620 2596 675 mortuus,
2631 611 2886 665 decorem
2940 625 3048 664 non
3093 610 3331 664 habebat
3369 623 3469 664 nec
3517 624 3642 680 spe~

2069 706 2229 767 ciem,
2273 704 2431 772 juxta
2482 703 2765 772 prophetae
2809 701 3184 757 testimonium
3206 700 3275 766 ⁸³,
3313 715 3503 762 verum
3556 715 3643 755 re-

2067 809 2298 864 surgens
2329 794 2608 859 decorem,
2660 807 2823 864 quem
2872 802 3037 847 aulea
3088 807 3198 848 non
3248 792 3506 858 habebat,
3558 792 3643 846 in-

2065 887 2233 941 dutus
2262 896 2370 959 est.

2140 977 2370 1034 Indum:
2428 985 2507 1032 est
2553 977 2865 1046 potentiam,
2911 984 2962 1030 et
3012 976 3242 1030 accinxit
3291 992 3367 1032 se.
3430 974 3636 1030 Eodem

2066 1072 2233 1125 modo
2263 1070 2536 1139 intelliges
2557 1070 2709 1123 hunc
2735 1068 3090 1123 versiculum.
3123 1067 3326 1122 Habuit
3372 1076 3636 1134 praeterea

2063 1162 2323 1217 Christus
2352 1175 2572 1230 semper
2593 1168 2647 1215 et
2677 1159 2957 1221 decorem,
3003 1166 3061 1213 et
3097 1159 3420 1227 potentiam,
3447 1172 3635 1212 verum

2064 1254 2193 1308 olim
2230 1252 2281 1307 id
2310 1252 2566 1307 homines
2594 1250 2839 1316 latebat;
2875 1248 3233 1305 tnauifestum
3290 1259 3472 1305 autem
3519 1247 3636 1302 ﬁeri

2064 1346 2231 1414 cmpit
2274 1353 2565 1414 postquam
2609 1343 2661 1397 in
2704 1342 2907 1396 ctrlum
2952 1342 3224 1403 ascendit,
3271 1340 3484 1396 tametsi
3530 1341 3638 1393 huc

2059 1438 2370 1507 jnscemodi
2402 1437 2787 1491 indumentum
2837 1434 3084 1489 exterius
3119 1434 3331 1488 nullum
3374 1431 3636 1487 induerit.

2060 1530 2159 1584 Pie
2211 1529 2415 1583 etenim
2467 1528 2571 1582 hoc
2624 1524 3044 1597 intelligendum
3089 1532 3195 1589 est,
3255 1534 3314 1578 ut
3374 1523 3639 1589 diximus,

2060 1617 2519 1689 quemadmodum
2560 1623 2614 1671 et
2679 1616 2929 1680 verbum,
2974 1615 3254 1679 accinxit;
3292 1613 3437 1669 idem
3489 1615 3637 1669 enim

2043 1711 2356 1781 signiﬁcat,
2404 1706 2552 1778 quod
2608 1706 2835 1773 aptavit,
2886 1721 2984 1762 seu
3063 1707 3306 1771 ornavit,
3355 1706 3636 1776 cingulum

2061 1805 2281 1873 quippe,
2312 1800 2624 1855 ornamenti
2664 1798 2951 1868 cujusdam
2981 1801 3200 1869 signum
3244 1806 3347 1853 est.

446 1888 554 1944 Kal
599 1889 711 1956 γὰρ
732 1887 1066 1957 ἐστερέωσε
1088 1888 1226 1957 ’τὴν
1264 1890 1654 1959 οἰκουμένην,
1692 1889 1828 1960 ἥτις
1883 1894 1954 1946 οὐ

2134 1892 2347 1945 Etenim
2385 1888 2643 1944 stabilivit
2688 1889 2865 1943 orbem
2915 1898 3092 1949 terrm,
3125 1888 3217 1957 qui
3257 1904 3360 1941 non
3401 1902 3638 1941 commo-

370 1979 846 2044 σιιλευθήονεται.
880 1981 1258 2052 Σαλευομένην
1279 1982 1346 2054 τῇ
1385 1983 1569 2054 ἀπάτῃ
1622 1983 1956 2053 ἐστερέωσεν

369 2070 545 2141 αὐτὴν
580 2072 677 2142 ήδη
719 2073 786 2143 τῇ
821 2073 1069 2144 ἀληθείᾳ,
1106 2072 1246 2127 ὥστε
1282 2076 1358 2144 μὴ
1387 2073 1715 2144 σαλευθῆναι
1771 2074 1955 2127 λοιπὸν

373 2162 483 2215 ὑπὸ
511 2162 612 2232 τῆς
643 2162 876 2232 πλάνης,
917 2163 1014 2217 ἐπὶ
1039 2164 1250 2234 πέτραν
1270 2165 1370 2235 τῆς
1425 2165 1665 2228 πίστεως
1713 2181 1953 2233 στερεω-

368 2253 580 2305 θείσαν.
603 2252 826 2308 Νοεῖται
855 2255 912 2308 δὲ
941 2257 1037 2310 καὶ
1087 2257 1271 2319 ῑδικῶς
1305 2258 1597 2327 οἰκουμένη
1647 2259 1681 2329 ἠ
1719 2256 1952 2326 Ἐκκλη-

371 2348 484 2407 σία,
521 2344 588 2417 ἢν
624 2347 864 2402 οἰκοῦσιν
916 2351 965 2402 oi
1002 2345 1293 2423 πιστοὶ,ἦς
1321 2351 1380 2404 οὐ
1416 2350 1809 2423 κατισχύσουσι
1851 2348 1954 2403 πύ-

366 2440 462 2491 λαι
493 2439 644 2510 ᾅδου,
668 2442 810 2496 κατὰ
832 2442 930 2512 τὴν
960 2444 1301 2514 Δεσποτικὴν
1335 2432 1630 2512 ἀπόφασιν.

370 2531 753 2599 appellaverit)
813 2532 1113 2589 Ecclesiatn
1179 2535 1405 2604 intelligi
1465 2535 1678 2599 dicunt,
1734 2534 1791 2589 in
1843 2549 1951 2605 qua

366 2625 698 2678 sententiam
716 2624 787 2688 “,
814 2626 1015 2680 inferni
1050 2628 1219 2694 portae
1248 2642 1355 2683 non
1395 2629 1789 2697 praevalebunt.

447 2714 719 2780 Ἐτοιμος
748 2717 784 2768 d
811 2717 1029 2783 θρόνος
1049 2730 1168 2771 σου
1193 2719 1311 2772 ἀπὸ
1340 2719 1491 2774 τότε.
1550 2747 1622 2758 -·
1675 2719 1953 2788 Ἔτοιμος

338 2804 492 2857 οάντὶ
523 2802 640 2872 τοῦ,
674 2806 911 2875 ἑδραῖος,
974 2806 1051 2872 ὡς
1093 2811 1151 2861 ὲν
1166 2809 1245 2880 τῷ
1280 2809 1365 2862 πε¹
1407 2810 1611 2881 ψαλμῷ
1635 2827 1983 2880 παρασεσηο·

370 2895 629 2963 μείωται·
658 2899 777 2954 ἀπὸ
808 2900 942 2953 τότε
976 2900 1053 2965 δὲ,
1088 2902 1210 2956 ἀντὶ
1243 2901 1360 2964 τοῦ,
1390 2903 1493 2958 ἀπ’
1530 2902 1725 2972 ἀρχῆς
1750 2920 1766 2937 ο
1805 2903 1864 2955 τὸ
1895 2904 1954 2957 δὲ

365 2989 471 3043 ἀπ’
493 2986 687 3059 ἀρχῆς
707 2992 800 3044 ἐπὶ
823 2993 924 3061 τῆς
944 2992 1094 3057 θείας
1123 2993 1339 3065 φύσεως
1375 2997 1477 3049 οὐκ
1507 2997 1589 3058 είς
1613 2997 1792 3067 ἀρχὴν
1824 2994 1951 3049 ἀνά·

2053 1983 2278 2038 nebitur.
2304 1981 2528 2045 Orbem,
2553 1978 2869 2034 dzetnouum
2906 1978 3096 2033 fraude
3137 1977 3516 2053 ﬂuctuantem,
3569 1994 3635 2034 ac

2056 2091 2193 2144 pene
2223 2088 2583 2135 concussum,
2623 2074 2859 2127 veritate
2900 2086 2999 2125 sua
3047 2071 3299 2125 Christus
3353 2071 3426 2124 ita
3461 2071 3638 2125 stabi-

2050 2167 2191 2231 livit,
2225 2173 2285 2221 ut
2311 2166 2599 2221 ert-oribus
2629 2165 2828 2220 amodo
2880 2165 2989 2219 huc
3021 2174 3185 2234 atque
3229 2163 3357 2221 illuc
3400 2179 3509 2218 non
3543 2163 3640 2218 ab-

2052 2259 2291 2313 ducatur
2319 2276 2333 2311 :
2367 2258 2494 2326 quia
2529 2256 2581 2310 in
2619 2256 2742 2310 fidei
2776 2265 2929 2325 petra
2961 2255 3223 2312 fundatus
3258 2271 3321 2310 ac
3357 2255 3643 2311 stabilitus

2061 2361 2166 2405 est.
2193 2348 2296 2404 Per
2324 2350 2513 2404 orbem
2542 2358 2727 2403 autem
2764 2356 2923 2403 terra:
2958 2349 3142 2417 (quem
3183 2348 3341 2415 juxta
3368 2347 3636 2402 veriorem

2061 2442 2264 2499 Grzncae
2295 2442 2557 2496 dictionis
2622 2440 3100 2509 significationem,
3144 2440 3480 2495 habitabilem
3513 2438 3640 2508 quis

2027 2534 2215 2591 ﬁdeles
2268 2534 2537 2600 habitant,
2601 2533 2868 2589 adversus
2944 2548 3130 2604 quam,
3199 2533 3347 2587 iuxta
3418 2531 3634 2590 Domini

2121 2715 2289 2771 Vens.
2312 2715 2368 2768 2.
2409 2714 2644 2768 Paratus
2677 2714 2897 2768 thronus
2933 2721 3053 2766 tuus
3083 2727 3147 2766 ea:
3170 2722 3312 2765 tunc.
3347 2741 3417 2751 —
3457 2708 3637 2764 Para-

2057 2822 2171 2874 tus,
2212 2810 2315 2864 hoc
2350 2816 2455 2873 est,
2499 2808 2692 2862 ﬁrmus
2752 2816 2805 2863 et
2873 2807 3110 2867 stabilis,
3170 2813 3228 2858 ut
3279 2805 3524 2859 diximus
3578 2804 3634 2858 in
3718 2826 3726 2831 -

2052 2901 2267 2971 psalmo
2317 2915 2520 2954 uxxv.
2562 2898 2630 2952 Et
2671 2900 2815 2968 quod
2840 2900 2954 2952 ait:
3000 2914 3066 2951 ea:
3097 2907 3240 2960 tunc,
3273 2911 3505 2964 expone,
3538 2909 3637 2965 pro

2050 3009 2080 3048 a
2114 2992 2404 3062 principio.
2430 2991 2568 3046 Illud
2594 2998 2776 3046 tamen
2827 3005 3044 3059 semper
3069 2986 3632 3055 animadvertendum,

364 3094 530 3148 γιται
558 3084 984 3154 χρονικὴν,ἀλλὰ
1032 3087 1132 3156 τῆς
1163 3088 1382 3141 αἰωνίου
1415 3088 1566 3141 ἐστὶν
1620 3088 1954 3157 ἐμφαντικὸν

2054 3081 2198 3152 quod
2237 3081 2547 3151 bujusmodi
2592 3095 2811 3138 sermo:
2857 3080 2926 3134 ab
2974 3080 3131 3133 initio
3165 3079 3420 3132 nimirum
3455 3093 3573 3141 seu,
3603 3092 3636 3133 a

367 3169 754 3261 παξαιότητος.
775 3173 1031 3229 Τοιοῦτον
1053 3177 1110 3230 δέ
1132 3178 1282 3230 ἔστιν
1309 3179 1403 3232 ἐπὶ
1422 3177 1559 3231 Θεοῦ
1585 3178 1682 3231 καὶ
1726 3179 1807 3239 τὸ,
1851 3177 1954 3232 ἀπ’

2061 3174 2359 3244 principio,
2392 3172 2603 3227 nullum
2634 3181 2848 3242 tempus
2874 3172 3084 3228 inducit
3114 3173 3166 3226 in
3199 3172 3382 3226 divina
3418 3184 3634 3235 natura,

366 3257 605 3326 αἰῶνος.
629 3262 797 3330 Λέγει
813 3263 870 3316 δὲ
888 3263 982 3317 νῦν
1008 3267 1036 3318 ὁ
1056 3266 1221 3318 Δαϐὶδ
1240 3267 1324 3320 ὅτι
1343 3267 1402 3319 Et
1419 3268 1513 3322 καὶ
1529 3267 1717 3323 δούλου
1736 3267 1953 3338 μορφὴν

2060 3270 2152 3325 sed
2188 3278 2448 3327 aeternam
2480 3268 2777 3338 quamdam
2804 3269 3187 3338 antiquitatem
3214 3274 3426 3321 tantum
3461 3264 3636 3334 signi-

365 3350 700 3413 ἐνδύει,ἀ>.λ’
726 3354 822 3408 οὖν
849 3357 1041 3427 έδραία
1073 3376 1156 3412 σοι
1187 3361 1220 3430 ἡ
1243 3358 1493 3429 βασιλεία
1512 3376 1608 3413 σου
1625 3360 1721 3414 ἀπ’
1748 3360 1944 3431 ἀρχῆς,

2060 3365 2203 3419 ficat.
2252 3362 2386 3423 Tale
2432 3362 2697 3433 quiddam
2733 3372 2841 3427 est,
2893 3362 3037 3432 quod
3067 3362 3230 3433 paulo
3263 3368 3385 3430 post
3419 3359 3629 3421 subdit,

365 3443 462 3497 καὶ
491 3445 747 3500 οὐδέποτε
769 3448 975 3520 ταύτης
993 3451 1279 3514 ἐξέπεσας.

2054 3451 2286 3508 dicens:
2326 3454 2369 3507 A
2394 3452 2590 3508 atecqu
2621 3462 2676 3506 tu
2706 3469 2783 3507 es.
2827 3449 3091 3516 Tametsi,
3135 3452 3335 3522 inquit,
3376 3460 3436 3506 tu
3489 3450 3632 3506 servi

366 3554 658 3608 personam
690 3543 960 3603 inductis.
1023 3547 1221 3602 stabile
1257 3555 1441 3604 tamen
1474 3562 1540 3604 ac
1580 3549 1802 3604 firmum
1849 3549 1952 3606 tibi
1989 3559 2077 3607 est
2100 3551 2169 3605 ab
2197 3550 2354 3604 initio
2382 3562 2611 3612 reanum
2634 3556 2810 3605 tuum.
2837 3546 3024 3618 Neque
3051 3546 3199 3602 enim
3261 3558 3508 3614 unquam
3564 3541 3636 3597 ab

363 3647 432 3686 eo
458 3633 733 3699 decidisti,
764 3647 854 3690 aut
888 3638 1036 3695 illinc
1065 3641 1255 3709 pulsus
1282 3657 1364 3697 es.
1427 3680 1433 3685 .

334 3756 341 3761 -
446 3724 580 3778 nam
603 3726 707 3780 τοῦ
722 3727 945 3795 αἰῶνος
967 3732 1052 3785 σὺ
1080 3727 1156 3788 εἷ.
1187 3734 1412 3805 Ἐδραία
1437 3736 1494 3789 δέ
1529 3753 1613 3790 σοι
1640 3736 1747 3811 ἀπ’¹
1772 3738 1954 3809 ἀρχῆς

362 3818 397 3883 ἡ
435 3815 702 3886 βασιλεία,
744 3819 881 3875 διότι
919 3823 1109 3878 καὶσὺ
1145 3826 1240 3879 ἀπ’
1283 3826 1482 3892 αἰῶνος
1528 3826 1601 3894 εἳ,
1670 3829 1954 3885 τουτέστιν

361 3906 565 3974 ὁμοίως
597 3909 694 3962 ἀπ’
719 3911 918 3981 ἀρχῆς,
949 3913 1026 3977 ὡς
1060 3913 1307 3986 εἴρηται.

332 4042 337 4047 .
446 3997 711 4067 Ἐπῆραν
734 4005 788 4056 οἱ
811 4006 1086 4074 ποταμοὶ,
1111 4009 1310 4077 Κύριε,
1344 4010 1584 4079 ἐπῆραν
1611 4015 1666 4066 ot
1697 4013 1949 4084 ποταμοὶ

360 4091 567 4158 φωνὰς
598 4092 816 4150 αὐτῶν.
869 4097 1158 4167 Ποταμοὺς
1212 4101 1371 4154 καλεί
1417 4103 1547 4167 τοὺς
1591 4105 1948 4169 ἀποστόλους,

360 4181 439 4245 ὡς
473 4183 803 4253 ἀρδεύοντας
828 4186 931 4252 τὰς
961 4189 1140 4260 ψυχὰς
1169 4192 1279 4245 τῶν
1313 4193 1622 4264 ἀνθρώπων
1643 4197 1756 4258 τοῖς
1786 4212 1951 4249 πνευ-

363 4278 621 4344 ματικοῖς
690 4278 897 4349 νάμασι
968 4284 1064 4336 τοῦ
1114 4284 1451 4353 Εὑαγγελίου
1479 4302 1494 4318 ·
1549 4287 1697 4355 λέγει
1747 4289 1825 4352 δὲ,
1869 4290 1952 4344 ὅτι

360 4365 588 4435 ὕψωσαν
631 4368 730 4433 τὰς
802 4372 986 4440 φωνὰς
1044 4375 1245 4440 αὐτῶν,
1305 4377 1594 4444 τουτέστι,
1655 4378 1952 4451 διαρρήδην

359 4460 464 4513 καὶ
496 4461 753 4532 φανερῶς
791 4464 889 4517 καὶ
934 4466 1386 4538 ὰνεπαισχύντως
1428 4470 1730 4540 ἐκήρυξαν.
1781 4472 1952 4542 Εἴρη-

312 4574 321 4577 -
356 4567 451 4607 ται
479 4552 689 4622 δὲήμῖν
714 4553 998 4620 πολλάκις,
1042 4558 1219 4622 δτιὼς
1255 4559 1356 4629 ἤδη
1408 4562 1757 4632 γεγενημένα
1817 4580 1951 4634 προ-

1980 4603 2027 4660 D

2132 3735 2175 3787 Α
2202 3730 2398 3788 swculo
2443 3738 2498 3785 tu
2526 3747 2602 3787 es.
2635 3728 2867 3792 Stabile,
2899 3726 3099 3798 inquit,
3131 3725 3229 3782 tibi
3269 3725 3395 3781 ideo
3433 3732 3518 3780 est
3546 3737 3636 3779 re-

2054 3841 2223 3897 gnum
2249 3832 2404 3878 tuum
2439 3822 2506 3877 ab
2534 3823 2715 3885 initio,
2748 3822 2877 3890 quia
2906 3828 2959 3873 tu
2985 3834 3046 3875 es
3066 3833 3097 3872 a
3134 3817 3357 3882 szeculo,
3393 3815 3496 3870 hoc
3524 3820 3634 3878 est,

2056 3933 2084 3972 a
2127 3918 2419 3987 principio,
2448 3924 2508 3968 ut
2539 3916 2804 3969 diximus.

2125 4007 2292 4062 Vens.
2327 4006 2379 4063 5.
2428 4004 2774 4059 Eleravernnt
2814 4004 3059 4073 ﬂamma,
3111 4000 3357 4063 Domine,
3400 3999 3632 4054 elevare-

2054 4110 2178 4153 runt
2229 4098 2455 4167 ﬂumina
2506 4113 2652 4150 voces
2700 4111 2851 4149 snas.
2881 4096 2985 4150 Per
3041 4092 3288 4157 ﬂumina,
3351 4091 3630 4161 apostolos

2048 4191 2329 4260 intelligit,
2362 4188 2524 4243 veluti
2552 4188 2645 4256 qui
2673 4186 3053 4257 spiritualibus
3087 4183 3364 4253 Evangelii
3410 4182 3632 4238 ﬂuentis

2050 4283 2324 4337 humanas
2356 4281 2588 4350 irrigant
2622 4282 2876 4343 animas;
2913 4286 2969 4334 et
2998 4277 3131 4331 dicit
3170 4275 3317 4345 quod
3351 4274 3601 4331 exaltave

2049 4381 2181 4429 runt
2216 4386 2383 4427 voces
2430 4387 2580 4433 suas,
2624 4370 2729 4425 hoc
2757 4377 2866 4433 est,
2897 4370 3047 4423 clare
3087 4378 3144 4423 et
3183 4374 3389 4436 aperte,
3420 4366 3626 4435 palamo

2049 4479 2178 4536 que,
2209 4478 2274 4518 ac
2307 4463 2429 4519 sine
2468 4464 2579 4516 ulla
2617 4460 2972 4522 verecundia,
3010 4458 3381 4529 evangelicam
3428 4453 3618 4509 doctri-

2054 4573 2178 4613 nam
2202 4557 2656 4628 praadicaverunt.
2684 4555 2820 4610 Illud
2851 4564 3033 4610 tamen
3062 4552 3458 4615 animadverte,
3483 4549 3628 4619 quod

357 4644 619 4715 αγορεύει
667 4647 736 4700 τὰ
789 4647 1076 4718 μέλλοντα.
1146 4648 1207 4704 'U
1266 4651 1672 4724 διπλασιασμὸς
1729 4654 1787 4708 δὲ
1853 4655 1947 4709 τοῦ

2054 4651 2180 4707 alibi
2225 4666 2471 4722 persaepe
2502 4649 2769 4711 diximus,
2822 4647 3151 4715 Prophetam
3188 4643 3630 4714 frequentissime

354 4731 593 4802 ἐπῆραν
621 4736 671 4789 oi
702 4738 936 4808 ποταμοὶ
963 4740 1296 4810 ἑμφαντικός
1325 4743 1440 4795 ἐστι
1468 4745 1665 4814 χαρᾶς.

430 5003 718 5071 Ἀροῦσιν
753 5008 809 5060 οὶ
837 5007 1093 5078 ποταμοὶ
1117 5008 1453 5079 ἐπιτρίψας
1481 5011 1700 5066 αὐτῶν.
1731 5013 1794 5065 Οί
1827 5013 1946 5083 μετ’

352 5096 557 5159 αὐτοὺς
622 5098 861 5167 ποταμοὶ
923 5098 1187 5169 λήψονται
1265 5101 1368 5165 τὰς
1435 5103 1803 5174 χαραχθείσας
1849 5107 1948 5159 καὶ

350 5187 659 5258 τμηθείσας
703 5190 797 5243 ὑπ’
828 5191 1010 5245 αὐτῶν
1035 5192 1189 5255 ὁδούς
1210 5208 1227 5224 ·
1287 5195 1599 5265 ἐπιτρίψας
1661 5198 1772 5269 γάρ
1804 5199 1944 5253 εἰσιν

350 5280 412 5331 ai
437 5280 626 5348 τομαὶ,
652 5278 719 5344 ἃς
749 5281 1117 5352 χαράττουσιν
1161 5285 1211 5337 oi
1268 5289 1509 5355 ποταμοὶ
1565 5288 1942 5361 ἰπιτρίεοντες

349 5369 454 5436 τὴν
479 5370 583 5438 γῆν
617 5371 679 5422 ἐν
716 5370 793 5441 τῷ
824 5372 1115 5442 φέρεσθαι.
1164 5374 1307 5444 Φησὶ
1333 5375 1391 5428 δὲ
1412 5378 1496 5430 ὅτι
1524 5376 1575 5429 οί
1594 5377 1715 5446 μετ’
1738 5379 1940 5444 αὐτοὺς

351 5460 670 5516 διδάσκαλοι
715 5467 837 5528 ταῖς
876 5464 1015 5529 ὁδοῖς
1045 5465 1144 5538 τῆς
1176 5466 1527 5533 διδασκαλίας
1567 5470 1750 5526 αὐτῶν
1796 5473 1930 5528 ἀκο-

347 5550 558 5616 λοᾶθως
585 5554 904 5623 χρήσονται.

2046 4744 2328 4814 praeterito
2403 4750 2651 4810 tempore
2702 4741 2782 4795 uti
2855 4755 2955 4810 pro
3011 4739 3228 4804 futuro,
3285 4738 3372 4792 vel
3449 4734 3631 4790 futura

2047 4848 2296 4896 narrare.
2333 4833 2492 4901 quasi
2539 4833 2652 4902 jam
2689 4832 2998 4902 praaterita.
3035 4830 3128 4885 illa
3174 4830 3340 4885 etiam
3381 4825 3633 4896 repetitio

2045 4926 2224 4989 verbi,
2266 4924 2619 4987 elevaverunt,
2669 4923 2858 4994 gaudii
2915 4924 3281 4978 inlensionem
3337 4919 3631 4990 significat.
3724 4904 3733 4992 f

2120 5012 2287 5071 Vnus.
2322 5016 2376 5070 4.
2420 5014 2625 5070 Tollent
2676 5015 2909 5083 ﬁumina
2955 5014 3258 5068 attritione:
3297 5026 3502 5065 eorum.
3534 5008 3637 5062 [lla
3721 5030 3727 5083 Α

2046 5106 2297 5172 ﬂumina,
2330 5123 2453 5179 qute
2503 5119 2626 5179 post
2681 5108 2906 5163 ﬂumina
2939 5108 3103 5178 paulo
3156 5115 3281 5160 ante
3324 5102 3494 5168 dicta,
3526 5099 3639 5153 hoe

2045 5208 2151 5263 est,
2182 5209 2309 5269 post
2358 5200 2642 5269 apostolos
2678 5213 2907 5256 ventura
2943 5207 3093 5263 sunt,
3139 5197 3351 5258 tollent,
3383 5192 3487 5246 hoc
3520 5197 3633 5255 est,

2043 5294 2288 5362 capient,
2331 5307 2427 5348 seu
2460 5298 2766 5362 sequentur
2791 5306 2886 5346 eas
2919 5290 3057 5354 vias,
3096 5301 3218 5357 quae
3243 5286 3312 5338 ab
3349 5283 3459 5338 illis
3485 5282 3630 5337 tritas

2041 5382 2247 5440 fuerint
2275 5393 2330 5439 et
2356 5383 2624 5438 formatae.
2670 5381 2774 5437 Per
2799 5380 3116 5435 attritiones
3143 5373 3370 5438 etenim,
3393 5371 3630 5428 semitas

2041 5477 2166 5531 illas
2208 5492 2271 5532 ac
2304 5476 2601 5541 sectiones,
2635 5474 2773 5531 alvei
2801 5472 3090 5542 cujusdam
3127 5471 3301 5523 instar
3333 5468 3620 5529 formatas,

2040 5570 2317 5640 intelligit,
2352 5585 2492 5640 quas
2515 5569 2772 5632 llumina,
2803 5581 2928 5621 cum
2963 5578 3061 5635 per
3099 5570 3305 5616 terram
3342 5557 3623 5617 feruntur.

350 5650 656 5705 lambendo
691 5666 760 5707 ac
796 5653 1028 5709 terendo
1056 5653 1298 5712 incidere
1323 5656 1523 5724 solent,
1572 5674 1636 5717 ac
1675 5658 1939 5717 formare.
1982 5663 2045 5719 Et
2083 5679 2284 5721 sensus
2317 5675 2425 5731 est,
2471 5665 2617 5735 quod
2685 5664 2962 5724 doctores,
3007 5656 3101 5726 qui
3177 5662 3301 5725 post
3344 5651 3629 5720 apostolos

352 5744 569 5800 venturi
623 5753 773 5810 sunt,
828 5759 926 5804 eas
970 5747 1089 5801 vias
1134 5756 1300 5817 atque
1358 5752 1578 5806 easdem
1633 5764 1934 5825 sequentur
1972 5757 2316 5827 disi-iplinas,
2354 5758 2554 5829 quibus
2592 5756 2695 5825 ipsi
2730 5754 2891 5813 etiam
2934 5747 3166 5822 apostoli
3202 5745 3285 5802 usi
3318 5744 3549 5802 fuerint.

418 5859 599 5916 “lea.
629 5863 816 5925 Lnt.2.
931 5865 977 5899 ἰ
1013 5865 1205 5921 Matth.
1245 5880 1352 5923 τινι.
1399 5866 1483 5924 18.

3721 5045 3737 5103 i
