4088 6446
433 394 548 453 955

508 511 544 556 Α
567 503 780 558 vocibus
801 517 1058 572 aquarum
1080 499 1396 562 multarunt,
1414 497 1684 549 mirabiles
1707 496 2021 548 elevationes
2050 494 2096 549 A

438 601 628 652 maris.
657 597 758 650 Per
783 611 958 664 aquas
983 595 1210 655 multas,
1233 592 1488 661 baptismi
1515 592 1730 645 lavacra
1754 589 2015 655 intelligo,

433 706 556 758 quae
584 690 784 757 ubique
818 687 873 741 in
909 685 1178 740 Ecclesiis
1221 683 1607 752 perﬁciuntur.
1635 680 1810 734 Voces
1836 688 2016 733 autem

433 782 751 849 huiusmodi
819 793 1112 848 aquarum,
1181 774 1564 829 invocationes
1626 784 1753 826 sunt
1812 782 2020 824 sancta:

438 873 748 931 Trinitatis.
778 880 833 927 et
876 885 1132 939 supernae
1164 868 1376 936 gratim,
1414 881 1535 936 quae
1579 867 1634 919 in
1668 863 2019 934 baptismatis

430 971 784 1017 sacramento
826 961 943 1017 ﬁeri
982 962 1187 1017 solent.
1225 960 1330 1013 Per
1371 975 1522 1013 mare
1550 959 1718 1012 etiam
1749 955 2016 1026 singulari

429 1071 706 1119 sermone,
735 1057 914 1125 ipsum
945 1056 1214 1123 baptisma
1241 1051 1591 1123 signiﬁcavit,
1625 1049 1770 1119 quod
1816 1049 2020 1118 ubique

430 1159 706 1202 terrarum
749 1148 1080 1210 celetratur,
1111 1145 1574 1215 quemadmodum
1608 1143 1816 1196 dictum
1849 1150 1933 1196 est
1963 1140 2019 1195 in

430 1241 645 1307 psalmo
677 1254 874 1291 LXXIII.
913 1239 1082 1292 Certo
1122 1239 1328 1291 etenim
1373 1236 1574 1290 merit-'0
1616 1233 1901 1304 multiplex
1938 1233 2020 1286 vi-

432 1332 622 1392 detur,
672 1330 801 1397 quia
862 1329 1028 1384 variis
1085 1329 1137 1382 in
1197 1329 1332 1383 locis
1402 1335 1457 1382 ct
1521 1325 2020 1381 innumerabilibus

433 1439 574 1488 pene
607 1422 861 1492 personis
924 1423 1233 1476 celebratur
1285 1437 1298 1473 :
1350 1421 1554 1474 virtute
1614 1429 1793 1474 tamen
1848 1435 2016 1473 unum

428 1525 596 1584 atque
647 1516 788 1570 idem
825 1521 909 1569 cst
951 1522 1383 1570 sacramentum.
1427 1511 1779 1568 Elevationes
1831 1524 2017 1568 autem

431 1607 814 1673 hujuscemodi
857 1605 1049 1670 maris,
1091 1605 1290 1660 ﬂuctus
1337 1605 1410 1659 illi
1453 1611 1612 1670 sunt,
1659 1605 1752 1674 qui
1789 1619 1854 1659 ex
1911 1605 2018 1657 im-

429 1699 711 1754 mersione
740 1707 904 1767 atque
937 1700 1246 1753 emersione
1274 1713 1464 1752 eorum
1505 1696 1666 1762 ﬁunt,
1711 1696 1807 1766 qui
1839 1696 2018 1765 bapti-

431 1800 652 1845 zantur.
712 1790 826 1844 Has
888 1791 1054 1859 igitur
1085 1791 1393 1860 spiritualis
1448 1805 1513 1844 ac
1566 1789 1784 1861 mystici
1846 1789 2016 1844 maris

1610 382 2002 445 EUTIIYMII
2060 379 2426 439 ZIGABENI

3604 377 3716 439 956

2209 491 2345 544 Ἀπὸ
2403 487 2618 558 φωνῶν
2665 487 2900 544 ὑδάτων
2963 485 3211 541 πολλῶν
3273 487 3606 553 θαυμαστοὶ
3666 487 3730 540 οἱ

2120 583 2515 652 μετεωρο-μοὶ
2555 581 2666 648 τῆς
2696 582 3035 646 θαλάσσης.
3069 581 3281 633 ’Ύδατα
3316 578 3494 631 πολλὰ
3531 578 3725 630 νοοῦν-

2123 693 2215 727 ται
2274 676 2342 727 τὰ
2387 675 2529 726 κατὰ
2580 675 2762 725 πᾶσαν
2830 672 3159 742 Ἐκκλησίαν
3217 671 3579 740 βαπτίσματα
3608 670 3722 722 τῶν

2123 769 2358 825 πιστῶν.
2409 768 2589 820 Φωναὶ
2636 767 2696 821 δὲ
2727 768 2933 819 τούτων
2974 766 3084 818 τῶν
3129 765 3341 818 ὑδάτων
3387 764 3443 816 ai
3495 763 3724 833 γινόμε-

2125 878 2212 914 ναι
2244 862 2330 914 ἐπ’
2357 860 2542 922 αὐτοῖς
2585 858 2908 929 ἐπικλήσεις
2939 858 3040 928 τῆς
3104 857 3267 924 ἁγίας
3333 855 3564 925 Τριάδος
3621 857 3723 909 καὶ

2122 951 2225 1020 τῆς
2286 952 2496 1006 ἄνωθεν
2541 951 2784 1022 χάριτος.
2852 950 3143 1003 Θάλασσαν
3189 949 3247 1002 δὲ
3301 948 3466 1000 πάλιν
3517 948 3722 1010 ἑνικῶς

2123 1047 2256 1102 αὐτὸ
2284 1046 2346 1100 τὸ
2385 1028 2668 1116 πανταχοῦ
2709 1045 2812 1114 τῆς
2837 1045 2944 1114 γῆς
2968 1043 3279 1112 βάπτισμα,
3303 1043 3380 1106 ὡς
3409 1044 3464 1093 ἐν
3505 1041 3583 1110 τῷ
3635 1038 3722 1108 ογ’

2120 1139 2325 1209 ψαλμῷ
2347 1139 2700 1210 προείρηταιο
2721 1137 3059 1208 πληθύνεται
3083 1135 3181 1206 μὲν
3199 1135 3310 1204 γὰρ
3332 1137 3454 1198 ταῖς
3481 1133 3722 1204 χρείαις,

2121 1229 2439 1293 ἐνξζεταιδὲ
2483 1228 2830 1302 τῇδυνὰμει.
2863 1227 3255 1296 Μετεωρισμοὶ
3316 1226 3373 1279 δὲ
3431 1225 3604 1295 αὐτῆς
3649 1227 3726 1278 τὰ

2121 1321 2534 1392 ἀποτελούμενα
2618 1321 2846 1392 κύματα
2917 1321 2984 1372 ὲκ
3041 1321 3144 1388 τῆς
3198 1318 3554 1381 καταδύσεως
3623 1318 3726 1370 καὶ

2119 1414 2437 1478 ἀναδόσεως
2461 1414 2569 1467 τῶν
2620 1414 3061 1485 βαπτιζομένων.
3103 1412 3344 1478 Τούτιυς
3375 1413 3560 1466 τοίνυν
3587 1412 3723 1474 τοὺς

2128 1507 2541 1577 μετειιιρισμοὺς
2581 1507 2930 1578 θαυμαστοὺς
2976 1502 3118 1560 εἶναί
3149 1522 3286 1575 φησι
3311 1503 3452 1575 πρὸς
3485 1504 3726 1571 σύγκρι-

2127 1614 2212 1650 σιν
2261 1597 2372 1650 τῶν
2440 1597 2840 1668 μετεωρισμῶν
2898 1598 2998 1668 τῆς
3056 1596 3325 1667 αἰσθητῆς
3393 1596 3722 1663 θαλάσσης·

2119 1689 2305 1742 ἐκεῖνα
2359 1689 2458 1754 μὲν
2504 1689 2614 1759 γὰρ
2667 1691 2737 1744 τὰ
2789 1689 3013 1760 κύματα
3059 1689 3269 1758 φοϐερὰ
3325 1690 3440 1749 τοῖς
3502 1686 3727 1757 ἀνθρώ-

2121 1799 2266 1844 ποις,
2301 1782 2496 1852 ἤδιστα
2521 1782 2576 1836 δὲ
2599 1785 2714 1847 τοῖς
2752 1783 2972 1852 δαίμοσι
2998 1799 3012 1814 '
3037 1782 3213 1838 ταῦτα
3261 1783 3318 1835 ἑὲ
3376 1779 3722 1841 τούναντίον,

423 1883 769 1938 elevationes
831 1884 1185 1938 admirandas
1257 1881 1556 1936 admodum
1607 1895 1734 1937 esse
1784 1880 1938 1946 dicit,
1974 1880 2021 1934 si

2128 1847 2338 1944 φοϐερά
2395 1873 2496 1944 μὲν
2548 1877 2663 1938 τοῖς
2725 1847 2999 1946 δαίμοσιν,
3044 1875 3241 1946 ἥδιστα
3269 1874 3328 1928 δὲ
3359 1875 3474 1934 τοῖς
3506 1871 3726 1939 ἀνθρὼ-

428 1975 778 2031 clementalis
873 1977 1044 2031 utaris
1109 1974 1510 2028 elevationibus
1608 1982 2020 2041 comparentur.

425 2063 606 2130 Hujus
646 2067 792 2120 enim
844 2067 1017 2121 maris
1065 2065 1270 2119 ﬂuctus
1306 2063 1625 2118 hominibus
1676 2061 1898 2131 quidem
1951 2061 2023 2115 ti-

425 2159 618 2212 ‘tnendi
656 2166 814 2225 sunt,
874 2174 1062 2213 verum
1118 2156 1463 2212 daemonibus
1519 2154 1786 2225 jucundi:
1826 2161 2025 2208 contra

2137 1982 2280 2028 ποις.
2303 1966 2414 2019 Καὶ
2445 1969 2630 2020 ἐκεῖνα
2682 1965 2783 2036 μὲν
2833 1967 3103 2021 ἀπόλλυσι
3148 1968 3277 2030 τοὺς
3319 1965 3666 2036 ἐμπλέοντας
3702 1979 3722 1993 ·

2127 2057 2302 2110 ταῦτα
2346 2057 2405 2111 δὲ
2446 2058 2630 2124 σώζει.
2681 2060 2943 2129 Γεγόνασι
2989 2059 3047 2113 δὲ
3111 2059 3407 2127 θαυμαστὰ
3457 2056 3566 2110 ἀπὸ
3615 2057 3725 2125 τῆς

2135 2148 2473 2219 δηλωθείσης
2502 2151 2843 2221 ἐπικλήσεως
2865 2154 2962 2204 καὶ
2987 2150 3090 2219 τῆς
3121 2150 3335 2204 ἐκεῖθεν
3367 2147 3615 2216 τελετῆς.

430 2265 618 2309 autem
689 2254 764 2307 illi
813 2253 1165 2322 baptismatis
1216 2249 1437 2311 ﬂuctus,
1495 2249 1726 2304 timendi
1787 2245 2011 2317 quidem
2054 2253 2181 2300 sunt
2227 2242 2592 2312 diemonibus,
2647 2244 2879 2315 iucundi
2946 2251 3130 2298 autem
3183 2257 3248 2297 ac
3299 2258 3500 2298 suaves
3591 2249 3726 2295 sunt

427 2346 772 2401 hominibus.
839 2345 902 2398 Et
970 2345 1046 2398 illi
1082 2343 1302 2412 quidem
1352 2344 1406 2397 in
1460 2343 1694 2412 patriam
1772 2338 2097 2408 navigantes
2133 2337 2396 2406 perdunt,
2464 2337 2556 2392 isti
2620 2352 2750 2393 vero
2807 2337 3128 2394 submersos
3185 2346 3428 2392 servant.
3500 2333 3725 2391 Eﬂ‘ectzo

430 2451 616 2496 autem
636 2447 759 2493 sunt
789 2439 872 2492 bre
897 2437 1231 2492 elevationes
1250 2435 1550 2499 mirabiles,
1573 2435 1645 2489 ab
1671 2431 2022 2488 invocatione
2059 2428 2152 2484 illa
2183 2428 2393 2494 divina,
2420 2437 2481 2484 ut
2503 2428 2711 2485 dictum
2735 2437 2842 2492 est,
2865 2439 2920 2486 et
2942 2431 3011 2486 ab
3035 2430 3151 2498 illo,
3181 2430 3326 2501 quod
3399 2430 3509 2485 illic
3573 2430 3724 2488 inest

427 2533 713 2588 mvsterio.

508 2551 713 2587 'Sterto.

490 2551 774 2676 3Mirubiiis
835 2624 891 2675 in
941 2625 1067 2676 altts
1129 2623 1410 2675 Dominus.
1469 2619 1825 2674 Admirabilis
1878 2630 2012 2671 vero

429 2714 579 2768 Deus
611 2713 963 2782 potissimum
995 2722 1080 2766 est
1132 2709 1508 2781 hujuscemodi
1557 2707 1683 2763 altis
1735 2722 1799 2761 ac
1837 2705 2015 2762 subii-

326 2800 333 2806 ’
431 2803 615 2858 mibus
648 2803 834 2858 rebus.
873 2800 971 2856 Vel
1004 2802 1139 2858 ordo
1168 2802 1240 2858 sit
1269 2819 1282 2856 :
1316 2800 1585 2856 Mirabilis
1604 2808 1691 2856 est
1723 2798 2012 2864 Dominus,

2185 2611 2542 2680 Θαυμαστὸς
2569 2611 2641 2665 ἐν
2674 2611 2994 2680 ὑψηλοῖςὸ
3016 2616 3256 2679 Κυριος.
3305 2612 3633 2681 Θαυμαστὸς
3660 2613 3724 2674 δι

2115 2704 2317 2773 μᾶλλον
2345 2706 2401 2757 ἐν
2425 2707 2536 2768 τοῖς
2567 2704 2796 2774 ,ὑψηλοῖς
2819 2705 3032 2770 τούτοις
3051 2705 3144 2758 καὶ
3172 2705 3433 2776 μεγάλοις
3457 2705 3605 2776 πρᾶγ
3615 2724 3726 2775 μα-

2115 2812 2198 2850 σιν
2226 2795 2256 2846 ὀ
2303 2794 2456 2859 Θεὸς,
2486 2797 2514 2848 δ
2543 2796 2766 2849 τοιαῦτα
2807 2796 2976 2850 ποιῶν
3041 2797 3344 2868 θαυμάσια.
3399 2798 3472 2850 Ἤ
3498 2798 3592 2850 καὶ
3619 2795 3722 2850 ἄλ-

431 2894 528 2965 qni
581 2897 634 2950 In
669 2895 796 2950 altis
838 2903 942 2950 est.
977 2892 1130 2949 Unde
1169 2894 1299 2950 alibi
1343 2895 1464 2948 ait:
1503 2893 1610 2961 Qui
1653 2892 1706 2945 in
1754 2892 1880 2946 altis
1915 2893 2017 2946 Ita-

2123 2888 2223 2952 λως
2255 2887 2288 2958 ἡ
2325 2886 2577 2952 σύνταξις
2597 2903 2611 2917 ·
2636 2889 2718 2942 ὅτι
2761 2887 3080 2957 θαυμαστὸς
3101 2889 3303 2959 μᾶλλον
3330 2891 3358 2942 ὁ
3391 2890 3449 2942 ἐν
3478 2890 3714 2959 ὐᾷηλοῖς

431 2984 591 3050 bitat,
619 2993 669 3038 et
705 2983 930 3038 humilia
956 2982 1166 3053 respicit
1201 2983 1260 3036 in
1280 2982 1414 3038 ίεωιο
1443 2990 1494 3038 et
1527 2984 1582 3037 in
1610 2989 1760 3036 terra
1782 2981 1854 3038 ⁸⁵.

503 3163 675 3219 Vens.
733 3164 786 3219 5.
831 3163 1159 3219 Testimouia
1216 3173 1308 3219 tua
1361 3163 1636 3218 credibilia
1689 3164 1838 3234 facta
1889 3173 2016 3219 sunt

433 3259 608 3311 ualde.
637 3256 976 3312 Tesﬁmonia
1011 3257 1078 3312 de
1110 3265 1164 3312 te
1204 3258 1362 3312 valde
1393 3267 1522 3312 sunt
1557 3256 1762 3320 ﬁdelia,
1792 3258 1897 3313 hoc
1934 3267 2021 3312 est

435 3367 590 3406 vera.
635 3351 708 3404 Ea
746 3357 927 3405 autem
961 3351 1237 3421 intelligit,
1271 3366 1393 3420 quae
1420 3351 1489 3406 de
1515 3343 1721 3406 Christi
1761 3351 2020 3405 incarna-

435 3445 607 3505 tione,
646 3443 713 3496 de
741 3444 1155 3512 dispensatione
1205 3445 1260 3497 in
1307 3459 1503 3507 carne,
1547 3459 1610 3498 ac
1638 3443 1706 3498 de
1731 3443 1852 3512 ejus
1885 3458 2020 3498 con-

436 3535 771 3598 versatione,
807 3549 835 3586 a
871 3533 1152 3603 prophetis
1183 3535 1332 3588 varie
1363 3535 1624 3604 pratdicta
1655 3544 1806 3590 sunt.

518 3710 741 3762 Domum
803 3719 948 3763 tuam
1027 3710 1174 3790 decet
1247 3711 1593 3776 sanctitudo,
1668 3711 1908 3774 Domine,
1968 3715 2022 3767 in

437 3802 768 3871 longitudine
844 3802 1074 3856 dierum.
1131 3802 1335 3857 Domus
1400 3803 1496 3857 Dei
1553 3811 1639 3859 est
1694 3804 2022 3860 universalis

441 3892 690 3947 Ecclesia
734 3892 1006 3956 fidelium,
1061 3901 1123 3948 ιιι
1169 3894 1368 3962 saepius
1408 3895 1616 3949 dictum
1675 3903 1781 3950 est.
1848 3895 2022 3960 Ilanc,

436 3985 640 4054 inquit,
688 3984 910 4040 domum
967 3986 1125 4041 decet
1172 3986 1506 4052 sanctitudo,
1555 3988 1660 4042 hoc
1711 3995 1819 4053 est,
1867 3997 1923 4042 ut
1954 3990 2026 4042 sit

437 4085 655 4138 sancta,
685 4093 750 4132 ea
781 4080 1040 4134 nimirum
1067 4081 1304 4146 ratione,
1329 4081 1460 4150 quia
1486 4080 1580 4136 Dei
1601 4081 1778 4137 sancti
1813 4083 2014 4136 domus

431 4176 521 4222 est
554 4185 568 4222 :
611 4185 804 4223 verum
845 4171 949 4225 hoc
986 4171 1060 4226 ita
1085 4170 1306 4226 demum
1345 4173 1458 4238 Ilet,
1496 4173 1540 4228 si
1575 4172 1630 4228 in
1665 4173 1732 4230 iis
1761 4173 1853 4244 qui
1888 4172 2023 4228 illud

438 4259 708 4327 templum
759 4261 1026 4322 habitant.
1083 4263 1351 4317 munditia
1411 4265 1688 4320 exstiterit
1747 4265 1816 4320 ab
1869 4265 2022 4320 omni

443 4365 672 4417 prorsus
729 4351 1132 4421 inquinatione.
1191 4353 1517 4421 Huiusmodi
1566 4369 1698 4408 vero
1752 4354 2022 4410 munditia

2117 2976 2192 3032 ὢν
2209 2977 2411 3048 Κύριος
2436 2977 2559 3031 κατ’
2583 2979 2966 3048 ἀντιστροφὴν.
2991 2979 3099 3036 Καὶ
3118 2979 3354 3051 ἀλλαχοῦ
3377 2980 3488 3050 γάρ
3505 2996 3671 3050 φησιν
3700 2995 3718 3010 ’

2041 3113 2088 3175 c
2131 3073 2188 3125 Ὀ
2217 3070 2287 3124 ἐν
2308 3069 2578 3140 ὑψηλοῖς
2605 3071 2922 3139 κατοικῶν,
2947 3073 3048 3128 καὶ
3074 3072 3151 3128 τὰ
3183 3076 3439 3128 ταπεινὰ
3459 3073 3722 3143 ἐφορῶν.

2202 3162 2279 3217 Τὰ
2325 3163 2622 3233 μαρτύριά
2671 3179 2790 3220 σου
2851 3164 3282 3234 ἐπιστώθησαν
3334 3166 3595 3236 σφόδρα.
3650 3165 3722 3220 Δί

2125 3257 2258 3328 περὶ
2283 3256 2380 3310 σοῦ
2416 3259 2718 3326 μαρτυρίαι
2763 3258 2973 3329 σφόδρα
3010 3260 3119 3312 εἰσὶ
3139 3259 3330 3313 πισταί
3360 3277 3372 3289 ·
3429 3260 3722 3310 τουτέστιν

2131 3348 2381 3417 ἀληθεῖς.
2410 3347 2574 3414 Λέγει
2604 3347 2662 3400 δὲ
2704 3347 2804 3412 τὰς
2837 3351 3026 3420 ῥήσεις
3054 3349 3165 3403 τῶν
3205 3349 3525 3420 προφητῶν,
3579 3349 3722 3413 ὅσας

2125 3440 2396 3511 περὶτῆς
2454 3439 2926 3511 ὲνανθρωπήσεως
2987 3441 3082 3494 τοῦ
3138 3441 3400 3511 Χριστοῦ,
3458 3441 3554 3495 καὶ
3613 3441 3722 3510 τῆς

2123 3532 2395 3603 ὲνσάρκου
2450 3532 2768 3602 οἰκονομίας
2818 3533 2913 3587 καὶ
2947 3533 3226 3597 πολιτείας
3274 3533 3465 3598 αὑτοῦ,
3525 3533 3727 3604 διαφό-

2129 3643 2238 3696 ρως
2273 3623 2652 3695 ἐξεφώνησαν.

2203 3716 2291 3782 Τῷ
2311 3718 2456 3780 oi!qu
2484 3734 2601 3771 σου
2629 3715 2840 3784 πρέπει
2884 3716 3173 3787 ἁγίασμα,
3215 3716 3410 3784 Κύριε,
3461 3719 3549 3783 εἷς
3600 3734 3722 3786 μα-

2126 3809 2388 3876 κρότητα
2438 3805 2699 3875 ἡμερῶν.
2730 3803 2892 3869 Οἶκος
2947 3807 3081 3860 Θεοῦ
3135 3809 3167 3878 ή
3217 3809 3447 3862 καθόλου
3478 3809 3726 3880 Ἐκκλη-

2129 3899 2221 3952 σία
2276 3898 2386 3951 τῶν
2450 3896 2698 3962 πιστῶν,
2759 3898 2835 3961 ὡς
2863 3897 3126 3961 πολλάκις
3185 3898 3424 3968 εἴρηται.
3503 3899 3721 3971 Τούτῳ,

2129 3992 2284 4060 φησὶ,
2316 3988 2394 4059 τῷ
2431 3989 2566 4060 οἴκῳ
2613 3988 2816 4060 πρέπει
2861 3989 3135 4057 ἁγιασμός
3167 4005 3180 4019 ·
3235 3991 3403 4059 ἤγουν
3458 3991 3518 4043 τὸ
3574 3986 3725 4046 εἶναι

2129 4081 2309 4149 ἅγιον,
2341 4081 2416 4144 ὠς
2455 4073 2606 4132 οἷκον
2649 4080 2827 4148 ἁγίου.
2892 4079 3086 4131 Ἔσται
3139 4079 3196 4131 δὲ
3249 4080 3430 4147 τοῦτο,
3487 4081 3726 4149 ἁγνείας

2127 4174 2638 4246 ὲμπολιτευομένης
2693 4175 2809 4236 τοῖς
2872 4173 2932 4226 ἐν
2988 4172 3137 4242 αὐτῷ
3193 4174 3286 4226 καὶ
3337 4173 3723 4244 καθαρότητος

2126 4267 2235 4320 ἀπὸ
2259 4266 2465 4329 παντὸς
2515 4262 2827 4334 μολυσμοῦ.
2867 4262 3077 4335 Πρέπει
3103 4263 3160 4316 δὲ
3189 4263 3343 4334 αὐτῷ
3377 4265 3440 4317 τὸ
3469 4263 3720 4318 τοιοῦτον

2128 4359 2380 4428 ἁγίασμα
2406 4358 2512 4411 ἀεί.
2545 4359 2785 4425 Λέγεται
2819 4356 2877 4410 δὲ
2905 4353 3054 4418 οἶκος
3082 4355 3217 4409 Θεοῦ
3255 4357 3350 4410 καὶ
3391 4356 3516 4419 ναὸς
3552 4356 3718 4424 Θεοῦ,

433 4451 491 4495 ct
535 4445 803 4496 sanctitas
836 4459 1054 4513 semper
1094 4443 1249 4499 decet
1271 4445 1496 4498 domum
1533 4444 1770 4498 Domini.
1819 4447 2021 4502 Domus

2129 4450 2272 4504 κατὰ
2301 4449 2395 4502 τὸν
2430 4447 2782 4510 ’Λπὸστολον,
2825 4449 2936 4510 πᾶς
2976 4447 3190 4514 πιστὸς,
3227 4442 3272 4517 ᾧ
3297 4441 3502 4518 πρέπει
3555 4449 3726 4517 ἁγία-

433 4537 602 4587 etiam
646 4532 862 4588 Domini
915 4543 999 4589 est
1033 4537 1295 4603 templum
1345 4535 1460 4598 Dei,
1516 4537 2017 4604 quod,secundnnt

438 4623 784 4691 Apostoium,
821 4624 995 4680 fidelis
1020 4627 1250 4694 quilibet
1282 4633 1677 4696 repraesentat;
1707 4637 1874 4697 atque
1900 4629 2024 4684 ideo

437 4729 535 4767 eos
572 4729 764 4768 omnes
786 4715 942 4770 decet
974 4718 1290 4772 sanctitudo
1329 4719 1384 4771 in
1415 4719 1762 4789 longitudine
1787 4722 2019 4774 dierum.

435 4805 685 4859 Psalmus
720 4808 822 4875 ipsi
851 4809 1019 4862 David
1047 4821 1240 4876 quarta
1267 4810 1514 4876 Sabbuli,
1544 4814 1653 4866 sine
1681 4813 2023 4881 inscriptione

1004 4903 1142 4968 apud
1177 4903 1448 4957 llebrrcos.

961 4992 1286 5051 PSAMIUS
1328 4995 1513 5050 XCIII.

509 5085 610 5139 Est
660 5094 715 5140 et
751 5102 994 5157 prtesctts
1033 5090 1276 5156 psalmus
1307 5091 1426 5144 sine
1478 5091 1836 5160 inscriptione
1877 5096 2020 5164 apud

2129 4559 2264 4612 αμα,
2295 4544 2375 4605 είς
2402 4543 2729 4613 μακρότητα
2784 4541 3032 4613 ἡμερῶν.

2127 4811 2372 4879 Ψίιλμὸς
2403 4809 2481 4874 τῷ
2508 4810 2706 4876 Δαϐὶδ,
2737 4811 2971 4880 τετράδι
3013 4811 3338 4879 σαϐϐάτου,
3390 4812 3723 4881 ἀνεπίγρα-

2599 4923 2714 4973 φος
2742 4905 2879 4972 παρ’
2920 4904 3237 4972 Ἑϐραίοις.

2677 4998 2972 5052 ΨΑΑΜΟΣ
3015 4997 3128 5064 ιιιν.

2205 5092 2603 5160 Ἀνεπίγραφος
2665 5093 2757 5144 καὶ
2811 5084 2968 5152 οὗτος
3028 5090 3162 5158 παρ’
3213 5091 3511 5161 Ἑϐραίοις.
3548 5090 3622 5142 Τὸ
3657 5091 3719 5145 δὲ

437 5177 716 5233 Hebraeos.
777 5182 850 5234 Ea
912 5189 1094 5234 autem
1149 5183 1314 5237 verba
1349 5202 1363 5237 :
1399 5195 1596 5251 quarta
1670 5183 1930 5248 Subbali,
1989 5201 2019 5238 a

2123 5185 2355 5252 τετράδι
2388 5184 2719 5247 Σαϐϐάτου,
2751 5181 3182 5251 προστεθείκασι
3229 5199 3370 5244 τινες
3425 5183 3715 5252 εὑρόντες,

434 5270 694 5339 quopiam
745 5272 894 5326 fuere
925 5274 1196 5342 apposita,
1235 5290 1358 5328 eum
1403 5284 1598 5344 quarta
1663 5277 2020 5331 bcbdomadm

2123 5280 2201 5330 ὅτι
2227 5281 2284 5328 ὲν
2310 5277 2533 5346 τετράδι
2575 5275 2777 5348 ἡμέρᾳ..
2827 5275 2927 5344 τῆς
2984 5275 3281 5344 ἑϐδομάδος
3335 5274 3661 5344 ἐμελῳδήθη
3698 5290 3716 5307 ο

434 5362 524 5414 die
559 5363 828 5429 psalmum
867 5363 1013 5417 hunc
1051 5365 1331 5418 decantari
1370 5365 1695 5422 invenisset.
1745 5367 1847 5422 Per
1880 5370 2019 5423 Sab-

438 5451 624 5503 batntn
655 5455 797 5505 enim
831 5455 934 5508 hoc
984 5455 1036 5507 in
1078 5457 1218 5518 loco,
1269 5458 1735 5523 qnemadn'todum
1787 5468 1842 5513 et
1877 5475 2024 5531 saepe

436 5540 594 5605 alibi,
644 5543 762 5611 ipsa
815 5544 1157 5598 bebdomada
1195 5547 1556 5615 signiﬁcatur.
1616 5545 1796 5601 Voluit
1839 5557 2020 5605 autent

2129 5370 2407 5424 Σαϐϐαῖον
2469 5369 2575 5439 γὰρ
2629 5368 2866 5422 ἐνταῦθα
2922 5367 3022 5438 τὴν
3095 5367 3366 5437 ἑϐδομάδα
3424 5365 3713 5421 ἐκάλεσεν.

2131 5463 2360 5530 Εισάγει
2389 5464 2446 5516 δὲ
2477 5462 2568 5516 διὰ
2593 5461 2688 5515 τοῦ
2729 5461 3004 5534 παρόντος
3050 5461 3268 5531 ψαλμοῦ
3296 5460 3657 5531 παραμυθίαν
3683 5460 3713 5511 ὁ

2133 5553 2295 5606 Δαὸὶδ
2324 5556 2435 5617 τοῖς
2471 5551 3097 5622 καταδυναστευομένοις
3136 5551 3242 5604 ὑπὸ
3279 5554 3388 5606 τῶν
3409 5552 3631 5606 ἀδίκων.

442 5635 545 5688 hoc
574 5637 784 5702 psalmo
813 5638 1006 5693 beatus
1034 5640 1197 5695 David
1233 5642 1490 5697 omnibus
1522 5644 1835 5700 hominibus
1865 5647 2110 5703 solamen
2146 5658 2430 5718 pra-stare,
2457 5649 2551 5719 qui
2619 5650 2688 5705 ab
2731 5648 2975 5718 iniustis,
3025 5657 3188 5720 atque
3257 5665 3287 5704 a
3354 5651 3536 5719 pravis
3607 5662 3718 5718 op-

444 5729 755 5794 primuntur
786 5731 1120 5788 hominibus.

529 5840 572 5873 ⁸⁵
625 5841 771 5898 I’sal.
819 5859 951 5911 ειη,
1003 5847 1057 5901 6.
