4088 6440
353 359 448 422 9M

1515 353 1907 415 COMMENT.
1955 352 2032 412 ΙΝ
2068 353 2192 410 PSA
2209 353 2428 414 LMOS.

3500 353 3607 415 €62

417 473 573 536 Ἕως
603 464 676 526 οὗ
701 465 1060 531 δικαίοσύνη
1092 461 1532 532 ἐπιστρέψηται
1561 467 1648 530 εὶς
1700 467 1922 532 κρίσιν.

2106 464 2272 520 Vens.
2334 466 2421 520 l5.
2491 465 2847 536 Quoadusque
2889 467 3107 537 justitia
3167 478 3504 525 convertatur
3552 493 3605 528 ιιι

354 563 495 625 Ἐως
524 561 592 615 ἂν
620 561 650 613 ὁ
696 557 955 629 Χριστὸς,
996 557 1028 625 ἡ
1083 553 1563 625 αὑτοδικαιοσύνη,
1610 556 1929 608 καταλιπὼν

2039 557 2319 621 iudiciuin.
2370 556 2553 612 Donec
2606 557 2887 622 Christus,
2936 557 3028 627 qui
3081 559 3197 627 ipsa
3243 567 3329 615 est
3369 560 3607 629 justitia,

355 651 408 704 εδ
474 648 874 718 μακροθυμεῖν,
914 645 1008 698 ἐπὶ
1057 642 1137 711 τῷ
1164 642 1372 711 κρίνειν
1417 646 1622 713 τραπῇ.
1661 644 1783 697 Ὀτι
1811 645 1868 697 δὲ
1901 648 1928 698 ὁ

353 739 585 809 Χριστὸς
611 735 933 805 δικαιοσύνη
958 732 1229 792 καλεῖται,
1262 731 1428 799 φησὶν
1476 732 1505 785 ὁ
1570 733 1891 807 ’Δπόστολος
1912 749 1925 764 ⁸

354 831 462 895 ’ος
489 828 668 894 ἐδόθη
712 825 858 894 ἡμῖν
890 823 1087 893 σοφία
1117 818 1237 877 ἀπὸ
1269 820 1442 885 Θεοῦ,
1474 819 1833 889 δικαιοσύνη
1868 839 1932 876 τε

354 921 449 975 καί
475 921 916 988 ἀπολύτρωσις.

423 1099 532 1153 Kal
566 1099 843 1167 ἐχόμενοι
878 1099 1071 1168 αὐτης
1098 1099 1322 1165 πάντες
1350 1101 1404 1153 οἱ
1433 1098 1628 1166 εὐθεῖς
1669 1099 1746 1168 τῇ
1795 1116 1935 1169 καρ-

351 1188 471 1256 δίᾳ.
525 1190 636 1242 Καὶ
667 1188 854 1241 λοιπὸν
884 1190 1008 1241 τότε
1043 1191 1210 1257 ἐγγὺς
1242 1190 1409 1243 αὐτοῦ
1447 1190 1646 1251 πάντες
1669 1192 1716 1242 οἱ
1751 1191 1931 1243 δίκαι-

350 1298 447 1343 οι,
514 1282 1001 1351 παραστησάμενοι
1057 1282 1208 1351 αὐτῷ
1275 1284 1517 1353 κρίνοντι
1580 1282 1762 1336 πᾶσαν
1834 1283 1933 1355 τὴν

351 1373 480 1442 τῆνο

433 1467 530 1532 Τίς
587 1464 1003 1533 ἀναστήσεται
1064 1484 1166 1535 μοι
1217 1466 1319 1520 ἐπὶ
1371 1469 1935 1539 πονηρευομένοις;

352 1556 454 1622 Τίς
483 1558 739 1630 βοηθήσει
773 1575 865 1628 μοι
895 1557 1040 1613 κατὰ
1068 1559 1176 1612 τῶν
1203 1562 1662 1631 πονηρευομένων
1702 1559 1934 1631 ἐχορῶν;

435 1736 506 1791 Ἦ
531 1736 623 1802 τίς
675 1734 1259 1805 συμπαραστήσεταὶ
1278 1754 1380 1806 μοι
1407 1735 1506 1790 ἐπὶ
1538 1736 1672 1803 τοὺς
1703 1737 1937 1807 ἐργαζο-

350 1830 579 1899 μένους
609 1827 722 1896 τὴν
745 1829 1049 1898 ἁνομίαν;
1097 1828 1210 1899 Τὴν
1243 1829 1417 1901 αὐτὴν
1461 1825 1585 1882 εἷπε
1629 1830 1793 1884 πάλιν
1844 1832 1931 1883 ἒν-
1967 1824 2007 1879 Β

353 1933 530 1984 νοιαν,
566 1920 773 1989 σφόδρα
806 1919 908 1990 τῆς
967 1919 1224 1991 βοηθείας
1292 1920 1627 1990 ὀρεγόμενος
1692 1922 1782 1976 διὰ
1832 1922 1932 1993 τὴν

354 2011 701 2082 σφοδρότητα
730 2012 829 2081 τῆς
864 2012 1134 2081 πονηρίας
1167 2010 1275 2063 τῶν
1294 2011 1587 2082 δαιμόνων.
1619 2014 1741 2079 Τίς,
1773 2015 1928 2083 φησὶ,

355 2105 894 2176 συμπαραστήσεταί
942 2121 1033 2176 μοι
1098 2106 1569 2178 παραταττομένῳ
1620 2108 1763 2161 κατὰ
1821 2106 1931 2159 τῶν

351 2195 639 2266 δυσμενῶν
657 2190 762 2262 ;⁷Η
783 2196 1002 2260 πάντως
1027 2197 1054 2249 ὁ
1078 2195 1234 2263 Θεὸς,
1264 2197 1292 2249 ὁ
1320 2195 1593 2268 διαφόρως
1630 2198 1931 2269 ἐπικουρή-

354 2302 455 2350 σας¹
484 2303 599 2358 μοι.

424 2403 497 2454 Ei
515 2399 603 2469 μὴ
649 2400 738 2455 ὅτι
775 2402 993 2469 Κύριος
1030 2404 1329 2470 ἐϐοήθησά
1362 2421 1484 2475 μοι,
1517 2404 1678 2473 παρὰ
1728 2406 1934 2476 ,βραχὺ

350 2491 677 2562 παρῴκησε
713 2492 793 2560 τῷ
834 2494 950 2563 ᾅδῃ
980 2498 1018 2565 ἠ
1061 2496 1234 2565 ψυχή
1263 2514 1406 2564 μου.
1457 2498 1570 2551 Καὶ
1598 2498 1709 2571 γὰρ
1746 2500 1795 2553 εί
1856 2499 1935 2569 μὴ

350 2583 525 2647 ὅντως
552 2585 764 2657 Κύριος
790 2587 1056 2659 ἐϐοήθησέ
1085 2606 1181 2659 μοι
1235 2590 1604 2645 κινδυνεύοντι
1645 2592 1933 2658 πολλάκις,

357 2678 559 2748 μικροῦ
586 2678 651 2733 ἂν
685 2681 982 2746 ἀπέθανον,
1025 2683 1139 2736 εἴτε
1169 2682 1263 2736 τὸν
1315 2684 1631 2753 σωματικὸν
1679 2684 1931 2752 θάνατον,

354 2770 470 2822 εἴτε
507 2770 600 2823 τὸν
629 2770 882 2843 ψυχικόν.
928 2772 1256 2842 Παρῴκησε
1287 2775 1345 2829 δὲ
1370 2775 1490 2839 νῦν,
1531 2776 1594 2830 τὸ
1623 2778 1929 2849 ἐνῴκησεν.

355 2857 524 2931 ’ᾍδης
547 2860 603 2914 δὲ
632 2861 831 2930 λέγοιτ’
851 2862 920 2917 ἂν
952 2864 1047 2916 καὶ
1076 2867 1107 2918 ὁ
1135 2864 1331 2936 βόθρος
1354 2869 1454 2937 τῆς
1483 2867 1783 2939 ἁμαρτίας.

432 2974 757 3043 Εἳὲλεγον,
793 2976 1163 3032 Σεσὰλευται
1187 2980 1221 3032 ὀ
1251 2978 1407 3045 ποῦς
1459 2997 1601 3050 μου,
1654 2981 1722 3035 τὸ
1758 2982 1933 3049 ἔλεός

2036 651 2226 703 relicta
2258 664 2359 704 sua
2410 648 2844 718 longanimitate,
2883 636 2948 703 ad
2978 649 3336 719 iudicandum
3375 667 3434 707 se
3473 669 3604 708 con-

2032 753 2232 798 vertat.
2286 742 2444 809 Quod
2479 753 2660 796 autem
2706 740 2963 797 Christus
3010 742 3227 809 justitia
3276 744 3619 825 appelletur.‘

2035 837 2269 890 testatur
2317 835 2514 890 beatus
2564 832 2770 888 Paulus
2813 833 2880 887 de
2932 847 2996 886 eo
3028 834 3260 889 dicens:
3298 835 3405 900 Qui
3448 835 3609 890 datus

2034 937 2112 982 est
2144 927 2296 981 nobis
2341 943 2374 980 ιι
2402 926 2533 993 Deo,
2565 926 2853 994 sapientia,
2884 925 3123 995 justitia.
3156 929 3532 996 sanctiﬁcatio,
3560 941 3606 983 et

2034 1020 2323 1087 redemptio
2344 1020 2412 1074 ".

2107 1109 2176 1163 Et
2196 1111 2432 1179 proximi
2459 1110 2574 1180 ejus
2598 1125 2777 1164 omnes
2795 1109 2926 1163 recti
2946 1111 3121 1165 corde.
3141 1109 3410 1166 Caeterum
3437 1126 3606 1180 prope

2036 1217 2160 1254 eum
2196 1211 2324 1255 tunc
2355 1216 2548 1256 omnes
2577 1201 2711 1272 juSti
2747 1200 3021 1264 aderunt,
3055 1201 3436 1259 illinimirum
3469 1204 3599 1258 ιιεεὶ-

2035 1302 2265 1358 stcntcs,
2295 1293 2387 1363 qui
2422 1295 2733 1348 universam
2770 1293 2876 1346 erit
2900 1301 3103 1348 terram
3127 1290 3505 1363 iudicaturus.

2110 1468 2279 1526 Vens.
2304 1470 2387 1526 16.
2422 1471 2551 1536 Quis
2582 1481 2856 1543 consurget
2888 1473 3015 1528 mihi
3035 1473 3290 1527 adversus
3318 1472 3609 1543 malignan-

2040 1563 2307 1629 tes?Qnis
2340 1564 2495 1629 mihi,
2531 1564 2734 1634 inquit,
2764 1565 3032 1619 adversus
3071 1567 3339 1633 malignos
3392 1564 3608 1631 adjutor

2040 1655 2217 1709 aderit
2245 1655 2543 1710 inimicos?

2109 1742 2214 1797 Aut
2244 1745 2361 1813 quis
2389 1744 2633 1798 consistet
2663 1759 2862 1797 mecum
2893 1743 3142 1797 adversus
3191 1752 3469 1811 operantes
3514 1742 3607 1797 ini-

2041 1837 2341 1904 quitatem?
2364 1835 2620 1891 Eamdem
2661 1836 2857 1906 repetit
2889 1838 3214 1892 sententiam
3243 1879 3258 1899 ,
3297 1853 3455 1907 opetn
3507 1839 3609 1893 sibi

2044 1926 2172 1981 ferri
2225 1929 2461 1983 maxime
2513 1937 2815 1996 expetens.
2875 1928 2949 1982 ob
2991 1929 3310 1983 immensam
3352 1930 3609 1984 nimirum

2040 2017 2352 2073 drmonum
2384 2018 2799 2089 malignitatem.
2821 2017 3193 2088 Quis,inquit.
3212 2021 3373 2076 simul
3402 2035 3610 2075 mecum

2043 2108 2097 2162 in
2130 2113 2248 2164 acie
2273 2111 2542 2166 adversus
2564 2110 2818 2165 inimicos
2847 2111 3154 2166 consistet?
3181 2110 3321 2164 Deus
3345 2109 3611 2182 profecto,

2042 2203 2134 2273 qui
2171 2212 2225 2259 et
2249 2203 2379 2257 olim
2410 2218 2653 2273 persaepe
2681 2203 2787 2258 mei
2815 2218 2999 2258 curam
3034 2204 3299 2274 suscepit.

2114 2403 2282 2460 Vens.
2320 2404 2405 2458 Π.
2438 2402 2560 2457 Nisi
2588 2403 2715 2474 quia
2748 2403 3003 2457 Dominus
3028 2404 3233 2473 adjuvit
3264 2420 3377 2468 me,
3424 2404 3609 2473 paulo-

2043 2496 2217 2551 miuus
2247 2496 2539 2551 habitasset
2578 2497 2632 2549 in
2662 2496 2870 2564 inferno
2904 2497 3087 2550 anima
3123 2512 3261 2550 mea.
3301 2495 3481 2559 Pene,
3532 2496 3610 2548 in-

2043 2589 2182 2657 quit,
2215 2588 2499 2658 periissem
2523 2626 2537 2651 ,
2569 2587 2766 2641 animae
2799 2595 2892 2639 aut
2932 2586 3106 2656 ipsius
3154 2586 3317 2641 etiam
3365 2587 3612 2657 corporis

2046 2692 2247 2746 morte,
2282 2680 2331 2735 si
2362 2678 2700 2749 periclitanti
2734 2678 2865 2732 mihi
2894 2677 3159 2733 Dominus
3192 2691 3352 2749 Opem
3380 2693 3489 2733 non
3528 2689 3610 2735 tu-
3644 2740 3650 2745 ,

2043 2772 2221 2828 lisset.
2250 2770 2354 2826 Per
2386 2771 2661 2827 internum
2694 2778 2875 2825 autem
2926 2783 3222 2840 possumus
3271 2772 3484 2846 peccati
3531 2772 3613 2826 fo~

2042 2878 2196 2921 ream
2224 2862 2548 2933 intelligere.

2113 2971 2282 3028 Vens.
2316 2972 2405 3028 18.
2436 2972 2497 3027 Si
2526 2972 2765 3027 dicebam
2787 2988 2807 3027 :
2829 2972 3005 3028 Motus
3023 2979 3101 3028 est
3136 2988 3224 3041 pes
3258 2989 3426 3038 meus.
3463 2974 3611 3029 mise-

352 3081 476 3121 σου
500 3104 517 3131 ,
558 3067 736 3135 Κύριε
762 3107 778 3133 ,
814 3068 1046 3135 ἐϐοήθει
1087 3088 1212 3139 μοι.
1292 3072 1354 3125 ΕΞ
1393 3072 1582 3139 ελεγον
1651 3075 1786 3144 πρὸς
1839 3076 1932 3129 τὸν

2042 3069 2277 3123 risus-dia
2309 3078 2402 3122 tua
2432 3108 2448 3134 ,
2485 3068 2736 3131 Domine,
2769 3070 3055 3138 adjuvabat
3088 3085 3188 3123 me.
3239 3069 3297 3123 Si
3323 3071 3389 3124 ad
3447 3069 3616 3125 Deum

352 3156 512 3220 Θιδν,
548 3158 873 3211 Σεσάλευιιαι
897 3161 932 3230 ἡ
969 3161 1258 3231 ἐδραίωσίς
1282 3179 1406 3231 μου,
1433 3164 1528 3217 καὶ
1561 3165 1934 3237 ὑποσύρομαι’

2044 3161 2336 3226 dicebam,
2390 3160 2745 3215 stabilitatem
2804 3174 2966 3230 atque
3012 3163 3378 3216 constantiam
3434 3177 3615 3218 meam

353 3251 409 3301 ei.
439 3249 905 3325 ὲξωμολογούμην
926 3253 1027 3324 τὴν
1058 3256 1338 3325 ἡμετέραν
1365 3255 1674 3319 ἀσθένειαν,
1704 3257 1936 3329 ἐτύγχα-

2039 3251 2356 3316 ﬂuctuasse,
2378 3252 2437 3308 si
2468 3267 2556 3306 me
2585 3252 2693 3305 huc
2727 3263 2894 3321 atque
2922 3252 3050 3307 illuc
3107 3253 3177 3306 ob
3223 3254 3500 3321 propriam
3525 3253 3641 3306 in-.

351 3357 453 3395 νον
486 3340 760 3411 βοηθείας.
803 3346 1056 3401 Διδάσκει
1090 3347 1145 3400 δὲ
1173 3347 1257 3401 ὅτι
1294 3348 1445 3412 ὅστις
1502 3348 1570 3403 ἂν
1620 3347 1936 3403 ὀλισθαίνων

2039 3345 2350 3400 ﬁrmitatem
2382 3344 2615 3399 distrahi
2668 3345 2845 3412 palam
2879 3344 3100 3400 fuissem
3127 3345 3415 3401 confessus
3436 3382 3454 3404 .
3482 3361 3618 3399 con-

354 3435 594 3504 ὲπιγνῷ,
631 3439 727 3491 καὶ
762 3439 837 3509 μὴ
867 3437 1112 3510 ἀπογνῷ,
1144 3439 1294 3510 ,μηδὲ
1325 3440 1644 3512 ρᾳθυμήσῃ,
1672 3441 1788 3493 ἀλλ’
1820 3439 1936 3505 ἐξο-

2039 3437 2220 3493 festim
2253 3445 2311 3490 tu
2353 3436 2488 3490 mihi
2520 3437 2716 3490 aderas
2742 3435 2984 3504 adiutor.
3002 3438 3119 3491 Hoc
3150 3444 3331 3491 autem
3349 3451 3608 3495 sermone

359 3526 567 3599 μολογή
576 3545 759 3600 σηται,
776 3531 1001 3601 ταχεῖαν
1018 3531 1265 3600 εὑρίσκει
1282 3533 1383 3604 τὴν
1400 3531 1713 3602 ἀντίληψιν.
1750 3532 1936 3602 Ἐλεή-

2040 3530 2307 3585 docemur
2333 3544 2362 3583 a
2390 3527 2685 3599 Propheta,
2740 3528 2886 3598 quod
2912 3529 3226 3598 quicunque
3261 3529 3446 3597 lapsus
3475 3528 3616 3584 deli-

360 3633 486 3684 μων
505 3620 614 3692 γὰρ
656 3624 750 3676 καὶ
791 3623 1088 3694 συμπαθὴς
1119 3626 1146 3678 ὁ
1177 3624 1334 3686 Θεός.

2040 3630 2187 3677 ctum
2227 3635 2388 3676 suum
2416 3621 2738 3693 agnoverit,
2792 3630 2848 3677 et
2892 3636 3003 3676 non
3049 3620 3470 3691 desperaverit,
3520 3627 3616 3674 aut

356 3708 564 3780 alioqui
590 3712 928 3782 negligenter
953 3713 1160 3783 aliquid
1196 3728 1305 3769 non
1337 3716 1533 3784 egerit.
1570 3713 1665 3770 sed
1697 3715 1934 3785 ingenue
1973 3727 2162 3770 coram
2216 3711 2330 3768 Deo
2377 3713 2434 3767 id
2501 3712 2795 3768 confessus
2846 3712 3009 3766 fuerit
3036 3753 3055 3779 ,
3111 3713 3296 3769 statim
3349 3713 3614 3768 auxilium

357 3812 754 3877 consequetur.
790 3801 1102 3859 Misericors
1137 3806 1337 3859 etenim
1366 3814 1448 3859 est
1491 3804 1652 3866 Deus,
1703 3815 1759 3880 et
1789 3803 2209 3859 inﬁrmitatibus
2248 3803 2452 3858 nostris
2482 3802 2642 3858 facile
2689 3802 3044 3871 compatitur.

432 3895 594 3947 Κατὰ
621 3893 689 3946 τὸ
725 3893 961 3963 πλῆθος
993 3895 1112 3949 τῶν
1151 3895 1386 3950 ὀδυνῶν
1405 3914 1527 3965 μου
1593 3897 1665 3950 ἐν
1698 3894 1774 3964 τῇ
1808 3911 1936 3963 καρ‹

2112 3891 2280 3948 Vens.
2315 3894 2403 3947 l9.
2446 3892 2749 3947 Secundum
2778 3891 3171 3946 multitudinem
3203 3890 3444 3945 dolorum
3470 3910 3615 3946 meo-

356 3984 461 4053 δίᾳ
477 4001 596 4054 μου
642 3986 704 4038 ai
726 3985 1142 4054 παρακλήσεις
1165 4003 1282 4041 σου
1319 3988 1630 4057 εὔφραναν
1662 3986 1778 4055 τὴν
1820 3990 1936 4056 ψυ-

2039 4002 2154 4040 rum
2186 3985 2241 4038 iu
2280 3984 2438 4040 corde
2459 4001 2594 4049 meo,
2629 3984 3016 4038 consolationes
3057 3994 3162 4038 tute
3210 3984 3615 4052 la'tiﬁcaoerunt

362 4076 488 4146 χήν
524 4095 666 4147 μου.
718 4079 1024 4147 Ἀναλόγως
1060 4079 1123 4133 τὸ
1178 4079 1383 4151 πλῆθος
1431 4080 1542 4134 τῶν
1581 4080 1786 4133 ὀδυνῶν
1836 4096 1936 4148 μου

2039 4079 2270 4132 animum
2296 4092 2490 4131 meam.
2521 4074 2687 4131 Juxta
2726 4075 3133 4146 proportionem
3164 4076 3441 4141 dolorum,
3475 4092 3639 4146 quos-

357 4169 481 4225 τῶν
507 4172 566 4224 ὲν
592 4171 662 4242 τῇ
697 4170 895 4242 καρδίᾲ
935 4187 1040 4242 μου
1080 4170 1448 4243 ἑχορηγοῦντό
1475 4188 1565 4242 μοι
1599 4172 1693 4224 καὶ
1739 4170 1797 4223 αἱ
1832 4184 1936 4225 πα-

2039 4170 2093 4225 in
2136 4168 2304 4224 corde
2337 4169 2638 4239 gerebam,
2676 4168 2915 4237 praestita
2948 4174 3077 4221 sunt
3113 4180 3144 4220 ο
3195 4174 3248 4221 te
3292 4167 3429 4221 mihi
3465 4169 3641 4222 sola-.

361 4261 665 4333 ρακλήσεις
692 4278 810 4315 σου.
842 4261 1054 4333 Ὥσπερ
1113 4261 1173 4315 δὲ
1220 4262 1409 4317 ὀδύναι
1457 4262 1739 4333 διάφοροι,
1794 4260 1936 4315 οὕτω

2039 4264 2211 4319 mina.
2256 4261 2428 4317 Sicuti
2459 4262 2605 4316 euim
2638 4262 2892 4315 dolorum
2935 4259 3086 4314 varia
3121 4267 3250 4314 sunt
3283 4275 3506 4331 genera,
3538 4261 3612 4314 ita

358 4351 458 4404 καὶ
489 4352 545 4405 al
576 4351 729 4422 παρὰ
775 4352 913 4406 Θεοῦ
963 4353 1349 4424 ψυχαγωγίαν
1383 4355 1480 4407 καὶ
1517 4354 1655 4424 πρὸς
1691 4352 1755 4409 τὸ
1798 4348 1936 4417 εἶδος

2039 4357 2204 4411 etiam
2240 4353 2566 4422 multiplicia
2600 4361 2731 4407 sunt
2767 4351 3054 4421 refrigeria
3079 4390 3098 4415 ,
3132 4358 3257 4425 quae
3300 4351 3456 4407 nobis
3508 4353 3614 4407 tri-

356 4441 457 4496 τοῦ
496 4442 811 4513 τραύματος
849 4444 1117 4512 ἐπάγεται
1165 4445 1262 4499 καὶ
1293 4448 1327 4517 ή
1369 4445 1658 4518 θεραπεία.

2039 4445 2157 4500 buit
2186 4444 2353 4500 Dens.
2385 4441 2520 4498 Nam
2551 4443 2707 4513 juxta
2753 4442 3038 4497 vulnerum
3078 4441 3399 4513 qualitatem
3422 4482 3438 4508 ,
3476 4458 3614 4499 eon-

2024 4528 2345 4592 s'enientem
2377 4534 2615 4605 applicat
2641 4532 2994 4589 medicinam.

431 4642 530 4711 Mi;
563 4643 972 4713 συμπαρέστω
1004 4659 1106 4700 σοι
1147 4646 1363 4714 θρόνος
1407 4645 1685 4716 ἀνομίας.
1733 4646 1935 4717 Θρόνος

2107 4652 2280 4708 Vens.
2310 4649 2400 4704 20.
2438 4647 2559 4703 Non
2600 4647 2871 4703 adhaereat
2900 4646 2996 4701 tibi
3025 4645 3245 4702 thronus
3286 4647 3611 4719 iniquitatis.

356 4735 592 4804 ἀνομίας
622 4734 943 4800 ὀδιάσολος,
982 4734 1059 4799 ὡς
1108 4736 1167 4789 ὲν
1212 4735 1362 4807 αὐτῷ
1411 4737 1507 4791 καὶ
1538 4736 1934 4807 βασιλευούσης

2039 4744 2299 4800 Thronus
2334 4741 2647 4812 iniquitatis
2676 4749 2763 4796 est
2798 4739 3052 4795 diabolus
3096 4740 3151 4794 in
3183 4755 3293 4810 quo
3348 4742 3612 4812 iniquitas

357 4824 461 4878 καὶ
494 4824 941 4897 ἀναπαυομένης.
967 4817 1066 4894 Μὴ
1092 4827 1496 4897 συμπορέστω
1539 4827 1601 4881 δὲ
1620 4867 1635 4894 ,
1660 4827 1784 4882 ἀντὶ
1816 4818 1935 4892 τοῦ,

2039 4846 2095 4892 et
2123 4835 2406 4899 considet,
2441 4843 2496 4888 et
2539 4839 2752 4904 regnat.
2801 4830 2920 4887 Non
2962 4832 3240 4887 adhaereat
3295 4833 3465 4904 igitur
3490 4836 3611 4901 tibi,

356 4917 440 4986 μὴ
478 4917 798 4989 συμπαρείη
837 4935 951 4985 σοι,
1015 4919 1296 4992 κρίνοντι·
1356 4920 1762 4992 προστακτικὸν
1818 4921 1936 4974 ἀντὶ

2042 4928 2145 4983 hoc
2172 4936 2279 4990 est,
2311 4940 2421 4981 non
2457 4925 2601 4981 adsit
2635 4924 2731 4980 tibi
2757 4924 3054 4993 iudicanti.
3099 4923 3196 4979 Est
3232 4934 3414 4979 autem
3465 4927 3611 4995 apud

357 5006 639 5073 εὐκτικοῦ,
678 5007 754 5070 ὡς
811 5007 872 5062 τδ
926 5008 1170 5079 ἐλέησον.
1219 5008 1356 5062 Τινὰ
1405 5010 1462 5063 δὲ
1495 5010 1825 5081 ἀντίγραφα,
1851 5026 1936 5080 μη

2041 5019 2265 5074 Grmcos
2294 5016 2622 5087 imperantis
2651 5015 2846 5070 modus
2888 5029 2988 5086 pro
3037 5016 3303 5084 optativa.
3348 5014 3609 5080 Quaedam

356 5098 841 5169 συμπροσέσται,
861 5100 1184 5172 γράφουσιν,
1204 5100 1392 5171 ἤγουν,
1406 5109 1468 5154 oo
1505 5117 1569 5154 συ
1577 5101 1787 5171 μπροσέ
1796 5115 1936 5155 σται·

2043 5125 2174 5165 vero
2194 5107 2528 5178 exemplaria
2560 5106 2786 5175 ,babent
2822 5122 2837 5160 :
2869 5121 2972 5159 non
3035 5105 3343 5172 odhwrebit,
3384 5111 3441 5158 et
3481 5110 3614 5157 tunc

356 5190 395 5262 ἦ
421 5192 519 5244 καὶ
545 5189 720 5255 οὕτως
757 5191 967 5261 μέλλων
992 5192 1113 5247 ἀντὶ
1165 5192 1445 5247 εὐκτικοῦ.

2039 5199 2285 5255 futurum
2318 5207 2533 5268 tempus
2561 5197 2806 5268 iutellige
2838 5200 3075 5266 positum
3111 5195 3273 5249 modo
3309 5193 3575 5264 optativa.

2113 5314 2217 5381 Qui
2243 5314 2395 5385 ﬁngit
2426 5312 2656 5367 laborem
2679 5313 2732 5365 in
2759 5318 3039 5380 pra'cepto.
3067 5306 3170 5374 Qui
3216 5306 3458 5361 laborem
3509 5319 3612 5359 no-

356 5395 591 5468 γράφων
620 5398 754 5470 ἡμῖν
778 5397 948 5451 κόπον
984 5399 1065 5463 είς
1085 5402 1107 5452 ὲ
1118 5399 1422 5470 μποδισμὸν
1447 5398 1542 5454 τοῦ
1579 5402 1936 5471 προστάγμα-

2039 5408 2126 5464 bis
2158 5405 2439 5469 describit,
2472 5411 2532 5458 ut
2566 5403 3013 5474 impedimentum
3075 5397 3330 5453 omnibus
3384 5401 3611 5466 praestet

356 5489 452 5552 τός
488 5504 618 5542 σουο
649 5490 677 5542 ὁ
710 5489 816 5561 πρὸ
873 5491 968 5544 τοῦ
1020 5491 1441 5562 προστάγματός
1493 5508 1587 5544 σου
1633 5490 1802 5554 τιθεὶς
1847 5489 1936 5542 κό-

2039 5496 2332 5551 observare
2366 5493 2678 5548 volentibus
2711 5491 2966 5545 mandata
3005 5501 3094 5543 tua
3127 5506 3141 5542 :
3198 5488 3300 5551 vel,
3337 5486 3429 5558 qui
3481 5493 3610 5540 ante

358 5594 468 5633 πον
518 5577 603 5631 ἵνα
650 5579 727 5646 ὡς
773 5582 1031 5637 ἐπίπονον
1080 5583 1213 5638 αὐτὸ
1263 5582 1733 5656 παραδράμωμεν.
1802 5581 1935 5638 Εἶτα

2043 5585 2359 5641 mandatum
2411 5590 2566 5639 tuum
2598 5581 2780 5654 posuit
2815 5579 3056 5635 laborem
3092 5585 3256 5648 atque
3285 5590 3561 5633 :nrumnas
3590 5615 3609 5642 ,

444 5305 499 5357 Ὀ
531 5304 835 5360 πλάσσων
878 5308 1072 5362 νόστον
1107 5306 1206 5362 ἐπὶ
1261 5310 1635 5379 πρόσταγμα.
1693 5308 1752 5362 '0
1808 5308 1941 5361 ὐπο-

435 5758 484 5792 ”
517 5758 535 5812 Ι
562 5759 690 5815 Cor.
722 5773 760 5822 ι,
803 5759 893 5813 50.
