4088 6492
443 364 552 423 9C3

1690 371 2077 423 EUIHYMII
2103 373 2465 427 ZleblﬁNl

3599 385 3704 438 ΗΜ

439 488 499 531 ιιι
527 486 784 545 tanquam
802 474 1004 543 aliquid
1029 475 1362 531 laboriosum
1394 476 1524 531 illud
1548 488 1992 547 pertranscamus

2123 481 2269 548 λέγει
2301 485 2392 534 καὶ
2417 483 2516 553 τὴν
2548 483 2749 549 αἰτίαν,
2776 485 2844 538 δι’
2873 487 2938 558 ἦν
2968 488 3130 542 αὑτὸν
3167 490 3462 561 ἐπεύχεται
3489 510 3706 563 suam-

440 571 643 624 Deinde
675 584 898 622 causam
929 569 1094 623 etiam
1128 570 1304 624 reddit
1331 609 1344 632 ,
1379 585 1476 623 cur
1509 571 1812 626 dmmonem
1865 582 2015 641 Optct

439 665 550 716 Deo
571 678 686 725 non
722 663 1003 716 assistere.

509 751 674 807 Vens.
724 754 814 808 2|.
876 753 1219 807 Venabuntnr
1265 753 1518 808 adversus
1573 756 1813 807 animum
1852 756 2008 824 justi.

434 844 572 908 Quia
607 846 649 899 si
689 846 924 909 daemon,
956 848 1157 915 inquit,
1184 857 1236 900 ct
1275 849 1409 901 socii
1445 847 1560 914 ejus
1584 847 1679 901 tibi
1713 830 2012 910 astiterint,

434 938 616 990 Statim
654 953 751 990 ceu
785 938 1010 1006 laqueos
1043 939 1310 1006 quosdam
1357 954 1420 991 ac
1467 940 1781 993 venatorias
1828 940 2014 1006 plagas

434 1029 661 1082 tendere
702 1030 968 1097 incipient
999 1030 1266 1083 adversus
1290 1031 1468 1099 juStos
1498 1031 1812 1099 quoslibet,
1844 1045 2012 1083 accu-

432 1129 621 1173 sautes
654 1120 912 1172 nimirum
956 1137 1050 1197 eos
1082 1122 1148 1175 de
1180 1123 1424 1191 peccatis
1453 1138 1572 1190 quae
1617 1132 1709 1174 aut
1749 1123 2012 1193 ignoran-

2126 575 2322 642 ρεῖναι.

2196 754 2614 818 Θηρεύσουσιν
2644 755 2738 806 ἐπὶ
2771 755 2985 824 ψυχὴν
3013 759 3270 814 δικαίου.
3318 765 3465 816 Διότι
3495 765 3544 817 οί
3577 785 3703 837 περι

2120 840 2211 893 τὸν
2247 841 2496 894 διάϐολον
2548 840 2723 913 θήρας
2754 845 3034 914 ἄρξονται,
3068 852 3116 901 εί
3152 852 3293 903 κατὰ
3328 853 3422 905 τοῦ
3449 857 3702 924 τυχόντος

2117 934 2329 986 δικαίου
2364 936 2395 1005 ἢ
2429 939 2876 1007 συμπαρέσονται
2908 944 3346 1013 κατηγοροῦντες
3401 948 3565 1000 αὐτοῦ
3632 954 3700 1000 τι

2117 1029 2175 1078 ἐν
2210 1028 2404 1096 ἀγνοίᾳ
2429 1031 2522 1082 καὶ
2551 1028 2704 1097 παρὰ
2732 1030 2958 1100 γνώμην
2992 1033 3367 1106 ἁμαρτήματα
3400 1038 3490 1091 διὰ
3536 1056 3700 1109 πονη-

2116 1119 2239 1189 ρίας
2273 1121 2368 1172 καὶ
2404 1121 2820 1192 μισανθρωπίας
2844 1123 3174 1194 ὑπερϐολήν.

429 1218 534 1273 ter,
565 1222 658 1263 aut
689 1222 889 1279 praeter
923 1214 1669 1278 sententiamcounniserint,
1695 1213 2004 1284 atquehoc,
2047 1209 2118 1265 ob
2159 1211 2482 1267 immensam
2517 1228 2705 1269 eorum
2757 1217 3150 1286 malignitatem
3220 1229 3383 1289 atque
3444 1220 3699 1274 iuhutna-

427 1304 683 1359 nitatem.

504 1401 571 1454 Et
604 1401 913 1470 sanguinem
941 1401 1265 1455 innocentem
1315 1403 1762 1456 condcmnnbunt.
1817 1403 2004 1468 Quan-

422 1503 544 1547 tum
577 1493 628 1546 in
653 1492 731 1545 eis
765 1492 947 1545 fuerit.
984 1491 1311 1562 Sanguinem
1337 1509 1464 1547 vero
1503 1494 1849 1549 innocentem
1898 1497 2007 1547 cir-

423 1580 833 1651 eumloqucndo
870 1581 1051 1644 dixit,
1093 1596 1193 1650 pro
1243 1583 1541 1636 innocentes
1598 1585 1856 1638 homines.
1912 1585 2007 1640 Vel

422 1674 737 1744 hujusmodi
768 1688 1020 1728 sermone
1042 1687 1135 1726 eos
1160 1672 1408 1735 damnat,
1434 1673 1581 1742 quod
1614 1675 1818 1728 indicta
1844 1691 2007 1730 causa

2181 1403 2289 1455 Kal
2355 1397 2498 1470 αἷμα
2557 1404 2756 1458 ἀθῶον
2814 1405 3345 1462 καταδικάσοντίιι.
3399 1411 3538 1478 Τόγε
3605 1411 3697 1463 ἐπ’

2109 1494 2316 1556 αὐτοῖς.
2355 1490 2504 1564 Αἷμα
2535 1495 2591 1547 δέ
2623 1496 2818 1560 ἀθῶον,
2854 1502 2882 1551 ὁ
2928 1498 3106 1561 ὰθῶος
3161 1503 3610 1570 περι-εραστικῶς
3658 1505 3691 1573 ἦ

2111 1587 2329 1651 κόλασις
2371 1589 2401 1652 ή
2457 1589 2914 1653 ἀκαταδίκαστος,
2957 1592 3083 1644 ὅσον
3151 1593 3288 1663 πρὸς
3335 1596 3461 1658 τοὺς
3513 1595 3694 1657 θείους

2109 1679 2331 1747 νομούς,
2363 1681 2449 1732 ἵνα
2484 1682 2580 1734 καὶ
2603 1682 2827 1753 νοηθείη
2856 1684 2938 1736 ὅτι
2985 1683 3207 1744 κόλασιν
3239 1686 3425 1739 ἄδικον
3455 1688 3691 1758 ἀποφαί-

424 1780 615 1835 poenas
649 1763 912 1829 inferant,
950 1771 1011 1817 ut
1047 1763 1118 1816 sit
1147 1777 1344 1817 sensus
1373 1763 1516 1831 quod
1567 1765 1859 1819 immeritis
1909 1765 1999 1820 ho-

2109 1789 2324 1825 vovrat'
2349 1773 2429 1826 διὸ
2471 1775 2685 1834 πάντως
2719 1776 2778 1827 οὑ
2814 1777 3290 1848 συμπαρέσονται.

426 1857 665 1911 minibus
698 1855 948 1924 ittlligCItt
978 1855 1266 1926 supplicia,
1293 1867 1456 1925 atque
1485 1855 1608 1911 ideo
1635 1857 1729 1910 tibi
1759 1897 1775 1922 ,
1803 1857 1999 1927 inquit,

423 1967 534 2005 non
567 1951 948 2004 adhaerebunt.

491 2041 662 2096 Vens.
693 2043 784 2098 “2‘2.
823 2041 887 2095 Et
914 2041 1084 2110 factus
1104 2050 1177 2094 est
1211 2040 1339 2093 mihi
1366 2039 1621 2094 Dominus
1645 2042 1696 2095 in
1722 2043 2002 2113 refugium.

425 2134 581 2202 Mihi,
613 2136 862 2203 inquam,
895 2147 1180 2203 oppresso,
1208 2140 1262 2187 et
1302 2132 1742 2201 persecutionem
1792 2135 1846 2188 in
1900 2133 2003 2189 hac

422 2227 534 2280 vita
565 2225 882 2280 sustinenti.

493 2317 559 2370 Et
594 2317 734 2370 Deus
771 2333 914 2370 mens
942 2318 994 2370 in
1028 2316 1354 2386 adjulorium
1398 2316 1510 2386 spei
1538 2315 1999 2386 meaSperabam

415 2410 668 2480 equidem
703 2410 983 2472 resistere,
1013 2425 1198 2462 verum
1233 2425 1356 2465 cum
1392 2410 1740 2480 opprimerer
1776 2425 1838 2463 ac
1874 2409 1998 2462 fati-

418 2519 597 2572 garer,
629 2501 934 2556 deﬂuebam
963 2542 977 2566 ,
1015 2502 1326 2556 aclabebar
1372 2514 1634 2572 concepta
1677 2519 1772 2573 spe
1799 2545 1813 2568 ,
1861 2503 2002 2557 Deus

419 2602 604 2649 autem
633 2595 765 2647 mihi
799 2602 1000 2663 pra-sto
1053 2593 1196 2656 fuit,
1243 2605 1298 2648 et
1349 2608 1502 2663 spem
1561 2611 1734 2649 meam
1782 2613 2001 2651 rursum

416 2685 784 2747 conﬁrmavit,
809 2684 1135 2753 tribuitque,
1162 2695 1222 2738 ut
1251 2685 1474 2739 meliora
1501 2686 1681 2742 adhuc
1697 2702 1999 2757 sperarem.

490 2775 656 2832 Vens.
697 2776 789 2831 23.
846 2773 917 2829 Ει
968 2777 1147 2831 reddet
1199 2778 1310 2832 illis
1357 2781 1694 2850 iniquitatem
1742 2784 2001 2851 ipsorum.

427 2867 959 2923 Condemuationem
1009 2870 1222 2924 scilicet
1273 2885 1372 2941 pro
1401 2887 1590 2925 eorum
1639 2873 2000 2943 ittiquitatem.

485 2961 552 3012 Et
577 2960 866 3015 secundum
898 2958 1165 3014 malitiam
1200 2977 1381 3015 eorum
1409 2961 1602 3018 delebit
1624 2980 1712 3020 eos
1746 2965 2001 3020 Dominus

417 3051 577 3106 Deus.
613 3081 684 3094 --
713 3052 912 3106 Delebit
939 3092 956 3118 ,
992 3053 1097 3109 hoc
1167 3063 1252 3110 est
1276 3093 1292 3118 ,
1346 3055 1500 3110 tollet
1545 3071 1641 3114 eos
1690 3057 1759 3113 de
1797 3059 1998 3115 medio.

2179 2041 2284 2094 Kal
2315 2039 2560 2109 ἐγένετό
2583 2058 2686 2110 μοι
2709 2043 2926 2110 Κύριος
2971 2044 3059 2108 εἰς
3088 2045 3465 2113 καταφυγήν.
3519 2046 3689 2099 Πολε-

2110 2151 2209 2203 μου
2220 2133 2365 2203 μένῳ
2395 2135 2490 2186 καὶ
2518 2133 2835 2205 διωκομένῳ
2862 2136 3005 2190 κατὰ
3037 2137 3128 2189 τὸν
3156 2137 3400 2206 παρόντα
3426 2138 3562 2207 βίον.

2174 2317 2284 2372 Καὶ
2313 2318 2346 2370 ό
2379 2317 2522 2380 Θεός
2538 2332 2658 2383 μου
2689 2317 2774 2380 εἰς
2798 2314 3033 2382 ,βοηθὸν
3058 2315 3313 2380 ἐλπίδος
3349 2332 3485 2382 μου.
3539 2314 3682 2368 Ἥλ-

2106 2408 2264 2472 πιζον
2303 2406 2405 2476 μὲν
2438 2409 2547 2475 γὰρ
2597 2407 2883 2476 ἀντέχειν’
2935 2407 3418 2476 καταπονουμένου
3449 2406 3508 2460 δέ
3558 2424 3680 2476 μου,

2105 2499 2291 2558 λοιπὸν
2324 2499 2596 2567 ὑπέῤῥεεν
2647 2498 2681 2567 ἡ
2724 2497 2878 2551 ἐλπίς
2909 2513 3040 2565 μου’
3074 2497 3341 2567 ἐϐοήθησε
3371 2496 3427 2549 δὲ
3447 2496 3621 2568 ταύτῃ
3654 2498 3688 2550 ὁ

2103 2592 2261 2654 Θεὸς,
2300 2588 2662 2652 ἐπανασώσας
2695 2605 2787 2658 μοι
2823 2589 2988 2648 πάλιν
3018 2588 3212 2660 αὐτὴν,
3249 2591 3344 2643 καὶ
3375 2588 3499 2652 δοὺς
3535 2579 3687 2641 ἐλπί-

2106 2685 2222 2749 ζειν
2251 2682 2621 2754 χρηστότερα.

2177 2773 2284 2828 Καὶ
2318 2772 2619 2827 ἀποδώσει
2645 2771 2848 2838 αὐτοῖς
2883 2773 3094 2840 Κύριος
3136 2774 3253 2840 τὴν
3275 2773 3534 2841 ἀνομίαν
3579 2775 3682 2828 ai)-

2104 2865 2245 2919 τῶν.
2300 2865 2414 2935 Τὴν
2456 2866 2757 2934 καταδίκην
2782 2867 2884 2934 τῆς
2914 2866 3147 2936 ἀνομίας
3171 2865 3376 2919 αὐτῶν.

2175 2963 2287 3016 Καὶ
2319 2961 2469 3015 κατὰ
2508 2961 2624 3030 τὴν
2675 2962 2973 3029 πονηρίαν
3027 2961 3228 3016 αὐτῶν
3272 2961 3522 3032 rigarisi
3573 2963 3685 3016 αὺ-

2104 3052 2247 3118 τοὺς
2297 3052 2513 3121 Κύριος
2555 3055 2588 3106 ὁ
2628 3053 2796 3118 Cede.
2857 3051 3194 3121 ’Δφανισμὺν
3259 3052 3499 3108 ἐνταῦθά
3547 3070 3686 3124 φησι

417 3145 664 3215 Amplius
709 3146 914 3215 quippe
968 3161 1077 3200 non
1130 3147 1521 3216 apparebunt,
1559 3150 1688 3204 tecti
1732 3151 1994 3206 nimirum

2102 3145 2201 3212 τὴν
2228 3144 2294 3196 ἐκ
2316 3145 2482 3212 μέσον
2509 3143 2669 3213 ἄρσιν
2689 3141 3175 3249 αὐτῶνκμηδαμοῦ
3207 3146 3550 3214 φαινομένων
3573 3144 3682 3208 ἔτι,

415 3247 580 3304 atque
610 3237 793 3292 obruti
828 3239 950 3307 igne
975 3236 1186 3306 jamdiu
1215 3238 1297 3295 eis
1322 3249 1534 3308 paratu.
1562 3240 1796 3298 Possunt
1817 3251 1998 3300 tamen

415 3335 671 3404 praedicta
700 3335 767 3388 de
801 3334 988 3402 pravis
1023 3333 1344 3388 hominibus
1379 3333 1631 3404 intelligi.
1660 3332 1780 3390 Non
1815 3335 1996 3390 adhae-

419 3428 560 3481 rebit
587 3465 602 3490 ,
636 3426 813 3496 inquit
839 3465 854 3489 ,
892 3425 987 3478 tibi
1041 3426 1277 3479 thronus
1334 3424 1637 3494 iniquitatis
1671 3466 1687 3490 ,
1734 3425 1838 3480 hoc
1865 3437 1952 3482 est
1982 3465 1998 3489 .

417 3519 602 3572 nullus
653 3518 896 3585 iniustus
933 3516 1198 3585 princeps
1237 3515 1334 3570 tibi
1374 3516 1858 3586 appropinquabit.
1890 3516 1994 3572 Po-

422 3623 552 3660 nere
587 3617 767 3660 autem
801 3607 982 3662 solent
1011 3606 1328 3675 hujusmodi
1373 3606 1566 3675 iniusti
1613 3608 1887 3678 principes
1920 3610 2000 3662 la.-

419 3700 608 3754 borem
642 3699 700 3753 in
737 3709 1032 3767 praecepto,
1065 3714 1130 3753 eo
1164 3699 1308 3768 quod
1341 3700 1524 3754 ﬁdeles
1545 3716 1653 3755 non
1677 3703 1999 3771 permittunt

416 3791 605 3844 divina
639 3791 894 3844 mandata
949 3789 1069 3845 sine
1113 3791 1300 3847 labore
1353 3794 1668 3849 observare.
1717 3793 1999 3851 Venantur

417 3882 585 3934 etiam
624 3882 888 3935 adversus
913 3879 1096 3948 justos
1141 3897 1354 3951 omnes,
1386 3894 1440 3940 et
1495 3884 1818 3942 innocentes
1869 3903 1998 3943 con-

415 3973 696 4035 demnant,
723 3981 778 4027 et
811 3987 934 4041 qua
969 3985 1274 4043 sequuntur
1296 3988 1702 4047 consequenter
1731 3983 1992 4050 intelligo.

413 4063 570 4126 Quod
602 4079 730 4118 vero
781 4065 898 4118 ait:
933 4065 991 4119 in
1017 4067 1342 4136 ndjutorium
1374 4071 1483 4139 spei
1511 4086 1661 4135 meat,
1693 4072 1834 4127 idem
1869 4086 1951 4128 est
1977 4115 1994 4141 ,

413 4169 480 4207 ac
511 4154 555 4209 si
584 4145 814 4211 dixisset
846 4172 862 4219 ς
895 4156 964 4212 ad
985 4159 1454 4215 conﬁrmationem
1482 4161 1627 4216 illius
1658 4165 1798 4232 spei,
1828 4181 1992 4234 quam

413 4253 574 4298 antea
611 4245 962 4303 ﬂuctuantem
1001 4249 1266 4305 habebam
1293 4267 1418 4306 cum
1447 4253 1990 4314 vidererderelictus.

411 4335 563 4391 Illico
595 4336 739 4390 enim
785 4353 908 4392 eam
945 4339 1087 4396 Deus
1119 4342 1487 4407 conﬁrmavit,
1529 4354 1591 4398 ut
1621 4347 1754 4400 mihi
1797 4359 1996 4416 praesto

411 4429 544 4530 fuit:
566 4426 775 4483 Reddet
804 4439 986 4486 autem
1019 4433 1133 4530 illis
1159 4435 1212 4488 in
1239 4434 1428 4490 futuro
1451 4437 1677 4504 sacculo,
1701 4439 1991 4497 destructis
2022 4475 2068 4530 Β

413 4519 671 4573 nimirum
700 4535 794 4575 eos
842 4529 1008 4591 atque
1053 4523 1395 4581 interimens.

839 4611 981 4668 Laus
1011 4617 1205 4674 cantici
1239 4619 1344 4686 ipsi
1362 4619 1562 4676 David.

931 4707 1256 4768 PSALMUS
1285 4710 1468 4767 XCIV.

484 4797 590 4850 Iste
626 4797 788 4852 etiam
838 4800 1082 4868 psalmus
1137 4792 1278 4869 apud
1326 4802 1585 4860 Hebraeos
1636 4805 1992 4878 inscriptione

409 4899 586 4956 caret,
611 4907 798 4949 verum
826 4891 969 4946 LXX
991 4903 1045 4947 et
1080 4893 1291 4952 laudem
1345 4895 1514 4950 David
1547 4898 1988 4968 inscripserunt,

409 4997 477 5036 eo
504 4982 650 5052 quod
680 4983 934 5052 praesenti
965 4983 1178 5052 psalmo
1213 4983 1488 5055 Propheta
1517 4987 1690 5056 Deum
1725 4991 1990 5050 laudave-

411 5074 506 5136 rit,
545 5084 595 5130 et
623 5074 912 5141 canticum,
944 5075 1074 5144 quia
1115 5089 1239 5136 cum
1273 5077 1532 5144 melodia,
1563 5081 1800 5136 humana
1836 5099 1991 5152 voce,

409 5165 738 5221 cauebatur.
772 5167 949 5236 Atque
981 5168 1090 5224 imo
1123 5168 1177 5222 in
1206 5184 1270 5223 eo
1292 5170 1493 5224 dicitur
1521 5189 1534 5226 :
1568 5172 1625 5224 In
1649 5173 1870 5240 psalmis
1902 5175 1994 5244 ju-

410 5256 627 5310 bilemus
651 5258 718 5311 ci.
757 5257 1145 5313 Cunvocantur
1176 5271 1359 5313 autem
1393 5263 1494 5316 hoc
1526 5263 1740 5331 psalmo
1779 5267 1846 5317 ad
1894 5279 1993 5319 ex-

409 5349 766 5404 sultationem
802 5350 988 5405 ﬁdeles
1025 5368 1218 5408 omnes
1253 5354 1304 5406 in
1338 5353 1615 5408 Christum
1649 5395 1664 5418 ,
1698 5364 1750 5410 et
1777 5353 1946 5409 Judaei
1977 5396 1992 5421 ,

410 5438 503 5505 qui
541 5442 782 5493 nondum
820 5442 1199 5507 crediderunt,
1241 5444 1478 5499 universi
1516 5445 1902 5508 admonentur,
1933 5456 1991 5500 ut

408 5531 585 5583 donec
625 5531 876 5584 idoneum
907 5533 1241 5600 poenitentia:
1271 5541 1483 5602 tempus
1510 5535 1729 5597 habent,
1759 5550 1987 5592 conver-

410 5627 598 5672 tantur
627 5621 690 5672 ad
732 5622 1015 5674 Dominum
1046 5663 1059 5686 ,
1092 5631 1145 5676 et
1177 5625 1406 5677 adorent
1453 5640 1598 5678 eum.
1637 5626 1861 5694 Utrique
1889 5645 1988 5682 au-

407 5715 516 5760 tem
537 5712 735 5776 populo
761 5713 951 5766 beatus
967 5712 1132 5767 David
1163 5715 1322 5768 veluti
1347 5732 1447 5770 suo
1473 5718 1673 5785 populo
1727 5721 1968 5788 scipsum

2105 3235 2192 3290 διὰ
2223 3235 2284 3289 τδ
2317 3235 2736 3306 κατακεχῶσθαι
2766 3235 2842 3304 τῷ
2873 3235 3264 3306 ἡτοιμασμένῳ
3283 3236 3495 3300 τούτοις
3525 3237 3680 3308 πυρί.

2101 3327 2369 3396 Νοηθεῖεν
2411 3327 2455 3380 δ’
2487 3327 2554 3382 ἂν
2576 3327 2643 3380 τὰ
2673 3329 2941 3398 εἰρημένα
2991 3327 3086 3381 καὶ
3126 3328 3254 3400 περὶ
3287 3328 3396 3381 τῶν
3426 3329 3686 3401 πονηρῶν

2101 3419 2407 3490 ἀνθρώπων
2431 3460 2445 3475 .
2486 3417 2622 3484 οἷον,
2656 3421 2718 3474 οὐ
2749 3421 3156 3490 συμπροτὲσται
3183 3439 3200 3455 ο
3232 3423 3292 3475 ού
3324 3425 3682 3493 προσεγγίσει

2099 3513 2286 3583 ἄρχων
2317 3511 2555 3581 ἄνομος’
2588 3514 2617 3568 ὁ
2668 3511 2839 3580 τιθεὶς
2885 3513 3075 3574 κόπον,
3111 3515 3204 3568 καὶ
3256 3513 3334 3584 μὴ
3381 3516 3685 3586 συγχωρῶν

2101 3607 2233 3674 ἡμῖν
2275 3605 2490 3666 ἀπόνως
2527 3604 2840 3672 ἐκπληροῦν
2866 3604 2936 3657 τὰ
2984 3605 3388 3675 προστάγματα
3425 3623 3541 3662 σου.
3566 3607 3680 3677 Θη-

2106 3694 2392 3765 ρεύσουσιν
2440 3697 2488 3748 οἱ
2529 3697 2839 3766 παράνομοι
2890 3697 3018 3760 τοὺς
3078 3697 3348 3762 δικαίους,
3403 3702 3497 3758 καὶ
3549 3701 3684 3764 τοὺς

2101 3789 2311 3850 ἀθώους
2344 3789 2786 3854 καταδικάσουσι,
2815 3791 2909 3844 καὶ
2940 3791 3006 3853 τὰ
3033 3791 3182 3863 ἐξῆς.
3202 3793 3274 3846 Τδ
3295 3795 3370 3857 δὲ,
3411 3795 3498 3858 είς
3523 3794 3682 3861 ,βοη-

2099 3882 2208 3935 θ.1ν
2235 3865 2485 3946 animm
2505 3899 2647 3949 μου,
2679 3882 2800 3938 ἀντὶ
2845 3881 2961 3948 τοῦ,
3006 3888 3084 3946 εἰς
3123 3885 3402 3954 στήριγμα
3441 3887 3539 3954 τῆς
3596 3886 3682 3946 εἰς

2099 3973 2261 4028 αὐτὸν
2290 3973 2504 4036 ἐλπίδος
2537 3991 2660 4042 μου,
2685 3974 3060 4043 σαλευομένης
3094 3975 3168 4037 ὡς
3205 3976 3682 4043 ἐγκαταλειπομέ-

2097 4084 2222 4121 νουο
2251 4067 2675 4137 ἀντιλαῦόμενὸς
2711 4085 2814 4139 μου
2849 4069 2980 4138 γὰρ,
3017 4067 3304 4138 ἐστήριξεν
3327 4070 3520 4138 αὐτήν.
3568 4071 3681 4128 Καὶ

2098 4156 2375 4216 ἀποδώσει
2411 4157 2613 4228 Κύριος
2652 4159 2712 4211 ἐν
2757 4159 2835 4230 τῷ
2877 4157 3127 4225 μέλλοντι
3167 4160 3360 4212 αἰῶνι·
3401 4160 3672 4227 xui-aqu-

2097 4251 2202 4306 νιεί
2256 4250 2456 4313 αὐτοὺς
2504 4251 2562 4304 ἐν
2595 4251 2672 4319 τῷ
2717 4233 2947 4322 παρόντι
3006 4251 3095 4306 διὰ
3138 4253 3526 4322 καταστροφῆς
3578 4254 3678 4306 καὶ

2099 4339 2352 4401 θανάτου.

2523 4613 2706 4676 Αἶνος
2732 4611 2892 4680 ᾠδῆς
2923 4612 3002 4677 τῷ
3045 4613 3243 4669 Δαῢίδ.

2661 4705 2956 4762 ΨΑΛΜΟΣ
2991 4706 3104 4772 μσς

2179 4798 2582 4867 Ἀνεπίγραιεος
2606 4814 2874 4862 καιουτος
2899 4801 3028 4866 παρ’
3066 4800 3358 4869 Ἑϐραίοις.
3386 4805 3446 4856 Οἱ
3503 4805 3674 4858 Εϐἀο-

2100 4889 2350 4958 μήκοντα
2380 4888 2435 4941 δὲ
2472 4888 2571 4958 τὴν
2604 4887 2920 4960 ἐπιγραφὴν
2942 4889 3144 4956 ταύτην
3167 4890 3434 4960 ἔγραψαν,
3492 4890 3674 4951 αἶνον

2092 4981 2193 5051 μὲν
2226 4980 2492 5042 εἰπόντες,
2522 4981 2604 5033 ὃτι
2631 4980 2888 5038 αἰνεῖτον
2917 4981 3070 5047 Θεὸν,
3111 4982 3272 5052 ᾠδῆς
3303 4984 3379 5048 δὲ,
3413 4985 3494 5038 ὅτι
3525 4988 3671 5056 μετᾶ

2093 5073 2293 5142 μέλους
2323 5072 2464 5144 ᾔσθη
2489 5089 2503 5104 ο
2535 5073 2630 5128 καὶ
2659 5075 2729 5127 ἐν
2752 5074 3018 5142 ψαλμοῖς
3045 5075 3175 5144 γὰρ,
3228 5078 3416 5146 φησὶν.
3443 5078 3673 5134 ἀλαλάν

2090 5165 2273 5234 ζωμεν
2302 5163 2480 5228 αὐτῷ.
2529 5159 2696 5226 Οὗτος
2719 5164 2848 5227 τοὺς
2884 5165 2984 5234 μὲν
3021 5167 3421 5232 πιστεύσαντας
3455 5171 3557 5239 ἠδη
3587 5173 3672 5240 τῷ

2090 5253 2312 5323 Χριστῷ
2356 5255 2618 5324 συγκαλεῖ
2668 5255 2805 5325 πρὸς
2864 5255 3212 5322 ἀγαλλίασιν,
3249 5260 3359 5319 τοῖς
3400 5258 3457 5311 δὲ
3497 5263 3670 5330 μήπω

2090 5346 2515 5400 πεπιστευκόσιν
2565 5346 2840 5410 Ἰουδαίοις
2889 5348 3272 5417 συμόουλεύει,
3317 5350 3422 5414 ἕως
3471 5352 3667 5420 καιρὸν

2087 5439 2268 5509 ἔχουσι
2296 5440 2606 5508 μετανοίας,
2638 5442 2964 5512 ἐπιστρέψαι
2995 5442 3090 5494 καὶ
3130 5451 3460 5514 προσπεσεῖν
3488 5446 3667 5516 αὐτῷ.

2085 5533 2378 5586 Συντάττει
2409 5534 2465 5586 δὲ
2500 5535 2594 5586 καὶ
2623 5534 2836 5598 τούτοις
2874 5537 3150 5600 κάκείνοις
3179 5540 3206 5590 ὁ
3237 5539 3405 5592 Δαϐὶδ
3443 5541 3658 5593 ἑαυτόν·

2083 5630 2198 5688 τοῖς
2261 5629 2378 5696 μὲν,
2430 5627 2504 5688 ὡς
2533 5629 2757 5690 οἰκείοις
2808 5628 2917 5680 ἀπὸ
2950 5630 3046 5697 τῆς
3083 5631 3400 5698 εὐσεϐείας,
3434 5638 3544 5698 τοῖς
3576 5634 3663 5703 δὲ,

2084 5720 2157 5782 ὡς
2188 5721 2337 5782 ἰδίοις
2372 5721 2478 5773 ἀπὸ
2515 5719 2609 5772 τοῦ
2639 5721 2850 5786 γένους.

409 5796 710 5866 coujnngit,
732 5801 1052 5859 Christianis
1075 5806 1293 5874 quidem
1324 5809 1389 5861 ob
1415 5811 1666 5880 pietatem
1708 5827 1756 5865 et
1791 5812 1969 5880 fidem,
2011 5813 2216 5867 ,Ιιιάωῑε
2251 5830 2376 5868 vero
2411 5814 2480 5867 ob
2509 5814 2722 5882 generis
2753 5816 3041 5887 originem.
