4088 6412
1515 381 1913 446 COMMENT.
1940 378 2024 439 IN
2064 375 2427 437 PSALMOS.

3450 390 3452 392 '
3510 373 3616 434 970

343 513 522 580 Δῖνος
541 509 698 579 ᾠδῆς
729 511 809 576 τῷ
835 508 1034 572 Δαϐὶδ,
1067 507 1165 558 ὅτε
1195 500 1358 567 οἶκος
1409 497 1753 566 ᾠκοδόμητο
1785 493 1938 562 μετὰ

2064 488 2188 543 Laus
2242 486 2457 553 cantici,
2486 485 2590 555 ipsi
2635 484 2824 551 Dauid,
2865 484 3075 554 quando
3115 499 3305 538 acutus
3343 485 3612 555 aediﬁcata

850 599 964 666 τὴν
996 595 1436 665 αἰχμαλωσίαν.

922 688 1216 741 ΨΑΛΜΟΣ
1249 687 1365 752 ιιεο.

441 785 839 855 ’Δνεπίγραφος
895 782 988 836 καὶ
1052 775 1204 842 οὗτος
1251 777 1384 848 παρ’
1455 768 1937 845 Ἑϐραίοις.Διατί

359 876 529 944 αἶνος
547 875 708 945 ᾠδῆς
747 874 899 945 παρὰ
946 870 1473 940 τῶνἙϐδομήκοντα
1513 866 1938 935 ἐπιγέγραπται,

363 969 686 1041 προείρηται
723 968 781 1020 ἐν
813 966 888 1037 τῷ
919 963 1028 1036 πρὸ
1081 963 1272 1017 τούτου
1331 959 1554 1031 ψαλμῷ.
1587 958 1751 1011 οἴκου
1780 955 1836 1008 δὲ
1861 954 1940 1006 οἰ·

358 1061 598 1130 κοδομὴν
627 1059 765 1130 μετὰ
796 1060 895 1128 τὴν
930 1055 1332 1127 αἰχμαλωσίαν,
1368 1051 1492 1106 καθ’
1521 1049 1767 1121 ἱστορίαν
1806 1046 1929 1118 μὲν,

361 1155 396 1222 ἡ
428 1154 575 1223 παρὰ
607 1149 912 1222 Ζοροϐάϐελ
973 1149 1264 1219 ἁνέγερσις
1313 1145 1406 1198 τοῦ
1436 1145 1493 1195 ἐν
1543 1138 1944 1213 Ἰεροσολύμοις

365 1246 516 1300 ναοῦ.
550 1246 706 1298 Κατὰ
733 1244 790 1296 δὲ
842 1240 1158 1312 ἀναγωγὴν,
1202 1242 1236 1310 ἡ
1271 1233 1590 1307 κατασκευὴ
1624 1232 1718 1286 τοῦ
1776 1245 1946 1302 προσ-

363 1337 673 1407 λήμματος,
709 1335 769 1389 ὲν
869 1334 1085 1405 ῷκησεν
1107 1336 1135 1386 ὁ
1165 1332 1294 1394 Υἱὸς
1367 1329 1460 1384 καὶ
1504 1327 1658 1390 Θεὸς,
1692 1323 1826 1395 μετὰ
1845 1320 1945 1392 τὴν

363 1428 770 1499 αἰχμαλωσίαν,
793 1428 859 1496 ἣν
881 1424 1306 1498 ᾐχμαλώτευσεν
1333 1425 1360 1476 ὁ
1395 1419 1642 1482 διάϐολος
1664 1433 1677 1446 ·
1715 1415 1848 1486 περὶ¹
1876 1409 1946 1485 ἧς

362 1521 601 1590 εἴρηται·
620 1521 860 1588 Ἀνέὅης
897 1523 984 1586 εὶς
1013 1519 1192 1587 ὕψος,
1217 1513 1697 1586 ᾐχμαλώτευσας
1721 1505 1934 1578 αἰχμα-

367 1613 614 1665 λωσίαν
637 1629 652 1642 ·
687 1611 720 1682 ἢ
747 1611 1010 1673 σύστασις
1060 1609 1161 1679 τῆς
1219 1605 1573 1674 Ἐκκλησίας,
1605 1604 1679 1672 ,ἣν
1709 1601 1738 1653 ὁ
1770 1598 1948 1668 μέγας

365 1707 462 1758 καί
481 1706 643 1773 σοφὸς
673 1706 1014 1776 ἀρχιτέκτων
1043 1703 1386 1774 ᾠκοδόμησε.
1424 1699 1614 1752 Πάντα
1648 1691 1950 1765 γὰρῖταυτὶ

363 1799 602 1868 προϊδὼν
620 1800 646 1850 ὁ
671 1797 837 1850 Δαϐὶδ
853 1797 1002 1868 ᾅδειν
1022 1794 1393 1865 προτρέπεται
1417 1788 1773 1861 χαριστήρια.

2516 587 2594 633 est
2619 587 2736 647 post
2767 579 3145 647 captivitatem.

2578 668 2900 725 PSALMUS
2937 670 3101 728 XCV.

2117 767 2277 822 Caret
2307 766 2473 820 etiam
2511 764 2600 819 hic
2638 765 2886 835 psalmus
2929 765 3291 834 inscriptione
3335 767 3478 837 apud
3507 769 3620 824 IIe-

2047 861 2248 916 braeos.
2283 858 2467 925 Quare
2496 866 2678 912 autem
2705 873 2734 912 a
2758 855 3218 928 LXXinscriptus
3258 859 3446 924 fuerit,
3471 859 3618 914 Laus

2047 952 2260 1014 cantici,
2305 949 2359 1002 in
2411 946 2684 1018 superiori
2741 945 2952 1014 psalmo
2997 945 3346 1000 tradidimus.
3393 946 3462 1001 Et
3525 962 3622 1016 per

2049 1042 2468 1098 aediﬁcationem
2495 1039 2710 1103 domus,
2737 1050 2858 1105 quae
2890 1035 3032 1090 facta
3055 1047 3149 1091 est
3170 1045 3306 1106 post
3328 1037 3624 1106 captivita-

2052 1144 2184 1202 tem,
2223 1135 2379 1206 juxta
2437 1131 2748 1196 historiam,
2785 1127 2978 1199 templi
3011 1129 3429 1184 renovationem
3462 1129 3625 1184 intel-

2051 1227 2297 1298 ligimus,
2337 1239 2462 1295 quae
2512 1223 2656 1278 facta
2711 1231 2799 1278 est
2835 1237 2863 1275 a
2897 1235 3035 1292 rege
3083 1220 3410 1278 Zoroba‘uel.
3461 1222 3626 1276 Juxta

2053 1332 2354 1389 anagogem
2378 1330 2508 1370 vero
2526 1323 2820 1385 assumpta:
2843 1315 3202 1368 humanitatis
3226 1315 3626 1378 habitaculum,

2050 1411 2106 1465 in
2139 1424 2251 1480 quo
2279 1408 2372 1463 Dei
2403 1405 2580 1460 Filius
2601 1414 2724 1475 post
2757 1404 3132 1474 captivitatem
3162 1405 3311 1459 illam
3344 1404 3629 1468 habitavit,

2051 1518 2159 1573 qua
2203 1499 2456 1556 diabolus
2505 1498 2780 1553 hominem
2833 1496 2965 1551 olim
3018 1497 3411 1567 captivaverat,
3461 1505 3515 1553 et
3559 1497 3628 1552 de

2053 1609 2159 1665 qua
2182 1593 2309 1648 alibi
2336 1592 2540 1647 dictum
2565 1601 2649 1646 est
2680 1607 2695 1644 :
2725 1591 3029 1644 Ascendisti
3058 1592 3113 1644 in
3137 1591 3330 1656 altum,
3349 1594 3632 1660 captivasti

2054 1684 2418 1752 captivitatem
2438 1680 2505 1733 ὀ.
2535 1679 2637 1735 Vel
2670 1681 2846 1750 ipsam
2881 1680 3048 1737 etiam
3102 1680 3368 1738 Ecclesiae
3417 1683 3633 1737 consti-

2057 1777 2354 1838 tutionem,
2411 1787 2577 1843 quam
2632 1787 2866 1843 magnus
2903 1787 2969 1827 ac
3001 1773 3223 1843 sapiens
3263 1773 3353 1828 ille
3379 1774 3636 1829 Archite-

365 1904 494 1950 clus
541 1894 854 1949 aediﬁcavit,
900 1895 1035 1948 Cum
1069 1892 1213 1946 enim
1258 1891 1376 1945 hac
1406 1886 1590 1944 omnia
1639 1885 1826 1938 futura
1865 1893 1988 1935 esse
2028 1874 2374 1947 praevidisset
2431 1873 2625 1928 beatus
2665 1870 2856 1938 David,
2893 1871 3236 1938 exhortatur,
3273 1885 3338 1925 ac
3388 1871 3636 1940 mandat,

365 1999 425 2045 ut
450 1988 753 2058 condignas
785 2000 884 2056 pro
928 1985 1096 2040 tantis
1126 1982 1409 2039 beneﬁciis
1436 1979 1737 2052 gratiarum
1771 1972 2020 2028 actiones
2056 1981 2321 2024 canamus
2348 1963 2493 2058 rDeo.

438 2053 665 2149 ﬂiam-vs
695 2053 1003 2145 ttD—Kvpltp
1033 2072 1198 2147 ᾆσμα
1235 2074 1471 2128 καινόν.
1500 2071 1566 2124 Τί
1600 2072 1749 2124 ἐστιν
1793 2063 1952 2140 ᾆσμα

2127 2058 2297 2113 Vens.
2340 2057 2392 2110 1.
2423 2055 2650 2109 Caritate
2677 2053 2908 2109 Domino
2943 2054 3209 2107 canticum
3249 2071 3458 2110 norum.
3494 2055 3638 2123 Quid

365 2175 550 2230 καινὸν
572 2173 881 2244 εἰρήκαμεν
914 2171 992 2240 τῷ
1027 2168 1105 2241 λβ¹
1129 2167 1353 2239 ψαλμῷ.
1389 2164 1560 2219 Ἔνθα
1613 2162 1695 2228 τὸ,
1736 2162 1955 2230 ᾋσατε

365 2265 528 2331 αὐτῷ
583 2259 749 2334 ᾄσζμα
797 2263 1010 2316 καινόν
1042 2301 1057 2326 ,
1113 2261 1202 2331 εἴη
1233 2259 1276 2312 δ’
1302 2259 1369 2312 ἃν
1400 2255 1554 2330 ᾆσμα
1611 2252 1820 2319 καινὸν,
1861 2249 1956 2305 καὶ

365 2361 502 2428 ὅπερ
521 2353 661 2430 ᾖσαν
686 2356 736 2409 οἱ
764 2355 988 2423 ἄγγελοι
1014 2352 1372 2423 γεννηθέντος
1427 2348 1522 2402 τοῦ
1552 2340 1793 2418 Χριστοῦ
1827 2357 1842 2372 °
1871 2343 1953 2408 τὸ,

365 2450 522 2515 Δόξα
548 2449 618 2502 ἐν
643 2448 927 2516 ὑψίστοις
959 2444 1101 2511 Θεῷ,
1131 2444 1226 2497 καὶ
1250 2444 1316 2496 τὰ
1342 2441 1488 2512 ἑξῆς.

449 2628 670 2698 ’ᾼσατε
694 2624 774 2691 τῷ
807 2625 1000 2694 Κυρίῳ
1019 2665 1034 2692 ,
1064 2622 1232 2680 πᾶσα
1249 2622 1288 2690 ἡ
1317 2621 1412 2692 τῆ.
1434 2617 1579 2673 *Ηκε
1598 2620 1704 2705 γᾴρ
1741 2619 1961 2672 ἐλευθεο

375 2719 568 2791 ρώσων
595 2719 778 2771 πᾶσαν
798 2717 898 2788 τὴν
942 2717 1048 2787 γῆν
1112 2716 1220 2770 ἀπὸ
1287 2715 1389 2783 τῆς
1455 2712 1838 2784 αἰχμαλωσίας
1865 2711 1960 2764 τοῦ

369 2810 649 2879 διαϐόλου.
681 2809 852 2862 Τοῦτο
878 2809 936 2862 δὲ
977 2811 1044 2882 τῇ
1093 2807 1214 2860 κατ’
1278 2807 1522 2877 ἱστορίαν
1567 2805 1827 2874 οἰκοδομῇ
1865 2803 1961 2857 τοῦ

377 2903 510 2957 ναοῦ
567 2903 688 2967 πῶς
716 2904 783 2956 ἂν
829 2902 1083 2972 ἁρμόσῃ,
1145 2900 1315 2972 μηδὲν
1354 2897 1589 2953 ἐνταῦθα
1630 2895 1740 2950 τῶν
1779 2897 1959 2952 ἄλλων

375 2995 546 3050 ἐθνῶν
572 2993 1001 3066 ὠφελουμένων;

454 3261 666 3332 ᾎσατε
683 3257 763 3326 τῷ
786 3261 1004 3336 Κυρίῳ,
1036 3259 1419 3331 caloriﬁcum
1444 3259 1509 3314 τὸ
1531 3259 1720 3328 ὄνομα
1747 3259 1958 3314 αὑτοῦ.

2058 2154 2126 2208 sit
2159 2165 2360 2207 novum
2392 2148 2692 2214 canticum,
2742 2147 2985 2202 diximus
3012 2147 3069 2201 in
3101 2148 3316 2216 psalmo
3337 2163 3471 2208 XLII.
3507 2149 3587 2205 Ibi
3623 2169 3637 2204 :

2061 2242 2290 2296 Caritate
2314 2240 2361 2292 ei
2389 2239 2654 2292 canticum
2685 2253 2898 2291 novum.
2929 2237 2998 2291 Et
3023 2252 3157 2292 sane
3190 2238 3495 2309 intelligere
3511 2254 3641 2312 pos-

2061 2349 2276 2399 sumus,
2322 2331 2456 2387 illud
2487 2345 2608 2387 esse
2639 2345 2839 2384 novum
2869 2330 3174 2395 canticum,
3203 2330 3348 2401 quod
3375 2342 3502 2388 nato
3529 2333 3642 2388 Do-

2061 2427 2214 2480 mino
2269 2425 2447 2496 angeli
2503 2422 2854 2493 vigilantibus
2913 2423 3235 2492 pastoribus
3269 2425 3636 2481 cecinerunt:

2065 2517 2253 2572 Gloria
2286 2521 2343 2572 in
2375 2517 2655 2571 altissimis
2689 2515 2799 2569 Deo
2821 2514 2888 2579 °',
2922 2522 3032 2570 etc.

2134 2609 2364 2664 Caritate
2395 2607 2846 2673 Domino,,0nmis
2883 2616 3047 2660 terra.
3085 2605 3247 2660 Venit
3285 2607 3644 2666 etenimlibe-

2064 2711 2293 2758 raturus
2343 2716 2562 2775 omnem
2611 2710 2814 2754 terram
2871 2713 2902 2752 a
2938 2697 3250 2754 daemonum
3301 2699 3642 2769 captivitate.

2065 2791 2194 2850 Haec
2221 2802 2404 2848 autem
2436 2792 2602 2849 verba
2637 2806 2746 2862 quo
2786 2799 2949 2860 pacto
2974 2791 3132 2860 juxta
3159 2791 3450 2846 historiam
3473 2791 3646 2847 a-diti-

2065 2882 2270 2936 cationi
2305 2882 2491 2952 templi
2545 2881 2760 2951 possint
2798 2881 3234 2946 accommodari,
3265 2896 3497 2950 prorsus
3531 2898 3644 2939 non

2067 2973 2248 3038 video,
2291 2987 2414 3026 cum
2467 2973 2588 3026 aliae
2625 2981 2838 3042 gentes,
2871 2979 3067 3041 praeter
3093 2971 3408 3027 Judaeorum
3447 2988 3645 3042 genus,

2066 3080 2135 3119 ex
2185 3064 2572 3134 hujuscemodi
2620 3063 2987 3119 aediﬁcatione
3034 3065 3263 3120 omnino
3303 3066 3441 3120 nihil
3480 3067 3646 3136 juva-

2068 3163 2288 3213 rentur.

2141 3245 2313 3304 Vens.
2345 3248 2400 3302 ’2.
2425 3247 2650 3303 Cantate
2688 3248 2939 3314 Domino,
2976 3250 3258 3308 benedicite
3279 3253 3484 3308 nomini
3507 3253 3645 3323 ejus.

377 3353 754 3424 Εὐφημήσατε
785 3353 847 3406 τὸ
882 3352 1054 3425 ὄνομα
1079 3353 1270 3418 αὐτοῦ,
1305 3353 1388 3406 ὅτι
1419 3352 1712 3423 σωτήριον·
1749 3350 1955 3422 Ἰησοῦς

2073 3338 2320 3394 Laudato
2346 3353 2545 3394 nomen
2578 3341 2719 3409 ejus,
2749 3341 3009 3410 quoniam
3057 3343 3301 3396 salutare
3346 3350 3450 3406 est.
3481 3342 3649 3402 Iesus

380 3413 493 3517 γὰρ
511 3413 765 3518 έωτὴρ
889 3413 1418 3516 ὅτι-παντοδύναμον
1453 3447 1518 3498 ἐκ
1553 3413 1955 3508 ’πίστεωςόνοέ

2071 3432 2275 3486 etenim
2305 3432 2726 3502 interpretatur
2777 3430 3052 3488 Salvator.
3094 3430 3192 3486 Vel
3230 3433 3360 3504 quia
3390 3437 3648 3507 omnipo-

383 3536 715 3606 μαζόμενον.
762 3536 898 3607 Τρὶς
925 3536 982 3590 δὲ
1005 3536 1066 3590 τὺ
1114 3535 1268 3598 αὐτὸ,
1295 3537 1466 3607 ἤγουν
1499 3533 1580 3599 τὺ,
1624 3537 1858 3606 ν’ᾼσαεε
1879 3534 1961 3602 τῷ

384 3626 583 3695 Κυρίῳ
607 3643 622 3658 ·
654 3627 736 3683 ὅτι
768 3627 860 3682 καὶ
889 3628 1036 3700 τρισὶ
1063 3628 1381 3700 προσώποις
1403 3627 1596 3699 Ἰχ-αὐτὴ
1621 3627 1833 3699 θεότης,
1869 3629 1963 3682 καὶ

385 3720 421 3790 ὴ
454 3719 591 3792 αὑτὴ
631 3722 838 3793 πρέπει
861 3721 1090 3791 λατρεία
1116 3723 1181 3792 τῇ
1206 3723 1337 3792 ἁγίᾳ
1359 3721 1575 3792 Τριάδι.

1935 3833 1949 3865 Ι

456 3985 928 4056 Εὑαγγελίζεσθε
954 3986 1183 4055 ἡμέραν
1219 3987 1289 4050 ἐξ
1319 3987 1544 4057 ἡμέρας
1571 3987 1636 4040 τὸ
1663 3986 1964 4056 σωτήριον

385 4077 594 4132 αὐτοῦ.
641 4079 999 4147 Διαγγέλλετε
1047 4079 1134 4132 ἀεὶ
1163 4079 1226 4131 τὸ
1257 4081 1526 4149 σωτήριον
1554 4081 1822 4150 κήρυγμα
1866 4080 1964 4132 τοῦ

386 4169 748 4238 Εὑαγγελίου·
792 4171 930 4240 πρὸς
956 4171 1083 4234 τοὺς
1121 4171 1457 4234 ἀποστόλους
1498 4171 1555 4224 δὲ
1590 4173 1685 4224 καὶ
1713 4171 1964 4233 τοὺςτῶν

387 4263 706 4317 ἀποστόλων
732 4262 1011 4334 διαδόχους
1033 4266 1062 4316 ὁ
1091 4263 1248 4332 λόγος
1274 4279 1288 4294 ο
1327 4264 1562 4335 ζήτησον
1591 4263 1649 4316 δὲ
1680 4265 1776 4317 καὶ
1794 4265 1851 4316 ὲν
1883 4263 1962 4333 τῷ

386 4351 466 4406 λθ¹
497 4353 702 4424 ψαλμῷ
753 4355 854 4425 τὴν
885 4353 1144 4424 ἐξήγησιν
1179 4355 1295 4420 τοῦ,
1336 4354 1460 4424 ,Τὴν
1501 4353 1793 4425 ἀλήθειάν
1845 4370 1961 4408 σου

387 4445 578 4500 καὶτὸ
608 4446 906 4515 σωτήριόν
935 4462 1052 4501 σου
1090 4442 1249 4502 εἶπα.

473 4537 886 4607 Ἇναγγείλατε
945 4537 1015 4591 ἐν
1046 4537 1172 4604 τοῖς
1226 4537 1429 4592 ἔθνεσι
1495 4539 1609 4607 τὴν
1639 4539 1828 4604 δόξαν
1855 4541 1964 4594 αὑ-

385 4627 516 4682 τοῦ.
571 4631 683 4700 Τὴν
735 4629 1173 4700 ὲνανθρὼπησιν,
1225 4631 1316 4683 καὶ
1356 4630 1425 4683 τὰ
1466 4630 1534 4683 δι’
1584 4633 1735 4701 ἡμᾶς
1786 4631 1960 4696 πάθη.

388 4722 530 4786 Δόξα
563 4722 674 4793 γὰρ
695 4721 771 4792 τῷ
804 4721 1052 4794 Δεσπότῃ
1084 4721 1143 4774 τὸ
1173 4723 1370 4775 παθεῖν
1397 4722 1538 4792 ὑπὲρ
1571 4723 1670 4792 τῆς
1701 4725 1812 4778 τῶν
1843 4723 1964 4775 δού-

385 4814 498 4868 λων
529 4816 823 4886 σωτηρίας.

478 4993 578 5046 Ἐν
614 4973 766 5047 enim
821 4993 946 5060 τοῖς
996 4994 1169 5058 λαοῖς
1199 4995 1268 5048 τὰ
1294 4994 1599 5062 θαυμάσια
1647 4994 1858 5046 αὐτοῦ.
1892 4994 1974 5045 Τὰ

396 5085 682 5153 θαυμάσια
701 5085 858 5154 ἔργα,
883 5085 918 5138 ἃ
940 5085 1167 5164 εποίησε
1230 5085 1820 5156 συναναστρεφόμενος
1859 5089 1971 5149 τοῖς

396 5175 728 5248 ἀνθρώποις.

471 5269 597 5323 Ὅτι
624 5268 812 5338 μέγας
841 5269 1057 5336 Κύριος
1083 5268 1179 5322 καὶ
1208 5267 1447 5333 αἰνετός
1487 5267 1747 5336 σφόδρα.
1781 5268 1975 5336 Μέγας

403 5359 624 5432 μὲν,ὡς
690 5360 1364 5432 παντοδύναμοςοαίνετὸς
1428 5359 1508 5428 δὲ,
1559 5360 1636 5425 ὡς
1669 5361 1978 5433 φιλάνθρω-

401 5470 526 5515 me.

475 5544 726 5612 Φοϐερός
755 5545 926 5599 ἐστιν
948 5541 1099 5610 ὑπὲρ
1128 5542 1357 5610 πάντας
1384 5544 1526 5610 τοὺς
1569 5545 1764 5611 θεούς.
1808 5537 1982 5609 Οὗτος

403 5635 508 5706 μὶν
535 5637 644 5707 γὰρ
694 5639 752 5690 ὲν
781 5637 860 5707 τῷ
921 5639 1153 5708 παρόντι
1203 5637 1364 5692 αἰῶνι
1413 5637 1638 5693 δύναται
1699 5637 1974 5704 κολάζειν,

479 5815 526 5848 ’θ
552 5813 700 5872 Psal.
726 5830 896 5880 vau,
932 5815 1018 5871 t9.
1096 5817 1138 5848 "
1164 5815 1300 5872 Luc.
1326 5835 1386 5884 ιι,
1413 5819 1504 5874 ii.

741 5913 782 5972 Ρ
797 5928 1010 5976 noon.
1048 5914 1167 5976 Gn.
1201 5913 1520 5976 CXXVIII.

2075 3531 2197 3580 lens
2234 3534 2318 3580 est
2358 3525 2510 3580 illius
2541 3539 2761 3590 nomen,
2807 3525 2852 3580 si
2896 3540 3020 3579 cum
3057 3524 3163 3592 ﬁde
3201 3526 3538 3582 nominetur.
3587 3528 3653 3584 Et

2071 3616 2369 3673 considera
2399 3616 2679 3688 quomodo
2728 3629 2812 3671 ter
2843 3617 3048 3676 dixerit
3080 3636 3094 3672 :
3133 3617 3359 3672 Cantate
3403 3619 3650 3688 Domino,

2071 3711 2202 3782 quia
2229 3710 2488 3766 nimirum
2515 3710 2693 3770 tribus
2730 3711 2932 3768 divinis
2953 3710 3204 3781 personis
3232 3711 3422 3766 eadem
3454 3724 3538 3767 est
3568 3714 3651 3768 di-

2072 3805 2306 3858 vinitas:
2366 3802 2516 3858 unde
2571 3803 2714 3858 idem
2762 3803 2964 3859 merito
3007 3804 3192 3856 cultus
3234 3801 3339 3872 ipsi
3381 3805 3650 3872 praestari

2073 3897 2237 3950 debet
2264 3894 2545 3951 Trinitati.

2151 3987 2530 4057 Euangelizate
2571 3985 2636 4042 de
2671 3987 2754 4042 die
2796 3988 2850 4045 in
2891 3987 3027 4044 diem
3061 3988 3300 4044 salutare
3324 3991 3462 4059 ejus.
3492 3990 3651 4046 Salu-

2060 4087 2275 4140 tarem,
2325 4078 2526 4148 inquit,
2585 4077 2864 4150 Evangelii
2932 4079 3376 4147 praedicationem
3433 4096 3653 4152 semper

2081 4168 2436 4222 annuntiate.
2472 4169 2740 4238 Loquitur
2783 4176 2970 4224 autem
3022 4167 3089 4224 ad
3131 4169 3441 4241 apostolos,
3472 4179 3527 4227 et
3578 4172 3650 4226 ad

2073 4260 2294 4314 illorum
2321 4274 2696 4317 successores.
2717 4259 2865 4318 Vide
2912 4277 3035 4331 qua:
3060 4263 3221 4324 Idicta
3257 4273 3387 4319 sunt
3418 4263 3470 4317 in
3495 4263 3648 4333 psal-

2074 4369 2164 4408 mo
2196 4370 2385 4418 χχχιχ,
2421 4353 2477 4408 in
2531 4354 2878 4424 expositione
2909 4355 3058 4410 illius
3077 4356 3351 4420 ,versiculi
3381 4371 3396 4410 :
3434 4355 3647 4411 Verita-

2075 4456 2178 4500 tem
2207 4455 2377 4511 tuam,
2405 4456 2455 4501 et
2477 4447 2718 4502 salutare
2749 4457 2897 4500 tuum
2925 4447 3064 4503 dixi.

2154 4537 2318 4596 Vens.
2358 4538 2411 4594 3.
2474 4539 2806 4593 Annuntiate
2848 4539 2984 4593 inter
3014 4549 3193 4610 gentes
3240 4541 3466 4610 gloriam
3509 4541 3646 4610 ejus.

2080 4629 2524 4684 lncarnationem
2557 4631 2842 4694 nitnirum,
2872 4639 2924 4685 et
2952 4633 3240 4700 passiones
3276 4647 3490 4698 omnes,
3511 4649 3651 4704 quas

2075 4721 2144 4775 ob
2174 4721 2408 4777 salutem
2432 4729 2680 4780 nostram
2714 4722 2998 4786 sustinuit.
3027 4721 3163 4777 Fuit
3193 4723 3500 4794 quippeilli
3530 4727 3645 4797 glo-

2079 4813 2183 4876 ria,
2220 4823 2415 4882 ut‘pro
2455 4828 2738 4875 servorum
2771 4828 2998 4878 suorum
3046 4815 3424 4886 redemptione
3485 4827 3652 4889 atque

2080 4907 2266 4968 salute
2296 4917 2447 4962 tanta
2483 4909 2556 4962 sit
2584 4922 2805 4978 passus.

2152 4996 2220 5048 In
2249 5000 2490 5054 omnibus
2517 4999 2723 5067 populi:
2753 5001 3027 5058 mirabilia
3055 5001 3192 5070 ejus.
3249 5001 3518 5056 Mirabilia
3563 5003 3654 5058 ni-

2083 5087 2286 5142 mirum
2328 5103 2492 5158 Opera
2520 5131 2534 5154 ,
2579 5107 2703 5159 qua:
2740 5090 2868 5146 fecit
2900 5108 3026 5147 cum
3060 5094 3202 5148 inter
3245 5091 3491 5146 homines
3532 5107 3656 5148 ver-

2077 5195 2136 5236 sa
2147 5191 2316 5235 retur.

2146 5272 2320 5329 .Vnns.
2344 5275 2398 5328 Δ.
2428 5269 2694 5344 Quoniam
2723 5292 2944 5345 magnus
2982 5274 3262 5340 Dominus,
3297 5289 3345 5332 et
3366 5279 3654 5343 laudabilis

2078 5364 2250 5419 valde.
2291 5366 2522 5437 Magnus
2571 5368 2890 5437 quidem,ut
2939 5367 3314 5437 omnipotens,
3359 5371 3652 5430 laudabilis

2083 5471 2212 5512 vero
2245 5466 2304 5512 ut
2338 5460 2675 5516 misericors.

2156 5549 2445 5606 Timendus
2471 5562 2552 5607 est
2592 5567 2749 5621 super
2779 5569 2957 5608 omnes
2987 5553 3132 5608 deos.
3161 5553 3297 5612 Nam
3329 5562 3385 5610 et
3427 5556 3482 5612 in
3519 5573 3657 5628 prte-

2090 5641 2238 5697 senti
2275 5644 2478 5698 saeculo
2511 5645 2920 5716 punircpotest
2951 5656 3004 5703 et
3040 5647 3094 5701 in
3123 5645 3309 5702 futuro
3339 5665 3353 5703 :
3389 5663 3491 5705 nec
3531 5663 3655 5705 cor.

3157 5919 3229 5987 31
