4088 6436
390 385 504 449 9η

1583 378 1949 441 COMMENT
1992 379 2074 440 ΙΝ
2104 379 2468 441 PSALMOS.

3549 378 3657 442 974

390 516 540 565 ται,
596 496 654 552 αἱ
703 495 898 569 ἀρεταί
928 511 942 527 ⁸
1003 492 1167 549 αὐλαὶ
1226 492 1282 547 δὲ
1332 492 1498 547 αὐτοῦ
1548 494 1663 559 νῦν,
1719 496 1775 547 ai
1832 493 1965 551 κατὰ

2078 494 2254 556 modi,
2295 495 2529 547 virtutes
2566 499 2732 561 sunt;
2773 491 2911 549 ουιεο
2969 506 3101 548 vero
3146 492 3290 566 ejus,
3338 490 3505 549 variae
3556 509 3658 565 per

388 589 595 651 τόπους
630 586 945 656 ἐκκλησίαι.

467 679 943 749 Προσκυνήσατε
969 676 1050 744 τῷ
1088 678 1286 747 Κυρίῳ
1316 678 1386 731 ἐν
1411 675 1572 744 αὐλῇ
1602 676 1738 746 ἁγίᾳ
1760 673 1973 730 αὐτοῦ.

2074 587 2265 640 orbem
2300 585 2568 642 ecclesias.

2146 678 2382 732 Adm'ate
2416 677 2700 731 Dominum
2750 678 2805 731 in
2842 678 2970 732 aula
2997 690 3185 732 sancta
3216 677 3334 748 ejus
3400 676 3500 733 llic
3536 692 3658 736 ver-

404 766 758 843 Ἦρμηνεΰθη
809 771 905 823 καὶ
955 762 1115 832 οὗτος
1194 769 1225 821 ὁ
1298 769 1481 837 στίχος
1538 770 1599 819 ὲν
1644 765 1840 836 ὲκείῦῳ
1896 764 1965 835 τᾷ

2076 769 2285 825 siculus
2351 770 2634 840 expositus
2683 770 2846 824 etiam
2888 785 2917 824 a
2961 772 3118 825 uoltis
3188 770 3293 826 fuit
3346 772 3400 825 in
3461 771 3655 826 eodem

389 862 624 933 ψαλμῷ.
659 862 908 933 Πρὸσχες
944 861 1024 925 δὲ,
1075 859 1195 923 πῶς
1232 859 1403 912 εἰπὼν
1438 858 1643 924 asta.“
1657 853 1780 911 εἷπε
1812 856 1965 910 πάλιν.

2076 861 2288 930 psalmo
2322 876 2513 916 xxvm.
2544 859 2681 915 Illud
2717 871 2898 915 autem
2926 861 3472 917 animadvertendum
3500 861 3660 916 duci-

391 953 583 1022 αὐλην,
630 951 922 1015 διδάσκων,
972 951 1056 1003 ὅτι
1100 949 1295 1004 πολλαὶ
1346 949 1447 1019 μέν
1481 950 1590 1002 εισι
1617 946 1697 1017 τῷ
1727 945 1970 1019 ἀριθμῷ,

393 1045 497 1114 μία
552 1044 612 1097 δὲ
643 1047 708 1114 τῇ
742 1044 955 1098 πίστει.
989 1042 1289 1113 Διῄρηνται
1339 1040 1437 1113 μὲν
1465 1039 1577 1112 γὰρ
1602 1041 1715 1101 τοῖς
1743 1040 1931 1103 τόποις
1952 1056 1968 1072 ’

386 1136 629 1206 ἠνωνται
661 1135 718 1189 δὲ
778 1139 845 1205 τῇ
870 1134 1148 1206 ὁμοδοξία.

2080 955 2227 1017 inus,
2279 953 2422 1022 quod
2482 968 2608 1007 cum
2661 953 2918 1024 superius
2966 954 3165 1025 plurali
3216 968 3449 1008 numero
3497 953 3656 1008 aulas

2079 1044 2298 1110 dixerit,
2335 1060 2484 1100 nunc
2525 1045 2791 1117 singulari
2829 1060 3084 1100 sermone
3111 1062 3307 1102 rursus
3346 1048 3525 1100 aulam
3552 1060 3658 1100 no-

2082 1136 2308 1191 minavit
2336 1156 2348 1191 :
2382 1136 2586 1193 docens
2620 1137 3064 1208 nimirum.quod
3099 1139 3286 1192 multae
3315 1138 3532 1208 quidem
3552 1148 3661 1192 nu-

389 1242 545 1282 mero
592 1227 842 1282 ecclesiae
880 1236 1026 1294 sunt,
1077 1226 1182 1281 ﬁde
1225 1239 1357 1280 vero
1395 1238 1501 1280 una
1545 1231 1633 1281 est
1686 1222 1936 1280 omnium
1979 1236 2157 1284 mater
2184 1229 2451 1285 Ecclesia.
2494 1229 2693 1286 Divisa:
2764 1229 3037 1300 siquidem
3099 1238 3230 1284 sunt
3310 1229 3469 1295 locis,
3539 1243 3662 1298 quas

386 1321 700 1390 conjuncta:
728 1329 856 1375 sunt
882 1322 1096 1375 unitate
1133 1318 1427 1389 opinionis.

457 1411 825 1480 Σαλευθήτω
862 1410 985 1464 ἀπὸ
1027 1409 1358 1480 προσώπου
1394 1409 1583 1465 αὐτοῦ
1612 1407 1783 1465 πᾶσα
1809 1409 1848 1478 ἡ
1875 1408 1965 1479 τῆ.

2155 1408 2316 1467 Vens.
2347 1407 2828 1467 9.00mmoveatur
2853 1425 2885 1462 a
2906 1407 3048 1476 [acie
3077 1408 3195 1478 ejus
3220 1408 3467 1462 universa
3489 1415 3658 1462 terra-

382 1503 467 1573 Τῇ
491 1504 786 1574 ἐπιφανείᾳ
811 1502 1000 1568 αὐτοῦ,
1029 1502 1451 1574 μετακινηθήτω
1478 1503 1589 1555 uno
1635 1504 1739 1574 τῆς
1764 1501 1965 1572 πλάνης

2075 1501 2250 1565 Illius,
2283 1502 2485 1572 inquit,
2515 1500 2780 1563 adventu,
2812 1500 3109 1555 universus
3163 1500 3319 1555 orbis
3363 1501 3432 1555 ab
3459 1514 3655 1556 errore

384 1596 482 1647 int
512 1597 610 1667 τὴν
634 1594 898 1667 ἀλήθειαν
917 1610 933 1627 ο
962 1593 1187 1664 σεισμὸν
1217 1598 1328 1664 γὰρ
1356 1594 1516 1648 τοῦτο
1559 1594 1657 1647 καὶ
1687 1595 1965 1664 προφήτης

2076 1593 2145 1648 ad
2173 1594 2458 1649 veritatem
2508 1594 2936 1649 commoveatur.
2995 1589 3154 1647 Unde
3205 1591 3347 1646 alius
3388 1592 3658 1662 propheta

383 1685 574 1755 ἕτερος
596 1686 879 1738 ἐκάλεσεν.
911 1686 1070 1738 Εἴποι
1101 1684 1148 1738 δ’
1174 1686 1242 1741 ἄν
1260 1703 1368 1748 τις,
1399 1685 1496 1739 καὶ
1524 1685 1617 1738 τὸν
1638 1685 1830 1738 κλόνον
1869 1683 1965 1752 τῆς

2075 1682 2284 1740 Christi
2327 1682 2653 1751 adventum,
2705 1690 3079 1737 terrannotum
3144 1682 3458 1752 appellavit.
3501 1682 3655 1736 illam

383 1776 513 1845 γῆς,
562 1777 654 1827 τὸν
678 1764 754 1828 έν
789 1775 867 1845 τῷ
919 1775 1100 1847 καιρῷ
1152 1775 1249 1829 τοῦ
1291 1775 1565 1845 σταυροῦ·
1609 1776 1704 1829 καὶ
1751 1776 1833 1828 ὅτι
1874 1774 1965 1827 τοῦ

2075 1777 2237 1831 etiam
2269 1785 2429 1831 terra:
2476 1775 2900 1831 commotionem
2934 1774 3190 1830 fortassis
3244 1774 3530 1844 Propheta
3565 1774 3657 1828 hic

382 1867 592 1938 Κυρίου
626 1867 892 1937 φανέντος
924 1866 1013 1921 διὰ
1041 1867 1142 1937 τῆς
1181 1865 1677 1939 ὲνανθρωπήσεως,
1716 1864 1965 1937 ἐσείσθη-

2074 1868 2356 1939 intelligit,
2406 1883 2528 1936 quae
2577 1867 2856 1938 passionis
2908 1874 3153 1937 tempore
3209 1860 3499 1921 lacta'est.
3555 1865 3655 1921 Vel

384 1974 488 2012 σαν
513 1959 636 2013 λαοί
659 1975 674 1990 ·
715 1960 1106 2031 ἐταράχθησαν
1128 1959 1282 2030 ἔθνη,
1322 1960 1412 2014 διὰ
1445 1959 1505 2013 τὸ
1535 1960 1823 2030 κήρυγμα.

2073 1957 2528 2014 commovendam
2553 1972 2672 2014 esse
2691 1964 2895 2013 terram
2926 1955 3198 2029 praedicit,
3227 1958 3357 2028 quia
3392 1958 3458 2013 ad
3478 1958 3658 2012 Evan-

382 2051 510 2121 gelii
545 2051 988 2121 praedicationem
1017 2067 1127 2124 quo
1155 2052 1428 2108 adventus
1454 2060 1620 2120 atque
1644 2049 1958 2107 inearnatio
1999 2049 2092 2105 Dei
2122 2049 2508 2114 anuulntiatur,
2535 2047 2778 2103 universi
2809 2047 2996 2121 pepuli
3036 2060 3101 2102 ac
3169 2034 3361 2118 gentes
3423 2056 3656 2103 contur-

381 2147 525 2200 bata;
547 2154 699 2200 sunt.

452 2234 677 2291 Ετπατε
690 2238 762 2291 ἐν
776 2238 901 2308 τοῖς
918 2241 1185 2307 ἔθνεσιν,
1208 2241 1298 2295 ὅτι
1317 2241 1527 2308 Κύριος
1543 2238 1969 2294 ἐϐασίλευσεν.

394 2327 748 2399 Ἢρμηνεύθη
774 2330 871 2384 καὶ
902 2330 1062 2384 τοῦτο
1101 2333 1159 2385 ὲν
1201 2334 1268 2401 τῇ
1310 2331 1452 2401 ἀρχῇ
1481 2328 1577 2383 τοῦ
1608 2327 1697 2397 ιβ’
1717 2327 1936 2398 ψαλμοῦ
1955 2367 1971 2381 .

396 2420 470 2472 Ἦ
499 2421 592 2472 καὶ
621 2419 795 2485 ἄλλως
813 2437 827 2452 ⁸
857 2422 941 2474 ὅτι
982 2426 1146 2493 μέχρι
1174 2426 1296 2476 τότε
1325 2423 1354 2474 ὁ
1377 2420 1625 2484 διάὸολος
1663 2420 1970 2482 ἐϐασίλευε,

381 2509 481 2564 καὶ
517 2512 552 2580 ἠ
585 2509 854 2581 ἁμαρτία.
892 2512 990 2582 Eii;
1021 2513 1066 2565 δ’
1090 2513 1157 2566 ἂν
1183 2513 1278 2565 καὶ
1312 2513 1519 2582 ἑτέρως
1562 2510 1814 2581 βασιλεία
1874 2507 1972 2563 τοῦ

384 2603 653 2672 Χριστοῦ,
684 2604 717 2673 ἡ
752 2605 890 2657 κατᾶ
915 2604 1101 2658 πίστιν
1131 2604 1379 2673 ὕποταγὴ
1406 2604 1517 2657 τῶν
1533 2603 1864 2675 ἀνθρώπων.

2143 2232 2319 2286 Dicite
2354 2231 2405 2285 iu
2437 2230 2682 2301 gentibus
2711 2229 2840 2300 quia
2869 2227 3128 2282 Dominus
3160 2227 3416 2297 regnavit.
3444 2226 3656 2300 Hujus-

2072 2327 2217 2381 modi
2246 2324 2412 2393 etiam
2438 2325 2607 2378 Verba
2628 2322 2880 2391 exposita
2909 2321 3136 2377 fuerunt
3185 2321 3239 2375 in
3271 2320 3484 2391 psalmo
3503 2334 3606 2377 xcn
3635 2341 3652 2391 ;

2072 2422 2157 2477 vel
2209 2418 2439 2474 :Dicite
2500 2415 2646 2487 quod
2700 2414 2969 2471 Dominus
3047 2416 3330 2486 regnavit,
3387 2416 3654 2472 hactenus

2072 2524 2310 2579 namque
2355 2508 2610 2562 diabolus
2661 2513 2717 2561 et
2765 2515 3053 2577 peccatum
3100 2513 3479 2577 regnaverunt.
3550 2508 3653 2563 Vel

2073 2603 2263 2665 aliter.
2290 2616 2524 2671 regnare
2556 2600 2646 2654 hic
2671 2600 2927 2655 Christus
2946 2598 3175 2662 dicitur,
3200 2607 3424 2670 propter
3448 2599 3653 2655 volun-

382 2695 580 2747 tariam
609 2693 758 2747 illam
784 2692 1132 2749 credentium
1162 2696 1589 2767 subjectiOnem,
1621 2709 1787 2765 quan.
1823 2696 1959 2749 lides
1998 2701 2252 2765 praestat.
2279 2689 2414 2747 Nam
2455 2691 2658 2761 alioqui
2695 2690 2766 2745 ab
2809 2699 3018 2745 aeterno
3083 2690 3249 2745 etiam
3318 2706 3485 2761 super
3548 2692 3656 2747 im-

385 2791 505 2860 pios
536 2800 699 2860 atque
728 2787 932 2844 invitos
963 2801 1173 2859 regnat.

390 2900 395 2909 '
458 2881 571 2936 Καὶ
593 2882 701 2951 γὰρ
731 2881 1089 2950 κατώρθωσε
1121 2883 1238 2951 τὴν
1274 2884 1655 2954 οἰκουμένην.
1704 2884 1967 2955 Ὀροοπο-

386 2975 503 3029 δεῖν
558 2976 641 3038 είς
700 2974 985 3029 εὐσέϐειαν
1040 2977 1501 3047 παρεσκεύασεν·
1550 2977 1585 3047 ἢ
1622 2976 1858 3049 ᾕὸρασεν
1886 2978 1968 3039 είς

385 3066 745 3138 Θεογνωσίαν.
787 3068 1165 3136 Οἰκουμένην
1207 3067 1265 3121 δὲ
1313 3068 1485 3136 λέγει,
1525 3068 1627 3139 τὴν
1653 3065 1967 3136 ἁπανταχοῦ

381 3159 485 3228 τῆς
508 3161 839 3230 οἰκουμένης
878 3159 1207 3232 Ἐκκλησίαν
1229 3201 1245 3217 .
1284 3163 1389 3228 Εἰς
1417 3161 1626 3217 πᾶσαν
1649 3160 1778 3231 γὰρ,
1810 3161 1964 3229 φησὶ,

2141 2877 2307 2932 Vens.
2339 2875 2428 2931 10.
2480 2873 2693 2945 Etenim
2729 2874 2928 2929 direxit
2970 2873 3154 2927 orbem
3189 2881 3367 2927 terrae.
3404 2870 3650 2931 Modum.

2065 2972 2269 3041 inquit,
2299 2969 2630 3039 praeparavit
2679 2965 2956 3032 Christus,
2989 2980 3101 3036 quo
3142 2964 3443 3019 humanum
3468 2979 3650 3036 genus

2067 3063 2390 3119 universum
2436 3069 2588 3116 recta
2637 3058 2704 3113 ad
2756 3060 3016 3128 pietatem
3062 3067 3229 3126 atque
3276 3054 3346 3111 ad
3414 3057 3655 3112 virtutes

2068 3162 2256 3225 posset
2289 3152 2575 3217 incedere;
2609 3152 2695 3205 vel
2740 3151 3008 3206 stabilivit
3044 3165 3141 3205 eos
3171 3147 3431 3205 Christus
3461 3151 3515 3204 in
3551 3164 3650 3206 co-

381 3249 500 3318 τὴν
521 3250 639 3321 γῆν
683 3251 951 3321 ἐξῆλθεν
979 3255 1014 3307 ὁ
1039 3256 1303 3323 φθόγγος
1336 3252 1538 3308 αὐτῶν
1563 3270 1576 3285 ο
1612 3253 1713 3308 καὶ
1748 3255 1835 3319 είς
1886 3252 1962 3305 τὰ

2069 3249 2312 3322 gnitione
2347 3245 2475 3312 Dei;
2504 3255 2559 3301 et
2603 3261 2701 3317 per
2733 3245 2922 3300 orbem
2951 3252 3134 3311 terrae,
3176 3244 3496 3299 universam
3536 3245 3645 3300 Ec-

381 3341 608 3410 πέρατα
631 3342 741 3429 τῆς
770 3345 1129 3415 οἰκουμένης
1150 3349 1219 3397 τὰ
1240 3347 1480 3416 ῥήματα
1496 3343 1698 3400 αὐτῶν
1717 3361 1731 3375 ·
1772 3361 1962 3415 περιτ-

381 3437 476 3489 τὸν
510 3436 567 3490 δὲ
597 3438 657 3490 τὸ
696 3436 828 3509 γάρ.

454 3706 619 3771 Ἦτις
645 3706 721 3760 σὺ
755 3705 1235 3774 σαλευθήσεται.
1274 3707 1394 3759 Τῶν
1424 3706 1768 3761 σαλευόντων
1789 3707 1964 3778 αὐτὴν

380 3797 656 3868 δαιμόνων
713 3797 1115 3865 ἀπαλλαγεῖσα,
1218 3798 1313 3850 καὶ
1373 3797 1465 3851 ἐπὶ
1530 3799 1628 3868 τῆς
1687 3798 1964 3870 ἀῤῥαγοῦς

374 3891 593 3960 πέτρας
617 3874 726 3959 ’τῆς
756 3889 997 3952 πίστεως
1027 3888 1447 3959 θεμελιωθεῖσα.
1510 3889 1741 3962 Εἴρηται
1784 3891 1841 3944 δὲ
1870 3892 1966 3944 καὶ

383 3985 443 4037 ἑν
484 3980 562 4051 τῷ
589 3973 886 4050 meum};
914 3995 929 4012 ·
953 3978 1063 4033 Καὶ
1097 3981 1206 4051 γὰρ
1236 3980 1569 4048 ἐστερέωσε
1606 3980 1723 4047 τὴν
1767 3982 1967 4034 οἰκου-

379 4073 599 4144 μένην,
627 4074 760 4142 ἣτις
803 4077 878 4129 οὐ
906 4071 1379 4140 σσλευθήσστσι,
1419 4075 1515 4125 καὶ
1547 4071 1821 4141 ἀνάγνωθι
1864 4072 1965 4142 τὴν

384 4165 507 4218 ἐκεῖ
539 4164 821 4235 ἐξήγησιν.
1898 4206 1907 4211 -

447 4257 651 4324 Κρινεῖ
682 4253 878 4321 λαοὺς
902 4255 977 4309 ἐν
995 4255 1301 4322 εὐθύτητι.
1325 4251 1482 4307 Κατὰ
1506 4253 1607 4322 τὴν
1622 4252 1835 4323 ἡμέραν
1866 4252 1965 4324 δη-

384 4347 520 4417 λαδὴ
566 4347 667 4417 τῆς
703 4348 965 4418 κρίσεως.
1030 4340 1170 4400 Eine
1219 4344 1279 4398 δὲ
1310 4343 1467 4399 τοῦτο
1503 4344 1595 4399 ἵνα
1628 4344 1846 4416 γνῶμεν
1883 4342 1966 4397 ὅτι

379 4433 540 4502 οὗτος
557 4438 738 4509 κίρινεῖ
756 4438 987 4502 πάντας.
1678 4476 1685 4485 .

455 4531 1010 4598 Εὐφραινέσθωσαν
1046 4531 1104 4585 οι
1134 4527 1403 4597 οὐρανοὶ,
1433 4528 1533 4585 καὶ
1579 4527 1969 4598 emunter

382 4621 429 4691 ἡ
450 4620 549 4691 τῆ.
574 4624 675 4675 Διὰ
698 4622 794 4676 τὸν
818 4623 1093 4694 οὐράνιον,
1128 4619 1252 4676 εἶτα
1287 4620 1556 4686 ἐπίγειον.
1580 4622 1686 4674 Τοῦ
1721 4619 1960 4691 Χριστοῦ

2069 4631 2346 4686 cmlestem
2378 4626 2640 4681 nimirum
2666 4636 2721 4680 et
2747 4623 2948 4680 deinde
2983 4632 3302 4680 terrestrem
3333 4624 3644 4681 Christum.
3728 4609 3760 4668 ί

2059 4722 2243 4776 Altera
2289 4719 2497 4789 quippe
2527 4715 2649 4785 ejus
2685 4724 2881 4770 natura
2917 4730 3156 4786 superne
3207 4714 3516 4782 descendit,
3565 4718 3651 4772 al-

383 4712 520 4784 γὰρ,
561 4716 625 4767 τὸ
668 4714 771 4783 μὲν
816 4713 1028 4769 ἄνωθεν
1072 4714 1312 4786 κατῆλθε
1337 4730 1353 4745 ο
1391 4713 1454 4767 τὸ
1496 4713 1558 4766 εδ
1596 4713 1843 4767 κάτωθεν
1895 4713 1961 4765 ά-

380 4803 570 4875 ν’ἠλθε.

456 4897 815 4963 russeum
845 4900 885 4968 ἡ
924 4897 1233 4963 θάλασσα,
1284 4896 1403 4953 καῖ
1426 4897 1493 4952 τὸ
1524 4896 1820 4967 πλήρωμα
1851 4898 1963 4950 αὐ-

380 4988 517 5056 τῆς.
582 4988 847 5042 Σάλευσιν
879 4987 1115 5042 ἐνταῦθα
1137 4989 1239 5058 τὴν
1274 4989 1560 5059 σκίρτησιν
1597 4988 1764 5054 λέγει.
1815 4986 1963 5057 Πλήὲ

386 5098 552 5154 ρωμα
578 5080 636 5133 δὲ
669 5082 769 5152 τῆς
812 5082 1091 5152 Θαλάσσης
1135 5082 1204 5135 τὰ
1235 5080 1451 5150 πέρατα
1479 5082 1670 5151 αὐτῆς,
1692 5080 1726 5150 ἢ
1775 5080 1826 5132 oi
1865 5096 1963 5132 πο-

381 5174 575 5243 ταμοὶ,
604 5177 660 5226 oti
703 5174 910 5244 λίμναι,
943 5175 1001 5228 αἱ
1033 5174 1208 5243 πηγαί
1233 5190 1247 5204 ·
1279 5175 1373 5227 καὶ
1405 5173 1593 5237 ἁπλῶς
1620 5175 1769 5226 πᾶσα
1798 5173 1961 5241 φύσις

383 5266 597 5321 ὑδάτων
630 5283 645 5298 ο
678 5267 1030 5339 σκιρτησάτω
1078 5266 1136 5319 δὲ
1163 5266 1329 5338 αὕτη,
1346 5266 1437 5322 διὰ
1464 5267 1526 5320 τὸ
1547 5266 1836 5336 βάπτισμα
1863 5263 1960 5317 τοῦ

382 5358 659 5428 Σωτῆρος-

454 5448 794 5516 Χσρήσεται
823 5451 896 5505 τὰ
921 5452 1121 5518 πεδία,
1162 5451 1260 5504 καὶ
1296 5451 1494 5506 πάντα
1516 5450 1587 5506 τὰ
1614 5451 1684 5506 ἐν
1712 5431 1956 5517 ἀὐτοῖς.

386 5540 512 5592 Ὀτι
538 5541 723 5609 μέλλει
792 5543 860 5595 δι’
915 5544 1096 5597 αὐτῶν
1132 5543 1338 5597 ὁδεύειν
1367 5547 1395 5597 ὁ
1420 5543 1675 5613 ἁγιάζων
1697 5542 1951 5615 Χριστός.

380 5633 576 5688 Πάντα
595 5635 649 5687 δὲ
678 5635 745 5689 τὰ
774 5638 833 5690 ὲν
852 5637 1058 5702 αὐτοῖς,
1087 5638 1228 5706 φυτὰ
1251 5637 1515 5709 δηλονότι.

463 5839 507 5877 ’δ
542 5838 685 5895 Psal.
714 5856 871 5910 xvtn,
895 5841 948 5896 5.

2066 3338 2289 3394 elcsiam
2323 3337 2379 3391 in
2412 3345 2530 3390 toto
2554 3336 2688 3391 orbe
2717 3333 3076 3390 cxsistentem
3112 3333 3391 3403 intelligit.
3424 3331 3494 3387 In
3522 3349 3648 3388 om-

2064 3448 2182 3487 nem
2213 3431 2359 3486 enim
2391 3437 2610 3491 terram,
2651 3425 2851 3495 inquit,
2888 3424 3049 3479 exivit
3079 3440 3242 3479 sonus
3263 3435 3467 3488 eorum,
3504 3434 3554 3477 et
3586 3425 3645 3478 in

2063 3527 2200 3595 ﬁnes
2226 3523 2367 3579 orbis
2386 3531 2542 3576 terra:
2569 3518 2726 3574 verba
2756 3517 3019 3573 eorum".
3041 3516 3332 3587 Supertlua
3362 3523 3446 3571 est
3464 3524 3645 3572 autem

2068 3618 2238 3673 dictio
2292 3615 2453 3670 enim.
2916 3604 2921 3605 ί

2140 3710 2246 3775 Qui
2273 3725 2376 3763 non
2395 3706 2827 3763 commovebitur.
2854 3705 2929 3762 Ex
2953 3719 3063 3775 quo
3091 3702 3238 3759 enim
3272 3702 3535 3759 liberatus
3562 3709 3650 3758 est

2067 3821 2099 3861 a
2129 3805 2440 3860 daemonum
2481 3801 2764 3864 servitute,
2796 3799 2891 3870 qui
2933 3807 3095 3853 antea
3133 3797 3287 3851 illum
3316 3809 3649 3851 commove-

2069 3898 2221 3960 bant,
2251 3902 2662 3965 consequenter
2695 3891 2960 3945 fundatus
3014 3889 3117 3943 fuit
3144 3903 3314 3958 super
3342 3880 3650 3942 inconcus-

2067 4004 2184 4057 sam
2216 3986 2343 4041 tidei
2384 3992 2616 4055 petram.
2660 3981 2910 4037 Similem
2954 3993 3096 4049 pene
3139 3980 3471 4034 sententiam
3500 3978 3650 4031 vidi-

2068 4092 2193 4133 mus
2233 4077 2289 4130 in
2339 4075 2552 4145 psalmo
2597 4089 2728 4137 xcu,
2766 4073 2842 4126 ibi
2876 4089 2892 4127 :
2937 4071 3151 4124 Etenim
3196 4070 3433 4140 ﬁrmavit
3469 4068 3650 4124 orbem

2068 4179 2243 4231 terrm,
2270 4167 2358 4236 qui
2390 4181 2492 4219 non
2511 4163 2944 4228 commovebitur,
2975 4160 3068 4215 ubi
3086 4160 3469 4230 exposuimus.

2135 4256 2411 4310 Iudicabit
2443 4254 2665 4327 populos
2702 4255 2756 4307 in
2806 4252 3144 4308 rectitudine.
3196 4252 3255 4305 in
3298 4251 3389 4306 die
3432 4249 3649 4305 scilicet

2063 4348 2283 4420 iudicii.
2315 4347 2432 4404 lloc
2463 4358 2647 4403 autem
2680 4345 2836 4411 dicit,
2858 4356 2919 4400 ut
2944 4342 3189 4402 sciamus
3218 4342 3367 4415 quod
3389 4342 3649 4402 Christus

2065 4456 2263 4499 omnes
2283 4441 2632 4512 iudicaturus
2660 4446 2769 4494 est.

2141 4533 2310 4590 Vens.
2363 4532 2451 4588 ll.
2499 4530 2770 4586 Lwtentur
2817 4528 2955 4591 cali.
3004 4538 3055 4583 et
3095 4525 3323 4584 exsultet
3364 4536 3530 4585 terra.
3563 4527 3648 4584 οι)

2064 4819 2178 4864 tera
2204 4823 2336 4862 vero
2368 4805 2596 4860 inferius
2621 4819 2652 4859 e
2683 4813 2827 4860 terra
2853 4814 3036 4858 ortum
3069 4805 3288 4860 habuit.

2137 4902 2544 4958 Commoveatur
2561 4914 2725 4964 mare,
2745 4908 2794 4952 et
2821 4897 3095 4967 plenitudo
3126 4895 3262 4967 ejus.
3294 4896 3643 4954 Commoveri
3714 4920 3717 4921 ν

2036 4982 2170 5049 huc
2209 4997 2263 5047 in
2301 4995 2422 5047 loco
2445 4993 2649 5060 posuit,
2688 5001 2788 5060 pro
2837 4990 3138 5045 exsultare.
3153 4986 3442 5043 Plenitudo
3460 4994 3648 5042 autem

2065 5086 2254 5151 maris,
2284 5091 2413 5139 sunt
2444 5084 2591 5138 illius
2610 5083 2771 5149 lines,
2796 5082 2880 5136 vel
2910 5081 3161 5144 numina,
3186 5088 3403 5149 stagna,
3435 5078 3641 5143 fontes,

2062 5193 2129 5232 ac
2164 5188 2275 5231 tota
2303 5177 2540 5247 denique
2573 5188 2839 5244 aquarum
2872 5173 3123 5227 materia.
3170 5169 3420 5225 Exsultet
3454 5179 3639 5224 autem

2065 5266 2441 5337 hujuscemodi
2472 5279 2739 5334 aquarum
2764 5260 3071 5332 plenitudo,
3091 5262 3161 5315 ob
3181 5275 3401 5317 sacrum
3428 5259 3639 5315 Christi

2066 5359 2360 5430 baptisma,
2388 5357 2535 5428 quod
2564 5356 2617 5409 in
2652 5357 2733 5410 eis
2761 5354 3093 5409 celebratum
3129 5359 3238 5406 est.

2136 5449 2447 5506 Gaudebant
2492 5447 2664 5515 campi
2703 5455 2753 5500 et
2789 5444 2970 5501 omnia
2998 5459 3114 5514 quae
3147 5444 3201 5495 in
3230 5443 3306 5498 eis
3338 5441 3642 5508 suut.Quia

2066 5544 2281 5602 scilicet
2315 5541 2472 5596 illine
2523 5538 2860 5594 transiturus
2898 5544 2981 5591 est
3011 5533 3294 5601 Christus,
3336 5542 3503 5604 atque
3535 5533 3642 5587 hoc

2069 5644 2231 5709 pacto
2262 5651 2325 5691 ea
2352 5633 2536 5695 omnia
2562 5631 2952 5688 sanetilicabit.
2986 5629 3089 5685 Per
3122 5627 3307 5685 omnia
3342 5643 3492 5696 vero,
3518 5642 3644 5701 quae

2071 5731 2124 5784 in
2150 5728 2231 5784 eis
2260 5734 2409 5790 sunt,
2440 5727 2584 5796 ipsas
2613 5722 2824 5794 plantas
2857 5720 3135 5792 intelligit.
