4088 6412
366 430 474 494 977

1509 426 1901 490 ΟΟΜΜΕΝΤ.
1948 425 2030 487 ΙΝ
2065 426 2431 490 PSALMOS.

3544 425 3652 487 978

362 541 573 597 ἀνελὼν
601 539 700 611 τὴν
752 539 1156 611 βασιλεύουσαν
1190 537 1492 608 ἁμαρτίαν.
1539 536 1650 591 Καὶ
1685 535 1816 606 περὶ
1846 537 1945 605 τῆς

2063 541 2304 602 peccato,
2343 532 2438 609 qui
2495 539 2658 588 antea
2725 533 2778 586 in
2829 532 2967 588 orbe
3032 531 3362 604 regnabant.
3427 531 3505 587 De
3549 547 3691 620 σις’

365 634 746 704 ἀγαλλιάσεως
766 635 822 685 δὲ
851 633 952 701 τῆς
984 633 1087 702 γῆς
1112 634 1170 688 ὲν
1196 630 1391 698 ἐκείνῳ
1415 631 1656 701 είρηται.
1925 704 1930 708 _

439 727 982 794 Εὑφρανθήτωσαν
1018 724 1203 792 νῆσοι
1245 723 1492 777 πολλαί.
1556 724 1622 776 At
1659 722 1802 775 κατὰ
1842 721 1953 793 χώ-

368 835 472 888 ραν
521 816 818 886 ἐκκλησίαι
862 817 962 886 τῆς
990 815 1242 887 ἁλμυρᾶς
1271 814 1533 878 ἀπιστίας
1556 811 1908 880 ᾀνακύψασαι
1934 825 1948 840 ⁶

2051 624 2350 681 sultatione
2397 634 2557 682 terra:
2640 625 2713 680 ibi
2736 625 2898 679 etiam
2930 628 3140 683 dictum
3180 635 3288 681 est.

2125 716 2395 772 Luctantur
2429 718 2621 773 insula:
2651 720 2855 776 multa.
2894 719 3154 783 Ecclesia:
3213 720 3479 776 nimirum
3526 737 3652 792 qua:

2052 808 2107 866 in
2147 807 2318 864 variis
2349 818 2481 864 sunt
2510 811 2706 874 mundi
2774 812 3046 882 partibus,
3091 828 3327 882 quicque
3364 813 3435 876 ab
3461 828 3650 876 amara

365 910 465 962 καὶ
512 907 858 977 πανταχόθεν
917 907 1017 977 μὲν
1092 905 1562 976 περικλυζόμεναι
1601 906 1715 967 τοῖς
1744 902 1956 973 κύμασι

2063 902 2515 972 Btsalsuginosa.
2566 914 2629 960 ut
2679 904 2753 959 ita
2785 905 2988 973 dicam,
3035 907 3377 972 inﬁdelitate,
3441 907 3653 962 insula-

365 999 478 1053 τῶν
522 1002 884 1070 πειρασμῶν,
929 1000 1094 1071 πῆξιν
1130 1000 1186 1054 δὲ
1238 1001 1296 1053 ἐν
1324 999 1403 1070 τῷ
1449 998 1674 1070 Χριστῷ
1721 997 1954 1070 βάσιμον

365 1091 731 1160 κεκτημέναι.
765 1093 835 1144 Ἣ
869 1091 964 1146 καὶ
991 1090 1178 1155 ἁπλῶς
1204 1092 1490 1161 νοήσωμεν
1519 1091 1619 1154 τὰς
1655 1105 1952 1143 πεπιστευ-

365 1184 528 1240 scuta:
555 1183 733 1252 ψυχάς
755 1198 770 1214 ·
801 1183 995 1254 ὥσπερ
1018 1184 1112 1240 καὶ
1145 1183 1271 1254 γῆν,
1293 1182 1392 1254 τὴν
1422 1181 1602 1236 κτίσιν
1621 1181 1718 1252 τὴν
1732 1182 1951 1250 καινήν.

2065 1008 2188 1048 rum
2229 995 2405 1053 instar
2453 997 2678 1054 elevata:
2711 1009 2842 1055 sunt
2875 1015 2890 1066 ;
2952 1015 3183 1070 qumque
3223 1000 3348 1054 licet
3407 1000 3651 1058 assiduis

2065 1088 2433 1148 tentationum
2465 1090 2726 1146 ﬂuetibus
2782 1091 3154 1162 impellantur,
3229 1091 3648 1152 l'umlameutum

2067 1187 2251 1236 tamen
2315 1197 2380 1239 ac
2441 1184 2675 1240 solidam
2745 1185 2802 1241 in
2844 1200 2972 1254 rege
3024 1200 3126 1240 suo
3181 1185 3403 1246 Christo
3430 1186 3650 1242 stabili-

365 1287 534 1332 tatem
611 1277 841 1333 habent.
890 1279 983 1334 \‘el
1061 1293 1160 1348 per
1193 1279 1432 1345 insulas,
1485 1277 1814 1348 simpliciter
1879 1270 2122 1333 fidelium
2199 1278 2449 1338 omnium
2527 1279 2745 1342 animas
2829 1278 3111 1359 intelligit;
3181 1285 3237 1337 et
3293 1295 3393 1351 per
3437 1289 3648 1336 terram

366 1385 566 1424 "0V3!"
611 1381 800 1426 crealu
811 1387 867 1425 ra
877 1388 924 1424 ιιι
936 1411 949 1425 .

434 1463 676 1532 Νεφέλη
707 1465 805 1519 καὶ
837 1467 1064 1535 γνόφος
1095 1468 1304 1533 κύκλῳ
1335 1467 1548 1523 αὑτοῦ.
1586 1467 1810 1538 Νεφέλη
1863 1466 1958 1521 καὶ

363 1555 584 1625 γνόφος,
643 1559 680 1627 ἡ
727 1558 1139 1630 προσληφθεῖσα
1191 1560 1354 1630 σὰρξ,
1402 1560 1489 1624 ὡς,
1527 1561 1961 1632 ὑποκρύπτουσα

363 1647 465 1718 τὴν
496 1649 730 1719 θεότητα
754 1667 768 1684 ο
822 1650 968 1706 ἔοικε
993 1653 1051 1706 δὲ
1084 1652 1246 1707 τοῦτο
1311 1657 1424 1718 τοῖς
1454 1657 1513 1708 ἐν
1547 1653 1628 1725 τῷ
1658 1653 1725 1721 ιζ’
1756 1654 1960 1728 ψαλμῷ

365 1744 594 1811 ῥητοῖς·
656 1741 774 1797 Καὶ
837 1745 1009 1800 ἔθετο
1049 1747 1271 1814 σκότος
1320 1746 1691 1818 ἀποκρυφὴν
1743 1747 1960 1813 αὐτοῦ,

363 1835 574 1902 κύκλῳ
596 1836 786 1897 αὐτοῦ
810 1836 852 1905 ἠ
876 1837 1085 1907 σκηνὴ
1115 1838 1328 1897 αὐτοῦ.

432 2020 804 2089 Δικαιοσύνη
837 2021 933 2075 καὶ
977 2020 1157 2091 κρῖμα
1192 2023 1562 2088 κατόρθωσις
1586 2020 1694 2075 τοῦ
1730 2024 1954 2090 θρόνου

362 2112 576 2166 αὐτοῦ.
632 2113 748 2182 Τῆς
810 2111 1095 2182 βασιλείας
1126 2114 1294 2168 αὐτοῦ
1321 2129 1335 2146 ⁸
1365 2115 1541 2167 ταῦτα
1585 2114 1698 2185 γὰρ
1731 2115 1953 2184 κατώρ-

363 2205 512 2257 θωσε
551 2203 902 2275 βασιλεύσας.
939 2206 1051 2259 Καὶ
1081 2206 1254 2270 ὅντως
1294 2207 1483 2260 δικαία
1514 2207 1720 2278 κρίσις,
1768 2207 1830 2260 τὸ
1863 2207 1956 2260 τὸν

365 2297 472 2367 μὲν
496 2296 871 2368 τυραννοῦντα
893 2299 1140 2353 διάΰολον
1166 2300 1420 2354 καθελεῖν
1450 2342 1466 2366 ,
1509 2301 1636 2365 τοὺς
1665 2300 1724 2354 δὲ
1748 2318 1952 2371 τυραν-

363 2387 663 2456 νουμένους
704 2387 1027 2459 ἀνθρώπους
1074 2389 1463 2461 ἐλευθερῶσαι.
1502 2393 1572 2444 Ἢ
1615 2391 1713 2446 καὶ
1742 2392 1957 2456 ἄλλωςο

363 2478 756 2550 Δικαιοσύνην,
789 2480 911 2550 ἤτοι
942 2481 1176 2536 καθόλου
1208 2485 1391 2538 πᾶσαν
1429 2484 1655 2556 ἀρετὴν,
1692 2487 1788 2540 καὶ
1828 2485 1955 2556 κρί-

367 2587 456 2623 σιν
508 2571 699 2645 όρθὴν,
763 2572 946 2635 show
999 2573 1276 2646 διάκρισιν
1321 2576 1561 2644 ἐδίδαξεν
1611 2581 1645 2650 ὴ
1704 2578 1958 2650 βασιλεία

363 2682 560 2721 αυτου.

436 2853 565 2922 Πῦρ
592 2852 852 2907 ἐνώπιον
879 2854 1066 2909 αὐτοῦ
1112 2856 1619 2924 προπορεύσεται,
1673 2856 1779 2910 καὶ
1806 2858 1960 2926 φλο-

363 2945 485 3014 γιεῖ
512 2945 718 3008 κύκλῳ
749 2943 894 3012 τοὺς
931 2945 1189 3015 ἐχθροὺς
1231 2947 1444 3002 αὐτοῦ.
1486 2947 1674 3001 Ταῦτα
1704 2946 1799 3000 τοῦ
1833 2965 1960 3001 και-

365 3035 462 3104 ροῠ
524 3035 627 3107 τῆς
686 3037 1037 3106 παγκοσμίου
1073 3039 1337 3109 κρίσεως.
1390 3039 1566 3094 Τοῦτο
1616 3043 1710 3094 καὶ
1761 3041 1962 3111 Δανιὴλ

362 3129 708 3200 θεασάμενος
769 3129 1032 3201 ἔγραψεν.
1078 3133 1162 3186 ὅτι
1202 3133 1476 3202 Ποταμὸς
1513 3133 1707 3200 πυρὸς
1755 3125 1962 3190 εἷλκεν

2132 1460 2302 1516 Vens.
2353 1459 2408 1520 2.
2457 1457 2638 1514 Nubes
2691 1468 2741 1514 et
2775 1460 2954 1532 caligo
3007 1462 3066 1516 in
3121 1462 3351 1521 circuitu
3383 1465 3524 1534 ejus.
3556 1463 3657 1521 Per

2060 1552 2265 1610 nubem
2297 1560 2351 1606 et
2404 1567 2504 1622 per
2532 1551 2855 1621 caliginem,
2889 1565 3230 1622 assumptum
3295 1569 3516 1613 carnem
3575 1557 3657 1610 in-

2061 1647 2272 1714 tellige,
2315 1660 2440 1715 quae
2496 1644 2843 1704 divinitatem
2906 1645 3244 1708 occultabat.
3269 1647 3484 1703 Similia
3519 1665 3658 1719 pene

2062 1737 2224 1793 verba
2264 1752 2328 1791 ea
2358 1745 2510 1799 sunt,
2574 1751 2698 1806 qua:
2760 1737 3034 1791 habentur
3100 1737 3156 1792 in
3217 1739 3435 1807 psalmo
3495 1756 3652 1794 ml:

1987 1863 2031 1925 Β
2070 1829 2261 1886 Posuit
2293 1830 2535 1886 tenebras
2570 1830 2859 1890 latibulum
2937 1845 3117 1895 suum,
3175 1829 3230 1886 in
3285 1832 3515 1889 circuitu
3539 1833 3657 1902 ejus

2067 1923 2474 1985 tabernaculum
2503 1924 2642 1994 ejus.

2134 2014 2362 2070 Iustitia
2426 2023 2474 2074 et
2503 2015 2769 2085 judicium
2791 2017 3012 2075 directio
3045 2021 3221 2076 throni
3249 2020 3471 2090 ejus.--
3492 2019 3659 2073 Thro-

2072 2108 2128 2168 ni
2174 2106 2331 2176 ejus,
2369 2121 2470 2177 pro
2503 2106 2656 2177 regni
2711 2107 2834 2176 ejus
2873 2109 3033 2174 dixit,
3067 2111 3211 2180 quod
3268 2125 3492 2180 regnum
3544 2111 3659 2178 ipse

2059 2199 2317 2256 Christus
2384 2215 2626 2278 regnans
2688 2201 2914 2258 direxit.
2984 2202 3123 2257 Illud
3163 2214 3350 2259 autem
3393 2218 3522 2259 vere
3553 2201 3661 2256 l‘uit

2055 2293 2265 2363 justum
2343 2292 2638 2363 judicium,
2693 2310 2808 2364 quo
2863 2306 2919 2352 et
2990 2305 3286 2369 tyrannum
3356 2297 3658 2351 diemouem

2058 2387 2379 2450 destruxit,
2452 2396 2509 2443 et
2565 2403 2892 2458 oppressum
2969 2391 3264 2461 tyrannide
3350 2391 3655 2445 humanum

2058 2495 2234 2550 genus
2289 2479 2547 2537 salvavit.
2605 2481 2703 2537 Vel
2741 2482 2946 2538 aliter:
2981 2483 3085 2541 Per
3131 2483 3431 2553 justitiam,
3459 2485 3514 2539 in
3541 2485 3660 2539 ιιιιὶ-

2061 2587 2306 2636 versum,
2377 2587 2548 2631 omne
2599 2575 2827 2632 virtutis
2881 2592 3061 2646 genus
3137 2576 3400 2647 intellige,
3454 2585 3510 2632 et
3564 2592 3660 2646 per

2057 2663 2352 2734 judicium,
2396 2666 2787 2724 rectitudinem
2816 2683 2881 2722 ac
2913 2669 3334 2736 discretionem,
3375 2685 3502 2740 qua:
3539 2684 3664 2725 om-

2062 2757 2152 2812 nia
2194 2766 2462 2828 regnante
2493 2757 2717 2813 Christo
2747 2759 3070 2816 didicimus.

2133 2849 2301 2907 Vsus.
2354 2850 2409 2906 5.
2441 2849 2607 2923 Ignis.
2629 2859 2754 2907 ante
2785 2853 2956 2920 ipsum
2985 2841 2999 2851 “
3023 2853 3303 2920 ρπωεεᾱει,
3333 2863 3384 2907 et
3443 2854 3662 2924 inﬂam-

2063 2943 2228 2998 mabit
2279 2944 2336 2998 in
2382 2944 2614 2998 circuitu
2663 2945 2908 3000 inimicos
2964 2947 3106 3016 ejus.
3151 2946 3279 3005 llaec
3326 2948 3491 3002 verba
3545 2963 3667 3017 per-

2063 3036 2243 3092 tinent
2292 3035 2359 3091 ad
2417 3043 2636 3105 tempus
2723 3038 3054 3095 universalis
3126 3039 3348 3109 judicii,
3399 3040 3546 3108 quod
3608 3048 3664 3094 ct

2064 3127 2336 3196 propheta
2371 3127 2560 3186 Daniel
2625 3129 2978 3198 prospiciens
3007 3131 3148 3185 dixit
3181 3149 3194 3184 :
3238 3131 3460 3186 Flavius
3522 3133 3662 3202 ignis

360 3225 710 3290 ἔμπροσθεν
751 3223 961 3277 αὑτοῦ.
1006 3223 1222 3296 Ἐχθροὶ
1246 3225 1302 3278 δὲ
1340 3225 1505 3280 αὑτοῦ
1541 3227 1736 3289 κοινῶς
1755 3227 1958 3293 πάντες

2063 3220 2306 3278 trahebat
2329 3221 2582 3292 gradiens
2619 3232 2742 3277 ante
2793 3240 2914 3278 eum
2944 3225 3012 3278 ".
3047 3224 3254 3280 Christi
3293 3240 3424 3280 vero
3454 3226 3662 3280 inimici

360 3315 414 3366 oi
449 3313 525 3383 τῷ
564 3312 746 3385 ἐχθρῷ
779 3314 944 3368 αὐτοῦ
989 3315 1223 3386 διαϐόλῳ
1276 3317 1612 3390 πειθόμενοι.
1642 3319 1863 3386 Κύκλῳ
1899 3321 1958 3376 δὲ

360 3403 553 3471 αὐτοῦ,
590 3405 715 3460 ἀντὶ
766 3405 890 3474 τοῦ,
925 3407 1293 3478 πανταχόθεν.

439 3591 720 3660 Ἕφιιναν
762 3593 823 3646 al
883 3591 1191 3660 ἀστραπαὶ
1254 3593 1444 3650 αὑτοῦ
1494 3593 1570 3665 τῇ
1608 3597 1955 3668 οἰκουμένῃ.

362 3687 428 3739 οι
456 3685 753 3742 ἀπόστολοι
777 3702 793 3718 ·
825 3687 920 3739 τοῦ
943 3686 1204 3758 ἀληθινοῦ
1229 3687 1338 3759 γὰρ
1366 3690 1732 3761 μετασχόντες
1756 3692 1954 3761 φωτὸς,

362 3779 466 3848 ῆστ
476 3777 655 3848 ραψαν
685 3777 782 3831 καὶ
802 3779 982 3842 αὐτοὶ,
1001 3779 1141 3850 πρὸς
1168 3778 1264 3844 οὒς
1288 3779 1387 3834 καὶ
1410 3783 1439 3835 ὁ
1464 3782 1706 3852 Χριστὸς
1735 3783 1924 3852 ἔλεγεν
1939 3800 1956 3816 ·

375 3870 579 3937 ’Υμεῖς
636 3871 781 3925 ἐστε
815 3871 885 3925 τό
913 3870 1041 3940 φῶς
1083 3873 1190 3928 τοῦ
1222 3874 1480 3943 κόσμου.
1535 3875 1708 3929 Τοῦτο
1744 3879 1960 3950 συνᾴδει

360 3962 445 4031 τῷ
497 3961 649 4033 ρητῷ
703 3961 800 4016 τοῦ
839 3965 1134 4034 εἰρημένου
1187 3965 1428 4037 ψαλμοῦ.
1483 3966 1594 4038 τῷ·
1635 3969 1960 4038 Ἀνθρακες

363 4053 741 4124 ἀνήφθησαν
768 4055 871 4118 ἀπ’
903 4056 1114 4118 αὐτοῦ.

441 4239 583 4298 Elide
641 4238 739 4293 καί
784 4239 1092 4305 ἐσαλεύθη
1137 4240 1176 4308 ἡ
1207 4239 1322 4309 γῆ.
1357 4234 1480 4295 Εῖδε
1517 4240 1620 4304 τὰς
1666 4241 1959 4312 ἀστραπὰς

365 4329 575 4392 ταύτας
599 4330 696 4384 καὶ
717 4329 1070 4401 ἐσκίρτησεν.
1105 4332 1176 4384 Ἢ
1208 4332 1542 4404 μετεκινήθη
1571 4333 1682 4386 ἀπὸ
1704 4333 1808 4404 τῆς
1830 4334 1962 4388 πλά-

366 4438 471 4491 νης
547 4422 642 4476 ἐπὶ
702 4421 805 4491 τὴν
835 4420 1099 4489 ἀλήθειαν
1125 4438 1140 4454 ·
1170 4423 1267 4476 καὶ
1301 4423 1413 4477 ἀπὸ
1439 4422 1537 4477 τοῦ
1586 4423 1839 4489 σκότους,
1866 4425 1962 4479 ἐπὶ

365 4515 432 4568 τδ
461 4515 600 4584 φῶς.
649 4516 720 4567 Ἦ
761 4514 1054 4584 ἐσαλεύθη,
1097 4515 1184 4568 ἵνα
1219 4517 1471 4585 κρεῖττον
1515 4516 1812 4588 ἑδραιωθῇ.
1850 4517 1961 4571 Kal.

2068 3329 2263 3370 omnes
2291 3323 2440 3381 sunt,
2476 3314 2568 3386 qui
2604 3315 2830 3370 inimico
2864 3317 2986 3385 ejus
3004 3316 3228 3371 diabolo
3255 3316 3660 3386 obtemperant.

2067 3405 2128 3461 In
2159 3405 2385 3461 circuitu
2419 3414 2600 3461 autem
2653 3406 2791 3476 ejus,
2845 3407 2949 3462 hoc
2989 3417 3110 3468 est:
3167 3405 3435 3479 undique,
3497 3415 3667 3478 atque

2066 3510 2132 3553 ex
2172 3496 2323 3556 omni
2369 3507 2554 3564 parte.
2611 3539 2614 3542 .

2140 3587 2311 3644 Vnus.
2346 3590 2400 3645 4.
2455 3590 2757 3646 Illuxeruut
2821 3592 3045 3662 fulgura
3127 3593 3243 3662 ejus
3306 3591 3422 3646 orbi
3481 3601 3660 3648 terrm.

2067 3682 2320 3753 Apostoli
2356 3681 2646 3746 nimirum,
2675 3685 2768 3753 qui
2811 3699 2956 3740 verae
2987 3683 3122 3740 lucis
3170 3674 3472 3756 participes
3529 3683 3665 3740 eﬂ'e-

2069 3776 2142 3832 eti
2195 3785 2348 3842 sunt,
2389 3791 2456 3832 ac
2520 3777 2691 3832 veluti
2747 3785 2899 3833 astra
2972 3777 3226 3848 qua-dam
3308 3779 3664 3834 coruscantia

2067 3870 2330 3927 omnibus
2362 3884 2691 3941 apparuere,
2747 3878 2802 3927 et
2858 3870 2924 3926 ad
2982 3887 3122 3938 quos
3152 3886 3182 3926 ο
3213 3871 3436 3927 Christo
3457 3872 3663 3928 dictum

2068 3965 2307 4036 legimus
2329 3981 2348 4020 :
2391 3962 2496 4019 Vos
2533 3965 2662 4020 estis
2704 3965 2798 4019 tua;
2821 3965 3008 4019 mundi
3037 3965 3104 4020 ".
3133 3963 3388 4036 Suntque
3418 3980 3662 4021 consona

2067 4059 2186 4114 hate
2220 4057 2386 4112 verba
2444 4057 2512 4113 iis
2565 4073 2688 4125 quae
2737 4057 2793 4111 ln
2847 4059 3198 4128 praeallegato
3224 4059 3435 4128 psalmo
3466 4059 3668 4115 haben-

2072 4160 2182 4210 tur.
2238 4149 2315 4204 ibi
2347 4167 2360 4204 :
2410 4147 2681 4209 Carbones
2737 4150 2980 4204 succensi
3008 4159 3134 4204 sunt
3168 4149 3233 4204 ab
3267 4166 3348 4205 eo.

2151 4237 2317 4305 Vidit,
2375 4247 2425 4294 et
2459 4248 2726 4294 commota
2753 4247 2831 4298 est
2863 4250 3027 4294 terra.
3064 4238 3212 4296 Vidit
3271 4240 3658 4311 hujuscemodi

2072 4333 2312 4402 fulgura.
2382 4340 2438 4386 et
2511 4331 2833 4387 exsultavit.
2898 4330 3017 4397 Vel,
3075 4341 3376 4399 commota,
3447 4334 3500 4389 id
3554 4343 3663 4402 est,

2070 4432 2412 4480 commutata
2446 4435 2553 4492 est,
2605 4424 2674 4479 ab
2710 4438 2901 4480 errore
2945 4423 3206 4479 nimirum
3247 4424 3317 4479 ad
3351 4426 3663 4488 veritatem,

2068 4524 2126 4574 et
2172 4533 2202 4572 a
2237 4517 2484 4573 tenebris
2569 4515 2639 4572 ad
2701 4516 2920 4572 lucem:
2974 4515 3061 4571 vel
3123 4525 3400 4572 commota
3439 4524 3546 4582 est,
3602 4529 3666 4572 ut

364 4606 630 4670 τέκτονες
655 4607 769 4678 γὰρ
791 4608 860 4660 τὰ
889 4608 1275 4666 παλαιωθέντα
1303 4606 1554 4673 θέλοντες
1575 4586 1959 4677 ἇνακαινίσαι,

2075 4611 2280 4668 inclitis
2311 4611 2676 4669 stabiliretur.
2740 4609 3025 4680 Siquidem
3057 4610 3301 4666 artiﬁces
3332 4611 3488 4682 prius
3512 4625 3666 4666 como

368 4697 699 4754 σαλεύουσιν
752 4698 894 4756 αὐτὰ
952 4700 1238 4772 πρότερον.
1297 4701 1388 4757 Διὸ
1424 4703 1556 4779 περὶ
1606 4703 1824 4759 Παύλου
1873 4706 1972 4760 καὶ

369 4791 505 4846 Σίλα
531 4792 679 4855 τινὲς
707 4792 921 4861 ἔλεγον·
964 4796 1030 4849 Οἱ
1057 4799 1177 4862 τὴν
1202 4797 1569 4866 οἰκουμένην
1621 4797 1971 4853 ἀναστατώ-

367 4900 620 4952 σαντες,
649 4885 807 4939 οὕτω
839 4885 940 4944 καὶ
967 4886 1186 4943 ἐνθάδε
1211 4887 1473 4957 πάρεισι.

452 5069 531 5128 Τὰ
575 5067 686 5140 ὅρη
732 5067 877 5125 ὡσεὶ
918 5067 1104 5138 κηρὸς
1151 5067 1462 5137 satiauerat!
1489 5071 1610 5126 ἀπὸ
1635 5067 1966 5140 προσώπου

371 5159 601 5228 Κυρίου
621 5176 636 5192 ο
671 5159 794 5215 ἀπὸ
824 5160 1157 5229 προσώπου
1173 5163 1398 5232 Κυρίου
1435 5161 1642 5231 πάσης
1677 5165 1788 5232 τῆς
1818 5167 1959 5235 γῆς.

375 5253 520 5322 Ὅρη
549 5252 857 5322 τροπικῶς,
897 5255 948 5306 oi
980 5254 1259 5324 δαίμονες,
1290 5255 1382 5309 διὰ
1417 5255 1480 5308 τὸ
1501 5257 1840 5327 ἐπηρμένον,
1871 5259 1969 5313 καὶ

367 5344 725 5408 ἀλαζονικὸν.
747 5344 846 5400 καὶ
873 5345 1150 5413 ἄκαρπον,
1179 5348 1272 5403 καὶ
1295 5348 1554 5420 σκληρὸν,
1584 5351 1678 5404 καὶ
1706 5352 1968 5423 κρημνῶ-

367 5438 464 5502 δες
492 5454 507 5469 ⁸
536 5437 758 5509 εἴρηται
787 5437 844 5491 δὲ
871 5437 968 5492 καὶ
1009 5439 1069 5493 ὲν
1089 5438 1169 5509 τῷ
1202 5437 1280 5506 EC’
1325 5439 1528 5512 ψαλμῷ
1547 5455 1562 5472 ⁸
1606 5440 1701 5507 Ὠς
1723 5441 1970 5509 τήκεται

372 5531 561 5600 κηρὸς
595 5531 716 5585 ἀπὸ
746 5531 1076 5600 προσώπου
1115 5532 1330 5600 πυρὸς,
1368 5533 1560 5599 οὕτως
1592 5534 1970 5590 ἀπολοῦνται

368 5627 426 5680 at
489 5624 832 5694 ἁμαρτωλοὶ
897 5627 1019 5682 ἀπὸ
1088 5627 1420 5696 προσώπου
1481 5628 1591 5684 τοῦ
1645 5629 1817 5686 Θεοῦ.
1857 5631 1972 5686 Καὶ

372 5717 659 5788 ἀνάγνωθι
690 5718 792 5790 τὴν
813 5719 1080 5794 ἐξήγησιν
1105 5721 1298 5782 αὐτοῦ.

2067 4718 2291 4760 movere
2339 4703 2528 4758 omnia
2577 4719 2644 4758 ea
2688 4705 2887 4767 solent,
2938 4719 3062 4772 qme
3129 4703 3323 4758 volunt
3373 4719 3662 4762 renovare.

2067 4797 2196 4854 Ideo
2240 4796 2311 4852 de
2361 4795 2535 4850 Paulo
2581 4803 2638 4852 et
2692 4794 2805 4852 Sila
2865 4797 2920 4850 in
2956 4796 3110 4857 Actis
3150 4796 3361 4851 dictum
3405 4798 3665 4869 legimus,

2067 4903 2134 4945 ex
2177 4887 2474 4959 impiorum
2547 4902 2826 4956 persona:
2856 4887 2924 4942 Hi
2973 4904 3232 4943 concusso
3266 4890 3513 4944 uniuerso
3541 4889 3667 4945 orbe

2068 4983 2174 5036 huc
2206 4981 2422 5036 veniunt
2449 4980 2518 5034 ".

2141 5073 2311 5128 Vens.
2357 5072 2411 5127 5.
2466 5072 2672 5128 Montes
2714 5073 2871 5140 quasi
2921 5089 3065 5137 cera,
3147 5070 3420 5140 liquefaeti
3477 5082 3599 5126 sunt
3632 5089 3666 5124 a

2071 5165 2210 5234 facie
2243 5163 2486 5229 ﬂamini,
2533 5181 2568 5218 ιι
2598 5165 2738 5234 facie
2815 5162 3035 5217 Domini
3107 5163 3273 5217 totius
3330 5173 3506 5218 terrw.
3561 5163 3666 5218 Per

2071 5270 2288 5314 montes
2341 5257 2575 5329 ﬁgurate
2625 5257 2778 5328 ipsos
2857 5255 3138 5310 daemones
3199 5255 3478 5325 intelligit,
3534 5252 3664 5322 quia

2067 5351 2200 5407 elati
2281 5357 2447 5420 atque
2497 5349 2551 5403 in
2614 5349 2784 5404 altum
2836 5347 3246 5417 quodammodo
3282 5347 3663 5413 elevatlsunt,

2076 5451 2134 5498 et
2188 5449 2549 5510 arrogantes;
2583 5439 2802 5494 steriles
2848 5437 2979 5492 item
3038 5452 3102 5491 ac
3147 5436 3333 5507 rigidi,
3387 5447 3442 5492 et
3473 5436 3665 5508 praeci-

2075 5533 2230 5603 pitiis
2261 5547 2327 5586 ac
2357 5531 2651 5602 praeruptis
2687 5531 2828 5587 locis
2871 5528 3084 5586 referti.
3119 5529 3338 5583 Dictura
3383 5542 3470 5586 est
3499 5532 3663 5587 etiam

2078 5628 2134 5682 in
2185 5627 2402 5698 psalmo
2451 5642 2624 5693 ωιτη,
2711 5625 2858 5696 quod
2911 5622 3369 5691 Quemadmodum
3425 5625 3664 5696 liquescit

2078 5736 2203 5774 cera
2234 5737 2265 5773 a
2297 5719 2434 5788 [acie
2488 5720 2649 5790 ignis,
2686 5719 2764 5776 sic
2808 5728 3026 5790 pereunt
3099 5725 3399 5785 peccatores
3439 5733 3472 5770 a
3529 5717 3666 5786 facie

2082 5814 2200 5870 Dei.
2233 5815 2312 5872 lbi
2365 5814 2515 5871 vide.

446 5919 494 5952 ’⁸
518 5917 656 5975 Dan.
701 5936 802 5990 vn,
836 5921 891 5992 9,
931 5922 1019 5980 l0.
1097 5926 1144 5960 "
1185 5924 1376 5984 Matth.
1416 5942 1469 5996 ν,
1506 5927 1594 5983 Η.
1672 5928 1713 5959 ³⁷
1753 5927 1874 5985 Act.
1910 5943 2045 5996 xvn,
2093 5927 2146 5984 6.
