4088 6430
440 438 550 502 979

441 633 549 690 l’er
624 637 799 692 caelos
871 639 1170 708 prophetas
1256 648 1352 695 aut
1407 642 1688 710 apostolos
1751 643 2020 715 intelligo,

440 729 536 796 qui
567 728 849 784 ccelestem
926 730 1093 784 vitam
1149 745 1216 785 ac
1276 733 1756 788 conversationem
1822 734 2024 802 optime

440 820 739 887 colebant;
795 827 851 874 et
891 820 1024 875 dum
1080 822 1157 876 ait
1216 825 1575 879 aununtiasse
1629 840 1724 880 eos
1751 823 2021 894 justitiam

440 911 584 981 ejus,
611 912 714 969 hoc
750 912 1028 985 intelligit,
1069 916 1215 986 quod
1269 932 1381 972 non
1428 917 1560 972 solis
1609 916 1815 974 Judaais
1837 927 2022 988 aperta

442 1002 515 1056 sit
567 1001 661 1058 Dei
737 1005 1008 1073 cognitio,
1086 1006 1340 1075 quinimo
1430 1006 1577 1078 quod
1654 1008 1785 1077 ipsa:
1856 1008 2021 1063 etiam

439 1106 640 1161 gentes
697 1098 765 1151 ad
843 1097 1092 1153 veritatis
1176 1099 1547 1169 cognitionem
1605 1108 1811 1153 vocata:
1887 1099 2022 1156 sint.

437 1180 541 1238 Vel
587 1184 862 1255 justitiam
915 1188 1079 1243 aliter
1144 1204 1376 1260 expone,
1458 1198 1618 1260 prout
1660 1191 1917 1261 superius
1936 1190 2020 1246 di-

436 1275 648 1341 ximus,
688 1280 1018 1347 exponendo
1042 1280 1132 1336 illa
1172 1281 1338 1337 verba
1371 1298 1387 1337 :
1429 1282 1655 1337 Iustitia
1693 1293 1742 1337 et
1754 1284 2023 1353 judicium

438 1367 666 1424 directio
697 1370 877 1426 throni
903 1370 1043 1441 ejus.
1096 1372 1227 1428 Vide
1280 1374 1443 1428 etiam
1509 1375 1561 1427 in
1592 1376 1805 1444 psalmo
1835 1392 2022 1440 xxxix,

436 1460 512 1515 ibi
540 1477 555 1515 :
595 1460 967 1531 Euangelizavi
992 1463 1267 1533 justitiam
1307 1466 1361 1519 in
1390 1464 1631 1521 Ecclesia
1663 1481 1880 1538 magna.

511 1554 579 1607 Et
613 1556 823 1609 uideant
857 1571 1034 1610 omnes
1073 1557 1255 1627 populi
1282 1557 1508 1628 gloriam
1535 1558 2021 1629 ejus.Admirauda

442 1643 712 1700 nimirum
780 1644 931 1702 illius
968 1646 1168 1716 opera,
1231 1658 1454 1719 propter
1500 1665 1624 1720 quae
1687 1650 2028 1721 gloriﬁcatus

433 1749 541 1792 οι.

509 1827 679 1887 Vens.
728 1830 783 1886 7.
826 1830 1241 1902 Confundautur
1265 1848 1471 1898 omnes,
1504 1835 1597 1903 qui
1634 1835 2022 1889 adarantscul-
2060 1862 2079 1903 ς

434 1920 613 1990 ptilia,
647 1922 740 1993 qui
799 1923 1102 1993 gloriantur
1147 1924 1202 1977 in
1257 1924 1418 1978 idolis
1473 1901 1610 1993 ejus.
1648 1925 2015 1982 Erubescaut.
2056 1901 2095 1956 Β

436 2028 567 2067 eum
602 2023 755 2068 tanta
788 2028 853 2070 ac
913 2015 1041 2070 talia
1106 2030 1273 2085 opera
1307 2031 1335 2069 a
1367 2016 1481 2070 Deo
1530 2017 1644 2072 siut
1694 2027 1867 2087 gesta.
1932 2018 2028 2076 Vel

436 2104 800 2171 erubescant,
881 2105 1013 2161 dum
1102 2106 1172 2163 de
1246 2107 1514 2163 idolatria:
1587 2125 1775 2167 errore
1838 2111 2025 2166 redar-

434 2205 705 2267 guuntur.

505 2290 670 2345 Vens.
705 2290 755 2345 8.
807 2292 1040 2371 Aderate
1105 2308 1249 2359 eum,
1318 2308 1498 2348 omnes
1547 2294 1722 2365 angeli
1781 2293 1898 2349 Dei.
1962 2295 2029 2349 Et

433 2380 528 2434 alii
596 2382 819 2450 qu'dem
881 2382 1129 2451 Domino,
1214 2388 1517 2441 secundum
1578 2403 1799 2442 carnem
1874 2400 2023 2452 nato,

431 2470 661 2526 laudent
690 2488 813 2527 eum
859 2473 1107 2529 dicentes
1145 2491 1159 2527 :
1190 2473 1374 2529 Gloria
1427 2477 1482 2530 in
1507 2475 1787 2531 altissimis
1817 2477 1924 2531 Deo
1952 2478 2022 2544 ⁸⁸,

431 2566 524 2620 alii
575 2581 710 2619 vero
759 2566 1034 2622 serviliter
1091 2568 1141 2621 ei
1204 2569 1539 2630 ministrent,
1565 2569 2025 2639 quemadmodum

437 2657 496 2710 iu
529 2657 753 2712 deserto
805 2657 1197 2713 miuistrarunt
1260 2671 1556 2729 postquam
1626 2669 1874 2715 tentatus
1927 2662 2029 2717 fuit

432 2764 462 2802 a
499 2747 758 2803 diabolo:
795 2760 843 2806 et
884 2751 975 2805 alii
1021 2751 1341 2806 ascendenti
1373 2753 1450 2807 illi
1509 2754 1563 2808 in
1624 2754 1828 2810 caelum
1885 2770 2027 2824 prte-

429 2848 626 2896 euutes
656 2842 983 2911 inserviant,
1010 2854 1066 2899 et
1109 2844 1350 2900 clament
1380 2862 1394 2900 :
1444 2844 1636 2901 Tollite
1661 2855 1846 2916 portas
1873 2848 2025 2915 prin-

428 2933 567 3000 cipes
594 2944 795 2989 restras
813 2936 881 3003 '9,
906 2945 1015 2991 etc.

506 3024 721 3080 Audiuit
756 3035 807 3080 et
861 3026 1046 3082 letata
1080 3038 1161 3083 est
1205 3028 1359 3085 Sion.
1396 3030 1622 3088 Audivit
1661 3030 1792 3089 Sion
1851 3035 2026 3091 coelos

434 3117 838 3174 annuutiantes
879 3134 943 3176 ea
975 3136 1099 3192 qua:
1147 3123 1215 3177 ad
1281 3123 1565 3178 Christum
1629 3126 2022 3195 pertinebant;

1688 444 2075 506 EUTHYMII
2108 447 2471 507 ZIGABENI

515 544 682 601 Vens.
738 546 793 601 6.
872 545 1337 604 Annuntiaoerunt
1398 550 1517 606 coeli
1556 550 1828 619 justitiam
1886 555 2021 622 ejus.
2058 559 2102 615 Α

3592 445 3703 509 9ὶῦ

2214 556 2605 627 Ἀπί-ἤγγειλαν
2620 560 2675 613 οἱ
2691 558 2937 627 οὐρανοὶ
2963 556 3486 627 τήνὸικαιοσύιιην
3500 555 3714 609 αὑτοῦ.

2128 651 2192 703 Oi
2224 654 2471 723 οὐρανοὶ,
2502 652 2552 704 οἱ
2584 651 2883 722 προφῆται,
2913 652 2963 705 οἱ
2992 650 3305 715 ἀπόστολοι,
3353 649 3429 709 ὡς
3456 649 3712 718 οὐράνιον

2129 748 2405 803 πολιτείαν
2439 745 2891 815 ἐπιδεδειγμένοι.
2946 743 3310 812 Δικαιοσύνην
3347 742 3403 795 δὲ
3466 742 3619 809 λέγει
3651 740 3718 793 ’τὸ

2131 841 2207 911 μὴ
2238 841 2423 910 μόνοις
2479 841 2596 901 τοῖς
2643 837 2920 900 Ἰουδαίοις
2948 835 3300 907 περικλείσαι
3335 833 3433 903 τὴν
3470 833 3712 900 θεογνω-

2129 930 2270 993 σίαν,
2322 929 2458 984 ἀλλὰ
2502 931 2600 982 καὶ
2646 928 2713 980 τὰ
2778 926 2906 997 ἔθνη
2946 926 3178 980 καλέσαι
3218 926 3354 996 πρὸς
3406 924 3712 990 ἐπίγνωσιν

2126 1022 2226 1089 τῆς
2265 1021 2548 1092 ἀληθείας.
2592 1022 2663 1074 Ἢ
2695 1018 2879 1082 καθὼς
2927 1021 3255 1088 εἰρήκαμεν,
3311 1014 3711 1086 ἑρμηνεύοντες

2125 1111 2208 1178 τὸ,
2233 1114 2597 1181 Δικαιοσύνη
2657 1111 2756 1166 καὶ
2783 1112 3349 1187 κρίμακκατόρθωσις
3369 1108 3476 1161 τοῦ
3489 1107 3711 1175 θρόνου

2126 1203 2313 1258 αὑτοῦ
2341 1221 2355 1236 ο
2388 1202 2624 1275 ζήτησον
2652 1204 2709 1259 δὲ
2757 1204 2850 1259 καλ⁵
2901 1204 2960 1257 ἐν
2998 1202 3077 1271 τῷ
3105 1201 3183 1254 λθ⁹
3206 1199 3409 1269 ψαλμῷ
3439 1203 3539 1267 τὴν
3593 1197 3713 1267 ἒξή·

2125 1314 2290 1366 γησιν
2322 1299 2440 1363 τοῦ,
2484 1297 2990 1370 Εὺηγγεᾷῖισὰμην
3015 1295 3420 1362 δικαιοσύνην
3448 1294 3520 1346 ἐν
3566 1291 3711 1345 Ἔχε

2126 1390 2357 1460 κλησίᾳ
2379 1389 2641 1460 perdia.

2197 1568 2307 1624 Kal
2335 1568 2589 1623 eldoa'ar
2630 1567 2856 1634 πάντες
2879 1569 2933 1621 oi
2958 1570 3095 1621 λαοί
3132 1565 3253 1632 τὴν
3276 1564 3470 1628 δόξαν
3494 1558 3711 1618 αὐτοῦ.

2126 1661 2209 1715 Τὰ
2245 1660 2531 1733 Θαυμάσια
2564 1660 2706 1733 ἔργα
2727 1660 2919 1728 αὐτοῦ,
2948 1660 3016 1715 δι’
3047 1659 3084 1716 ἃ
3115 1658 3397 1731 ἐδοξάσθη.

2193 1842 2716 1912 Αἰσχυνθήτωσαν
2736 1838 2961 1904 πάντες
2997 1841 3054 1892 οι
3082 1834 3718 1907 προσκυνοῦντσςτοῒς

2127 1935 2418 2008 γλυπτοῖς
2445 1937 2500 1989 al
2523 1932 2971 2003 ἐγκαυχώμενοι
2994 1934 3065 1987 ἐν
3114 1932 3246 1995 τοῖς
3276 1931 3550 1997 εἰδώλοις
3610 1932 3719 1985 αὐ-

2129 2028 2269 2085 τῶν.
2341 2027 2804 2099 Αἰσχυνθήτωσαν
2834 2026 3095 2080 τοιούτων
3155 2025 3339 2096 ἔργων
3396 2024 3489 2078 ὑπ’
3544 2021 3715 2077 αὐτοῦ

2128 2121 2501 2192 τελουμένων,
2540 2119 2575 2186 ἢ
2628 2120 2733 2189 τῆς
2799 2119 3091 2188 εἱδωλικῆς
3157 2118 3371 2186 πλάνης
3417 2115 3742 2185 ἐλεγχομέ-¹

2130 2234 2253 2286 νης.

2203 2308 2687 2377 Προσκυνήσατε
2744 2304 2929 2369 αὐτῷ,
2976 2302 3201 2369 πάντες
3245 2301 3489 2371 ἄγγελοι
3541 2297 3717 2352 Θεοῦ.

2130 2404 2194 2457 υἱ
2229 2402 2330 2469 μὲν
2360 2401 2442 2454 ὅτι
2497 2398 2765 2469 ἐγεννήθη
2826 2396 2968 2451 κατὰ
3018 2396 3222 2464 σάρκα,
3263 2390 3720 2462 ὑμνολογοῦντες,

2132 2494 2224 2547 καὶ
2251 2493 2331 2557 τὸ,
2361 2493 2519 2557 Δόξα
2558 2491 2629 2544 ἐν
2678 2491 2990 2558 ὑψίστοις,
3040 2486 3334 2554 λέγοντεςο
3388 2485 3439 2537 οἱ
3478 2482 3537 2536 δὲ
3578 2481 3723 2551 μετὰ

2129 2587 2257 2649 τοὺς
2280 2587 2341 2639 ἐν
2375 2587 2443 2655 τῇ
2487 2584 2684 2653 ἐρήμῳ
2711 2580 3079 2652 πειρασμοὺς.
3134 2574 3529 2646 δουλοπρεπῶς
3597 2573 3723 2626 δια-

2131 2678 2417 2738 κονοῦντες
2450 2675 2620 2745 αὐτῷ·
2653 2675 2702 2727 oi
2735 2673 2792 2727 δὲ
2825 2668 3353 2742 ἀναλαμϐανομένω
3386 2667 3522 2739 πρὸς
3552 2665 3724 2734 οὖρα·

2130 2770 2238 2834 νὸν,
2296 2766 2674 2838 δορυφορικῶς
2711 2762 3135 2835 ίπορευόμενοι,
3204 2761 3299 2814 καὶ
3344 2758 3439 2822 τὸ,
3502 2759 3720 2825 ’Ἄρατε

2129 2862 2352 2927 πύλας,
2388 2860 2719 2931 κράζοντες.

2202 3040 2473 3094 Ἤκουσε
2500 3037 2599 3092 καὶ
2629 3035 2950 3106 ηὐφράνθη
2979 3032 3154 3089 Σιών.
3196 3033 3444 3087 Ἤκουσε
3482 3029 3595 3083 τῶν
3625 3030 3724 3083 οὓ-

2131 3131 2337 3205 ρανῶν,
2378 3131 2455 3193 ὡς
2518 3129 2759 3198 εἴρηται,
2810 3124 3260 3194 ἀναγγελλόντων
3307 3121 3382 3175 τὰ
3440 3120 3571 3191 περὶ
3621 3118 3726 3173 αὑ·

429 3211 519 3266 vel
556 3227 695 3267 nova
756 3212 914 3279 Sion,
969 3216 1299 3273 universalis
1349 3217 1614 3273 nimirum
1649 3219 1892 3275 Ecclesia
1924 3234 2021 3273 au-

2130 3223 2247 3278 τοῦ.
2281 3224 2352 3277 Ἦ
2401 3222 2498 3276 νέα
2560 3219 2700 3274 Σιὼν
2731 3221 2765 3290 ἡ
2798 3217 3067 3288 καθολικὴ
3096 3214 3425 3286 Ἐκκλησία,
3491 3210 3589 3266 καὶ
3616 3210 3724 3279 ηὐο

427 3302 588 3369 divit,
638 3316 691 3360 et
717 3305 896 3361 laetata
928 3318 1034 3364 est.

502 3392 576 3449 Et
604 3396 1001 3452 easultauerunt
1041 3400 1173 3470 ﬁlia:
1214 3400 1440 3457 ludwte.
1479 3400 1632 3457 Filias
1654 3400 1859 3458 Iudam
1891 3404 2021 3458 olim

427 3479 758 3541 dicebantur
795 3502 916 3543 esse
964 3490 1326 3558 particulares
1398 3491 1504 3546 illae
1559 3505 2023 3563 synagogae,qu:e

427 3575 489 3631 in
518 3576 689 3631 variis
744 3587 905 3633 erant
961 3581 1178 3650 oppidis
1226 3597 1291 3636 ac
1347 3582 1670 3639 civitatibus
1724 3586 2022 3653 provinciae

429 3663 638 3721 Judaza:
669 3676 725 3721 et
745 3662 1061 3726 Iudaeorum
1082 3671 1314 3741 imperio
1340 3673 1580 3729 subditis
1610 3692 1624 3729 :
1657 3691 1807 3730 nunc
1837 3687 2022 3732 autem

431 3771 534 3825 per
574 3758 717 3813 ﬁlias
758 3761 1092 3818 universalis
1136 3762 1419 3830 Ecclesiae,
1464 3779 1658 3822 omnes
1685 3774 1741 3821 et
1774 3769 2023 3838 singulas

429 3849 796 3920 intelligimus
820 3852 1136 3921 ‘ecciesias,
1190 3871 1313 3927 quae
1387 3857 1441 3912 in
1475 3860 1643 3916 variis
1677 3868 1809 3915 sunt
1837 3862 2023 3916 mundi

429 3938 593 4006 locis,
627 3949 889 4013 tanquam
930 3945 998 4001 ab
1030 3949 1328 4004 universali
1356 3949 1449 4005 illa
1487 3960 1660 4006 matre
1680 3959 2024 4021 procreatas.

428 4031 503 4087 Et
556 4033 684 4103 quia
759 4036 894 4092 Sion
952 4039 1350 4110 interpretatur
1411 4042 1668 4111 specula,
1717 4050 1774 4099 et
1834 4042 2027 4100 Iudaea

431 4128 733 4197 confessio,
788 4138 940 4186 recte
977 4146 1277 4201 possumus
1336 4142 1444 4188 tam
1485 4149 1584 4204 per
1631 4133 1786 4201 Sion,
1857 4151 2022 4207 quam

427 4231 533 4289 per
590 4216 838 4277 Judaaam
893 4223 1202 4280 Ecclesium
1252 4225 1432 4297 ipsam
1494 4226 1854 4299 intelligere:
1894 4229 2023 4300 quia

432 4309 908 4378 speculationibus
960 4324 1139 4380 vacat,
1166 4324 1223 4372 et
1268 4317 1561 4374 veritatem
1592 4320 2021 4391 contemplatur,

2134 3315 2792 3478 φριῖάῗᾟταλλιάσαντο
2818 3406 2880 3459 al
2908 3400 3230 3472 θυγατέρες
3259 3398 3372 3468 τῆς
3398 3396 3722 3461 Ἰουδαίας.

2131 3501 2309 3557 Πάλαι
2347 3500 2448 3570 μὲν
2479 3497 2785 3569 θυγατέρες
2810 3495 2913 3565 τῆς
2962 3493 3258 3558 Ἰουδαίας,
3314 3491 3372 3545 αι
3429 3492 3572 3543 κατὰ
3619 3490 3727 3548 τὰς

2130 3593 2225 3648 ὑπ’
2258 3591 2434 3664 αὐτὴν
2476 3592 2662 3654 πόλεις
2703 3588 2931 3660 μερικαὶ
2963 3583 3307 3656 συναγωγαί.
3374 3582 3492 3637 Νῦν
3524 3581 3580 3635 δὲ
3623 3579 3725 3633 Θυι-

2130 3684 2367 3754 γατέρες
2415 3682 2518 3752 τῆς
2577 3680 2915 3751 Ἐκκλησίας
2946 3679 3047 3750 τῆς
3105 3676 3425 3748 καθολικῆς,
3475 3675 3533 3728 αἱ
3576 3672 3726 3728 κατὰ

2131 3778 2315 3831 πᾶσαν
2345 3775 2475 3844 γῆν,
2551 3774 2849 3846 ἐκκλησίαι
2879 3772 2956 3837 ὡς
2997 3772 3056 3840 ἐξ
3092 3771 3266 3838 αὐτῆς
3324 3765 3721 3841 προελθοῦσαι.

2143 3870 2301 3923 Ἐπεὶ
2338 3868 2449 3938 γὰρ
2487 3865 2627 3920 Σιὼν
2681 3865 2782 3936 μὲν
2832 3863 3205 3937 ἑρμηνεύεται
3251 3857 3721 3926 σκοπευτήριον,

2146 3958 2382 4014 Ἰουδαία
2405 3959 2461 4013 δὲ
2497 3957 2962 4028 ἐξομολόγησις,
2985 3955 3276 4028 ἀμφοτέρα
3309 3952 3377 4007 ἂν
3398 3950 3485 4020 εἴη
3523 3950 3557 4018 ή
3592 3946 3725 4000 Ἐκα-

2137 4049 2363 4120 κλησία·
2389 4044 2479 4102 οἷα
2499 4048 2836 4118 σκοπευτικὴ
2854 4046 2951 4101 καὶ
2969 4042 3284 4117 θεωρητικὴ
3305 4042 3407 4112 τῆς
3426 4036 3716 4109 ἀληθείας,

2137 4143 2236 4199 καὶ
2273 4141 2756 4213 ἐξομολογουμένη
2787 4139 2880 4193 καὶ
2905 4135 3315 4209 εὐχαριστοῦσι
3359 4133 3438 4204 τῷ
3484 4128 3706 4201 Κυρίῳ.

2136 4231 2442 4305 Ηύφράνθη
2469 4231 2528 4286 δὲ
2560 4230 2702 4303 αὕτη
2732 4231 2832 4285 καὶ
2861 4228 3274 4300 ὴγαλλιάσαντο
3303 4216 3491 4291 αὗται,
3555 4219 3724 4293 χάριν

2130 4322 2309 4389 τίνοςς

430 4413 489 4459 et
517 4404 646 4476 quia
701 4408 997 4464 conﬁtetur
1037 4418 1092 4465 et
1153 4411 1461 4483 condignas
1512 4411 1627 4469 Deo
1656 4416 1866 4484 gratias
1887 4416 2021 4489 agit.
2064 4415 2269 4474 Verum
2303 4416 2351 4474 si
2388 4408 2592 4488 quaeris
2625 4415 2788 4487 cujus
2836 4415 2917 4473 rei
2946 4415 3121 4488 gratia
3169 4413 3352 4471 laetata
3423 4410 3497 4469 sit
3560 4409 3720 4475 Sion,

430 4503 489 4552 et
536 4512 705 4568 quam
741 4499 814 4554 ob
862 4514 1086 4573 causam
1144 4501 1267 4557 ﬁlia:
1335 4502 1541 4561 Judssae
1580 4507 2005 4573 exsultaverint,
2045 4510 2177 4566 audi
2205 4525 2330 4581 qua:
2360 4519 2707 4583 sequuntur:

509 4589 737 4660 Propter
766 4592 976 4662 judicia
1004 4603 1123 4662 tua,
1163 4595 1405 4655 Domine.
1440 4600 1583 4666 Quia
1628 4602 1848 4659 scilicet
1865 4603 2020 4674 justo

2200 4606 2457 4662 "Erexer-
2479 4606 2600 4661 τῶν
2627 4604 2932 4677 χριμάτων
2958 4619 3101 4671 σου,
3151 4605 3355 4673 Κύριε.
3389 4603 3518 4657 Ὅτι
3576 4601 3722 4655 ἁπο-

433 4692 533 4739 tuo
567 4683 781 4755 judicio
826 4687 1130 4758 unicuique
1180 4690 1379 4748 reddes
1400 4691 1556 4761 juxta
1586 4708 1749 4766 opera
1781 4698 2025 4767 propria,

434 4774 696 4832 ﬁdelibus
726 4777 987 4834 nimirum
1009 4781 1284 4852 requiem,
1315 4784 1636 4843 inﬁdelibus
1660 4803 1793 4844 vero
1820 4799 2026 4846 aeterna

432 4868 730 4940 supplicia.

513 4958 677 5017 Vens.
722 4960 777 5019 9.
809 4962 1076 5030 Quoniam
1115 4972 1173 5020 tu
1202 4965 1463 5023 Dominus
1514 4968 1816 5025 altissimus
1863 4987 2023 5043 super

434 5067 644 5106 omnem
674 5061 895 5110 terram.
973 5054 1244 5114 Dominus
1298 5074 1467 5130 super
1514 5076 1732 5116 omnem
1790 5072 2015 5120 terram.

430 5143 531 5198 Vel
563 5144 870 5202 altissimus
908 5161 1078 5219 super
1097 5156 1327 5217 terram,
1360 5154 1826 5222 quemadmodum
1852 5157 2018 5212 etiam

424 5253 601 5308 super
626 5239 825 5296 caelum

519 5333 684 5389 Valde
711 5336 984 5389 exaltatus
1041 5352 1095 5390 es
1125 5350 1281 5402 super
1332 5352 1511 5412 om‘nes
1549 5337 1697 5393 deos.
1726 5340 1843 5395 Eos
1868 5342 2022 5397 scili-

432 5433 525 5480 cet
579 5425 673 5494 qui
734 5423 810 5480 dii
862 5434 1209 5494 reputautur.
1266 5427 1330 5479 Et
1363 5428 1442 5483 illi
1475 5430 1696 5498 quidem
1759 5433 1899 5488 lalso
1926 5449 2026 5488 ex-

432 5516 587 5570 altati
638 5525 791 5581 sunt,
853 5528 1020 5587 atque
1076 5518 1149 5573 ob
1224 5534 1509 5575 errorem:
1552 5533 1607 5576 tu
1666 5531 1848 5579 autem
1896 5541 2027 5581 vcrc

432 5608 715 5662 exallalus
760 5624 842 5672 es,
870 5609 943 5665 ob
968 5625 1240 5666 summam
1270 5621 1421 5667 tuam
1460 5621 1785 5684 potentiam.
1808 5617 2026 5683 Quanto

436 5694 611 5764 igitur
653 5698 858 5756 veritas
914 5716 1109 5758 errore
1180 5703 1357 5775 major
1406 5714 1511 5774 est,
1544 5716 1699 5763 tanto
1731 5712 1894 5764 etiam
1934 5722 2025 5765 tua

515 5870 569 5955 ιε
600 5870 713 5927 Luc
778 5890 839 5943 ll,
875 5879 959 5934 li.
1036 5882 1081 5916 θ’
1108 5882 1253 5938 Psal.
1290 5900 1447 5952 xxm,
1477 5884 1526 5953 7,
1564 5887 1617 5941 9.

2130 4699 2328 4765 δώσεις
2377 4699 2600 4771 ἑκάστῳ
2657 4699 2802 4755 κατὰ
2846 4699 2918 4753 τά
2975 4699 3118 4769 ἔργα
3174 4697 3370 4752 αὐτοῦ·
3439 4696 3556 4761 τοῖς
3616 4695 3724 4764 μὲν

2131 4778 2370 4858 πιστοῖς,
2401 4788 2624 4846 αἰώνιον
2655 4790 2971 4845 ἀνάπαυσιν
2990 4807 3006 4823 ο
3033 4791 3148 4854 τοῖς
3172 4788 3231 4843 δὲ
3255 4787 3534 4853 ἀπίστοις,
3578 4784 3720 4841 αἰώ-

2130 4898 2245 4935 νιον
2262 4882 2510 4940 κόλασιν.

2205 4974 2336 5026 Ὀτι
2362 4972 2446 5038 σὺ
2490 4973 2707 5042 Κύριος
2734 4972 3026 5042 ὕψιστος,
3052 4972 3153 5027 ἐπὶ
3189 4970 3401 5029 πᾶσαν
3429 4969 3549 5039 τὴν
3572 4968 3716 5040 γῆν.

2128 5067 2335 5139 Κύριος
2357 5070 2451 5121 ἐπὶ
2469 5068 2651 5121 πᾶσαν
2671 5067 2770 5139 τὴν
2791 5069 2918 5138 γῆν.
2956 5067 3193 5138 ’Υψηλδς
3215 5066 3502 5139 Δεσπότης
3524 5065 3719 5135 πάσης

2129 5159 2229 5227 τῆς
2257 5160 2381 5230 γῆς,
2413 5158 2605 5231 ὥσπερ
2633 5161 2730 5215 καὶ
2766 5157 2861 5213 τοῦ
2896 5157 3166 5229 οὐρανοῦ.

2198 5337 2439 5408 Σφόδρα
2463 5337 2867 5408 ὑπερυψώθης
2897 5336 3051 5407 ὑπὲρ
3071 5336 3304 5402 πάντας
3338 5333 3479 5400 τοὺς
3516 5332 3715 5398 θεούς.

2125 5430 2267 5493 Τοὺς
2323 5429 2744 5500 νομιζομένους.
2814 5431 3048 5485 Ἐκεῖνοι
3087 5428 3191 5499 μὲν
3246 5427 3357 5496 γὰρ
3410 5424 3716 5496 ὑψώθησαν

2124 5524 2237 5580 άπὸ
2272 5522 2483 5594 πλάνης
2502 5541 2516 5555 ’
2556 5524 2622 5577 σὺ
2657 5524 2714 5577 δὲ
2736 5524 2844 5578 ἀπὸ
2875 5524 3162 5593 ἀληθείας,
3187 5522 3298 5576 άπὸ
3327 5522 3430 5592 τῆς
3469 5520 3712 5574 ποιναθε-

2125 5615 2253 5678 νοῦς
2282 5615 2606 5686 δυνάμεως’
2659 5617 2787 5674 ὅσον
2817 5612 2910 5670 οὖν
2942 5616 3132 5687 μεῖζον
3189 5613 3424 5685 ἀλήθεια
3473 5612 3709 5678 πλάνης,

2126 5706 2384 5762 τοσοῦτον
2410 5709 2505 5764 καὶ
2536 5708 2597 5761 τὸ
2632 5707 2727 5763 σὺν
2767 5708 2901 5778 ὕψος
2937 5705 3032 5762 τοῦ
3060 5706 3313 5763 ἑκεξνων.
3353 5703 3605 5775 Ὑψώθης
3627 5703 3709 5766 δὲ,
