4088 6454
433 439 544 505 985

1597 443 1984 507 conamur.
2020 447 2107 510 IN
2136 431 2500 518 ﬁSALuos.

3584 459 3689 523 93.6

495 553 768 610 Ε’ῑδοσαν
798 552 998 608 πάντα
1027 553 1100 608 τὰ
1147 553 1372 623 πέρατα
1406 554 1514 624 τῆς
1543 556 1658 626 γῆς,
1711 557 1778 610 τὸ
1817 557 1996 625 σιωπή.

2194 567 2357 622 Vnus.
2393 569 2448 624 4.
2506 567 2760 623 Viderunt
2789 585 2966 625 omnes
3000 569 3216 625 termini
3263 579 3417 625 terra
3447 572 3689 626 salutare

417 665 557 719 ριον
594 648 699 702 τοῦ
738 649 907 703 Θεοῦ.
958 647 1220 702 Ἐνὼπιον
1250 648 1432 702 αὐτῶν
1480 651 1875 720 ἀποκαλυφθὲν·
1918 651 1996 706 διὰ

2108 659 2215 714 Dei
2258 662 2449 715 nostri.
2504 660 2668 727 Illud,
2714 661 2961 731 inquam,
3005 663 3271 729 salutare,
3311 662 3456 734 quod
3499 677 3683 716 coram

421 738 532 794 τῶν
559 740 903 805 ἀποστόλων,
935 739 1012 802 ὡς
1039 739 1296 812 ἀνωτέρω
1322 741 1642 811 δεδήλωται.

499 939 864 1003 Ἆλαλάξατε
889 939 968 1004 τῷ
999 938 1142 1003 Θεῷ,
1185 937 1355 994 πᾶσα
1408 941 1447 1009 ἠ
1484 939 1577 1009 γῆ.
1605 924 1837 1012 Εἴρηται
1869 943 2002 1013 περὶ.

413 1031 509 1086 τοῦ
543 1031 862 1102 ἀλαλαγμοῦ
895 1034 951 1085 ἐν
976 1031 1053 1102 τῷ
1084 1031 1129 1103 β’
1161 1033 1329 1103 στίχῳ
1371 1033 1465 1087 τοῦ
1499 1033 1580 1101 ἧδ’
1604 1034 1843 1106 ψαλμοῦ.
1884 1089 1894 1099 ,

487 1237 724 1308 ’ᾼσατε,
779 1236 877 1290 καὶ
921 1233 1318 1306 ἀγαλλιᾶσθε,
1366 1236 1463 1290 καὶ
1496 1238 1751 1306 ψάλατε.
1795 1240 1998 1312 ’ᾼσατε

416 1327 570 1402 ᾆσμα
604 1329 814 1391 καινδν,
843 1328 918 1392 ὡς
947 1327 1164 1398 εἴρηται
1189 1345 1202 1359 ·
1230 1329 1559 1397 ἀγαλλιᾶσθε
1593 1331 1651 1384 δὲ
1674 1332 1747 1394 ὡς
1774 1331 1875 1401 τῆς
1897 1336 1990 1386 αξ.

411 1421 733 1492 χμαλωσίας
777 1419 1272 1492 ἐλευθερωθέντες·
1306 1420 1512 1491 ψάλατε
1545 1421 1600 1473 δὲ
1649 1423 1729 1488 εἰς
1773 1423 2000 1490 ἔνδειξιν

413 1515 512 1584 τῆς
537 1513 944 1582 ἀγαλλιάσεως.

486 1628 725 1682 Ψὰλατε
759 1627 840 1692 τῷ
873 1627 1068 1696 Κυρίῳ
1112 1628 1184 1682 ἐν
1219 1628 1450 1696 κιθάρᾳ,
1500 1628 1571 1683 ἐν
1637 1628 1848 1695 κιθάρᾳ
1897 1626 1995 1681 καὶ

413 1721 584 1792 φωνῇ
623 1720 893 1788 ψαλμοῦ.
921 1721 1173 1790 Κιθάραν
1205 1722 1327 1790 μὲν,
1366 1722 1465 1790 τὴν
1519 1719 1832 1797 πρακτικὴν
1863 1721 1997 1773 ἀναο

410 1814 668 1882 γωγικῶς
715 1814 1058 1883 ὑποληπτέον
1083 1831 1097 1844 ⁸
1130 1813 1316 1884 φωνὴν
1351 1808 1422 1866 ’δὲ
1460 1814 1678 1883 ψαλμοῦ
1707 1814 1807 1884 τὴν
1864 1813 1997 1866 θεω-

2106 750 2188 805 eis
2216 766 2314 820 per
2342 753 2622 823 apostolos
2649 753 2950 808 revelatum
2987 763 3096 821 est,
3123 763 3181 810 ut
3212 771 3380 824 supra
3440 753 3688 810 declara-

2107 859 2310 900 \‘llllllS.

2175 953 2346 1014 Vsus.
2389 960 2441 1013 5.
2477 959 2720 1016 Iubilate
2754 960 2886 1023 Deo,
2947 963 3120 1016 omnis
3161 969 3324 1017 terra.
3369 958 3445 1016 De
3479 961 3685 1030 iubila-

2103 1051 2255 1107 tione
2283 1052 2490 1107 dictum
2526 1061 2612 1110 est
2642 1055 2696 1110 in
2746 1056 2966 1126 psalmo
2998 1070 3141 1124 xciv,
3183 1055 3242 1110 in
3277 1054 3526 1111 secundo
3554 1067 3682 1110 ver—

2105 1143 2305 1201 siculo.

2174 1257 2422 1324 Cautale,
2449 1269 2500 1314 et
2529 1261 2814 1326 exsultate,
2850 1271 2896 1315 et
2919 1261 3154 1332 psallite.
3213 1259 3446 1315 Cantate
3498 1262 3680 1316 canti-

2102 1365 2225 1404 cum
2260 1365 2486 1417 novum,
2519 1361 2578 1404 ut
2607 1353 2816 1406 dictum
2849 1365 2955 1415 ρει,
2987 1363 3040 1406 et
3087 1353 3363 1407 exsultate
3414 1360 3678 1421 tanquam

2104 1443 2318 1497 liberati
2352 1459 2380 1497 a
2409 1444 2751 1514 captivitate,
2802 1454 2858 1498 et
2911 1445 3130 1514 psallite
3177 1445 3248 1498 ad
3291 1445 3681 1499 demonstran-

2101 1535 2224 1588 dam
2252 1536 2491 1589 lmtitiam
2519 1543 2574 1590 et
2605 1537 2864 1606 gaudium
2899 1544 3166 1591 vestrum.

2177 1649 2345 1706 Vnus.
2371 1652 2425 1706 6.
2461 1653 2692 1707 Psallite
2736 1653 2962 1707 Domino
3007 1654 3061 1707 in
3098 1651 3330 1717 cithara,
3382 1654 3436 1706 in
3473 1652 3685 1706 cithara

2101 1750 2150 1796 et
2182 1759 2302 1797 voce
2339 1744 2555 1810 psalmi.
2596 1743 2698 1800 Per
2727 1743 3002 1797 citharam
3028 1741 3186 1811 juxta
3249 1757 3531 1812 anagogen
3591 1744 3680 1795 la-

2101 1836 2274 1890 ctivas
2301 1836 2533 1892 virtutes
2581 1837 2858 1907 iutcllige;
2906 1852 3004 1907 per
3052 1851 3244 1890 vocem
3272 1850 3406 1890 vero
3456 1834 3678 1904 psalmi,

411 1904 666 1975 ρητικήν.
696 1902 965 1967 Δοξάσατε
987 1903 1078 1957 τὸν
1107 1905 1310 1976 Κύριον
1330 1903 1419 1957 διὰ
1449 1902 1702 1975 πράξεως
1748 1903 1843 1958 καὶ
1867 1901 1996 1957 θεω-

2101 1927 2274 1998 ipsam
2327 1928 2874 1998 contemplationem.
2968 1927 3290 1982 Glorilicate
3359 1926 3680 1989 Dominum,

411 1996 558 2066 ρίας.

495 2227 592 2280 Ἑν
623 2226 958 2296 σάλπιγξιν
987 2224 1235 2293 ἐλαταῒς
1283 2224 1385 2280 καὶ
1436 2224 1612 2294 φωνῇ
1652 2223 1997 2294 σάλπιγγος

410 2321 750 2389 κερατίνης.
795 2323 884 2374 Ἐν
912 2321 1030 2382 ταῖς
1080 2317 1466 2386 εὖαγγελικαῖς
1491 2316 1757 2381 ἐντολαῖς,
1786 2316 1995 2378 αἵτινες

411 2411 977 2481 σάλπιγγεςλ.ἐγονται
996 2409 1380 2481 πληθυντικῶς
1397 2409 1483 2462 διὰ
1503 2410 1564 2462 τὸ
1582 2402 1722 2462 εἶναι
1748 2407 1994 2477 τέσσαρα

408 2504 726 2574 Εὖαγγέλια
752 2521 767 2535 ·
830 2505 924 2558 καὶ
955 2502 1193 2570 σάλπιγξ
1218 2501 1442 2567 ἑνικῶς,
1472 2501 1611 2554 διότι
1645 2501 1696 2554 εἰ
1719 2501 1817 2553 καὶ
1870 2499 1995 2551 τέσ-

410 2614 557 2666 σαρα
584 2596 860 2664 λέγονται,
891 2594 980 2648 διὰ
1023 2595 1150 2656 τοὺς
1177 2593 1509 2662 ὲκθεμένους
1549 2591 1708 2655 αὐτὰ,
1743 2589 1858 2644 ἀλλ’
1898 2585 1992 2642 οὖν

408 2691 472 2745 ἓν
492 2693 598 2744 εἰσι
629 2693 696 2761 τῇ
729 2707 796 2742 συ
809 2687 1026 2758 μφωνία
1057 2687 1154 2739 καὶ
1190 2685 1442 2754 δυνάμει.
1480 2685 1594 2738 Καὶ
1640 2683 1839 2746 ὲλατὰς
1894 2681 1994 2752 μὲν

410 2781 513 2845 τὰς
545 2782 854 2849 σάλπιγγας
878 2779 1084 2843 ταύτας
1115 2778 1399 2843 ἐκάλεσεν,
1430 2777 1504 2840 ὡς
1537 2774 1993 2846 κεχαλκευμένας

411 2875 520 2930 ὐπὸ
542 2874 640 2928 τοῦ
680 2875 840 2942 ἁγίου
872 2874 1193 2941 Πνεῦματος
1222 2887 1236 2900 °
1271 2868 1570 2941 κερατίνην
1598 2869 1656 2922 δὲ
1685 2869 1990 2936 σάλπιγγα,

410 2966 489 3030 ὡς
513 2965 756 3038 ζωηράν.
811 2965 911 3019 Ἐκ
965 2964 1108 3030 ζώου
1141 2964 1250 3033 γὰρ
1280 2963 1314 3032 ὴ
1341 2961 1606 3032 κερατίνη
1655 2959 1996 3014 κατεσκευά-

413 3062 561 3126 ζετο.

516 3177 872 3242 Alta/laian
927 3173 1188 3228 ἐνώπιον
1224 3171 1336 3226 τοῦ
1365 3168 1681 3236 βασιλέως
1741 3168 1988 3236 Κυρίου.

416 3269 556 3342 Περὶ
583 3269 680 3323 τοῦ
717 3267 1044 3337 ἀλαλαγμοῦ
1068 3268 1423 3338 προείρηται.

483 3382 842 3450 Σαλευθήτω
862 3381 898 3448 ἡ
919 3381 1203 3435 θάλασσα
1229 3380 1326 3435 καὶ
1357 3379 1424 3432 τὸ
1443 3376 1738 3446 πλήρωμα
1768 3375 1987 3444 αὐτῆς,

415 3477 456 3545 ἡ
475 3473 795 3545 οικουμένη
813 3473 910 3527 καὶ
942 3472 1168 3538 πάντες
1192 3473 1246 3524 οἱ
1269 3471 1694 3536 κατοικοῦντες
1722 3470 1793 3521 ὲν
1810 3466 1988 3536 αὐτῇ.

415 3568 674 3623 Σάλευσιν
725 3565 1008 3620 κάνταῦθα
1044 3566 1142 3636 τὴν
1167 3564 1490 3632 ἀγαλλίασιν
1547 3565 1638 3617 καὶ
1706 3563 1994 3633 σκίρτησιν

418 3661 589 3728 λέγει,
647 3654 835 3722 καθὼς
857 3658 950 3711 καὶ
1006 3659 1064 3709 ἐν
1098 3657 1175 3727 τῷ
1215 3655 1295 3722 [ιε’
1319 3655 1521 3725 ψαλμῷ
1557 3656 1991 3725 προειρήκαμεν,

416 3751 570 3806 ἔνθαο
610 3750 1164 3819 Εὐφραινέσθωσαν
1195 3749 1248 3801 οι
1281 3746 1550 3814 οὐρανοὶ,
1583 3749 1678 3801 καὶ
1703 3743 1996 3816 ἀγαλλιά-

418 3846 543 3898 σθω
581 3844 619 3912 ἠ
656 3843 756 3910 γῆ,
784 3841 1199 3909 σαλευθήτωὴ
1233 3838 1542 3905 θάλασσα,
1579 3839 1679 3893 καὶ
1713 3840 1780 3894 τὸ
1837 3839 1995 3906 πλή-

411 3953 580 4007 ρωμα
605 3934 798 4001 αὐτῆς
821 3952 835 3965 ·
893 3932 1172 4001 ἀνάγνωθι
1203 3929 1296 3985 οὖν
1327 3932 1420 3986 καὶ
1441 3932 1540 3999 τὴν
1579 3932 1698 3984 ἐκεῖ
1735 3931 1996 4001 ῥηθεῖσαν

420 4028 702 4100 ὲξίιγησιν.
761 4027 1043 4097 Πλήρωμα
1109 4023 1167 4076 δὲ
1221 4023 1325 4091 τῆς
1380 4021 1659 4092 θαλάσσης
1703 4021 1996 4091 ὲνενόησάν

419 4137 564 4184 τινες
580 4119 708 4182 τοὺς
736 4113 1081 4189 πληροῦντας
1114 4113 1285 4185 αὐτὴν
1318 4113 1531 4184 ἰχθύας,
1568 4112 1650 4177 ὼς
1686 4113 1782 4166 καὶ
1813 4111 1996 4166 αὐτῶν

420 4211 566 4283 χαρᾷ
596 4209 999 4279 σαλευομένων.

492 4323 750 4392 Ποταμοὶ
777 4322 1150 4392 κροτήσουσι
1173 4321 1324 4391 χειρὶ
1355 4320 1454 4375 ἐπὶ
1493 4321 1560 4374 τὸ
1588 4319 1758 4375 αὐτό.
1823 4316 1996 4388 Ὀμοῦ

420 4417 482 4472 ἓν
505 4421 649 4490 χειρὶ
672 4422 1031 4487 κροτήσουσι,
1061 4415 1218 4485 δίκην
1244 4413 1553 4482 ἀνθρώπων
1580 4412 1997 4482 συγχαιρόντων

421 4509 977 4582 ἁλλήλοις,τουτέστι,
1010 4509 1107 4562 καὶ
1125 4508 1298 4577 αὐτοὶι
1320 4506 1608 4577 μονονουχὶ
1667 4505 2000 4575 σκιρτήσου-

2098 2018 2300 2090 inquit,
2335 2021 2475 2076 bene
2502 2019 2805 2091 operando,
2830 2027 2886 2074 et
2929 2018 3112 2074 divina
3145 2018 3401 2091 mysteria
3435 2029 3684 2072 contem-

2095 2111 2320 2181 plaudo.

2167 2245 2229 2300 In
2263 2245 2398 2299 tubis
2424 2245 2736 2311 duclilibus,
2762 2251 2813 2298 et
2841 2259 2966 2297 uoce
2996 2241 3136 2297 tuba:
3163 2256 3392 2296 carnem.
3420 2240 3477 2295 In
3504 2256 3679 2296 evan-

2095 2336 2288 2408 gelicis
2337 2335 2596 2390 nimirum
2661 2334 2999 2405 praeceptis,
3059 2348 3184 2403 qua:
3245 2333 3390 2388 tuba:
3450 2333 3678 2402 quidem

2095 2426 2294 2493 plurali
2350 2439 2584 2479 numero
2635 2423 2919 2488 dicuntur,
2958 2423 3083 2489 quia
3113 2429 3315 2492 quater
3340 2429 3468 2476 sunt
3499 2421 3682 2494 Evan-y

2094 2517 2233 2586 galia
2292 2526 2401 2571 :et
2437 2514 2565 2568 tuba
2601 2513 2891 2582 singulari,
2957 2512 3108 2582 quia,
3168 2511 3387 2567 tametsi
3443 2519 3682 2580 quatuor

2095 2607 2359 2662 dicuntur
2380 2608 2694 2677 Evangelia,
2715 2623 2813 2662 seu
2831 2609 3014 2676 potius
3042 2615 3279 2676 quatuor
3300 2606 3673 2674 evangelista,

2096 2701 2398 2756 concordia
2426 2711 2612 2757 tamen
2641 2716 2704 2757 ac
2744 2701 2950 2756 virtute
2982 2716 3153 2755 unum
3210 2708 3374 2768 atque
3421 2699 3566 2754 idem
3597 2709 3683 2755 est

2097 2795 2479 2864 Evangelium.
2536 2795 2600 2849 Et
2651 2796 2889 2851 duetiles
2921 2795 3144 2862 quidem
3192 2793 3294 2849 has
3330 2793 3494 2848 tubas
3518 2792 3685 2857 dixit,

2093 2887 2260 2942 veluti
2293 2904 2320 2940 a
2369 2897 2560 2942 saneto
2610 2887 2818 2957 Spiritu
2884 2887 3183 2942 fabricatas
3271 2894 3436 2960 atque
3502 2893 3683 2950 aetas,

2095 2994 2357 3034 corneam
2409 2995 2542 3034 vero
2605 2981 2762 3049 quasi
2812 2980 3132 3033 animatam.
3187 2978 3422 3033 Corneae
3475 2977 3680 3032 etenim

2095 3071 2241 3126 tubae
2269 3087 2332 3125 ex
2365 3072 2684 3126 animalium
2721 3073 2986 3126 cornibus
3026 3070 3359 3124 elliciuntur.

2163 3180 2329 3236 Vens.
2363 3183 2414 3237 7.
2450 3180 2693 3235 Jubilale
2725 3183 2778 3234 in
2809 3189 3089 3248 conspectu
3132 3180 3268 3250 regis
3306 3179 3543 3234 Domini.
3579 3178 3658 3234 De

2017 3244 2062 3308 θ
2091 3273 2423 3346 jttbilatione
2457 3275 2658 3344 saepius
2692 3275 2899 3329 dictum
2933 3244 3042 3330 est.

2165 3386 2563 3441 Commovealur
2619 3401 2766 3440 mare
2853 3397 2898 3440 et
2979 3385 3250 3454 plenitudo
3320 3385 3472 3454 ejus,
3537 3381 3682 3438 orbis

2095 3488 2359 3534 terrarum
2421 3489 2470 3534 et
2503 3481 2733 3534 universi
2757 3481 2848 3549 qui
2885 3478 3128 3532 habitant
3176 3481 3230 3531 in
3256 3494 3339 3531 eo.
3392 3475 3492 3531 Per
3523 3490 3681 3529 com-

2096 3567 2398 3622 motionem
2433 3567 2598 3622 etiam
2628 3569 2729 3622 hoc
2769 3567 2892 3622 loco
2931 3567 3362 3622 exsultationem
3396 3565 3678 3634 intelligit,

2097 3667 2156 3714 ut
2185 3658 2421 3714 diximus
2455 3660 2509 3714 in
2545 3661 2754 3730 psalmo
2785 3677 2906 3724 xcv,
2957 3659 3028 3714 ibi
3067 3678 3080 3714 :
3120 3660 3390 3714 Lretentur
3425 3659 3567 3723 caeli,
3629 3667 3682 3713 et

2096 3750 2323 3804 exsultet
2389 3760 2574 3816 terra,
2644 3761 3036 3806 commoveatur
3087 3769 3232 3806 mare
3291 3761 3340 3804 et
3414 3752 3683 3818 plenitudo

2096 3840 2237 3908 ejus.
2295 3838 2455 3905 Vide,
2520 3855 2643 3911 qum
2706 3842 2820 3896 illic
2849 3841 3173 3911 exponendo
3234 3840 3498 3896 diximus.
3578 3841 3683 3894 Per

2097 3934 2492 4003 plenitudinem
2550 3949 2686 3987 vero
2746 3935 2942 3998 maris,
3002 3933 3226 4003 quidam
3293 3932 3474 4001 pisces
3519 3932 3683 3986 intel-

2099 4026 2378 4088 lexerunt,
2436 4025 2529 4094 qui
2587 4024 2720 4077 illud
2775 4024 2990 4094 replent
3055 4041 3069 4078 :
3131 4022 3290 4092 quasi
3356 4023 3459 4092 ipsi
3516 4023 3680 4075 etiam

2101 4119 2276 4189 pisces
2307 4117 2374 4171 ad
2421 4116 2666 4171 laetitiam
2747 4125 2913 4186 atque
2976 4115 3044 4170 ad
3093 4113 3356 4186 gaudium
3408 4115 3685 4168 advoceu-

2101 4218 2211 4265 tur.

2169 4319 2338 4377 Vsus.
2369 4318 2422 4373 8.
2483 4317 2745 4372 Flumina
2798 4317 3057 4386 plaudent
3114 4332 3276 4369 manu
3321 4313 3503 4369 simul.
3551 4314 3683 4368 Fluo

2103 4411 2275 4473 mina,
2321 4411 2524 4482 inquit,
2573 4425 2680 4464 una
2729 4411 3013 4464 hominum
3067 4408 3266 4471 instar,
3315 4407 3408 4475 qui
3450 4406 3684 4460 invicem

2105 4503 2509 4574 congaudeant,
2553 4501 2710 4571 quasi
2758 4501 3015 4555 manibus
3064 4499 3398 4570 quibusdam
3457 4499 3691 4567 applau-

428 4619 513 4656 σιν
541 4603 590 4655 οἱ
618 4601 894 4670 ποταμοὶ,
944 4601 1045 4668 τῆς
1099 4598 1446 4668 παγκοσμίου
1471 4598 1646 4668 χαρᾶς
1669 4595 1996 4667 ἐρχομένης.

2111 4597 2262 4651 dent.
2299 4597 2378 4650 Ac
2407 4596 2450 4650 si
2486 4596 2742 4650 diceret:
2791 4593 2910 4663 Ipsa
2948 4595 3114 4648 etiam
3165 4592 3392 4645 ﬂumina
3443 4591 3688 4645 exsulta-

437 4692 827 4761 Ἀναγωγικῶς
875 4691 932 4744 δὲ
992 4691 1253 4758 ποταμοὶ,
1302 4691 1352 4742 oi
1411 4689 1627 4760 ῥέοντες
1660 4689 1722 4740 τὸ
1770 4687 2000 4753 πότιμον

424 4787 576 4855 νᾶμα
600 4785 690 4838 διὰ
722 4784 822 4853 τῆς
850 4783 1229 4848 διδασκαλίας,
1265 4783 1396 4850 περὶ
1425 4774 1500 4835 ὧν
1559 4779 1786 4851 εἴρηκεν
1819 4781 1847 4832 ὁ
1873 4779 2004 4848 Χρι-

429 4880 553 4942 στός
576 4893 591 4909 ο
661 4877 723 4930 '0
753 4877 1055 4931 πιστεύων
1083 4879 1170 4941 εις
1197 4874 1325 4944 ἐμὲ,
1356 4871 1608 4942 ποταμοὶ
1645 4873 1715 4946 ᾆκ
1745 4871 1857 4938 τῆς
1877 4888 2002 4924 κοι-

424 4972 566 5036 λίας
597 4969 784 5024 αὐτοῦ
833 4969 1177 5036 ῥεύσουσιν
1224 4966 1448 5030 ὕδατος
1472 4963 1692 5030 ζῶντος
1719 4979 1729 4995 ·
1760 4963 1794 5032 ἢ
1828 4979 2006 5014 ποτα-

431 5062 600 5133 μηδδν
624 5061 922 5133 συρρέοντα
939 5059 1122 5129 πλήθη
1152 5057 1262 5113 τῶν
1295 5055 1525 5121 πιστῶν,
1558 5057 1614 5109 ὲν
1637 5051 1758 5118 ταῖς
1799 5052 2002 5125 ἐκκλη-

431 5153 599 5219 elate.

504 5440 580 5494 ra
605 5439 710 5509 ὄρη
738 5435 1217 5512 ἀγαλλιάσονται
1249 5437 1371 5494 ἀπὸ
1403 5439 1728 5508 προσώπου
1761 5439 2004 5507 Κυρίου,

430 5530 522 5584 ὅτι
551 5530 809 5599 ἔρχεται.
861 5531 970 5587 Καὶ
1003 5530 1248 5599 αὐτὰξτὰ
1299 5530 1403 5602 ὅρη
1457 5532 1650 5597 ὥσπερ
1696 5532 1754 5584 ὲν
1799 5529 1877 5600 τῷ
1911 5534 1992 5597 ιιεν

427 5622 652 5694 ψαλμῷ,
685 5624 754 5677 τὰ
793 5623 924 5689 ξύλα
976 5622 1070 5677 τοῦ
1123 5621 1355 5696 δρυμοῦ.
1411 5625 1569 5677 Κατὰ
1619 5623 1678 5672 δὲ
1712 5623 2008 5692 ἀναγωγὴν

435 5714 562 5787 ῑρη,
590 5716 638 5768 oi
666 5717 964 5788 προφῆται,
1007 5717 1097 5772 σιὰ
1126 5722 1185 5772 τὸ
1215 5721 1352 5786 eeo;
1385 5717 1487 5787 τῆς
1518 5714 1754 5786 θεωρίας
1786 5713 1967 5769 αὐτῶν
1995 5730 2008 5746 ·

517 5892 711 5954 ’Joan.
741 5913 836 5965 vn,
874 5897 961 5954 33.

2111 4688 2266 4751 bunt,
2319 4696 2474 4742 tanto
2521 4685 2822 4741 universali
2871 4685 3074 4756 gaudio
3126 4681 3477 4738 adveniente.
3521 4679 3687 4735 Juxta

2110 4793 2411 4849 anagogen,
2459 4793 2554 4848 per
2601 4776 2854 4842 ﬂumina,
2914 4791 3012 4831 eos
3058 4773 3316 4829 homines
3375 4773 3687 4843 intelligere

2110 4869 2396 4934 debemus,
2435 4869 2526 4938 qui
2565 4867 2837 4938 potabiles
2893 4882 3162 4936 aquarum
3204 4866 3424 4929 latices,
3467 4874 3521 4919 et
3565 4881 3693 4934 per-

2110 4969 2308 5032 petuos
2338 4961 2608 5014 doctrinae
2632 4959 2812 5014 ﬂuxus
2842 4959 3072 5024 habent,
3127 4959 3196 5014 de
3248 4960 3452 5028 quibus
3503 4972 3532 5010 a
3581 4957 3691 5011 Do-

2111 5055 2262 5107 mino
2307 5053 2510 5107 dictum
2556 5060 2641 5106 est
2678 5069 2693 5106 :
2748 5052 2946 5122 Siquis
2978 5050 3261 5105 crediderit
3310 5050 3365 5102 in
3397 5063 3478 5100 me
3509 5088 3525 5112 ,
3578 5048 3690 5114 ﬂu-

2105 5146 2252 5199 mina
2283 5145 2348 5199 de
2380 5155 2554 5198 ventre
2589 5144 2706 5212 ejus
2734 5143 2904 5212 ﬂuent
2945 5159 3097 5212 aqum
3125 5141 3345 5195 viventis
3370 5139 3391 5168 ³
3419 5154 3434 5202 ;
3486 5136 3568 5190 vel
3603 5137 3689 5206 ip-

2107 5251 2198 5292 sas
2228 5237 2466 5291 ﬁdelium
2504 5235 2910 5300 multitudines,
2964 5247 3086 5303 quae
3118 5229 3365 5285 lluniiuis
3407 5229 3586 5282 instar
3617 5229 3686 5282 ad

2107 5329 2410 5386 Ecclesiam
2439 5329 2748 5383 conﬂuunt.

2178 5441 2387 5496 Montes
2432 5443 2778 5497 exsultabant
2836 5457 2870 5494 α
2914 5439 3051 5511 facie
3122 5436 3367 5500 Domini,
3429 5419 3685 5506 quoniam

2110 5537 2270 5590 venit.
2327 5535 2435 5604 lpsi
2469 5535 2632 5589 etiam
2667 5543 2883 5588 montes
2907 5529 3290 5595 exsultabant,
3324 5529 3687 5598 quemadmov

2110 5628 2240 5683 dum
2270 5627 2324 5682 in
2357 5628 2568 5698 psalmo
2595 5641 2696 5680 xcv
2725 5626 3036 5681 exsultasse
3068 5624 3233 5679 etiam
3271 5622 3506 5691 legimus
3541 5619 3688 5675 liena

2112 5717 2397 5774 silvarum.
2447 5714 2612 5772 Juxta
2673 5728 2954 5787 anagngen
2991 5754 3008 5783 ,
3102 5721 3316 5770 montes
3405 5709 3686 5790 prophetat
