4088 6454
419 447 518 512 991

1635 451 2022 517 EUTHYMII
2062 452 2431 514 ZIGABENI

3571 455 3677 516 999

412 569 591 629 erant,
617 563 714 619 sed
751 577 846 633 per
868 578 930 618 ea
969 563 1190 620 nomina
1222 564 1345 621 illos
1383 567 1746 638 signiﬁcavit,
1780 571 1876 639 qui
1913 584 2006 624 eo-

2107 565 2202 620 ἐπι
2234 566 2487 632 τούτους
2515 567 2628 622 οὐκ
2676 565 2990 621 ἐλεύσεται
3023 566 3062 633 1}
3089 566 3379 634 ῥομφαία,
3411 566 3510 619 οὐκ
3539 567 3678 618 ἐκεί-

414 676 536 715 rum
560 659 725 716 vitam
758 676 822 716 ac
856 663 1336 720 conuersationem
1367 663 1608 722 fuissent
1634 666 1855 721 imitati.

490 926 561 984 ιιι
591 928 838 986 columna
879 931 1033 987 nubis
1059 932 1377 1002 loquebatur
1407 934 1478 989 ad
1505 951 1612 990 eos.
1645 935 1731 990 Ad
1755 935 1996 1008 Moysen)

415 1021 699 1089 nimirum,
729 1030 893 1091 atque
925 1023 992 1078 ad
1016 1023 1222 1079 Aaron.
1247 1024 1411 1094 Atqui
1441 1024 1508 1078 ad
1543 1027 1718 1082 solum
1753 1027 1996 1097 Moysem

420 1115 562 1168 Deus
612 1113 988 1184 loquebatur;
1015 1133 1206 1173 verum
1255 1117 1378 1173 haec
1401 1129 1494 1175 est
1523 1118 1776 1188 quaedam:
1802 1119 1997 1186 ﬁgura,

415 1217 541 1269 qua:
569 1202 822 1273 syllepsis
850 1204 1055 1259 dicitur
1084 1221 1150 1261 eo
1187 1208 1333 1276 quod
1368 1212 1602 1264 alterni
1637 1208 2002 1275 comprehen-

420 1291 537 1346 dat.
563 1292 698 1347 Nam
726 1305 781 1349 et
815 1297 1112 1365 Apostolus
1139 1313 1268 1353 cum
1301 1315 1491 1354 omnes
1523 1305 1995 1362 eonnumerasset.

417 1385 518 1453 qui
550 1401 646 1454 per
683 1387 840 1441 ﬁdem
873 1389 1250 1453 crediderunt,
1285 1390 1558 1447 collectim
1587 1391 1812 1445 dem-um
1841 1389 1999 1450 addi-

418 1478 543 1532 dit:
587 1478 692 1544 Qui
721 1495 814 1546 per
849 1481 1011 1548 ﬁdem
1040 1482 1272 1538 uicerunt
1303 1499 1485 1553 regna,
1519 1491 1574 1539 et.
1600 1499 1722 1553 quae
1753 1498 2000 1552 sequun—

422 1577 511 1622 tur
546 1570 613 1623 ”.
668 1568 794 1623 Vult
827 1571 972 1624 enim
1025 1573 1299 1641 PrOpheta
1337 1587 1482 1626 nunc
1537 1573 1672 1632 illud
1709 1573 1866 1627 nobis
1915 1572 1999 1630 di-

420 1677 564 1724 cere.
617 1663 762 1731 quod
807 1663 897 1718 hic
942 1664 1199 1722 Christus
1229 1676 1312 1722 est
1341 1666 1434 1722 ille
1465 1666 1630 1730 Deus,
1671 1665 1764 1736 qui
1793 1665 1870 1737 ⁵ἱιι
1904 1680 1997 1720 co-

418 1751 606 1806 lumna
635 1754 797 1809 nubis
833 1755 901 1808 ad
929 1771 1028 1811 eos
1056 1757 1405 1826 loquebatur.

492 1844 759 1910 Quoniam
790 1849 1154 1903 custodiebant
1189 1853 1487 1906 testimonia
1506 1853 1644 1922 ejus.
1675 1863 1724 1909 et
1744 1866 2001 1924 praecepta

417 1935 530 2004 ejus
564 1953 678 2006 qua:
710 1939 852 1992 dedit
886 1940 1015 1994 illis.
1046 1939 1179 2012 Ejus
1208 1943 1354 1996 enim
1390 1942 1598 1999 Christi
1648 1955 1806 2000 erant
1851 1949 2003 2002 testi-

421 2030 606 2084 monia
630 2031 844 2097 omnia,
869 2043 924 2087 et
947 2033 1208 2088 mandata
1237 2034 1394 2106 legis,
1421 2051 1541 2106 quae
1567 2038 1672 2094 illis
1703 2037 1826 2093 data
1850 2049 1999 2096 sunt.

490 2202 655 2259 Vens.
685 2204 739 2259 8.
784 2205 1002 2263 Domine
1034 2209 1174 2265 Deus
1204 2223 1404 2278 noster,
1447 2224 1503 2268 tu
1528 2217 1846 2274 exaudiebas
1891 2237 2002 2277 eos.

419 2291 503 2348 Tu
538 2295 627 2351 ille
653 2313 732 2363 es,
765 2300 857 2367 qui
890 2309 1018 2356 tunc
1051 2318 1146 2358 eos
1176 2307 1530 2364 exaudiehas.

491 2387 631 2443 Deus
659 2399 719 2442 tu
738 2395 998 2460 propitius
1028 2397 1180 2466 fuisti
1205 2398 1302 2453 eis.
1330 2398 1421 2456 Eis
1447 2402 1703 2458 nimirum
1728 2404 2006 2475 placanti-

421 2479 527 2535 hus
569 2495 633 2536 ac
673 2484 1053 2554 mitigantibus
1108 2496 1161 2544 te
1193 2506 1296 2561 pro
1333 2495 1558 2564 populo.
1593 2511 1624 2550 a
1659 2513 1773 2566 quo
1821 2500 2006 2556 fueras

423 2571 698 2637 irritatus,
735 2577 821 2631 vel
857 2593 957 2646 pro
988 2581 1186 2650 seipsis
1213 2584 1406 2652 etiam,
1456 2587 1680 2656 quando
1711 2590 1770 2644 in
1797 2598 1852 2645 te
1878 2606 2005 2660 pec-

423 2675 642 2720 carunt.
693 2667 826 2721 Nam
863 2678 916 2724 et
957 2670 1170 2742 Moyses
1217 2674 1389 2731 Deum
1432 2679 1685 2746 irritavit,
1737 2682 1865 2736 dum
1901 2684 2006 2738 mi-

423 2771 531 2810 nus
565 2757 890 2816 credidisset
943 2777 1004 2816 se
1033 2764 1102 2817 ah
1152 2779 1218 2820 eo
1251 2766 1670 2836 impetraturum
1699 2787 1920 2844 aquam,
1951 2782 2007 2830 et

423 2846 636 2911 Aaron,
667 2851 887 2917 quando
915 2851 1152 2907 vitulum
1177 2854 1489 2912 fabricavit.

495 2937 569 2991 Et
617 2940 870 2997 ulciscens
929 2944 984 2997 in
1021 2962 1198 3003 omnes
1243 2948 1638 3008 adinventiones
1671 2971 1876 3011 eorum.
1907 2955 2006 3012 Ul-

423 3030 558 3086 cisci
609 3035 795 3102 posuit
852 3036 956 3094 hoc
986 3038 1126 3104 loco,
1159 3055 1260 3108 pro
1308 3045 1586 3102 auxiliari.
1634 3046 1702 3104 Et
1735 3050 2005 3119 adjuvans

423 3136 570 3187 eras,
607 3123 806 3194 inquit,
838 3125 942 3183 hoc
972 3137 1076 3193 est,
1101 3129 1398 3198 adjuvabas
1457 3137 1642 3192 omnia
1665 3152 1856 3193 eorum
1889 3149 2005 3196 stu-

423 3215 512 3268 dia
542 3215 610 3270 ad
633 3219 816 3288 populi
843 3224 1212 3280 commodum.
1239 3223 1334 3280 Vel
1359 3240 1484 3282 eras
1506 3227 1784 3285 ulciscens
1810 3245 2005 3288 omnes

423 3319 611 3360 eorum
641 3308 1083 3378 adinventiones,
1107 3313 1460 3386 intelligendo
1484 3317 1537 3371 in
1564 3319 1785 3388 passivo
1811 3337 2002 3388 sensu,

427 3397 532 3452 hoc
561 3407 645 3454 est
715 3418 908 3459 omnes
943 3405 1384 3471 adinventiones,
1420 3423 1544 3478 quae
1574 3410 1842 3468 adversus
1887 3415 2009 3470 illos

427 3490 751 3559 compositae
773 3508 836 3547 ac
860 3503 1084 3552 structa:
1117 3497 1374 3555 fuissent.

500 3581 666 3636 Vsus.
705 3583 758 3640 9.
792 3583 1042 3642 Exattate
1089 3587 1377 3644 Dominum
1423 3589 1593 3645 Deum
1640 3599 1898 3649 nostrum.
1937 3594 2012 3652 De

429 3676 536 3732 hoc
563 3678 671 3746 iam
713 3680 969 3748 superius
995 3681 1201 3736 dictum
1235 3693 1338 3740 est.

504 3769 573 3823 Et
601 3769 820 3826 adorata
871 3773 922 3826 in
957 3783 1131 3830 monte
1173 3787 1359 3832 sancto
1400 3779 1514 3848 ejus
1549 3796 1568 3836 :
1597 3784 1850 3852 quoniam
1885 3801 2013 3840 san-

431 3874 546 3918 ctus
579 3876 656 3919 est
691 3866 949 3922 Dominus
986 3868 1125 3923 Deus
1174 3882 1366 3927 noster.
1404 3873 1562 3932 Mons
1595 3877 1716 3948 ejus
1764 3889 2011 3945 sanctus,

429 3955 636 4013 Iudaeis
665 3959 884 4028 quidem
920 3963 1198 4019 terrestris
1241 3964 1444 4021 dicitur
1483 3967 1637 4034 Sion,
1675 3969 1835 4025 nobis
1883 3987 2014 4027 vero

432 4050 711 4118 cmlestis;
745 4051 814 4106 de
845 4068 951 4122 qua
986 4055 1284 4124 Apostolus
1309 4057 1512 4113 Paulus
1543 4059 1680 4114 dixit
1716 4079 1732 4117 :
1771 4061 2015 4118 Accedite

433 4142 502 4195 ad
537 4140 664 4198 Sion
693 4154 940 4212 montem,
961 4154 1008 4199 et
1040 4148 1302 4202 civitatem
1333 4149 1430 4204 Dei
1455 4152 1672 4207 viventis
1713 4153 2014 4210 Jerusalem

433 4234 690 4289 caelestem
736 4235 801 4290 ".
842 4237 938 4292 Vel
979 4253 1077 4308 per
1129 4249 1370 4296 montem
1418 4252 1669 4299 sanctum
1713 4244 2012 4303 Ecclesiam

433 4332 698 4406 intelligo,
733 4343 956 4404 propter
989 4336 1305 4409 dogmatum
1339 4339 1599 4395 nimirum
1627 4350 1681 4395 et
1711 4359 2015 4400 conversa-

433 4423 602 4478 tionis
650 4426 770 4495 ejus
825 4428 1238 4484 sublimitatem.
1295 4429 1555 4497 Adoratc,
1591 4433 1790 4503 inquit,
1851 4437 2017 4506 igitur

434 4516 716 4572 Christum
761 4518 814 4572 in
854 4518 1120 4577 Ecclesia.
1153 4521 1333 4590 Atque
1364 4522 1477 4577 inec
1527 4522 1800 4595 Proplwta
1859 4528 2013 4591 dicit.

2098 679 2224 722 νους
2246 659 2440 730 εἴρηκε
2463 675 2477 690 ·
2512 659 2628 723 πῶς
2677 660 2787 729 γὰρ
2811 659 2940 723 τοὺς
2967 659 3076 729 πρὸ
3120 659 3264 712 πάνυ
3296 659 3510 711 πολλῶν
3541 659 3680 712 ἐτῶν

2096 749 2517 817 ἀποθανόνταςς
2551 751 2688 806 ἀλλά
2715 752 2843 814 τοὺς
2879 751 2980 821 τὴν
3011 751 3292 807 πολιτείαν
3349 751 3528 804 αὐτῶν
3583 750 3680 820 ζη-

2097 841 2348 905 λοῦντας,
2369 843 2680 912 ὁμωνύμως
2709 845 2907 905 αὐτοὺς
2941 845 3218 898 ἐκάλεσεν.

2181 936 2285 990 Ἑν
2315 937 2523 1002 στύλφ
2553 933 2815 1004 νεφέλης
2848 933 3060 990 ἐλάλει
3088 934 3238 1002 πρὸς
3265 934 3509 999 αὐτούς.
3539 933 3683 1002 Πρὸς

2097 1027 2198 1082 τὸν
2243 1027 2508 1095 Μωῦσῆν,
2567 1027 2664 1082 καὶ
2701 1027 2794 1080 τὸν
2827 1025 3064 1095 ’Δαρών.
3102 1026 3213 1080 Καὶ
3263 1023 3370 1094 μὴν
3407 1024 3544 1094 πρὸς
3591 1024 3686 1078 τὸν

2098 1118 2340 1186 Μωῦσῆν
2379 1117 2583 1172 ἐλάλει.
2632 1117 2796 1172 Ἀλλὰ
2829 1117 3040 1188 τρόπος
3089 1113 3265 1180 ἐστὶν,
3317 1117 3345 1168 ὁ
3389 1115 3692 1185 λεγόμενος·

2102 1209 2487 1280 συλληπτικὺς,
2515 1209 2602 1261 διὰ
2623 1209 2684 1262 τὸ
2715 1208 3120 1278 συλλαμϐάνειν
3152 1209 3246 1260 κοιλ¹
3275 1206 3488 1276 ἕτερον.
3517 1206 3628 1258 Καὶ
3659 1208 3695 1259 ὁ-

2115 1301 2441 1363 ’Λπόστολος
2469 1300 2579 1371 γὰρ
2613 1299 3149 1371 ἀπαριθμησάμενος
3179 1297 3389 1359 πάντας
3421 1298 3550 1360 τοὺς
3598 1297 3700 1350 διὰ

2101 1393 2339 1459 πίστεως
2359 1396 2860 1466 εὐαρεστήσαντας,
2888 1389 3008 1446 εἶτα
3041 1393 3345 1464 συλλήϐδην
3369 1394 3650 1465 ἐπήγαγεν
3671 1410 3684 1424 ο

2104 1485 2172 1540 Οἳ
2197 1486 2296 1540 διὰ
2325 1488 2586 1552 πίστεως
2631 1486 3126 1554 κατηγωνίσαντο
3177 1485 3529 1549 βασιλείας,
3591 1483 3695 1535 καὶ

2100 1578 2172 1632 τὰ
2196 1577 2345 1648 ἑξῆς.
2387 1577 2652 1630 Βούλεται
2676 1577 2734 1630 δέ
2765 1577 2862 1631 νῦν
2907 1577 3089 1645 λέγειν
3125 1578 3153 1629 ὁ
3175 1577 3485 1647 προφήτης,
3514 1576 3594 1628 ὅτι
3629 1576 3704 1627 ἐνκ

2105 1670 2286 1742 στύλῳ
2317 1669 2550 1741 νεφέλης
2580 1662 2739 1732 οὗτος
2765 1667 2950 1724 ἐλάλει
2973 1667 3110 1739 πρὸς
3141 1666 3361 1735 αὐτούς.

2176 1849 2311 1902 Ὀτι
2343 1847 2708 1917 ἐφύλασσον
2741 1845 2814 1900 τὰ
2855 1843 3149 1914 μαρτύρια
3203 1841 3416 1903 αὐτοῦ,
3469 1842 3565 1895 καὶ
3619 1843 3696 1896 τὰ

2107 1940 2540 2010 προστάγματα
2567 1938 2756 1993 αὐτοῦ
2788 1937 2826 1991 d
2854 1936 3080 1990 ἔδωκεν
3106 1934 3332 2001 αὐτοῖς.
3355 1932 3560 1987 Τούτου
3583 1934 3698 2005 γὰρ

2103 2027 2244 2102 ἦσαν
2268 2031 2336 2084 τὰ
2365 2029 2666 2100 μαρτύρια,
2697 2028 2790 2081 καὶ
2815 2027 2888 2080 τὰ
2919 2027 3328 2096 προστάγματα
3359 2024 3456 2078 τοῦ
3479 2024 3688 2095 νόμου.-

2106 2124 2201 2180 xui.
2227 2125 2413 2183 αὐτοῖς
2439 2123 2644 2177 ἔδωκεν
2676 2120 2841 2176 αὐτά.
2990 2194 2995 2198 .

2173 2219 2351 2287 Κύριε
2390 2220 2424 2272 ὁ
2463 2218 2608 2283 Θεὸς
2638 2215 2830 2285 ἡμῶν,
2866 2215 2950 2270 σὺ
3007 2212 3314 2282 ἑπήκουες
3341 2210 3562 2268 αὐτῶν.
3616 2211 3694 2264 Σὺ

2102 2307 2271 2384 ἦσθα.
2303 2312 2332 2365 ὁ
2353 2311 2480 2365 τότε
2511 2309 2802 2365 ἐπακούων
2828 2307 3049 2375 αὐτῶν.ὶ

2187 2403 2252 2458 ⁸0
2279 2402 2425 2468 Θεὸς
2475 2403 2758 2467 situate;
2805 2401 3016 2470 ἐγένου
3045 2400 3274 2464 αὐτοῖς.
3334 2395 3705 2465 Ὶλεουμένοιξ

2107 2512 2168 2554 σε
2199 2494 2340 2564 ὑπὲρ
2361 2491 2456 2547 τοῦ
2493 2492 2920 2564 παροργίζοντος
2957 2490 3087 2546 λαοῦ
3111 2506 3125 2521 ·
3151 2491 3184 2561 ἢ
3219 2490 3313 2545 καὶ
3342 2490 3487 2559 ὑπὲρ
3511 2488 3698 2543 αὐτῶν

2108 2583 2518 2654 σφαλλομένων.
2551 2583 2796 2651 Μωῦσῆς
2824 2582 2935 2652 γὰρ
2973 2581 3263 2652 παρώξυνε
3293 2580 3384 2634 τὸν
3412 2581 3569 2643 Θεὸν,
3600 2581 3702 2633 ἐπὶ

2106 2679 2174 2747 τῇ
2199 2675 2432 2746 ἀπιστίᾳ
2459 2674 2554 2728 τοῦ
2587 2673 2809 2739 ὓδατος·
2870 2673 3083 2745 Ἀαρὼν
3122 2672 3204 2739 δὲ,
3265 2673 3360 2726 ἐπὶ
3383 2675 3451 2744 τῇ
3491 2688 3696 2742 μοσχοο

2109 2769 2288 2841 ποιίᾳ.
2320 2838 2322 2841 _

2178 2952 2287 3008 Kal
2315 2949 2572 3008 ἐκδικῶν
2604 2949 2706 3004 ἐπὶ
2763 2947 2962 3003 πάντα
3003 2948 3077 3003 τὰ
3113 2932 3559 3034 ἐπιτηδεύματα
3589 2949 3702 3002 αὐ-

2109 3043 2250 3100 τῶν.
2285 3043 2398 3098 Καὶ
2431 3042 2663 3098 ἐκδικῶν
2691 3041 2958 3114 ύπῆρχες,
2990 3042 3158 3112 ἤγουν
3191 3039 3422 3111 βοηθῶν,
3454 3040 3534 3102 εἰς
3569 3039 3704 3096 πάνυ

2109 3151 2178 3186 τα
2221 3132 2289 3186 τὰ
2309 3131 2724 3202 ἐπιτηδεύματα
2763 3130 2966 3197 αὐτῶν,
3008 3129 3077 3184 τὰ
3111 3130 3254 3202 ὑπὲρ
3297 3130 3393 3184 τοῦ
3442 3130 3594 3184 λαοῦ.
3629 3131 3702 3182 Ἦ

2034 3261 2076 3321 C
2111 3224 2453 3296 ἀμυνόμενος
2481 3225 2563 3289 εἰς
2584 3225 2766 3279 πάντα
2795 3222 2865 3278 τὰ
2909 3223 3324 3294 ἐπιτηδεύματα
3361 3225 3432 3277 τὰ
3459 3223 3579 3277 κατ’
3602 3222 3704 3276 αύ-

2110 3317 2242 3374 τῶν.

2193 3589 2442 3660 Ὑψοῦτε
2467 3588 2687 3657 Κύριον
2717 3586 2825 3641 τὸν
2850 3585 2998 3640 Θεὸν
3029 3582 3217 3653 ἡμῶν.
3261 3581 3545 3652 ’Λνωτέρω
3573 3581 3708 3651 περὶ

2113 3682 2308 3736 τούτου
2338 3684 2579 3752 εἴρηται.

2185 3774 2295 3829 Καὶ
2350 3770 2750 3840 προσκυνεῖτε
2783 3771 2871 3835 εἷς
2935 3770 3072 3837 ἔρος
3130 3767 3301 3836 ἅγιον
3353 3766 3562 3830 αὐτοῦ,
3615 3765 3708 3819 ὅτι

2115 3866 2284 3938 ἅγιος
2345 3866 2562 3933 Κύριος
2615 3863 2646 3917 ὁ
2681 3862 2828 3929 Θεὸς
2883 3860 3075 3932 ἡμῶν.
3119 3863 3286 3933 Ὅρος
3341 3861 3496 3928 ἆγιον
3532 3859 3706 3913 αὐτοῦ

2116 3944 2269 4034 πάρά
2302 3958 2578 4021 Ἰουδαίοις
2619 3958 2743 4027 μὲν,
2795 3957 2828 4028 ή
2869 3956 3115 4024 ἐπίγειος
3164 3953 3338 4008 Σιών·
3390 3953 3523 4022 παρ’
3569 3954 3709 4024 ἡμῖν

2115 4054 2192 4117 δὲ,
2257 4053 2291 4122 ή
2349 4050 2704 4119 ἐπουράνιος,
2772 4047 2902 4118 περὶ
2960 4041 3029 4120 ἦς
3079 4062 3245 4117 φησιν
3277 4045 3706 4107 ὀἈπὸστολος·

2115 4145 2622 4218 Προσεληλύθατε
2652 4141 2805 4196 Σιὼν
2835 4140 2978 4210 ὄρει,
3018 4140 3118 4194 καὶ
3153 4140 3330 4192 πόλει
3377 4137 3527 4193 Θεοῦ
3565 4136 3711 4222 ζῶν-

2116 4257 2221 4305 τος
2259 4235 2666 4307 Ἰερουσαλὴμ
2727 4235 3088 4301 ἐπουρανίῳ.
3150 4233 3222 4285 Ἢ
3272 4231 3398 4302 ὅρος
3449 4230 3627 4297 ἅγιον,
3671 4230 3709 4298 ἡ

2130 4331 2452 4403 Ἐκκλησία,
2483 4329 2572 4383 διὰ
2597 4329 2659 4382 τὸ
2689 4327 2825 4398 ὕψος
2849 4328 2959 4380 τῶν
2986 4326 3276 4396 δογμάτων
3302 4326 3398 4378 καὶ
3434 4323 3532 4391 τῆς
3558 4320 3714 4375 πολι-

2116 4426 2290 4488 τείας.
2343 4423 2711 4496 Προσκυνεῖτε
2767 4415 2897 4482 οὖν,
2941 4420 3143 4490 φησιν,
3184 4416 3422 4488 Χριστὸν
3453 4416 3544 4469 τὸν
3574 4412 3712 4468 Θεδν

2120 4517 2180 4568 ἐν
2205 4518 2273 4585 τῇ
2325 4511 2652 4583 Ἐκκλησίᾳ.
2689 4509 2761 4563 Ἦ
2794 4509 2996 4570 τοίνυν,
3051 4506 3146 4559 καὶ
3184 4503 3380 4558 ἑαυτὸν
3413 4503 3546 4572 ἡμῖν
3578 4517 3712 4552 συν-

437 4607 681 4675 seipsum
722 4607 881 4663 nobis
931 4611 1277 4680 conjungens
1317 4625 1332 4666 :
1367 4613 1564 4683 vetita
1609 4591 1725 4671 ﬁeri
1759 4616 1916 4686 jubet
1947 4635 2006 4674 ex

2126 4609 2336 4662 τάττων
2356 4607 2384 4659 ὁ
2422 4605 2733 4674 προφήτης,
2765 4599 2942 4655 ταῦτά
2974 4615 3140 4669 φησιν
3163 4611 3179 4627 ⁶
3235 4597 3269 4666 ἢ
3302 4593 3586 4666 προσώπῳ
3613 4591 3714 4645 τοῦ

440 4699 678 4754 ﬁdelium
714 4715 972 4769 persona.

667 4791 919 4847 Psalmus
955 4794 1060 4862 ipsi
1089 4795 1261 4850 David
1287 4798 1343 4850 in
1373 4798 1779 4866 confessionem.

953 4884 1276 4944 PSALMUS
1316 4889 1504 4946 XCIX.

510 4973 663 5032 Hanc
693 4976 1108 5048 inscriptionem
1149 4981 1506 5057 Septuaginta
1551 4990 1718 5045 etiam
1752 5003 2024 5058 apposue-

2119 4701 2493 4774 πληρώματος
2517 4698 2628 4752 τῶν
2669 4696 2881 4752 πιστῶν
2909 4693 3086 4748 ταῦτα
3116 4688 3518 4746 διακελεύεται.

2313 4791 2564 4862 Ψαλμὸς
2587 4790 2668 4856 τῷ
2699 4787 2879 4843 Δαόὶδ
2931 4789 3020 4852 εἰς
3047 4780 3516 4854 ἐξομολόγησιν.

2681 4880 2980 4936 ΨΑΛΜΟΣ
3019 4877 3135 4946 ἰ-,ΘἏ

2193 4979 2306 5035 Καὶ
2331 4978 2543 5048 ταύτην
2573 4977 2621 5030 oi
2660 4973 3071 5043 Ἐὅδομήκοντα
3097 4970 3199 5041 τὴν
3245 4964 3563 5037 ἐπιγραφὴν
3611 4965 3708 5018 ἐπ-

442 5075 591 5130 runt,
619 5081 1016 5138 cognoscentes
1046 5089 1111 5127 ex
1155 5075 1350 5144 psalmi
1383 5080 1590 5145 verbis,
1642 5096 1768 5135 eum
1797 5081 2006 5136 Christt

2128 5073 2357 5145 ἐθηκαν,
2393 5071 2501 5126 ἀπὸ
2531 5071 2642 5124 τῶν
2673 5066 3017 5136 ἐγκειμένων
3054 5062 3238 5136 ῥητῶν
3267 5057 3719 5145 διαγνόντες,ὂτι

440 5171 569 5210 vere
598 5159 918 5228 nmmuforti
948 5178 1011 5218 ac
1043 5163 1400 5222 descendenti
1431 5185 1496 5224 ex
1543 5173 1814 5242 sanguine
1854 5172 2006 5229 Darii

2128 5142 2224 5240 τῷ-
2240 5169 2304 5222 ὲκ
2326 5165 2491 5220 Δαΰὶδ
2510 5160 2756 5234 Χριστῷ,
2781 5159 2860 5228 τῷ
2886 5157 3104 5226 ἀληθῶς
3133 5155 3319 5252 lustri?)
3350 5151 3525 5252 χειρὶ,
3541 5142 3721 5252 ~aii-to?"

442 5250 756 5306 dedicatum
797 5253 990 5323 fuisse,
1016 5259 1105 5312 cui
1162 5260 1402 5328 mandat,
1437 5271 1499 5316 ut
1545 5241 1930 5331 inserviamus,
1970 5282 2006 5322 ε

2130 5260 2510 5316 ἀνατέθειται·
2556 5250 3072 5326 παρακελευόμενος
3102 5247 3380 5302 δουλεύειν
3423 5243 3576 5312 αὐτῷ
3620 5241 3722 5294 καὶ

443 5342 832 5398 conﬁteamur.

519 5432 682 5488 Vens.
718 5435 790 5488 l.‘
820 5435 1058 5492 Jubilate
1092 5438 1220 5506 Deo,
1253 5442 1423 5496 omnis
1473 5451 1639 5499 terra.
1695 5443 2026 5515 llujusmodt

444 5525 610 5579 verba
644 5527 935 5582 hahuimus
970 5529 1132 5582 etiam
1169 5530 1222 5584 in
1260 5533 1473 5600 psalmo
1501 5548 1672 5588 xcvu.

519 5614 716 5669 Servite
748 5617 972 5671 Domino
1016 5620 1069 5672 in
1100 5621 1310 5676 lwtitia.
1346 5623 1560 5680 Servitc
1590 5625 1664 5689 ei,
1693 5626 1784 5696 qui
1827 5625 2028 5684 libera-

451 5704 528 5756 vit
552 5721 650 5761 vos
672 5721 703 5760 α
742 5708 1048 5765 daemonum
1076 5714 1374 5783 servitute;
1409 5724 1463 5772 et
1497 5719 1550 5772 in
1592 5719 1800 5787 laetitia,
1832 5722 1961 5790 quia
1996 5740 2025 5776 ει

533 5883 573 5913 ¹²
600 5879 766 5937 ilebr.
807 5901 879 5951 XI,
915 5888 1006 5940 35.
1085 5893 1128 5925 ¹³
1163 5892 1326 5950 licbr.
1387 5913 1484 5965 xu,
1523 5897 1613 5952 9.2.

2133 5349 2608 5423 ἐξομολογεῖσθαι.
2991 5355 3000 5363 “
3294 5429 3332 5435 _
3625 5423 3652 5435 _

2201 5443 2578 5507 Ἀλαλὰξατε
2609 5439 2690 5506 τῷ
2715 5436 2862 5504 Θεῷ,
2890 5433 3060 5492 πᾶσα
3093 5435 3129 5502 ἡ
3156 5433 3253 5503 τῆ.
3292 5429 3526 5500 Εἴρηται
3559 5429 3722 5478 τοῦτο

2133 5537 2230 5592 καὶ
2253 5537 2314 5590 ἐν
2342 5535 2418 5604 τῷ
2450 5533 2534 5601 HC’
2560 5531 2782 5602 ψαλμίῖλ
2984 5619 2992 5621 Α
3113 5618 3123 5621 ,
3317 5615 3329 5621 _
3498 5613 3510 5621 ,
3591 5609 3607 5621 .
3666 5604 3678 5621 .

2211 5627 2590 5682 Δουλεύσατε
2619 5623 2700 5688 τῷ
2733 5622 2927 5690 Κυρίῳ
2969 5619 3039 5673 ἐν
3065 5615 3440 5712 εὐφροσύνῃἶ
3461 5609 3715 5712 cepisti,-

2139 5739 2267 5778 σατε
2303 5719 2378 5791 τῷ
2403 5721 2500 5789 τῆς
2539 5715 2784 5780 δουλείας
2811 5713 2920 5768 τῶν
2946 5709 3218 5782 δαιμόνων
3250 5707 3395 5780 ὑμᾶς
3427 5702 3607 5758 iis.qu
3621 5702 3727 5770 pdi-
