4088 6454
356 418 475 480 993

1526 411 1674 472 COM
1683 408 1918 472 MENT.
1946 409 2031 469 ‘IN
2071 403 2431 467 PSALMOS.

3508 401 3627 464 ’9οι

363 545 540 584 σαντι.
575 525 668 578 Ἐν
698 521 1012 596 εὐφροσύνῃ
1059 522 1139 588 δὲ,
1178 523 1259 576 ὅτι
1291 519 1648 591 ἀπηλλάγητε
1691 515 1945 588 ’τυραννί-
1973 519 1981 579 ξ

2084 521 2199 565 mta
2251 511 2422 580 erepti
2468 511 2602 567 estis
2653 509 2965 583 tyrannide,
3015 517 3068 565 et
3101 510 3281 566 eﬂ’ecti
3330 511 3502 585 digni,
3535 514 3631 584 qui

361 621 474 682 δος,
504 617 601 669 καὶ
627 617 711 668 ὅτι
741 614 986 668 τοιοῦτον
1015 613 1162 684 ἔχειν
1194 614 1478 682 Δεσπότην
1509 611 1916 682 κατηξιώθητε.

437 710 833 765 Εἰσελεύσετε
857 707 1113 760 ἐνώπιον
1130 707 1316 761 αὐτοῦ
1335 707 1404 760 ἐν
1421 705 1801 777 ἀγαλλιάσει.
1824 703 1956 772 Γνη-

369 800 501 864 σίως
541 798 689 868 αὐτῷ
716 797 1014 869 λατρεύετε
1052 795 1356 868 χαίροντες.

439 891 641 946 Γνῶτε
671 891 762 944 ὅτι
792 891 1005 958 Κύριος
1059 891 1242 955 αὑτός
1280 891 1450 943 ἐστιν
1491 891 1526 942 ὀ
1576 887 1721 953 Θεὸς
1760 885 1950 957 ἡμῶν.

358 982 547 1035 Τνῶτέ
577 981 684 1034 ἀπό
697 997 759 1032 τε
789 981 898 1032 τῶν
917 981 1044 1049 περὶ
1070 978 1236 1032 αὐτοῦ
1266 979 1588 1049 προφητῶν,
1621 977 1730 1030 ἀπό
1757 993 1818 1028 τε
1846 977 1956 1027 τῶν

354 1073 550 1143 ’ἔργων
583 1069 774 1135 αὐτοῦ,
808 1071 890 1123 ὅτι
945 1071 975 1120 ὁ
1025 1069 1228 1138 Κύριος
1283 1068 1493 1139 Ἰησοῦς
1538 1065 1700 1129 αὑτός
1735 1066 1885 1119 ἐστιν
1927 1066 1958 1118 ὁ

367 1167 504 1229 Θεὸς
534 1167 566 1234 ἡ
575 1165 712 1234 μῶν.

433 1255 625 1322 Αὐτὸς
673 1257 964 1323 ἐποίησεν
1006 1254 1185 1323 ἡμᾶς,
1241 1253 1338 1308 καὶ
1371 1257 1484 1325 οὐχ
1528 1257 1722 1325 ἡμεῖς.
1755 1256 1816 1309 Ei
1849 1255 1956 1327 γὰρ

370 1348 469 1400 καὶ
492 1345 747 1400 ’δοκοῦσιν
779 1349 826 1399 οἱ
859 1352 1096 1417 πατέρες
1127 1350 1302 1399 ποιεῖν
1331 1349 1399 1400 τὰ
1447 1348 1636 1412 τέκνα,
1668 1348 1782 1401 ἀλλ’
1816 1348 1908 1402 οὖν
1932 1350 1960 1402 ὁ

371 1439 508 1500 Θεὸς
543 1439 718 1492 ταῦτα
747 1441 913 1490 ποιεῖ.
948 1437 1120 1501 Ἁύτος
1179 1439 1276 1508 μὲν
1305 1433 1399 1492 οὖν
1453 1441 1656 1502 αἴτιος’
1689 1441 1738 1492 οἱ
1762 1440 1818 1493 δὲ
1852 1457 1960 1493 πα-

363 1529 556 1598 τέρες,
607 1529 894 1594 συναίτιοι,
945 1530 1020 1592 ὡς
1053 1530 1128 1600 τῷ
1150 1529 1208 1596 ἐξ
1236 1532 1410 1602 ἀρχῆς
1446 1532 1828 1604 προστάγματι
1859 1533 1960 1586 α’ὑ-

368 1617 472 1670 τοῦ
507 1618 903 1681 διακονοῦντες.
943 1621 1042 1674 Διὰ
1082 1621 1242 1673 τοῦτο
1279 1622 1461 1674 πολλοὶ
1494 1623 1665 1676 πολλὰ
1714 1623 1962 1686 θέλοντες

378 1711 737 1773 παιδοποιεῖν,
767 1712 828 1765 οὐ
877 1712 921 1766 δ’
953 1713 1088 1777 ὅλως
1137 1713 1429 1785 ἰσχύουσιν.
1480 1713 1647 1769 Ὅθεν
1697 1717 1962 1786 καὶπρὸς

375 1805 478 1870 τὴν
508 1803 775 1871 λέγουσαν
809 1804 888 1876 τῷ
911 1807 1088 1876 ἀνδρὶ,
1107 1809 1218 1872 Δός
1237 1826 1338 1876 μοι
1363 1811 1595 1872 τέκνον,
1618 1809 1963 1878 δογματικῶς

2059 613 2268 658 ta‘ntum
2307 603 2596 657 Dominum
2634 603 2902 658 habeatis.

2125 693 2296 749 Vens.
2322 696 2378 749 2.
2411 694 2636 748 Introite
2662 695 2715 748 in
2740 702 3016 762 conspectu
3038 695 3152 766 ejus
3177 695 3230 748 in
3257 695 3633 751 exsultatione.

2045 785 2297 859 ingenue
2324 786 2476 841 illum
2521 786 2684 841 colite
2715 801 2835 841 eum
2866 787 3065 857 gaudio
3096 796 3150 841 et
3181 787 3394 841 laetitia.

2131 879 2301 934 Vens.
2337 880 2390 934 '5.
2428 877 2629 933 Scitote
2657 879 2908 948 quoniam
2948 877 3209 932 Dominus
3254 879 3364 945 ipse
3389 881 3465 932 e'st
3495 879 3634 932 Deus

2059 983 2260 1027 noster.
2295 971 2647 1040 Cognoscite,
2687 971 2884 1040 inquit,
2915 985 2945 1024 a
2980 971 3260 1040 prophetis
3297 986 3381 1033 ea,
3416 987 3536 1040 qum
3569 972 3638 1025 de

2045 1062 2158 1119 'illo
2192 1067 2398 1133 scripta
2439 1074 2605 1118 sunt:
2641 1072 2693 1118 et
2724 1063 2792 1116 ab
2824 1063 2959 1132 ipsis
2987 1064 3147 1117 etiam
3193 1065 3450 1131 operibus
3484 1064 3640 1118 addi-

2061 1156 2226 1221 scite,
2259 1153 2402 1223 quod
2433 1152 2699 1209 Dominus
2723 1151 2885 1208 Jesus
2916 1153 3034 1222 ipse
3063 1160 3146 1207 est
3179 1151 3323 1208 Deus
3355 1164 3564 1210 noster.

2133 1245 2255 1316 Ipse
2296 1247 2417 1305 fecit
2451 1263 2567 1312 nos,
2607 1259 2656 1299 et
2702 1263 2804 1299 non
2837 1247 2939 1316 ipsi
2968 1262 3083 1298 nos.
3112 1242 3350 1299 Tametsi
3383 1255 3563 1316 patres
3602 1246 3640 1302 ii

2061 1354 2184 1394 esse
2244 1337 2674 1406 videantur,qui
2729 1336 2866 1391 ﬁlios
2925 1337 3160 1400 faciunt,
3217 1351 3406 1391 revera
3460 1344 3642 1392 tamen

2055 1432 2208 1486 'Dcus
2254 1441 2362 1497 est,
2408 1430 2499 1500 qui
2555 1445 2650 1484 eos
2689 1429 2837 1484 facit.
2887 1429 3010 1498 Ipse
3050 1431 3253 1484 etenim
3298 1431 3516 1484 illorum
3563 1439 3647 1484 est

2064 1539 2256 1588 causa,
2315 1531 2572 1591 parentes
2605 1537 2734 1575 vero
2784 1522 3137 1591 coadjutores
3188 1530 3424 1587 tantum,
3475 1521 3644 1576 veluti

2065 1616 2161 1685 qui
2193 1615 2378 1670 divino
2403 1614 2480 1668 illi
2511 1615 2816 1668 inserviunt
2847 1614 3125 1677 mandat),
3153 1613 3296 1683 quod
3325 1621 3409 1667 est
3433 1629 3460 1666 a
3491 1612 3646 1684 prin-

2068 1709 2230 1779 cipio.
2281 1708 2461 1778 Atque
2513 1708 2636 1763 ideo
2688 1708 2889 1761 multos
2938 1706 3188 1761 videmus
3222 1716 3476 1776 optantes
3521 1722 3648 1775 pro-

2068 1816 2256 1856 creare
2297 1801 2458 1864 lilios,
2493 1799 2582 1867 qui
2615 1807 2794 1852 tamen
2823 1798 3046 1851 minime
3081 1799 3131 1851 id
3161 1807 3408 1867 possunt.
3443 1797 3554 1852 Ead
3579 1813 3644 1852 -m

377 1897 587 1958 ἐκεῖνος
613 1875 950 1966 ἀπεκρίνατο
971 1913 986 1926 ·
1018 1875 1120 1966 Μὴ
1145 1875 1278 1951 ἀντὶ
1304 1900 1451 1953 Θεοῦ
1476 1901 1578 1953 σοί
1598 1875 1871 1969 ειμι-ἐγὼ,
1893 1899 1962 1966 ὃς

2084 1897 2228 1951 niam
2258 1898 2471 1950 ratione
2498 1894 2564 1948 ad
2597 1895 2881 1949 mulierem
2915 1894 3090 1958 illam,
3120 1909 3240 1963 qua:
3272 1893 3392 1946 viro
3428 1908 3530 1947 suo
3560 1893 3648 1947 di—

376 1983 678 2053 ἐστέρησέ
708 2000 784 2040 σε
823 1988 1060 2057 καρπὸν
1084 1991 1357 2057 κοιλίας;

466 2246 670 2318 Ἡμεῖς
702 2249 771 2302 δὲ
813 2250 966 2317 λαὸς
997 2252 1187 2306 αὐτοῦ
1211 2252 1310 2306 καὶ
1351 2254 1616 2322 πρόϐατα
1653 2253 1841 2324 ’νομῆς
1864 2256 1971 2309 αὺ-

395 2339 535 2394 τοῦ.
591 2341 829 2412 Εἴρηται
877 2342 974 2396 καὶ
1028 2342 1189 2396 τοῦτο
1225 2345 1282 2396 ἐν
1331 2344 1412 2414 τῷ
1455 2344 1532 2412 ξδ’
1593 2346 1822 2416 ψαλμῷ·
1857 2345 1972 2408 εἶδ’

369 2434 508 2485 ἐκεῖ
555 2433 707 2500 λαὸς
737 2433 932 2504 νομῆς
963 2437 1390 2505 ἐπιγέγραπται,
1427 2439 1522 2492 καὶ
1551 2443 1820 2510 πρόϐατα
1848 2458 1973 2510 χει-

383 2526 519 2592 ρὸς,
545 2525 665 2578 οὐδὲ
686 2527 842 2598 παρὰ
870 2526 1064 2583 ταῦτα.

472 2704 790 2758 Εὶσέλθετε
818 2707 905 2772 εἷς
940 2706 1048 2773 τὰς
1072 2708 1278 2775 ’πύλας
1307 2709 1496 2764 αὐτοῦ
1520 2710 1590 2764 ἐν
1609 2711 1976 2784 ἐξομολογή-

396 2810 518 2860 σει,
547 2797 633 2861 εις
663 2797 770 2863 τὰς
795 2799 996 2864 ’πύλας
1027 2801 1216 2855 αὐτοῦ
1248 2802 1318 2854 ἐν
1367 2803 1599 2871 ὕμνοις.
1626 2804 1841 2877 Ὠσπερ
1869 2809 1980 2859 εισ-

396 2887 544 2940 ιέναι
596 2887 676 2940 δεῖ
734 2890 952 2958 πρῶτον
1006 2893 1088 2954 εἰς
1120 2893 1219 2956 τὰς
1254 2893 1459 2960 πύλας,
1512 2890 1632 2948 εἶτα
1666 2897 1747 2959 εἴς
1785 2895 1978 2965 αὐλὰς,

403 2980 578 3044 οὕτως
625 2979 1063 3051 ἐξομολογεῖσθαι
1093 2986 1190 3038 ιδεί
1238 2987 1457 3057 πρῶτον
1487 2991 1553 3041 τὰ
1585 2990 1978 3060 ἡμαρτημένα,

398 3069 524 3124 sit:
566 3071 755 3142 ὑμνεῖν
781 3075 872 3126 τὸν
917 3075 1080 3128 Θεόν·
1121 3077 1209 3130 ἵνα
1246 3082 1313 3149 τῇ
1336 3079 1740 3151 -ὲξομολογήσει
1772 3081 1981 3153 καθαρ-

393 3164 591 3234 Gaio-1;;
620 3169 722 3236 τῆς
744 3166 1010 3239 γλώττης,
1042 3169 1282 3240 καθαρὸς
1301 3173 1332 3224 ’ὁ
1359 3171 1528 3241 ὕμνος
1565 3174 1981 3245 προσενεχθείη.

402 3256 582 3308 ,Πύλαι
627 3257 684 3309 δὲ
725 3259 820 3312 καὶ
863 3259 1025 3313 αὐλαὶ
1050 3260 1146 3313 τοῦ
1202 3264 1464 3330 Χριστοῦ,
1502 3266 1558 3318 αἱ
1608 3266 1750 3320 κατὰ
1804 3269 1987 3321 πᾶσαν

406 3347 512 3415 γῆν
552 3345 870 3418 ἐκκλησίαι,
924 3348 1000 3412 ὼς
1053 3344 1203 3414 οἶκος
1236 3351 1402 3404 αὐτοῦ
1429 3369 1444 3382 ·
1487 3354 1619 3424 περὶ
1667 3355 1777 3408 τῶν
1806 3355 1987 3410 αὐτῶν

399 3438 466 3491 δὲ
528 3442 624 3494 καὶ
647 3442 705 3492 ἐν
734 3441 810 3511 τῷ
843 3442 934 3509 πγ’
955 3443 1156 3515 ψαλμῷ
1195 3447 1546 3516 προείρηται.

491 3530 987 3601 Ἑξομολογεῐσθε
1015 3534 1194 3601 αὐτῷ,
1213 3539 1434 3592 αὶνεῖτε
1465 3541 1532 3593 τὸ
1557 3539 1745 3611 ὄνομα
1767 3543 1981 3597 αὐτοῦ.

418 3623 503 3675 Τὰ
535 3625 675 3678 αὐτὰ
701 3624 851 3678 δοκεῖ
882 3627 1049 3681 πάλιν
1108 3629 1312 3698 λέγειν,
1367 3632 1657 3686 ἐπιτείνων
1707 3635 1802 3687 καὶ
1858 3653 1992 3689 κατ-

409 3717 672 3784 επείγων.
725 3719 794 3770 Ἦ
824 3718 1212 3789 ἐξομολόγησιν
1243 3722 1476 3776 ἐνταῦθα
1506 3726 1614 3779 νόει
1636 3727 1734 3798 τὴν
1767 3728 1994 3797 εὐχαρι-

415 3812 593 3865 στίαν.
635 3812 1053 3884 Εὐχαριστεῖτε,
1095 3816 1282 3885 φησὶν,
1334 3818 1640 3888 τηλικαῦτα
1702 3821 1998 3890 εὐεργετη-

417 3904 646 3966 θέντες·
699 3906 1002 3977 εὐφημεῖτε
1070 3906 1132 3961 τὸ
1177 3908 1350 3979 ὄνομα
1397 3911 1498 3962 ’τοῦ
1548 3911 1848 3982 Λυτρωτοῢ
1902 3911 1998 3966 uel.

418 3997 713 4051 Δεσπότου.

496 4177 625 4229 ὀτι
653 4175 918 4245 χρηστὸς
973 4177 1218 4245 Κύριοςν
1243 4181 1330 4244 εἰς
1380 4180 1488 4234 τὸν
1507 4181 1702 4236 αἰῶνα
1723 4185 1790 4238 τὸ
1828 4183 2002 4251 ἕλεος

417 4269 636 4324 αὐτοῦ.
679 4270 932 4339 Χρηστδς
965 4308 982 4335 ,
1027 4271 1104 4334 ὡς
1177 4273 1507 4343 συμπαθής·
1558 4276 1777 4331 αἰώνιον
1820 4279 1883 4332 ’δὲ
1942 4278 2004 4334 τὸ

424 4361 576 4422 ἔλεος
616 4360 808 4427 αὑτοῦ,
879 4363 973 4414 καὶ
1000 4363 1062 4415 οὺ
1090 4363 1455 4434 πρόσκαιρον,
1507 4360 1622 4421 οἷον
1666 4369 1728 4422 τὸ
1772 4369 1882 4424 τῶν
1908 4373 2006 4426 ἀν-

426 4456 457 4504 θ
469 4452 542 4521 ρώ
551 4471 689 4505 πων.

2068 1993 2228 2044 eebat
2285 2006 2300 2042 :
2350 1987 2432 2042 Da
2481 1987 2608 2040 mihi
2643 1986 2836 2055 ﬁlium,
2886 1985 3182 2054 prudenter
3229 2000 3291 2039 ac
3343 1985 3654 2054 dogtnatice

2069 2082 2303 2135 maritus
2323 2079 2608 2150 respondit
2639 2097 2652 2133 :
2691 2076 2966 2147 Numquid
2999 2093 3089 2147 ego
3118 2093 3234 2130 sum
3273 2077 3367 2129 tibi
3400 2093 3494 2146 pro
3522 2075 3652 2140 Deo,

2063 2171 2159 2242 qui
2193 2171 2419 2240 privavit
2459 2179 2506 2222 te
2539 2169 2714 2237 fructu
2747 2168 2941 2220 ventris
2972 2167 3059 2220 “'2

2142 2263 2310 2318 Vens.
2347 2262 2403 2316 4.
2441 2260 2555 2315 Nos
2585 2271 2757 2314 autem
2797 2260 3023 2328 populus
3061 2259 3196 2327 ejus,
3222 2269 3270 2314 et
3297 2275 3416 2313 oves
3443 2273 3654 2325 pascua:

2071 2353 2210 2422 ejus.
2247 2352 2499 2408 Vidimus
2551 2351 2718 2406 etiam
2761 2349 3077 2418 hujusmodi
3133 2351 3295 2403 verba
3348 2349 3402 2402 in
3443 2348 3656 2417 psalmo

2062 2459 2220 2511 'xcw,
2254 2453 2308 2498 et
2340 2444 2468 2499 licet
2513 2443 2586 2496 ibi
2637 2442 2862 2512 populus
2916 2457 3125 2510 pascua:
3175 2441 3434 2510 scriptum
3465 2442 3560 2504 sit,
3602 2451 3659 2495 et

2075 2551 2191 2589 oves
2218 2550 2408 2587 manus
2439 2532 2575 2602 ejus,
2613 2533 2759 2586 nulla
2790 2531 2916 2585 hinc
2949 2540 3136 2584 tamen
3169 2544 3368 2584 sensus
3395 2526 3659 2582 differen-

2067 2626 2154 2681 ‘tia
2186 2625 2572 2681 constituitur.
2684 2624 2689 2629 “

2148 2713 2377 2769 Introite
2402 2715 2455 2768 in
2483 2722 2664 2782 portas
2687 2712 2800 2784 ejus
2833 2715 2884 2765 in
2906 2711 3253 2780 confessione,
3280 2711 3335 2764 in
3371 2710 3524 2762 aulas
3544 2707 3660 2778 ejus

2069 2809 2138 2863 'iu
2172 2807 2406 2877 hymnis.
2440 2804 2913 2871 Quemadmodum
2968 2804 3145 2872 primo
3197 2801 3407 2870 ingredi
3447 2805 3663 2869 oportet

2083 2907 2296 2969 portas,
2334 2908 2390 2954 et
2436 2897 2636 2953 deinde
2666 2899 2840 2960 aulas,
2877 2897 2947 2949 ita
2981 2895 3146 2949 etiam
3195 2894 3372 2964 primo
3411 2890 3664 2946 conﬁteri

2084 2998 2302 3062 oportet
2352 2996 2602 3060 peccata,
2656 2998 2710 3042 et
2758 2988 3019 3056 deinceps
3075 2987 3299 3038 laudare
3353 2983 3520 3037 Deum
3555 2997 3572 3034 :
3604 2989 3668 3035 ut

2070 3083 2273 3154 ‘lingua
2359 3096 2455 3150 per
2513 3080 2920 3135 confessionem
2983 3085 3327 3148 expurgatu;
3387 3090 3540 3146 puras
3602 3090 3669 3130 ac

2091 3176 2307 3230 mundae
2357 3175 2547 3230 laudes
2603 3172 2904 3228 ollerantur
2965 3172 3094 3226 Deo.
3157 3171 3344 3222 Porta:
3396 3179 3579 3222 autem
3612 3173 3670 3222 et

2092 3269 2228 3324 aulae
2250 3267 2480 3332 Christi,
2518 3268 2686 3320 varize
2719 3275 2870 3330 sunt,
2906 3279 3027 3334 qua:
3062 3264 3115 3316 in
3165 3262 3423 3315 universo
3457 3259 3672 3313 haben-

2075 3369 2180 3414 ‘tur
2216 3361 2368 3427 orbe,
2423 3358 2694 3422 ecclesiae,
2734 3357 2900 3412 veluti
2938 3356 3173 3426 propria:
3211 3353 3459 3422 quaedam
3519 3349 3672 3404 illius

2076 3442 2290 3508 'domus
2319 3471 2334 3508 :
2373 3453 2438 3507 de
2463 3451 2606 3505 aulis
2637 3451 2798 3503 etiam
2833 3449 3074 3502 diximus
3100 3447 3154 3499 in
3189 3445 3399 3515 psalmo
3434 3456 3673 3496 until.

2164 3543 2331 3601 Vens.
2373 3544 2426 3599 5.
2459 3541 2799 3612 Conﬁtemini
2829 3540 2930 3606 illi,
2987 3548 3035 3592 et
3064 3537 3280 3590 laudate
3318 3551 3504 3588 nomen
3532 3532 3673 3602 ejus.

2077 3638 2351 3693 ‘Eam‘dem
2387 3635 2604 3692 videtur
2637 3644 2884 3704 repetere
2921 3630 3278 3693 sententiam,
3327 3639 3675 3682 sermonem-

2095 3746 2203 3801 que
2242 3744 2404 3783 suum
2465 3727 2642 3797 magis
2699 3725 3006 3788 intendere,
3047 3737 3111 3777 ae
3145 3720 3258 3776 fere
3289 3719 3550 3774 lectorem
3581 3732 3678 3770 ur-

2081 3837 2248 3894 ‘gere.
2281 3821 2398 3883 Vel,
2436 3834 2535 3889 per
2592 3818 2999 3873 confessionem
3057 3813 3355 3885 gratiarum
3403 3813 3675 3866 actionem

2099 3915 2340 3984 intellige
2366 3931 2380 3967 :
2414 3911 2635 3968 Gratias
2658 3911 2791 3973 Deo,
2821 3909 3038 3978 inquit,
3066 3901 3550 3972 condignasﬁagite,
3578 3915 3680 3970 pro

2078 4005 2267 4059 ‘tantis
2298 4004 2367 4057 ab
2395 4017 2461 4058 eo
2501 4002 2556 4056 in
2583 4016 2680 4055 vos
2713 3999 2932 4053 collatis
2976 3995 3281 4060 benelieiis,
3315 4001 3369 4047 et
3401 3993 3550 4046 illius
3580 4005 3680 4046 uo—

2083 4109 2224 4155 ‘men
2261 4098 2500 4163 laudate,
2527 4097 2619 4166 qui
2653 4093 2882 4148 redemit
2923 4105 3040 4162 vos.

2106 4210 2120 4251 ι
2177 4189 2444 4257 Quoniam
2465 4189 2630 4242 bonus
2660 4185 2938 4246 Dominus,
2963 4184 3014 4236 in
3038 4180 3290 4236 saeculum
3313 4177 3683 4233 misericordia

2102 4281 2238 4346 eius.
2268 4282 2448 4337 Bonus
2477 4287 2666 4347 utpote
2693 4275 3058 4344 compatiens.
3094 4272 3377 4328 Aﬂternam
3411 4283 3541 4324 vero
3562 4285 3686 4324 esse

2107 4374 2240 4430 dicit
2271 4373 2419 4428 illius
2453 4361 2910 4433 misericordiam,
2961 4376 3015 4420 et
3070 4381 3180 4420 non
3214 4373 3428 4418 tantum
3461 4362 3530 4417 ad
3581 4362 3689 4417 hu-

2109 4483 2285 4522 mante
2315 4467 2437 4520 vitae
2465 4477 2705 4534 tempus,
2744 4463 2838 4517 sed
2875 4468 3140 4532 perpetuo
3175 4457 3396 4512 durare.

500 4545 606 4597 Kal
636 4543 744 4609 ἕως
779 4541 994 4612 γενεᾶς
1059 4544 1158 4599 καὶ
1187 4547 1400 4616 γενεᾶς
1432 4551 1472 4618 ἡ
1515 4552 1767 4620 ἀλήθεια
1794 4554 1981 4609 αὐτοῦ

2176 4559 2251 4615 Et
2280 4576 2443 4629 usque
2470 4559 2522 4613 in
2556 4557 2943 4628 generationem
2994 4565 3041 4608 et
3075 4550 3462 4624 generationem
3492 4546 3686 4601 veritas

427 4637 698 4705 Διηνεκὴς
754 4633 989 4704 ἀλήθεια
1021 4635 1131 4689 τῶν
1177 4637 1364 4706 λόγων
1421 4643 1630 4696 αῖὺτοῦη
1653 4643 1787 4716 ’ἦπού
1847 4646 2009 4714 μόνον

431 4731 493 4781 ὲν
519 4729 584 4798 τῇ
616 4728 780 4798 γενεᾷ
811 4727 908 4780 τοῦ
935 4726 1358 4798 παλαιοῦιλαοῦ,
1408 4734 1560 4789 nam
1597 4737 2008 4810 ’καὶέν-τῇτόῢ

431 4825 578 4879 νέου.

934 4919 1182 4988 Ψαλμὸς
1205 4919 1285 4984 τῷ
1303 4921 1513 4977 Δαϐίδ.

1025 5013 1318 5066 ΨΑΛΜΟΣ
1346 5014 1419 5068 P'.

521 5103 582 5158 Ὀ
617 5105 887 5177 μακάριος
929 5105 1143 5169 Ἰωσίας
1179 5106 1424 5176 μεγάλας
1485 5107 1854 5178 κατώρθωσεν
1892 5110 2020 5182 ἀρε-

1310 5197 1549 5268 προῖδὼν
1597 5200 1627 5250 ό
1679 5201 1863 5262 Δασὶδ,
1925 5202 2017 5254 τὸν

434 5195 646 5261 ’τᾶς,·ὲν
671 5197 750 5267 τῷ
804 5197 1132 5268 βασιλεύειν,
1189 5198 1262 5256 ἃς

443 5290 688 5359 παρόντα
724 5290 942 5360 ψαλμὸν
977 5290 1437 5360 συνέγραψε,’τδν
1469 5292 1736 5363 ’ἐνάρετον
1799 5293 2015 5346 ἐκείνου

444 5382 560 5451 βίον
583 5382 864 5452 προσώπῳ
921 5382 1090 5436 αὐτοῦ
1143 5382 1506 5454 διηγούμενος
1533 5400 1549 5415 ⁸
1607 5385 1702 5436 καὶ
1729 5383 2014 5454 προτιθεὶς

441 5477 556 5537 τοῖς
615 5474 926 5545 ἀνθρώποις
983 5475 1153 5546 ὀρθῆς
1187 5473 1476 5540 πολιτείας
1507 5476 1875 5549 χαρακτῆρα,
1920 5477 2018 5530 καὶ

444 5567 794 5638 παράδειγμα
816 5567 1174 5640 τελειότητος.

525 5837 570 5869 ¹⁸
596 5838 734 5894 Gen.
767 5852 894 5902 xxx,
913 5836 970 5893 ‘2.

2115 4655 2250 4720 ejus.
2280 4650 2516 4714 Veritas,
2555 4649 2752 4718 inquit,
2793 4660 3109 4702 sermonum
3144 4643 3265 4712 ejus
3296 4647 3557 4712 perpetua
3581 4645 3686 4693 est.

2095 4740 2234 4806 ‘Vel,
2276 4757 2387 4796 non
2437 4747 2651 4793 tantum
2685 4739 2738 4792 in
2773 4736 2986 4806 antiqui
3030 4735 3214 4804 populi
3252 4732 3689 4801 generationem,

2115 4835 2292 4890 sed’in
2327 4833 2733 4906 generationem
2772 4843 2992 4899 quoque
3024 4828 3150 4882 novi
3188 4825 3392 4896 populi.

2601 4920 2859 4976 'Psalmus
2884 4919 2987 4987 ipsi
3019 4917 3205 4973 David.

2681 5009 3001 5067 PSALMUS
3060 5009 3122 5064 C.

2192 5108 2393 5163 Beatus
2449 5105 2625 5160 Josias
2679 5118 2892 5158 summa
2941 5105 3145 5156 virtute
3175 5100 3434 5171 praeditus
3468 5097 3594 5164 fuit,
3641 5105 3698 5153 et

2121 5213 2336 5256 summa
2370 5195 2581 5268 pariter
2629 5210 2755 5249 cum
2806 5193 3010 5246 virtute
3060 5206 3291 5261 regnum
3345 5189 3700 5243 administra-

2116 5293 2194 5347 vit
2229 5307 2244 5345 :
2282 5289 2428 5360 quod
2459 5286 2768 5358 prtevidens
2801 5283 3078 5351 Propheta
3111 5293 3298 5336 uoster
3334 5279 3524 5346 David,
3562 5295 3702 5348 pra:-

2116 5390 2326 5438 sentem
2376 5379 2648 5450 psalmum
2685 5373 3054 5443 conscripsit,
3112 5387 3223 5441 quo
3259 5372 3701 5442 probatissimam

2126 5473 2264 5527 tanti
2299 5471 2445 5541 regis
2487 5470 2676 5535 vitam,
2714 5482 2781 5520 ex
2810 5465 2931 5534 ejus
2979 5477 3210 5532 persona
3247 5477 3479 5517 narrans
3504 5503 3517 5526 ,
3555 5462 3702 5517 illam

2131 5577 2396 5636 tanquam
2470 5571 2638 5617 rectae
2686 5559 2974 5630 cujusdam
3040 5555 3480 5612 conversationis
3520 5571 3705 5612 exeru-

2133 5656 2274 5726 plar,
2309 5651 2567 5709 omnibus
2595 5648 2915 5710 imitandam
2950 5645 3230 5717 proponit.
