4052 6420
408 362 520 428 995

482 474 649 530 Vens.
684 468 736 527 l.
774 468 1199 527 Misericordiam
1243 476 1292 523 et
1319 464 1587 537 judicium
1615 464 1841 520 cantabo
1869 462 1986 529 tibi,
2018 467 2066 523 Α

411 561 655 616 Domine.
703 560 762 615 In
806 569 1052 624 cautum,
1090 559 1286 627 inquit,
1328 557 1428 611 tibi
1481 555 1706 611 oll‘eram
1768 554 1990 610 miseri-

409 655 652 709 cordiam
681 652 1017 723 ctjudicium
1040 659 1221 716 tuum,
1253 664 1458 705 canens
1487 647 1772 714 nimirum,
1800 659 1990 716 quem-

412 744 711 799 admodum
744 746 797 798 in
831 744 1087 814 praesenti
1119 743 1231 797 vita
1265 741 1571 805 misereris,
1601 747 1655 796 et
1679 738 1897 809 judicas
1930 737 1987 791 in

410 834 610 892 futura.
637 851 652 891 :
677 833 761 889 vel
785 848 1011 897 canens,
1040 834 1185 902 quod
1236 831 1615 889 misericordia
1643 842 1735 885 tua
1775 828 1989 899 judicio

409 941 520 981 non
552 934 721 992 caret,
759 940 861 981 nec
893 925 1171 996 judicium
1212 933 1366 979 tuum
1424 923 1824 979 misericordia.
1857 921 1989 976 lmi-

410 1017 567 1072 tabor
597 1025 862 1087 praeterea
904 1033 967 1072 ea
998 1032 1119 1087 quas
1147 1024 1314 1071 cantu
1343 1030 1461 1070 meo
1508 1014 1822 1075 lauzlavero,
1855 1011 1990 1066 alio-

405 1119 531 1161 rum
563 1106 775 1163 scilicet
810 1106 1123 1162 miserendo
1158 1115 1213 1161 et
1244 1115 1396 1160 recte
1424 1105 1561 1160 alios
1587 1101 1916 1174 judicando.

482 1194 652 1251 Vens.
691 1197 748 1252 ἓ.
797 1193 1061 1262 Psallam,
1091 1205 1143 1250 et
1176 1195 1470 1265 intelligam
1502 1195 1556 1246 in
1610 1192 1693 1249 uia
1724 1192 1987 1246 immacu-

410 1288 546 1343 lala.
575 1286 1085 1359 lrreprehensibilis
1118 1288 1377 1342 incedens
1408 1285 1656 1357 psallam,
1693 1293 1748 1341 et
1781 1284 1990 1340 intelli-

409 1394 558 1449 gam.
611 1376 838 1449 Oportet
888 1376 1034 1432 enim
1089 1377 1413 1449 psallentem
1470 1376 1799 1447 intelligere,
1852 1376 1988 1447 quid

412 1469 630 1539 psallat,
665 1476 760 1523 aut
794 1475 998 1525 cantet.
1028 1466 1132 1524 Per
1163 1467 1571 1524 immaculatam
1602 1477 1788 1525 autem
1815 1470 1986 1537 viam,

415 1559 723 1630 intelligere
748 1574 1042 1628 possumus
1063 1560 1296 1616 virtutes
1322 1561 1446 1618 illas
1473 1575 1596 1632 qua:
1623 1561 1844 1617 actione
1867 1578 1991 1632 per-

413 1650 703 1718 ﬁciuntur;
735 1651 971 1721 psallere
1001 1668 1132 1708 vero
1159 1668 1257 1722 pro
1286 1653 1642 1723 contemplari
1677 1670 1692 1707 :
1725 1653 1811 1709 vel
1842 1653 1991 1722 psal-

410 1742 546 1807 lere,
581 1756 683 1812 pro
735 1743 950 1811 operari
985 1757 1082 1813 per
1135 1745 1417 1809 virtutem,
1452 1745 1758 1815 intelligere
1804 1754 1985 1799 autem

410 1847 511 1902 pro
547 1832 905 1902 contemplari
937 1849 955 1890 :
1006 1848 1241 1904 quorum
1281 1844 1574 1906 utrumque
1611 1835 1667 1889 in
1720 1831 1990 1889 immacti-

413 1924 520 1979 lata
563 1932 729 1993 atque
760 1923 1233 1993 irreprehensibili
1268 1926 1379 1981 vita
1416 1926 1725 1997 perﬁcitur.
1832 1976 1845 1981 -

485 2017 715 2086 Quando
778 2023 945 2076 uenies
981 2020 1051 2075 ad
1081 2023 1203 2077 me?
1229 2020 1310 2074 Ad
1342 2037 1449 2084 me,
1479 2021 1722 2090 inquam,
1748 2021 1841 2093 qui
1872 2021 1993 2079 ideo

414 2110 806 2169 immaculatus
889 2120 1055 2183 atque
1128 2113 1628 2183 irreprehensihilis
1725 2117 1988 2181 ambulo,

415 2203 612 2272 psallo,
653 2214 707 2258 et
733 2205 1002 2274 intelligo,
1039 2212 1094 2258 nt
1126 2214 1176 2260 te
1207 2207 1375 2261 fruar.
1406 2204 1524 2268 Vel,
1559 2208 1780 2277 quando
1806 2209 1991 2264 venies

416 2288 485 2351 ad
527 2310 633 2361 me,
669 2297 760 2366 qui
817 2297 1192 2352 adventum'cl
1232 2301 1576 2367 prazscntiam
1611 2311 1757 2355 tuam
1789 2301 1994 2357 arden-

414 2386 630 2441 tissime
658 2389 1016 2456 COncupisco,
1050 2389 1204 2458 juxta
1234 2390 1366 2444 illud
1397 2409 1413 2446 :
1454 2390 1513 2445 Si
1543 2393 1661 2459 quis
1683 2393 1856 2464 diligit
1887 2409 1990 2459 me,

412 2486 463 2531 et
484 2476 638 2531 verba
657 2494 769 2531 mea
790 2479 1037 2541 servabit,
1057 2489 1107 2533 et
1132 2478 1295 2533 Pater
1317 2496 1459 2534 meus
1483 2483 1664 2552 diliget
1686 2499 1829 2549 eum,
1854 2495 1901 2539 et
1923 2484 1993 2539 ad

417 2583 541 2623 eum
569 2572 855 2635 veniemus,
884 2579 932 2623 et
971 2573 1290 2625 mansionem
1320 2575 1460 2641 apud
1491 2590 1609 2628 eum
1643 2576 1900 2645 faciemus
1927 2578 1990 2632 “.

486 2659 935 2712 Perambulabam
961 2660 1016 2712 in
1052 2662 1349 2714 innocentia
1373 2664 1545 2717 cordis
1574 2666 1696 2727 mei,
1727 2666 1782 2720 in
1824 2669 1994 2722 medio

415 2749 601 2803 domus
631 2766 776 2804 mew.
842 2747 1136 2817 Versabar,
1170 2752 1367 2821 inquit,
1404 2753 1459 2809 in
1488 2757 1753 2823 munditia
1783 2759 1990 2815 cordis.

485 2925 653 2982 Vsus.
687 2928 742 2983 5.
788 2925 912 2983 Non
946 2930 1299 3000 proponebam
1330 2942 1452 2986 ante
1493 2933 1676 2989 oculos
1719 2952 1859 2992 meos
1887 2953 1993 2992 rem

414 3019 674 3090 iniquam.
706 3018 895 3091 Neque
931 3032 1060 3077 ante
1097 3038 1413 3093 corporeus,
1449 3042 1626 3096 neque
1665 3037 1793 3085 ante
1822 3031 1993 3113 animi

417 3111 631 3178 oculos,
677 3113 780 3167 hoc
804 3122 908 3176 est,
940 3130 1049 3169 non
1099 3117 1440 3172 sustinebam
1482 3119 1663 3176 videre
1694 3131 1790 3176 aut
1840 3111 1993 3194 cOgi-
2018 3157 2065 3219 α

417 3213 533 3260 tare
561 3207 807 3277 iniquum
834 3208 1062 3278 aliquid.

487 3294 766 3353 Facientes
818 3303 1291 3372 transgressionem
1353 3305 1514 3360 adivi.
1565 3305 1674 3362 Eos
1730 3308 1991 3365 nimirum

415 3387 688 3454 homines,
741 3395 835 3461 qui
887 3393 1033 3463 quod
1080 3394 1287 3463 justum
1346 3410 1432 3452 εει
1486 3399 1991 3467 transgrediuntur,

417 3482 537 3536 sive
570 3483 622 3536 id
650 3483 717 3537 ad
748 3483 1001 3541 hoanines
1034 3488 1325 3555 pertineat,
1360 3490 1475 3545 sive
1505 3492 1570 3544 ad
1606 3492 1794 3548 Deum.

486 3569 654 3628 Vens.
692 3574 746 3627 4.
784 3572 908 3629 Νοη
931 3577 1156 3633 adlttesit
1195 3581 1322 3633 milii
1353 3598 1445 3636 cor
1465 3598 1789 3652 perversum.
1822 3583 1995 3642 Recto

416 3665 561 3717 enim
600 3681 915 3734 perversum
942 3683 1052 3722 non
1091 3673 1371 3740 congruit.

492 3752 858 3808 Derlinantem
903 3774 935 3809 a
989 3773 1069 3812 me
1103 3761 1390 3832 malignum
1440 3780 1544 3818 non
1596 3768 1995 3836 cognoscebam.

420 3842 609 3916 Neque
637 3848 783 3901 enim
828 3848 1190 3920 malignorum
1240 3855 1526 3911 hominum
1558 3858 1835 3915 amicitias
1862 3863 1998 3917 reti-

418 3953 551 3992 nere
589 3946 827 4008 oportet,
863 3940 957 3995 sed
989 3956 1206 4010 curare,
1245 3954 1303 3999 ut
1347 3960 1540 4003 omnes
1570 3950 1897 4007 accedentes
1929 3942 1995 4009 ad

420 4042 542 4087 nos.
590 4029 852 4085 meliores
887 4030 1218 4100 elliciantur,
1251 4045 1306 4090 et
1336 4040 1657 4097 recedentes
1689 4042 1995 4113 despicere.

420 4120 747 4191 lutelligitur
792 4122 957 4178 etiam
1017 4124 1108 4182 hic
1166 4128 1472 4186 versiculus
1529 4130 1598 4188 de
1642 4132 1883 4199 diabolo,
1938 4146 1999 4191 ut

284 4234 307 4247 ι
419 4217 619 4270 sensus
644 4215 717 4270 sit
746 4231 761 4269 :
790 4212 1032 4271 θεωοηί
1057 4218 1124 4274 ad
1149 4235 1238 4276 me
1264 4235 1551 4278 accessum
1577 4225 1793 4281 nullum
1824 4226 1948 4284 dedi
1979 4246 1995 4284 ι

418 4306 823 4377 atqueidcirco
861 4324 970 4365 non
1011 4312 1263 4382 contigit,
1302 4323 1363 4369 ut
1392 4314 1687 4386 aliquando
1717 4332 1748 4374 a
1783 4335 1872 4377 me
1899 4321 1998 4378 de-

419 4398 647 4464 clinare,
682 4399 785 4454 hoc
820 4408 928 4467 est,
957 4401 1216 4459 recedere
1236 4420 1362 4460 eum
1390 4422 1804 4480 cognoscerem.
1852 4398 1855 4401 ’

1642 350 1960 415 ΕΠΤΗΥΜ
1972 349 2033 410 II
2071 346 2435 410 ZIGABENI

3565 337 3675 401 996

2166 462 2389 515 Ἐλεον
2420 458 2518 513 καὶ
2545 458 2751 526 κρίσιν
2799 456 3026 527 ᾄσομαι
3060 469 3181 521 σοι,
3224 455 3421 524 Κύριε.
3481 450 3676 525 ’ᾼσμα

2093 554 2372 625 προσοίσω
2405 549 2497 606 τὸν
2522 551 2673 604 ἔλεον
2730 552 2823 605 καὶ
2848 549 2946 621 τὴν
3008 550 3216 621 κρίσιν,
3278 549 3420 620 ᾄδων
3448 547 3519 601 τὰ
3544 550 3678 616 περὶ

2089 646 2183 700 τοῦ
2213 645 2401 708 ἐλέους
2462 661 2558 696 σου
2624 643 2724 696 καὶ
2781 643 2886 711 τῆς
2934 642 3199 712 κρίσεως,
3228 642 3314 695 ὅτι
3358 638 3532 700 ἐλεεῖς
3569 638 3674 708 μὲν

2090 738 2234 792 κατὰ
2255 738 2356 809 τὴν
2383 734 2671 806 παροῦσαν
2699 735 2877 805 ζωήνο
2911 734 3123 804 κρίνεις
3154 734 3208 787 δὲ
3239 731 3384 786 κατὰ
3417 729 3678 811 τὴν-μέλ·-

2088 832 2311 887 λουσαν.
2352 833 2422 885 Ἥ
2452 832 2536 884 ὅτι
2599 828 2722 883 οὕτε
2753 831 2782 882 ό
2818 810 2966 890 ἔλεός
3000 842 3098 880 σου
3153 825 3402 895 ἄκριτος,
3456 810 3584 876 οὔτε
3640 814 3698 891 ff

2090 924 2273 995 κρίσις
2328 922 2560 993 ἀνήλεος
2588 937 2603 951 ·
2635 920 2758 973 ἐπεὶ
2781 918 2839 972 δὲ
2869 917 3048 971 ταῦτα
3107 915 3338 987 ᾄσομαι,
3383 911 3560 966 ταῦτα
3581 911 3677 965 καὶ

2093 1012 2432 1084 μιμήσομαι,
2486 1009 2656 1063 ἐλεῶν
2690 1008 2787 1063 καὶ
2822 1007 3029 1079 κρίνων
3051 1005 3252 1076 ὀρθῶς.

2167 1193 2351 1248 Ψαλῶ
2421 1192 2520 1247 καὶ
2580 1190 2838 1260 συνήσω
2861 1189 2934 1243 ἐν
2991 1186 3109 1253 ὀδῷ
3160 1185 3398 1257 ἀμώμῳ.
3443 1182 3680 1239 Ὀδεύων

2089 1285 2360 1359 ἀμώμως,
2394 1284 2552 1354 ψαλῶ
2617 1285 2711 1337 καὶ
2758 1281 2980 1351 συνήσω
3010 1296 3025 1311 ο
3061 1279 3171 1351 χρὴ
3218 1280 3326 1348 γὰρ
3381 1274 3473 1330 τὸν
3535 1275 3680 1345 ψάλ-

2090 1381 2254 1435 λοντα
2284 1380 2381 1436 καὶ
2414 1377 2659 1432 συνιέναι
2692 1376 2760 1430 τὰ
2782 1372 3101 1444 ψαλλόμενα
3124 1389 3138 1403 ·
3174 1370 3263 1440 εἴη
3295 1369 3341 1421 δ’
3386 1370 3454 1422 ἂν
3491 1367 3554 1422 τὸ
3575 1367 3679 1438 μὲν

2089 1473 2301 1527 ὁδεύειν
2330 1469 2603 1543 ἀμώμως,
2624 1468 2726 1538 τῆς
2748 1465 3072 1538 πρακτικῆς
3093 1481 3108 1496 ·
3147 1464 3211 1517 τὸ
3238 1463 3297 1517 δὲ
3320 1460 3548 1532 ψάλλειν
3581 1460 3681 1513 καὶ

2093 1568 2357 1631 συνιέναι,
2387 1563 2490 1635 τῆς
2519 1562 2891 1633 θεωρητικῆς.
2913 1559 2984 1612 Ἢ
3008 1557 3097 1612 διὰ
3130 1556 3231 1625 μὲν
3283 1554 3379 1608 τοῦ
3426 1552 3675 1624 ψάλλειν,

2090 1658 2190 1729 τὴν
2244 1655 2563 1727 πρακτικὴν
2611 1652 2878 1721 ἐνέφηνεν
2901 1665 2916 1681 ·
2972 1648 3061 1703 διὰ
3090 1646 3149 1700 δὲ
3173 1645 3270 1698 τοῦ
3299 1643 3547 1696 συνιέναι
3575 1639 3678 1711 τὴν

2093 1748 2464 1822 θεωρητικὴν,
2527 1744 2675 1816 ἅπερ
2719 1744 2889 1815 ἄμφω
2931 1740 3192 1813 κατορθοῖ
3232 1755 3314 1802 τις
3344 1736 3530 1790 ἕνεκεν
3553 1732 3678 1788 ὁδοῦ

2092 1844 2356 1915 ἀμώμου.

2162 2006 2316 2060 Πότε
2380 2002 2549 2073 ἣξεις
2594 2000 2744 2068 πρός
2799 2011 2919 2066 με;
2969 1993 3075 2047 Τὸν
3104 1990 3193 2045 διὰ
3241 1988 3398 2044 τοῦτο
3423 1986 3679 2042 ὁδεύοντι-ι

2092 2100 2366 2170 ἁμὼμως,
2404 2096 2500 2149 καὶ
2548 2092 2847 2163 dettom,
2883 2088 2978 2143 καὶ
3013 2085 3290 2139 συνιέντα.
3321 2084 3411 2148 Ἦ,
3441 2080 3531 2134 τὸν
3557 2079 3682 2131 δια-

2094 2193 2284 2263 πύρως
2340 2187 2717 2258 ἐπιθυμοῦντα
2773 2184 2874 2254 τῆς
2924 2182 3232 2253 παρουσίας
3301 2193 3422 2230 σου.
3469 2175 3677 2246 Εἴρηκε

2094 2285 2203 2356 γὰρ
2225 2286 2254 2337 ὁ
2283 2280 2519 2353 Χριστός
2541 2295 2557 2310 ⁵
2605 2276 2750 2333 Ἐάν
2777 2293 2868 2341 τις
2901 2274 2975 2341 με
3025 2267 3249 2341 ἀγαπᾷ,
3282 2268 3380 2322 καὶ
3429 2265 3536 2320 τὸν
3579 2266 3685 2319 λό-

2093 2394 2205 2449 γον
2253 2392 2376 2446 μου
2435 2370 2710 2440 τηρήσει,
2781 2367 2880 2422 καὶ
2915 2368 2947 2419 ό
3002 2363 3207 2429 Πατήρ
3229 2377 3350 2430 μου
3378 2356 3682 2427 ἀγαπήσει

2107 2472 2321 2534 αὐτόν,
2349 2467 2449 2522 καὶ
2497 2466 2649 2533 πρὸς
2711 2460 2901 2517 αὐτὸν
2932 2457 3328 2524 ἐλευσόμεθα,
3356 2454 3454 2517 καὶ
3475 2452 3682 2522 μον-ἱμ-

2096 2565 2234 2633 παρ’
2262 2560 2425 2626 αὐτῷ
2453 2559 2812 2626 ποιήσομεν.

2166 2650 2612 2722 Διεπορευόμην
2626 2648 2696 2702 ἐν
2728 2642 2949 2710 ἀκακία
2975 2638 3223 2708 καρδίας
3243 2654 3384 2707 μου,
3403 2635 3477 2689 ἐν
3506 2634 3684 2703 μέσῳ

2095 2747 2206 2803 τοῦ
2263 2745 2436 2799 οἴκου
2487 2757 2632 2811 μου.
2695 2732 3137 2809 Ἀνεστρεφόμην
3212 2732 3271 2784 ὲν
3342 2726 3683 2797 καθαρότητι

2098 2838 2349 2910 καρδίας.
3175 2915 3198 2918 _
3532 2908 3559 2918 ~

2162 2932 2245 2985 Οὐ
2297 2926 2690 2998 προετιθέμην
2746 2921 2861 2992 πρὸ
2920 2915 3245 2989 ὀφθαλμῶν
3279 2930 3400 2983 μου
3438 2915 3681 2979 πρᾶγμα

2096 3018 2468 3090 παράνομον.
2502 3018 2639 3072 Οὔτε
2666 3017 2772 3087 πρὸ
2806 3012 2917 3066 τῶν
2956 3007 3257 3079 αἰσθητῶν,
3294 3005 3416 3060 οὔτε
3441 3004 3545 3074 πρὸ
3571 3004 3681 3055 τῶν

2099 3113 2309 3183 νοητῶν
2336 3128 2351 3144 ·
2380 3111 2683 3181 τουτέστιν,
2717 3107 2819 3162 οὐκ
2842 3103 3141 3177 ἠνειχόμην
3170 3100 3293 3154 οὔτε
3354 3098 3509 3168 όρᾷν,
3552 3093 3680 3147 οὔτε

2096 3203 2454 3276 ἐνθυμεῖσθαι
2486 3201 2861 3273 παρανομίαν.
3008 3254 3023 3269 ,κ

2166 3297 2499 3362 Ποιοῦντας
2540 3292 2909 3362 παραϐάσεις
2960 3288 3248 3358 ἐμίσησα.
3312 3283 3452 3345 Τοὺς
3495 3298 3682 3351 παρα·

2096 3391 2383 3454 ϐαίνοντας
2411 3390 2473 3442 τὸ
2500 3389 2733 3452 δίκαιον,
2766 3385 2879 3438 εἴτε
2911 3382 3048 3452 πρὸς
3076 3378 3231 3444 Θεὸν,
3266 3377 3378 3430 εἴτε
3421 3373 3557 3446 πρὸς
3584 3375 3685 3427 ἁν-

2097 3484 2371 3557 θρώπους.

2161 3579 2284 3632 Οὐκ
2330 3573 2634 3642 ἐκολλήθη
2680 3589 2784 3642 μοι
2830 3568 3046 3638 καρδία
3086 3563 3352 3635 σκαμϐή.
3412 3562 3504 3635 Τῷ
3567 3559 3685 3632 γὰρ

2097 3671 2246 3725 εὐθεῖ
2268 3670 2328 3724 τὸ
2351 3667 2610 3739 στρεϐλὸν
2640 3666 3006 3736 ἀνάρμοστον.

2180 3763 2608 3826 Ἐκκλίνοντος
2628 3759 2729 3813 ἀπ’
2761 3754 2910 3826 ἐμοῦ
2952 3753 3059 3808 τοῦ
3116 3749 3388 3820 πονηροῦ
3417 3751 3529 3805 οὐκ
3554 3748 3683 3818 aria

2096 3870 2358 3913 νωσκον.
2383 3853 2458 3906 Οὐ
2492 3850 2599 3922 χρὴ
2625 3849 2733 3920 γὰρ
2762 3849 2864 3917 τῆς
2894 3844 2990 3899 τοῦ
3024 3843 3262 3915 πονηροῦ
3305 3841 3486 3912 φιλίας
3524 3841 3687 3894 ἀντέ-

2099 3947 2317 4019 χεσθαι,
2380 3944 2519 3998 ἀλλὰ
2580 3938 3021 4014 προσεδρεύοντα
3071 3936 3196 4004 μὲν,
3237 3932 3531 4006 πειρᾶσθαι
3556 3931 3686 4002 βελ-

2098 4040 2272 4105 τιοῦν,
2337 4035 2764 4108 ἀναχωροῦντος
2795 4031 2876 4097 δὲ,
2925 4031 3315 4101 καταφρονεῖν.
3365 4026 3589 4079 Νοεῖται
3625 4024 3686 4077 δὲ

2100 4135 2195 4187 καὶ
2225 4129 2356 4203 περὶ
2377 4128 2471 4184 τοῦ
2496 4126 2789 4190 διαϐόλου,
2821 4125 2904 4179 ὅτι
2936 4122 3013 4194 μὴ
3038 4122 3216 4186 διδοὺς
3241 4118 3391 4191 αὐτῷ
3426 4117 3685 4189 πάροδον,

2099 4225 2212 4282 οὐδ’
2233 4221 2651 4295 ἀναχωροῦντος
2679 4219 3002 4289 ιγίνωσκον.

490 4487 663 4545 Vens.
697 4489 751 4544 5.
783 4489 1152 4546 Detralientom
1181 4504 1380 4551 secreto
1416 4499 1659 4566 proximo
1695 4517 1815 4569 suo,
1855 4504 1994 4558 hunc

2179 4509 2292 4565 Τὸν
2319 4504 2788 4563 καταλαλοῦντα
2809 4502 3004 4574 λάθρα
3030 4504 3138 4558 τὸν
3168 4504 3440 4572 πλησίον
3463 4502 3685 4567 αὐτοῦ,

422 4586 798 4650 veraequebar.
850 4579 1137 4652 Tanquam
1192 4586 1352 4641 malis
1406 4585 1695 4658 pladitum
1752 4591 2002 4648 moribus

421 4683 587 4742 atque
622 4673 966 4742 illiberalem,
1014 4691 1079 4732 ac
1115 4677 1282 4734 veluti
1337 4693 1529 4735 canem
1567 4682 1804 4741 latenter
1849 4700 2001 4743 mor-

422 4765 660 4822 dentem.
696 4765 904 4820 Secreto
936 4773 1139 4835 autem,
1192 4768 1297 4824 hoc
1332 4780 1442 4838 est,
1470 4771 1634 4840 clam,
1670 4777 1792 4831 ideo
1830 4792 2001 4848 appo-

425 4856 557 4923 suit,
617 4858 746 4926 quia
784 4859 831 4915 is
863 4859 955 4927 qui
982 4859 1242 4929 praesenti
1269 4859 1532 4927 detrahit,
1564 4865 1746 4921 minus
1785 4878 1999 4937 peccat,

419 4960 545 5000 cum
591 4946 637 5002 is
667 4948 758 5017 qui
803 4952 1044 5019 pratscns
1078 4959 1185 5018 est,
1244 4951 1315 5006 ab
1364 4953 1604 5024 irrogata
1652 4955 1880 5012 infamia
1932 4974 1994 5016 se

417 5042 558 5095 tueri
597 5042 792 5113 possit.

487 5133 726 5202 Superbo
757 5134 909 5188 oculo
957 5143 1006 5189 et
1054 5136 1347 5191 insatiabili
1381 5137 1559 5202 corde,
1597 5155 1717 5192 cum
1761 5138 1859 5194 Itoc
1888 5157 1993 5196 non

414 5226 652 5282 edebam.
680 5228 796 5282 Hoc
818 5236 920 5291 est,
947 5243 1054 5282 non
1081 5229 1344 5300 degeham
1367 5245 1491 5284 cum
1515 5245 1601 5285 eo.
1636 5231 1740 5287 Per
1770 5233 1990 5288 oculum

417 5327 598 5371 autent
631 5318 952 5387 superbum,
982 5333 1370 5388 quemcunque
1394 5320 1688 5389 superbum
1719 5320 1994 5375 hominem

414 5407 691 5477 intelligit,
723 5408 889 5461 veluti
920 5422 948 5459 a
987 5417 1142 5477 parte
1166 5417 1341 5463 totum
1370 5431 1383 5465 :
1411 5418 1465 5464 et
1489 5410 1656 5464 simili
1681 5410 1866 5479 modo,
1900 5427 1997 5481 per

418 5497 726 5552 insatiabile
759 5514 876 5563 cor,
912 5514 1135 5554 avarum
1189 5498 1489 5556 hominem.
1527 5499 1835 5574 Utrumque
1866 5519 1995 5559 vero

394 5586 674 5643 'sermone
706 5591 1144 5661 comprehcndit,
1179 5593 1368 5649 dicens
1402 5612 1416 5651 :
1451 5592 1584 5651 Cum
1616 5596 1712 5651 hoc
1744 5614 1846 5652 non
1875 5596 1997 5655 etle-

421 5679 557 5733 sam.
866 5684 871 5693 '

493 5792 536 5824 "’
569 5790 729 5848 Joan.
784 5811 895 5863 xw,
934 5798 1023 5853 23.

2098 4601 2321 4657 τοῦτον
2363 4599 2706 4663 ἐξεδίωκεν.
2755 4597 2842 4660 Ὠς
2884 4596 3137 4667 κακοήθη
3183 4594 3276 4648 καὶ
3301 4594 3687 4664 ἀνελεύθερον,

2098 4697 2197 4747 καὶ
2246 4696 2385 4746 κύνα
2439 4689 2831 4760 λαθρόδηκτον.
2870 4686 2945 4740 Τὸ
2995 4687 3194 4754 ,λάθρα
3218 4683 3277 4738 δὲ
3315 4684 3684 4755 προσέθηκεν,

2100 4786 2184 4840 δτι
2212 4786 2240 4838 ὁ
2263 4782 2357 4836 τοῦ
2385 4780 2655 4851 παρόντος
2678 4777 3024 4843 καταλαλῶν,
3058 4778 3122 4831 οὐ
3146 4775 3400 4833 τοσοῦτον
3427 4777 3688 4848 ἁμαρτά-

2100 4893 2213 4933 νει*
2248 4874 2443 4947 παρὼν
2472 4874 2585 4944 γὰρ
2604 4873 2818 4937 ἐκεῖνος
2842 4870 3269 4942 ἀπολογήσεται.

2189 5143 2583 5214 Ὑπερηφάνφ
2612 5141 2900 5212 ὀφθαλμῷ
2955 5144 3053 5197 καὶ
3115 5145 3413 5214 ἀπλήστῳ
3444 5147 3683 5217 καρδίᾳ,

2102 5242 2293 5307 τούτῳ
2322 5240 2394 5292 οὺ
2442 5235 2807 5303 συνήσθιον.
2843 5236 2920 5289 Οὐ
2978 5236 3381 5309 συνδιῃτὼμην.
3438 5238 3686 5314 Ὑπερή-

2105 5350 2271 5405 φανον
2299 5332 2357 5385 δὲ
2369 5329 2649 5401 ὀφθαλμὸν
2676 5329 2848 5399 λέγει,
2880 5327 2970 5382 τὸν
2998 5330 3350 5401 ὑπερήφανον
3364 5332 3684 5405 ἄνθριιιιτιον⁹

2104 5425 2448 5494 ἀπδ”μὲρους
2478 5423 2538 5475 τὸ
2564 5421 2689 5474 ὃλον
2710 5436 2725 5451 ’
2758 5422 2854 5475 καὶ
2888 5417 3052 5484 αὖθις
3090 5422 3368 5494 ἄπληστον
3427 5426 3685 5496 καρδίαν,

2102 5519 2196 5572 τὸν
2237 5516 2561 5587 ἀκόρεστον,
2594 5512 2685 5566 τὸν
2719 5512 3075 5583 πλεονέκτην.
3122 5512 3215 5566 Διὸ
3245 5515 3340 5567 καὶ
3369 5515 3430 5569 τὸ
3490 5517 3687 5582 τούτῳ

2105 5608 2386 5682 προσθεὶς,
2412 5606 2674 5676 ἑκάτερον
2704 5604 2986 5672 ἐνέφηνεν.
