4052 6434
285 419 292 431 -
329 383 443 449 9‘}?

1520 376 1912 440 COMMENT.
1951 373 2034 436 IN
2074 374 2437 438 PSALMOS.

3491 369 3550 458 9".
3567 367 3601 428 8

397 497 462 550 οι
483 495 783 565 ὀφθαλμοί
820 496 941 564 μου
992 493 1092 549 ἐπὶ
1134 492 1278 561 τοὺς
1339 495 1597 558 πιστοὺς
1631 493 1742 561 τῆς
1777 491 1910 562 γῆς,

2093 491 2264 545 Vens.
2293 491 2347 544 6.
2387 490 2544 545 Oculi
2575 492 2676 544 mei
2724 491 2794 544 ad
2847 489 3023 560 ﬁdeles
3055 498 3231 551 terrea,
3288 494 3345 539 ut
3386 485 3604 540 sedeant

330 587 437 640 τοῦ
461 586 1137 655 συγκαθῆσθαιαὺτοὺς
1177 585 1305 654 μετ’
1402 587 1572 656 ἐμοῦ.
1629 585 1770 646 Τοὺς
1817 603 1907 636 πι-

333 677 619 730 σέεύεσῦαι
655 677 840 742 ἀξίους
867 677 958 731 διὰ
981 679 1080 748 τὴν
1110 678 1212 746 τῆς
1244 678 1519 740 πολιτείας
1544 676 1723 730 αὐτῶν
1749 675 1912 728 εύού-

331 785 472 837 τητα
497 784 510 797 ·
539 768 816 836 ἢπιστοὺς
845 768 996 835 λέγει
1026 769 1139 830 νῦν,
1180 771 1307 831 τοὺς
1341 769 1605 838 ἀγαθούςο
1639 769 1774 838 φησὶ
1803 769 1912 837 γὰρ

332 863 425 912 καὶ
458 861 744 930 Σολομῶν·
783 859 1008 928 ’Ἄνδρα
1037 858 1106 912 δὲ
1150 861 1389 926 πιστὸν,
1446 861 1628 930 ἔργον
1667 859 1868 929 εὑρεῖν
1895 875 1910 891 ⁸

331 952 393 1003 τὸ
433 953 542 1021 γὰρ
567 952 772 1019 ἀγαθον
799 952 1058 1004 σπάνιον·
1099 953 1334 1018 τούτοις,
1378 955 1536 1024 φησὶ,
1594 955 1912 1024 προσεῖχον,

332 1049 427 1098 καὶ
458 1045 733 1115 συνέδροις
765 1044 1053 1115 ἐχρώμην.

408 1223 820 1293 ΠορεινόμειὋς
845 1223 915 1276 ἐν
943 1221 1061 1292 ὀδῷ
1113 1225 1350 1294 ἀμώμῳ,
1385 1222 1567 1293 οὗτός
1615 1245 1716 1297 μοι
1763 1228 1918 1282 ἐλει-

335 1317 589 1384 τούργει.
628 1318 685 1368 'O
714 1316 1082 1386 πορευόμενος
1115 1321 1171 1370 ὲν
1206 1319 1311 1388 ὁδῷ
1340 1319 1560 1390 ἀμώμῳ
1613 1321 1914 1384 πολιτείας,

334 1401 495 1470 οὗτός
531 1425 620 1476 μοι
651 1407 916 1476 διηκόνει.
957 1410 1232 1480 Προσήκει
1270 1413 1382 1480 γὰρ
1417 1411 1492 1482 μὴ
1526 1413 1689 1482 μόνον
1718 1413 1915 1482 φίλοις,

333 1499 472 1551 ἀλλὰ
501 1497 592 1550 καὶ
617 1497 922 1568 ὑπηρέταις
948 1498 1171 1568 ἀγαθοῖς
1203 1502 1528 1572 κεχρῆσθαι.
1629 1519 1641 1525 ·

409 1593 490 1643 Οὐ
532 1588 780 1653 κατῴκει
840 1591 911 1644 ἐν
938 1591 1109 1661 μέσῳ
1142 1592 1249 1661 τῆς
1295 1596 1496 1661 οἰκίας
1543 1613 1686 1665 μου,
1730 1597 1921 1652 ποιῶν

335 1684 780 1751 ὑπερηφανίαν.
815 1683 964 1738 Ἀνω
1024 1685 1125 1755 μὲν
1189 1687 1318 1753 ’περὶ⁵
1357 1687 1515 1756 φίλου
1560 1690 1918 1760 ὑπερηφάνου

336 1773 564 1841 εἴρηκεν
586 1789 598 1801 ο
629 1773 866 1826 ἐνταῦθα
899 1775 975 1839 δὲ,
1009 1778 1137 1847 περὶ⁹
1168 1777 1446 1848 ὑπηρέτου
1467 1779 1844 1850 ὑπερηφάνου.

2023 600 2248 637 mecum.
2280 582 2362 636 Ad
2423 598 2518 637 eos
2571 584 2830 636 nimirum
2879 581 2972 650 qui
3015 582 3087 636 ob
3145 589 3349 634 rectam
3407 593 3598 632 eorum

2023 677 2496 732 conversationem
2530 674 2710 728 effecti
2760 682 2889 730 sunt
2937 673 3107 743 digni,
3149 682 3211 726 ut
3239 677 3426 726 essent
3467 668 3602 721 iide-

2027 770 2129 824 ies.
2168 756 2260 822 Vel
2311 767 2498 822 ﬁdeles
2539 783 2686 821 nunc
2717 767 2892 822 bonos
2925 781 3116 820 omnes
3153 764 3415 832 appellat,
3444 761 3603 830 juxta

2024 860 2170 932 quod
2199 875 2228 913 a
2262 858 2560 913 Salomone
2609 858 2814 912 dictant
2863 858 3142 926 legimus:
3197 853 3380 908 Virum
3427 868 3602 908 autem

2025 953 2230 1022 ﬁdelem
2266 953 2498 1005 invenire
2521 949 2671 1004 labor
2694 958 2774 1004 est
2810 951 2876 1004 ³⁸.
2923 947 3059 1002 Nam
3097 948 3243 1017 quod
3276 947 3481 1002 bonum
3523 955 3608 999 est

2025 1059 2210 1098 rarum
2259 1054 2392 1098 est:
2444 1041 2854 1111 hujuscemodi,
2913 1041 3114 1110 inquit,
3159 1039 3476 1093 hominibus
3506 1051 3608 1108 ego

2025 1135 2396 1199 adhaarebam.
2426 1143 2480 1189 et
2507 1150 2632 1190 cum
2665 1134 2746 1188 eis
2775 1133 3150 1188 considebam.

2098 1228 2392 1281 Ambulans
2416 1228 2470 1280 in
2497 1229 2578 1280 via
2597 1226 2964 1288 immaculata,
2985 1225 3067 1276 Itic
3091 1223 3220 1276 mihi
3243 1219 3600 1275 ministrabat.

2026 1321 2315 1385 Ministris,
2352 1321 2553 1390 inquit,
2592 1334 2728 1374 usus
2756 1335 2902 1384 sum,
2943 1332 3182 1388 quorum
3217 1317 3324 1370 vita
3352 1324 3503 1370 esset
3537 1315 3614 1368 ir-

2025 1410 2507 1482 repreltensibilis.
2539 1409 2703 1464 Decet
2727 1424 2987 1479 namque,
3012 1423 3120 1463 non
3159 1407 3354 1464 amicis
3378 1415 3614 1474 tantum,

2029 1507 2123 1560 sed
2157 1513 2211 1560 et
2241 1503 2512 1558 ministris
2549 1503 2627 1556 uti
2660 1503 2842 1558 bonis.

2101 1595 2271 1653 Υειε.
2303 1599 2355 1652 7.
2385 1595 2507 1650 Non
2539 1595 2812 1651 habitabat
2838 1598 2890 1650 in
2925 1596 3097 1650 medio
3135 1595 3324 1648 domus
3352 1609 3499 1652 mete,
3530 1592 3616 1660 [a-

2029 1692 2172 1745 ciens
2201 1691 2525 1759 superbiam.
2558 1690 2826 1760 Superius
2865 1689 2935 1744 de
2970 1690 3212 1760 superbo
3245 1667 3425 1742 amico
3457 1687 3615 1740 loeu-

2031 1791 2120 1838 tus
2151 1790 2254 1847 est,
2290 1797 2435 1836 nunc
2467 1795 2648 1837 autem
2677 1783 2741 1836 de
2765 1783 3035 1836 ministro.

409 1863 628 1917 Λαλῶν
687 1866 886 1933 ἄδικα,
945 1870 1017 1922 οὺ
1071 1872 1443 1926 κατεύθυνεν
1496 1873 1756 1926 ἐνώπιον
1805 1874 1928 1927 τὼν

2105 1873 2211 1940 Qui
2264 1873 2499 1943 loquitur
2556 1875 2786 1943 injusta.
2820 1889 2923 1926 non
2975 1873 3171 1926 direxit
3235 1873 3289 1925 in
3335 1881 3616 1938 conspectu

335 1955 670 2025 ὀφθαλμῶν
691 1977 836 2027 μου.
868 1959 942 2014 Οὐ
971 1961 1278 2033 κατώρθου,
1309 1963 1344 2018 δι
1366 1965 1700 2029 ἐσπούδαζεν
1744 1981 1760 1996 °

339 2048 609 2103 εὐωδοῦτο
629 2051 864 2105 ἐνώπιόν
889 2069 1014 2123 μου.

1821 1967 1924 2019 οὐκ

411 2232 514 2298 Εις
541 2231 648 2298 τὰς
677 2234 900 2300 πρωῖἱις
931 2233 1290 2290 ἀπέκτεινον
1319 2235 1552 2304 πάντας
1571 2238 1714 2306 τοὺς
1735 2240 1926 2309 ἀμαρ-

343 2323 576 2390 τωλοὺς
611 2325 722 2392 τῆς
755 2325 888 2394 γῆς.
925 2327 1019 2390 Et;
1073 2331 1171 2391 τὰς
1223 2331 1452 2400 πρωῖας,
1515 2333 1652 2400 μήτε
1710 2334 1814 2401 τῆς
1868 2333 1928 2399 ἐξ

344 2415 492 2469 οἴνου
521 2416 717 2485 μέθης,
753 2422 892 2488 μήτε
927 2423 1027 2490 τῆς
1059 2424 1123 2473 ἐκ
1147 2421 1319 2490 θυμοῦ
1353 2423 1698 2495 σφαλὲούσης
1721 2427 1813 2478 τὸν
1839 2426 1928 2478 λο-

345 2511 569 2579 γισμόν.
608 2511 748 2570 Τοὺς
781 2512 1148 2582 ἁμαρτωλοὺς
1178 2514 1255 2578 δὲ,
1290 2517 1410 2586 οὐχὶ
1442 2517 1625 2587 πάσης
1651 2519 1748 2588 τῆς
1798 2520 1927 2588 γῆς,

347 2601 483 2655 ἁ).λᾶ
514 2602 710 2671 μίῦνους
751 2603 874 2666 τοὺς
907 2603 994 2656 ἐπ’
1019 2605 1120 2673 ἐμέ
1144 2624 1155 2636 ·
1189 2607 1282 2658 καὶ
1312 2608 1520 2672 πάντας
1547 2611 1622 2674 δὲ,
1665 2611 1764 2680 οὐχ
1789 2610 1930 2681 ἅμα,

349 2694 487 2748 ἀλλὰ
533 2693 628 2746 νῦν
663 2693 764 2767 μὲν
799 2695 1012 2762 τοῦτον,
1040 2700 1135 2751 νῦν
1166 2699 1222 2751 δὲ
1254 2701 1486 2756 ἐκεῖνον.

423 2872 539 2928 Τοῦ
559 2875 991 2944 ἑξολοθρεῦσαι
1029 2878 1099 2932 ἐκ
1148 2881 1384 2947 πόλεως
1422 2884 1643 2952 Κυρίου
1689 2885 1927 2952 πάντας

349 2965 492 3032 τοὺς
518 2967 949 3038 ἐργαζομένους
998 2970 1114 3040 τὴν
1155 2974 1432 3042 ἀνομίαν.
1480 2976 1833 3031 Ἀπέκτεινον
1872 2979 1933 3031 δὲ

353 3060 575 3122 αὐτοὺς,
609 3063 770 3131 χάριν
797 3063 890 3116 τοῦ
923 3065 1310 3136 ὲξολοθρεῦσαι
1342 3067 1467 3132 τοὺς
1529 3070 1884 3141 παρανόμους
1916 3087 1930 3100 ·

2029 1965 2310 2021 oculorum
2339 1983 2597 2022 meorum.
2628 1965 2746 2020 Non
2799 1966 3022 2028 direxit,
3061 1965 3166 2019 ltoc
3198 1971 3304 2030 est,
3349 1965 3618 2035 perlicere

2028 2075 2140 2115 non
2176 2061 2376 2130 potuit,
2406 2061 2548 2129 quod
2581 2060 2830 2130 optabat,
2864 2075 2966 2115 nec
3011 2071 3198 2113 coram
3231 2072 3318 2111 me
3357 2072 3616 2128 pr05pere

2030 2155 2320 2222 processit.

2109 2245 2274 2302 Vens.
2305 2245 2360 2300 8.
2396 2245 2461 2300 In
2507 2246 2789 2298 matutinis
2813 2245 3191 2313 inter/iriebam
3220 2261 3400 2298 omnes
3430 2259 3618 2311 pecca-

2033 2348 2173 2392 tores
2207 2349 2382 2392 terraz.
2416 2336 2686 2392 Matutino
2712 2349 2982 2406 tempore,
3017 2353 3140 2392 cum
3176 2338 3324 2392 nulla
3355 2338 3486 2400 vini,
3522 2341 3618 2388 aut

2036 2431 2132 2484 irzr
2163 2431 2432 2485 ebrietate
2467 2430 2767 2487 detinerer.
2797 2430 3018 2498 quando
3052 2430 3317 2499 cogitatio
3351 2445 3468 2483 mea
3517 2429 3617 2484 de-

2033 2523 2142 2589 cipi
2192 2537 2298 2575 non
2349 2529 2582 2590 poterat.
2619 2519 2804 2574 Terra:
2857 2532 3038 2574 autem
3088 2531 3411 2590 peceatores
3453 2521 3616 2582 dixit,

2035 2630 2145 2669 non
2179 2624 2237 2668 ut
2271 2615 2445 2668 totius
2477 2613 2630 2668 orbis
2679 2613 3063 2681 delinquentes
3106 2612 3464 2683 signiﬁcaret,
3520 2613 3618 2666 sed

2034 2721 2132 2762 eos
2160 2713 2398 2768 tantum,
2427 2704 2520 2773 qui
2569 2703 2672 2758 sibi
2728 2704 3015 2758 suberant.
3049 2701 3254 2758 Omnes
3287 2705 3474 2767 etiam,
3511 2719 3619 2757 non

2039 2811 2145 2851 una
2178 2812 2373 2852 omnes
2413 2796 2692 2864 intelligit,
2722 2795 2818 2850 sed
2849 2797 3011 2849 modo
3044 2796 3210 2859 hunc,
3242 2795 3406 2850 modo
3445 2796 3619 2850 illum.

2115 2887 2182 2942 Ut
2213 2892 2623 2942 exterminarem
2656 2887 2722 2940 de
2775 2889 2989 2941 ciuitate
3029 2888 3244 2941 Domini
3290 2905 3467 2942 omnes
3499 2904 3622 2957 0pc-

2035 2988 2214 3033 rantes
2246 2980 2601 3048 iniquitatem.
2633 2976 3030 3031 lnterﬁciebam
3065 2986 3249 3030 autem
3285 2993 3403 3042 eos,
3439 2987 3496 3030 ut
3525 2993 3622 3030 ex-

2037 3077 2394 3128 terminarem
2431 3074 2650 3143 iniquos
2698 3087 2915 3137 omnes,
2971 3087 3032 3126 ea
3073 3071 3333 3125 nimirum
3383 3069 3617 3134 ratione,

355 3150 445 3201 ἵνα
496 3152 596 3221 τὴν
625 3155 932 3225 ἀποτομίαν
965 3158 1064 3228 τῆς
1085 3158 1418 3232 κολάσεωςή
1461 3167 1780 3234 παρανομία
1813 3164 1929 3233 sit.

2041 3175 2099 3220 ttt
2131 3167 2249 3236 ipsa
2279 3165 2567 3236 iniquitas,
2605 3180 2894 3235 poenarum
2943 3165 3322 3218 austeritatem
3360 3176 3620 3224 cernens,

356 3248 813 3318 πουσα,συσταλῇ
849 3251 944 3302 καὶ
971 3251 1267 3322 ἀφανισθῇ.
1302 3256 1460 3307 Κατὰ
1499 3256 1556 3308 δὲ
1614 3259 1931 3330 ἀναγωγὴν,

353 3339 426 3408 γῆ
475 3339 574 3408 μὲν
612 3341 674 3392 τὸ
715 3343 897 3411 σῶμα,
964 3347 1059 3396 καὶ
1115 3346 1181 3399 τὰ
1235 3350 1542 3417 σωματικὰ,
1583 3352 1660 3413 ὠς
1717 3353 1930 3422 γεώδηο

355 3431 676 3502 ἁμαρτωλοὶ
726 3434 782 3506 δὲ
818 3439 918 3507 τῆς
959 3439 1219 3510 τοιαύτης
1273 3443 1394 3511 γῆς,
1420 3445 1469 3496 οἱ
1514 3445 1614 3514 τῆς
1659 3448 1936 3519 ἁμαρτίας

356 3531 632 3599 λογισμοί.
691 3532 855 3599 Λέγει
909 3528 1003 3586 οὖν
1033 3534 1114 3586 ὅτι
1144 3535 1271 3587 Ὅτε
1309 3537 1585 3590 ἀνέτειλεν
1610 3541 1635 3592 ὁ
1658 3540 1814 3609 ἥλιος
1839 3539 1934 3593 τοῦ

353 3624 516 3692 ἁγίου
549 3623 866 3694 Πνεύματος
901 3627 958 3678 ὲν
987 3629 1053 3698 τῇ
1082 3629 1228 3698 ψυχῇ
1255 3645 1379 3698 μου,
1415 3631 1574 3684 τοῦτο
1612 3634 1720 3704 γὰρ
1753 3635 1936 3704 πρωῖα

356 3718 545 3788 νοητὴ,
594 3719 717 3771 τότε
767 3719 1092 3774 ἀπέκτεινον
1143 3723 1350 3786 πάντας
1379 3724 1498 3787 τοὺς
1536 3727 1806 3796 ἐμπαθεῖς
1847 3729 1931 3782 λοι

357 3813 592 3880 γιτμοὺς
652 3815 778 3877 τοὺς
813 3814 876 3866 ἐκ
908 3815 1001 3868 τοῦ
1071 3817 1308 3886 γεώδους
1361 3819 1632 3888 σώματος,
1692 3825 1786 3877 καὶ
1829 3825 1940 3879 τῶν

361 3904 569 3971 γηΐνων
595 3905 782 3968 ἁπλῶς
810 3907 1116 3976 φυομένων.
1154 3909 1313 3962 Πόλιν
1341 3909 1394 3962 δὲ
1431 3912 1659 3980 Κυρίου,
1715 3915 1814 3985 τὴν
1839 3915 1942 3986 ψυ-

360 3994 462 4066 χὴν
483 3995 612 4064 νόει,
645 3997 720 4060 ὡς
754 3993 902 4052 οἷκον
927 3997 1021 4051 τοῦ
1059 4000 1214 4067 ἁγίου
1249 3999 1586 4070 Πνεύματος.

362 4268 686 4337 Προσευχὴ
715 4268 795 4335 τῷ
825 4271 1040 4341 πτωχῷ
1069 4273 1215 4326 ὅταν
1233 4272 1562 4344 άκηδιὰοιῃ,
1611 4277 1712 4331 καὶ
1763 4277 1941 4332 ἐναν-

542 4361 674 4415 τίον
705 4363 928 4430 Κυρίου
961 4363 1142 4432 ἐγχέῃ
1169 4365 1284 4432 τὴν
1312 4366 1530 4436 δέησιν
1555 4368 1765 4424 αὑτοῦ.

931 4455 1225 4511 ΨΑΛΜΟΣ
1260 4459 1380 4515 PA'.

2039 3263 2388 3312 coerceretur
2409 3271 2474 3310 ac
2507 3255 2804 3310 deleretur.
2853 3253 3015 3308 Juxta
3055 3267 3355 3323 anagogen,
3385 3266 3484 3322 per
3509 3260 3619 3304 ter-

2039 3365 2180 3414 ram,
2213 3365 2414 3416 corpus
2444 3349 2620 3416 ipsum
2657 3347 3034 3416 intelligimus,
3069 3354 3123 3400 et
3159 3345 3465 3413 corporalia
3495 3359 3618 3397 0m-

2041 3442 2154 3508 nia,
2186 3451 2446 3511 tanquam
2481 3451 2723 3496 terrena.
2756 3439 2936 3507 Hujus
2983 3447 3167 3492 autem
3233 3446 3392 3490 terrae
3427 3450 3620 3505 pecca-

2042 3543 2212 3598 tores,
2246 3533 2611 3604 cogitatioucs
2660 3542 2789 3586 sunt
2820 3532 2887 3585 de
2933 3529 3197 3601 peccatis.
3234 3528 3290 3581 In
3325 3529 3616 3591 matutino,

2041 3627 2242 3697 inquit,
2282 3634 2550 3695 tempore,
2599 3626 2824 3695 quando
2868 3623 2921 3678 itt
2959 3625 3138 3677 anima
3195 3638 3314 3678 mea
3343 3622 3624 3677 oriebatur

2043 3721 2127 3776 Sol
2162 3720 2338 3776 sancti
2369 3719 2608 3790 Spiritus
2640 3719 2810 3787 (itttnc
2840 3719 2987 3772 enim
3029 3715 3304 3785 appellare
3331 3731 3625 3785 possumus

2044 3813 2416 3870 intelleetuaie
2461 3813 2840 3878 matutinum),
2877 3808 3272 3864 interii-ciebam
3315 3823 3509 3864 omnes
3541 3807 3626 3862 ai-

2047 3908 2290 3961 icctuum
2327 3919 2573 3958 meorum
2603 3902 2988 3973 cogitationes,
3014 3916 3135 3970 qua:
3159 3917 3223 3953 ex
3252 3909 3470 3955 terreno
3498 3917 3628 3956 cor-

2047 4013 2178 4066 pore
2210 4005 2374 4065 atque
2411 4011 2473 4049 ex
2512 3994 2894 4049 materialibtts
2923 3994 3047 4048 aliis
3092 3991 3266 4066 rebus,
3295 4000 3625 4048 nascuntur.

2044 4086 2150 4142 Per
2186 4085 2397 4139 Domini
2433 4099 2560 4138 vero
2590 4085 2890 4148 civitatem,
2927 4085 3164 4138 animam
3203 4083 3469 4154 intelligo,
3508 4093 3629 4138 tan-

2045 4193 2208 4249 quam
2238 4179 2413 4233 sancti
2450 4175 2689 4250 Spiritus
2715 4177 2960 4231 domum.

2049 4271 2239 4327 Oratio
2274 4271 2376 4339 ipsi
2399 4271 2645 4340 pauperi,
2673 4285 2791 4322 cum
2833 4269 3026 4322 anxius
3055 4267 3240 4337 fuerit,
3284 4276 3332 4322 et
3380 4267 3626 4338 eﬂ'uderit

2422 4375 2595 4428 preces
2623 4375 2750 4413 snas
2783 4373 2964 4411 coram
3006 4356 3255 4412 Domino.

2623 4449 2948 4506 PSALMUS
2979 4448 3065 4504 Ci.

439 4547 663 4618 Πτωχ>›ν
718 4545 956 4601 ἐνταῦθα
1003 4547 1176 4615 λέγει,
1231 4549 1325 4602 τὸν
1370 4550 1626 4623 δεόμενον
1657 4555 1754 4627 τῆς
1793 4555 1932 4619 Θείας

2124 4551 2428 4620 Paupercm
2467 4545 2571 4601 hoc
2601 4546 2656 4601 in
2695 4546 2815 4601 loco
2839 4560 2964 4600 eum
2996 4546 3257 4615 appellat,
3297 4545 3391 4616 qui
3441 4546 3629 4602 divino

365 4639 714 4709 ἐπικουρίας.
751 4638 962 4708 Τούτῳ,
995 4639 1185 4708 φησὶν,
1222 4640 1454 4711 ἁρμόζει
1480 4643 1513 4713 ἡ
1545 4646 1828 4717 προσευχὴ
1853 4648 1948 4701 τοῦ

367 4730 638 4797 παρόντος
688 4727 943 4798 ψαλμοῦ,
991 4729 1122 4782 ὅταν
1190 4731 1486 4801 ἀκηδιάσει
1535 4734 1948 4806 πολεμούμενος

362 4817 478 4870 ὑπὸ
505 4817 612 4870 τῶν
663 4817 898 4887 ἐχθρῶν,
955 4816 1068 4870 εἴτε
1118 4820 1350 4889 ὁρατῶν,
1384 4822 1494 4875 εἴτε
1524 4825 1794 4894 ἀοράτων,
1853 4831 1950 4884 καὶ

366 4907 674 4978 προσφέρει
728 4909 826 4977 τὴν
880 4910 1068 4979 δέησιν
1125 4911 1317 4976 αὐτοῦ,
1372 4914 1606 4968 ἐνώπιον
1646 4917 1740 4969 τοῦ
1785 4918 1947 4974 Θεοῦ.

380 4999 607 5068 Ἑλιχεῶ
644 5000 776 5071 γὰρ,
813 5001 999 5071 φησὶν,
1055 5000 1312 5056 ἐνώπιον
1369 5006 1556 5060 αὑτοῦ
1587 5007 1702 5076 τὴν
1733 5007 1954 5078 δέησίν

361 5108 505 5159 μου.
573 5092 750 5161 Ὅπερ
801 5091 1196 5161 ὲφερμηνεύων
1245 5095 1495 5163 ἐπήγαγε
1529 5113 1544 5127 ·
1589 5099 1709 5166 Τὴν
1740 5102 1953 5170 θλίψιν

363 5199 488 5251 μου
513 5181 976 5236 ἐνώπιοναὺτοῡ
1035 5183 1459 5254 ἀπαραγγελῶ·
1521 5192 1950 5260 προηγουμένως

369 5276 449 5338 δὲ,
499 5276 579 5338 εἰς
607 5275 796 5327 ἑαυτου
857 5275 1063 5344 ἔγραψε
1094 5278 1184 5331 τὸν
1229 5279 1444 5348 ψαλμὸν
1484 5281 1816 5352 διωκόμενον
1855 5287 1951 5338 καὶ

370 5367 709 5436 ἀκηδιῶντα,
762 5369 855 5418 καὶ
874 5369 1128 5438 δεόμενον
1157 5370 1251 5424 τοῦ
1281 5373 1440 5424 Θεοῦ·
1474 5373 1586 5442 ἔχει
1611 5375 1666 5428 δὲ
1698 5377 1792 5430 καὶ
1826 5379 1952 5450 περὶ

371 5457 469 5510 τοῦ
497 5458 736 5525 Χριστοῦ
764 5462 1102 5529 προφητείας
1127 5463 1557 5535 διεσπαρμένας.

443 5636 646 5704 Κύριε,
690 5639 1057 5705 εἰσάκουσον
1099 5641 1210 5713 τῆς
1231 5647 1579 5719 προσευχῆς
1613 5669 1755 5720 μου,
1783 5654 1879 5708 καὶ
1916 5656 1954 5722 ἡ

458 5816 500 5850 ⁸⁸
529 5816 688 5876 Prov.
734 5838 822 5881 xx.
862 5821 915 5875 6.

2050 4645 2256 4715 indiget
2286 4641 2515 4697 auxilio.
2551 4638 2688 4693 liuic
2729 4641 2874 4692 enim
2943 4638 3120 4691 oratio
3176 4637 3632 4693 accommodatur

2052 4737 2342 4810 praesentis
2378 4732 2601 4806 psalmi,
2635 4731 2856 4801 qttOtics
2891 4729 2965 4786 ob
3000 4729 3327 4795 visibilium,
3385 4745 3481 4784 seu
3539 4732 3628 4785 itt-

2053 4829 2355 4887 visibilium
2414 4825 2652 4880 hostium
2703 4837 2966 4894 pugnam,
3025 4823 3080 4876 itt
3141 4823 3418 4878 anxietate
3467 4822 3634 4877 fuerit

2052 4922 2413 4984 constitutus,
2439 4929 2492 4972 et
2535 4917 2840 4970 orationem
2901 4931 3059 4970 suam
3121 4915 3383 4970 obtulerit
3443 4929 3629 4970 coram

2053 5019 2185 5073 Deo.
2219 5013 2510 5083 Effundam
2547 5014 2717 5074 enim,
2745 5009 2948 5079 ittqttit,
2985 5009 3039 5062 in
3069 5017 3346 5076 conspectu
3388 5016 3476 5060 tuo
3512 5005 3628 5074 ﬁre-

2050 5126 2134 5164 ees
2167 5122 2335 5161 uaeas.
2370 5103 2528 5170 Quod
2560 5103 2736 5172 magis
2783 5101 2949 5156 etiam
2993 5100 3281 5155 declarans
3323 5098 3572 5164 adjttnxit
3612 5113 3628 5151 :

2051 5201 2398 5274 Aﬂit’ctionem
2426 5213 2596 5250 meam
2644 5211 2825 5248 coram
2864 5210 2924 5247 eo
2981 5190 3356 5254 annuntiabo;
3410 5189 3626 5242 tametsi

2051 5309 2117 5346 ex
2163 5290 2340 5361 primo
2400 5285 2684 5356 proposito
2733 5297 2834 5352 pro
2903 5281 3086 5350 seipso
3149 5279 3420 5347 Propheta
3481 5278 3628 5331 hunc

2055 5383 2325 5453 psalmum
2355 5375 2772 5445 conscripserit,
2809 5388 2875 5426 eo
2905 5371 3167 5425 nimirum
3213 5379 3478 5438 tempore,
3522 5383 3631 5435 quo

2055 5475 2495 5544 persecutionem
2524 5481 2718 5538 passus
2745 5475 2849 5521 est.
2902 5465 3056 5518 Tunc
3095 5463 3296 5517 etenim
3353 5476 3406 5517 ct
3461 5463 3633 5517 tristis

2056 5567 2182 5628 fuit,
2215 5573 2268 5620 et
2293 5565 2466 5618 Deum
2495 5559 2783 5616 honoravit
2809 5558 2999 5612 dicens
3029 5572 3044 5609 :

2127 5657 2291 5712 Vens.
2341 5655 2397 5709 2.
2444 5653 2680 5719 Domine,
2742 5650 2936 5705 exaudi
2995 5649 3286 5705 orationem
3327 5663 3520 5717 meam,
3582 5657 3634 5701 et
