4052 6480
514 407 661 470 30οὶ

1751 397 2070 459 EUTHYM
2086 397 2141 458 ΙΙ
2180 394 2539 458 ZIGABENI

3651 392 3777 461 10M

512 538 673 578 mana
701 520 882 575 omnia
917 517 1298 587 hujuscemodi
1356 524 1507 583 sunt,
1560 517 1855 570 mutabilia
1918 514 2087 568 nimi-

2224 513 2294 567 παὶ
2350 512 2639 582 ἀνώμαλα.
2676 513 2748 565 Σὺ
2780 511 2855 578 δὲ,
2899 510 3086 582 Κύριε,
3132 512 3303 577 ἀΐδιος
3350 512 3448 567 καὶ
3492 512 3781 569 ἀναλλοίω.

507 626 634 666 rum
691 608 1183 681 atqueintequalia.
1215 607 1296 662 Tu
1328 622 1532 669 autem,
1566 606 1818 671 Domine,
1852 615 2091 661 aeternus

510 722 570 759 rs
601 710 766 774 atque
812 701 1195 757 immutabilis.

585 797 651 851 Et
685 797 997 851 ntentoriate
1035 806 1184 849 tuum
1230 795 1286 850 in
1309 797 1702 865 generationem
1731 802 1778 847 et
1801 792 2101 863 generatio-

506 909 644 947 nem.
675 890 789 946 Hoc
816 902 923 955 est,
955 885 1248 955 retentum,
1275 890 1358 942 vel
1412 887 1469 942 in
1530 885 1943 955 generationem
2001 897 2095 937 ve-

510 985 641 1041 teris
669 984 880 1055 populi,
913 991 968 1037 et
999 982 1055 1037 in
1086 979 1499 1051 generationem
1538 977 1666 1031 novi
1694 974 1900 1046 potiuli.

580 1076 746 1132 Vens.
784 1075 872 1131 M.
918 1073 994 1129 Tu
1026 1090 1313 1144 exsurgens
1348 1071 1677 1128 misereberis
1726 1066 1876 1123 Sion.
1931 1064 2097 1120 Juxta

509 1181 734 1221 sensum
766 1166 859 1234 qui
891 1164 1065 1234 magis
1095 1179 1203 1232 prae
1236 1163 1488 1217 manibus
1514 1159 1731 1215 videtur
1778 1174 1926 1220 esse,
1981 1158 2098 1211 lnec

507 1267 590 1314 est
621 1259 908 1330 prophetia
945 1259 1012 1313 de
1045 1257 1288 1312 terrestri
1319 1254 1649 1315 Jerusalem.
1692 1271 1798 1325 qtta
1842 1251 2098 1325 pra'dici-

508 1363 596 1405 tttr
627 1349 775 1419 quod
808 1349 1033 1417 impleto
1066 1349 1161 1402 illo
1193 1355 1457 1416 tempore,
1492 1347 1639 1415 quod
1690 1361 1717 1396 a
1761 1344 1871 1397 [leo
1914 1341 2096 1411 capti-

511 1443 667 1497 vitati
698 1441 1016 1498 Judaeorum
1051 1439 1479 1496 determinatum
1522 1448 1630 1500 est,
1665 1436 1807 1490 Deus
1865 1448 2090 1489 rursum

510 1534 871 1590 miserebitur
912 1532 1068 1596 Sion,
1104 1533 1327 1603 quando
1385 1541 1605 1603 tempus
1659 1528 1872 1581 divinae
1921 1535 2106 1595 prote-

506 1628 708 1682 ntionis
747 1627 1032 1682 advenerit
1078 1644 1092 1680 :
1160 1636 1395 1696 tempus,
1427 1624 1675 1693 inquom,
1723 1625 1868 1691 quod
1933 1618 2095 1673 etiam

506 1720 689 1775 fuerat
728 1719 1073 1788 prtedictum.
1123 1717 1189 1771 lit
1220 1733 1345 1788 qua:
1376 1724 1684 1786 sequuntur
1716 1713 1834 1783 pari
1895 1725 2096 1765 consev

503 1810 725 1878 quentia
758 1810 1109 1881 intelligenda
1143 1817 1294 1865 sunt.
1342 1808 1449 1863 Sed
1473 1808 1628 1878 juxta
1651 1806 1905 1859 altiorem
1966 1815 2097 1857 seno

504 1918 648 1967 sum,
704 1902 991 1973 prephetia
1021 1903 1138 1958 hate
1175 1913 1262 1957 est
1303 1901 1372 1955 de
1406 1915 1547 1955 nova
1585 1896 1744 1960 Sion,
1779 1895 1830 1949 id
1862 1903 1969 1960 est,
2029 1893 2098 1948 de

2206 622 2298 669 τος
2330 599 2401 658 εἷ.

2274 787 2383 842 Kal
2436 788 2500 842 τὸ
2547 791 2952 858 μνημόσυνόν
3006 808 3123 846 σου
3173 793 3260 858 είς
3297 791 3515 861 γενεὰν
3559 791 3659 845 καί
3698 810 3785 861 γε·

2205 877 2381 932 νεᾶν.
2427 879 2643 936 ’Δῖὀιον.
2680 882 2750 935 ’Ἢ
2782 881 2861 946 εἴς
2896 900 2952 936 τε
2978 883 3078 952 τὴν
3118 887 3215 937 τοὺ
3248 884 3485 937 παλαιοῦ
3517 884 3649 937 λαοῦ
3700 887 3787 939 καὶ

2204 972 2287 1036 εἰς
2320 970 2423 1043 τὴν
2444 971 2539 1026 τοῦ
2576 973 2722 1029 νέου.

2279 1063 2392 1133 Σὺ,
2423 1064 2719 1133 ἀναστὰς,
2754 1068 3149 1137 οίκτειίήσεις
3173 1056 3290 1136 τὴ⁶ν
3311 1068 3488 1124 Σιών.
3518 1069 3672 1124 Κατὰ
3699 1071 3793 1140 μὲν

2176 1157 2265 1210 ’τὸ
2312 1158 2627 1230 πρόχειρον,
2677 1162 2808 1234 περὶ
2863 1165 2960 1233 τῆς
3018 1162 3284 1235 αἰσθητῆς
3352 1161 3715 1235 Ἰερουσαλὴμ

2206 1253 2516 1320 προφητεία
2551 1257 2772 1317 νοεῖται,
2797 1256 2910 1320 ὅτι,
2954 1255 3335 1326 πληρωθέντος
3360 1256 3456 1309 τοῦ
3488 1254 3793 1325 ὁρισθέντος

2206 1345 2405 1414 καιροῦ
2460 1346 2560 1414 τῆς
2610 1348 3012 1417 αἱγμαλωσίας,
3069 1348 3407 1420 οίκτειρήσει
3450 1347 3548 1420 τὴν
3596 1346 3737 1399 Σιὼν
3772 1350 3797 1398 ὁ

2209 1434 2366 1503 Θεὸς,
2395 1436 2476 1489 ὅτι
2521 1438 2647 1507 ἥκει
2685 1440 2878 1509 καιρὸς
2915 1439 3226 1511 ἐπισκοπῆς
3266 1437 3673 1510 προφητευῡεὶς
3707 1438 3798 1491 καὶ

2203 1527 2390 1592 αὐτὸς,
2422 1531 2519 1583 καὶ
2550 1529 2618 1584 τὰ
2653 1532 2785 1603 ἑξῆς
2833 1532 3148 1596 ἀκολούθως
3179 1532 3259 1603 τῷ
3289 1532 3478 1604 σκοπῷ
3505 1547 3519 1562 ο
3564 1533 3710 1585 κατὰ
3746 1534 3800 1583 δὲ

2201 1618 2264 1671 τὸ
2300 1619 2625 1695 βαθύτερον,
2653 1628 2779 1695 περὶ
2811 1629 2910 1697 τῆς
2939 1625 3068 1689 νέας
3095 1623 3257 1688 Σιὼν,
3286 1625 3409 1698 ἦτοι
3437 1625 3536 1693 τῆς
3567 1623 3802 1693 Ἐκκλη-

2202 1710 2327 1774 σίας
2356 1711 2694 1785 τῶνιπιστῶν
2725 1719 2756 1788 ὴ
2781 1724 3112 1789 προφητεία,
3143 1717 3251 1783 ὅτι,
3297 1716 3559 1779 Ἀναστὰς
3582 1715 3658 1785 *ἐκ
3695 1715 3804 1766 τῶν

2208 1803 2442 1871 νεκρῶν,
2490 1808 2862 1880 οἱκτειρήσεις
2913 1809 3016 1881 τὴν
3058 1808 3390 1880 Ἐκκλησίαν
3430 1807 3540 1861 τῶν
3571 1809 3804 1860 ἀποστί-

2203 1894 2332 1962 λων,
2374 1900 2468 1951 καὶ
2494 1900 2768 1976 ἀντιλήψει
2800 1904 2995 1971 αὐτῆς.

504 1995 759 2051 Ecclesia
799 1994 1042 2050 ﬁdelium
1083 1994 1216 2049 :vel
1286 1993 1415 2062 quia
1489 2000 1544 2045 tu
1588 2002 1891 2060 resurgens
1949 2001 1978 2039 a
2037 1986 2274 2042 mortuis
2333 1991 2689 2049 misereberis
2759 1994 3020 2051 Ecclesia:
3075 1996 3475 2066 apostolorum,
3526 2006 3696 2066 atque
3756 1998 3804 2050 ei

504 2088 883 2144 auxiliaberis.

578 2182 715 2249 Quia
735 2192 936 2251 tempus
957 2178 1239 2234 miserendi
1255 2177 1530 2253 ejus,qttia
1548 2176 1680 2235 renit
1701 2183 1929 2242 tempus.
1949 2170 2110 2225 Tem-
2142 2174 2184 2231 Β

507 2290 631 2349 pus,
668 2275 916 2344 inquam,
955 2273 1100 2343 quod
1123 2269 1387 2325 auxilium
1408 2268 1744 2341 expostulat,
1765 2281 1887 2321 cum
1909 2277 2104 2318 omnes

505 2370 613 2434 jam
657 2366 948 2421 adversum
966 2363 1106 2433 eam!
1152 2364 1444 2433 insurgant
1494 2370 1550 2415 et
1578 2359 1778 2413 bellum
1825 2362 2101 2410 moveant.

582 2458 754 2514 Vens.
784 2457 871 2513 l5.
903 2457 1173 2522 Quoniam
1205 2458 1562 2526 probaverunt
1590 2452 1724 2507 servi
1765 2452 1841 2505 tui
1904 2450 2104 2517 lapides

506 2555 646 2621 ejus,
672 2559 721 2604 et
751 2547 1018 2619 pulverem
1071 2548 1186 2618 ejus
1213 2546 1622 2601 miserebantur.
1667 2541 1808 2610 Quia
1867 2539 2101 2612 apostoli

511 2651 848 2714 paraverunt
868 2642 1082 2711 lapides
1104 2639 1172 2695 ad
1216 2639 1641 2695 aediﬁcationem
1674 2636 1852 2708 ipsius
1870 2632 2103 2691 Jerusa-

507 2738 639 2801 lem,
674 2750 768 2791 cos
804 2733 1066 2788 nimirum
1103 2730 1337 2801 lapides,
1368 2733 1463 2801 qui
1498 2730 1825 2787 stabiliores
1854 2736 1911 2783 et
1968 2741 2104 2799 pro-

509 2831 755 2884 l:atiores
796 2829 950 2883 fuere
982 2826 1049 2880 ad
1087 2825 1437 2897 religionem,
1484 2833 1541 2880 et
1592 2824 1661 2879 ad
1703 2824 1990 2888 virtutem,
2050 2828 2105 2877 et.

510 2936 747 2991 quorum
783 2928 975 2973 mutua
1031 2918 1197 2973 etiam
1264 2915 1515 2987 aptitudo
1569 2923 1623 2970 et
1680 2913 2102 2976 convenientia,

510 3010 813 3082 spiritualis
849 3007 1111 3065 Ecclesiae
1143 3009 1616 3064 constructionem
1664 3006 1863 3064 effecit.
1926 3004 2102 3061 Iidem

511 3104 676 3160 etiam
712 3102 946 3174 apostoli
984 3117 1118 3157 cura
1167 3117 1232 3157 ac
1258 3102 1445 3159 studio
1495 3098 1805 3175 digniorem
1869 3100 2105 3156 reddent

513 3199 799 3268 pulverem
857 3195 1039 3268 ipsius
1087 3193 1398 3252 Jerusalem
1454 3212 1470 3251 :
1533 3196 1738 3271 quippe
1804 3195 1898 3267 qui
1951 3193 2105 3250 inﬁr-

513 3292 715 3351 miores
748 3305 1002 3363 quosque
1041 3305 1108 3347 ac
1163 3289 1343 3362 magis
1382 3299 1636 3347 terrenos
1690 3289 1948 3345 homines
2000 3301 2103 3343 suo

511 3383 776 3439 fovebunt
811 3382 1045 3440 auxilio.

583 3473 751 3531 Vens.
801 3474 890 3530 16.
941 3477 1011 3530 Et
1056 3476 1313 3532 timebunt
1377 3486 1560 3547 gentes
1607 3490 1794 3529 nomen
1848 3472 2094 3527 Domini.

511 3554 946 3637 Proptersigna
1015 3574 1071 3621 et
1121 3566 1415 3630 miracula,
1477 3581 1601 3636 qum
1654 3565 1772 3621 sola
1855 3564 2101 3620 nominis

512 3658 718 3715 Christi
755 3657 1107 3714 invocatione
1140 3658 1270 3713 (ient
1309 3659 1363 3712 in
1389 3673 1474 3713 ea.

594 3753 661 3805 Et
697 3765 879 3804 omnes
918 3765 1067 3820 reges
1111 3750 1345 3824 gloriam
1412 3760 1585 3804 tuam.
1640 3749 1882 3805 Gloriam
1931 3761 2107 3816 tuam,

516 3859 639 3917 qure
672 3844 924 3898 nascitur
948 3858 978 3897 a
1014 3844 1287 3913 potentia.
1322 3842 1635 3914 Intelligere
1679 3844 1846 3899 etiam
1903 3860 2106 3915 possu-

519 3952 639 3991 mus
673 3951 770 4006 per
792 3945 1004 4006 gentes,
1037 3949 1134 3992 eos
1176 3934 1385 4004 ﬁdeles,
1418 3935 1513 4007 qui
1572 3950 1638 3991 ex
1690 3937 1945 4007 gentibus
1986 3951 2110 3993 cre-

518 4029 799 4096 diderunt,
823 4036 879 4084 et
918 4027 1085 4084 simili
1117 4027 1284 4084 modo
1313 4044 1411 4101 per
1445 4044 1625 4100 rcges,
1653 4046 1753 4086 eos
1789 4046 1948 4100 reges
2007 4030 2105 4101 qui

517 4123 707 4179 tidelcs
733 4121 984 4178 fuerunt.

585 4215 745 4271 Vens.
788 4215 876 4270 17.
910 4215 1049 4283 Quia
1068 4214 1353 4288 tediﬁcabit
1382 4214 1641 4274 Dominus
1677 4216 1828 4274 Sion.
1860 4216 1978 4273 llec
1996 4224 2105 4283 est,

514 4323 639 4364 vere
662 4306 987 4364 aediﬁcabit.

584 4401 655 4456 Et
693 4401 958 4457 videbitur
986 4403 1045 4458 in
1083 4403 1264 4474 gloria
1298 4418 1418 4457 sua.
1445 4402 1740 4460 Videbitur
1786 4423 2009 4462 rursum
2049 4407 2106 4463 in

514 4498 758 4565 glorioso
788 4498 911 4568 ejus
944 4498 1184 4554 adventu
1219 4500 1443 4567 quando
1490 4502 1674 4555 veniet
1723 4518 1845 4555 cum
1909 4513 2106 4573 poten-

523 4592 599 4644 tia
667 4599 721 4645 ct
753 4590 926 4661 gloria
956 4590 1152 4658 multa,
1185 4591 1652 4662 quemadmodum
1683 4593 1802 4664 ipse
1858 4595 1999 4651 dixit
2046 4596 2104 4651 in

518 4683 830 4754 Evangeliis
868 4686 940 4741 ‘°.

589 4772 755 4832 Vens.
783 4775 870 4831 18.
913 4775 1162 4847 Respexit
1189 4778 1580 4833 iit-orationem
1613 4781 1921 4838 humilium.
1992 4784 2106 4838 Eo-

2290 2171 2408 2225 ’Ότι
2446 2177 2655 2242 καιρὸς
2690 2175 2800 2230 τοῦ
2854 2176 3225 2246 οἱκτειρῆσαι
3271 2175 3489 2244 αὐτὴν,
3540 2175 3630 2230 ὅτι
3675 2176 3807 2244 ἣκει

2212 2269 2442 2333 καιρός.
2494 2268 2703 2339 Καιρὸς
2740 2269 2997 2323 ἀπαιτῶν
3044 2268 3354 2339 ἀντίληψιν,
3382 2270 3473 2324 διὰ
3506 2269 3567 2323 τὸ
3594 2269 3808 2335 πάντας

2211 2360 2664 2415 συνεπιτίθεσοαι
2701 2365 2797 2416 καὶ
2821 2363 3090 2434 πολεμεῖν
3117 2364 3279 2435 αὐτῇ.

2283 2471 2405 2524 Ὅτι
2451 2470 2807 2541 εὐδόκησαν
2859 2478 2914 2529 ol
2967 2475 3183 2529 δοῦλοί
3229 2475 3540 2545 σου-τοὺς
3589 2478 3811 2540 λίθους

2209 2562 2424 2637 αὐτῆς,
2452 2566 2551 2620 καὶ
2581 2567 2691 2621 τὸν
2720 2567 2878 2637 χοῦν
2903 2568 3097 2639 αὐτῆς
3131 2568 3648 2640 οἰκτειρήσουσιν.
3685 2571 3810 2623 Ὀτι

2211 2656 2261 2710 oi
2301 2656 2605 2712 ἀπόστολοι
2651 2660 2967 2732 ἡτοίμασαν
3012 2664 3139 2727 τοὺς
3168 2663 3352 2727 λίθους
3386 2664 3482 2731 τῆς
3511 2662 3813 2736 οἰκοδομῆς

2208 2752 2406 2825 αὐτῆς,
2457 2756 2587 2819 τοὺς
2637 2757 3047 2828 στερεωτέρους
3110 2757 3207 2810 καὶ
3267 2756 3685 2828 δοκιμωτέρους
3731 2757 3812 2823 είς

2208 2847 2502 2907 εὐσέϐειαν
2537 2849 2633 2904 καὶ
2670 2851 2878 2922 ἀρετήν
2900 2867 2914 2881 ·
2945 2843 3021 2904 ὧν
3055 2851 3365 2921 ήσυμφυῖα
3408 2852 3504 2903 καὶ
3534 2848 3683 2920 πρὶς
3717 2849 3813 2902 ἀλ-

2208 2938 2408 3011 λήλους
2432 2932 2656 3016 ἁρμογὴ
2708 2940 2809 3011 τὴν
2831 2940 3124 3012 οἰκοδομὴν
3144 2941 3242 3012 τῆς
3258 2939 3596 3012 Ἐκκλησίας
3631 2940 3813 3008 ἅπερ-

2207 3034 2473 3104 γάζεται·
2514 3035 2653 3090 ἀλλὰ
2686 3037 2783 3089 καὶ
2811 3037 2906 3090 τὸν
2952 3034 3086 3109 χοῦν
3116 3035 3290 3107 αὐτῆς
3317 3033 3658 3100 ἀξιώσουσιν
3693 3035 3814 3086 ὲπι-

2210 3128 2437 3200 μελείας
2466 3149 2479 3161 ο
2511 3131 2632 3201 ἦτοι
2680 3130 2805 3195 τοὺς
2851 3131 3286 3201 ἀσθενεστέρους
3339 3127 3437 3183 καὶ
3467 3124 3807 3200 χοϊκώτερον

2210 3220 2428 3292 ζῶντας
2459 3223 2519 3277 ὲν
2548 3223 2712 3295 αὐτῇ,
3398 3211 3407 3219 ’

2278 3493 2389 3550 Kal
2423 3494 2878 3565 φοϐηθήσονται
2915 3496 2988 3555 τὰ
3020 3496 3166 3567 ἔθνη
3214 3499 3281 3557 τὸ
3327 3499 3518 3569 ὄνομα
3552 3500 3814 3570 Κυρίου.

2208 3588 2317 3643 Τοῦ
2349 3589 2612 3659 Χριστοῦ,
2639 3589 2728 3643 διὰ
2754 3590 2824 3642 τὰ
2859 3590 3162 3662 τελούμενα
3194 3595 3398 3664 σημεῖα
3458 3591 3555 3645 καὶ
3595 3594 3821 3662 τέρατα

2207 3682 2274 3735 ὲκ
2307 3682 2480 3755 μόνης
2506 3683 2608 3750 τῆς
2649 3683 2999 3761 ἐπικλήσεως
3029 3683 3220 3745 αὐτοῦ.

2277 3774 2389 3831 Kal
2442 3775 2672 3840 πάντες
2705 3780 2762 3833 οἱ
2799 3776 3090 3845 βασιλεῖς
3121 3778 3239 3846 τὴν
3284 3777 3476 3847 δόξαν
3508 3794 3662 3836 σου.
3700 3778 3814 3853 Τὴν

2209 3866 2322 3923 ἀπὶ
2355 3867 2454 3938 τῆς
2486 3868 2773 3941 δυνάμεως
2799 3866 2957 3933 δόξαν
2998 3886 3118 3926 σου.
3164 3869 3432 3929 Νοοῦνται
3458 3870 3515 3931 δὲ
3547 3874 3650 3932 καὶ
3681 3871 3816 3941 ἐονη

2211 3958 2313 4031 μὲν
2364 3960 2415 4013 οί
2436 3960 2496 4028 ἐξ
2525 3960 2697 4014 ἐθνῶν
2730 3963 3186 4031 πεπιστευκότες,
3243 3963 3485 4036 βασιλεῖς
3512 3964 3595 4031 δὲ,
3634 3965 3692 4019 οἱ
3719 3961 3822 4019 καὶ

2209 4050 2368 4105 αὐτοὶ
2400 4052 2819 4116 πιστεύσαντες.

2283 4233 2416 4287 Ὅτι
2471 4232 2859 4303 οἰκοδομήσει
2912 4235 3127 4306 Κύριος
3189 4236 3308 4308 τὴν
3356 4238 3532 4299 Σιών.
3587 4241 3824 4307 Ὄντως

2208 4328 2561 4403 οίκοδομήσει
2585 4343 2599 4359 ⁸
2635 4330 2991 4400 συστήσεται.
3878 4385 3885 4390 .

2280 4419 2394 4475 Kal
2433 4420 2766 4491 ὀφθήσεται
2796 4423 2867 4476 ἐν
2903 4423 2980 4492 τῇ
3008 4424 3161 4494 δόξῃ
3201 4425 3415 4482 αὐτοῦ.
3466 4426 3826 4497 Ὀφθήσεται

2210 4510 2372 4577 αὖθις
2402 4515 2461 4567 ἐν
2497 4516 2563 4585 τῇ
2597 4514 2794 4584 ἐνδόξῳ
2840 4519 3118 4590 παρουσίᾳ
3146 4518 3337 4583 αὐτοῦ,
3371 4519 3471 4580 ὅτε·
3504 4520 3636 4590 ἥξει
3671 4522 3829 4576 κατὰ

2209 4607 2500 4676 δυνάμεως
2534 4607 2631 4659 καὶ
2683 4606 2843 4678 δόξης
2893 4608 3122 4680 πολλῆς,
3165 4611 3241 4676 ὡς
3274 4612 3438 4676 αὐτὸς
3488 4613 3733 4685 εἴρηκεν
3763 4618 3828 4669 ὲν

2210 4700 2324 4762 τοῖς
2354 4699 2746 4770 Εὑαγγεὶλοις.

2295 4793 2672 4860 Ἐπέϐλεψεν
2693 4795 2792 4848 ἐπὶ
2817 4797 2934 4864 τὴν
2955 4796 3317 4866 προσευχὴν
3342 4795 3463 4855 τῶν
3480 4800 3828 4855 ταπεινῶν.

518 4881 638 4917 rum
682 4865 898 4921 scilicet
922 4870 1013 4937 qui
1040 4870 1272 4926 humilia
1310 4875 1582 4941 sentiunt,
1635 4885 1689 4928 et
1713 4891 1895 4930 veram
1932 4878 2100 4932 animi

2224 4887 2336 4941 Γῶν
2368 4888 2840 4961 ταπεινοφρόερων.

518 4959 881 5015 humilitatem
924 4972 1234 5020 sectantur.

592 5049 663 5105 Et
695 5069 798 5108 non
825 5057 1023 5123 sprevit
1057 5074 1234 5127 preces
1270 5076 1478 5116 eorum.
1515 5059 1634 5116 Non
1662 5062 1941 5132 despexit,
1993 5081 2104 5123 non

516 5146 740 5213 repulit.

499 5233 508 5241 ”
589 5238 756 5295 Vens.
794 5238 883 5292 l9.
926 5238 1243 5296 Scribuntur
1274 5243 1385 5297 [nec
1419 5244 1470 5298 iu
1513 5249 1904 5316 generationem
1965 5249 2105 5304 alte-

512 5346 652 5383 rum.
685 5330 1030 5401 Accipiatur,
1067 5334 1268 5405 inquit,
1300 5352 1542 5404 praesens
1580 5342 1785 5402 oratio.
1853 5358 1947 5399 seu
2018 5343 2107 5398 hic

513 5438 756 5492 praesens
781 5424 1050 5492 psalmus,
1103 5428 1198 5496 qui
1238 5428 1547 5499 inscriptus
1590 5445 1696 5497 est,
1750 5434 1942 5489 Oratio
2005 5438 2108 5504 ipsi

514 5511 759 5581 pauperi,
793 5523 849 5566 et
873 5513 1127 5567 tradatur
1149 5514 1206 5569 in
1238 5519 1651 5587 generationem
1694 5522 1950 5591 alteram,
2003 5526 2109 5582 hoc

514 5612 620 5669 est,
644 5605 699 5658 in
723 5606 1139 5675 generationem
1174 5612 1299 5666 novi
1330 5612 1538 5682 populi,
1607 5626 1895 5686 postquam
1959 5619 2106 5672 anti-

518 5708 660 5760 quus
693 5698 929 5765 pupulas
978 5702 1372 5772 prophetarum
1408 5706 1610 5771 verbis,
1646 5726 1766 5780 quae
1791 5710 1856 5765 de
1883 5712 2104 5768 Christo

522 5785 782 5850 νιωαὶοιιι
816 5789 1059 5860 fuerant,
1095 5796 1319 5853 credere
1347 5798 1543 5857 ttoluit.

598 5962 644 5993 '°
671 5961 807 6018 Luc.
848 5982 955 6027 τηε,
998 5969 1087 6023 ‘27.

2281 5070 2388 5123 Καὶ
2432 5072 2543 5123 οὐκ
2592 5070 2975 5137 ἐξουδένωσε
3023 5072 3140 5140 τὴν
3179 5072 3399 5141 δέησιν
3442 5072 3677 5130 αὐτῶν.
3745 5078 3830 5131 Ut)

2208 5163 2490 5234 παρεῖδεν,
2524 5165 2624 5217 οὐκ
2648 5165 2935 5218 ἀπώσατο.

2279 5258 2576 5327 Γραφήτω
2604 5257 2758 5326 αὕτη
2789 5261 2876 5324 εὶς
2908 5258 3126 5327 γενεὰν
3160 5258 3392 5328 ἑτέραν.
3419 5248 3837 5332 ’Λφορισθήτώ

2210 5351 2353 5421 αὕτη
2397 5353 2431 5421 ἡ
2479 5350 2782 5426 προσευχὴ,
2823 5352 2996 5423 ἤγουν
3047 5353 3075 5403 ὁ
3114 5351 3307 5424 παρὼν
3342 5352 3577 5422 ψαλμὸς,
3610 5344 3662 5419 ᾧ
3694 5357 3839 5408 ἐπι-

2209 5446 2571 5516 γέγραπται,
2627 5442 2950 5513 Προσευχὴ
2996 5442 3077 5509 τῷ
3127 5444 3366 5514 πτωχῷ,
3421 5445 3833 5515 ἀφορισοήτω,

2211 5536 2596 5609 παραδοθήτω,
2624 5536 2815 5604 φησιν,
2850 5538 2931 5597 εἰς
2953 5536 3151 5603 γενεὰν
3180 5534 3399 5606 ἑτέραν,
3434 5537 3553 5608 ἦτοι
3580 5536 3701 5608 τὴν
3721 5538 3826 5588 τοῦ

2212 5630 2336 5684 νέου
2387 5628 2520 5681 λαοῦ
2546 5647 2559 5659 ·
2598 5627 2789 5696 ἐπειδὴ
2842 5630 2963 5690 ταῖς
3000 5628 3356 5698 ἐγκειμέναις
3387 5628 3520 5700 περὶ
3553 5613 3821 5695 Χρνποῦ

2213 5721 2578 5793 προφητείαις
2614 5723 2642 5773 ὁ
2678 5722 2906 5780 παλαιῖις
2937 5719 3040 5773 οὐκ
3072 5719 3386 5775 ζ⁵·ιτίστευιιε.
