4052 6472
276 420 383 481 1005

1440 414 1837 477 COMMENT.
1868 410 1953 475 IN
1987 406 2354 473 PSALMOS.

3375 400 3514 469 1006

327 527 419 583 Kal
460 526 614 592 λαιὶς
661 528 694 580 ὁ
732 525 1078 594 κτιζῖὶμενος
1155 523 1386 589 αἰνέσει
1429 526 1539 580 τὸν
1583 525 1824 595 Κύριον.

2013 519 2082 579 Et
2149 522 2398 590 populus,
2452 519 2545 591 qui
2595 527 2829 586 creatur,
2889 517 3133 573 laudabit
3202 515 3511 589 Dominum,

277 621 358 675 Τὸν
378 619 633 691 Χριστόν.
664 618 808 682 Aab;
840 619 897 671 δὲ
923 619 951 671 ὁ
978 617 1305 689 κτιζόμενος
1351 619 1380 672 ὁ
1414 619 1557 683 νέος,
1602 620 1734 691 περὶ
1763 612 1825 673 οὗ

1962 613 2209 679 Lhristum
2231 614 2357 669 dico
2385 654 2401 680 ,
2441 613 2677 685 populus
2708 623 2919 675 autem,
2941 612 3034 683 qui
3066 618 3309 677 creatur,
3334 628 3513 673 novus

272 728 380 782 φησι
422 709 660 775 Παῦλος,
690 711 773 764 ὅτι
818 711 922 765 Ἐν
950 707 1188 780 Χριστῷ
1218 710 1398 778 καινὴ
1443 711 1664 779 κτίσις.
1712 713 1829 775 Οὐκ

1963 716 2015 760 st
2088 705 2362 776 populus;
2421 705 2491 759 de
2549 720 2660 772 quo
2715 704 2855 759 dixit
2905 703 3248 760 Paulus:Si
3296 704 3415 774 quis
3460 704 3515 769 in

269 800 368 858 εἶπε
402 804 480 867 δὲ,
513 805 546 858 ὁ
599 802 891 870 πεισθεὶς,
922 803 1040 857 ἀλλ’
1071 804 1106 858 ὁ
1153 802 1531 874 κτιζόμενος,
1595 804 1685 859 διὰ
1728 806 1827 875 τὴν

1962 799 2139 857 ῖΙινίειο
2166 809 2270 868 est,
2290 817 2426 855 nova
2449 809 2700 854 creatura
2721 799 2791 854 'i.
2824 800 2892 854 Et
2922 813 3033 855 non
3049 798 3207 855 dixit.
3226 796 3330 864 Qui
3363 812 3518 853 crea-

269 897 373 968 ἄχρι
390 896 700 961 συντελείας
721 896 969 951 ἐπίδοσιν
991 896 1105 950 τῶν
1123 898 1521 955 πιστευόντων.
1545 899 1741 954 Κτίσιν
1767 902 1826 955 δὲ

1962 909 2015 948 ‘dS
2046 902 2151 959 est,
2175 896 2294 959 sed,
2326 894 2420 965 qui
2450 902 2685 959 creatur,
2750 900 2972 965 propter
3023 892 3368 951 credentium
3429 892 3517 945 in—

269 988 357 1041 νόει
403 986 478 1060 μὴ
529 988 813 1053 οὐσίωσιν,
857 987 994 1046 ἀλλὰ
1063 989 1372 1071 μεταϐολὴν
1419 991 1516 1045 ἐπὶ
1547 993 1608 1055 τὸ
1647 997 1833 1064 κρεῖτ-

268 1099 361 1136 τον.

329 1354 445 1407 Ὅτι
475 1351 785 1421 ἐξέκυψεν
805 1352 874 1416 ἐξ
897 1352 1100 1422 ὕψους
1131 1351 1309 1423 ἁγίου
1343 1354 1555 1409 αὑτοῦ.
1610 1354 1833 1423 Ἐξέκυ-

264 1449 350 1517 dav
389 1447 500 1502 ἄνω
551 1446 765 1518 μείνας,
811 1446 910 1500 καὶ
957 1448 1114 1501 κάτω
1147 1446 1341 1516 φανείς
1365 1462 1379 1475 ·
1414 1446 1547 1501 ἴδιον
1572 1449 1682 1520 γὰρ
1721 1448 1830 1503 τῶν

261 1540 627 1595 ὲκκυπτόντων
684 1541 800 1615 ᾀνω
856 1540 1043 1613 μένειν
1072 1581 1088 1609 ,
1148 1543 1245 1595 καὶ
1294 1540 1451 1596 κάτω
1519 1541 1828 1610 φαίνεσθαι.

277 1632 462 1701 Ἐφάνη
493 1630 549 1684 δὲ
578 1630 666 1684 διὰ
695 1631 796 1702 τῆς
828 1630 1328 1704 ὲνανθρωπήσεως.
1361 1632 1539 1703 "me;
1572 1632 1632 1686 δὲ
1673 1632 1831 1701 ἅγιον

266 1722 572 1793 ὁούρανός·
610 1722 644 1792 ἢ
687 1722 748 1776 τὸ
791 1722 926 1803 ὕψος
969 1725 1070 1794 τῆς
1105 1723 1385 1796 θεότητος.

1935 997 2307 1061 crcntentum,
2332 986 2480 1056 quod
2518 985 2585 1046 ad
2618 985 2798 1055 ipsam
2845 1000 3019 1054 usque
3077 983 3518 1039 consummatio-

1936 1094 2056 1133 nem
2099 1079 2504 1147 perseverabit.
2530 1078 2724 1134 Creari
2763 1084 2949 1137 autem
2991 1077 3156 1142 dixit,
3182 1091 3284 1146 pro
3313 1077 3518 1139 immu-

1934 1172 2064 1225 tari.
2088 1170 2282 1240 Neque
2304 1171 2452 1227 enim
2479 1187 2659 1226 novus
2694 1170 2932 1241 populus
2955 1169 3231 1225 creandos
3259 1176 3402 1233 erat,
3424 1168 3520 1224 sed

1935 1259 1989 1314 in
2033 1261 2231 1317 melius
2256 1260 2665 1321 immutaudus.

2005 1351 2174 1413 Vens.
2211 1354 2303 1410 20.
2354 1354 2623 1419 Quoniam
2664 1356 2934 1426 prospexit
2978 1355 3044 1410 de
3100 1354 3311 1413 excelsa
3337 1363 3526 1411 sancto

1934 1463 2052 1505 suo.
2087 1445 2382 1516 Prospexit
2438 1447 2698 1518 superius
2758 1448 2981 1518 quidem
3030 1449 3083 1503 in
3107 1448 3253 1504 creto
3304 1463 3530 1519 perma-

1936 1559 2100 1611 nens,
2166 1545 2383 1608 inferne
2436 1554 2621 1601 tamen
2673 1546 2728 1601 in
2790 1554 2938 1601 terra
2996 1545 3174 1601 visus.
3228 1544 3527 1617 Proprium

1937 1638 2084 1692 enim
2120 1647 2207 1694 est
2262 1639 2331 1694 iis
2383 1641 2478 1710 qui
2531 1639 2771 1708 desuper
2809 1638 3177 1710 prospiciunt,
3214 1653 3438 1695 manere
3472 1639 3528 1695 in

1942 1731 2076 1797 alto,
2111 1741 2167 1788 et
2226 1732 2399 1790 videri
2437 1734 2505 1787 ab
2540 1732 2606 1788 iis
2639 1731 2733 1802 qui
2769 1730 3003 1794 inferius
3053 1739 3206 1787 sunt.
3247 1730 3409 1787 Visus
3447 1738 3534 1787 est

262 1825 424 1871 autem
495 1832 596 1888 per
660 1816 1127 1879 incarnationem.
1169 1816 1303 1881 Per.
1338 1817 1622 1883 excelsum
1649 1828 1833 1885 autem
1871 1835 2155 1892 sanctum,
2203 1829 2404 1882 coetum
2460 1826 2640 1897 ipsum
2669 1826 2949 1901 intelligit,
2987 1826 3074 1881 vel
3147 1826 3322 1911 ipsam
3392 1824 3535 1882 divi-

263 1914 433 1977 uitatis
467 1913 874 1969 celsitudinem.

325 2047 534 2116 Κύριος
577 2045 644 2110 ἐξ
699 2044 971 2114 οἰφανοῦ
1013 2044 1115 2099 ἐπὶ
1162 2044 1282 2114 τὴν
1316 2045 1438 2118 γῆν
1478 2045 1842 2118 ἐπέϐλεψεν.

2022 2046 2282 2102 Dominus
2308 2047 2371 2100 de
2431 2045 2558 2100 caelo
2585 2048 2638 2103 in
2680 2055 2881 2100 terram
2907 2047 3128 2116 aspexit.
3171 2045 3246 2100 De
3305 2045 3448 2109 cmlo
3480 2045 3535 2112 in

276 2139 355 2205 Ἐξ
381 2137 613 2210 οὐρανοῦ
653 2137 748 2190 ἐπὶ
784 2137 883 2208 τὴν
925 2137 1033 2208 γῆν
1071 2138 1335 2209 κατῆλθε·
1379 2138 1468 2193 διὰ
1488 2139 1589 2210 τῆς
1611 2140 1840 2195 ὲπισκου

261 2235 363 2304 πῆς
384 2234 491 2304 γὰρ
516 2234 620 2304 τὴν
652 2231 964 2301 παρουσίαν
991 2230 1161 2286 αὐτοῦ
1185 2232 1443 2302 ἐνέφηνε.

334 2327 439 2383 Τοῦ
468 2325 733 2383 ἀκοῦσαι
751 2324 858 2380 τοῦ
871 2324 1219 2405 στεναγμοῦ
1241 2323 1362 2380 τῶν
1387 2327 1837 2395 πεπεδημένων.

261 2422 427 2492 Χάριν
454 2420 551 2474 τοῦ
583 2417 895 2473 ἐπακοῦσαι
931 2418 1028 2471 τοῦ
1062 2418 1405 2490 στεναγμοῦ,
1432 2420 1529 2474 τοῦ
1562 2420 1707 2493 ὑπὲρ
1733 2420 1842 2475 τῶν

263 2513 655 2586 πεπεδημὲνων
704 2516 827 2578 ταῖς
875 2513 1090 2583 σειραῖς
1138 2511 1250 2565 τῶν
1303 2512 1742 2586 ἁμαρτημάτων,
1783 2513 1844 2571 ὃν

262 2604 549 2671 ἐστέναζον
580 2605 722 2678 ὑπὲρ
758 2605 993 2679 ἐκείνων
1022 2604 1074 2658 oi
1115 2603 1344 2660 δίκαιοι.

332 2697 445 2754 Τοῦ
501 2697 693 2752 λῦσαι
737 2695 884 2762 τοὺς
938 2694 1111 2762 υίοὺς
1154 2694 1276 2750 τῶν
1321 2697 1842 2767 τεθανατωμένων.

266 2793 375 2848 Καὶ
416 2790 511 2845 τοῦ
569 2790 732 2844 λῦσαι
780 2789 880 2844 τοῦ
940 2788 1148 2861 δεσμοῦ
1186 2788 1289 2861 τῆς
1317 2788 1622 2861 ἁμαρτίας,
1667 2788 1701 2861 ἢ
1746 2792 1848 2868 τῆς

263 2885 509 2949 δουλείας
544 2884 656 2940 τῶν
681 2883 981 2956 δαιμόνων,
1002 2883 1131 2948 τοὺς
1156 2883 1309 2948 υἱοὺς
1337 2882 1452 2939 τῶν
1483 2882 1848 2938 ἀπολωλότων

263 2982 325 3035 ἑν
354 2978 676 3052 ἁμαρτίαις.

340 3073 452 3130 Τοῦ
478 3071 831 3143 ἀναγγεῖλαι
860 3070 931 3125 ἐν
962 3069 1119 3125 Σιὼν
1150 3069 1218 3124 τὸ
1257 3070 1449 3150 ὄνομα
1483 3070 1734 3141 Κυρίου.
1775 3070 1851 3123 Τὸ

266 3167 578 3240 Πατρικόν·
623 3166 710 3219 ὅτι
764 3163 884 3219 ἐστι
922 3163 1115 3236 Πατὴρ
1147 3161 1283 3239 Υίοῦ
1325 3163 1578 3236 γνησίου,
1627 3164 1761 3243 περὶ
1787 3162 1851 3219 οὗ

264 3258 363 3313 καὶ
386 3258 547 3322 αὐτὸς
576 3258 820 3331 εῐρηκενθ
864 3255 1255 3329 Ἐφανέρωσὰ
1275 3270 1394 3312 σου
1421 3257 1488 3315 τὸ
1516 3256 1705 3329 ὄνομα
1726 3255 1853 3323 τοῖς

261 3351 628 3421 ἀνθρώποις.

336 3538 447 3594 Kal
483 3535 602 3606 τὴν
638 3535 883 3593 αἷνεσιν
917 3533 1108 3589 αὐτοῦ
1162 3533 1232 3590 ἐν
1278 3533 1708 3607 Ἰερουσαλήμ.
1749 3534 1858 3590 Καὶ

264 3632 370 3703 τὴν
396 3630 568 3701 τιμὴν
599 3627 796 3693 αὑτοῦ,
823 3626 951 3698 ἥτις
978 3621 1048 3701 ἦν
1077 3626 1209 3695 αὐτὸ
1236 3626 1304 3709 δὴ
1329 3628 1391 3682 τὸ
1414 3627 1609 3699 ὄνομα.
1645 3627 1720 3682 Ἢ
1761 3629 1859 3683 καὶ

262 3724 468 3790 ἄλλως,
506 3720 736 3785 αἴνεσιν,
771 3721 839 3792 ἢν
867 3719 984 3793 ﬁve:
1005 3719 1098 3772 τὸν
1139 3719 1363 3792 Πατέρα
1394 3718 1668 3792 συνεχῶς,
1706 3716 1860 3790 αὐτῷ

260 3818 454 3872 πάντα
490 3814 794 3882 ἀνατιθεὶς,
838 3814 937 3869 καὶ
970 3816 1102 3885 παρ’
1136 3815 1350 3869 ἐκείνου
1389 3814 1566 3884 λέγων
1615 3814 1861 3869 ἀποσταο

258 3910 431 3982 λῆναι
457 3926 474 3943 ⁸
510 3907 630 3965 εἶτα
656 3909 809 3980 λέγει
859 3913 959 3965 καὶ
989 3908 1126 3962 πότε
1158 3907 1318 3963 τοῦτο
1348 3908 1547 3963 ἐποίει.

355 4088 465 4151 Ἑν
489 4085 570 4151 τῷ
589 4082 1082 4156 ἐπισυναχθῆναι
1107 4080 1300 4147 λαοὺς
1326 4078 1428 4134 ἐπὶ
1454 4078 1523 4133 τὸ
1553 4078 1729 4140 αὐτὸ,
1760 4075 1860 4130 καί

253 4177 560 4247 βασιλεῖς
599 4177 706 4232 τοῦ
747 4176 1071 4231 δουλεύειν
1100 4172 1182 4240 τῷ
1207 4172 1424 4242 Κυρίῳ.
1457 4170 1590 4229 Ὅτε
1614 4168 1860 4239 δηλονότι

262 4273 581 4342 συνήγοντο
621 4269 759 4342 πρὸς
787 4270 955 4323 αὑτὸν
988 4270 1039 4322 οἱ
1075 4266 1198 4320 λαοὶ
1245 4264 1341 4319 καὶ
1375 4263 1426 4317 οἱ
1465 4262 1728 4332 βασιλεῖς,
1768 4262 1864 4313 ἐπὶ

256 4363 352 4434 τῷ
381 4362 792 4425 πιστεύσαντας
818 4359 1107 4414 δουλεῦσαι
1135 4356 1310 4428 αὐτῷ,
1356 4355 1543 4427 Κυρίῳ
1569 4353 1683 4407 ὄντι
1720 4352 1865 4407 κατὰ

254 4460 374 4528 τὴν
413 4455 647 4526 θεότητα
673 4493 690 4511 .
745 4454 852 4509 Ἐν
880 4453 1053 4523 μέσῳ
1087 4452 1218 4523 γὰρ,
1252 4451 1439 4520 φησιν,
1494 4446 1866 4513 Ἑκκλησιάς

253 4548 536 4618 ὑμνήσω
572 4564 669 4602 σε.
701 4546 952 4609 Βασιλεῖς
978 4545 1036 4598 δὲ
1057 4544 1208 4612 λέγει
1222 4542 1319 4596 νῦν
1346 4541 1474 4604 τοὺς
1507 4539 1864 4605 ἀποστόλους,

251 4642 331 4696 οὐ
367 4640 539 4711 μόνον
565 4641 643 4698 ὡς
671 4636 1105 4709 βασιλεύσαντας
1139 4635 1249 4688 τῶν
1279 4632 1495 4697 παθῶν,
1527 4632 1622 4685 καὶ
1650 4630 1868 4702 κυριεύ-

1947 2151 2149 2197 terram
2181 2139 2490 2195 descendit.
2536 2137 2660 2194 .Per
2719 2148 3006 2210 aspectum
3054 2139 3201 2203 enim
3237 2137 3389 2206 illius
3439 2140 3539 2204 ad-

1945 2244 2169 2292 ventum
2200 2235 2504 2290 denotavit.

2015 2326 2187 2384 Vens.
2216 2328 2307 2382 2|.
2350 2325 2415 2381 Ut
2445 2326 2656 2381 audiret
2710 2326 2940 2397 gemitus
2994 2325 3434 2396 compeditorunt.
3471 2323 3544 2394 Ut

1944 2421 2181 2487 audiret,
2231 2421 2433 2491 inquit,
2496 2421 2791 2492 gemitum,
2847 2435 3010 2491 quem
3076 2420 3217 2489 justi
3287 2417 3542 2474 homines

1945 2514 2230 2579 emittunt,
2275 2527 2378 2582 pro
2420 2513 2488 2567 iis
2541 2512 2636 2588 qui
2670 2520 3027 2585 peccatorum
3072 2525 3303 2579 suorum
3352 2509 3542 2578 innexi

1948 2615 2078 2664 sunt
2107 2607 2344 2662 catenis.
2610 2622 2615 2625 δ
2665 2669 2667 2672 η

2027 2696 2095 2765 Ut
2132 2697 2356 2752 solveret
2382 2696 2528 2779 ﬁlios
2553 2697 3016 2767 interemptorum.
3051 2696 3228 2767 Atque
3270 2703 3329 2751 ttt
3360 2695 3545 2761 solve:-

1951 2798 2036 2846 ret
2080 2784 2119 2853 ἀ
2172 2790 2385 2862 peccati
2449 2788 2706 2855 vinculis,
2735 2797 2790 2845 et
2841 2804 2872 2855 a
2926 2789 3243 2844 daemonum
3276 2788 3545 2853 servitute

1953 2898 2147 2948 eorum
2187 2882 2356 2949 ﬁlios,
2387 2882 2481 2953 qui
2514 2882 2566 2936 in
2593 2881 2838 2952 peccatis
2873 2881 3191 2952 perierant.t

2024 3063 2194 3127 Vens.
2224 3062 2313 3117 22.
2355 3059 2423 3116 Ut
2454 3061 2805 3127 annuntiaret
2832 3064 2887 3117 in
2930 3062 3061 3129 Sion
3088 3080 3277 3133 nomen
3308 3063 3546 3135 Domini.

1956 3155 2164 3213 Nomen
2226 3155 2492 3211 nimirum
2547 3155 2758 3228 Patris,
2790 3156 2895 3212 hoc
2942 3165 3049 3224 est,
3090 3159 3239 3227 quod
3275 3156 3545 3216 Dominus

1956 3249 2128 3314 Deus,
2183 3250 2345 3305 Pater
2403 3265 2542 3317 suus
2594 3256 2763 3315 esset,
2824 3258 2878 3306 et
2930 3265 3096 3315 verus
3133 3248 3343 3309 Pater:
3383 3263 3549 3323 atque

1958 3344 2085 3399 ideo
2119 3341 2378 3399 Christus
2436 3343 2604 3397 etiam
2642 3341 2863 3398 dicebat
2896 3361 2909 3398 :
2945 3341 3296 3414 Manifestari
3355 3360 3548 3412 nornen

1961 3445 2114 3491 tuum
2140 3435 2437 3493 hominibus
2464 3435 2530 3489 “.
3105 3418 3113 3426 ’

2031 3526 2104 3582 Et
2163 3528 2375 3584 laudent
2428 3529 2542 3597 ejus
2571 3528 2626 3582 in
2655 3527 2978 3597 Jerusalem.
3035 3528 3151 3588 Hoc
3176 3541 3256 3595 est
3286 3534 3547 3597 honorem

1960 3621 2104 3693 ejus.
2140 3618 2318 3687 Patris
2347 3636 2479 3675 vero
2508 3620 2685 3674 honor
2718 3635 2844 3677 esse
2879 3620 3083 3681 dicitur
3139 3620 3321 3699 ipsum
3348 3638 3547 3679 nomen

1961 3722 2280 3784 paternum.
2327 3711 2426 3770 Vel
2475 3711 2660 3779 aliter,
2698 3713 2917 3767 laudem
2956 3712 3105 3779 illam
3140 3712 3410 3787 intelligo,
3440 3730 3550 3786 qua

1961 3806 2218 3869 Christus
2275 3821 2494 3877 semper
2519 3803 2741 3871 Patrem
2778 3805 3058 3873 laudabat,
3090 3809 3277 3873 omnia
3315 3809 3393 3863 illi
3424 3824 3552 3880 per-

1963 3909 2132 3970 petuo
2158 3897 2472 3962 ascribens,
2529 3908 2585 3953 et
2616 3897 2684 3951 ab
2711 3897 2806 3958 illo
2846 3898 3034 3953 dicens
3063 3914 3122 3954 se
3146 3901 3374 3956 missum
3407 3916 3550 3975 esse.

1964 3990 2171 4049 Deinde
2197 3990 2353 4056 dicit,
2386 3992 2609 4063 quando
2646 3991 2749 4045 hoc
2779 3989 2984 4046 factum
3011 3992 3102 4047 sit.

2036 4081 2203 4140 Vens.
2231 4083 2322 4141 25.
2388 4084 2525 4139 Dum
2561 4085 2894 4139 convenirent
2936 4084 3118 4155 populi
3166 4086 3224 4140 in
3268 4102 3451 4155 unum,
3502 4097 3554 4144 et

1965 4193 2112 4253 reges
2168 4185 2226 4233 ut
2304 4177 2560 4237 servirent
2626 4175 2875 4243 Domino.
2936 4174 3114 4244 Tunc,
3152 4177 3553 4249 inquam,cum

1965 4286 2122 4342 reges
2152 4282 2203 4326 et
2229 4269 2417 4351 populi
2449 4268 2516 4324 ad
2548 4284 2673 4331 eum
2733 4270 3113 4334 convenirent,
3163 4279 3224 4325 ut
3262 4287 3360 4343 per
3393 4272 3555 4342 [idem

1966 4366 2015 4420 ei
2046 4364 2369 4421 servitutem
2414 4372 2471 4419 et
2533 4362 2865 4433 obsequium
2923 4371 3252 4434 prmstarent
3281 4380 3298 4421 :
3327 4366 3378 4422 ei
3408 4367 3557 4443 dico,

1966 4456 2059 4527 qui
2087 4455 2391 4520 secundum
2423 4455 2768 4519 divinitatem
2797 4470 2921 4514 vere
2939 4469 3004 4511 ac
3028 4456 3251 4528 proprie
3290 4456 3559 4529 Dominus

1968 4559 2075 4612 est.
2114 4547 2293 4619 (Tunc
2343 4547 2545 4613 ctenim
2600 4546 2860 4611 Christus
2911 4548 3265 4604 annuntiavit
3356 4565 3557 4620 nomen

1970 4638 2150 4694 Patris
2209 4639 2263 4693 in
2323 4636 2481 4703 Sion,
2544 4648 2600 4694 et
2652 4638 2871 4693 laudem
2947 4638 3069 4710 ejus
3125 4637 3181 4693 in
3225 4637 3560 4715 Jerusalem,

254 4750 488 4795 σαντας
536 4732 649 4785 τῶν
696 4730 994 4797 δαιμόνων,
1053 4726 1192 4781 ἀλλὰ
1243 4726 1340 4781 καὶ
1398 4725 1475 4789 ὡς
1534 4723 1855 4794 τιμηθέντας

1976 4731 2202 4804 quando
2261 4732 2356 4795 isti
2403 4746 2597 4788 omnes
2627 4731 3061 4804 convenerunt.)
3084 4729 3244 4788 Unde
3270 4734 3403 4808 alibi
3430 4749 3564 4791 con-

250 4826 514 4893 ὕστερον
546 4824 655 4877 ὑπὸ
684 4824 869 4893 πάσης
920 4821 1025 4891 τῆς
1056 4819 1389 4889 οἰκουμένης
1421 4817 1519 4871 καὶ
1550 4817 1692 4886 ὑπὲρ
1724 4816 1877 4887 βασι-

246 4920 419 4985 λεῖς,
458 4916 556 4973 καὶ
596 4917 703 4970 ὑπὸ
750 4915 1015 4988 βασιλέων
1046 4913 1252 4975 αὐτῶν,
1301 4911 1432 4983 περὶ
1461 4905 1536 4966 ὧν
1573 4910 1668 4964 καὶ
1711 4911 1770 4963 ἐν
1797 4907 1876 4979 τῷ

251 5008 359 5082 με’
416 5009 625 5080 ψαλμῷ
696 5008 1029 5080 προείρηται
1072 5021 1088 5037 ⁶
1177 5002 1600 5069 Καταστήσεις
1651 5001 1876 5067 αὐτοὺς

244 5100 581 5171 ἄρχοντας
615 5098 716 5152 ἐπὶ
747 5097 958 5153 πᾶσαν
983 5096 1101 5163 τὴν
1121 5093 1263 5164 γῆν.
1298 5092 1667 5173 Συμπεεάνας
1692 5091 1749 5145 δὲ
1773 5094 1875 5161 τὴν

245 5191 628 5265 προφητείαν
682 5190 913 5260 ταύτην,
998 5189 1189 5260 ἔχεται
1245 5186 1414 5242 πάλιν
1449 5186 1552 5257 τῆς
1598 5187 1875 5258 προτέρας

241 5281 634 5348 ἀκολουθίας.

1988 4834 2289 4893 sequenter
2346 4839 2412 4878 ex
2469 4822 2677 4878 Christi
2724 4839 2959 4894 persona
2991 4823 3200 4881 dicitur
3234 4824 3343 4897 :ln
3387 4828 3564 4895 medio

1974 4913 2231 4969 Ecclesia:
2262 4916 2495 4970 laudabo
2521 4923 2570 4971 te
2599 4917 2673 4982 “.
2708 4914 2958 4975 Ecclesia
3008 4918 3216 4974 etenim
3257 4934 3567 4992 congrega-

1979 5005 2185 5072 tionem
2269 5015 2323 5062 et
2377 5016 2580 5062 castum
2619 5007 2903 5064 hominum
2931 5010 3230 5082 signiﬁcat.
3261 5008 3365 5063 Per
3402 5025 3565 5080 reges

1973 5107 2184 5165 autem,
2217 5098 2368 5171 ipsos
2390 5099 2674 5169 apostolos
2713 5100 2996 5173 intelligit,
3049 5116 3161 5174 non
3204 5100 3406 5166 solum,
3435 5100 3568 5170 quia

1971 5188 2144 5254 animi
2181 5190 2533 5260 passionibus
2591 5200 2756 5262 atque
2789 5191 3079 5261 aﬂ‘ectibus
3146 5199 3464 5261 regnarent,
3515 5201 3571 5245 et

1980 5284 2110 5351 quia
2144 5283 2563 5339 dominarentur
2603 5285 2962 5351 daamonibus,
2998 5283 3096 5347 sed
3125 5284 3289 5339 etiam
3333 5284 3463 5353 quia
3499 5283 3570 5337 ab

244 5378 551 5432 universo
618 5376 754 5432 orbe
803 5387 971 5443 supra
1034 5371 1185 5442 ipsos
1219 5385 1375 5443 reges
1405 5369 1660 5424 honorati
1714 5379 1864 5434 sunt,
1901 5380 1954 5423 et
1994 5373 2123 5442 quia
2157 5374 2225 5429 de
2245 5375 2326 5431 eis
2393 5375 2603 5430 dictum
2627 5374 2812 5440 est,in
2846 5371 3059 5444 psalmo
3083 5371 3569 5449 XLtszonstitues

237 5490 359 5528 eos
386 5472 662 5540 principes
691 5485 850 5539 super
880 5482 1087 5521 ontuem
1123 5476 1344 5519 terram.
1376 5462 1663 5535 Completa
1695 5473 1878 5519 autem
1917 5465 2298 5535 hujuscemodi
2333 5468 2644 5540 prophetia,
2701 5466 2844 5531 redit
2888 5467 3089 5529 iterum
3158 5465 3437 5537 Propheta
3501 5471 3568 5522 ad

224 5564 528 5625 nriorem
552 5558 1033 5631 consequentiam.

2070 5687 2235 5746 Vens.
2292 5687 2384 5744 2L
2443 5685 2730 5756 Respondit
2763 5685 2813 5741 ei
2853 5684 2905 5741 in
2942 5684 3026 5739 via
3079 5680 3410 5754 fortitudinis
3442 5698 3577 5760 sunt,

472 5695 682 5763 εκρίθιι
700 5692 860 5759 αὐτῷ
878 5693 947 5746 ἑν
973 5694 1023 5747 ὀί

358 5672 1023 6233 “\W

980 5876 1024 5907 ²²
1055 5872 1219 5939 Joan.
1264 5884 1403 5939 xvtt,
1432 5868 1490 5926 6.
1566 5868 1613 5903 ³³
1641 5866 1787 5931 Psal.
1818 5884 1934 5939 xxi,
1985 5868 2075 5928 23.
