4052 6478
518 415 647 480 10ῡῖ

1682 364 1690 389 ⁸
1772 410 2122 473 EUTHYMI
2167 408 2528 468 ZEGABENI

3645 405 3777 471 10i8

507 531 676 596 inops
709 526 797 582 ille
821 536 873 582 ct
913 539 1138 597 proper,
1169 526 1236 579 de
1273 539 1380 595 quo
1406 524 1458 576 in
1488 522 1858 591 inscriptione
1885 518 2087 591 psalmi

2196 519 2334 589 πρὸς
2403 518 2586 585 αὑτὸν,
2638 519 2773 590 πρὸς
2826 518 2884 573 ὃν
2935 520 2966 589 ὴ
3018 519 3298 592 προσευχὴ
3359 517 3453 572 τοῦ
3511 521 3777 591 παρόντος

509 624 716 677 dictum
776 629 893 684 est,
946 617 1230 686 respondit,
1295 631 1394 686 pro
1450 615 1692 670 Locutus
1748 622 1856 679 est,
1920 611 1969 666 ei
2021 611 2087 665 ad

509 731 671 786 quem
690 710 1173 783 oratiojprzesentis
1212 711 1406 781 psalmi
1432 708 1709 779 dirigitur.
1738 704 2093 777 Respontlcre

505 805 651 860 enim
694 804 798 857 hoc
851 803 904 855 in
960 801 1082 855 loco
1133 799 1317 867 p-isuit
1354 796 1684 866 simpliciter
1743 808 1841 863 pro
1908 790 2091 846 dicere

503 906 659 953 extra
699 894 1215 965 interrogationem,
1249 890 1417 945 sicuti
1476 889 1619 941 alias
1667 900 1811 954 saepe
1867 886 2091 954 ponitur

505 989 646 1061 apud
703 987 1044 1057 Scripturam
1087 998 1324 1040 sacram.
1380 978 1483 1035 Per
1514 979 1654 1032 viam
1694 990 1823 1031 vero
1870 973 2090 1029 fortitu-

504 1082 657 1137 dinis
735 1078 870 1134 illud
924 1086 1145 1145 tempus
1199 1073 1492 1142 intelligit,
1549 1084 1659 1140 quo
1711 1067 1857 1121 vires
1914 1065 2090 1118 adhuc

504 1177 719 1245 aliquas
774 1169 1034 1234 habebat,
1073 1167 1310 1222 necdum
1370 1178 1466 1219 eas
1517 1161 1770 1216 amittere
1825 1166 2088 1226 ctrperat,

506 1277 655 1322 tanta
690 1278 993 1334 Oppressus
1028 1276 1092 1315 ac
1131 1261 1377 1327 deiectus
1415 1254 1698 1310 mmstitia.

576 1358 907 1412 Pancitatem
942 1354 1145 1408 dierum
1184 1365 1416 1404 nieorum
1449 1346 1709 1400 annuntio
1765 1342 1914 1397 mihi.
1955 1338 2089 1394 Haec

506 1451 706 1507 similis
742 1449 958 1502 videtur
1009 1444 1299 1499 sententia:
1334 1441 1383 1495 ei
1444 1456 1565 1509 quo
1597 1437 1829 1491 habetur
1849 1436 1903 1489 in
1940 1433 2090 1502 psal-

510 1559 591 1597 "n0
621 1556 822 1595 xxxviii
862 1558 875 1593 :
917 1537 1116 1592 Natum
1147 1535 1234 1606 fac
1263 1534 1417 1598 mihi,
1440 1532 1683 1596 Domine,
1710 1529 1865 1598 ﬁnem
1894 1542 2086 1591 meum,

496 1643 548 1687 et
580 1646 849 1684 numerum
881 1626 1086 1681 dierum
1115 1640 1370 1689 meorum,
1411 1622 1526 1691 quis
1558 1630 1659 1682 est,
1690 1622 1933 1673 utsciam
1963 1616 2091 1687 quid

499 1725 630 1779 desit
685 1722 836 1776 mihi.
897 1720 1170 1780 Cernetis,
1213 1718 1419 1786 inquit,
1458 1728 1544 1768 me
1597 1713 1709 1781 jam
1739 1710 2087 1765 debilitatum

499 1832 643 1877 esse,
676 1826 731 1870 et
764 1815 968 1868 malum
1008 1814 1115 1867 hoc
1148 1813 1564 1880 ingravescere,
1596 1805 1851 1875 suspicor
1909 1800 2088 1856 modi-

2192 611 2436 684 Ψα)ιμοῦ,
2465 613 2493 666 ὁ
2532 612 2748 682 πτωχὸς
2792 616 2820 667 ὁ
2851 612 3176 684 ἀκηδιάσας,
3212 613 3287 678 ὡς
3335 612 3598 685 ἀνωτέρω
3628 613 3778 682 δεδή-

2194 703 2385 757 λωται.
2459 705 2780 775 ’Λπόκρισιν
2830 703 2940 775 γὰρ
2988 705 3083 757 νῦν
3140 707 3232 759 τὸν
3265 704 3450 768 ἁπλῶς
3495 706 3652 773 λόγον
3687 704 3776 758 τὸν

2193 794 2364 865 χωρὶς
2423 797 2749 865 ἐρωτήσεως
2813 795 3193 865 ὑποληπτέον*
3241 796 3359 849 ἔστι
3404 796 3515 865 γάρ
3561 812 3617 847 τι
3682 794 3774 846 καὶ

2192 888 2435 940 τοιοῦτον
2478 883 2617 949 εἶδος
2684 891 2741 941 ὲν
2771 890 2890 951 ταῖς
2934 888 3237 957 σημασιαις
3272 890 3372 958 τῆς
3407 886 3772 958 ἀποκρίσεως.

2207 981 2355 1034 Ὀδὸν
2381 981 2437 1034 δὲ
2483 982 2664 1052 ἰσχύος
2695 982 2804 1036 νόει
2838 982 2928 1035 τὸν
2960 986 3179 1052 καιρὸν,
3238 983 3295 1034 ὲν
3338 975 3383 1050 εἰ)
3415 980 3495 1034 ἔτι
3526 981 3775 1045 δύναται,

2194 1075 2289 1125 καὶ
2314 1072 2375 1125 οὺ
2400 1073 2584 1126 τέλεον
2611 1072 3001 1146 ὲξησθὲνησεν,
3030 1072 3185 1127 οὔπω
3228 1073 3539 1144 κατεϐλήθη
3576 1090 3776 1127 παντε-

2192 1164 2300 1228 λῶς
2328 1164 2432 1217 ὑπὸ
2466 1165 2565 1235 τῆς
2595 1165 2846 1236 ἀκηδίας.

2272 1346 2392 1413 Τὴν
2442 1348 2764 1415 ὀλιγότητα
2802 1345 2922 1401 τῶν
2964 1347 3206 1416 ἡμερῶν
3248 1365 3370 1416 μου
3413 1347 3775 1417 dit-(irreuer-

2184 1457 2306 1508 μοι.
2337 1441 2566 1509 Ὅμοιον
2597 1440 2757 1494 τοῦτο
2784 1443 2896 1504 τοῖς
2924 1441 3167 1512 ῥηθεῖσιν
3191 1442 3249 1493 ὲν
3293 1439 3371 1511 τῷ
3407 1441 3489 1511 λη’
3523 1439 3724 1511 ψαλμῷ
3755 1456 3769 1471 ·

2189 1531 2506 1600 Γνώρισόν
2519 1549 2645 1602 μοι,
2679 1534 2882 1601 Κύριε,
2915 1534 2981 1587 τό
3007 1531 3196 1601 πέρας
3226 1552 3368 1603 μου,
3390 1534 3489 1587 καὶ
3522 1536 3630 1588 τὸν
3654 1535 3777 1601 ἀρι-

2189 1624 2343 1693 θμὸν
2397 1623 2519 1677 τῶν
2557 1622 2797 1694 ἡμερῶν
2832 1642 2972 1694 μου,
3007 1626 3098 1692 τίς
3141 1627 3315 1681 ἐστιν
3338 1642 3354 1658 ·
3402 1627 3499 1679 ἵνα
3532 1627 3676 1697 γνῶ,
3720 1628 3777 1680 τί

2188 1711 2423 1782 ὑστερῶ
2447 1714 2582 1785 ἐγώ.
2609 1714 2856 1783 Βλέπων,
2886 1715 3072 1786 φησὶν,
3101 1717 3338 1786 ἐμαυτὸν
3364 1717 3659 1771 ἀτονοῦντα
3681 1721 3775 1772 καὶ

2192 1806 2596 1877 βαρυνόμενον,
2634 1806 3007 1877 ὑπολαμϐάνω
3034 1808 3225 1879 καιρὸν
3266 1808 3445 1877 ὀλίγον
3496 1808 3774 1864 ὑπολελεῖ-

499 1925 624 1965 cum
657 1908 791 1962 mihi
819 1918 1040 1976 tempus
1090 1906 1216 1958 vita:
1281 1913 1599 1970 superesse,
1631 1897 1891 1967 quocirca
1945 1893 2087 1948 indi-

2196 1898 2329 1967 σθαι
2361 1917 2451 1970 μοι
2489 1898 2662 1966 ζωῆς,
2696 1899 2756 1953 ὃν
2796 1899 3172 1972 γνωρισθῆναί
3201 1919 3293 1972 μοι
3327 1903 3659 1974 παρακαλῶ,
3690 1904 3777 1957 ενα

499 2001 613 2056 cari
674 1999 807 2053 mihi
856 1995 992 2050 illud
1033 2002 1181 2064 opto,
1244 2000 1301 2046 ut
1364 1992 1562 2044 animae
1632 2002 1764 2041 mea:
1828 1984 2087 2055 majorem

501 2107 690 2148 curam
715 2104 780 2143 ae
806 2086 1231 2143 sollicitudinem
1264 2083 1516 2137 habeam.

577 2185 739 2239 Vatis.
772 2182 865 2238 25.
902 2178 984 2234 Ne
1013 2180 1208 2234 educas
1239 2193 1319 2231 me
1347 2175 1400 2229 in
1433 2172 1658 2226 dimidia
1685 2170 1892 2224 dierum
1946 2184 2089 2221 meo-

498 2295 639 2334 ram.
705 2275 1061 2330 Eductionem
1124 2271 1230 2325 hoc
1302 2269 1358 2323 in
1408 2268 1530 2322 loco
1585 2263 2087 2337 peregrinationem

501 2370 697 2424 animae
729 2363 1044 2438 appellavit,
1072 2360 1284 2417 eductae
1316 2357 1525 2415 scilicet
1581 2370 1678 2426 per
1737 2369 1942 2421 aerem,
2010 2351 2091 2406 vel

499 2463 713 2519 educta:
747 2473 779 2513 a
833 2470 1088 2526 corpore.
1140 2450 1244 2506 Per
1303 2448 1594 2504 dimidium
1647 2461 1777 2502 vero
1850 2445 2088 2509 dierum,

503 2551 1006 2624 imperteetionem,
1041 2546 1148 2601 hoc
1171 2551 1279 2607 est,
1315 2539 1833 2597 iuiructuositatem
1872 2535 2089 2592 dierum

505 2648 726 2700 illorum
786 2640 1046 2711 appellat,
1114 2638 1208 2707 qui
1262 2636 1368 2691 sibi
1415 2634 1480 2688 ad
1528 2632 1785 2688 ferendos
1828 2630 2091 2685 virtutum

506 2741 722 2791 fructus
757 2731 950 2788 statuti
982 2728 1226 2784 fuerant.
1258 2725 1369 2780 llae
1401 2727 1549 2780 enim
1606 2723 1676 2779 de
1726 2737 1893 2778 causa
1955 2719 2092 2776 certi

502 2829 621 2884 dies
648 2827 772 2879 vita:
806 2821 1091 2877 hominum
1122 2825 1464 2883 statuuntur,
1501 2825 1559 2871 ut
1620 2817 1832 2872 fructus
1871 2813 2089 2880 ferant;

501 2928 757 2991 precatur
812 2914 978 2986 igitur
1025 2928 1134 2967 non
1193 2911 1330 2966 mori
1387 2910 1442 2964 in
1506 2906 1985 2973 iniructuositate,
2034 2914 2093 2960 ut

500 3014 574 3067 ita
632 3011 835 3073 dicam,
923 3022 1021 3061 seu
1068 3005 1358 3061 sterilitate
1411 3005 1535 3058 vitae
1587 3019 1719 3069 suae,
1749 3002 1846 3057 sed
1885 3000 2091 3055 diutius

498 3103 705 3169 vivere,
734 3101 911 3156 donec
941 3105 1176 3153 truetum
1211 3097 1449 3167 aliquem
1488 3094 1697 3150 afferat.
1740 3093 1829 3150 Vel
1890 3092 2089 3148 fortas-

501 3198 581 3253 sis
629 3195 705 3249 ita
757 3192 912 3259 dicit,
962 3202 1188 3262 propter
1228 3189 1366 3245 illud
1401 3189 1546 3259 quod
1572 3188 1810 3247 traditur
1858 3188 1910 3241 in
1946 3186 2088 3256 psal-

500 3304 592 3344 mo
622 3304 730 3352 Ltv,
762 3285 857 3341 ubi
879 3286 1132 3347 habetur,
1168 3282 1310 3354 quod
1346 3283 1443 3338 riri
1492 3282 1812 3351 sanguinnm
1839 3291 1888 3334 et
1917 3279 2089 3333 dolosi

501 3397 606 3438 nan
644 3377 1005 3433 dimidiabunt
1058 3376 1170 3430 dies
1214 3392 1360 3441 suos,
1392 3374 1485 3430 ubi
1523 3375 1646 3430 vide
1667 3373 2085 3445 expositionem.

572 3470 639 3526 In
666 3469 1002 3542 generatione
1050 3467 1454 3536 generationum
1508 3467 1636 3521 anni
1660 3467 1756 3522 tui.
1786 3465 1891 3522 Per
1919 3481 2089 3537 gene-

501 3562 773 3618 rationem
801 3559 1216 3631 generationum
1258 3556 1475 3613 Hebrmi
1537 3558 1681 3613 idem
1750 3558 2088 3627 intelligunt,

500 3654 649 3722 quod
703 3661 976 3721 perpetuo.
1031 3649 1339 3720 Complicat
1395 3658 1577 3705 autem
1631 3649 1904 3720 Propheta
1949 3650 2090 3705 inter

501 3744 775 3802 orandum
807 3742 971 3797 etiam
1005 3741 1260 3811 dogmata
1283 3739 1351 3795 de
1377 3740 1484 3795 Deo
1523 3758 1537 3796 :
1569 3741 1650 3796 Tu
1682 3744 1855 3807 enim,
1890 3742 2087 3813 inquit,

500 3834 793 3891 divinitate
817 3839 911 3886 tua
935 3838 1177 3886 aeternus
1218 3846 1300 3896 es,
1334 3830 1585 3900 quinimo
1638 3840 1694 3887 et
1726 3847 1892 3904 supra
1915 3831 2088 3902 ipsam

496 3925 864 3982 aeternitatem
883 3936 949 3975 ac
969 3922 1360 3992 sempiternus.

568 4017 737 4074 Vens.
766 4015 863 4074 26.
890 4012 1057 4070 Initio
1077 4027 1156 4081 tu,
1181 4015 1419 4082 Domine,
1441 4026 1639 4070 terram
1662 4016 1922 4087 fundasti.
1964 4015 2087 4072 Sta-

494 4113 686 4180 bilisti,
717 4110 916 4169 fecisti.

566 4205 636 4260 Et
660 4220 821 4274 opera
841 4218 1092 4259 manuum
1129 4212 1341 4257 tuarum
1360 4213 1477 4256 sunt
1515 4192 1651 4258 Ereti.
1692 4203 1854 4269 Cteli,
1884 4204 2085 4278 inquit,

495 4299 735 4355 emcacis
768 4298 1034 4369 potentiae
1058 4306 1163 4351 tua:
1194 4311 1335 4366 Opus
1370 4307 1522 4351 sunt.
1554 4296 1661 4351 Per
1689 4298 1862 4354 etelos
1895 4308 2081 4355 autem

498 4392 678 4459 ipsum
705 4390 942 4461 primum
973 4388 1173 4444 caelum
1240 4387 1477 4457 intelligo
1544 4395 1599 4442 et
1661 4391 2083 4447 tirmamentum.

496 4480 562 4536 In
594 4478 877 4547 principio,
899 4477 1049 4532 enim
1080 4475 1286 4544 inquit,
1318 4475 1442 4543 fecit
1489 4474 1630 4529 Deus
1681 4477 1865 4531 caelum
1894 4487 1943 4531 et
1977 4488 2085 4533 ter~

2193 1995 2604 2065 συντονωτέραν
2636 1994 2786 2064 οήσω
2815 1994 2914 2064 τὴν
2943 1994 3268 2065 ἐπιμέλειαν
3295 1995 3396 2065 τῆς
3429 1996 3634 2066 ψυχῆς.

2262 2176 2359 2245 Μὴ
2399 2177 2710 2248 ἀναγάγῃς
2739 2197 2816 2248 με
2849 2180 2920 2234 ἐν
2948 2180 3150 2249 ἡμίσει
3183 2180 3420 2249 ἡμερῶν
3440 2201 3580 2252 μου.
3621 2183 3777 2238 Ἀνα-

2192 2270 2380 2341 γωγὴν
2413 2269 2652 2324 ἐνταῦθα
2688 2270 2839 2342 λέγει
2889 2271 2991 2343 τὴν
3011 2271 3281 2342 ἐκδημίαν
3312 2274 3410 2342 τῆς
3439 2274 3619 2346 ψυχῆς
3645 2277 3778 2332 ἀνα-

2194 2363 2433 2432 γομένης
2457 2363 2544 2418 διὰ
2566 2362 2662 2417 τοῦ
2688 2364 2871 2435 ἀέρος,
2901 2364 2932 2434 ἢ
2968 2366 3317 2437 ἀναγομένης
3340 2367 3430 2420 διὰ
3458 2366 3554 2421 τοῦ
3589 2368 3778 2440 σώμα-

2192 2473 2304 2519 τος.
2335 2455 2548 2526 Ἥμισυ
2582 2456 2638 2510 δὲ
2701 2457 2927 2528 ἡμερῶν
2954 2458 3013 2511 τὸ
3060 2456 3269 2525 ἀτελὲς,
3296 2459 3413 2530 ἦτοι
3442 2459 3504 2515 τὸ
3532 2461 3779 2532 ἀκαρπο-

2195 2550 2435 2619 φόρητον
2466 2547 2576 2601 τῶν
2614 2549 2843 2621 ἡμερῶν
2861 2549 2973 2603 τῶν
2992 2549 3498 2623 ἀποκληρουμένων
3528 2554 3678 2626 αὑτῷ
3699 2560 3777 2622 εἰς

2159 2676 2165 2681 -
2193 2637 2608 2708 καρποφορίαν.
2638 2638 2738 2691 Διὰ
2768 2638 2929 2692 τοῦτο
2963 2641 3070 2710 γὰρ
3103 2641 3307 2712 ἡμέραι
3338 2642 3487 2713 ζωῆς
3538 2647 3780 2715 ἀποκὶη-

2195 2728 2417 2800 ροῦνται
2444 2731 2556 2792 τοῖς
2583 2730 2916 2801 ἀνθρώποις,
2949 2732 3039 2787 ἴνα
3072 2734 3518 2806 καρποφορῶσιν.
3547 2735 3778 2807 Εὔχεται

2192 2818 2286 2876 οὖν
2312 2822 2388 2893 μὴ
2418 2824 2478 2876 ὲν
2507 2826 2574 2894 τῇ
2609 2825 3064 2897 ἀκαρποφορήτῳ
3094 2827 3202 2881 τῶν
3239 2829 3465 2900 ἡμερῶν
3495 2830 3594 2900 τῆς
3626 2831 3775 2901 ζωῆς

2192 2911 2518 2967 ἀποθανεῖν·
2548 2912 2669 2968 ἀλλ’
2697 2913 2779 2967 ἔτι
2813 2916 2913 2986 ζῇν
2944 2916 3073 2987 ἄχρι
3103 2922 3523 2989 καρποφορήσει
3553 2939 3566 2953 ο
3629 2923 3663 2994 ἢ
3690 2923 3780 2983 διὰ

2193 3005 2253 3059 τὸ
2282 3006 2575 3076 εἰρημένον
2603 3006 2662 3058 ὲν
2685 3006 2764 3078 τῷ
2791 3008 2864 3061 νδ¹
2892 3007 3115 3080 ψαλμῷ,
3141 3011 3224 3065 ὄτι
3248 3012 3495 3081 Ἄνδρες
3516 3017 3780 3084 αΙμάτων

2192 3098 2294 3151 καὶ
2329 3097 2683 3169 δολιότητος
2734 3101 2806 3154 οὐ
2833 3101 2920 3170 μὴ
2974 3101 3383 3171 ἡμισεύσοισι
3418 3105 3524 3172 τὰς
3552 3108 3774 3177 ἡμέρας

2191 3192 2411 3247 αὐτῶν.
2440 3188 2515 3248 Οὗ
2547 3194 2645 3266 τὴν
2669 3194 2933 3268 ἐξήγησιν
2968 3195 3236 3268 ζητήσας,
3263 3200 3560 3269 ἀνάγνωθι.

2276 3470 2377 3525 Ἔν
2403 3469 2579 3541 γενεᾷ
2608 3471 2834 3541 γενεῶν
2867 3471 2939 3528 τὰ
2986 3472 3091 3541 ἐτη
3151 3489 3291 3528 σου.
3352 3474 3520 3529 Γενεὰ
3571 3474 3780 3543 γενεῶν

2189 3562 2251 3617 τὸ
2269 3563 2357 3617 ἀεὶ
2382 3563 2537 3634 δηλοῖ
2561 3564 2694 3636 παρ’
2728 3564 3025 3633 Ἑϐραίοις.
3056 3567 3415 3638 Παραπλέκει
3434 3567 3491 3621 δὲ
3517 3569 3583 3640 τῇ
3605 3585 3782 3640 προσι-

2191 3657 2328 3725 ευχῇ
2379 3657 2478 3710 καὶ
2521 3655 2797 3725 δόγματα.
2842 3655 2914 3709 Σὺ
2960 3656 3042 3721 δὲ,
3094 3658 3302 3729 φησὶν,
3351 3658 3524 3723 ἀΐδιος
3565 3652 3641 3725 εἴ,
3680 3658 3781 3715 καὶ

2192 3748 2433 3814 αἰώνιος,
2466 3750 2560 3802 καὶ
2590 3748 2957 3819 ὑπεραιώνιος
2987 3749 3132 3804 κατά
3155 3750 3253 3821 τὴν
3284 3751 3540 3823 Θεότητα.

2259 4048 2400 4101 Κατ’
2431 4045 2625 4116 ἀρχὰς
2651 4046 2755 4113 σὺ,
2781 4046 2978 4117 Κύριε,
3019 4047 3136 4116 τὴν
3185 4045 3306 4116 γῆν
3346 4047 3777 4117 ἐθεμελίωσας.

2192 4139 2499 4210 ’Ήδρασας,
2532 4139 2820 4210 ἐποίησας.
3142 4170 3145 4175 -

2262 4231 2373 4286 Καὶ
2398 4231 2544 4301 ἔργα
2570 4231 2691 4285 τῶν
2714 4230 2933 4301 χειρῶν
2962 4248 3080 4287 σου
3097 4231 3262 4286 εἰσιν
3291 4234 3348 4286 οἱ
3374 4232 3642 4299 οὐρανοί.
3663 4232 3779 4301 Τῆς

2188 4325 2558 4396 ὲνεργητικῆς
2602 4342 2697 4379 σου
2733 4326 3039 4396 δυνάμεως.
3090 4324 3327 4394 Οὕρανοὶ
3367 4324 3425 4377 δὲ
3461 4326 3488 4378 ὀ
3531 4325 3778 4395 πρῶτος,

2189 4418 2282 4472 καὶ
2303 4417 2366 4471 τὸ
2393 4418 2704 4487 στερέωμα.
2738 4418 2837 4471 Ἐν
2860 4416 3020 4488 ἀρχῇ
3042 4417 3172 4489 γὰρ.
3204 4418 3392 4488 φησὶν,
3417 4418 3715 4484 ἐποίησεν
3744 4421 3781 4471 ό

2192 4508 2338 4575 Θεὸς
2363 4508 2472 4564 τὸν
2505 4507 2772 4577 οὐρανόν
2807 4508 2907 4562 καὶ
2947 4508 3062 4575 τὴν
3098 4508 3235 4578 γῆν.
3279 4509 3391 4563 Καὶ⁵
3423 4504 3581 4571 αὖθις
3610 4521 3626 4538 ο
3659 4508 3774 4563 Καὶ

494 4586 613 4623 ram
647 4569 717 4635 ²⁶;
765 4577 820 4623 et
886 4577 1116 4625 rursus:
1148 4564 1214 4620 Et
1260 4568 1464 4620 vocavit
1502 4566 1643 4622 Deus
1689 4569 2080 4636 ﬁrmamentum

2196 4564 2488 4654 ἐκάλεσεν
2515 4600 2548 4653 ὁ
2574 4564 2728 4665 θεὸς
2761 4599 2830 4652 τό
2859 4564 3170 4667 στερόωμα
3201 4599 3465 4668 οὐρανόν

498 4662 683 4717 cretum
707 4661 775 4715 ³⁵.

565 4751 733 4805 Vsus.
770 4750 866 4805 27.
924 4747 1044 4819 1ρεὶ
1108 4749 1376 4816 peribunt.
1450 4747 1891 4806 lmmutabuntur
1938 4752 2085 4810 enim

492 4851 681 4913 utpote
704 4851 987 4897 creaturae.

566 4934 608 4990 Τ
615 4951 647 4989 u
675 4944 854 4989 autem
877 4948 1180 5003 permaneo.
1218 4932 1586 4990 lmnintabilis
1617 4944 1677 4991 ut
1699 4948 1934 4993 creator.

563 5032 636 5085 Et
662 5044 840 5083 omnes
883 5027 1022 5082 sicut
1069 5026 1432 5081 vestimentum
1466 5038 1807 5082 reterascent.
1856 5026 2080 5093 Omnes,

496 5123 599 5178 hoc
626 5129 731 5188 est,
779 5130 1079 5189 utrumque
1122 5120 1367 5176 malum:
1418 5120 1505 5176 vel
1537 5122 1654 5191 ipsa
1710 5129 1859 5176 terra
1915 5122 2081 5176 simul

492 5233 617 5273 cum
658 5215 837 5282 caelis,
879 5214 1106 5271 assiduo
1122 5229 1222 5269 usu
1247 5223 1302 5270 et
1329 5222 1599 5285 tempore,
1624 5215 2080 5269 vestimentorum

490 5309 669 5369 instar
733 5315 1108 5364 veterascent.
1149 5305 1267 5362 Usu
1317 5307 1463 5362 enim
1501 5314 1556 5359 et
1611 5317 1861 5376 tempore
1901 5317 2081 5362 vestes

486 5410 912 5461 consumuntur.

562 5491 838 5549 \'utts;28.
872 5488 942 5545 Et
963 5490 1096 5546 sicut
1122 5491 1452 5560 opertorium
1487 5490 1714 5545 involves
1746 5501 1920 5558 eas,ct
1955 5508 2070 5545 ntu-

562 5669 608 5702 “
635 5666 772 5725 Gen.
804 5684 842 5732 I,
886 5670 937 5722 1.
1089 5672 1134 5702 ⁸⁸
1178 5669 1320 5725 Ibid.
1367 5669 1423 5724 8.

2247 4773 2431 4829 Αὐτοὶ
2488 4770 2887 4828 ἀπολοῦνται.
2965 4770 3368 4844 Ἀλλοιούμενοι
3395 4812 3411 4836 ,
3474 4772 3549 4836 ὡς
3612 4774 3781 4844 ποιή-

2184 4882 2353 4935 ματα.
2916 4924 2921 4927 _

2251 4957 2338 5011 Σὺ
2368 4955 2692 5026 διαμένεις.
2732 4955 3142 5023 Ἀναλλοίωτος,
3167 4956 3243 5020 ὡς
3271 4956 3526 5027 ποιητής.

2260 5050 2371 5106 Καὶ
2400 5050 2627 5118 πάντες
2650 5053 2732 5118 ὡς
2767 5051 3001 5121 ἱμάτιον
3036 5049 3589 5115 παλαιωθήσονται.
3628 5052 3781 5104 Πάν-

2185 5158 2299 5207 τες,
2333 5141 2514 5196 εῖτουν
2544 5143 2870 5211 ἀμφότεροι.
2912 5144 2984 5196 Ἢ
3015 5143 3112 5196 καὶ
3143 5144 3175 5211 ἡ
3201 5143 3271 5213 γῆ
3321 5144 3440 5213 μετ’
3471 5143 3656 5198 αὐτῶν
3702 5150 3775 5215 τῇ

2186 5237 2554 5308 συνεχεστέρᾳ
2587 5241 2785 5307 χρήσει
2840 5238 2936 5291 καὶ
2962 5238 3039 5309 τῷ
3070 5239 3250 5309 χρόνῳ
3264 5238 3779 5309 παλαιωθήσονται,

2181 5321 2342 5394 δίκην
2369 5324 2589 5394 ἱματίου
2614 5324 2791 5399 ταύτῃ
2821 5328 2899 5398 (8)
2933 5328 3361 5399 παλαιουμένου.

2251 5500 2360 5559 Καὶ
2400 5502 2543 5557 ὡσεὶ
2577 5506 2966 5573 περιϐόλαιον
2997 5504 3223 5573 ἑλίξεις
3251 5506 3497 5575 αὐτοὺς,
3532 5504 3635 5561 καὶ
3655 5505 3774 5562 ἀλ·-

1812 5764 2007 5824 Varite
2040 5766 2369 5831 lectiones.

568 5856 644 5922 (8)
678 5857 945 5912 Nimirum
984 5860 1201 5929 χρήσει.
