4052 6406
337 478 482 556 tota

1515 482 1907 553 COMMENT.
1930 484 2015 549 ΙΝ
2044 484 2409 552 PSALMO‘S.

3463 488 3597 552 10Ῑὶ

404 607 527 660 Οὐκ
547 607 635 673 εις
704 605 883 674 τέλος
943 607 1393 677 ὀργισθήσεται.
1453 608 1786 670 Διάλλαπιτος
1842 605 1916 658 ὢν

2096 606 2262 662 Vens.
2299 606 2352 662 9.
2390 604 2509 660 Non
2539 606 2591 659 in
2615 606 2768 675 ﬁnem
2804 606 3092 661 irascetur.
3140 604 3279 661 Cum
3336 604 3597 661 lacillime

330 701 447 763 τοῖς
479 700 852 769 μετανοοῦσιν.

408 793 564 848 Οὐδὲ
595 795 683 860 εὶς
734 794 842 848 τὸν
868 794 1056 850 αἰῶνα
1087 787 1308 866 αηνιεῖ.
1349 795 1426 851 Τὸ
1451 796 1585 851 αὐτὸ
1623 796 1772 864 λέγει
1822 813 1917 848 σα-

336 887 404 957 φέ
412 902 501 940 στε
509 903 621 952 ρον.

410 980 494 1034 Οὐ
531 980 686 1036 κατὰ
736 980 845 1047 τὰς
891 980 1145 1052 ἀνομίας
1190 983 1365 1053 ἡμῶν
1416 983 1711 1052 ἐποίησεν
1749 981 1914 1051 ἡμῖν,

331 1070 478 1125 οὐδὲ
533 1073 687 1126 κατὰ
747 1072 856 1139 τὰς
907 1075 1199 1143 ἁμαρτίας
1242 1076 1417 1146 ήμῶν
1488 1077 1920 1134 ἁνταπέἃωκεν

334 1162 500 1232 ἡμῖν.
549 1164 638 1226 Ὠς
666 1163 991 1229 ἀνεξίκακος
1014 1170 1108 1221 καὶ
1150 1167 1443 1234 πολυέλεος
1475 1187 1491 1201 ο
1514 1167 1609 1224 τὸν
1650 1170 1817 1223 αὐτὸν
1858 1168 1918 1222 δὲ

334 1257 465 1327 περὶ
495 1255 591 1309 τοῦ
621 1257 804 1322 ἐλέους
835 1257 993 1326 λόγον
1050 1261 1349 1315 ἀνακυκλοῐ
1387 1262 1682 1332 διαφόρως,
1744 1262 1918 1319 θέλων

334 1348 600 1413 ἐπιδεῖξαι
653 1349 962 1420 ὑπερεολὴν
990 1350 1092 1421 τῆς
1138 1352 1233 1406 τοῦ
1286 1351 1422 1406 Θεοῦ
1480 1352 1941 1423 φιλανθρωπίας.’

409 1526 537 1578 Ὀτι
563 1523 714 1579 κατὰ
752 1524 820 1579 τὸ
846 1524 1138 1594 ὕψοςτοῦ
1179 1528 1444 1597 οὐρανοῦ
1486 1527 1609 1583 ἀπὸ
1641 1527 1754 1595 τῆς
1804 1527 1920 1597 γῆς

330 1618 697 1685 ἐκραταίωσε
722 1620 942 1688 Κύριος
963 1619 1031 1673 τὸ
1056 1619 1233 1687 ἕλεος
1276 1622 1467 1676 αὑτοῦ
1504 1621 1607 1675 ἐπὶ
1646 1621 1786 1689 τοὺς
1812 1639 1920 1693 φο-

331 1705 666 1775 ϐουμένους
696 1709 910 1780 ainde“.
964 1708 1132 1762 Ὅσον
1155 1709 1217 1763 τὸ
1246 1710 1524 1781 διάστημα
1555 1708 1651 1765 τοῦ
1684 1711 1919 1784 οὐρανοῦ

330 1796 443 1851 ἀπὸ
473 1799 573 1868 τῆς
610 1798 737 1868 γῆς,
776 1800 1033 1856 τοσοῦτον
1085 1801 1147 1855 τδ
1193 1801 1342 1866 ἕλεος
1398 1803 1562 1857 αὑτοῦ
1631 1803 1917 1877 ἐστήριξεν

331 1887 427 1941 ἐπὶ
480 1889 609 1953 τοὺς
675 1889 1046 1960 φοϐουμένους
1088 1892 1253 1947 αὐτὸν
1277 1933 1293 1961 ,
1347 1895 1628 1951 τουτέστιν
1679 1896 1917 1969 ἄμετρον

331 1981 428 2033 καὶ
467 1980 787 2036 ἀνείκαστον
815 1997 830 2012 ·
877 1983 977 2055 οὐχ
1032 1976 1160 2056 εὗρε
1210 1983 1272 2040 δὲ
1323 1988 1498 2059 τούτῳ
1552 1990 1739 2060 μεῖζον
1796 1992 1914 2047 διά-

334 2088 518 2143 στημα
541 2074 825 2147 αἰσθητὸν,
858 2074 947 2131 ἵνα
975 2077 1153 2149 τούτῳ
1183 2079 1322 2152 πρὸς
1373 2084 1726 2157 παράδειγμα
1781 2086 1917 2158 χρή-

332 2181 513 2237 σηται.

404 2343 680 2398 Καθόσον
723 2346 1066 2419 ἀπέχουσιν
1124 2352 1414 2410 ἀνατολαὶ
1477 2355 1599 2412 ἀπὸ
1643 2357 1914 2429 δυσμῶν,

329 2430 678 2502 ἐμὰιιρυνεν
697 2436 803 2507 ἀφ’
831 2439 1004 2510 ήμῶν
1031 2441 1140 2510 τὰς
1184 2444 1439 2515 ἀνομίας
1468 2447 1658 2517 ἡμῶν.
1714 2450 1915 2505 Φοὸου-

334 2526 515 2594 μένων
542 2529 707 2582 αὑτὸν
736 2530 1002 2602 δηλονότι.
1048 2527 1124 2589 Οὗ
1169 2536 1278 2609 γὰρ
1305 2538 1490 2609 φόϐος.
1557 2542 1789 2597 ἐντολῶν
1815 2545 1917 2616 τή-

332 2632 511 2687 ρησις.

378 2796 612 2864 «Καθὼς
640 2801 928 2871 οίκτείρει
970 2807 1169 2877 πατὴρ
1197 2811 1391 2878 υιούς,
1445 2814 1777 2885 ᾠκτείρησε
1801 2820 1918 2873 Κύ-

329 2904 458 2983 ριος
483 2890 626 2958 τοὺς
677 2897 1092 2966 φοϐουμένους
1130 2903 1339 2959 αὐτόν.
1395 2906 1669 2979 Οίκτείρει
1734 2912 1918 2983 πατὴρ

331 2979 506 3043 υἱοὺς.
554 2988 957 3058 προνοούμενος
1008 2993 1504 3065 πλημμελούντων,
1561 2979 1914 3072 ἀνεχόμενοξ,

332 3072 624 3139 νουθετῶν,
655 3081 1013 3149 παρακαλῶν,
1034 3085 1297 3154 ἀπειλῶν,
1351 3091 1752 3163 μακροθυμῶν,
1812 3112 1919 3165 μα-

334 3166 554 3236 στίζων,
585 3172 910 3244 θεραπεύων
933 3193 948 3208 ·
971 3179 1066 3234 καὶ
1099 3182 1279 3237 πάντα
1321 3185 1460 3255 πρὸς
1513 3186 1799 3245 παίδευσιν
1816 3191 1916 3246 αὑ-

333 3259 466 3326 τῶν,
505 3263 600 3318 καὶ
639 3270 919 3341 σωτηρίαν
939 3278 1490 3348 πραγματευόμενος.

405 3536 528 3592 Ὅτι
562 3542 748 3609 αὐτὸς
796 3544 951 3615 ἔγνω
1003 3546 1072 3602 τὸ
1110 3549 1363 3621 πλάσμα
1408 3552 1596 3623 ἡμῶν.
1677 3558 1916 3625 Εἰκότως

332 3631 585 3703 ἀνέχεται
639 3637 737 3690 καὶ
778 3637 1295 3711 φιλανθρωπεύεται
1336 3664 1350 3679 ο
1407 3648 1499 3701 καὶ
1556 3649 1664 3721 γὰρ
1716 3648 1824 3707 εἶδε
1855 3650 1917 3706 τὸ

333 3723 462 3777 καθ’
492 3724 642 3794 ἡμᾶς
672 3728 921 3797 πλάσμα.
952 3731 1035 3786 ὅτι
1063 3734 1312 3799 ἀσθενές.
1866 3770 1872 3775 ο

417 3816 726 3888 Ἐμνήσθη
781 3822 871 3877 ὅτι
932 3825 1084 3893 χοῦς
1138 3827 1348 3898 ἐσμεν.
1418 3831 1883 3903 Ἐτρερμηνεντικδ

334 3905 495 3962 τοῦτο
527 3910 624 3964 τοῦ
664 3915 1094 3988 προρῥηθέντος.
1131 3920 1435 3992 Ἐμνήσθη,
1467 3926 1666 3992 φησὶν,
1693 3926 1777 3981 ὅτι
1810 3929 1918 3983 ἀπὸ

336 4001 461 4071 χοὸς
491 4004 864 4078 ἑπλάσθημεν,
898 4010 1132 4066 αὐτόθεν
1157 4012 1452 4076 ἀσθενοῦς.
1491 4015 1685 4085 Ἔγνω
1739 4019 1795 4073 δὲ
1823 4023 1919 4077 καὶ

334 4092 648 4167 ἐμνήσθη,
686 4101 809 4158 ἀντὶ
857 4099 1023 4159 older
1053 4121 1067 4138 ’
1120 4105 1319 4178 ἰδίωμα
1363 4106 1421 4161 δὲ
1474 4108 1569 4162 καὶ
1624 4109 1782 4166 τοῦτο
1822 4113 1920 4184 τῆς

347 4187 631 4264 Ἔσραῑδος
664 4194 969 4252 διαλέκτου.
1750 4234 1753 4237 -

416 4462 754 4531 Ἀνθρωπος
779 4462 922 4517 ὡσεὶ
952 4463 1170 4534 χόρτος
1197 4467 1258 4519 at
1291 4462 1506 4538 ἠμέραι
1554 4468 1761 4523 αὐτοῦ.
1824 4469 1925 4522 Εὔ-

2022 698 2413 753 recoucilietur
2447 699 2863 767 paenitentibus.
3624 768 3631 774 ἱ

2094 789 2277 859 Neque
2316 791 2369 844 in
2410 791 2663 845 δίετιιίιιηι
2688 792 3037 845 succensebtt.
3066 790 3328 848 Eatudem
3372 798 3601 846 senten-

2021 885 2151 938 tiam
2185 883 2406 952 repetit,
2436 884 2529 937 sed
2565 883 2934 939 manifestius.

2008 964 2021 987 ⁹
2092 973 2261 1030 Vens.
2292 974 2380 1028 10.
2420 972 2544 1028 Non
2576 976 2863 1029 secundum
2899 980 3203 1050 iniquitates
3229 990 3442 1033 nostras
3473 978 3599 1048 fecit

2021 1068 2190 1128 nobis,
2225 1083 2390 1137 neque
2431 1066 2725 1122 secundum
2755 1080 2972 1137 peccata
3012 1080 3195 1124 nostra
3227 1071 3473 1125 retribuit
3504 1085 3600 1122 no-

2019 1159 2122 1214 bis.
2157 1156 2335 1214 Veluti
2374 1161 2588 1229 patiens
2611 1166 2667 1215 et
2693 1162 2923 1215 multum
2948 1163 3301 1231 ,miSrricors.
3336 1160 3598 1216 Eumdcm

2020 1260 2202 1306 autem
2232 1266 2544 1307 sermonem
2580 1252 2647 1306 de
2685 1252 2872 1307 divina
2919 1252 3301 1308 miseiicordia
3334 1253 3597 1320 multipli-

2022 1345 2161 1398 citer
2209 1344 2459 1407 revolvit,
2491 1344 2877 1402 demonstrare
2909 1347 3162 1417 cupiens,
3201 1345 3345 1416 quod
3381 1360 3599 1400 summa

2019 1451 2082 1492 ea
2114 1437 2168 1489 in
2200 1452 2301 1491 nos
2324 1436 2469 1492 Deus
2494 1452 2628 1491 usus
2659 1444 2764 1491 est.

2095 1523 2262 1582 Vens.
2297 1527 2376 1582 Η.
2414 1527 2680 1595 Quoniam
2714 1529 3003 1583 secundum
3054 1528 3394 1585 altitudinem
3420 1529 3535 1583 ra'li
3567 1548 3597 1582 η

2023 1628 2163 1674 terra
2194 1619 2555 1675 corroboravit
2581 1621 3005 1676 misericordiam
3037 1639 3187 1676 suam
3221 1639 3378 1692 super
3410 1624 3597 1675 timen-

2022 1721 2096 1765 tes
2127 1727 2200 1765 se.
2233 1710 2534 1777 Quantum,
2571 1713 2771 1782 inquit,
2809 1721 2897 1768 est
2950 1714 3299 1769 intervallum
3364 1729 3392 1768 a
3458 1714 3599 1768 coelo

2023 1803 2077 1857 in
2157 1812 2357 1859 terram
2394 1845 2410 1868 ,
2484 1812 2695 1860 tantam
2775 1807 3043 1862 stabilivit
3096 1806 3240 1861 Deus
3291 1806 3603 1861 miscricor-

2023 1897 2169 1953 diam
2233 1913 2400 1967 Super
2475 1900 2732 1955 timentes
2784 1914 2866 1965 se,
2925 1899 3246 1955 immensam
3323 1898 3596 1965 videlicet,

2023 1997 2227 2060 etquae
2255 1988 2555 2059 coniectari
2602 2005 2712 2045 non
2762 1991 2962 2061 possit.
3018 1989 3129 2045 liae
3164 2001 3346 2046 autem
3379 2006 3602 2057 compa-

2021 2084 2235 2139 ratione
2262 2084 2539 2154 Propheta
2576 2100 2711 2141 usus
2745 2094 2851 2149 est,
2875 2100 3000 2139 cum
3035 2084 3212 2153 majus
3264 2083 3485 2153 aliquod
3516 2083 3603 2138 in-

2021 2176 2311 2231 tervallum
2346 2192 2454 2232 non
2514 2177 2839 2243 invenisset,
2884 2193 2994 2248 quo
3044 2177 3099 2233 iu
3146 2177 3453 2249 exctnplum
3491 2186 3605 2231 utc-

2018 2277 2192 2324 retur.

2095 2361 2262 2417 Vens.
2298 2360 2388 2415 12.
2449 2360 2723 2427 Quantum
2772 2363 2936 2417 distat
2991 2372 3138 2418 ortus
3198 2364 3263 2417 ab
3314 2363 3601 2429 occidente,

2020 2453 2172 2523 longe
2205 2454 2330 2524 fecit
2358 2470 2389 2507 a
2415 2455 2565 2508 nobis
2586 2455 2894 2525 iniquitates
2930 2466 3163 2509 nostras.
3195 2456 3237 2509 A
3271 2455 3427 2510 nobis
3453 2453 3602 2517 dico,

2020 2548 2346 2617 quicunque
2392 2563 2520 2602 eum
2589 2548 2875 2617 timemus.
2929 2544 3063 2601 Nam
3110 2547 3200 2601 ubi
3260 2547 3479 2601 divinus
3536 2551 3602 2600 ti-

2022 2653 2145 2692 mor
2198 2639 2373 2703 adest,
2436 2638 2547 2694 illic
2598 2646 2686 2694 est
2742 2638 2908 2694 etiam
2967 2635 3352 2693 mandatorum
3409 2638 3602 2692 obser-

2022 2731 2193 2783 vatio.

2092 2822 2258 2879 Vens.
2302 2823 2385 2877 15.
2418 2821 2696 2887 Quomodo
2724 2824 3006 2878 miseretur
3033 2833 3185 2893 pater
3211 2822 3483 2892 ﬁliorum,
3506 2824 3604 2875 mi-

2020 2927 2195 2970 sertus
2226 2924 2302 2967 est
2339 2913 2596 2968 Dominus
2625 2915 2928 2968 timentibus
2979 2930 3052 2969 se.
3104 2914 3392 2969 Miscretur
3447 2924 3603 2985 pater

2020 3006 2283 3063 ﬁliorum.
2321 3005 2733 3061 Providentiam
2789 3007 2990 3062 etenim
3055 3016 3109 3062 et
3142 3022 3332 3062 curam
3379 3007 3598 3061 illorum

2022 3099 2209 3162 habet,
2243 3107 2296 3154 et
2318 3099 2444 3154 licet
2470 3099 2522 3154 in
2549 3098 2735 3168 aliquo
2759 3098 3104 3172 delinquant,
3135 3098 3372 3155 sustinet
3392 3107 3598 3160 tamen,

2019 3191 2302 3256 admouet,
2326 3191 2673 3257 exhortatur,
2699 3193 3088 3256 comminatur,
3128 3190 3460 3262 longanimis
3491 3201 3598 3255 est,

1941 3289 1987 3353 C
2020 3284 2297 3350 verberat,
2332 3292 2514 3349 sanat,
2543 3294 2596 3341 et
2637 3285 2824 3340 omnia
2851 3284 3089 3355 denique
3126 3284 3194 3339 ad
3228 3284 3449 3339 illorum
3476 3298 3599 3337 cru-

2019 3380 2284 3437 ditionem
2320 3387 2372 3435 et
2439 3380 2673 3435 salutem
2738 3394 2902 3452 quam
2933 3378 3356 3451 diligentissime
3409 3376 3601 3434 mode-

2018 3480 2199 3528 ratur.

2093 3563 2357 3630 Quoniam
2386 3563 2498 3631 ipse
2525 3563 2759 3633 cegnovit
2782 3563 3095 3633 ﬁgmentum
3116 3574 3373 3617 nostrum.
3409 3561 3604 3616 Merito

2023 3657 2259 3711 sustinet
2315 3670 2383 3710 ae
2416 3655 2730 3712 miseretur.
2772 3655 2933 3711 Novit
2966 3657 3109 3711 enim
3146 3659 3465 3727 tigmeutum
3508 3671 3608 3710 no-

2019 3758 2199 3805 stram
2224 3749 2406 3805 debile
2436 3763 2563 3805 esse
2602 3760 2765 3819 atque
2799 3748 3106 3805 inﬁrmum.

2095 3840 2264 3897 Vens.
2301 3841 2387 3897 M.
2420 3840 2744 3896 Recordntus
2776 3851 2875 3908 est,
2907 3843 3157 3911 quoniam
3194 3842 3365 3910 pulvis
3398 3856 3602 3895 sumus.

2025 3934 2143 3992 Hoc
2176 3935 2242 3989 ad
2274 3935 2642 4004 praecedentis
2679 3936 2816 3989 dicti
2852 3935 3369 4004 interpretationem
3406 3951 3608 3989 conse-

2025 4026 2240 4096 quitur.
2274 4024 2546 4090 Meminit,
2580 4026 2784 4095 inquit,
2818 4027 2946 4096 quia
2980 4026 3047 4080 de
3084 4032 3309 4096 pulvere
3350 4026 3601 4096 plasmati

2025 4131 2243 4184 sumus,
2280 4115 2348 4171 de
2395 4116 2640 4185 pulvere,
2677 4114 2928 4187 inquam,
2961 4115 3053 4185 qui
3088 4124 3283 4170 natura
3347 4130 3469 4180 sua,
3521 4124 3607 4171 te-

2025 4207 2297 4264 nuissima
2332 4207 2585 4278 quaedam
2635 4216 2801 4278 atque
2852 4207 3232 4262 inﬁrmissima
3269 4223 3358 4263 res
3388 4215 3490 4263 est.
3541 4209 3607 4262 Et

2026 4300 2171 4370 quod
2206 4302 2301 4366 ait,
2331 4301 2639 4356 recordatus
2667 4310 2764 4359 est:
2801 4302 2986 4372 posuit
3045 4317 3144 4371 pro
3169 4303 3333 4356 novit.
3374 4301 3607 4357 Nam-et

2029 4392 2132 4446 hoc
2158 4393 2361 4447 idioma
2392 4401 2474 4448 est
2510 4391 2789 4449 Hebraica:
2820 4393 3037 4463 llngtue.

2105 4484 2277 4539 Ilomo
2307 4488 2438 4541 sicut
2460 4485 2621 4539 herba
2646 4485 2758 4539 dies
2781 4485 2917 4556 ejus.
2953 4484 3134 4540 Facile
3166 4487 3312 4542 enim
3343 4486 3611 4541 delicium

340 4553 612 4648 μάραντοι
653 4555 752 4611 καὶ
803 4555 1158 4627 πρόσκαιροι.
1209 4555 1460 4629 Ἠμέραν
1501 4559 1559 4613 δὲ
1615 4560 1763 4630 λέγει
1825 4563 1918 4632 τὴν

2033 4579 2309 4643 homines,
2358 4589 2415 4633 et
2465 4579 2519 4631 in
2570 4578 2680 4633 hac
2708 4553 2818 4633 vita
2854 4593 2970 4633 non
3004 4576 3120 4643 diu,
3160 4578 3257 4634 sed
3293 4576 3360 4631 ad
3396 4588 3611 4648 tempus

340 4642 507 4716 ζωήν.
541 4645 613 4699 Εἰ
631 4647 689 4700 δὲ
714 4648 743 4700 ὁ
772 4647 1027 4718 Σολομῶν
1066 4649 1215 4718 λέγει
1243 4668 1257 4682 ·
1298 4650 1462 4721 Μέγα
1513 4652 1802 4723 ἄνθρωπος
1827 4658 1918 4709 καὶ

2030 4680 2244 4725 tantum
2278 4680 2626 4741 permanent.
2660 4668 2764 4726 Per
2812 4671 2932 4726 dies
2997 4679 3203 4735 autem,
3255 4669 3426 4724 vitam
3514 4686 3610 4724 seu

339 4737 523 4806 τίμιον
549 4736 728 4807 ἀνήρ·
772 4738 850 4806 μὴ
879 4737 1141 4810 θορυόῇς.
1206 4738 1358 4797 Ἐπεὶ
1400 4740 1507 4812 γὰρ
1563 4740 1761 4813 διπλῆν
1813 4742 1918 4813 ἔχει

2030 4762 2153 4815 vitae
2192 4776 2414 4816 cursum
2449 4760 2723 4831 intelligit.
2759 4761 2915 4827 Quod
2958 4761 3003 4816 si
3036 4761 3296 4815 Salomon
3331 4762 3610 4816 hominem

338 4829 442 4897 τὴν
478 4829 833 4902 κατασκευὴν
861 4830 1175 4902 ἄνθρωπος,
1232 4831 1334 4902 τὴν
1393 4833 1493 4903 μὲν
1561 4831 1629 4899 ἐξ
1673 4834 1918 4901 εὐτελοῦς

2032 4864 2294 4919 magnum
2331 4865 2455 4905 esse
2488 4850 2643 4915 dicit,
2677 4860 2731 4905 et
2759 4849 2892 4920 quid
2945 4853 3349 4916 venerandum,
3414 4868 3483 4907 ne
3512 4854 3615 4905 mi-

337 4919 610 4992 χοδς,τὴν
637 4920 696 4974 δὲ
738 4923 804 4976 ὲκ
834 4920 1230 4986 ζωοποιοῦντος
1275 4921 1673 4994 ὲμφυσήματος
1714 4939 1729 4954 °
1779 4925 1918 4990 ὲξου‹

2032 4941 2191 4995 reris.
2228 4939 2300 4994 Et
2335 4939 2543 5011 duplici
2575 4919 2791 4997 etenim
2823 4951 3089 5012 apparatu
3123 4941 3290 4996 homo
3329 4940 3614 4998 confectus

336 5011 591 5067 δενοῦται
623 5016 723 5084 μὲν
772 5014 863 5069 διὰ
890 5014 950 5068 τὸ
981 5012 1078 5067 τοῦ
1107 5011 1362 5082 σώματος
1410 5014 1700 5087 ἐπίκηρον,
1757 5035 1918 5089 μεγα-

2028 5040 2136 5096 est,
2166 5049 2231 5087 ex
2256 5033 2479 5101 pulvere
2508 5033 2771 5088 nimirum
2808 5011 2979 5105 atque
3004 5049 3071 5089 ex
3107 5033 3327 5089 vivitica
3388 5033 3479 5087 illa
3516 5033 3610 5088 Dei

337 5103 564 5158 λύνεται
592 5104 651 5158 δὲ
682 5105 772 5160 διὰ
799 5105 861 5159 τὸ
882 5105 1153 5160 ἀθάνατον
1172 5105 1275 5174 τῆς
1314 5106 1495 5177 ψυχῆς
1525 5123 1540 5138 ⁸
1576 5109 1672 5162 καὶ
1732 5110 1918 5180 ἀτιμά-

2032 5125 2341 5194 spiratione
2374 5143 2390 5180 :
2424 5125 2572 5181 unde
2606 5136 2827 5181 terrena
2878 5126 2970 5179 illa
3001 5126 3254 5195 corporis
3318 5140 3449 5191 pars
3494 5126 3617 5179 viii-

342 5196 499 5287 ςεται
541 5198 643 5268 μὲν
673 5198 763 5253 διὰ
799 5198 1132 5272 τὸὲλπίνοσον
1177 5199 1274 5252 καὶ
1332 5200 1648 5287 μοχθηρὸν3
1703 5205 1918 5272 τιμᾶται

2033 5217 2310 5285 penditur,
2352 5216 2459 5272 alia
2499 5226 2686 5272 autem
2739 5216 3050 5287 spiritualis
3099 5231 3165 5270 ac
3209 5216 3456 5271 cwlestis
3501 5232 3617 5270 ma—

345 5280 404 5333 δὲ
442 5285 529 5335 διὰ
552 5287 652 5350 τὰς
678 5287 884 5359 ἀρετὰς
939 5289 1034 5342 καὶ
1083 5288 1152 5343 τὰ
1212 5281 1653 5360 κατορθώματα’·
1698 5294 1794 5347 καὶ
1848 5296 1931 5348 ὅτι

348 5375 635 5444 φυλάττων
668 5382 768 5449 μὲν
798 5381 902 5451 (9),
927 5382 1093 5436 ebrth
1136 5385 1253 5438 ἔστι
1297 5384 1455 5450 Θεοῦ,
1491 5386 1587 5440 καὶ
1650 5385 1931 5457 βασιλείας

345 5469 593 5540 οὐρανῶν
626 5468 963 5543 κληρονόμος
1005 5468 1364 5546 παῇασαίνων
1396 5478 1475 5543 δὲ,
1526 5475 1712 5544 δοῦλος
1746 5480 1931 5551 αμαρ-

316 5562 490 5633 κξτίας,
518 5564 612 5616 καὶ
646 5560 897 5633 βασάνων
936 5566 1269 5633 ὑπεύθυνος.

2032 5306 2345 5373 gniiicatur,
2369 5318 2593 5379 propter
2623 5308 2819 5363 animm
2842 5307 3098 5362 nimirum
3124 5307 3613 5363 immortalitatem.

2033 5396 2115 5453 0h
2158 5399 2414 5470 proprias
2444 5401 2612 5473 igitur
2643 5399 3003 5471 inﬁrmitates
3058 5412 3124 5452 ac
3181 5399 3396 5453 labores
3452 5399 3615 5451 homo

2033 5489 2425 5556 inhonoratur,
2461 5492 2719 5564 idemque
2757 5492 2828 5547 ob
2860 5492 3090 5547 virtutes
3115 5499 3171 5546 et
3215 5501 3439 5546 strenua
3471 5490 3614 5544 facta

2043 5579 2280 5638 habetur
2318 5584 2371 5638 in
2405 5584 2635 5642 honore.
2668 5582 3029 5640 Ohservaudo
3070 5582 3275 5638 etenim
3334 5582 3615 5645 mandata,

562 5656 655 5758 Pei
697 5662 805 5723 est,
838 5670 891 5712 et
927 5659 1101 5758 meres
1135 5662 1289 5732 regni
1334 5662 1648 5733 caelorum;
1696 5682 1817 5735 quae
1862 5666 1905 5722 si
1947 5674 2409 5745 transgrediatur,
2454 5685 2509 5735 ct
2537 5692 2731 5735 servus
2766 5678 2954 5734 statim
2982 5675 3213 5732 edicitur
3266 5676 3503 5747 peccati,
3559 5683 3614 5729 ct

350 5750 738 5814 suppiiqiut'ttttt
774 5767 921 5808 reus.

1680 5850 1879 5912 Variae
1911 5851 2238 5917 lectiones.

422 5941 501 6010 (9)
531 5940 859 6013 Supplbqrdt;
888 5947 1131 6011 heroici;

795 6045 1007 6241 \
