4052 6438
357 483 495 559 1017

355 603 586 674 ποιητοῦ
644 619 660 636 ⁶

353 698 468 751 τῶν
500 696 558 751 δὲ
582 693 799 748 ἀσεϐῶν
827 690 1096 747 ἀκόντων.

424 877 535 933 Kal
570 874 876 945 εὐλογεῖτε
913 873 1022 928 τὸν
1065 872 1304 941 Κύριον,
1336 869 1560 936 πάντες
1608 872 1662 924 οι
1686 870 1929 939 ἄγγελοι

355 968 572 1025 αὐτοῦ.
616 967 704 1020 Ἐν
733 964 952 1037 οὐρανῷ
1002 963 1198 1036 θρόνου
1256 961 1656 1034 μνημονεύσας,
1715 961 1942 1024 εἰκότως

355 1063 452 1115 καὶ
470 1060 581 1113 τῶν
600 1055 1044 1128 περιισταμένων
1066 1054 1315 1123 ἀγγέλων
1331 1053 1709 1123 ἐμνημόνευσε
1725 1066 1740 1081 ⁸
1763 1050 1946 1103 κάκεί-

353 1172 478 1217 νους
506 1154 583 1216 ὡς
603 1149 932 1218 ὁμοδούλους
1003 1147 1252 1216 εὐλογεῖν
1284 1145 1376 1198 τὸν
1407 1144 1626 1198 πάντων
1659 1142 1942 1212 Δεσπότην

362 1244 836 1315 προτρεπόμενος,
881 1240 1176 1312 χαίροντας
1208 1238 1291 1293 ὅτι
1313 1235 1544 1292 τοιαῦτα
1571 1237 1694 1299 τοὺς
1723 1233 1939 1306 ἀνθρώ-

356 1354 491 1399 πους
513 1335 819 1406 εὐεργετεῖ.

427 1427 677 1483 Δυνατοί
717 1425 908 1496 ίσχύτ.
938 1421 1252 1487 Εὐσθενεῖς.
1288 1422 1542 1491 Ἀγήρως
1570 1421 1736 1490 γὰρὴ
1770 1419 1940 1473 δύναο

357 1536 449 1587 μις
503 1517 684 1572 αὐτῶν
755 1517 852 1571 καὶ
894 1514 1230 1586 ἀνώλεθρος,
1259 1513 1384 1567 ἐπεὶ
1431 1511 1528 1566 καὶ
1557 1511 1826 1581 δυνάμεις
1848 1510 1942 1563 λέ-

353 1618 544 1678 γονται
586 1609 738 1680 παρὰ
794 1607 854 1660 τὸ
902 1606 1166 1661 δύνασθαι
1217 1604 1462 1676 πληροῦν
1531 1603 1602 1658 τὰ
1645 1602 1939 1658 ἐπιταττό-

361 1719 519 1773 μενα.

422 1882 746 1949 Ποιοῦντες
782 1883 891 1936 τὸν
922 1883 1114 1950 λόγον
1149 1878 1356 1943 αὐτοῦ,
1393 1878 1499 1934 τοῦ
1524 1879 1784 1934 ἀκοῦσαι
1831 1879 1940 1948 τῆς

351 1973 560 2043 φωνῆς
599 1974 718 2028 τῶν
747 1975 948 2045 λόγων
974 1973 1184 2029 αὑτοῦ.
1221 1971 1567 2043 Πληροῦντες
1598 1973 1661 2025 τὸ
1697 1973 1938 2044 πρόστα-

352 2083 472 2134 γμα
503 2067 696 2131 αὐτοῦ,
731 2065 848 2137 ἅμα
885 2065 964 2136 τῷ
990 2065 1227 2119 ἀκοῦσαι
1266 2065 1368 2134 τῆς
1393 2064 1579 2134 φωνῆς
1614 2064 1724 2118 τῶν
1765 2065 1942 2134 λόγων

354 2158 544 2223 αὑτοῦ,
573 2159 674 2228 τῆς
697 2160 970 2226 ἁκουστῆς
993 2160 1198 2222 αὐτοῖς.

415 2253 458 2302 Ε
466 2251 734 2322 ὺλογεῒτε
751 2251 858 2306 τὸν
881 2249 929 2304 Κ
935 2249 1321 2321 ύριον-,πᾶσαι
1343 2247 1409 2304 al
1422 2248 1709 2318 δυνάμεις
1729 2251 1938 2306 αὐτοῦ.

354 2342 542 2395 Εἰπὼν
568 2344 696 2406 τοὺς
736 2343 1030 2412 ἀγγέλους,
1088 2343 1239 2412 λέγει
1275 2342 1498 2404 καὶτὰς
1546 2343 1712 2407 ἄλλας
1758 2346 1941 2414 τάξεις

352 2433 462 2484 τῶν
499 2434 816 2503 ἀσωμάτων
850 2434 1161 2505 δυνάμεων.

426 2527 772 2596 Λειτουργοί
844 2528 1033 2583 αὐτοῦ
1093 2533 1148 2584 οἱ
1191 2534 1510 2600 ποιοῦντες
1595 2536 1660 2588 τὸ
1713 2536 1944 2604 θέλημα

352 2616 562 2671 αὐτοῦ.
586 2619 650 2670 Οί
679 2621 736 2672 ἐν
758 2619 1041 2692 διαφόροις
1061 2622 1258 2688 τάξεσι
1284 2625 1736 2696 λειτουργοῦντες
1769 2627 1939 2697 αὐτῷ,

355 2711 500 2779 ἤτοι,
541 2711 828 2777 ποιοῦντες
881 2714 942 2766 τὸ
977 2713 1194 2785 θέλημα
1234 2716 1438 2772 αὐτοῦ’
1473 2715 1592 2773 εἶτα
1639 2721 1944 2791 προτρέπει

355 2819 446 2855 ται
473 2802 660 2866 ἁπλῶς
690 2805 870 2858 πᾶσαν
898 2805 1097 2860 κτίσιν.

429 2985 748 3056 Eulog-site
786 2986 894 3040 τὸν
943 2989 1190 3058 Κύριον,
1213 2989 1410 3044 πάντα
1450 2992 1521 3046 τὰ
1555 2994 1699 3062 ἔργα
1733 2995 1943 3049 αὐτοῦ.

357 3079 466 3132 Καὶ
523 3080 641 3144 πῶς
701 3078 987 3152 εὐλογοῦσι
1040 3086 1108 3137 τὰ
1142 3083 1314 3152 ἄλογα
1339 3086 1432 3137 καὶ
1486 3087 1554 3138 τὰ
1613 3086 1828 3156 ἄψυχα
1863 3083 1941 3140 1’ll

359 3173 578 3237 πάντως
628 3175 754 3228 ἀντὶ
805 3178 994 3244 φωνῆς
1040 3177 1302 3247 χρώμενα
1343 3181 1408 3248 τῇ
1448 3178 1592 3247 ὄξει,
1619 3179 1695 3248 τῷ
1733 3180 1941 3243 κάλλει,

1529 477 1918 550 COMMENT.
1963 475 2041 544 IN
2088 483 2453 545 PSALMOS.

720 599 862 656 ἀλλὰ
937 599 1047 655 τῶν
1103 599 1343 654 εὐσεϐῶν
1406 599 1643 653 ἑκόντων
1701 598 1905 670 μᾶλλον
1929 612 1943 627 ο

2050 595 2324 651 creatoris
2360 608 2588 666 regnum
2619 610 2634 658 ;
2668 605 2861 647 verum
2893 589 3173 656 ﬁdelibus,
3209 603 3320 645 non
3349 598 3406 644 ut
3441 589 3630 647 invitis

3492 477 3632 543 1018

2047 688 2450 752 dominabitur,
2479 687 2577 742 sed
2614 694 2674 741 ut
2723 694 2920 756 sponte
2967 684 3265 756 subjectis;
3316 683 3631 740 infidelibus

2045 795 2200 844 vero,
2232 768 2398 835 etiam
2431 778 2637 834 invitis.

2119 870 2288 928 Vens.
2321 871 2412 926 9.0.
2453 871 2751 926 Beuedicite
2775 871 3030 936 Domino,
3074 886 3252 926 omnes
3291 871 3466 942 angeli
3490 871 3628 939 ejus.

2045 962 2183 1018 Cum
2211 961 2400 1017 throni
2436 963 2684 1020 ccelestis
2725 962 3067 1028 meminerit,
3097 970 3505 1032 consequenter
3534 976 3629 1017 as-

2046 1055 2359 1112 sistentium
2377 1057 2541 1110 etiam
2567 1056 2768 1110 throno
2789 1055 3110 1125 angelorum
3135 1056 3458 1111 memoriam
3477 1055 3632 1118 facit,

2045 1148 2348 1202 exhortans
2379 1147 2506 1204 illos
2531 1148 2698 1204 veluti
2745 1163 3078 1212 conservos,
3114 1157 3172 1202 ut
3197 1149 3478 1202 communi
3522 1145 3630 1200 Do-

2048 1240 2199 1294 mino
2237 1240 2592 1305 benedicant,
2649 1249 2819 1312 atque
2851 1249 2910 1296 ut
2955 1240 3234 1306 laetentur,
3291 1240 3443 1310 quod
3476 1249 3629 1294 tanta

2045 1333 2370 1390 hominibus
2402 1335 2702 1391 contulerit
2742 1335 3034 1392 beneﬁcia.

2117 1423 2372 1480 Potentes
2401 1427 2628 1480 uiribus.
2676 1425 2792 1480 Hoc
2849 1434 2936 1481 est
2999 1424 3238 1480 robusti.
3298 1425 3630 1496 Angelorum

2045 1517 2195 1573 enim
2233 1519 2412 1574 virtus
2447 1527 2558 1572 n0n
2585 1517 2851 1581 senescit,
2887 1517 2986 1574 sed
3024 1517 3359 1572 immortalis
3391 1528 3498 1583 est,
3534 1528 3631 1570 at-
3712 1558 3716 1562 .

2044 1623 2154 1682 que
2194 1611 2320 1666 ideo
2349 1610 2596 1667 Virtutes
2631 1620 2687 1666 et
2715 1610 3028 1666 Potestates
3086 1612 3462 1682 appellantur,
3498 1611 3628 1681 quia

2047 1715 2302 1774 potentes
2326 1704 2591 1759 nimirum
2620 1711 2750 1760 sunt
2776 1713 2838 1759 ut
2871 1704 3302 1774 perliciantqua:
3329 1703 3434 1757 sibi
3465 1718 3494 1756 a
3524 1703 3633 1757 Deo

2047 1797 2435 1869 iniunguntur.

2123 1889 2400 1945 Facienles
2429 1891 2642 1946 verbum
2667 1891 2804 1960 ejus.
2831 1888 3097 1944 audiendo
3123 1905 3298 1943 uocem
3330 1899 3634 1942 sermonum

2047 1975 2184 2044 ejus.
2224 1976 2328 2042 Qui
2362 1978 2553 2034 divina
2588 1977 2830 2045 impletis
2866 1979 3151 2043 mandata,
3190 1977 3356 2031 simul
3385 1992 3448 2029 ac
3471 1977 3634 2029 audi-

2044 2069 2239 2123 veritis
2273 2085 2462 2124 vocem
2495 2085 2812 2124 sermonum
2835 2069 2973 2138 ejus,
3011 2085 3133 2139 qu:e
3161 2068 3230 2122 ab
3261 2068 3374 2122 illis
3419 2067 3633 2122 scilicet

2045 2161 2222 2215 audiri
2254 2173 2454 2231 potest.

2117 2250 2378 2308 Vnnsﬁl.
2415 2253 2729 2309 Benedicite
2761 2254 3011 2319 Domino,
3047 2269 3227 2306 omnes
3258 2253 3474 2306 virtutes
3497 2251 3632 2319 ejus.

2045 2343 2180 2398 Cum
2211 2349 2277 2400 de
2301 2346 2511 2414 angelis
2541 2346 2704 2412 dixit,
2734 2363 2882 2400 nunc
2908 2347 2976 2402 dc
3004 2346 3127 2399 aliis
3150 2344 3446 2399 ordinibus
3472 2343 3631 2406 dicit,

2047 2433 2113 2488 de
2145 2435 2489 2503 incmporeis
2515 2436 2776 2490 nimirum
2810 2436 3132 2490 virtutibus.

2117 2528 2350 2582 Ministri
2398 2529 2537 2598 ejus,
2564 2533 2653 2600 qui
2684 2531 2864 2601 facitis
2894 2527 3221 2584 veluntatem
3256 2528 3393 2596 ejus.
3435 2525 3538 2592 Qui
3577 2526 3631 2580 in

2049 2621 2216 2674 variis
2239 2622 2528 2675 ordinibus
2549 2623 2598 2677 ei
2631 2623 2969 2687 inserviunt,
2992 2621 3198 2692 quique
3218 2621 3340 2690 ejus
3371 2621 3630 2672 volunta-

2049 2721 2158 2766 tem
2225 2711 2540 2780 perﬁciunt.
2610 2713 2820 2768 Deinde
2879 2715 2934 2768 in
3029 2715 3342 2766 universum
3417 2723 3637 2764 onmem

2048 2807 2374 2859 exhortatur
2428 2818 2745 2862 creaturam
2797 2807 2863 2861 ad
2896 2807 2990 2861 Dei
3045 2803 3515 2868 benedictionem,
3548 2802 3635 2855 di-

2047 2912 2180 2952 CCIIS
2218 2915 2232 2952 ἶ
2473 2947 2494 2958 _.

2121 2991 2282 3047 Vens.
2320 2991 2412 3046 22.
2441 2991 2762 3056 Benedicite:
2789 2992 3038 3054 Domino,
3089 2992 3270 3046 omnia
3303 3005 3464 3059 opera
3499 2987 3634 3056 ejus.

2051 3073 2254 3136 Verum
2294 3098 2534 3151 quonam
2585 3093 2747 3152 pacto
2785 3082 2896 3137 Deo
2948 3083 3296 3148 hcnedicpnt,
3337 3096 3456 3149 qua:
3500 3080 3637 3134 irra-

2052 3174 2335 3229 tionabilia
2371 3185 2523 3240 sunt,
2561 3184 2657 3228 aut
2689 3175 3035 3229 iuanimata?
3066 3174 3205 3228 Dum
3245 3175 3506 3228 nimirum
3539 3187 3638 3240 pro

357 3264 435 3332 τῷ
471 3263 718 3334 μεγέθει,
748 3269 818 3336 τῇ
859 3266 1032 3331 Θέσει,
1079 3269 1148 3337 τῇ
1181 3269 1363 3338 χρείᾳ,
1413 3268 1511 3322 καὶ
1538 3270 1648 3330 τοῖς
1680 3270 1944 3332 τοιούτοις

2053 3280 2205 3330 voce,
2236 3277 2465 3334 aspectu
2529 3276 2778 3331 utuntur,
2820 3266 3262 3336 pulchritudine,
3317 3267 3452 3330 situ,
3491 3265 3638 3319 utili-

359 3356 722 3423 ἐμφαντικοῖς
775 3358 873 3427 τῆς
919 3357 1016 3412 τοῦ
1068 3358 1205 3412 Θεοῦ
1256 3359 1546 3429 δυνάμεως
1589 3359 1939 3431 Θαυμασίοις.

370 3440 591 3514 Ὑφ’ὧν
620 3449 668 3500 οί
699 3449 915 3517 λογικοὶ
969 3451 1253 3502 κινοῦνται
1310 3451 1446 3520 πρὸς
1499 3452 1782 3521 εὐφημίαν
1847 3454 1941 3506 τοῦ

358 3541 680 3602 κτίσαντος.
715 3542 956 3596 Είώοασι
990 3543 1045 3596 δὲ
1081 3544 1176 3596 καὶ
1209 3543 1386 3606 ἄλλως
1424 3545 1474 3596 οἱ
1507 3547 1787 3616 προφῆται
1849 3548 1943 3600 καὶ

353 3633 454 3704 τὴν
487 3634 687 3703 ἄλογον
724 3637 821 3689 καὶ
879 3636 1088 3706 ἄψυχον
1125 3637 1292 3705 φύσιν
1335 3638 1600 3701 πολλάκις
1645 3640 1942 3710 παραλαμ-

356 3729 544 3782 ϐάνειν
571 3732 651 3792 εἰς
674 3729 952 3798 εὐφημίαν
981 3729 1076 3782 τοῦ
1102 3730 1239 3782 Θεοῦ
1269 3745 1282 3759 ·
1312 3731 1488 3800 τούτῳ
1522 3731 1620 3801 μὲν
1643 3732 1943 3802 ἐμφαίνον-

354 3841 468 3887 τες,
523 3825 597 3888 ὡς
642 3825 742 3878 οὐκ
804 3828 967 3894 ἀρκεῖ
1015 3829 1154 3896 πρὸς
1208 3828 1487 3898 εὐφημίαν
1535 3828 1798 3900 ήλογικὴ
1832 3831 1945 3883 κτί-

358 3932 482 3980 σις,
571 3916 747 3987 τούτῳ
808 3917 864 3969 δὲ
937 3921 1032 3970 καὶ
1091 3919 1216 3981 τοὺς
1295 3920 1546 3986 λογικοὺς
1605 3922 1699 3972 ἐπὶ
1779 3921 1944 3974 πλέον

354 4011 742 4082 διεγείροντες.
808 4014 868 4066 Εἰ
927 4012 1038 4082 γὰρ
1081 4012 1382 4066 καλοῦνται
1442 4013 1579 4081 πρὸς
1636 4009 1787 4066 αἶνον
1846 4015 1940 4065 τοῦ

357 4107 720 4174 πεποιηκότος
755 4107 822 4158 τὰ
857 4106 1050 4174 ἄλογα,
1088 4103 1271 4174 πολλῷ
1308 4104 1512 4175 μᾶλλον
1544 4108 1590 4159 οί
1632 4105 1868 4173 λογικοί.

442 4371 545 4424 Ἐν
565 4373 744 4425 παντὶ
767 4373 929 4439 τόπῳ
945 4369 1054 4441 τῆς
1070 4371 1426 4439 δεσποτείας
1464 4375 1608 4426 αὐτο
1620 4373 1651 4426 ῦ
1685 4374 1944 4442 εὐλόγει,

362 4463 400 4529 ἡ
462 4462 632 4530 ψυχή
677 4481 820 4528 μου,
859 4465 965 4516 τὸν·
986 4466 1228 4532 Κύριον.
1264 4467 1374 4518 Καὶ
1426 4467 1578 4528 ποῖος
1634 4466 1800 4529 τόπος
1847 4467 1946 4519 οὐκ

357 4554 478 4608 ἐστι
530 4559 631 4626 τῆς
673 4557 996 4619 δεσποτείας
1044 4557 1252 4620 αὐτοῦ;
1306 4558 1509 4610 Λοιπὸν
1541 4558 1636 4610 οὖν
1692 4557 1823 4611 ἔνθα
1878 4559 1946 4612 ἂν

358 4648 618 4718 τύχωμεν
649 4649 822 4713 ὄντες,
856 4649 1192 4712 etiamm;
1226 4649 1546 4718 εὐλογῶμεν
1585 4651 1674 4702 τὸν
1715 4650 1941 4720 Κύριον.

358 4739 424 4789 Ί“ί
445 4739 489 4789 δ’
541 4738 609 4790 ἂν
663 4741 870 4791 εἴποιεν
909 4741 957 4792 oi
1003 4741 1077 4808 μὴ
1104 4741 1398 4807 δυνάμενοι
1449 4740 1596 4812 ᾅδειν
1647 4741 1744 4810 τὴν
1803 4741 1946 4812 ᾠδὴν

362 4831 571 4900 Κυρίου
602 4832 694 4884 ἐπὶ
730 4831 834 4899 γῆς
869 4833 1187 4902 ἀλλοτρίας,
1241 4833 1510 4899 Ἰουδαῖοι,
1547 4833 1944 4901 προδηλοῦντος

356 4923 453 4976 τοῦ
485 4923 651 4995 ῥητοῦ
680 4927 780 4994 τὴν
807 4926 913 4978 τῶν
942 4925 1502 4997 ὲονῶνεύαγγελικὴν
1533 4926 1799 4997 λατρείαν
1849 4927 1948 4979 καὶ

360 5017 528 5088 αὐτὴν
556 5019 653 5090 τῆς
678 5020 914 5089 νομικῆς
948 5016 1354 5089 προτιμῶντος;

363 5198 611 5268 Ψαλμὸς
632 5199 712 5263 τῷ
743 5198 921 5253 Δαόὶδ
947 5199 1044 5253 ἐπὶ
1077 5199 1189 5265 τῆς
1216 5199 1324 5253 τοῦ
1354 5199 1592 5267 κόσμου
1627 5198 1945 5269 γενέσεως.

928 5291 1227 5344 ΨΑΛΜΟΣ
1260 5292 1382 5346 PI".

439 5373 536 5426 Διά
575 5385 668 5446 μὶν
698 5383 793 5436 τοῦ
829 5384 1202 5454 προλαϐόντος
1231 5384 1450 5454 ψαλμοῦ
1479 5383 1693 5450 εὐλογεῖ
1710 5384 1802 5436 τὸν
1831 5381 1944 5436 Κύ-

369 5481 504 5533 ριον,
574 5466 914 5536 εὐχαριςτῶν
977 5476 1108 5544 περὶ
1162 5475 1273 5528 τῶν
1307 5477 1388 5538 εἰς
1439 5475 1591 5544 ἡμᾶς
1638 5473 1944 5541 γινομένων

364 5555 699 5626 εὐεργεπιῶν
719 5575 732 5586 '
751 5557 838 5610 διὰ
860 5561 917 5613 δὲ
934 5567 1028 5618 τοῦ
1047 5567 1314 5636 παρόντος
1335 5566 1548 5634 εὐλόγει
1571 5564 1735 5618 πάλιν
1756 5563 1940 5622 αὐτὸν,

369 5649 810 5720 ὑπερθαυμὰζων
853 5653 1088 5720 μάλιστα
1161 5659 1260 5729 τὴν
1300 5659 1392 5711 ὐπ’
1434 5658 1600 5711 αὐτοῦ
1646 5659 1943 5728 γινομένην

368 5755 568 5794 κτιοιν.

2050 3365 2182 3422 tate,
2227 3370 2392 3427 atque
2428 3358 2553 3414 aliis
2611 3358 2956 3426 bujusmodi.
2994 3355 3127 3424 Quae
3173 3357 3358 3412 omnia
3391 3355 3636 3410 admira-

2049 3448 2181 3503 bilia
2219 3457 2373 3514 sunt,
2423 3451 2865 3521 sapientiamque
2914 3467 2977 3504 ac
3010 3453 3316 3523 potentiam
3354 3450 3446 3503 Dei
3486 3449 3636 3502 imii-

2048 3549 2197 3600 cant.
2232 3541 2315 3596 Ab
2359 3541 2429 3596 iis
2468 3543 2617 3597 enim
2651 3544 2956 3600 rationales
2983 3553 3250 3600 creaturae.
3277 3544 3331 3597 in
3357 3541 3633 3596 Creatoris

2049 3631 2266 3686 Iaudem
2323 3647 2639 3690 moventur.
2687 3636 2876 3690 Solent
2921 3638 3084 3690 etiam
3135 3636 3417 3705 prophetae
3463 3650 3638 3702 saepe-

2049 3741 2308 3790 numero,
2348 3727 2416 3780 ad
2487 3728 2707 3782 divinas
2764 3729 2954 3783 Iaudes
2995 3728 3397 3790 cuneineudas,
3457 3725 3632 3794 ipsam

2048 3817 2216 3872 etiam
2248 3819 2650 3886 irrationalcm,
2676 3829 2840 3890 atque
2864 3822 3222 3875 inanimatam
3254 3830 3508 3874 naturam
3537 3819 3605 3870 ad
3625 3847 3636 3855 -

2051 3926 2268 3976 vocare,
2303 3912 2567 3967 denotare
2597 3915 2842 3968 volentes
2878 3917 3024 3982 quml
3066 3914 3350 3966 rationalis
3377 3923 3632 3966 creatura

2049 4003 2113 4054 ad
2147 4003 2414 4057 dicendas
2461 4003 2776 4073 hujusmodi
2809 4006 2999 4060 Iaudes
3044 4021 3149 4056 non
3187 4005 3387 4058 suilieil
3429 4020 3443 4056 :
3485 4001 3634 4070 quod

2049 4095 2230 4164 siipsa
2249 4096 2544 4167 etiam(l0)
2571 4098 2909 4150 irrationalia
2941 4096 3239 4150 addivinus
3277 4094 3638 4150 Iaudcsexcio

2051 4197 2256 4254 tantur,
2326 4198 2535 4257 quanto
2589 4190 2760 4258 magis
2816 4205 2844 4242 a
2884 4189 3308 4242 rationabililms
3361 4187 3634 4241 creaturis

2051 4276 2194 4331 Deus
2233 4277 2541 4332 laudandus
2578 4278 2712 4332 est?

2124 4371 2189 4426 In
2226 4373 2367 4425 omni
2411 4370 2526 4426 loco
2576 4371 2960 4425 dominationis
3010 4372 3148 4440 ejus,
3188 4370 3422 4434 benedic,
3453 4368 3638 4422 anima

2052 4483 2191 4529 mea,
2228 4463 2474 4518 Domino.
2511 4462 2710 4518 Verum
2755 4467 3010 4534 quisnam
3055 4465 3209 4518 lucus
3237 4475 3364 4526 'cst,
3393 4464 3485 4530 qui
3528 4479 3640 4514 non

2053 4559 2122 4611 sit
2148 4557 2250 4612 sub
2281 4558 2526 4612 dominio
2559 4556 2698 4613 Dei?
2731 4557 2892 4612 Certe
2929 4557 3134 4621 nullus,
3173 4564 3344 4610 restat
3375 4556 3544 4624 igitur
3576 4563 3642 4606 ut

2053 4651 2380 4713 ubicunque
2441 4653 2688 4705 locorum
2763 4650 3074 4712 fuerimus,
3138 4647 3252 4701 illic
3317 4645 3643 4700 indistincte

2051 4741 2218 4797 Deum
2247 4744 2554 4796 laudemus.
2583 4741 2687 4796 Sed
2717 4743 2847 4810 quid
2883 4741 2950 4795 ad
2985 4743 3099 4795 haec
3127 4741 3317 4793 dicent
3340 4737 3511 4793 Judaei
3545 4740 3639 4806 qui

2050 4843 2275 4888 cantare
2307 4845 2589 4904 nequeunt
2617 4839 2898 4889 canticum
2926 4835 3138 4887 [leniini
3178 4834 3230 4885 in
3265 4842 3407 4885 terra
3437 4832 3639 4892 aliena,

2051 4941 2176 4978 cum
2209 4925 2482 4995 Propheta
2515 4928 2892 4996 evangelicum
2926 4928 3134 4980 cultum
3185 4940 3250 4980 ac
3314 4923 3640 4991 religionem

2047 5017 2406 5073 introducere
2435 5020 2727 5074 manifeste
2752 5020 3030 5084 videatur,
3068 5034 3308 5087 eumque
3335 5017 3437 5086 ipsi
3471 5017 3637 5068 etiam

2045 5107 2150 5176 legi
2193 5107 2450 5174 praeferre
2479 5104 2500 5160 1

2158 5200 2410 5254 Paulinus
2440 5202 2540 5268 ipsi
2579 5199 2752 5254 David
2784 5217 2879 5266 pro
2916 5200 3101 5252 mundi
3131 5199 3528 5253 constitutione.

2579 5291 2901 5347 I’SALMUS
2937 5291 3069 5344 CIII.

2125 5386 2183 5440 In
2239 5388 2516 5454 superiori
2574 5388 2786 5455 psalmo
2829 5385 3107 5438 benedixit
3163 5383 3294 5444 Deo,
3352 5383 3557 5452 gratias
3588 5379 3638 5435 ei

2050 5493 2240 5547 agens,
2283 5495 2384 5548 pro
2416 5479 2700 5534 beneficiis
2761 5481 2812 5532 in
2855 5492 2955 5530 nos
2985 5477 3224 5537 collatis;
3272 5477 3326 5528 in
3385 5474 3639 5543 przesenti

2054 5585 2249 5625 rursus
2305 5572 2351 5624 ei
2392 5571 2688 5632 bum-dicit,
2746 5577 2799 5622 et
2848 5578 3159 5623 creaturam
3216 5582 3433 5621 omnem
3470 5567 3540 5620 ab
3573 5579 3641 5620 eo

2053 5664 2332 5716 comlitam
2372 5663 2701 5716 admiratur.

629 5905 652 5926 κ
1713 5859 1914 5920 Varia)
1945 5856 2276 5924 lectiones.

440 5953 553 6032 ('0)
586 5953 908 6037 EXEIFtLSsItIS
954 5977 966 6012 :
1011 5959 1142 6012 Tum
1174 5962 1505 6028 ilertotaittes,
1529 5973 1657 6027 clc.,
1686 5972 1793 6015 tum
1827 5973 1988 6018 etiam
2014 5967 2298 6021 rationales
2336 5969 2403 6020 ad
2427 5967 2560 6021 [tunc
2600 5985 2704 6022 rem
2741 5969 2905 6036 magis
2933 5966 3200 6037 magisque
3228 5963 3540 6021 excitantes.
3568 5963 3629 6018 Si

359 6024 499 6074 enim
536 6017 865 6094 ἐριαιίῖἶιυε.
895 6039 999 6088 εις.
