  <div class='ocr_page' id='page_1' title='image "/cluster/home/n/w/nwhite01/storage/ocr_20150623/128:no.1/coo.31924054870336/517.png"; bbox 0 0 4052 6454; ppageno 0'>
   <div class='ocr_carea' id='block_1_1' title="bbox 439 493 581 562">
    <p class='ocr_par' dir='ltr' id='par_1_1' title="bbox 439 493 581 562">
     <span class='ocr_line' id='line_1_1' title="bbox 439 493 581 562; baseline 0.007 -1"><span class='ocrx_word' id='word_1_1' title='bbox 439 493 581 562; x_wconf 75' lang='lat'><strong>1019</strong></span> 
     </span>
    </p>
   </div>
   <div class='ocr_carea' id='block_1_2' title="bbox 1634 489 2419 556">
    <p class='ocr_par' dir='ltr' id='par_1_2' title="bbox 1634 489 2419 556">
     <span class='ocr_line' id='line_1_2' title="bbox 1634 489 2419 556; baseline -0.005 0"><span class='ocrx_word' id='word_1_2' title='bbox 1634 489 2022 556; x_wconf 82' lang='lat' dir='ltr'><strong>EUTHYMII</strong></span> <span class='ocrx_word' id='word_1_3' title='bbox 2055 489 2419 554; x_wconf 65' lang='lat' dir='ltr'><strong>ZIGABENI</strong></span> 
     </span>
    </p>
   </div>
   <div class='ocr_carea' id='block_1_3' title="bbox 3566 495 3704 558">
    <p class='ocr_par' dir='ltr' id='par_1_3' title="bbox 3566 495 3704 558">
     <span class='ocr_line' id='line_1_3' title="bbox 3566 495 3704 558; baseline -0.014 0"><span class='ocrx_word' id='word_1_4' title='bbox 3566 495 3704 558; x_wconf 69' lang='lat'><strong>1020</strong></span> 
     </span>
    </p>
   </div>
   <div class='ocr_carea' id='block_1_4' title="bbox 504 603 2038 681">
    <p class='ocr_par' dir='ltr' id='par_1_4' title="bbox 504 603 2014 676">
     <span class='ocr_line' id='line_1_4' title="bbox 504 603 2014 676; baseline 0.001 -11"><span class='ocrx_word' id='word_1_5' title='bbox 504 608 678 665; x_wconf 74' lang='lat' dir='ltr'><strong>Vens.</strong></span> <span class='ocrx_word' id='word_1_6' title='bbox 729 611 780 663; x_wconf 74' lang='lat' dir='ltr'><strong>i.</strong></span> <span class='ocrx_word' id='word_1_7' title='bbox 824 603 1075 676; x_wconf 78' lang='lat' dir='ltr'><strong>Benedic,</strong></span> <span class='ocrx_word' id='word_1_8' title='bbox 1105 609 1284 663; x_wconf 85' lang='lat' dir='ltr'><strong>anima</strong></span> <span class='ocrx_word' id='word_1_9' title='bbox 1317 609 1730 674; x_wconf 79' lang='lat' dir='ltr'><strong>m&#39;ea,Domino.</strong></span> <span class='ocrx_word' id='word_1_10' title='bbox 1791 611 2014 666; x_wconf 85' lang='lat' dir='ltr'><strong>Domine</strong></span> 
     </span>
    </p>
   </div>
   <div class='ocr_carea' id='block_1_5' title="bbox 2145 603 3707 681">
    <p class='ocr_par' dir='ltr' id='par_1_5' title="bbox 2194 612 3707 681">
     <span class='ocr_line' id='line_1_5' title="bbox 2194 612 3707 681; baseline 0.002 -16"><span class='ocrx_word' id='word_1_11' title='bbox 2194 612 2466 678; x_wconf 67' lang='grc' dir='ltr'>Εὺλόγει,</span> <span class='ocrx_word' id='word_1_12' title='bbox 2531 613 2568 679; x_wconf 74' lang='grc' dir='ltr'>ἡ</span> <span class='ocrx_word' id='word_1_13' title='bbox 2624 615 2794 680; x_wconf 70' lang='grc' dir='ltr'><strong>ψυχὴ</strong></span> <span class='ocrx_word' id='word_1_14' title='bbox 2827 633 2967 681; x_wconf 72' lang='grc' dir='ltr'>μου,</span> <span class='ocrx_word' id='word_1_15' title='bbox 3005 615 3117 667; x_wconf 82' lang='grc' dir='ltr'>τὸν</span> <span class='ocrx_word' id='word_1_16' title='bbox 3170 615 3416 680; x_wconf 66' lang='grc' dir='ltr'>Κύριον·</span> <span class='ocrx_word' id='word_1_17' title='bbox 3465 617 3635 679; x_wconf 72' lang='grc' dir='ltr'>Κίνριε</span> <span class='ocrx_word' id='word_1_18' title='bbox 3671 618 3707 668; x_wconf 83' lang='grc' dir='ltr'><em>ὁ</em></span> 
     </span>
    </p>
   </div>
   <div class='ocr_carea' id='block_1_6' title="bbox 437 702 2016 774">
    <p class='ocr_par' dir='ltr' id='par_1_6' title="bbox 437 702 2016 774">
     <span class='ocr_line' id='line_1_6' title="bbox 437 702 2016 774; baseline 0.001 -16"><span class='ocrx_word' id='word_1_19' title='bbox 437 703 580 758; x_wconf 84' lang='lat' dir='ltr'><strong>Deus</strong></span> <span class='ocrx_word' id='word_1_20' title='bbox 610 719 775 767; x_wconf 87' lang='lat' dir='ltr'><strong>meus,</strong></span> <span class='ocrx_word' id='word_1_21' title='bbox 837 702 1215 774; x_wconf 83' lang='lat' dir='ltr'><strong>magniﬁcatus</strong></span> <span class='ocrx_word' id='word_1_22' title='bbox 1272 719 1326 757; x_wconf 86' lang='lat' dir='ltr'><strong>es</strong></span> <span class='ocrx_word' id='word_1_23' title='bbox 1386 703 1730 757; x_wconf 63' lang='lat' dir='ltr'><strong>uehementer.</strong></span> <span class='ocrx_word' id='word_1_24' title='bbox 1788 705 2016 772; x_wconf 83' lang='lat' dir='ltr'><strong>Magnus</strong></span> 
     </span>
    </p>
   </div>
   <div class='ocr_carea' id='block_1_7' title="bbox 435 794 2014 864">
    <p class='ocr_par' dir='ltr' id='par_1_7' title="bbox 435 794 2014 864">
     <span class='ocr_line' id='line_1_7' title="bbox 435 794 2014 864; baseline 0.001 -15"><span class='ocrx_word' id='word_1_25' title='bbox 435 794 595 850; x_wconf 79' lang='lat' dir='ltr'><strong>valde</strong></span> <span class='ocrx_word' id='word_1_26' title='bbox 655 796 912 850; x_wconf 77' lang='lat' dir='ltr'><strong>erunibus</strong></span> <span class='ocrx_word' id='word_1_27' title='bbox 971 797 1303 864; x_wconf 77' lang='lat' dir='ltr'><strong>apparuisti,</strong></span> <span class='ocrx_word' id='word_1_28' title='bbox 1364 797 1435 850; x_wconf 93' lang='lat' dir='ltr'><strong>ob</strong></span> <span class='ocrx_word' id='word_1_29' title='bbox 1485 805 1704 850; x_wconf 90' lang='lat' dir='ltr'><strong>tuorum</strong></span> <span class='ocrx_word' id='word_1_30' title='bbox 1756 797 2014 850; x_wconf 85' lang='lat' dir='ltr'><strong>nimirum</strong></span> 
     </span>
    </p>
   </div>
   <div class='ocr_carea' id='block_1_8' title="bbox 433 885 2020 956">
    <p class='ocr_par' dir='ltr' id='par_1_8' title="bbox 433 885 2020 956">
     <span class='ocr_line' id='line_1_8' title="bbox 433 885 2020 956; baseline -0.001 -15"><span class='ocrx_word' id='word_1_31' title='bbox 433 901 663 956; x_wconf 90' lang='lat' dir='ltr'><strong>operum</strong></span> <span class='ocrx_word' id='word_1_32' title='bbox 699 885 1135 953; x_wconf 74' lang='lat' dir='ltr'><strong>magnitudinem</strong></span> <span class='ocrx_word' id='word_1_33' title='bbox 1177 892 1232 940; x_wconf 81' lang='lat' dir='ltr'><strong>et</strong></span> <span class='ocrx_word' id='word_1_34' title='bbox 1286 886 1356 940; x_wconf 88' lang='lat' dir='ltr'><strong>ob</strong></span> <span class='ocrx_word' id='word_1_35' title='bbox 1401 898 1676 940; x_wconf 82' lang='lat' dir='ltr'><strong>summam</strong></span> <span class='ocrx_word' id='word_1_36' title='bbox 1731 886 2020 955; x_wconf 87' lang='lat' dir='ltr'><strong>providen-</strong></span> 
     </span>
    </p>
   </div>
   <div class='ocr_carea' id='block_1_9' title="bbox 433 977 2019 1049">
    <p class='ocr_par' dir='ltr' id='par_1_9' title="bbox 433 977 2019 1049">
     <span class='ocr_line' id='line_1_9' title="bbox 433 977 2019 1049; baseline -0.002 -16"><span class='ocrx_word' id='word_1_37' title='bbox 433 980 591 1042; x_wconf 90' lang='lat' dir='ltr'><strong>tiam,</strong></span> <span class='ocrx_word' id='word_1_38' title='bbox 639 993 811 1048; x_wconf 91' lang='lat' dir='ltr'><strong>quam</strong></span> <span class='ocrx_word' id='word_1_39' title='bbox 866 993 999 1049; x_wconf 89' lang='lat' dir='ltr'><strong>erga</strong></span> <span class='ocrx_word' id='word_1_40' title='bbox 1055 988 1370 1034; x_wconf 76' lang='lat' dir='ltr'><strong>creaturam</strong></span> <span class='ocrx_word' id='word_1_41' title='bbox 1433 988 1580 1033; x_wconf 90' lang='lat' dir='ltr'><strong>tuam</strong></span> <span class='ocrx_word' id='word_1_42' title='bbox 1644 977 2019 1033; x_wconf 80' lang='lat' dir='ltr'><strong>indesinenter</strong></span> 
     </span>
    </p>
   </div>
   <div class='ocr_carea' id='block_1_10' title="bbox 433 1070 711 1127">
    <p class='ocr_par' dir='ltr' id='par_1_10' title="bbox 433 1070 711 1127">
     <span class='ocr_line' id='line_1_10' title="bbox 433 1070 711 1127; baseline -0.004 -1"><span class='ocrx_word' id='word_1_43' title='bbox 433 1070 711 1127; x_wconf 86' lang='lat' dir='ltr'><strong>ostendis.</strong></span> 
     </span>
    </p>
   </div>
   <div class='ocr_carea' id='block_1_11' title="bbox 505 1159 2022 1233">
    <p class='ocr_par' dir='ltr' id='par_1_11' title="bbox 505 1159 2022 1233">
     <span class='ocr_line' id='line_1_11' title="bbox 505 1159 2022 1233; baseline -0.002 -16"><span class='ocrx_word' id='word_1_44' title='bbox 505 1162 908 1232; x_wconf 79' lang='lat' dir='ltr'><strong>Confessionem</strong></span> <span class='ocrx_word' id='word_1_45' title='bbox 1001 1171 1052 1217; x_wconf 88' lang='lat' dir='ltr'><strong>et</strong></span> <span class='ocrx_word' id='word_1_46' title='bbox 1104 1163 1556 1233; x_wconf 77' lang='lat' dir='ltr'><strong>magniﬁcentiam</strong></span> <span class='ocrx_word' id='word_1_47' title='bbox 1610 1161 1852 1217; x_wconf 76' lang='lat' dir='ltr'><strong>induisti.</strong></span> <span class='ocrx_word' id='word_1_48' title='bbox 1915 1159 2022 1214; x_wconf 87' lang='lat' dir='ltr'><strong>Per</strong></span> 
     </span>
    </p>
   </div>
   <div class='ocr_carea' id='block_1_12' title="bbox 433 1254 2023 1326">
    <p class='ocr_par' dir='ltr' id='par_1_12' title="bbox 433 1254 2023 1326">
     <span class='ocr_line' id='line_1_12' title="bbox 433 1254 2023 1326; baseline -0.001 -17"><span class='ocrx_word' id='word_1_49' title='bbox 433 1255 848 1310; x_wconf 78' lang='lat' dir='ltr'><strong>confessionem</strong></span> <span class='ocrx_word' id='word_1_50' title='bbox 877 1254 1100 1323; x_wconf 86' lang='lat' dir='ltr'><strong>quidem</strong></span> <span class='ocrx_word' id='word_1_51' title='bbox 1173 1256 1472 1325; x_wconf 84' lang='lat' dir='ltr'><strong>gratiarum</strong></span> <span class='ocrx_word' id='word_1_52' title='bbox 1510 1256 1758 1310; x_wconf 88' lang='lat' dir='ltr'><strong>actiones</strong></span> <span class='ocrx_word' id='word_1_53' title='bbox 1809 1254 2023 1326; x_wconf 74' lang='lat' dir='ltr'><strong>signiﬁ—</strong></span> 
     </span>
    </p>
   </div>
   <div class='ocr_carea' id='block_1_13' title="bbox 438 1347 2021 1417">
    <p class='ocr_par' dir='ltr' id='par_1_13' title="bbox 438 1347 2021 1417">
     <span class='ocr_line' id='line_1_13' title="bbox 438 1347 2021 1417; baseline 0 -17"><span class='ocrx_word' id='word_1_54' title='bbox 438 1355 529 1400; x_wconf 85' lang='lat' dir='ltr'><strong>cat</strong></span> <span class='ocrx_word' id='word_1_55' title='bbox 561 1363 576 1410; x_wconf 88' lang='lat'><strong>;</strong></span> <span class='ocrx_word' id='word_1_56' title='bbox 613 1363 707 1417; x_wconf 89' lang='lat' dir='ltr'><strong>per</strong></span> <span class='ocrx_word' id='word_1_57' title='bbox 739 1347 1208 1416; x_wconf 84' lang='lat' dir='ltr'><strong>magniﬁcentiam</strong></span> <span class='ocrx_word' id='word_1_58' title='bbox 1236 1363 1388 1414; x_wconf 86' lang='lat' dir='ltr'><strong>vero,</strong></span> <span class='ocrx_word' id='word_1_59' title='bbox 1421 1348 1686 1402; x_wconf 86' lang='lat' dir='ltr'><strong>honorem</strong></span> <span class='ocrx_word' id='word_1_60' title='bbox 1721 1348 1895 1412; x_wconf 93' lang='lat' dir='ltr'><strong>illum,</strong></span> <span class='ocrx_word' id='word_1_61' title='bbox 1925 1347 2021 1417; x_wconf 92' lang='lat' dir='ltr'><strong>qui</strong></span> 
     </span>
    </p>
   </div>
   <div class='ocr_carea' id='block_1_14' title="bbox 439 1436 2022 1509">
    <p class='ocr_par' dir='ltr' id='par_1_14' title="bbox 439 1436 2022 1509">
     <span class='ocr_line' id='line_1_14' title="bbox 439 1436 2022 1509; baseline 0.001 -18"><span class='ocrx_word' id='word_1_62' title='bbox 439 1452 642 1508; x_wconf 87' lang='lat' dir='ltr'><strong>magno</strong></span> <span class='ocrx_word' id='word_1_63' title='bbox 695 1446 859 1509; x_wconf 86' lang='lat' dir='ltr'><strong>atque</strong></span> <span class='ocrx_word' id='word_1_64' title='bbox 889 1441 1109 1494; x_wconf 78' lang='lat' dir='ltr'><strong>excelso</strong></span> <span class='ocrx_word' id='word_1_65' title='bbox 1135 1438 1373 1508; x_wconf 89' lang='lat' dir='ltr'><strong>cuipiam</strong></span> <span class='ocrx_word' id='word_1_66' title='bbox 1407 1437 1664 1494; x_wconf 85' lang='lat' dir='ltr'><strong>debetur.</strong></span> <span class='ocrx_word' id='word_1_67' title='bbox 1724 1436 1852 1492; x_wconf 74' lang='lat' dir='ltr'><strong>Haec</strong></span> <span class='ocrx_word' id='word_1_68' title='bbox 1890 1439 2022 1502; x_wconf 88' lang='lat' dir='ltr'><strong>duo,</strong></span> 
     </span>
    </p>
   </div>
   <div class='ocr_carea' id='block_1_15' title="bbox 440 1529 2025 1601">
    <p class='ocr_par' dir='ltr' id='par_1_15' title="bbox 440 1529 2025 1601">
     <span class='ocr_line' id='line_1_15' title="bbox 440 1529 2025 1601; baseline 0.003 -19"><span class='ocrx_word' id='word_1_69' title='bbox 440 1529 642 1600; x_wconf 84' lang='lat' dir='ltr'><strong>inquit,</strong></span> <span class='ocrx_word' id='word_1_70' title='bbox 662 1530 756 1584; x_wconf 85' lang='lat' dir='ltr'><strong>tibi</strong></span> <span class='ocrx_word' id='word_1_71' title='bbox 778 1529 1250 1600; x_wconf 88' lang='lat' dir='ltr'><strong>circumposuisti.</strong></span> <span class='ocrx_word' id='word_1_72' title='bbox 1273 1529 1354 1585; x_wconf 91' lang='lat' dir='ltr'><strong>Ob</strong></span> <span class='ocrx_word' id='word_1_73' title='bbox 1371 1531 1803 1600; x_wconf 78' lang='lat' dir='ltr'><strong>magnitudinem</strong></span> <span class='ocrx_word' id='word_1_74' title='bbox 1823 1531 2025 1601; x_wconf 87' lang='lat' dir='ltr'><strong>quippe</strong></span> 
     </span>
    </p>
   </div>
   <div class='ocr_carea' id='block_1_16' title="bbox 439 1622 2024 1694">
    <p class='ocr_par' dir='ltr' id='par_1_16' title="bbox 439 1622 2024 1694">
     <span class='ocr_line' id='line_1_16' title="bbox 439 1622 2024 1694; baseline 0.002 -18"><span class='ocrx_word' id='word_1_75' title='bbox 439 1637 666 1691; x_wconf 89' lang='lat' dir='ltr'><strong>operum</strong></span> <span class='ocrx_word' id='word_1_76' title='bbox 698 1630 753 1677; x_wconf 93' lang='lat' dir='ltr'><strong>et</strong></span> <span class='ocrx_word' id='word_1_77' title='bbox 780 1630 1188 1688; x_wconf 85' lang='lat' dir='ltr'><strong>creaturarum,</strong></span> <span class='ocrx_word' id='word_1_78' title='bbox 1219 1631 1280 1676; x_wconf 90' lang='lat' dir='ltr'><strong>ttt</strong></span> <span class='ocrx_word' id='word_1_79' title='bbox 1313 1622 1522 1676; x_wconf 86' lang='lat' dir='ltr'><strong>dictqu</strong></span> <span class='ocrx_word' id='word_1_80' title='bbox 1552 1631 1663 1685; x_wconf 89' lang='lat' dir='ltr'><strong>est,</strong></span> <span class='ocrx_word' id='word_1_81' title='bbox 1688 1623 1881 1694; x_wconf 67' lang='lat' dir='ltr'><strong>gratia:</strong></span> <span class='ocrx_word' id='word_1_82' title='bbox 1913 1623 2024 1679; x_wconf 89' lang='lat' dir='ltr'><strong>Deo</strong></span> 
     </span>
    </p>
   </div>
   <div class='ocr_carea' id='block_1_17' title="bbox 434 1716 2019 1787">
    <p class='ocr_par' dir='ltr' id='par_1_17' title="bbox 434 1716 2019 1787">
     <span class='ocr_line' id='line_1_17' title="bbox 434 1716 2019 1787; baseline 0 -17"><span class='ocrx_word' id='word_1_83' title='bbox 434 1716 595 1786; x_wconf 82' lang='lat' dir='ltr'><strong>juges</strong></span> <span class='ocrx_word' id='word_1_84' title='bbox 630 1723 890 1784; x_wconf 90' lang='lat' dir='ltr'><strong>aguntur,</strong></span> <span class='ocrx_word' id='word_1_85' title='bbox 926 1716 1072 1786; x_wconf 79' lang='lat' dir='ltr'><strong>quod</strong></span> <span class='ocrx_word' id='word_1_86' title='bbox 1109 1725 1334 1787; x_wconf 83' lang='lat' dir='ltr'><strong>propter</strong></span> <span class='ocrx_word' id='word_1_87' title='bbox 1367 1718 1669 1770; x_wconf 84' lang='lat' dir='ltr'><strong>humanum</strong></span> <span class='ocrx_word' id='word_1_88' title='bbox 1704 1728 1882 1786; x_wconf 88' lang='lat' dir='ltr'><strong>genus</strong></span> <span class='ocrx_word' id='word_1_89' title='bbox 1935 1724 2019 1770; x_wconf 92' lang='lat' dir='ltr'><strong>tot</strong></span> 
     </span>
    </p>
   </div>
   <div class='ocr_carea' id='block_1_18' title="bbox 438 1808 2020 1878">
    <p class='ocr_par' dir='ltr' id='par_1_18' title="bbox 438 1808 2020 1878">
     <span class='ocr_line' id='line_1_18' title="bbox 438 1808 2020 1878; baseline 0.002 -16"><span class='ocrx_word' id='word_1_90' title='bbox 438 1808 583 1862; x_wconf 90' lang='lat' dir='ltr'><strong>bona</strong></span> <span class='ocrx_word' id='word_1_91' title='bbox 610 1809 884 1863; x_wconf 79' lang='lat' dir='ltr'><strong>creaverit</strong></span> <span class='ocrx_word' id='word_1_92' title='bbox 924 1825 938 1861; x_wconf 91' lang='lat'><strong>:</strong></span> <span class='ocrx_word' id='word_1_93' title='bbox 976 1808 1268 1878; x_wconf 89' lang='lat' dir='ltr'><strong>honorque</strong></span> <span class='ocrx_word' id='word_1_94' title='bbox 1292 1809 1342 1862; x_wconf 87' lang='lat' dir='ltr'><strong>ei</strong></span> <span class='ocrx_word' id='word_1_95' title='bbox 1376 1809 1542 1863; x_wconf 90' lang='lat' dir='ltr'><strong>etiam</strong></span> <span class='ocrx_word' id='word_1_96' title='bbox 1575 1820 1828 1864; x_wconf 88' lang='lat' dir='ltr'><strong>summus</strong></span> <span class='ocrx_word' id='word_1_97' title='bbox 1858 1809 2020 1865; x_wconf 82' lang='lat' dir='ltr'><strong>habe-</strong></span> 
     </span>
    </p>
   </div>
   <div class='ocr_carea' id='block_1_19' title="bbox 438 1900 1566 1971">
    <p class='ocr_par' dir='ltr' id='par_1_19' title="bbox 438 1900 1566 1971">
     <span class='ocr_line' id='line_1_19' title="bbox 438 1900 1566 1971; baseline 0.002 -18"><span class='ocrx_word' id='word_1_98' title='bbox 438 1907 552 1962; x_wconf 90' lang='lat' dir='ltr'><strong>tur,</strong></span> <span class='ocrx_word' id='word_1_99' title='bbox 581 1909 840 1970; x_wconf 90' lang='lat' dir='ltr'><strong>tanquam</strong></span> <span class='ocrx_word' id='word_1_100' title='bbox 867 1913 1050 1954; x_wconf 90' lang='lat' dir='ltr'><strong>rerum</strong></span> <span class='ocrx_word' id='word_1_101' title='bbox 1075 1901 1322 1954; x_wconf 83' lang='lat' dir='ltr'><strong>omnium</strong></span> <span class='ocrx_word' id='word_1_102' title='bbox 1355 1900 1566 1971; x_wconf 79' lang='lat' dir='ltr'><strong>Opiﬁci.</strong></span> 
     </span>
    </p>
   </div>
   <div class='ocr_carea' id='block_1_20' title="bbox 510 1985 2101 2062">
    <p class='ocr_par' dir='ltr' id='par_1_20' title="bbox 510 1985 2101 2062">
     <span class='ocr_line' id='line_1_20' title="bbox 510 1985 2101 2062; baseline 0.002 -19"><span class='ocrx_word' id='word_1_103' title='bbox 510 1988 678 2044; x_wconf 74' lang='lat' dir='ltr'><strong>Vens.</strong></span> <span class='ocrx_word' id='word_1_104' title='bbox 709 1991 766 2044; x_wconf 73' lang='lat'><strong>2.</strong></span> <span class='ocrx_word' id='word_1_105' title='bbox 803 1989 1043 2044; x_wconf 79' lang='lat' dir='ltr'><strong>Amictus</strong></span> <span class='ocrx_word' id='word_1_106' title='bbox 1086 1991 1304 2058; x_wconf 85' lang='lat' dir='ltr'><strong>lumine,</strong></span> <span class='ocrx_word' id='word_1_107' title='bbox 1345 1993 1501 2062; x_wconf 85' lang='lat' dir='ltr'><strong>quasi</strong></span> <span class='ocrx_word' id='word_1_108' title='bbox 1541 1994 1870 2047; x_wconf 82' lang='lat' dir='ltr'><strong>vestimento.</strong></span> <span class='ocrx_word' id='word_1_109' title='bbox 1901 1991 2022 2059; x_wconf 87' lang='lat' dir='ltr'><strong>llle,</strong></span> <span class='ocrx_word' id='word_1_110' title='bbox 2054 1985 2101 2046; x_wconf 82' lang='grc' dir='ltr'><strong>Β</strong></span> 
     </span>
    </p>
   </div>
   <div class='ocr_carea' id='block_1_21' title="bbox 438 2083 2028 2155">
    <p class='ocr_par' dir='ltr' id='par_1_21' title="bbox 438 2083 2028 2155">
     <span class='ocr_line' id='line_1_21' title="bbox 438 2083 2028 2155; baseline 0.001 -18"><span class='ocrx_word' id='word_1_111' title='bbox 438 2084 534 2154; x_wconf 89' lang='lat' dir='ltr'><strong>qui</strong></span> <span class='ocrx_word' id='word_1_112' title='bbox 569 2083 802 2139; x_wconf 86' lang='lat' dir='ltr'><strong>amictus</strong></span> <span class='ocrx_word' id='word_1_113' title='bbox 827 2093 914 2139; x_wconf 90' lang='lat' dir='ltr'><strong>est</strong></span> <span class='ocrx_word' id='word_1_114' title='bbox 947 2085 1092 2149; x_wconf 89' lang='lat' dir='ltr'><strong>luce,</strong></span> <span class='ocrx_word' id='word_1_115' title='bbox 1135 2084 1341 2154; x_wconf 79' lang='lat' dir='ltr'><strong>tegitur</strong></span> <span class='ocrx_word' id='word_1_116' title='bbox 1374 2101 1403 2138; x_wconf 92' lang='lat' dir='ltr'><strong>a</strong></span> <span class='ocrx_word' id='word_1_117' title='bbox 1437 2084 1578 2139; x_wconf 91' lang='lat' dir='ltr'><strong>luce.</strong></span> <span class='ocrx_word' id='word_1_118' title='bbox 1635 2085 1823 2139; x_wconf 87' lang='lat' dir='ltr'><strong>Simile</strong></span> <span class='ocrx_word' id='word_1_119' title='bbox 1867 2085 2028 2155; x_wconf 90' lang='lat' dir='ltr'><strong>quid-</strong></span> 
     </span>
    </p>
   </div>
   <div class='ocr_carea' id='block_1_22' title="bbox 440 2175 2025 2244">
    <p class='ocr_par' dir='ltr' id='par_1_22' title="bbox 440 2175 2025 2244">
     <span class='ocr_line' id='line_1_22' title="bbox 440 2175 2025 2244; baseline 0.001 -14"><span class='ocrx_word' id='word_1_120' title='bbox 440 2175 568 2230; x_wconf 87' lang='lat' dir='ltr'><strong>dam</strong></span> <span class='ocrx_word' id='word_1_121' title='bbox 594 2176 661 2230; x_wconf 89' lang='lat' dir='ltr'><strong>de</strong></span> <span class='ocrx_word' id='word_1_122' title='bbox 691 2177 803 2231; x_wconf 89' lang='lat' dir='ltr'><strong>Deo</strong></span> <span class='ocrx_word' id='word_1_123' title='bbox 861 2177 976 2243; x_wconf 88' lang='lat' dir='ltr'><strong>ipse</strong></span> <span class='ocrx_word' id='word_1_124' title='bbox 1003 2177 1168 2231; x_wconf 87' lang='lat' dir='ltr'><strong>etiam</strong></span> <span class='ocrx_word' id='word_1_125' title='bbox 1203 2177 1412 2232; x_wconf 88' lang='lat' dir='ltr'><strong>Paulus</strong></span> <span class='ocrx_word' id='word_1_126' title='bbox 1446 2177 1578 2232; x_wconf 90' lang='lat' dir='ltr'><strong>dicit</strong></span> <span class='ocrx_word' id='word_1_127' title='bbox 1609 2194 1624 2231; x_wconf 90' lang='lat'><strong>:</strong></span> <span class='ocrx_word' id='word_1_128' title='bbox 1658 2177 1764 2244; x_wconf 84' lang='lat' dir='ltr'><strong>Qui</strong></span> <span class='ocrx_word' id='word_1_129' title='bbox 1791 2178 2025 2241; x_wconf 84' lang='lat' dir='ltr'><strong>habitat,</strong></span> 
     </span>
    </p>
   </div>
   <div class='ocr_carea' id='block_1_23' title="bbox 444 2270 2028 2343">
    <p class='ocr_par' dir='ltr' id='par_1_23' title="bbox 444 2270 2028 2343">
     <span class='ocr_line' id='line_1_23' title="bbox 444 2270 2028 2343; baseline -0.001 -16"><span class='ocrx_word' id='word_1_130' title='bbox 444 2273 726 2343; x_wconf 87' lang='lat' dir='ltr'><strong>inquiens,</strong></span> <span class='ocrx_word' id='word_1_131' title='bbox 764 2273 1408 2328; x_wconf 79' lang='lat' dir='ltr'><strong>lucent-inaccessibilent.</strong></span> <span class='ocrx_word' id='word_1_132' title='bbox 1462 2270 1535 2326; x_wconf 80' lang='lat' dir='ltr'><strong>Ex</strong></span> <span class='ocrx_word' id='word_1_133' title='bbox 1571 2272 1656 2326; x_wconf 86' lang='lat' dir='ltr'><strong>his</strong></span> <span class='ocrx_word' id='word_1_134' title='bbox 1689 2289 1817 2327; x_wconf 91' lang='lat' dir='ltr'><strong>vero</strong></span> <span class='ocrx_word' id='word_1_135' title='bbox 1863 2272 2028 2327; x_wconf 86' lang='lat' dir='ltr'><strong>doce—</strong></span> 
     </span>
    </p>
   </div>
   <div class='ocr_carea' id='block_1_24' title="bbox 443 2364 2030 2430">
    <p class='ocr_par' dir='ltr' id='par_1_24' title="bbox 443 2364 2030 2430">
     <span class='ocr_line' id='line_1_24' title="bbox 443 2364 2030 2430; baseline -0.001 -11"><span class='ocrx_word' id='word_1_136' title='bbox 443 2380 591 2429; x_wconf 90' lang='lat' dir='ltr'><strong>mur,</strong></span> <span class='ocrx_word' id='word_1_137' title='bbox 623 2364 793 2420; x_wconf 90' lang='lat' dir='ltr'><strong>Deum</strong></span> <span class='ocrx_word' id='word_1_138' title='bbox 834 2365 1173 2420; x_wconf 90' lang='lat' dir='ltr'><strong>invisibilem</strong></span> <span class='ocrx_word' id='word_1_139' title='bbox 1207 2380 1351 2430; x_wconf 87' lang='lat' dir='ltr'><strong>esse,</strong></span> <span class='ocrx_word' id='word_1_140' title='bbox 1379 2376 1433 2421; x_wconf 89' lang='lat' dir='ltr'><strong>et</strong></span> <span class='ocrx_word' id='word_1_141' title='bbox 1463 2366 1746 2421; x_wconf 89' lang='lat' dir='ltr'><strong>intellectu</strong></span> <span class='ocrx_word' id='word_1_142' title='bbox 1786 2366 2030 2420; x_wconf 84' lang='lat' dir='ltr'><strong>humano</strong></span> 
     </span>
    </p>
   </div>
   <div class='ocr_carea' id='block_1_25' title="bbox 443 2457 2030 2529">
    <p class='ocr_par' dir='ltr' id='par_1_25' title="bbox 443 2457 2030 2529">
     <span class='ocr_line' id='line_1_25' title="bbox 443 2457 2030 2529; baseline 0.001 -16"><span class='ocrx_word' id='word_1_143' title='bbox 443 2458 839 2529; x_wconf 87' lang='lat' dir='ltr'><strong>comprehendi</strong></span> <span class='ocrx_word' id='word_1_144' title='bbox 873 2474 980 2513; x_wconf 87' lang='lat' dir='ltr'><strong>non</strong></span> <span class='ocrx_word' id='word_1_145' title='bbox 1015 2474 1195 2529; x_wconf 89' lang='lat' dir='ltr'><strong>posse.</strong></span> <span class='ocrx_word' id='word_1_146' title='bbox 1233 2457 1373 2514; x_wconf 87' lang='lat' dir='ltr'><strong>Huic</strong></span> <span class='ocrx_word' id='word_1_147' title='bbox 1397 2471 1578 2516; x_wconf 85' lang='lat' dir='ltr'><strong>autem</strong></span> <span class='ocrx_word' id='word_1_148' title='bbox 1613 2460 1890 2515; x_wconf 79' lang='lat' dir='ltr'><strong>versiculo</strong></span> <span class='ocrx_word' id='word_1_149' title='bbox 1921 2475 2030 2514; x_wconf 92' lang='lat' dir='ltr'><strong>non</strong></span> 
     </span>
    </p>
   </div>
   <div class='ocr_carea' id='block_1_26' title="bbox 446 2548 2033 2620">
    <p class='ocr_par' dir='ltr' id='par_1_26' title="bbox 446 2548 2033 2620">
     <span class='ocr_line' id='line_1_26' title="bbox 446 2548 2033 2620; baseline 0.001 -19"><span class='ocrx_word' id='word_1_150' title='bbox 446 2548 797 2612; x_wconf 79' lang='lat' dir='ltr'><strong>adversatur,</strong></span> <span class='ocrx_word' id='word_1_151' title='bbox 837 2548 980 2617; x_wconf 88' lang='lat' dir='ltr'><strong>quod</strong></span> <span class='ocrx_word' id='word_1_152' title='bbox 1017 2549 1148 2604; x_wconf 89' lang='lat' dir='ltr'><strong>alibi</strong></span> <span class='ocrx_word' id='word_1_153' title='bbox 1187 2549 1463 2620; x_wconf 81' lang='lat' dir='ltr'><strong>Propheta</strong></span> <span class='ocrx_word' id='word_1_154' title='bbox 1500 2551 1676 2604; x_wconf 80' lang='lat' dir='ltr'><strong>dixit:</strong></span> <span class='ocrx_word' id='word_1_155' title='bbox 1719 2549 1825 2616; x_wconf 78' lang='lat' dir='ltr'><strong>Qui</strong></span> <span class='ocrx_word' id='word_1_156' title='bbox 1853 2551 2033 2617; x_wconf 79' lang='lat' dir='ltr'><strong>posuit</strong></span> 
     </span>
    </p>
   </div>
   <div class='ocr_carea' id='block_1_27' title="bbox 446 2639 2035 2710">
    <p class='ocr_par' dir='ltr' id='par_1_27' title="bbox 446 2639 2035 2710">
     <span class='ocr_line' id='line_1_27' title="bbox 446 2639 2035 2710; baseline 0.003 -17"><span class='ocrx_word' id='word_1_157' title='bbox 446 2639 686 2694; x_wconf 79' lang='lat' dir='ltr'><strong>tenebras</strong></span> <span class='ocrx_word' id='word_1_158' title='bbox 719 2640 998 2693; x_wconf 80' lang='lat' dir='ltr'><strong>latibulum</strong></span> <span class='ocrx_word' id='word_1_159' title='bbox 1047 2657 1206 2695; x_wconf 87' lang='lat' dir='ltr'><strong>suum</strong></span> <span class='ocrx_word' id='word_1_160' title='bbox 1236 2641 1320 2694; x_wconf 73' lang='lat' dir='ltr'><strong>u:</strong></span> <span class='ocrx_word' id='word_1_161' title='bbox 1359 2641 1564 2710; x_wconf 84' lang='lat' dir='ltr'><strong>quippe</strong></span> <span class='ocrx_word' id='word_1_162' title='bbox 1617 2655 1741 2695; x_wconf 87' lang='lat' dir='ltr'><strong>cum</strong></span> <span class='ocrx_word' id='word_1_163' title='bbox 1781 2641 2035 2697; x_wconf 88' lang='lat' dir='ltr'><strong>inacces-</strong></span> 
     </span>
    </p>
   </div>
   <div class='ocr_carea' id='block_1_28' title="bbox 447 2731 2035 2802">
    <p class='ocr_par' dir='ltr' id='par_1_28' title="bbox 447 2731 2035 2802">
     <span class='ocr_line' id='line_1_28' title="bbox 447 2731 2035 2802; baseline 0 -14"><span class='ocrx_word' id='word_1_164' title='bbox 447 2731 630 2788; x_wconf 88' lang='lat' dir='ltr'><strong>sibilis</strong></span> <span class='ocrx_word' id='word_1_165' title='bbox 666 2732 758 2786; x_wconf 78' lang='lat' dir='ltr'><strong>lux</strong></span> <span class='ocrx_word' id='word_1_166' title='bbox 819 2732 960 2786; x_wconf 86' lang='lat' dir='ltr'><strong>idem</strong></span> <span class='ocrx_word' id='word_1_167' title='bbox 1010 2732 1211 2788; x_wconf 77' lang='lat' dir='ltr'><strong>efﬁciat</strong></span> <span class='ocrx_word' id='word_1_168' title='bbox 1262 2734 1411 2802; x_wconf 88' lang='lat' dir='ltr'><strong>quod</strong></span> <span class='ocrx_word' id='word_1_169' title='bbox 1463 2734 1710 2789; x_wconf 80' lang='lat' dir='ltr'><strong>efﬁciunt</strong></span> <span class='ocrx_word' id='word_1_170' title='bbox 1753 2736 2035 2802; x_wconf 65' lang='lat' dir='ltr'><strong>tenebrae;</strong></span> 
     </span>
    </p>
   </div>
   <div class='ocr_carea' id='block_1_29' title="bbox 449 2824 2034 2892">
    <p class='ocr_par' dir='ltr' id='par_1_29' title="bbox 449 2824 2034 2892">
     <span class='ocr_line' id='line_1_29' title="bbox 449 2824 2034 2892; baseline 0.003 -15"><span class='ocrx_word' id='word_1_171' title='bbox 449 2835 756 2892; x_wconf 89' lang='lat' dir='ltr'><strong>utrumque</strong></span> <span class='ocrx_word' id='word_1_172' title='bbox 813 2824 958 2879; x_wconf 88' lang='lat' dir='ltr'><strong>enim</strong></span> <span class='ocrx_word' id='word_1_173' title='bbox 1021 2824 1310 2880; x_wconf 86' lang='lat' dir='ltr'><strong>oculorum</strong></span> <span class='ocrx_word' id='word_1_174' title='bbox 1371 2826 1544 2880; x_wconf 89' lang='lat' dir='ltr'><strong>aciem</strong></span> <span class='ocrx_word' id='word_1_175' title='bbox 1607 2842 1714 2881; x_wconf 91' lang='lat' dir='ltr'><strong>non</strong></span> <span class='ocrx_word' id='word_1_176' title='bbox 1773 2826 2034 2882; x_wconf 85' lang='lat' dir='ltr'><strong>admittit.</strong></span> 
     </span>
    </p>
   </div>
   <div class='ocr_carea' id='block_1_30' title="bbox 2127 706 3707 777">
    <p class='ocr_par' dir='ltr' id='par_1_30' title="bbox 2127 706 3707 777">
     <span class='ocr_line' id='line_1_30' title="bbox 2127 706 3707 777; baseline -0.001 -17"><span class='ocrx_word' id='word_1_177' title='bbox 2127 706 2271 770; x_wconf 81' lang='grc' dir='ltr'>Θεός</span> <span class='ocrx_word' id='word_1_178' title='bbox 2322 707 2904 774; x_wconf 76' lang='grc' dir='ltr'>μου,ἐμε;ν·αλύνθης</span> <span class='ocrx_word' id='word_1_179' title='bbox 2968 707 3226 775; x_wconf 65' lang='grc' dir='ltr'>σφόδρα.</span> <span class='ocrx_word' id='word_1_180' title='bbox 3281 706 3474 774; x_wconf 77' lang='grc' dir='ltr'>Μέγας</span> <span class='ocrx_word' id='word_1_181' title='bbox 3495 709 3707 777; x_wconf 79' lang='grc' dir='ltr'>σφόδρα</span> 
     </span>
    </p>
   </div>
   <div class='ocr_carea' id='block_1_31' title="bbox 2127 797 3710 878">
    <p class='ocr_par' dir='ltr' id='par_1_31' title="bbox 2127 797 3710 878">
     <span class='ocr_line' id='line_1_31' title="bbox 2127 797 3710 878; baseline 0.003 -27"><span class='ocrx_word' id='word_1_182' title='bbox 2127 797 2471 866; x_wconf 79' lang='grc' dir='ltr'>ἐγνωρίσοης</span> <span class='ocrx_word' id='word_1_183' title='bbox 2521 799 2655 868; x_wconf 84' lang='grc' dir='ltr'>ἡμῖν</span> <span class='ocrx_word' id='word_1_184' title='bbox 2701 801 2810 854; x_wconf 75' lang='grc' dir='ltr'><strong>ἀπὸ</strong></span> <span class='ocrx_word' id='word_1_185' title='bbox 2841 801 2940 869; x_wconf 83' lang='grc' dir='ltr'><strong>τῆς</strong></span> <span class='ocrx_word' id='word_1_186' title='bbox 2977 803 3388 878; x_wconf 78' lang='grc' dir='ltr'><strong>μεγαλουργίας</strong></span> <span class='ocrx_word' id='word_1_187' title='bbox 3437 802 3533 854; x_wconf 72' lang='grc' dir='ltr'><strong>καὶ</strong></span> <span class='ocrx_word' id='word_1_188' title='bbox 3566 819 3710 874; x_wconf 86' lang='grc' dir='ltr'>προ-</span> 
     </span>
    </p>
   </div>
   <div class='ocr_carea' id='block_1_32' title="bbox 2128 889 2780 970">
    <p class='ocr_par' dir='ltr' id='par_1_32' title="bbox 2128 889 2780 970">
     <span class='ocr_line' id='line_1_32' title="bbox 2128 889 2780 970; baseline 0.008 -28"><span class='ocrx_word' id='word_1_189' title='bbox 2128 889 2276 954; x_wconf 80' lang='grc' dir='ltr'>νοίας</span> <span class='ocrx_word' id='word_1_190' title='bbox 2305 890 2418 942; x_wconf 81' lang='grc' dir='ltr'>τῶν</span> <span class='ocrx_word' id='word_1_191' title='bbox 2437 892 2780 970; x_wconf 68' lang='grc' dir='ltr'>κτισμᾲτων.</span> 
     </span>
    </p>
   </div>
   <div class='ocr_carea' id='block_1_33' title="bbox 2213 1159 3712 1229">
    <p class='ocr_par' dir='ltr' id='par_1_33' title="bbox 2213 1159 3712 1229">
     <span class='ocr_line' id='line_1_33' title="bbox 2213 1159 3712 1229; baseline 0 -16"><span class='ocrx_word' id='word_1_192' title='bbox 2213 1159 2695 1228; x_wconf 74' lang='grc' dir='ltr'>Ἐξομολόγησιν</span> <span class='ocrx_word' id='word_1_193' title='bbox 2723 1160 2819 1213; x_wconf 75' lang='grc' dir='ltr'>καὶ</span> <span class='ocrx_word' id='word_1_194' title='bbox 2849 1160 3374 1229; x_wconf 73' lang='grc' dir='ltr'><strong>μεγαλοπρέπειαν</strong></span> <span class='ocrx_word' id='word_1_195' title='bbox 3409 1159 3712 1213; x_wconf 79' lang='grc' dir='ltr'>ἐνεδύσω.</span> 
     </span>
    </p>
   </div>
   <div class='ocr_carea' id='block_1_34' title="bbox 2145 1251 3714 1322">
    <p class='ocr_par' dir='ltr' id='par_1_34' title="bbox 2145 1251 3714 1322">
     <span class='ocr_line' id='line_1_34' title="bbox 2145 1251 3714 1322; baseline 0 -18"><span class='ocrx_word' id='word_1_196' title='bbox 2145 1251 2568 1321; x_wconf 79' lang='grc' dir='ltr'>Ἑξομολόγησιν</span> <span class='ocrx_word' id='word_1_197' title='bbox 2622 1253 2722 1322; x_wconf 82' lang='grc' dir='ltr'>μὲν</span> <span class='ocrx_word' id='word_1_198' title='bbox 2762 1253 2913 1320; x_wconf 81' lang='grc' dir='ltr'>λέγει</span> <span class='ocrx_word' id='word_1_199' title='bbox 2977 1253 3074 1305; x_wconf 88' lang='grc' dir='ltr'><strong>νῦν</strong></span> <span class='ocrx_word' id='word_1_200' title='bbox 3143 1251 3244 1322; x_wconf 81' lang='grc' dir='ltr'>τὴν</span> <span class='ocrx_word' id='word_1_201' title='bbox 3310 1252 3714 1321; x_wconf 83' lang='grc' dir='ltr'>εὐχαριστίαν,</span> 
     </span>
    </p>
   </div>
   <div class='ocr_carea' id='block_1_35' title="bbox 2135 1343 3716 1416">
    <p class='ocr_par' dir='ltr' id='par_1_35' title="bbox 2135 1343 3716 1416">
     <span class='ocr_line' id='line_1_35' title="bbox 2135 1343 3716 1416; baseline 0 -20"><span class='ocrx_word' id='word_1_202' title='bbox 2135 1343 2621 1414; x_wconf 78' lang='grc' dir='ltr'><strong>μεγαλοπρέπειαν</strong></span> <span class='ocrx_word' id='word_1_203' title='bbox 2677 1343 2754 1399; x_wconf 84' lang='grc' dir='ltr'>δὲ.</span> <span class='ocrx_word' id='word_1_204' title='bbox 2788 1345 2890 1412; x_wconf 87' lang='grc' dir='ltr'>τὴν</span> <span class='ocrx_word' id='word_1_205' title='bbox 2941 1344 3474 1416; x_wconf 83' lang='grc' dir='ltr'>μεγαλοπρέπουσαν</span> <span class='ocrx_word' id='word_1_206' title='bbox 3515 1344 3716 1412; x_wconf 86' lang='grc' dir='ltr'>τιμήν.</span> 
     </span>
    </p>
   </div>
   <div class='ocr_carea' id='block_1_36' title="bbox 2131 1432 3716 1504">
    <p class='ocr_par' dir='ltr' id='par_1_36' title="bbox 2131 1432 3716 1504">
     <span class='ocr_line' id='line_1_36' title="bbox 2131 1432 3716 1504; baseline -0.001 -19"><span class='ocrx_word' id='word_1_207' title='bbox 2131 1432 2373 1498; x_wconf 79' lang='grc' dir='ltr'><strong>Ταύτας,</strong></span> <span class='ocrx_word' id='word_1_208' title='bbox 2410 1436 2564 1502; x_wconf 77' lang='grc' dir='ltr'>φησὶ,</span> <span class='ocrx_word' id='word_1_209' title='bbox 2602 1434 2862 1504; x_wconf 80' lang='grc' dir='ltr'>περιέοου</span> <span class='ocrx_word' id='word_1_210' title='bbox 2896 1433 3114 1502; x_wconf 80' lang='grc' dir='ltr'>σεαυτῷ</span> <span class='ocrx_word' id='word_1_211' title='bbox 3137 1433 3356 1500; x_wconf 73' lang='grc' dir='ltr'>διὰ-τῆς</span> <span class='ocrx_word' id='word_1_212' title='bbox 3401 1432 3716 1502; x_wconf 78' lang='grc' dir='ltr'><strong>μεγαλουρ⁸</strong></span> 
     </span>
    </p>
   </div>
   <div class='ocr_carea' id='block_1_37' title="bbox 2133 1525 3718 1598">
    <p class='ocr_par' dir='ltr' id='par_1_37' title="bbox 2133 1525 3718 1598">
     <span class='ocr_line' id='line_1_37' title="bbox 2133 1525 3718 1598; baseline -0.001 -18"><span class='ocrx_word' id='word_1_213' title='bbox 2133 1526 2278 1595; x_wconf 85' lang='grc' dir='ltr'>γίας,</span> <span class='ocrx_word' id='word_1_214' title='bbox 2301 1525 2377 1590; x_wconf 85' lang='grc' dir='ltr'>ὡς</span> <span class='ocrx_word' id='word_1_215' title='bbox 2409 1529 2648 1597; x_wconf 74' lang='grc' dir='ltr'>εἴρηται,</span> <span class='ocrx_word' id='word_1_216' title='bbox 2679 1528 2790 1580; x_wconf 81' lang='grc' dir='ltr'><strong>τῶν</strong></span> <span class='ocrx_word' id='word_1_217' title='bbox 2823 1528 3163 1598; x_wconf 81' lang='grc' dir='ltr'>κτισμάτων,</span> <span class='ocrx_word' id='word_1_218' title='bbox 3209 1527 3718 1598; x_wconf 78' lang='grc' dir='ltr'>εὐχαριστοῦμενος</span> 
     </span>
    </p>
   </div>
   <div class='ocr_carea' id='block_1_38' title="bbox 2135 1617 3719 1691">
    <p class='ocr_par' dir='ltr' id='par_1_38' title="bbox 2135 1617 3719 1691">
     <span class='ocr_line' id='line_1_38' title="bbox 2135 1617 3719 1691; baseline 0 -20"><span class='ocrx_word' id='word_1_219' title='bbox 2135 1619 2238 1689; x_wconf 78' lang='grc' dir='ltr'>μὲν</span> <span class='ocrx_word' id='word_1_220' title='bbox 2273 1620 2355 1672; x_wconf 77' lang='grc' dir='ltr'>ὅτι</span> <span class='ocrx_word' id='word_1_221' title='bbox 2393 1619 2620 1672; x_wconf 86' lang='grc' dir='ltr'>τοιαῦτα</span> <span class='ocrx_word' id='word_1_222' title='bbox 2669 1620 2736 1672; x_wconf 86' lang='grc' dir='ltr'><strong>δι’</strong></span> <span class='ocrx_word' id='word_1_223' title='bbox 2770 1621 2918 1691; x_wconf 76' lang='grc' dir='ltr'>ἡμᾶς</span> <span class='ocrx_word' id='word_1_224' title='bbox 2977 1619 3323 1690; x_wconf 80' lang='grc' dir='ltr'>πεποίηκας,</span> <span class='ocrx_word' id='word_1_225' title='bbox 3396 1617 3719 1689; x_wconf 81' lang='grc' dir='ltr'><strong>τιμώμενος</strong></span> 
     </span>
    </p>
   </div>
   <div class='ocr_carea' id='block_1_39' title="bbox 2133 1709 2864 1782">
    <p class='ocr_par' dir='ltr' id='par_1_39' title="bbox 2133 1709 2864 1782">
     <span class='ocr_line' id='line_1_39' title="bbox 2133 1709 2864 1782; baseline 0 -18"><span class='ocrx_word' id='word_1_226' title='bbox 2133 1711 2211 1777; x_wconf 88' lang='grc' dir='ltr'><strong>δὲ,</strong></span> <span class='ocrx_word' id='word_1_227' title='bbox 2241 1710 2316 1775; x_wconf 84' lang='grc' dir='ltr'>ὡς</span> <span class='ocrx_word' id='word_1_228' title='bbox 2343 1710 2586 1774; x_wconf 77' lang='grc' dir='ltr'>τοιοῦτος</span> <span class='ocrx_word' id='word_1_229' title='bbox 2613 1709 2864 1782; x_wconf 75' lang='grc' dir='ltr'><strong>κτίστης.</strong></span> 
     </span>
    </p>
   </div>
   <div class='ocr_carea' id='block_1_40' title="bbox 2211 1992 3727 2067">
    <p class='ocr_par' dir='ltr' id='par_1_40' title="bbox 2211 1992 3727 2067">
     <span class='ocr_line' id='line_1_40' title="bbox 2211 1992 3727 2067; baseline 0.001 -19"><span class='ocrx_word' id='word_1_230' title='bbox 2211 1992 2275 2048; x_wconf 82' lang='lat'><strong>&#39;0</strong></span> <span class='ocrx_word' id='word_1_231' title='bbox 2301 1993 2800 2063; x_wconf 71' lang='grc' dir='ltr'>ἀναϐαλλόμενος</span> <span class='ocrx_word' id='word_1_232' title='bbox 2817 1996 2944 2066; x_wconf 68' lang='grc' dir='ltr'><strong>φῶς</strong></span> <span class='ocrx_word' id='word_1_233' title='bbox 2965 1998 3045 2063; x_wconf 86' lang='grc' dir='ltr'>ὡς</span> <span class='ocrx_word' id='word_1_234' title='bbox 3062 1995 3320 2067; x_wconf 76' lang='grc' dir='ltr'>ἱμάτιον.</span> <span class='ocrx_word' id='word_1_235' title='bbox 3362 1995 3727 2066; x_wconf 78' lang='grc' dir='ltr'>Ἕνδυὸμενος</span> 
     </span>
    </p>
   </div>
   <div class='ocr_carea' id='block_1_41' title="bbox 2128 2086 3729 2159">
    <p class='ocr_par' dir='ltr' id='par_1_41' title="bbox 2128 2086 3729 2159">
     <span class='ocr_line' id='line_1_41' title="bbox 2128 2086 3729 2159; baseline 0.001 -21"><span class='ocrx_word' id='word_1_236' title='bbox 2128 2086 2266 2155; x_wconf 83' lang='grc' dir='ltr'>φῶς,</span> <span class='ocrx_word' id='word_1_237' title='bbox 2290 2087 2776 2156; x_wconf 77' lang='grc' dir='ltr'>ἐγκαλυπτόμενος</span> <span class='ocrx_word' id='word_1_238' title='bbox 2817 2089 2981 2158; x_wconf 79' lang='grc' dir='ltr'>φωτί.</span> <span class='ocrx_word' id='word_1_239' title='bbox 3003 2091 3232 2159; x_wconf 86' lang='grc' dir='ltr'>Ὅμοιον</span> <span class='ocrx_word' id='word_1_240' title='bbox 3259 2089 3316 2142; x_wconf 82' lang='grc' dir='ltr'><strong>δὲ</strong></span> <span class='ocrx_word' id='word_1_241' title='bbox 3377 2091 3471 2142; x_wconf 74' lang='grc' dir='ltr'><strong>καὶ</strong></span> <span class='ocrx_word' id='word_1_242' title='bbox 3503 2089 3729 2152; x_wconf 81' lang='grc' dir='ltr'>Παῦλος</span> 
     </span>
    </p>
   </div>
   <div class='ocr_carea' id='block_1_42' title="bbox 2129 2178 3728 2253">
    <p class='ocr_par' dir='ltr' id='par_1_42' title="bbox 2129 2178 3728 2253">
     <span class='ocr_line' id='line_1_42' title="bbox 2129 2178 3728 2253; baseline 0.001 -20"><span class='ocrx_word' id='word_1_243' title='bbox 2129 2182 2320 2251; x_wconf 73' lang='grc' dir='ltr'>εἴρηκε</span> <span class='ocrx_word' id='word_1_244' title='bbox 2341 2199 2357 2214; x_wconf 89' lang='grc'><strong>·</strong></span> <span class='ocrx_word' id='word_1_245' title='bbox 2391 2180 2521 2245; x_wconf 83' lang='grc' dir='ltr'><strong>Φῶς</strong></span> <span class='ocrx_word' id='word_1_246' title='bbox 2569 2181 2751 2236; x_wconf 78' lang='grc' dir='ltr'>οἰκῶν</span> <span class='ocrx_word' id='word_1_247' title='bbox 2797 2184 3150 2253; x_wconf 80' lang='grc' dir='ltr'>ἀπρόσιτον.</span> <span class='ocrx_word' id='word_1_248' title='bbox 3213 2186 3336 2253; x_wconf 78' lang='grc' dir='ltr'>Ἀφ’</span> <span class='ocrx_word' id='word_1_249' title='bbox 3368 2178 3443 2237; x_wconf 81' lang='grc' dir='ltr'>ὧν</span> <span class='ocrx_word' id='word_1_250' title='bbox 3475 2185 3537 2236; x_wconf 83' lang='grc' dir='ltr'><strong>τὸ</strong></span> <span class='ocrx_word' id='word_1_251' title='bbox 3572 2181 3728 2236; x_wconf 76' lang='grc' dir='ltr'>κατὰ</span> 
     </span>
    </p>
   </div>
   <div class='ocr_carea' id='block_1_43' title="bbox 2127 2273 3724 2347">
    <p class='ocr_par' dir='ltr' id='par_1_43' title="bbox 2127 2273 3724 2347">
     <span class='ocr_line' id='line_1_43' title="bbox 2127 2273 3724 2347; baseline 0.002 -22"><span class='ocrx_word' id='word_1_252' title='bbox 2127 2273 2295 2342; x_wconf 72' lang='grc' dir='ltr'>φύσιν</span> <span class='ocrx_word' id='word_1_253' title='bbox 2319 2274 2550 2346; x_wconf 86' lang='grc' dir='ltr'>ἀόρατον</span> <span class='ocrx_word' id='word_1_254' title='bbox 2580 2276 2675 2328; x_wconf 71' lang='grc' dir='ltr'><strong>καὶ</strong></span> <span class='ocrx_word' id='word_1_255' title='bbox 2697 2276 3089 2347; x_wconf 75' lang='grc' dir='ltr'>ἀκατάληπτον</span> <span class='ocrx_word' id='word_1_256' title='bbox 3112 2278 3206 2330; x_wconf 88' lang='grc' dir='ltr'><strong>τοῦ</strong></span> <span class='ocrx_word' id='word_1_257' title='bbox 3226 2275 3364 2331; x_wconf 84' lang='grc' dir='ltr'>Θεοῦ</span> <span class='ocrx_word' id='word_1_258' title='bbox 3423 2275 3724 2330; x_wconf 82' lang='grc' dir='ltr'>διδάσκου-</span> 
     </span>
    </p>
   </div>
   <div class='ocr_carea' id='block_1_44' title="bbox 2131 2367 3724 2440">
    <p class='ocr_par' dir='ltr' id='par_1_44' title="bbox 2131 2367 3724 2440">
     <span class='ocr_line' id='line_1_44' title="bbox 2131 2367 3724 2440; baseline -0.001 -17"><span class='ocrx_word' id='word_1_259' title='bbox 2131 2388 2237 2425; x_wconf 86' lang='grc' dir='ltr'>σιν.</span> <span class='ocrx_word' id='word_1_260' title='bbox 2300 2369 2414 2422; x_wconf 82' lang='grc' dir='ltr'><strong>Οὐκ</strong></span> <span class='ocrx_word' id='word_1_261' title='bbox 2461 2371 2570 2422; x_wconf 75' lang='grc' dir='ltr'>εἰσὶ</span> <span class='ocrx_word' id='word_1_262' title='bbox 2623 2367 2885 2423; x_wconf 74' lang='grc' dir='ltr'>δὲταῦτα</span> <span class='ocrx_word' id='word_1_263' title='bbox 2937 2373 3157 2424; x_wconf 76' lang='grc' dir='ltr'>ἐναντία</span> <span class='ocrx_word' id='word_1_264' title='bbox 3222 2371 3362 2440; x_wconf 72' lang='grc' dir='ltr'>πρὸς</span> <span class='ocrx_word' id='word_1_265' title='bbox 3388 2369 3470 2434; x_wconf 76' lang='grc' dir='ltr'><strong>τὸ,</strong></span> <span class='ocrx_word' id='word_1_266' title='bbox 3505 2371 3724 2423; x_wconf 65' lang='lat' dir='ltr'><strong>&quot;Elissa</strong></span> 
     </span>
    </p>
   </div>
   <div class='ocr_carea' id='block_1_45' title="bbox 2131 2460 3702 2534">
    <p class='ocr_par' dir='ltr' id='par_1_45' title="bbox 2131 2460 3702 2534">
     <span class='ocr_line' id='line_1_45' title="bbox 2131 2460 3702 2534; baseline -0.003 -17"><span class='ocrx_word' id='word_1_267' title='bbox 2131 2464 2354 2528; x_wconf 84' lang='grc' dir='ltr'><strong>σκότος</strong></span> <span class='ocrx_word' id='word_1_268' title='bbox 2379 2462 2744 2532; x_wconf 69' lang='grc' dir='ltr'>ἁποκρυφὴν</span> <span class='ocrx_word' id='word_1_269' title='bbox 2773 2460 2983 2518; x_wconf 82' lang='grc' dir='ltr'>αὐτοῦ.</span> <span class='ocrx_word' id='word_1_270' title='bbox 3013 2461 3086 2516; x_wconf 84' lang='grc' dir='ltr'><strong>Τὸ</strong></span> <span class='ocrx_word' id='word_1_271' title='bbox 3119 2464 3226 2534; x_wconf 82' lang='grc' dir='ltr'><strong>γὰρ</strong></span> <span class='ocrx_word' id='word_1_272' title='bbox 3255 2462 3548 2532; x_wconf 82' lang='grc' dir='ltr'>ἀπρόσιτον</span> <span class='ocrx_word' id='word_1_273' title='bbox 3579 2461 3702 2529; x_wconf 81' lang='grc' dir='ltr'>φῶς</span> 
     </span>
    </p>
   </div>
   <div class='ocr_carea' id='block_1_46' title="bbox 2131 2552 3727 2625">
    <p class='ocr_par' dir='ltr' id='par_1_46' title="bbox 2131 2552 3727 2625">
     <span class='ocr_line' id='line_1_46' title="bbox 2131 2552 3727 2625; baseline -0.002 -19"><span class='ocrx_word' id='word_1_274' title='bbox 2131 2554 2332 2606; x_wconf 79' lang='grc' dir='ltr'>ταυτὸν</span> <span class='ocrx_word' id='word_1_275' title='bbox 2375 2556 2524 2606; x_wconf 86' lang='grc' dir='ltr'>ποιεῖ</span> <span class='ocrx_word' id='word_1_276' title='bbox 2546 2555 2622 2623; x_wconf 82' lang='grc' dir='ltr'><strong>τῷ</strong></span> <span class='ocrx_word' id='word_1_277' title='bbox 2656 2553 2862 2618; x_wconf 80' lang='grc' dir='ltr'><strong>σκότει,</strong></span> <span class='ocrx_word' id='word_1_278' title='bbox 2903 2552 2977 2625; x_wconf 85' lang='grc' dir='ltr'>μὴ</span> <span class='ocrx_word' id='word_1_279' title='bbox 3025 2553 3344 2625; x_wconf 83' lang='grc' dir='ltr'>συγχωροῦν</span> <span class='ocrx_word' id='word_1_280' title='bbox 3395 2553 3588 2622; x_wconf 78' lang='grc' dir='ltr'>ὲνορᾷν</span> <span class='ocrx_word' id='word_1_281' title='bbox 3623 2553 3727 2604; x_wconf 82' lang='grc' dir='ltr'>αὐ-</span> 
     </span>
    </p>
   </div>
   <div class='ocr_carea' id='block_1_47' title="bbox 2134 2644 3731 2718">
    <p class='ocr_par' dir='ltr' id='par_1_47' title="bbox 2134 2644 3731 2718">
     <span class='ocr_line' id='line_1_47' title="bbox 2134 2644 3731 2718; baseline 0 -23"><span class='ocrx_word' id='word_1_282' title='bbox 2134 2644 2213 2713; x_wconf 79' lang='grc' dir='ltr'><strong>τῷ</strong></span> <span class='ocrx_word' id='word_1_283' title='bbox 2245 2662 2258 2676; x_wconf 90' lang='grc'><strong>·</strong></span> <span class='ocrx_word' id='word_1_284' title='bbox 2297 2645 2346 2695; x_wconf 80' lang='grc' dir='ltr'>εἰ</span> <span class='ocrx_word' id='word_1_285' title='bbox 2372 2644 2430 2696; x_wconf 75' lang='grc' dir='ltr'><strong>δὲ</strong></span> <span class='ocrx_word' id='word_1_286' title='bbox 2451 2644 2512 2697; x_wconf 86' lang='grc' dir='ltr'><strong>τὸ</strong></span> <span class='ocrx_word' id='word_1_287' title='bbox 2543 2645 2701 2707; x_wconf 78' lang='grc' dir='ltr'>ἐκτὸς</span> <span class='ocrx_word' id='word_1_288' title='bbox 2736 2647 2916 2715; x_wconf 85' lang='grc' dir='ltr'>φωτὸς</span> <span class='ocrx_word' id='word_1_289' title='bbox 2934 2647 3255 2718; x_wconf 85' lang='grc' dir='ltr'>ἀπρόσιτον,</span> <span class='ocrx_word' id='word_1_290' title='bbox 3304 2644 3484 2714; x_wconf 83' lang='grc' dir='ltr'>πολλῷ</span> <span class='ocrx_word' id='word_1_291' title='bbox 3516 2644 3731 2712; x_wconf 79' lang='grc' dir='ltr'>μᾶλλον</span> 
     </span>
    </p>
   </div>
   <div class='ocr_carea' id='block_1_48' title="bbox 2136 2735 3731 2808">
    <p class='ocr_par' dir='ltr' id='par_1_48' title="bbox 2136 2735 3731 2808">
     <span class='ocr_line' id='line_1_48' title="bbox 2136 2735 3731 2808; baseline -0.001 -18"><span class='ocrx_word' id='word_1_292' title='bbox 2136 2735 2198 2790; x_wconf 83' lang='grc' dir='ltr'>τὺ</span> <span class='ocrx_word' id='word_1_293' title='bbox 2223 2737 2374 2802; x_wconf 69' lang='grc' dir='ltr'>ἐντὸς</span> <span class='ocrx_word' id='word_1_294' title='bbox 2406 2739 2501 2791; x_wconf 86' lang='grc' dir='ltr'><strong>τοῦ</strong></span> <span class='ocrx_word' id='word_1_295' title='bbox 2531 2739 2778 2793; x_wconf 77' lang='grc' dir='ltr'>τοιούτου</span> <span class='ocrx_word' id='word_1_296' title='bbox 2810 2741 2986 2808; x_wconf 76' lang='grc' dir='ltr'>φωτός</span> <span class='ocrx_word' id='word_1_297' title='bbox 3009 2758 3022 2773; x_wconf 75' lang='grc'><strong><em>⁸</em></strong></span> <span class='ocrx_word' id='word_1_298' title='bbox 3056 2741 3208 2796; x_wconf 80' lang='grc' dir='ltr'>ἄλλοι</span> <span class='ocrx_word' id='word_1_299' title='bbox 3239 2739 3294 2793; x_wconf 79' lang='grc' dir='ltr'><strong>δὲ</strong></span> <span class='ocrx_word' id='word_1_300' title='bbox 3331 2739 3448 2808; x_wconf 82' lang='grc' dir='ltr'>φῶς</span> <span class='ocrx_word' id='word_1_301' title='bbox 3481 2737 3574 2791; x_wconf 86' lang='grc' dir='ltr'><strong>νῦν</strong></span> <span class='ocrx_word' id='word_1_302' title='bbox 3629 2737 3731 2804; x_wconf 81' lang='grc' dir='ltr'>τὴν</span> 
     </span>
    </p>
   </div>
   <div class='ocr_carea' id='block_1_49' title="bbox 2139 2831 3592 2907">
    <p class='ocr_par' dir='ltr' id='par_1_49' title="bbox 2139 2831 3592 2907">
     <span class='ocr_line' id='line_1_49' title="bbox 2139 2831 3592 2907; baseline 0.001 -24"><span class='ocrx_word' id='word_1_303' title='bbox 2139 2831 2495 2902; x_wconf 83' lang='grc' dir='ltr'>καθαρότητα</span> <span class='ocrx_word' id='word_1_304' title='bbox 2523 2836 2848 2902; x_wconf 81' lang='grc' dir='ltr'>νενοήκασιν</span> <span class='ocrx_word' id='word_1_305' title='bbox 2875 2854 2886 2866; x_wconf 90' lang='grc'><strong>·</strong></span> <span class='ocrx_word' id='word_1_306' title='bbox 2923 2838 3106 2907; x_wconf 77' lang='grc' dir='ltr'>ἕτεροι</span> <span class='ocrx_word' id='word_1_307' title='bbox 3142 2837 3196 2888; x_wconf 85' lang='grc' dir='ltr'><strong>δὲ</strong></span> <span class='ocrx_word' id='word_1_308' title='bbox 3231 2836 3329 2904; x_wconf 79' lang='grc' dir='ltr'><strong>τὴν</strong></span> <span class='ocrx_word' id='word_1_309' title='bbox 3368 2835 3592 2902; x_wconf 81' lang='grc' dir='ltr'>γνῶσιν.</span> 
     </span>
    </p>
   </div>
   <div class='ocr_carea' id='block_1_50' title="bbox 447 2919 3730 3001">
    <p class='ocr_par' dir='ltr' id='par_1_50' title="bbox 447 2919 3730 3001">
     <span class='ocr_line' id='line_1_50' title="bbox 447 2919 3730 3001; baseline 0.001 -26"><span class='ocrx_word' id='word_1_310' title='bbox 447 2920 604 2986; x_wconf 82' lang='lat' dir='ltr'><strong>Quod</strong></span> <span class='ocrx_word' id='word_1_311' title='bbox 640 2920 686 2976; x_wconf 89' lang='lat' dir='ltr'><strong>si</strong></span> <span class='ocrx_word' id='word_1_312' title='bbox 714 2921 955 2976; x_wconf 85' lang='lat' dir='ltr'><strong>exterior</strong></span> <span class='ocrx_word' id='word_1_313' title='bbox 986 2919 1082 2975; x_wconf 86' lang='lat' dir='ltr'><strong>Dei</strong></span> <span class='ocrx_word' id='word_1_314' title='bbox 1137 2922 1253 2984; x_wconf 71' lang='lat' dir='ltr'><strong>lux,</strong></span> <span class='ocrx_word' id='word_1_315' title='bbox 1287 2931 1341 2975; x_wconf 83' lang='lat' dir='ltr'><strong>et</strong></span> <span class='ocrx_word' id='word_1_316' title='bbox 1367 2939 1476 2993; x_wconf 89' lang='lat' dir='ltr'><strong>qua</strong></span> <span class='ocrx_word' id='word_1_317' title='bbox 1516 2925 1898 2980; x_wconf 77' lang='lat' dir='ltr'><strong>circumdatur</strong></span> <span class='ocrx_word' id='word_1_318' title='bbox 1932 2926 2340 2986; x_wconf 88' lang='lat' dir='ltr'><strong>inaccessibilis</strong></span> <span class='ocrx_word' id='word_1_319' title='bbox 2377 2941 2482 2997; x_wconf 86' lang='lat' dir='ltr'><strong>est,</strong></span> <span class='ocrx_word' id='word_1_320' title='bbox 2520 2943 2732 3001; x_wconf 87' lang='lat' dir='ltr'><strong>quanto</strong></span> <span class='ocrx_word' id='word_1_321' title='bbox 2764 2931 2940 2999; x_wconf 79' lang='lat' dir='ltr'><strong>magis</strong></span> <span class='ocrx_word' id='word_1_322' title='bbox 3010 2932 3061 2984; x_wconf 85' lang='lat' dir='ltr'><strong>id</strong></span> <span class='ocrx_word' id='word_1_323' title='bbox 3127 2927 3272 2998; x_wconf 85' lang='lat' dir='ltr'><strong>quod</strong></span> <span class='ocrx_word' id='word_1_324' title='bbox 3337 2929 3388 2980; x_wconf 90' lang='lat' dir='ltr'><strong>in</strong></span> <span class='ocrx_word' id='word_1_325' title='bbox 3445 2942 3507 2980; x_wconf 85' lang='lat' dir='ltr'><strong>ea</strong></span> <span class='ocrx_word' id='word_1_326' title='bbox 3588 2927 3730 2993; x_wconf 72' lang='lat' dir='ltr'><strong>tegi-</strong></span> 
     </span>
    </p>
   </div>
   <div class='ocr_carea' id='block_1_51' title="bbox 451 3017 3729 3099">
    <p class='ocr_par' dir='ltr' id='par_1_51' title="bbox 451 3017 3729 3099">
     <span class='ocr_line' id='line_1_51' title="bbox 451 3017 3729 3099; baseline 0.002 -31"><span class='ocrx_word' id='word_1_327' title='bbox 451 3027 560 3082; x_wconf 87' lang='lat' dir='ltr'><strong>tur,</strong></span> <span class='ocrx_word' id='word_1_328' title='bbox 591 3017 763 3073; x_wconf 87' lang='lat' dir='ltr'><strong>videri</strong></span> <span class='ocrx_word' id='word_1_329' title='bbox 800 3032 908 3071; x_wconf 88' lang='lat' dir='ltr'><strong>non</strong></span> <span class='ocrx_word' id='word_1_330' title='bbox 937 3018 1138 3088; x_wconf 87' lang='lat' dir='ltr'><strong>poterit</strong></span> <span class='ocrx_word' id='word_1_331' title='bbox 1167 3018 1190 3072; x_wconf 88' lang='lat'><strong>?</strong></span> <span class='ocrx_word' id='word_1_332' title='bbox 1219 3019 1493 3075; x_wconf 71' lang='lat' dir='ltr'><strong>Caeterum</strong></span> <span class='ocrx_word' id='word_1_333' title='bbox 1549 3023 1640 3076; x_wconf 87' lang='lat' dir='ltr'><strong>alii</strong></span> <span class='ocrx_word' id='word_1_334' title='bbox 1675 3037 1772 3093; x_wconf 90' lang='lat' dir='ltr'><strong>per</strong></span> <span class='ocrx_word' id='word_1_335' title='bbox 1813 3024 2016 3093; x_wconf 84' lang='lat' dir='ltr'><strong>lucem,</strong></span> <span class='ocrx_word' id='word_1_336' title='bbox 2057 3029 2409 3095; x_wconf 82' lang='lat' dir='ltr'><strong>munditiam,</strong></span> <span class='ocrx_word' id='word_1_337' title='bbox 2437 3029 2529 3084; x_wconf 89' lang='lat' dir='ltr'><strong>alii</strong></span> <span class='ocrx_word' id='word_1_338' title='bbox 2559 3029 2957 3099; x_wconf 74' lang='lat' dir='ltr'><strong>cogitationem</strong></span> <span class='ocrx_word' id='word_1_339' title='bbox 3020 3034 3076 3079; x_wconf 89' lang='lat' dir='ltr'><strong>et</strong></span> <span class='ocrx_word' id='word_1_340' title='bbox 3141 3023 3430 3079; x_wconf 83' lang='lat' dir='ltr'><strong>scientiam</strong></span> <span class='ocrx_word' id='word_1_341' title='bbox 3503 3019 3729 3077; x_wconf 84' lang='lat' dir='ltr'><strong>intelle-</strong></span> 
     </span>
    </p>
   </div>
   <div class='ocr_carea' id='block_1_52' title="bbox 449 3128 670 3172">
    <p class='ocr_par' dir='ltr' id='par_1_52' title="bbox 449 3128 670 3172">
     <span class='ocr_line' id='line_1_52' title="bbox 449 3128 670 3172; baseline 0.005 -3"><span class='ocrx_word' id='word_1_342' title='bbox 449 3128 670 3172; x_wconf 78' lang='lat' dir='ltr'><strong>xerunt.</strong></span> 
     </span>
    </p>
   </div>
   <div class='ocr_carea' id='block_1_53' title="bbox 523 3212 2034 3293">
    <p class='ocr_par' dir='ltr' id='par_1_53' title="bbox 523 3212 2034 3293">
     <span class='ocr_line' id='line_1_53' title="bbox 523 3212 2034 3293; baseline 0.009 -29"><span class='ocrx_word' id='word_1_343' title='bbox 523 3212 691 3269; x_wconf 72' lang='lat' dir='ltr'><strong>Vens.</strong></span> <span class='ocrx_word' id='word_1_344' title='bbox 731 3217 786 3270; x_wconf 79' lang='lat'><strong>&#39;5.</strong></span> <span class='ocrx_word' id='word_1_345' title='bbox 822 3217 1121 3274; x_wconf 73' lang='lat' dir='ltr'><strong>Extendens</strong></span> <span class='ocrx_word' id='word_1_346' title='bbox 1157 3221 1343 3276; x_wconf 71' lang='lat' dir='ltr'><strong>uelum</strong></span> <span class='ocrx_word' id='word_1_347' title='bbox 1365 3221 1750 3293; x_wconf 83' lang='lat' dir='ltr'><strong>quasipellem.</strong></span> <span class='ocrx_word' id='word_1_348' title='bbox 1780 3220 2034 3288; x_wconf 84' lang='lat' dir='ltr'><strong>Domine,</strong></span> 
     </span>
    </p>
   </div>
   <div class='ocr_carea' id='block_1_54' title="bbox 454 3307 2036 3386">
    <p class='ocr_par' dir='ltr' id='par_1_54' title="bbox 454 3307 2036 3386">
     <span class='ocr_line' id='line_1_54' title="bbox 454 3307 2036 3386; baseline 0.007 -26"><span class='ocrx_word' id='word_1_349' title='bbox 454 3307 654 3378; x_wconf 88' lang='lat' dir='ltr'><strong>inquit,</strong></span> <span class='ocrx_word' id='word_1_350' title='bbox 687 3309 832 3366; x_wconf 89' lang='lat' dir='ltr'><strong>Deus</strong></span> <span class='ocrx_word' id='word_1_351' title='bbox 864 3329 1044 3378; x_wconf 81' lang='lat' dir='ltr'><strong>meus,</strong></span> <span class='ocrx_word' id='word_1_352' title='bbox 1075 3315 1462 3386; x_wconf 89' lang='lat' dir='ltr'><strong>magniﬁcatus</strong></span> <span class='ocrx_word' id='word_1_353' title='bbox 1489 3334 1549 3372; x_wconf 88' lang='lat' dir='ltr'><strong>es</strong></span> <span class='ocrx_word' id='word_1_354' title='bbox 1570 3320 1951 3384; x_wconf 86' lang='lat' dir='ltr'><strong>vehementer,</strong></span> <span class='ocrx_word' id='word_1_355' title='bbox 1978 3328 2036 3371; x_wconf 91' lang='lat' dir='ltr'><strong>tu</strong></span> 
     </span>
    </p>
   </div>
   <div class='ocr_carea' id='block_1_55' title="bbox 454 3401 2051 3476">
    <p class='ocr_par' dir='ltr' id='par_1_55' title="bbox 454 3401 2051 3476">
     <span class='ocr_line' id='line_1_55' title="bbox 454 3401 2051 3476; baseline 0.005 -22"><span class='ocrx_word' id='word_1_356' title='bbox 454 3401 568 3455; x_wconf 74' lang='lat' dir='ltr'><strong>lure</strong></span> <span class='ocrx_word' id='word_1_357' title='bbox 594 3411 758 3471; x_wconf 88' lang='lat' dir='ltr'><strong>atque</strong></span> <span class='ocrx_word' id='word_1_358' title='bbox 789 3403 877 3459; x_wconf 89' lang='lat' dir='ltr'><strong>illa</strong></span> <span class='ocrx_word' id='word_1_359' title='bbox 895 3414 1156 3476; x_wconf 89' lang='lat' dir='ltr'><strong>operatus</strong></span> <span class='ocrx_word' id='word_1_360' title='bbox 1178 3423 1269 3476; x_wconf 88' lang='lat' dir='ltr'><strong>es;</strong></span> <span class='ocrx_word' id='word_1_361' title='bbox 1293 3419 1349 3463; x_wconf 93' lang='lat' dir='ltr'><strong>tu</strong></span> <span class='ocrx_word' id='word_1_362' title='bbox 1379 3409 1536 3463; x_wconf 83' lang='lat' dir='ltr'><strong>facile</strong></span> <span class='ocrx_word' id='word_1_363' title='bbox 1571 3412 1768 3465; x_wconf 63' lang='lat' dir='ltr'><strong>caelum</strong></span> <span class='ocrx_word' id='word_1_364' title='bbox 1799 3409 2051 3465; x_wconf 65' lang='lat' dir='ltr'><strong>extendio</strong></span> 
     </span>
    </p>
   </div>
   <div class='ocr_carea' id='block_1_56' title="bbox 456 3494 2051 3570">
    <p class='ocr_par' dir='ltr' id='par_1_56' title="bbox 456 3494 2051 3570">
     <span class='ocr_line' id='line_1_56' title="bbox 456 3494 2051 3570; baseline 0.008 -27"><span class='ocrx_word' id='word_1_365' title='bbox 456 3494 549 3556; x_wconf 85' lang='lat' dir='ltr'><strong>sti,</strong></span> <span class='ocrx_word' id='word_1_366' title='bbox 588 3510 688 3551; x_wconf 86' lang='lat' dir='ltr'><strong>nec</strong></span> <span class='ocrx_word' id='word_1_367' title='bbox 715 3511 875 3551; x_wconf 89' lang='lat' dir='ltr'><strong>secus</strong></span> <span class='ocrx_word' id='word_1_368' title='bbox 907 3513 970 3554; x_wconf 90' lang='lat' dir='ltr'><strong>ac</strong></span> <span class='ocrx_word' id='word_1_369' title='bbox 999 3499 1044 3556; x_wconf 92' lang='lat' dir='ltr'><strong>si</strong></span> <span class='ocrx_word' id='word_1_370' title='bbox 1070 3501 1195 3570; x_wconf 91' lang='lat' dir='ltr'><strong>quis</strong></span> <span class='ocrx_word' id='word_1_371' title='bbox 1236 3500 1425 3570; x_wconf 90' lang='lat' dir='ltr'><strong>pellem</strong></span> <span class='ocrx_word' id='word_1_372' title='bbox 1467 3502 1742 3556; x_wconf 85' lang='lat' dir='ltr'><strong>extendat.</strong></span> <span class='ocrx_word' id='word_1_373' title='bbox 1780 3501 1847 3556; x_wconf 86' lang='lat' dir='ltr'><strong>Et</strong></span> <span class='ocrx_word' id='word_1_374' title='bbox 1885 3497 2051 3556; x_wconf 85' lang='lat' dir='ltr'><strong>David</strong></span> 
     </span>
    </p>
   </div>
   <div class='ocr_carea' id='block_1_57' title="bbox 460 3586 2052 3664">
    <p class='ocr_par' dir='ltr' id='par_1_57' title="bbox 460 3586 2052 3664">
     <span class='ocr_line' id='line_1_57' title="bbox 460 3586 2052 3664; baseline 0.006 -26"><span class='ocrx_word' id='word_1_375' title='bbox 460 3586 682 3653; x_wconf 87' lang='lat' dir='ltr'><strong>quidem</strong></span> <span class='ocrx_word' id='word_1_376' title='bbox 717 3587 818 3643; x_wconf 88' lang='lat' dir='ltr'><strong>hoc</strong></span> <span class='ocrx_word' id='word_1_377' title='bbox 841 3599 1002 3660; x_wconf 85' lang='lat' dir='ltr'><strong>pacto</strong></span> <span class='ocrx_word' id='word_1_378' title='bbox 1027 3608 1127 3648; x_wconf 91' lang='lat' dir='ltr'><strong>nos</strong></span> <span class='ocrx_word' id='word_1_379' title='bbox 1151 3593 1330 3658; x_wconf 85' lang='lat' dir='ltr'><strong>docet,</strong></span> <span class='ocrx_word' id='word_1_380' title='bbox 1357 3610 1520 3664; x_wconf 89' lang='lat' dir='ltr'><strong>quam</strong></span> <span class='ocrx_word' id='word_1_381' title='bbox 1557 3596 1716 3652; x_wconf 77' lang='lat' dir='ltr'><strong>facile</strong></span> <span class='ocrx_word' id='word_1_382' title='bbox 1746 3596 1857 3650; x_wconf 91' lang='lat' dir='ltr'><strong>Deo</strong></span> <span class='ocrx_word' id='word_1_383' title='bbox 1886 3591 2052 3650; x_wconf 75' lang='lat' dir='ltr'><strong>fuerit</strong></span> 
     </span>
    </p>
   </div>
   <div class='ocr_carea' id='block_1_58' title="bbox 462 3679 2048 3758">
    <p class='ocr_par' dir='ltr' id='par_1_58' title="bbox 462 3679 2048 3758">
     <span class='ocr_line' id='line_1_58' title="bbox 462 3679 2048 3758; baseline 0.009 -29"><span class='ocrx_word' id='word_1_384' title='bbox 462 3679 664 3734; x_wconf 77' lang='lat' dir='ltr'><strong>cmlum</strong></span> <span class='ocrx_word' id='word_1_385' title='bbox 701 3697 909 3738; x_wconf 89' lang='lat' dir='ltr'><strong>creare.</strong></span> <span class='ocrx_word' id='word_1_386' title='bbox 966 3685 1137 3741; x_wconf 88' lang='lat' dir='ltr'><strong>Isaias</strong></span> <span class='ocrx_word' id='word_1_387' title='bbox 1191 3697 1374 3741; x_wconf 87' lang='lat' dir='ltr'><strong>autem</strong></span> <span class='ocrx_word' id='word_1_388' title='bbox 1423 3692 1530 3742; x_wconf 89' lang='lat' dir='ltr'><strong>alia</strong></span> <span class='ocrx_word' id='word_1_389' title='bbox 1593 3688 1826 3758; x_wconf 76' lang='lat' dir='ltr'><strong>quadam</strong></span> <span class='ocrx_word' id='word_1_390' title='bbox 1884 3697 2048 3757; x_wconf 86' lang='lat' dir='ltr'><strong>atque</strong></span> 
     </span>
    </p>
   </div>
   <div class='ocr_carea' id='block_1_59' title="bbox 463 3773 2047 3847">
    <p class='ocr_par' dir='ltr' id='par_1_59' title="bbox 463 3773 2047 3847">
     <span class='ocr_line' id='line_1_59' title="bbox 463 3773 2047 3847; baseline 0.002 -20"><span class='ocrx_word' id='word_1_391' title='bbox 463 3773 699 3845; x_wconf 83' lang='lat' dir='ltr'><strong>eleganti</strong></span> <span class='ocrx_word' id='word_1_392' title='bbox 735 3778 1096 3834; x_wconf 87' lang='lat' dir='ltr'><strong>translatione</strong></span> <span class='ocrx_word' id='word_1_393' title='bbox 1120 3797 1278 3847; x_wconf 90' lang='lat' dir='ltr'><strong>usus,</strong></span> <span class='ocrx_word' id='word_1_394' title='bbox 1312 3782 1459 3836; x_wconf 92' lang='lat' dir='ltr'><strong>illius</strong></span> <span class='ocrx_word' id='word_1_395' title='bbox 1490 3782 1656 3835; x_wconf 90' lang='lat' dir='ltr'><strong>etiam</strong></span> <span class='ocrx_word' id='word_1_396' title='bbox 1685 3781 2047 3836; x_wconf 81' lang='lat' dir='ltr'><strong>immobilita-</strong></span> 
     </span>
    </p>
   </div>
   <div class='ocr_carea' id='block_1_60' title="bbox 466 3868 2043 3939">
    <p class='ocr_par' dir='ltr' id='par_1_60' title="bbox 466 3868 2043 3939">
     <span class='ocr_line' id='line_1_60' title="bbox 466 3868 2043 3939; baseline 0.004 -21"><span class='ocrx_word' id='word_1_397' title='bbox 466 3875 574 3918; x_wconf 88' lang='lat' dir='ltr'><strong>tem</strong></span> <span class='ocrx_word' id='word_1_398' title='bbox 615 3882 680 3921; x_wconf 88' lang='lat' dir='ltr'><strong>ac</strong></span> <span class='ocrx_word' id='word_1_399' title='bbox 716 3868 941 3939; x_wconf 86' lang='lat' dir='ltr'><strong>ﬁguram</strong></span> <span class='ocrx_word' id='word_1_400' title='bbox 981 3871 1405 3938; x_wconf 87' lang='lat' dir='ltr'><strong>demonstravit,</strong></span> <span class='ocrx_word' id='word_1_401' title='bbox 1441 3875 1632 3927; x_wconf 87' lang='lat' dir='ltr'><strong>dicens</strong></span> <span class='ocrx_word' id='word_1_402' title='bbox 1663 3891 1676 3927; x_wconf 90' lang='lat'>:</span> <span class='ocrx_word' id='word_1_403' title='bbox 1712 3872 1816 3937; x_wconf 81' lang='lat' dir='ltr'><strong>Qui</strong></span> <span class='ocrx_word' id='word_1_404' title='bbox 1851 3874 2043 3926; x_wconf 82' lang='lat' dir='ltr'><strong>statuit</strong></span> 
     </span>
    </p>
   </div>
   <div class='ocr_carea' id='block_1_61' title="bbox 464 3960 2045 4034">
    <p class='ocr_par' dir='ltr' id='par_1_61' title="bbox 464 3960 2045 4034">
     <span class='ocr_line' id='line_1_61' title="bbox 464 3960 2045 4034; baseline 0.003 -21"><span class='ocrx_word' id='word_1_405' title='bbox 464 3960 650 4013; x_wconf 70' lang='lat' dir='ltr'><strong>cazlum</strong></span> <span class='ocrx_word' id='word_1_406' title='bbox 681 3963 835 4031; x_wconf 86' lang='lat' dir='ltr'><strong>quasi</strong></span> <span class='ocrx_word' id='word_1_407' title='bbox 885 3980 1152 4020; x_wconf 86' lang='lat' dir='ltr'><strong>cameram</strong></span> <span class='ocrx_word' id='word_1_408' title='bbox 1182 3966 1246 4024; x_wconf 80' lang='grc'><strong>³³.</strong></span> <span class='ocrx_word' id='word_1_409' title='bbox 1303 3967 1462 4034; x_wconf 88' lang='lat' dir='ltr'><strong>Quod</strong></span> <span class='ocrx_word' id='word_1_410' title='bbox 1506 3966 1550 4020; x_wconf 87' lang='lat' dir='ltr'><strong>si</strong></span> <span class='ocrx_word' id='word_1_411' title='bbox 1586 3965 1778 4033; x_wconf 82' lang='lat' dir='ltr'><strong>pellem</strong></span> <span class='ocrx_word' id='word_1_412' title='bbox 1837 3979 1934 4034; x_wconf 89' lang='lat' dir='ltr'><strong>pro</strong></span> <span class='ocrx_word' id='word_1_413' title='bbox 1967 3973 2045 4018; x_wconf 82' lang='lat' dir='ltr'><strong>ta-</strong></span> 
     </span>
    </p>
   </div>
   <div class='ocr_carea' id='block_1_62' title="bbox 464 4053 2048 4127">
    <p class='ocr_par' dir='ltr' id='par_1_62' title="bbox 464 4053 2048 4127">
     <span class='ocr_line' id='line_1_62' title="bbox 464 4053 2048 4127; baseline 0.003 -21"><span class='ocrx_word' id='word_1_414' title='bbox 464 4053 770 4110; x_wconf 84' lang='lat' dir='ltr'><strong>bernaeulo</strong></span> <span class='ocrx_word' id='word_1_415' title='bbox 811 4055 1174 4123; x_wconf 77' lang='lat' dir='ltr'><strong>intellexeris,</strong></span> <span class='ocrx_word' id='word_1_416' title='bbox 1230 4059 1480 4114; x_wconf 86' lang='lat' dir='ltr'><strong>dicemus</strong></span> <span class='ocrx_word' id='word_1_417' title='bbox 1514 4059 1739 4127; x_wconf 88' lang='lat' dir='ltr'><strong>ﬁguram</strong></span> <span class='ocrx_word' id='word_1_418' title='bbox 1764 4056 1887 4111; x_wconf 65' lang='lat' dir='ltr'><strong>coeli</strong></span> <span class='ocrx_word' id='word_1_419' title='bbox 1947 4056 2048 4110; x_wconf 87' lang='lat' dir='ltr'><strong>hoc</strong></span> 
     </span>
    </p>
   </div>
   <div class='ocr_carea' id='block_1_63' title="bbox 467 4139 2039 4222">
    <p class='ocr_par' dir='ltr' id='par_1_63' title="bbox 467 4139 2039 4222">
     <span class='ocr_line' id='line_1_63' title="bbox 467 4139 2039 4222; baseline 0 -22"><span class='ocrx_word' id='word_1_420' title='bbox 467 4161 721 4202; x_wconf 87' lang='lat' dir='ltr'><strong>sermone</strong></span> <span class='ocrx_word' id='word_1_421' title='bbox 751 4149 1071 4219; x_wconf 83' lang='lat' dir='ltr'><strong>signiﬁcari.</strong></span> <span class='ocrx_word' id='word_1_422' title='bbox 1097 4150 1228 4205; x_wconf 88' lang='lat' dir='ltr'><strong>Erat</strong></span> <span class='ocrx_word' id='word_1_423' title='bbox 1268 4143 1471 4222; x_wconf 84' lang='lat' dir='ltr'><strong>quippe</strong></span> <span class='ocrx_word' id='word_1_424' title='bbox 1499 4139 1922 4204; x_wconf 67' lang='lat' dir='ltr'><strong>tabernaculum</strong></span> <span class='ocrx_word' id='word_1_425' title='bbox 1952 4148 2039 4200; x_wconf 92' lang='lat' dir='ltr'><strong>in-</strong></span> 
     </span>
    </p>
   </div>
   <div class='ocr_carea' id='block_1_64' title="bbox 2228 3209 3732 3285">
    <p class='ocr_par' dir='ltr' id='par_1_64' title="bbox 2228 3209 3732 3285">
     <span class='ocr_line' id='line_1_64' title="bbox 2228 3209 3732 3285; baseline -0.011 -9"><span class='ocrx_word' id='word_1_426' title='bbox 2228 3223 2292 3276; x_wconf 81' lang='lat'><strong>‘0</strong></span> <span class='ocrx_word' id='word_1_427' title='bbox 2331 3218 2610 3276; x_wconf 75' lang='grc' dir='ltr'>ἐκτείνων</span> <span class='ocrx_word' id='word_1_428' title='bbox 2643 3219 2748 3274; x_wconf 82' lang='grc' dir='ltr'>τὸν</span> <span class='ocrx_word' id='word_1_429' title='bbox 2793 3215 3055 3285; x_wconf 76' lang='grc' dir='ltr'>οὐρανόν</span> <span class='ocrx_word' id='word_1_430' title='bbox 3088 3213 3228 3268; x_wconf 73' lang='grc' dir='ltr'>ὡσεὶ</span> <span class='ocrx_word' id='word_1_431' title='bbox 3270 3212 3490 3281; x_wconf 76' lang='grc' dir='ltr'>δέρῤιν.</span> <span class='ocrx_word' id='word_1_432' title='bbox 3529 3209 3732 3279; x_wconf 82' lang='grc' dir='ltr'>Κύριε,</span> 
     </span>
    </p>
   </div>
   <div class='ocr_carea' id='block_1_65' title="bbox 2151 3301 3735 3386">
    <p class='ocr_par' dir='ltr' id='par_1_65' title="bbox 2151 3301 3735 3386">
     <span class='ocr_line' id='line_1_65' title="bbox 2151 3301 3735 3386; baseline -0.011 -17"><span class='ocrx_word' id='word_1_433' title='bbox 2151 3316 2338 3386; x_wconf 70' lang='grc' dir='ltr'>φησὶν,</span> <span class='ocrx_word' id='word_1_434' title='bbox 2371 3316 2398 3368; x_wconf 87' lang='grc' dir='ltr'>ὁ</span> <span class='ocrx_word' id='word_1_435' title='bbox 2432 3314 2567 3376; x_wconf 78' lang='grc' dir='ltr'>Θεός</span> <span class='ocrx_word' id='word_1_436' title='bbox 2605 3331 2726 3383; x_wconf 87' lang='grc' dir='ltr'>μου,</span> <span class='ocrx_word' id='word_1_437' title='bbox 2763 3308 3144 3383; x_wconf 79' lang='grc' dir='ltr'>ὲμεγαλύνθης</span> <span class='ocrx_word' id='word_1_438' title='bbox 3175 3305 3382 3373; x_wconf 84' lang='grc' dir='ltr'>σφόδρα</span> <span class='ocrx_word' id='word_1_439' title='bbox 3404 3320 3416 3331; x_wconf 90' lang='grc'><strong>·</strong></span> <span class='ocrx_word' id='word_1_440' title='bbox 3449 3301 3513 3354; x_wconf 78' lang='grc' dir='ltr'><strong>σὺ</strong></span> <span class='ocrx_word' id='word_1_441' title='bbox 3540 3305 3567 3354; x_wconf 89' lang='grc' dir='ltr'><strong>ό</strong></span> <span class='ocrx_word' id='word_1_442' title='bbox 3613 3319 3735 3354; x_wconf 86' lang='grc' dir='ltr'>ποι-</span> 
     </span>
    </p>
   </div>
   <div class='ocr_carea' id='block_1_66' title="bbox 2152 3393 3736 3477">
    <p class='ocr_par' dir='ltr' id='par_1_66' title="bbox 2152 3393 3736 3477">
     <span class='ocr_line' id='line_1_66' title="bbox 2152 3393 3736 3477; baseline -0.011 -19"><span class='ocrx_word' id='word_1_443' title='bbox 2152 3409 2289 3477; x_wconf 81' lang='grc' dir='ltr'>ἡσας</span> <span class='ocrx_word' id='word_1_444' title='bbox 2320 3407 2450 3460; x_wconf 79' lang='grc' dir='ltr'>τάδε</span> <span class='ocrx_word' id='word_1_445' title='bbox 2494 3402 2590 3459; x_wconf 71' lang='grc' dir='ltr'>καὶ</span> <span class='ocrx_word' id='word_1_446' title='bbox 2624 3400 2750 3459; x_wconf 75' lang='grc' dir='ltr'>τάδε</span> <span class='ocrx_word' id='word_1_447' title='bbox 2779 3421 2792 3436; x_wconf 89' lang='grc'><strong>·</strong></span> <span class='ocrx_word' id='word_1_448' title='bbox 2840 3403 2868 3456; x_wconf 79' lang='grc' dir='ltr'>ὁ</span> <span class='ocrx_word' id='word_1_449' title='bbox 2904 3401 3164 3455; x_wconf 77' lang='grc' dir='ltr'>ἐκτείνων</span> <span class='ocrx_word' id='word_1_450' title='bbox 3203 3395 3296 3451; x_wconf 75' lang='grc' dir='ltr'>τὸν</span> <span class='ocrx_word' id='word_1_451' title='bbox 3328 3393 3557 3466; x_wconf 74' lang='grc' dir='ltr'>οὐρανὸν</span> <span class='ocrx_word' id='word_1_452' title='bbox 3584 3393 3736 3446; x_wconf 70' lang='grc' dir='ltr'>οὕτω</span> 
     </span>
    </p>
   </div>
   <div class='ocr_carea' id='block_1_67' title="bbox 2151 3483 3735 3568">
    <p class='ocr_par' dir='ltr' id='par_1_67' title="bbox 2151 3483 3735 3568">
     <span class='ocr_line' id='line_1_67' title="bbox 2151 3483 3735 3568; baseline -0.011 -16"><span class='ocrx_word' id='word_1_453' title='bbox 2151 3499 2414 3568; x_wconf 79' lang='grc' dir='ltr'><strong>εὐχερῶς,</strong></span> <span class='ocrx_word' id='word_1_454' title='bbox 2469 3499 2546 3560; x_wconf 82' lang='grc' dir='ltr'><strong>ὡς</strong></span> <span class='ocrx_word' id='word_1_455' title='bbox 2597 3495 2829 3549; x_wconf 77' lang='grc' dir='ltr'>ἐκτείνει</span> <span class='ocrx_word' id='word_1_456' title='bbox 2877 3513 2961 3556; x_wconf 82' lang='grc' dir='ltr'><strong>τις</strong></span> <span class='ocrx_word' id='word_1_457' title='bbox 2984 3494 3186 3562; x_wconf 75' lang='grc' dir='ltr'>δέρμα.</span> <span class='ocrx_word' id='word_1_458' title='bbox 3228 3485 3390 3543; x_wconf 71' lang='grc' dir='ltr'>’Λλλὰ</span> <span class='ocrx_word' id='word_1_459' title='bbox 3429 3485 3592 3541; x_wconf 75' lang='grc' dir='ltr'><strong>Δαὸὶδ</strong></span> <span class='ocrx_word' id='word_1_460' title='bbox 3635 3483 3735 3555; x_wconf 74' lang='grc' dir='ltr'>μὲν</span> 
     </span>
    </p>
   </div>
   <div class='ocr_carea' id='block_1_68' title="bbox 2149 3578 3736 3663">
    <p class='ocr_par' dir='ltr' id='par_1_68' title="bbox 2149 3578 3736 3663">
     <span class='ocr_line' id='line_1_68' title="bbox 2149 3578 3736 3663; baseline -0.01 -19"><span class='ocrx_word' id='word_1_461' title='bbox 2149 3591 2208 3644; x_wconf 83' lang='grc' dir='ltr'>τὸ</span> <span class='ocrx_word' id='word_1_462' title='bbox 2236 3589 2421 3663; x_wconf 74' lang='grc' dir='ltr'>ῥᾴδιον</span> <span class='ocrx_word' id='word_1_463' title='bbox 2453 3591 2554 3659; x_wconf 80' lang='grc' dir='ltr'><strong>τῆς</strong></span> <span class='ocrx_word' id='word_1_464' title='bbox 2582 3589 2675 3642; x_wconf 89' lang='grc' dir='ltr'><strong>τοῦ</strong></span> <span class='ocrx_word' id='word_1_465' title='bbox 2701 3586 2935 3658; x_wconf 81' lang='grc' dir='ltr'>οὐρανοῦ</span> <span class='ocrx_word' id='word_1_466' title='bbox 2965 3582 3308 3657; x_wconf 79' lang='grc' dir='ltr'>παραγωγῆς</span> <span class='ocrx_word' id='word_1_467' title='bbox 3351 3579 3520 3639; x_wconf 75' lang='grc' dir='ltr'>οὕτως</span> <span class='ocrx_word' id='word_1_468' title='bbox 3552 3578 3736 3630; x_wconf 77' lang='grc' dir='ltr'>ἐδίδα-</span> 
     </span>
    </p>
   </div>
   <div class='ocr_carea' id='block_1_69' title="bbox 2151 3669 3737 3748">
    <p class='ocr_par' dir='ltr' id='par_1_69' title="bbox 2151 3669 3737 3748">
     <span class='ocr_line' id='line_1_69' title="bbox 2151 3669 3737 3748; baseline -0.011 -11"><span class='ocrx_word' id='word_1_469' title='bbox 2151 3680 2260 3748; x_wconf 80' lang='grc' dir='ltr'>ξεν.</span> <span class='ocrx_word' id='word_1_470' title='bbox 2300 3683 2532 3744; x_wconf 75' lang='grc' dir='ltr'>Ἡσαΐας</span> <span class='ocrx_word' id='word_1_471' title='bbox 2562 3683 2617 3734; x_wconf 79' lang='grc' dir='ltr'><strong>δὲ</strong></span> <span class='ocrx_word' id='word_1_472' title='bbox 2672 3681 2731 3733; x_wconf 75' lang='grc' dir='ltr'>τὸ</span> <span class='ocrx_word' id='word_1_473' title='bbox 2767 3680 3030 3747; x_wconf 83' lang='grc' dir='ltr'>ἀκίνητον</span> <span class='ocrx_word' id='word_1_474' title='bbox 3060 3676 3227 3730; x_wconf 81' lang='grc' dir='ltr'>αὐτοῦ</span> <span class='ocrx_word' id='word_1_475' title='bbox 3257 3675 3597 3744; x_wconf 84' lang='grc' dir='ltr'>παρέστησε,</span> <span class='ocrx_word' id='word_1_476' title='bbox 3643 3669 3737 3722; x_wconf 81' lang='grc' dir='ltr'><strong>καὶ</strong></span> 
     </span>
    </p>
   </div>
   <div class='ocr_carea' id='block_1_70' title="bbox 2147 3763 3735 3845">
    <p class='ocr_par' dir='ltr' id='par_1_70' title="bbox 2147 3763 3735 3845">
     <span class='ocr_line' id='line_1_70' title="bbox 2147 3763 3735 3845; baseline -0.01 -15"><span class='ocrx_word' id='word_1_477' title='bbox 2147 3777 2208 3830; x_wconf 85' lang='grc' dir='ltr'>τὸ</span> <span class='ocrx_word' id='word_1_478' title='bbox 2226 3777 2434 3845; x_wconf 85' lang='grc' dir='ltr'>σχῆμα,</span> <span class='ocrx_word' id='word_1_479' title='bbox 2458 3775 2632 3842; x_wconf 84' lang='grc' dir='ltr'>λέγων</span> <span class='ocrx_word' id='word_1_480' title='bbox 2653 3789 2666 3803; x_wconf 74' lang='grc'>⁸</span> <span class='ocrx_word' id='word_1_481' title='bbox 2700 3769 2763 3826; x_wconf 79' lang='lat'><strong>&#39;0</strong></span> <span class='ocrx_word' id='word_1_482' title='bbox 2777 3769 3015 3838; x_wconf 75' lang='grc' dir='ltr'>στήσας</span> <span class='ocrx_word' id='word_1_483' title='bbox 3031 3766 3138 3824; x_wconf 82' lang='grc' dir='ltr'>τὸν</span> <span class='ocrx_word' id='word_1_484' title='bbox 3153 3767 3415 3836; x_wconf 73' lang='grc' dir='ltr'>οὐρανὸν</span> <span class='ocrx_word' id='word_1_485' title='bbox 3434 3763 3735 3832; x_wconf 78' lang='grc' dir='ltr'>καμάραν.</span> 
     </span>
    </p>
   </div>
   <div class='ocr_carea' id='block_1_71' title="bbox 2153 3855 3738 3935">
    <p class='ocr_par' dir='ltr' id='par_1_71' title="bbox 2153 3855 3738 3935">
     <span class='ocr_line' id='line_1_71' title="bbox 2153 3855 3738 3935; baseline -0.01 -16"><span class='ocrx_word' id='word_1_486' title='bbox 2153 3865 2216 3919; x_wconf 87' lang='grc' dir='ltr'><strong>Εἰ</strong></span> <span class='ocrx_word' id='word_1_487' title='bbox 2240 3867 2295 3919; x_wconf 86' lang='grc' dir='ltr'><strong>δέ</strong></span> <span class='ocrx_word' id='word_1_488' title='bbox 2323 3883 2385 3934; x_wconf 87' lang='grc' dir='ltr'><strong>γε</strong></span> <span class='ocrx_word' id='word_1_489' title='bbox 2420 3865 2520 3934; x_wconf 81' lang='grc' dir='ltr'><strong>τὴν</strong></span> <span class='ocrx_word' id='word_1_490' title='bbox 2555 3865 2744 3935; x_wconf 75' lang='grc' dir='ltr'>δέρῤιν</span> <span class='ocrx_word' id='word_1_491' title='bbox 2810 3864 3019 3933; x_wconf 81' lang='grc' dir='ltr'>σκηνὴν</span> <span class='ocrx_word' id='word_1_492' title='bbox 3065 3859 3447 3931; x_wconf 80' lang='grc' dir='ltr'>ἑρμηνεύσεις,</span> <span class='ocrx_word' id='word_1_493' title='bbox 3475 3855 3738 3924; x_wconf 76' lang='grc' dir='ltr'>ἐμφαίνει</span> 
     </span>
    </p>
   </div>
   <div class='ocr_carea' id='block_1_72' title="bbox 2154 3945 3735 4027">
    <p class='ocr_par' dir='ltr' id='par_1_72' title="bbox 2154 3945 3735 4027">
     <span class='ocr_line' id='line_1_72' title="bbox 2154 3945 3735 4027; baseline -0.009 -16"><span class='ocrx_word' id='word_1_494' title='bbox 2154 3959 2216 4012; x_wconf 77' lang='grc' dir='ltr'>τὸ</span> <span class='ocrx_word' id='word_1_495' title='bbox 2262 3959 2450 4027; x_wconf 78' lang='grc' dir='ltr'>σχῆμα</span> <span class='ocrx_word' id='word_1_496' title='bbox 2477 3957 2642 4009; x_wconf 79' lang='grc' dir='ltr'>Δαϐίδ</span> <span class='ocrx_word' id='word_1_497' title='bbox 2669 3975 2683 3989; x_wconf 93' lang='grc'><strong>·</strong></span> <span class='ocrx_word' id='word_1_498' title='bbox 2728 3953 3106 4027; x_wconf 77' lang='grc' dir='ltr'>καμαροειδὴς</span> <span class='ocrx_word' id='word_1_499' title='bbox 3129 3955 3237 4023; x_wconf 77' lang='grc' dir='ltr'>γὰρ</span> <span class='ocrx_word' id='word_1_500' title='bbox 3261 3952 3292 4022; x_wconf 83' lang='grc' dir='ltr'><strong>ἡ</strong></span> <span class='ocrx_word' id='word_1_501' title='bbox 3319 3949 3513 4020; x_wconf 77' lang='grc' dir='ltr'>σκηνή.</span> <span class='ocrx_word' id='word_1_502' title='bbox 3551 3945 3735 3999; x_wconf 81' lang='grc' dir='ltr'><strong>Ἀδιά-</strong></span> 
     </span>
    </p>
   </div>
   <div class='ocr_carea' id='block_1_73' title="bbox 2157 4039 3740 4122">
    <p class='ocr_par' dir='ltr' id='par_1_73' title="bbox 2157 4039 3740 4122">
     <span class='ocr_line' id='line_1_73' title="bbox 2157 4039 3740 4122; baseline -0.009 -17"><span class='ocrx_word' id='word_1_503' title='bbox 2157 4066 2323 4122; x_wconf 75' lang='grc' dir='ltr'>φορον</span> <span class='ocrx_word' id='word_1_504' title='bbox 2359 4051 2414 4104; x_wconf 79' lang='grc' dir='ltr'><strong>δὲ</strong></span> <span class='ocrx_word' id='word_1_505' title='bbox 2457 4051 2519 4104; x_wconf 69' lang='grc' dir='ltr'>τὸ</span> <span class='ocrx_word' id='word_1_506' title='bbox 2558 4047 2864 4112; x_wconf 71' lang='grc' dir='ltr'>ἐκτείνων,</span> <span class='ocrx_word' id='word_1_507' title='bbox 2921 4049 3064 4112; x_wconf 78' lang='grc' dir='ltr'>ἀντὶ,</span> <span class='ocrx_word' id='word_1_508' title='bbox 3117 4050 3144 4100; x_wconf 86' lang='grc' dir='ltr'><strong>ό</strong></span> <span class='ocrx_word' id='word_1_509' title='bbox 3196 4043 3479 4106; x_wconf 83' lang='grc' dir='ltr'>ὲκτείνας’</span> <span class='ocrx_word' id='word_1_510' title='bbox 3509 4039 3740 4092; x_wconf 81' lang='grc' dir='ltr'>τοιαῦτα</span> 
     </span>
    </p>
   </div>
   <div class='ocr_carea' id='block_1_74' title="bbox 2157 4140 3278 4215">
    <p class='ocr_par' dir='ltr' id='par_1_74' title="bbox 2157 4140 3278 4215">
     <span class='ocr_line' id='line_1_74' title="bbox 2157 4140 3278 4215; baseline -0.007 -15"><span class='ocrx_word' id='word_1_511' title='bbox 2157 4145 2215 4200; x_wconf 80' lang='grc' dir='ltr'><strong>δὲ</strong></span> <span class='ocrx_word' id='word_1_512' title='bbox 2247 4147 2342 4199; x_wconf 76' lang='grc' dir='ltr'><strong>καὶ</strong></span> <span class='ocrx_word' id='word_1_513' title='bbox 2371 4145 2440 4198; x_wconf 83' lang='grc' dir='ltr'>τὰ</span> <span class='ocrx_word' id='word_1_514' title='bbox 2473 4145 2696 4215; x_wconf 77' lang='grc' dir='ltr'>ἐφεξῆς,</span> <span class='ocrx_word' id='word_1_515' title='bbox 2727 4145 2872 4198; x_wconf 84' lang='grc' dir='ltr'>κατὰ</span> <span class='ocrx_word' id='word_1_516' title='bbox 2904 4140 3278 4212; x_wconf 80' lang='grc' dir='ltr'>ἀντιχρονίαν.</span> 
     </span>
    </p>
   </div>
   <div class='ocr_carea' id='block_1_75' title="bbox 463 4227 3739 4309">
    <p class='ocr_par' dir='ltr' id='par_1_75' title="bbox 463 4227 3739 4309">
     <span class='ocr_line' id='line_1_75' title="bbox 463 4227 3739 4309; baseline -0.003 -20"><span class='ocrx_word' id='word_1_517' title='bbox 463 4242 581 4289; x_wconf 88' lang='lat' dir='ltr'><strong>star</strong></span> <span class='ocrx_word' id='word_1_518' title='bbox 614 4235 864 4293; x_wconf 89' lang='lat' dir='ltr'><strong>fornicis.</strong></span> <span class='ocrx_word' id='word_1_519' title='bbox 918 4237 1092 4294; x_wconf 91' lang='lat' dir='ltr'><strong>Dictio</strong></span> <span class='ocrx_word' id='word_1_520' title='bbox 1128 4251 1328 4304; x_wconf 86' lang='lat' dir='ltr'><strong>autem,</strong></span> <span class='ocrx_word' id='word_1_521' title='bbox 1407 4237 1713 4304; x_wconf 76' lang='lat' dir='ltr'><strong>extendens,</strong></span> <span class='ocrx_word' id='word_1_522' title='bbox 1770 4236 2026 4309; x_wconf 84' lang='lat' dir='ltr'><strong>quamvis</strong></span> <span class='ocrx_word' id='word_1_523' title='bbox 2067 4239 2355 4306; x_wconf 69' lang='lat' dir='ltr'><strong>praesentis</strong></span> <span class='ocrx_word' id='word_1_524' title='bbox 2384 4239 2456 4293; x_wconf 90' lang='lat' dir='ltr'><strong>sit</strong></span> <span class='ocrx_word' id='word_1_525' title='bbox 2487 4237 2772 4306; x_wconf 86' lang='lat' dir='ltr'><strong>temporis.</strong></span> <span class='ocrx_word' id='word_1_526' title='bbox 2817 4243 2998 4289; x_wconf 89' lang='lat' dir='ltr'><strong>tamen</strong></span> <span class='ocrx_word' id='word_1_527' title='bbox 3059 4247 3158 4303; x_wconf 91' lang='lat' dir='ltr'><strong>pro</strong></span> <span class='ocrx_word' id='word_1_528' title='bbox 3219 4231 3493 4301; x_wconf 64' lang='lat' dir='ltr'><strong>praeterito</strong></span> <span class='ocrx_word' id='word_1_529' title='bbox 3559 4227 3739 4294; x_wconf 65' lang='lat' dir='ltr'><strong>posita</strong></span> 
     </span>
    </p>
   </div>
   <div class='ocr_carea' id='block_1_76' title="bbox 463 4315 3742 4406">
    <p class='ocr_par' dir='ltr' id='par_1_76' title="bbox 463 4315 3742 4406">
     <span class='ocr_line' id='line_1_76' title="bbox 463 4315 3742 4406; baseline -0.003 -22"><span class='ocrx_word' id='word_1_530' title='bbox 463 4340 569 4384; x_wconf 86' lang='lat' dir='ltr'><strong>est.</strong></span> <span class='ocrx_word' id='word_1_531' title='bbox 607 4332 996 4400; x_wconf 62' lang='lat' dir='ltr'><strong>Smpenumero</strong></span> <span class='ocrx_word' id='word_1_532' title='bbox 1043 4337 1188 4388; x_wconf 90' lang='lat' dir='ltr'><strong>enim</strong></span> <span class='ocrx_word' id='word_1_533' title='bbox 1234 4334 1379 4405; x_wconf 85' lang='lat' dir='ltr'><strong>apud</strong></span> <span class='ocrx_word' id='word_1_534' title='bbox 1429 4315 1772 4406; x_wconf 70' lang='lat' dir='ltr'><strong>Scripturam</strong></span> <span class='ocrx_word' id='word_1_535' title='bbox 1822 4345 2039 4402; x_wconf 84' lang='lat' dir='ltr'><strong>tempus</strong></span> <span class='ocrx_word' id='word_1_536' title='bbox 2079 4332 2306 4404; x_wconf 80' lang='lat' dir='ltr'><strong>Ponitur</strong></span> <span class='ocrx_word' id='word_1_537' title='bbox 2337 4349 2440 4403; x_wconf 81' lang='lat' dir='ltr'><strong>pro</strong></span> <span class='ocrx_word' id='word_1_538' title='bbox 2472 4345 2740 4405; x_wconf 84' lang='lat' dir='ltr'><strong>tempore,</strong></span> <span class='ocrx_word' id='word_1_539' title='bbox 2778 4331 3244 4404; x_wconf 86' lang='lat' dir='ltr'><strong>quemadmodum</strong></span> <span class='ocrx_word' id='word_1_540' title='bbox 3276 4327 3442 4382; x_wconf 89' lang='lat' dir='ltr'><strong>etiam</strong></span> <span class='ocrx_word' id='word_1_541' title='bbox 3511 4325 3564 4378; x_wconf 90' lang='lat' dir='ltr'><strong>in</strong></span> <span class='ocrx_word' id='word_1_542' title='bbox 3648 4335 3742 4376; x_wconf 86' lang='lat' dir='ltr'><strong>se-</strong></span> 
     </span>
    </p>
   </div>
   <div class='ocr_carea' id='block_1_77' title="bbox 467 4425 1168 4492">
    <p class='ocr_par' dir='ltr' id='par_1_77' title="bbox 467 4425 1168 4492">
     <span class='ocr_line' id='line_1_77' title="bbox 467 4425 1168 4492; baseline 0.007 -17"><span class='ocrx_word' id='word_1_543' title='bbox 467 4425 762 4492; x_wconf 88' lang='lat' dir='ltr'><strong>quentibus</strong></span> <span class='ocrx_word' id='word_1_544' title='bbox 792 4426 906 4480; x_wconf 90' lang='lat' dir='ltr'><strong>ﬁeri</strong></span> <span class='ocrx_word' id='word_1_545' title='bbox 939 4426 1168 4481; x_wconf 88' lang='lat' dir='ltr'><strong>videbis.</strong></span> 
     </span>
    </p>
   </div>
   <div class='ocr_carea' id='block_1_78' title="bbox 543 4519 2052 4592">
    <p class='ocr_par' dir='ltr' id='par_1_78' title="bbox 543 4519 2052 4592">
     <span class='ocr_line' id='line_1_78' title="bbox 543 4519 2052 4592; baseline -0.001 -18"><span class='ocrx_word' id='word_1_546' title='bbox 543 4521 648 4586; x_wconf 80' lang='lat' dir='ltr'><strong>Qui</strong></span> <span class='ocrx_word' id='word_1_547' title='bbox 678 4523 806 4592; x_wconf 79' lang='lat' dir='ltr'><strong>tegis</strong></span> <span class='ocrx_word' id='word_1_548' title='bbox 843 4523 994 4590; x_wconf 83' lang='lat' dir='ltr'><strong>aquis</strong></span> <span class='ocrx_word' id='word_1_549' title='bbox 1024 4524 1301 4591; x_wconf 80' lang='lat' dir='ltr'><strong>superiora</strong></span> <span class='ocrx_word' id='word_1_550' title='bbox 1331 4522 1467 4591; x_wconf 82' lang='lat' dir='ltr'><strong>ejus.</strong></span> <span class='ocrx_word' id='word_1_551' title='bbox 1506 4522 1610 4588; x_wconf 87' lang='lat' dir='ltr'><strong>Qui</strong></span> <span class='ocrx_word' id='word_1_552' title='bbox 1659 4522 1818 4591; x_wconf 87' lang='lat' dir='ltr'><strong>tegis,</strong></span> <span class='ocrx_word' id='word_1_553' title='bbox 1852 4519 2052 4590; x_wconf 87' lang='lat' dir='ltr'><strong>inquit,</strong></span> 
     </span>
    </p>
   </div>
   <div class='ocr_carea' id='block_1_79' title="bbox 466 4614 2058 4684">
    <p class='ocr_par' dir='ltr' id='par_1_79' title="bbox 466 4614 2058 4684">
     <span class='ocr_line' id='line_1_79' title="bbox 466 4614 2058 4684; baseline -0.002 -14"><span class='ocrx_word' id='word_1_554' title='bbox 466 4625 526 4670; x_wconf 58' lang='lat' dir='ltr'><strong>c‘et</strong></span> <span class='ocrx_word' id='word_1_555' title='bbox 560 4615 810 4683; x_wconf 87' lang='lat' dir='ltr'><strong>cooperis</strong></span> <span class='ocrx_word' id='word_1_556' title='bbox 842 4615 965 4682; x_wconf 88' lang='lat' dir='ltr'><strong>ejus</strong></span> <span class='ocrx_word' id='word_1_557' title='bbox 1003 4616 1126 4670; x_wconf 67' lang='grc' dir='ltr'><strong>θα)ιί</strong></span> <span class='ocrx_word' id='word_1_558' title='bbox 1178 4615 1396 4671; x_wconf 82' lang='lat' dir='ltr'><strong>excelsa</strong></span> <span class='ocrx_word' id='word_1_559' title='bbox 1435 4633 1448 4670; x_wconf 90' lang='lat'>:</span> <span class='ocrx_word' id='word_1_560' title='bbox 1487 4617 1664 4684; x_wconf 88' lang='lat' dir='ltr'><strong>ipsmu</strong></span> <span class='ocrx_word' id='word_1_561' title='bbox 1725 4614 1937 4667; x_wconf 81' lang='lat' dir='ltr'><strong>scilicet</strong></span> <span class='ocrx_word' id='word_1_562' title='bbox 1968 4628 2058 4667; x_wconf 89' lang='lat' dir='ltr'><strong>se-</strong></span> 
     </span>
    </p>
   </div>
   <div class='ocr_carea' id='block_1_80' title="bbox 468 4705 2054 4777">
    <p class='ocr_par' dir='ltr' id='par_1_80' title="bbox 468 4705 2054 4777">
     <span class='ocr_line' id='line_1_80' title="bbox 468 4705 2054 4777; baseline 0 -19"><span class='ocrx_word' id='word_1_563' title='bbox 468 4706 714 4760; x_wconf 88' lang='lat' dir='ltr'><strong>cundum</strong></span> <span class='ocrx_word' id='word_1_564' title='bbox 737 4706 959 4760; x_wconf 57' lang='lat' dir='ltr'><strong>caelum.</strong></span> <span class='ocrx_word' id='word_1_565' title='bbox 991 4705 1056 4760; x_wconf 82' lang='lat' dir='ltr'><strong>Et</strong></span> <span class='ocrx_word' id='word_1_566' title='bbox 1091 4708 1290 4770; x_wconf 82' lang='lat' dir='ltr'><strong>divisit,</strong></span> <span class='ocrx_word' id='word_1_567' title='bbox 1337 4709 1537 4777; x_wconf 84' lang='lat' dir='ltr'><strong>inquit,</strong></span> <span class='ocrx_word' id='word_1_568' title='bbox 1586 4707 1722 4760; x_wconf 79' lang='lat' dir='ltr'><strong>Deus</strong></span> <span class='ocrx_word' id='word_1_569' title='bbox 1757 4707 1901 4758; x_wconf 81' lang='lat' dir='ltr'><strong>inter</strong></span> <span class='ocrx_word' id='word_1_570' title='bbox 1947 4721 2054 4758; x_wconf 83' lang='lat' dir='ltr'><strong>me-</strong></span> 
     </span>
    </p>
   </div>
   <div class='ocr_carea' id='block_1_81' title="bbox 466 4793 2056 4869">
    <p class='ocr_par' dir='ltr' id='par_1_81' title="bbox 466 4793 2056 4869">
     <span class='ocr_line' id='line_1_81' title="bbox 466 4793 2056 4869; baseline 0 -20"><span class='ocrx_word' id='word_1_571' title='bbox 466 4799 615 4850; x_wconf 87' lang='lat' dir='ltr'><strong>dium</strong></span> <span class='ocrx_word' id='word_1_572' title='bbox 643 4815 795 4867; x_wconf 72' lang='lat' dir='ltr'><strong>aqua:</strong></span> <span class='ocrx_word' id='word_1_573' title='bbox 824 4815 939 4868; x_wconf 77' lang='lat' dir='ltr'><strong>qua:</strong></span> <span class='ocrx_word' id='word_1_574' title='bbox 967 4809 1082 4854; x_wconf 85' lang='lat' dir='ltr'><strong>erat</strong></span> <span class='ocrx_word' id='word_1_575' title='bbox 1107 4800 1252 4869; x_wconf 78' lang='lat' dir='ltr'><strong>infra</strong></span> <span class='ocrx_word' id='word_1_576' title='bbox 1275 4801 1690 4868; x_wconf 82' lang='lat' dir='ltr'><strong>ﬁrmamentum,</strong></span> <span class='ocrx_word' id='word_1_577' title='bbox 1711 4805 1760 4849; x_wconf 89' lang='lat' dir='ltr'><strong>et</strong></span> <span class='ocrx_word' id='word_1_578' title='bbox 1786 4793 1923 4849; x_wconf 85' lang='lat' dir='ltr'><strong>inter</strong></span> <span class='ocrx_word' id='word_1_579' title='bbox 1949 4812 2056 4849; x_wconf 88' lang='lat' dir='ltr'><strong>me-</strong></span> 
     </span>
    </p>
   </div>
   <div class='ocr_carea' id='block_1_82' title="bbox 2235 4504 3742 4585">
    <p class='ocr_par' dir='ltr' id='par_1_82' title="bbox 2235 4504 3742 4585">
     <span class='ocr_line' id='line_1_82' title="bbox 2235 4504 3742 4585; baseline -0.011 -14"><span class='ocrx_word' id='word_1_580' title='bbox 2235 4516 2291 4570; x_wconf 84' lang='lat'><strong>&#39;0</strong></span> <span class='ocrx_word' id='word_1_581' title='bbox 2342 4513 2645 4585; x_wconf 71' lang='grc' dir='ltr'>στεγάζων</span> <span class='ocrx_word' id='word_1_582' title='bbox 2701 4514 2772 4566; x_wconf 86' lang='grc' dir='ltr'>ἐν</span> <span class='ocrx_word' id='word_1_583' title='bbox 2818 4507 2998 4564; x_wconf 72' lang='grc' dir='ltr'>ὕδασι</span> <span class='ocrx_word' id='word_1_584' title='bbox 3041 4509 3114 4563; x_wconf 83' lang='grc' dir='ltr'>τὰ</span> <span class='ocrx_word' id='word_1_585' title='bbox 3157 4505 3398 4577; x_wconf 68' lang='grc' dir='ltr'>ὑπερῷα</span> <span class='ocrx_word' id='word_1_586' title='bbox 3426 4504 3635 4558; x_wconf 85' lang='grc' dir='ltr'>αὐτοῦ.</span> <span class='ocrx_word' id='word_1_587' title='bbox 3684 4504 3742 4555; x_wconf 87' lang='grc' dir='ltr'><strong>Ὀ</strong></span> 
     </span>
    </p>
   </div>
   <div class='ocr_carea' id='block_1_83' title="bbox 2157 4595 3742 4675">
    <p class='ocr_par' dir='ltr' id='par_1_83' title="bbox 2157 4595 3742 4675">
     <span class='ocr_line' id='line_1_83' title="bbox 2157 4595 3742 4675; baseline -0.01 -12"><span class='ocrx_word' id='word_1_588' title='bbox 2157 4605 2450 4674; x_wconf 78' lang='grc' dir='ltr'>σκεπάζων</span> <span class='ocrx_word' id='word_1_589' title='bbox 2481 4609 2549 4660; x_wconf 84' lang='grc' dir='ltr'>τὰ</span> <span class='ocrx_word' id='word_1_590' title='bbox 2580 4605 2764 4675; x_wconf 74' lang='grc' dir='ltr'><strong>ὑψηλὰ</strong></span> <span class='ocrx_word' id='word_1_591' title='bbox 2797 4599 3018 4665; x_wconf 75' lang='grc' dir='ltr'>ἑαυτοῦ,</span> <span class='ocrx_word' id='word_1_592' title='bbox 3074 4602 3194 4673; x_wconf 75' lang='grc' dir='ltr'>ἦτοι</span> <span class='ocrx_word' id='word_1_593' title='bbox 3241 4601 3332 4653; x_wconf 74' lang='grc' dir='ltr'>τὸν</span> <span class='ocrx_word' id='word_1_594' title='bbox 3369 4599 3624 4667; x_wconf 81' lang='grc' dir='ltr'>δεύτερον</span> <span class='ocrx_word' id='word_1_595' title='bbox 3655 4595 3742 4648; x_wconf 84' lang='grc' dir='ltr'>οὐ-</span> 
     </span>
    </p>
   </div>
   <div class='ocr_carea' id='block_1_84' title="bbox 2155 4689 3744 4771">
    <p class='ocr_par' dir='ltr' id='par_1_84' title="bbox 2155 4689 3744 4771">
     <span class='ocr_line' id='line_1_84' title="bbox 2155 4689 3744 4771; baseline -0.01 -17"><span class='ocrx_word' id='word_1_596' title='bbox 2155 4701 2318 4771; x_wconf 79' lang='grc' dir='ltr'>ρανόν</span> <span class='ocrx_word' id='word_1_597' title='bbox 2351 4740 2365 4754; x_wconf 96' lang='grc'><strong>.</strong></span> <span class='ocrx_word' id='word_1_598' title='bbox 2419 4701 2528 4754; x_wconf 74' lang='grc' dir='ltr'><strong>Καὶ</strong></span> <span class='ocrx_word' id='word_1_599' title='bbox 2563 4695 2897 4766; x_wconf 79' lang='grc' dir='ltr'>διεχώρισε,</span> <span class='ocrx_word' id='word_1_600' title='bbox 2954 4694 3143 4766; x_wconf 71' lang='grc' dir='ltr'>φησὶν,</span> <span class='ocrx_word' id='word_1_601' title='bbox 3176 4696 3208 4746; x_wconf 83' lang='grc' dir='ltr'><strong>ό</strong></span> <span class='ocrx_word' id='word_1_602' title='bbox 3239 4691 3383 4757; x_wconf 81' lang='grc' dir='ltr'>Θεὸς</span> <span class='ocrx_word' id='word_1_603' title='bbox 3411 4689 3526 4744; x_wconf 84' lang='grc' dir='ltr'><strong>ἀνὰ</strong></span> <span class='ocrx_word' id='word_1_604' title='bbox 3546 4690 3744 4757; x_wconf 69' lang='grc' dir='ltr'>μέσον</span> 
     </span>
    </p>
   </div>
   <div class='ocr_carea' id='block_1_85' title="bbox 2154 4780 3742 4862">
    <p class='ocr_par' dir='ltr' id='par_1_85' title="bbox 2154 4780 3742 4862">
     <span class='ocr_line' id='line_1_85' title="bbox 2154 4780 3742 4862; baseline -0.013 -13"><span class='ocrx_word' id='word_1_605' title='bbox 2154 4795 2259 4849; x_wconf 86' lang='grc' dir='ltr'><strong>τοῦ</strong></span> <span class='ocrx_word' id='word_1_606' title='bbox 2289 4795 2530 4859; x_wconf 82' lang='grc' dir='ltr'>ὕδατος,</span> <span class='ocrx_word' id='word_1_607' title='bbox 2559 4792 2590 4846; x_wconf 84' lang='grc' dir='ltr'>ὃ</span> <span class='ocrx_word' id='word_1_608' title='bbox 2617 4787 2696 4862; x_wconf 82' lang='grc' dir='ltr'>ἦν</span> <span class='ocrx_word' id='word_1_609' title='bbox 2739 4786 3024 4845; x_wconf 79' lang='grc' dir='ltr'>ὑποκάτω</span> <span class='ocrx_word' id='word_1_610' title='bbox 3047 4787 3152 4840; x_wconf 85' lang='grc' dir='ltr'><strong>τοῦ</strong></span> <span class='ocrx_word' id='word_1_611' title='bbox 3184 4782 3617 4852; x_wconf 79' lang='grc' dir='ltr'>στερεώματος,</span> <span class='ocrx_word' id='word_1_612' title='bbox 3644 4780 3742 4833; x_wconf 74' lang='grc' dir='ltr'><strong>καὶ</strong></span> 
     </span>
    </p>
   </div>
   <div class='ocr_carea' id='block_1_86' title="bbox 468 4869 2038 4972">
    <p class='ocr_par' dir='ltr' id='par_1_86' title="bbox 468 4887 2038 4962">
     <span class='ocr_line' id='line_1_86' title="bbox 468 4887 2038 4962; baseline -0.002 -19"><span class='ocrx_word' id='word_1_613' title='bbox 468 4891 617 4944; x_wconf 87' lang='lat' dir='ltr'><strong>dium</strong></span> <span class='ocrx_word' id='word_1_614' title='bbox 679 4907 850 4960; x_wconf 69' lang='lat' dir='ltr'><strong>aqua’,</strong></span> <span class='ocrx_word' id='word_1_615' title='bbox 921 4910 1039 4962; x_wconf 72' lang='lat' dir='ltr'><strong>qua:</strong></span> <span class='ocrx_word' id='word_1_616' title='bbox 1105 4901 1220 4947; x_wconf 89' lang='lat' dir='ltr'><strong>erat</strong></span> <span class='ocrx_word' id='word_1_617' title='bbox 1291 4908 1455 4962; x_wconf 72' lang='lat' dir='ltr'><strong>supra</strong></span> <span class='ocrx_word' id='word_1_618' title='bbox 1521 4890 1916 4958; x_wconf 80' lang='lat' dir='ltr'><strong>ﬁrmamentum</strong></span> <span class='ocrx_word' id='word_1_619' title='bbox 1983 4887 2038 4940; x_wconf 79' lang='grc'><strong>³³.</strong></span> 
     </span>
    </p>
   </div>
   <div class='ocr_carea' id='block_1_87' title="bbox 2145 4869 3744 4972">
    <p class='ocr_par' dir='ltr' id='par_1_87' title="bbox 2157 4869 3744 4954">
     <span class='ocr_line' id='line_1_87' title="bbox 2157 4869 3744 4954; baseline -0.014 -11"><span class='ocrx_word' id='word_1_620' title='bbox 2157 4890 2273 4945; x_wconf 80' lang='grc' dir='ltr'><strong>ἀνὰ</strong></span> <span class='ocrx_word' id='word_1_621' title='bbox 2300 4886 2492 4954; x_wconf 83' lang='grc' dir='ltr'>μέσον</span> <span class='ocrx_word' id='word_1_622' title='bbox 2525 4885 2632 4938; x_wconf 84' lang='grc' dir='ltr'><strong>τοῦ</strong></span> <span class='ocrx_word' id='word_1_623' title='bbox 2666 4884 2906 4949; x_wconf 79' lang='grc' dir='ltr'>ὕδατος,</span> <span class='ocrx_word' id='word_1_624' title='bbox 2940 4877 3068 4952; x_wconf 81' lang='grc' dir='ltr'>ὃῆν</span> <span class='ocrx_word' id='word_1_625' title='bbox 3096 4880 3328 4933; x_wconf 81' lang='grc' dir='ltr'>ἄνωθεν</span> <span class='ocrx_word' id='word_1_626' title='bbox 3359 4874 3465 4927; x_wconf 82' lang='grc' dir='ltr'><strong>τοῦ</strong></span> <span class='ocrx_word' id='word_1_627' title='bbox 3493 4869 3744 4938; x_wconf 65' lang='lat' dir='ltr'><strong>creperi)-</strong></span> 
     </span>
    </p>
   </div>
   <div class='ocr_carea' id='block_1_88' title="bbox 469 4964 2038 5058">
    <p class='ocr_par' dir='ltr' id='par_1_88' title="bbox 469 4981 2038 5058">
     <span class='ocr_line' id='line_1_88' title="bbox 469 4981 2038 5058; baseline -0.003 -21"><span class='ocrx_word' id='word_1_628' title='bbox 469 4984 865 5040; x_wconf 79' lang='lat' dir='ltr'><strong>Admirandum</strong></span> <span class='ocrx_word' id='word_1_629' title='bbox 897 4995 982 5042; x_wconf 89' lang='lat' dir='ltr'><strong>est</strong></span> <span class='ocrx_word' id='word_1_630' title='bbox 1014 4988 1197 5058; x_wconf 79' lang='lat' dir='ltr'><strong>igitur,</strong></span> <span class='ocrx_word' id='word_1_631' title='bbox 1240 4985 1386 5054; x_wconf 88' lang='lat' dir='ltr'><strong>quod</strong></span> <span class='ocrx_word' id='word_1_632' title='bbox 1444 4981 1610 5036; x_wconf 83' lang='lat' dir='ltr'><strong>ﬂuida</strong></span> <span class='ocrx_word' id='word_1_633' title='bbox 1645 4997 1802 5050; x_wconf 68' lang='lat' dir='ltr'><strong>aqure</strong></span> <span class='ocrx_word' id='word_1_634' title='bbox 1859 4991 2038 5034; x_wconf 74' lang='lat' dir='ltr'><strong>natur:</strong></span> 
     </span>
    </p>
   </div>
   <div class='ocr_carea' id='block_1_89' title="bbox 2145 4964 3741 5058">
    <p class='ocr_par' dir='ltr' id='par_1_89' title="bbox 2153 4964 3741 5054">
     <span class='ocr_line' id='line_1_89' title="bbox 2153 4964 3741 5054; baseline -0.014 -16"><span class='ocrx_word' id='word_1_635' title='bbox 2153 5001 2366 5054; x_wconf 76' lang='grc' dir='ltr'>ματος.</span> <span class='ocrx_word' id='word_1_636' title='bbox 2388 4979 2886 5050; x_wconf 77' lang='grc' dir='ltr'>’ΥπερΟαύμαστον</span> <span class='ocrx_word' id='word_1_637' title='bbox 2929 4973 3022 5029; x_wconf 79' lang='grc' dir='ltr'><strong>οὖν</strong></span> <span class='ocrx_word' id='word_1_638' title='bbox 3052 4975 3148 5029; x_wconf 69' lang='grc' dir='ltr'><strong>καὶ</strong></span> <span class='ocrx_word' id='word_1_639' title='bbox 3180 4973 3236 5025; x_wconf 84' lang='grc' dir='ltr'><strong>τὸ</strong></span> <span class='ocrx_word' id='word_1_640' title='bbox 3284 4967 3605 5041; x_wconf 82' lang='grc' dir='ltr'>κρατεῖσθαι</span> <span class='ocrx_word' id='word_1_641' title='bbox 3644 4964 3741 5033; x_wconf 82' lang='grc' dir='ltr'>τὴν</span> 
     </span>
    </p>
   </div>
   <div class='ocr_carea' id='block_1_90' title="bbox 472 5070 2052 5147">
    <p class='ocr_par' dir='ltr' id='par_1_90' title="bbox 472 5070 2052 5147">
     <span class='ocr_line' id='line_1_90' title="bbox 472 5070 2052 5147; baseline -0.003 -18"><span class='ocrx_word' id='word_1_642' title='bbox 472 5077 742 5130; x_wconf 73' lang='lat' dir='ltr'><strong>contineri</strong></span> <span class='ocrx_word' id='word_1_643' title='bbox 779 5079 1024 5147; x_wconf 86' lang='lat' dir='ltr'><strong>potuerit</strong></span> <span class='ocrx_word' id='word_1_644' title='bbox 1077 5091 1245 5143; x_wconf 89' lang='lat' dir='ltr'><strong>supra</strong></span> <span class='ocrx_word' id='word_1_645' title='bbox 1281 5075 1710 5137; x_wconf 87' lang='lat' dir='ltr'><strong>ﬁrmamentum,</strong></span> <span class='ocrx_word' id='word_1_646' title='bbox 1740 5070 1888 5141; x_wconf 88' lang='lat' dir='ltr'><strong>quod</strong></span> <span class='ocrx_word' id='word_1_647' title='bbox 1924 5088 2052 5127; x_wconf 87' lang='lat' dir='ltr'><strong>cur-</strong></span> 
     </span>
    </p>
   </div>
   <div class='ocr_carea' id='block_1_91' title="bbox 473 5164 2059 5236">
    <p class='ocr_par' dir='ltr' id='par_1_91' title="bbox 473 5164 2059 5236">
     <span class='ocr_line' id='line_1_91' title="bbox 473 5164 2059 5236; baseline -0.003 -14"><span class='ocrx_word' id='word_1_648' title='bbox 473 5186 600 5223; x_wconf 82' lang='lat' dir='ltr'><strong>vum</strong></span> <span class='ocrx_word' id='word_1_649' title='bbox 635 5181 736 5232; x_wconf 81' lang='lat' dir='ltr'><strong>est,</strong></span> <span class='ocrx_word' id='word_1_650' title='bbox 787 5179 840 5223; x_wconf 85' lang='lat' dir='ltr'><strong>et</strong></span> <span class='ocrx_word' id='word_1_651' title='bbox 874 5186 983 5224; x_wconf 85' lang='lat' dir='ltr'><strong>non</strong></span> <span class='ocrx_word' id='word_1_652' title='bbox 1017 5169 1312 5223; x_wconf 79' lang='lat' dir='ltr'><strong>emuxerit.</strong></span> <span class='ocrx_word' id='word_1_653' title='bbox 1380 5167 1515 5221; x_wconf 82' lang='lat' dir='ltr'><strong>Nam</strong></span> <span class='ocrx_word' id='word_1_654' title='bbox 1568 5177 1624 5221; x_wconf 92' lang='lat' dir='ltr'><strong>et</strong></span> <span class='ocrx_word' id='word_1_655' title='bbox 1657 5167 1838 5236; x_wconf 88' lang='lat' dir='ltr'><strong>ipsum</strong></span> <span class='ocrx_word' id='word_1_656' title='bbox 1875 5164 2059 5219; x_wconf 86' lang='lat' dir='ltr'><strong>ﬁrma-</strong></span> 
     </span>
    </p>
   </div>
   <div class='ocr_carea' id='block_1_92' title="bbox 477 5259 2056 5332">
    <p class='ocr_par' dir='ltr' id='par_1_92' title="bbox 477 5259 2056 5332">
     <span class='ocr_line' id='line_1_92' title="bbox 477 5259 2056 5332; baseline -0.002 -18"><span class='ocrx_word' id='word_1_657' title='bbox 477 5272 722 5317; x_wconf 84' lang='lat' dir='ltr'><strong>mentum</strong></span> <span class='ocrx_word' id='word_1_658' title='bbox 775 5262 1008 5317; x_wconf 84' lang='lat' dir='ltr'><strong>loruicls</strong></span> <span class='ocrx_word' id='word_1_659' title='bbox 1063 5262 1292 5332; x_wconf 88' lang='lat' dir='ltr'><strong>ﬁguram</strong></span> <span class='ocrx_word' id='word_1_660' title='bbox 1348 5260 1538 5326; x_wconf 86' lang='lat' dir='ltr'><strong>habet,</strong></span> <span class='ocrx_word' id='word_1_661' title='bbox 1594 5259 2056 5330; x_wconf 88' lang='lat' dir='ltr'><strong>quemadmodum</strong></span> 
     </span>
    </p>
   </div>
   <div class='ocr_carea' id='block_1_93' title="bbox 473 5354 948 5419">
    <p class='ocr_par' dir='ltr' id='par_1_93' title="bbox 473 5354 948 5419">
     <span class='ocr_line' id='line_1_93' title="bbox 473 5354 948 5419; baseline -0.002 -12"><span class='ocrx_word' id='word_1_662' title='bbox 473 5363 736 5419; x_wconf 76' lang='lat' dir='ltr'><strong>aspectus</strong></span> <span class='ocrx_word' id='word_1_663' title='bbox 765 5354 948 5407; x_wconf 87' lang='lat' dir='ltr'><strong>docet.</strong></span> 
     </span>
    </p>
   </div>
   <div class='ocr_carea' id='block_1_94' title="bbox 548 5443 2063 5513">
    <p class='ocr_par' dir='ltr' id='par_1_94' title="bbox 548 5443 2063 5513">
     <span class='ocr_line' id='line_1_94' title="bbox 548 5443 2063 5513; baseline -0.002 -15"><span class='ocrx_word' id='word_1_664' title='bbox 548 5445 648 5510; x_wconf 84' lang='lat' dir='ltr'><strong>Qui</strong></span> <span class='ocrx_word' id='word_1_665' title='bbox 681 5448 833 5513; x_wconf 78' lang='lat' dir='ltr'><strong>ponis</strong></span> <span class='ocrx_word' id='word_1_666' title='bbox 869 5446 994 5499; x_wconf 86' lang='lat' dir='ltr'><strong>nubi</strong></span> <span class='ocrx_word' id='word_1_667' title='bbox 1035 5462 1313 5501; x_wconf 81' lang='lat' dir='ltr'><strong>ascensum</strong></span> <span class='ocrx_word' id='word_1_668' title='bbox 1347 5455 1518 5499; x_wconf 86' lang='lat' dir='ltr'><strong>tuum.</strong></span> <span class='ocrx_word' id='word_1_669' title='bbox 1547 5445 1650 5511; x_wconf 85' lang='lat' dir='ltr'><strong>Qui</strong></span> <span class='ocrx_word' id='word_1_670' title='bbox 1683 5443 1944 5498; x_wconf 85' lang='lat' dir='ltr'><strong>ascendis</strong></span> <span class='ocrx_word' id='word_1_671' title='bbox 1973 5456 2063 5492; x_wconf 82' lang='lat' dir='ltr'><strong>su-</strong></span> 
     </span>
    </p>
   </div>
   <div class='ocr_carea' id='block_1_95' title="bbox 480 5532 2060 5609">
    <p class='ocr_par' dir='ltr' id='par_1_95' title="bbox 480 5532 2060 5609">
     <span class='ocr_line' id='line_1_95' title="bbox 480 5532 2060 5609; baseline -0.005 -17"><span class='ocrx_word' id='word_1_672' title='bbox 480 5555 575 5606; x_wconf 88' lang='lat' dir='ltr'><strong>per</strong></span> <span class='ocrx_word' id='word_1_673' title='bbox 613 5539 835 5602; x_wconf 85' lang='lat' dir='ltr'><strong>nubeut,</strong></span> <span class='ocrx_word' id='word_1_674' title='bbox 862 5555 1037 5609; x_wconf 85' lang='lat' dir='ltr'><strong>eaque</strong></span> <span class='ocrx_word' id='word_1_675' title='bbox 1097 5547 1156 5593; x_wconf 90' lang='lat' dir='ltr'><strong>ut</strong></span> <span class='ocrx_word' id='word_1_676' title='bbox 1189 5539 1446 5594; x_wconf 83' lang='lat' dir='ltr'><strong>vehiculo</strong></span> <span class='ocrx_word' id='word_1_677' title='bbox 1480 5538 1652 5592; x_wconf 88' lang='lat' dir='ltr'><strong>uteris</strong></span> <span class='ocrx_word' id='word_1_678' title='bbox 1686 5553 1698 5590; x_wconf 89' lang='lat'><strong>:</strong></span> <span class='ocrx_word' id='word_1_679' title='bbox 1737 5532 1900 5589; x_wconf 85' lang='lat' dir='ltr'><strong>sicuti</strong></span> <span class='ocrx_word' id='word_1_680' title='bbox 1931 5533 2060 5585; x_wconf 89' lang='lat' dir='ltr'><strong>olim</strong></span> 
     </span>
    </p>
   </div>
   <div class='ocr_carea' id='block_1_96' title="bbox 482 5630 957 5686">
    <p class='ocr_par' dir='ltr' id='par_1_96' title="bbox 482 5630 957 5686">
     <span class='ocr_line' id='line_1_96' title="bbox 482 5630 957 5686; baseline 0.008 -4"><span class='ocrx_word' id='word_1_681' title='bbox 482 5631 535 5682; x_wconf 82' lang='lat' dir='ltr'><strong>iu</strong></span> <span class='ocrx_word' id='word_1_682' title='bbox 575 5641 760 5683; x_wconf 65' lang='lat' dir='ltr'><strong>monte</strong></span> <span class='ocrx_word' id='word_1_683' title='bbox 801 5630 957 5686; x_wconf 86' lang='lat' dir='ltr'><strong>Sina.</strong></span> 
     </span>
    </p>
   </div>
   <div class='ocr_carea' id='block_1_97' title="bbox 553 5717 2066 5793">
    <p class='ocr_par' dir='ltr' id='par_1_97' title="bbox 553 5717 2066 5793">
     <span class='ocr_line' id='line_1_97' title="bbox 553 5717 2066 5793; baseline -0.005 -19"><span class='ocrx_word' id='word_1_684' title='bbox 553 5722 656 5786; x_wconf 86' lang='lat' dir='ltr'><strong>Qui</strong></span> <span class='ocrx_word' id='word_1_685' title='bbox 683 5723 923 5777; x_wconf 85' lang='lat' dir='ltr'><strong>ambulas</strong></span> <span class='ocrx_word' id='word_1_686' title='bbox 973 5741 1131 5793; x_wconf 82' lang='lat' dir='ltr'><strong>super</strong></span> <span class='ocrx_word' id='word_1_687' title='bbox 1160 5725 1276 5777; x_wconf 83' lang='lat' dir='ltr'><strong>alas</strong></span> <span class='ocrx_word' id='word_1_688' title='bbox 1320 5731 1614 5777; x_wconf 86' lang='lat' dir='ltr'><strong>ventorum.</strong></span> <span class='ocrx_word' id='word_1_689' title='bbox 1646 5718 1748 5784; x_wconf 82' lang='lat' dir='ltr'><strong>Qui</strong></span> <span class='ocrx_word' id='word_1_690' title='bbox 1779 5717 1880 5770; x_wconf 91' lang='lat' dir='ltr'><strong>alis</strong></span> <span class='ocrx_word' id='word_1_691' title='bbox 1944 5729 2066 5769; x_wconf 82' lang='lat' dir='ltr'><strong>ven-</strong></span> 
     </span>
    </p>
   </div>
   <div class='ocr_carea' id='block_1_98' title="bbox 484 5808 2048 5886">
    <p class='ocr_par' dir='ltr' id='par_1_98' title="bbox 484 5808 2048 5886">
     <span class='ocr_line' id='line_1_98' title="bbox 484 5808 2048 5886; baseline -0.006 -18"><span class='ocrx_word' id='word_1_692' title='bbox 484 5818 663 5865; x_wconf 62' lang='lat' dir='ltr'><strong>torum</strong></span> <span class='ocrx_word' id='word_1_693' title='bbox 703 5815 918 5868; x_wconf 68' lang='lat' dir='ltr'><strong>vulneris</strong></span> <span class='ocrx_word' id='word_1_694' title='bbox 954 5833 967 5868; x_wconf 84' lang='lat'><strong>:</strong></span> <span class='ocrx_word' id='word_1_695' title='bbox 1000 5817 1200 5886; x_wconf 83' lang='lat' dir='ltr'><strong>quibus</strong></span> <span class='ocrx_word' id='word_1_696' title='bbox 1265 5817 1448 5870; x_wconf 78' lang='lat' dir='ltr'><strong>verbis</strong></span> <span class='ocrx_word' id='word_1_697' title='bbox 1496 5818 1758 5868; x_wconf 84' lang='lat' dir='ltr'><strong>denotare</strong></span> <span class='ocrx_word' id='word_1_698' title='bbox 1811 5808 2048 5868; x_wconf 77' lang='lat' dir='ltr'><strong>videtur,</strong></span> 
     </span>
    </p>
   </div>
   <div class='ocr_carea' id='block_1_99' title="bbox 565 5988 1614 6049">
    <p class='ocr_par' dir='ltr' id='par_1_99' title="bbox 565 5988 1614 6049">
     <span class='ocr_line' id='line_1_99' title="bbox 565 5988 1614 6049; baseline 0.002 -10"><span class='ocrx_word' id='word_1_699' title='bbox 565 5989 611 6023; x_wconf 64' lang='grc'>³⁸</span> <span class='ocrx_word' id='word_1_700' title='bbox 655 5988 800 6041; x_wconf 77' lang='lat' dir='ltr'><strong>Ps‘al.</strong></span> <span class='ocrx_word' id='word_1_701' title='bbox 841 6005 972 6049; x_wconf 78' lang='lat' dir='ltr'><strong>xvu,</strong></span> <span class='ocrx_word' id='word_1_702' title='bbox 1009 5990 1094 6043; x_wconf 67' lang='lat'><strong>12.</strong></span> <span class='ocrx_word' id='word_1_703' title='bbox 1174 5992 1216 6022; x_wconf 80' lang='grc'><strong>³⁸</strong></span> <span class='ocrx_word' id='word_1_704' title='bbox 1249 5991 1351 6044; x_wconf 85' lang='lat' dir='ltr'><strong>lsa.</strong></span> <span class='ocrx_word' id='word_1_705' title='bbox 1395 6005 1483 6048; x_wconf 67' lang='lat' dir='ltr'><strong>XL.</strong></span> <span class='ocrx_word' id='word_1_706' title='bbox 1527 5989 1614 6042; x_wconf 69' lang='lat'><strong>2‘2.</strong></span> 
     </span>
    </p>
   </div>
   <div class='ocr_carea' id='block_1_100' title="bbox 1699 5985 2082 6042">
    <p class='ocr_par' dir='ltr' id='par_1_100' title="bbox 1699 5985 2082 6042">
     <span class='ocr_line' id='line_1_100' title="bbox 1699 5985 2082 6042; baseline -0.016 0"><span class='ocrx_word' id='word_1_707' title='bbox 1699 5989 1741 6020; x_wconf 83' lang='grc'><strong>³³</strong></span> <span class='ocrx_word' id='word_1_708' title='bbox 1774 5988 1908 6042; x_wconf 84' lang='lat' dir='ltr'><strong>Gen.</strong></span> <span class='ocrx_word' id='word_1_709' title='bbox 1944 6002 1980 6042; x_wconf 93' lang='lat' dir='ltr'><strong>t.</strong></span> <span class='ocrx_word' id='word_1_710' title='bbox 2033 5985 2082 6036; x_wconf 91' lang='lat'><strong>7.</strong></span> 
     </span>
    </p>
   </div>
   <div class='ocr_carea' id='block_1_101' title="bbox 2161 5053 3740 5148">
    <p class='ocr_par' dir='ltr' id='par_1_101' title="bbox 2161 5053 3740 5148">
     <span class='ocr_line' id='line_1_101' title="bbox 2161 5053 3740 5148; baseline -0.015 -19"><span class='ocrx_word' id='word_1_711' title='bbox 2161 5078 2329 5148; x_wconf 82' lang='grc' dir='ltr'>ρυτὴν</span> <span class='ocrx_word' id='word_1_712' title='bbox 2349 5075 2442 5128; x_wconf 89' lang='grc' dir='ltr'><strong>τοῦ</strong></span> <span class='ocrx_word' id='word_1_713' title='bbox 2482 5075 2674 5135; x_wconf 73' lang='grc' dir='ltr'>ὓδατος</span> <span class='ocrx_word' id='word_1_714' title='bbox 2703 5071 2868 5140; x_wconf 85' lang='grc' dir='ltr'>φύσιν</span> <span class='ocrx_word' id='word_1_715' title='bbox 2921 5069 3130 5123; x_wconf 78' lang='grc' dir='ltr'>ἄνωθεν</span> <span class='ocrx_word' id='word_1_716' title='bbox 3155 5063 3248 5118; x_wconf 87' lang='grc' dir='ltr'><strong>τοῦ</strong></span> <span class='ocrx_word' id='word_1_717' title='bbox 3272 5058 3473 5132; x_wconf 88' lang='grc' dir='ltr'>κυρτοῦ</span> <span class='ocrx_word' id='word_1_718' title='bbox 3505 5053 3740 5128; x_wconf 79' lang='grc' dir='ltr'>στερεώ-</span> 
     </span>
    </p>
   </div>
   <div class='ocr_carea' id='block_1_102' title="bbox 2161 5147 3740 5238">
    <p class='ocr_par' dir='ltr' id='par_1_102' title="bbox 2161 5147 3740 5238">
     <span class='ocr_line' id='line_1_102' title="bbox 2161 5147 3740 5238; baseline -0.015 -17"><span class='ocrx_word' id='word_1_719' title='bbox 2161 5147 2333 5231; x_wconf 59' lang='lat' dir='ltr'><strong>pato;</strong></span> <span class='ocrx_word' id='word_1_720' title='bbox 2360 5165 2676 5220; x_wconf 83' lang='grc' dir='ltr'>ἀδιάλυτον.</span> <span class='ocrx_word' id='word_1_721' title='bbox 2717 5157 3100 5230; x_wconf 84' lang='grc' dir='ltr'>Καμαροειδὲς</span> <span class='ocrx_word' id='word_1_722' title='bbox 3130 5157 3189 5209; x_wconf 71' lang='grc' dir='ltr'><strong>δὲ</strong></span> <span class='ocrx_word' id='word_1_723' title='bbox 3216 5154 3312 5208; x_wconf 81' lang='grc' dir='ltr'><strong>καὶ</strong></span> <span class='ocrx_word' id='word_1_724' title='bbox 3336 5151 3523 5211; x_wconf 88' lang='grc' dir='ltr'>τοῦτο,</span> <span class='ocrx_word' id='word_1_725' title='bbox 3557 5147 3740 5238; x_wconf 72' lang='grc' dir='ltr'>καθὼς</span> 
     </span>
    </p>
   </div>
   <div class='ocr_carea' id='block_1_103' title="bbox 2158 5253 3700 5364">
    <p class='ocr_par' dir='ltr' id='par_1_103' title="bbox 2158 5253 3700 5364">
     <span class='ocr_line' id='line_1_103' title="bbox 2158 5253 3700 5364; baseline -0.003 -54"><span class='ocrx_word' id='word_1_726' title='bbox 2158 5253 2489 5327; x_wconf 78' lang='grc' dir='ltr'>ὃείκνυσινή</span> <span class='ocrx_word' id='word_1_727' title='bbox 2523 5253 2670 5324; x_wconf 76' lang='grc' dir='ltr'>ὄψις.</span> <span class='ocrx_word' id='word_1_728' title='bbox 3531 5253 3700 5364; x_wconf 61' lang='lat'><strong>//-&quot;</strong></span> 
     </span>
    </p>
   </div>
   <div class='ocr_carea' id='block_1_104' title="bbox 2244 5391 3734 5502">
    <p class='ocr_par' dir='ltr' id='par_1_104' title="bbox 2244 5391 3734 5502">
     <span class='ocr_line' id='line_1_104' title="bbox 2244 5391 3734 5502; baseline -0.015 -11"><span class='ocrx_word' id='word_1_729' title='bbox 2244 5438 2306 5490; x_wconf 89' lang='grc' dir='ltr'><em>Ὀ</em></span> <span class='ocrx_word' id='word_1_730' title='bbox 2333 5434 2514 5501; x_wconf 70' lang='grc' dir='ltr'>τιθεὶς</span> <span class='ocrx_word' id='word_1_731' title='bbox 2545 5428 2712 5502; x_wconf 61' lang='lat' dir='ltr'><strong>regem</strong></span> <span class='ocrx_word' id='word_1_732' title='bbox 2739 5431 2856 5500; x_wconf 76' lang='grc' dir='ltr'><strong>τὴν</strong></span> <span class='ocrx_word' id='word_1_733' title='bbox 2885 5428 3172 5485; x_wconf 79' lang='grc' dir='ltr'>ἐπίϐασιν</span> <span class='ocrx_word' id='word_1_734' title='bbox 3193 5421 3394 5502; x_wconf 54' lang='grc' dir='ltr'>αὐτῷ</span> <span class='ocrx_word' id='word_1_735' title='bbox 3407 5391 3496 5465; x_wconf 55' lang='lat' dir='ltr'><strong>//U</strong></span> <span class='ocrx_word' id='word_1_736' title='bbox 3522 5404 3734 5502; x_wconf 60' lang='grc' dir='ltr'>ἐπιδαίς</span> 
     </span>
    </p>
   </div>
   <div class='ocr_carea' id='block_1_105' title="bbox 2163 5492 3736 5598">
    <p class='ocr_par' dir='ltr' id='par_1_105' title="bbox 2163 5492 3736 5598">
     <span class='ocr_line' id='line_1_105' title="bbox 2163 5492 3736 5598; baseline -0.01 -19"><span class='ocrx_word' id='word_1_737' title='bbox 2163 5545 2270 5579; x_wconf 79' lang='grc' dir='ltr'>νων</span> <span class='ocrx_word' id='word_1_738' title='bbox 2301 5492 2520 5595; x_wconf 61' lang='grc' dir='ltr'>νέφους,</span> <span class='ocrx_word' id='word_1_739' title='bbox 2576 5492 2673 5577; x_wconf 61' lang='grc' dir='ltr'>κᾷι</span> <span class='ocrx_word' id='word_1_740' title='bbox 2727 5492 2968 5593; x_wconf 54' lang='lat' dir='ltr'><strong>exiguam</strong></span> <span class='ocrx_word' id='word_1_741' title='bbox 3000 5492 3478 5598; x_wconf 54' lang='grc' dir='ltr'>τούτῳχρῶμενος</span> <span class='ocrx_word' id='word_1_742' title='bbox 3523 5501 3617 5554; x_wconf 66' lang='grc' dir='ltr'><strong>ἐπὶ</strong></span> <span class='ocrx_word' id='word_1_743' title='bbox 3645 5493 3736 5550; x_wconf 63' lang='grc' dir='ltr'>τοῦ</span> 
     </span>
    </p>
   </div>
   <div class='ocr_carea' id='block_1_106' title="bbox 2167 5621 3713 5694">
    <p class='ocr_par' dir='ltr' id='par_1_106' title="bbox 2167 5621 3713 5694">
     <span class='ocr_line' id='line_1_106' title="bbox 2167 5621 3713 5694; baseline -0.001 -21"><span class='ocrx_word' id='word_1_744' title='bbox 2167 5621 2319 5674; x_wconf 83' lang='grc' dir='ltr'>Σινᾶ.</span> <span class='ocrx_word' id='word_1_745' title='bbox 3317 5691 3328 5694; x_wconf 82' lang='lat'>_</span> <span class='ocrx_word' id='word_1_746' title='bbox 3519 5688 3570 5694; x_wconf 46' lang='grc' dir='ltr'>η</span> <span class='ocrx_word' id='word_1_747' title='bbox 3693 5679 3713 5694; x_wconf 74' lang='lat'><strong>_</strong></span> 
     </span>
    </p>
   </div>
   <div class='ocr_carea' id='block_1_107' title="bbox 2254 5688 3739 5777">
    <p class='ocr_par' dir='ltr' id='par_1_107' title="bbox 2254 5688 3739 5777">
     <span class='ocr_line' id='line_1_107' title="bbox 2254 5688 3739 5777; baseline -0.019 -13"><span class='ocrx_word' id='word_1_748' title='bbox 2254 5713 2305 5764; x_wconf 90' lang='lat'><strong>&#39;0</strong></span> <span class='ocrx_word' id='word_1_749' title='bbox 2328 5709 2667 5777; x_wconf 74' lang='grc' dir='ltr'>περιπατῶν</span> <span class='ocrx_word' id='word_1_750' title='bbox 2717 5707 2814 5759; x_wconf 80' lang='grc' dir='ltr'><strong>ἐπὶ</strong></span> <span class='ocrx_word' id='word_1_751' title='bbox 2857 5698 3162 5764; x_wconf 68' lang='grc' dir='ltr'>πτερύγων</span> <span class='ocrx_word' id='word_1_752' title='bbox 3221 5691 3470 5758; x_wconf 80' lang='grc' dir='ltr'>ἀνέμων.</span> <span class='ocrx_word' id='word_1_753' title='bbox 3519 5688 3578 5741; x_wconf 90' lang='grc' dir='ltr'>Ὀ</span> <span class='ocrx_word' id='word_1_754' title='bbox 3625 5688 3739 5736; x_wconf 79' lang='grc' dir='ltr'>ταῖς</span> 
     </span>
    </p>
   </div>
   <div class='ocr_carea' id='block_1_108' title="bbox 2169 5777 3743 5877">
    <p class='ocr_par' dir='ltr' id='par_1_108' title="bbox 2169 5777 3743 5877">
     <span class='ocr_line' id='line_1_108' title="bbox 2169 5777 3743 5877; baseline -0.023 -14"><span class='ocrx_word' id='word_1_755' title='bbox 2169 5805 2397 5877; x_wconf 74' lang='grc' dir='ltr'>πτέρυξι</span> <span class='ocrx_word' id='word_1_756' title='bbox 2432 5806 2536 5857; x_wconf 80' lang='grc' dir='ltr'>τῶν</span> <span class='ocrx_word' id='word_1_757' title='bbox 2567 5805 2785 5867; x_wconf 75' lang='grc' dir='ltr'>ἀνέμων</span> <span class='ocrx_word' id='word_1_758' title='bbox 2820 5791 3209 5862; x_wconf 74' lang='grc' dir='ltr'>ἐποχούμενος,</span> <span class='ocrx_word' id='word_1_759' title='bbox 3244 5784 3312 5837; x_wconf 81' lang='grc' dir='ltr'><strong>δι’</strong></span> <span class='ocrx_word' id='word_1_760' title='bbox 3346 5777 3406 5837; x_wconf 69' lang='grc' dir='ltr'><strong>οὗ</strong></span> <span class='ocrx_word' id='word_1_761' title='bbox 3441 5781 3502 5835; x_wconf 78' lang='grc' dir='ltr'>τὸ</span> <span class='ocrx_word' id='word_1_762' title='bbox 3547 5781 3743 5830; x_wconf 76' lang='grc' dir='ltr'>παντα-</span> 
     </span>
    </p>
   </div>
  </div>
