4052 6468
403 479 536 542 10ξὲ

1574 465 2065 560 com-mutus
2108 501 2467 567 PSALMOS.

3524 517 3660 580 1092

396 597 494 667 χοῦ
533 601 790 670 παρεῖναι
844 601 1035 656 τοῦτον
1080 603 1360 673 ἐμφαίνει.
1421 607 1773 682 Ὀξυκίνητον
1809 612 1920 682 γὰρ

2044 670 2046 676 .
2078 619 2231 675 illum
2274 621 2478 692 ubique
2507 637 2671 679 esse:
2703 625 2904 696 quippe
2939 641 3064 682 cum
3111 628 3256 684 venti
3316 639 3466 686 motu
3505 636 3658 687 velo-

394 691 596 760 ἄνεμος
616 733 630 755 ,
670 695 765 747 καὶ
805 695 1002 750 θᾶττον
1037 698 1144 752 ἀπο
1179 700 1436 770 περάτων
1467 703 1550 765 εἰς
1579 704 1798 772 πέρατα
1829 706 1974 775 φθά-

391 800 522 849 νων,
554 787 645 837 καὶ
671 786 888 856 ’ταχέως
911 789 972 841 τὸ
1003 791 1112 843 πᾶν
1137 792 1620 862 ἐπιπορευόμενος,

471 985 535 1039 '0
581 987 770 1041 ποιῶν
804 989 946 1057 τοὺς
971 992 1272 1062 ἀγγέλους
1303 977 1491 1050 αὑτοῦ
1518 1003 1834 1069 πνεύματα
1871 1004 1972 1058 καὶ

383 1080 526 1143 τοὺς
574 1081 964 1150 λειτουργοὺς
1006 1085 1198 1138 αὐτοῦ
1258 1087 1380 1156 πῦρ
1422 1089 1676 1160 φλέγον.
1712 1094 1822 1148 Καὶ
1869 1097 1971 1164 τῆς

385 1171 624 1238 ἀοράτου
682 1171 916 1236 κτίσεως
944 1175 1180 1245 ποιητὴν
1217 1178 1380 1230 αὐτὸν
1405 1179 1795 1250 ἀνακηρύττει.
1828 1183 1969 1249 Τοὺς

383 1257 582 1320 αὐτοὺς
612 1258 666 1311 δὲ
715 1261 810 1312 καὶ
843 1263 1137 1332 πνεύματα
1207 1268 1304 1319 καὶ
1351 1267 1464 1335 πῦρ
1521 1272 1964 1342 προσηγόρευσε,

384 1349 442 1400 τὸ
477 1342 796 1418 ὀξυκίνητον
815 1354 996 1406 αὐτῶν
1022 1358 1117 1409 καὶ
1143 1358 1500 1429 δραστήριον]
1537 1361 1791 1416 ἐντεῦθεν
1826 1365 1964 1418 ὑπο-

377 1441 571 1510 δηλῶν,
596 1442 627 1512 ἢ
664 1444 759 1495 καὶ
781 1445 1114 1515 ὑπογράφων
1136 1449 1317 1503 αὐτῶν
1340 1451 1440 1521 τὴν
1463 1452 1647 1520 φύσινο
1677 1455 1964 1525 πνεύματα

381 1534 437 1586 δὲ
467 1534 649 1604 νοερὰ,
686 1536 783 1588 καὶ⁸
811 1537 924 1607 πῦρ
948 1539 1139 1594 ἄῦλον.»

457 1707 521 1761 '0
556 1710 846 1778 θεμε.ιιῶν
876 1710 990 1779 τὴν
1018 1712 1138 1782 γῆν
1203 1714 1302 1768 ἐπὶ
1329 1714 1445 1784 τὴν
1473 1717 1820 1786 ἀσφάλειαν
1851 1721 1959 1774 αὐ-

373 1799 505 1867 τῆς.
546 1802 670 1854 Ἐπὶ
702 1803 898 1865 ποίανς
935 1799 1012 1857 Ἦ
1041 1805 1241 1878 δηλαδὴ
1279 1807 1371 1860 τὸν
1409 1809 1535 1877 ὅρον
1569 1809 1664 1863 τοῦ
1703 1809 1840 1864 Θεοῦ
1868 1811 1958 1865 τὸν

373 1893 496 1946 ἀντὶ
544 1894 706 1965 ἕδρας
746 1897 884 1966 αὐτῇ
919 1899 1215 1968 γενόμενον
1243 1940 1258 1962 ,
1289 1901 1383 1954 καὶ
1406 1901 1578 1974 αὐτὴν
1633 1901 1722 1972 ἐφ’
1753 1904 1957 1974 ἑαυτῆς
1986 1961 2004 1974 ὲ

374 1985 688 2057 ἑδράζοντα.

442 2189 525 2240 Οὺ
571 2188 926 2256 κλιθήσεται
965 2193 1054 2258 είς
1099 2193 1207 2247 τὸν
1243 2193 1431 2250 αἰῶνα
1461 2195 1568 2251 τοῦ
1606 2196 1846 2264 αἰῶνος.
1876 2197 1952 2252 Οὐ

372 2282 850 2350 περιτραπήσεταί
882 2301 1039 2346 ποτε,
1076 2285 1124 2338 εί
1158 2287 1250 2340 καὶ
1281 2287 1698 2358 σαλευθήσεται.

442 2374 743 2442 Ἀϐυσσος
795 2377 1029 2445 ἱμάτιον
1095 2379 1161 2432 τὸ
1204 2382 1588 2448 περιϐόλαιον
1630 2385 1838 2438 αὑτοῦ.
1879 2385 1953 2438 Τὸ

364 2464 716 2532 περιϐόλαιον
776 2465 940 2520 αὑτοῦ
991 2466 1085 2520 τοῦ
1160 2471 1449 2540 στοιχείου,
1501 2473 1622 2542 ἦτοι
1668 2473 1771 2542 τῆς
1823 2475 1949 2546 γῆς,

365 2559 603 2623 ἄῦυσσός
627 2563 798 2626 ἐστιν,
821 2562 992 2633 ἤγουν
1005 2563 1206 2633 πλῆθος
1227 2566 1459 2632 ὑδάτων,
1486 2568 1513 2620 ὃ
1542 2569 1659 2621 ἐστι
1677 2568 1948 2636 Θάλασσα,

362 2650 439 2712 ὡς
467 2652 682 2720 ἱμάτιον
716 2654 1173 2726 περιϐεϐληκυῖα,
1222 2659 1318 2712 καὶ
1365 2659 1738 2730 ὲφηπλωμένη
1772 2661 1946 2732 αὐτῷ.

361 2742 584 2796 Νοεῖται
637 2744 694 2797 δὲ
739 2745 834 2798 καὶ
870 2747 1002 2816 περὶ
1039 2749 1140 2818 τῆς
1168 2751 1552 2822 ἀκαταληψίας
1583 2755 1682 2821 τῆς
1725 2753 1942 2822 σοφίας,

361 2835 458 2887 καὶ
508 2835 818 2903 δυνάμεως,
856 2837 952 2889 καὶ
985 2840 1251 2910 προνοίας
1282 2840 1376 2894 τοῦ
1430 2841 1597 2894 Θεοῦ·
1645 2842 1944 2910 ἐκπλαγεὶς

360 2925 495 2996 γὰρ,
543 2928 731 2994 φησὶν,
765 2929 847 2981 ὅτι
886 2929 1123 2994 ἄϐυσσος
1149 2931 1557 3002 ἀκαταληψίας,
1591 2934 1666 2996 ὡς
1704 2934 1944 3004 ἱμάτιον,

360 3019 395 3086 ἠ
447 3019 706 3089 περιϐολὴ
766 3021 957 3087 αὑτοῦ,
1035 3023 1361 3090 τουτέστιν,
1428 3025 1812 3096 ἀκαταληψίαν
1868 3025 1947 3088 ὡς

363 3109 577 3177 ἱμάτιον
602 3111 978 3180 περιεϐάλετο,
1000 3115 1338 3182 πανταχόθεν
1360 3116 1747 3186 ἀκατάληπτος
1774 3113 1873 3168 ὥν.

2076 714 2291 770 cissimi
2326 715 2461 784 sint,
2494 726 2548 770 et
2581 715 2850 773 citissime
2869 719 2937 774 ab
2962 722 3224 776 extremis
3257 731 3418 778 terrae
3459 725 3658 780 ﬁnibus

2081 811 2148 862 ad
2185 809 2325 864 alios
2354 809 2493 866 fines
2547 813 2887 880 perveniant,
2948 823 3004 868 et
3048 825 3222 870 totum
3265 817 3455 872 orbem
3496 821 3655 888 quasi

2077 908 2359 955 momento
2391 902 2755 958 circumeant.

2155 991 2314 1048 Vens.
2347 994 2402 1048 4.
2431 993 2538 1060 Qui
2559 995 2694 1060 facis
2728 996 2942 1065 angelos
2979 1008 3096 1052 tuos
3131 1001 3371 1067 spiritus,
3407 1010 3456 1054 et
3486 1002 3650 1054 mini-

2073 1091 2213 1137 stros
2244 1094 2363 1139 tuos
2391 1087 2564 1154 ignem
2595 1097 2856 1144 urentem.
2900 1089 3059 1143 Illum
3121 1091 3284 1144 etiam
3352 1093 3647 1148 invisibilis

2072 1183 2287 1231 natura:
2320 1175 2588 1232 factorem
2630 1194 2755 1234 esse
2787 1180 3067 1250 pmdicat.
3106 1182 3338 1238 Eosdem
3373 1201 3504 1238 vero
3540 1201 3642 1239 an-

2069 1266 2219 1335 gelos
2279 1277 2333 1321 et
2379 1258 2632 1338 spiritus,
2662 1279 2713 1325 et
2742 1271 2884 1342 ignis
2911 1275 3138 1329 nomine
3169 1278 3426 1346 appellat,
3456 1288 3516 1331 ut
3553 1295 3649 1334 ve-

2078 1359 2256 1415 locem
2289 1359 2510 1415 illorum
2542 1371 2744 1416 motum
2788 1372 2953 1433 atque
3001 1364 3300 1422 eﬂicaciam
3348 1369 3640 1437 exprimat,

2065 1453 2152 1508 vel
2197 1469 2387 1507 eorum
2419 1464 2672 1509 naturam
2723 1456 2888 1510 etiam
2935 1458 3038 1513 hoc
3088 1469 3248 1526 pacto
3295 1459 3640 1516 describens.

2063 1543 2254 1615 Angcli
2283 1546 2482 1600 etenim
2521 1545 2755 1616 spiritus
2797 1548 3203 1606 intellectuales
3242 1561 3396 1617 sunt,
3422 1564 3474 1607 et
3499 1552 3642 1622 ignis

2065 1637 2288 1707 quidam
2330 1639 2735 1696 immaterialis.

2137 1728 2304 1786 Vsus.
2346 1731 2400 1788 5.
2445 1730 2550 1796 Qui
2583 1731 2824 1803 fundasti
2868 1742 3064 1785 terram
3102 1749 3261 1801 super
3289 1734 3642 1789 stabilitatem

2060 1839 2235 1878 ruant.
2289 1822 2397 1880 Sed
2460 1839 2756 1894 qnamnam
2820 1824 3084 1894 intelligit
3155 1836 3317 1881 terrae
3366 1827 3639 1881 stabilita-

2062 1923 2170 1970 tem
2202 1916 2225 1969 ?
2263 1916 2361 1970 Dic
2399 1917 2547 1987 quod
2605 1917 2787 1970 divina
2848 1917 3140 1984 dispositio
3196 1933 3292 1987 pro
3332 1917 3634 1972 stabilitate

2059 2008 2107 2063 ei
2148 2007 2341 2064 eﬂ‘ecta
2383 2021 2486 2064 eat.
2528 2008 2706 2080 Super
2750 2008 2990 2078 seipsam
3025 2009 3171 2064 enim
3205 2026 3325 2065 eam
3370 2011 3636 2067 stabilivit

2053 2095 2224 2155 Deus.

2127 2189 2253 2246 Non
2282 2192 2635 2246 inciinabitur
2664 2195 2718 2246 in
2751 2194 3005 2247 awculum
3033 2194 3239 2248 saeculi.
3265 2192 3384 2248 Non
3413 2207 3636 2264 pervers-

2053 2291 2222 2345 tetur,
2267 2285 2370 2338 etsi
2412 2285 2850 2339 commovebitur
2890 2285 3208 2354 aliquando.

2125 2375 2291 2429 Vsus.
2327 2377 2380 2430 6.
2406 2375 2640 2445 Abyssus
2659 2378 2812 2445 quasi
2843 2379 3213 2431 vestimentum
3245 2380 3469 2432 amictus
3494 2378 3630 2446 ejus.

2051 2468 2302 2522 Amictns
2321 2466 2576 2521 elementi
2602 2466 2722 2534 ejus
2749 2469 3054 2532 terrestris,
3087 2469 3323 2537 abyssns
3355 2478 3440 2522 est
3468 2486 3480 2522 :
3511 2473 3628 2538 ipsa

2049 2561 2311 2615 videlicet
2336 2574 2604 2628 aquarum
2639 2561 2836 2621 moles,
2870 2576 3031 2629 quam
3062 2577 3212 2616 mare
3244 2562 3583 2630 appellamus
3612 2580 3627 2616 :

2047 2669 2170 2724 quae
2191 2652 2366 2706 instar
2400 2650 2690 2720 cujusdam
2721 2652 3038 2706 vestimenti
3076 2661 3278 2706 terram
3308 2654 3628 2721 complecti-

2047 2752 2158 2807 tur,
2197 2750 2364 2811 atque
2413 2741 2749 2812 expanditur
2782 2758 2950 2812 super
2985 2759 3125 2798 cam.
3169 2743 3406 2798 Possunt
3460 2744 3624 2798 etiam

2045 2835 2160 2890 haec
2195 2833 2482 2903 Propheta:
2511 2833 2674 2888 verba
2712 2833 2941 2904 intelligi
2979 2833 3046 2890 de
3088 2836 3627 2905 incomprehensibi~

2045 2925 2202 2982 litate
2265 2928 2576 2996 sapientiae,
2648 2927 2932 2996 petentize,
2975 2943 3037 2982 ac
3090 2930 3445 2998 providentim
3501 2929 3621 2992 Dei,—

2047 3017 2209 3086 cujus
2263 3017 2692 3072 immensitatem
2727 3017 3056 3083 admiratus,
3091 3021 3242 3084 dicit,
3283 3022 3426 3088 quod
3461 3019 3624 3087 ahysa

2047 3125 2142 3164 sus
2173 3109 2372 3162 divina:
2396 3108 3084 3179 incomprehensibilitatis
3146 3121 3230 3165 est
3259 3112 3417 3180 quasi
3443 3109 3619 3179 quodat

357 3204 480 3256 dam
529 3203 932 3258 vestitttenlttllt.
982 3202 1116 3257 Nam
1151 3221 1276 3259 cum
1303 3223 1367 3260 ex
1398 3207 1546 3261 omni
1576 3217 1729 3277 parte
1767 3205 1912 3260 Deus
1952 3198 2540 3268 incomprehensibilis
2605 3199 2699 3264 sit,
2778 3201 3445 3269 incomprehensibilitate
3522 3202 3615 3255 illa

359 3297 528 3349 veluti
580 3296 902 3352 indumento
935 3299 1172 3367 quodam
1215 3299 1452 3354 amictus
1489 3313 1614 3356 esse
1652 3293 2060 3369 quodammodo
2095 3291 2311 3348 videtur
2340 3297 2394 3344 cl
2420 3290 2817 3344 circumdatus-

441 3387 571 3441 Ἐπὶ
616 3387 737 3442 τῶν
780 3389 967 3457 ὀρέων
1011 3389 1347 3458 στήσονται
1400 3391 1610 3447 ὒδατα.
1655 3391 1783 3445 Ἐπὶ
1825 3389 1935 3444 τῶν

2115 3382 2288 3450 Super
2340 3393 2538 3436 montes
2602 3384 2818 3436 stabunt
2877 3401 3047 3455 aqum.
3089 3385 3279 3454 Aquae,
3327 3384 3522 3455 inquit.
3564 3387 3618 3439 in

357 3479 534 3547 ὁρέων
591 3482 1020 3550 συναχθήσονται
1076 3483 1172 3535 καὶ
1226 3484 1563 3550 πηγάσουσι,
1615 3483 1796 3539 καίτοι
1836 3499 1938 3539 πε-

358 3571 570 3638 φυκότα
595 3573 924 3642 καταρρέειν
954 3574 1061 3626 ἀπὸ
1093 3573 1202 3626 τῶν
1255 3574 1607 3646 ὑψηλοτέρων
1632 3577 1837 3630 τόπων.
1869 3575 1942 3627 Ἦ

357 3661 552 3731 ἐπίσης
602 3666 715 3724 τοῖς
752 3663 955 3732 ,ὄρεσιν
1016 3665 1430 3735 ἀντιστήσονται
1495 3665 1940 3738 μετεωριζόμεναι

356 3754 427 3807 τὰ
462 3754 683 3825 κύματα
707 3755 808 3825 τῆς
842 3755 1147 3827 θαλάσσης,
1182 3756 1301 3827 ἤτοι
1326 3757 1396 3811 τὰ
1422 3757 1611 3816 ὕδατα.

437 3935 572 3990 Ἀπὸ
598 3936 1003 4005 ἐπιτιμήσεώς
1038 3953 1156 3991 σου
1185 3938 1532 4004 φεύξονται.
1567 3940 1649 3995 Τὰ
1687 3941 1786 4008 μὲν
1825 3940 1937 3996 ἀπὸ

353 4027 463 4081 τῶν
494 4028 664 4097 ὀρέων
711 4029 1033 4098 πηγόιζοντα
1069 4033 1177 4085 ἀπὸ
1224 4031 1462 4100 σφοδρᾶς
1495 4049 1588 4085 σου
1624 4030 1932 4094 κελεύσεως

354 4117 828 4189 ξηρανθήσονται,
878 4121 944 4172 τὰ
972 4121 1029 4174 δὲ
1062 4119 1514 4193 μετεωριζόμενα
1563 4121 1788 4192 κύματα
1835 4124 1937 4192 τῆς

353 4208 628 4280 θαλάσσης
663 4213 1195 4282 κατασταλήσονται.
1221 4217 1330 4268 Καὶ
1367 4215 1748 4284 Ἐπετίμησε,
1775 4213 1932 4284 φησὶ,

351 4302 429 4372 τῇ
475 4302 724 4372 Ἐρυθρᾷ
757 4305 1066 4377 θαλάσσῃ,
1095 4307 1194 4361 καὶ
1224 4307 1552 4377 ἐξηράνθη.

434 4479 580 4533 Ἀπὸ
611 4479 819 4550 φωνῆς
855 4475 1128 4551 ,Βροντῆς
1167 4498 1286 4539 σου
1312 4484 1756 4541 δειλιάσουσιν.
1795 4488 1934 4559 Τρο-

351 4571 586 4641 μάξουσι
642 4573 860 4644 φυσικῷ
906 4591 1016 4627 τινι
1059 4575 1229 4646 λόγῳ,
1280 4576 1312 4646 ἤ
1356 4577 1450 4632 καὶ
1500 4579 1638 4648 πρὸς
1661 4579 1934 4649 ὠφέλειαν

348 4663 530 4733 ἡμῶν.
577 4663 641 4716 Ei
671 4663 730 4716 δὲ
766 4664 835 4717 τὰ
871 4663 1043 4718 ὕδατα
1076 4664 1346 4736 τρέμουσι
1393 4669 1580 4736 φωνῆς
1604 4670 1929 4739 γενομένης,

347 4749 462 4808 οἷον
489 4755 920 4827 ἀγανακτήσεως
949 4773 1094 4820 τινος
1136 4757 1531 4827 αἰσθανόμενα,
1573 4761 1756 4832 πολλῷ
1791 4765 1928 4832 μᾶλα

347 4846 442 4900 λον
501 4849 630 4910 τοὺς
679 4848 933 4917 λογικοὶις
971 4851 1122 4919 ἡμᾶς
1175 4847 1335 4903 τοῦτο
1371 4851 1604 4922 πάσχειν
1654 4854 1783 4926 χρὴ,
1833 4855 1930 4909 καὶ

350 4936 756 4991 συστέλλεσθαι.

429 5029 895 5084 Ἀναϐαίνουσιν
914 5029 1045 5097 ὅρη,
1071 5030 1171 5085 καί
1195 5033 1624 5088 καταϐαίνουσι
1645 5037 1825 5090 πεδία
1841 5039 1930 5104 εἰς

345 5112 453 5166 τὸν
473 5120 681 5180 τόπον,
706 5114 780 5169 ὃν
801 5116 1214 5185 ,ἐθεμελίωσας
1241 5119 1470 5186 αὐτοῖς.
1508 5121 1836 5194 ’Υψώθησαν
1859 5127 1928 5178 τὰ

344 5206 469 5275 δρη,
505 5209 599 5261 καὶ
627 5208 1079 5277 ἐταπεινώθησαν
1119 5213 1188 5264 τὰ
1235 5213 1416 5276 πεδία,
1444 5215 1523 5276 είς
1559 5218 1649 5266 τὸν
1669 5217 1832 5269 τόπον
1864 5217 1924 5270 ὃν

350 5286 591 5364 ἧδιιισας
616 5300 822 5364 αὐτοῖς.
843 5301 904 5353 Ei
928 5300 984 5352 δὲ
1018 5302 1091 5372 μὴ
1117 5303 1244 5371 περὶ
1267 5305 1365 5374 τῆς
1395 5305 1596 5370 θέσεως
1618 5307 1727 5360 τῶν
1747 5309 1925 5379 ὀρέων

351 5379 447 5431 καὶ
468 5383 573 5431 τῶν
602 5392 868 5446 πεδιάδων
885 5393 1058 5446 ταῦτα
1086 5394 1162 5466 μὴ
1196 5397 1433 5466 νοήσεις,
1458 5400 1542 5468 εἴη
1565 5399 1630 5452 ἂν
1655 5400 1764 5454 τῶν
1800 5401 1926 5454 ὑδά-

350 5482 459 5519 των
503 5469 603 5536 τῆς
655 5469 948 5551 θαλάσσης,
1012 5483 1093 5535 ὅτι
1131 5485 1494 5555 »ἀναϐαίνουσι
1524 5489 1590 5540 τὰ
1618 5489 1717 5559 ὅρη
1753 5491 1924 5559 ὑψού-

355 5575 517 5628 μεναι
577 5561 671 5614 καί
730 5575 1118 5630 καταϐαίνουσι
1159 5575 1225 5629 τὰ
1286 5578 1443 5631 πεδία
1490 5583 1919 5653 ταπεινούμεναο

346 5649 631 5716 λείποντος
662 5652 757 5705 τοῦ
804 5655 904 5722 ὡς.

419 5932 468 5966 ⁸⁸
491 5907 634 5990 Psal.
667 5956 771 6022 .gv,
803 5944 856 5999 9.

2044 3475 2180 3543 ipsis
2219 3475 2495 3528 montibus
2533 3487 2964 3545 congregantur,
2999 3489 3050 3530 et
3085 3477 3264 3532 futiles
3295 3479 3404 3531 illic
3434 3488 3623 3531 scatrh

2042 3565 2215 3628 riunt,
2266 3581 2579 3635 quanquam
2641 3567 2842 3636 alioqui
2897 3581 3090 3634 suapte
3149 3577 3342 3622 natura
3391 3569 3460 3622 ab
3511 3569 3621 3620 aito

2041 3657 2255 3712 soleant
2296 3659 2362 3711 ad
2405 3657 2666 3712 inferiora
2699 3658 2960 3716 deﬂuere.
2989 3656 3085 3713 Vel
3115 3659 3277 3712 aliter
3310 3677 3322 3711 :
3357 3659 3526 3727 Aquae
3558 3674 3620 3712 ac

2040 3748 2241 3804 ﬂuctus
2274 3751 2412 3804 adeo
2441 3749 2494 3803 in
2523 3751 2696 3803 altum
2723 3751 3011 3818 tollentur,
3041 3760 3098 3806 ut
3132 3751 3247 3820 ipsa
3271 3751 3434 3804 etiam
3466 3765 3620 3803 mon-

2041 3843 2176 3897 tium
2206 3855 2425 3913 aequent
2451 3843 2766 3898 cacumina.

2113 3936 2287 3992 Vsus.
2329 3935 2380 3988 7.
2410 3934 2489 3987 Ab
2525 3934 2887 4002 increpatione
2923 3944 3013 3987 tua
3053 3935 3278 4004 fugient.
3309 3925 3391 3988 Ob
3426 3945 3616 3986 aucto-

2040 4025 2259 4079 ritatem
2311 4034 2366 4078 et
2397 4024 2694 4078 etlicaciam
2733 4024 3112 4078 mandatorum
3167 4033 3409 4090 tuorum,
3461 4039 3618 4094 aqua:

2037 4133 2159 4187 quae
2187 4117 2239 4170 in
2275 4116 2556 4172 montibus
2584 4117 2917 4180 scaturinnt,
2962 4117 3416 4180 exsiccabuntnr,
3441 4129 3492 4170 et
3522 4131 3617 4169 su-

2041 4209 2238 4264 blimes
2289 4209 2455 4262 ctiam
2491 4208 2660 4261 maris
2693 4206 2894 4263 ﬂuctus
2929 4208 3386 4276 compritncntur.
3428 4205 3615 4261 Incre-

2036 4303 2181 4372 pavit
2212 4301 2384 4363 enim,
2416 4300 2616 4370 inquit,
2657 4299 2946 4364 Dominus,
2982 4316 3130 4354 mare
3154 4298 3414 4365 Rubrum,
3443 4309 3493 4364 et
3525 4315 3617 4353 ι’πά

2035 4393 2290 4446 siccntum
2322 4401 2398 4446 est
2426 4392 2493 4446 “.

2107 4484 2147 4535 Α
2182 4500 2300 4538 voce
2328 4479 2554 4538 tonitrui
2595 4483 2672 4537 tui
2732 4475 3120 4551 formidabant.
3169 4482 3614 4536 Contremiscent

2039 4575 2273 4630 naturali
2303 4576 2541 4645 quadam
2571 4577 2804 4640 ratione,
2827 4573 2908 4630 vel
2933 4574 2999 4628 ad
3022 4574 3312 4629 utilitatem
3340 4583 3608 4630 nostram.

2035 4669 2192 4736 Quod
2223 4670 2268 4724 si
2299 4684 2455 4738 aqua}
2487 4685 2607 4738 qua:
2643 4671 2761 4739 ipso
2810 4670 2976 4722 etiam
3015 4684 3183 4723 sensu
3213 4677 3426 4730 carent,
3467 4660 3613 4720 facto

1962 4737 2006 4790 ί)
2036 4762 2284 4815 tonitruo
2318 4737 2711 4825 formidabuut,
2739 4771 2950 4828 quanto
2983 4758 3156 4827 magis
3185 4759 3368 4821 nobis,
3402 4758 3494 4826 qni
3523 4773 3612 4810 ταὼ

2030 4851 2268 4906 tionales
2298 4865 2513 4913 sumus,
2546 4851 2598 4905 id
2644 4851 2895 4904 accidere
2923 4844 3085 4904 debet
3125 4847 3149 4901 ἲ
3195 4859 3248 4903 ιιι
3283 4849 3498 4903 scilicet
3545 4849 3616 4902 ti-

2029 4959 2186 4998 more
2215 4944 2607 5013 corripiantur.

2103 5037 2266 5090 chs.
2291 5037 2344 5090 8.
2371 5028 2674 5091 Ascendunt
2710 5045 2934 5100 montes,
2965 5046 3016 5089 et
3062 5035 3385 5090 descendunt
3437 5035 3612 5100 campi

2028 5125 2081 5178 in
2130 5126 2327 5191 locum,
2358 5143 2514 5197 quem
2545 5127 2791 5195 fundasti
2822 5127 2916 5180 eis.
2951 5119 3184 5179 Exaltati
3213 5135 3344 5179 sunt
3370 5135 3609 5186 montes,

2026 5228 2080 5270 et
2113 5217 2360 5285 depressi
2389 5229 2522 5274 Sunt
2553 5220 2734 5288 campi
2773 5220 2828 5273 in
2855 5220 3061 5280 locum,
3107 5233 3270 5285 quem
3306 5216 3414 5269 illis
3446 5215 3613 5268 stabi-

2028 5308 2159 5364 listi.
2195 5308 2352 5374 Quod
2385 5311 2428 5362 si
2459 5312 2526 5363 de
2561 5300 2831 5363 tuentium
2887 5316 2942 5362 et
2977 5323 3296 5376 camporum
3350 5309 3459 5360 situ
3491 5306 3608 5358 haec

2028 5399 2387 5469 intelligenda
2441 5416 2549 5455 non
2607 5414 2860 5464 censeas,
2901 5398 3012 5453 dici
3071 5400 3236 5453 etiam
3285 5404 3467 5466 potest
3541 5396 3609 5448 de

2027 5491 2186 5560 aquis
2220 5493 2410 5553 maris,
2449 5492 2594 5560 quod
2654 5491 2860 5544 ﬂuctus
2905 5489 3026 5558 ejus
3076 5488 3408 5550 ascendunt,
3444 5498 3609 5552 atque

2027 5582 2375 5636 extolluntur
2437 5583 2492 5637 in
2556 5585 2768 5645 altum,
2838 5579 2995 5649 quasi
3081 5588 3343 5644 montes,
3398 5589 3452 5633 et
3513 5580 3608 5632 de-

2034 5674 2237 5740 pressi,
2307 5690 2635 5745 camporum
2695 5677 2897 5739 instar,
2956 5671 3192 5726 humiles
3241 5671 3604 5726 descendunt.

2029 5758 2190 5815 Juxta
2246 5780 2408 5833 quem
2455 5780 2679 5821 sensum
2762 5759 3230 5831 subintelligcnda
3274 5767 3360 5814 cst
3408 5761 3596 5823 dictio,

2032 5855 2209 5910 veluti.
