4052 6462
381 348 522 410 1025

1558 351 1952 410 CUMMENT.
2003 352 2077 410 lN
2125 352 2486 417 PSAIMOS.

3524 362 3664 430 1026

380 458 608 521 καὶτοῖς
669 455 961 519 τοιούτοις,
1002 457 1151 527 ἆπερ
1174 456 1313 528 ὁμοῦ
1370 460 1548 510 πάντα
1576 458 1823 514 δουλείαν
1861 459 1954 512 τῶι

2077 462 2363 526 nascitur;
2404 479 2499 530 per
2526 463 2692 536 χλόην
2727 479 2856 521 vero
2904 466 3049 521 illam
3083 483 3246 538 quam
3287 487 3413 537 nos,
3439 476 3662 530 tametsi

375 549 709 620 ἀνθρώπων,
736 549 811 612 ὡς
839 548 1155 619 ἀνθρώποις
1209 549 1536 604 δουλεύοντα
1591 568 1973 622 προσαγορευο

377 641 562 711 θῆναι.
594 640 751 704 Τινὲς
781 639 836 693 δὲ
858 641 1025 694 πάλιν
1080 641 1290 714 ἑτέρως
1343 642 1724 713 ἡρμήνευσαν,
1777 644 1972 714 χόρτον

380 737 483 805 μὲν
542 735 836 803 νοήσαντες
866 734 958 786 τὸν
1002 735 1077 803 μὴ
1117 734 1354 804 φέροντα
1416 738 1632 807 καρπον
1689 736 1970 808 χρήσιμον

378 827 458 887 εἰς
495 825 704 896 βρῶσιν
729 825 1040 897 ἀνθρώπιον
1063 868 1077 892 ,
1142 826 1308 898 χλόην
1334 826 1391 880 δὲ
1451 829 1550 899 τὴν
1579 830 1970 901 καρποφοροῦ·

378 936 480 972 σαν
539 919 884 991 εὔχρηστον⁸
935 922 1189 974 κάκεῖνον
1231 920 1331 991 μὲν
1383 920 1972 989 ἐξανατέλλεσθαιτοῖς

374 1013 624 1083 κτήνεσι,
655 1018 863 1084 ταύτην
900 1014 959 1067 δὲ
984 1016 1100 1078 τοῖς
1140 1013 1453 1085 ἀνθρώποις
1482 1031 1496 1045 ⁸
1522 1016 1591 1085 τῇ
1615 1014 1836 1086 δουλείᾳ
1857 1014 1968 1070 τῶν

372 1106 700 1176 ἀνθρώπων,
722 1109 797 1173 ὡς
835 1109 936 1181 τῆς
960 1109 1064 1178 γῆς
1091 1109 1465 1182 δουλευούσης
1487 1113 1603 1175 τοῖς
1629 1110 1965 1182 ἀνθρώποις,

373 1197 442 1251 δι’
465 1198 561 1263 οὒς
594 1202 690 1255 καὶ
709 1201 921 1270 γέγονε.

2074 552 2262 607 minus
2300 556 2547 623 proprie,
2580 558 3075 648 vocabuli~iuopia
3125 562 3244 616 olus
3292 563 3557 631 diximus,
3604 575 3663 621 et

2071 660 2137 701 ex
2170 646 2338 702 cultis
2371 652 2677 718 percipitur
2708 646 2890 706 locis}
2925 667 3161 721 quorum
3201 656 3432 709 alteram
3467 658 3654 712 datam

2071 755 2196 796 esse
2225 739 2421 795 dicunt
2468 740 2660 797 liberis
2712 745 3005 813 pecoribus
3041 761 3165 817 quae
3193 748 3382 803 herbis
3427 764 3662 805 vescun-

2072 839 2188 893 tur,
2240 830 2477 884 alterum
2505 829 2572 885 iis
2616 846 2742 901 quae
2774 834 3016 887 lnnnano
3069 836 3255 904 generi
3306 836 3661 901 deserviunt,

2068 922 2241 978 Veluti
2275 923 2474 987 bobus,
2503 924 2685 995 equis,
2715 924 2936 991 ovibus,
2973 935 3028 981 et
3053 928 3349 995 similibus,
3382 945 3504 999 qum
3535 930 3660 985 ani-

2069 1015 2236 1070 malia
2282 1013 2560 1086 Propheta
2643 1017 2966 1074 servitutem
3020 1020 3305 1073 hominum
3343 1021 3663 1092 appellavit,

2067 1106 2213 1174 quod
2250 1105 2574 1162 hominibus
2609 1109 2886 1164 serviunt.
2921 1107 3030 1163 Alii
3058 1124 3191 1166 vero
3216 1124 3314 1179 per
3343 1113 3510 1182 χλόην
3534 1126 3659 1165 om-

2076 1213 2202 1253 nem
2236 1200 2461 1254 herbam
2495 1201 2917 1268 intellexerunt,
2967 1218 3093 1272 quae
3148 1203 3393 1257 humano
3445 1204 3568 1257 usui
3607 1204 3664 1255 in

372 1290 556 1345 cibum
603 1292 863 1361 deservit,
913 1307 1029 1363 qua
1072 1294 1295 1349 ratione
1328 1294 1453 1348 olus
1500 1309 1621 1349 eam
1669 1293 2107 1365 appellavimus:
2144 1300 2201 1345 ct
2234 1304 2334 1360 per
2362 1289 2618 1356 herbam,
2685 1292 2963 1362 quidquid
3041 1294 3358 1349 hominibus
3420 1295 3474 1348 in
3543 1289 3663 1350 cibi

371 1399 533 1438 usuin
570 1400 677 1439 non
727 1387 901 1441 venit.
945 1384 1101 1439 llanc
1140 1387 1313 1456 igitur
1363 1387 1659 1456 pecoribus
1712 1386 2044 1457 productam
2127 1382 2264 1437 dicit
2300 1381 2627 1453 'Propheta,
2702 1385 2840 1440 illud
2898 1400 3032 1441 vero
3074 1386 3418 1442 hominibus.

3495 1387 3667 1445 Servi-

368 1482 472 1535 tuti
534 1482 699 1536 etiam
759 1480 1033 1537 hominum
1090 1481 1253 1545 dixit,
1306 1482 1432 1551 quia
1484 1489 1629 1535 terra
1678 1481 1966 1535 hominum
2004 1479 2198 1534 usibus
2232 1477 2486 1546 inservit,
2522 1480 2595 1534 ob
2624 1496 2766 1549 quos
2793 1496 2824 1536 a
2864 1482 2975 1537 Deo
3009 1481 3113 1537 fuit
3157 1491 3364 1538 creata.

444 1574 556 1630 Τοῦ
584 1575 903 1646 ἐξαγαγεῖν
941 1575 1127 1644 ἄρτον
1165 1575 1235 1629 ἐκ
1260 1574 1373 1644 τῆς
1398 1573 1534 1645 γῆς.
1570 1575 1961 1646 Χορτασοήσε-

363 1690 477 1737 ται,
521 1674 710 1744 φησὶν,
768 1673 801 1744 ἠ
854 1673 950 1742 γῆ,
996 1672 1165 1726 ἕνεκα
1208 1671 1307 1727 τοῦ
1381 1670 1674 1740 ἐξαγαγεῖν
1698 1670 1867 1741 ἄρτον
1900 1672 1959 1736 ἐξ

362 1767 557 1837 αὐτῆς,
592 1763 700 1818 ἀπὸ
733 1764 885 1818 σίτου
922 1763 1497 1833 κατασκευαζόμενον.

434 1854 539 1907 Kal
566 1849 729 1920 οἶνος
749 1853 1058 1923 εὐφραίνει
1083 1852 1338 1922 καρδίαν
1391 1852 1733 1921 ἀνθρώπου.
1792 1855 1901 1906 Καὶ
1932 1854 1961 1905 ὁ

2134 1568 2305 1626 Vsus.
2350 1571 2436 1627 l5.
2480 1572 2562 1625 Ad
2591 1573 2923 1628 educendum
2952 1590 3144 1641 panem
3179 1574 3242 1627 de
3275 1583 3442 1628 terra.
3475 1573 3663 1630 Salia»

2060 1660 2231 1729 bitur,
2262 1662 2464 1731 inquit,
2517 1673 2664 1718 terra
2699 1676 2755 1718 ut
2784 1664 3060 1720 educatur
3090 1681 3156 1718 cx
3203 1679 3267 1718 ca
3324 1667 3505 1734 panis,
3563 1668 3658 1737 qui

2061 1753 2129 1807 de
2155 1754 2435 1808 frumento
2467 1756 2520 1809 in
2561 1765 2709 1810 terra
2742 1768 2872 1811 nate
2906 1756 3225 1811 coniicitur.

2138 1846 2203 1901 Et
2233 1849 2410 1901 vinum
2458 1850 2701 1919 lwtiﬁcat
2734 1866 2827 1905 cor
2867 1851 3117 1904 hominis.
3152 1850 3332 1921 Ipsum
3373 1851 3539 1905 etiam
3569 1852 3658 1905 vi-

360 1939 503 2009 οἷνος
536 1946 747 2016 καρπὸς
774 1949 873 2017 τῆς
905 1947 1010 2017 γῆς
1040 1944 1136 2008 ὢν,
1168 1947 1262 2000 καὶ
1314 1944 1375 2012 ἐξ
1414 1946 1587 2017 αὐτῆς
1623 1947 1954 2017 ἁναδιδᾶμε-

2071 1955 2197 1993 num
2231 1948 2394 1995 terra:
2445 1940 2659 1997 fructus
2686 1951 2793 2007 est,
2833 1951 2887 1998 ct
2941 1943 3186 1998 laetiﬁcat
3238 1960 3337 1999 cor
3372 1945 3657 2001 hominis:

360 2056 470 2101 vo;,
504 2039 789 2111 suppa-Nu
822 2040 1052 2110 καρδίαν
1087 2039 1420 2112 ἀνθρώπων,
1457 2040 1811 2111 θεραπεύων,
1858 2043 1957 2096 καὶ⁸

359 2130 531 2194 ἀνιεῖς
556 2132 750 2202 αὐτήν.

434 2223 549 2280 Τοῦ
611 2225 887 2294 ἰλαρῦναι
955 2228 1285 2297 πρόσωπον
1322 2226 1393 2278 ἐν
1417 2227 1623 2293 ἐλαίῳ.
1659 2228 1766 2280 Καὶ
1794 2227 1959 2281 ἕνεκα

360 2317 524 2370 πάλιν
546 2317 641 2372 τοῦ
698 2319 1000 2387 ἁπαλῦναι,
1027 2319 1124 2375 καὶ
1151 2318 1447 2391 φαιδρῦναι
1474 2320 1533 2372 ὲν
1566 2321 1734 2391 ἐλαίῳ
1778 2338 1953 2392 γεωρ-

359 2411 616 2485 γουμένῳ
643 2412 755 2467 ἀπὸ
791 2413 966 2483 φυτοῦ
1009 2413 1182 2485 αὐτῆς
1227 2414 1523 2482 πρόσωπον
1555 2413 1929 2486 σκληραγωγη

358 2503 452 2556 0.‘=.v
484 2504 806 2577 ἀνθρώπου.

435 2598 539 2652 Καὶ
576 2599 757 2669 ἄρτος
782 2601 1037 2671 καρδίαν
1070 2601 1392 2671 ἀνθρώπου
1430 2599 1716 2670 στηρίξει.
1771 2600 1831 2655 Ὀ
1856 2603 1956 2673 μὲν

359 2686 501 2755 οἶνος
570 2693 854 2763 εὐφραίνει
925 2695 1115 2767 αὐτήν.
1181 2688 1352 2759 Οὗτος
1385 2694 1441 2747 δὲ
1474 2694 1706 2764 δυναμοῖ
1744 2712 1956 2765 κεκμη-

362 2787 544 2849 κυῖπιν,
580 2789 791 2855 καρπὸς
825 2787 902 2841 ὢν
961 2788 1056 2842 καὶ
1089 2788 1251 2852 αὐτὸς
1285 2789 1384 2859 τῆς
1409 2788 1539 2858 γῆς’
1570 2788 1793 2842 πάντων
1821 2789 1930 2861 γὰρ

358 2876 514 2930 ἔθετο
567 2880 832 2951 πρῦνοιειν
882 2883 910 2934 ὁ
969 2882 1366 2952 Δημιουργδς,
1425 2882 1519 2935 καὶ
1588 2880 1824 2949 ἀλόγων,
1857 2881 1954 2935 καὶ

358 2969 613 3036 λογικῶν,
657 2972 939 3042 χορτάζων
970 2972 1069 3041 τὴν
1093 2973 1216 3045 γῆν,
1250 2972 1336 3026 ἵνα
1385 2970 1700 3041 πιανθεῖσα,
1731 2972 1946 3038 τούτοις

357 3063 552 3132 ἀνήσει
576 3064 642 3114 τὰ
675 3064 984 3134 ἐπιτήδεια.
1600 3077 1605 3081 ’

426 3241 915 3312 Χορτασθιὶσεται
942 3244 1012 3298 τὰ
1043 3246 1203 3312 ξύλα
1235 3249 1342 3303 τοῦ
1370 3249 1609 3304 πεδίου.
1645 3249 1943 3323 Ἀρδευθή,

2067 2031 2273 2102 quippe
2307 2048 2433 2088 cum
2463 2044 2517 2089 et
2554 2035 2724 2090 robur
2749 2045 2997 2106 praestet,
3040 2044 3094 2089 et
3123 2036 3535 2092 sollicitudines
3572 2053 3660 2091 rc-

2067 2126 2265 2180 mittat.

2136 2218 2221 2271 Ad
2267 2218 2683 2273 cxhilarandum
2739 2220 2930 2290 faciem
2971 2221 3025 2274 in
3065 2223 3201 2275 oleo.
3248 2222 3311 2276 Et
3345 2238 3539 2278 rursus
3591 2239 3656 2277 ea

2065 2311 2302 2376 ratione,
2358 2322 2416 2366 ut
2448 2312 2659 2366 aridam
2691 2320 2856 2368 antea
2894 2322 3061 2380 atque
3105 2329 3358 2383 asperam
3417 2316 3658 2372 hominis

2064 2398 2260 2456 faciem
2350 2403 2581 2458 hilarem
2653 2405 2870 2470 reddat,
2928 2406 3092 2474 idque
3142 2409 3341 2463 etliciat
3387 2407 3441 2463 in
3510 2412 3654 2479 oleo,

2062 2492 2218 2561 quod
2251 2509 2282 2548 a
2315 2504 2475 2550 terra;
2508 2496 2691 2566 planta
2722 2497 3072 2566 producitur.

2134 2586 2203 2640 Et
2237 2589 2392 2658 panis
2425 2606 2520 2643 cor
2548 2590 2777 2646 hominis
2835 2592 3140 2662 conﬁrmat.
3183 2591 3385 2648 Vinum
3429 2593 3651 2663 quidem

2063 2680 2307 2757 laetificat
2338 2697 2458 2745 eor,
2495 2683 2653 2752 panis
2685 2668 2870 2738 autem
2921 2686 3069 2740 vires
3119 2684 3368 2756 fatigatis
3397 2696 3650 2757 praestat,

2058 2784 2112 2828 et
2148 2754 2323 2843 ipsius
2372 2776 2536 2830 etiam
2587 2787 2748 2831 terra:
2796 2777 3013 2832 fructus
3047 2786 3150 2835 cst.
3187 2778 3447 2834 Omnium
3482 2779 3651 2851 igitur

2058 2878 2443 2923 creaturarum
2480 2870 2887 2938 providentiam
2924 2872 3117 2928 habuit
3169 2871 3337 2939 Deus,
3365 2879 3477 2926 tam
3510 2873 3654 2928 il'l'it-v

2058 2959 2374 3022 tionalium,
2411 2975 2575 3029 quam
2631 2961 2844 3015 ratione
2880 2962 3243 3031 praeditarum
3274 2983 3287 3018 :
3327 2970 3650 3033 terramque

2056 3051 2233 3121 ipsam
2288 3053 2534 3116 satiavit,
2569 3064 2632 3107 ut
2666 3054 3044 3123 pinguefacta,
3097 3063 3415 3126 opportuna
3464 3055 3651 3110 omni-

2056 3142 2157 3198 bus
2190 3143 2448 3200 alimenta
2483 3145 2750 3201 tribueret
2816 3155 2872 3201 ct
2913 3150 3247 3205 necessaria.

2126 3234 2292 3311 Vsus.
2337 3235 2424 3290 16.
2467 3237 2872 3293 Saturabuntur
2913 3239 3060 3308 ligna
3091 3244 3287 3310 campi.
3335 3244 3654 3314 lrrigabunq

357 3353 534 3401 σεται,
595 3338 959 3410 πιανθήσεται
1015 3340 1085 3396 τὰ
1137 3341 1283 3411 φυτὰ
1323 3343 1426 3414 τῆς
1457 3346 1582 3415 γῆς,
1615 3344 1686 3399 τὰ
1719 3348 1951 3399 παντοῖα

2071 3345 2145 3383 .ur
2171 3340 2226 3384 et
2276 3330 2639 3400 pinguescent
2696 3332 2895 3400 plantw
2947 3348 3144 3390 omnes
3190 3345 3370 3400 terrae,
3408 3344 3463 3390 et
3515 3339 3647 3392 uni-

354 3428 571 3485 δένδρα.

417 3481 494 3580 ΑΖ⁸
559 3526 757 3595 κέδροι
817 3529 927 3584 τοῦ
992 3530 1277 3593 Λιϐάνου,
1327 3529 1401 3597 ἃς
1449 3529 1816 3600 ἐφύτευσας.
1850 3530 1951 3585 Διᾶ

353 3618 563 3674 τούτων
589 3621 665 3685 ὡς
710 3624 1134 3696 ὲπισημοτέρων
1201 3625 1385 3690 πάσας
1435 3624 1726 3695 ὑποδηλοῖο
1772 3612 1950 3695 Ἐφύί

354 3729 580 3781 τευσας
602 3714 659 3768 δὲ
693 3716 817 3770 ἀντὶ
840 3717 961 3783 τοῦ,
1017 3717 1367 3783 ἐξανέτειλας
1429 3719 1841 3790 προστάγματι.

421 3896 591 3950 Ἐκεῖ
615 3899 907 3968 στρουθία
960 3898 1520 3957 ἐηοσσεὺσουσιν.
1569 3903 1660 3955 Ἐν
1690 3903 1805 3968 τοῖς
1842 3921 1948 3972 φυ-

353 3992 490 4054 τοῖς,
524 3993 583 4044 ὲν
615 3994 733 4056 τοῖς
762 3992 1027 4063 δένδροις,
1058 3995 1118 4046 ὲν
1152 3994 1277 4059 ταῖς
1295 3994 1465 4065 κέδρο
1479 4013 1549 4059 ις.
1608 3996 1707 4051 Διὰ
1757 3996 1816 4049 δὲ
1838 3997 1948 4050 τῶν

355 4083 658 4155 στρουθίων
706 4083 802 4138 καὶ
831 4085 1000 4139 τᾶλλα
1032 4085 1228 4157 νόησον
1277 4087 1466 4157 ὄρνεα.
1527 4088 1604 4141 Οὐ
1641 4088 1805 4158 μόνον
1838 4088 1948 4159 γὰρ

352 4176 690 4251 ἀνθρώποις,
713 4178 850 4232 ἀλλὰ
895 4178 991 4235 καὶ
1043 4181 1156 4245 τοῖς
1209 4178 1422 4252 ὀρνέοις
1451 4180 1779 4252 χρήσιμοςὴ
1816 4182 1946 4236 ἀνά-

354 4269 502 4334 δοσις
523 4270 634 4324 τῶν
654 4271 913 4343 δένδρων.

430 4385 540 4440 Τοῦ
555 4384 802 4454 ἑρωδιοῦ
829 4386 868 4453 ἠ
904 4388 1177 4442 κατοικία
1204 4388 1434 4458 ἡγεῖται
1476 4387 1657 4443 αὐτά.
1707 4388 1768 4442 '0
1808 4390 1947 4460 ἐρωε-

351 4476 464 4537 διδς
510 4472 651 4541 εἶδος
681 4478 874 4550 ὀρνέου
914 4476 1136 4550 πρώτου
1166 4480 1478 4550 πηγνύντος
1499 4481 1600 4551 τὴν
1625 4481 1847 4535 καλιάν.

428 4677 566 4742 ’Ὀρη
593 4677 667 4730 τὰ
695 4678 910 4746 ὑψηλὰ
940 4677 1070 4746 ταῖς
1094 4677 1383 4753 ἐλάφοις-η
1405 4676 1592 4746 πέτρα
1625 4679 1939 4747 καταφυγὴ
1971 4678 2021 4738 D

351 4767 480 4833 τοῖς
511 4769 791 4836 λαγωοῖς.
831 4770 975 4840 Ὅρα
1040 4771 1136 4824 καὶ
1171 4770 1281 4823 τῶν
1309 4768 1531 4839 ὑψηλῶν
1581 4770 1779 4838 ὀρέων,
1840 4770 1949 4822 τῶν

352 4859 574 4928 πετρῶν
618 4860 677 4914 τὸ
730 4860 1049 4931 χρήσιμον·
1108 4860 1330 4915 πάντων
1381 4859 1516 4930 γὰρ,
1583 4859 1658 4922 ὡς
1707 4860 1947 4931 εἴρηται,

354 4953 690 5017 προνοεῖται,
745 4951 909 5022 μέχρι
958 4951 1053 5006 καὶ
1109 4951 1218 5004 τῶν
1285 4952 1674 5022 σμικροτάτων
1717 4951 1951 5018 ζώωνώ

355 5041 618 5114 Κτίστης.
661 5044 855 5115 Εἰγὰρ
888 5043 967 5116 μὴ
1011 5043 1080 5096 τὰ
1112 5042 1216 5113 ὅρη
1274 5042 1401 5118 μηδ’
1431 5043 1489 5096 αἱ
1540 5043 1740 5114 πέτραι
1785 5045 1947 5113 γεγό-

351 5152 532 5200 νασιν,
566 5136 864 5207 ὲπέλειψαν
891 5138 960 5191 ἂν
1016 5136 1187 5191 πάλαι
1233 5136 1305 5189 τὰ
1353 5135 1590 5206 ρηθέντα
1641 5137 1777 5209 γένη
1836 5138 1947 5193 τῶν

356 5228 536 5297 ζώων,
564 5228 673 5283 ὑπὸ
691 5228 803 5283 τῶν
834 5229 1207 5299 σαρκοφάγων
1237 5228 1714 5299 ὲκδαπανηθέντα.

448 5331 718 5409 Ἐποίησε
743 5340 1022 5409 σελήνην
1051 5344 1140 5408 εὶς
1167 5341 1435 5411 καιρούς.
1473 5341 1615 5404 Τοὺς
1673 5340 1776 5408 τῆς
1845 5358 1939 5394 νυ-

361 5420 490 5482 κτὸς
519 5421 777 5490 δηλονιιτι,
811 5433 924 5506 Τὴν
954 5432 1190 5504 σελήνην
1212 5433 1324 5503 γὰρ
1355 5433 1451 5486 καὶ⁸
1478 5433 1608 5495 τοὺς
1673 5432 1939 5502 ἀστέρας.

358 5513 442 5577 εἰς
479 5511 749 5604 ἐξουσίαν’
786 5527 881 5589 ’τῆς
912 5525 1136 5591 νυκτὸς,
1179 5523 1274 5581 ἐπὶ
1315 5523 1396 5595 τῷ
1430 5525 1691 5596 φωτίζειν
1742 5524 1938 5595 αὐτήν.

443 5626 497 5680 ’0
526 5626 705 5696 ἣλιος
725 5628 877 5699 ἔγνω
899 5641 1012 5702 την
1035 5638 1219 5695 δύσιν
1249 5639 1461 5697 αὐτοῦ.
1495 5639 1679 5707 Ἔγνω
1707 5638 1936 5709 ταύτην,

357 5720 459 5791 οὐχ
486 5722 562 5801 ᾡς
588 5721 853 5794 ἔμψυχος.
889 5723 1025 5781 ἀλλὰ
1053 5734 1195 5783 κατὰ
1216 5735 1309 5790 τὸν
1356 5734 1502 5787 θεῖον
1538 5734 1686 5805 ὅρον,
1712 5732 1772 5786 δν
1837 5734 1939 5804 οὐχ

359 5813 704 5886 ὑπερϐαίνει,
733 5815 987 5887 καθάπερ
1013 5836 1098 5884 τις
1134 5821 1375 5890 λογικὸς,
1424 5825 1579 5890 εἰδὼς
1610 5826 1670 5880 τὸ
1704 5842 1937 5895 προστε-

2057 3438 2232 3493 versa:
2264 3425 2523 3479 arbores.

2128 3515 2496 3571 CcdriLibani
2515 3535 2649 3588 quas
2671 3517 2955 3587 plmttasti.
2986 3518 3088 3574 Per
3112 3521 3337 3588 cedros,
3366 3522 3531 3577 voluti
3563 3523 3650 3578 in-

2055 3610 2329 3681 signiores
2359 3615 2608 3676 arbores,
2635 3618 2865 3668 caeteras
2892 3612 3058 3667 etiam
3086 3614 3441 3684 signiﬁcavit.
3477 3615 3647 3671 Plau-

2055 3704 2186 3758 tasti
2229 3712 2440 3770 autem,
2508 3705 2613 3758 boc
2665 3713 2771 3768 cst,
2827 3719 2857 3760 e
2917 3712 3066 3759 terra
3115 3706 3357 3761 eduxisti
3392 3709 3651 3763 mandato

2053 3805 2169 3853 tuo.

2126 3889 2480 3959 lbipasseres
2519 3888 2897 3953 nidiﬁcabunt.
2943 3891 3129 3957 Ibi,in
3177 3893 3380 3962 plantis
3412 3893 3648 3953 scilicet.

2051 3989 2101 4034 et
2144 3981 2465 4045 arboribus,
2514 3981 2568 4034 in
2607 3980 2809 4034 cedris.
2846 3981 2951 4034 Pcr
2985 3996 3240 4051 passeres
3275 3984 3441 4038 simili
3479 3983 3645 4039 modo

2051 4088 2212 4127 omne
2253 4071 2405 4127 aliud
2437 4072 2726 4127 volucrum
2757 4087 2935 4144 genus
2969 4073 3238 4144 intellige.
3277 4074 3467 4144 Neque
3496 4076 3643 4131 enim

2051 4162 2371 4219 hominibus
2399 4172 2637 4227 tantum,
2673 4168 2770 4220 sed
2824 4163 2958 4234 ipsis
2995 4165 3160 4220 etiam
3195 4165 3393 4222 avibus
3461 4168 3644 4225 utilis-

2052 4255 2193 4311 sima
2226 4254 2327 4308 fuit.
2355 4254 2618 4310 arborum
2654 4255 2890 4312 creatio.

2125 4370 2291 4425 Vens.
2336 4368 2425 4424 18.
2469 4367 2661 4424 Erodii
2702 4368 2893 4424 domus
2950 4371 3202 4431 pra'cedit
3246 4387 3359 4426 eos.
3406 4371 3641 4433 Erodius

2052 4480 2226 4534 genus
2259 4472 2349 4516 est
2383 4462 2524 4526 avis,
2557 4478 2678 4532 qua:
2705 4462 2881 4531 prima
2915 4463 3099 4517 avium
3147 4465 3393 4518 omnium
3443 4467 3637 4521 nidum

2056 4555 2191 4626 figit.

2122 4668 2329 4724 Montes
2360 4669 2557 4723 excelsi
2602 4670 2789 4735 cervis,
2833 4679 2987 4738 petra
3036 4669 3304 4741 refugium
3350 4671 3639 4739 leporibus.

2054 4763 2190 4818 Vide
2223 4766 2465 4832 ipsorum
2496 4764 2664 4817 etiam
2700 4767 2969 4818 montium
3003 4779 3069 4818 ac
3106 4774 3386 4834 petrarum
3421 4767 3640 4822 utilita—

2053 4864 2181 4915 tem,
2219 4865 2273 4909 et
2303 4857 2585 4925 quomodo
2641 4856 2724 4911 vel
2778 4856 3126 4911 infirmorum
3179 4868 3345 4913 etiam
3392 4858 3643 4913 animan-

2049 4949 2188 5000 tium
2249 4964 2503 5003 sunnnus
2530 4947 2726 5016 Opilex
2759 4963 2949 5001 curam
2973 4947 3194 5008 habeat.
3224 4949 3361 5004 Nam
3397 4950 3443 5004 si
3479 4965 3640 5003 mon-

2049 5049 2132 5092 tes
2169 5040 2302 5093 nulli
2343 5049 2555 5107 essent,
2611 5055 2715 5095 nec
2745 5041 2870 5095 ulla:
2915 5050 3105 5108 petra).
3139 5042 3480 5097 defecissent
3510 5045 3664 5099 sane

2046 5129 2176 5185 olim
2196 5130 2403 5192 omnia,
2427 5146 2552 5200 quae
2577 5132 2818 5188 diximus
2851 5133 3183 5200 animantia,
3209 5134 3356 5190 etab
3380 5132 3642 5189 immitiu-

2045 5221 2202 5277 ribus
2232 5221 2367 5278 feris
2399 5222 2637 5278 fuissent
2668 5231 3026 5291 consumpta.

2114 5334 2284 5391 Vens.
2326 5335 2420 5393 i9.
2462 5334 2616 5391 Fecit
2646 5339 2835 5392 lunam
2880 5339 2937 5392 in
2981 5347 3252 5406 tempora.
3300 5335 3358 5391 in
3386 5345 3636 5409 tempora

2042 5429 2262 5485 scilicet
2290 5431 2493 5486 noctis.
2524 5430 2738 5486 Lunam
2771 5430 2920 5491 enim
2953 5442 3006 5485 et
3034 5431 3227 5487 stellas
3256 5429 3311 5484 in
3344 5429 3640 5501 praefectu-

2037 5538 2130 5579 ras
2156 5523 2339 5579 noctis
2369 5523 2602 5588 creavit,
2635 5535 2697 5585 ut
2723 5538 2843 5579 eam
2873 5523 3276 5580 illuminarcnt.

2121 5637 2486 5708 Solcognovit
2536 5654 2790 5693 occasum
2824 5655 3001 5693 suum.
3054 5638 3328 5710 Cognovit
3376 5655 3635 5699 occasum

2051 5746 2213 5786 suum
2251 5731 2358 5797 sol,
2398 5745 2507 5786 non
2533 5732 2703 5787 veluti
2735 5731 2783 5786 is
2828 5732 2921 5804 qui
2976 5731 3215 5787 animam
3267 5742 3361 5788 aut
3408 5749 3632 5790 sensum

2052 5823 2273 5891 habeat,
2306 5824 2402 5883 sed
2432 5824 2600 5880 veluti
2630 5824 2679 5883 is
2705 5826 2797 5895 qui
2818 5826 3070 5882 divinam
3103 5826 3619 5884 determinationein
