4052 6432
362 310 503 377 1029

426 433 561 486 Zo'.a
587 432 771 501 μικρὰ
801 431 953 499 μετὰ
977 429 1280 499 μεγάλων.
1313 431 1486 484 Τοῦτο
1516 431 1701 501 δῆλον.

436 604 594 659 Ἐκεῖ
635 604 819 661 πλοῖα
885 605 1363 675 διαπορεύονται.
1412 608 1501 661 Ἑν
1556 612 1623 680 τῇ
1684 609 1937 682 θαλάσσῃ

349 699 621 769 δηλονότι.

424 789 669 860 Δράκων
730 786 913 858 οὗτος
960 791 1036 846 ὃν
1066 792 1349 859 ἔπλασας
1402 793 1707 864 ἐμπαίζειν
1753 794 1935 860 αὐτῷ.

350 884 464 938 Καὶ
492 884 522 936 ὁ
576 882 795 954 δράκων
852 878 1030 947 οὗτος,
1091 885 1212 957 ἦτοι
1240 887 1301 938 τὸ
1332 886 1521 956 κῆτος,
1578 886 1639 940 ὃν
1690 887 1933 952 ἔκτισας,

348 979 646 1049 ὲνσκιρτᾷν
701 976 893 1048 αὐτῷ,
963 983 1107 1049 φημὶ
1159 980 1217 1032 δὲ
1277 978 1355 1049 τῷ
1412 979 1586 1034 ὕδατι.
1652 980 1938 1052 Δράκοντα

347 1071 408 1122 δὲ
464 1068 716 1141 conﬁce;
769 1071 1077 1142 ὠνόμασεν,
1129 1071 1206 1135 ὡς
1243 1072 1796 1144 ὑπερμεγεθέστατον
1878 1077 1937 1127 ὲν

349 1165 465 1224 τοῖς
495 1162 753 1225 ὲναλίοιςο
781 1161 973 1233 ὥσπερ
1007 1159 1102 1216 οὖν
1133 1166 1225 1217 καὶ
1251 1165 1280 1217 ὀ
1303 1165 1524 1232 δράκων
1572 1164 1635 1218 ὲν
1663 1165 1777 1228 τοῖς
1805 1182 1937 1236 χερο

351 1255 550 1317 σαίοις.

429 1345 631 1400 Πάντα
653 1346 803 1415 πρὸς
824 1347 900 1400 σὲ
928 1347 1315 1415 προσδοκῶσι
1342 1349 1553 1403 δοῦναι
1576 1349 1692 1417 τὴν
1703 1348 1938 1419 τροφὴν

346 1439 550 1495 αὐτῶν
609 1443 697 1507 εἰς
737 1441 1044 1510 εὔκαιρον.
1087 1442 1273 1495 Πάντα
1300 1441 1371 1495 τὰ
1408 1442 1535 1506 ζῶα.
1575 1444 1656 1505 εἰς
1693 1442 1752 1495 σὲ
1781 1443 1937 1496 ἐλπί-

348 1533 535 1596 ζουσιν
573 1549 586 1561 ·
623 1532 761 1586 ἀλλὰ
789 1534 857 1587 τὰ
888 1533 1083 1601 ἄλογα,
1127 1533 1343 1604 φυσικῷ
1380 1552 1487 1587 τινι
1516 1535 1684 1603 λόγῳ,
1751 1533 1935 1597 καθὼς

346 1627 611 1690 ἀνωτέρω
641 1624 961 1694 δεδήλωται,
1023 1623 1194 1679 Ἔνθα
1233 1626 1316 1690 τὸ,
1350 1626 1461 1680 Καὶ
1486 1625 1743 1696 ζητῆσαι
1774 1628 1937 1696 παρὰ

350 1715 429 1782 τῷ
460 1715 846 1785 Θεῷβρῶσειν
895 1717 1123 1784 αὐτοῖς·
1161 1720 1510 1790 προσδοκῶσι
1539 1721 1598 1777 δὲ
1618 1722 1806 1776 δοῦναι
1830 1720 1934 1793 τὴν

346 1811 563 1880 τροφὴν
584 1811 775 1873 αὐτοῖς
833 1811 892 1863 ὲν
918 1809 1097 1882 καιρῷ
1124 1810 1340 1882 χρείας.

418 1994 637 2061 Acir-rat;
660 2010 779 2050 σου
806 1995 1014 2079 αὐτοῖς
1044 1995 1451 2064 συλλέξουσι.
1489 1998 1604 2071 Τὴν
1631 1999 1861 2071 τροφήν.

432 2178 819 2246 Ἀνοίξαντος
842 2178 911 2234 δέ
943 2194 1062 2235 σου
1104 2180 1223 2250 τὴν
1274 2182 1465 2252 χεῖρα,
1506 2182 1582 2238 τὰ
1605 2182 1938 2253 σύμπαντα

348 2268 818 2336 πλησθήσονται
871 2271 1316 2341 χρηστότητος.
1386 2274 1566 2344 Χεῖρα
1625 2274 1728 2346 μὲν
1785 2273 1937 2343 λέγει

347 2364 587 2435 χορηγὸν
612 2363 847 2432 δύναμιν
886 2365 1232 2437 χρηστότητα
1261 2366 1320 2420 δὲ
1348 2366 1449 2438 τὴν
1509 2368 1793 2439 πρόνοιαν.

434 2456 966 2526 Ἀποστρέψιιντος
997 2458 1065 2511 δέ
1087 2474 1207 2513 σου
1255 2459 1324 2513 τὸ
1363 2461 1711 2530 πρόσωπον,
1762 2479 1941 2532 ταρα-

350 2549 707 2619 χθοζσογται.
743 2552 1047 2621 Πρόσωπον
1091 2553 1192 2625 τὴν
1214 2555 1737 2635 ὲπισκοπήνρησιν,

435 2729 807 2799 Mrtua-8.1ch
833 2731 901 2785 τὸ
919 2732 1161 2804 πνεῦμα
1186 2736 1405 2801 αὐτῶν,
1424 2737 1527 2791 καὶ
1554 2738 1938 2810 ἐπιλείψουσι,

350 2821 453 2875 καὶ
479 2826 569 2889 εἰς
624 2826 735 2878 τὸν
784 2825 940 2893 χοῦν
988 2826 1191 2882 αὐτῶν
1244 2830 1753 2901 ἐπιστρέφουσιν.
1812 2836 1943 2904 Ἀφ-

351 2916 517 2981 ελείς.
562 2918 699 2987 Περὶ
728 2918 786 2972 δὲ
815 2917 925 2973 τῶν
963 2919 1271 2993 ἀνθρώπων
1299 2925 1327 2977 ὁ
1350 2923 1549 2994 λόγοςη

438 3183 905 3252 Ἔξαποστελεῖς
930 3184 996 3241 τὸ
1017 3187 1255 3257 πνεῦμά
1271 3205 1412 3252 σου,
1441 3189 1541 3245 καί
1572 3189 1939 3259 κτισθήσον-

356 3291 474 3329 τοι.
501 3274 575 3328 Τδ
625 3276 847 3346 πνεῦμά
870 3294 966 3331 σου
1007 3263 1294 3345 ζωοποιὸν,
1329 3282 1426 3335 καὶ
1457 3280 1853 3356 κτισθήσονται
1873 3284 1940 3337 ὲκ

354 3367 462 3436 γῆς
480 3369 899 3440 ἀναστήσοντες.
930 3371 1001 3424 Ἤ
1017 3372 1074 3426 τὸ
1091 3373 1229 3439 11νεῦ
1239 3372 1317 3444 μά
1334 3391 1452 3441 σου,
1476 3374 1537 3427 τὺ
1558 3374 1649 3436 διὰ
1673 3372 1767 3430 τοῦ
1782 3376 1938 3445 ἁγίου

355 3460 735 3532 βαπτίσματος
772 3464 1092 3532 ἐπιφοιτῶν,
1124 3466 1223 3519 καὶ
1243 3464 1634 3537 κτισθήσονται
1665 3468 1750 3531 εἰς
1817 3485 1941 3522 και-

354 3553 457 3624 νὴν
495 3555 696 3616 κτίσιν,
729 3555 808 3617 εἰς
837 3555 960 3609 νέον
991 3556 1140 3621 λαὸν,
1182 3555 1259 3621 ὡς
1294 3557 1534 3611 νοεῖσθαι
1567 3557 1629 3612 τὸ
1671 3559 1771 3630 μὲν
1810 3560 1942 3632 περὶ

352 3646 459 3715 τῆς
495 3647 561 3698 ἐκ
598 3647 812 3717 νεκρῶν
832 3648 1185 3712 ἀναστάσεως
1205 3689 1220 3714 ,
1247 3652 1307 3703 τὺ
1336 3648 1395 3703 δὲ
1419 3653 1551 3721 περὶ
1574 3651 1675 3720 τῆς
1724 3653 1792 3706 ἐκ
1844 3652 1943 3724 βα·-

358 3736 664 3809 πτίσματος
688 3738 1140 3808 παλιγγενεσίας.

427 3918 537 3977 Καὶ
596 3918 972 3984 ἀνακαινιεῖς
1022 3920 1089 3973 τὸ
1128 3921 1460 3989 πρόσωπον
1522 3921 1635 3989 τῆς
1689 3921 1822 3993 γῆς.
1871 3925 1945 3979 Τὸ

354 4012 554 4075 κάλλος
580 4013 695 4082 ,τῆς
723 4013 846 4081 γῆς,
908 4014 1048 4083 ὅπερ
1103 4014 1246 4067 εἰσὶν
1273 4017 1322 4068 οἱ
1358 4015 1661 4086 ἄνθρωποι.
1701 4017 1812 4070 Καὶ
1850 4016 1945 4072 ἄλ-

355 4104 463 4165 ὶως
493 4103 582 4166 δέ·
665 4109 716 4163 Η
741 4105 817 4176 γῆ
867 4106 1396 4178 ἀπαλλαγήσεται,
1464 4111 1609 4170 κατὰ
1653 4111 1746 4165 τὸν
1782 4112 1946 4165 ’Λπόν-

356 4202 569 4262 στολου,

430 4389 589 4447 Ἢτω
611 4389 649 4457 ἡ
673 4389 827 4454 δόξα
877 4391 1105 4460 Κυρίου
1150 4394 1241 4459 εις
1263 4392 1409 4460 τοὺς
1463 4392 1710 4460 αἰῶνας.
1743 4394 1852 4449 Τοῦ
1876 4395 1947 4448 τὰ

310 4524 318 4531 .
357 4482 460 4551 μὲν
489 4483 599 4540 τῶν
624 4484 936 4554 εἰρημένων
963 4484 1297 4557 ποιήσαντος
1323 4529 1341 4554 ,
1384 4486 1456 4540 τὰ
1485 4486 1543 4548 δὲ
1602 4488 1891 4553 ποιοῦντος
1924 4530 1938 4553 ,
1978 4466 2020 4518 D

352 4578 424 4629 τὰ
451 4577 508 4639 δὲ
537 4580 881 4647 ποιήσοντος.

428 4669 471 4721 Ε
479 4669 926 4739 ὺφρανθήσετιιι
954 4672 1170 4740 Κύριος
1189 4671 1289 4725 ἐπὶ
1322 4672 1447 4740 τοῖς
1471 4672 1671 4743 ἔργοις
1726 4676 1940 4734 αὐτοῦ.

328 4762 483 4833 ,Τοῖς
512 4763 600 4816 διὰ
627 4764 727 4834 τῆς
764 4761 1235 4834 ὲνανθρωπήσειος
1298 4764 1467 4821 αὐτοῦ
1515 4766 1938 4837 κατορθωθησο·

356 4854 545 4924 μένοις
570 4870 586 4884 ·
624 4853 682 4924 ῆ,
703 4855 818 4917 τοῖς
857 4853 946 4906 διὰ
975 4854 1077 4925 τῆς
1112 4855 1347 4920 κτίσεως
1376 4855 1473 4911 τοῦ
1507 4856 1738 4928 κόσμου.

442 4946 503 5000 '0
533 4946 878 5006 ἐπιϐλέπων
928 4946 1029 5002 ἐπὶ
1081 4946 1197 5012 τὴν
1225 4948 1364 5016 γῆν,
1397 4949 1496 5005 καὶ
1530 4949 1721 5006 ποιῶν
1747 4949 1951 5019 αὐτὴν

353 5036 617 5105 τρέμειν.
659 5040 749 5098 Ὠς
783 5040 880 5092 ἐπὶ
905 5039 1015 5092 τῶν
1043 5040 1289 5109 σεισμῶν
1313 5055 1327 5069 ο
1396 5041 1689 5104 meum
1752 5046 1863 5116 γὰρ
1889 5042 1950 5098 τὸ

353 5135 579 5205 ὀργίλον
705 5133 790 5199 δὲ,
812 5134 887 5204 μὴ
924 5133 1197 5203 φέρουσα,
1230 5133 1424 5203 τρέμει
1463 5136 1607 5189 κατά
1628 5153 1748 5191 τινα
1790 5154 1950 5207 φυσι-

357 5226 482 5296 οιὴν,
516 5226 545 5301 ἢ
574 5225 775 5298 μᾶλλον
797 5227 1108 5298 ἀπόρῤητοι
1140 5227 1520 5303 συναίσθησιν.

455 5391 510 5446 '0
545 5394 874 5476 ἀσιτιςμενος
903 5407 1023 5462 τῶν
1047 5406 1254 5476 ὁρέων,
1281 5406 1379 5461 καὶ
1413 5408 1814 5471 καπνίζονται.
1855 5408 1943 5472 Ὠς

442 5570 510 5604 ⁸⁷⁵
550 5568 735 5639 Rom.,
757 5584 985 5640 “mil,

1570 314 1955 376 EUTHYMII
1984 314 2347 375 ZlGABENI

3488 317 3631 387 i030

1970 438 2016 493 Α
2117 428 2286 485 Vens.
2319 431 2411 485 26.
2446 432 2720 489 Animalia
2760 433 2962 501 pusilla
2995 449 3113 488 cum
3139 435 3365 505 magnis.
3400 432 3511 490 Hoc
3533 450 3631 504 per

2044 536 2104 577 sc.
2133 522 2348 576 clarum
2380 531 2484 579 est.
2828 596 2831 601 _

2117 612 2202 668 Ibi
2236 631 2394 670 naves
2421 606 2909 684 pertranseuntJn
2947 620 3086 674 mari
3113 621 3343 675 scilicet.
3424 637 3426 639 ‘

2115 792 2294 846 Draco
2320 794 2419 847 iste
2477 810 2632 864 quem
2672 796 2960 865 plasmasti
3007 798 3076 851 ad
3113 796 3398 851 ludendum
3449 797 3503 849 in
3546 813 3628 851 eo.

2040 882 2226 955 Ipsum
2260 886 2425 940 etiam
2459 894 2582 943 cete
2606 889 2756 955 quod
2788 890 3013 953 creasti,
3040 890 3105 942 ad
3133 889 3540 943 subsiliendum
3575 892 3629 941 in

2041 978 2207 1033 mari.
2248 978 2554 1035 Draconem
2589 981 2737 1034 enim
2771 991 2892 1036 cete
2923 981 3239 1051 appellavit.
3272 980 3456 1035 Veluti
3487 981 3633 1034 inter

2042 1070 2219 1140 pelagi
2276 1071 2583 1125 animantia
2650 1083 2819 1126 vasta:
2875 1072 3166 1142 cujusdam
3243 1073 3635 1142 magnitudinis

2039 1160 2271 1225 animal,
2328 1162 2794 1231 quemadmodum
2840 1163 3008 1217 draco
3037 1164 3182 1218 inter
3217 1174 3456 1219 terrena.

2109 1335 2275 1391 Vens.
2300 1336 2392 1390 2'7.
2424 1336 2619 1392 Omnia
2644 1354 2676 1391 ιι
2705 1349 2752 1393 te
2774 1348 3105 1409 exspectant,
3146 1349 3204 1392 ut
3230 1339 3323 1392 de:
3357 1339 3434 1394 eis
3458 1340 3631 1393 cibum

2037 1432 2093 1485 in
2129 1443 2380 1499 tempore.
2415 1429 2612 1486 Omnia
2645 1431 2928 1494 animalia,
2957 1429 3161 1501 inquit,
3208 1431 3263 1484 in
3295 1439 3347 1487 te
3379 1439 3635 1500 sperant,

2040 1524 2263 1578 tametsi
2292 1525 2448 1578 bruta
2484 1525 2627 1590 ipsa,
2667 1523 2820 1578 nulla
2862 1524 3038 1577 animi
3079 1527 3317 1589 ratione,
3352 1524 3515 1593 cujus
3543 1537 3638 1576 cx-

2038 1615 2217 1685 pertia
2247 1623 2401 1681 sunt,
2448 1616 2545 1671 sed
2574 1614 2817 1669 naturali
2852 1615 3096 1685 quodam
3130 1617 3399 1670 instinctu
3455 1617 3508 1669 id
3557 1615 3636 1668 fa-

2038 1706 2218 1765 ciunt.
2247 1705 2716 1775 quemadmodum
2757 1720 2926 1775 supra
2964 1707 3210 1761 diximus
3235 1706 3633 1762 in-versiculo:

2043 1798 2305 1864 Quaerunt
2334 1814 2368 1851 a
2398 1796 2505 1851 Deo
2534 1814 2710 1851 escam
2754 1798 2879 1852 sibi.
2943 1795 3277 1866 Exspectant
3329 1804 3512 1850 autem
3574 1805 3635 1851 ut

2039 1888 2141 1943 des
2169 1888 2254 1942 eis
2284 1888 2493 1953 cibum,
2523 1889 2578 1941 in
2615 1897 2864 1958 tempore
2895 1889 3109 1943 scilicet
3154 1887 3489 1958 indigentiae.

2113 1979 2283 2037 Vens.
2328 1980 2421 2036 28.
2476 1979 2646 2034 Dante
2725 1990 2773 2034 te
2818 1981 2918 2047 eis,
2970 1979 3240 2048 coltigent.
3284 1979 3483 2035 Cibum
3519 1981 3635 2037 sci.-

2041 2078 2197 2135 licet.

2110 2174 2395 2242 Aperiente
2450 2182 2498 2227 te
2551 2188 2768 2226 manum
2821 2181 2993 2238 tuam,
3043 2173 3223 2227 omnia
3276 2172 3638 2241 implebantur

2042 2265 2295 2320 bonitate.
2320 2264 2425 2320 Per
2454 2278 2706 2330 tuanum,
2752 2264 3031 2319 tribuendi
3076 2267 3396 2335 potentiam,
3442 2276 3497 2320 et
3537 2280 3637 2335 per

2042 2358 2368 2421 bonitatem,
2400 2356 2808 2427 providentiam
2834 2355 3104 2425 intelligo.

2114 2448 2284 2506 Vens.
2317 2450 2410 2507 29.
2466 2450 2748 2505 Arertente
2777 2459 2956 2503 autem
3000 2460 3047 2504 te
3077 2449 3265 2519 facient
3317 2458 3484 2514 luant,
3518 2460 3632 2502 tur,

2042 2545 2334 2600 babuntur.
2366 2543 2591 2599 Faciem
2629 2543 2748 2609 Dei,
2790 2543 3106 2600 custodiam
3139 2552 3194 2598 et
3224 2543 3634 2613 protectioncm

2041 2638 2290 2693 divinam
2323 2637 2588 2707 appellat.
2756 2644 2760 2648 '

2107 2730 2339 2801 .A‘uferes
2379 2728 2628 2795 spiritum
2659 2743 2864 2794 eorum,
2905 2738 2955 2782 et
3001 2726 3270 2798 deﬁcient,
3309 2737 3359 2781 et
3409 2729 3464 2781 in
3515 2728 3636 2796 pul-

2042 2838 2211 2878 uerem
2237 2837 2393 2875 suum
2421 2828 2811 2875 convertentur.
2845 2819 3079 2876 Auferes
3115 2819 3226 2892 (I2)
3269 2821 3509 2874 animam
3543 2834 3639 2875 eo..-

2044 2930 2192 2981 rum,
2249 2924 2306 2970 et
2338 2914 2670 2978 morientur,
2703 2922 2871 2984 atque
2903 2913 2976 2967 ita
3000 2913 3221 2968 domum
3251 2913 3514 2983 iresoluti,
3551 2928 3639 2967 re-

2044 3013 2333 3063 vertentur
2366 3007 2422 3062 in
2463 3016 2669 3061 terram
2712 3021 2892 3071 suam,
2928 3021 2957 3060 a
3007 3020 3117 3076 qua
3163 3005 3439 3074 desumpti
3482 3015 3636 3060 sunt.

1970 3119 2014 3176 ρ
2051 3098 2148 3155 Est
2192 3108 2377 3153 autem
2410 3111 2599 3153 sermo
2625 3095 2692 3152 de
2723 3095 3067 3150 hominibus.

2116 3188 2287 3245 Vnus.
2317 3189 2407 3245 '50.
2443 3187 2671 3244 Emitte:
2706 3189 2952 3256 spiritum
2990 3200 3160 3255 tuum,
3195 3198 3245 3242 et
3290 3187 3633 3243 creabantur.

2045 3282 2299 3347 Emittes,
2319 3280 2521 3351 inquit,
2550 3282 2775 3335 vitalem
2802 3280 3063 3351 spiritum
3085 3288 3265 3343 tuum,
3290 3289 3345 3335 et
3361 3283 3633 3336 creabun-

2044 3385 2137 3428 tur
2153 3371 2376 3433 iterum,
2391 3378 2788 3442 resurgentese
2805 3379 2974 3439 terra;
2996 3371 3100 3437 vel,
3119 3370 3349 3427 Emittes
3367 3370 3633 3441 Spiritum

2045 3473 2218 3527 tuum,
2260 3462 2357 3533 qui
2397 3477 2495 3533 per
2520 3468 2773 3517 sanctum
2803 3462 3074 3533 baptisma
3105 3472 3373 3518 venturus
3419 3472 3526 3527 est,
3579 3473 3631 3518 et

2045 3557 2406 3620 creabuntur,
2441 3556 2497 3609 in
2528 3570 2731 3611 novam
2780 3555 3042 3610 nimirum
3084 3563 3418 3622 creaturam,
3467 3565 3636 3626 atque

2047 3650 2103 3704 in
2134 3664 2341 3705 novum
2385 3647 2679 3719 populum.
2728 3646 2966 3718 Intelligi
3002 3646 3151 3704 enim
3206 3648 3312 3704 hoc
3359 3656 3542 3721 potest
3571 3647 3638 3702 de

2046 3741 2456 3798 resurrectione
2513 3755 2543 3795 a
2611 3740 2882 3808 mortuis,
2932 3741 3017 3794 vel
3077 3740 3147 3797 de
3208 3732 3631 3811 regeneratione

2046 3834 2426 3903 baptismatis.

2118 3927 2185 3981 Et
2215 3927 2495 3981 renouabis
2530 3926 2728 3996 faciem
2767 3933 2946 3980 terrm.
2979 3922 3096 3980 Hoc
3130 3931 3236 3990 est,
3264 3924 3635 3995 pulchritudi—

2049 4034 2171 4074 nem
2207 4026 2392 4083 terrac,
2442 4034 2535 4088 per
2580 4032 2744 4086 quam
2804 4016 2955 4084 ipsos
3017 4016 3273 4071 homines
3327 4017 3636 4089 intelligere

2048 4125 2370 4181 possumus,
2414 4111 2498 4164 vel
2561 4111 2741 4177 ipsum
2809 4108 2979 4162 etiam
3037 4116 3200 4162 terrae
3256 4108 3635 4176 elementum;

2047 4207 2173 4277 quia
2207 4215 2349 4259 terra
2382 4214 2537 4271 tunc,
2567 4213 2624 4257 ut
2667 4204 2845 4274 inquit
2871 4202 3199 4273 Apostolus,
3256 4202 3573 4257 liberabitur
3600 4221 3635 4258 ο

2047 4301 2384 4369 corruptione
2404 4299 2493 4353 ³⁷’.

2119 4386 2290 4444 Vens.
2314 4388 2407 4444 51.
2447 4386 2531 4442 Sit
2557 4387 2733 4457 gloria
2766 4386 2979 4440 Domini
3014 4386 3068 4440 in
3100 4385 3323 4440 menta.
3355 4386 3492 4442 Cum
3523 4386 3632 4440 alia

2049 4498 2266 4546 eorum,
2298 4499 2420 4552 qua:
2452 4482 2598 4537 dicta
2650 4489 2803 4546 sunt,
2847 4481 2956 4548 jam
3009 4480 3254 4536 effecerit
3315 4478 3485 4547 Deus,
3525 4481 3633 4533 alia

2049 4596 2199 4636 nunc
2228 4580 2449 4645 eiliciat,
2480 4580 2588 4634 alia
2617 4578 2885 4649 deinceps
2915 4578 3218 4634 eﬂ‘ecturus
3252 4577 3349 4635 sit.

2116 4672 2415 4727 Laetabitur
2448 4672 2704 4726 Dominus
2737 4671 2791 4724 in
2824 4669 3069 4741 operibus
3103 4670 3235 4726 suis.
3262 4668 3321 4725 In
3349 4668 3635 4740 operibus,

2047 4765 2296 4834 inquam,
2328 4779 2450 4833 quae
2493 4763 2697 4819 divinae
2765 4762 3168 4819 incarnationis
3206 4762 3385 4833 gratia
3440 4759 3637 4817 eﬂ‘ecta

2047 4857 2280 4920 fuerint.
2319 4858 2407 4913 vel
2450 4858 2505 4911 in
2539 4857 2804 4928 operibus
2839 4855 3148 4912 creationis
3179 4853 3398 4910 mundi.

2126 4949 2294 5012 Vens.
2316 4947 2406 5002 '52.
2430 4945 2540 5012 Qui
2566 4947 2782 5016 respicit
2809 4945 3236 5017 terram,et§facit
3252 4962 3371 5001 eam
3394 4938 3656 5005 tremere.

2050 5038 2234 5094 Terra:
2260 5048 2411 5094 motu
2449 5040 2733 5095 nimirum.
2766 5039 3039 5117 iracunde
3070 5038 3215 5094 enim
3259 5045 3462 5092 terram
3488 5038 3637 5104 aspi-

2049 5134 2146 5196 cit,
2202 5149 2326 5188 cum
2371 5132 2505 5186 libet
2543 5148 2558 5190 :
2592 5148 2713 5203 quae
2766 5132 2915 5187 illius
2966 5138 3258 5202 aspectum
3312 5127 3458 5184 ferre
3525 5143 3635 5183 non

2047 5227 2260 5287 valens.
2311 5226 2723 5290 contremiscit,
2776 5224 3039 5289 naturali,
3091 5223 3176 5279 vel
3215 5221 3396 5297 potius
3440 5219 3634 5276 inetia-

2047 5316 2139 5372 bili
2172 5316 2409 5387 quodam
2446 5332 2636 5371 sensu.

2125 5410 2230 5484 Qui
2264 5411 2431 5487 tangit
2478 5418 2701 5475 montes,
2755 5416 2803 5460 et
2842 5405 3122 5477 fumigant.
3157 5404 3633 5473 Quemadmodum

1720 5677 1916 5740 Varim
1955 5679 2291 5743 lectiones.

445 5766 559 5838 (I2)
594 5767 925 5839 Explanatio
958 5784 1067 5824 non
1108 5776 1445 5840 neCCSSarin,
1480 5787 1539 5831 ut
1583 5780 2018 5838 animadversio.
