4052 6406
481 375 617 441 1035

1608 394 1611 397 '
1653 374 2033 437 EUTHYMlI
2069 374 2433 434 ZIGABENI

3542 364 3543 367 “
3593 369 3720 435 1036

477 495 697 564 repetit.
764 492 868 548 Per
925 497 1314 547 testamentum
1365 488 1513 543 enim
1566 494 1622 543 et
1668 501 1765 557 per
1799 487 2050 552 verbum,

2158 485 2305 555 λέγει
2329 485 2513 550 πάλιν,
2554 484 2885 557 διαθήκηνῆ
2922 484 3082 552 λόγον
3133 484 3230 555 τὴν
3275 484 3571 556 ὑπόσχεσιν
3626 488 3723 555 τῆς

478 586 902 657 promissionem
972 600 1001 639 a
1062 584 1171 638 Deo
1224 580 1459 637 Abrahae
1506 579 1708 635 factam
1766 578 2048 648 intelligit.

475 683 692 737 Memor
727 680 917 743 etiam,
958 676 1157 748 inquit,
1203 675 1309 731 fuit
1351 673 1516 742 Deus,
1562 674 1839 729 sermonis
1885 686 2048 742 (luem

477 773 758 828 mandavit
790 772 844 826 in
882 769 1028 824 mille
1066 768 1476 838 generationes,
1523 765 1629 820 hoc
1674 773 1781 829 est,
1832 762 1923 834 qui
1980 761 2046 829 ad

475 867 676 923 multas
708 865 964 920 nationes
1014 861 1289 934 pervenit.
1336 859 1486 915 Mille
1531 859 1678 914 enim
1714 856 1897 928 posuit
1952 869 2049 923 pro

474 960 689 1027 Multis,
719 966 774 1014 et
808 931 1091 1011 Mandavit
1130 968 1230 1024 pro
1258 951 1547 1007 Pollicitus
1581 957 1688 1004 est.
1889 931 1892 934 ’

544 1050 714 1107 Vens.
742 1049 796 1103 9.
827 1045 980 1113 Quod
1008 1044 1271 1114 disposuit
1300 1041 1370 1097 ad
1407 1040 1701 1096 Abraham.
1734 1035 1892 1104 Quod
1924 1051 2047 1091 vcr-

474 1146 603 1199 bum
633 1143 872 1198 scilicet.

544 1235 613 1301 Et
637 1234 937 1305 juramenti
967 1231 1053 1286 sui
1087 1229 1155 1285 ad
1187 1228 1366 1283 Isaac.
1417 1225 1620 1280 Memor
1643 1222 1773 1278 item
1805 1219 1905 1274 fuit
1950 1219 2042 1289 ju-

470 1330 707 1384 ramenti
733 1326 843 1393 sui,
863 1325 1009 1397 quod
1025 1324 1231 1395 juravit
1249 1320 1357 1375 lilio
1386 1318 1622 1374 Abrahae
1638 1317 1811 1372 Isaac.
1839 1313 2041 1369 Eadem

475 1423 678 1481 etenim
710 1419 1008 1492 promissio
1044 1416 1179 1478 ﬁlio,
1224 1428 1345 1484 quae
1405 1410 1550 1482 patri
1599 1409 1744 1464 facta
1774 1416 1880 1470 est,
1933 1413 2043 1459 tam

469 1519 539 1572 de
569 1517 813 1586 regione,
847 1527 1012 1583 quam
1053 1511 1123 1564 de
1171 1506 1528 1563 multitudine
1594 1500 1844 1558 seminis.
1898 1497 2044 1564 Quid

468 1604 656 1663 autem
704 1607 783 1663 sit
840 1604 1214 1674 juramentum
1263 1597 1382 1662 Dei,
1440 1595 1683 1649 diximus
1733 1590 1791 1645 in
1829 1590 2043 1660 psalmo

470 1714 731 1757 uxxvm.
766 1698 839 1753 ibi
874 1694 1108 1751 :Juravi
1149 1690 1318 1745 David
1346 1703 1496 1742 servo
1530 1701 1665 1739 meo.

539 1792 705 1848 Vens.
734 1790 821 1844 lO.
870 1788 940 1843 Et
982 1785 1172 1841 statuit
1225 1781 1363 1838 illud
1400 1779 1569 1834 Iacob
1601 1779 1657 1832 in
1698 1782 2040 1845 prceceptum.

471 1887 620 1941 Adeo
651 1893 709 1939 ut
762 1884 885 1954 ipse
914 1879 1089 1935 Jacob
1126 1886 1313 1932 certus
1349 1874 1465 1943 jam
1515 1881 1684 1939 esset,
1729 1867 2043 1924 mandatum

466 1979 601 2033 illud
643 1975 738 2030 Dei
770 1974 969 2029 violari
1008 1986 1117 2024 non
1160 1968 1388 2022 debere.

538 2070 610 2126 Et
648 2066 818 2122 Israel
844 2066 901 2119 in
933 2067 1311 2117 testamentum
1340 2066 1620 2112 wternttm.
1657 2053 1725 2109 Ut
1756 2060 1907 2109 esset
1942 2048 2046 2122 ipsi

466 2162 635 2220 tsrael
667 2154 1123 2214 incommutabile
1154 2165 1310 2221 reque
1339 2163 1406 2203 ac
1435 2147 1839 2217 sempiternum
1873 2151 2046 2198 testa-

470 2264 733 2313 utentum.

540 2347 822 2404 Vnam“.
889 2344 1075 2399 Dicens
1106 2357 1123 2396 :
1158 2338 1273 2395 Tibi
1328 2336 1466 2392 dabo
1503 2342 1703 2391 terram
1759 2331 2042 2386 Chanaan.

468 2447 814 2504 Palaestinam
855 2440 1091 2505 scilicet,
1127 2450 1294 2509 quam
1324 2431 1622 2491 Chananmi
1663 2428 1855 2501 populi
1888 2426 2047 2483 habi-

465 2544 682 2600 tabam.

543 2630 871 2690 Funicutum
901 2623 1234 2682 ha’reditatis
1265 2627 1473 2675 restria.
1528 2616 1644 2673 Hoc
1688 2624 1778 2672 est
1824 2626 2045 2669 mensu-

474 2745 592 2786 ram
629 2740 692 2780 ac
724 2720 1037 2794 portionem
1076 2723 1338 2771 vestram.

544 2821 708 2876 Vens.
744 2816 835 2870 l2.
867 2811 1001 2870 Cum
1033 2816 1206 2867 essent
1255 2821 1472 2863 numero
1506 2805 1705 2859 breves.
1752 2799 1900 2866 llaec,
1962 2799 2049 2854 in-

473 2929 659 2988 quam,
699 2913 771 2965 ita
828 2902 1103 2977 disposuit
1145 2909 1201 2958 et
1247 2899 1528 2971 pollicitus
1577 2904 1664 2952 est
1702 2895 1868 2959 Deus,
1915 2905 2042 2947 cum

436 3038 441 3045 ι
473 2986 653 3063 adhuc
680 3001 839 3074 pauci
868 3003 1080 3060 essent,
1111 2993 1391 3049 Abraham
1451 2990 1740 3052 nimirum,
1791 2986 1952 3042 lsaac
1990 2989 2046 3039 et

474 3099 641 3156 Iacob
703 3103 870 3163 atque
898 3104 1091 3148 eorum
1122 3086 1306 3143 liberi.

542 3186 864 3246 Paucissimi
909 3191 959 3239 et
992 3179 1249 3253 peregrini
1271 3180 1327 3233 in
1352 3194 1441 3233 ea.
1482 3174 1625 3242 Quin
1660 3174 1773 3228 imo
1821 3168 2047 3243 paueis-
2075 3197 2119 3258 ρ

472 3285 599 3342 simi
654 3296 782 3336 cum
833 3282 1025 3335 essent
1075 3282 1132 3331 et
1189 3271 1460 3328 derelicto
1500 3269 1666 3339 paulo
1697 3272 1827 3320 ante
1868 3260 2051 3333 patrio

475 3378 614 3442 solo,
661 3375 715 3430 in
752 3372 1191 3427 Cliananaorum
1226 3375 1391 3428 terra,
1418 3357 1586 3415 veluti
1612 3356 1859 3426 hospites
1884 3361 2052 3423 atque

471 3467 723 3528 extranei
758 3472 1155 3520 morarentur:
1191 3456 1462 3512 Abraham
1524 3452 1697 3516 enim,
1753 3459 1810 3505 ut
1876 3446 2053 3517 inquit

475 3566 785 3633 Scriptura.
824 3555 1197 3628 peregrinatus
1225 3559 1301 3604 est
1343 3550 1399 3603 in
1426 3559 1572 3602 terra
1599 3543 1856 3601 Chanaan
1889 3543 1957 3596 “.

546 3653 715 3709 Vens.
754 3650 844 3705 13.
897 3646 965 3700 Et
990 3642 1420 3715 pertransierunt
1458 3638 1523 3692 de
1556 3644 1706 3706 gente
1734 3634 1790 3687 in
1815 3640 2046 3702 gentem.

474 3746 578 3801 Per
609 3741 810 3797 multas
836 3738 1093 3793 nationes
1129 3731 1306 3801 vagati
1354 3736 1502 3792 sunt,
1555 3734 1610 3780 et
1648 3724 1912 3795 plurimas
1961 3735 2043 3776 se-

474 3837 573 3891 des
603 3836 1037 3890 commutarunt,
1080 3838 1204 3896 quae
1250 3821 1437 3877 omnia
1485 3821 1540 3875 in
1592 3816 1733 3872 libro
1773 3813 2049 3871 Geneseos

472 3932 847 3996 exponuntur.

526 4018 613 4073 .Et
647 4017 712 4071 de
738 4030 896 4086 regno
923 4013 979 4067 in
1002 4010 1255 4080 populum
1286 4001 1539 4062 alterum.
1573 4003 1709 4058 Alite
1760 3999 1908 4056 enim
1959 4011 2051 4050 re-

474 4114 666 4186 giones
704 4106 774 4163 ad
806 4105 952 4175 regis
985 4101 1274 4171 imperium
1318 4094 1874 4158 administrabantur,
1927 4088 2050 4144 aliae

481 4182 609 4265 iero
658 4198 941 4260 communi
992 4194 1323 4266 populorum
1381 4186 1638 4249 concilio,
1678 4196 1829 4240 more
1867 4182 2052 4251 reipu-

477 4304 653 4360 blicaa.

549 4395 712 4447 Vens.
745 4388 834 4443 14.
868 4382 991 4437 Non
1020 4379 1260 4450 permisit
1287 4376 1548 4430 hominem
1582 4388 1766 4427 nocere
1800 4371 1908 4425 ‘eis.
1951 4367 2056 4424 Ne-

476 4488 702 4549 minem,
761 4476 983 4549 inquit,
1058 4456 1326 4542 permisit
1370 4467 1570 4538 injuria
1654 4480 1751 4520 eos
1816 4461 2052 4517 allicere.

2153 576 2448 649 είρημένης
2476 576 2583 645 γῆς
2622 573 2927 645 ὀνομάζων.
2972 574 3253 645 Ἐμνήσθη
3284 575 3414 646 γὰρ,
3450 578 3601 645 φησι,
3633 577 3720 631 τοῦ

2150 669 2333 736 λόγου,
2353 660 2414 720 οὗ
2432 666 2754 734 ἐνετείλατο,
2772 667 2865 720 τοῦ
2894 668 2972 731 εἰς
3000 667 3178 737 χιλίας
3203 666 3416 733 γενεὰς,
3444 666 3538 721 τοῦ
3569 668 3723 737 μέχρι

2152 759 2364 812 πολλῶν
2391 757 2591 827 γενεῶν
2618 758 2999 830 ἐξικνουμένου
3019 774 3035 790 ·
3070 759 3245 829 χιλίας
3269 758 3378 828 γὰρ
3403 760 3494 813 νῦν
3544 758 3722 822 ἁπλῶς

2152 851 2249 916 τὰς
2277 852 2480 915 πολλὰς
2521 852 2715 916 καλεῖ,
2747 852 2842 905 καὶ
2908 851 2967 905 τὸ
3000 852 3347 907 ἐνετείλατο
3372 852 3429 905 δὲ
3485 852 3607 904 ἀντὶ
3632 851 3723 903 τοῦ

2151 943 2527 1012 ἐπηγγείλατο
2556 943 2832 997 τέθεικεν.

2226 1037 2336 1089 'Or
2363 1034 2590 1091 διέθετο
2623 1034 2704 1101 τῷ
2751 1035 3020 1107 Ἀϐραάμ.
3062 1037 3158 1090 Ὃν
3187 1036 3343 1106 λόγον
3364 1036 3625 1107 δηλονότι.

2219 1216 2328 1271 Καὶ
2352 1215 2461 1271 τοῦ
2488 1216 2670 1285 ὅρκου
2709 1214 2897 1269 αὐτοῦ
2956 1213 3037 1279 τῷ
3075 1214 3301 1268 Ἰσαάκ.
3336 1215 3448 1269 Καὶ
3480 1213 3722 1283 ἐμνήσθη

2151 1309 2313 1363 πάλιν
2343 1306 2436 1362 τοῦ
2485 1309 2650 1379 ὅρκου
2680 1306 2849 1361 αὐτου
2880 1305 2974 1360 τοῦ
3011 1305 3340 1376 ὀμοσθέντος
3380 1303 3458 1375 τῷ
3517 1303 3718 1358 Ἰσαάκ.

2151 1403 2224 1456 Τὸ
2263 1402 2395 1456 αὐτο
2436 1401 2542 1473 γὰρ
2589 1403 2682 1456 καὶ
2710 1400 2790 1471 τῷ
2837 1398 3025 1454 Ἰσαὰκ
3060 1397 3437 1468 ἐπηγγείλατο
3504 1397 3631 1464 περί
3661 1410 3720 1447 τε

2148 1494 2246 1564 τῆς
2290 1493 2394 1562 γῆς
2450 1489 2668 1546 καὶτοῦ
2714 1490 3043 1561 πληθυσμοῦ
3075 1488 3170 1542 τοῦ
3206 1488 3545 1557 σπέρματος.
3581 1485 3644 1536 'l‘t'
3668 1485 3723 1538 δέ

2149 1587 2297 1639 ἔστιν
2346 1587 2510 1658 ὅρκος
2558 1585 2717 1651 Θεοῦ,
2751 1585 2966 1654 εἴρηται
3014 1585 3072 1636 ἐν
3103 1582 3181 1653 τῷ
3209 1581 3299 1653 πη¹
3327 1581 3530 1652 ψαλμῷ
3554 1596 3567 1609 ·
3602 1578 3725 1632 ἔνθα

2147 1679 2228 1747 τὺ,
2262 1680 2489 1749 Ὤμοσα
2524 1678 2704 1734 Δαϐὶδ
2730 1678 2811 1745 τῷ
2838 1678 3036 1741 δούλῳ
3058 1695 3198 1746 μου.

2221 1772 2329 1826 Καὶ
2359 1772 2626 1842 ἔστησεν
2644 1772 2832 1827 αὐτὸν
2864 1770 2946 1836 τῷ
2978 1769 3191 1826 Ἰακὼϐ
3239 1770 3327 1835 είς
3355 1770 3725 1837 πρόσταγγιιι.

2076 1831 2122 1891 Β
2150 1864 2225 1919 Τὸ
2251 1863 2396 1920 εἶναι
2425 1831 2758 1936 πρόσταγμα
2787 1831 3164 1933 ἀπαράϐατον.

2228 2046 2335 2101 Καὶ
2367 2046 2448 2111 τῷ
2476 2045 2731 2114 Ἰσραὴλ
2761 2046 2851 2110 εἰς
2905 2041 3205 2111 διαθήκην
3249 2038 3514 2094 αἰώνιον.
3540 2037 3633 2100 Εἰς
3670 2035 3728 2088 τὸ

2152 2133 2293 2192 εἶναι
2320 2137 2587 2208 διαθήκην
2621 2136 3048 2207 ἀμετακίνητον,
3105 2130 3493 2197 ἀναλλοίωτον,
3529 2129 3602 2193 ὡς
3651 2129 3723 2182 εἴ-

2155 2248 2337 2305 ρηται.

2221 2324 2427 2393 Λέγων
2448 2341 2463 2356 ο
2488 2323 2590 2377 Σοὶ
2621 2320 2796 2376 δώσω
2828 2320 2943 2395 τὴν
2973 2317 3091 2391 γῆν
3117 2316 3504 2386 Χαναὰν.Τὴν
3531 2313 3728 2368 Παλαι-

2155 2421 2360 2491 στίνην,
2399 2420 2466 2491 ἢν
2500 2417 2785 2488 κατῴκουν
2815 2418 2862 2471 οἱ
2891 2417 3211 2470 Χαναναῖοι.

2223 2510 2557 2579 Σχοίνισμα
2602 2502 3007 2576 Μοοονομῖας
3058 2505 3243 2576 ὑμῶν.
3291 2505 3591 2577 Μέτρημα,
3627 2500 3728 2572 μὲ-

2156 2620 2351 2678 ρισμα.

2234 2806 2338 2862 Ἐν
2367 2803 2446 2884 τῷ
2498 2800 2652 2859 εἶναι
2684 2801 2908 2868 αὐτοὺς
2958 2798 3180 2871 ἀριθμῷ
3224 2799 3505 2868 βραχεῖς.
3549 2798 3731 2863 Λέγων

2151 2901 2329 2956 ταῦτα
2382 2899 2477 2953 καὶ
2517 2896 2927 2966 διατιθέμενος,
2980 2897 3075 2950 καὶ
3134 2895 3595 2965 ὑπισχνούμενος,
3645 2893 3729 2945 ὅτε

2151 2990 2294 3066 ἦσαν
2351 2989 2571 3062 ἀριθμῷ
2604 2989 2843 3060 βραχεῖς,
2897 2990 2945 3042 οἱ
2991 2988 3121 3059 περὶ
3163 2987 3256 3041 τὸν
3299 2985 3599 3057 Ἀϐραὰμ,
3646 2982 3731 3037 καὶ

2163 3086 2368 3151 Ἰσαὰκ,
2396 3088 2489 3139 καὶ
2518 3083 2738 3139 Ἰακώϐ.

2220 3178 2613 3244 Ὀλιτοστοὺς
2641 3175 2739 3231 καὶ
2774 3174 3103 3243 παροίκους
3151 3171 3222 3225 ἐν
3248 3168 3433 3239 αὐτῇ.
3494 3165 3734 3223 Μετανά-

2156 3294 2280 3333 σται
2322 3274 2431 3344 γὰρ
2460 3271 2802 3343 παρῴκησαν
2834 3269 2915 3330 είς
2947 3267 3047 3338 τὴν
3095 3267 3200 3335 γῆν
3238 3263 3346 3317 τῶν
3417 3261 3733 3318 Χαναναίων

2153 3372 2201 3424 οἱ
2226 3366 2356 3438 περὶ
2396 3366 2488 3418 τὸν
2549 3363 2831 3433 Ἀϐραάμ*
2866 3360 2959 3414 κα)⁵
3017 3358 3079 3412 Ὀ
3106 3358 3369 3426 Ἀϐᾓιαὰμ
3406 3355 3535 3426 γὰρ,
3580 3350 3732 3422 φησὶ,

2151 3454 2517 3528 παρῴκησεν
2538 3452 2607 3506 ἐν
2633 3450 2712 3523 γῇ
2734 3449 2997 3506 Χαναὰν.

2224 3650 2335 3704 Kal
2362 3645 2618 3715 διῆλθον
2643 3642 2713 3707 ἐξ
2743 3643 2961 3708 ἔθνους
2990 3642 3077 3705 εἰς
3119 3640 3316 3704 ἔθνος.
3368 3637 3555 3693 Πολλὰ
3613 3633 3735 3701 ἔθνη

2153 3739 2514 3810 διερχόμενοι,
2564 3736 2659 3790 καὶ
2693 3735 2892 3797 τόπους
2929 3734 2995 3785 ὲκ
3031 3733 3213 3786 τόπων
3239 3731 3591 3801 ἀμείϐοντες,
3614 3726 3738 3796 περὶ

2153 3827 2228 3889 ὧν
2256 3832 2516 3887 ἁπάντων
2547 3831 2580 3901 ἡ
2617 3827 2801 3899 βίϐλος
2831 3825 2929 3896 τῆς
2952 3825 3224 3888 Γενέσεως
3268 3824 3502 3896 ἱστορεῖ.

2228 4005 2339 4060 Kal
2392 4005 2460 4057 ἐκ
2497 4001 2823 4067 ,Βασιλείας
2860 4000 2947 4064 εις
2992 3997 3148 4051 λαὸν
3184 3996 3420 4063 ἕτερον.
3457 3995 3613 4058 Τινὲς
3645 3991 3740 4062 μὲν
3842 4044 3847 4053 ,

2154 4099 2264 4172 γὰρ
2297 4097 2474 4170 χῶραι
2526 4092 2936 4157 ἐϐασιλεύοντο,
2983 4090 3126 4154 τινὲς
3156 4089 3211 4143 δὲ
3240 4084 3739 4160 ἐδημοκρατοῦντο.

2229 4371 2352 4423 Οὐκ
2387 4364 2623 4437 ἀφῆκεν
2648 4364 2964 4432 ἄνθρωπον
2989 4355 3277 4426 ἀδικῆσαι
3325 4353 3578 4419 αὐτούς.
3600 4322 3743 4401 ’Ἂν-

2159 4464 2402 4534 θρωπον,
2443 4460 2561 4531 ἤτοι
2607 4457 2762 4511 τινάο
2826 4456 2920 4509 τὸν
2978 4453 3077 4523 μὲν
3126 4450 3235 4519 γὰρ
3279 4447 3491 4517 Φαραῶ
3542 4445 3745 4516 ἦτασεν

479 4534 858 4633 ἷιὶζξᾷὸίιειτῖ
892 4534 1092 4635 quippe
1141 4560 1213 4616 ob
1280 4534 1501 4614 Sarram
1562 4569 1788 4611 uxorem
1836 4551 2050 4621 magnis

2159 4557 2422 4626 ἑτασμοίς
2450 4551 2710 4624 μεγάλοις
2759 4547 2856 4602 καὶ
2882 4563 3016 4615 πονη
3028 4545 3162 4615 ροῖς,
3220 4541 3312 4595 καὶ
3337 4540 3434 4593 τὸν
3464 4534 3618 4592 οἶκον
3648 4534 3745 4589 αὐ-

475 4662 817 4727 cruciatibus
846 4658 1048 4720 torsit;
1089 4651 1195 4723 ipsi
1229 4665 1451 4722 quoque
1496 4644 1841 4712 Abimelech,
1879 4640 2052 4696 Palae-

477 4764 754 4818 stinorum
783 4750 924 4821 regi,
961 4743 1241 4802 consimili
1269 4743 1337 4797 de
1362 4753 1533 4806 causa
1571 4739 1769 4799 iratus,
1798 4742 1852 4789 et
1882 4738 2049 4787 noctu

479 4853 797 4911 imminens,
827 4840 1101 4913 horrenda
1126 4837 1378 4909 quaedam
1404 4831 1771 4890 comminatus
1804 4834 1889 4882 est
1915 4841 2051 4897 sup-

474 4945 660 5019 plicia,
693 4937 1039 4996 nisiiSarram
1064 4932 1379 4989 restitueret
1408 4946 1420 4980 :
1445 4925 1576 4980 illud
1603 4922 1767 4975 etiam
1795 4919 2002 4974 addens
2030 4934 2044 4970 :

477 5014 744 5106 Quoniam
795 5027 1050 5098 propheta
1079 5031 1158 5078 est
1203 5019 1500 5081 Abraham,
1539 5024 1587 5068 et
1613 5014 1659 5067 si
1692 5028 1788 5083 pro
1829 5020 1877 5064 te
1921 5024 2047 5063 ora-

477 5133 629 5194 rerit,
661 5127 800 5182 vives
830 5124 899 5177 δ’.
949 5120 1031 5173 Ab
1081 5114 1242 5170 iratis
1306 5116 1572 5179 praeterea
1621 5112 1782 5174 atque
1824 5100 2054 5155 infensis

481 5191 682 5277 animis
732 5216 875 5270 Esau
905 5244 923 5277 ,
980 5219 1033 5262 et
1081 5204 1271 5258 Laban
1332 5200 1593 5255 dilectum
1644 5194 1749 5249 sibi
1818 5191 2055 5263 protexit

480 5307 675 5373 Jacob,
706 5301 1022 5368 multosque
1054 5294 1192 5347 alios
1224 5289 1390 5345 simili
1436 5285 1594 5341 modo
1643 5284 1944 5354 prohibuit,
1986 5296 2055 5336 ne

482 5394 816 5472 patriarchis
845 5376 1103 5464 iniuriam
1136 5382 1429 5471 inierrent.

554 5490 622 5544 Et
656 5482 929 5554 redarguit
968 5494 1064 5549 pro
1102 5477 1175 5529 eis
1209 5469 1391 5542 reges.
1446 5469 1749 5541 Redarguit
1778 5485 1896 5533 eos,
1923 5483 2054 5522 con-

490 5582 742 5650 fuditque
795 5591 860 5631 ac
924 5568 1222 5645 perterruit
1280 5579 1404 5620 cum
1470 5562 1662 5633 iniusti
1712 5571 1919 5626 essent,
1973 5573 2056 5614 ve.

485 5671 587 5724 luti
618 5668 957 5723 Pharaonem
987 5660 1231 5734 Egyp’ti,
1281 5667 1335 5712 et
1386 5654 1701 5711 Abimelech
1748 5653 2056 5709 Pola-stium

487 5776 665 5830 teges.

595 5875 638 5904 “
672 5871 808 5926 Gen.
836 5886 1000 5937 xxxv,
1022 5868 1114 5929 27.
1190 5869 1234 5901 "
1261 5865 1395 5922 Gen.
1429 5882 1518 5933 xx,
1547 5866 1575 5915 7

2161 4648 2255 4703 τοῦ
2282 4648 2371 4702 διὰ
2393 4647 2609 4717 Σάρραν
2637 4643 2872 4711 γυναῖκα
2909 4635 3162 4708 ’Δϐραάμ
3183 4651 3196 4666 ο
3231 4632 3311 4704 τῷ
3355 4632 3414 4685 δὲ
3447 4627 3746 4701 Ἀϐιμέλεχ

2161 4738 2389 4801 ἐπιστὰς
2405 4734 2622 4797 νυκτὸς,
2644 4726 2797 4785 εἶπεν
2819 4727 2954 4782 ἄλλα
2983 4743 3042 4780 τε
3072 4723 3297 4794 φοϐερὰ,
3334 4720 3434 4775 καὶ
3462 4722 3547 4774 ὅτι
3587 4717 3748 4772 Ἀπό-

2158 4835 2246 4897 δος
2269 4831 2369 4902 τὴν
2405 4831 2638 4897 γυναῖκα
2677 4823 2755 4895 τῷ
2804 4818 3098 4890 ἀνθρώπῳ.
3131 4812 3264 4870 Εἶτα
3323 4817 3614 4884 ἐπήγαγεν
3665 4811 3750 4864 ὅτι

2159 4922 2478 4994 Προφήτης
2515 4917 2668 4982 ἐστι,
2698 4914 2795 4970 καὶ
2838 4912 3074 4976 εὔξεται
3102 4911 3234 4977 περὶ
3260 4907 3403 4974 σοῦ,
3434 4907 3537 4961 καὶ
3571 4905 3745 4969 ζήσῃ.

2159 5018 2269 5070 Τὸν
2297 5012 2464 5069 Ἡσαῦ
2497 5012 2554 5066 δὲ
2586 5010 2680 5064 καὶ
2728 5007 2821 5061 τὸν
2849 5005 3036 5060 Λάϐαν
3080 5004 3180 5057 οὐκ
3235 5001 3455 5072 ἀφῆκεν
3488 4996 3749 5063 ἀδικῆσαι

2162 5113 2254 5165 τὸν
2271 5105 2490 5170 Ἰακὼϐ,
2513 5106 2609 5159 καὶ
2631 5103 2823 5163 ἄλλους
2839 5098 3067 5157 πολλοὺς
3092 5096 3152 5148 οὐ
3179 5094 3533 5164 συνεχώρησε
3548 5087 3749 5160 βλάψαι

2163 5202 2288 5268 τοὺς
2316 5199 2642 5272 εἰρημένους
2665 5197 2814 5267 τρεῖς
2849 5188 3220 5260 πατριάρχας.

2233 5470 2336 5524 Kal
2364 5466 2626 5538 ἤλεγξεν
2680 5462 2830 5532 ὑπὲρ
2879 5458 3077 5514 αὐτῶν
3122 5452 3433 5521 βασιλεῖς.
3480 5447 3747 5517 Ἦλεγξεν

2160 5563 2358 5624 αὐτοὺς
2391 5562 2518 5623 τοὺς
2567 5557 2804 5619 ἀδίκους,
2860 5553 3119 5624 ᾔσχυνεν,
3178 5545 3490 5618 ἐφόϐησεν·
3542 5542 3621 5605 ὡς
3654 5539 3749 5593 τον

2158 5654 2361 5725 Φαραῶ
2391 5650 2615 5722 βασιλέα
2648 5647 2945 5714 Αἰγύπτου,
2982 5645 3075 5696 καὶ
3121 5641 3210 5694 τὸν
3257 5634 3557 5701 Ἀϐιμέλεχ
3587 5633 3747 5696 βασι-

2159 5750 2254 5803 λέα
2293 5747 2568 5815 Γεράρων.
3386 5756 3405 5765 π
