4052 6456
381 436 401 500 1
415 440 514 500 037

1556 429 1949 491 COMMENT.
1993 429 2075 490 ΙΝ
2111 428 2478 490 PSALMOS.

3494 427 3632 490 1038

438 548 533 617 Μὴ
578 547 840 603 ἅπτεσθε
897 545 1017 600 τῶν
1068 543 1332 614 χριστῶν
1374 559 1510 609 μου,
1554 542 1652 594 καὶ
1690 541 1760 594 ἐν
1801 539 1949 606 ,τοῖς

2124 536 2290 592 Vens.
2325 536 2412 590 15.
2444 533 2627 589 Nolite
2649 544 2863 606 tangere
2906 535 3133 591 christos
3153 553 3317 602 meos,
3353 548 3401 591 et
3425 540 3478 593 in
3502 557 3631 609 pro-

369 639 705 709 προφήταις
722 657 842 708 μου
872 637 957 707 μὴ
984 635 1416 704 πονηρεύεσοε.
1448 632 1635 702 Λέγων
1661 633 1755 685 καὶ
1781 631 1954 685 ταῦτα

368 733 631 802 δηλονότι.
683 729 979 800 Χριστοὺς
1027 730 1126 799 μὲν
1164 728 1362 789 αὐτοὺς
1416 726 1726 794 ὠνόμασεν,
1754 724 1829 787 ὡς
1866 737 1956 775 κε-

370 824 700 895 χρισμένους
751 822 827 893 τῷ
861 822 1002 893 ἁγίῳ
1048 818 1357 889 Πνεῦματι,
1394 818 1429 889 ἦ
1477 816 1557 889 τῷ
1630 815 1956 888 προφητικῷ

370 917 705 986 χαρίσματι’
755 917 1042 984 προφήτας
1086 913 1167 975 δὲ,
1202 908 1278 973 ὡς
1323 910 1496 964 πολλὰ
1537 910 1955 980 προφητεύσαν-

370 1026 489 1071 τας,
524 1007 642 1060 Καὶ
668 1007 778 1078 γὰρ
813 1005 909 1059 καὶ
934 1006 1071 1076 πρὸς
1097 1004 1187 1057 τὸν
1215 1002 1510 1073 Ἀσιμέλεχ
1565 998 1719 1055 εἶπεν
1744 1003 1774 1055 ὁ
1800 1001 1954 1065 Θεὸς,

372 1101 448 1162 ὡς
490 1098 727 1170 εἴρηται,
757 1099 887 1169 περὶ
920 1095 1014 1150 τοῦ
1045 1094 1322 1166 ’Δόραὰμ,
1353 1095 1435 1146 ὅτι
1465 1094 1757 1164 προφήτης
1785 1091 1953 1145 ἐστίν.

386 1190 591 1263 Ῥητῶς
632 1190 814 1261 μὲνού
860 1192 1069 1243 κεῖνται
1130 1187 1303 1242 ταῦτα
1364 1188 1422 1239 ὲν
1469 1187 1535 1255 τῇ
1581 1182 1957 1255 προρρηθείσῃ

375 1284 564 1354 βίὸλῳ,
593 1282 655 1335 «co
695 1278 792 1349 Μὴ
820 1282 1084 1337 ἅπτεσθε
1111 1277 1232 1332 τῶν
1262 1275 1530 1347 χριστῶν
1563 1292 1706 1345 μου.
1752 1274 1849 1327 καὶ
1888 1275 1958 1326 τὰ

374 1374 531 1447 ἑξῆςο
568 1376 733 1446 ἕτερα
757 1375 812 1427 δὲ
861 1376 942 1436 εἰς
968 1372 1068 1444 τὴν
1108 1371 1279 1440 αὐτὴν
1312 1371 1556 1423 διάνοιαν
1586 1367 1882 1419 τείνονται.

445 1640 552 1696 Kal
606 1638 866 1694 ἐκάλεσε
953 1640 1138 1709 λιμὸν
1190 1637 1287 1690 ἐπὶ
1344 1635 1460 1705 τοῖιν
1516 1631 1654 1706 γῆν.
1705 1635 1955 1700 Ἔταξεν,

375 1731 614 1805 ἔπεμψε,
658 1730 1029 1804 προοδοποιῶν
1076 1730 1406 1802 εὐμηχάνως
1454 1729 1581 1799 περὶ
1621 1728 1712 1781 τὸν
1760 1728 1958 1781 Ἰακὼϐ

373 1826 455 1888 εἰς
483 1825 584 1896 τὴν
616 1826 895 1893 Αἴγυπτον
939 1823 1188 1887 κάθοδον,
1225 1823 1313 1876 ὅτε
1346 1822 1414 1875 τὰ
1445 1821 1585 1875 ἑπτὰ
1611 1820 1704 1892 ἔτη
1739 1820 1838 1891 τῆς
1869 1821 1959 1873 εὖ·

373 1916 566 1988 θῆνίας
624 1918 766 1973 ἑπτὰ
788 1917 953 1990 ἕτερα
987 1916 1306 1982 διεδέξαντο.

444 2091 577 2149 Πᾶν
604 2091 905 2162 στήριγμα
937 2091 1119 2161 ἄρτου
1180 2089 1529 2157 συνέτριψε.
1581 2088 1775 2140 Πᾶσαν
1805 2086 1960 2156 ἰσχὺν

374 2186 583 2256 τροφῆς
617 2184 927 2257 συνέτριψε,
962 2186 1147 2240 πᾶσαν
1180 2183 1481 2238 ὑπόστασιν
1523 2180 1782 2252 βρώσεως
1817 2179 1960 2250 ἡφάο

376 2295 545 2334 νισεν.

455 2370 843 2426 Ἀπέστειλεν
922 2371 1265 2442 ἔμπροσθεν
1346 2369 1549 2426 αὐτῶν
1615 2367 1952 2436 ἄνθρωπον.

376 2460 733 2533 Ἐμπροσθεν
762 2463 871 2515 τῶν
921 2463 1050 2535 περὶ
1092 2464 1186 2517 τὸν
1212 2462 1417 2518 Ἰακὼὸ
1486 2462 1579 2518 τὸν
1620 2459 1845 2530 Ἰωσὴφ,
1887 2459 1956 2528 τῇ

376 2555 615 2626 πονηρίᾳ
645 2554 754 2608 τῶν
786 2555 1035 2625 ἀδελφῶν
1065 2557 1229 2611 αὐτοῦ
1271 2555 1620 2628 χρησάμενος
1684 2554 1765 2615 εἰς
1818 2551 1955 2612 δέον,

376 2646 473 2700 καὶ
507 2646 604 2714 τὴν
638 2649 718 2710 εἰς
755 2646 1001 2702 δουλείαν
1031 2649 1339 2718 ἀπαγωγὴν
1397 2644 1703 2716 ἀποστολὴν
1728 2642 1959 2713 ποιησά-

379 2756 561 2809 μενος.
591 2737 736 2794 Διὸτι
760 2741 856 2794 καὶ
891 2740 1026 2811 πρὸς
1056 2740 1252 2805 αὐτοὺς
1274 2741 1499 2812 εἴρηκεν
1518 2758 1532 2773 ο
1564 2740 1647 2794 ὅτι
1672 2737 1776 2805 Εἰς
1803 2732 1958 2805 ζὶοὴν

375 2831 726 2887 ἁπέσταλκέ
743 2849 819 2904 με
851 2836 884 2888 ὁ
908 2833 1053 2900 Θεὸς
1082 2833 1427 2903 ἔμπροσθεν
1455 2828 1645 2902 ὑμῶν.

379 2925 524 2992 quod
586 2926 727 2981 Deus
789 2943 914 2981 eum
988 2927 1335 2997 praemiserit.
1383 2924 1752 2993 Quamobrem
1819 2921 1939 2991 ipse
1976 2919 2142 2975 etiam
2217 2920 2421 2993 Joseph
2517 2925 2779 2982 fratribus
2834 2928 2953 2983 suis
3016 2928 3234 2987 dicebat

385 3015 528 3070 misit
557 3033 637 3070 me
676 3015 817 3070 Deus
848 3026 968 3070 ante
991 3032 1082 3070 vos
1110 3015 1178 3071 “.

449 3111 552 3176 Εἰς
581 3108 806 3163 δοῦλον
829 3108 1059 3178 ἐπράθη
1085 3107 1333 3179 Ἰωσήφ.
1374 3106 1537 3179 Παρὰ
1560 3106 1671 3162 τῶν
1707 3101 1954 3174 ἀδελφῶν

378 3204 547 3258 αὕτοῦ
576 3207 689 3268 τοῖς
712 3203 1107 3276 Ἰσμαηλιταις,
1126 3204 1223 3258 καὶ
1273 3203 1425 3274 παρὰ
1460 3201 1568 3256 τῶν
1592 3199 1957 3272 Ἰσμαηλιτῶν

378 3292 537 3360 αὖθις
575 3298 658 3359 εἰς
679 3297 963 3364 Αἴγυπτον
1011 3295 1088 3366 τῷ
1117 3296 1424 3366 Πεντεφρῇ.

464 3386 909 3440 Ἐταπείνωσαν
933 3384 1001 3439 ἐν
1055 3383 1266 3453 πέδαις
1309 3385 1454 3450 τοὺς
1495 3386 1688 3451 πόδας
1745 3385 1955 3440 αὑτοῦ.

393 3477 713 3533 Ἐκάκωσαν
756 3478 806 3531 οἱ
835 3479 965 3548 περ)
998 3474 1091 3530 τὸν
1120 3475 1309 3549 κύριον
1341 3478 1530 3544 αὐτοῦ,
1561 3477 1851 3549 βάλλοντες
1876 3479 1959 3541 εἰς

380 3569 443 3622 τὸ
468 3571 858 3642 δεσμωτήριον.

456 3666 711 3735 Σίδηρον
769 3666 1020 3736 διῆλθεν
1083 3667 1122 3736 ἡ
1180 3667 1353 3738 ψυχὴ
1405 3667 1615 3722 αὑτοῦ.
1664 3664 1958 3720 Τουτέστιν

381 3760 566 3823 αὐτός.
638 3760 863 3832 Σίδηρον
926 3763 985 3816 δὲ
1032 3760 1179 3829 λέγει
1231 3761 1323 3815 τὸν
1364 3760 1616 3832 σιδηροῦν
1657 3759 1863 3814 κλοιόν·
1921 3759 1955 3830 ἢ

383 3852 621 3923 σίδηρον,
656 3854 775 3924 ἢτοι
809 3853 868 3908 τὺ
901 3853 1052 3924 ξίφος
1083 3854 1364 3925 διέφυγεν,
1416 3854 1546 3926 ἄχρι
1579 3852 1672 3909 τοῦ
1698 3852 1954 3919 ἐλθοῦσα.

456 4118 639 4186 Μέχρι
660 4117 767 4171 τοῦ
797 4115 996 4171 ἐλθεῖν
1034 4117 1141 4170 τὸν
1167 4117 1358 4186 ,λόγον
1383 4115 1594 4171 αὐτοῦ.
1640 4115 1710 4169 Ἦ
1739 4115 1838 4185 τὴν
1872 4131 1959 4168 σος-

383 4207 513 4276 φεαν
543 4207 729 4272 αὐτοῦ,
787 4207 910 4261 καθ’
955 4209 1023 4280 ἢν
1050 4208 1207 4262 ἔλυσε
1246 4211 1373 4267 τοὺς
1403 4209 1646 4280 ὀνείρους
1682 4209 1790 4263 τῶν
1835 4226 1958 4264 συν-

380 4294 650 4365 δεσμίωνο
697 4297 731 4368 ἢ
787 4297 886 4367 τὴν
936 4296 1215 4369 φροντίδα,
1255 4300 1323 4371 ἥν
1361 4301 1681 4370 ἐφρόντισεν
1725 4299 1890 4354 αὐτοῦ
1931 4301 1959 4353 ὁ

382 4386 534 4453 Θεὸς,
565 4388 734 4442 Θέλων
764 4390 927 4443 αὑτὸν
951 4389 1194 4459 δοξάσαι,
1227 4393 1321 4445 καὶ
1347 4392 1410 4447 τὸ
1437 4393 1593 4463 γένος
1629 4392 1819 4449 αἰτοῦ.

2056 628 2224 697 phetis
2261 631 2389 683 meis
2422 628 2587 683 nolite
2641 629 2948 699 malignari.
2999 627 3336 701 Rcdarguit,
3382 630 3631 703 inquam,

2057 735 2176 786 eos,
2220 720 2413 775 dicens
2447 720 2764 789 hnjusmodi
2820 722 3008 774 verba.
3047 721 3288 775 Cltristos
3319 734 3502 778 autent
3536 742 3633 794 pa-

2058 813 2333 866 triarchas
2369 811 2686 880 appellavit,
2717 811 2881 864 veluti
2914 823 3108 867 sancto
3138 812 3344 882 Spiritu
3390 816 3473 870 vel
3501 833 3631 887 gra-

2059 905 2131 956 tia
2194 902 2558 972 prophetandi
2622 914 2858 969 unctos;
2909 905 3207 974 prophetas
3273 923 3440 973 vero,
3502 914 3634 978 quia

2059 995 2244 1047 futura
2292 994 2463 1047 multa
2513 995 2907 1064 prmdixerunt.
2963 994 3235 1061 Quocirca
3295 997 3437 1054 Deus
3493 1001 3635 1071 ipsc,

2063 1101 2187 1141 cum
2220 1087 2569 1155 loqueretur,
2613 1084 2960 1149 utdiximus,
3003 1087 3068 1140 ad
3113 1089 3464 1154 Ahimelech,
3496 1103 3639 1148 atte-

2060 1185 2237 1232 status
2264 1187 2348 1233 est
2378 1177 2443 1233 de
2473 1177 2773 1244 Abraham,
2802 1179 2951 1249 quod
2991 1181 3256 1250 propheta
3284 1194 3448 1241 esset.
3477 1184 3637 1251 Quod

2060 1269 2107 1323 si
2139 1270 2260 1339 quis
2291 1270 2440 1324 dicat
2479 1270 2645 1324 verba
2675 1273 2969 1340 praesentis
3012 1273 3294 1340 versiculi,
3330 1284 3388 1329 ut
3441 1276 3527 1333 hic
3550 1279 3637 1348 ja-

2060 1370 2209 1423 cent,
2249 1360 2301 1413 in
2338 1360 2477 1414 libro
2512 1360 2791 1416 Geneseos
2818 1377 2926 1417 non
2953 1363 3148 1417 haberi
3182 1365 3321 1421 satis
3372 1382 3497 1422 esse
3547 1384 3639 1422 ar-

2063 1452 2351 1516 bitramur,
2409 1452 2551 1520 quod
2597 1467 2716 1523 qum
2764 1453 2835 1506 ibi
2893 1454 3157 1509 dicuntur
3206 1457 3272 1509 ad
3320 1457 3636 1528 hujusmodi

2062 1557 2284 1595 sensum
2316 1544 2561 1595 tendant.

2132 1630 2303 1688 Vens.
2338 1632 2423 1688 16.
2481 1633 2551 1686 Et
2582 1635 2785 1688 vocavit
2831 1637 3025 1707 [autem
3065 1654 3220 1706 super
3262 1653 3484 1699 terram.
3528 1643 3644 1699 Hoc

2073 1733 2179 1792 est,
2220 1728 2514 1795 ordinavit,
2562 1745 2656 1783 seu
2690 1730 2858 1796 misit,
2885 1745 3100 1786 summo
3128 1734 3239 1802 ipse
3268 1736 3503 1791 artiﬁcio
3538 1740 3644 1793 iter

2065 1835 2381 1890 przeparans
2425 1821 2595 1877 Jacob
2636 1831 2690 1878 et
2749 1823 2875 1878 nliis
2930 1825 3076 1896 ejus,
3126 1837 3182 1881 ut
3241 1828 3642 1888 descenderent

1985 1902 2034 1964 Β
2065 1915 2117 1968 in
2146 1913 2469 1986 Egyptum,
2522 1916 2743 1985 quando
2772 1926 2979 1987 septem
3015 1920 3315 1977 fertilitatis
3347 1937 3641 1989 annos,'et

2064 2008 2290 2063 totidem
2328 2007 2490 2063 faunis
2514 2008 2927 2063 sustinuerunt.

2134 2098 2206 2153 Et
2243 2118 2390 2155 omne
2421 2101 2817 2169 ﬁrmamentum
2849 2106 3006 2172 panis
3038 2107 3305 2160 contrivit.
3335 2106 3640 2163 Esculcnta

2063 2188 2242 2240 omnia
2295 2190 2666 2259 consumpsit,
2733 2200 2787 2244 et
2841 2192 3111 2262 quidquid
3174 2195 3341 2250 [atriis
3383 2197 3638 2253 solatium

2065 2287 2169 2343 est,
2205 2278 2426 2333 delevit.

2135 2365 2306 2425 Vens.
2342 2371 2429 2426 17.
2453 2371 2608 2427 Misit
2640 2380 2762 2427 ante
2785 2391 2872 2429 eos
2906 2392 3193 2432 nominem.
3224 2375 3369 2434 Fecit
3405 2382 3548 2437 Dens
3583 2396 3641 2438 ut

2062 2458 2263 2532 Ioseph
2302 2465 2529 2533 prmiret
2561 2465 2824 2520 familiam
2857 2465 3049 2533 Ja‘cob,
3087 2479 3142 2524 et
3177 2472 3473 2541 impiorum
3527 2475 3640 2529 fra-

2066 2560 2209 2607 trum
2264 2553 2616 2624 malignitate
2662 2559 2781 2634 ipse
2834 2576 2968 2614 usus
3001 2571 3083 2615 est
3123 2563 3178 2616 in
3225 2564 3455 2619 bonum.
3490 2565 3644 2624 Unde

2065 2642 2337 2700 nefarium
2388 2661 2581 2703 eorum
2623 2649 2906 2714 delictum,
2943 2668 3051 2722 quo
3086 2653 3174 2708 ille
3224 2655 3277 2709 in
3325 2661 3642 2715 servitutem

2065 2743 2225 2791 actus
2258 2745 2365 2806 est,
2400 2736 2678 2808 Propheta
2705 2741 2795 2796 hic
2826 2744 3029 2799 mitiori
3059 2749 3334 2803 vocabulo
3362 2749 3455 2805 Dei
3489 2754 3637 2809 mis—

2062 2826 2273 2883 sionem
2369 2838 2537 2901 atque
2606 2834 2972 2903 apostolatum
3046 2850 3373 2910 nuncupat,
3452 2845 3644 2902 dicens

3278 2951 3293 2988 :
3352 2933 3421 2989 In
3480 2937 3642 2993 vitam

2137 3097 2205 3152 In
2236 3115 2443 3154 sertum
2476 3104 2805 3159 venundatus
2825 3119 2903 3161 est
2926 3105 3144 3177 Ioseph.
3171 3112 3213 3164 A
3243 3113 3508 3173 fratribus
3548 3134 3645 3174 ve-

2066 3192 2344 3249 nundatus
2376 3202 2462 3249 est
2485 3194 2806 3261 lsmaelitis,
2839 3207 2894 3252 ct
2925 3200 2995 3254 ab
3025 3198 3319 3260 lsmaelitis
3360 3221 3555 3263 rursus
3583 3210 3638 3264 in

1981 3313 2028 3374 α
2065 3282 2321 3356 Egypto,
2351 3287 2678 3356 Pentephrte
2708 3287 3013 3345 Pharaonis
3043 3294 3300 3348 eunucho

2134 3375 2299 3433 Vens.
2337 3377 2424 3444 18,
2462 3377 2551 3433 19ζ
2582 3380 3017 3435 Humiliaverunt
3042 3383 3095 3436 in
3118 3388 3461 3453 compedibus
3482 3390 3637 3457 pedes

2060 3468 2197 3538 ejus.
2252 3467 2500 3524 Aﬂlictus
2531 3469 2735 3540 quippe
2782 3470 2882 3525 fuit
2932 3470 3134 3542 Ioseph
3191 3489 3220 3528 a
3268 3476 3490 3534 domino
3537 3496 3641 3537 suo

2064 3563 2117 3616 in
2148 3559 2409 3632 Egypto,
2455 3563 2773 3632 missusque
2810 3564 2880 3618 ab
2906 3578 2971 3617 eo
2998 3564 3052 3618 in
3079 3582 3378 3624 carcerem.

2133 3651 2360 3706 Ferrum
2397 3655 2703 3723 pertransiit
2741 3656 2923 3708 anima
2973 3656 3112 3725 ejus.
3153 3686 3224 3698 —-
3270 3660 3464 3714 Anima
3500 3661 3637 3732 ejus,

2070 3746 2175 3801 hoc
2218 3756 2325 3811 est,
2373 3747 2486 3815 ipse
2511 3744 2711 3821 Joseph
2754 3750 3072 3817 pertransiit
3111 3749 3342 3807 ferrum.
3386 3751 3491 3809 Per
3527 3757 3638 3810 ter-

2065 3853 2188 3892 rum
2228 3852 2357 3892 vero
2395 3836 2634 3893 ferreum
2669 3838 2946 3908 quoddam
2982 3841 3241 3911 supplicii
3267 3860 3442 3914 genus
3469 3846 3635 3902 intel-

2063 3931 2206 4000 ligit.
2244 3929 2358 3997 Vel,
2394 3929 2714 3984 Pertransiit
2745 3931 2968 4000 ferrum,
3000 3948 3100 4002 pro
3126 3933 3330 4004 Eﬂ‘ugit
3366 3937 3571 4006 gladiu:
3624 3982 3631 3987 .

2060 4022 2142 4075 Ad
2168 4024 2345 4091 ipsum
2385 4023 2532 4076 enim
2565 4037 2703 4093 pene
2731 4022 2977 4089 gladium
3011 4025 3325 4078 devenerat.

2138 4109 2308 4165 Donec
2345 4112 2541 4165 veniret
2594 4111 2808 4165 verbum
2857 4110 2993 4179 ejus.
3044 4110 3165 4171 Hoc
3197 4122 3300 4175 est,
3338 4113 3512 4169 donec
3545 4132 3638 4172 ve.

2063 4201 2204 4256 niret
2235 4202 2514 4272 sapientia
2547 4203 2660 4268 illa,
2698 4217 2802 4270 qua
2841 4204 3056 4257 somnia
3098 4206 3515 4260 conviuctorum
3542 4223 3639 4263 co-

2065 4294 2259 4346 mitum
2313 4293 2609 4357 dissolvit;
2652 4294 2758 4354 vel.
2806 4293 2982 4347 donec
3035 4293 3242 4347 veniret
3296 4296 3586 4352 consilium
3616 4339 3633 4365 ,

2062 4384 2206 4456 quod
2262 4385 2612 4455 disposuerat
2677 4383 2820 4439 Deus
2869 4384 2938 4440 de
2982 4384 3208 4455 Ioseph,
3263 4391 3453 4444 volens
3509 4407 3633 4446 eum

2061 4488 2114 4533 et
2163 4493 2335 4548 genus
2385 4478 2505 4547 ejus
2562 4477 2771 4533 clarum
2818 4492 2883 4532 ac
2939 4478 3158 4533 celebre
3212 4478 3439 4538 reddere
3493 4487 3634 4555 apud

2062 4583 2278 4624 Oan‘S.

461 4642 530 4696 Τὸ
557 4646 767 4715 λόγιον
788 4647 897 4719 (14)
923 4649 1142 4717 Κυρίου
1173 4651 1486 4724 ἐκύρωσεν
1529 4655 1734 4710 αὐτόν.
1784 4655 1841 4707 Ὀ
1871 4659 1955 4709 ὲν-

2133 4661 2417 4731 Eloquium
2446 4661 2660 4716 Domini
2683 4663 3034 4731 inﬂammavit
3059 4682 3199 4722 eum.
3233 4668 3442 4740 (Graeca
3475 4672 3637 4728 lectio

381 4733 625 4798 διάθετος
668 4736 826 4807 λόγος
872 4740 899 4793 ὀ
934 4739 1086 4809 παρὰ
1116 4739 1252 4795 Θεοῦ
1295 4741 1469 4807 δοθεὶς
1516 4746 1670 4814 ἡμῖν,
1736 4748 1861 4800 καθ’
1892 4748 1951 4803 ὃν

380 4823 589 4892 λογικοὶ
613 4827 906 4899 λεγόμεοα.
950 4831 1010 4884 Ὀ
1049 4834 1281 4902 φυσικὸς
1309 4835 1475 4906 νόμος
1502 4839 1825 4911 πυρωθῆναι
1856 4845 1953 4896 αὑ-

382 4918 474 4966 τὸν
495 4919 906 4986 παρεσκεύασεν
933 4921 990 4973 ἐν
1009 4924 1074 4993 τῇ
1106 4924 1321 4995 καμίνῳ
1347 4928 1455 4980 τῶν
1480 4934 1827 5001 πειρασμῶν,
1857 4937 1954 4988 καὶ

378 5004 550 5069 ἔδειξε
584 5010 823 5081 καθαρὸν
862 5015 953 5064 καὶ
982 5014 1229 5084 δόκιμον,
1277 5017 1351 5080 ὡς
1382 5021 1619 5089 χρυσόν
1672 5025 1953 5080 ἐδίδασκεν

378 5095 493 5166 γὰρ
525 5100 686 5152 αὐτὸν
706 5104 733 5154 6
754 5102 910 5171 λόγος
942 5105 1116 5171 οὗτος,
1146 5109 1228 5161 ὅτι
1271 5111 1332 5164 οὐ
1362 5113 1468 5183 χρὴ
1510 5119 1769 5179 γυναικὸς
1797 5119 1950 5172 ἀλλο-

378 5188 540 5257 τρίας
570 5192 857 5250 ἅπτεσθαι.

2061 4770 2160 4825 pro
2207 4755 2437 4824 eloquio,
2492 4753 2678 4822 λόγιον
2723 4755 2911 4821 habet,
2949 4772 3071 4827 qua:
3110 4760 3281 4815 dictio
3341 4777 3369 4815 a
3396 4764 3639 4819 dictione

2063 4846 2247 4915 λόγος,
2307 4847 2636 4912 deducitur,
2704 4863 2824 4917 qua:
2857 4864 2967 4903 non
3002 4853 3227 4905 verbum
3278 4854 3487 4908 tantum
3544 4870 3640 4910 aut

2064 4952 2402 5000 sermonem,
2433 4938 2525 4993 sed
2559 4939 2828 4994 rationem
2850 4941 3014 4995 etiam
3048 4944 3348 5012 signiﬁcat.
3398 4945 3552 5000 Unde
3581 4959 3637 5001 et

2062 5031 2244 5098 λόγιον
2277 5045 2385 5084 non
2415 5031 2681 5100 eloquium
2720 5032 3082 5102 simpliciter,
3107 5035 3203 5089 sed
3231 5037 3495 5091 rationale
3529 5041 3608 5091 elo
3628 5067 3640 5078 -

2063 5124 2243 5190 quium
2271 5121 2649 5191 significabit.)
2686 5122 2894 5179 Sensus
2925 5126 3029 5179 erit
3058 5126 3224 5195 igitur
3250 5126 3392 5196 quod
3442 5128 3634 5184 intima

2066 5217 2156 5270 illa
2189 5226 2352 5284 atque
2383 5215 2568 5267 innata
2620 5215 2818 5280 cuique
2851 5214 3055 5269 homini
3089 5216 3246 5281 ratio,
3284 5233 3445 5287 quam
3493 5218 3634 5273 Dens

381 5282 542 5339 nobis
576 5284 803 5356 largitus
830 5297 933 5355 est,
966 5304 1022 5344 ut
1056 5307 1150 5362 per
1178 5309 1298 5349 eam
1360 5299 1656 5356 rationales
1701 5313 1755 5357 et
1789 5303 2057 5374 dicamur,
2093 5316 2147 5362 et
2178 5308 2376 5367 simus,
2435 5304 2579 5375 quod
2630 5305 2764 5368 lucc,
2830 5306 3076 5373 inquam,
3157 5318 3350 5361 natura
3424 5310 3630 5367 homini

457 5401 502 5433 “
530 5402 665 5458 Gen.
707 5420 827 5471 ειν,
856 5405 909 5461 5.

1710 5484 1905 5547 Variae
1967 5487 2295 5550 lectiones.

456 5577 567 5656 (14)
596 5579 676 5633 Ad
702 5582 973 5656 verbum}
1005 5582 1252 5656 lngenita
1280 5588 1421 5640 ratio
1443 5604 1559 5656 qua:
1588 5606 1619 5641 tt
1655 5590 1766 5646 Deo
1796 5582 1949 5646 nobis

386 5650 512 5699 data
547 5657 625 5721 est
658 5650 797 5705 unde
835 5650 1129 5708 rationale:
1162 5656 1415 5721 dicimur,
1454 5650 1744 5715 'naturalis
1801 5663 1952 5715 nimi-

388 5724 516 5797 rum.
549 5717 652 5797 lex,
686 5722 882 5797 .e/fecit
930 5734 985 5797 ut
1038 5725 1084 5777 is
1136 5741 1189 5797 se
1228 5725 1365 5779 velut
1402 5717 1531 5796 igne
1568 5731 1952 5797 explorandum

388 5780 645 5868 l’rllibe‘rel
680 5780 1105 5868 ita-lentationum
1135 5794 1371 5863 fornace,
1430 5780 1603 5868 atque

390 5854 761 5922 probatusque,
796 5864 1046 5924 tanquam
1091 5854 1281 5918 aurum
1326 5854 1674 5935 egrederetur.
1729 5854 1951 5924 Edocuit

2060 5597 2198 5649 enim
2224 5612 2343 5667 eum
2369 5596 2479 5650 hac
2506 5599 2623 5666 ipsa
2671 5599 2832 5664 ratio,
2867 5598 3015 5667 nefas
3045 5613 3156 5651 esse
3186 5597 3412 5650 alienam
3444 5600 3634 5651 mulir.

2061 5681 2171 5719 rem
2199 5666 2523 5736 contingere.
2554 5668 2786 5723 Latinus
2822 5666 3093 5736 interpres
3138 5668 3401 5736 explicuit
3434 5668 3633 5724 ᾱὶοῑὶυ.

2064 5750 2188 5789 nem
2222 5735 2424 5805 λόγιον,
2456 5737 2508 5789 in
2534 5753 2639 5805 qna
2670 5739 2752 5792 vis
2778 5750 2885 5798 est,
2922 5735 3258 5805 sensumque
3313 5739 3632 5793 concinnio-

2064 5819 2178 5858 rem
2215 5804 2479 5859 reddidit.
2517 5804 2673 5872 Quod
2712 5810 2914 5877 satagit
2961 5808 3076 5863 fere
3103 5804 3330 5876 semper.

3506 5962 3527 5968 η
3570 5960 3598 5975 νο
