4052 6412
376 333 511 393 1043

1541 334 1926 410 EUTHYMlI
1964 349 2324 419 ZIGABENI

3492 355 3632 419 1044

374 444 587 500 herbam
617 448 669 501 in
704 458 849 504 terra
891 466 1095 516 eorum,
1127 462 1177 506 et
1222 452 1446 506 comedit
1478 470 1683 508 omnem
1719 456 1933 524 fructun

2057 459 2357 531 κατέφαγε
2408 460 2607 516 πάντα
2651 466 2874 534 χόρτον
2920 468 2993 523 ἐν
3047 470 3123 539 τῇ
3179 470 3258 542 γῇ
3280 473 3502 543 αὐτῶν,
3532 469 3634 530 καὶ

348 544 531 593 terra:
569 557 771 596 eorum.
828 543 895 597 Et
938 546 1197 613 percussit
1250 561 1401 600 omne
1435 547 1843 617 primogenitum
1897 551 1952 604 in

377 641 519 686 terra
578 650 779 701 eorum,
835 638 1103 705 primitias
1138 640 1311 693 omnis
1365 638 1570 695 laboris
1610 657 1816 696 eorum.
1879 642 1951 698 De

376 723 463 776 bis
496 725 660 779 etiam
696 727 806 781 illic
837 727 1047 784 dictum
1073 739 1177 785 est.

452 906 616 964 Vens.
648 909 739 962 57.
777 908 844 963 Et
866 911 1049 965 eduxit
1080 929 1166 967 eos
1199 915 1251 966 iu
1286 923 1505 985 argento
1530 922 1578 968 et
1603 931 1760 968 auro.
1793 913 1947 980 Quod

373 1006 567 1053 mutuo
600 1012 929 1071 acceperant
960 1006 1025 1057 alii
1055 1004 1351 1076 Egyptiis.
1389 1006 1497 1063 Deo
1529 1007 1580 1061 id
1605 1006 1856 1076 jubente,
1890 1015 1947 1061 et

374 1101 685 1161 repulatum
731 1104 815 1149 est
849 1095 952 1151 hoc
988 1096 1042 1149 in
1068 1099 1394 1152 mercedem
1452 1098 1764 1160 ministerii,
1798 1101 1944 1177 quod

372 1182 762 1252 impenderam
810 1186 1132 1243 fabricando
1175 1191 1396 1259 lateres,
1426 1199 1481 1246 et
1517 1190 1641 1245 aliis
1680 1191 1944 1260 operibus

370 1273 744 1336 inserviendo.

443 1368 511 1421 Et
544 1385 648 1422 non
688 1380 804 1424 erat
834 1372 888 1425 in
924 1373 1166 1427 tribubus
1208 1390 1388 1428 eorum
1424 1374 1692 1442 inﬁrmus.
1740 1373 1815 1427 Ea
1846 1387 1943 1426 au«

372 1466 481 1512 tem
510 1460 724 1516 ratione
752 1463 823 1515 ita
863 1478 891 1517 a
919 1463 1032 1520 Deo
1072 1467 1365 1535 provisum.
1402 1474 1507 1529 est,
1536 1480 1606 1520 ne
1646 1464 1844 1532 aliquis
1873 1463 1944 1517 ob

368 1552 753 1621 aegritudinem
788 1556 844 1611 in
877 1557 1073 1614 itinere
1094 1560 1524 1630 relinqueretur,
1550 1569 1602 1615 et
1627 1572 1941 1630 quanquam

368 1642 584 1715 Moyses
626 1646 678 1702 id
720 1650 1036 1719 specialiter
1068 1668 1180 1707 non
1227 1654 1535 1724 soripserit,
1582 1653 1720 1707 satis
1755 1658 1938 1716 tamen

366 1749 433 1789 ex
462 1750 528 1790 eo
555 1737 784 1807 intelligi
831 1749 1033 1809 potest,
1072 1745 1219 1812 quod
1256 1745 1494 1814 aliquem
1540 1756 1733 1798 eorum
1767 1754 1939 1810 aegro-

2058 546 2355 618 κιιτέφατε
2392 550 2591 606 πάντα
2623 554 2857 622 καρπὸν
2908 555 3022 625 τῆς
3075 556 3186 628 γῆς
3235 560 3457 617 αὐτῶν.
3520 564 3630 618 Kal

2050 638 2315 703 ἐπάταξε
2342 640 2467 697 πᾶν
2489 646 2877 712 πρωτότοκον
2893 648 2966 703 ἐν
2989 648 3065 717 τῇ
3088 649 3167 720 τῇ
3194 652 3412 717 αὐτῶν,
3437 654 3641 724 ἀ,πορ-·

2050 734 2169 803 χὴν
2194 738 2425 804 παντὸς
2447 739 2640 795 πόνου
2656 741 2872 800 αὐτῶν.
2901 744 3137 816 Ὁμοίως
3150 749 3245 802 καὶ
3271 750 3629 819 περὶτούτων

2050 825 2189 880 ἐκεῖ.

2119 920 2228 973 Kal
2250 919 2548 990 ἐξήγαγεν
2568 923 2791 989 αὐτοὺς
2835 925 2905 979 ἐν
2924 927 3186 997 ἀργυρίῳ
3215 930 3313 983 καὶ
3369 932 3621 999 χρυσίῳ.

2054 1012 2121 1066 Ἃ
2147 1013 2453 1083 ἐχρήσαντο
2474 1016 2629 1085 παρά
2655 1016 2770 1069 τῶν
2814 1017 3157 1086 Αἰγυπτίων,
3184 1020 3330 1075 οὕτω
3364 1023 3459 1076 τοῦ
3482 1023 3620 1076 Θεοῦ

2046 1103 2423 1172 κελεύσαντος,
2489 1105 2632 1160 ὥστε
2690 1107 3006 1181 λογισθῆναι
3026 1112 3201 1167 ταῦτα
3271 1115 3464 1185 μισθὸν
3519 1115 3622 1185 τῆς

2047 1197 2421 1263 πλινθοποιίας
2452 1199 2549 1254 καὶ
2564 1201 2663 1271 τῆς
2685 1201 2854 1274 ἄλλης
2869 1203 3199 1274 ὑπηρεσίας.

2118 1375 2226 1429 Kal
2259 1378 2370 1429 οὐκ
2418 1371 2501 1446 ἦν
2526 1377 2596 1430 ἐν
2624 1377 2754 1444 ταῖς
2782 1378 3007 1447 φυλαῖς
3031 1379 3234 1434 αὐτῶν
3264 1383 3298 1436 ό
3316 1380 3621 1435 ἀσθενῶν.

2046 1465 2165 1517 Ἵνα
2202 1465 2392 1534 μηδεὶς
2446 1466 2805 1538 ἀπολειφθείη
2859 1469 2948 1521 διὰ
3000 1469 3179 1523 νόσον.
3239 1469 3445 1538 Μωσῆς
3519 1470 3622 1540 μὲν

2046 1553 2228 1624 ῥητῶς
2251 1557 2350 1608 οὐκ
2374 1556 2705 1627 ἀνέγραψεν,
2755 1561 2957 1612 νοεῖται
2982 1560 3041 1612 δὲ
3101 1560 3190 1613 διὰ
3244 1561 3305 1614 τὸ
3368 1562 3621 1631 μηδαμοῦ

2047 1646 2489 1718 μνημονευθῆναι
2518 1666 2640 1702 τινα
2668 1652 2996 1721 νοσήσαντα.
3054 1654 3163 1706 Καὶ
3197 1653 3399 1723 ἑτέρως
3427 1653 3483 1706 δέ
3506 1670 3518 1683 ·
3553 1655 3621 1707 Ol.

2044 1738 2467 1804 ἀκολουθοῦντες
2495 1740 2572 1812 τῷ
2600 1743 2722 1812 Θεῷ
2752 1744 2854 1796 οὐκ
2883 1744 3201 1809 ἀσθενοῦσι,
3231 1744 3413 1798 πάντα
3460 1743 3618 1813 ἰσχύ-

363 1832 511 1881 tasse
544 1843 816 1898 nusquam
851 1833 1120 1901 traditur;
1149 1843 1203 1889 et
1243 1833 1496 1890 fortassis
1539 1833 1733 1888 beatus
1766 1828 1935 1884 David

2044 1846 2197 1893 οντες
2250 1832 2309 1883 ὲν
2330 1832 2407 1902 τῷ
2453 1832 3005 1901 δυναμοῦντιαύτοὺς
3053 1836 3315 1906 Χριστῷ·
3370 1835 3502 1899 ἴσως
3563 1836 3620 1892 δὲ

361 1918 584 1976 aliunde
617 1922 721 1978 hoc
744 1922 965 1983 didicit.
1007 1918 1105 1981 Vel
1134 1928 1331 1982 aliter:
1365 1927 1468 1993 Qui
1504 1925 1671 1981 Deum
1699 1938 1941 1993 sequun-

361 2022 472 2081 tur,
503 2031 613 2072 non
645 2017 998 2075 intlrmantur
1026 2039 1042 2087 ;
1069 2022 1202 2090 quin
1235 2023 1348 2078 imo
1381 2021 1563 2078 omnia
1599 2025 1834 2091 possunt
1881 2016 1939 2070 in

359 2110 604 2178 Christo,
634 2116 727 2186 qui
773 2117 857 2174 eis
909 2106 1164 2176 vires'ac
1211 2119 1383 2175 robur
1434 2119 1702 2188 suggerit.
1742 2112 1930 2170 Potuit

2046 1924 2142 1980 καὶ
2168 1926 2438 1996 ἑτέρωθεν
2493 1927 2748 1998 ἐδιδάχθη
2797 1928 2928 2000 περὶ
2963 1928 3058 1983 τοῦ
3088 1929 3274 1995 Δαὸἱδ,
3323 1930 3357 2001 ἢ
3384 1929 3445 1995 ἐξ
3479 1930 3616 1983 ἀπο-

2047 2018 2258 2087 κρύφου
2299 2017 2532 2089 βιϐλίου,
2566 2019 2600 2091 ἢ
2637 2021 2703 2074 ἐκ
2735 2022 3117 2102 παραδόσεως,
3143 2022 3177 2094 ἢ
3203 2024 3267 2076 ἐκ
3315 2021 3412 2074 τοῦ
3468 2020 3623 2074 θείου

2040 2107 2376 2179 Πνεύματος,
2417 2111 2494 2174 ὡς
2521 2127 2588 2165 πε
2600 2112 2653 2180 pl.
2674 2112 2880 2191 ἐτέρων
2909 2112 3143 2168 πολλῶν.

359 2205 523 2260 etiam
554 2207 750 2264 beatus
788 2209 960 2266 David
1003 2212 1056 2267 id
1085 2213 1335 2273 scivisse.
1369 2227 1434 2268 ex
1460 2212 1648 2282 aliquo
1682 2203 2107 2265 noncelebrato
2130 2200 2494 2268 libro,veluti
2567 2205 2660 2260 ex”
2685 2206 2773 2262 liis
2832 2221 2973 2277 quos
3027 2205 3373 2278 apocrypltos
3438 2205 3618 2261 ιιοιιιὶο

360 2305 513 2358 nant.
561 2308 655 2354 aut
699 2317 765 2359 ex
809 2304 1089 2360 seniorum
1122 2320 1394 2373 sermone,
1426 2313 1522 2360 aut
1560 2305 1726 2359 etiam
1760 2317 1790 2355 a
1814 2297 2003 2356 divino
2029 2294 2240 2365 Spiritu
2269 2295 2522 2361 edoctus,
2549 2314 2580 2355 a
2603 2313 2715 2369 quo
2748 2298 2915 2353 multa
2952 2298 3243 2368 perdidicit

416 2391 597 2449 εγω.
626 2394 718 2450 58.
750 2394 965 2452 Lcetata
999 2409 1075 2452 est
1109 2396 1374 2469 Egyptus
1408 2398 1465 2451 in
1494 2396 1816 2466 profectione
1844 2392 1935 2446 eo-

359 2502 503 2551 rum,
530 2489 656 2557 quia
679 2488 918 2544 incubuit
947 2491 1111 2544 timor
1127 2506 1310 2545 eorum
1333 2506 1490 2560 super
1517 2507 1629 2545 eos.
1663 2488 1936 2544 Incubue-

358 2588 445 2633 rat
469 2579 654 2644 timor,
684 2580 756 2635 ob
789 2579 996 2651 ﬂagella
1027 2597 1057 2637 a
1082 2582 1194 2636 Deo
1220 2581 1495 2653 Egyptiis
1528 2581 1798 2640 immissa,
1831 2578 1931 2634 Ju-

358 2671 600 2734 daiorum
661 2673 863 2743 gratia.
910 2672 1013 2728 Per
1046 2672 1346 2745 Egyptum
1386 2680 1570 2728 autem
1598 2712 1612 2736 ,
1647 2671 1937 2742 Egyptins

358 2762 615 2820 homines
642 2765 924 2834 intelligit.
955 2765 1090 2820 Cum
1124 2774 1309 2821 autem
1361 2763 1680 2835 bujnsmodi
1720 2763 1935 2834 ﬂagella

359 2859 694 2929 compendio
741 2860 980 2929 quodam
1029 2861 1388 2932 percurrerit,
1417 2858 1561 2918 redit
1611 2875 1836 2915 rursum
1866 2858 1937 2915 ad

356 2949 621 3006 beneficia
648 2951 700 3005 in
737 2952 996 3009 Hebraeos
1027 2953 1256 3008 collata.

428 3045 598 3101 Vens.
630 3046 817 3100 59-41.
852 3047 1128 3118 Expendit
1163 3048 1350 3102 nubem
1384 3048 1441 3101 in
1479 3046 1808 3115 protectione
1840 3061 1932 3100 eo-

355 3158 496 3208 rum,
529 3151 576 3195 et
615 3142 783 3211 ignem
818 3151 874 3195 ut
919 3141 1114 3196 luceret
1140 3143 1215 3196 eis
1245 3157 1338 3211 per
1381 3151 1584 3196 noctem
1613 3156 1631 3193 :
1664 3141 1929 3209 petierunt
1955 3179 1998 3237 C

352 3242 403 3287 et
438 3233 576 3287 venit
592 3234 855 3297 coturnix,
885 3242 933 3287 et
967 3250 1104 3301 pane
1138 3233 1255 3288 caeli
1282 3233 1550 3288 saturavit
1574 3249 1662 3287 eos
1681 3248 1700 3286 :
1723 3231 1927 3299 dirupit

352 3333 578 3393 petram,
611 3334 660 3379 et
701 3324 970 3393 fluxerunt
1000 3343 1174 3396 aqum.
1206 3335 1255 3380 et
1284 3326 1527 3381 abierunt
1560 3327 1616 3379 in
1645 3327 1785 3380 sicco
1823 3323 1929 3391 ﬂu-

353 3417 518 3472 mina.
564 3418 642 3473 De
680 3418 767 3474 his
806 3420 1064 3474 omnibus
1109 3418 1276 3474 etiam
1324 3419 1378 3472 in
1422 3418 1685 3488 praedicto
1718 3417 1929 3486 psalmo

355 3507 562 3561 dictum
588 3516 692 3562 est.
720 3507 938 3564 Abiisse
969 3516 1153 3564 autem
1204 3508 1344 3563 dicit
1394 3508 1446 3562 iu
1500 3508 1647 3564 sicco
1676 3508 1925 3569 ﬂumina,

351 3593 482 3661 quia
513 3607 691 3661 aqum,
727 3608 850 3661 quae
878 3608 905 3645 a
945 3603 1096 3662 petra
1138 3602 1457 3659 manarunt,
1496 3610 1595 3664 per
1623 3594 1807 3649 aridas
1840 3610 1929 3648 re-

350 3683 540 3754 giones
576 3684 848 3739 devoluta:
869 3694 1022 3739 sunt.
1058 3684 1392 3754 Huiusmodi
1430 3701 1562 3742 vero
1592 3701 1747 3757 aquae
1775 3688 1927 3742 rivu-

351 3775 458 3841 los,
489 3774 712 3829 ﬂumina
745 3777 1061 3847 appellavit,
1093 3777 1164 3831 ob
1203 3791 1480 3847 aquarum
1518 3778 1762 3848 capiam.

422 3958 589 4014 Vens.
628 3959 716 4013 42.
754 3958 1019 4025 Quoniam
1056 3975 1255 4015 memor
1303 3961 1403 4032 fuit
1453 3960 1593 4014 verbi
1635 3961 1741 4026 sui,
1784 3961 1925 4031 quod

348 4048 533 4103 habuit
560 4050 630 4103 ad
658 4051 922 4104 Abraham
961 4068 1183 4121 puerum
1230 4069 1407 4107 suum.
1458 4049 1612 4106 Illius
1650 4052 1916 4107 nimirum

350 4141 757 4211 promissionis,
814 4145 958 4214 quod
1023 4144 1493 4214 multiplicaturns
1542 4153 1690 4200 esset
1736 4160 1923 4201 semen

347 4232 491 4302 ejus,
525 4243 577 4287 et
624 4234 768 4302 quod
826 4236 1060 4292 daturus
1094 4238 1176 4291 eis
1213 4244 1369 4292 esset
1399 4246 1604 4291 terram
1634 4235 1924 4302 Chanaan,

349 4320 453 4372 hoc
490 4329 598 4385 est,
629 4321 983 4380 Palaestinam
1014 4327 1320 4395 regionem.

418 4410 586 4468 Vens.
617 4414 779 4468 43.137
803 4416 984 4470 eduxit
1008 4417 1259 4486 populum
1288 4436 1443 4473 suum
1471 4422 1526 4475 in
1546 4422 1919 4478 exsultatione.

2116 2387 2453 2458 Ἐὐρράνθη
2487 2390 2791 2460 Αῑγυπτος
2845 2391 2915 2444 ἐν
2950 2389 3027 2460 τῇ
3046 2390 3237 2456 ἐξόδῳ
3256 2391 3478 2451 αὐτῶν,
3524 2388 3616 2443 ὅτι

2032 2479 2336 2535 ἐπέπεσεν
2384 2484 2418 2536 d
2453 2484 2640 2551 φόϐος
2689 2482 2890 2538 αὐτῶν
2918 2484 3273 2551 ἐπάῠτούς.
3302 2483 3615 2538 Ἑπέπεσεν

2032 2571 2062 2622 ὁ
2084 2569 2251 2639 φόϐος
2284 2571 2466 2624 αὐτῶν
2515 2572 2605 2626 διὰ
2652 2572 2754 2635 τὰς
2780 2572 2924 2644 ὑπὲρ
2954 2572 3137 2627 αὐτῶν
3169 2571 3467 2642 θεηλάτους
3504 2572 3613 2642 μά-

2037 2679 2253 2730 στιγας.
2298 2664 2573 2732 Αἴγυπτον
2648 2664 2703 2718 δὲ
2765 2664 2915 2732 λέγει
2983 2666 3110 2728 τοὺς
3181 2664 3615 2733 ὑπολειφθέντας

2034 2754 2397 2821 Αἰγυπτίους.
2421 2755 2723 2821 Διεξελθὼν
2752 2756 2810 2809 δὲ
2841 2756 2940 2818 τὰς
2971 2755 3114 2810 κατά
3143 2756 3253 2809 τῶν
3295 2755 3616 2823 Αἰγυπτίων

2034 2846 2252 2917 πληγὰς
2278 2848 2707 2919 ὲπιτομώτερον,
2745 2849 2846 2920 ἤδη
2883 2847 3205 2918 μεταϐαίνει
3236 2848 3331 2900 καὶ
3365 2848 3459 2900 ἐπὶ
3508 2847 3609 2911 τὰς

2032 2943 2115 3005 είς
2135 2941 2261 3004 τοὺς
2296 2941 2584 3012 Ἐϐραίους
2614 2941 2963 3013 εὐεργεσίας.
3602 2928 3607 2931 Ἴ

2102 3033 2467 3089 Διεπέτασεν
2504 3036 2772 3104 νεφέλην
2823 3037 2913 3102 εις
2947 3034 3190 3104 σκέπην
3226 3033 3453 3099 αὐτοῖς,
3509 3034 3612 3087 και

2032 3125 2152 3193 πῦρ
2171 3126 2279 3181 τοῦ
2312 3128 2566 3196 φωτίσαι
2588 3127 2795 3194 αὐτοῖς
2826 3127 2945 3196 τὴν
2974 3129 3187 3183 νύκτα.
3217 3127 3489 3201 ᾝτησαν
3508 3125 3610 3181 καὶ

2030 3212 2217 3289 ἦλθεν
2241 3218 2673 3288 ὀρτυγομήτρα,
2700 3221 2800 3274 καὶ
2839 3220 3018 3289 ἄρτος
3061 3219 3324 3289 οὐρανοῦ
3353 3218 3613 3287 ἐνέπλη-

2030 3326 2147 3364 σεν
2199 3311 2441 3378 αὐτούς.
2495 3311 2776 3381 Διέρῤηξε
2844 3313 3095 3383 πέτραν,
3139 3314 3239 3368 καὶ
3297 3313 3610 3383 ἐρρύησαν

2029 3401 2241 3467 ὕδατα,
2286 3402 2386 3457 καὶ
2437 3403 2859 3472 ἐπορεύθησαν
2891 3405 2961 3459 ἐν
2999 3406 3280 3472 ἀνύδροις
3331 3404 3607 3472 ποταμοί.

2042 3496 2132 3549 Ἐν
2177 3494 2371 3566 ἐκείνῳ
2427 3496 2505 3567 τῷ
2567 3495 2771 3567 ψαλμῷ
2797 3498 2891 3551 καὶ
2935 3498 3065 3568 περὶ
3116 3496 3326 3551 τούτων
3368 3497 3605 3567 ἐρρήθη.

2044 3586 2476 3656 Ἐπορεύθησαν,
2512 3589 2702 3658 φησὶν,
2731 3590 2790 3641 ὲν
2824 3588 3078 3661 ἀνύδροις
3124 3590 3313 3652 τόποις
3369 3588 3611 3657 ποταμοὶ

2032 3679 2252 3751 ῥέοντες
2318 3679 2427 3734 ἀπὸ
2476 3679 2579 3750 τῆς
2647 3680 3044 3753 διαρῤαγείσης
3100 3682 3320 3749 ἐκείνης
3378 3679 3606 3748 πέτρας.

2032 3772 2320 3841 Ποταμοὺς
2347 3772 2405 3825 δὲ
2438 3772 2563 3834 τοὺς
2596 3772 2817 3842 ὀχετοὺς
2876 3772 3107 3829 ἐκάλεσε
3168 3772 3259 3829 διὰ
3303 3773 3365 3824 τὸ
3404 3769 3611 3839 πλῆθος

2028 3865 2139 3917 τῶν
2162 3864 2392 3919 ὑδάτων.

2107 3956 2239 4010 ’Ὁτι
2265 3956 2541 4025 ἐμνήσθη
2572 3955 2680 4011 τοῦ
2705 3957 2894 4026 λόγου
2919 3958 3026 4013 τοῦ
3050 3957 3224 4027 ἁγίου
3255 3957 3462 4019 αὐτοῦ,
3497 3953 3609 4009 τοῦ

2028 4049 2178 4118 πρὸς
2209 4048 2457 4119 Ἀϐραὰμ
2483 4049 2590 4103 τὸν
2617 4047 2844 4103 δοῦλον
2867 4049 3075 4105 αὐτοῦ.
3110 4048 3217 4103 Τοῦ
3281 4049 3442 4118 λόγου
3506 4047 3609 4116 τῆς

2027 4141 2385 4210 ἐπαγγελίας,
2414 4142 2496 4195 ὅτι
2520 4139 2787 4210 πληθυνεῖ
2813 4141 2874 4193 τὸ
2903 4141 3127 4211 σπέρμα
3147 4140 3336 4205 αὐτοῦ,
3395 4144 3490 4195 καὶ
3522 4140 3610 4199 ὅτι

2026 4233 2189 4289 δώσει
2220 4233 2372 4305 αὐτῷ
2419 4233 2520 4305 τὴν
2565 4234 2673 4303 γῆν
2719 4233 2966 4301 Χαναὰν,
3009 4235 3129 4304 ἦτοι
3156 4235 3256 4305 τὴν
3309 4232 3609 4288 Παλαιστί-

2025 4345 2127 4398 νην
2141 4365 2155 4382 .

2098 4419 2207 4475 Kal
2240 4419 2497 4489 ἐξήγαγε
2531 4418 2638 4472 τὸν
2664 4419 2822 4473 λαὸν
2861 4419 3047 4474 αὐτοῦ
3089 4419 3163 4474 ἐν
3220 4419 3607 4489 ἀγαλλιάσει.

346 4503 710 4571 Gaudentem,
742 4507 974 4573 scilicet,
1003 4517 1056 4563 et
1086 4510 1360 4564 laetantem
1382 4520 1503 4581 post
1527 4514 1915 4585 Egyptiorum

2036 4513 2302 4584 Καίροντα
2359 4512 2499 4583 μετά
2526 4512 2624 4583 τὴν
2653 4510 2763 4565 τῶν
2816 4512 3138 4580 Αἰγυπτίων
3180 4514 3604 4567 καταπόντισιν.

347 4596 769 4653 demersionem.

416 4688 487 4742 Et
515 4690 705 4744 electos
738 4707 860 4746 suos
878 4692 934 4745 in
958 4691 1170 4747 laetitia.
1214 4691 1481 4750 Eumdem
1510 4696 1770 4767 populum
1811 4698 1926 4753 ele-

346 4784 467 4832 ctos
500 4778 756 4847 appellat,
797 4786 1056 4849 tanquam
1092 4780 1202 4836 Deo
1228 4782 1503 4839 dicatum.

409 4955 575 5013 Vens.
610 4959 698 5014 Η.
737 4958 804 5011 Et
844 4960 986 5014 dedit
1017 4962 1128 5016 illis
1156 4965 1391 5032 regiones
1421 4966 1680 5035 gentium.
1716 4967 1920 5022 Eorum

348 5065 471 5120 qum
512 5049 827 5106 incolebant
852 5051 1225 5110 Palmstinam.

420 5142 486 5195 Et
518 5140 722 5197 labores
751 5145 1064 5214 populorum
1095 5147 1502 5203 Iiwreditarunt.
1540 5148 1798 5204 Genuum
1838 5152 1918 5204 ui-

348 5235 547 5289 tuirnm
582 5236 796 5290 illarum
836 5254 976 5307 quas
1003 5240 1113 5310 jam
1139 5242 1720 5299 eommenmraximus.

417 5327 579 5384 Vens.
631 5327 719 5383 45.
764 5327 830 5383 Ut
872 5333 1175 5386 custodiant
1210 5333 1627 5402 justi/icnlioues
1670 5336 1816 5403 ejus.
1872 5344 1922 5390 et

344 5422 507 5491 legem
532 5423 649 5491 ejus
681 5424 981 5491 exquirant.
1007 5422 1131 5478 Haec
1158 5434 1338 5479 autent
1367 5424 1495 5480 iecit
1527 5428 1830 5483 exhortans
1852 5429 1919 5483 ad

342 5514 785 5569 observationem
816 5515 1203 5571 mandatorum
1234 5532 1488 5581 suorum,
1527 5529 1694 5588 atque
1720 5522 1784 5575 ad
1822 5518 1949 5577 ex?

344 5601 697 5669 quisitionem
735 5605 870 5673 legis
913 5622 1047 5662 suae.
1097 5606 1202 5662 Per
1249 5610 1675 5679 exquisitioncm
1708 5624 1917 5677 autem,

346 5705 623 5743 summum
678 5693 1019 5750 desiderium
1087 5698 1355 5770 intellige.
1408 5700 1541 5754 Nam
1599 5704 1742 5771 quod
1788 5706 1915 5773 quis

349 5778 511 5832 valde
567 5780 877 5853 desiderat,
934 5787 1067 5842 illud
1116 5789 1279 5845 etiam
1331 5808 1547 5848 summo
1604 5795 1786 5850 studio
1823 5812 1919 5851 cx-

354 5868 542 5940 (ιιιίι-Η.

2098 4696 2205 4750 Καὶ
2238 4693 2380 4760 τοὺς
2420 4694 2749 4759 ἐκλεκτοὺς
2777 4694 2965 4748 αὐτοῦ
2990 4694 3061 4748 ἑν
3084 4694 3456 4763 εὐφροσύνῃ.
3499 4692 3605 4747 τὸν

2026 4787 2194 4841 αὐτὸν
2225 4788 2357 4841 λαὸν
2395 4788 2545 4853 λέγει
2576 4786 2672 4838 xui.
2697 4786 3017 4849 ἐκλεκτοὺς,
3052 4786 3128 4849 ὡς
3170 4785 3509 4860 ἐξῃρημένον
3525 4785 3605 4856 τῷ

2024 4879 2169 4950 Θεῷ.

2099 4970 2456 5026 Καὶὲδωκεν
2487 4969 2694 5035 αὐτοῖς
2738 4968 2938 5039 χώρας
2971 4968 3185 5024 ἐθνῶν.
3236 4968 3361 5022 Τῶν
3415 4985 3599 5022 κατοιο

2025 5066 2269 5121 κούντων
2302 5067 2401 5135 τὴν
2426 5064 2821 5135 Παλαιστίνην.

2096 5158 2202 5214 Kal
2231 5158 2459 5223 πόνους
2474 5155 2642 5211 λαῶν
2677 5153 3320 5224 κατεκληρονόμησαν.
3352 5153 3475 5208 Τῶν
3522 5157 3604 5211 ει-

2027 5273 2093 5326 ρη
2103 5255 2282 5324 μένων
2303 5253 2496 5313 ἐθνῶν.

2099 5347 2296 5411 Ὅπως
2319 5343 2396 5398 ἂν
2416 5342 2732 5413 φυλάξωσι
2771 5343 2843 5398 τὰ
2875 5340 3235 5411 δικαιώματα
3263 5340 3474 5407 αὐτοῦ,
3504 5337 3600 5393 xal

2022 5438 2131 5492 τὸν
2150 5436 2338 5505 νόμον
2366 5435 2552 5490 αὑτοῦ
2582 5434 2976 5503 ἐκζητήσωσι.
3027 5435 3143 5488 Ταῦ
3155 5455 3214 5490 ια.
3242 5434 3300 5488 δὲ
3346 5433 3605 5505 ἐποίησεν

2024 5533 2232 5593 αὐτοῖς,
2275 5532 2725 5599 προτρεπόμενος
2748 5527 2949 5590 αὐτοὺς
2982 5529 3063 5585 εἰς
3095 5527 3347 5598 φυλακὴν
3378 5529 3485 5581 τῶν
3510 5528 3603 5579 ὲν·-

2021 5622 2194 5676 τολῶν
2234 5622 2425 5685 αὐτοῦ,
2468 5622 2589 5691 ἦτοι
2620 5620 2760 5688 πρὸς
2808 5619 3107 5689 ὲκζήτησιν
3140 5619 3235 5673 τοῦ
3274 5619 3442 5689 νόμου
3495 5618 3597 5671 αὐτ

2020 5713 2135 5767 τοῦ.
2180 5712 2267 5775 Ὠς
2295 5712 2592 5782 ὲκζήτησιν
2627 5710 2684 5763 δὲ
2743 5709 2857 5763 νόει
2922 5710 3015 5763 τὸν
3066 5710 3261 5764 πόθον·
3293 5709 3322 5763 δ
3352 5711 3461 5781 γάρ
3514 5725 3596 5771 τις.

2026 5804 2201 5861 ποθεῖ.
2233 5802 2393 5858 τοῦτο
2427 5804 2522 5859 καὶ
2553 5801 2796 5872 ἐκζητεῖ.
