4052 6406
412 362 548 430 1055

1026 472 1417 542 Ἀλληλούτω

976 563 1271 617 ΨΑΛΜΟΣ
1296 560 1416 617 PE'.
1466 576 1469 579 ‘

481 661 591 714 Καὶ
623 651 779 722 οὗτος
811 656 1071 728 ὀψαλμὸς
1123 656 1311 727 ὅμοιος
1378 654 1458 724 τῷ
1505 652 1858 724 προλαϐόντι,
1915 650 1981 705 τὰ

382 812 393 817 _
411 754 506 808 τοῦ
539 753 678 806 Θεοῦ
710 751 995 822 θαυμάσια
1026 749 1384 819 διηγούμενος
1404 768 1417 780 ·
1444 748 1527 801 ἔτι
1550 746 1607 801 δὲ
1635 748 1731 800 καὶ
1752 744 1850 816 τὴν
1876 740 1984 798 τῶν

425 842 696 914 Ἐϐραίων
743 842 846 912 μὲν
881 841 1213 912 ἀχαριστίαν
1245 840 1340 892 καὶ
1374 837 1665 912 πονηρίαν,
1728 834 1893 889 αὑτοῦ
1926 833 1984 888 δὲ

414 935 808 1005 μακροθυμίαν
882 935 979 989 καὶ
1054 932 1492 1004 φιλανθρωπίαν,
1547 929 1740 1000 ὁμοίαν
1790 927 1984 997 ἐκείνῳ

413 1028 572 1099 φέρει
593 1027 688 1081 καὶ
712 1026 812 1098 τὴν
840 1026 1175 1097 ἐπιγραφήν.
1259 1102 1269 1113 θ

499 1288 993 1359 Ἕξομολογεῒσθε
1033 1291 1114 1355 τῷ
1152 1290 1370 1356 Κυρίῳ,
1402 1290 1490 1343 ὅτι
1531 1290 1815 1358 χρηστός.
1870 1286 1988 1354 Ἐξ-

415 1381 767 1452 ομολογεῖαθε
798 1381 949 1453 αὐτῷ
1000 1383 1100 1445 τὰς
1128 1382 1405 1452 ἁμαρτίας
1435 1381 1612 1449 ὑμῶν,
1672 1381 1755 1435 ὅτι
1785 1378 1988 1447 ἀγαθὸς

416 1474 513 1526 καὶ
532 1473 921 1544 ἅμνησίκακος
950 1477 1063 1538 τοῖς
1083 1474 1408 1546 ὲξομολογου
1417 1476 1622 1542 μένοις.

486 1744 617 1796 Ὅτι
637 1744 726 1810 εἷς
746 1744 856 1799 τὸν
889 1742 1076 1799 αἰῶνα
1099 1746 1165 1798 τὸ
1206 1744 1382 1813 ἔλεος
1409 1745 1618 1802 αὑτοῦ.
1648 1746 1770 1800 Ὅτι
1796 1746 1876 1808 είς
1896 1747 1990 1800 τὸν

416 1835 591 1887 αἰῶνα
613 1835 804 1888 τοῦτον
836 1837 895 1889 τὸ
921 1836 1066 1901 ἕλεος
1086 1835 1280 1898 αὑτοῦ,
1320 1839 1435 1900 τοῖς
1460 1836 1826 1907 μετανοοῦσιν
1850 1852 1864 1867 ⁸
1903 1841 1988 1902 είς

419 1925 476 1979 δὲ
496 1926 588 1981 τὸν
628 1926 891 1997 μέλλοντα
955 1930 988 1998 ἡ
1019 1929 1204 2000 κρίσις
1241 1927 1410 1982 αὑτοῦ
1433 1945 1446 1958 ·
1473 1929 1556 1982 διδ
1592 1930 1700 2001 χρὴ
1753 1933 1835 1993 είς
1897 1916 1993 1984 τὸν

418 2019 592 2073 αἰῶνα
615 2017 805 2073 τοῦτον
845 2019 1311 2091 ἐξομολογεῖσθαι.
1351 2021 1422 2075 Ἣ
1459 2022 1543 2075 ὅτι
1573 2022 1663 2076 ἀεὶ
1699 2023 1862 2088 ἐλεεῖ,
1895 2024 1992 2077 καὶ

416 2110 698 2179 προσῆκον
729 2111 817 2163 ἀεὶ
839 2109 1278 2181 ἐξομολογεῖσθαι
1300 2128 1316 2144 ο
1360 2112 1489 2184 ἤδει
1518 2113 1739 2168 αἰώνιον
1760 2113 1823 2168 τὸ
1843 2113 1993 2179 ἔλεος

417 2198 585 2252 αὑτοῦ
616 2202 730 2264 τοῖς
753 2199 955 2264 ἀξίοις.

494 2467 595 2537 Τίς
619 2469 882 2536 λαλήσει
916 2471 1026 2539 τὰς
1055 2472 1423 2541 δυναστείας
1450 2475 1557 2529 τοῦ
1582 2478 1843 2544 Kvplov;
1874 2478 1989 2542 Τὰς

423 2562 912 2633 μεγαλοδυνάμους
931 2565 1275 2636 εὐεργεσίας,
1299 2568 1396 2629 τὰς
1419 2568 1501 2629 είς
1523 2567 1614 2621 τὸν
1635 2569 1764 2623 λαὸν
1784 2571 1951 2625 αὑτοῦ
1978 2587 1994 2604 ³

419 2652 591 2715 ὄντως
608 2653 803 2719 οὐδεὶς,
826 2653 902 2717 ὼς
917 2654 1242 2723 ἀνεφίκτους
1263 2673 1276 2686 ·
1302 2655 1333 2726 ἧ
1357 2657 1546 2721 ἁπλῶς
1562 2659 1659 2723 τὰς
1685 2661 1996 2734 μεγαλουρο

419 2746 576 2814 γίαςσ
621 2746 685 2800 '0
725 2748 869 2813 Θεὸς
902 2747 1034 2819 γὰρ,
1067 2751 1252 2819 φησιν,
1304 2747 1475 2817 ἡμῶν
1506 2750 1576 2803 ἐν
1633 2751 1714 2817 τῷ
1762 2753 1998 2821 οὐρανῷ

420 2838 519 2891 καὶ
556 2838 725 2908 ἐντῇ
771 2840 858 2910 γῇς
886 2842 1083 2896 πάντα
1143 2846 1265 2901 ὅσα
1302 2848 1629 2919 ἠθέλησεν,
1681 2855 1999 2922 ἐποίησεν.

426 2927 498 2982 Ἦ
523 2928 621 2994 τὰς
654 2929 982 3003 Θεοπρεπείς
1032 2936 1316 3008 δυνάμεις,
1376 2940 1444 3004 ἃς
1494 2943 1791 3011 ἐργάσεται
1845 2945 1999 2999 πολι-

420 3021 715 3094 τευόμενος
740 3027 798 3080 ἐν
826 3027 1013 3099 σαρκὶ,
1041 3029 1117 3095 ὡς
1141 3027 1459 3088 εἶναιτοῦτο
1491 3037 1836 3108 προφητείαν
1867 3041 1999 3110 περὶ

423 3133 635 3174 αυτων.

495 3299 833 3369 Ἀκουστὰς
856 3306 1100 3373 ποιήσει
1121 3307 1327 3374 πάσας
1352 3311 1459 3376 τὰς
1484 3309 1754 3380 αἰνέσεις
1783 3330 1999 3379 αυτου;

423 3394 522 3457 τίς
574 3398 877 3468 ἐπαγγελεῖ
895 3399 995 3464 τὰς
1022 3403 1112 3470 ἐφ’
1134 3403 1350 3475 ἑκάστῳ
1378 3405 1587 3460 τούτων
1646 3409 2013 3478 ἁρμοζούσας

424 3486 684 3555 αίνέσεις;

493 3578 785 3647 Μακάριοι
802 3583 857 3635 οἱ
881 3581 1313 3654 φυλάσσοντες
1341 3590 1564 3656 κρίσιν.
1594 3590 1661 3643 Οί
1701 3592 2001 3662 τηροῦντες

424 3670 589 3739 νόμον
624 3672 762 3725 Θεοῦ
795 3689 808 3701 ·
851 3674 883 3744 ἢ
918 3676 969 3729 οἱ
1002 3676 1221 3747 ἔχοντες
1265 3680 1449 3750 κρίσιν
1476 3683 1556 3746 εἰς
1585 3684 1646 3737 τὸ
1674 3685 1883 3757 κρίνειν
1908 3687 2002 3758 ὀρ-

426 3760 555 3826 θῶς,
599 3762 676 3835 μὴ
714 3765 876 3833 μόνον
910 3767 1148 3839 ἑτέροις,
1188 3770 1327 3825 ἀλλὰ
1356 3773 1454 3826 καὶ
1483 3774 1589 3844 πρὸ
1612 3776 1821 3831 τούτων
1867 3778 1996 3833 ἑαυ-

425 3857 578 3917 τοῖς
635 3857 779 3911 ὥστε
839 3859 914 3930 μὴ
985 3866 1336 3934 παραχωρεῖν
1399 3865 1896 3931 κατεξανίστασθαι
1937 3870 2000 3923 τὸ

425 3950 611 4017 χεῖρον
647 3949 751 4004 ὑπὸ
774 3950 871 4004 τοῦ
895 3954 1226 4024 κρείττονος,
1272 3956 1411 4027 μηδὲ
1443 3959 1705 4015 νικᾶσθαι
1737 3961 1800 4014 τὸ
1835 3961 2002 4015 καλὸν

426 4041 534 4095 ὑπὸ
562 4042 657 4097 τοῦ
690 4044 884 4098 κακοῦ.
1716 4054 1721 4059 '

498 4135 613 4189 Kal
665 4136 984 4204 ποιοῦντες
1037 4143 1438 4213 δικαιοσύνην
1490 4145 1561 4200 ἐν
1597 4149 2009 4220 παντὶκαιρῷ,

436 4225 709 4292 Ἐαυτοῖς.
733 4230 810 4291 ὠς
845 4233 1082 4302 εἴρηται,
1117 4236 1211 4287 καὶ
1231 4235 1440 4306 ἑτέροις

498 4321 553 4373 Μ
561 4318 819 4390 νήσθητι
834 4323 1024 4392 ἡμῶν,
1052 4325 1246 4393 Κύριε,
1272 4325 1343 4380 ἐν
1364 4326 1439 4395 τῇ
1453 4329 1699 4399 εὐδοκίᾳ
1724 4332 1831 4387 τοῦ
1851 4334 2007 4389 λαοῦ

427 4427 568 4467 σου.
598 4414 842 4485 Προῖδὼν
879 4417 907 4467 ὁ
947 4415 1114 4469 Δαὸὶδ
1140 4419 1206 4472 τὰ
1228 4419 1371 4474 κατὰ
1408 4420 1509 4492 τὴν
1543 4420 1812 4494 ἔνσαρκον
1860 4428 2004 4478 οἰκο-

1551 357 1942 423 ιΣΟΜΜΕΝΤ.
1985 353 2071 416 ΙΝ
2104 353 2465 418 PSALMOS.

2010 461 2062 522 Α
2746 456 3002 514 Alleluia.

3526 336 3664 405 ιοιιδ

2637 550 2959 608 PSALMUS
2997 547 3112 604 CV.

2156 651 2260 706 Hic
2302 649 2555 704 Psalmus
2606 645 2882 707 similiter,
2918 652 2978 697 ut
3025 639 3278 712 proxime
3314 634 3656 706 praecedens,

2087 743 2363 799 mirabilia
2405 740 2501 796 Dei
2545 753 2713 807 opera
2758 743 2948 791 narrat
2974 774 2988 798 ,
3017 733 3301 799 multaque
3335 727 3390 781 in
3442 723 3675 779 Jtldzr0~~

2087 852 2206 892 rum
2249 832 2507 904 populum
2557 829 2753 886 collata
2786 843 2814 881 a
2852 826 2958 880 Deo
2999 821 3263 881 beneﬁcia
3297 835 3313 872 :
3350 828 3659 883 rursusque

2087 941 2356 983 Summam
2393 924 2621 977 istorum
2649 915 3104 989 ingratitudinem
3138 928 3201 967 ac
3232 909 3656 977 malignitatem,

2089 1019 2295 1090 Deique
2331 1015 2675 1072 ineﬂ‘abilem
2725 1008 3200 1081 longanimitatem
3233 1012 3287 1057 et
3339 998 3660 1068 misericor-

2088 1086 2234 1162 diam
2281 1105 2510 1174 exponit
2545 1118 2561 1156 :
2593 1100 2950 1167 similemque
3004 1091 3176 1164 priori
3237 1086 3659 1156 inscriptionem

2088 1198 2318 1255 sortitus
2352 1202 2457 1251 est.

2160 1288 2332 1345 Vens.
2376 1289 2427 1342 i.
2478 1283 2818 1356 Conﬁtemini
2873 1280 3137 1343 Domino,
3174 1278 3425 1349 quoniam
3474 1275 3661 1329 bonus.

2088 1382 2307 1438 Gratias
2335 1379 2476 1449 agite
2505 1378 2577 1445 ei,
2613 1385 2674 1433 ut
2698 1375 2831 1432 alibi
2865 1374 3076 1432 dictum
3105 1382 3213 1429 est.
3235 1370 3330 1426 Vel
3359 1365 3666 1424 conﬁtenti,

2090 1476 2145 1528 ni
2180 1473 2231 1528 ci
2265 1481 2486 1543 peccata
2514 1477 2719 1536 vestra,
2747 1467 3010 1539 quoniam
3061 1465 3243 1521 bonus
3290 1468 3396 1529 est,
3426 1457 3665 1529 injuria-

2094 1579 2325 1636 rumqne
2354 1578 2420 1619 ac
2450 1562 2780 1617 delictorum
2814 1560 3126 1621 immemor,
3152 1555 3222 1618 si,
3245 1553 3338 1625 qui
3370 1566 3433 1607 ea
3467 1562 3665 1619 perpe—

2092 1665 2332 1719 trarunt.
2363 1654 2546 1711 scelus
2571 1653 2648 1708 illi
2681 1667 2844 1709 suum
2880 1650 3185 1705 fateantur.

2166 1749 2435 1817 Quoniam
2464 1748 2520 1803 in
2552 1746 2807 1802 socculum
2841 1741 3213 1798 misericordia
3254 1738 3395 1808 ejus.
3424 1736 3482 1791 In
3523 1748 3665 1803 pra:-

2093 1843 2234 1900 senti
2268 1841 2465 1896 smeulo
2486 1836 2867 1894 misericordia
2885 1835 3008 1904 ejus
3034 1829 3437 1904 paenitentibus
3462 1832 3666 1896 praesto

2093 1945 2199 1999 est,
2244 1933 2300 1989 in
2333 1932 2522 1987 futuro
2570 1941 2754 1986 autem
2785 1926 3059 1997 judicium
3089 1927 3409 1979 reservatur
3452 1937 3465 1974 :
3503 1925 3667 1985 atque

2095 2028 2221 2083 ideo
2254 2031 2473 2097 oportet
2502 2024 2559 2079 in
2605 2023 2709 2078 hoc
2729 2020 2930 2077 saecqu
2969 2018 3018 2073 ei
3048 2015 3320 2097 conﬁteri.
3358 2011 3451 2068 Vel
3479 2028 3492 2065 :
3525 2009 3665 2076 Quia

2097 2122 2243 2177 Deus
2269 2133 2490 2188 semper
2522 2116 2841 2179 miseretur,
2871 2111 3057 2203 decet',’
3082 2117 3142 2164 ut
3175 2093 3278 2163 nos
3325 2106 3489 2161 etiam
3520 2119 3669 2159 sem-

2094 2228 2195 2284 per
2229 2213 2278 2268 ei
2305 2211 2691 2268 conﬁteamur.
2728 2204 2859 2262 Vel:
2893 2204 2953 2260 in
2983 2195 3245 2275 saiculum
3280 2195 3664 2254 misericordia

2096 2306 2218 2377 eius
2249 2314 2352 2371 est,
2384 2303 2514 2374 quia
2556 2303 2625 2358 iis
2659 2301 2751 2371 qui
2781 2314 2843 2355 ea
2885 2296 3035 2369 digni
3080 2303 3230 2358 sunt,
3270 2290 3672 2348 misericordia

2098 2399 2192 2456 Dei
2224 2415 2335 2454 sem
2347 2414 2442 2469 per
2474 2402 2648 2467 patet.

2168 2487 2336 2543 Vens.
2359 2486 2415 2541 2.
2448 2486 2581 2552 Quis
2602 2486 2844 2552 loquetur
2866 2481 3128 2551 potentias
3159 2477 3409 2532 Domini?
3430 2474 3544 2529 Hoc
3565 2484 3669 2533 est.

2102 2579 2341 2633 tuaxima
2394 2592 2459 2633 ac
2504 2576 2892 2646 potentissima
2943 2573 3064 2642 ejus
3106 2568 3398 2632 beneﬁcia,
3440 2581 3565 2637 quae
3615 2564 3675 2619 in

2100 2670 2362 2740 p0pulum
2393 2684 2550 2724 suum
2592 2666 2848 2724 contulit.
2889 2663 3064 2720 Nemo
3099 2663 3303 2733 quippe
3334 2676 3398 2717 ea
3427 2674 3668 2727 unquam

2101 2762 2372 2818 narrabit.
2427 2759 2730 2817 lneﬁ‘abilia
2787 2759 2935 2815 enim
2993 2765 3140 2813 sunt.
3177 2753 3297 2820 Vel,
3347 2752 3676 2822 simpliciter

2103 2856 2377 2924 potentias
2404 2864 2638 2924 expone,
2668 2868 2767 2923 pro
2796 2852 2994 2922 Magna
3016 2850 3132 2920 ejus
3155 2864 3338 2917 opera.
3367 2847 3505 2902 Deus
3530 2845 3672 2900 enim

2103 2958 2302 3010 noster.
2336 2947 2466 3001 alibi
2506 2947 2705 3016 inquit,
2738 2948 2793 3001 in
2826 2946 2977 3005 caelo.
3005 2943 3204 3006 omnia,
3234 2954 3555 3011 quacunque
3585 2954 3678 2992 vw-

2107 3039 2233 3103 luit,
2260 3038 2388 3108 fecit
2413 3038 2480 3092 δτ.
2514 3038 2610 3095 Vel
2642 3037 2919 3108 potentias
2948 3034 3070 3105 r-jus
3101 3033 3336 3095 divinas,
3371 3046 3508 3100 quas
3543 3045 3677 3099 opa-

2020 3146 2066 3211 c
2102 3138 2258 3184 ratus
2287 3139 2393 3194 est,
2426 3143 2549 3184 cum
2575 3137 2894 3183 versaretur
2921 3126 2973 3180 in
3025 3138 3211 3189 carne,
3245 3123 3317 3177 ita
3348 3131 3409 3176 ut
3443 3122 3516 3175 sit
3550 3134 3677 3190 pro—

2103 3223 2287 3294 phetia
2318 3223 2387 3279 de
2421 3220 2684 3292 operibus
2715 3219 2948 3277 Christi.

2173 3316 2396 3370 Auditus
2437 3314 2599 3384 faciet
2636 3329 2814 3369 omnes
2859 3311 3049 3367 laudes
3076 3310 3237 3381 ejus?
3265 3307 3403 3376 Quis
3436 3308 3494 3364 in
3541 3322 3680 3363 una-

2101 3423 2320 3480 quaque
2356 3423 2415 3464 re
2446 3408 2670 3464 meritas
2702 3406 2824 3477 ejus
2854 3403 3051 3473 laudes
3083 3401 3481 3459 annuntiabit?

2179 3589 2346 3645 Vens.
2373 3588 2429 3644 5.
2457 3586 2612 3642 Beati
2649 3584 2739 3657 qui
2770 3584 3077 3639 custodiunt
3109 3582 3397 3652 judicium.
3429 3579 3531 3646 Qui
3563 3593 3683 3634 ser--

2103 3693 2231 3739 vam
2261 3685 2432 3753 legem
2456 3679 2552 3735 Dei
2588 3696 2603 3733 :
2637 3679 2744 3743 vel,
2774 3677 2868 3748 qui
2901 3677 3106 3731 habent
3133 3674 3400 3745 judicium
3439 3674 3505 3726 ad
3534 3679 3683 3726 recte

2099 3775 2485 3848 indicandum,
2516 3786 2625 3828 non
2654 3771 2831 3826 solum
2861 3769 3006 3835 aliis,
3033 3767 3127 3824 sed
3158 3767 3263 3822 sibi
3302 3766 3440 3836 ipsis
3474 3764 3528 3818 in
3562 3763 3680 3834 pri-

2104 3870 2231 3931 mis,
2262 3870 2337 3923 ita
2394 3873 2452 3920 ut
2487 3879 2596 3919 non
2628 3864 2957 3933 permittant
2987 3876 3050 3917 ea
3084 3875 3209 3930 quas
3238 3859 3515 3915 deteriora
3556 3867 3685 3911 sunt

2104 3960 2393 4029 insurgere
2437 3961 2709 4012 aduersus
2740 3953 2977 4024 potiora,
3015 3966 3198 4022 neque
3229 3950 3437 4006 bonum
3477 3946 3687 4002 vincia

2102 4050 2270 4105 mulo.

2179 4140 2249 4194 Et
2279 4140 2485 4211 faciunt
2506 4138 2777 4210 justitiam
2810 4139 2866 4192 in
2900 4135 3046 4190 omni
3082 4144 3312 4205 tempore
3364 4135 3423 4189 In
3456 4133 3681 4204 seipsis,

2106 4240 2164 4285 ut
2190 4231 2328 4295 dixi,
2372 4239 2427 4284 et
2456 4231 2512 4284 in
2544 4228 2690 4284 aliis.

2180 4320 2346 4376 Vens.
2380 4322 2433 4376 4.
2475 4319 2739 4375 Memento
2771 4319 2962 4384 nostri,
3000 4317 3248 4381 Domine,
3269 4317 3325 4371 in
3357 4314 3686 4385 beneplacito

2107 4415 2288 4485 populi
2331 4413 2432 4467 tui.
2473 4410 2789 4467 Praevidens
2830 4409 3029 4464 beatus
3067 4407 3236 4463 David
3286 4405 3689 4461 incarnationis

427 4507 646 4575 νομίαν,
684 4506 780 4560 καὶ
810 4508 902 4560 τὸν
933 4508 1050 4563 νέον
1072 4504 1223 4576 λαὸν,
1275 4513 1510 4567 ἱκετεύει
1554 4517 1998 4585 μνημονευθῆναι

2110 4505 2609 4576 dispensationem,
2638 4514 2694 4559 et
2726 4502 2974 4558 futurum
3005 4516 3210 4555 novum
3239 4500 3530 4570 populum,
3552 4513 3685 4567 sup-

427 4599 553 4651 τότε
583 4600 678 4653 καὶ
711 4601 893 4667 αὐτὸν,
956 4601 1211 4655 εὐδοκίαν
1253 4603 1430 4670 λέγων
1467 4604 1567 4676 τὴν
1617 4605 1855 4676 ἐκλογὴν
1907 4608 2009 4661 τοῦ,

427 4691 674 4743 τοιούτου
704 4690 837 4743 λαοῦ
864 4709 877 4723 ·
909 4693 1219 4762 Μνήσθητι,
1254 4694 1441 4765 φησιν,
1480 4697 1639 4767 ἡμῶν
1669 4700 1749 4761 εἰς
1782 4698 1844 4751 τὸ
1875 4715 2004 4752 συν-

429 4781 591 4845 τάξαι
619 4783 713 4836 καὶ
746 4785 895 4853 ἡμᾶς
916 4784 1142 4855 ἐκείνῳ·
1173 4785 1205 4856 ἢ
1230 4787 1509 4854 εὐδοκίαν,
1540 4790 1672 4860 περὶ
1699 4786 1770 4866 ἧς
1819 4792 2008 4862 ἔλεγον

430 4875 481 4927 οἱ
502 4875 729 4943 ἄγγελοι
756 4891 772 4907 °
838 4876 943 4931 Ἐν
967 4877 1305 4947 ἀνθρώποις
1325 4881 1593 4937 εὐδοκία.

518 5140 879 5208 Ἑπίσκεψαι
904 5139 1064 5209 ἡμᾶς
1094 5140 1164 5194 ἐν
1193 5141 1273 5207 τῷ
1295 5143 1568 5213 σωτηρίῳ
1597 5159 1736 5200 σου.
1771 5144 1845 5200 Τὸ
1880 5149 2013 5202 αὐτὸ

432 5233 585 5302 λέγει
635 5235 804 5288 πάλιν
846 5236 1132 5289 ἐπιτείνων
1168 5235 1271 5307 τὴν
1309 5237 1547 5308 αἰτησιν.
1598 5239 1687 5292 Ἑν
1724 5239 1803 5311 τῷ
1836 5259 2013 5314 σωτη-

437 5328 561 5398 ρίῳ,
595 5328 755 5396 φησι,
790 5326 868 5397 τῷ
894 5328 1053 5398 παρὰ
1074 5327 1169 5382 σοῦ’
1202 5330 1555 5400 γενησομένῳ
1599 5333 1657 5383 ἐν
1687 5332 1763 5401 τῷ
1795 5334 2019 5405 κόσμῳγ

434 5419 778 5492 Emenso-rivi)
800 5419 1213 5492 ὲνανθρώπησις
1235 5439 1248 5452 ·
1281 5413 1477 5490 Αὐτὸς
1495 5425 1625 5497 γὰρ,
1648 5427 1804 5497 φησι,
1822 5426 2010 5482 σώσει

434 5510 545 5564 τὸν
571 5510 728 5566 λαὸν
755 5511 963 5566 αὐτοῦ.

517 5602 627 5656 Τοῦ
671 5602 823 5658 ιδεῖν
871 5603 942 5658 ἐν
989 5603 1064 5674 τῇ
1118 5607 1477 5675 χρηστότητι
1528 5606 1649 5661 τῶν
1711 5608 2014 5668 ἐκλεκτῶν

513 5783 557 5815 *⁷
587 5782 915 5846 ΡειιΙέςνιιι.
946 5787 999 5843 5.
1114 5790 1157 5822 ⁸⁸
1184 5787 1319 5844 Luc.
1358 5807 1415 5847 ll.
1452 5788 1537 5844 li.
1619 5791 1661 5824 ⁸9
1701 5788 1807 5845 lsa.
1855 5809 2019 5847 χχχιιι

2110 4600 2280 4670 plicat
2330 4599 2417 4653 sui
2468 4607 2598 4652 tunc
2655 4595 2975 4652 memoriam
3027 4594 3244 4658 haberi,
3279 4591 3682 4660 beneplacitum

2111 4692 2397 4763 appellans
2430 4689 2756 4760 huiusmodi
2803 4687 2993 4759 populi
3038 4686 3366 4742 electionem
3402 4685 3572 4740 a~Deo
3606 4683 3692 4737 [ει-

2112 4785 2391 4842 ciendam.
2425 4784 2633 4841 Memor
2671 4792 2812 4849 esto,
2842 4781 3044 4852 inquit,
3072 4779 3275 4845 nostri;
3322 4785 3383 4834 ut
3420 4793 3546 4833 cum
3588 4777 3691 4831 eli-

2114 4880 2296 4951 gendo
2328 4878 2424 4933 illo
2451 4893 2482 4932 a
2515 4885 2571 4932 te
2620 4876 2857 4946 populo,
2878 4890 2999 4930 nos~
3020 4873 3188 4929 simul
3236 4872 3561 4942 coniungas.
3594 4866 3693 4922 Vel

2113 4970 2522 5040 beneplacitum
2554 4968 2795 5038 appellat
2842 4971 3046 5023 bonam
3089 4965 3455 5023 voluntatem,
3479 4962 3548 5017 de
3583 4975 3691 5030 qua

2115 5062 2293 5128 angeli
2325 5059 2589 5116 dicebant
2626 5075 2642 5113 :
2673 5055 3166 5113 Hominibusboua
3191 5054 3438 5109 uoluntas
3462 5052 3532 5106 “.

2196 5153 2369 5209 Visila
2393 5169 2484 5208 nos
2523 5152 2838 5208 in~salutari
2877 5159 2995 5205 tuo.
3034 5148 3180 5204 Idem
3233 5160 3428 5201 rursus
3458 5143 3692 5214 repetit.

2114 5245 2431 5315 petitionem
2459 5259 2614 5300 suam
2644 5242 2814 5314 magis
2843 5238 3158 5293 intendens.
3197 5233 3254 5289 In
3291 5233 3526 5291 salutari
3550 5275 3563 5295 ,
3600 5232 3690 5285 in-

2120 5336 2258 5407 quit,
2289 5335 2447 5407 quod
2477 5350 2572 5405 per
2601 5345 2655 5391 te
2680 5334 2737 5388 in
2764 5331 2969 5386 mundo
2998 5328 3259 5384 futurum
3289 5335 3410 5386 est.
3445 5326 3550 5380 hoe
3580 5335 3693 5385 est.

2122 5430 2176 5485 in
2221 5430 2599 5484 incarnatione
2625 5435 2754 5483 tua:
2787 5422 3084 5496 Ipselenim
3110 5420 3291 5489 inquit
3324 5417 3553 5473 salvabit
3601 5432 3695 5484 po-

2122 5522 2308 5590 pulum
2340 5538 2495 5576 suum
2524 5520 2590 5576 ".

2200 5611 2360 5667 Vens.
2395 5615 2450 5667 ii.
2504 5611 2549 5667 Η
2557 5621 2573 5666 ι
2607 5613 2880 5667 videamus
2912 5608 2969 5663 in
3001 5606 3237 5663 bonitate
3269 5602 3551 5659 electorum
3589 5610 3695 5654 tua

2087 5794 2165 5847 ea
