4052 6416
381 332 518 394 1047

1609 350 1997 411 ΕΗΤΗῩΜΙΙ
2029 355 2390 420 ZIGABENI

3490 375 3625 440 1048

380 468 518 506 rum.
563 451 632 508 Ut
664 454 942 511 videamus
974 465 1026 509 ct
1059 472 1158 512 nos
1189 459 1241 512 in
1284 461 1567 521 beneficiis
1612 471 1797 537 populi
1837 471 1913 524 tui

2023 516 2029 529 ι
2058 492 2196 533 σου.
2235 480 2341 533 Τοῦ
2379 481 2504 533 ἰδεῖν
2545 482 2639 535 καί
2671 484 2820 552 ἡμᾶς
2852 488 2908 536 ὲν
2940 490 3001 557 τῇ
3052 489 3343 563 εὐεργεσίᾳ
3368 491 3462 546 τοῦ
3491 493 3626 549 λαοῦ

375 566 437 605 ea
467 551 703 616 scilicet,
732 566 855 621 qua:
883 551 957 606 illi
1011 554 1218 610 vident.
1287 552 1483 610 Verum
1527 561 1591 612 ad
1644 562 1949 631 discipulos

377 658 509 699 suos
531 644 785 701 Christus
811 646 1027 704 dicebat
1058 667 1073 704 :
1110 649 1271 704 Multi
1319 654 1586 721 propheta:
1612 665 1663 709 et
1687 654 1829 724 justi
1857 673 1948 726 op-

376 745 615 791 tarerant
647 737 836 804 videre,
863 755 979 807 qua:
1001 745 1089 795 vos
1128 743 1315 797 uidetis
1342 745 1411 801 '°.

447 826 515 881 Ut
546 830 789 884 laetentur
815 831 867 884 in
895 832 1085 887 latitia
1125 837 1296 905 gentis
1326 845 1449 890 ture.
1468 837 1658 893 Gemis
1675 838 1947 896 Christia-

373 936 568 975 norum
598 923 828 989 scilicet,
856 925 923 980 de
954 941 1062 996 qua
1088 943 1310 983 rursum
1345 930 1571 1000 angelus
1599 932 1733 987 dixit
1763 951 1778 987 :
1811 931 1944 988 Ecce

366 1012 664 1082 evangelise
688 1015 829 1069 vobis
853 1016 1105 1085 gaudium
1143 1035 1391 1090 magnum
1415 1021 1485 1076 ".

442 1194 511 1249 Ut
544 1196 828 1252 laudemur
858 1215 975 1254 cum
998 1200 1308 1257 haereditate
1335 1213 1450 1257 tua.
1489 1203 1592 1259 Per
1618 1205 1731 1261 haec
1754 1206 1937 1261 omnia

366 1288 636 1359 supplicat
665 1295 1107 1350 communionem
1139 1305 1188 1350 et
1222 1295 1706 1366 participationem
1739 1312 1963 1368 quam»

363 1380 488 1435 dam
526 1381 725 1439 habere
750 1384 803 1439 iu
831 1388 979 1441 sorte
1013 1388 1259 1456 atquein
1308 1388 1626 1445 haereditate
1673 1390 1799 1445 novi
1840 1406 1935 1460 po-

363 1471 476 1540 puli
510 1488 526 1527 :
556 1464 710 1542 quasi
744 1481 798 1529 et
830 1475 950 1545 ipSe
981 1476 1173 1533 beatus
1205 1479 1372 1533 David
1415 1479 1522 1547 jam
1579 1482 1766 1536 omnia
1814 1496 1935 1537 cre—

362 1563 536 1628 deret,
566 1579 685 1634 quae
709 1565 777 1621 de
808 1564 1031 1622 ChriSto
1057 1568 1328 1624 credenda
1354 1580 1531 1637 erant,
1569 1578 1620 1627 et
1652 1574 1928 1643 magnitu-

362 1654 488 1708 dine
519 1653 637 1707 tidei
660 1653 772 1724 jam
802 1661 950 1712 esset
971 1657 1224 1729 insignis.

433 1748 593 1805 Vens.
630 1750 684 1805 6.
712 1738 1057 1808 Peccavimus
1081 1766 1200 1807 cum
1230 1756 1475 1823 patribus
1506 1759 1724 1823 nostris,
1755 1759 1929 1829 inique

2056 586 2175 636 σου,
2203 568 2239 623 ἃ
2278 572 2541 626 κάκεῖνοι.
2570 575 2662 628 Διὸ
2695 577 2789 629 καὶ
2815 578 2841 629 ὁ
2869 578 3104 642 Χριστὸς
3134 580 3288 649 ἔλεγε
3335 583 3473 653 πρὸς
3523 586 3625 638 αύ-

2050 663 2177 725 τοὺς
2210 663 2337 727 τοὺς
2370 665 2618 734 μαθητὰς
2662 667 2829 722 αὐτοῦ
2854 688 2869 702 ·
2910 671 2991 724 ὅτι
3044 673 3297 753 Πολλοί.
3320 675 3623 745 προφῆται

2051 755 2147 808 καί
2162 757 2380 811 δίκαιοι
2401 758 2791 829 ἐπεθύμησαν
2806 762 2974 830 ἰδεῖν,
2997 762 3035 817 ἆ
3058 762 3267 821 εἴδετε.

2124 848 2236 901 Τοῦ
2258 848 2669 919 εὐφρανθῆναι
2689 852 2760 904 ἐν
2780 852 2858 921 τῇ
2886 853 3235 925 εὐφροσύνῃ
3266 856 3375 911 τοῦ
3403 858 3623 924 ἔθνους

2046 951 2183 991 σου.
2218 938 2326 991 Τοῦ
2352 939 2465 993 τῶν
2492 942 2536 994 Χ
2547 943 2858 1009 ριστιανῶν.
2891 944 3027 1015 Περὶ
3054 940 3122 1018 ἧς
3168 946 3509 1018 εὐφροσύνης
3540 947 3623 1002 εἰ-

2047 1045 2150 1081 πειι
2197 1032 2360 1085 πάλιν
2405 1033 2434 1086 ό
2478 1034 2735 1103 ἄγγελος,
2811 1038 2893 1091 ὅτι
2966 1036 3123 1093 Ἰδοὺ
3170 1036 3621 1112 εὐαγγελίζομαι

2043 1120 2191 1190 ἡμῖν
2222 1124 2416 1194 χαρὰν
2432 1127 2730 1197 μεγάλην.
3280 1120 3293 1131 ’

2118 1216 2229 1270 Τοῦ
2269 1217 2640 1275 ἐπαινεῖσθαι
2678 1220 2831 1289 μετὰ
2889 1222 2994 1290 τῆς
3042 1225 3443 1295 κληρονομίας
3475 1243 3613 1281 σου,

2041 1307 2141 1363 Διὰ
2170 1310 2280 1363 τῶν
2311 1313 2623 1382 εἰρημένων
2641 1314 2861 1369 πάντων
2888 1315 3122 1370 ἱκετεύει
3153 1318 3441 1372 κοινωνίαν
3470 1317 3615 1390 ἔχειν

2039 1401 2138 1454 καὶ
2189 1401 2352 1455 αὑτὸν
2430 1405 2487 1456 ἐν
2539 1404 2620 1474 τῷ
2678 1406 2867 1477 κλήρῳ
2904 1407 2998 1460 τοῦ
3042 1406 3163 1462 νέου
3205 1408 3357 1477 λαοῦ,
3394 1410 3470 1475 ὡς
3509 1410 3615 1481 ήδη

2038 1492 2429 1550 πιστεύσαντα.

2114 1754 2486 1825 Ἠμάρτομεν
2505 1757 2658 1826 μετὰ
2695 1757 2816 1812 τῶν
2843 1758 3116 1828 πατέρων
3155 1761 3346 1830 ἡμῶν,
3386 1764 3612 1835 ἠνομή-

353 1845 570 1910 egimus,
606 1841 927 1912 injustitiam
960 1846 1206 1914 fecimus.
1244 1846 1475 1918 lntelligi
1502 1860 1732 1918 possunt
1762 1852 1921 1906 verba

2028 1850 2243 1911 σαμεν,
2287 1844 2683 1917 ἠδικήσαμεν.
2710 1848 2974 1918 Νοηθεῖεν
3020 1848 3092 1903 ἂν
3139 1852 3208 1905 τά
3243 1870 3302 1906 τε
3350 1832 3610 1925 ρηθέντα,

355 1933 491 2001 haec,
524 1941 577 1987 et
603 1948 723 2003 qua:
757 1944 1085 2004 sequuntur,
1120 1939 1331 2008 prolata
1368 1953 1491 1994 esse
1510 1940 1679 1995 Veluti
1715 1941 1769 1995 in
1801 1958 1926 2011 per—

353 2039 487 2078 soua
521 2038 709 2082 eorum
742 2029 838 2097 qui
870 2042 935 2082 ex
982 2029 1409 2085 circumcisione
1455 2032 1716 2087 credituri
1766 2042 1926 2089 erant

353 2115 405 2170 in
436 2115 740 2184 Christum,
772 2119 844 2173 ita
874 2127 934 2174 ut
966 2121 1159 2204 licatus
1186 2122 1354 2177 David
1393 2123 1724 2180 revelationc
1746 2126 1921 2180 sancti

350 2206 587 2277 Spiritus
623 2209 806 2265 futura
833 2224 1214 2281 praenoscens,
1244 2214 1483 2282 illorum,
1543 2228 1599 2271 ut
1631 2218 1872 2272 diximus
1906 2260 1921 2285 ,

349 2313 638 2367 personam
674 2300 962 2370 inducens,
998 2305 1331 2361 confiteatur
1361 2317 1608 2377 peccata,
1636 2322 1760 2379 qua;
1794 2317 1924 2364 ante

351 2389 664 2459 liujusmodi
693 2392 852 2449 fidem
895 2396 1309 2452 commiserant.

418 2482 582 2541 Vens.
629 2484 681 2540 7.
714 2484 896 2540 Patres
922 2489 1091 2541 nostri
1130 2490 1186 2542 in
1216 2488 1442 2560 Egypto
1499 2508 1603 2545 non
1652 2491 1923 2547 intellexe-

348 2586 470 2629 runt
502 2574 773 2631 mirabilia
801 2591 911 2632 tua.
935 2578 1056 2633 Non
1078 2581 1470 2636 intellexerunt
1493 2584 1780 2651 miracula,
1799 2600 1922 2655 qua:

345 2668 457 2722 illic
488 2669 628 2723 facta
662 2676 814 2726 sunt.

417 2758 485 2814 Et
516 2777 619 2815 non
650 2761 864 2831 fuerunt
915 2780 1170 2820 memores
1220 2764 1577 2823 multitudinis
1626 2768 1923 2825 misericor-

344 2854 447 2907 dia:
477 2864 601 2907 tum.
633 2852 766 2920 Quae
796 2855 849 2910 in
889 2868 986 2912 eos
1017 2865 1147 2913 tunc
1178 2859 1317 2913 facta
1362 2869 1468 2917 cst.
1519 2860 1638 2916 Non
1706 2863 1918 2919 intelle-

344 2952 542 2999 xerunt
571 2957 754 3000 autem
778 2984 793 3009 ,
825 2957 878 3002 et
914 2964 1185 3006 memores
1212 2966 1321 3007 non
1358 2951 1617 3019 fuerunt,
1674 2954 1778 3009 hoc
1810 2963 1913 3021 est,

342 3036 586 3091 omnium
626 3037 778 3092 obliti
808 3049 959 3094 sunt.
995 3039 1052 3095 Id
1087 3058 1213 3097 vero
1251 3044 1495 3111 accidit,
1544 3046 1767 3116 quando
1820 3062 1922 3118 ap-

2028 1933 2097 1990 τά
2119 1952 2180 1988 τε
2214 1938 2577 2007 προκείμενα,
2615 1940 2707 1995 καὶ
2730 1942 3012 2014 προσώπῳ
3052 1943 3163 1997 τῶν
3206 1947 3270 1998 ὲκ
3305 1948 3612 2016 περιτομῆς

2030 2025 2337 2093 μελλόντων
2382 2029 2676 2084 πιστεύσαι
2710 2035 2791 2095 εἰς
2820 2033 3082 2105 Χριστδν,
3151 2037 3228 2100 ὼς
3256 2037 3365 2091 ἀπὸ
3397 2037 3611 2090 τούτων

2028 2116 2125 2171 τοῦ
2178 2119 2345 2173 Δαὸὶδ
2394 2121 2568 2174 ταῦτα
2601 2122 2979 2194 φθεγγομένου
3021 2126 3166 2181 κατὰ
3206 2127 3305 2198 τὴν
3334 2128 3610 2198 ὑφήγησιν

2027 2206 2124 2260 τοῦ
2178 2209 2334 2272 ἁγίου
2389 2210 2728 2279 Πνεύματος,
2784 2215 2877 2268 καὶ
2918 2216 3017 2278 τὰς
3047 2215 3156 2286 πρὸ
3186 2216 3282 2270 τοῦ
3313 2216 3609 2271 πιστεῦσαι

2025 2298 2193 2352 αὐτοῦ
2219 2302 2498 2372 ἁμαρτίας
2534 2304 3059 2377 ἐξομολογουμένου.

2098 2480 2165 2533 Οἱ
2218 2482 2471 2549 πατέρες
2518 2482 2689 2551 ήμῶν
2732 2485 2806 2539 οὐ
2861 2486 3145 2557 συνῆκαν
3195 2487 3269 2542 τὰ
3299 2488 3606 2558 θαυμάσιιί

2024 2586 2163 2625 σου.
2206 2572 2282 2624 Οὐ
2314 2574 2556 2644 συνῆκαν
2585 2575 2653 2627 τὰ
2684 2576 2802 2630 ἐκεῖ
2824 2579 3355 2651 τερατουργηθέντα.

2097 2756 2221 2808 Οὐκ
2281 2754 2682 2824 ἐμνήσθησαν
2746 2755 2853 2810 τοῦ
2921 2758 3194 2821 πλήθους
3236 2757 3346 2811 τοῦ
3385 2755 3601 2820 ἐλέους

2021 2858 2162 2900 σου.
2192 2845 2299 2900 Τοῦ
2320 2846 2401 2909 εἰς
2430 2844 2629 2909 αὐτοὺς
2658 2846 2951 2915 γενομένου
2982 2846 3129 2899 τότε.
3164 2846 3240 2900 Οὐ
3276 2847 3515 2916 συνῆκαν
3543 2844 3603 2897 δὲ

2023 2935 2121 2989 καὶ
2153 2937 2256 2990 οὐκ
2284 2936 2653 3008 ἐμνήσθησαν,
2687 2937 2986 3004 τουτέστιν,
3017 2937 3343 2993 ἐπελάθοντο
3380 2936 3600 2990 πάντων

2020 3028 2142 3081 τότε
2177 3044 2191 3059 ·
2222 3028 2306 3082 ὅτι
2332 3028 2557 3100 δηλαδὴ,
2595 3028 2996 3099 πλησιάσαντες
3026 3032 3092 3101 τῇ
3128 3028 3369 3100 Ἐρυθρᾷ
3395 3027 3600 3081 θαλάσ-

342 3128 776 3199 propinquantes
813 3132 949 3186 mari
980 3131 1189 3201 Rubro,
1224 3137 1479 3193 viderunt
1510 3151 1633 3209 post
1661 3158 1723 3199 se
1747 3143 1916 3215 Egy-

2023 3138 2114 3195 σῃ,
2147 3118 2288 3175 εἶδον
2313 3121 2442 3185 τοὺς
2466 3121 2800 3190 Αἰγυπτίους
2831 3122 3399 3192 στρατοπεδεύσαντας
3421 3120 3600 3173 ὀπίσω

340 3222 577 3290 ptiorum
607 3225 909 3280 exercitum
946 3244 961 3281 :
998 3227 1145 3282 Tunc
1197 3231 1368 3296 enim,
1399 3233 1598 3304 inquit,
1642 3238 1916 3305 perterriti

2023 3214 2222 3269 αὐτῶν.
2288 3212 2433 3267 Τότε
2461 3214 2590 3284 γὰρ,
2650 3216 2856 3283 φησὶν,
2924 3216 3289 3283 φοϐηθέντες
3335 3212 3595 3282 σφόδρα,

338 3311 511 3379 valde,
567 3312 816 3370 dixerunt
856 3318 925 3371 ad
969 3317 1258 3389 Moysem:
1315 3322 1457 3389 Quia
1519 3328 1764 3394 sepulcra
1807 3346 1915 3384 non

335 3412 487 3455 erant
528 3404 581 3456 iit
634 3404 866 3476 Egypto
892 3445 907 3471 ,
956 3408 1188 3464 eduxiin
1239 3428 1331 3468 nos
1376 3423 1433 3467 ut
1473 3417 1834 3473 occiderentur
1859 3420 1916 3473 in

335 3498 590 3551 deserto?
618 3499 746 3553 item
788 3517 802 3552 :
842 3502 1061 3556 Dimitte
1110 3521 1204 3559 nos
1242 3545 1256 3569 ,
1308 3519 1359 3559 ut
1398 3511 1687 3566 serviamus
1740 3511 1915 3584 Egy-

335 3589 482 3655 ptiis,
518 3592 688 3644 satius
717 3592 856 3645 enim
898 3602 975 3648 est
1011 3595 1087 3647 eis
1125 3599 1321 3651 servire
1344 3637 1360 3663 ,
1402 3616 1563 3669 quam
1606 3604 1663 3656 in
1708 3604 1914 3659 deserto

337 3679 641 3733 occumbere
664 3681 731 3738 ".

409 3856 480 3911 Et
530 3859 974 3917 exacerbaverunt
1026 3865 1366 3923 ascendentes
1416 3872 1471 3924 in
1529 3874 1667 3927 mari
1714 3871 1909 3931 Rubro.

338 3948 661 4020 Hujusmodi
702 3953 870 4009 verba
899 3956 1167 4025 dicentes,
1196 3960 1558 4019 irritaverunt
1578 3979 1727 4032 eum,
1752 3982 1914 4025 secus

338 4058 486 4098 mare
524 4042 774 4100 Rubrum
805 4087 820 4113 ,
870 4048 960 4103 cui
1009 4051 1248 4107 vicinum
1302 4062 1386 4110 est
1433 4055 1761 4117 desertum:
1817 4062 1913 4117 ubi

336 4140 702 4194 castramctati
724 4142 1163 4209 murmurabant,
1184 4146 1265 4200 vel
1290 4147 1649 4205 ascendentes
1672 4152 1737 4206 ad
1762 4168 1913 4210 mare

338 4227 609 4282 Rubrum.
641 4228 1017 4286 Ascendentes
1047 4243 1229 4289 autem
1275 4235 1453 4303 dixit,
1511 4238 1639 4307 quia
1683 4238 1908 4312 Egypti

338 4320 487 4390 regio
516 4320 661 4379 unde
692 4322 1066 4379 ascendebant
1115 4326 1171 4381 in
1204 4325 1549 4384 Palaestinam
1579 4371 1595 4396 ,
1649 4332 1914 4390 humilior

334 4418 439 4466 est.

2018 3303 2193 3363 εἷπον
2209 3307 2357 3376 πρὸς
2387 3306 2653 3377 Μωῦσῆν
2675 3326 2688 3339 ·
2726 3306 2891 3375 Παρὰ
2921 3307 2987 3360 τὸ
3010 3306 3096 3377 μὴ
3118 3306 3413 3377 ὑπάρχειν
3437 3308 3598 3375 μνή-

2013 3418 2174 3471 ματα
2206 3401 2279 3456 ἐν
2295 3402 2592 3471 Αἰγύπτῳ,
2624 3399 2921 3468 ἐξήγαγες
2951 3400 3109 3469 ἡμᾶς
3152 3398 3499 3454 ἀποκτεῖναι
3525 3398 3599 3451 ἐν

2015 3491 2092 3561 τῆ
2123 3488 2322 3561 ἐρήμῳ
2338 3509 2357 3557 ;
2377 3492 2487 3545 Καὶ
2514 3491 2595 3544 ἐτι
2617 3507 2631 3521 ·
2662 3490 2855 3561 Πάρες
2878 3489 3035 3560 ἡμᾶς
3068 3491 3227 3557 ὅπως
3252 3490 3596 3544 δουλεύσω-

2011 3602 2131 3655 μεν
2172 3583 2296 3650 τοῖς
2342 3584 2695 3654 Αἰγυπτίοις
2728 3603 2740 3616 ο
2793 3584 3083 3651 κρεῖσσον
3137 3584 3247 3653 γὰρ
3305 3579 3385 3654 ἦν
3434 3582 3594 3652 ἡμᾶς

2017 3679 2337 3733 δουλεύειν
2386 3676 2510 3742 τοῖς
2548 3676 2893 3742 Αἰγυπτίοις
2951 3677 2990 3743 ἣ
3030 3675 3364 3732 ἀποθανεῖν
3394 3676 3466 3729 ἐν
3520 3673 3594 3743 τῇ

2016 3771 2215 3839 ἐρήμῳ
2243 3770 2453 3837 ταύτῃ.

2089 3864 2199 3919 Kai
2248 3863 2704 3932 παρεπίκραναν
2738 3862 3165 3929 ἀναϐαίνοντες
3205 3864 3276 3918 ἐν
3311 3862 3386 3931 τῇ
3427 3864 3584 3932 Ἔρυ-

2018 3955 2131 4027 θρᾷ
2157 3955 2469 4023 θαλάσσῃ.
2505 3955 2625 4008 Καὶ
2644 3955 2874 4010 τοιαῦτα
2926 3956 3198 4025 λέγοντες,
3229 3953 3594 4027 παρώργισαν

2014 4051 2179 4105 αὑτὸν
2236 4049 2388 4120 παρὰ
2413 4047 2513 4118 τὴν
2555 4046 2825 4120 Ἐρυθρὰν
2871 4048 3146 4103 θάλασσαν
3170 4061 3185 4079 ⁸
3222 4049 3449 4119 πλησίον
3482 4050 3587 4120 γὰρ

2016 4144 2193 4215 αὐτῆς
2222 4145 2256 4214 ἡ
2290 4143 2498 4215 ἕρημος
2524 4158 2537 4174 ·
2570 4143 2706 4196 ὅπου
2758 4142 3322 4213 στρατοπεδεύσαντες
3360 4143 3590 4196 τοιαῦτα

2013 4235 2334 4306 ἐγόγγυζον,
2365 4234 2399 4305 ἥ
2473 4231 2863 4294 ἀναϐαίνοντες
2894 4233 3033 4304 πρὸς
3065 4233 3163 4302 τὴν
3197 4234 3464 4303 Ἐρυθρὰν
3493 4233 3589 4287 θά-

2014 4329 2245 4382 λασσαν.
2292 4324 2709 4387 Ἀνασαίνοντες
2738 4323 2796 4377 δὲ
2822 4320 2966 4389 εἷπε,
2995 4324 3133 4377 διότι
3155 4324 3407 4396 χθαμαλή
3441 4326 3581 4380 iam

2017 4422 2049 4491 ἡ
2081 4421 2378 4497 Αἴγυπτος,
2405 4417 2530 4472 ὅθεν
2555 4417 2860 4472 ἀνέϐαινον.

408 4500 578 4558 Vsus.
628 4502 681 4558 8.
717 4502 786 4557 Et
831 4506 1057 4560 saluauit
1107 4522 1196 4562 eos
1249 4520 1466 4578 propter
1509 4526 1697 4568 nomen
1730 4532 1907 4572 suum.

2087 4512 2196 4567 Καὶ
2223 4511 2461 4565 ἔσωσεν
2507 4507 2732 4574 αὐτοὺς
2780 4507 2992 4561 ἕνεκεν
3019 4508 3127 4563 τοῦ
3162 4508 3453 4577 ὀνόματος
3479 4511 3588 4563 at)-

336 4596 457 4649 Non
493 4595 767 4651 conclusit
806 4611 904 4652 eos
926 4598 983 4652 in
1038 4615 1235 4655 manus
1284 4600 1666 4673 Aﬂgyptiorum
1725 4624 1913 4678 perse-

335 4687 640 4756 quentium,
672 4704 740 4743 ne
765 4689 1242 4760 blaSpliemaretur
1271 4691 1436 4756 Deus.
1469 4699 1626 4767 quasi
1659 4699 1908 4757 inﬁrmus

334 4790 502 4844 esset,
534 4788 632 4834 aut
666 4779 850 4837 fallax.
888 4782 1021 4838 Nam
1055 4785 1163 4839 alio
1196 4787 1289 4856 qui
1322 4789 1400 4843 οἱ)-
1420 4790 1696 4860 propriam
1732 4794 1909 4865 ingra-

336 4873 625 4928 titudincm
654 4873 861 4944 indigni
892 4886 1053 4931 erant
1094 4877 1294 4932 salute.

407 4963 475 5019 Ut
500 4975 682 5020 notam
706 4966 902 5035 faceret
925 4970 1215 5037 potentiam
1249 4986 1424 5027 suam.
1490 4973 1559 5029 Ut
1615 4992 1862 5033 summas
1891 5018 1908 5044 ,

335 5058 532 5128 inquit,
559 5058 702 5115 vires
732 5073 861 5115 suas
884 5101 900 5127 ,
934 5076 1045 5116 non
1090 5060 1337 5119 Hebraeis
1384 5073 1592 5121 tantum
1626 5107 1641 5132 ,
1673 5079 1767 5125 aut
1808 5070 1911 5126 1E-

333 5150 557 5220 gyptiis,
590 5152 686 5208 sed
711 5154 970 5211 omnibus
1000 5156 1163 5211 etiam
1205 5159 1525 5216 nationibus
1567 5173 1730 5218 notas
1786 5163 1910 5219 red-

331 5241 504 5295 deret.

404 5334 569 5391 \'£tts.
596 5336 649 5392 9.
685 5333 750 5391 Et
774 5337 1059 5407 increpavit
1089 5355 1232 5393 mare
1277 5338 1513 5395 Rubrum
1541 5383 1557 5409 ,
1584 5352 1634 5397 et
1665 5358 1906 5397 exsicca-

332 5436 443 5481 tum
488 5437 589 5483 est.
646 5427 842 5483 Statim
893 5441 954 5485 ut
1013 5432 1307 5501 praecepit,
1369 5433 1632 5490 continuo
1670 5436 1723 5489 in
1769 5436 1902 5490 mar'

330 5519 569 5573 medium
606 5521 881 5591 quoddam
914 5522 1017 5575 iter
1045 5526 1282 5580 exaruit.

402 5608 471 5661 Et
491 5609 709 5665 deduxit
731 5628 818 5667 eos
830 5615 885 5667 in
911 5615 1125 5684 abysso,
1140 5626 1389 5685 tanquam
1412 5620 1465 5671 in
1481 5620 1707 5675 deserto.
1731 5619 1900 5687 Quasi

2017 4606 2146 4662 τοῦ.
2217 4605 2293 4659 Οὐ
2343 4601 2688 4659 συνέκλεισεν
2729 4601 2930 4666 αὐτοὺς
2987 4603 3068 4666 εἰς
3113 4601 3215 4665 τὰς
3258 4604 3446 4672 χεῖρας
3475 4601 3592 4655 τῶν

2017 4696 2467 4755 καταδιωκόντων
2493 4694 2831 4764 Αἰγυπτίων,
2877 4693 2966 4747 ἴνα
2993 4694 3070 4764 μὴ
3100 4693 3491 4765 βλασφημηθῇ,
3511 4694 3589 4757 ὡς

2015 4793 2249 4864 ἀσθενὴς
2303 4791 2336 4861 ἢ
2368 4788 2625 4843 ἀπατεὼν
2648 4801 2665 4819 '
2696 4787 2850 4842 αὐτοὶ
2876 4786 2987 4858 γὰρ
3013 4787 3223 4855 ἀνάξιοι
3244 4782 3385 4859 ἦσαν
3415 4804 3592 4859 σωτη-

2015 4888 2159 4959 ρίας,
2187 4884 2262 4949 ὡς
2290 4882 2633 4952 ἀγνώμονες.

2089 4975 2200 5031 Τοῦ
2258 4975 2547 5044 γνωρίσαι
2612 4972 2728 5040 τὴν
2779 4970 3152 5026 δυναστείαν
3200 4971 3409 5026 αὑτοῦ.
3478 4972 3586 5025 Τοῦ

2008 5067 2316 5138 γνωσθῆναι
2383 5065 2445 5118 τὸ
2510 5062 2960 5134 μεγαλοδύναμον
3014 5060 3182 5115 αὐτοῦ
3268 5063 3331 5117 οὐ
3427 5062 3586 5133 μόνον

2021 5159 2294 5230 Ἑϐραίοις
2381 5158 2477 5212 καὶ
2539 5154 2887 5226 Αἰγυπτίοις,
2933 5153 3073 5209 ἀλλὰ
3127 5154 3224 5208 καὶ
3290 5156 3427 5209 πᾶσι
3474 5158 3588 5219 τοῖς

2008 5251 2242 5305 ἔθνεσιν.

2078 5342 2190 5397 Καὶ
2208 5342 2543 5411 ἐπετίμησε
2566 5340 2641 5410 τῇ
2689 5338 2939 5409 Ἐρυθρᾷ
2971 5340 3282 5408 θαλάσσῃ,
3305 5340 3408 5395 καί
3443 5341 3583 5407 ἐξη-

2003 5434 2220 5504 ράνθη.
2275 5433 2578 5501 Ἐπάταξεν
2628 5434 2789 5505 αὐτῇ,
2836 5433 2933 5487 καὶ
2978 5431 3255 5503 ἐξηράνθη
3328 5433 3472 5488 κατὰ
3523 5433 3585 5486 τὸ

2013 5529 2199 5599 μέσον.

2077 5622 2185 5676 Καὶ
2219 5622 2539 5690 ὡδήγησεν
2555 5620 2777 5687 αὐτοὺς
2804 5621 2874 5675 ἐν
2898 5621 3147 5686 aeuum
3173 5620 3251 5687 ὡς
3274 5620 3344 5675 ἐν
3362 5618 3580 5689 ἐρήμῳ.

405 5780 451 5813 ⁸⁸
487 5781 677 5839 Matth.
715 5802 835 5855 ιιιι,
872 5792 958 5847 l7.
1037 5796 1079 5826 "
1112 5795 1243 5852 Luc.
1281 5815 1341 5865 ιι,
1367 5800 1451 5855 10.
1530 5802 1575 5833 ⁵¹
1610 5801 2135 5870 Εχοι1.ιιγ,11,1ἓ.
