4052 6406
355 376 496 442 1049
657 390 686 402 ⁵

1510 397 1816 460 L‘OMMEN
1822 400 1888 458 Τ.
1935 399 2017 459 ΙΝ
2061 403 2420 470 [νδλωιυδ.

3452 425 3471 491 1
3486 428 3593 492 050

353 498 446 562 Ὦς
483 503 540 553 ἐν
586 497 744 575 ξηρᾷ.
794 507 893 559 Ἐν
929 509 1180 577 ἀίθύσσῳ
1207 510 1262 563 δὲ
1291 507 1433 574 εἷπε,
1478 514 1564 566 διὰ
1607 516 1667 568 τὸ
1705 517 1887 570 ὁδεύει

2019 519 2068 573 in
2105 526 2259 579 arido
2300 531 2484 600 aliquo
2517 535 2652 589 solo.
2691 535 2742 588 lu
2775 536 2987 607 abysso,
3029 551 3209 595 autem
3250 542 3408 610 dixit,
3439 551 3586 617 quod

350 595 514 662 μέσον
543 597 640 664 τῆς
671 595 973 666 θαλάσσης.

416 685 527 739 Kal
563 686 802 741 ἔσωσεν
830 689 1052 756 αὐτοὺς
1075 691 1144 746 ἐκ
1185 694 1384 763 χειρὸς
1423 698 1773 766 μισοῦντορ.
1808 701 1912 754 Τοῦ

342 780 568 848 Φαραώ.

409 873 515 924 Kal
542 873 922 941 e‘Jvtpcbo'ato
961 878 1173 944 αὐτοὺς
1202 880 1270 934 ἐκ
1298 881 1496 950 χειρὸς
1525 883 1773 952 ἐχθρῶν.
1795 886 1914 938 Τῶν

340 963 677 1031 Αἰγυπτίων.

424 1054 772 1126 Ἐκὰλυψεν
815 1059 973 1129 ὕδωρ
1010 1061 1153 1130 τοὺς
1191 1064 1508 1133 θλίϐοντας
1535 1068 1782 1134 αὐτοὺς,
1825 1065 1912 1136 εἴς

338 1147 409 1211 ἐξ
437 1150 636 1204 αὐτῶν
660 1153 774 1222 οὺχ
799 1155 1153 1224 ὑπελείφθη.
1184 1157 1366 1230 Ὕδωρ
1392 1159 1454 1214 τὸ
1481 1145 1590 1232 τῆς
1611 1161 1907 1232 θαλάσσης.

408 1242 515 1296 Kal
547 1238 924 1300 ἐπίστευσαν
955 1245 1036 1314 τῷ
1062 1248 1223 1319 λόγῳ
1251 1251 1458 1307 αὐτοῦ.
1501 1252 1632 1318 Ταῖς
1666 1255 1906 1323 ἐπαγγεο

338 1331 480 1397 λίαις
510 1333 696 1389 αὑτοῦ.

409 1427 516 1480 Kal
549 1421 715 1496 ᾖσαν
740 1429 858 1497 τὴν
883 1431 1122 1486 ατνεσιν
1154 1434 1362 1488 αὐτοῦ.
1393 1429 1581 1507 ’ῌσαν
1608 1436 1707 1509 τὴν
1735 1439 1908 1494 ἐπινί-

339 1531 456 1567 κιον
483 1515 652 1586 ᾠδὴν,
691 1519 760 1589 ἢν
781 1518 1162 1592 ὑπηγόρευσεν
1182 1524 1369 1590 αὐτοῖς
1393 1527 1656 1598 Μωῠσῆς.

418 1608 757 1677 Ἐτάχυναν
777 1652 791 1675 ,
847 1614 1212 1672 ἐπελάθοντο
1258 1619 1378 1674 τῶν
1440 1620 1632 1692 ἔργων
1693 1623 1901 1677 αὐτοῦ.

334 1701 556 1771 Ταχέως
595 1704 924 1760 ἐπελάθοντο
969 1710 1133 1764 πάλιν
1166 1709 1275 1764 τῶν
1306 1714 1384 1775 είς
1430 1713 1628 1777 αὐτοὺς
1677 1714 1902 1784 εὐεργε-

2022 635 2114 685 per
2149 623 2382 676 medium
2420 628 2584 681 maris
2613 629 2714 682 iter
2753 630 3011 688 facerent.

2089 716 2358 772 Vit-335.10.
2398 717 2466 772 Et
2497 723 2715 776 saluauit
2741 741 2826 776 eos
2867 727 2931 779 de
2972 745 3129 782 manu
3174 732 3399 789 inimici.
3449 736 3587 790 Pha-

2020 809 2202 862 raonis
2232 809 2462 875 scilicet,
2497 817 2876 882 persequentis
2909 819 3054 873 odio.

2085 903 2156 955 Et
2181 903 2395 956 redimit
2415 920 2499 958 eos
2530 907 2594 957 de
2626 922 2782 960 manu
2813 909 3164 968 inimicorum.
3199 915 3579 987 Egyptiorum

2017 995 2249 1050 scilicet.

2085 1084 2250 1140 Vens.
2285 1088 2371 1142 li.
2407 1087 2475 1142 Et
2503 1093 2702 1160 operuit
2733 1108 2870 1163 aqua
2909 1095 3219 1150 tribuluutes
3265 1117 3351 1154 eos
3377 1141 3392 1167 ,
3443 1119 3578 1158 unus

2012 1194 2077 1232 ea:
2098 1180 2170 1233 eis
2198 1196 2301 1233 non
2325 1185 2595 1239 remansit.
2633 1187 2785 1256 Aqua
2821 1188 2989 1242 maris
3023 1190 3255 1244 scilicet.

2085 1269 2253 1326 Vens.
2288 1273 2374 1327 l2.
2408 1273 2476 1327 Et
2512 1277 3020 1334 credideruntverbo
3049 1283 3180 1351 ejus.
3216 1282 3273 1337 id
3304 1294 3385 1338 cst
3410 1327 3424 1349 ,
3458 1301 3581 1354 prn-

2012 1365 2370 1421 missionibus
2403 1369 2625 1424 divinis.

2082 1455 2175 1520 Et:
2205 1455 2559 1511 laudauerunt
2617 1460 2826 1515 Iaudem
2871 1465 3004 1532 ejus.
3059 1467 3388 1524 (Iecinernnt
3431 1471 3575 1524 enim

2010 1547 2284 1602 canticum
2323 1563 2422 1616 pro
2452 1550 2703 1615 victoria,
2737 1556 2878 1620 quod
2910 1557 3185 1612 mandavit
3212 1559 3316 1614 illis
3339 1558 3570 1630 Moyses.

2085 1637 2244 1695 Vens.
2274 1639 2362 1694 15.
2390 1640 3011 1709 Acceleraverunt,obliti
3042 1659 3164 1702 sunt
3197 1666 3409 1718 operum
3433 1652 3571 1718 ejus.

2008 1729 2131 1785 Cito
2173 1729 2372 1786 iterum
2407 1731 2564 1787 obliti
2597 1745 2724 1787 sunt
2761 1735 3144 1791 beneficiorum
3176 1783 3188 1804 ,
3221 1755 3341 1806 quae
3377 1749 3571 1794 contu-

333 1795 466 1849 σιῶν
491 1812 506 1827 ·
526 1796 638 1862 ὅτε,
670 1800 1030 1866 πεινάσαντες
1056 1805 1149 1857 καὶ
1172 1805 1502 1876 μνησθέντες
1527 1809 1638 1862 τῶν
1661 1809 1887 1880 λεϐήτωι

2008 1822 2145 1879 lerat
2193 1823 2248 1880 in
2289 1839 2383 1880 eos
2417 1827 2578 1882 Deus.
2633 1827 2864 1894 Quando
2914 1830 3124 1885 scilicet
3163 1833 3472 1888 esurientes
3517 1842 3570 1885 et

331 1887 442 1937 τῶν
505 1887 704 1958 κρεῶν.
741 1890 835 1943 καὶ
872 1892 970 1964 τῆς
1014 1893 1337 1966 πλησμονῆς
1380 1899 1490 1952 τῶν
1531 1900 1592 1951 ἐν
1637 1900 1887 1973 Myunta

2006 1917 2427 1974 reminiscentes
2457 1918 2715 1987 lebetum,
2751 1922 3022 1985 carnium,
3060 1933 3111 1977 et
3139 1924 3442 1980 saturitatis
3474 1941 3570 1994 pa-

331 1976 534 2045 ἆρτων,
563 1979 936 2052 διεγόγγυζον.

391 2071 517 2137 Οὐχ
559 2072 896 2141 ὑπέμειναν
933 2079 1050 2146 τὴν
1091 2080 1340 2148 ,βουλὴν
1381 2084 1587 2138 αὐτοῦ.
1624 2084 1737 2136 Οὐκ
1779 2086 1902 2138 ἀνέ-

329 2175 520 2226 μειναν
551 2163 652 2235 τὴν
690 2165 889 2237 βουλὴν
923 2169 1110 2238 αὑτοῦ,
1157 2171 1486 2243 βουλομένου
1535 2177 1900 2247 οἰκονομῆσαι

332 2267 398 2312 ιι.
431 2255 526 2306 καὶ
557 2254 646 2309 διὰ
682 2258 840 2313 τοῦτο
868 2265 1373 2336 παραχωρήσαντος
1400 2269 1655 2324 πεινάσαι
1679 2271 1895 2334 αὐτούς.

393 2431 504 2484 Kal
571 2433 967 2506 ἐπεθύμησαν
1027 2441 1352 2513 ἐπιθυμίαν
1404 2445 1474 2499 ἐν
1537 2446 1610 2516 τῇ
1677 2449 1894 2519 ἐρήμῳ.

331 2523 684 2596 Ἑπιθυμίαν,
709 2528 784 2594 ὡς
816 2532 1054 2604 εἴρηται,
1089 2537 1270 2607 κρεῶν
1303 2540 1398 2593 καὶ
1426 2540 1629 2610 ἄρτων.

386 2707 499 2760 Kal
543 2708 878 2778 ἐπείρασαν
917 2713 1026 2767 τὸν
1072 2717 1220 2770 Θεὸν
1249 2718 1322 2772 ἐν
1355 2719 1612 2790 ἀνύδρῳ.
1648 2723 1895 2794 Ζήτησον

319 2799 376 2886 εν
407 2799 488 2868 τῷ
521 2799 595 2865 οζ¹
628 2803 829 2876 ψαλμῷ
851 2807 930 2871 τὸ,
968 2811 1429 2880 Παρεπίκραναν
1447 2815 1558 2869 τὸν
1593 2817 1894 2886 Ὕψιστον

301 2873 386 2943 ἓν
409 2891 667 2960 ἀνύδρῳ,
715 2873 815 2949 real
854 2873 1255 2971 ἐξεπείρασαν
1292 2908 1402 2960 τὸν
1439 2909 1589 2962 Θεὸν
1638 2873 1708 2964 ἐν
1761 2911 1893 2978 ταῖς

317 2982 586 3049 καρδίαις
607 2987 826 3045 αὐτῶν.

385 3075 496 3128 Καὶ
519 3077 745 3133 ἔδωκεν
771 3085 978 3154 αὐτοῖς
1012 3087 1078 3142 τὸ
1109 3090 1330 3160 αἴτημα
1362 3092 1584 3148 αὐτῶν.
1631 3095 1706 3148 Τὸ
1758 3096 1888 3166 περὶ

315 3167 622 3236 βρωμάτων
653 3188 667 3203 ·
701 3173 786 3226 ἔτι
814 3175 872 3227 δὲ
918 3178 1012 3230 καὶ
1040 3181 1101 3232 τὸ
1131 3181 1259 3251 περὶ
1314 3181 1528 3247 ὕδατος.
1564 3184 1786 3256 Αῐτημα
1821 3185 1878 3239 δὲ
1914 3177 1958 3237 α

314 3259 464 3326 λέγει
487 3264 589 3334 τὴν
619 3266 946 3337 ἐπιθυμίαν·
973 3273 1032 3323 οὐ
1065 3273 1174 3344 γὰρ
1203 3275 1500 3346 ᾐτήσαντο,
1544 3276 1660 3330 ἀλλ’
1689 3279 1884 3332 ἐπεθύ-

313 3370 498 3423 μησαν
530 3358 624 3410 καὶ
666 3361 1000 3430 ἐγόγγυσαν.

391 3536 816 3600 Ἐξαπέστειλε
867 3546 1237 3613 πλησμονην
1270 3549 1358 3613 εις
1390 3547 1499 3615 τὰς
1535 3552 1742 3618 ψυχὰς
1780 3552 1886 3606 αὑ-

435 3668 448 3680 .
477 3629 589 3699 Οὐχ
613 3631 797 3695 eum;
847 3633 1032 3697 αὐτοῖς
1061 3635 1230 3690 ἔδωκε
1264 3640 1434 3710 κρέας
1465 3640 1564 3710 μὲν
1591 3641 1692 3710 τὴν
1725 3643 1885 3713 ὀρτυ-

310 3722 624 3791 γομήτραν,
653 3726 818 3796 ἄρτον
845 3727 902 3780 δὲ
929 3728 988 3781 τὸ
1020 3729 1218 3798 μάννα,
1253 3729 1400 3800 ὕδωρ
1434 3732 1490 3785 δὲ
1517 3731 1581 3785 τὸ
1610 3736 1668 3786 ὲν
1702 3735 1886 3805 μεῤῥᾷ

309 3813 611 3879 γλυκανθὲν
633 3817 730 3869 καὶ
759 3816 821 3870 τὺ
848 3819 910 3872 ἐκ
940 3819 1148 3891 πέτρας
1176 3820 1325 3890 ῥυὲν,
1359 3822 1613 3894 ἀλλ’ἄχρι
1646 3824 1830 3894 κόρου.

379 3994 486 4048 Kal
515 3995 898 4066 παρώργισαν
914 3999 1021 4052 τὸν
1042 3999 1312 4069 Morbo-iiu-
1324 4001 1394 4055 ἐν
1419 4000 1495 4070 τῇ
1511 4007 1881 4074 παρεμϐολῇ.

307 4084 388 4156 Τῇ
430 4086 557 4156 περὶ
587 4089 766 4143 Δαοὰν
804 4091 900 4146 καὶ
944 4091 1206 4160 ’Λὸειρών
1231 4109 1246 4124 ο
1280 4094 1622 4164 ἀντέστησαν
1654 4098 1764 4168 γὰρ
1793 4099 1883 4151 αὑ-

304 4176 406 4248 τῷ,
439 4180 516 4243 ὡς
545 4181 578 4251 ή
609 4181 716 4234 τῶν
758 4181 1034 4252 Ἀριθμῶν
1062 4184 1241 4253 βίϐλος
1273 4185 1500 4256 ἱστορεῖ.

381 4295 500 4349 Τὸν
545 4297 772 4365 Ἀαρὼν
808 4298 915 4351 τὸν
945 4297 1116 4368 ἅγιον
1159 4301 1403 4368 Κυρίου.
1453 4300 1559 4356 Τὸν
1607 4304 1882 4376 καθιερω-

307 4388 471 4456 μένον
499 4389 710 4462 Κυρίῳ.
744 4392 808 4444 Ol
846 4391 976 4463 περὶ
1002 4393 1146 4463 Κορὲ
1171 4393 1416 4459 Λευῖται,
1441 4395 1882 4465 φιλονεικοῦντες

304 4480 631 4551 ἱερατεύειν.

388 4596 667 4668 ’Πνοίχθη
691 4600 728 4669 ὴ
759 4600 855 4670 γῆ,
885 4601 984 4655 καὶ
1016 4602 1257 4658 κατέπιε
1279 4605 1494 4660 Δαθάν.
1526 4609 1734 4662 Ζῶντα.

374 4799 485 4854 Kal
526 4801 841 4870 ἐκάλυψεν
874 4803 970 4856 ἐπὶ
1010 4803 1125 4873 τὴν
1168 4808 1534 4878 συναγωγὴν
1584 4809 1876 4879 Ἀϐειρών.

302 4890 416 4944 Καὶ
460 4892 701 4963 ἐκάλυψε
777 4893 880 4964 τὴ)
937 4896 1261 4966 συναγωγὴν
1313 4899 1595 4970 Ἀϐειρών.
1646 4902 1880 4973 Περιττὴ

299 4983 415 5055 γὰρ
445 4985 478 5053 ἠ
503 4986 782 5055 πρόθεσις.
829 4987 894 5039 Ἥ
925 4988 1025 5057 μὲν
1070 4985 1164 5042 οὖν
1195 4991 1460 5062 εἰρημένη
1511 4993 1693 5062 βίϐλος
1766 4995 1880 5064 ἅμα

303 5081 405 5134 καὶ
436 5082 528 5134 τὸν
560 5081 740 5135 Δαθὰν
771 5084 981 5136 καὶτὸν
1026 5085 1309 5156 ’Λσειρὼν,
1339 5089 1433 5140 καὶ
1475 5087 1574 5158 τὴν
1605 5091 1734 5154 περὶ
1782 5091 1880 5142 αὑ-

298 5175 432 5236 τοὺς
489 5175 836 5244 συναγωγὴν,
904 5176 997 5229 καὶ
1047 5178 1118 5230 τὰ
1174 5180 1346 5249 κτήνη
1398 5181 1601 5246 αὐτῶν,
1639 5183 1732 5234 καὶ
1782 5183 1878 5244 τὰς

298 5265 512 5334 σκηνὰς
535 5265 738 5327 αὐτῶν,
776 5267 870 5319 καὶ
901 5269 1078 5322 πάντα
1099 5270 1198 5323 ὅσα
1228 5266 1295 5340 ἦν
1335 5272 1540 5336 αὐτοῖς,
1575 5274 1711 5341 φησὶ
1747 5290 1878 5340 συγ-

298 5357 678 5426 καταποθῆναι
706 5372 719 5387 ·
749 5356 915 5413 Δαῦὶδ
954 5361 1008 5413 δὲ
1053 5361 1250 5414 διεῖλεν
1283 5363 1500 5426 αὐτοὺς,
1533 5362 1713 5428 αὔξων
1778 5364 1877 5435 τὴν

300 5450 592 5518 συμφορὰν
619 5449 820 5503 αὐτῶν.

374 5563 485 5616 Kal
528 5564 826 5631 ἐξεκαύθη
872 5566 993 5635 πῦρ
1043 5567 1144 5621 ἐπὶ
1189 5568 1263 5637 τῇ
1293 5571 1624 5640 συναγωγῇ
1659 5572 1878 5629 αὐτῶν.

302 5655 428 5708 Τῶν
480 5657 608 5725 περὶ
663 5660 848 5727 Κορέ·
886 5661 998 5732 πῦρ
1030 5664 1136 5733 γὰρ
1181 5661 1413 5728 ἐξελθὼν
1467 5665 1617 5735 παρὰ
1671 5667 1878 5735 κυρίου

307 5751 626 5802 κατέκαυσε
678 5755 805 5814 τοὺς
837 5754 1148 5817 διακοσίους
1179 5759 1275 5811 καὶ
1304 5759 1640 5829 πεντήκοντα
1679 5761 1878 5832 ἄνδρας

303 5843 430 5908 τοὺς
465 5843 876 5914 προσφέροντας
901 5849 958 5900 τὸ
990 5847 1259 5918 θυμίαμα.

2005 2025 2157 2077 num,
2191 2025 2327 2081 quos
2358 2012 2412 2067 in
2438 2010 2673 2083 Egypto
2700 2014 3024 2080 habuerant,
3059 2027 3494 2070 murnmrarunt.

2079 2102 2202 2156 Non
2234 2104 2599 2158 sustinuerunt
2627 2107 2904 2160 consilium
2947 2107 3082 2176 ejus.
3118 2105 3236 2160 Non
3286 2116 3568 2177 exspecta-

2004 2201 2133 2246 runt
2167 2191 2373 2246 exitum
2410 2193 2577 2247 divini
2611 2195 2849 2258 consilii,
2881 2211 2990 2266 quo
3019 2195 3154 2249 mira
3204 2197 3567 2264 providentia,

2002 2279 2074 2334 ob
2110 2295 2296 2335 eorum
2330 2281 2562 2339 salutem
2597 2283 2860 2338 auxilium
2894 2299 2921 2337 a
2953 2285 3061 2338 Deo
3093 2286 3269 2340 serius
3319 2286 3570 2342 demitte-

2001 2373 2185 2440 batur,
2218 2381 2273 2429 et
2300 2376 2510 2430 esurire
2547 2377 3021 2446 permittebantur.

2071 2463 2232 2522 Vens.
2298 2467 2385 2521 M.
2410 2465 2477 2520 Et
2498 2469 2870 2537 concupierunt
2892 2470 3367 2537 concupiscentiam
3395 2473 3449 2525 in
3475 2470 3567 2523 de-

1999 2565 2156 2612 serto.
2187 2557 2699 2628 Concupiscentiam
2731 2561 2992 2620 carnium
3037 2571 3090 2617 et
3123 2577 3348 2632 panum,
3396 2573 3456 2618 ut
3482 2564 3566 2618 di-

2001 2657 2147 2705 ctum
2182 2658 2289 2706 est.

2069 2743 2136 2794 Et
2170 2750 2498 2796 tentaverunt
2529 2741 2697 2796 Deum
2724 2745 2778 2796 in
2808 2745 3081 2812 inaquoso.
3117 2742 3252 2797 Vide
3284 2745 3336 2798 in
3357 2743 3567 2814 psalmo

1999 2847 2203 2900 Lxxvn,
2239 2833 2314 2888 ibi
2349 2850 2362 2887 :
2394 2833 2855 2888 Exacerbaverunt
2895 2833 2950 2887 in
2989 2835 3242 2904 inaquoso
3265 2879 3280 2903 ,
3314 2845 3364 2889 et
3390 2845 3562 2890 tenta-

1998 2933 2182 2978 vcruut
2207 2923 2374 2979 Deum
2405 2927 2457 2978 in
2485 2925 2732 2980 cordibus
2772 2927 2905 2979 suis.

2037 3101 2233 3156 "Vens.
2266 3101 2355 3156 15.
2388 3100 2453 3154 Et
2489 3103 2632 3156 dedit
2658 3101 2762 3154 illis
2784 3102 3083 3167 petitionem
3114 3102 3366 3170 ipsorum.
3400 3101 3564 3158 Cibus

1991 3195 2212 3265 quippe,
2243 3201 2299 3250 et
2328 3209 2522 3264 aquam
2561 3195 2866 3264 largissime
2896 3194 3145 3263 praebuit.
3191 3193 3295 3248 Per
3340 3195 3559 3262 petitio-

1992 3303 2115 3344 nem
2148 3302 2281 3344 vero
2313 3329 2328 3353 ,
2372 3288 2706 3343 desiderium
2762 3287 2850 3340 hic
2909 3286 3172 3355 iritvllige.
3221 3285 3367 3339 Nihil
3415 3287 3560 3339 enim

1993 3389 2180 3452 aperte
2211 3381 2517 3452 petierunt,
2553 3380 2645 3434 sed
2700 3392 2888 3432 secum
2949 3377 3098 3431 taciti
3157 3382 3562 3432 murmurantes

1991 3488 2054 3530 ea
2089 3473 2586 3542 concupiscebam.

2063 3565 2209 3620 Misit
2229 3565 2565 3620 saturitatem
2585 3566 2641 3618 in
2665 3565 2873 3618 animas
2899 3579 3100 3618 eorum.
3155 3564 3270 3616 Non
3325 3564 3564 3618 tenuiter

1989 3671 2084 3712 eos
2115 3657 2250 3712 aluit
2279 3697 2292 3721 ,
2323 3657 2418 3712 sed
2449 3657 2520 3711 ad
2570 3658 2872 3711 satietatem
2917 3656 3235 3709 alimentum
3263 3656 3513 3710 exhibuit
3543 3697 3558 3720 ,

1992 3764 2090 3820 pro
2121 3748 2383 3804 carnibus
2411 3748 2630 3819 quidem
2664 3747 2981 3802 coturnices
3014 3789 3027 3811 ,
3077 3757 3129 3801 et
3182 3763 3280 3816 pro
3328 3749 3564 3818 panibus

1991 3853 2188 3894 manna
2223 3857 2237 3893 :
2272 3853 2468 3910 aquam
2497 3847 2779 3908 praetcrea,
2813 3846 2926 3890 tum
2963 3855 3080 3889 eum
3115 3853 3234 3904 qua:
3265 3854 3329 3892 ex
3367 3854 3556 3892 amara

1989 3931 2168 3986 dulcis
2199 3930 2389 3985 eﬂ'ecta
2426 3935 2533 3995 est,
2569 3937 2681 3982 tum
2713 3943 2832 3982 eam
2864 3944 2986 3996 qua:
3020 3943 3084 3980 ex
3115 3936 3266 3996 petra
3311 3927 3559 3982 deﬂuxit.

2062 4020 2228 4075 Vens.
2262 4019 2350 4073 l6.
2388 4017 2457 4071 Et
2478 4019 2822 4072 irritaverant
2856 4015 3093 4084 Moysen:
3122 4015 3174 4069 in
3213 4017 3424 4070 castris.
3461 4015 3561 4070 Da-

1986 4109 2118 4164 than
2164 4107 2421 4162 nimirum
2473 4115 2526 4162 et
2555 4089 2780 4170 Abiron,
2817 4105 2912 4172 qui
2948 4104 3272 4160 restiterunt
3299 4105 3373 4171 ei,
3403 4107 3546 4162 utin

1987 4198 2127 4253 libro
2164 4195 2531 4252 Numerorum
2566 4195 2824 4249 traditur.

2055 4312 2238 4367 Aaron
2297 4318 2538 4364 sanctum
2562 4307 2798 4362 Domini.
2843 4304 3249 4362 Sanctiﬁcatum
3284 4317 3342 4364 et
3397 4309 3555 4364 dedi-

1984 4415 2166 4461 catum
2201 4403 2334 4458 Deo.
2370 4401 2730 4456 lrritavcruut
2763 4406 2948 4453 autem
2981 4412 3104 4453 eum
3129 4395 3270 4454 Core
3296 4438 3310 4464 ,
3361 4414 3414 4456 et
3462 4400 3553 4454 alii

1910 4515 1954 4570 ι)
1985 4499 2288 4553 ambientes
2323 4495 2474 4567 fungi
2501 4495 2838 4550 sacerdotio.

2055 4606 2221 4663 Vens.
2259 4607 2344 4661 ΓΙ.
2395 4610 2586 4678 Aperta
2613 4619 2689 4662 est
2723 4618 2885 4674 terra,
2918 4618 2968 4664 et
3005 4607 3280 4678 deglutivit
3321 4604 3556 4658 Dai'tan.

1985 4702 2122 4756 Eum
2149 4701 2349 4770 quippe
2373 4699 2554 4754 vivum
2585 4701 2890 4755 absorbuit.

2056 4817 2126 4871 Et
2150 4818 2355 4887 operuit
2382 4832 2538 4883 super
2555 4817 3009 4886 congregationem
3039 4816 3260 4868 Abiron.
3312 4811 3377 4867 Et
3426 4826 3559 4882 ope-

1985 4912 2096 4964 ruit
2124 4909 2602 4979 congregationcm
2637 4909 2810 4977 ipsius
2845 4908 3075 4971 Abiron,
3101 4905 3377 4976 superﬂua
3403 4903 3552 4958 enim

1983 5009 2068 5055 est
2100 4998 2414 5070 praepositio
2442 5013 2617 5065 super.
2675 4995 2730 5050 In
2771 4997 3134 5051 Numerorum
3187 5003 3366 5048 autem
3411 4992 3558 5045 libro

1985 5092 2165 5161 ipsum
2203 5089 2437 5154 Dathan,
2478 5090 2682 5158 pariter
2710 5099 2764 5143 ct
2807 5089 3012 5142 Abiron
3045 5085 3560 5156 congregationem-

1981 5199 2090 5254 que
2119 5190 2174 5236 et
2202 5182 2449 5250 jumenta
2480 5195 2671 5234 eorum
2705 5188 2760 5235 et
2782 5178 3158 5242 tabernacula,
3182 5190 3234 5231 ct
3255 5175 3438 5232 omnia
3458 5176 3553 5229 de-

1983 5275 2150 5345 nique
2188 5287 2378 5329 eorum
2421 5273 2558 5326 bona
2593 5286 2701 5325 una
2746 5271 3002 5339 absorpta
3058 5269 3227 5324 fuisse
3287 5267 3554 5335 scriptum

1983 5375 2067 5421 est
2098 5382 2114 5422 :
2145 5381 2264 5435 qua:
2312 5364 2506 5419 beatus
2535 5362 2706 5417 David
2763 5361 3103 5431 disiunxisse
3159 5361 3401 5416 arbitror
3425 5401 3440 5426 ,
3497 5371 3557 5414 ut

1982 5472 2171 5512 eorum
2205 5455 2569 5510 calamitatem
2604 5453 2777 5522 magis
2812 5453 3193 5522 amplificaret.

2056 5570 2221 5626 Vens.
2259 5570 2342 5623 18.
2382 5569 2446 5622 Iit
2471 5570 2666 5623 exarsit
2692 5568 2826 5638 ignis
2849 5569 2900 5620 in
2927 5556 3328 5637 congregatione
3349 5579 3548 5618 eorum.

1985 5665 2039 5720 In
2068 5664 2493 5734 congregatione
2529 5662 2668 5716 Core
2700 5663 2913 5717 scilicet
2949 5671 3003 5715 ct
3034 5659 3386 5728 cmuplicum.
3411 5657 3554 5729 Ignis

1983 5759 2125 5812 enim
2161 5771 2413 5825 egressus
2443 5771 2470 5806 a
2506 5755 2755 5820 Domino,
2792 5752 3028 5808 inrcudit
3068 5768 3161 5806 CCL
3222 5751 3370 5804 viros
3398 5789 3411 5816 ,
3461 5752 3552 5820 qui

1976 5846 2284 5908 Bﬂcrcbaut
2331 5849 2631 5900 iiiceusum.
2778 5902 2811 5929 ⁸
