4052 6416
473 378 608 446 1051

1677 386 2068 450 EUTHYMII
2107 384 2500 450 ZIGABENI.

3603 379 3743 445 1052

547 496 795 551 Flamma
825 496 1108 552 combussit
1137 508 1456 566 peccatores.
1497 498 1770 570 Superius
1812 516 2052 557 comme«

2231 502 2395 568 Φλὸξ
2423 502 2793 572 κατέφλεξεν
2821 500 3230 570 ἁμαρτωλούς.
3257 496 3396 561 Τοὺς
3453 495 3739 567 ῥηθέντας,

477 601 718 644 moratos
751 606 765 642 :
796 596 959 655 atque
990 590 1113 656 hoc,
1143 590 1271 659 quia
1302 589 1527 662 indigne
1550 594 1923 648 sacerdotium
1958 610 2051 650 ar-

478 682 655 752 ripere
688 682 1051 736 conabantur.

552 773 714 827 Vens.
757 773 844 828 l9.
877 771 941 825 Et
964 772 1198 841 fecerunt
1230 773 1451 828 vitulum
1481 775 1537 829 t'n
1573 774 1799 831 Cltoreb.
1845 775 1916 831 Ut
1946 786 2058 831 tra-

473 866 620 920 ditur
664 865 720 919 in
766 864 984 919 Exodo.
1016 864 1276 920 Ordinem
1310 875 1492 919 autem
1518 867 1760 921 ltistOriae
1781 866 2053 939 Propheta

475 956 684 1010 nullum
721 957 990 1016 servavit,
1025 956 1120 1011 sed
1164 958 1347 1011 omnia
1409 958 1620 1026 antiqui
1679 957 1823 1012 illius
1872 959 2053 1027 populi

475 1047 682 1103 scelera
719 1057 885 1116 atque
944 1048 1275 1117 impietates,
1312 1057 1370 1103 ut
1406 1064 1528 1104 sese
1559 1047 1885 1113 offerebant,
1923 1063 2055 1104 nare

480 1141 640 1193 tavit.

546 1229 616 1283 Et
639 1233 994 1290 adoraverunt
1023 1234 1288 1304 sculptile.
1321 1233 1505 1305 Ipsum
1547 1235 1753 1291 scilicet
1798 1244 2056 1289 “unum.

549 1409 714 1468 Vens.
731 1412 822 1467 20.
843 1413 911 1467 Et
926 1430 1035 1467 com
1045 1422 1379 1467 mutaverunt
1393 1414 1621 1482 gloriam
1638 1412 1752 1483 ejus
1791 1413 1846 1467 in
1859 1414 2057 1468 simili-

477 1504 715 1559 tudinem
736 1505 887 1559 vituli
907 1506 1224 1560 comedentis
1238 1509 1437 1577 fenum.
1455 1507 1945 1562 Commutaverunt
1963 1506 2060 1561 bo-

477 1614 664 1654 norem
684 1599 773 1655 Dei
797 1601 849 1654 in
867 1601 1027 1655 simili
1040 1601 1278 1655 tudinem
1294 1601 1477 1666 vituli,
1492 1602 1596 1657 hoc
1609 1609 1717 1667 est,
1742 1616 1796 1655 tn
1823 1601 2058 1656 simula-

473 1705 625 1745 crum
641 1693 868 1761 atquein
892 1694 1093 1748 idolum
1109 1693 1281 1750 vituli.
1296 1695 1516 1751 Addidit
1532 1705 1710 1753 autem
1727 1694 2058 1752 Comedentis

477 1783 647 1853 fenum
712 1786 828 1858 (seu
864 1786 1102 1854 herbam,
1138 1795 1197 1841 ut
1231 1786 1416 1843 Graeca
1448 1788 1617 1844 dictio
1649 1789 1845 1859 χόρτος
1870 1790 2057 1844 verius

470 1877 742 1945 signiﬁcat
770 1878 811 1948 ),
845 1894 1086 1950 carpens
1120 1877 1437 1934 Iudaeorum
1468 1879 1767 1935 amentiam
1790 1918 1806 1945 ,
1842 1881 1932 1950 qui
1982 1881 2057 1934 ir-

469 1970 763 2025 rationalia
816 1973 1063 2030 eolerent
1111 1973 1456 2039 animantia,
1499 1987 1623 2028 cum
1677 1972 1783 2043 ipsi
1843 1973 2057 2030 ratione

468 2061 683 2130 praediti
720 2063 1065 2121 viderentur.
1098 2064 1357 2132 Quadam
1394 2079 1525 2120 vero
1557 2065 1894 2135 exemplaria
1950 2065 2056 2120 ha-

468 2151 601 2208 bent
628 2172 642 2210 :
680 2156 920 2211 Gloriam
950 2175 1127 2223 suam,
1154 2159 1225 2213 ita
1263 2168 1322 2213 ut
1351 2156 1523 2227 gloria
1554 2170 1746 2211 eorum
1783 2155 2059 2226 intelliga-

474 2246 568 2295 tur
596 2243 737 2301 Deus
762 2261 905 2314 esse,
932 2246 1023 2317 qui
1073 2262 1169 2316 per
1224 2245 1489 2302 beneﬁcia
1537 2244 1795 2314 superius
1841 2259 2057 2299 connu-

2161 595 2236 660 ὡς
2258 595 2495 663 ἀναξίως
2518 594 2788 667 ἁρπάζειν
2809 596 2908 667 τὴν
2933 592 3236 665 ἱερωσύνην
3265 588 3741 661 ἐπιχειροῦντας.

2233 769 2340 823 Kal
2374 770 2679 837 ἐποίησαν
2704 772 2947 840 μόσχον
2976 771 3049 825 ἐν
3078 771 3305 839 Χωρήὸ.
3349 772 3435 836 Ὣς
3467 774 3502 844 ἠ
3556 772 3742 842 βῶλος

2160 859 2262 929 τῆς
2312 860 2534 925 Ἐξόδου
2560 862 2914 932 παρίστησιν.
2944 864 3020 916 Οὐ
3051 866 3320 934 κέχρηται
3348 864 3405 917 δὲ
3432 864 3585 929 τάξει
3613 866 3744 934 περὶ

2131 1026 2135 1037 1
2161 950 2263 1019 τὴν
2288 950 2564 1021 ἱστορίαν·
2623 951 2741 1004 ἀλλ’
2769 950 2847 1015 ὠς
2878 952 3063 1024 ἔτυχε,
3098 955 3391 1024 καταλέγει
3424 955 3524 1019 τὰς
3560 957 3741 1027 ἁμαρ-

2159 1043 2283 1105 τίας
2315 1045 2408 1096 καὶ
2438 1043 2697 1108 ἀσεϐείας
2726 1045 2936 1100 αὐτῶν.

2233 1224 2345 1278 Kal
2376 1224 2857 1295 προσεκύνησαν
2884 1224 2967 1292 τῷ
2996 1226 3263 1296 τλυπτῷ.
3302 1228 3395 1300 Τῷ
3440 1230 3744 1302 μόσχῳδη-

2161 1316 2361 1373 λονότι.

2231 1409 2345 1463 Καὶ
2369 1409 2723 1478 ἠλλάξαντο
2748 1409 2863 1481 τὴν
2890 1412 3082 1478 δόξαν
3103 1414 3295 1469 αὑτοῦ
3320 1413 3392 1468 ἐν
3424 1414 3744 1485 ὁμοιώματι

2156 1504 2399 1572 μόσχου
2454 1502 2767 1571 ἐσθίοντος
2816 1507 3057 1575 χόρτον.
3101 1508 3210 1560 Καὶ
3256 1508 3597 1578 μετέστησαν
3642 1511 3745 1580 τὴν

2162 1596 2333 1665 τιμὴν
2379 1594 2474 1649 τοῦ
2510 1596 2650 1651 Θεοῦ
2689 1599 2751 1651 ὲν
2787 1598 3107 1669 ὁμοιώματι
3147 1602 3374 1670 μόσχου,
3409 1602 3489 1664 el;
3519 1599 3743 1655 εἴδωλον

2163 1686 2393 1757 μόσχου.
2430 1687 2504 1741 Τὸ
2529 1687 2585 1742 δὲ
2617 1688 2934 1753 ἐσθίοντος
2988 1692 3211 1759 χόρτον
3252 1692 3589 1762 προσέθηκε,
3625 1692 3745 1745 δια-

2163 1777 2344 1851 σύρων
2373 1778 2614 1849 μὰλιστα
2637 1781 2735 1852 τὴν
2763 1782 2952 1835 ἄνοιαν
2973 1782 3152 1836 αὐτῶν
3175 1800 3189 1815 ο
3214 1784 3300 1836 ὅτι
3327 1782 3539 1851 λογικοὶ
3560 1785 3740 1849 ὄντες,

2161 1871 2326 1937 ξόανα
2372 1872 2588 1942 ἀλόγων
2634 1872 2912 1940 ἐδόξαζον.
2978 1875 3111 1930 Τινὰ
3147 1875 3206 1929 δὲ
3239 1875 3349 1930 τῶν
3387 1878 3744 1947 ἀντιγράφων

2159 1967 2276 2034 τὴν
2292 1967 2484 2032 δόξαν
2517 1967 2718 2023 αὐτῶν
2745 1968 3071 2039 γράφουσιν,
3099 1968 3175 2032 ὡς
3193 1968 3431 2023 νοεῖσθαι
3460 1968 3619 2035 δόξαν
3647 1968 3748 2020 αὔ-

2158 2059 2270 2113 τῶν
2320 2059 2413 2114 τὸν
2456 2060 2609 2125 Θεὸν,
2688 2061 2781 2114 τὸν
2846 2061 3149 2125 δοξάσαντα
3232 2063 3432 2125 αὐτοὺς
3487 2064 3576 2115 διὰ
3629 2062 3745 2114 τῶν

2161 2152 2585 2222 προειρημένων
2635 2153 2993 2226 εὐεργεσιῶν.
3062 2153 3395 2221 Ἦλλάξαντο
3431 2149 3547 2220 οὖν,
3580 2154 3751 2224 φησι,

2162 2243 2255 2299 τὸν
2286 2244 2421 2299 Θεὸν
2446 2246 2530 2310 εἰς
2561 2244 2817 2315 ὁμοίωμα
2850 2246 3076 2317 μόσχου.

473 2345 724 2406 metata,
777 2353 872 2395 eos
918 2339 1358 2410 gloriﬁcaverat;
1414 2344 1473 2393 ut
1500 2335 1573 2392 sit
1610 2351 1811 2393 sensus
1846 2377 1862 2403 ,
1901 2337 2051 2408 quod
2094 2352 2287 2394 verum
2339 2334 2510 2392 Deum
2561 2337 2920 2404 deserentes,
2955 2340 3078 2394 loco
3140 2339 3260 2410 ejus
3327 2350 3753 2411 assumpscrauc

464 2428 623 2484 vituli
654 2430 1043 2487 simulacrum.

542 2524 706 2581 Vsus.
740 2527 933 2583 21-23.
970 2527 1135 2583 Obliti
1163 2538 1284 2584 sunt
1330 2527 1449 2596 Dei,
1475 2531 1566 2600 qui
1586 2528 1809 2584 saluauit
1828 2544 1937 2592 eos,
1960 2527 2053 2597 qui

468 2616 592 2685 fecit
625 2620 908 2690 magniﬁca
940 2638 996 2673 tn
1028 2620 1284 2691 Egypto,
1307 2621 1575 2675 mirabilia
1606 2622 1660 2674 in
1694 2629 1837 2674 terra
1860 2619 2051 2684 Cham,

472 2710 736 2765 terribilia
769 2713 822 2765 in
851 2718 993 2766 mari
1021 2711 1232 2779 Rubro,
1270 2721 1319 2767 et
1354 2713 1494 2767 dixit
1516 2752 1531 2780 ,
1579 2721 1637 2767 ut
1670 2713 2054 2768 exterminant

467 2819 579 2857 eos.
619 2802 761 2857 Dixit
793 2805 939 2858 enim
971 2803 1113 2860 Deus
1147 2804 1215 2859 ad
1249 2803 1491 2877 Moysen]
1530 2823 1545 2862 :
1581 2804 1799 2861 Dimitte
1837 2822 1917 2861 me
1939 2843 1957 2872 ,
2000 2814 2052 2862 et

468 2895 776 2968 indignatus
810 2906 1081 2952 conteram
1106 2914 1193 2954 eos
1219 2898 1288 2952 ⁸³.

542 3166 664 3225 Nisi
700 3167 910 3243 Moyses
939 3170 1132 3228 electus
1162 3173 1277 3245 ejus
1320 3173 1552 3230 stetisset
1587 3173 1644 3230 in
1686 3170 2051 3244 confractione

2249 2523 2653 2580 Ἐπελὰθοντο
2677 2524 2786 2580 τοῦ
2818 2525 2967 2580 Θεοῦ
2983 2567 2995 2589 ,
3036 2524 3143 2579 τοῦ
3170 2523 3469 2593 σώζοντος
3492 2528 3755 2593 altealte,

2161 2616 2269 2671 τοῦ
2316 2616 2694 2683 ποιήσαντος
2729 2616 2801 2670 ἐν
2828 2618 3105 2687 Αἰγύπτῳ
3147 2616 3404 2688 μεγάλα,
3435 2618 3757 2688 θαυμάσια

2160 2709 2230 2762 ἐν
2257 2706 2334 2778 γῇ
2357 2708 2506 2777 Χὰμ,
2547 2708 2769 2779 φοϐερὰ
2801 2709 2898 2763 ἐπὶ
2928 2709 3250 2776 θαλάσσης
3291 2710 3601 2780 Ἐρυθρᾶς.
3636 2714 3745 2766 καὶ

2160 2793 2313 2865 εἷπε,
2344 2798 2453 2852 τοῦ
2477 2798 2915 2867 ἐξολοθρεῧσαι
2948 2801 3192 2866 αὐτούς.
3229 2797 3395 2855 Εἶπεν
3422 2804 3450 2855 ὀ
3482 2802 3615 2866 Θεὸς
3642 2803 3748 2874 δη-

2158 2889 2337 2943 λονότι
2398 2888 2533 2961 περὶ
2584 2889 2680 2943 τοῦ
2738 2891 3119 2963 ἐξολοθρεῦσαι
3164 2893 3379 2957 αὐτούς.
3439 2888 3605 2948 Εἶπεν
3631 2897 3748 2966 γὰρ

2157 2981 2297 3053 πρὸς
2326 2981 2605 3051 Μωῦσῆνσ
2644 2983 2877 3036 Ἔασόν
2891 3000 2990 3051 με.
3023 2983 3122 3037 καὶ
3153 2985 3445 3055 θυμωθεὶς
3477 2984 3623 3055 ὀργῇ
3653 2991 3744 3053 εις

2155 3071 2399 3139 αὐτοὺς.
2427 3072 2689 3141 ἐκτρίψω
2719 3076 2963 3141 αὐτούς.

2228 3166 2299 3221 El
2323 3163 2411 3236 μὴ
2452 3164 2705 3235 Maiam};
2741 3168 2775 3221 ὀ
2801 3165 3087 3234 ἐκλεκτὸς
3115 3167 3305 3222 αὑτοῦ
3350 3183 3500 3236 cum
3541 3183 3613 3222 εν
3662 3186 3739 3240 τῃ

467 3261 523 3315 iu
556 3272 836 3332 conspectu
856 3262 992 3333 ejus,
1030 3275 1089 3319 ut
1124 3275 1382 3320 averteret
1404 3267 1541 3320 iram
1572 3267 1712 3336 ejus,
1758 3282 1823 3320 ne
1877 3275 2052 3320 exter-

2161 3260 2405 3327 θραύσει
2432 3258 2693 3314 ἐνώπιον
2718 3260 2928 3324 αὐτοῦ,
2961 3260 3068 3315 τοῦ
3091 3261 3473 3331 ἀποστρέψαι
3500 3263 3613 3317 τὸν
3630 3268 3742 3318 0v-

467 3356 697 3410 minaret
734 3373 840 3411 eos.
891 3356 1125 3423 Quando
1150 3359 1362 3414 scilicet
1386 3360 1707 3430 placaturus
1760 3359 2048 3415 Dominum

2161 3351 2272 3418 μὸν
2317 3350 2530 3416 αὑτοῦ,
2572 3350 2680 3405 τοῦ
2718 3350 2806 3421 μὴ
2846 3352 3275 3420 ἐξολοθρεῦσαι
3318 3354 3559 3419 αὐτούς.
3607 3354 3749 3408 Ὅτε

467 3448 683 3504 dicebat
711 3468 723 3504 :
759 3449 977 3516 Precor,
1007 3452 1249 3517 Domine,
1287 3454 1518 3520 peccavit
1550 3454 1775 3522 populus
1822 3455 1905 3507 ltic
1935 3468 2053 3523 pec-

464 3552 645 3595 catum
674 3545 892 3613 grande,
923 3551 973 3597 et
1004 3543 1127 3611 fecit
1153 3546 1253 3598 sibi
1275 3545 1398 3598 deos
1450 3560 1679 3599 aureos:
1706 3554 1756 3599 et
1802 3562 1973 3609 nunc,
2005 3546 2052 3598 si

465 3637 675 3706 quidem
704 3636 930 3691 dimittis
964 3638 1039 3691 eis
1056 3647 1353 3705 peccatum,
1387 3639 1613 3703 dimitte,
1648 3638 1694 3693 si
1718 3639 1914 3703 minus,
1939 3638 2053 3693 dele

468 3744 548 3782 me
570 3730 634 3782 de
658 3729 792 3783 libro
829 3746 979 3800 quem
1006 3731 1267 3800 scripsisti
1284 3730 1351 3785 ".
1373 3730 1441 3785 Et
1473 3731 1644 3800 aliqui
1668 3731 1879 3799 dicunt,
1904 3732 2052 3803 quod

470 3820 599 3877 licet
650 3821 943 3893 Scriptura
1000 3823 1070 3878 de
1116 3838 1227 3878 uno
1288 3831 1498 3879 tantum
1544 3825 1719 3879 vitulo
1756 3824 2050 3896 loquatur,

466 3914 611 3983 quod
646 3922 824 3970 tamen
854 3916 1037 3985 plures
1071 3924 1205 3972 tunc
1229 3918 1430 3974 vitulos
1451 3915 1804 3973 confecerant
1834 3937 1847 3973 :
1874 3921 2052 3989 quod-

465 4025 570 4079 que
608 4009 730 4065 ideo
755 4009 967 4065 Hebraei
997 4010 1291 4067 dicebant:
1327 4010 1399 4064 Hi
1434 4020 1561 4066 sunt
1606 4010 1684 4064 dii
1707 4013 1809 4078 tui,
1852 4010 2051 4080 Israel,

463 4103 553 4172 qui
592 4102 922 4157 deduxerunt
950 4110 997 4157 te
1023 4104 1086 4158 de
1135 4113 1275 4159 terra
1327 4102 1549 4174 Egypti
1596 4105 1681 4172 5';
1741 4112 1797 4159 et
1839 4103 2053 4177 Moyses

465 4201 645 4248 autem
680 4195 846 4249 etiam
881 4195 1015 4251 deos
1055 4195 1232 4260 dixit,
1267 4203 1331 4250 ut
1358 4195 1566 4252 dictum
1602 4204 1706 4251 est.
1761 4197 1867 4251 Alii
1917 4213 2052 4253 vero

466 4278 732 4355 pluralem
757 4303 1049 4344 numerum
1080 4290 1324 4359 positum
1352 4290 1522 4345 etiam
1557 4289 1756 4346 dicunt
1802 4305 1903 4361 pro
1936 4290 2055 4348 siu-

464 4379 660 4449 gulari,
700 4394 852 4435 more
889 4380 1143 4436 Hebraiei
1184 4381 1486 4438 idiomatis.

533 4468 698 4525 Vens.
752 4470 845 4526 24.
885 4473 951 4525 Et
992 4481 1299 4541 spreverunt
1364 4482 1563 4527 terram
1621 4472 2047 4530 desiderabilem.

2152 3439 2420 3494 δυσωπῶν
2445 3440 2626 3509 ἔλεγε·
2656 3440 2887 3510 Δέομαί,
2913 3442 3088 3508 Κύριε
3110 3456 3123 3471 ·
3155 3439 3502 3509 ἡμάρτηκεν
3533 3444 3566 3494 ὁ
3590 3443 3753 3507 λαός

2154 3529 2335 3601 οὗτος
2372 3535 2666 3604 ἁμαρτίαν
2710 3534 2988 3605 μεγάλην
3012 3549 3025 3562 ·
3090 3534 3188 3588 καὶ
3248 3534 3548 3602 ἐποίησαν
3597 3536 3748 3589 ἐαυ-

2154 3628 2282 3694 τοῖς
2315 3629 2493 3695 θεοὺς
2549 3628 2825 3697 χρυσοῦς
2859 3646 2873 3662 σ
2921 3629 3019 3682 καὶ
3053 3628 3170 3683 νῦν
3207 3631 3259 3683 el
3295 3629 3408 3699 μὲν
3435 3629 3598 3699 ἀφῇς
3632 3632 3756 3684 ain

2152 3720 2280 3786 τοῖς
2312 3719 2428 3789 τὴν
2468 3722 2784 3789 ἁμαρτίαν,
2830 3723 2981 3790 ἄφες
3009 3738 3022 3752 ⁸
3073 3724 3127 3775 sl
3148 3722 3217 3775 δὲ
3240 3722 3328 3791 μὴ
3355 3739 3379 3754 ι
3411 3722 3759 3792 ἑξάὶειψόν·

2150 3830 2228 3881 με
2260 3814 2329 3865 ἐκ
2363 3810 2474 3880 τῆς
2510 3812 2736 3877 βίᾶιου
2756 3808 2829 3883 ἧς
2864 3813 3159 3883 ἔγραψας.
3190 3814 3334 3866 Φασὶ
3359 3814 3417 3867 δέ
3450 3818 3596 3877 τινες
3627 3815 3761 3881 ὅτι,

2154 3907 2203 3959 εἰ
2232 3906 2325 3958 καὶ
2360 3905 2561 3977 μόσχον
2594 3906 2691 3960 ἕνα
2723 3907 2892 3977 φησιν
2947 3908 2980 3978 ἡ
3009 3905 3222 3978 ﬂeam,
3259 3907 3374 3961 ἀλλ’
3414 3903 3507 3961 οὖν
3553 3907 3753 3960 πλείο-

2153 4013 2243 4060 νες
2293 3996 2575 4066 γεγόνασι’
2603 3996 2686 4050 διὸ
2715 3997 2810 4049 καὶ
2838 3996 2888 4049 οἱ
2928 3995 3174 4066 Ἑϐραῖοι
3200 3996 3387 4062 ἔλεγον
3409 4012 3421 4025 ⁸
3461 3991 3637 4050 Οὗτοι
3684 4000 3757 4050 οἱ

2154 4090 2281 4143 θεοί
2330 4104 2470 4155 σου,
2536 4088 2809 4160 Ἰσραὴλ,
2874 4088 3094 4154 οἵτινες
3143 4088 3510 4142 ἀνεόἵόασὰν
3556 4103 3630 4141 σε
3669 4087 3761 4144 ἐκ

2154 4181 2266 4252 γῆς
2303 4184 2605 4254 Αἰγύπτου
2637 4200 2653 4217 ⁸
2705 4182 2800 4237 καὶ
2841 4184 2870 4235 ὁ
2937 4182 3181 4253 Μωῦσῆς
3222 4182 3279 4236 δὲ
3320 4182 3555 4255 χρυσοῦς
3581 4181 3760 4247 θεοὺς

2154 4275 2402 4345 εἴρηκεν,
2436 4275 2511 4339 ὠς
2543 4275 2786 4348 εἴρηται.
2813 4275 3001 4330 Ἀλλοι
3031 4275 3088 4328 δὲ
3119 4276 3280 4329 πάλιν
3317 4275 3443 4328 καθ’
3481 4274 3759 4345 Ἐδραῖδοι

2158 4370 2452 4440 συνήθειαν
2486 4371 2547 4423 τὸ
2578 4370 2955 4443 πληθυντικὸν.
2978 4371 3102 4425 ἀντὶ
3131 4371 3317 4427 ἑνικοῦ
3345 4372 3601 4442 ἐνόησαν.

2226 4459 2335 4511 Kal
2380 4459 2806 4525 ἑξουδένωσαν
2847 4462 2966 4533 γῆν
3014 4461 3410 4532 ἐπιθυμητήν.
3465 4462 3759 4533 Ἀπεπέμο

462 4561 796 4618 Promissam
831 4565 1107 4633 regionem
1143 4575 1475 4636 spreverunt
1489 4607 1516 4647 ι
1549 4566 1805 4637 quamvis
1841 4567 2046 4638 optima

2161 4548 2328 4618 ῲαντο
2352 4551 2451 4621 τὴν
2479 4550 2692 4621 ἀγαθὴν
2712 4553 2814 4622 γῆν
2845 4553 2944 4624 τὴν
2993 4554 3091 4622 τῆς
3119 4552 3478 4621 ἐπαγγελίας,
3531 4554 3606 4617 ὡς
3648 4554 3755 4606 εὑ-

462 4662 629 4717 esset,
671 4663 732 4708 ut
755 4655 810 4709 in
842 4656 985 4711 libro
1014 4656 1383 4713 Numerorum
1419 4658 1640 4729 legitur.
1680 4657 1885 4713 Deinde
1919 4675 2044 4713 nar.

464 4753 572 4807 rat,
604 4762 714 4814 quo
754 4759 915 4817 pacto
948 4764 1067 4804 eam
1102 4750 1431 4820 spreverint.
1469 4750 1696 4816 Verum,
1725 4752 1876 4807 dices
1938 4768 2047 4807 non

460 4837 739 4904 sprevisse
788 4853 885 4893 eos
937 4839 1080 4895 bane
1133 4848 1361 4905 terram,
1413 4842 1544 4911 quin
1595 4841 1704 4897 imo
1742 4844 2046 4898 admiratos

459 4943 605 4986 esse.
637 4928 728 4981 sed
766 4927 1041 4999 Propheta
1084 4929 1342 5001 intelligit
1372 4934 1543 5002 quod,
1596 4934 1724 4988 dum
1757 4934 1948 4989 molles
1981 4948 2048 4988 ae

461 5019 700 5089 languidi
733 5019 905 5087 luere,
934 5031 989 5079 et
1023 5022 1278 5079 laborare
1310 5026 1605 5081 noluerunt
1640 5037 1697 5081 ut
1721 5027 1872 5081 illam
1902 5027 2046 5082 reci-

459 5120 677 5181 perent,
709 5114 988 5183 sprevisse
1016 5131 1135 5171 eam
1172 5116 1487 5172 videantur.

533 5196 699 5256 Vens.
725 5202 816 5257 25.
862 5203 987 5259 Non
1023 5204 1358 5259 crediderunt
1384 5208 1534 5261 verba
1553 5207 1690 5276 ejus.
1717 5205 1873 5273 Quod
1894 5207 2053 5261 datu-

459 5302 556 5343 rus
583 5304 701 5344 eam
732 5299 879 5346 esset
907 5294 1135 5363 populo,
1168 5288 1635 5364 quemadmodum
1686 5297 2047 5365 promiserat.

533 5379 601 5434 Et
660 5398 1123 5439 murmuraverunt
1172 5388 1227 5439 in
1273 5387 1634 5442 tabernaculis
1678 5388 1815 5442 suis.
1867 5388 2051 5442 Omnis

454 5471 625 5539 enim,
651 5472 847 5543 inquit,
871 5478 1209 5546 congregatio
1229 5477 1373 5531 dedit
1396 5495 1590 5545 vocem,
1618 5489 1668 5533 et
1688 5479 1850 5548 ﬂebat
1885 5494 2045 5548 popu-

462 5579 542 5617 τελε
578 5576 726 5619 nocte
755 5566 851 5619 illa
870 5576 919 5620 et
941 5569 1347 5623 murmurabant
1384 5571 1431 5603 “
1466 5585 1483 5626 :
1525 5573 1783 5640 quoniam
1834 5571 2047 5625 scilicet

458 5651 841 5720 exploratores
872 5656 1079 5713 reversi
1123 5668 1273 5723 sunt,
1304 5668 1357 5714 et
1413 5661 1810 5715 annuntiarunt
1844 5698 1861 5725 ,
1897 5658 2046 5730 «ιιιοά

532 5832 578 5866 ⁸³
603 5832 749 5888 Exod
816 5852 986 5903 xxx",
1024 5838 1106 5895 l0.
1186 5839 1231 5872 °"
1273 5839 1408 5896 Ibid,
1460 5841 1521 5896 5:
1587 5838 1623 5892 5
1667 5894 1673 5900 .

2157 4639 2348 4709 ρήσεις
2374 4643 2433 4694 ὲν
2456 4643 2524 4710 τῆ
2552 4641 2723 4713 βίϐλῳ
2768 4643 2878 4696 τῶν
2917 4642 3211 4714 Ἀριθμῶν.
3247 4640 3381 4697 Εἶτα
3418 4643 3589 4712 λέγει,
3624 4645 3762 4710 πῶς

2155 4732 2327 4803 αὐτὴν
2372 4733 2762 4799 ὲξουδένωσαν.
2834 4736 2946 4790 Καὶ
3008 4737 3115 4808 μὴν
3177 4736 3493 4806 ἐθαύμαζον
3545 4737 3749 4805 αὐτὴν,

2153 4825 2294 4879 ἀλλὰ
2326 4826 2403 4896 τῷ
2430 4826 2840 4900 μαλακισθῆναι
2869 4829 2962 4881 καὶ
2998 4830 3072 4899 μὴ
3111 4828 3339 4899 θελῆσαι
3371 4828 3569 4891 πόνους
3599 4829 3751 4903 ὺπέρ

2154 4917 2330 4989 αὐτῆς
2355 4918 2746 4987 ἀναδέξασθαι,
2788 4919 2965 4991 τούτῳ
3002 4920 3225 4986 πάντως
3253 4920 3643 4986 ὲξουδένωσαν.

2224 5192 2348 5246 Οὐκ
2399 5190 2779 5246 ἐπίστευσαν
2827 5190 2910 5258 τῷ
2948 5191 3110 5261 λόγῳ
3145 5190 3358 5246 αὐτοῦ.
3401 5190 3525 5243 Ὅτι
3574 5188 3754 5243 adisse

2150 5283 2337 5347 αὐτοῖς
2368 5283 2544 5356 αὐτήν
2575 5300 2590 5314 ⁶
2619 5283 2780 5337 τοῦτο
2806 5284 2915 5352 γὰρ
2947 5284 3133 5347 αὐτοῖς
3167 5283 3557 5353 ἐπηγγείλατο.

2222 5375 2331 5431 Kal
2364 5376 2707 5448 ἐγόγγυσαν
2734 5376 2805 5431 ἐν
2832 5377 2957 5445 τοῖς
2977 5375 3379 5447 σκηνώμασιν
3399 5373 3618 5431 αὐτῶν.
3644 5373 3745 5427 Ἐν

2153 5471 2274 5533 ταῖς
2309 5471 2542 5540 σκηναῖς
2567 5468 2770 5522 αὐτῶν.
2808 5468 2986 5524 Πᾶσα
3015 5469 3146 5540 γὰρ,
3171 5470 3359 5542 φησιν,
3394 5470 3432 5539 ἠ
3463 5482 3741 5536 συναγω-

2154 5562 2231 5633 τή
2263 5562 2453 5617 ἔδωκε
2476 5561 2712 5631 φωνὴν,
2747 5564 2848 5617 καὶ
2875 5563 3125 5618 ἔκλαιεν
3154 5567 3187 5618 ό
3219 5564 3370 5629 λαὸς
3400 5565 3517 5632 τὴν
3545 5563 3743 5617 νύκτα

2152 5656 2422 5722 ἐκείνην,
2472 5656 2572 5709 καὶ
2614 5654 3013 5725 διεγόγγυζον.
3055 5657 3189 5710 Ὅτε
3230 5656 3477 5728 δηλονότι
3519 5656 3571 5709 oi
3606 5655 3751 5709 ἀπο-

1758 5843 1801 5875 ⁸³
1834 5840 1975 5896 Ibid.
2011 5841 2065 5896 θ.
2143 5842 2189 5875 ⁵⁵
2222 5838 2384 5895 Num.
2429 5854 2541 5902 xw,
2588 5840 2636 5893 l.
