4052 6416
336 382 495 471 1053‘

1486 397 1873 463 COMMENT.
1905 401 1986 463 IN
2033 403 2392 468 PSALMOS.

3417 406 3555 473 1051

324 493 606 591 σταλέντες
642 495 721 560 si;
751 495 852 568 τὴν
885 499 1184 572 εἰρημένην
1212 505 1317 572 γῆν
1368 508 1705 564 κατάσκοποι
1756 512 1884 566 ὑπο·

1991 515 2358 584 potentissimi
2411 525 2596 574 essent
2627 517 2706 575 illi
2758 517 2981 590 populi,
3025 518 3117 590 qui
3176 519 3577 591 promissionis

324 585 652 655 στρέψαντες
686 590 1024 659 ἀνήγγειλαν
1052 596 1181 666 περὶ
1210 598 1308 667 τῆς
1338 599 1523 670 ἰσχύος
1558 602 1670 655 τῶν
1704 621 1890 659 κατοι-

325 679 563 734 κούντων
599 685 656 734 ἐν
689 685 825 756 αὐτῇ
857 687 1130 759 διαφόρων
1162 692 1354 748 ἐθνῶν.

392 774 515 826 Οὐκ
546 775 926 839 εἰσήκουσαν
960 780 1072 849 τῆς
1109 785 1316 852 φωνῆς
1351 789 1593 856 Κυρίου.
1636 792 1768 861 Τῆς,
1813 792 1895 846 ὃτι

322 863 534 916 δίδωσιν
563 866 749 930 αὐτοῖς
780 885 883 935 την
919 873 1224 945 εἰρημένην
1256 880 1381 948 γῆν.
1425 881 1537 934 Οὐκ
1563 883 1894 939 ἐπίστευσαν

321 959 383 1025 τῇ
414 956 646 1030 τοιαύτῃ
678 964 857 1031 φωνῇ.

388 1048 497 1101 Καὶ
526 1047 713 1117 ἐπῆρε
740 1051 856 1120 τὴν
886 1052 1057 1122 χεῖρα
1098 1058 1286 1112 αὐτοῦ
1327 1058 1421 1112 ἐπ’
1448 1063 1691 1130 αὐτούς.
1748 1065 1895 1119 Ἐχί-

320 1156 447 1210 νησε
472 1142 571 1212 τὴν
599 1145 760 1215 χεῖρα
791 1147 958 1202 αὐτοῦ
989 1149 1109 1203 κατ’
1145 1152 1347 1220 αὐτῶν,
1368 1153 1489 1224 ἦτοι
1510 1156 1610 1226 τὴν
1637 1157 1894 1214 κολαστι-

321 1230 422 1303 κὴν
450 1231 707 1303 δύναμιν.
1185 1286 1193 1293 .

394 1325 505 1378 Τοῦ
525 1329 885 1385 καταϐαλεῖν
909 1333 1130 1400 αὐτοὺς
1147 1334 1218 1389 ἐν
1250 1335 1327 1405 τῇ
1349 1337 1564 1410 ἐρήμῳ.
1594 1341 1700 1397 Τοῦ
1728 1343 1895 1398 θανα-

320 1420 488 1471 τῶσαι
521 1420 741 1487 αὐτούς.

385 1510 496 1564 Καὶ
527 1512 635 1566 τοῦ
667 1517 1028 1573 καταϐαλεῖν
1047 1521 1115 1573 τὸ
1144 1521 1386 1592 σπέρμα
1415 1525 1617 1581 αὐτῶν
1642 1528 1715 1582 ἐν
1764 1528 1891 1597 τοῖς

317 1600 543 1658 ἔθνεσι.
589 1605 696 1659 Τοῦ
729 1610 1136 1678 καταφυτεῦσαι
1173 1614 1243 1668 τὰ
1287 1616 1453 1671 τέκνα
1510 1619 1692 1675 αὐτῶν
1730 1623 1789 1676 ἐν
1821 1626 1888 1694 τῇ

317 1694 386 1762 γῇ
431 1694 541 1747 τῶν
596 1697 789 1764 ἐθνῶν,
836 1701 947 1756 τῶν
1015 1704 1339 1760 Χαναναίων
1385 1708 1481 1762 καὶ
1535 1711 1643 1765 τῶν
1689 1712 1886 1769 ἄλλων.

315 1783 466 1842 Eius
489 1790 616 1878 γὰρ,
655 1794 805 1862 φησὶ,
840 1795 1234 1867 Κύριος-,πρὸς
1263 1802 1554 1872 Μωῦσῆν,
1602 1806 1695 1859 ὅτι
1732 1807 1889 1861 Πάν-

317 1894 417 1944 τες
449 1883 503 1934 οι
527 1880 744 1951 ἄνδρες
771 1885 830 1940 et
858 1887 1194 1956 ἐπείρασαν
1224 1910 1304 1961 με
1323 1895 1503 1951 τοῦτο
1524 1899 1593 1952 τὸ
1613 1898 1888 1966 δέκατον,

320 1972 424 2025 καὶ
455 1975 568 2028 οὐκ
617 1976 994 2042 εἰσήκουσαν
1036 1981 1145 2049 τῆς
1167 1984 1375 2055 φωνῆς
1398 2005 1539 2057 μου,
1564 1986 1606 2061 ἦ
1622 1990 1753 2060 μὴν
1778 1993 1891 2048 οὐκ

313 2062 569 2132 ὄψονται
617 2066 732 2136 τὴν
756 2069 894 2139 γῆν,
927 2070 1009 2139 ἣν
1047 2072 1255 2144 ὤμοσα
1281 2077 1414 2147 τοῖς
1454 2082 1758 2151 πατράσιν
1785 2085 1891 2139 αὐ-

310 2152 455 2297 Ξῖὲζ,
486 2156 624 2211 ἀλλ’
657 2158 698 2228 ἢ
736 2160 811 2215 τὰ
852 2161 1040 2217 τέκνα
1079 2164 1282 2222 αὐτῶν
1321 2168 1360 2225 ἆ
1405 2170 1538 2226 ἐστι
1561 2172 1691 2242 μετ’
1739 2173 1888 2267 ἐμοῦ

310 2261 450 2299 ωσε.
1858 2262 1863 2267 ’

379 2338 494 2392 Kal
531 2339 961 2429 διασκορπίσαι
989 2352 1213 2421 αὐτοὺς
1247 2354 1319 2408 ἐν
1337 2355 1470 2422 ταῖς
1498 2353 1736 2426 χώραις.
1754 2358 1890 2422 Ταῖς

307 2429 416 2483 τῶν
444 2432 756 2503 εἰρημένων
782 2439 974 2498 ἐθνῶν.

378 2522 495 2576 Καὶ
522 2524 943 2613 ἐντελέα-θησαν
974 2533 1056 2601 τῷ
1081 2539 1445 2609 Βεελςεετώρ.
1487 2540 1693 2613 Τελετή
1728 2543 1886 2610 γεγό-

308 2627 431 2666 νασι
466 2616 561 2670 καὶ
595 2611 708 2672 οἷον
736 2622 901 2695 ἑορτὴ
944 2626 1024 2696 τῷ
1055 2628 1398 2703 Βεελφεγώρ.
1436 2635 1505 2687 ’Ἡ
1536 2611 1887 2707 ἑμυνηθησαν

306 2707 382 2775 τῷ
424 2710 777 2785 Βεελφεγὼρ,
813 2718 1018 2792 εἰδώλῳ
1061 2722 1170 2775 τῶν
1218 2724 1549 2793 Μωαϐιτῶν,
1596 2727 1717 2798 ἤτοι
1777 2728 1888 2783 τῶν

307 2797 661 2857 Μαδιανιτῶν
684 2822 699 2836 ·
725 2806 802 2871 ὡς
826 2810 886 2863 ὲν
907 2813 973 2881 τῇ
1002 2815 1554 2891 προμνημονευθείσῃ
1579 2797 1746 2890 βίϐλῳ
1775 2820 1886 2877 τῶν

317 2891 600 2963 Ἀριθμῶν
642 2899 945 2971 ἱστόρηται,
998 2906 1109 2972 ὅτε,
1163 2907 1605 2980 ἐπιθυμήσαντες
1650 2912 1758 2968 τῶν
1792 2913 1888 2967 θυ-

304 2984 438 3077 τατέ
446 3004 558 3055 ρων
576 2990 771 3058 Μωὰϐ,
794 2995 1088 3066 ἀνεπείσθη
1098 3015 1197 3052 σαν
1219 3001 1311 3053 ὑπ’
1331 3002 1511 3058 αὐτῶν
1532 3004 1627 3057 τοῦ
1643 3021 1886 3077 προσκυ-

306 3074 474 3144 νῆσαι
515 3082 627 3142 τοῖς
662 3083 908 3150 εἰδώλοις
937 3088 1139 3143 αὐτῶν.

2000 613 2201 661 terram
2235 607 2556 665 incolerent.

2071 784 2193 841 Non
2241 798 2591 843 exaudierunt
2639 804 2811 843 uocem
2854 791 3090 845 Domini.
3146 789 3347 845 Vocem
3427 791 3574 843 illam

1997 878 2245 941 scilicet,
2274 893 2381 947 qua
2414 878 2629 933 dixerat
2655 879 2911 934 daturum
2941 896 2999 936 se
3034 882 3113 936 eis
3160 882 3307 934 illam
3337 888 3566 936 terram.

1996 969 2319 1036 Huiusmodi
2352 971 2554 1041 quippe
2606 972 2723 1027 voci
2758 988 2869 1027 non
2908 974 3283 1027 crediderunt.

2066 1059 2232 1115 Vens.
2260 1062 2351 1118 26.
2396 1061 2464 1116 Et
2484 1064 2700 1117 elevavit
2730 1079 2943 1117 manum
2967 1079 3117 1117 suam
3145 1080 3301 1133 super
3319 1080 3424 1118 eos.
3457 1062 3574 1119 Μο-

1992 1153 2072 1209 vit
2106 1169 2324 1209 manum
2365 1169 2519 1209 suam
2568 1156 2834 1211 adversus
2861 1172 2981 1224 eos,
3017 1158 3122 1212 hoc
3170 1166 3279 1224 est,
3313 1157 3572 1228 puniendi

1994 1258 2060 1299 ac
2091 1242 2397 1314 castigandi
2446 1246 2688 1313 potentia
2724 1246 2778 1299 in
2813 1260 2909 1301 eos
2937 1254 3247 1303 commotus
3296 1256 3398 1302 est.

2071 1333 2139 1387 Ut
2179 1336 2465 1388 destrueret
2498 1350 2584 1389 eos
2613 1336 2666 1388 in
2689 1335 2915 1390 deserto.
2963 1336 3035 1392 Ut
3074 1351 3170 1391 eos
3214 1335 3429 1390 scilicet
3478 1351 3573 1392 oc-

1992 1429 2222 1484 cideret.

1991 1539 2011 1569 .2
2062 1520 2232 1575 Vens.
2267 1520 2360 1575 27.
2403 1519 2470 1574 Ut
2502 1521 2845 1575 constitueret
2871 1538 3045 1576 semen
3087 1538 3269 1576 eorum
3313 1524 3367 1574 in
3409 1521 3579 1590 genti-

1993 1613 2111 1669 bus.
2158 1610 2229 1667 Ut
2256 1613 2531 1682 plantaret
2574 1612 2718 1668 ﬁlios
2764 1628 2952 1667 eorum
3004 1614 3057 1668 in
3101 1624 3247 1669 terra
3300 1615 3575 1683 gentium.

1990 1703 2429 1759 Chananaeorum
2461 1703 2677 1783 scilicet
2703 1714 2758 1758 et
2791 1704 3027 1759 aliorum
3062 1706 3390 1775 populorum
3418 1723 3432 1759 :
3471 1702 3577 1757 Di-

1989 1797 2066 1850 xit
2096 1796 2263 1863 enim,
2300 1796 2493 1867 inquit,
2527 1796 2788 1851 Dominus
2826 1798 2894 1850 ad
2912 1800 3183 1867 Moysem:
3217 1795 3409 1852 Omnes
3433 1797 3534 1851 viri
3557 1835 3575 1859 ,

1996 1887 2087 1957 qui
2100 1887 2219 1956 jam
2247 1886 2415 1941 decies
2449 1895 2775 1941 tentacerunt
2805 1902 2904 1950 me,
2933 1895 2983 1940 et
3012 1904 3115 1940 non
3141 1887 3457 1940 audiverunt
3488 1901 3575 1939 vo-

1996 1995 2108 2033 cem
2140 1996 2332 2043 meam,
2367 1988 2507 2034 certe
2535 1994 2639 2033 non
2668 1976 2914 2032 uidebunt
2947 1988 3146 2032 terram
3172 2017 3187 2042 ,
3212 1994 3367 2046 quam
3390 1978 3571 2047 juravi

1994 2072 2236 2141 patribus
2287 2087 2512 2135 eorum,
2554 2071 2645 2126 sed
2678 2071 2781 2142 ﬁlii
2823 2086 3040 2135 eorum,
3072 2071 3162 2140 qui
3203 2080 3324 2125 sunt
3357 2078 3568 2124 ‘mecum

1994 2164 2079 2219 hic
2110 2165 2181 2220 ".

2064 2343 2138 2398 Et
2182 2343 2501 2414 dispergeret
2558 2356 2646 2397 eos
2681 2339 2763 2395 ‘in
2807 2340 3129 2399 reaionibus.
3177 2318 3607 2395 Praedictarum.

1985 2438 2260 2504 gentium.

2065 2529 2230 2587 Vnus.
2262 2530 2355 2586 28.
2378 2527 2452 2584 Et
2472 2529 2674 2599 initiati
2694 2540 2817 2584 sunt
2845 2526 3186 2598 Beelphegor.
3237 2524 3571 2595 Beelpltegor

1992 2623 2352 2680 Moabitarum
2380 2637 2478 2678 seu
2511 2614 2929 2677 Madianitarum
2963 2619 3130 2685 idolo,
3158 2617 3409 2672 initiasse
3448 2629 3572 2671 sese

1991 2714 2168 2771 Judaei
2198 2729 2264 2770 ac
2301 2714 2517 2771 dicasse
2550 2713 2652 2770 visi
2687 2721 2837 2779 sunt,
2867 2712 2998 2768 dum
3032 2712 3308 2767 solemnes
3335 2724 3399 2764 ac
3419 2708 3574 2764 festi-

1995 2824 2092 2865 vos
2120 2809 2170 2865 ei
2218 2807 2339 2866 dies
2371 2807 2755 2875 celebrarent,
2810 2815 2873 2860 ut
2920 2806 2974 2860 in
3019 2803 3381 2859 Numerorum
3432 2803 3574 2857 libro

1991 2901 2249 2968 traditur,
2278 2901 2500 2972 quando
2527 2900 2946 2957 Moabitidarum
2976 2897 3285 2970 puellarum
3321 2895 3572 2966 pulchri-

1990 2994 2183 3051 tudine
2209 2993 2441 3060 deliuiti,
2477 2992 2726 3064 persuasi
2756 3001 2907 3056 sunt,
2951 2998 3012 3046 ut
3054 2990 3277 3045 illorum
3329 2987 3575 3044 colerent

1989 3086 2308 3143 simulacra.

369 3171 490 3264 Καὶ
518 3172 749 3244 ἔφαγον
781 3181 1002 3246 θυσίας
1025 3182 1277 3252 νεκρῶν.
1307 3185 1498 3258 Νεκρὰ
1526 3153 1675 3258 ὶὶέγει
1697 3188 1770 3244 τὰ
1802 3189 1881 3244 ei-

2060 3180 2227 3237 Vns.
2265 3178 2356 3235 29.
2398 3179 2471 3234 Et
2512 3178 2848 3233 comederunt
2893 3176 3162 3243 sacriﬁcia
3215 3183 3567 3228 mortuorum.

302 3261 470 3325 δωλα,
503 3265 579 3328 ὡς
607 3268 913 3343 ἀναίσθητα
936 3276 1028 3327 καὶ
1056 3276 1418 3350 ἀνενέργητα.

367 3443 485 3496 It’al
525 3445 893 3512 παρώξυναν
919 3453 1110 3508 αὑτὸν
1143 3455 1215 3509 ἐν
1243 3457 1370 3525 τοῖς
1411 3459 1888 3535 ἐπιτηδεύμασιν

297 3535 524 3592 αὐτῶν.
569 3539 657 3592 Ἐν
686 3544 801 3605 τοῖς
825 3544 1088 3610 τοιούτοις
1117 3547 1298 3618 ἔργοις
1328 3553 1530 3610 αὐτῶν.

364 3625 489 3681 Καὶ
516 3629 865 3702 ἐπληθύνθη
892 3636 963 3689 ἐν
987 3639 1192 3704 αὐτοῖς
1225 3643 1258 3710 ἡ
1283 3642 1533 3711 πτῶσις.
1607 3648 1885 3723 Ἀποθνηο

299 3723 548 3775 σχόντων
578 3726 810 3780 πολλῶν.

367 3814 485 3868 Καὲ
508 3815 658 3885 ἔστη
690 3818 899 3889 Φινεὲς
938 3826 1037 3879 καὶ
1072 3827 1540 3899 ἐξιλάσατο,καὶ
1578 3836 1887 3891 ἐκόπασεν

297 3902 648 3997 ᾐ-ᾂρᾳῦσις.
699 3911 922 3984 Ἀνέστη
959 3917 1021 3969 ἐκ
1050 3919 1217 3986 μέσου
1257 3923 1356 3991 τῆς
1384 3926 1732 3997 συναγωγῆς,
1792 3929 1886 3982 καὶ

295 3995 634 4056 ἐξιλεὼσατο
660 4001 753 4054 τὸν
787 4003 940 4073 θεὸν,
964 4008 1020 4059 ὲν
1045 4008 1123 4078 τῷ
1153 4010 1339 4064 λαϐεῖν
1366 3995 1758 4088 σειρομάστην,
1816 4021 1887 4075 et-

294 4103 424 4186 souv
458 4089 612 4186 copo,
660 4096 757 4148 καὶ
809 4100 1320 4174 ἀποκεντῆσαιξτὸν
1377 4109 1721 4183 Ἰσραηλίτην
1768 4114 1886 4186 ἅμα

295 4182 388 4275 καὶ
422 4184 534 4252 τὴν
567 4187 620 4239 Μ
625 4189 890 4245 αδιανῖτιν
916 4208 931 4222 ·
980 4195 1074 4249 xui.
1089 4197 1415 4272 ὲκόπασενή
1444 4202 1582 4275 ὀργὴ
1613 4182 1706 4259 τοῦ
1723 4182 1879 4275 Θεοῦ,

295 4272 484 4327 εἶτουν
515 4279 544 4347 ἡ
577 4281 784 4344 πτῶσις
804 4283 898 4337 τοῦ
930 4286 1079 4343 λαοῦ.
1105 4283 1214 4343 Ἦν
1235 4291 1292 4344 δὲ
1327 4272 1513 4359 Φινεὲς
1548 4272 1663 4361 uio;
1697 4272 1886 4355 Ἐλεαλ

293 4361 472 4435 ζάρου
509 4369 603 4421 τοῦ
636 4372 754 4424 υἱοῦ
795 4376 1026 4446 Ἀαρών.

1989 3270 2471 3344 Μοηυσόρροιιοι
2498 3270 2684 3336 idola,
2739 3283 2999 3340 tanquam
3056 3284 3179 3340 quae
3229 3268 3348 3324 sine
3399 3281 3565 3322 sensu

1986 3376 2137 3435 sunt,
2171 3375 2227 3423 et
2255 3368 2376 3422 sine
2402 3366 2584 3437 aliqua
2617 3363 2883 3435 operandi
2915 3368 3208 3433 potestate.

2056 3459 2126 3516 Et
2161 3461 2504 3516 irritarerunt
2550 3474 2668 3515 eum
2703 3458 2759 3513 in
2805 3453 3262 3513 adimntionibus
3319 3451 3447 3506 suis.
3506 3449 3564 3504 ln

1987 3554 2298 3624 huiusmodi
2331 3568 2522 3610 eorum
2548 3553 2832 3624 operibus.

2066 3645 2135 3700 Et
2188 3644 2547 3715 multiplicata
2599 3654 2677 3700 est
2719 3644 2776 3700 in
2821 3645 2894 3700 eis
2936 3643 3117 3698 ruina.
3172 3639 3323 3695 Multi
3362 3637 3564 3710 quippe

1988 3756 2182 3796 eorum
2216 3740 2500 3810 perierunt

2060 3833 2230 3889 Vens.
2269 3832 2361 3890 50.
2392 3830 2461 3887 Et
2492 3831 2633 3886 stetit
2662 3829 2882 3885 Pmnees
2907 3838 2957 3883 et
3000 3825 3252 3897 placavit,
3288 3832 3340 3880 et
3391 3838 3567 3878 cessa.

1987 3928 2060 3982 vit
2088 3926 2386 3996 quassatio.
2431 3924 2686 3978 Surrexit
2748 3921 2817 3978 de
2874 3922 3052 3975 media
3107 3917 3560 3988 congregatione,

1987 4028 2041 4073 et
2080 4017 2312 4088 placavit
2344 4016 2536 4081 Deum,
2570 4013 2793 4083 quando
2821 4016 3050 4078 accepto
3080 4006 3268 4076 jacnlo
3337 4001 3563 4057 Israeli-

1989 4125 2116 4180 tem,
2139 4113 2343 4178 virum,
2401 4125 2511 4166 una
2540 4122 2665 4163 cum
2702 4102 3061 4160 Madianitide
3096 4100 3329 4154 muliere
3380 4104 3565 4150 trans.

1987 4205 2106 4259 ﬁxit
2136 4221 2149 4258 :
2180 4218 2344 4274 quam
2378 4202 2452 4257 ob
2496 4213 2718 4255 causam
2788 4194 3031 4251 cessavit
3080 4191 3159 4246 ira
3219 4188 3341 4253 Dei,
3366 4187 3418 4242 id
3453 4195 3558 4248 est.

1986 4298 2176 4369 populi
2212 4297 2396 4353 ruina.
2437 4294 2563 4351 Erat
2597 4298 2780 4347 autem
2808 4287 3040 4344 Phinees
3088 4281 3233 4338 ﬁlius
3285 4280 3556 4344 Eleazari,

1988 4391 2086 4445 ﬁlii
2112 4389 2322 4444 Aaron.

2055 4482 2223 4538 Vsus.
2261 4482 2351 4537 51.
2376 4479 2446 4534 Et
2472 4486 2773 4548 reputatum
2807 4484 2883 4531 est
2909 4476 2956 4530 ei
2996 4477 3069 4530 ad
3094 4475 3390 4547 justitiam.
3442 4467 3560 4523 Iioc

445 4555 543 4607 Διὸ
578 4559 669 4610 καὶ
687 4555 852 4614 ἆθλον
881 4562 1073 4619 ἔλαϐεν
1116 4568 1227 4622 ἀπὸ
1256 4570 1388 4625 Θεοῦ
1413 4541 1513 4643 τὴν
1547 4541 1878 4649 ἱερῶσύνην,

1991 4583 2093 4636 est,
2127 4573 2182 4627 in
2208 4571 2490 4627 virtutem.
2529 4541 2709 4638 etque
2738 4566 2860 4621 ideo
2884 4541 3169 4636 prazmium
3200 4579 3228 4618 a
3256 4543 3366 4620 Deo
3397 4561 3446 4615 ei
3507 4568 3562 4615 ct

293 4644 522 4705 αἰώνιον
559 4648 738 4720 ἑαυτῷ
763 4653 858 4706 καὶ
881 4654 961 4725 τῷ
988 4658 1265 4728 σπέρματι
1288 4663 1476 4718 αὐτοῦ.

366 4740 478 4803 Εἰς
513 4742 731 4807 γενεὰν
778 4744 878 4799 καὶ
935 4747 1152 4813 γενεὰν
1194 4750 1308 4818 ἕως
1352 4755 1459 4810 τοῦ
1497 4756 1735 4826 αἰῶνος.
1770 4760 1884 4814 ’Λεὶ

292 4827 406 4922 γὰρ
436 4829 528 4883 διὰ
560 4832 654 4885 τὸν
683 4833 843 4901 φόνον
872 4838 1078 4895 ἂκείνον
1106 4842 1460 4914 εὐφημείται,
1496 4849 1587 4903 τὸν
1619 4851 1759 4922 ὑπὲρ
1788 4854 1883 4906 εὑ-

292 4920 521 4984 σεϐείας
543 4926 858 4993 γενόμενον.

359 5102 474 5156 Καὶ
503 5103 885 5174 παρώργισαν
911 5110 1099 5165 αὑτὸν
1133 5112 1230 5166 ἐπὶ
1258 5115 1477 5182 ὕδατος
1506 5118 1876 5190 ἀντιλογίας.

296 5192 392 5247 Ἐν
448 5198 518 5266 τῇ
570 5199 765 5270 ἐρήμῳ
819 5201 1025 5270 Κάδης.
1088 5205 1238 5259 Ἐκεῖ
1284 5208 1393 5277 γὰρ
1418 5209 1876 5280 διψήσαςὸλαδς,

1985 4667 2185 4727 semini
2220 4666 2342 4737 ejus
2366 4664 2554 4720 datum
2592 4670 2696 4726 est,
2726 4659 3101 4717 sacerdmium
3126 4666 3414 4714 aeternum.

2053 4758 2116 4813 In
2145 4756 2538 4829 generationem
2563 4760 2614 4807 et
2641 4750 3035 4823 generationem
3060 4764 3225 4819 usque
3280 4748 3337 4802 in
3387 4759 3558 4800 σατυ-

1984 4852 2118 4906 ium.
2141 4851 2420 4920 Perpetuo
2454 4846 2658 4917 quippe
2687 4843 2756 4898 ab
2806 4842 3067 4898 omnibus
3107 4839 3384 4902 laudatur,
3460 4849 3561 4906 pro

1985 4944 2137 4999 illata
2173 4942 2267 4997 illa
2319 4955 2478 5005 nece,
2516 4954 2678 5011 quam
2719 4935 3004 5007 religionis
3051 4948 3117 4988 ac
3168 4930 3391 5003 pietatis
3441 4927 3561 4982 zelo

2018 5033 2239 5088 atravit.

2018 5048 2239 5088 atram.

1980 5048 2015 5102 Ρ
2052 5123 2219 5179 Vens.
2250 5124 2341 5179 52.
2380 5122 2448 5176 Ift
2478 5123 2820 5175 irritaverant
2843 5134 2961 5173 eum
3005 5115 3077 5169 ad
3125 5129 3292 5183 aquas
3335 5117 3551 5164 contra-

1976 5216 2246 5271 dictionis.
2273 5215 2333 5271 in
2356 5215 2576 5271 deserto
2605 5214 2804 5269 Gades.
2855 5210 2973 5265 Illic
2998 5209 3144 5264 enim
3187 5205 3424 5278 populus
3480 5204 3555 5255 si-

282 5288 653 5356 ὲδεινοπάθει,
687 5293 781 5346 καὶ
805 5292 1143 5365 διεγόγγυζε,
1173 5298 1268 5352 καὶ
1319 5302 1599 5371 ἀντέλεγε.
1666 5307 1756 5360 Διὸ
1816 5308 1877 5361 τὸ

1991 5310 2074 5364 .im
2108 5309 2318 5379 perpeti
2355 5322 2499 5378 aegre
2544 5308 2690 5364 tulit.
2739 5302 3013 5371 Quocirca
3040 5297 3430 5357 murmuravit,
3495 5299 3559 5348 et-

282 5378 351 5525 ἐκ
381 5381 597 5524 ἒτέτρας
625 5384 719 5438 καὶ
742 5385 864 5439 τότε
920 5388 1047 5458 ῥυὲν
1081 5387 1226 5462 ὕδωρ
1292 5392 1498 5466 ἐκλήθη
1523 5395 1666 5469 ὕδωρ
1725 5400 1877 5454 ἀντι-

315 5489 383 5525 ογ
410 5489 506 5525 ας.

315 5489 506 5539 ογιας.

354 5564 473 5618 Καὶ
510 5564 779 5638 ἐκακώθη
821 5572 1084 5643 Μωϋσῆς
1136 5573 1210 5628 δι’
1239 5576 1483 5644 αὐτούς.
1540 5579 1700 5651 Παρὰ
1734 5582 1873 5636 Θεοῦ

282 5655 395 5729 γὰρ
428 5656 749 5725 κελευσθεὶς
774 5662 962 5717 λαϐεῖν
983 5667 1082 5734 τὴν
1111 5668 1307 5725 ὁάϐδον
1336 5669 1503 5727 αὐτοῦ
1550 5674 1644 5728 καὶ
1671 5675 1874 5751 ἐκκλη-

353 5830 405 5867 ⁸⁷
427 5831 598 5894 Num.
635 5852 746 5906 ιη,
765 5839 856 5901 2‘2.

1981 5401 2312 5458 contradixit
2347 5418 2364 5456 :
2396 5400 2544 5456 unde
2570 5413 2733 5469 aqua,
2765 5410 2888 5467 qua!
2919 5394 2987 5450 de
3018 5401 3172 5465 petra
3202 5390 3293 5445 illa
3318 5387 3552 5449 eﬂluxit,

1982 5490 2444 5548 contradictionis
2474 5504 2616 5561 aqua
2642 5486 2916 5558 appellata
2950 5492 3059 5541 est.

2053 5583 2122 5637 Et
2152 5583 2372 5654 amictus
2399 5595 2476 5639 est
2509 5583 2719 5654 Moyses
2742 5589 2955 5648 propter
2975 5596 3086 5635 eos.
3133 5579 3177 5633 Δ
3219 5576 3329 5631 Deo
3397 5572 3555 5627 enim

1975 5676 2171 5748 jussus
2206 5688 2291 5736 est
2323 5678 2575 5747 accipere
2609 5676 2817 5749 virgam
2874 5689 3032 5732 suam
3099 5681 3153 5730 et
3213 5681 3554 5745 congregare
