4052 6410
472 369 619 434 1059

1679 368 2058 429 EUTIIYMII
2096 366 2460 428 ZIGABENI

3599 369 3730 436 1053

544 488 615 545 Et
653 489 717 545 de
746 489 1043 561 regionibus
1070 492 1404 562 congregavit
1436 507 1548 546 eos.
1575 490 1652 546 De
1722 489 2046 562 regionibus

2223 491 2333 544 Kal
2396 490 2467 542 ἐκ
2537 486 2658 541 τῶν
2711 489 2921 558 χωρῶν
2969 490 3320 560 συνήγαγεν
3351 493 3597 558 αὐτούς.
3645 495 3733 548 Ἐν

463 585 715 658 gentium
738 591 1123 654 congregatos,
1157 585 1212 639 in
1238 601 1403 641 unam
1426 585 1761 652 Ecclesiam,
1796 594 1961 655 atque
1995 585 2051 638 in

468 677 693 732 unicam
720 674 879 729 ﬁdem
921 673 1235 744 conjunxit.

541 766 710 822 Vens.
733 767 788 821 3.
825 766 869 819 A
904 766 1035 822 solis
1070 776 1215 833 ortu,
1251 777 1300 821 et
1328 784 1545 833 occasu,
1572 770 1638 822 ab
1676 769 1949 839 aquilone,
2001 779 2051 823 et

468 862 630 915 mari.
657 859 734 913 Ex
763 868 1002 925 quatuor
1030 860 1177 916 enim
1208 860 1399 914 mundi
1449 862 1700 930 partibus
1757 862 1811 915 in
1877 876 2051 916 unum

471 950 792 1020 congregati
825 958 958 1005 sunt
991 965 1007 1003 :
1045 949 1175 1020 quia
1216 950 1271 1004 in
1294 952 1497 1005 omnem
1530 960 1730 1004 terram
1758 952 1919 1005 exiuit
1961 968 2051 1006 so-

468 1058 568 1094 nus
601 1041 1007 1110 apostolorum,
1039 1050 1089 1094 et
1114 1043 1168 1093 in
1192 1042 1324 1111 ﬁnes
1354 1043 1495 1097 orbis
1535 1052 1691 1098 terra:
1746 1043 1901 1097 verba
1963 1059 2053 1097 eo-

464 1150 585 1188 rum
615 1135 683 1191 “.

542 1228 713 1284 Vens.
743 1228 797 1281 4.
848 1225 1178 1282 Erraverunt
1219 1230 1274 1282 in
1316 1227 1630 1293 solitudine,
1662 1230 1717 1283 in
1766 1229 2047 1299 inaquoso.

467 1319 739 1375 Errabant
766 1320 895 1373 olim
929 1326 1122 1389 gentes
1138 1335 1331 1375 omnes
1361 1322 1709 1378 ambulantes
1736 1322 1790 1377 in
1817 1338 2053 1377 conver-

470 1414 687 1469 satione
719 1414 956 1484 quadam
987 1413 1203 1467 deserta
1233 1413 1590 1484 solitariaque
1610 1428 1675 1468 ac
1696 1415 1921 1468 viduata
1943 1419 2053 1467 vir-

468 1514 650 1581 tutum
712 1503 1007 1566 lructibus,
1063 1512 1116 1557 et
1171 1499 1320 1558 omni
1357 1520 1546 1581 sacra)
1599 1503 1866 1560 doctrina:
1917 1517 2049 1576 potu

467 1580 701 1666 prorsus
730 1606 974 1651 carente.
1357 1580 1361 1583 ’

551 1688 702 1742 Viam
727 1690 958 1742 civitatis
980 1691 1274 1745 habitaculi
1309 1707 1414 1745 non
1452 1690 1785 1746 invenerunt.
1838 1690 2047 1746 Civitas

466 1779 764 1833 habitaculi
795 1781 1018 1850 proprie
1043 1782 1246 1836 caelum
1281 1791 1365 1837 est
1392 1800 1403 1835 :
1432 1780 1591 1849 cujus
1624 1781 1763 1835 viam
1824 1798 1933 1836 non
1966 1784 2047 1836 in-

2154 582 2264 635 τῶν
2294 581 2492 652 χωρῶν
2537 580 2648 634 τῶν
2685 582 2859 636 ἐθνῶν
2944 584 3025 643 είς
3074 583 3208 653 μίαν
3273 584 3609 655 Ἐκκλησίαν
3641 585 3731 640 καὶ

2156 675 2366 730 πίστιν.

2240 766 2378 820 Ἀπὸ
2405 765 2747 833 ἀνατολῶν,
2786 765 2884 820 καί
2912 765 3186 834 δυσμῶν,
3215 766 3315 820 καὶ
3353 765 3574 834 coepti,
3640 768 3739 821 καί

2155 858 2506 925 θαλάσσης.
2568 859 2661 912 Ἐκ
2695 858 2805 912 τῶν
2845 858 3130 929 τεσσάρων
3179 860 3291 931 γὰρ
3342 862 3601 931 περάτων
3647 861 3742 913 τοῦ

2154 951 2363 1021 κόσμου
2394 951 2771 1021 συνήχθησαν.
2830 946 2952 1017 Ἕίς
2995 949 3206 1007 πᾶσαν
3253 952 3383 1022 γὰρ,
3418 951 3575 1021 φησι,
3627 951 3744 1017 τὴν

2155 1043 2273 1113 γῆν
2288 1044 2554 1110 ἐξῆλθεν
2570 1046 2603 1097 ὁ
2627 1044 2891 1113 φθόγγος
2937 1043 3051 1097 τῶν
3074 1043 3415 1110 ἀποστόλων,
3439 1043 3538 1097 καὶ
3567 1045 3654 1109 εἰς
3673 1042 3744 1096 τὰ

2154 1137 2383 1205 πέρατα
2402 1135 2515 1205 τῆς
2547 1135 2909 1205 οἰκουμένης
2937 1137 3010 1190 τὰ
3039 1136 3283 1204 ῥήματα
3304 1134 3528 1190 αὐτῶν.

2238 1229 2715 1298 Ἐπλανήθησαν
2736 1229 2807 1283 ἐν
2825 1228 2901 1297 τῇ
2916 1229 3119 1299 ἐρήμῳ
3138 1229 3210 1283 ἐν
3223 1228 3482 1298 ἀνύδρῳ.
3528 1227 3741 1282 Ἐπλα-

2163 1324 2408 1393 νήθησαν
2438 1323 2709 1393 πρότερον
2733 1323 2791 1375 ὲν
2822 1325 2890 1393 τῇ
2917 1322 3166 1394 πολιτείᾳ
3188 1325 3256 1393 τῇ
3281 1323 3479 1392 ἐρήμῳ
3510 1319 3746 1392 καρπῶν

2154 1415 2382 1485 ἀρετῆς,
2417 1412 2492 1485 μὴ
2523 1413 2727 1486 ἑκούσῃ
2756 1414 2909 1485 πόμα
2937 1413 3295 1478 διδασκαλίας
3318 1413 3495 1478 θείας.

2237 1682 2414 1737 Ὀδὸν
2451 1683 2683 1746 πόλεως
2707 1681 3173 1748 κατοικητηρίου
3201 1682 3316 1748 οὐχ
3342 1675 3545 1748 εὗρον.
3576 1679 3744 1742 Πόλις

2158 1774 2588 1844 κατοικητηριου
2647 1775 2677 1825 ὁ
2703 1772 2958 1843 οὐρανὸς,
2990 1765 3052 1825 οὗ
3094 1772 3197 1841 τὴν
3222 1771 3342 1825 ὁδὸν
3367 1771 3468 1841 οὐχ
3502 1766 3664 1841 εὖρον
3693 1773 3744 1825 οἱ

468 1877 758 1933 venerant,
795 1870 965 1923 νυιυιί
995 1872 1292 1926 errabundi
1331 1891 1344 1927 :
1378 1873 1463 1928 vel
1491 1873 1613 1942 ipsa
1646 1873 1813 1927 etiam
1853 1874 2048 1944 cogni-

2170 1867 2502 1936 πλανώμενοι
2525 1881 2538 1894 ’
2571 1866 2658 1936 εἴη
2684 1865 2730 1918 δ’
2758 1865 2825 1920 ἂν
2849 1868 2883 1935 ὴ
2913 1864 3234 1935 θεογνωσία,
3268 1866 3364 1919 καὶ
3397 1864 3432 1934 η
3460 1862 3742 1929 εὐσέϐεια,

475 1960 702 2047 tioVDei,
737 1962 1046 2031 virtusque,
1071 1972 1128 2018 et
1161 1965 1372 2035 religio.

548 2049 718 2109 Vnus.
751 2053 808 2107 5.
871 2051 1184 2110 Esurientes
1220 2064 1269 2109 et
1293 2057 1549 2110 sitientes.
1585 2053 1994 2113 Erantscilicet
2030 2078 2044 2115 :

463 2158 646 2214 neque
674 2145 821 2200 enim
859 2146 1235 2217 cognitionem
1281 2149 1377 2205 Dei
1436 2158 1533 2203 aut
1596 2149 1906 2205 doctrinam
1967 2152 2049 2206 ul-

470 2238 911 2303 lambabebaut,
956 2254 1064 2311 qua
1108 2241 1291 2296 cibum
1352 2250 1446 2297 aut
1505 2251 1693 2313 potum
1756 2244 2050 2301 animabus

467 2331 586 2386 suis
615 2339 967 2401 pra-starent.

542 2422 731 2476 Anima
761 2440 944 2477 eorum
976 2425 1031 2477 in
1066 2425 1194 2494 ipsis
1219 2424 1430 2496 defecit.
1467 2426 1526 2481 lu
1592 2428 1834 2496 peccatis
1888 2428 2052 2482 nimi-

465 2529 590 2568 rum
622 2516 885 2582 contrita,
919 2523 1085 2586 atque
1108 2517 1219 2571 imo
1282 2519 1451 2571 etiam
1496 2515 1687 2573 ell‘ecta
1742 2519 1942 2575 debilis
1997 2528 2052 2574 et

463 2606 706 2663 inﬁrma.

541 2697 708 2754 Vens.
740 2699 796 2755 6.
841 2699 909 2754 Et
933 2701 1301 2755 clamauerunt
1329 2700 1400 2756 ad
1468 2701 1753 2755 Dominum
1785 2718 1904 2756 cum
1953 2703 2054 2757 tri-

466 2795 803 2854 bularentur.
828 2797 1155 2854 Clamabam
1189 2800 1477 2870 prophetae
1509 2798 1577 2855 ad
1608 2799 1931 2864 Dominum,
1963 2814 2053 2854 sa-

466 2888 637 2944 lutem
679 2905 745 2946 ac
784 2893 1219 2962 redemptionem
1245 2892 1489 2963 gentium
1519 2902 1775 2963 Optantes
1797 2909 1814 2959 ;
1839 2892 2054 2962 ipsique

464 2984 645 3052 angeli
694 2987 921 3053 pariter,
980 2985 1075 3055 qui
1137 2984 1415 3041 universis
1473 2987 1675 3040 sortito
1727 2983 2052 3041 nationibus

464 3080 730 3141 praesunt.

540 3158 608 3212 Et
631 3161 696 3215 de
721 3160 968 3217 omnibus
1009 3162 1418 3217 necessitatibus
1474 3178 1659 3217 eorum
1701 3164 1898 3234 eripuit
1941 3180 2049 3220 eos.

466 3245 542 3300 Dc
570 3248 863 3318 multiplici
895 3248 1109 3305 scilicet
1143 3248 1454 3305 dzemonum
1487 3248 1799 3321 tyrannide.

539 3333 700 3390 Vens.
734 3337 787 3390 7.
816 3333 886 3389 Et
919 3336 1141 3391 deduxit
1165 3354 1254 3392 eos
1291 3337 1350 3391 in
1375 3338 1515 3391 viam
1550 3347 1775 3392 rectam.
1809 3336 1943 3404 Quae
1981 3337 2049 3393 ad

462 3423 668 3478 caelum
701 3423 880 3488 ducit,
908 3438 1074 3494 quam
1107 3423 1268 3480 antea
1308 3438 1422 3478 non
1458 3425 1815 3492 invenerunt,
1834 3439 1959 3480 cum
1990 3426 2046 3481 in

462 3528 655 3570 errore
682 3516 952 3586 degerent
985 3538 997 3571 :
1039 3516 1367 3571 incarnatus
1394 3530 1525 3572 vero
1551 3513 1697 3571 Deus
1730 3515 1925 3571 docuit
1950 3531 2049 3572 eos

463 3619 687 3660 onmem
709 3606 1028 3660 veritatem.

546 3694 616 3750 Ut
639 3697 777 3751 irent
799 3699 854 3751 in
881 3698 1150 3752 ciuitatem
1174 3697 1496 3753 habitaculi.
1520 3698 1598 3752 De
1625 3711 1734 3768 qua
1756 3698 1921 3767 paulo
1958 3713 2052 3755 su-

467 3786 656 3856 perius
679 3787 953 3843 'diximus.

540 3874 703 3931 Vens.
741 3876 795 3932 8.
824 3875 1191 3944 Conﬁteantur
1217 3877 1441 3933 Domino
1472 3878 1854 3935 misericordia:
1908 3881 2049 3951 ejus.

461 3967 828 4035 Annuntient,
858 3970 1062 4041 inquit,
1098 3971 1515 4028 misericordias
1548 3969 1640 4026 Dei
1673 3987 1801 4042 erga
1821 3987 1900 4027 se.

539 4058 605 4113 Et
637 4061 912 4116 mirabilia
939 4062 1058 4133 ejus
1080 4062 1214 4133 ﬁliis
1235 4064 1531 4119 hominum.
1558 4064 1625 4119 Et
1666 4075 1917 4130 narrent,
1963 4067 2044 4118 in-

462 4154 606 4219 quit,
662 4152 789 4208 illiis
853 4154 1140 4210 hominum
1200 4158 1256 4211 id
1312 4157 1714 4221 nescientibus,
1766 4155 2041 4211 mirabilia

464 4241 557 4295 Dei
591 4257 756 4313 opera
790 4244 845 4298 in
884 4259 1005 4309 eos,
1042 4260 1139 4301 seu
1167 4256 1394 4317 propter
1433 4262 1530 4304 eos
1563 4247 1730 4302 facta.

539 4332 704 4390 Vens.
737 4336 791 4392 9.
838 4336 981 4401 Quia
1009 4340 1493 4394 satiauitanimam
1538 4341 1770 4395 inanem.
1828 4338 2047 4395 Vacuas

466 4440 531 4480 ac
561 4429 870 4483 esurientes
889 4429 1104 4484 animas
1126 4431 1314 4485 divino
1339 4446 1480 4501 pane
1511 4432 1757 4502 implevit
1803 4439 2048 4501 potuquc

468 4515 687 4570 viviﬁco
723 4532 737 4570 :
780 4518 1095 4588 evangelica
1131 4520 1388 4574 nimirqu
1416 4521 1690 4575 doctrina.

544 4606 614 4659 Et
645 4608 882 4661 animam
916 4610 1233 4665 esurientem
1260 4612 1480 4667 satiavit
1536 4611 1709 4668 bonis.
1755 4612 1903 4668 Idem
1966 4627 2052 4666 re—

469 4700 607 4769 petit
633 4701 758 4755 aliis
790 4700 996 4758 verbis.

537 4812 705 4867 Vens.
736 4814 826 4870 l0.
854 4804 1104 4872 Sedenles
1155 4818 1211 4871 in
1253 4809 1483 4873 tenebris
1518 4829 1566 4872 et
1596 4816 1786 4875 umbro
1838 4820 2048 4873 mortis.

464 4904 583 4961 Hoc
610 4913 693 4960 est
722 4907 776 4960 in
809 4907 1055 4962 tenebris
1083 4910 1311 4964 erroris.
1366 4910 1539 4963 Error
1586 4907 1791 4962 etenim
1850 4908 2044 4962 umbra

463 5006 568 5059 est,
594 5009 762 5067 atque
796 4998 976 5068 imago
1009 5014 1289 5068 corporeae
1317 4999 1481 5068 hujus
1532 5001 1751 5061 mortis,
1819 4999 1951 5054 dum
2007 5013 2039 5051 a

464 5104 588 5144 vera
616 5103 681 5143 ac
710 5100 976 5160 perpetua
997 5091 1212 5147 crelesti
1237 5091 1350 5143 vita
1380 5105 1481 5145 nos
1505 5098 1746 5160 separat,
1771 5092 2040 5160 quemad.

462 5180 687 5234 modum
721 5181 811 5235 illa
838 5197 867 5234 a
909 5184 1189 5251 praesenti.
1811 5202 1815 5206 ·

549 5271 761 5327 Vinctos
795 5272 848 5327 in
880 5272 1215 5326 mendicitate
1250 5281 1300 5326 et
1340 5272 1505 5340 ferro.
1551 5273 1610 5328 In
1668 5275 2041 5339 mendicitate,

478 5362 582 5416 hoc
605 5372 712 5426 est,
740 5364 921 5432 inopia
947 5362 1212 5416 virtutum
1238 5362 1291 5417 in
1326 5363 1452 5419 forti
1482 5374 1743 5436 praeterea
1777 5382 1842 5422 ac
1891 5367 2046 5436 grati

486 5462 678 5507 catena
701 5463 1051 5523 peccatorum
1076 5470 1090 5505 :
1120 5452 1334 5511 Catenis
1361 5457 1531 5517 enim,
1568 5458 1765 5527 inquit,
1803 5467 2045 5527 peccato-

452 5560 595 5597 rum
616 5561 835 5600 suorum
869 5546 1230 5617 unusquisque
1259 5550 1664 5620 constringitur.

544 5633 704 5690 \‘an.
735 5636 822 5689 ll.
849 5634 990 5700 Quia
1012 5638 1456 5695 exacerbaverunt
1504 5641 1713 5712 eloquia
1760 5639 1879 5695 Dei.
1931 5638 2047 5695 Hoc

550 5810 592 5841 ⁸ο
633 5810 777 5864 Psil.
817 5824 973 5875 xvtn,
1002 5809 1059 5864 5.

2153 1957 2249 2010 καὶ
2266 1957 2324 2009 αί
2346 1956 2561 2027 ἀρεταί.

2222 2049 2555 2113 Πεινῶντες
2587 2048 2689 2103 καὶ
2727 2048 3045 2117 διψωντες.
3137 2047 3293 2102 Ησαν
3325 2045 3593 2117 δηλονοτι·
3635 2047 3744 2099 οὐκ

2152 2139 2297 2213 εἶχον
2330 2142 2441 2214 γὰρ
2481 2141 2876 2212 θεογνωσίανῆ
2903 2139 3263 2195 διδασκαλίαν
3295 2137 3606 2210 τρέφουσαν
3643 2139 3744 2191 καὶ

2154 2237 2381 2301 ποτίζου
2390 2253 2487 2291 σαν
2519 2236 2723 2307 ψυχάς.

2234 2424 2305 2479 'Il
2347 2419 2521 2491 ψυχὴ
2550 2418 2751 2475 αὐτῶν
2769 2419 2841 2474 ἐν
2864 2419 3073 2486 αὐτοῖς
3094 2417 3399 2485 ἐξέλιπεν.
3445 2416 3534 2472 Ἑν
3551 2417 3743 2488 ἁμαρ-

2150 2519 2244 2592 τίᾳ
2279 2517 2604 2591 κατετρίϐη,
2635 2513 2995 2587 ἐξησθένησε.

2223 2700 2333 2756 Kal
2361 2698 2705 2768 ἑκέκραξαν
2732 2697 2890 2767 πρὸς
2920 2697 3146 2766 Κύριον
3188 2696 3260 2750 ἐν
3282 2691 3365 2760 τῷ
3425 2694 3745 2751 θλίϐεσθαι

2153 2795 2398 2860 αὐτούς.
2426 2791 2773 2865 Ἐκέκραξαν
2797 2792 2846 2845 oi
2879 2791 3163 2861 προφῆται
3192 2786 3336 2859 ὑπὲρ
3382 2785 3587 2850 αὐτῶν,
3639 2788 3745 2841 και

2151 2890 2204 2945 οί
2233 2889 2369 2943 θεῖοι
2401 2887 2651 2958 ἄγγελοι,
2681 2886 2733 2939 oi
2761 2882 3166 2956 προεστηκότες
3194 2880 3306 2936 τῶν
3342 2879 3541 2935 ἐθνῶν.

2226 3150 2337 3207 Καὶ
2365 3149 2434 3205 ἐκ
2473 3146 2595 3203 τῶν
2633 3143 2917 3218 ἀναγκῶν
2946 3142 3144 3199 αὐτῶν
3168 3140 3463 3212 ἐρῤὐσατο
3487 3136 3742 3204 αὐτούς.

2078 3232 2123 3292 C
2167 3246 2267 3300 Ἐκ
2293 3243 2405 3298 τῶν
2438 3239 2777 3311 τυραννίδων
2797 3237 2908 3291 τῶν
2933 3237 3231 3306 δαιμόνων.

2225 3338 2336 3393 Kal
2392 3336 2713 3407 ὡδήγησεν
2749 3330 2974 3397 αὐτοὺς
3008 3332 3097 3395 εις
3125 3327 3271 3384 ὁδὸν
3303 3325 3562 3382 εὐθεῖαν.
3623 3323 3745 3393 Τὴν

2155 3432 2466 3501 ἀνάγουσαν
2492 3429 2629 3500 πρὸς
2666 3426 2761 3480 τὸν
2797 3423 3057 3495 οὐρανὸν,
3088 3422 3158 3493 ἦν
3181 3418 3450 3490 πρότερον
3482 3416 3584 3485 οὐχ
3644 3408 3746 3469 εἶι-

2158 3539 2246 3592 ρον
2276 3524 2335 3576 ὲν
2370 3521 2549 3591 πλάνῃ
2577 3518 2859 3587 διάγοντες
2879 3532 2893 3548 ·
2925 3512 3362 3587 ἑνανθρωπήσας
3392 3511 3502 3580 γὰρ
3555 3508 3743 3563 ἐδίδα-

2154 3616 2245 3684 ξεν
2277 3615 2475 3679 αὐτοὺς
2505 3613 2610 3683 τὴν
2636 3611 2918 3682 ἀλήθειαν.

2230 3710 2343 3765 Τοῦ
2371 3704 2747 3776 πορευθῆναι
2768 3706 2858 3771 εις
2876 3706 3063 3759 πόλιν
3092 3697 3571 3768 κατοικήτηριον.
3596 3696 3746 3769 Περὶ

2151 3794 2214 3856 οὗ
2245 3800 2442 3872 μικρὸν
2468 3797 2728 3868 ἀνωτέρω
2757 3794 3103 3865 διελάϐομεν.

2235 3886 2956 3958 Ἐξομολογησὰσθωσαν
2997 3881 3079 3949 τῷ
3115 3883 3311 3950 Κυρίῳ
3342 3882 3417 3937 τὰ
3448 3882 3592 3948 sum
3621 3884 3743 3936 αὺ-

2154 3982 2285 4037 τοῦ.
2337 3979 2902 4049 Ἐξαγορευσάτωσαν
2932 3974 3003 4030 τὰ
3025 3977 3107 4039 είς
3141 3974 3339 4036 αὐτοὺς
3379 3972 3503 4042 ἑλέη
3541 3972 3738 4026 αὐτοῦ.

2225 4072 2335 4128 Καὶ
2356 4071 2427 4127 τὰ
2459 4070 2767 4140 θαυμάσια
2790 4067 2979 4124 αὐτοῦ
3033 4066 3157 4131 τοῖς
3185 4064 3338 4129 υιοῖς
3368 4063 3485 4117 τῶν
3508 4064 3745 4129 ἀνθρώ·-

2153 4183 2310 4220 πων.
2340 4165 2418 4218 Τὰ
2443 4167 2524 4227 εἰς
2552 4163 2752 4224 αὐτοὺς
2782 4163 2813 4233 ἦ
2844 4161 2912 4214 δι’
2931 4160 3130 4221 αὐτοὺς
3152 4158 3437 4225 θαυμάσια
3460 4155 3743 4224 διηγησα-

2153 4258 2374 4310 σθωσαν
2405 4257 2521 4319 τοῖς
2543 4252 2835 4322 ἀγνοοῦσιν
2868 4250 3033 4304 αὐτά.

2224 4348 2355 4401 Ὀτι
2387 4347 2683 4416 ἐχόρτασε
2715 4342 2931 4413 ψυχὴν
2962 4339 3175 4407 κενήν.
3198 4341 3391 4410 Ψυχὰς
3460 4336 3743 4400 πεινώσας

2152 4440 2420 4510 ἐνέπλησε
2446 4438 2593 4492 θείου
2621 4437 2788 4509 ἄρτου
2807 4437 2904 4490 καὶ
2930 4436 3177 4505 πόματος
3211 4431 3533 4505 ζωηρρύτου
3550 4446 3564 4462 ·
3586 4430 3743 4499 λέγω

2150 4529 2217 4600 δὴ
2252 4530 2353 4598 τῆς
2396 4525 2768 4596 εὐαγγελικῆς
2821 4522 3194 4585 διδασκαλίας.

2226 4619 2337 4674 Kal
2363 4617 2577 4687 ψυχὴν
2630 4613 2945 4668 πεινῶσαν
2967 4611 3314 4680 ἐνέπλησεν
3346 4608 3606 4678 ἀγαθῶν.
3659 4608 3741 4660 Τὸ

2152 4713 2290 4767 αὐτὸ
2321 4713 2472 4780 λέγει
2512 4709 2699 4763 πάλιν.

2226 4804 2616 4871 Καθημένους
2667 4801 2740 4855 ἐν
2766 4799 2975 4854 σκότει
3002 4798 3098 4852 καὶ
3130 4794 3277 4866 σκιᾷ
3303 4794 3586 4852 θανάτου.
3643 4793 3737 4845 Ἐν

2157 4898 2342 4952 σκότει
2375 4896 2609 4966 πλάνης,
2661 4894 2787 4965 ἥτις
2824 4894 2972 4946 ἐστὶν
3034 4892 3198 4945 είκὼν
3261 4889 3518 4952 θανάτου,
3564 4887 3737 4956 χωρία

2155 4985 2327 5047 ζουσα
2351 4983 2449 5053 τῆς
2480 4982 2747 5051 ἀληθινῆς
2774 4980 2945 5051 ζωῆς,
2975 4981 3052 5043 ὡς
3083 4982 3113 5031 ὁ
3147 4978 3381 5042 θανάτος
3405 4980 3504 5047 τῆς
3529 4976 3739 5045 παρού-

2155 5091 2276 5143 σης.

2225 5258 2691 5328 Πεπεδημένους
2755 5257 2823 5310 ἐν
2892 5255 3158 5325 πτωχείᾳ
3195 5252 3297 5307 καὶ
3344 5250 3592 5320 σιδήρῳ.
3642 5250 3730 5300 Ἐν

2155 5351 2401 5423 πτωχείᾳ
2460 5350 2695 5421 ἀρετῶν,
2739 5349 2834 5402 καὶ
2895 5347 3064 5417 κλοιῷ
3132 5343 3340 5417 ίσχυρῷ
3425 5344 3520 5396 καὶ
3575 5337 3731 5411 βαρεῖ

2156 5445 2600 5516 ἁμαρτημάτων,
2659 5442 2892 5513 Σειραῖς
2915 5442 3047 5512 γὰρ,
3070 5440 3258 5511 φησὶν,
3284 5437 3439 5491 ἐκίισ
3452 5455 3554 5502 τος
3593 5433 3733 5486 ἐαυ-

2162 5542 2284 5597 τῶν
2320 5536 3271 5610 ἁμαρτημάτωνπερισφίγγεται.

2231 5634 2364 5687 Ὀτι
2405 5629 2861 5700 παρεπίκραναν
2898 5625 2969 5681 τὰ
2999 5627 3174 5695 λόγια
3208 5622 3315 5677 τοῦ
3344 5618 3513 5675 Θεοῦ.
3575 5616 3734 5670 Ἤτοι
