4052 6412
378 340 507 405 ιοθι
570 314 580 323 ’

1509 345 1659 404 (10)]
1672 346 1721 404 Μ
1736 342 1904 404 ΕΝΓ.
1948 341 2031 401 ΙΝ
2063 345 2195 405 PSA
2208 348 2425 411 LMOS.

3491 355 3629 420 1062

368 468 461 522 τὸν
497 464 725 532 λέγοντα
779 464 906 534 περὶ
941 467 1038 534 τῆς
1095 464 1370 537 σωτηρίας
1395 462 1579 517 αὐτῶν
1639 461 1778 514 Θεόν
1816 478 1828 492 ·
1857 459 1947 512 λέ-

2056 472 2163 525 est.
2195 462 2362 520 Deum
2398 466 2576 538 ipsum
2612 469 2928 540 loquentem
2958 471 3025 526 de
3055 485 3240 526 eorum
3285 471 3483 539 salute,
3548 479 3630 529 lc-

369 574 535 627 γοντα
584 556 640 609 δὲ
663 557 753 610 διὰ
822 554 917 609 τοῦ
973 556 1219 625 ἐμφύτου
1283 555 1442 624 λόγου
1511 557 1676 609 πᾶσιν
1738 552 1950 623 ἀνθρώ-

372 664 519 712 ποις,
587 646 685 701 καὶ
715 645 883 716 νόμου
937 648 1032 700 τοῦ
1060 647 1306 710 δοθέντος
1351 646 1649 715 Ἰουδαίοις,
1686 646 1781 698 καὶ
1812 662 1948 716 προσ

372 738 576 808 φητῶν.
634 740 729 792 καὶ
781 737 1135 810 εὐεργεσιῶν,
1198 739 1293 792 καὶ
1349 738 1615 801 ἀπειλῶν,
1655 739 1750 791 καὶ
1807 740 1950 808 πλη-

370 830 506 900 γῶν,
547 831 645 883 καὶ
675 830 907 898 λοιπῶν,
963 829 1055 898 ὑφ’
1104 824 1180 884 ὧν
1232 830 1559 901 ὲκτριϐῆναι
1594 830 1696 901 τὴν
1750 831 1950 884 κακίαν

370 924 433 976 τὸ
478 921 925 993 σπουδαζόμενον
981 916 1074 992 ἦν,
1134 921 1210 986 ὡς
1249 924 1276 975 ὁ
1322 920 1584 990 Θεολόγος
1622 922 1760 993 φησὶ
1806 924 1949 993 Γρη-

370 1016 578 1086 γόριος.
1660 1016 1663 1019 ’

441 1107 552 1163 Καὶ
611 1110 728 1176 τὴν
775 1108 1026 1175 βουλὴν
1051 1107 1158 1161 τοῦ
1220 1105 1516 1174 Ὑψίστου
1558 1106 1944 1173 παρώξυναν.

374 1203 581 1271 Ἠγουν
639 1201 732 1254 τὸν
765 1199 1089 1271 βουλόμενον
1113 1198 1213 1268 τὴν
1241 1197 1522 1269 σωτηρίαν
1555 1198 1738 1252 αὐτῶν
1785 1198 1949 1267 ’Υψι-

373 1310 538 1348 στονο
580 1293 741 1361 λόγια
784 1293 894 1362 γὰρ
957 1290 1096 1344 Θεοῦ
1129 1290 1222 1344 τὸν
1251 1290 1405 1356 Θεὸν,
1468 1291 1612 1345 κατὰ
1671 1292 1948 1361 περίφρα-

372 1402 479 1448 σιν,
513 1384 608 1437 καὶ
633 1382 830 1454 βουλὴν
854 1381 1113 1452 Ὑψίστου
1161 1382 1255 1436 τὸν
1282 1380 1548 1451 Ὕψιστον
1573 1381 1810 1437 ἐνταῦθα
1839 1381 1947 1453 χρὴ

371 1480 536 1531 νοεῖν.

444 1569 549 1623 Kal
601 1565 967 1634 ἐταπεινώθη
1025 1564 1094 1619 ἐν
1135 1565 1348 1631 κόποις
1392 1566 1431 1634 ἡ
1467 1564 1681 1633 καρδία
1724 1565 1944 1622 αὐτῶν.

381 1659 912 1732 Ἕταλαιπώρησενή
935 1659 1082 1730 ψυχὴ
1118 1658 1302 1712 αὐτῶν
1345 1662 1402 1714 ὲν
1423 1660 1611 1723 κόποις
1644 1661 1741 1731 τῆς
1759 1661 1945 1732 ἅμαρ-

368 1771 511 1818 τιας.

365 1937 565 2000 αὐτοὺς
607 1939 707 2001 τῆς
735 1935 1047 2004 τυραννίδος
1084 1934 1179 1988 τοῦ
1208 1933 1479 1989 διαϐόλου.

440 2025 551 2081 Kal
580 2025 909 2096 ὲκέκραξαν
931 2026 1084 2094 πρὸς
1111 2025 1353 2095 Κύριον,
1382 2025 1452 2079 ἐν
1503 2023 1585 2089 τῷ
1637 2025 1945 2079 θλίϐεσθαι

366 2118 611 2184 αὐτοὺς,
674 2117 774 2171 καὶ
812 2117 883 2172 ἐκ
936 2115 1059 2171 τῶν
1121 2115 1406 2185 ἀναγκῶν
1450 2114 1650 2170 αὐτῶν
1708 2115 1948 2169 ἔσωσεν

361 2209 611 2276 αὐτούς.
645 2208 878 2280 Εἴρηται
907 2208 1039 2280 περὶ
1092 2209 1300 2263 τούτων
1338 2208 1617 2280 ἀνωτέρω.
1673 2207 1947 2277 Τετράκις

368 2302 479 2373 γὰρ
510 2303 569 2355 ὲν
585 2300 691 2372 ὅλῳ
712 2300 789 2372 τῷ
821 2299 1022 2371 ψαλμῷ
1059 2297 1232 2353 ταῦτα
1264 2296 1529 2365 τέθεικεν,
1570 2297 1852 2368 ἐμφαίνων
1883 2294 1946 2349 τὸ

371 2391 602 2463 μέγεθος
623 2391 724 2462 τῆς
750 2390 1094 2462 εὐεργεσίας.
1926 2383 1931 2389 ’

438 2575 550 2629 Kal
583 2575 882 2645 ἐξήγαγεν
925 2574 1148 2641 αὐτοὺς
1188 2576 1256 2629 ἐκ
1310 2576 1572 2642 σκότους
1625 2574 1724 2628 καὶ
1767 2589 1946 2640 metae

366 2668 651 2726 θανάτου.
685 2668 913 2741 Εἴρηται
946 2669 1075 2740 περὶ
1114 2667 1210 2723 τοῦ
1243 2668 1470 2732 σκότους
1508 2668 1607 2722 καὶ
1637 2669 1737 2737 τῆς
1787 2671 1947 2730 σκιᾶς

367 2760 463 2814 τοῦ
494 2760 745 2818 θανάτου.

439 2853 549 2909 Kal
582 2853 724 2920 τοὺς
753 2852 1018 2924 δεσμοὺς
1068 2849 1268 2907 αὐτῶν
1293 2852 1627 2922 διέρρηξεν.
1695 2854 1836 2917 Τοὺς
1861 2854 1948 2908 δε·-

372 2950 542 3019 σμοὺς
565 2948 662 3018 τῆς
687 2946 985 3019 ἁμαρτίας,
1006 2945 1098 3011 οὓς
1130 2947 1396 3001 ἐπέϐαλεν
1422 2948 1604 3011 αὐτοῖς
1623 2949 1651 3000 ὁ
1672 2946 1942 3014 διάϐολος,

367 3043 496 3105 τοὺς
535 3042 769 3112 δεσμοὺς
791 3040 891 3112 τῆς
909 3039 1156 3103 δουλείας
1187 3039 1297 3094 τῶν
1325 3039 1620 3109 δαιμόνων.

455 1801 855 1911 Σίίίσθένησαν,
882 1844 981 1896 καὶ
1017 1843 1129 1896 οὐκ
1165 1836 1245 1912 ἦν
1263 1844 1296 1895 ό
1313 1841 1579 1909 ,ϐοηθῶνο
1597 1842 1656 1894 Ὀ
1679 1840 1946 1913 ῥυόμενοῖ
1978 1801 2020 1856 Β

2052 565 2335 622 queittem,
2370 556 2614 627 inquam,
2647 576 2746 630 per
2770 576 2892 617 eam
2916 558 3210 627 rationein,
3272 578 3396 634 quae
3451 567 3631 619 omni-

2054 646 2158 702 bus
2191 648 2504 706 hominibus
2540 651 2705 708 insita
2729 665 2811 707 est
2846 673 2860 709 :
2900 656 2984 710 vel
3039 669 3135 725 per
3184 655 3358 725 legem
3420 659 3626 724 datam,

2052 757 2146 809 [ινιτ
2187 743 2513 811 prophetas,
2548 760 2644 812 per
2678 745 2959 811 bcnelicia,
2993 763 3091 816 per
3120 748 3324 814 minas,
3357 762 3455 820 per
3516 754 3581 818 pl;
3603 780 3631 792 -

2050 847 2169 901 gas,
2197 841 2252 887 et.
2283 848 2377 900 per
2405 842 2601 888 caetera
2634 836 2841 899 omnia,
2872 837 3090 904 quibus,
3156 849 3215 892 ut
3268 840 3450 910 inquit
3494 839 3633 894 Gri-

2050 923 2235 991 gorius
2258 921 2597 994 Theologus,
2628 925 2840 980 studuit
2874 928 3153 983 Deusritia
3179 930 3459 987 hominum
3487 948 3625 988 eon-

2051 1024 2251 1072 terere.

2125 1104 2189 1161 Et
2222 1109 2503 1162 consilium
2531 1108 2795 1164 Allissimi
2826 1112 3185 1168 irritaverant.
3206 1114 3388 1185 Ipsum
3415 1118 3628 1172 scilicet

2058 1196 2435 1265 Altissimum,
2470 1215 2661 1254 eorum
2700 1202 2864 1257 saluti
2911 1206 3315 1270 consulentem,
3348 1223 3443 1276 per
3509 1210 3626 1264 elo-

2047 1286 2179 1357 quia
2209 1288 2354 1341 enim
2393 1290 2509 1355 Dei,
2553 1292 2737 1361 et'per
2778 1296 3069 1350 consilium
3114 1296 3405 1365 Altissinti,
3456 1301 3625 1355 Deum

2048 1377 2230 1447 ipsum
2259 1380 2743 1451 circutuloquitur.

2121 1561 2283 1617 Vens.
2316 1561 2401 1615 1‘2.
2438 1557 2501 1612 Et
2535 1560 2873 1614 humiliatuin
2899 1572 2976 1615 est
3007 1565 3059 1617 in
3081 1564 3355 1620 laboribus
3378 1584 3470 1621 cor
3536 1585 3627 1622 eo-

2051 1670 2186 1708 rum.
2223 1652 2439 1709 Alllicta
2476 1663 2559 1711 est
2586 1654 2823 1709 miseriis
2892 1656 3075 1709 anima
3130 1673 3319 1713 eorum
3373 1661 3427 1713 in
3474 1661 3629 1715 malis

2048 1753 2101 1797 et
2138 1744 2398 1814 peccatis.

2121 1833 2395 1902 Inﬁrntati
2446 1843 2592 1896 sunt,
2628 1845 2679 1889 et
2714 1853 2814 1889 non
2850 1845 2989 1899 erat,
3046 1840 3137 1906 qui
3185 1840 3486 1908 adjuvaret.
3519 1842 3620 1908 Qui

2051 1932 2285 1994 eriperet
2318 1943 2412 1981 eos
2440 1942 2469 1980 a
2502 1928 2787 1999 tyrannide
2809 1928 3030 1983 diaboli.

2128 2017 2288 2074 Vsus.
2331 2019 2417 2073 15.
2466 2017 2532 2072 Et
2563 2020 2927 2074 clamauerunt
2959 2024 3028 2075 ad
3061 2023 3340 2076 Dominum
3374 2042 3490 2078 cum
3523 2028 3624 2078 tri-

2051 2110 2362 2165 bularentur
2393 2124 2443 2165 et
2471 2112 2533 2165 de
2572 2114 2974 2167 necessitatibus
3011 2133 3195 2169 eorum
3242 2118 3467 2171 salvarit
3511 2138 3621 2173 eos.

2049 2199 2172 2254 llaec
2188 2202 2376 2267 verba,
2394 2202 2588 2271 quibus
2613 2204 2881 2274 Propheta
2904 2205 3211 2260 divinorum
3237 2208 3283 2262 b.
3304 2209 3622 2263 uelit-iurum

2048 2294 2483 2365 magnitudinem
2552 2298 2863 2366 exprimere
2925 2310 3206 2370 satagens,
3262 2303 3317 2354 in
3370 2304 3625 2370 praesenti

2047 2389 2262 2458 psalmo
2293 2391 2517 2458 saepius,
2552 2390 2655 2446 hoc
2682 2400 2786 2457 est,
2823 2402 3018 2462 quater
3053 2394 3268 2461 repetit,
3301 2395 3413 2465 jam
3448 2410 3478 2449 a
3522 2412 3624 2451 no-

2048 2480 2132 2537 bis
2163 2484 2419 2552 superius
2446 2486 2692 2554 exposita
2726 2493 2877 2542 sunt.

2122 2571 2288 2629 Vens.
2333 2574 2420 2629 l4.
2466 2574 2534 2629 Et
2568 2576 2755 2630 eduxit
2788 2594 2876 2630 eos
2930 2594 2995 2631 ue
3044 2580 3296 2645 tenebris,
3349 2590 3399 2635 et
3434 2582 3623 2636 umbra

2049 2666 2260 2718 mortis.
2316 2666 2496 2736 Atque
2553 2667 2670 2721 haec
2704 2669 2867 2722 verba
2921 2670 3088 2725 etiam
3146 2673 3404 2740 superius
3454 2678 3625 2743 expo-

2050 2772 2289 2813 sumtus.

2120 2848 2191 2902 Et
2220 2849 2436 2903 vincula
2462 2864 2646 2903 eorum
2688 2850 2910 2920 dirupit.
2938 2850 3169 2907 Vincula
3199 2855 3455 2913 videlicet
3491 2875 3622 2928 pec-

2047 2938 2182 3005 cati,
2227 2940 2432 3008 quibus
2479 2940 2695 2995 daemon
2747 2957 2842 2998 eos
2907 2942 3232 3011 involverat,
3285 2948 3367 3003 vel
3407 2949 3625 3005 vincula

2050 3031 2334 3087 servitutis
2358 3032 2694 3090 diemonum.

457 3132 1154 3203 Ἐξομολοτησὰσθωσαν
1184 3130 1264 3198 τῷ
1291 3132 1489 3202 Κυρίῳ
1523 3131 1596 3186 τὰ
1643 3132 1785 3201 ὲλέη
1834 3135 1936 3189 αὐ-

2121 3121 2288 3178 Vsns.
2499 3122 2865 3193 Conﬁleantur
2946 3127 3178 3183 Domino
3246 3134 3627 3189 misericordia:

366 3226 496 3290 τοῦ,
522 3226 622 3280 καὶ
655 3226 724 3280 τὰ
763 3225 1065 3294 θαυμάσια
1094 3224 1281 3280 αὐτοῦ
1329 3223 1455 3291 τοῖς
1487 3223 1642 3292 υίοῖς
1672 3225 1791 3281 τῶν
1840 3228 1949 3282 ἀν-

367 3316 637 3387 θρώπων.
717 3318 953 3390 Ἐρρήθη
996 3317 1091 3371 καὶ
1133 3319 1262 3389 περὶ
1300 3317 1508 3372 τούτων
1538 3337 1550 3349 ·
1596 3319 1803 3390 ὁμοίως
1837 3320 1948 3392 γὰρ

366 3409 619 3481 τετράκις
654 3410 714 3463 ἐν
775 3411 883 3482 ὅλῳ
926 3410 1006 3481 τῷ
1048 3409 1251 3482 ψαλμῷ
1303 3410 1396 3465 καὶ
1444 3411 1616 3466 ταῦτα
1674 3411 1947 3479 τέθεικεν,

368 3501 660 3557 ἐπιτείνων
691 3502 793 3574 τὴν
822 3502 1202 3576 εὐχαριστίαν.

442 3686 569 3741 Ὀτι
632 3684 958 3755 συνέτριψε
1012 3685 1213 3753 πύλας
1267 3688 1523 3758 χαλκᾶς.
1580 3688 1761 3752 Πύλας
1798 3690 1947 3758 ἰσχυ-

367 3782 508 3853 ρὰς,
566 3779 742 3843 πύλας
793 3780 1126 3851 ἀρρήκτους,
1190 3779 1292 3844 τὰς
1363 3781 1457 3834 τοῦ
1491 3780 1655 3852 ᾄδων
1682 3781 1945 3834 κατέλυσε

369 3875 477 3946 γὰρ
500 3873 670 3938 αὐτὰς
727 3874 846 3927 ἐκεῖ
895 3872 1195 3937 κατελθὼν,
1281 3875 1373 3926 καὶ
1431 3873 1529 3937 τὰς
1569 3872 1947 3943 κατεχομένας

364 3966 542 4038 ψυχὰς
572 3967 831 4036 ἐξήγαγε·

439 4062 548 4117 Kal
581 4062 853 4132 μοχλοὺς
899 4062 1068 4128 (nam
1084 4061 1192 4126 οῦς
1220 4058 1631 4114 συνέθλασεν.
1667 4058 1808 4122 Τοὺς
1838 4056 1945 4111 τῶν

365 4153 627 4208 τοιούτων
653 4153 837 4208 πυλῶν
859 4171 871 4183 ·
898 4150 1009 4209 εἷεν
1031 4151 1077 4206 δ’
1105 4154 1173 4206 ἂν
1225 4152 1393 4206 πύλαι
1424 4151 1555 4224 ᾅδου
1592 4153 1687 4206 καὶ
1744 4151 1944 4224 μοχλοὶ

366 4244 429 4301 τὸ
463 4246 706 4316 ἄφυκτον
728 4246 894 4300 αὑτοῦ
956 4247 1051 4300 καὶ
1073 4244 1469 4311 ἁδιεξέλευτον.

450 4449 823 4505 Ἀντελάϐετο
883 4448 1084 4504 αὐτῶν
1118 4447 1189 4514 ἐξ
1230 4446 1375 4536 odor}
1417 4445 1673 4516 ἀνομίας
1721 4442 1942 4502 αὐτῶν.

370 4544 491 4596 Ἔτι
518 4542 812 4602 ὁδευόντων
834 4543 896 4596 ἑν
916 4541 1139 4613 ἀνομίᾳ.

437 4747 537 4802 Διὰ
563 4748 676 4817 γὰρ
704 4745 812 4813 τὰς
858 4745 1112 4817 ἀνομίας
1173 4745 1374 4802 αὐτῶν
1429 4744 1940 4815 ἐταπεινώθησαν.

362 4841 883 4913 Ἐταλαιπώρησαν,
906 4841 1002 4895 καὶ
1036 4841 1317 4912 ἐφάνησαν
1367 4840 1552 4905 ἐλέους
1586 4841 1681 4896 καὶ
1714 4839 1941 4911 ἀντιλή-

361 4935 509 5003 ψεως
543 4933 705 4999 ἄξιοι.

438 5047 566 5102 Πᾶν
605 5045 819 5116 ,ϐρῶμα
864 5045 1228 5112 ἐϐδελύξατο
1281 5048 1319 5115 ἠ
1350 5047 1522 5116 ψυχὴ
1569 5048 1789 5103 αὐτῶν.
1825 5050 1939 5102 Πᾶν

366 5140 564 5211 βρῶμα
619 5141 873 5211 ψυχικδν,
917 5140 1160 5210 λογικὸν,
1198 5141 1585 5197 διδασκαλικόν
1611 5158 1626 5174 ·
1658 5141 1729 5195 δι’
1765 5143 1939 5213 ὑπερ-

364 5232 526 5303 ϐολὴν
560 5232 843 5303 καχεξίας.
902 5226 1014 5284 Καὶ
1055 5232 1243 5296 αὐτοῖς
1295 5234 1405 5302 γὰρ
1443 5233 1558 5295 τοῖς
1600 5230 1938 5297 Ἑλληνικοῖς

363 5324 633 5395 δόγμασιν
690 5324 1151 5395 δυσηρεστοῦντο.

441 5528 546 5581 Kal
608 5526 873 5598 ἤγγισαν
918 5529 1029 5595 ἓως
1079 5529 1198 5584 τῶν
1262 5530 1473 5586 πυλῶν
1507 5533 1614 5586 τοῦ
1643 5531 1935 5587 θανάτου.

367 5616 473 5672 Τοῦ
492 5621 754 5690 ψυχικοῦ,
791 5621 887 5676 τοῦ
926 5623 1314 5693 παραδιδόντος
1338 5626 1459 5687 ταῖς
1502 5625 1741 5688 αίωνίοις
1775 5626 1939 5680 κολά-

369 5725 505 5763 σεσι.
560 5710 743 5774 Πύλας
807 5712 866 5766 δὲ
918 5713 1151 5768 θανάτου
1205 5715 1354 5783 λέγει
1398 5715 1495 5779 τὰς
1563 5716 1811 5785 μεγάλας
1844 5718 1940 5770 καὶ

368 5800 611 5870 χαλεπὰς
636 5803 915 5876 ἁμαρτίας
972 5806 1072 5871 τὰς
1139 5808 1471 5877 εἰσαγούσας
1526 5812 1606 5873 είς
1649 5810 1855 5867 αὐτόν’
1902 5813 1938 5884 ἦ

2049 3214 2189 3284 ejus,
2214 3224 2263 3269 et
2290 3200 2562 3269 mirabilia
2591 3218 2706 3285 ejus
2739 3216 2868 3283 ﬁliis
2919 3218 3210 3276 hominum.
3266 3224 3392 3279 llrcc
3438 3228 3625 3292 verba,

2048 3325 2169 3381 qua:
2197 3319 2257 3363 ut
2302 3325 2618 3365 sermonem
2664 3311 2730 3367 de
2758 3313 3061 3383 gratiarum
3098 3318 3412 3373 actionibus
3442 3319 3626 3375 inten-

2047 3404 2264 3460 sionetu
2303 3402 2580 3469 redderet,
2614 3404 2781 3459 simili
2836 3407 3000 3462 modo
3043 3423 3073 3462 a
3119 3408 3395 3479 Pr0pbeta
3430 3424 3624 3481 quater

2045 3497 2100 3551 in
2143 3496 2247 3550 hoc
2275 3497 2491 3565 psalmo
2518 3493 2585 3550 de
2618 3497 2890 3552 industria
2933 3509 3285 3569 repetuntur,
3326 3503 3489 3572 paulo
3524 3520 3625 3559 suo

2046 3590 2232 3660 perius
2259 3604 2291 3644 a
2322 3590 2482 3644 nobis
2515 3591 2651 3645 satis
2675 3589 2953 3644 declarata
2985 3598 3135 3646 sunt.

2115 3681 2286 3738 Vsus.
2329 3681 2417 3737 16.
2461 3681 2603 3748 Quia
2636 3683 2883 3736 contrivit
2915 3693 3099 3751 portas
3130 3700 3319 3739 cereas.
3358 3684 3626 3742 Occlusas

2047 3776 2142 3831 diu
2179 3775 2336 3838 olim,
2365 3782 2421 3830 et
2448 3774 2631 3830 valide
2673 3774 2995 3830 obﬁrmatas
3048 3776 3249 3832 inferni
3285 3781 3485 3846 januas
3541 3779 3625 3833 in-

2046 3866 2210 3939 fregit
2240 3866 2526 3933 Dominus,
2563 3868 2825 3937 quoniam
2877 3868 3011 3922 illuc
3044 3869 3386 3926 descendens
3414 3871 3624 3926 carceri

2046 3960 2429 4029 emancipatos
2462 3967 2650 4028 patres
2676 3959 2902 4028 eripuit.

2118 4049 2187 4103 Et
2220 4060 2385 4104 vectes
2419 4049 2619 4119 ferreos
2656 4047 2943 4119 confregit.
2976 4048 3197 4116 Yectes,
3230 4051 3482 4120 inquam,
3521 4051 3626 4106 btt-

2041 4145 2284 4218 jusmodi
2314 4153 2621 4216 portarum.
2652 4144 2758 4199 Per
2786 4153 2976 4215 portas
3011 4147 3178 4200 etiam
3207 4161 3402 4210 aereas,
3441 4158 3495 4202 et
3527 4164 3624 4218 per

2046 4252 2230 4298 vectes
2286 4239 2499 4295 ferreos
2558 4239 2865 4309 intelligere
2924 4254 3233 4309 possumus,
3297 4240 3624 4311 signiﬁcari,

2046 4349 2211 4406 quam
2272 4332 2496 4388 difﬁcile
2526 4340 2675 4387 esset
2702 4330 2938 4386 evadere
2974 4332 3093 4386 loca
3128 4331 3244 4386 illa.

2118 4448 2287 4504 Vens.
2331 4448 2419 4503 17.
2476 4447 2696 4516 Adjuvit
2728 4463 2816 4500 eos
2855 4446 2913 4500 in
2945 4447 3030 4501 uia
3068 4448 3374 4516 iniquitatis
3414 4463 3620 4504 eorum.

2045 4540 2162 4596 Hoc
2193 4547 2301 4605 est,
2340 4556 2463 4594 cum
2502 4540 2682 4593 adhuc
2729 4537 2785 4591 in
2839 4536 3048 4607 iniquis
3102 4551 3167 4593 ac
3208 4538 3388 4609 pravis
3431 4554 3622 4595 eorum

2044 4632 2309 4705 operibus
2339 4632 2743 4703 perseverando
2770 4629 3154 4700 procederent.

2120 4749 2348 4820 Propter
2392 4747 2708 4817 iniquitates
2764 4744 2903 4797 enim
2957 4760 3082 4798 suas
3135 4743 3408 4800 humiliati
3461 4753 3612 4801 sunt.

2044 4839 2213 4895 Valde
2247 4838 2395 4894 enim
2431 4835 2616 4890 amicti
2664 4844 2818 4898 sunt,
2853 4834 2924 4888 ob
2949 4834 3097 4903 quod
3158 4835 3535 4892 misericordia
3567 4844 3622 4892 et

2047 4929 2257 4985 auxilio
2282 4927 2473 4983 divino
2498 4925 2697 4995 dignos
2733 4939 2793 4979 se
2824 4925 3213 4980 ostenderunt.

2114 5044 2281 5101 Vens.
2327 5044 2409 5098 l8.
2455 5041 2677 5096 Omnem
2736 5039 2910 5093 cibum
2961 5039 3271 5092 abominata
3322 5047 3402 5092 est
3437 5039 3624 5094 anima

2043 5154 2247 5194 eorum.
2280 5134 2536 5195 Omnem,
2572 5132 2821 5202 inquam,
2872 5130 3057 5185 cibum
3093 5130 3291 5184 a’nima:
3322 5132 3621 5184 rationabi-

2044 5231 2148 5286 lem
2188 5237 2241 5282 et
2270 5240 2488 5281 omnem
2532 5223 2865 5279 doctrinam.
2904 5210 3055 5277 Adeo
3102 5220 3250 5275 ert-im
3305 5220 3617 5290 depravatis

2044 5328 2198 5377 erant
2229 5317 2450 5381 animis,
2483 5326 2540 5371 ut
2571 5317 2687 5387 ipsa
2719 5315 2882 5370 etiam
2928 5314 3217 5374 gentilium
3251 5313 3432 5369 studia
3465 5311 3620 5370 fasti-

2044 5415 2241 5469 dircnt.

2115 5528 2185 5582 Et
2211 5527 2703 5598 appropinquarunt
2734 5538 2896 5594 usque
2928 5522 2999 5576 ad
3028 5530 3210 5590 partes
3236 5525 3448 5582 mortis.
3473 5524 3625 5580 Mor-

2043 5631 2154 5679 tem
2182 5619 2379 5675 animie
2410 5615 2686 5686 intelligit,
2732 5629 2855 5684 quae
2882 5613 3159 5684 perpetuis
3189 5617 3476 5689 suppiiciis
3516 5616 3621 5671 bo-

2045 5716 2244 5770 minem
2276 5709 2574 5769 obnoxium
2607 5706 2812 5764 reddit.
2853 5705 2952 5762 Per
2985 5719 3170 5778 portas
3193 5724 3374 5763 amem
3404 5710 3620 5773 mortis,

2049 5822 2243 5880 magna
2299 5820 2364 5860 ac
2413 5800 2600 5875 gravia
2669 5809 2952 5871 nuncupat
3005 5799 3205 5856 delicta
3284 5817 3400 5870 run-
3458 5795 3619 5854 morti
