4052 6406
394 410 534 476 1365

1539 409 1928 470 COMMENT.
1975 409 2057 472 IN
2097 408 2454 468 PSALMOS.

3496 404 3630 473 106C

467 521 948 591 Ἵέταρὰχθησαν,
1021 522 1455 591 ἐσαλεύθησαν
1518 524 1598 590 ὡς
1631 526 1664 577 ό
1705 522 1963 593 μεθύων.

2142 516 2310 570 Vens.
2353 518 2442 570 27.
2487 517 2705 570 Turbati
2756 528 2900 581 sunt,
2947 528 2994 571 et
3045 519 3294 571 commoti
3328 528 3450 572 sunt
3504 524 3641 576 sicut

399 615 808 685 Ἑσαλεύθησαν
856 616 956 680 τὰς
1023 618 1249 686 φρένας.
1319 618 1458 670 Ἀλλ’
1518 617 1549 670 ό
1583 618 1681 687 μὲν
1742 614 1963 685 μεθύων

390 709 680 762 σαλεύεται
712 709 818 762 ἀπὸ
849 709 1016 774 οίνου,
1045 701 1192 762 οὗτοι
1218 709 1296 774 δὲ,
1323 711 1430 763 ὑπὸ
1450 709 1640 780 φόϐου.

458 887 566 943 Kizl
601 887 770 943 πᾶσα
811 889 848 957 ἡ
883 889 1071 958 σοφία
1125 891 1326 945 αὐτῶν
1381 895 1701 959 κατεπόθη.
1741 895 1806 947 Ἦ
1839 895 1967 963 περὶ

385 985 448 1036 τὸ
497 983 854 1037 θαλαττεύειν
915 985 1100 1054 σοφία,
1131 987 1164 1056 ἡ
1197 988 1327 1056 περὶ
1385 988 1446 1040 τὸ
1503 988 1658 1043 πλεῖν
1695 990 1965 1060 ἐμπειρία

386 1077 665 1144 ἠφανίσθη
693 1076 835 1129 τότε.

461 1166 565 1218 Kal
597 1166 934 1232 ἐκέκραξαν
972 1167 1122 1234 πρὸς
1175 1169 1393 1235 Κύριον
1419 1167 1490 1220 ἐν
1522 1169 1601 1233 τῷ
1659 1171 1968 1224 θλίϐεσθαι

386 1258 645 1325 αὐτούς..
679 1259 768 1312 Ἐν
804 1259 880 1330 τῷ
915 1258 1298 1330 χειμάζεσθαι,
1334 1262 1408 1324 ὡς
1442 1261 1681 1332 εἴρηται.

462 1439 569 1491 Kal
599 1439 666 1491 ἐκ
695 1437 814 1491 τῶν
843 1439 1126 1510 ἀναγκῶν
1154 1439 1355 1493 αὐτῶν
1384 1440 1683 1510 ἐξήγαγεν
1715 1443 1963 1505 αὐτούς.

398 1528 494 1581 Ἕκ
528 1530 635 1581 τῶν
661 1531 840 1598 φόϐων
865 1531 1112 1597 ἐκείνων,
1143 1534 1209 1584 ὲκ
1245 1531 1338 1585 τοῦ
1368 1532 1640 1585 κινδύνου*
1665 1533 1784 1586 εἶτα
1817 1536 1966 1603 λέγει

387 1621 560 1673 καὶτὸ
587 1622 728 1684 πῶς.

456 1711 565 1764 Καὶ
588 1711 845 1776 ἐπέταξε
899 1713 972 1780 τῇ
992 1713 1306 1783 καταιγίδι,
1349 1716 1446 1768 καί
1505 1716 1657 1785 ἔστη
1725 1719 1815 1784 εὶς
1858 1715 1968 1775 αὖ·

384 1817 520 1868 ραν,
549 1803 645 1855 καί
687 1803 940 1871 ἐσίγησε
967 1806 1038 1857 τὰ
1077 1806 1310 1874 κύματα
1343 1806 1554 1875 αὐτῆς.
1609 1837 1680 1847 -
1741 1810 1969 1864 Ἐπετι·

385 1911 544 1961 [mare
578 1895 709 1966 γὰρ,
745 1900 901 1965 φησὶ,
965 1898 1090 1962 τοῖς
1139 1898 1384 1968 ἀνέμοις
1411 1900 1509 1952 καὶ
1548 1899 1623 1969 τῇ
1654 1903 1967 1972 θαλάσσῃ,

385 1983 484 2036 καὶ
513 1985 748 2053 ἐγένετο
780 1985 1014 2054 γαλήνη
1039 1989 1295 2058 μεγάλη.
1347 1986 1500 2059 Δῦρα
1529 1992 1636 2060 γὰρ
1677 1993 1742 2048 τὸ
1790 1997 1970 2065 πρᾶον

385 2077 482 2127 καὶ
511 2077 808 2146 γαληναῖον
838 2077 1079 2148 πνεῦμα.

458 2169 564 2222 Kal
592 2167 1049 2238 εὐφράνθησαν,
1080 2171 1170 2224 ὅτι
1204 2172 1558 2242 ἡσύχασαν.
1595 2175 1720 2230 Ὅτι
1749 2179 1964 2250 ᾑσύχα-

387 2275 488 2310 σαν
517 2259 586 2312 τὰ
627 2259 872 2328 κύματα.

460 2351 569 2404 Kal
633 2350 954 2420 ὡδήγησεν
977 2354 1202 2421 αὐτοὺς
1221 2354 1321 2408 ἐπὶ
1377 2357 1594 2426 λιμένα
1628 2362 1970 2432 θελήματος

384 2443 596 2497 αὐτοῦ.
621 2446 802 2514 Λιμὴν
829 2446 938 2514 γὰρ
999 2447 1168 2510 ὅντως
1187 2449 1244 2500 αἱ
1272 2451 1489 2506 ἐντολαὶ
1531 2454 1726 2520 αὐτοῦ,
1762 2459 1969 2523 παντὸς

386 2537 648 2604 ναυαγίου
685 2537 949 2608 τηροῦσαι
979 2539 1068 2592 τὸν
1098 2542 1154 2592 ὲν
1178 2542 1369 2606 αὐταῖς
1403 2545 1515 2616 (17)
1543 2546 1844 2619 ἀνώτερον.

492 2717 1182 2786 Εξομολογησάσθωσαν
1209 2721 1287 2786 τῷ
1311 2723 1505 2790 Κυρίῳ
1538 2725 1608 2778 τὰ
1655 2725 1799 2792 ὲλέη
1859 2727 1968 2780 αὐ-

387 2809 518 2862 τοῦ·
552 2809 649 2861 καὶ
685 2809 756 2861 τὰ
785 2810 1090 2876 θαυμάσια
1118 2811 1307 2864 αὐτοῦ
1331 2811 1456 2878 τοῖς
1509 2815 1658 2878 υἱοῖς
1718 2813 1836 2868 τῶν
1863 2817 1970 2868 ἀν-

389 2900 659 2968 θρώπων.
687 2902 1100 2972 Κηρυξάτωσαν
1123 2903 1300 2956 πάντα
1334 2905 1382 2956 οί
1418 2905 1736 2958 ἀπόστολοι.

475 2989 929 3059 ’Υῖτξοωσὰτωσιιν
957 2992 1144 3047 αὐτὸν
1176 2993 1248 3046 ἐν
1283 2995 1617 3064 Ἐκκλησία
1649 2994 1838 3050 λαῶν.
1881 2998 1968 3052 Ἐν

391 3087 688 3152 συναγωγῇ
720 3083 890 3136 λαῶν.

2067 611 2260 663 ebrius.
2309 610 2575 666 Commoti
2633 619 2760 666 sunt
2792 612 2846 664 in
2900 611 3222 681 prmcordiis
3260 613 3375 667 suis
3417 631 3430 668 :
3467 631 3643 684 quan-

2069 719 2232 771 quam
2267 703 2455 759 ebrius
2487 703 2707 772 quidem
2741 718 2772 756 a
2800 704 2927 758 vino
2959 714 3366 771 commovetur,
3403 709 3640 776 apostoli

2071 809 2201 847 vero
2230 797 2428 850 timore
2463 795 2764 864 perturbati
2797 804 2950 848 sunt.

2144 886 2212 940 Et
2236 888 2406 940 omnis
2431 888 2690 954 sapientia
2715 903 2894 939 eorum
2923 887 3173 941 devorata
3194 898 3293 943 est.
3329 888 3640 960 Sapientia,

2071 979 2174 1030 hoc
2229 986 2338 1040 est,
2398 978 2596 1046 peritia
2641 977 2964 1047 remigandi,
3021 986 3156 1032 tunc
3199 982 3380 1034 omnis
3427 981 3643 1037 defece-

2073 1078 2178 1122 rut.

2140 1160 2307 1215 Vens.
2345 1157 2437 1214 28.
2483 1163 2552 1214 Et
2579 1160 2942 1214 clamauerunt
2981 1160 3050 1212 ad
3083 1160 3366 1215 Dominum
3399 1180 3518 1216 cum
3540 1165 3644 1216 tri-

2072 1253 2400 1307 bularentur.
2452 1251 2590 1307 Dum
2642 1261 2965 1324 tempestate
2997 1252 3364 1323 agitarentur,
3414 1255 3645 1308 utdixi-

2071 1360 2214 1398 "IIIS.

2146 1432 2210 1485 Et
2246 1434 2310 1486 (le
2343 1433 2586 1486 omnibus
2626 1432 3032 1486 necessitatibus
3062 1449 3248 1487 eorum
3296 1433 3482 1488 eduxit
3533 1451 3648 1489 eos.

2070 1524 2148 1578 Et
2181 1524 2376 1577 timore
2407 1525 2500 1580 illo
2543 1525 2796 1578 videlicet
2845 1534 3010 1594 atque
3033 1540 3098 1580 ex
3129 1526 3396 1596 periculo.
3419 1525 3648 1591 Deinde,

2070 1632 2180 1686 quo
2210 1624 2372 1685 pacto
2413 1614 2466 1669 id
2500 1617 2701 1670 factum
2733 1615 2915 1680 fuerit,
2944 1628 3153 1671 narrat.

2145 1709 2310 1763 Vens.
2347 1707 2436 1764 29.
2479 1707 2548 1761 Et
2592 1708 2864 1763 mandauit
2902 1709 3174 1777 procella,
3217 1718 3266 1764 et
3297 1713 3439 1765 stetit
3467 1713 3522 1764 in
3553 1729 3631 1764 aue

2075 1817 2214 1866 ram,
2248 1811 2297 1861 et
2325 1801 2588 1854 siluerunt
2619 1801 2812 1868 ﬂuctus
2845 1801 2983 1870 ejus.
3021 1799 3325 1870 Increpavit
3363 1805 3532 1868 enim,
3569 1807 3645 1857 in-

2075 1894 2216 1961 quit,
2253 1893 2510 1946 Dominus
2541 1905 2719 1963 venth
2767 1903 2816 1948 et
2846 1910 3024 1948 mare:
3051 1903 3101 1950 et
3120 1895 3267 1962 facta
3288 1903 3364 1948 est
3389 1898 3646 1966 tranquil-

2071 1984 2198 2038 litus
2233 2001 2427 2055 magna
2452 1986 2519 2040 “.
2562 1988 2712 2041 Aura
2744 1989 2970 2057 quippe,
3009 1988 3157 2044 mitis
3207 2004 3272 2044 ac
3312 1991 3527 2061 placida
3562 2002 3646 2048 est

2071 2087 2122 2128 et
2158 2075 2452 2144 tranquilla
2484 2076 2730 2145 quadam
2766 2077 3018 2147 spiratio.

2145 2168 2311 2222 Vens.
2355 2169 2443 2223 50.
2490 2167 2558 2224 Et
2601 2169 2775 2223 la'tati
2816 2179 2970 2233 sunt,
3011 2171 3261 2241 quoniam
3316 2175 3648 2243 quieverunt.

2074 2259 2391 2314 Vastissimi
2429 2261 2642 2316 scilicet
2676 2262 2754 2315 illi
2785 2261 3010 2317 ﬂuctus.

2144 2349 2210 2402 Et
2261 2352 2481 2406 deditxit
2530 2370 2618 2407 eos
2662 2355 2716 2407 in
2763 2364 2977 2422 portum
3023 2355 3316 2410 voluntatis
3349 2374 3484 2412 suas.
3547 2359 3645 2414 Pet

2071 2448 2292 2508 portum
2340 2440 2525 2494 divina
2562 2443 2817 2496 mandata
2870 2444 3139 2515 intellige,
3177 2462 3301 2516 quae
3333 2448 3447 2504 illic
3491 2464 3648 2503 com-

2073 2537 2380 2584 morantem
2417 2532 2486 2585 ab
2534 2532 2682 2584 ontni
2733 2536 2930 2588 animas
2962 2535 3256 2606 naufragio
3306 2546 3484 2592 tutum
3537 2557 3646 2594 ser-

2071 2627 2223 2672 vaut.

2145 2709 2308 2763 Vens.
2351 2710 2442 2765 5|.
2464 2712 2832 2780 Conﬁteantur
2855 2712 3082 2767 Domino
3108 2716 3492 2774 misericordia!
3515 2719 3644 2789 ejus.

2021 2835 2025 2838 -
2072 2811 2120 2854 et
2153 2803 2422 2856 mirabilia
2477 2803 2593 2871 ejus
2643 2804 2770 2873 [iliis
2800 2805 3092 2860 hominum.
3129 2806 3256 2862 "we
3309 2811 3493 2864 omnia
3529 2829 3648 2882 apo-

2073 2893 2197 2948 stoli
2224 2896 2648 2951 annuntiabunt.

2147 2985 2308 3040 Vens.
2349 2987 2438 3041 32.
2480 2988 2756 3044 Extollent
2783 3005 2904 3044 eum
2939 2991 2992 3045 in
3041 2990 3278 3046 Ecclesia
3308 2995 3652 3063 populorum.

2074 3077 2134 3132 ln
2173 3080 2460 3134 nationum
2493 3083 2738 3136 omnium
2767 3085 3220 3154 congregatione.

459 3177 566 3230 Kal
626 3176 696 3228 ἐν
739 3175 936 3244 καθέδέ
957 3194 994 3244 ᾳ
1043 3178 1481 3245 πρεσϐυτέρων,
1546 3178 1970 3235 αἱνεσάτωσαν

2146 3173 2217 3224 Ει
2265 3174 2318 3224 in
2365 3173 2623 3227 cathedra
2679 3176 2949 3230 seniorum
2979 3176 3202 3236 laudent
3249 3199 3392 3237 eum.
3446 3183 3649 3242 Eorum

386 3271 595 3323 αὐτόν.
650 3269 739 3322 Ἐν
768 3270 1031 3339 συνεδρίῳ
1084 3271 1488 3340 ὑπερεχόντων.

462 3361 674 3412 Ἐθετο
714 3360 1022 3425 ποταμοὺς
1055 3363 1146 3426 είς
1184 3359 1427 3430 ἔρημον.
1467 3361 1663 3416 Ἐθετο
1701 3364 1829 3428 τοὺς
1864 3382 1966 3419 πο-

385 3453 629 3522 ταμηδῦν
679 3453 1012 3524 εύρῤοῢντας
1049 3453 1107 3505 ἐν
1133 3453 1312 3524 λόγοις
1339 3454 1633 3526 Ἕλληνας,
1700 3459 1782 3520 είς
1834 3460 1966 3528 ἔρη-

391 3543 522 3613 μίαν
548 3543 758 3612 σοφίας·
822 3545 1289 3614 ὲπιστομιζόντων
1345 3547 1550 3612 αὐτοὺς
1581 3548 1691 3602 τῶν
1743 3549 1964 3614 ἀλιέων,

390 3638 484 3691 καὶ
517 3635 901 3708 ἀγραμμάτων
932 3637 1269 3691 ἀποστόλων.

461 3815 569 3870 Kal
635 3814 950 3882 διεξόδους
1010 3816 1248 3876 ὑδάτων
1306 3821 1395 3885 εἰς
1450 3819 1661 3890 δίψαν.
1709 3823 1822 3877 Καὶ
1867 3823 1969 3889 τὰς

389 3906 728 3977 πλημμύρας
760 3907 871 3960 τῶν
904 3907 1079 3977 λόγων
1109 3910 1292 3964 αὐτῶν
1318 3913 1401 3975 είς
1430 3911 1754 3983 ξηρανσίαν.

466 3999 584 4066 Τὴν
624 3999 1008 4068 καρποφόρον
1059 4003 1149 4065 εἰς
1205 3999 1426 4070 ἅλμην,
1463 4004 1580 4057 ἀπὸ
1611 4005 1827 4072 κακίας
1850 4007 1972 4062 τῶν

387 4093 830 4145 κατοικούντων
854 4092 924 4144 ἐν
955 4090 1132 4160 αὐτῇ.
1164 4093 1274 4146 Καὶ
1301 4093 1400 4163 τὴν
1428 4095 1531 4164 γῆν
1557 4096 1666 4148 τῶν
1694 4096 1969 4153 Ἰουδαίων

386 4184 486 4253 τὴν
541 4185 1001 4254 καρποφοροῦσαν
1029 4185 1155 4246 τοὺς
1183 4185 1492 4255 προφήτας,
1521 4186 1602 4250 είς
1637 4188 1926 4257 ἀκαρπίαν
1947 4206 1962 4220 ⁸

388 4272 637 4344 ἄκαρπος
661 4274 773 4341 γάρ
803 4275 836 4343 ἡ
866 4273 1090 4342 ἁλμυρὰ
1147 4273 1243 4342 γῆ.
1298 4275 1483 4328 Αἴτιον
1511 4277 1569 4329 δὲ
1599 4279 1630 4346 ή
1662 4278 1830 4332 κακία
1859 4281 1966 4333 τῶν

388 4367 794 4420 κατοικούντων
824 4367 882 4419 ἐν
909 4367 1072 4437 αὐτῇ,
1107 4365 1174 4420 δι’
1201 4366 1270 4439 ῆν
1308 4367 1408 4421 οὐκ
1439 4367 1520 4421 ἔτι
1553 4370 1836 4438 τοιούτους
1867 4373 1966 4428 άν-

385 4461 520 4529 δρας
560 4461 924 4531 καρποφορεῖ.

461 4645 674 4700 Ἕθετο
713 4643 940 4714 ἔρημον
989 4649 1077 4712 είς
1129 4651 1351 4718 λίμνας
1379 4651 1638 4706 ὑδάτων.
1679 4653 1791 4722 Τὴν
1838 4655 1970 4725 πρὶν

387 4737 596 4808 ἔρημον
655 4739 887 4808 καρπῶν
947 4740 1150 4810 ἀρετῆς
1199 4743 1573 4813 Ἐκκλησίαν,
1632 4748 1714 4810 είς
1773 4747 1971 4817 λίμνας

389 4829 601 4880 ὑδάτων
663 4829 767 4882 τοῦί
803 4830 948 4882 θείου
995 4830 1395 4904 βαπτίσματος.
1450 4836 1543 4900 El;
1575 4837 1637 4889 τὸ
1688 4838 1972 4908 λιμνάζειν

389 4919 546 4974 ὕδασι
575 4922 863 4984 τοιούτοις.

457 5192 566 5246 Kal
628 5190 746 5262 γῆν
805 5191 1070 5262 ἄνυδρον
1099 5192 1524 5269 είςόδιεξόδους
1554 5194 1809 5251 ὑδάτων.
1853 5199 1966 5268 Τὴν

398 5285 727 5355 Ἐκκλησίαν
755 5283 864 5338 τῶν
897 5285 1107 5337 πιστῶν
1131 5281 1288 5349 αὖθις
1316 5287 1407 5339 τὸν
1463 5289 1596 5357 πρὶν
1653 5289 1882 5359 ἄνυδρον
1909 5294 1967 5344 ὲν

385 5383 583 5454 ἀγονίᾳ
632 5381 797 5448 λόγου
853 5379 1024 5446 θείου,
1096 5381 1251 5434 ἔθετο
1280 5384 1364 5447 εἰς»
1400 5381 1462 5446 τὸ
1493 5381 1766 5451 πηγάζειν
1796 5383 1969 5438 ὕδατα.

382 5473 673 5544 δογμάτων
696 5473 1016 5546 ζωήῤῥητα.

455 5612 505 5645 ⁸⁸
549 5613 742 5670 Matth.
789 5631 913 5680 vm,
959 5615 1049 5671 26.

2075 3262 2296 3316 scilicet
2329 3263 2424 3333 qui
2457 3266 2678 3322 caeteris
2711 3267 2764 3320 in
2795 3269 3037 3335 concilio
3063 3276 3504 3341 superemineat.

2144 3353 2308 3410 Vnus.
2350 3356 2441 3410 '53.
2487 3355 2674 3411 Posuit
2719 3359 2947 3427 ﬂumina
2993 3363 3047 3416 in
3089 3363 3381 3422 desertum.
3429 3370 3649 3428 Grmcos

2072 3459 2126 3502 et
2151 3449 2386 3516 gentiles
2418 3450 2635 3506 scilicet
2665 3452 2758 3520 qui
2795 3468 2921 3508 cum
2969 3456 3320 3534 eloquentiae
3347 3463 3508 3530 quasi
3547 3463 3640 3519 llu-

2075 3541 2341 3608 minibus,
2369 3551 2422 3598 et
2451 3543 2635 3598 omnis
2669 3547 2888 3614 generis
2911 3547 3220 3618 disciplinis
3251 3553 3639 3613 redundarent

2075 3636 2226 3692 omni
2257 3637 2486 3692 demum.
2510 3638 2782 3709 sapientia
2817 3639 3020 3696 deserti
3055 3657 3179 3699 esse
3215 3645 3317 3699 visi
3343 3659 3496 3712 sunt,
3526 3663 3651 3704 cum

2075 3728 2340 3788 illitterati
2373 3743 2437 3786 ac
2470 3730 2773 3800 piscatores
2807 3729 3060 3785 homines
3094 3747 3190 3787 eos
3220 3739 3611 3804 represserint.

2148 3819 2219 3873 Et
2245 3821 2418 3876 exitus
2463 3837 2722 3890 aquarum
2758 3822 2813 3875 in
2847 3821 3014 3876 sitim.
3049 3821 3187 3878 Dum
3220 3825 3539 3894 huiusmodi
3567 3847 3626 3887 re

2073 3911 2440 3971 dundantiam
2477 3911 2736 3967 ariditate
2762 3912 3065 3967 damnavit.

2151 4001 2316 4056 Vens.
2359 4003 2452 4056 54.
2502 4001 2725 4055 Terram
2755 4001 3095 4071 fructiferatn
3126 4006 3181 4057 in
3224 4003 3572 4078 salsuginem,
3620 4033 3652 4066 ιι

2071 4092 2286 4146 malitia
2325 4093 2683 4147 habitantium
2724 4094 2779 4146 in
2820 4109 2904 4148 ea.
2977 4092 3165 4149 Judaea
3195 4099 3347 4168 regio
3377 4116 3496 4168 quae
3527 4120 3650 4172 pro.

2073 4186 2275 4255 phetis,
2304 4185 2463 4254 quasi
2494 4185 2932 4254 speciosissimis
2963 4185 3258 4254 fructibus,
3285 4192 3416 4246 olim
3445 4197 3647 4250 referta

2071 4285 2211 4339 erat,
2241 4275 2293 4328 in
2329 4274 2705 4329 omnimodam
2737 4275 3087 4331 sterilitatem
3122 4293 3277 4334 versa
3318 4293 3422 4337 est.
3458 4284 3653 4340 Salsu-

2071 4367 2260 4437 ginosa
2285 4366 2430 4420 enim
2455 4367 2676 4428 lnunus,
2695 4373 2779 4420 est
2803 4365 3056 4436 frugibus
3080 4384 3308 4438 prorsus
3328 4374 3644 4437 infecunda.

2071 4459 2385 4514 lncolarum
2418 4467 2598 4512 autem
2634 4458 2792 4521 vitio,
2830 4459 2884 4513 id
2915 4458 3176 4516 eli'ectum
3207 4473 3313 4526 est,
3341 4473 3401 4519 ut
3431 4469 3646 4524 scilicet

2000 4577 2045 4632 ι)
2078 4548 2348 4618 ejusmodi
2383 4549 2548 4603 viros.
2577 4563 2642 4602 ea
2693 4557 2836 4602 terra
2892 4553 3266 4621 atupliustnon
3299 4556 3648 4625 produceret.

2154 4639 2316 4696 Vens.
2368 4638 2458 4694 35.
2501 4639 2690 4694 Posuit
2737 4642 3003 4696 desertum
3053 4647 3107 4697 in
3134 4655 3330 4716 stagna
3365 4666 3650 4719 aquarum.

2073 4732 2374 4788 Ecclesium
2425 4733 2492 4787 de
2557 4733 2816 4803 gentibus
2866 4746 3281 4807 congregatam,
3321 4755 3445 4810 quas
3495 4748 3651 4814 prius

2071 4826 2340 4880 virtutum
2391 4825 2646 4896 frugibus
2698 4841 2873 4882 vacua
2927 4839 3071 4894 erat,
3124 4833 3269 4886 sacri
3303 4832 3652 4904 baptismatis

2071 4921 2290 4974 ﬂuctuis
2341 4933 2465 4974 esse
2525 4919 2655 4974 fecit
2707 4921 3018 4990 irriguam:
3071 4939 3195 4992 qua:
3243 4923 3461 4981 abunde
3513 4927 3652 4983 adeo

2073 5010 2429 5077 eliluxerunt,
2461 5019 2520 5066 ut
2554 5012 2795 5083 ingentis
2824 5015 3004 5084 stagni
3038 5016 3278 5084 speciem
3311 5029 3423 5083 prae
3472 5033 3531 5071 se
3560 5027 3652 5072 tu-

2075 5105 2264 5161 ierint.

2145 5195 2215 5248 Et
2240 5205 2437 5248 terram
2464 5210 2778 5259 inaquosam
2802 5194 2854 5248 in
2874 5194 3049 5248 exitus
3071 5209 3354 5263 aquarum.
3389 5197 3646 5253 Eamdem

2079 5289 2383 5344 Ecclesiam
2425 5287 2694 5351 ﬁdelium,
2722 5302 2844 5356 qum
2881 5295 3041 5342 antea
3070 5287 3334 5356 inaquosa
3365 5286 3569 5356 fuerat,
3597 5301 3653 5345 ct.

2078 5381 2253 5447 arida,
2295 5380 2578 5450 divinique
2604 5378 2769 5433 Verbi
2798 5379 2998 5445 ,inops,
3059 5375 3265 5446 effecit,
3303 5389 3361 5434 ut
3396 5380 3519 5436 vitae
3551 5383 3652 5437 do-

2083 5484 2260 5546 gmata
2295 5476 2615 5530 scaturiret.

1723 5683 1924 5747 Varia;
1948 5684 2278 5747 lectiones.

456 5785 571 5855 (l7)
597 5784 891 5858 Corrupta,
927 5797 985 5858 ut
1013 5797 1260 5855 apparet,
1296 5785 1460 5840 lectio
1493 5802 1506 5838 :
1543 5799 1740 5858 sensus
1792 5785 1971 5852 postul

2071 5792 2093 5838 t
2148 5782 2488 5848 ἐνοικοῦντα,
2537 5789 2628 5835 aut
2676 5781 3004 5853 ξμμένοντα,
3075 5791 3170 5838 aut
3222 5783 3354 5839 ιιιιίιί
3420 5784 3653 5853 simile;

387 5873 508 5930 quae
542 5859 704 5913 verba
733 5855 855 5912 cum
887 5857 1160 5925 ἀνώτερον
1190 5858 1335 5910 nulla
1367 5858 1695 5927 cognatione
1720 5855 2051 5927 junguntur.

670 5958 938 6019 Ρηιιοι.
972 5955 1088 6014 Gn.
1123 5954 1456 6016 CXXVIII.

3259 5946 3334 6007 34
