4052 6462
393 373 536 439 1067

1586 370 1901 431 EUTHYM
1916 369 1970 428 Il
2005 370 2044 428 Z
2058 368 2370 428 [GABENI

3501 368 3642 433 1058

460 484 627 539 Vens.
673 482 762 538 56.
810 480 876 533 Et
912 479 1185 536 collocavit
1214 483 1323 536 illic
1352 483 1667 537 esurientes.
1729 480 1835 535 Eos
1865 480 1959 549 qui

2139 481 2245 534 Kal
2286 480 2643 548 κατῴκησεν
2662 480 2788 534 ἐκεῖ
2837 478 3190 549 πεινῶντας.
3225 482 3362 546 Τοὺς
3395 482 3525 554 πρὶν
3551 487 3643 537 ἐν-

390 574 666 647 spirituali
707 573 832 628 cibo
865 573 958 626 diu
991 573 1121 627 olim
1154 584 1472 630 carnerant.

465 666 536 719 Et
570 665 839 719 constituit
863 665 1098 719 civitates
1124 665 1438 720 habitaculi.
1467 664 1850 731 llabitationis,
1884 664 1967 718 in-

392 775 584 831 quam,
613 758 943 828 spiritualis.
980 756 1245 827 lntelligit
1277 768 1465 811 autem
1518 756 1703 810 varias
1751 770 1815 809 ac
1847 770 1971 823 par-

396 851 661 907 ticularcs
699 848 964 903 ecclesias
1014 847 1284 912 ﬁdelium,
1336 864 1457 917 qua:
1510 865 1605 918 per
1642 849 1961 902 universum

390 945 574 997 orbem
608 940 931 994 consututae
979 948 1153 994 sunt:
1209 949 1318 992 tam
1356 950 1546 1010 aperte
1596 939 1733 994 adeo
1778 939 1965 993 omnia

366 1030 659 1099 praedicit.

465 1122 629 1176 Vens.
672 1123 762 1177 57.
833 1121 899 1175 Et
954 1120 1343 1174 seminaverunt
1394 1136 1573 1190 agros.
1626 1118 1966 1189 Evangelica:

389 1215 804 1284 praedicationis
837 1214 1047 1270 semine
1102 1215 1449 1268 seminarnnt
1495 1212 1728 1281 apostoli
1781 1212 1963 1267 homi-

389 1292 792 1372 nnm'animas,
826 1320 950 1375 qua:
996 1313 1157 1358 antea
1200 1313 1448 1373 agrestes
1485 1311 1645 1359 erant
1680 1314 1848 1374 atque
1880 1305 1966 1358 in-

390 1401 576 1453 cultae.

469 1489 539 1542 Et
577 1488 949 1556 plantaverunt
995 1488 1192 1541 vineas.
1230 1484 1443 1540 Rursus
1474 1499 1568 1555 per
1593 1485 1803 1551 vineas,
1842 1485 1965 1540 ani-

392 1596 512 1635 Illas
549 1580 791 1635 ﬁdelium
850 1578 1145 1650 intelligit,
1196 1575 1437 1633 ferentes
1492 1578 1757 1632 virtutum
1812 1592 1963 1633 race-

390 1686 533 1726 lllOS.

460 1766 530 1816 Et
563 1761 795 1831 fecerunt
825 1763 1056 1833 fructum
1078 1761 1353 1833 germinis.
1385 1759 1688 1825 Germinis,
1713 1762 1962 1831 inquam,

388 1854 627 1924 mystici,
689 1853 913 1908 Christo
976 1852 1208 1907 Domino
1263 1851 1433 1907 oblati
1492 1865 1730 1920 eumque
1793 1852 1966 1907 laetiﬁ-

389 1946 587 2001 Cttlllls.

458 2033 629 2090 Vens.
669 2034 759 2090 58.
811 2034 881 2089 Et
927 2034 1194 2089 benedixit
1226 2036 1324 2090 eis.
1374 2036 1463 2089 Ait
1506 2036 1654 2091 enim
1692 2035 1870 2091 Lucas
1900 2036 1966 2090 de

388 2125 680 2193 apostolis,
718 2124 863 2194 quod
894 2124 1156 2180 extollens
1201 2118 1455 2180 Dominus
1485 2142 1676 2180 manus
1710 2142 1837 2180 suas
1875 2128 1967 2180 be-

412 2216 617 2270 nedixit
644 2217 720 2270 eis
744 2216 811 2279 ⁸⁷,
851 2213 1203 2271 Manifestum
1235 2224 1320 2272 est
1345 2217 1535 2287 igitur,
1570 2218 1715 2287 quod
1747 2227 1968 2287 propter

402 2306 708 2385 apostolos,
739 2317 793 2361 et
819 2321 1012 2363 eorum
1042 2323 1399 2364 successores
1433 2310 1536 2364 hoc
1559 2308 1765 2365 dictum
1789 2321 1891 2366 est.

466 2397 535 2451 Et
568 2397 910 2466 multiplicati
941 2408 1063 2452 sunt
1089 2399 1260 2453 valde.
1299 2398 1432 2453 Nam
1470 2416 1537 2455 ex
1569 2400 1886 2468 duodecim,
1915 2410 1969 2458 et

392 2492 741 2561 septuaginta
791 2492 965 2557 viris,
1018 2491 1072 2544 in
1128 2493 1655 2547 numerosissimum
1703 2496 1965 2564 populum

393 2584 678 2654 propagati
709 2592 861 2641 sunt.

464 2673 534 2726 Et
573 2688 763 2740 pecora
790 2688 976 2726 eorum
1014 2689 1118 2726 non
1147 2684 1270 2727 sunt
1306 2675 1596 2731 minorata.
1627 2675 1733 2731 Per
1766 2690 1967 2747 pecora

395 2780 491 2822 eos
537 2765 804 2835 intellige,
865 2765 957 2835 qui
1006 2764 1150 2818 inter
1197 2765 1546 2823 Christianos
1595 2769 1967 2838 simpliciores

392 2864 543 2921 sunt,
579 2871 680 2913 nec
716 2866 827 2911 tam
861 2855 1053 2911 solerti
1089 2857 1312 2928 ingenio
1369 2864 1502 2913 sunt
1564 2861 1805 2928 pratditi.
1870 2858 1972 2914 Vel
2013 2866 2018 2871 ’

394 2949 595 3006 aliter:
628 2964 825 3020 pecora
867 2949 1265 3018 apostolorum,
1300 2950 1559 3020 discipuli
1596 2967 1790 3006 eorum
1816 2961 1967 3017 sunt,

393 3047 491 3115 qui
550 3048 725 3103 instar
756 3060 1044 3117 pecorum,
1097 3060 1195 3099 eos
1251 3055 1582 3116 sequuntur,
1637 3064 1970 3119 quocunque

2071 574 2211 635 δεεϊς
2240 571 2498 643 βρώσεως
2535 572 2939 642 πνευματικῆς.

2141 663 2251 716 Kal
2285 662 2716 729 συνεστήσατο
2760 662 2969 728 πόλεις
2998 666 3399 731 κατοικεσίας.
3455 666 3649 730 Πόλεις

2070 755 2358 817 κατοικίας
2412 756 2797 825 πνευματικῆς
2818 774 2830 787 ·
2868 755 3017 824 λέγει
3046 756 3126 819 δὲ,
3154 758 3252 821 τὰς
3277 760 3419 811 κατὰ
3442 759 3647 822 τόπους

2082 846 2433 919 Ἐκκλησὶας.
2466 845 2659 911 Οὓτως
2693 847 2942 919 ἐναργῶς
2973 848 3310 921 προφητεύει
3335 849 3537 904 πάντα.

2140 1100 2247 1165 Kal
2309 1111 2598 1178 ἐσπειραν
2660 1111 2902 1179 ἀγρούς.
2943 1112 3248 1180 Ἐσπειραν
3268 1111 3319 1162 οἱ
3352 1111 3646 1166 ἀπόστολοι

2065 1206 2163 1266 τὰς
2191 1202 2370 1273 ψυχὰς
2412 1203 2520 1256 τῶν
2560 1201 2866 1272 ἀνθρώπων
2889 1201 2966 1272 τῷ
3000 1201 3190 1273 σπόρῳ
3219 1201 3315 1255 τοῦ
3350 1203 3646 1275 κηρύγμα-

2065 1312 2178 1361 τος,
2202 1296 2550 1367 ἠγριωμὲνας
2588 1296 2878 1366 πρότερον.

2136 1474 2248 1529 Kal
2308 1474 2656 1544 ἐφύτευσαν
2697 1473 3044 1542 ἀμπελῶνα.
3098 1473 3212 1537 Τὰς
3266 1474 3446 1543 ψυχὰς
3488 1471 3647 1538 αὖθις

2065 1567 2259 1637 νόησον
2284 1565 2646 1636 ἀμπελῶνας,
2706 1567 3164 1636 καρποφορούσας
3209 1566 3440 1637 βότρυον
3510 1571 3646 1638 ἁρε-

2065 1674 2197 1712 των.

2143 1750 2252 1804 Kal
2283 1749 2584 1817 ἐποίησαν
2617 1751 2889 1817 καρποὺς
2921 1748 3318 1820 γεννήματος.
3368 1751 3652 1821 Γεννήμα-

1997 1821 2039 1881 B
2069 1857 2159 1902 τος
2192 1839 2477 1908 μυστικοῦ,
2527 1843 2980 1914 προσφερομένου
3017 1842 3095 1912 τῷ
3122 1842 3370 1913 Δεσπότῃ
3399 1842 3640 1913 Χριστῷ,

2069 1936 2165 1988 καὶ
2190 1934 2378 1989 τοῦτον
2412 1935 2823 2005 εύφραίνοντας.

2139 2026 2250 2079 Kal
2278 2026 2619 2096 εὐλόγησεν
2649 2027 3044 2096 αὐτούς-,Φησὶ
3076 2026 3185 2095 γὰρ
3216 2026 3244 2079 ό
3271 2027 3487 2089 Λουκᾶς
3513 2026 3645 2096 περὶ

2068 2118 2179 2170 τῶν
2212 2118 2554 2182 ἀποστόλων,
2594 2119 2696 2182 ὅτι,
2757 2118 3012 2185 Ἐπὰρας
3036 2117 3142 2184 τὰς
3184 2117 3389 2186 χεῖρας
3430 2117 3643 2185 αὑτοῦ,

2068 2210 2408 2278 εὐλόγησεν
2438 2211 2681 2275 αὐτούς·
2711 2208 2870 2280 δῆλον
2900 2209 2958 2262 δὲ
2981 2212 3059 2262 ὅτι
3093 2210 3162 2263 δι’
3195 2210 3378 2263 αὐτῶν
3410 2210 3516 2281 ἄρα
3547 2210 3646 2263 καὶ

2068 2302 2194 2366 τοὺς
2222 2302 2501 2372 διαδόχους
2529 2303 2628 2372 τῆς
2651 2302 2891 2362 πίστεως
2942 2302 3145 2356 αὐτῶν.

2139 2395 2746 2462 Καὶέπληθύνθησαν
2776 2395 3037 2464 σφόδρα.
3095 2394 3232 2446 Ἀπὸ
3279 2392 3490 2447 δώδεκα
3535 2393 3648 2465 γὰρ

2070 2493 2167 2541 καὶ
2196 2487 2593 2557 ἑϐδομήκοντα,
2629 2489 2708 2549 εἰς
2753 2486 3166 2558 ἀναριθμήτους
3192 2486 3460 2558 μυριάδας
3488 2486 3649 2557 ἐξήν-

2071 2579 2266 2649 θησαν.

2141 2673 2250 2727 Kal
2277 2674 2350 2726 τὰ
2388 2672 2580 2741 κτήνη
2615 2672 2836 2741 αὐτῶν,
2867 2676 2979 2728 οὐκ
3032 2675 3382 2744 ἐσμίκρυνε.
3456 2677 3646 2747 Κτήνη

2073 2766 2286 2835 νόησον,
2328 2764 2455 2828 τοὺς
2485 2765 2859 2835 ἁλογωτέρους
2908 2767 2965 2818 ὲν
2999 2766 3183 2828 αὐτοῖς
3204 2784 3218 2797 ·
3265 2767 3299 2834 ἢ
3326 2767 3420 2821 καὶ
3447 2768 3649 2834 ἄλλως,

2076 2858 2243 2927 κτήνη
2272 2857 2380 2909 τῶν
2411 2856 2750 2922 ἀποστόλων,
2776 2861 2824 2911 οἱ
2862 2859 3102 2929 μαθηταὶ
3136 2860 3338 2927 αὐτῶν,
3372 2860 3448 2926 ώς
3487 2861 3650 2932 δίκην

2075 2950 2290 3019 κτηνῶν
2318 2948 2578 3020 ἑπόμενοι
2599 2949 2813 3013 τούτοις
2835 2952 3070 3020 ὅποιπερ
3127 2953 3343 3021 ἄγουσι,
3385 2954 3482 3007 καὶ
3516 2972 3649 3026 τρο-

2076 3041 2178 3110 φὴν
2233 3043 2614 3111 πνευματικὴν
2678 3042 2810 3113 παρ’
2872 3043 3051 3097 αὐτῶν
3111 3042 3517 3113 λαμϐάνοντες,
3571 3046 3653 3110 ὡς

392 3136 674 3203 duxerint,
716 3137 922 3207 quique
970 3137 1135 3191 veluti
1175 3139 1473 3193 rationales
1519 3155 1649 3193 oves
1683 3141 1864 3193 cibum
1900 3142 1968 3194 ab

2074 3134 2321 3202 πρόϐατα
2365 3132 2595 3203 λογικά·
2654 3134 2705 3187 οἳ
2753 3135 2846 3187 καὶ
2902 3134 3058 3188 αὐτοὶ
3104 3135 3294 3190 πολλοὶ
3363 3139 3645 3207 γεγόνασι.

392 3228 474 3285 eis
503 3230 750 3297 capiunt,
782 3238 837 3283 et
870 3229 1311 3284 numerosissimi
1342 3231 1510 3284 etiam
1545 3228 1788 3285 fuerunt.
1827 3231 1966 3286 Cum

393 3326 575 3374 autem
591 3317 850 3374 Ecclesia:
867 3328 1159 3387 augmenta
1183 3317 1521 3387 praedixerit,
1552 3319 1767 3374 futuras
1795 3319 1965 3373 etiam

394 3412 544 3465 illius
577 3410 1011 3480 persecutiones,
1047 3418 1103 3464 et
1133 3410 1480 3464 calamitates
1506 3411 1818 3463 attitnntiat.

462 3504 628 3557 Vsus.
663 3502 749 3557 39.
800 3502 862 3556 Et
905 3503 1062 3570 pauci
1089 3502 1224 3571 facti
1251 3511 1397 3565 sunt,
1437 3510 1486 3555 et
1515 3502 1694 3571 amicti
1744 3512 1891 3571 sunt,
1936 3518 1969 3557 a

394 3595 737 3653 tribulatione
785 3593 1048 3647 malorum
1092 3606 1138 3647 et
1182 3592 1385 3646 dolore.
1443 3592 1607 3646 Pauci
1658 3594 1788 3648 facti
1842 3603 1971 3649 sunt

396 3689 606 3748 lideles,
641 3703 764 3741 cum
794 3686 963 3739 multa
998 3686 1166 3739 millia
1197 3699 1388 3739 eorum
1417 3701 1520 3756 pro
1541 3686 1766 3742 Christo
1800 3689 1968 3744 variis

394 3779 734 3835 cruciatibus
762 3777 1099 3832 interierint.
1130 3774 1328 3830 Amicti
1358 3786 1539 3831 autem
1568 3788 1700 3833 sunt
1729 3793 1760 3832 a
1788 3779 1968 3835 tribu-

394 3874 603 3928 latione
656 3872 1024 3925 tentationum
1075 3876 1130 3922 et
1163 3868 1373 3931 dolore,
1425 3867 1556 3923 dum
1610 3871 1970 3939 praesentibus

395 3965 559 4020 bonis
583 3961 823 4031 spoliati,
847 3959 1084 4030 expulsi,
1116 3958 1391 4014 verberati
1451 3968 1617 4030 atque
1649 3962 1971 4019 innumera-

396 4053 527 4111 bilia
565 4053 670 4106 alia
700 4050 846 4121 passi
878 4057 1030 4105 sunt.

465 4144 631 4200 \‘ens.
668 4143 758 4198 40.
796 4142 990 4211 ΕΙῙιιεα
1035 4151 1116 4197 est
1165 4141 1477 4209 contemptio
1521 4156 1679 4210 super
1704 4141 1971 4211 principes

395 4255 601 4294 eorum.
641 4239 746 4291 Per
787 4236 1086 4306 principes,
1123 4234 1367 4288 ﬁdelium
1402 4247 1558 4302 reges
1606 4247 1671 4288 ac
1703 4232 1874 4287 duces
1905 4232 1972 4286 il-

395 4333 478 4387 los
513 4328 792 4397 intelligit,
826 4326 1030 4397 quibus
1059 4325 1343 4390 suberant,
1379 4331 1434 4378 et
1473 4338 1503 4377 a
1532 4322 1734 4393 quibus
1767 4322 1970 4378 multas

394 4419 808 4492 persecutiones
831 4418 1255 4473 sustinuerunt:
1282 4417 1375 4485 qui
1402 4414 1677 4484 principes
1702 4422 1966 4484 tanquam

394 4513 621 4569 inutiles
653 4525 682 4564 a
710 4510 933 4564 Christo
957 4508 1258 4576 contempti
1290 4516 1438 4561 sunt.

470 4601 536 4655 Et
559 4616 740 4656 errare
773 4600 893 4669 fecit
921 4614 1008 4653 eos
1033 4598 1089 4650 in
1114 4599 1277 4663 invio,
1309 4606 1357 4651 et
1399 4612 1505 4650 non
1543 4595 1599 4648 in
1628 4597 1733 4648 via.
1771 4596 1969 4652 Seduci

2074 3225 2491 3295 [Ιροαγορεύσας
2512 3224 2568 3278 δὲ
2599 3225 2699 3298 τὴν
2759 3228 3046 3299 προκοπὴν
3095 3228 3192 3282 καὶ
3250 3228 3481 3300 αὔξησιν
3542 3230 3650 3301 τῆς

2082 3314 2449 3384 Ἐκκλησίας,
2503 3315 2583 3367 ἐτι
2645 3315 2904 3386 προλέγει
2954 3319 3047 3372 καὶ
3089 3320 3214 3383 τοὺς
3272 3320 3650 3393 ὲπισυμϐῆναι

2073 3405 2368 3477 μέλλοντας
2389 3408 2528 3479 αὐτῇ
2553 3407 2851 3479 διωγμούς.

2139 3496 2252 3551 Kal
2280 3496 2676 3567 ὠλιγιώθησαν
2705 3500 2807 3553 καὶ
2835 3500 3234 3570 ἐκακώθησαν
3250 3504 3370 3559 ἀπὸ
3387 3506 3651 3575 θλίψεως

2070 3589 2277 3645 κακῶν
2314 3591 2415 3645 καὶ
2439 3592 2685 3660 ὀδύνης.
2731 3593 3105 3663 Ὦλιγὼθησαν
3135 3598 3235 3663 μὲν
3270 3598 3318 3650 οἱ
3377 3597 3645 3663 εὐσεϐεῖς,

2074 3682 2353 3752 μυριάδων
2406 3682 2621 3738 πολλῶν
2677 3685 2950 3749 ποικίλοις
2999 3688 3224 3756 τρόποις
3249 3689 3648 3761 ἀναιρεθεισῶν

2072 3772 2213 3843 ὑπὲρ
2244 3773 2339 3826 τοῦ
2364 3774 2627 3844 Χριστοῦ·
2652 3775 3016 3848 ἐκακώθησαν
3041 3778 3097 3831 δὲ
3129 3777 3234 3832 ὑπὸ
3257 3779 3493 3850 θλίψεως
3528 3798 3653 3834 πει-

2076 3864 2302 3935 ρασμῶν
2361 3868 2458 3920 καὶ
2510 3865 2706 3938 ὀδύνης
2770 3869 2869 3937 τῆς
2919 3870 3192 3938 ἐντεῦθεν,
3249 3872 3651 3944 ἀφαιρούμενοι

2071 3958 2172 4022 τὰς
2208 3959 2415 4025 οὐσίας,
2445 3958 2820 4033 ἐλαυνόμενοι,
2879 3963 3298 4035 μαστιζόμενοι,
3332 3968 3428 4020 καὶ
3476 3967 3655 4038 μυρία

2074 4049 2375 4122 πάσχοντες
2386 4093 2397 4106 .

2157 4142 2447 4214 Ἐξεχύθη
2494 4143 2895 4212 ἐξουδένωσις
2944 4147 3036 4200 ἐπ’
3082 4147 3380 4217 ἄρχοντας
3428 4150 3650 4208 αὐτῶν.

2079 4229 2372 4301 Ἄρχοντες
2424 4232 2603 4285 αὐτῶν
2628 4235 2677 4287 οἱ
2705 4233 2942 4302 βασιλεῖς
2974 4239 3068 4290 καὶ
3104 4240 3392 4309 ἡγεμόνες,
3426 4242 3518 4310 ὑφ’
3555 4243 3652 4308 οὓς

2074 4323 2312 4390 ἐτέλουν,
2355 4326 2450 4377 καὶ
2479 4325 2570 4393 ὑφ’
2599 4321 2673 4379 ὧν
2699 4327 3005 4395 ἐδιώκοντο,
3053 4332 3252 4395 οἵτινες
3278 4333 3649 4407 ὲξουδενώθη-

2077 4434 2177 4471 σαν
2197 4416 2275 4487 τῷ
2315 4417 2435 4489 Θεῷ
2458 4417 2534 4482 ὡς
2565 4419 2798 4491 ἀχρεῖοι.

2146 4595 2255 4649 Kal
2282 4595 2637 4663 ἐπλάνησεν
2654 4597 2876 4663 αὐτοὺς
2896 4599 2967 4653 ἐν
2991 4601 3208 4667 ἀϐάτῳ,
3233 4603 3330 4656 καὶ
3359 4606 3473 4674 οὐχ
3513 4604 3653 4671 ὀδῷ.

395 4709 492 4749 eos
543 4692 796 4762 permisit
828 4701 1089 4759 tanquam
1136 4687 1592 4743 immedicabiles.
1646 4686 1743 4742 Est
1776 4690 1969 4745 modus

2076 4688 2426 4758 Πλανηθῆναι
2483 4688 2884 4760 παρεχώρησεν
2910 4692 3113 4756 αύτούς
3134 4709 3146 4722 ο
3190 4694 3391 4765 ἰδίωμα
3416 4695 3472 4749 δὲ
3495 4696 3659 4751 τούτο

396 4787 485 4839 hic
518 4781 777 4865 loquendi
808 4780 1069 4849 frequens
1110 4778 1253 4848 apud
1292 4778 1660 4848 Scripturam,
1700 4790 1758 4833 ut
1793 4779 1969 4834 facere

2075 4779 2175 4849 τῆς
2234 4778 2458 4851 Γραφῆς
2494 4821 2509 4847 ,
2563 4780 2639 4843 ὡς
2702 4781 2965 4844 πολλάκις
3021 4785 3352 4855 εἰρήκαμεν.
3415 4786 3656 4840 Ἀϐατον

394 4875 711 4947 quempiam
761 4873 927 4937 dicat,
987 4872 1080 4942 qui
1117 4868 1415 4941 permittit.
1466 4871 1679 4926 luvium
1733 4886 1862 4928 vero
1917 4883 1969 4928 et

2075 4873 2135 4927 δὲ
2178 4873 2274 4926 καὶ
2332 4875 2455 4940 Οὐχ
2498 4873 2659 4939 ὁδὸς,
2694 4874 2762 4927 τὰ
2805 4874 3043 4946 δυσσεϐῆ
3071 4878 3338 4949 δόγματα,
3393 4883 3490 4933 καὶ
3538 4880 3659 4933 at-

396 4968 523 5033 Siue
561 4968 646 5021 via
701 4964 958 5036 appellat,
1019 4979 1273 5034 perversa
1324 4972 1491 5035 atque
1539 4966 1705 5037 impia
1773 4981 1966 5020 eorum

394 5060 671 5130 dogmata.

471 5148 635 5211 Vens.
673 5149 760 5204 ll.
804 5147 873 5202 Et
903 5149 1112 5218 adjuvit
1152 5164 1437 5219 pauperem
1466 5164 1532 5203 ea:
1555 5150 1757 5218 inopia.
1793 5149 1975 5220 Pepu-

396 5244 508 5298 lnm
541 5241 632 5303 qui
665 5255 873 5312 pauper
919 5249 1039 5295 erat
1080 5241 1309 5311 adjuvit,
1353 5256 1421 5296 ex
1482 5241 1663 5312 inopia
1716 5256 1839 5313 qua:
1889 5249 1975 5295 est

397 5342 620 5405 propter
651 5333 953 5389 Christum.

436 5421 533 5483 ,Et
589 5424 762 5492 posuit
807 5422 961 5492 quasi
994 5438 1109 5477 oves
1165 5423 1430 5490 familias.
1490 5422 1598 5477 Eas
1653 5422 1856 5491 quippe
1913 5431 1973 5475 ut

397 5515 651 5582 preprias
665 5527 821 5579 oves,
851 5513 906 5566 in
931 5515 1179 5567 ordinem
1215 5513 1440 5582 redegit.
1471 5513 1581 5566 Per
1614 5510 1852 5567 familias
1877 5526 1976 5565 au-

398 5616 502 5658 tem
550 5603 747 5675 (quas,
795 5605 948 5674 juxta
979 5603 1152 5658 (ἓνωοί
1190 5604 1432 5658 nominis
1486 5602 1970 5674 signiﬁcationem,

473 5782 518 5815 "
565 5784 696 5836 Luc.
759 5797 904 5845 xxiv,
965 5783 1032 5838 30

2080 4969 2228 5038 Opta.

2154 5154 2261 5208 Καὶ
2284 5153 2581 5222 ἐϐοήθησε
2631 5153 2843 5222 πένητι
2892 5153 2959 5208 ἐκ
2987 5156 3305 5223 πτωχείας.
3335 5154 3428 5226 Τῷ
3459 5155 3658 5226 πένητι

2081 5248 2216 5318 λαῷ,
2244 5245 2320 5316 τῷ
2351 5248 2546 5316 πένητι
2569 5249 2634 5299 ὲκ
2657 5247 2931 5317 πτωχείας
2964 5247 3061 5317 τῆς
3080 5247 3168 5300 διὰ
3215 5248 3476 5314 Χριστόν.

2152 5424 2264 5477 Καὶ
2319 5423 2487 5477 ἔθετο
2534 5424 2613 5488 ὡς
2662 5422 2929 5489 πρόϐατα
2982 5421 3255 5489 πατριάς.
3287 5421 3376 5484 Ὠς
3407 5420 3660 5491 πρόϐατα

2081 5516 2259 5569 οἰκεῖα
2286 5515 2384 5579 τὰς
2408 5513 2647 5585 πατριάς
2670 5529 2684 5544 ·
2709 5514 2878 5585 ἤγουν
2928 5512 3120 5580 ἔταξεν
3138 5513 3213 5577 ὡς
3248 5512 3499 5584 πρόϐατα
3531 5514 3658 5565 ἑαυ-

2082 5609 2199 5676 τοῦ,
2229 5609 2329 5673 τὰς
2359 5611 2417 5663 ἐν
2442 5610 2563 5672 ταῖς
2592 5606 2804 5678 χώραις
2852 5606 3090 5677 πατριάς
3115 5622 3127 5635 ο
3160 5605 3399 5678 πατριὰς
3429 5604 3484 5658 δὲ
3505 5602 3658 5673 λέγει
