4052 6454
407 305 562 421 .1071
1585 348 1968 410 EUTIIYMII
2001 345 2363 409 ZIGABENI
2686 366 2687 369 ‘
3540 343 3682 409 1072

422 472 486 524 de
518 466 881 532 tribulatione,
922 473 970 517 et
999 479 1132 517 vana
1185 463 1329 515 salus
1375 460 1623 514 hominis.
1659 459 1724 513 In
1760 459 1867 513 Deo
1911 459 1994 528 fa-

2097 456 2361 524 σὰμενος
2391 455 2570 523 ἡμᾶς,
2602 456 2701 510 καὶ
2738 456 2849 509 οὐκ
2882 454 3178 526 ἐξελεύσῃ
3220 459 3253 510 ό
3282 458 3425 525 Θεὸς
3449 459 3521 513 ὲν
3550 461 3683 527 ταῖς

422 562 620 616 ciemus
646 560 916 622 virtutem,
948 568 996 611 et
1024 559 1134 624 ipse
1158 554 1226 608 ad
1254 553 1480 607 nihilum
1505 552 1724 606 deducet
1753 550 1993 604 inimicos

2098 545 2437 614 δυνάμεσιν
2488 543 2703 616 ἡμῶνς
2747 546 2859 613 Δὸς
2910 546 3056 616 ἡμῖν
3091 547 3387 615 ,ϐοήθειαν
3437 550 3507 605 ἐκ
3552 554 3684 605 θλί-

423 664 651 707 nostros.
713 649 837 704 Haec
864 649 1050 703 omnia
1081 647 1245 702 etiam
1283 645 1476 701 eodem
1506 643 1702 698 ordine
1752 642 1996 712 reperies

2095 642 2280 708 ψεως,
2309 638 2407 693 καὶ
2433 638 2656 708 ματαία
2673 640 2943 707 σωτηρία
2963 639 3300 709 ἀνθρώπου.
3338 642 3442 699 Ἐν
3458 639 3537 707 τῷ
3557 641 3684 707 Θεῷ

378 814 381 817 _
425 745 481 799 in
503 743 713 814 psalmo
741 757 853 806 th,
889 740 979 794 ubi
1013 753 1077 794 ea
1100 736 1484 808 exposuimus.
1512 733 1580 789 Et
1612 735 1741 790 licet
1787 734 1840 788 in
1894 732 1978 786 ali-

2097 729 2433 800 ποιήσομεν
2463 729 2742 801 δῦναμιν,
2771 729 2870 783 καὶ
2902 729 3086 796 αὐτὸς
3105 730 3504 795 ἐξουδενώσει
3536 735 3692 798 τοὺς·

424 835 625 904 quibus
654 832 989 888 dictionibus
1018 828 1296 884 modicum
1325 826 1455 896 quid
1482 826 1594 881 haec
1621 825 1817 881 abillis
1848 822 2000 879 dilic-

2095 820 2351 892 ἐχθροὺς
2368 820 2557 891 ἡμῶν.
2587 822 2696 874 Καὶ
2709 820 2884 875 ταῦτα
2927 822 3105 876 πάντα
3149 822 3388 893 καθεξῆς
3421 825 3682 897 εὑρήσεις

421 934 570 992 rant,
601 922 857 979 eumdem
891 929 1078 976 tamen
1129 933 1353 977 sensum
1387 917 1614 973 habent.
1650 915 1762 972 Nec
1818 914 1994 970 admi-

2096 912 2245 987 ὲντῷ
2267 912 2341 966 νθ¹
2370 911 2592 983 ψαλμῷ,
2624 913 2729 965 Καὶ
2752 912 2987 985 ζήτησον
3016 914 3164 966 ἐκεῖ·
3184 914 3231 966 εξ
3254 914 3311 967 δὲ
3349 916 3495 975 κατά
3525 933 3682 979 τινας

423 1014 589 1077 reris,
640 1012 686 1069 si
723 1012 913 1068 eadem
954 1009 1152 1076 verba,
1206 1020 1369 1079 atque
1427 1006 1645 1063 easdem
1695 1007 1997 1063 sententias

2096 1005 2273 1069 λέξεις
2299 1004 2494 1074 μικρόν
2510 1020 2564 1057 τι
2588 1003 3090 1075 παραλλάττουσιν,
3119 1004 3255 1077 ἀλλά
3285 1022 3349 1075 γε
3378 1006 3477 1076 τὴν
3508 1007 3680 1077 αὐτὴν

421 1104 698 1176 Propheta
730 1101 934 1172 saepius
968 1102 1166 1172 repetit
1197 1099 1253 1155 in
1281 1099 1406 1155 aliis
1440 1096 1694 1169 psalmis,
1749 1112 1875 1152 cum
1906 1097 1998 1153 hic

2096 1097 2284 1168 ἔχουσι
2335 1095 2604 1151 διάνοιαν.
2658 1095 2750 1165 Μὴ
2783 1094 3079 1169 θαυμάσῃς
3110 1095 3188 1160 δὲ,
3230 1097 3279 1149 εἰ
3317 1096 3387 1150 τὰ
3413 1098 3555 1150 αὐτὰ
3584 1100 3680 1150 καὶ

422 1209 545 1251 mos
587 1193 731 1263 apud
767 1192 1026 1249 Hebraeos
1057 1191 1345 1256 habeatur,
1396 1182 1450 1245 et
1494 1188 1639 1259 apud
1699 1187 1996 1259 prophetas

2097 1189 2158 1242 ὲν
2208 1187 2422 1257 ἑτέροις
2488 1186 2675 1257 τίθησι
2737 1186 3004 1251 πολλάκις
3061 1186 3333 1258 ψαλμοῖς·
3390 1187 3513 1252 ἔθος
3568 1189 3681 1258 γὰρ

423 1287 713 1354 ρι-ωεῑρυε,
2100 1278 2195 1330 καὶ
2209 1275 2369 1330 τοῦτο
2389 1278 2501 1340 τοῖς
2516 1275 2810 1346 Ἑϐραίοις,
2830 1277 2926 1329 καὶ
2950 1277 3185 1347 μάλιστα
3216 1278 3327 1336 τοῖς
3347 1279 3676 1348 προςὴταις.

914 1375 976 1428 In
1005 1374 1160 1443 ﬁnem
1191 1375 1291 1441 ipsi
1311 1373 1498 1427 David.
2350 1365 2454 1433 Εἷς
2492 1385 2514 1419 ἐ

2350 1365 2454 1433 Ely
2492 1367 2558 1420 τὸ
2605 1367 2779 1433 τέλος
2819 1369 3059 1436 ψαλμὸς
3085 1366 3165 1433 τῷ
3193 1367 3393 1421 Δαόἰδ.

940 1464 1266 1521 PSALMUS
1297 1464 1482 1519 CVIII.

2664 1460 2959 1514 ΨΑΛΜυΣ
2992 1460 3110 1514 PE'.

501 1560 574 1615 De
603 1561 703 1614 hac
743 1558 1110 1627 inscriptione
1141 1572 1284 1628 saspe
1315 1557 1445 1613 alibi
1484 1558 1693 1613 dictum
1724 1567 1830 1614 est.
1858 1559 1996 1614 Illud

2170 1554 2280 1609 Kal.
2310 1555 2442 1626 περὶ
2476 1552 2680 1623 ταύτης
2714 1552 2813 1623 τῆς
2843 1552 3160 1621 ἐπιγραφῆς
3213 1552 3432 1623 εἴρηται
3485 1553 3678 1622 διαφό-

427 1648 976 1705 animadvertendum
1035 1657 1162 1711 est,
1211 1649 1353 1718 quod
1434 1646 1715 1717 Propheta
1774 1651 1830 1703 in
1892 1649 1999 1705 hoc

2102 1667 2211 1722 ρως
2241 1651 2299 1702 ὲν
2330 1648 2543 1719 ἑτέροις
2565 1644 2826 1717 ψαλμοῖς.
2870 1644 2929 1698 '0
2955 1645 3013 1699 δὲ
3037 1644 3233 1716 παρὼν
3262 1645 3480 1715 ψαλμδς
3513 1646 3679 1716 ἔσχη-

427 1741 638 1811 psalmo
663 1738 1018 1808 imprecantis
1040 1739 1262 1809 quidem
1289 1753 1583 1809 personam
1633 1740 1864 1796 induere
1912 1741 1998 1794 vi-

2104 1740 2364 1810 μάτισται
2399 1738 2500 1809 μὲν
2540 1737 2621 1801 εἰς
2647 1735 2790 1807 ἀρὰν
2816 1771 2834 1799 ,
2867 1732 2984 1788 ἔστι
3020 1735 3078 1788 δὲ
3106 1735 3417 1806 προφητεία
3455 1734 3678 1807 μελλόν-

422 1835 628 1888 detur:
662 1844 852 1885 revera
886 1838 1078 1884 tamen
1114 1829 1461 1900 prophetiam
1491 1845 1688 1885 eorum
1724 1832 1994 1886 malorum

2071 1845 2205 1881 ιτων
2248 1824 2665 1897 καταλήψεσθαι
2698 1824 2885 1879 κακῶν
2908 1823 3002 1877 τόν
3037 1840 3099 1877 τε
3148 1825 3418 1894 προδότην
3443 1826 3671 1888 Ἰούδαν,

429 1922 702 1988 contexit.
729 1937 854 1991 Quae
889 1920 1222 1991 proditorem
1251 1918 1473 1987 Iudam,
1498 1931 1662 1993 atque
1699 1923 1820 1995 ejus
1845 1937 1996 1979 com-

2098 1922 2195 1973 καὶ
2229 1918 2453 1990 ἐτέρους
2482 1916 2662 1979 τινας.
2685 1915 2800 1970 Καὶ
2834 1915 2946 1985 γάρ
2970 1916 3090 1968 ἐστι
3122 1915 3220 1969 καὶ
3250 1915 3489 1969 τοιοῦτον
3531 1911 3678 1978 εἶδος

419 2014 594 2083 plices
619 2013 938 2068 manebant.
973 2012 1070 2067 Est
1114 2012 1259 2065 enim
1291 2012 1379 2066 hic
1411 2012 1625 2068 dicendi
1659 2024 1841 2069 motus
1888 2014 1996 2069 fre-

2099 2012 2159 2064 ὲν
2210 2012 2332 2074 ταῖς
2388 2006 2780 2080 προφητείαις,
2832 2007 2926 2061 καὶ
2955 2005 3130 2077 μυρία
3165 2005 3364 2060 τούτου
3404 2006 3558 2076 παρὰ
3608 2010 3676 2078 τῇ

422 2119 601 2172 quens
662 2104 717 2158 in
772 2103 1086 2172 prophetis,
1151 2111 1205 2159 et
1246 2103 1483 2174 plurima
1539 2106 1789 2174 exempla
1850 2103 1997 2176 apud

2095 2104 2291 2176 Γραφῇ
2326 2102 2775 2174 παραδείγματα.
2836 2099 2948 2155 Καὶ
2979 2100 3089 2170 γὰρ
3118 2100 3216 2162 καὶ
3280 2100 3540 2171 Ἰησοῦςό
3577 2103 3675 2155 τοῦ

426 2193 767 2264 Scripturam
822 2194 1058 2250 inveniri
1086 2205 1341 2265 possunt.
1376 2194 1536 2252 Unde
1571 2206 1626 2254 et
1661 2196 1822 2254 Jesus
1849 2196 1998 2255 Nave

2097 2198 2257 2269 Ναυῆ
2283 2195 2514 2267 διαιρῶν
2557 2192 2659 2255 τὰς
2686 2191 2898 2247 δώδεκα
2935 2191 3111 2261 φυλὰς
3168 2192 3258 2247 ὅτε
3315 2195 3398 2259 εἰς
3440 2195 3542 2265 τὴν
3570 2198 3678 2264 γῆν

424 2285 715 2341 duodecim
765 2285 943 2349 tribus
964 2285 1239 2350 dividens,
1275 2288 1501 2357 quando
1529 2287 1582 2341 in
1626 2297 1830 2344 terram
1863 2302 1994 2359 pro-

2095 2293 2192 2362 τῆς
2273 2286 2603 2357 ἐπαγγελίας
2642 2284 2940 2356 εἰσῄεισαν,
3015 2285 3313 2357 ἐκελεύσθη
3382 2288 3533 2358 παρά
3579 2288 3676 2342 τοῦ

427 2377 704 2433 missionis
736 2376 965 2446 ingressi
994 2386 1142 2440 sunt,
1165 2378 1316 2433 visus
1338 2388 1423 2433 est
1449 2379 1606 2447 jussu
1633 2378 1729 2433 Dei
1760 2381 1996 2449 quihus-

2096 2373 2234 2428 θεοῦ
2272 2375 2370 2438 τὰς
2431 2372 2533 2442 μὲν
2585 2371 2908 2443 εὐλογῆσαι,
2949 2371 3048 2437 τὰς
3099 2373 3156 2426 δὲ
3190 2375 3499 2445 ἀράσασθαι
3528 2391 3542 2405 ⁸
3582 2382 3679 2430 καὶ

426 2468 551 2523 dam
603 2467 953 2532 benedicere,
998 2474 1054 2521 et
1088 2466 1422 2536 quibusdam
1487 2468 1624 2521 mala
1682 2470 1991 2537 imprecari.

2093 2462 2238 2537 ἦσαν
2287 2465 2619 2536 προφητεῖαι
2641 2465 2735 2517 καὶ
2784 2462 2854 2518 τὰ
2883 2464 2998 2517 τῶν
3032 2463 3319 2533 εύλογιῶν,
3350 2470 3445 2522 καὶ
3469 2468 3539 2521 τὰ
3564 2470 3679 2522 τῶν

423 2560 837 2618 Benedictiones
872 2566 1055 2613 autem
1082 2556 1212 2623 illae,
1236 2568 1290 2613 et
1322 2558 1750 2625 maledictiones,
1786 2560 1997 2625 futuro-
2096 2556 2269 2626 ἀρῶν.

423 2666 544 2706 rum
569 2650 886 2721 prophetiae
921 2648 1300 2703 continebant.

497 2743 661 2799 Vens.
686 2742 745 2796 9.
774 2739 943 2807 Deus,
970 2741 1180 2793 laudem
1204 2755 1375 2797 meam
1406 2754 1468 2793 ne
1479 2741 1726 2795 tacueris.
1751 2741 1998 2796 Praesen-

2182 2741 2235 2793 Ὀ
2279 2740 2447 2807 Θεὸς,
2475 2740 2589 2810 τὴν
2627 2743 2870 2797 αἴνεσίν
2886 2761 3006 2813 μου
3032 2744 3119 2813 μὴ
3161 2741 3668 2811 παρασιωπήσας.

424 2842 534 2891 tem
573 2835 844 2904 psalmum
874 2833 929 2886 iu
970 2846 1206 2903 persona
1237 2833 1447 2888 Christi
1478 2834 1845 2903 supplicantis
1870 2850 1993 2889 cre-

2097 2831 2202 2886 Τὸν
2243 2833 2486 2901 παρόντα
2517 2830 2737 2903 ψαλμὸν
2799 2834 2880 2896 εἰς
2935 2833 3233 2904 πρόσωπον
3295 2831 3390 2886 τοῦ
3431 2831 3672 2902 Χριστοῦ

423 2925 606 2981 dituus
635 2924 807 2980 fuisse
833 2925 1211 2992 conscriptum
1244 2940 1262 2981 :
1307 2923 1404 2995 qui
1436 2940 1562 2980 cum
1598 2926 1839 2980 hominis
1873 2940 1996 2994 per-

2097 2923 2475 2993 συντεθείσθσκι
2539 2924 2803 2996 λέγομεν,
2858 2926 3193 2990 ἱκετεύοντος
3257 2925 3332 2986 ὡς
3380 2924 3672 2995 ἀνθρώπου

423 3029 617 3075 sonam
650 3015 949 3080 induisset,
975 3015 1219 3073 omnium
1249 3016 1533 3070 hominum
1567 3031 1740 3082 more,
1784 3017 1992 3074 diutius

2096 3016 2194 3089 ζῇν
2229 3016 2335 3082 ἔτι,
2363 3014 2457 3072 καὶ
2482 3015 2552 3070 τὰ
2586 3018 2928 3088 προκείμενα
2957 3018 3215 3088 λέγοντος
3239 3033 3253 3047 ⁸
3297 3016 3357 3070 '0
3387 3015 3544 3082 Θεὸς,
3575 3015 3675 3085 τὴν

432 3107 597 3167 etiam
631 3107 816 3164 visere
856 3106 1137 3176 cupiebat.
1178 3106 1346 3162 Deum
1374 3107 1543 3177 igitur
1569 3106 1773 3177 alloqui
1820 3106 1994 3163 intro-
2022 3158 2032 3204 ‘

2098 3109 2308 3162 αῖνεσιν
2356 3108 2456 3180 τὴν
2484 3107 2554 3162 δι’
2591 3108 2727 3179 ἐμοῦ
2799 3109 2875 3180 μὴ
2907 3110 3374 3180 παρασιωπήσης.
3428 3108 3515 3162 σοὶ
3563 3107 3679 3178 (19)

421 3199 643 3255 ducitur
679 3198 959 3263 Christus,
992 3200 1048 3253 in
1081 3199 1185 3255 hoc
1219 3199 1455 3269 psalmo,
1485 3211 1541 3256 et
1579 3201 1763 3257 dicere
1796 3218 1811 3255 :
1843 3200 1987 3264 Noli,

2099 3199 2252 3271 παρὰ
2303 3199 2417 3255 τῶν
2482 3199 2739 3271 ὁρώντων
2790 3201 2828 3255 ἃ
2878 3200 3193 3272 ἐργάζομαι
3228 3200 3535 3270 θαυμάσια,
3579 3202 3677 3253 καὶ

422 3290 592 3360 Deus,
612 3292 962 3362 exstinguere
983 3292 1314 3361 aut,silentio
1332 3292 1547 3347 tradere
1576 3291 1792 3347 Iaudem
1820 3291 1988 3355 illam,

2097 3290 2434 3356 δοξαζόντων
2496 3310 2581 3358 σε,
2634 3294 2711 3364 μὴ
2747 3292 3117 3365 καταπαύσῃς
3145 3308 3158 3323 ·
3210 3292 3270 3365 ἦ,
3319 3292 3432 3364 Τὴν
3462 3293 3674 3347 αῐνεσιν

418 3396 540 3451 quae
564 3393 788 3450 propter
818 3396 923 3443 me,
953 3381 1154 3435 Filium
1186 3389 1368 3445 tuum,
1403 3381 1499 3435 tibi
1524 3379 1731 3450 iugiter
1762 3378 1993 3435 offertur

2103 3398 2230 3450 μου,
2263 3383 2330 3453 ἣν
2346 3382 2484 3436 αἰνῶ
2508 3399 2570 3436 σε
2592 3382 2783 3450 αὐτὸς,
2815 3384 2995 3438 πάντα
3020 3385 3122 3438 ὅσα
3156 3383 3410 3456 κατορθῶ
3445 3399 3529 3438 σοι
3555 3385 3677 3437 ὲπιο

417 3472 486 3527 ah
511 3471 576 3527 iis
603 3473 695 3541 qui
730 3472 1008 3526 mirabilia
1033 3485 1202 3542 Opera
1235 3485 1355 3525 mea
1405 3470 1794 3540 inspicientcs,
1834 3487 1990 3527 smn-

2099 3472 2452 3544 γραφόμενος
2486 3474 2566 3537 εἰς
2618 3474 2779 3540 δόξαν
2818 3477 2952 3547 σήν·
3007 3475 3063 3547 ἧ,
3090 3474 3203 3545 Τὴν
3240 3475 3384 3546 μετὰ
3412 3476 3673 3540 αἰνέσεως

418 3563 525 3620 mis
571 3574 623 3619 te
662 3573 953 3633 propterea
1003 3561 1320 3633 gloriﬁcant
1376 3562 1655 3618 laudibus.
1712 3560 1811 3618 Vel
1841 3579 1854 3615 :
1886 3561 2002 3617 Nol

1550 3576 1655 3618 HIS.
1712 3560 1811 3618 Vel
1841 3579 1854 3615 :
1886 3561 2002 3617 Nol
2082 3563 2272 3633 δέησίν
2306 3582 2410 3635 μου
2439 3565 2515 3637 μὴ
2544 3566 2820 3636 παρέλθῃς
2860 3568 2919 3619 ἐν
2949 3569 3150 3638 σιωπῇ.

421 3660 588 3721 Deus,
639 3658 997 3726 exstinguere
1030 3655 1248 3711 laudem
1281 3669 1480 3720 meam,
1514 3670 1627 3725 qua
1672 3655 1899 3712 assidue
1942 3664 1993 3710 te
2030 3656 2213 3711 laudo.
2247 3658 2607 3729 Quaecunque
2665 3660 2813 3714 enim
2856 3673 3076 3729 operor,
3113 3660 3213 3716 tibi
3279 3660 3519 3726 ascribo,
3584 3670 3672 3716 ιιι-

416 3758 525 3817 que
553 3750 623 3805 ad
646 3750 874 3820 gloriam
925 3758 1074 3803 tuam
1102 3747 1302 3802 refero.
1356 3748 1587 3804 Silentia
1639 3752 1825 3820 itaque
1857 3766 1963 3805 non
1994 3762 2292 3821 praetereas
2324 3769 2519 3823 preces
2552 3769 2725 3822 meas,
2754 3770 3020 3825 quascum
3053 3756 3217 3812 laude
3243 3756 3573 3828 oﬂ'ero(20).

490 3843 633 3909 Quia
657 3858 715 3898 os
747 3841 1063 3912 peccatoris,
1104 3849 1156 3894 et
1182 3857 1240 3895 os
1261 3841 1435 3895 dolosi
1458 3855 1616 3911 super
1650 3857 1730 3895 me
1752 3852 1993 3909 apertum

2168 3847 2298 3899 "Ou
2346 3846 2543 3915 στόμα
2574 3846 2951 3914 ἀμαρτωλοῦ,
2985 3846 3084 3903 καὶ
3117 3849 3314 3916 στόμα
3336 3847 3549 3903 δολίου
3578 3843 3675 3902 ἐπ’

415 3944 514 3989 est.
545 3932 898 3988 Peccatorem
930 3942 984 3988 et
1011 3933 1287 3999 dolosum,
1328 3931 1527 3987 ludam
1586 3934 1851 4004 intellige,
1898 3935 1990 4005 qui

2092 3938 2197 4007 ἐμὲ
2239 3938 2533 4007 ἠνοίχθη.
2566 3938 2671 3991 Τδν
2712 3937 2917 3993 Ἰούδαν
2969 3939 3163 4006 νόησον
3211 3939 3541 4011 ἁμαρτωλὸν
3571 3941 3669 3995 καὶ

415 4042 677 4084 ossuum
741 4026 1013 4081 adversus
1068 4025 1417 4080 Salvatorem
1479 4025 1718 4095 aperuit,
1771 4027 1995 4095 quando

2092 4028 2362 4093 δόλιον,ὃς
2416 4029 2594 4099 ἤνοιξε
2656 4029 2855 4098 στόμα,
2908 4031 3051 4083 κατὰ
3105 4030 3207 4083 τοῦ
3244 4032 3525 4102 Σωτῆρος,
3575 4032 3669 4086 ὅτε

415 4132 542 4172 cum
574 4118 916 4187 principibus
943 4116 1324 4180 sacerdotum,
1364 4124 1421 4170 et
1447 4117 1766 4172 senioribus
1800 4117 1986 4187 populi

2096 4122 2435 4193 συνελάλησε
2494 4125 2612 4186 τοῖς
2666 4120 2989 4195 ἀρχιερεῦσι
3022 4124 3118 4176 καὶ
3149 4123 3548 4196 πρεσϐυτέροις
3571 4123 3670 4178 τοῦ

414 4210 633 4266 locutus
667 4216 772 4273 est,
806 4217 864 4261 ut
886 4206 1170 4262 Christqu
1201 4207 1485 4274 proderet.

1284 4207 1485 4261 ideret.
2017 4254 2070 4314 Β
2095 4214 2227 4268 λαοῦ
2288 4215 2421 4284 περὶ
2449 4213 2551 4284 τῆς
2570 4214 2884 4281 προδοσίας.

483 4301 652 4357 Vens.
692 4301 746 4356 ὅ.
787 4299 972 4354 Locuti
1001 4309 1126 4362 sunt
1151 4301 1430 4355 aduersum
1462 4316 1542 4354 me
1570 4301 1751 4371 lingua
1777 4300 1984 4354 dolosa.
2020 4298 2068 4314 ¹’

2179 4304 2533 4373 Ἐλάληοάν
2554 4305 2682 4359 κατ’
2699 4305 2847 4375 ἐμοῦ
2875 4306 3127 4375 γλώσσῃ
3149 4306 3347 4373 δολία.
3379 4298 3550 4370 Οὗτός
3601 4323 3669 4361 τε

411 4391 582 4449 ludas
604 4391 865 4446 nimirum
900 4399 957 4444 et
982 4389 1262 4460 principes
1289 4391 1672 4457 sacerdotum,
1705 4407 1770 4447 ac
1796 4392 1984 4446 senio-

1757 4408 1770 4447 :
1796 4392 1984 4446 senio-
2096 4399 2339 4451 κάκεῖνοι
2372 4397 2677 4467 ράπτοντες
2706 4397 2894 4462 δόλους
2923 4382 3017 4451 καί
3039 4397 3357 4462 ἐπιϐουλάς.

415 4502 503 4541 res
530 4485 738 4555 populi,
764 4478 943 4549 dolos,
981 4492 1149 4554 atque
1184 4482 1424 4540 insidias
1447 4484 1745 4540 adversum
1783 4498 1870 4540 me
1903 4483 1982 4540 si-

414 4578 528 4631 mul
559 4584 863 4642 struentes.

392 4686 399 4720 ι
485 4666 554 4724 Et
579 4667 905 4722 sermonibus
927 4666 1036 4720 odii
1061 4665 1526 4721 circumdederunt
1548 4682 1648 4720 me.
1675 4665 1838 4720 Plena
1863 4664 1992 4720 odio

2167 4668 2273 4729 Καὶ
2337 4668 2541 4736 λόγοις
2582 4667 2809 4736 μίσους
2853 4667 3214 4722 ἐκύκλωσάν
3259 4684 3359 4737 με.
3403 4668 3670 4737 Λέγοντες

412 4762 469 4816 in
500 4773 585 4817 me
620 4757 783 4813 verba
821 4766 1126 4812 vomentes.
1181 4756 1574 4829 Saepenumero
1612 4756 1760 4811 enim
1790 4755 1987 4822 Judaei,

2098 4760 2324 4829 ῥήματα
2349 4757 2562 4827 μίσους·
2597 4758 2863 4822 πολλάκις
2887 4760 2996 4830 γὰρ
3023 4760 3073 4812 οἱ
3110 4758 3377 4826 Ἰουδαῖοι,
3399 4760 3668 4813 κυκλοῦν-

412 4852 504 4920 qui
554 4848 773 4905 Christo
798 4847 1274 4914 circumaderant,
1326 4845 1643 4918 huiusmodi
1704 4861 1988 4904 sermones

2096 4864 2189 4912 τες
2215 4848 2408 4913 αὑτὸν,
2442 4847 2631 4917 ἔλεγον
2658 4849 2907 4915 τοιαῦτα,
2925 4847 3295 4920 διασύροντες,
3328 4849 3668 4921 ὑϐρίζοντες,

415 4938 790 5010 proferebant,
819 4952 1038 4995 summo
1063 4939 1252 4993 studio
1274 4937 1698 5002 contendentes,
1728 4942 1787 4989 ut
1811 4937 1859 4990 ei
1880 4937 1986 4992 ali-

1167 4939 1252 4993 dio
1274 4937 1698 5002 contendentes,
1728 4942 1787 4989 ut
1811 4937 1859 4990 ei
1880 4937 1986 4992 ali-
2095 4938 2413 5010 ἐρωτῶντες
2452 4939 2767 5010 κακοήθως.

415 5051 525 5105 quo
556 5042 714 5105 pacto
747 5033 1100 5090 detraherent
1131 5049 1148 5088 :
1180 5032 1386 5103 quippe
1413 5030 1508 5086 oui
1534 5043 1628 5086 aut
1663 5046 1926 5109 expresse
1944 5034 2277 5091 contumelia
2334 5050 2458 5090 eum
2515 5034 2846 5097 adiciebant.
2902 5042 2998 5090 aut
3046 5049 3307 5105 perverse
3367 5034 3677 5107 interroga-

415 5129 565 5183 haut.

487 5220 553 5274 Et
582 5221 1022 5289 impugnamunt
1053 5229 1136 5269 me
1168 5211 1361 5284 gratis.
1401 5208 1517 5266 ΙΙοο
1541 5220 1628 5266 est
1654 5221 1882 5279 temere,
1917 5222 1974 5269 et

2153 5218 2264 5270 Kal
2289 5217 2688 5288 ἐπολέμησάν
2711 5235 2789 5287 με
2810 5216 3061 5287 δωρεάν.
3100 5218 3319 5288 Μάτην,
3338 5218 3671 5288 ἀνευλόγωςι

413 5316 623 5383 sbsque
661 5312 771 5367 ulla
799 5320 991 5365 causa.
2278 5342 2293 5357 ι
3308 5308 3313 5313 ’

1733 5464 1933 5526 νει-ιω
1962 5465 2295 5528 lectiones.

484 5599 595 5672 (l9)
626 5598 900 5672 itacodex
935 5613 948 5649 :
978 5595 1322 5672 scdridctur
1358 5596 1553 5652 deesse
1597 5595 1828 5667 aliquid,
1855 5601 1984 5665 puta
2102 5597 2278 5672 ciunt,
2323 5596 2417 5672 sed
2450 5594 2796 5672 distinctum.
2853 5594 3095 5672 _EII‘ertur
3138 5594 3298 5672 enim
3335 5586 3660 5672 _per_parti-

412 5661 849 5739 ἀναφερομένην,
873 5677 965 5739 aut
998 5668 1127 5736 quid
1168 5667 1367 5723 simile.
1689 5661 1702 5667 ’
1816 5661 1821 5663 “
1855 5661 1871 5665 -
1910 5734 1951 5739 _

2095 5667 2275 5721 cuiam
2334 5669 2392 5735 ἥ.
2450 5667 2784 5720 Vertendum
2850 5665 3040 5735 itaque
3082 5680 3097 5721 :
3138 5661 3232 5718 Vel
3301 5661 3512 5719 silentio
3563 5677 3674 5716 non

482 5734 604 5809 (se;
627 5734 816 5793 Graeca
847 5734 1027 5792 verba
1046 5752 1156 5792 non
1189 5739 1566 5792 continentem
1614 5751 1837 5795 sensum
1872 5734 1984 5793 θαί-
2093 5747 2271 5804 prum,
2300 5734 2404 5791 etc.
2486 5740 2487 5743 ‘
