4052 6412
320 429 452 500 1073

1446 427 1838 489 COMMENT.
1861 385 1959 484 'IN
2012 424 2367 486 l‘SALMOS.

3427 421 3568 488 10³14

382 541 544 599 Ἀντί
599 541 708 596 τοῦ
761 539 1004 607 ἀγαπᾷν
1052 556 1148 610 με,
1205 537 1600 592 ἑνδιέϐαιλόν
1636 554 1728 605 με.
1765 537 1893 589 Δέον

2071 532 2236 589 Vens.
2274 536 2327 588 4.
2365 533 2466 588 Pro
2508 551 2589 597 eo,
2625 543 2682 610 ut
2741 550 2820 588 me
2875 534 3171 604 diligerent,
3225 533 3567 588 detrahebant

317 637 534 706 ἀγαπᾷν
588 651 677 704 με,
735 632 1084 698 καθεκάστην
1129 630 1328 693 αὐτοὺς
1351 627 1748 700 εὐεργετοῦντα
1796 627 1892 680 καὶ

319 730 456 798 λόγῳ
489 727 587 780 zeal.
624 724 774 795 ἔργῳ
799 741 814 756 ο
853 725 904 776 οί
937 723 993 776 δὲ
1018 721 1330 776 τούναντίον
1363 718 1750 788 διεκωμῴδουν
1798 731 1892 786 με,

319 821 539 883 πλάνον,
593 817 690 872 καὶ
739 815 1078 886 παράνομον,
1127 813 1223 866 καὶ
1263 811 1512 866 ἀντίθεον
1547 807 1892 863 ἀποκαλοῦν-

322 911 412 972 τές
451 925 541 978 με.

397 999 548 1068 Ἐγὼ
590 998 659 1052 δὲ
695 997 1161 1068 προσηυχόμην.
1193 992 1595 1066 Προσηυχόμην
1627 992 1769 1062 ὑπὲρ
1794 991 1894 1045 αύ-

318 1094 443 1146 τῶν·
477 1093 571 1146 καὶ
622 1091 734 1162 γὰρ
794 1093 854 1143 ὲν
909 1092 1023 1152 τοῖς
1084 1087 1440 1156 Εὐαγγε).ίοις
1496 1082 1894 1158 προσεύχεσθαι

321 1181 459 1251 ὑπὲρ
484 1182 591 1234 τῶν
611 1177 1030 1248 ἐπηρεαζόντων
1048 1177 1460 1248 ἐνομοθέτησεν.
1494 1175 1565 1229 Ἥ
1583 1173 1894 1244 προσηυχό-

325 1291 428 1344 μην
486 1272 921 1341 ἐπικαλούμενος
952 1270 1051 1340 τὴν
1081 1269 1233 1340 παρὰ
1269 1268 1362 1321 σοῦ
1400 1266 1674 1339 βοήθειαν·
1707 1264 1896 1334 διαφό-

331 1383 434 1435 ρως
485 1366 595 1435 γὰρ
649 1367 791 1436 προς
843 1365 938 1418 τὸν
985 1363 1208 1434 Πατέρα
1258 1359 1703 1432 προσευχόμενον
1733 1359 1896 1413 αὐτὸν

323 1456 577 1524 δηλοῦσιν
608 1457 660 1508 οἱ
695 1453 1105 1524 εύαγγελιστάί.

390 1549 494 1604 Kal
518 1550 726 1602 ἔθεντο
745 1551 872 1603 κατ’
900 1547 1049 1617 ἐμοῦ
1071 1544 1225 1600 κακὰ
1246 1545 1380 1600 ἀντὶ
1411 1544 1670 1616 ἀγαθῶν.
1689 1542 1865 1612 Εἰργά
1879 1571 1894 1581 ο

321 1655 482 1692 σαντο
510 1639 633 1692 κατ’
661 1639 796 1708 ἐμοῦ
824 1638 994 1705 κακὰ,
1036 1639 1154 1692 ἀνθ’
1175 1632 1250 1692 ὧν
1273 1636 1751 1708 εύηργετήθησαν.

390 1816 496 1870 Kal
532 1816 715 1886 μῖσος
733 1817 870 1871 ἀντὶ
900 1817 1011 1886 τῆς
1041 1817 1404 1887 ἀγαπήσεως
1425 1834 1567 1888 μου.
1609 1817 1754 1868 Ἀντὶ
1801 1815 1895 1882 τῆς

322 1911 568 1980 ἀγάπης,
598 1909 666 1980 ἢν
695 1909 931 1980 ἠγάπων
956 1909 1178 1973 αὐτούς.

384 1999 786 2067 Κατάστησον
797 1999 890 2053 ἐπ’
905 1999 1098 2052 αὐτὸν
1122 2000 1496 2068 ἀμαρτωλόν.
1509 1999 1584 2052 Τὸ
1604 1998 1899 2065 κατάστη-

318 2107 436 2145 σον
492 2092 588 2145 καὶ
637 2092 708 2161 τὰ
748 2092 900 2162 ἑξῆς,
950 2093 1332 2164 προστακτικά
1380 2110 1442 2146 τε
1491 2094 1586 2147 καὶ
1648 2091 1898 2154 εὐκτικὰ,

319 2185 506 2252 ἔχουσι
539 2183 640 2254 μὲν
672 2184 861 2254 σχῆμα
887 2185 1152 2249 τοιοῦτον,
1192 2184 1470 2254 σημασίαν
1497 2184 1553 2238 δὲ
1586 2183 1895 2252 μέλλοντος,

319 2276 437 2329 ἀντὶ
465 2274 559 2329 τοῦ
579 2275 1054 2342 Καταστήσεται,
1084 2277 1177 2330 καὶ
1207 2276 1523 2343 στήσεται,
1543 2275 1638 2329 καὶ
1659 2275 1900 2340 ἐξελεύ-

317 2384 513 2430 σεται,
549 2369 644 2422 καὶ
672 2369 740 2420 τὰ
789 2368 1039 2423 τοιαῦτα.
1073 2369 1268 2434 Τάξον,
1295 2371 1464 2440 φησὶν
1506 2371 1599 2422 ἐπὶ
1624 2368 1724 2440 τὴν
1769 2370 1901 2421 ’ἰου-

317 2459 477 2512 δαίαν
494 2458 585 2512 τὸν
606 2457 877 2513 διάϐολον.
896 2458 1168 2528 Εἱσῆλθε
1178 2460 1308 2531 γὰρ,
1337 2461 1525 2530 φησὶν,
1550 2463 1638 2524 εἰς
1657 2459 1845 2514 αὑτὸν
1869 2461 1900 2514 ὀ

317 2546 614 2616 Σατανᾶς.
663 2549 738 2601 Τὸ
777 2549 833 2602 δὲ
865 2552 1284 2616 Κατάστησον,
1321 2551 1444 2604 ἀντὶ
1471 2549 1568 2602 τοῦ
1617 2549 1899 2618 Παραχώ-

314 2660 514 2710 ρησον
565 2641 958 2713 καταστῆναι,
1006 2643 1232 2696 κατὰτὸ
1277 2642 1374 2713 τῆς
1413 2643 1638 2714 Γραφῆς
1679 2641 1896 2712 ἰδίωμα,

321 2735 452 2805 περὶ
481 2727 542 2788 οὗ
576 2733 841 2798 πολλάκις
879 2733 1210 2805 είρήκαμεν.

387 2909 506 2966 Kal
537 2911 821 2977 διάϐολος
853 2909 1056 2979 στήτω
1091 2911 1162 2964 ἐκ
1199 2909 1417 2975 δεξιῶν
1447 2909 1657 2964 αὐτοῦ.
1701 2911 1903 2978 Στήσε-

319 3021 405 3056 ται
430 3006 503 3056 ὲκ
531 3003 723 3068 δεξιῶν
748 3002 936 3067 αὐτοῦ,
967 3002 1270 3068 τουτέστιν,
1302 3001 1719 3071 οίκειωθήσεται
1745 3003 1774 3056 ὁ
1799 3003 1901 3054 Σα-

321 3097 498 3158 τανᾶς
525 3095 697 3164 αὐτῷ.
735 3093 858 3148 Τῶν
906 3094 1127 3148 οίκείων
1160 3093 1270 3162 γὰρ
1301 3095 1334 3164 ὴ
1371 3091 1526 3157 δεξιὰ
1569 3092 1783 3156 στάσις.
1810 3093 1902 3145 Διὸ

1995 625 2144 680 mihi.
2203 625 2338 680 Cum
2395 607 2636 696 diligere.
2673 642 2760 682 me
2809 627 3150 692 debuissent,
3202 628 3294 696 qui
3349 627 3570 682 assidue

1995 719 2162 771 vcrho
2191 726 2245 772 et
2282 733 2444 786 Opere
2478 719 2741 773 benelicia
2765 720 2818 774 in
2842 735 2937 776 eos
2970 721 3330 785 contuleram,
3360 720 3415 773 hi
3445 734 3572 773 con-

1995 817 2080 862 tra
2108 808 2430 864 deridebant
2463 825 2572 873 me,
2607 810 2976 876 seductorem,
3027 811 3302 881 iniquum,
3352 819 3408 866 et
3463 812 3572 864 Deo

1996 901 2372 956 adversarium
2407 902 2747 972 appellantes
2769 903 2837 957 '".

2061 997 2172 1063 Ego
2203 1003 2378 1048 autem
2403 995 2642 1048 orabam.
2673 996 2908 1048 Orabam
2935 1011 3030 1064 pro
3052 996 3154 1051 eis.
3181 995 3235 1050 ln
3267 993 3573 1064 Evangelii:

1997 1088 2196 1158 quippe
2237 1087 2382 1141 orari
2438 1087 2607 1157 jussit
2656 1087 2908 1144 Christus
2939 1104 3037 1156 pro
3085 1089 3570 1143 calumniantibus.

2003 1178 2095 1234 Vel
2121 1197 2135 1232 :
2156 1177 2390 1233 Orabam
2413 1180 2677 1233 invocans
2701 1179 2964 1234 auxilium
2985 1189 3162 1234 tuum.
3184 1179 3571 1249 Sarpeuumcro

1997 1272 2140 1326 enim
2172 1284 2361 1326 orasse
2391 1275 2514 1324 eum
2541 1271 2604 1325 ad
2635 1269 2877 1336 Patrem,
2911 1272 3112 1328 ibidem
3145 1271 3396 1344 legimus.

2071 1540 2236 1595 Vens.
2266 1540 2317 1596 5.
2358 1540 2429 1595 Et
2457 1552 2744 1611 posuerunt
2773 1543 3050 1598 adversum
3081 1563 3159 1599 me
3189 1547 3332 1599 mala
3362 1563 3457 1616 pro
3485 1545 3577 1600 bo-

2001 1635 2102 1688 nis.
2135 1632 2262 1701 lpsi,
2303 1635 2502 1704 inquit,
2534 1642 2730 1690 contra
2793 1639 3002 1706 operati
3034 1649 3161 1694 sunt
3191 1639 3246 1692 in
3278 1655 3360 1693 me
3414 1639 3578 1698 mala,

2001 1741 2098 1795 pro
2138 1727 2407 1781 benticiiis
2432 1741 2460 1780 a
2494 1733 2578 1782 me
2619 1727 2672 1782 in
2702 1743 2798 1783 eos
2830 1731 3067 1786 collatis.

2074 1815 2141 1870 Et
2179 1819 2356 1872 odium
2378 1834 2475 1887 pro
2504 1819 2783 1875 dilectione
2814 1838 2950 1875 mea.
2985 1821 3088 1876 Pro
3125 1822 3439 1886 dilectione,
3475 1839 3579 1891 qua

1933 1887 1971 1941 Β
2003 1925 2098 1965 eos
2129 1913 2527 1981 prosequebar.

2075 2001 2243 2075 Vens.
2277 2003 2330 2058 6.
2351 2002 2624 2058 Constitue
2645 2020 2800 2074 super
2825 2021 2938 2059 eum
2963 2015 3310 2074 peccatorcm.
3338 2005 3576 2060 Verbum

2001 2093 2368 2156 Constitue,et
2390 2094 2494 2148 alia
2522 2095 2688 2149 verba
2718 2095 3051 2164 impetrativi
3083 2104 3136 2150 et
3161 2094 3386 2165 optativi
3408 2095 3580 2155 mulli,

2001 2201 2124 2253 qua:
2148 2194 2474 2254 sequuntur,
2506 2200 2822 2255 quanquam
2848 2185 2952 2240 sub
2983 2185 3256 2256 ejusmodi
3297 2185 3463 2254 figura
3499 2191 3578 2236 lo-

2003 2277 2202 2345 quendi
2255 2277 2364 2331 sint
2415 2277 2611 2346 posita,
2665 2276 2866 2332 habent
2907 2283 3090 2330 [arinen
3128 2277 3581 2348 signiﬁcationem

2006 2367 2180 2422 futuri
2216 2369 2505 2438 temporis,
2543 2382 2608 2421 ac
2649 2369 2694 2423 si
2735 2367 2966 2423 dixisset
2998 2386 3011 2421 :
3044 2367 3364 2428 Constituet.
3399 2368 3581 2432 stabit,

2002 2460 2189 2523 exibit,
2237 2466 2292 2513 et
2332 2464 2413 2513 sic
2473 2460 2540 2512 de
2571 2457 2806 2527 singulis
2851 2477 2864 2510 :
2900 2458 3206 2526 Constituc,
3242 2460 3440 2529 inquit,
3471 2461 3586 2513 dia-

2003 2549 2186 2606 bolum
2224 2563 2390 2618 super
2430 2547 2624 2602 Judam
2661 2550 2922 2604 :intravit
2953 2549 3118 2614 enim,
3152 2558 3211 2604 ut
3241 2551 3471 2621 legimus
3531 2552 3585 2603 in

2004 2641 2322 2711 Evangelio,
2342 2642 2398 2693 in
2421 2656 2540 2693 eum
2558 2638 2791 2694 Satanas
2822 2641 2886 2694 τ’.
2919 2639 3192 2695 Constilue
3223 2655 3354 2695 vero
3381 2642 3584 2710 posuit,

2005 2750 2104 2804 pro
2127 2733 2384 2789 Permitte
2416 2731 2700 2796 constitui,
2740 2731 2896 2800 juxta
2948 2732 3228 2802 peculiare
3268 2731 3402 2786 illud
3435 2731 3588 2785 Scri-

2007 2841 2178 2899 pturze
2211 2827 2436 2892 idioma,
2468 2826 2536 2879 de
2567 2839 2677 2894 quo
2705 2837 2848 2893 stepc
2877 2822 3138 2878 diximus.

2080 2921 2146 2974 Et
2184 2919 2429 2973 diabolus
2463 2928 2565 2972 stet
2617 2935 2648 2969 a
2689 2918 2921 2970 dexteris
2949 2917 3084 2985 ejus.
3124 2915 3238 2969 lloc
3276 2923 3385 2981 est,
3416 2915 3508 2971 [let
3536 2916 3585 2970 ei

2007 3015 2241 3067 Satanas
2279 3011 2604 3066 familiaris:
2639 3009 2818 3064 solent
2843 3009 2988 3064 enim
3024 3007 3329 3063 familiares
3370 3018 3442 3061 ac‘
3485 3007 3586 3060 do-

2005 3105 2218 3160 mestici
2253 3102 2486 3172 alicujus
2520 3113 2668 3158 stare
2693 3101 2791 3155 eia
2819 3101 3046 3155 dextris.
3076 3103 3251 3169 Atque
3283 3099 3589 3168 ideojustis

322 3188 414 3240 καὶ
486 3187 536 3239 οί
591 3187 794 3241 δίκαιοι
843 3185 997 3257 παρὰ
1025 3185 1100 3255 τῷ
1134 3186 1253 3255 Θεῷ
1282 3185 1385 3255 τῆς
1413 3185 1594 3252 δεξιᾶς
1621 3184 1901 3251 ἀξιοῦνται

2015 3197 2158 3252 Deus
2197 3199 2444 3251 dextram
2474 3195 2754 3265 regionem
2789 3195 2845 3248 in
2884 3193 3068 3247 futuro
3097 3193 3308 3260 judicio
3339 3193 3590 3262 assigna-

323 3281 573 3342 στάσεως
593 3297 606 3310 ·
639 3278 734 3332 καὶ
767 3278 974 3349 ἑτέρως
1003 3278 1079 3340 δὲ,
1115 3278 1384 3348 Στήσεται
1417 3278 1480 3329 ὲκ
1503 3275 1694 3340 δεξιῶν
1715 3275 1906 3338 αὑτοῦ,

321 3369 585 3422 τουτέστι
620 3367 802 3433 δεξιὰς
840 3367 1070 3438 πράξεις
1120 3366 1421 3420 ἀποτελῶν.
1451 3367 1514 3420 El
1554 3367 1611 3419 δὲ
1643 3366 1738 3419 καὶ
1779 3365 1910 3436 περὶ

335 3459 520 3528 Ἰησοῦ
543 3459 638 3512 τοῦ
672 3459 916 3528 μεγάλου
951 3457 1259 3528 ἀρχιερέως
1305 3457 1646 3528 γέγραπται,
1695 3458 1776 3510 ὅτι
1816 3458 1911 3511 καὶ

323 3555 356 3607 ὁ
381 3551 668 3620 διάϐολος
715 3551 981 3621 εἱστήκει
1033 3550 1103 3606 ἐκ
1134 3550 1349 3614 δεξιῶν
1375 3550 1564 3606 αὐτοῦ
1585 3565 1598 3578 ·
1628 3550 1742 3604 ἀλλ’
1795 3551 1914 3604 ἐκεῖ

326 3647 626 3714 πρόκειται
678 3646 761 3699 ὅτι
812 3646 905 3698 τοῦ
943 3645 1262 3715 ἀντιστῆναι
1310 3643 1459 3716 αὐτῷ
1493 3643 1666 3716 ’ἔστη
1712 3643 1821 3717 γὰρ
1846 3645 1910 3698 ἐκ

323 3728 439 3788 τῶν
493 3734 689 3799 δεξιῶν
757 3734 924 3789 αὑτοῦ
987 3739 1301 3808 μαχόμενος
1349 3737 1471 3801 ταῖς
1511 3737 1711 3802 δεξιαῖς
1744 3735 1910 3789 αὐτοῦ

327 3827 623 3897 πράξεσιν.

402 4009 512 4064 Ἑν
542 4008 621 4075 τῷ
656 4010 968 4077 κρίνεσθαι
1020 4010 1229 4078 αὐτὸν,
1258 4011 1495 4075 ἐξέλθοι
1521 4011 1911 4066 καταδεδικα-

327 4103 580 4171 σμένος.
664 4103 753 4156 Ἐν
799 4104 878 4174 τῷ
929 4104 1218 4175 κρίνεσθαι
1271 4103 1436 4157 αὐτὸν
1492 4103 1600 4156 ὑπὸ
1629 4103 1724 4157 τοῦ
1780 4104 1911 4158 ἰδίου

332 4197 664 4261 συνειδότος,
707 4196 1056 4260 ἐξελεύσεται
1109 4198 1218 4250 ἀπὸ
1274 4197 1367 4251 τοῦ
1426 4197 1702 4267 συνεδρίου
1743 4214 1911 4250 κατα-

332 4289 707 4358 κεκριμένος-’
748 4289 844 4342 καὶ
879 4292 1324 4360 Μεταμεληθεὶς
1364 4291 1494 4361 γὰρ,
1531 4292 1716 4359 φησὶν,
1767 4291 1913 4346 ἀπέ-

2015 3291 2109 3344 vit.
2140 3289 2204 3342 Et
2233 3287 2389 3342 aliter
2416 3304 2432 3342 :
2469 3285 2730 3342 Diabolus
2787 3285 2956 3340 stabit
2981 3299 3010 3338 a
3041 3285 3250 3339 dextris
3281 3283 3421 3351 ejus,
3457 3282 3591 3335 dex-

2015 3393 2128 3435 tras
2156 3381 2304 3435 illius
2335 3379 2686 3450 operationes
2739 3379 2983 3448 rapiens.
3038 3377 3193 3442 Quod
3229 3376 3275 3431 si
3323 3375 3466 3444 apud
3492 3374 3593 3429 Za-

2013 3474 2257 3528 chariam
2340 3473 2664 3543 prophetam
2713 3473 2978 3540 scriptum
3047 3471 3281 3540 legimus
3335 3468 3404 3523 de
3464 3466 3592 3523 Jesu

2013 3565 2208 3637 Magno
2271 3563 2554 3632 pontiﬁce,
2610 3562 2758 3632 quod
2821 3561 3064 3614 diabolus
3120 3561 3324 3614 steterit
3379 3577 3410 3610 a
3460 3558 3593 3610 dexo

2014 3654 2112 3709 tris
2143 3652 2256 3723 ejus
2289 3652 2357 3721 ⁷³,
2391 3649 2945 3707 animadvertendum
2993 3657 3099 3711 est.
3134 3649 3247 3704 illic
3297 3647 3421 3702 addi
3459 3662 3594 3698 cau-

2013 3763 2152 3810 sam,
2205 3755 2265 3801 ut
2320 3747 2708 3802 adversaretur
2764 3746 2843 3800 ei.
2903 3745 3064 3798 Stetit
3123 3744 3266 3797 enim
3314 3757 3344 3796 a
3391 3742 3595 3795 dextris

2011 3838 2178 3907 ejus,
2224 3847 2283 3892 ut
2321 3837 2487 3902 bona,
2523 3852 2586 3893 ac
2634 3836 2856 3891 dextera
2913 3835 3059 3888 illius
3109 3849 3274 3903 opera
3309 3833 3597 3902 impugna-

2015 3939 2121 3983 ret.

2085 4019 2253 4074 Vens.
2285 4020 2339 4072 7.
2376 4019 2508 4073 Cum
2526 4016 2820 4087 iudicetur,
2848 4024 3001 4068 exeat
3029 4012 3426 4068 eundemnatus.
3457 4012 3594 4065 Cum

2020 4127 2050 4167 a
2077 4127 2264 4168 morsu
2318 4110 2556 4180 propria:
2591 4107 2943 4164 conscientiae
2977 4105 3378 4160 condemnatus
3412 4103 3598 4162 fuerit.

2011 4205 2187 4261 exibit
2223 4204 2290 4259 de
2318 4201 2628 4257 Iudaeorum
2664 4197 2902 4254 concilio
2930 4197 3320 4250 condemnatus
3364 4212 3378 4248 :
3423 4193 3600 4246 Paeni-

2019 4299 2182 4353 tentia
2214 4297 2360 4353 enim
2385 4296 2573 4348 ductus
2638 4291 2818 4346 retulit
2873 4290 3090 4360 triginta
3133 4297 3406 4358 argenteos
3454 4289 3601 4356 prin-

332 4384 566 4449 στρεψε
613 4381 686 4435 τὰ
743 4382 1060 4449 τριάκοντα
1125 4383 1375 4451 ἀργύρια
1412 4382 1539 4447 τοῖς
1569 4384 1902 4452 ἀρχιερεῦσι

2016 4392 2215 4458 cipibus
2234 4390 2593 4451 sacerdotum,
2633 4394 2686 4440 et
2714 4383 3048 4444 senioribus,
3087 4380 3277 4436 dicens
3321 4397 3336 4434 :
3377 4379 3600 4434 Peccavi

331 4471 570 4534 καὶτοῖς
602 4472 1019 4542 πρεσϐυτέροις,
1052 4473 1253 4540 λέγων’
1289 4464 1585 4543 Ἥμαρτον
1606 4473 1902 4542 παραδοὺς

2019 4481 2232 4536 tradens
2266 4480 2580 4550 sanguinem
2613 4477 2968 4530 innocentem.
2998 4473 3090 4527 Illi
3117 4483 3291 4526 autem
3324 4471 3600 4531 dixerunt,

332 4560 482 4631 αἷμα
527 4564 743 4618 ἀθῶον.
803 4568 866 4618 Ol
913 4564 983 4618 δὲ
1035 4561 1210 4618 εἷπον
1239 4581 1252 4597 ο
1289 4566 1350 4640 Τί
1382 4567 1534 4634 πρὸς
1581 4563 1784 4635 mide;
1831 4567 1902 4622 ai.

2025 4571 2165 4639 Quid
2186 4569 2255 4624 ad
2276 4569 2408 4624 nos?
2441 4578 2497 4621 tu
2514 4565 2710 4622 uidebis
2731 4563 2799 4619 “.
2829 4565 2870 4619 A
2899 4563 3085 4631 seipse
3126 4562 3310 4630 itaque
3343 4563 3506 4628 atque
3538 4560 3607 4613 ab

334 4655 478 4723 ὄψει
501 4672 515 4686 ⁶
541 4657 632 4726 ὑφ’
661 4657 860 4711 ἑαυτοῦ
905 4657 1018 4727 γὰρ
1049 4657 1374 4729 κατεκρίθη,
1409 4660 1504 4712 καὶ
1523 4658 1617 4711 ὑπ’
1645 4658 1902 4713 ὲκιιίνων⁴

2026 4663 2135 4718 illis
2165 4662 2369 4732 pariter
2389 4660 2787 4716 condemnatus
2813 4669 2928 4713 eSt:
2955 4653 3442 4710 condemnandum
3459 4652 3604 4706 enim

333 4747 739 4815 καταγνώσεως
758 4747 869 4820 γάρ
891 4749 976 4814 τὸ,
1005 4747 1090 4802 Σὺ
1119 4749 1277 4817 ὄψει.

2028 4754 2190 4810 verba
2216 4761 2383 4809 sunt:
2423 4749 2503 4805 Tu
2541 4749 2764 4806 videbis.

407 4842 521 4895 Kal
549 4843 588 4910 ή
613 4841 929 4911 προσευχὴ
957 4840 1147 4896 αὐτοῦ
1175 4843 1442 4911 γενέσθω
1483 4843 1572 4909 εἱς
1601 4842 1900 4912 ἁμαρτίαν

2103 4844 2172 4898 Et
2205 4844 2380 4898 oratio
2425 4843 2541 4912 ejus
2567 4842 2666 4910 ﬁat
2715 4841 2771 4894 in
2803 4846 3067 4894 errorem.
3101 4838 3356 4902 Aberrct,
3407 4837 3606 4906 inquit,

340 4933 779 5002 Εῑςάποτυχίαν.
806 4933 936 4988 Ὅτε
959 4935 1066 5004 γὰρ
1089 4934 1356 4987 ἀπέκλινε
1385 4934 1521 5005 πρὸς
1544 4935 1672 4998 τοὺς
1699 4935 1902 5005 ἐχθροῦι

2033 4939 2156 5009 ejus
2189 4938 2370 4994 oratio
2430 4946 2485 4992 et
2539 4951 2650 4992 non
2719 4943 3110 5005 consequatur,
3160 4931 3304 5005 quod
3347 4929 3605 5001 postulat.

336 5024 436 5078 τοῦ
469 5026 729 5096 Χριστοῦ,
758 5025 1097 5096 προσηύχετο
1123 5027 1237 5095 μετ’
1266 5026 1446 5080 αὐτῶν
1476 5021 1902 5097 ἑξολοθρευθῆνα

2034 5029 2272 5099 Optabat
2303 5029 2448 5085 enim
2475 5025 2672 5094 ludas,
2704 5030 2960 5096 votisque
2994 5041 3058 5081 ac
3083 5025 3338 5095 precibus
3370 5023 3487 5091 ipse
3513 5035 3608 5091 pa-

339 5119 434 5171 καὶ
456 5118 550 5171 τὸν
570 5117 826 5188 Χριστὸν,
854 5119 950 5172 καὶ
975 5119 1036 5172 τδ
1062 5119 1412 5190 μνημόσυνον
1437 5120 1608 5173 αὐτοῦ
1634 5137 1648 5151 ·
1673 5121 1707 5190 ἦ
1737 5119 1902 5188 ἁπλῶς

2034 5121 2191 5185 riter,
2221 5135 2286 5175 ac
2307 5120 2514 5174 Christi
2552 5119 2788 5185 inimici,
2815 5118 3019 5187 quibus
3050 5129 3109 5170 se
3135 5115 3520 5184 coniunxerat,
3553 5110 3606 5163 id

339 5211 709 5278 ἀποτεύξεται
755 5206 830 5264 ὧν
869 5213 1030 5275 αἰτεῖ,
1060 5210 1151 5265 διὰ
1193 5212 1294 5282 τὴν
1331 5211 1668 5284 δυστροπίαν
1719 5211 1902 5266 αὐτῶν

2034 5227 2206 5266 unum
2258 5212 2539 5281 petebant,
2603 5220 2664 5264 ut
2718 5207 3183 5263 exterminaretur
3241 5203 3516 5264 Christus,
3553 5209 3607 5253 et

339 5311 464 5379 ejus
489 5311 750 5366 memoria
765 5310 1265 5368 deleretur.luanis
1287 5311 1454 5382 igitur
1486 5312 1588 5366 fuit
1607 5311 1921 5380 bujusmodi
1960 5327 2150 5368 eorum
2183 5313 2384 5376 oratio,
2417 5317 2474 5369 et
2513 5320 2721 5366 votum.
2753 5303 2870 5366 Vel,
2901 5301 3232 5372 generaliter
3293 5299 3460 5352 etiam
3523 5296 3611 5350 di-

339 5407 442 5470 cit,
478 5406 628 5476 quod
667 5404 848 5460 omnis
875 5406 997 5475 ejus
1030 5405 1206 5461 oratio
1260 5404 1558 5468 aberrahit,
1592 5404 1739 5475 quod
1792 5419 1901 5460 non
1936 5404 2154 5461 fruetur
2193 5407 2398 5478 optatis
2421 5405 2612 5468 rebus,
2644 5400 2959 5467 ob-pravos
3009 5406 3073 5447 ac
3141 5404 3432 5462 perversos
3504 5387 3613 5445 sci-

343 5500 476 5554 licet
510 5504 628 5570 ejus
666 5513 868 5554 mores.

417 5596 869 5663 Γενηθήτωσαν
880 5597 940 5650 al
963 5595 1171 5666 ἡμέραι
1195 5597 1382 5650 αὐτοῦ
1404 5595 1622 5664 ὀλίγαι.
1653 5597 1925 5666 Τελευτή-

345 5704 430 5740 σει
457 5687 694 5756 ταχέως.
718 5689 871 5741 Μετά
897 5688 1005 5758 γὰρ
1024 5687 1123 5759 τὴν
1149 5687 1443 5756 προδοσίαν
1457 5687 1641 5756 ὀλίγον
1662 5686 1924 5756 ἐπέζησε,

345 5784 447 5838 καὶ
479 5784 647 5846 εὐθὺς
677 5783 984 5854 ἀπήγξατο.

431 5898 474 5929 τ’
528 5895 718 5951 Matth.
753 5913 804 5966 ν,
839 5897 929 5954 44.
1004 5895 1052 5928 τ’
1105 5893 1266 5951 Joan.
1316 5911 1434 5951 xm.
1488 5895 1579 5952 27.
1658 5892 1902 5969 "{Zacln

2039 5905 2117 5954 ιιι,
2161 5890 2210 5942 l.
2287 5886 2551 5941 "Matth.
2608 5898 2778 5948 xxvst,
2820 5881 2874 5948 5,
2912 5880 2966 5934 4.

2104 5593 2274 5647 Vens.
2307 5593 2359 5648 8.
2394 5590 2555 5644 Fiant
2579 5587 2692 5639 dies
2717 5585 2832 5653 ejus
2855 5581 3031 5651 pauci.
3065 5578 3183 5634 Cito
3200 5582 3323 5648 post
3343 5572 3611 5643 proditio-

2035 5700 2161 5739 nem
2197 5683 2488 5738 morietur.
2526 5679 2743 5734 Modico
2772 5677 2918 5731 enim
2970 5679 3226 5739 tempore
3276 5664 3603 5736 supervixit.

2036 5790 2163 5830 cum
2199 5773 2362 5845 paulo
2387 5780 2512 5842 post
2548 5768 2852 5826 suifocatus
2877 5763 2965 5821 sit.
