4052 6460
424 418 567 491 1075

1617 418 2003 479 EUTIIYMII
2042 415 2212 478 ZiGA
2224 419 2404 480 BENI

3539 423 3679 491 1076

489 533 558 591 Et
596 536 953 607 episcopatum
984 536 1101 606 ejus
1125 534 1355 605 accipiat
1387 534 1546 589 alter.
1583 534 1842 588 Matthiae
1873 535 1988 588 sci-

2163 535 2278 589 Καὶ
2329 537 2445 602 τὴν
2476 536 2825 605 ἐπισκοπὴν
2856 535 3046 592 αὐτοῦ
3097 538 3274 592 λάϐοι
3302 535 3530 607 ἔτερος.
3563 541 3679 610 Ἰἠν

420 626 571 693 licet,
615 629 709 698 qui
747 628 894 682 illius
929 627 1295 697 apostolatum
1330 627 1562 682 sortitus
1608 635 1694 683 cst
1748 627 1996 696 Apnstoli

419 722 641 792 quippe.
665 721 932 790 episcopi,
960 720 1064 775 hoc
1086 730 1193 785 est,
1228 719 1491 775 custodes
1527 728 1687 774 erant
1726 728 1782 774 et
1815 727 1999 788 pasto-

423 830 509 868 res
543 813 903 886 credentium.

492 988 658 1045 Vens.
687 991 740 1047 9.
779 989 942 1045 Fiant
968 991 1072 1061 ﬁlii
1100 991 1217 1060 ejus
1250 990 1493 1061 orphani,
1526 999 1576 1045 et
1605 1005 1739 1044 uxor
1771 991 1887 1058 ejus
1919 990 1997 1043 vi-

418 1083 546 1138 dua.
586 1081 734 1146 llaec,
762 1091 817 1137 et
867 1099 991 1155 quae
1042 1092 1352 1154 sequuntur
1384 1084 1450 1139 ad
1483 1081 1680 1138 Judam
1726 1083 2000 1153 pertinere

420 1188 527 1229 non
567 1175 842 1238 \ldentur,
874 1190 999 1229 cum
1036 1175 1106 1231 de
1136 1190 1326 1240 uxore,
1352 1183 1446 1231 aut
1481 1174 1548 1230 de
1579 1172 1704 1230 filiis
1731 1174 1873 1242 eius,
1905 1188 1998 1229 sa-

418 1280 512 1321 cra
551 1267 795 1324 Historia
857 1269 1018 1323 nobis
1076 1268 1217 1323 nihil
1281 1267 1587 1322 tradiderit.
1645 1269 1823 1336 Atque
1873 1264 1998 1320 ideo

419 1360 851 1428 Chrysostomus
879 1360 1013 1416 dicit
1035 1361 1151 1416 base
1176 1359 1437 1432 praedicta
1466 1374 1589 1415 esse
1619 1358 1687 1414 de
1717 1358 1827 1413 alio
1859 1373 1997 1428 quo-

420 1453 569 1515 dam,
603 1454 695 1523 qui
728 1463 852 1525 post
884 1454 1121 1509 reditum
1158 1455 1348 1525 populi
1371 1469 1401 1509 e
1437 1453 1743 1523 Babylone,
1799 1467 1989 1507 sacer-

420 1544 632 1600 dotium
684 1546 944 1601 invadere
985 1555 1220 1602 conatus
1254 1556 1361 1611 est,
1415 1546 1467 1599 in
1520 1559 1630 1615 quo
1709 1544 1997 1599 manifeste

423 1634 538 1691 inre
570 1637 752 1691 omnia
774 1637 1067 1708 adimpleta
1089 1651 1212 1693 esse
1246 1638 1564 1692 traduntur.

496 1725 661 1782 Vens.
706 1728 793 1783 10.
833 1725 1185 1782 Fluctuantes
1219 1727 1619 1796 transferantur
1642 1727 1744 1797 [illi
1774 1726 1912 1797 ejus,
1945 1735 1995 1780 et
2064 1740 2067 1743 '

421 1818 736 1873 mendicent.
796 1817 972 1873 Veluti
1005 1827 1333 1891 tempestate
1365 1820 1623 1875 concussi
1659 1835 1724 1875 es
1759 1819 1997 1891 propriae

420 1911 617 1965 domus
651 1910 781 1966 sede
822 1912 1251 1975 transferentur,
1307 1919 1363 1966 et
1401 1912 1819 1973 mendicabunt,
1858 1927 1997 1982 pau-

421 2009 689 2072 pertatem
748 2018 855 2057 una
907 2019 1032 2059 cum
1096 2005 1311 2060 caeteris
1369 2003 1776 2059 calamitatibus
1831 2002 2003 2059 susti-

423 2103 637 2150 nentes.
1908 2166 1911 2169 .

497 2186 803 2254 Ejiciantur
838 2189 902 2243 de
960 2188 1284 2243 habitaculis
1332 2191 1465 2244 suis.
1533 2188 1608 2244 Ex
1647 2190 1780 2260 ipsis
1832 2190 1999 2245 etiam

426 2277 755 2333 habitaculis
779 2279 1094 2348 ejicientur,
1130 2296 1230 2335 nec
1265 2279 1316 2334 in
1360 2281 1442 2336 eis
1464 2280 1689 2335 dabitur
1720 2279 2001 2334 habitandi

422 2368 681 2425 facultas.
702 2372 812 2424 Per
832 2370 1146 2426 habitacula
1168 2382 1350 2427 autem
1379 2371 1464 2445 (ut
1481 2370 1669 2428 Graeca
1695 2372 1889 2432 dictio.
1924 2370 2006 2422 οί-

422 2462 650 2527 κόπεδα,
712 2463 1118 2533 significantius
1157 2464 1428 2532 denotat),
1470 2465 1657 2520 ruinas
1718 2467 2004 2520 domorum

422 2555 698 2628 intelligit.
730 2556 1056 2625 Hujusmodi
1091 2573 1220 2614 vero
1252 2574 1445 2629 poenas
1486 2559 1725 2620 dabunt,
1754 2558 1882 2627 quia
1915 2570 2007 2625 pa-

425 2654 597 2703 terna:
636 2647 950 2716 iniquitatis
984 2648 1137 2704 fuere
1164 2649 1487 2718 participes.

497 2737 666 2792 Vens.
700 2737 787 2794 11.
809 2737 1094 2793 Scrutetur
1128 2739 1397 2808 fenerator
1422 2757 1626 2795 omnem
1649 2743 2008 2798 substantiam

423 2830 561 2899 ejus.
638 2832 994 2887 Scrutabitur
1057 2848 1178 2888 eam
1225 2833 1526 2903 fenerator,
1592 2851 1845 2908 qumreus
1903 2839 2005 2897 sibi

426 2924 578 2978 r.-ddi
606 2941 727 2994 qum
751 2926 1082 2983 crediderat.

498 3014 566 3069 Et
603 3017 861 3087 diripiant
919 3020 1081 3074 alieni
1117 3019 1322 3075 labores
1365 3019 1502 3090 ejus.
1550 3023 1685 3076 Post
1729 3021 2007 3078 fenerato-

425 3123 566 3177 rem,
602 3108 694 3165 isti
731 3117 945 3182 rapient
971 3128 1316 3185 quaecunque
1338 3114 1547 3171 fuerint
1573 3117 1787 3173 relicta.

2102 628 2471 699 ἀποστολικὴν
2525 628 2693 685 αὐτοῦ
2750 629 3062 700 ἐπισκοπὴν
3102 628 3337 701 λήψεται
3368 630 3580 697 ἕτερος.
3622 632 3683 683 Ὅ

2101 721 2355 784 Ματθίας
2384 722 2634 792 δηλονότι
2660 724 2689 776 ό
2720 722 2843 776 ἀντὶ
2877 721 3045 777 αὑτοῦ
3077 722 3387 793 κληρωθείς
3416 740 3432 755 ο
3464 724 3515 777 oi
3547 725 3684 777 ἀπόσ

2103 812 2282 866 στολοι
2312 813 2422 885 γὰρ
2453 813 2564 867 τῶν
2607 813 2978 868 πιστευόντων
3006 813 3245 884 φύλακες
3274 809 3417 885 ἦσαν
3452 815 3549 868 καὶ
3568 831 3686 867 ποι-

2105 902 2291 972 μένες.

2172 994 2619 1063 Γενηθήτωσαν
2665 997 2720 1049 οἱ
2772 995 2893 1050 υἱοί
2941 994 3132 1050 αὐτοῦ
3185 995 3461 1065 ὀρφανοὶ,
3502 994 3602 1049 καὶ
3644 995 3686 1063 ἡ

2102 1087 2256 1156 γυνὴ
2294 1087 2484 1142 αὐτοῦ
2535 1085 2711 1157 χήρα.
2766 1087 2940 1140 Τοῦτο
2991 1088 3087 1141 καὶ
3145 1090 3215 1141 τὰ
3248 1086 3377 1157 ἑξῆς
3417 1089 3520 1141 οὐκ
3549 1088 3681 1157 ἀφο-

2103 1179 2245 1247 ρῶσι
2301 1179 2439 1251 πρὸς
2473 1179 2565 1232 τὸν
2632 1178 2841 1233 Ἰούδαν
2871 1195 2884 1210 ·
2918 1179 3073 1233 οὐδὲν
3102 1179 3213 1250 γὰρ
3251 1179 3387 1250 περὶ
3424 1180 3689 1248 γυναικὸς

2101 1270 2269 1326 αὑτοῦ
2325 1274 2423 1325 καὶ
2445 1274 2653 1325 τέκνων
2679 1272 2990 1342 ἱστόρηται.
3016 1273 3110 1326 Διό
3136 1289 3300 1341 φησιν
3324 1274 3351 1325 ὁ
3376 1271 3691 1340 Χρυσόστο⁶

2102 1381 2202 1431 μος
2232 1364 2363 1433 περὶ
2387 1363 2578 1433 ἐτέρου
2606 1363 2780 1417 ταῦτα
2810 1363 3195 1435 προφητεῦσαι
3219 1363 3311 1416 τὸν
3336 1362 3525 1426 Δαῦὶδ,
3561 1365 3689 1416 ἐπι-

2100 1452 2499 1516 6ουλεύσαντος
2533 1455 2635 1524 τὴν
2669 1454 2978 1525 ἱερωσύνην
3013 1454 3155 1522 μετά
3173 1453 3303 1516 τοὺς
3328 1452 3556 1522 χρόνους
3587 1452 3687 1519 τῆς

2100 1545 2167 1597 ὲκ
2221 1544 2546 1609 Βαϐυλῶνος
2582 1546 2869 1611 ἐπανόδου,
2902 1546 2983 1609 εἰς
3035 1543 3093 1598 ὃν
3149 1544 3243 1597 καὶ
3277 1543 3558 1614 προδήλως
3589 1560 3688 1595 πε-

2100 1640 2209 1706 πλη
2218 1637 2429 1707 ρῶσθαι
2458 1637 2663 1693 πάντα.

2170 1730 2577 1800 Σαλευόμενοι
2628 1728 3192 1800 μεταναστήτωοάν
3228 1729 3284 1781 ol
3322 1726 3441 1782 υἱοί
3473 1725 3685 1789 αὐτοῦ,

2101 1822 2198 1875 καὶ
2228 1820 2760 1891 ἐπαιτησὰτωοταν.
2782 1822 3002 1875 Διασειό
3011 1838 3163 1892 μενοι
3178 1819 3688 1890 μεταναστήσονται

2104 1915 2215 1968 ἀπὸ
2237 1916 2332 1969 τοῦ
2366 1915 2500 1969 ίδίου
2531 1916 2709 1980 οἴκου,
2741 1913 2839 1967 καὶ
2868 1915 3255 1984 ἐπαιτήσουσι,
3274 1913 3412 1981 πρὸς
3434 1915 3499 1983 τῇ
3525 1914 3691 1980 decca-

2106 2010 2197 2080 νίᾳ
2254 2009 2352 2062 καὶ
2405 2008 2812 2077 μετανάστασιν
2894 2006 2992 2060 καὶ
3048 2007 3244 2061 πενίαν
3301 2005 3688 2075 ὑφιστάμενοι.

2188 2192 2698 2259 Ἑκϐληθήτωσαν
2752 2189 2822 2242 ἐκ
2883 2185 3004 2242 τῶν
3064 2185 3399 2241 οἰκοπέδων
3462 2180 3685 2236 αὐτῶν.

2120 2287 2590 2358 Ἐκϐληθήσονται
2612 2284 2708 2337 καὶ
2740 2281 3022 2348 ἐξαύτῶν,
3063 2280 3196 2351 μηδὲ
3224 2282 3282 2333 ὲν
3308 2278 3490 2340 αὐτοῖς
3516 2277 3691 2329 οἰκεῖν
3758 2276 3769 2281 ’

2107 2378 2573 2450 συγχωρούμενοι.
2598 2374 2872 2428 Οἰκόπεδα
2899 2374 2955 2426 δὲ
3005 2373 3074 2425 τὰ
3097 2370 3318 2442 ἐρείπια
3339 2368 3448 2422 τῶν
3472 2367 3688 2427 οἰκιῶν.

2108 2473 2380 2543 Τοιαύτην
2397 2471 2529 2542 γὰρ,
2581 2469 2676 2523 καὶ
2702 2461 2853 2521 οὗτοι
2898 2465 3134 2518 δώσουσι
3163 2463 3341 2532 δίκην,
3370 2464 3445 2524 ὡς
3499 2476 3695 2512 κοινωσ-

2106 2570 2369 2636 νήσαντες
2406 2569 2505 2633 τῆς
2538 2565 2631 2616 τοῦ
2663 2561 2870 2631 πατρὸς
2902 2558 3229 2630 μοχθηρίας.

2190 2742 2681 2813 Ἐξερευνησάτω
2725 2739 3057 2808 δανειστὴς
3111 2737 3312 2792 πάντα
3342 2734 3463 2791 ὅσα
3501 2733 3692 2801 ὑπάρ-

2106 2860 2197 2916 χει
2223 2841 2404 2907 αὐτῷ.
2441 2835 2827 2909 Ἐξερευνήσει
2856 2833 3039 2905 ζητῶν
3065 2831 3329 2887 ίκάνωσιν
3352 2828 3462 2884 τῶν
3484 2827 3691 2900 χρεῶν,

2105 2934 2189 2999 οἷς
2229 2935 2313 2989 ἔτι
2351 2933 2461 2997 ζῶν
2501 2928 2921 3002 περιπέπτωκε.

2177 3027 2287 3083 Kal
2315 3021 2830 3095 δωρπασὰτωσαν
2849 3017 3158 3086 ἀλλότριοι
3184 3011 3326 3079 τοὺς
3341 3014 3571 3077 πόνους
3585 3012 3695 3064 αὐ-

2106 3119 2244 3176 τοῦ.
2299 3116 2679 3190 Διαρπάσουσι
2731 3112 2875 3184 μετὰ
2910 3110 3006 3166 τὸν
3058 3105 3348 3177 δανειστὴν
3374 3104 3444 3158 τὰ
3473 3102 3699 3158 ὑπολει-

2033 3206 2080 3269 C
2111 3214 2341 3285 φθέντα.

498 3287 663 3345 Vens.
700 3290 785 3344 12.
819 3293 935 3346 Νοη
965 3292 1034 3347 sit
1062 3293 1144 3347 illi
1174 3294 1415 3363 adjutor.
1441 3294 1611 3351 Nemo
1636 3296 1684 3352 ei
1714 3311 1873 3366 opem
1898 3296 2001 3351 ali-

425 3396 588 3449 quam
626 3380 769 3436 ferat
803 3398 818 3436 :
854 3392 978 3450 post
999 3394 1232 3438 mortem
1266 3387 1500 3441 scilicet.

501 3471 613 3527 Nec
645 3475 738 3538 sit,
761 3476 851 3545 qui
891 3476 1207 3531 misereatur
1227 3478 1448 3546 pupillis
1467 3480 1606 3548 ejus.
1640 3478 1748 3534 Nec
1775 3480 1880 3535 erit
1903 3479 2006 3534 ali-

426 3569 574 3635 quis,
610 3566 702 3638 qui
732 3582 924 3622 eorum
962 3567 1312 3635 misereatur,
1341 3572 1411 3625 ob
1449 3572 1716 3627 rationem
1745 3574 2005 3643 superius

426 3658 651 3713 dictam.

500 3747 667 3803 Vens.
705 3748 793 3803 15.
855 3750 1014 3803 Fiant
1063 3751 1166 3818 ﬁlii
1222 3752 1338 3820 ejus
1392 3754 1446 3805 in
1486 3754 2002 3809 erterminationem.

429 3840 534 3895 Sed
597 3856 696 3894 nec
742 3842 1070 3910 simpliciter
1126 3844 1643 3898 exterminabuutur
1690 3863 1702 3898 :
1750 3846 1998 3914 quinimo

427 3944 482 3989 et
510 3933 614 4001 ipsi
644 3933 944 3989 ertmtsiue
975 3935 1147 4004 prole.
1177 3935 1403 3990 Addidit
1431 3937 1575 3991 enim
1607 3936 1875 4007 Propheta
1906 3938 1993 3993 di-

427 4044 597 4085 ceu:

500 4121 567 4176 In
594 4125 931 4195 generatione
958 4139 1063 4177 una
1088 4122 1332 4177 deleatur
1362 4139 1547 4178 nomen
1570 4123 1705 4190 ejus.
1732 4122 2008 4179 Delebitur
2033 4164 2045 4176 .

429 4217 552 4285 ejus
623 4217 887 4273 memoria
940 4217 1207 4273 conclusa
1255 4216 1308 4270 in
1366 4233 1473 4272 una
1523 4219 1876 4289 generatione
1908 4238 1921 4274 :
1952 4222 2009 4273 in

427 4310 616 4373 unica,
657 4311 906 4380 inquam,
937 4309 1299 4380 generatione
1322 4309 1573 4379 ipsorqu
1601 4311 1863 4376 filiorum,
1888 4315 2009 4366 nul-

428 4398 499 4451 lis
531 4399 655 4454 aliis
686 4405 808 4468 post
838 4414 900 4453 se
931 4399 1123 4455 liberis
1147 4399 1381 4455 relictis.

501 4488 671 4546 Vens.
713 4491 802 4544 M.
835 4489 901 4544 In
945 4493 1257 4547 memoriam
1303 4494 1484 4547 redeat
1532 4494 1788 4563 iniquitas
1816 4509 2009 4562 paren-

2184 3308 2243 3358 Μ
2246 3303 2284 3370 ἡ
2305 3299 2630 3369 ὐπορξὰτω
2653 3295 2815 3363 αὐτῷ
2849 3290 3253 3358 ἁντιλήπτωρ.
3282 3285 3397 3355 Οὐχ
3423 3282 3657 3355 ὑπάρξει
3678 3297 3697 3313 ο

2120 3396 2260 3468 μετὰ
2285 3393 2519 3448 θάνατον
2547 3388 2819 3459 δηλονότι.
3119 3471 3127 3472 7
3204 3470 3213 3472 _
3416 3465 3442 3472 _
3539 3465 3551 3472 _
3642 3461 3667 3472 -

2185 3484 2355 3553 Μηδὲ
2378 3480 2687 3552 γενηθήτω
2709 3476 3027 3546 οίκτίρμων
3043 3471 3168 3537 τοῖς
3185 3465 3470 3539 ὀρφανοῖς
3485 3465 3697 3518 αὑτοῦ.
3790 3469 3795 3473 ’

2111 3580 2192 3644 ,οὖ
2234 3574 2606 3647 γενηθήσεται
2639 3571 2729 3625 διὰ
2769 3567 2871 3638 τὴν
2898 3563 3164 3633 ἀνωτέρω
3196 3560 3462 3632 ῥηθεῖσαν
3485 3553 3693 3610 αἰτίαν.

2190 3757 2514 3825 Γενηθήτω
2566 3753 2641 3807 τὰ
2682 3750 2867 3805 τέκνα
2892 3744 3080 3801 αὐτοῦ
3128 3745 3212 3804 εις
3241 3737 3699 3804 ὲξολόθρευσιν.

2130 3846 2740 3917 Ἐξολοθρευθήσονται,
2774 3839 2869 3893 καὶ
2907 3839 3009 3908 οὐχ
3054 3832 3265 3899 ἁπλῶς,
3295 3828 3436 3883 ἀλλὰ
3487 3824 3698 3892 ἄγονα·

2119 3945 2371 4011 ὲπήνιιιγε
2406 3939 2551 4008 γάρ’

2196 4122 2299 4174 Ἐν
2353 4114 2531 4188 γενεᾷ
2573 4111 2682 4183 μιᾷ
2744 4107 3128 4178 ἐξαλειφθείη
3170 4104 3239 4159 τὸ
3273 4102 3462 4170 ὄνομα
3487 4097 3698 4154 αὑτοῦ.

2134 4205 2626 4275 Ἐξαλειφθήσεται
2675 4201 2737 4253 τε)
2807 4199 3157 4268 μνημόσυνον
3204 4189 3397 4255 αὐτοῦ,
3432 4193 3492 4244 ὲν
3537 4188 3704 4257 γενεᾷ

2127 4303 2231 4373 μιᾷ
2292 4297 2742 4367 συγκλειόμενον,
2786 4295 2852 4362 τῇ
2920 4291 3032 4344 τῶν
3090 4287 3299 4340 τέκνων
3358 4282 3561 4353 μόνων,
3621 4280 3699 4350 μὴ

2123 4390 2665 4463 ὑπολιμπανομένων
2702 4384 2969 4453 ἐκγόνων.

2192 4482 2639 4556 Ἀναμνησθείη
2674 4483 2714 4549 ἡ
2760 4478 2983 4548 ἀνομία
3035 4475 3158 4530 τῶν
3191 4473 3465 4542 πατέρων
3495 4470 3704 4524 ἔναντι

432 4592 546 4634 tum
569 4584 684 4650 ejus
723 4582 779 4635 in
812 4593 1092 4651 conspectu
1124 4582 1362 4638 Domini.
1404 4584 1721 4651 Parentum,
1755 4588 1857 4641 hoc
1899 4594 2003 4647 est,

2116 4579 2364 4647 Κυρίου.
2382 4575 2490 4630 Τοῦ
2504 4573 2733 4645 πατρὸς,
2750 4570 2848 4625 καὶ
2874 4568 2971 4624 τοῦ
3000 4570 3252 4629 πάππου,
3272 4566 3349 4628 ὡς
3371 4562 3641 4617 κάκείνων
3669 4558 3702 4628 ἢ

430 4669 625 4737 patris,
655 4679 710 4723 et
738 4670 847 4735 avi,
889 4678 944 4723 et
975 4672 1212 4725 aliorum
1239 4673 1535 4742 majorum.
1566 4674 1701 4730 Nam
1732 4674 1801 4729 de
1834 4685 2008 4729 matre

431 4760 838 4828 patticulariter
878 4762 1108 4817 inferius
1155 4764 1309 4820 dicit.
1344 4764 1552 4821 Horum
1581 4782 1708 4822 vero
1740 4766 2011 4835 iniquitas

431 4852 706 4907 redibitiu
747 4858 1064 4909 memoriam
1097 4876 1112 4910 :
1139 4857 1264 4927 quia
1302 4861 1408 4913 una
1438 4857 1722 4927 adjutores
1751 4859 1800 4912 ei
1837 4857 2011 4925 fuere,

2120 4668 2567 4742 συμπραξάντων
2608 4656 2783 4733 αὐτῷ,
2821 4662 2854 4732 ἢ
2901 4656 3447 4729 παιδοτριϐησάντων
3486 4652 3565 4715 είς
3608 4666 3705 4702 κα-

2120 4766 2272 4820 κίαν.
2299 4757 2817 4829 Ἀναμνησθήσεται
2837 4754 2917 4818 δὲ,
2943 4754 3068 4807 ἀντὶ
3097 4751 3193 4804 τοῦ
3213 4749 3289 4804 Οὐ
3317 4743 3707 4818 παροραθήσε-

2125 4875 2219 4914 ται
2245 4854 2342 4908 καὶ
2376 4853 2439 4906 οὐ
2463 4846 2962 4919 συγχωρηθήσεται
2989 4844 3200 4905 αὐτοῖς.

428 4949 513 5005 vel
550 4949 675 5018 quia
703 4949 844 5006 ﬁlios
872 4953 1229 5009 restituerunt
1285 4955 1353 5007 ad
1397 4954 1549 5008 vitia.
1603 4950 2139 5012 Redituramautem
2172 4951 2519 5021 iniquitatem
2548 4958 2738 5001 eorum
2768 4942 2824 4996 in
2852 4939 3191 4998 memoriam,
3238 4934 3361 4989 ideo
3386 4931 3539 4993 dicit,
3576 4927 3706 4997 quia

428 5059 539 5100 non
569 5046 874 5103 dimittetur
898 5048 977 5105 eis
1002 5049 1262 5105 delictum
1295 5065 1399 5105 nec
1423 5049 1858 5114 oblitterabitur,
1892 5058 1987 5104 aut
2028 5051 2163 5106 nihil
2193 5043 2624 5104 existimabitur.

501 5139 571 5194 Et
600 5152 875 5209 peccatum
907 5144 1093 5197 matris
1117 5144 1232 5212 ejus
1270 5158 1375 5196 non
1406 5141 1670 5195 deleatur.
1710 5139 1829 5195 Non
1861 5142 2017 5197 dele-

427 5234 579 5289 bitur
613 5252 628 5288 :
660 5235 789 5305 quia
825 5234 993 5290 simul
1031 5250 1155 5290 cum
1185 5242 1471 5303 parentum
1501 5232 1792 5302 iniquitate
1820 5249 2015 5303 pecca-

431 5339 546 5384 tum
585 5328 780 5385 matris
812 5327 1289 5384 condemnabitur.
1318 5327 1424 5379 Per
1452 5325 1796 5394 iniquitatem
1824 5335 2009 5381 autem

430 5431 486 5478 ct
528 5438 623 5491 per
668 5433 953 5490 peccatum
1003 5419 1269 5481 istorum,
1319 5417 1723 5472 institutionem
1772 5417 2012 5472 ﬁliorum

432 5514 687 5582 intelligit
726 5514 793 5568 ad
838 5511 997 5574 vitia,
1047 5510 1130 5564 vel
1182 5524 1544 5573 consensum,
1602 5521 1697 5564 aut
1743 5510 2013 5565 auxilium

435 5607 739 5676 praestitum
771 5618 965 5659 eorum
996 5602 1234 5659 delictis.

506 5694 677 5749 Vens.
710 5695 801 5750 15.
832 5692 1004 5749 Fiant
1046 5710 1230 5749 coram
1276 5694 1503 5749 Domino
1545 5708 1766 5760 semper.
1810 5690 2012 5746 Eorum

439 5793 661 5855 peccata
689 5792 745 5838 et
771 5785 1090 5854 iniquitates
1128 5794 1290 5840 erunt
1325 5799 1539 5856 semper
1571 5799 1757 5839 coram
1792 5782 1922 5848 Deo,
1960 5783 2013 5837 id

442 5881 549 5938 est,
586 5887 866 5943 nunquam
900 5889 1090 5929 eorum
1128 5876 1486 5933 obliviscetur
1524 5875 1692 5932 Deus.

2176 5139 2284 5197 Kal
2302 5138 2341 5207 ἠ
2360 5133 2613 5206 ἁμαρτία
2626 5129 2738 5198 τῆς
2749 5127 2977 5199 μητρὸς
2992 5124 3180 5180 αὐτοῦ
3191 5121 3278 5191 μὴ
3297 5121 3702 5189 ἐξαλειφθείη.

2120 5231 2235 5287 υύκ
2258 5227 2738 5297 ἐξαλειφθήσεται,
2762 5220 3026 5290 κάκείνης
3049 5216 3259 5285 ὁμοίως
3286 5217 3402 5276 τοῖς
3428 5212 3703 5284 πατράσιν

2120 5320 2288 5379 αὐτοῦ
2346 5314 2849 5388 κατακρινομένης.
2909 5307 3173 5378 Ἀνομίαν
3199 5304 3258 5358 δὲ
3288 5304 3387 5357 καὶ
3426 5300 3708 5372 ἁμαρτίαν

2118 5414 2293 5481 λέγει,
2332 5411 2432 5482 τὴν
2491 5409 2583 5461 ἐπὶ
2606 5405 2684 5476 τῷ
2708 5400 3031 5475 συμπρᾶξαι
3080 5399 3115 5471 ἢ
3156 5393 3578 5465 παιδοτριϐιτλσαι
3624 5393 3710 5455 εἰς

2123 5504 2344 5569 κακίαν,
2377 5502 2453 5564 ὡς
2480 5501 2720 5570 εἴρηται.

2193 5686 2639 5756 Γενηθήτωσαν
2685 5677 2967 5733 ἐναντιον
3031 5671 3256 5740 Κυρίου
3295 5669 3393 5724 διὰ
3451 5664 3704 5756 παντός.

2123 5753 2453 5847 Γενήσονται
2508 5775 2540 5837 ἡ
2567 5771 2790 5841 ἀνομία,
2827 5767 2980 5836 καὶὴ
3016 5761 3263 5834 ἁμαρτία
3297 5757 3481 5814 αὐτῶν
3514 5753 3708 5811 ἀνεπί-

2125 5870 2334 5941 ληστοι,
2378 5867 2464 5925 ἀεὶ
2497 5865 2713 5919 ἔσονται
2742 5858 2896 5932 παρὰ
2922 5858 3080 5914 Θεοῦ.
