4052 6446
460 437 598 506 1077
656 487 701 511 ς.

1616 438 2007 503 COMMENT.
2038 434 2122 495 IN
2147 438 2507 499 PSALMOS.

3564 434 3706 502 Ῑῡτὸ

523 556 635 611 Kal
682 554 1144 626 ἐξολοθρευθείη
1177 555 1246 610 ἐκ
1277 555 1389 634 τῆς
1454 555 1568 624 γῆς
1623 555 1691 608 τὸ
1724 553 2012 624 μνημόσυ

2211 549 2282 605 Ει
2325 551 2702 606 exterminetur
2728 550 2793 606 de
2829 560 2973 607 terra
3009 550 3264 605 memoria
3305 549 3447 616 eius.
3494 548 3711 605 Rursus

454 665 567 703 νον
590 647 799 704 αὐτοῦ.
824 648 996 702 Πάλιν
1028 648 1109 712 εἰς
1163 647 1263 719 τὴν
1297 648 1426 720 περὶ
1458 647 1555 701 τοῦ
1599 646 1773 702 Ἰούδα
1809 665 2026 718 προφη-

451 741 607 794 τείαν
641 740 918 811 ἀνέδραμε
944 756 958 771 ’
1009 736 1151 806 εἶδος
1190 742 1300 811 γὰρ
1354 741 1450 795 καὶ
1483 738 1659 806 τοῦτο,
1688 740 2027 811 προφητείας

454 831 661 900 μεταξὺ
710 831 1049 898 διακόπτειν,
1121 832 1382 887 ὑπόθεσιν
1463 833 1658 904 ἑτέραν
1706 833 2023 904 ἐμϐάλλειν,

451 917 573 975 εἶτα
604 922 767 976 πάλιν
795 923 890 976 ἐπὶ
918 924 1019 993 τὴν
1069 924 1344 1002 προτέραν
1376 925 1703 996 ἀνάγεσθαι,
1740 926 1926 991 καθὼς
1960 927 2026 980 ἂν

450 1013 797 1082 ὑφηγήσεται
836 1013 898 1066 τὸ
951 1014 1179 1085 Πνεῦμα
1210 1014 1271 1067 rb
1300 1015 1475 1083 ἅγιον.
1537 1016 2024 1088 Ἐξολοορευθήσε-

447 1119 562 1169 ται,
596 1103 753 1173 φησὶ,
815 1106 954 1176 μήτε
989 1104 1240 1175 κτήσεώς
1284 1122 1451 1170 τινος,
1482 1110 1623 1180 μήτε
1655 1111 1852 1177 γενεᾶς
1882 1110 2025 1163 κατὰ

445 1195 696 1267 διαδοχὴν
729 1197 791 1250 τὸ
827 1198 1177 1268 μνημόσυνον
1205 1197 1374 1253 αὐτοῦ
1402 1200 1703 1271 σωζούσης.

527 1375 675 1428 Ἀνθ¹
721 1371 829 1441 ὧν,
856 1378 969 1430 οὐκ
1019 1377 1295 1447 ἐμνήσθη
1318 1377 1569 1446 ποιῆσαι
1615 1380 1804 1447 ἔλεος.
1852 1384 2020 1445 Διότι,

445 1467 633 1535 φησιν,
662 1469 765 1522 οὐκ
811 1469 1067 1541 ἠθέλησε,
1122 1473 1350 1543 ποιῆσαι
1383 1473 1555 1537 ἔλεος.
1590 1477 1669 1538 εἰς
1693 1474 1784 1529 τὸν
1820 1476 2024 1540 ἀδίκως

444 1558 936 1629 ἐπιϐουλευόμενον
956 1580 970 1594 ο
1006 1563 1144 1615 ἀλλὰ.
1167 1564 1263 1617 καὶ
1312 1565 1518 1633 μᾶλλον
1546 1566 1854 1635 συνέπραξε
1908 1570 2023 1633 τοῖς

443 1649 880 1721 ἐπιϐουλεύουσι.
938 1655 1106 1719 Διότι,
1164 1656 1265 1707 οὐκ
1297 1656 1543 1726 ἐμνήσθη
1572 1651 1648 1710 ὧν
1678 1658 2022 1732 εὐηργετήοη

442 1741 594 1811 παρὰ
619 1743 711 1796 τοῦ
741 1745 984 1817 Χριστοῦ
1013 1761 1024 1774 ·
1051 1746 1194 1800 ὥστε
1222 1747 1489 1817 μνησθεὶς
1536 1749 1739 1813 αὐτῶν,
1798 1752 2019 1822 ποιῆσαι

440 1829 611 1897 ἔλεος,
646 1833 826 1887 εῐτουν
859 1836 1105 1906 ὲλεῆσαι.

508 2114 618 2170 Kal
635 2119 1000 2186 κατεδίωξεν
1029 2124 1348 2193 ἄνθρωπον
1370 2130 1603 2200 πένητα
1629 2136 1726 2189 καὶ
1755 2138 2017 2205 πτωχὸν,

434 2206 533 2259 καὶ
569 2214 1098 2283 κατανενυγμένον
1120 2217 1196 2287 τῇ
1231 2221 1468 2289 καρδίᾳ,
1513 2223 1621 2280 τοῦ
1654 2226 2015 2285 θανατῶσαι.

436 2297 781 2365 Κατεδίωξεν
836 2304 1003 2366 αὐτὸν
1056 2308 1146 2362 ὅτε
1205 2310 1385 2366 λαϐὼν
1417 2312 1575 2382 ὄχλον
1624 2317 1818 2372 πολλὸν
1877 2322 2017 2388 μετὰ

438 2390 723 2485 μαχαιρῶν
757 2394 851 2448 καὶ
880 2396 1057 2464 ξύλων
1103 2402 1212 2456 ἀπὸ
1239 2405 1351 2459 τῶν
1374 2408 1684 2482 ἀρχιερέων
1718 2415 1814 2468 καὶ
1838 2432 2015 2485 πρσεσ⁶

433 2480 683 2579 ϐυτέρων
707 2486 804 2579 τοῦ
829 2487 981 2555 λαοῦ,
1008 2487 1140 2564 ἦλθε
1172 2496 1356 2568 ζητῶν
1407 2480 1592 2558 αὐτόν.
1633 2506 1809 2579 Πένης
1839 2480 1896 2562 δέ
1922 2514 2014 2564 καὶ

433 2574 671 2671 πτωχός,
770 2579 1030 2671 Χριστὸς,
1061 2586 1148 2642 διὰ
1182 2589 1283 2660 τὴν
1334 2593 1614 2650 εὐτέλειαν
1650 2574 2013 2671 τῆς-σαρκὸς,

433 2660 528 2713 καὶ
549 2662 638 2754 διὰ
669 2665 728 2718 rb
762 2669 837 2737 μὴ
868 2669 1015 2741 εχειν
1048 2675 1152 2730 ποῦ
1214 2679 1313 2751 τὴν
1342 2683 1589 2754 κεφαλὴν
1624 2660 2014 2744 κλίνεινίάνῷ

429 2753 599 2852 γνωθι
634 2759 744 2852 Δκαὶ
767 2758 866 2831 τὴν
896 2763 1162 2836 ἐξήγησιν
1184 2770 1276 2824 τοῦ
1308 2770 1359 2826 α’
1415 2753 1600 2846 στίχου
1660 2777 1756 2830 τοῦ
1787 2785 1841 2849 μ’
1872 2780 2011 2850 ψαλ-

625 2849 1160 2925 Κατανενυγμένος
1223 2860 1292 2915 δέ
1344 2863 1422 2933 τῇ
1450 2867 1685 2934 καρδίᾳ,
1735 2849 2008 2937 κατὰτὸ,

427 2931 656 3032 Μάθετε
677 2938 778 2993 ἀπ’
801 2941 970 3011 ἐμοῦ,
999 2947 1089 3002 ὅτι
1114 2951 1302 3018 πρᾶος
1335 2931 1452 3026 εὶρι
1487 2931 1588 3012 καὶ
1617 2931 1903 3027 ταπεινός
1933 2931 2012 3032 rii

428 3027 662 3096 καρδίᾳ.

495 3120 606 3215 Kal
632 3122 912 3195 ἠγάπησε
941 3133 1225 3201 κατάραν,
1262 3139 1360 3194 καὶ
1392 3142 1526 3208 ἥξει
1562 3148 1742 3215 αὐτῷ,
1769 3152 1863 3205 καὶ
1896 3155 2008 3208 οὐκ

2130 641 2196 697 ad
2238 644 2582 713 prophetiam
2629 644 2921 699 revertitur
2970 644 3039 700 de
3084 642 3245 707 Juda.
3291 651 3346 699 et
3380 652 3465 698 est
3498 643 3696 698 modus

2129 735 2219 789 hic
2254 735 2474 806 quidam
2499 779 2514 801 ,
2550 746 2844 792 consuetus
2874 736 3173 806 aliquando
3205 735 3349 804 apud
3388 735 3705 805 prophetas,

2128 840 2238 895 quo
2291 826 2612 897 prophetias
2648 827 3006 893 intercidunt,
3045 836 3099 881 et
3137 827 3243 880 alia
3297 827 3350 880 in
3391 826 3571 882 medio
3607 843 3710 896 po-

2128 922 2285 980 nunt,
2321 929 2385 969 ac
2417 930 2610 971 rursus
2643 915 2709 970 ad
2758 917 2995 986 primum
3030 925 3413 985 argumentum
3452 915 3702 980 redeunt,

2127 1004 2289 1059 sicuti
2328 1005 2835 1061 subministraverit
2866 1014 3093 1061 sanctus
3124 1004 3390 1076 Spiritus.
3436 1004 3705 1059 Extermi-

2126 1097 2349 1152 nabitur
2386 1113 2519 1153 vero
2572 1098 2834 1154 memoria
2877 1098 3019 1168 ejus.
3053 1097 3178 1167 quia
3221 1112 3323 1153 nec
3368 1097 3513 1153 bona
3557 1098 3704 1167 ejus,

2126 1204 2228 1245 nec
2272 1190 2556 1260 generatio
2602 1205 2699 1259 per
2745 1189 3149 1250 successiones,
3196 1188 3343 1243 illius
3383 1189 3703 1244 memoriam

2127 1277 2447 1334 servabunt.

2199 1368 2363 1424 Vens.
2388 1371 2473 1424 Hi.
2495 1370 2571 1426 Eo
2587 1372 2725 1442 quod
2736 1387 2841 1425 non
2870 1371 3177 1425 recordatus
3208 1379 3286 1425 est
3299 1370 3474 1440 facere
3494 1371 3678 1425 miseri
3687 1400 3707 1411 ο

2124 1462 2383 1516 cordiam.
2413 1461 2711 1529 Quoniam,
2736 1463 2935 1532 inquit,
2972 1463 3150 1517 noluit
3180 1461 3363 1519 facere
3394 1462 3707 1518 misericor-

2123 1551 2269 1607 diam
2310 1568 2440 1623 erga
2470 1568 2617 1616 eum,
2649 1555 2741 1624 qui
2775 1554 3006 1610 summis
3051 1553 3334 1624 impetitus
3368 1554 3609 1624 injuriis,
3652 1564 3707 1609 ct

2123 1646 2520 1716 multiplicibus
2539 1661 2839 1717 oppressus
2872 1645 2976 1701 fuit
3007 1646 3258 1703 insidiis.
3288 1645 3551 1712 Quinimo
3575 1663 3701 1702 cum

2122 1735 2257 1805 ipsis
2281 1737 2445 1791 etiam
2469 1736 2888 1793 insidiatoribus
2916 1737 3281 1807 conspiravit,
3310 1738 3700 1793 beneﬁciorum

2122 1829 2226 1883 sibi
2265 1843 2296 1882 a
2339 1829 2560 1886 Christo
2596 1830 2921 1886 collaturum
2958 1830 3272 1885 immemor.
3314 1830 3450 1885 Nam
3495 1832 3539 1887 si
3588 1846 3704 1886 mc~

2124 1918 2723 1984 minisset,'verisimile
2756 1930 2841 1975 est
2868 1919 3139 1975 facturum
3178 1936 3302 1976 eum
3333 1921 3503 1977 fuisse
3532 1922 3703 1976 misc-

2123 2008 2437 2075 ricordiam,
2463 2010 2574 2088 hoc
2602 2020 2710 2076 est,
2742 2011 2892 2066 illius
2924 2012 3276 2067 miserturum
3310 2011 3502 2068 fuisse.

2194 2097 2361 2157 Vsus.
2394 2102 2482 2155 17.
2514 2101 2586 2156 Et
2625 2114 2927 2171 persecutus
2961 2115 3041 2159 est
3078 2105 3339 2159 hominem
3372 2120 3654 2174 pauperem
3681 2148 3697 2173 ,

2120 2199 2171 2243 et
2211 2190 2450 2262 inopem,
2479 2200 2530 2246 et
2558 2202 2928 2263 compunctum
2980 2195 3156 2259 corde,
3214 2205 3272 2248 ut
3332 2196 3696 2265 mortiﬁcaret.

2120 2281 2451 2338 Persecutus
2484 2298 2613 2339 vero
2648 2301 2772 2341 cum
2828 2295 2952 2351 est,
3001 2287 3224 2356 quando
3263 2294 3488 2356 accepta
3540 2287 3699 2344 turba

2120 2375 2291 2430 multa
2327 2390 2357 2429 a
2395 2377 2740 2445 principibus
2775 2378 3127 2434 sacerdotum
3168 2389 3223 2434 et
3253 2378 3567 2435 senioribus
3599 2395 3700 2449 po-

2119 2467 2253 2534 puli,
2292 2481 2416 2521 cum
2467 2468 2664 2539 gladiis
2712 2479 2767 2525 et
2808 2470 2968 2540 lignis
3014 2472 3183 2534 venit,
3225 2480 3282 2526 ut
3308 2486 3438 2529 eum
3487 2486 3699 2541 quaere-

2118 2565 2222 2612 ret.
2278 2559 2446 2628 lnops
2487 2568 2670 2615 autem
2704 2571 2760 2616 et
2809 2579 3019 2633 pauper
3056 2562 3314 2618 Christus
3363 2562 3587 2629 dicitur,
3624 2562 3696 2617 ob

2118 2651 2441 2706 tenuitatem
2476 2654 2791 2723 assumpta
2821 2656 3026 2733 carnis,
3072 2662 3126 2710 et
3169 2655 3298 2725 quia
3345 2657 3482 2711 adeo
3535 2655 3695 2725 inops

2115 2753 2256 2811 eral,
2288 2753 2348 2818 ut
2378 2761 2489 2800 non
2518 2746 2769 2812 haberet,
2802 2751 2890 2803 ubi
2920 2758 3084 2820 caput
3114 2750 3433 2814 reclinaret,
3461 2756 3524 2804 ut
3549 2749 3697 2804 dixi-

2116 2852 2236 2893 mus
2292 2839 2348 2894 in
2397 2834 2672 2911 principio
2720 2841 2911 2910 psalmi
2962 2858 3050 2896 ιι..
3102 2840 3491 2910 Compunctum
3570 2858 3693 2898 vero

2114 2933 2271 2985 corde
2296 2931 2472 2998 dixit,
2514 2933 2670 3002 juxta
2706 2934 2841 2987 illud
2879 2953 2891 2987 :
2922 2933 3124 2990 Discite
3156 2953 3189 2989 a
3234 2952 3340 3003 me,
3390 2938 3516 3008 quia
3549 2938 3695 2992 mitis

2111 3037 2251 3089 sum,
2294 3031 2344 3076 et
2384 3023 2600 3078 Immitis
2632 3024 2791 3079 corde
2826 3026 2892 3079 ⁷⁸.

2183 3114 2354 3170 Vens.
2387 3115 2474 3170 18.
2504 3115 2573 3169 Et
2601 3116 2790 3172 dilexit
2830 3117 3252 3175 maledictionem
3274 3160 3292 3185 ,
3339 3132 3387 3176 et
3419 3121 3585 3176 veniet
3619 3122 3692 3189 ei,

425 3210 731 3283 ἠθέλησεν
745 3221 1052 3292 εὐλογίαν,
1066 3227 1162 3282 καὶ
1174 3205 1664 3304 μακρυνθῆσεται
1796 3205 2005 3301 aurai):

2115 3213 2165 3264 et
2192 3205 2366 3260 noluit
2395 3205 2833 3273 benedictionem,
2873 3219 2927 3264 et
2964 3210 3300 3281 elongabitur
3340 3214 3406 3266 ab
3438 3228 3521 3267 eo.
3553 3213 3693 3267 Pro-

425 3304 528 3407 ora
556 3305 670 3407 τῶν
709 3309 889 3380 ἔργων
939 3316 1075 3388 γὰρ,
1111 3320 1212 3391 τὴν
1237 3323 1339 3391 μὲν
1395 3326 1775 3397 ἐπεσπάσατο,
1818 3334 1919 3407 τὴν
1950 3337 2008 3390 δὲ

424 3395 833 3495 ἀπεκρούσατο·
868 3407 963 3460 καὶ
1015 3413 1370 3483 καταρῶνται
1420 3419 1522 3489 μὲν
1544 3422 1697 3495 αὖτῷ
1722 3395 1927 3491 πάντες
1955 3428 2007 3482 οἱ

424 3490 694 3559 εὐσεϐεῖς,
720 3496 935 3568 εὐλόγει
967 3501 1024 3556 δὲ
1054 3504 1254 3570 οὐδείς.

493 3581 630 3634 Καὶ.
664 3584 1000 3645 ἐνεδύσατο
1049 3594 1340 3666 κατάραν,
1397 3601 1479 3668 ὡς
1533 3606 1789 3674 ἱμάτιον.
1841 3609 2005 3665 Ὄλον

424 3671 584 3776 αὐτόν
608 3675 678 3729 δι’
721 3678 846 3776 ὅλου
910 3686 1268 3756 συνέχουσαν,
1304 3695 1397 3747 καὶ
1451 3697 1528 3769 μὴ
1551 3671 1963 3776 *χωριζομένην
1987 3724 2000 3737 ⁸

422 3762 710 3821 ἐνεδύσατο
754 3770 809 3824 δὲ
849 3774 1043 3845 αὐτὴν,
1108 3779 1197 3834 διὰ
1230 3782 1324 3836 τοῦ
1386 3762 1613 3855 μίσους*
1639 3762 1747 3861 τῆς
1794 3762 2006 3864 ’προδο-

425 3860 566 3922 σίας.
669 3873 676 3881 ’

491 3945 602 4001 Ral
634 3951 928 4018 οἵα-ἦλθεν
969 3960 1111 4014 ὡσεὶ
1131 3962 1289 4032 ὕδωρ
1314 3971 1401 4033 εὶς
1433 3971 1507 4024 τὰ
1536 3971 1761 4041 ἔγκατα
1788 3978 2000 4033 αὐτοῦ.

592 4040 699 4106 ἔξω
739 4046 903 4113 μόνον
940 4052 1234 4123 περιέσχεν
1297 4059 1483 4125 αὑτὸν,
1547 4036 1687 4119 ἀλλὰ
1727 4067 1821 4121 καὶ
1849 4068 2009 4123 ἔνδον.

452 4147 690 4181 νωοησε-
1416 4166 1423 4175 ’

450 4147 602 4205 χωρη
611 4151 690 4188 σε.
1416 4166 1423 4175 -

490 4311 601 4367 Kal
622 4314 770 4370 ὡσεὶ
787 4318 999 4375 ἔλαιον
1020 4324 1091 4379 ἐν
1113 4326 1239 4393 τοῖς
1257 4328 1497 4398 ὀστέοις
1515 4335 1726 4391 αὐτοῦ.
1761 4338 1877 4393 Οὐκ
1908 4341 2000 4395 ἓν·

418 4401 510 4503 δον
531 4405 724 4503 μόνον,
750 4411 885 4466 ἀλλὰ
920 4416 1016 4469 καὶ
1047 4413 1336 4488 ἐνδοτέρω.
1371 4423 1619 4489 Αὔξειιδὲ
1649 4428 1712 4481 rb
1740 4434 1997 4503 πρᾶγμα,

419 4494 596 4608 δζιλῶν
622 4501 683 4552 τὸ
717 4503 952 4608 pereo-oc
997 4508 1100 4578 τῆς
1140 4514 1393 4608 κατάρας
1425 4532 1440 4549 -
1479 4520 1575 4573 καὶ
1607 4520 1696 4575 διὰ
1757 4494 1999 4593 μὲν-Στοά
2031 4549 2077 4608 ο

419 4585 634 4682 libat-cog,
686 4595 1064 4668 αἰνιττόμενος
1103 4601 1165 4655 τὸ
1192 4606 1423 4676 σφοδρὸν
1449 4610 1622 4682 αὐτῆς
1644 4627 1659 4644 ο
1707 4585 1794 4669 δια
1819 4615 1874 4669 δὲ
1901 4616 1994 4671 τοῦ

416 4677 600 4735 ἐλαίου
631 4684 693 4737 rb
721 4684 1103 4761 δυσέκνιπτον,
1142 4695 1240 4750 καὶ
1264 4697 1513 4769 μόνιμον.

484 4955 805 5022 Γενηθήτω
871 4962 1033 5029 αὐτῷ
1071 4964 1154 5032 ὡς
1190 4966 1448 5037 ἱμάτιον,
1478 4969 1511 5023 ὃ
1540 4973 1988 5043 περιϐάλλεται,

412 5043 511 5096 καὶ
544 5046 686 5100 ὡσεὶ
713 5047 883 5118 ζώνη,
916 5050 997 5119 ἣν
1033 5054 1131 5110 διὰ
1154 5059 1382 5125 παντὸς
1416 5062 1867 5131 περιζώννυται.
1894 5069 1992 5121 Γε-

413 5133 478 5202 νή
492 5150 646 5188 σεται
673 5136 814 5192 ὥστε
842 5143 1114 5213 συνέχειν,
1143 5147 1234 5200 καὶ
1264 5148 1615 5221 διασφίγγειν
1656 5156 1842 5212 αὐτόν.

487 5316 666 5370 Τοῦτο
686 5318 755 5372 τὸ
781 5318 962 5388 ἔργον
1012 5322 1132 5376 τῶν
1189 5326 1711 5384 ἐνδιαϐαλλόντων
1726 5350 1803 5402 με
1830 5336 1991 5402 παρὰ

411 5408 654 5474 Κυρίου.
688 5409 839 5480 Αὕτη
869 5413 900 5481 ἡ
925 5415 1166 5485 τιμωρία
1195 5419 1345 5489 παρὰ
1390 5421 1596 5491 Κυρίου
1631 5423 1740 5476 τῶν
1772 5427 1829 5477 ἐν
1857 5428 1990 5480 ’1ου-

408 5495 580 5559 balet;
602 5497 1004 5555 διαϐαλλόντων
1052 5521 1143 5575 με,
1172 5509 1444 5572 τουτέστι,
1507 5511 1600 5564 τοῦ
1648 5513 1842 5580 Ἰούδα,
1894 5517 1991 5570 καὶ

408 5584 521 5675 τῷν
560 5587 682 5641 κατ’
712 5588 900 5647 αὐτόν.
932 5591 1107 5647 Τοῦτο
1145 5595 1208 5648 rb
1249 5597 1574 5654 κολαστικὸν
1640 5600 1822 5672 ἔργον,
1856 5605 1989 5675 περὶ

408 5672 473 5732 οὗ
505 5682 851 5753 προείρηται,
886 5685 969 5738 ὃτι
1030 5687 1278 5742 πείσεται
1342 5690 1481 5757 τόδε,
1518 5691 1614 5746 καὶ
1643 5693 1785 5746 τόδε·
1819 5695 1852 5766 ἢ
1883 5696 1992 5751 τῶν

485 5855 529 5886 ⁷⁸
559 5856 750 5913 Matth.
796 5874 874 5929 ιι,
909 5860 1002 5917 29.

2111 3298 2248 3368 priis
2279 3299 2426 3354 enim
2466 3299 2729 3370 operibus
2777 3301 3008 3357 alteram
3066 3303 3330 3368 attraxit,
3369 3311 3425 3358 et
3462 3302 3695 3357 alteram

2109 3390 2310 3461 repulit
2343 3407 2357 3444 :
2389 3399 2444 3446 et
2478 3392 2806 3448 maledicunt
2834 3395 3054 3464 quidem
3079 3394 3127 3450 ei
3160 3394 3235 3462 pii
3263 3409 3328 3449 ac
3356 3393 3544 3451 ﬁdeles
3569 3409 3693 3449 om-
3722 3411 3731 3421 ·

2108 3496 2230 3547 nes,
2263 3482 2556 3540 benedicet
2582 3498 2761 3540 autem
2801 3500 2981 3541 nemo.

2185 3573 2252 3629 Et
2301 3575 2519 3633 indutus
2571 3586 2651 3630 est
2708 3577 3098 3643 maledictione,
3150 3580 3306 3647 quasi
3354 3581 3687 3637 vestimento.

2109 3665 2529 3734 Maledictione,
2563 3669 2789 3741 inquam
2818 3712 2834 3736 ,
2873 3685 2978 3740 qua
3014 3686 3249 3741 prorsus
3287 3686 3510 3743 semper
3547 3674 3692 3730 deli-

2108 3759 2381 3826 nebatur,
2417 3776 2542 3832 quae
2581 3778 2864 3833 nunquam
2897 3763 2967 3819 ab
2997 3778 3064 3819 eo
3095 3763 3309 3820 aberat.
3337 3765 3568 3822 ludutus
3606 3775 3693 3823 est

2108 3861 2288 3906 autem
2324 3868 2409 3917 ea,
2446 3854 2758 3923 proditione
2794 3855 3192 3910 intercedente.

2182 3942 2251 3996 Et
2284 3945 2527 4015 ingressa
2565 3953 2645 3999 est
2691 3948 2850 4016 quasi
2888 3962 3029 4014 aqua
3070 3947 3333 4001 interiora
3376 3948 3516 4015 ejus.
3564 3948 3686 4005 Non

2104 4037 2350 4090 exterius
2400 4046 2615 4093 tantum
2658 4039 2976 4105 huiusmodi
3032 4039 3348 4094 maledictio
3399 4055 3526 4095 eum
3581 4041 3688 4095 cir-

2104 4128 2408 4191 cumdedit,
2456 4130 2549 4186 sed
2595 4144 2659 4185 ea
2702 4132 2888 4197 etiam,
2936 4146 3044 4186 non
3078 4147 3243 4187 secus
3291 4139 3454 4203 atque
3499 4148 3681 4203 aqua,

2105 4219 2440 4277 intrinsecus
2467 4221 2714 4277 imbutus
2745 4234 2849 4280 est.

2176 4309 2246 4364 Et
2274 4313 2431 4383 quasi
2463 4313 2637 4368 oleum
2665 4314 2720 4367 in
2745 4314 2949 4369 ossibus
2979 4315 3113 4384 ejus.
3143 4313 3254 4371 Nec
3294 4326 3505 4371 tantum
3538 4318 3695 4376 intro

2106 4403 2355 4475 ingressa
2387 4414 2493 4467 est.
2536 4406 2632 4460 sed
2664 4407 2804 4460 ultra
2841 4406 3004 4460 etiam
3040 4409 3274 4463 interius
3305 4409 3481 4479 magis
3514 4392 3683 4480 pcne-

2105 4498 2294 4551 travit.
2324 4497 2498 4568 Auget
2526 4507 2710 4551 autem
2747 4513 3005 4554 sermone
3037 4515 3141 4555 suo
3171 4501 3275 4556 hoc
3308 4499 3512 4555 factum
3546 4502 3682 4556 Pro-

2103 4589 2288 4659 pheta,
2315 4589 2578 4660 grandem
2606 4590 2731 4646 ess'e
2760 4590 3012 4646 indicans
3040 4592 3441 4649 maledictionis
3490 4608 3686 4649 cumu.

2103 4681 2241 4738 lum.
2275 4681 2344 4737 Et
2389 4697 2484 4752 per
2532 4695 2736 4751 aquam
2796 4682 3047 4751 quidem,
3100 4684 3220 4755 ejus
3278 4685 3682 4741 vehementiam

2101 4765 2365 4838 ostendit,
2392 4789 2496 4844 per
2529 4774 2711 4828 oleum
2743 4789 2875 4829 vero
2905 4774 3279 4832 diﬂicultatem
3306 4779 3359 4832 in
3387 4778 3681 4843 abluendo,

2101 4873 2155 4919 et
2196 4875 2602 4935 consequenter
2635 4865 2786 4922 illius
2817 4866 3258 4924 diuturnitatem.

2172 4955 2338 5012 Vnus.
2375 4956 2461 5012 l9.
2500 4954 2629 5011 Fiat
2651 4959 2701 5012 ei
2729 4959 2886 5029 quasi
2917 4960 3306 5025 vestimentum,
3331 4976 3434 5029 quo
3454 4962 3686 5014 circnm-

2099 5050 2279 5114 datur,
2316 5058 2366 5102 et
2411 5050 2564 5119 quasi
2618 5065 2781 5115 zona,
2834 5065 2939 5120 qua
2991 5066 3194 5117 semper
3246 5051 3563 5120 accingitur.
3602 5051 3680 5105 Ea

2102 5142 2317 5198 scilicet
2374 5141 2585 5197 ratione
2620 5181 2633 5206 .
2679 5149 2741 5196 ut
2796 5151 3066 5213 perpetuo
3111 5158 3235 5198 eum
3287 5145 3574 5199 contineat
3624 5155 3681 5198 et

2101 5235 2457 5305 perstringat.

2171 5327 2338 5382 Vens.
2360 5325 2447 5379 20.
2480 5324 2593 5379 [Ioc
2623 5339 2754 5393 opus
2778 5323 3166 5395 detrahentium
3194 5323 3324 5378 mihi
3357 5341 3390 5377 a
3426 5323 3676 5379 Domino.

2100 5420 2214 5475 [loc
2244 5433 2412 5489 opus,
2448 5417 2500 5471 id
2537 5424 2643 5481 est,
2676 5416 2792 5470 haec
2824 5429 3009 5486 poma,
3054 5432 3148 5472 seu
3184 5416 3287 5470 hoc
3313 5431 3455 5487 opus
3487 5431 3682 5487 pmna-
3719 5458 3725 5466 .

2097 5523 2244 5575 rum,
2276 5522 2415 5577 quas
2443 5520 2610 5574 supra
2643 5505 3199 5561 commemoravimus
3221 5504 3417 5561 Judam
3443 5513 3499 5562 et
3524 5520 3683 5562 com-

2099 5598 2269 5669 plices
2302 5612 2570 5668 passuros
2594 5612 2726 5653 esse
2751 5615 2768 5653 :
2802 5597 2922 5653 haec
2943 5637 2960 5663 ,
3001 5596 3222 5668 inquam
3245 5639 3260 5664 ,
3290 5611 3452 5667 mena
3472 5640 3488 5663 ,
3524 5595 3679 5651 Iudae

2099 5701 2152 5747 et
2178 5692 2496 5750 sociorum.
2535 5689 2670 5745 mihi
2711 5690 3142 5757 detrahentium,
3192 5706 3221 5745 a
3267 5691 3502 5748 Domino
3545 5690 3672 5745 erit.
