4052 6402
290 373 418 439 1681

1486 375 1874 438 COMMENT.
1912 374 1993 435 IN
2037 377 2402 440 PSALMOS.

3395 377 3536 441 1082

280 487 436 543 Εἶδον
471 505 538 558 με
587 485 939 558 κρεμάμενον
966 487 1059 540 ἐπὶ
1084 486 1180 539 τοῦ
1233 486 1473 556 σταυροῦ
1512 503 1524 516 ·
1555 489 1622 540 Οἱ
1647 486 1715 539 δὲ
1741 503 1853 540 πα-

1972 497 2090 542 mnt
2122 505 2206 545 me
2232 505 2559 560 suspensum
2597 490 2650 546 in
2676 491 2825 564 ligno
2858 507 2875 548 ε
2914 492 3351 548 Pertranseuntes
3395 497 3536 549 enim

274 580 745 650 ραπορευόμενοι
793 579 1232 649 ἐϐλασφήμουν
1291 581 1498 644 αὐτὸν,
1548 580 1860 646 κινοῦντες

281 677 388 739 τὰς
449 674 718 742 κεφαλὰς
786 673 1006 737 αὐτῶν,
1079 673 1176 726 καὶ
1211 674 1488 740 λέγοντες
1523 689 1536 702 ·
1588 673 1651 726 Ὀ
1681 689 1861 726 κατα-

279 765 446 816 λύων
467 765 576 816 τὸν
610 765 760 816 ναὸν
781 764 878 816 καὶ
912 764 982 816 ἐν
1012 762 1213 832 τρισὶν
1231 761 1477 832 ἡμέραις
1505 764 1856 833 οἰκοδομῶν,

281 857 488 909 σῶσον
517 857 799 909 σεαυτόν.

352 946 675 1012 Βοήθησόν
702 964 829 1014 μοι,
860 945 1094 1015 Κύριεὸ
1125 947 1272 1013 Θεός
1309 967 1452 1017 μου,
1512 949 1614 1002 καὶ
1651 948 1861 1003 σῶσόν

275 1054 353 1105 με
392 1037 544 1090 κατὰ
583 1039 650 1091 τὸ
678 1037 852 1104 ἔλεός
885 1055 1020 1093 σου.
1055 1040 1268 1108 Ὥσπερ
1297 1041 1370 1102 ὡς
1404 1041 1691 1110 ἄνθρωπος
1719 1041 1856 1095 ἔπα-

280 1133 394 1195 Θεν,
425 1133 566 1186 οὕτω
597 1134 694 1187 καὶ
743 1133 818 1197 ὡς
865 1135 1152 1200 ἄνθρωπος
1220 1137 1532 1203 παρακαλεῖ
1575 1136 1666 1188 τὸν
1696 1135 1855 1190 Θεὸν.

281 1222 354 1274 Τὸ
394 1222 448 1276 δὲ
495 1222 654 1276 Κατὰ
685 1224 749 1276 τὸ
782 1224 956 1290 ἔλεός
981 1238 1122 1291 σου,
1155 1223 1276 1279 ἀντὶ
1314 1223 1404 1278 Ἐν
1433 1225 1508 1296 τῷ
1544 1225 1683 1280 ἐλέει
1736 1243 1853 1279 σου’

279 1311 312 1380 ἥ
347 1312 422 1372 ὡς
453 1312 577 1382 ὲλεή
588 1330 727 1382 μων.

351 1497 462 1551 Καὶ
509 1497 834 1567 γνώτωσαν
856 1499 945 1554 ὅτι
998 1501 1038 1570 ἠ
1083 1501 1213 1568 xsip
1245 1515 1364 1555 σου
1405 1501 1582 1567 αὕτη.
1614 1503 1713 1556 καὶ
1747 1504 1856 1570 σὺ,

279 1591 478 1656 Κύριε,
505 1591 798 1658 erro/nacte
833 1593 1050 1658 αὑτήν.
1083 1593 1206 1646 Ὅτι
1233 1596 1265 1663 ἡ
1313 1593 1538 1666 βοήθειά
1569 1612 1662 1648 σου
1716 1596 1856 1668 αὕτη

277 1684 312 1750 ἡ
341 1681 586 1752 βοήθεια·
605 1683 880 1739 τουτέστι.
898 1685 1022 1738 Ὀτι
1054 1687 1121 1756 σὴ
1141 1687 1173 1754 ὴ
1206 1684 1424 1756 βοήθεια
1437 1687 1531 1740 καὶ
1548 1689 1857 1759 ἀντίληψις,

1961 583 2399 652 blasphemabant
2442 601 2584 650 eum,
2619 597 2882 642 moventes
2910 590 3088 656 capita
3115 605 3234 653 sua,
3259 598 3310 642 et
3356 589 3535 642 dicen-
3593 603 3600 614 ί

1961 688 2036 730 tes
2064 692 2082 727 :
2109 675 2153 731 Ο
2174 677 2266 746 qui
2290 677 2519 732 destruis
2544 678 2788 744 templum
2806 721 2820 742 ,
2848 689 2896 731 et
2919 681 2972 733 in
3005 679 3174 734 tribus
3203 679 3386 733 diebus
3408 681 3541 734 aedi-

1959 769 2089 837 ﬁcas
2123 768 2283 833 illud,
2319 769 2472 823 salva
2498 771 2825 838 temetipsum
2851 773 2917 826 ⁷⁸.

2036 948 2194 1004 Vens.
2233 950 2322 1004 26.
2354 949 2567 1018 Adjuna
2595 965 2696 1011 me,
2723 949 2946 1005 Domine
2967 951 3106 1006 Deus
3137 968 3301 1015 meus,
3350 965 3397 1007 et
3427 955 3536 1006 sal-

1959 1060 2076 1097 vum
2104 1060 2184 1095 me
2213 1045 2298 1113 [ac
2332 1046 2618 1096 secundum
2665 1043 3088 1096 misericordiam
3139 1054 3304 1098 tuam.
3333 1046 3538 1111 Quotu-

1958 1133 2280 1196 admodum,
2317 1133 2466 1187 velut
2494 1133 2660 1188 homo
2698 1133 3034 1202 patiebatur,
3069 1133 3144 1186 ita
3173 1135 3343 1187 etiam
3388 1135 3535 1188 velut

1959 1229 2125 1282 homo
2155 1241 2345 1296 preces
2389 1225 2568 1280 fundit
2609 1225 2676 1279 ad
2717 1225 2912 1281 Deum.
2946 1225 3103 1290 Quod
3136 1240 3264 1281 vero
3291 1227 3364 1280 ait
3399 1244 3412 1279 :
3445 1225 3537 1281 Se-

1959 1321 2190 1375 cundum
2261 1322 2682 1378 misericordiam
2727 1331 2896 1386 tuam,
2965 1323 3019 1378 id
3070 1329 3198 1388 est,
3272 1321 3330 1376 In
3378 1323 3518 1377 mise

1959 1415 2198 1468 ricordia
2234 1423 2347 1478 tua,
2385 1423 2439 1468 ιιι
2474 1426 2736 1485 tanquam
2771 1415 3112 1470 misericors.

2032 1505 2198 1562 Vens.
2229 1508 2323 1588 27.
2367 1507 2434 1562 Et
2473 1511 2665 1572 sciant,
2707 1510 2835 1579 quia
2872 1523 3066 1563 manus
3093 1517 3185 1561 tua
3215 1508 3347 1569 haec.
3381 1516 3431 1561 et
3459 1518 3535 1572 tu,

1962 1599 2207 1663 Domine,
2235 1600 2409 1669 fecisti
2435 1617 2574 1655 eam.
2613 1599 2826 1664 Sciant,
2863 1602 3062 1670 inquit,
3093 1600 3240 1669 quod
3273 1600 3536 1654 auxilium

1962 1693 2066 1748 hoc
2095 1700 2250 1746 tuum
2281 1700 2387 1747 est.
2416 1692 2690 1760 Adjuvisti
2723 1693 2867 1747 enim
2904 1708 3011 1756 me,
3038 1700 3299 1760 tanquam
3338 1690 3536 1744 Filium

282 1775 627 1843 βοηθοῦντος,
660 1775 735 1839 ὡς
758 1776 1109 1848 ἠγαπημένῳ
1134 1775 1235 1847 υἰῷ
1262 1780 1356 1831 καὶ
1388 1780 1451 1832 οὐ
1481 1781 1856 1852 παρορῶντας,

1972 1785 2243 1851 :lilectutn,
2276 1799 2380 1839 nec
2405 1785 2700 1855 despexisti
2732 1784 2897 1839 veluti
2929 1784 3027 1840 tibi
3055 1783 3461 1839 adversarium.

275 1867 354 1927 ὡς
379 1865 647 1921 ἀντίθεον.

351 1956 804 2024 Καταράσονται
823 1957 1016 2021 αὐτοὶ,
1047 1957 1148 2012 καὶ
1171 1958 1252 2013 σὺ
1281 1958 1664 2028 εὐλογήσεις.
1702 1962 1860 2015 Ἐλε-

277 2062 376 2111 γον
407 2046 516 2114 γὰρ
545 2048 595 2098 oi
648 2047 946 2117 θεομάχοι·
995 2049 1187 2116 Μῆτις
1221 2048 1339 2102 τῶν
1374 2051 1684 2120 ἀρχόντων
1726 2053 1859 2106 ἐπί-

276 2151 546 2189 στευσεν
583 2139 671 2201 εὶς
745 2139 952 2203 αὑτὸν,
982 2139 1019 2206 ἣ
1061 2141 1130 2194 ἐκ
1156 2137 1276 2194 τῶν
1307 2144 1687 2210 Φαρισαίων;
1721 2145 1859 2198 ἀλλ’

279 2225 468 2293 ὄχλος
502 2223 735 2292 οὗτοςό
757 2227 844 2296 μὴ
889 2229 1202 2298 γινώσκων
1246 2230 1353 2283 τὸν
1397 2232 1605 2296 νόμον,
1651 2233 1859 2287 ἐπικα-

280 2319 524 2385 τὰρατοί
543 2322 680 2373 εισι.
714 2321 944 2392 Κατάρα
968 2321 1024 2373 δὲ
1057 2322 1257 2387 ἄλλως,
1287 2326 1384 2375 καὶ
1424 2325 1456 2394 ὴ
1513 2324 1857 2394 βλασφημία.

355 2413 420 2462 Οἱ
448 2410 918 2478 ἐπανιστάμενοι
943 2430 1020 2482 με
1045 2415 1574 2482 αἰσχυνθήτωσαγ.
1625 2418 1861 2486 Αἰσχυν-

278 2500 564 2570 Θήσονται,
600 2502 632 2570 ἢ
665 2502 807 2555 κατὰ
845 2503 943 2572 τὴν
978 2504 1119 2575 ἐμὴν
1149 2506 1470 2570 ἀνάστασιν,
1507 2507 1538 2578 ἢ
1583 2509 1724 2577 μετὰ
1762 2509 1862 2578 τὴν

280 2591 652 2660 παγκὸσμιον.

365 2681 419 2736 '0
455 2683 523 2736 δὲ
568 2684 793 2752 δοῦλός
851 2702 970 2742 σου
1018 2691 1522 2760 εὐφρανθήσεται.
1597 2694 1720 2746 Ἐπὶ
1749 2696 1860 2758 τοῖς

285 2777 654 2844 σεσωσμένοις
681 2771 788 2831 τῶν
824 2779 1150 2850 ἀνθρώπων.

371 2866 884 2925 Ἐνδυσάσθωσαν
907 2874 960 2925 οἱ
989 2873 1492 2944 ἐνδιαϐάωοντές
1521 2897 1619 2948 με,
1664 2881 1864 2949 ἐντρο-

288 2956 432 3022 πὴν.
473 2959 814 3014 Ἐνδύσονται
861 2964 1150 3034 αἰσχύνην,
1213 2969 1294 3029 εἰς
1338 2971 1514 3024 πάντα
1577 2973 1647 3024 τὰ
1708 2973 1861 3042 ἔθνη,

282 3047 828 3120 διασκορπιζόμενοι,
885 3053 979 3107 καὶ
1033 3055 1402 3124 δουλεύοντες,
1468 3062 1563 3114 καὶ
1594 3062 1866 3131 ἀτιμαζό-

285 3156 468 3205 μενοι.

356 3233 464 3285 Καὶ
521 3236 1055 3302 περιϐαλέσθωσαν
1101 3241 1183 3305 ὡς
1234 3241 1515 3298 διπλοΐδα
1561 3247 1869 3316 αἰσχύνην

283 3323 504 3378 αὐτῶν.
542 3327 994 3394 Περιϐαλοῦνται.
1030 3334 1110 3387 Τὰ
1136 3335 1278 3389 αὐτὰ
1312 3337 1371 3390 δὲ
1419 3337 1566 3406 λέγει
1620 3342 1714 3392 καὶ
1745 3339 1861 3393 νῦν

282 3413 498 3479 διπλοῖς
526 3419 581 3470 δὲ
612 3421 674 3472 τὸ
712 3422 938 3478 διπλοῦν
966 3426 1202 3495 ἱμάτιον.

371 3508 926 3583 Ἑξομολογήσομαι
990 3516 1070 3582 τῷ
1122 3521 1312 3586 Κυρίῳ
1381 3523 1619 3590 σφόδρα
1663 3523 1735 3578 ἐν
1788 3523 1869 3590 τῷ

280 3602 542 3666 οτοματί
566 3621 706 3671 μου.
736 3608 1152 3680 Εὐχαριστήσω,
1173 3612 1249 3676 ὡς
1283 3613 1482 3685 Ῥύστῃ
1507 3615 1598 3668 καὶ
1627 3616 1866 3687 Σωτῆρι.

362 3695 470 3746 Kal
501 3695 570 3748 ἐν
596 3697 766 3764 μέσῳ
831 3701 1080 3756 πολλῶν
1145 3703 1367 3758 αἰνέσω
1399 3709 1608 3763 αὐτόν.
1640 3709 1752 3761 Καὶ
1778 3709 1868 3762 δν-

286 3801 396 3847 τως
444 3787 782 3859 εὐχαριστεῖ,
817 3794 911 3845 καὶ
957 3797 1100 3849 αἰνεῖ
1132 3795 1297 3850 αὑτὸν
1333 3799 1392 3850 ὲν
1453 3800 1603 3869 μέσῳ
1632 3801 1867 3865 πολλῶν,

287 3878 820 3950 ἀναγινωσκομένων
852 3885 963 3938 τῶν
1024 3885 1400 3956 Εὐαγγελίων,
1428 3891 1489 3944 ὲν
1540 3884 1622 3956 οἷς
1655 3891 1870 3959 δοξάζει

286 3973 384 4020 τὸν
412 3972 650 4041 Πατέρα.

365 4063 496 4116 Ὅτι
535 4065 804 4134 παρέστη
829 4069 897 4123 ἐκ
922 4068 1141 4135 δεξιῶν
1169 4072 1430 4141 πένητος
1461 4075 1566 4130 τοῦ
1587 4074 1786 4131 σῶσαι
1801 4079 1870 4132 ἐκ

290 4150 413 4204 τῶν
454 4156 944 4213 καταδιωκόντων
1010 4161 1127 4229 τὴν
1181 4163 1396 4231 ’ψυχήν
1439 4183 1581 4235 μου.
1623 4167 1718 4221 Ἐκ
1773 4168 1869 4221 τοῦ

294 4243 470 4308 δεξιοῦ
511 4246 621 4317 γὰρ
650 4248 869 4318 μέρους,
895 4252 943 4304 οἱ
981 4253 1403 4324 συμμαχοῦντες
1423 4258 1804 4326 περίστανται·
1837 4259 1870 4330 ἢ

293 4336 392 4388 καὶ
416 4337 592 4401 ἄλλως
621 4354 637 4369 ·
679 4339 777 4393 Ἐκ
819 4341 928 4394 τῶν
963 4342 1155 4407 δεξιῶν
1187 4335 1464 4415 πράξεων,
1495 4349 1746 4418 παρέστη
1779 4350 1874 4403 ἐπὶ

291 4429 402 4482 τῶν
433 4430 643 4498 ἀρετῶν
674 4433 1063 4500 ἐπισπώμενος
1089 4437 1170 4500 εἰς
1204 4438 1518 4510 ἀντίληψιν,
1547 4441 1642 4494 καὶ
1667 4440 1874 4496 ἔσωσεν

294 4524 481 4587 αὑτὸν,
510 4524 821 4596 ἀναστήσας
862 4529 926 4580 ὲκ
957 4529 1066 4582 τῶν
1091 4529 1326 4600 νεκρῶν,

801 4620 1049 4688 Ψαλμός
1072 4619 1153 4685 τῷ
1182 4621 1382 4675 Δαϐίδ.

864 4713 1159 4768 ΨᾹΛΜΟΣ
1188 4714 1310 4770 ΡΘ’.

369 4801 599 4873 Εἴρηται
642 4804 772 4871 περὶ
799 4803 901 4872 τῆς
959 4805 1216 4875 τοιαύτης
1241 4807 1561 4877 ἐπιγραφῆς
1591 4807 1875 4870 πολλάκις.

298 4894 394 4957 Εἰς
415 4894 506 4947 τὸν
532 4894 773 4964 Χριστὸν
799 4895 875 4959 δὲ,
909 4897 1052 4950 καὶὸ
1089 4897 1283 4967 παρὼν
1311 4899 1527 4970 ψαλμδς
1563 4903 1878 4973 ἀναγέγρα-

295 5002 455 5040 πται.

369 5075 557 5131 Εἶπεν
595 5080 628 5130 ό
657 5079 872 5146 Κύριος
905 5079 983 5144 τῷ
1007 5083 1200 5148 Κυρίῳ
1224 5100 1366 5150 μου.
1397 5084 1455 5136 '0
1475 5084 1611 5147 Θεὸς
1635 5087 1730 5138 καὶ
1766 5086 1880 5139 Πα-

297 5169 424 5240 τὴρ,
478 5170 617 5238 πρὸς
682 5170 773 5223 τὸν
822 5171 955 5224 Θεὸν
982 5173 1079 5225 καὶ
1139 5175 1289 5237 Υἱὸν,
1325 5175 1465 5243 μετὰ
1506 5177 1605 5247 τὴν
1635 5177 1744 5232 ἀπὸ
1777 5177 1882 5246 γῆς

296 5259 380 5321 ei;
425 5259 691 5329 οὐρανοὺς
745 5261 1039 5330 ἀνάληψιν.
1079 5264 1140 5316 El
1199 5264 1256 5317 δὲ
1290 5248 1626 5334 γέγραπται·
1664 5268 1881 5336 Κύριος

297 5354 331 5404 ό
365 5352 508 5418 Θεός
555 5367 674 5406 σου
727 5354 944 5420 Κύριος
998 5350 1085 5420 εἷς
1109 5354 1300 5421 ἐστιν,
1342 5358 1404 5409 οὐ
1453 5357 1589 5426 πρὸς
1619 5359 1879 5430 ἀθέτησιν

297 5442 459 5496 τοῦτο
518 5443 612 5497 τοῦ
662 5443 1028 5512 Μονογενοῦς,
1086 5446 1222 5500 ἀλλὰ
1273 5447 1412 5518 πρὸς
1464 5449 1877 5523 ἀντιδιαπολὴν

299 5531 410 5584 τῶν
434 5534 534 5586 οὐκ
550 5534 721 5588 ὄντων
754 5534 916 5587 θεῶν.
947 5533 1082 5589 Eine
1119 5537 1175 5589 δὲ
1200 5536 1520 5608 θεοπρεπῶς
1546 5555 1562 5570 ·
1595 5540 1688 5592 καὶ
1715 5540 1874 5595 τοῦτο

300 5621 357 5674 δὲ
378 5623 438 5676 τὸ
465 5625 630 5692 ῥητὸν
693 5625 1000 5698 ἐμφράττει
1042 5629 1110 5682 τὰ
1143 5629 1388 5698 στόματα
1436 5627 1546 5682 τῶν
1586 5630 1880 5687 Ἰουδαίων.

1892 3175 1940 3233 C

2032 1967 2200 2022 Vens.
2225 1967 2316 2022 28.
2346 1966 2663 2020 llaledir'ent
2685 1965 2789 2025 illi.
2812 1975 2861 2020 et
2887 1975 2945 2018 tu
2969 1965 3253 2020 benedires.
3281 1964 3542 2018 Dicebant

1961 2060 2105 2113 enim
2137 2056 2306 2111 Judaei
2349 2057 2424 2109 illi
2478 2055 2586 2109 Deo
2636 2054 2888 2108 inimici:
2924 2052 3178 2118 Nunquid
3231 2052 3427 2119 aliquis
3477 2064 3544 2103 es:

1961 2150 2284 2221 principibus
2307 2149 2524 2204 credidit
2546 2149 2598 2202 in
2614 2158 2851 2210 eum,aut
2873 2145 3260 2200 ezl’harisreis?
3275 2147 3365 2198 sed
3388 2143 3545 2197 turba

1963 2245 2109 2310 hac,
2153 2259 2270 2314 qua:
2311 2259 2413 2297 non
2456 2242 2725 2311 cognoscit
2763 2241 2958 2310 legem,
3019 2238 3307 2292 maledicta
3349 2245 3425 2291 est
3473 2237 3541 2288 ⁸⁸.

1965 2337 2278 2394 Maledictio
2310 2338 2472 2392 etiam
2502 2335 2708 2390 dicitur
2738 2332 3107 2401 blasphemia.

2037 2428 2143 2493 Qui
2169 2433 2449 2495 insurgunt
2484 2425 2538 2478 in
2593 2440 2694 2487 me,
2733 2426 3144 2491 confundantur.
3180 2417 3312 2475 Post
3357 2433 3544 2474 resur-
3655 2459 3670 2472 .

1966 2520 2264 2574 rectionem
2313 2518 2458 2571 enim
2504 2531 2704 2578 meum,
2764 2523 2857 2567 aut
2887 2521 3012 2582 post
3059 2511 3420 2567 universaletu
3457 2526 3546 2566 re-

1968 2611 2390 2671 surrectionem,
2435 2607 2658 2662 omnino
2696 2604 3128 2660 confunduntur.

2037 2699 2229 2754 Servus
2276 2709 2451 2754 autem
2494 2709 2616 2753 tuus
2673 2697 2943 2752 la'tabitur
2971 2739 2984 2762 ,
3024 2705 3249 2766 propter
3291 2693 3546 2748 homines

1967 2792 2062 2863 qui
2100 2793 2294 2845 salvat-i
2328 2790 2555 2845 fuerint.

2038 2884 2202 2938 Vens.
2232 2883 2322 2939 29.
2349 2882 2672 2946 Induant-ur,
2697 2883 2789 2952 qui
2825 2880 3110 2936 detrahunt
3149 2880 3298 2943 mihi,
3326 2879 3544 2948 pudore.

1967 2976 2268 3029 lnduontur
2306 2973 2660 3038 confusione,
2706 2972 2942 3040 dispersi
2989 2972 3042 3024 in
3082 2985 3274 3024 omnes
3328 2979 3544 3041 gentes,

1970 3067 2226 3122 servituti
2269 3066 2515 3128 adducti,
2559 3076 2722 3135 atque
2754 3064 3091 3120 inhonorati.

2039 3253 2107 3304 Et
2157 3252 2482 3317 aperiantur,
2535 3248 2688 3317 quasi
2756 3243 3010 3313 diploide,
3070 3241 3377 3308 confusione
3425 3255 3546 3292 sua.

1971 3340 2233 3394 Eunulem
2269 3353 2489 3394 sensum
2517 3338 2639 3392 aliis
2662 3336 2860 3405 repetit
2889 3333 3095 3389 verbis.
3125 3331 3330 3400 Diplois
3361 3337 3544 3384 autem

1970 3443 2052 3488 cst
2091 3435 2256 3485 vesUs
2291 3431 2510 3500 duplex.

2038 3525 2205 3580 Vens.
2249 3523 2339 3578 50.
2385 3521 2689 3590 Con/itebor
2725 3517 2949 3572 Domino
2997 3514 3146 3570 valde
3181 3515 3235 3569 in
3274 3530 3364 3570 ore
3409 3528 3523 3568 meo

1971 3617 2188 3673 Gratias
2221 3615 2268 3667 ei
2301 3628 2480 3684 agam,
2511 3610 2815 3665 Liberatori
2846 3617 2901 3664 et
2928 3607 3225 3662 Salvatori.

2047 3709 2112 3763 In
2160 3708 2329 3762 medio
2361 3706 2651 3759 multorum
2693 3701 2925 3756 laudabo
2975 3715 3114 3756 eum.
3161 3699 3302 3754 Vere
3343 3697 3550 3770 gratias

1976 3800 2090 3857 Deo
2122 3801 2236 3872 agit
2285 3799 2568 3862 Christus,
2629 3805 2684 3852 et
2739 3811 2868 3852 vere
2901 3794 3087 3850 laudat
3119 3809 3243 3849 eum
3285 3795 3337 3846 in
3376 3791 3553 3845 medio

1975 3893 2296 3956 multorum,
2323 3906 2448 3944 cum
2473 3887 2694 3945 assidue
2723 3889 2778 3941 in
2810 3887 3058 3941 Ecclesia
3102 3886 3355 3951 legantur
3378 3880 3555 3934 Eran-

1973 3985 2136 4056 gc-lia,
2175 3984 2230 4038 iu
2261 3982 2465 4051 quibus
2492 3979 2709 4034 Patrem
2741 3979 2928 4032 laudat
2955 3987 3009 4029 et
3046 3975 3336 4044 gloriticat.

2050 4075 2212 4129 Vens.
2244 4075 2333 4128 51.
2367 4072 2504 4137 Quia
2546 4071 2720 4124 astitit
2753 4087 2790 4122 a-
2823 4069 3026 4122 dextris
3052 4064 3321 4134 pauperis,
3357 4071 3412 4113 ut
3442 4058 3552 4112 sal-

1975 4183 2090 4221 vam
2123 4166 2316 4234 faceret
2347 4180 2381 4216 ιι
2409 4161 2830 4230 persequentibus
2859 4161 3092 4212 animant
3125 4171 3319 4209 meam.
3347 4153 3392 4206 A
3417 4152 3549 4204 dex-

1978 4270 2092 4312 tera
2141 4257 2286 4310 enim
2334 4265 2494 4325 parte
2529 4260 2740 4317 astant,
2775 4252 2867 4321 qui
2903 4252 2954 4304 iu
2990 4250 3132 4303 bello
3176 4246 3341 4300 alicui
3395 4257 3552 4312 opem

1978 4351 2178 4405 l'e-runt.
2215 4349 2307 4404 Vel
2348 4349 2510 4402 aliter
2563 4363 2575 4398 :
2609 4346 2800 4401 Astitit
2835 4360 2902 4400 ex
2931 4342 3172 4399 dexteris
3215 4339 3550 4397 actionibus.

1975 4446 2208 4498 allectus
2243 4443 2309 4496 ad
2358 4442 2480 4511 ejus
2511 4440 2800 4503 auxilium,
2835 4441 2904 4493 ab
2935 4439 3083 4491 illius
3115 4433 3410 4488 virtutibus
3446 4449 3460 4486 :
3501 4439 3558 4484 et

1905 4533 1950 4588 1)
1981 4534 2213 4588 salvavit
2243 4547 2395 4596 eum,
2430 4529 2753 4586 suscitande
2782 4529 2934 4582 illum
2969 4542 2999 4580 a
3030 4525 3283 4580 mortuis.

2462 4623 2716 4676 Psalnms
2752 4621 2857 4689 ipsi
2895 4618 3084 4673 Dauid.

2509 4710 2835 4768 PSALMUS
2885 4710 3025 4767 CIX.

2057 4810 2129 4864 De
2165 4808 2262 4862 hac
2293 4807 2640 4875 inscriptione
2668 4820 2803 4873 same
2828 4804 3029 4858 dictum
3056 4812 3157 4857 est.
3204 4800 3359 4854 Hunc
3385 4806 3562 4854 autem

1979 4903 2244 4971 psalmum
2279 4900 2541 4968 Propheta
2577 4899 2633 4951 in
2671 4897 2943 4952 Christum
2977 4895 3313 4963 conscripsit.

2052 5083 2218 5140 Vsus.
2258 5085 2304 5137 ι.
2345 5083 2492 5138 Dixit
2523 5081 2782 5136 Dominus
2830 5079 3061 5134 Domino
3102 5091 3240 5130 meo.
3280 5071 3441 5127 Pater
3474 5083 3566 5123 as-

1981 5183 2201 5245 Sumpto
2247 5175 2300 5228 iu
2327 5175 2529 5228 ccelum
2561 5171 2783 5227 Christo
2823 5168 3056 5222 Domino
3087 5165 3228 5219 dixit
3249 5164 3414 5217 verba
3443 5175 3568 5228 qua:

1982 5277 2308 5339 sequuntur.
2355 5263 2640 5320 Dominum
2680 5271 2860 5316 autem
2892 5259 3108 5313 Patrem
3130 5298 3145 5320 ,
3187 5264 3243 5310 et
3276 5252 3564 5308 Dominum

1984 5363 2151 5415 etiam
2183 5359 2381 5413 Filium
2406 5356 2662 5426 appellat,
2692 5352 3031 5406 divinitatem
3059 5347 3311 5402 indicans
3348 5342 3561 5398 utrius-

1983 5467 2091 5523 que
2122 5463 2389 5519 personxe.
2425 5447 2579 5513 Quod
2610 5447 2654 5499 si
2688 5442 2817 5498 alibi
2849 5441 3112 5509 scriptum
3152 5437 3420 5506 legimus:
3454 5432 3566 5486 Do-

1983 5545 2156 5598 minus
2205 5541 2345 5596 Deus
2387 5549 2530 5605 tuus,
2575 5536 2831 5592 Dominus
2881 5549 3019 5588 unus
3054 5538 3131 5586 est
3173 5529 3241 5594 ",
3270 5527 3478 5582 dictum
3510 5523 3563 5578 id

1981 5634 2107 5698 fuit,
2140 5650 2250 5688 non
2279 5641 2338 5686 ut
2373 5629 2711 5702 unigenitum
2743 5625 2939 5683 Filium
2963 5622 3135 5680 Deum
3161 5635 3286 5692 esse
3316 5626 3563 5688 negaret,

380 5802 428 5834 ”
471 5801 663 5858 Mat-th.
709 5820 876 5872 xsvn,
907 5808 995 5873 39,
1025 5809 1111 5864 40.
1185 5812 1229 5843 "
1259 5810 1419 5868 Joan.
1454 5830 1548 5880 νη,
1586 5812 1674 5880 48,
1701 5812 1788 5868 49.
1862 5817 1865 5840 ¹

1972 5816 2097 5868 lcut.
2135 5827 2208 5880 νι,
2237 5812 2289 5866 Δ.
