4052 6466
417 422 565 490 1083
1620 409 2014 477 EUTHYMII

2129 408 2426 472 iGABENI
3532 403 3680 470 1084

413 542 509 598 sed
542 548 602 596 ut
638 553 735 597 eos
768 539 861 610 qui
896 538 1033 594 falso
1060 535 1135 591 dii
1172 533 1528 606 putabantur,
1556 545 1587 585 a
1617 546 1752 587 vero
1781 530 1891 586 Deo
1912 529 1994 584 di-
2025 588 2026 591 η

2129 528 2260 592 Γίνες
2294 526 2426 598 γὰρ,
2455 525 2504 579 οἱ
2535 522 2628 577 δύο
2656 521 2837 595 κύριοι
2909 522 3004 610 τοῦ
3042 522 3231 590 Δαόὶδ,
3269 516 3343 577 ὧν
3402 523 3590 594 ἕτερος
3619 525 3687 576 ὲκ

417 635 744 703 stingueret.
786 603 997 687 Dixisse
1028 603 1207 684 autem
1232 643 1297 684 eo
1326 626 1490 683 modo
1525 623 1695 681 Deum
1731 622 1995 692 intellige,

2129 618 2352 688 ταστρδς
2420 615 2527 686 πρὸ
2585 615 2870 687 ἑωσφόρον
2914 603 3205 686 ἐγεννήθη,
3285 615 3380 669 καὶ
3415 614 3688 687 ἱερωσύνῃ

415 743 527 797 quo
550 728 772 797 dignum
791 739 853 780 ac
874 736 1177 793 congruum
1196 728 1281 775 est
1309 719 1461 772 illum
1482 715 1649 786 loqui.
1671 713 1995 784 Huiusmodi

2129 709 2398 778 τετίμηται
2430 706 2573 761 κατὰ
2597 707 2697 777 τὴν
2725 706 2877 772 τάξιν
2901 706 3239 778 Μελχισεδέκ
3267 724 3282 773 ;
3317 707 3417 759 οὐκ
3464 705 3687 776 ἔχουσιν

415 825 598 871 autem
624 815 804 870 verbis
831 813 1120 884 impiorum
1145 808 1459 864 Iudaeorum
1488 821 1585 859 ora
1610 804 1995 860 obstruuntur.

2129 802 2243 865 ὶλως
2276 803 2473 854 εἰπεῖν.

421 907 613 963 Dicam
647 908 817 973 enim,
847 922 1058 977 quaeso,
1102 906 1323 975 quinam
1376 902 1484 957 sint
1530 901 1582 954 hi
1632 901 1742 953 duo
1830 897 2045 952 Domini
2088 897 2234 967 regis
2299 896 2489 961 David,
2523 910 2756 965 quorum
2805 895 2943 951 alter
2990 911 3055 950 ex
3087 901 3275 951 ventre
3326 902 3453 948 ante
3494 891 3692 946 lucife-

419 1016 540 1055 rum
570 1012 653 1056 est
679 1002 920 1069 genitus.
943 1008 998 1057 et
1027 999 1340 1055 sacerdotio
1369 996 1672 1051 honoratus
1698 989 1996 1046 secundum
2038 989 2285 1044 ordinem
2317 987 2740 1043 Melchisedech.
2816 984 3005 1057 Neque
3048 986 3195 1040 enim
3250 984 3463 1040 hiscere
3523 984 3688 1037 etiam

420 1102 710 1166 poterunt.

488 1187 623 1244 Sede
652 1205 687 1240 a
734 1187 936 1241 dextris
981 1186 1132 1241 meis.
1170 1183 1641 1252 Quemadmodum
1675 1197 1770 1252 per
1801 1181 2003 1237 dictio-

359 1310 362 1312 η
421 1297 548 1338 nem
583 1281 864 1345 Dominus,
905 1279 1048 1334 Patri
1086 1294 1150 1335 ac
1172 1279 1314 1334 Filio
1337 1293 1490 1343 aeque
1532 1277 1850 1332 attributam
1884 1318 1899 1339 ,
1930 1276 2001 1330 ita

420 1373 586 1427 etiam
622 1387 715 1440 per
747 1372 930 1428 sedem
978 1370 1094 1424 Filii
1124 1387 1152 1423 a
1192 1370 1402 1425 dextris
1428 1367 1624 1429 Patris,
1645 1366 1872 1436 aequalis
1901 1367 2002 1422 ho-

426 1475 530 1514 nor
567 1458 689 1513 Filii
729 1475 854 1513 eum
895 1458 1057 1514 Patre
1107 1458 1510 1514 manifestatur.
1552 1456 1798 1523 Quorum
1855 1458 2001 1512 enim

423 1550 583 1607 sedes
610 1551 839 1622 aequalis
883 1558 989 1613 est,
1043 1550 1361 1607 earumdem
1397 1565 1688 1606 commune
1724 1558 1808 1605 est
1839 1550 2001 1605 etiam

426 1642 734 1712 imperium.
776 1641 987 1697 Sileant
1023 1644 1189 1713 igitur
1228 1643 1417 1705 Arius,
1468 1654 1524 1697 et
1554 1641 1877 1707 Eunomius,
1910 1641 2003 1710 qui

424 1735 687 1804 aequalem
717 1735 862 1790 Patri
898 1734 1096 1790 Filiqu
1133 1743 1358 1805 negant.
1391 1734 1661 1801 Quoniam
1698 1749 1825 1788 vero
1861 1732 2008 1787 Deus

2183 1173 2380 1229 Κάθου
2406 1172 2475 1227 ἐκ
2536 1169 2753 1236 δεξιῶν
2801 1187 2941 1235 μου.
2976 1156 3193 1238 Ὥσπερ
3219 1166 3308 1221 διὰ
3345 1166 3440 1220 τοῦ
3473 1168 3694 1235 Κύριος

2110 1269 2208 1323 καὶ
2238 1266 2473 1334 Κύριος,
2523 1266 2584 1317 τὸ
2619 1261 2864 1331 ἰσότιμον
2923 1260 3223 1326 δείκνυται,
3284 1258 3430 1313 οὕτω
3472 1259 3570 1312 καὶ
3602 1258 3693 1312 διὰ

2108 1361 2210 1430 τῆς
2239 1361 2303 1412 ἐκ
2338 1356 2531 1422 δεξιῶν
2557 1355 2852 1424 καθέδρας,
2880 1356 2973 1406 ἐπὶ
2997 1351 3091 1405 τοῦ
3140 1349 3428 1423 βασιλικοῦ
3473 1351 3690 1420 θρόνου·

2109 1443 2184 1504 ὧν
2213 1448 2379 1519 γὰρή
2413 1445 2655 1516 καθέδρα
2699 1446 2879 1516 κοινὴ,
2929 1444 3138 1498 τούτων
3185 1444 3281 1496 καὶ
3346 1444 3380 1510 ἡ
3440 1440 3694 1511 βασιλεία

2110 1544 2288 1613 κοινή.
2331 1538 2870 1609 Ἐπιστομιζέτωσαν
2891 1538 3001 1608 (2!)
3024 1539 3072 1590 οἱ
3106 1535 3380 1605 ἇνισον’τῷ
3404 1535 3579 1605 Πατρὶ
3598 1533 3692 1585 τὸν

2117 1637 2246 1690 Υἱδν
2291 1633 2614 1705 ληροῦντες,
2654 1634 2913 1703 ’Λρρειος
2963 1632 3059 1685 καὶ
3106 1630 3397 1700 Εὑνόμιος.
3454 1628 3607 1681 Ἐπεὶ
3634 1628 3694 1680 δὲ

2113 1728 2142 1779 ὁ
2171 1726 2305 1789 Θεὸς
2331 1726 2427 1777 καὶ
2451 1724 2640 1794 Πατὴρ
2684 1721 2980 1792 ἀσώματος
3008 1718 3083 1773 ὢν
3108 1719 3208 1773 οὐκ
3252 1720 3366 1790 ἔχει
3408 1717 3558 1781 δεξιὰ
3601 1717 3696 1769 καὶ

428 1823 592 1879 Pater
634 1824 996 1895 incorporeus
1035 1833 1140 1890 est,
1176 1803 1230 1877 et
1259 1825 1538 1879 dexteram
1565 1838 1677 1879 non
1720 1823 1882 1878 habet
1909 1828 2002 1875 aut

2129 1817 2369 1889 ιριστερὰ
2422 1814 2556 1883 (τῶν
2621 1813 2895 1883 σωμάτων
2947 1811 3057 1881 γὰρ
3105 1809 3357 1877 ταῦτα),
3406 1807 3590 1859 λοιπὸν
3634 1803 3698 1857 τὸ

425 1913 705 1969 sinistram
738 1914 1050 1985 (corporum
1078 1916 1226 1968 enim
1256 1913 1371 1968 haec
1409 1915 1585 1982 sunt),
1626 1920 1799 1968 restat
1828 1919 1888 1965 ut
1917 1926 2013 1981 per

427 2006 637 2070 sedem,
678 2006 928 2076 requiem
957 2016 1014 2061 et
1050 2006 1367 2061 lruitionem
1400 1994 1577 2060 divini
1609 2004 1822 2075 imperii
1856 2005 2015 2058 intel-

429 2097 686 2168 ligamus,
710 2100 924 2168 utrique
950 2114 1140 2154 eorum
1170 2098 1474 2167 propriam,
1494 2107 1547 2152 et
1567 2099 1774 2152 honore
1806 2110 2012 2165 parem.

505 2189 680 2243 Donec
709 2206 902 2258 ponam
931 2191 1174 2244 inimicos
1208 2201 1326 2246 tuos
1363 2189 1652 2245 scabellum
1674 2189 1863 2259 pedum
1894 2198 2016 2242 tuo-

430 2299 574 2338 rum.
621 2281 864 2347 Judms,
927 2285 1177 2354 gentiles,
1232 2285 1546 2351 haereticos,
1607 2291 1660 2337 et
1717 2283 2015 2337 daemones.

434 2374 613 2429 Dictio
645 2384 862 2437 autem.
900 2377 1067 2431 donec
1091 2416 1106 2442 ,
1142 2393 1253 2433 non
1287 2377 1352 2432 ad
1397 2375 1807 2431 distinctionem
1846 2372 2017 2428 futuri

338 2518 355 2530 ,
434 2465 702 2536 temporis
732 2466 910 2536 posita
939 2475 1045 2530 est,
1076 2468 1170 2523 sed
1201 2466 1669 2538 quemadmodum
1706 2480 1850 2534 saepe
1885 2464 2016 2519 alibi

435 2558 714 2625 diximus,
752 2568 963 2615 eertum
1021 2569 1237 2630 tempus
1283 2559 1556 2629 designat,
1603 2568 1658 2613 et
1707 2570 2017 2626 usquequo,

436 2666 546 2705 non
572 2651 767 2706 tollens
800 2651 947 2704 aliud
969 2659 1161 2722 postea
1186 2651 1428 2704 futurum
1462 2659 1698 2720 tempus,
1719 2657 1778 2703 ut
1803 2647 2020 2719 egregie

437 2742 684 2796 declarat
714 2740 1012 2812 Gregorius
1032 2742 1348 2813 Theologus
1374 2743 1425 2796 in
1457 2741 1639 2812 primo
1669 2755 1924 2797 sermone
1955 2738 2021 2794 de

439 2831 610 2897 Filio;
644 2840 699 2889 et
723 2849 824 2890 nos
846 2834 1009 2889 etiam
1044 2835 1302 2905 antiquos
1342 2837 1515 2890 secuti
1561 2835 1771 2898 Patres,
1797 2834 2022 2904 scripsi-

441 2942 586 2991 mus,
628 2928 683 2980 in
717 2926 850 2982 illud
879 2928 1085 2983 dictum
1122 2929 1397 2999 Evangelii
1430 2945 1446 2983 :
1478 2928 1657 2983 Donec
1697 2931 1892 2999 peperit
1923 2925 2021 2981 Fi-

443 3020 575 3075 lium
612 3035 762 3073 suum
798 3021 1203 3092 primogenitum
1232 3022 1299 3075 ⁸¹.
1335 3020 1621 3088 Quomodo
1662 3021 1809 3075 enim
1842 3019 2017 3074 susti-

445 3110 558 3212 neri
595 3118 782 3212 posset
815 3111 962 3168 aliud
1003 3111 1303 3183 Scriptum
1332 3112 1750 3168 testimonium:
1784 3109 2021 3181 Regnum
2046 3150 2092 3212 Ο

328 3228 337 3233 -
441 3203 581 3271 ejus,
600 3204 740 3270 quod
752 3205 805 3257 in
824 3205 1077 3259 saeculum
1103 3221 1206 3259 non
1221 3205 1526 3260 destruetur
1542 3204 1588 3237 ³³
1603 3205 1628 3257 ?
1642 3215 1736 3258 aut
1759 3202 1891 3258 illud
1915 3219 1929 3256 :
1951 3202 2021 3256 Et

444 3296 592 3366 regni
638 3297 754 3366 ejus
805 3313 910 3351 non
961 3301 1063 3352 erit
1095 3298 1221 3368 ﬁnis
1261 3297 1351 3352 “7
1386 3299 1542 3365 Quod
1578 3301 1623 3352 si
1674 3297 1731 3352 in
1765 3295 2021 3367 praesenti

447 3388 663 3456 psalmo
688 3388 825 3460 legis
854 3389 1070 3446 Patrem
1107 3404 1310 3460 ponere
1359 3390 1482 3445 Filii
1523 3390 1779 3445 inimicos
1811 3389 2027 3445 scabel-

451 3481 560 3533 lum
592 3481 788 3549 pedum
821 3481 966 3552 ejus,
1003 3489 1060 3536 et
1090 3480 1232 3551 apud
1264 3480 1493 3537 Paulum
1527 3480 1685 3550 legis.
1720 3480 1899 3549 ipsum
1931 3478 2022 3534 Fi-

448 3573 582 3628 lium
611 3573 665 3630 id
703 3573 883 3630 facere
911 3574 1155 3645 (Oportet
1185 3575 1355 3639 enim,
1394 3574 1573 3644 inquit
1614 3572 1842 3637 Paulus,
1872 3571 2026 3628 Chri-

447 3674 586 3718 stum
618 3680 858 3736 regnare,
889 3666 1052 3721 donec
1086 3668 1251 3734 ponat
1291 3681 1470 3720 omnes
1500 3666 1739 3719 inimicos
1768 3680 1891 3718 suos
1929 3662 2027 3717 sub

449 3754 669 3822 pedibus
701 3760 810 3812 suis
840 3758 931 3826 ⁸⁸),
966 3774 1078 3814 non
1116 3758 1241 3812 ideo
1275 3766 1457 3812 tamen
1489 3757 1747 3812 turberis.
1770 3755 2030 3809 Commu-

453 3847 542 3900 nis
573 3846 777 3901 etenim
831 3848 1048 3917 utrique
1099 3852 1349 3919 operatio
1391 3855 1507 3912 est;
1561 3829 1735 3901 ambo
1778 3845 2025 3901 eamdem

454 3937 659 3994 habent
702 3938 968 3996 efﬁciendi
1017 3937 1366 4010 potestatem.
1399 3940 1605 3997 Omnes
1636 3947 1820 3995 autem
1859 3937 2032 4008 subji-

452 4028 700 4093 cientur,
744 4031 836 4084 alii
879 4033 1096 4100 quidem
1132 4031 1324 4095 inviti,
1367 4030 1460 4084 alii
1505 4046 1632 4084 vero
1662 4035 1898 4098 sponte:
1935 4026 2028 4080 uhi

453 4118 662 4174 scilicet
687 4135 811 4174 eum
846 4136 876 4175 e
905 4123 1046 4177 caelo
1080 4121 1502 4177 descendentem
1528 4121 1787 4183 viderint,
1824 4128 1884 4173 ut
1914 4132 2030 4171 ma-

455 4208 712 4265 nifestius
761 4212 953 4266 docuit
1003 4211 1228 4268 Paulus.
1261 4212 1472 4268 Ponere
1512 4214 1676 4267 etiam
1728 4210 2027 4267 scabellum

454 4299 615 4362 dixit.
647 4317 749 4372 pro
776 4301 1069 4374 Subjectos
1103 4304 1353 4371 reddere,
1386 4319 1481 4359 seu
1519 4303 1842 4374 subjugare.

527 4393 693 4450 Vens.
726 4395 785 4449 2.
827 4393 1043 4466 Virgam
1082 4382 1292 4450 virtutis
1331 4396 1529 4449 emittet
1560 4395 1651 4448 tibi
1678 4394 1938 4447 Dominus
1967 4409 2030 4445 ea:

2115 1910 2214 1980 μὲν
2242 1907 2539 1976 καθῆσθαι,
2586 1906 2686 1975 τὴν
2718 1904 3033 1957 ἀνάπαυσιν
3059 1901 3212 1972 δηλοῖ
3244 1902 3340 1952 καὶ
3387 1898 3693 1950 ἀπόλαυσιν

2112 2002 2211 2071 τῆς
2238 2000 2390 2061 θείας
2414 1998 2717 2068 βασιλείας.
2748 1997 2822 2050 Τὸ
2847 1996 2903 2050 δὲ
2945 1996 3047 2048 Ἐκ
3082 1992 3317 2058 δεξιῶν,
3341 1991 3443 2061 τὴν
3475 1988 3697 2059 γνησιό-

2112 2107 2274 2160 τητα,
2300 2090 2395 2143 καὶ
2416 2090 2716 2150 οἰκείωσιν,
2752 2086 2848 2139 καὶ
2878 2083 3197 2155 ὁμοτιμίαν.

2186 2181 2342 2246 ’Ἕως
2367 2179 2445 2235 ἂν
2471 2179 2553 2234 θῶ
2590 2178 2734 2245 τοὺς
2755 2178 3008 2246 ἐχθρούς
3027 2191 3144 2230 σου
3190 2170 3528 2227 ὑποπόδιον
3580 2168 3706 2223 τῶν

2115 2273 2319 2329 ποδῶν
2348 2290 2489 2328 σου.
2520 2271 2662 2334 Τοὺς
2709 2268 3024 2332 Ἰουδαίους,
3081 2268 3204 2328 τοὺς
3237 2264 3530 2331 Ἕλληνας,
3558 2261 3689 2323 τοὺς

2115 2365 2427 2435 αἱρετικοὺς
2451 2364 2549 2416 καὶ
2587 2361 2713 2424 τοὺς
2753 2359 3032 2428 δαίμονας.
3058 2357 3135 2411 Τὸ
3162 2358 3219 2410 δὲ
3266 2355 3440 2420 Ἕως,
3470 2353 3530 2405 ού
3562 2352 3706 2404 πάν-

2115 2474 2237 2511 τοτε
2267 2453 2770 2510 ἀντιδιαστέλλεται
2795 2451 2873 2521 τῷ
2898 2449 3174 2522 μέλλοντι,
3219 2446 3357 2500 ἀλλὰ
3412 2443 3705 2505 πολλάκις,

2115 2552 2180 2604 τδ
2207 2550 2375 2621 μέχρι
2411 2549 2510 2619 μὲν
2538 2548 2695 2617 τοῦδε
2737 2545 2887 2614 δηλοῖ
2913 2561 2927 2575 ο
2962 2544 3023 2596 τὸ
3050 2543 3106 2595 δὲ
3131 2541 3351 2610 ἑφεξῆς,
3397 2538 3500 2591 οὐκ
3546 2535 3706 2588 ἀναί-

2118 2656 2306 2695 νεται·
2358 2640 2610 2707 καθάπερ
2669 2638 2765 2690 καὶ
2818 2635 2936 2698 νῦν,
2989 2633 3121 2703 περὶ
3161 2624 3223 2684 οὗ
3251 2630 3397 2682 καὶὸ
3436 2624 3708 2692 Θεολόγος

2119 2733 2425 2807 Γρηγόριος
2454 2733 2515 2785 ὲν
2571 2730 2648 2801 τῷ
2683 2728 2888 2800 πρώτῳ
2925 2726 3071 2795 λόγῳ
3098 2724 3229 2795 περὶ
3255 2721 3389 2776 Υἱοῦ
3418 2715 3708 2788 πεφιλόσο-

2122 2844 2289 2898 φηκε,
2318 2824 2415 2879 καὶ
2437 2825 2598 2895 ἡμεῖς
2631 2825 2688 2875 ὲν
2713 2821 2792 2890 τῷ
2820 2814 3189 2887 Εὑαγγελικῷ
3216 2812 3367 2885 ρητῷ
3399 2809 3535 2882 (22),
3557 2809 3711 2872 Ἕως

2124 2916 2198 2975 οὗ
2225 2918 2394 2972 ἔτεκε
2445 2916 2556 2969 τὸν
2607 2913 2746 2967 υἱὸν
2797 2908 2990 2978 αὐτῆς
3020 2906 3125 2962 τὸν
3162 2902 3562 2973 πρωτοτόκον,
3597 2902 3711 2959 τοῖς
3798 2906 3803 2912 ’

2123 3008 2404 3078 Πατράσιν
2435 3003 2933 3073 ἀκολουθήσαντες,
2962 2995 3419 3069 ἡρμηνεύσαμεν.
3448 2989 3574 3052 Πῶς
3601 2986 3712 3056 γὰρ

2121 3100 2190 3155 ἂν
2220 3100 2317 3153 καὶ
2349 3095 2677 3168 φυλαχθείη,
2708 3094 2792 3156 τὸ,
2826 3091 2935 3147 Kal
2967 3091 3006 3159 ἠ
3036 3086 3332 3153 βασιλεία
3361 3080 3551 3137 αὐτοῦ
3599 3079 3716 3143 ,βα-

2125 3192 2377 3252 (Talem,~
2396 3189 2529 3256 ἣτις
2575 3190 2667 3252 εις
2704 3185 2812 3240 τὸν
2834 3182 3023 3238 αἰῶνα
3052 3178 3168 3250 (‘23)
3205 3179 3277 3231 οὐ
3307 3171 3715 3244 διαφθαρήσε-

2127 3299 2256 3345 rat;
2302 3283 2397 3337 uel.
2417 3281 2502 3348 τὸ,
2555 3280 2665 3335 Καὶ
2693 3277 2804 3345 τῆς
2830 3264 3160 3343 ,βασιλείας
3186 3268 3373 3324 αὐτοῦ
3404 3267 3516 3321 οὐκ
3543 3266 3716 3319 ἔσται

2127 3379 2343 3443 telae;
2374 3374 2439 3429 Εἰ
2470 3373 2529 3428 δὲ
2556 3371 2791 3427 ἐνταῦθα
2827 3369 2926 3440 μὲν
2969 3365 3193 3427 ἀκούεις
3225 3362 3357 3416 ὅτιό
3395 3359 3588 3427 Πατὴρ
3624 3355 3708 3408 τι-

2129 3470 2254 3541 θησι
2300 3468 2431 3530 τοὺς
2462 3465 2694 3537 ἐχθροὺς
2724 3459 3044 3525 ὑποπόδιον,
3079 3455 3232 3526 παρὰ
3260 3453 3318 3507 δὲ
3344 3449 3545 3519 Παύλῳ
3572 3446 3715 3541 ὅτιῼὸ

2130 3537 2262 3626 Υἱός
2308 3561 2432 3631 (Δεῖ
2457 3559 2586 3630 γὰρ,
2619 3557 2806 3627 φησιν,
2841 3547 3405 3615 αὑτὸνβασιλεύειν
3435 3537 3720 3631 ἄχριςᾲᾶν

2130 3655 2207 3724 θῇ
2237 3629 2470 3717 πάντας
2494 3629 2638 3715 τοὺς
2673 3645 2929 3713 ἐχθροὺς
2977 3639 3164 3696 αὐτοῦ
3189 3635 3309 3693 ὑπὸ
3352 3633 3496 3698 τοὺς
3524 3629 3719 3691 πόδας

2131 3721 2341 3814 aliter?)
2374 3760 2390 3775 ’
2429 3742 2507 3813 μὴ
2535 3737 2845 3810 θορυϐηθῇς
2873 3751 2887 3764 ·
2917 3731 3073 3802 κοινὴ
3099 3730 3208 3800 γὰρ
3247 3728 3447 3798 ἀμφοῖν
3481 3724 3514 3793 ἡ
3566 3721 3720 3791 ἐνέρ-

2130 3854 2278 3906 γεια,
2315 3834 2409 3887 καὶ
2437 3831 2595 3885 κοινὰ
2631 3829 2700 3881 τὰ
2729 3823 3133 3895 κατορθώματα
3160 3835 3174 3850 ’
3206 3819 3413 3881 πάντες
3440 3816 3549 3885 γὰρ
3579 3814 3718 3906 ὑπο-

2131 3903 2486 4001 ταγήσονται,
2516 3926 2565 3978 οἱ
2600 3923 2700 3992 μὲν
2730 3922 2970 3981 ἑκόντες,
3002 3915 3051 3968 οἱ
3075 3913 3131 3967 δὲ
3179 3915 3425 3973 ἄκοντες·
3445 3910 3570 3961 ὅταν
3615 3903 3717 3957 αύ-

2132 4024 2221 4077 τὸν
2262 4022 2445 4075 ἴδωσιν
2476 4019 2533 4085 ἐξ
2566 4014 2803 4085 ούρανοῦ
2845 4007 3270 4078 κατερχόμενον,
3301 4003 3429 4071 περὶ
3457 3995 3519 4053 οὒ
3551 3995 3720 4063 σαφέ-

2135 4133 2325 4187 στερον
2347 4112 2552 4178 ἐδίδαξε
2582 4106 2811 4171 Παῦλος·
2856 4099 3226 4156 ’Υποπόδιον
3251 4095 3330 4163 δὲ,
3385 4092 3508 4146 ἀντὶ
3546 4090 3719 4143 ’Υποο

2131 4207 2524 4278 τεταγμένους.

2221 4384 2473 4441 Ῥἀσδσν
2498 4378 2808 4446 δυνάμεως
2849 4366 3251 4438 ἐξαποστελεῖ
3281 4379 3382 4417 σοι
3408 4361 3620 4429 Κύριος
3649 4356 3718 4410 ἐκ

456 4485 609 4542 Sion.
639 4483 807 4555 Virga
858 4485 1159 4555 aliquando
1192 4486 1247 4539 in
1295 4485 1513 4555 signum
1547 4499 1839 4554 poenarum
1877 4484 2026 4552 poni-

2142 4475 2314 4530 Σιὼν.
2343 4471 2407 4523 Ἠ
2438 4469 2633 4541 ρἁδος
2687 4464 2819 4518 ποτὲ
2862 4463 2962 4531 μὲν
3014 4460 3096 4521 εἰς
3129 4453 3400 4525 σύμϐολον
3444 4448 3717 4508 κολάσεως

461 4587 574 4642 tur,
605 4591 702 4630 seu
734 4575 1145 4646 castigationis,
1170 4577 1328 4646 juxta
1360 4575 1494 4629 illud
1520 4574 1763 4644 Apostoli
1799 4591 1814 4627 :
1848 4572 1990 4639 Quid
2015 4574 2039 4625 7

460 4669 620 4722 vultis
659 4668 714 4721 in
749 4669 899 4738 virga
930 4669 1136 4722 veniam
1169 4670 1239 4721 ad
1287 4667 1422 4722 vos?
1461 4682 1529 4720 an
1560 4666 1616 4719 in
1654 4666 1935 4720 dilectione
1952 4664 2041 4716 "‘I

464 4761 808 4830 Quandoque
838 4775 940 4830 pro
970 4759 1233 4830 pastorali
1265 4774 1424 4836 cura,
1445 4760 1600 4829 juxta
1635 4758 1769 4812 illud
1800 4775 1814 4812 :
1844 4756 2037 4811 Pasces

464 4868 553 4906 cos
580 4852 637 4905 in
664 4852 811 4921 virga
840 4853 1014 4921 ferrea
1042 4853 1109 4905 ⁸⁷.
1149 4850 1464 4921 Aliquando
1508 4863 1640 4905 vero
1686 4864 1787 4919 pro
1841 4860 2032 4916 regno,

470 4950 531 4998 ut
567 4943 700 4997 illud
737 4959 752 4998 :
784 4941 969 4997 Exibit
1004 4944 1151 5013 virga
1180 4943 1245 4997 de
1277 4942 1458 4997 radice
1514 4940 1666 4996 Iesse
1695 4938 1763 4995 ⁸⁸.
1811 4939 2044 4994 Ponitur

467 5035 634 5089 etiam
677 5049 779 5104 pro
817 5034 1089 5106 potentia,
1125 5042 1186 5089 ut
1222 5033 1275 5088 in
1320 5032 1576 5102 praesenti
1620 5030 1853 5100 psalmo.
1897 5027 2044 5083 Misit

468 5126 614 5180 enim
648 5126 794 5181 Deus
818 5125 983 5182 Pater
1013 5123 1254 5190 Christo,
1302 5121 1452 5178 velut
1485 5119 1691 5177 homini
1738 5118 2042 5189 potentiam

540 5270 586 5300 ⁶¹
620 5269 808 5324 Matth.
844 5286 885 5337 ι,
913 5269 1007 5326 25.
1030 5268 1079 5302 ⁸³
1110 5268 1243 5324 Dan.
1272 5283 1347 5322 vn
1370 5306 1385 5332 ,
1424 5264 1512 5321 Μ.
1623 5262 1668 5294 ³⁸
1695 5259 1831 5316 Luc.
1862 5272 1902 5323 ι,
1931 5257 2022 5313 55.

469 5343 518 5374 ⁸⁸
543 5340 649 5397 Isa.
676 5356 753 5407 xl,
788 5340 840 5395 l.

2128 5251 2226 5306 ⁸⁸1
2261 5249 2392 5306 Cor.
2426 5263 2518 5313 xv,
2540 5244 2633 5300 25.

2147 4539 2665 4635 παραλαμϐάνεται,
2697 4557 2773 4618 ὡς
2801 4554 2863 4607 τὸ
2897 4552 2952 4606 Ti
2981 4549 3184 4604 θέλετε
3207 4564 3225 4612 ;
3253 4546 3322 4599 ἐν
3340 4542 3541 4614 ῥάϐδῳ
3568 4539 3723 4635 ἐλ-θω

2148 4630 2298 4725 πρὸς
2320 4630 2496 4724 ὑμᾶς,
2531 4650 2655 4718 ἢέν
2675 4646 2878 4716 ἀγάπῃ
2900 4661 2919 4708 ;
2956 4642 3094 4696 Ποτὲ
3121 4641 3178 4693 δὲ
3206 4640 3287 4701 εἰς
3328 4630 3719 4725 ποιμαντικὴν,

2143 4721 2218 4813 ὡς
2244 4721 2324 4814 sit,
2348 4721 2664 4812 ᾖοιμανεῒς
2708 4736 2931 4800 αὐτοὺς
2971 4735 3041 4787 ἐν
3055 4731 3256 4801 ῥάϐδῳ
3307 4723 3553 4814 σιδηρᾷ,
3585 4721 3725 4814 ﬂori:

2145 4809 2319 4898 διἐιξ
2337 4809 2638 4904 βασιλείαν,
2694 4828 2769 4889 ὡς
2814 4825 2895 4888 τὸ,
2940 4822 3363 4887 Ἐ’ξελεὺσεται
3406 4812 3631 4883 ῥάϐδος
3656 4809 3726 4904 se

2150 4927 2262 4996 τῆς
2295 4898 2463 4994 difﬁc
2502 4917 2752 4975 Ἰεσσαί.
2822 4916 2960 4968 Ποτὲ
2991 4914 3048 4966 δὲ
3081 4915 3161 4973 εἰς
3216 4908 3472 4976 δύναμιν,
3531 4903 3606 4963 ὡς
3665 4898 3728 4996 τέ)

2153 4988 2762 5090 προκείμενονιρητόν⁹
2812 5005 3165 5071 ἐξαπέστειλε
3221 5001 3330 5070 γὰρ
3389 4996 3594 5066 Κύριος
3648 4988 3729 5090 τῷ

2152 5083 2391 5182 Χνριστῷ,
2429 5106 2506 5169 ὡς
2536 5101 2834 5173 ἀνθρώπῳ,
2867 5097 3096 5167 δύναμιν
3125 5097 3189 5148 ὲκ
3235 5090 3396 5158 Σιὼν,
3418 5089 3516 5159 τῆς
3547 5087 3606 5135 ὲν
3633 5083 3729 5133 οὐ-

2737 5241 2784 5274 ⁸⁶
2817 5238 2839 5293 1
2868 5236 2995 5292 Cor.
3029 5249 3103 5301 ιν,
3133 5232 3226 5288 2|.
3314 5231 3361 5263 ⁸⁷
3405 5226 3547 5283 Psal.
3582 5241 3641 5291 ιι,
3674 5224 3729 5279 9.

1778 5449 1981 5514 Variae
2037 5445 2367 5510 lectiones.

555 5612 670 5693 (ει)
699 5608 1244 5682 ἒπιστομιζὲσθωσαν
1283 5603 1406 5663 cod.
1450 5604 1768 5673 Mosquens.
1798 5614 1887 5670 ap.
1921 5594 2053 5650 Mat-

484 5684 670 5813 ”“Eél
705 5751 782 5803 Ex
812 5750 898 5803 his
950 5760 1005 5804 et
1039 5749 1314 5804 similihus
1369 5748 1505 5801 locis
1558 5739 1950 5813 Commentarii
2000 5738 2057 5791 in

489 5808 738 5889 Psalmos
768 5819 1019 5889 edicitur,
1058 5818 1408 5889 Euthymium
1439 5829 1564 5889 esse
1587 5820 1872 5889 auctorem
1897 5808 2060 5889 genu-

494 5887 748 5939 mentarii
782 5900 809 5937 a
842 5886 1001 5942 nobis
1041 5879 1249 5943 cditii'n
1284 5884 1596 5957 Evangelia.
1628 5880 1764 5937 Vide
1808 5879 1876 5934 ad
1911 5879 2041 5934 Mat-

2152 5594 2281 5650 thaei
2318 5604 2358 5656 ι,
2399 5593 2453 5647 5.
2489 5589 2666 5646 Simul
2718 5598 2943 5658 quoque
2994 5578 3324 5658 intelligitur
3380 5571 3737 5658 commenta-

2156 5636 2299 5719 ἵξιῖώ
2320 5636 2790 5729 "inv'é'ié'n‘gaﬁf
2805 5636 3001 5725 'ﬁ'rius'
3033 5636 3299 5719 scriptum
3369 5656 3512 5699 esse.
3579 5636 3736 5690 Mn-

2158 5751 2351 5871 “7:23)
2397 5799 2702 5871 Utrumque
2727 5795 2941 5871 locum,
2971 5788 3211 5871 Danielis
3269 5791 3326 5838 et
3362 5782 3559 5871 ‘Lucac,
3598 5776 3727 5847 Ῑυη·

2148 5856 2277 5928 etim
2306 5856 2474 5927 etiam
2506 5856 2695 5923 laudat
2727 5865 2781 5919 in
2816 5856 3102 5931 Panoplia,
3123 5859 3207 5915 lit.
3237 5871 3327 5910 xx.
3362 5856 3443 5906 lo.
