  <div class='ocr_page' id='page_1' title='image "/cluster/home/n/w/nwhite01/storage/ocr_20150623/128:no.1/coo.31924054870336/550.png"; bbox 0 0 4052 6440; ppageno 0'>
   <div class='ocr_carea' id='block_1_1' title="bbox 371 411 511 476">
    <p class='ocr_par' dir='ltr' id='par_1_1' title="bbox 371 411 511 476">
     <span class='ocr_line' id='line_1_1' title="bbox 371 411 511 476; baseline -0.021 0"><span class='ocrx_word' id='word_1_1' title='bbox 371 411 511 476; x_wconf 76' lang='grc'><strong>1035</strong></span> 
     </span>
    </p>
   </div>
   <div class='ocr_carea' id='block_1_2' title="bbox 1530 412 2443 476">
    <p class='ocr_par' dir='ltr' id='par_1_2' title="bbox 1530 412 2443 476">
     <span class='ocr_line' id='line_1_2' title="bbox 1530 412 2443 476; baseline 0 -2"><span class='ocrx_word' id='word_1_2' title='bbox 1530 412 1924 476; x_wconf 78' lang='lat' dir='ltr'><strong>COMMENT.</strong></span> <span class='ocrx_word' id='word_1_3' title='bbox 1956 414 2042 474; x_wconf 87' lang='lat' dir='ltr'><strong>IN</strong></span> <span class='ocrx_word' id='word_1_4' title='bbox 2083 413 2443 476; x_wconf 84' lang='lat' dir='ltr'><strong>PSALMOS.</strong></span> 
     </span>
    </p>
   </div>
   <div class='ocr_carea' id='block_1_3' title="bbox 3496 412 3634 479">
    <p class='ocr_par' dir='ltr' id='par_1_3' title="bbox 3496 412 3634 479">
     <span class='ocr_line' id='line_1_3' title="bbox 3496 412 3634 479; baseline 0 -1"><span class='ocrx_word' id='word_1_5' title='bbox 3496 412 3634 479; x_wconf 74' lang='lat'><strong>1086</strong></span> 
     </span>
    </p>
   </div>
   <div class='ocr_carea' id='block_1_4' title="bbox 365 520 1933 596">
    <p class='ocr_par' dir='ltr' id='par_1_4' title="bbox 365 520 1933 595">
     <span class='ocr_line' id='line_1_4' title="bbox 365 520 1933 595; baseline 0.003 -21"><span class='ocrx_word' id='word_1_6' title='bbox 365 524 572 592; x_wconf 82' lang='grc' dir='ltr'>ρανοῖς,</span> <span class='ocrx_word' id='word_1_7' title='bbox 604 522 637 595; x_wconf 74' lang='grc' dir='ltr'><strong>ἦ</strong></span> <span class='ocrx_word' id='word_1_8' title='bbox 675 520 741 576; x_wconf 77' lang='grc' dir='ltr'>ἐκ</span> <span class='ocrx_word' id='word_1_9' title='bbox 779 520 941 586; x_wconf 84' lang='grc' dir='ltr'>Σιὼν,</span> <span class='ocrx_word' id='word_1_10' title='bbox 984 522 1087 592; x_wconf 79' lang='grc' dir='ltr'><strong>τῆς</strong></span> <span class='ocrx_word' id='word_1_11' title='bbox 1115 522 1173 576; x_wconf 80' lang='grc' dir='ltr'>ἐν</span> <span class='ocrx_word' id='word_1_12' title='bbox 1226 521 1650 595; x_wconf 85' lang='grc' dir='ltr'>Ἰεροσολύμοις.</span> <span class='ocrx_word' id='word_1_13' title='bbox 1696 526 1933 581; x_wconf 74' lang='grc' dir='ltr'>Ἐκεῖθεν</span> 
     </span>
    </p>
   </div>
   <div class='ocr_carea' id='block_1_5' title="bbox 2036 520 3630 596">
    <p class='ocr_par' dir='ltr' id='par_1_5' title="bbox 2041 521 3630 596">
     <span class='ocr_line' id='line_1_5' title="bbox 2041 521 3630 596; baseline -0.001 -15"><span class='ocrx_word' id='word_1_14' title='bbox 2041 540 2108 581; x_wconf 82' lang='lat' dir='ltr'><strong>ex</strong></span> <span class='ocrx_word' id='word_1_15' title='bbox 2138 525 2354 580; x_wconf 63' lang='lat' dir='ltr'><strong>caelesti</strong></span> <span class='ocrx_word' id='word_1_16' title='bbox 2390 522 2524 580; x_wconf 88' lang='lat' dir='ltr'><strong>Sion</strong></span> <span class='ocrx_word' id='word_1_17' title='bbox 2544 563 2560 590; x_wconf 91' lang='lat'><strong>,</strong></span> <span class='ocrx_word' id='word_1_18' title='bbox 2590 523 2673 579; x_wconf 88' lang='lat' dir='ltr'><strong>vel</strong></span> <span class='ocrx_word' id='word_1_19' title='bbox 2705 538 2771 578; x_wconf 76' lang='lat' dir='ltr'><strong>ex</strong></span> <span class='ocrx_word' id='word_1_20' title='bbox 2806 521 2963 587; x_wconf 90' lang='lat' dir='ltr'><strong>Sion,</strong></span> <span class='ocrx_word' id='word_1_21' title='bbox 3010 536 3133 592; x_wconf 69' lang='lat' dir='ltr'><strong>quire</strong></span> <span class='ocrx_word' id='word_1_22' title='bbox 3159 532 3281 580; x_wconf 87' lang='lat' dir='ltr'><strong>erat</strong></span> <span class='ocrx_word' id='word_1_23' title='bbox 3309 522 3630 596; x_wconf 77' lang='lat' dir='ltr'><strong>Hierosoly-</strong></span> 
     </span>
    </p>
   </div>
   <div class='ocr_carea' id='block_1_6' title="bbox 363 613 1933 691">
    <p class='ocr_par' dir='ltr' id='par_1_6' title="bbox 363 614 1933 691">
     <span class='ocr_line' id='line_1_6' title="bbox 363 614 1933 691; baseline 0.003 -23"><span class='ocrx_word' id='word_1_24' title='bbox 363 617 471 688; x_wconf 80' lang='grc' dir='ltr'><strong>γάρ</strong></span> <span class='ocrx_word' id='word_1_25' title='bbox 512 614 719 687; x_wconf 65' lang='grc' dir='ltr'>ἤρξατο</span> <span class='ocrx_word' id='word_1_26' title='bbox 747 616 842 669; x_wconf 79' lang='grc' dir='ltr'>καὶ</span> <span class='ocrx_word' id='word_1_27' title='bbox 866 618 900 688; x_wconf 73' lang='grc' dir='ltr'><strong>ἡ</strong></span> <span class='ocrx_word' id='word_1_28' title='bbox 924 617 1034 670; x_wconf 91' lang='grc' dir='ltr'><strong>τῶν</strong></span> <span class='ocrx_word' id='word_1_29' title='bbox 1065 617 1511 689; x_wconf 81' lang='grc' dir='ltr'>κατορθωμάτων</span> <span class='ocrx_word' id='word_1_30' title='bbox 1562 619 1819 691; x_wconf 87' lang='grc' dir='ltr'>δύναμις,</span> <span class='ocrx_word' id='word_1_31' title='bbox 1850 622 1933 677; x_wconf 61' lang='grc' dir='ltr'>καῖ</span> 
     </span>
    </p>
   </div>
   <div class='ocr_carea' id='block_1_7' title="bbox 2036 613 3628 691">
    <p class='ocr_par' dir='ltr' id='par_1_7' title="bbox 2047 613 3628 685">
     <span class='ocr_line' id='line_1_7' title="bbox 2047 613 3628 685; baseline -0.001 -15"><span class='ocrx_word' id='word_1_32' title='bbox 2047 615 2179 671; x_wconf 87' lang='lat' dir='ltr'><strong>mis.</strong></span> <span class='ocrx_word' id='word_1_33' title='bbox 2223 615 2382 669; x_wconf 84' lang='lat' dir='ltr'><strong>illinc</strong></span> <span class='ocrx_word' id='word_1_34' title='bbox 2424 617 2571 669; x_wconf 84' lang='lat' dir='ltr'><strong>enim</strong></span> <span class='ocrx_word' id='word_1_35' title='bbox 2609 613 2848 685; x_wconf 88' lang='lat' dir='ltr'><strong>potentia</strong></span> <span class='ocrx_word' id='word_1_36' title='bbox 2883 614 3294 683; x_wconf 89' lang='lat' dir='ltr'><strong>operationum,</strong></span> <span class='ocrx_word' id='word_1_37' title='bbox 3328 624 3384 669; x_wconf 83' lang='lat' dir='ltr'><strong>et</strong></span> <span class='ocrx_word' id='word_1_38' title='bbox 3426 616 3628 684; x_wconf 66' lang='lat' dir='ltr'><strong>praedi-</strong></span> 
     </span>
    </p>
   </div>
   <div class='ocr_carea' id='block_1_8' title="bbox 362 709 1942 785">
    <p class='ocr_par' dir='ltr' id='par_1_8' title="bbox 362 709 1942 785">
     <span class='ocr_line' id='line_1_8' title="bbox 362 709 1942 785; baseline 0.004 -23"><span class='ocrx_word' id='word_1_39' title='bbox 362 709 395 779; x_wconf 81' lang='grc' dir='ltr'>ὴ</span> <span class='ocrx_word' id='word_1_40' title='bbox 423 709 516 763; x_wconf 77' lang='grc' dir='ltr'><strong>τοῦ</strong></span> <span class='ocrx_word' id='word_1_41' title='bbox 548 709 913 781; x_wconf 79' lang='grc' dir='ltr'><strong>κηρύγματος</strong></span> <span class='ocrx_word' id='word_1_42' title='bbox 939 727 954 741; x_wconf 90' lang='grc'><strong>·</strong></span> <span class='ocrx_word' id='word_1_43' title='bbox 992 712 1218 782; x_wconf 80' lang='grc' dir='ltr'><strong>νοηθείη</strong></span> <span class='ocrx_word' id='word_1_44' title='bbox 1245 711 1289 764; x_wconf 79' lang='grc' dir='ltr'>δ’</span> <span class='ocrx_word' id='word_1_45' title='bbox 1320 714 1385 765; x_wconf 85' lang='grc' dir='ltr'>ἂν</span> <span class='ocrx_word' id='word_1_46' title='bbox 1412 713 1608 785; x_wconf 78' lang='grc' dir='ltr'>ῥάϐδος</span> <span class='ocrx_word' id='word_1_47' title='bbox 1631 713 1942 784; x_wconf 81' lang='grc' dir='ltr'>δυνάμεως,</span> 
     </span>
    </p>
   </div>
   <div class='ocr_carea' id='block_1_9' title="bbox 364 800 1944 876">
    <p class='ocr_par' dir='ltr' id='par_1_9' title="bbox 364 800 1944 876">
     <span class='ocr_line' id='line_1_9' title="bbox 364 800 1944 876; baseline 0.002 -20"><span class='ocrx_word' id='word_1_48' title='bbox 364 803 481 856; x_wconf 63' lang='grc' dir='ltr'><strong>και</strong></span> <span class='ocrx_word' id='word_1_49' title='bbox 516 805 544 857; x_wconf 86' lang='grc' dir='ltr'>ὁ</span> <span class='ocrx_word' id='word_1_50' title='bbox 580 802 835 872; x_wconf 85' lang='grc' dir='ltr'>σταυρός.</span> <span class='ocrx_word' id='word_1_51' title='bbox 891 800 960 856; x_wconf 84' lang='grc' dir='ltr'><strong>Τί</strong></span> <span class='ocrx_word' id='word_1_52' title='bbox 1004 802 1113 875; x_wconf 84' lang='grc' dir='ltr'><strong>γὰρ</strong></span> <span class='ocrx_word' id='word_1_53' title='bbox 1144 803 1542 875; x_wconf 73' lang='grc' dir='ltr'><strong>δυνατώτερον,</strong></span> <span class='ocrx_word' id='word_1_54' title='bbox 1574 804 1751 869; x_wconf 72' lang='grc' dir='ltr'>οὕτως</span> <span class='ocrx_word' id='word_1_55' title='bbox 1787 806 1944 876; x_wconf 80' lang='grc' dir='ltr'>εὐχε-</span> 
     </span>
    </p>
   </div>
   <div class='ocr_carea' id='block_1_10' title="bbox 363 883 1564 968">
    <p class='ocr_par' dir='ltr' id='par_1_10' title="bbox 363 883 1564 968">
     <span class='ocr_line' id='line_1_10' title="bbox 363 883 1564 968; baseline 0.011 -26"><span class='ocrx_word' id='word_1_56' title='bbox 363 893 476 964; x_wconf 68' lang='grc' dir='ltr'><strong>ρῶς</strong></span> <span class='ocrx_word' id='word_1_57' title='bbox 499 896 872 968; x_wconf 77' lang='grc' dir='ltr'>τροπουμένου</span> <span class='ocrx_word' id='word_1_58' title='bbox 893 896 1023 960; x_wconf 78' lang='grc' dir='ltr'>τοὺς</span> <span class='ocrx_word' id='word_1_59' title='bbox 1057 894 1291 966; x_wconf 77' lang='grc' dir='ltr'>ἐχθρούς</span> <span class='ocrx_word' id='word_1_60' title='bbox 1318 913 1335 962; x_wconf 84' lang='grc'><strong>;</strong></span> <span class='ocrx_word' id='word_1_61' title='bbox 1554 883 1564 890; x_wconf 44' lang='grc'><em>’</em></span> 
     </span>
    </p>
   </div>
   <div class='ocr_carea' id='block_1_11' title="bbox 430 1153 1941 1226">
    <p class='ocr_par' dir='ltr' id='par_1_11' title="bbox 430 1153 1941 1226">
     <span class='ocr_line' id='line_1_11' title="bbox 430 1153 1941 1226; baseline 0.005 -18"><span class='ocrx_word' id='word_1_62' title='bbox 430 1155 539 1209; x_wconf 76' lang='grc' dir='ltr'><strong>Καὶ</strong></span> <span class='ocrx_word' id='word_1_63' title='bbox 604 1155 1004 1223; x_wconf 79' lang='grc' dir='ltr'>κατακυρίευε</span> <span class='ocrx_word' id='word_1_64' title='bbox 1051 1155 1121 1210; x_wconf 74' lang='grc' dir='ltr'>ἐν</span> <span class='ocrx_word' id='word_1_65' title='bbox 1157 1153 1329 1222; x_wconf 76' lang='grc' dir='ltr'>μέσῳ</span> <span class='ocrx_word' id='word_1_66' title='bbox 1377 1155 1496 1210; x_wconf 79' lang='grc' dir='ltr'><strong>τῶν</strong></span> <span class='ocrx_word' id='word_1_67' title='bbox 1521 1156 1752 1226; x_wconf 80' lang='grc' dir='ltr'><strong>ἐχθρῶν</strong></span> <span class='ocrx_word' id='word_1_68' title='bbox 1799 1173 1941 1215; x_wconf 88' lang='grc' dir='ltr'>σου.</span> 
     </span>
    </p>
   </div>
   <div class='ocr_carea' id='block_1_12' title="bbox 369 1245 1938 1324">
    <p class='ocr_par' dir='ltr' id='par_1_12' title="bbox 369 1245 1938 1324">
     <span class='ocr_line' id='line_1_12' title="bbox 369 1245 1938 1324; baseline 0.005 -27"><span class='ocrx_word' id='word_1_69' title='bbox 369 1245 727 1298; x_wconf 81' lang='grc' dir='ltr'>’Υποτάττων</span> <span class='ocrx_word' id='word_1_70' title='bbox 774 1246 996 1311; x_wconf 78' lang='grc' dir='ltr'>αὐτοὺς,</span> <span class='ocrx_word' id='word_1_71' title='bbox 1063 1246 1162 1300; x_wconf 69' lang='grc' dir='ltr'>καὶ</span> <span class='ocrx_word' id='word_1_72' title='bbox 1218 1248 1691 1315; x_wconf 74' lang='grc' dir='ltr'>κατεξουσιάζων,</span> <span class='ocrx_word' id='word_1_73' title='bbox 1738 1252 1835 1304; x_wconf 64' lang='grc' dir='ltr'><strong>καλ⁸</strong></span> <span class='ocrx_word' id='word_1_74' title='bbox 1873 1254 1938 1324; x_wconf 80' lang='grc' dir='ltr'>τῇ</span> 
     </span>
    </p>
   </div>
   <div class='ocr_carea' id='block_1_13' title="bbox 356 1335 1941 1410">
    <p class='ocr_par' dir='ltr' id='par_1_13' title="bbox 356 1335 1941 1410">
     <span class='ocr_line' id='line_1_13' title="bbox 356 1335 1941 1410; baseline 0.006 -23"><span class='ocrx_word' id='word_1_75' title='bbox 356 1335 560 1405; x_wconf 81' lang='grc' dir='ltr'>ζεύγλῃ</span> <span class='ocrx_word' id='word_1_76' title='bbox 589 1335 700 1388; x_wconf 87' lang='grc' dir='ltr'><strong>τῶν</strong></span> <span class='ocrx_word' id='word_1_77' title='bbox 734 1335 1116 1406; x_wconf 85' lang='grc' dir='ltr'>εύαγγελικῶν</span> <span class='ocrx_word' id='word_1_78' title='bbox 1156 1354 1249 1390; x_wconf 92' lang='grc' dir='ltr'><strong>σου</strong></span> <span class='ocrx_word' id='word_1_79' title='bbox 1274 1339 1456 1410; x_wconf 84' lang='grc' dir='ltr'>νόμων</span> <span class='ocrx_word' id='word_1_80' title='bbox 1480 1340 1730 1409; x_wconf 81' lang='grc' dir='ltr'><strong>ὑπάγων.</strong></span> <span class='ocrx_word' id='word_1_81' title='bbox 1767 1343 1941 1397; x_wconf 82' lang='grc' dir='ltr'>Τοῦτο</span> 
     </span>
    </p>
   </div>
   <div class='ocr_carea' id='block_1_14' title="bbox 354 1421 1939 1504">
    <p class='ocr_par' dir='ltr' id='par_1_14' title="bbox 354 1421 1939 1504">
     <span class='ocr_line' id='line_1_14' title="bbox 354 1421 1939 1504; baseline 0.008 -29"><span class='ocrx_word' id='word_1_82' title='bbox 354 1424 465 1494; x_wconf 80' lang='grc' dir='ltr'>γὰρ</span> <span class='ocrx_word' id='word_1_83' title='bbox 497 1421 564 1495; x_wconf 75' lang='grc' dir='ltr'>ἦν</span> <span class='ocrx_word' id='word_1_84' title='bbox 589 1426 651 1477; x_wconf 84' lang='grc' dir='ltr'><strong>τὸ</strong></span> <span class='ocrx_word' id='word_1_85' title='bbox 676 1426 1004 1496; x_wconf 77' lang='grc' dir='ltr'>παράδοξον,</span> <span class='ocrx_word' id='word_1_86' title='bbox 1064 1428 1148 1482; x_wconf 83' lang='grc' dir='ltr'>ὅτι</span> <span class='ocrx_word' id='word_1_87' title='bbox 1175 1429 1340 1498; x_wconf 70' lang='grc' dir='ltr'>μέσον</span> <span class='ocrx_word' id='word_1_88' title='bbox 1386 1431 1501 1485; x_wconf 87' lang='grc' dir='ltr'><strong>τῶν</strong></span> <span class='ocrx_word' id='word_1_89' title='bbox 1528 1432 1743 1504; x_wconf 78' lang='grc' dir='ltr'>ἐχθρῶν</span> <span class='ocrx_word' id='word_1_90' title='bbox 1817 1436 1939 1487; x_wconf 79' lang='grc' dir='ltr'>ὲνα·</span> 
     </span>
    </p>
   </div>
   <div class='ocr_carea' id='block_1_15' title="bbox 354 1517 1937 1596">
    <p class='ocr_par' dir='ltr' id='par_1_15' title="bbox 354 1517 1937 1596">
     <span class='ocr_line' id='line_1_15' title="bbox 354 1517 1937 1596; baseline 0.008 -27"><span class='ocrx_word' id='word_1_91' title='bbox 354 1517 727 1590; x_wconf 79' lang='grc' dir='ltr'>πειλήμμενοι</span> <span class='ocrx_word' id='word_1_92' title='bbox 754 1521 1101 1591; x_wconf 79' lang='grc' dir='ltr'><strong>πανταχόθεν</strong></span> <span class='ocrx_word' id='word_1_93' title='bbox 1123 1523 1172 1576; x_wconf 81' lang='grc' dir='ltr'><strong>οἱ</strong></span> <span class='ocrx_word' id='word_1_94' title='bbox 1204 1523 1497 1578; x_wconf 72' lang='grc' dir='ltr'><strong>ἀπόστολοι</strong></span> <span class='ocrx_word' id='word_1_95' title='bbox 1529 1527 1937 1596; x_wconf 79' lang='grc' dir='ltr'><strong>περιεγένοντο,</strong></span> 
     </span>
    </p>
   </div>
   <div class='ocr_carea' id='block_1_16' title="bbox 354 1611 1938 1690">
    <p class='ocr_par' dir='ltr' id='par_1_16' title="bbox 354 1611 1938 1690">
     <span class='ocr_line' id='line_1_16' title="bbox 354 1611 1938 1690; baseline 0.008 -28"><span class='ocrx_word' id='word_1_96' title='bbox 354 1611 451 1662; x_wconf 76' lang='grc' dir='ltr'>καὶ</span> <span class='ocrx_word' id='word_1_97' title='bbox 497 1611 597 1682; x_wconf 80' lang='grc' dir='ltr'><strong>οὐχ</strong></span> <span class='ocrx_word' id='word_1_98' title='bbox 645 1611 836 1678; x_wconf 80' lang='grc' dir='ltr'>ἅπλῶς</span> <span class='ocrx_word' id='word_1_99' title='bbox 896 1613 1168 1686; x_wconf 81' lang='grc' dir='ltr'><strong>ἐκράτουν</strong></span> <span class='ocrx_word' id='word_1_100' title='bbox 1200 1656 1217 1680; x_wconf 86' lang='grc'><strong>,</strong></span> <span class='ocrx_word' id='word_1_101' title='bbox 1276 1616 1393 1670; x_wconf 82' lang='grc' dir='ltr'>ἀλλ’</span> <span class='ocrx_word' id='word_1_102' title='bbox 1458 1618 1938 1690; x_wconf 79' lang='grc' dir='ltr'>ὲπιτατικωτέρως</span> 
     </span>
    </p>
   </div>
   <div class='ocr_carea' id='block_1_17' title="bbox 356 1704 791 1779">
    <p class='ocr_par' dir='ltr' id='par_1_17' title="bbox 356 1704 791 1779">
     <span class='ocr_line' id='line_1_17' title="bbox 356 1704 791 1779; baseline 0.009 -23"><span class='ocrx_word' id='word_1_103' title='bbox 356 1704 628 1776; x_wconf 71' lang='grc' dir='ltr'>ἒκράτουν</span> <span class='ocrx_word' id='word_1_104' title='bbox 652 1705 791 1779; x_wconf 76' lang='grc'><strong>(24).</strong></span> 
     </span>
    </p>
   </div>
   <div class='ocr_carea' id='block_1_18' title="bbox 2046 708 3627 780">
    <p class='ocr_par' dir='ltr' id='par_1_18' title="bbox 2046 708 3627 780">
     <span class='ocr_line' id='line_1_18' title="bbox 2046 708 3627 780; baseline 0.001 -19"><span class='ocrx_word' id='word_1_105' title='bbox 2046 708 2289 765; x_wconf 86' lang='lat' dir='ltr'><strong>cationis</strong></span> <span class='ocrx_word' id='word_1_106' title='bbox 2327 708 2558 774; x_wconf 82' lang='lat' dir='ltr'><strong>Christi,</strong></span> <span class='ocrx_word' id='word_1_107' title='bbox 2616 709 2952 780; x_wconf 85' lang='lat' dir='ltr'><strong>principium</strong></span> <span class='ocrx_word' id='word_1_108' title='bbox 3005 709 3263 778; x_wconf 90' lang='lat' dir='ltr'><strong>sumpsit.</strong></span> <span class='ocrx_word' id='word_1_109' title='bbox 3312 708 3627 777; x_wconf 76' lang='lat' dir='ltr'><strong>intelligere</strong></span> 
     </span>
    </p>
   </div>
   <div class='ocr_carea' id='block_1_19' title="bbox 2045 799 3624 870">
    <p class='ocr_par' dir='ltr' id='par_1_19' title="bbox 2045 799 3624 870">
     <span class='ocr_line' id='line_1_19' title="bbox 2045 799 3624 870; baseline -0.003 -15"><span class='ocrx_word' id='word_1_110' title='bbox 2045 800 2211 855; x_wconf 80' lang='lat' dir='ltr'><strong>etiam</strong></span> <span class='ocrx_word' id='word_1_111' title='bbox 2266 815 2588 870; x_wconf 80' lang='lat' dir='ltr'><strong>possumus,</strong></span> <span class='ocrx_word' id='word_1_112' title='bbox 2643 814 2741 869; x_wconf 90' lang='lat' dir='ltr'><strong>per</strong></span> <span class='ocrx_word' id='word_1_113' title='bbox 2797 801 3006 870; x_wconf 77' lang='lat' dir='ltr'><strong>virgam</strong></span> <span class='ocrx_word' id='word_1_114' title='bbox 3063 799 3309 862; x_wconf 89' lang='lat' dir='ltr'><strong>virtutis,</strong></span> <span class='ocrx_word' id='word_1_115' title='bbox 3370 807 3624 853; x_wconf 84' lang='lat' dir='ltr'><strong>sanctam</strong></span> 
     </span>
    </p>
   </div>
   <div class='ocr_carea' id='block_1_20' title="bbox 2045 890 3626 959">
    <p class='ocr_par' dir='ltr' id='par_1_20' title="bbox 2045 890 3626 959">
     <span class='ocr_line' id='line_1_20' title="bbox 2045 890 3626 959; baseline -0.004 -13"><span class='ocrx_word' id='word_1_116' title='bbox 2045 906 2266 947; x_wconf 88' lang='lat' dir='ltr'><strong>crucem</strong></span> <span class='ocrx_word' id='word_1_117' title='bbox 2307 891 2539 948; x_wconf 79' lang='lat' dir='ltr'><strong>Christi.</strong></span> <span class='ocrx_word' id='word_1_118' title='bbox 2573 891 2717 956; x_wconf 87' lang='lat' dir='ltr'><strong>Quid</strong></span> <span class='ocrx_word' id='word_1_119' title='bbox 2778 890 2924 946; x_wconf 89' lang='lat' dir='ltr'><strong>enim</strong></span> <span class='ocrx_word' id='word_1_120' title='bbox 2956 904 3021 946; x_wconf 89' lang='lat' dir='ltr'><strong>ea</strong></span> <span class='ocrx_word' id='word_1_121' title='bbox 3053 890 3333 959; x_wconf 85' lang='lat' dir='ltr'><strong>potentius</strong></span> <span class='ocrx_word' id='word_1_122' title='bbox 3364 898 3469 951; x_wconf 87' lang='lat' dir='ltr'><strong>est,</strong></span> <span class='ocrx_word' id='word_1_123' title='bbox 3527 896 3626 942; x_wconf 90' lang='lat' dir='ltr'><strong>aut</strong></span> 
     </span>
    </p>
   </div>
   <div class='ocr_carea' id='block_1_21' title="bbox 2042 980 3622 1050">
    <p class='ocr_par' dir='ltr' id='par_1_21' title="bbox 2042 980 3622 1050">
     <span class='ocr_line' id='line_1_21' title="bbox 2042 980 3622 1050; baseline -0.003 -12"><span class='ocrx_word' id='word_1_124' title='bbox 2042 982 2347 1043; x_wconf 71' lang='lat' dir='ltr'><strong>eﬂicacius.</strong></span> <span class='ocrx_word' id='word_1_125' title='bbox 2368 997 2496 1037; x_wconf 88' lang='lat' dir='ltr'><strong>cum</strong></span> <span class='ocrx_word' id='word_1_126' title='bbox 2528 990 2638 1036; x_wconf 82' lang='lat' dir='ltr'><strong>tam</strong></span> <span class='ocrx_word' id='word_1_127' title='bbox 2664 981 2822 1036; x_wconf 79' lang='lat' dir='ltr'><strong>facile</strong></span> <span class='ocrx_word' id='word_1_128' title='bbox 2848 980 3112 1038; x_wconf 86' lang='lat' dir='ltr'><strong>inimicos</strong></span> <span class='ocrx_word' id='word_1_129' title='bbox 3137 995 3329 1036; x_wconf 83' lang='lat' dir='ltr'><strong>omnes</strong></span> <span class='ocrx_word' id='word_1_130' title='bbox 3353 980 3408 1034; x_wconf 90' lang='lat' dir='ltr'><strong>in</strong></span> <span class='ocrx_word' id='word_1_131' title='bbox 3437 980 3622 1050; x_wconf 76' lang='lat' dir='ltr'><strong>fugam</strong></span> 
     </span>
    </p>
   </div>
   <div class='ocr_carea' id='block_1_22' title="bbox 2043 1073 2375 1129">
    <p class='ocr_par' dir='ltr' id='par_1_22' title="bbox 2043 1073 2375 1129">
     <span class='ocr_line' id='line_1_22' title="bbox 2043 1073 2375 1129; baseline -0.006 0"><span class='ocrx_word' id='word_1_132' title='bbox 2043 1082 2333 1129; x_wconf 83' lang='lat' dir='ltr'><strong>convertat</strong></span> <span class='ocrx_word' id='word_1_133' title='bbox 2351 1073 2375 1127; x_wconf 88' lang='lat'><strong>?</strong></span> 
     </span>
    </p>
   </div>
   <div class='ocr_carea' id='block_1_23' title="bbox 2116 1164 3624 1222">
    <p class='ocr_par' dir='ltr' id='par_1_23' title="bbox 2116 1164 3624 1222">
     <span class='ocr_line' id='line_1_23' title="bbox 2116 1164 3624 1222; baseline -0.001 -3"><span class='ocrx_word' id='word_1_134' title='bbox 2116 1165 2186 1219; x_wconf 83' lang='lat' dir='ltr'><strong>Et</strong></span> <span class='ocrx_word' id='word_1_135' title='bbox 2219 1165 2498 1221; x_wconf 86' lang='lat' dir='ltr'><strong>dominare</strong></span> <span class='ocrx_word' id='word_1_136' title='bbox 2526 1166 2579 1221; x_wconf 89' lang='lat' dir='ltr'><strong>in</strong></span> <span class='ocrx_word' id='word_1_137' title='bbox 2616 1166 2787 1221; x_wconf 85' lang='lat' dir='ltr'><strong>medio</strong></span> <span class='ocrx_word' id='word_1_138' title='bbox 2811 1166 3150 1222; x_wconf 72' lang='lat' dir='ltr'><strong>inimicorum</strong></span> <span class='ocrx_word' id='word_1_139' title='bbox 3180 1173 3409 1220; x_wconf 81' lang='lat' dir='ltr'><strong>tuorum.</strong></span> <span class='ocrx_word' id='word_1_140' title='bbox 3446 1165 3503 1218; x_wconf 87' lang='lat' dir='ltr'><strong>In</strong></span> <span class='ocrx_word' id='word_1_141' title='bbox 3533 1164 3624 1218; x_wconf 82' lang='lat' dir='ltr'><strong>di—</strong></span> 
     </span>
    </p>
   </div>
   <div class='ocr_carea' id='block_1_24' title="bbox 2042 1254 3627 1326">
    <p class='ocr_par' dir='ltr' id='par_1_24' title="bbox 2042 1254 3627 1326">
     <span class='ocr_line' id='line_1_24' title="bbox 2042 1254 3627 1326; baseline -0.003 -14"><span class='ocrx_word' id='word_1_142' title='bbox 2042 1257 2243 1313; x_wconf 86' lang='lat' dir='ltr'><strong>tionem</strong></span> <span class='ocrx_word' id='word_1_143' title='bbox 2276 1265 2440 1326; x_wconf 90' lang='lat' dir='ltr'><strong>atque</strong></span> <span class='ocrx_word' id='word_1_144' title='bbox 2483 1257 2538 1311; x_wconf 91' lang='lat' dir='ltr'><strong>in</strong></span> <span class='ocrx_word' id='word_1_145' title='bbox 2568 1256 2878 1311; x_wconf 82' lang='lat' dir='ltr'><strong>dominium</strong></span> <span class='ocrx_word' id='word_1_146' title='bbox 2923 1263 3052 1312; x_wconf 89' lang='lat' dir='ltr'><strong>tuos</strong></span> <span class='ocrx_word' id='word_1_147' title='bbox 3102 1255 3357 1310; x_wconf 90' lang='lat' dir='ltr'><strong>inimicos</strong></span> <span class='ocrx_word' id='word_1_148' title='bbox 3384 1254 3627 1322; x_wconf 86' lang='lat' dir='ltr'><strong>compel-</strong></span> 
     </span>
    </p>
   </div>
   <div class='ocr_carea' id='block_1_25' title="bbox 2041 1344 3619 1419">
    <p class='ocr_par' dir='ltr' id='par_1_25' title="bbox 2041 1344 3619 1419">
     <span class='ocr_line' id='line_1_25' title="bbox 2041 1344 3619 1419; baseline -0.003 -17"><span class='ocrx_word' id='word_1_149' title='bbox 2041 1349 2184 1410; x_wconf 83' lang='lat' dir='ltr'><strong>lens.</strong></span> <span class='ocrx_word' id='word_1_150' title='bbox 2237 1355 2291 1401; x_wconf 89' lang='lat' dir='ltr'><strong>et</strong></span> <span class='ocrx_word' id='word_1_151' title='bbox 2331 1347 2466 1419; x_wconf 74' lang='lat' dir='ltr'><strong>jugn</strong></span> <span class='ocrx_word' id='word_1_152' title='bbox 2512 1346 2832 1418; x_wconf 79' lang='lat' dir='ltr'><strong>evangelica</strong></span> <span class='ocrx_word' id='word_1_153' title='bbox 2880 1345 3236 1403; x_wconf 85' lang='lat' dir='ltr'><strong>submittens.</strong></span> <span class='ocrx_word' id='word_1_154' title='bbox 3280 1344 3398 1399; x_wconf 81' lang='lat' dir='ltr'><strong>Hoc</strong></span> <span class='ocrx_word' id='word_1_155' title='bbox 3438 1352 3619 1399; x_wconf 85' lang='lat' dir='ltr'><strong>autent</strong></span> 
     </span>
    </p>
   </div>
   <div class='ocr_carea' id='block_1_26' title="bbox 2043 1436 3622 1508">
    <p class='ocr_par' dir='ltr' id='par_1_26' title="bbox 2043 1436 3622 1508">
     <span class='ocr_line' id='line_1_26' title="bbox 2043 1436 3622 1508; baseline -0.005 -12"><span class='ocrx_word' id='word_1_156' title='bbox 2043 1453 2259 1496; x_wconf 87' lang='lat' dir='ltr'><strong>summa</strong></span> <span class='ocrx_word' id='word_1_157' title='bbox 2288 1438 2655 1493; x_wconf 84' lang='lat' dir='ltr'><strong>admiratione</strong></span> <span class='ocrx_word' id='word_1_158' title='bbox 2685 1438 2911 1508; x_wconf 77' lang='lat' dir='ltr'><strong>dignum</strong></span> <span class='ocrx_word' id='word_1_159' title='bbox 2943 1436 3071 1502; x_wconf 89' lang='lat' dir='ltr'><strong>luit,</strong></span> <span class='ocrx_word' id='word_1_160' title='bbox 3116 1436 3264 1507; x_wconf 89' lang='lat' dir='ltr'><strong>quod</strong></span> <span class='ocrx_word' id='word_1_161' title='bbox 3298 1436 3535 1506; x_wconf 89' lang='lat' dir='ltr'><strong>apostoli</strong></span> <span class='ocrx_word' id='word_1_162' title='bbox 3568 1438 3622 1489; x_wconf 90' lang='lat' dir='ltr'><strong>in</strong></span> 
     </span>
    </p>
   </div>
   <div class='ocr_carea' id='block_1_27' title="bbox 2042 1528 3621 1599">
    <p class='ocr_par' dir='ltr' id='par_1_27' title="bbox 2042 1528 3621 1599">
     <span class='ocr_line' id='line_1_27' title="bbox 2042 1528 3621 1599; baseline -0.004 -15"><span class='ocrx_word' id='word_1_163' title='bbox 2042 1530 2221 1586; x_wconf 90' lang='lat' dir='ltr'><strong>medio</strong></span> <span class='ocrx_word' id='word_1_164' title='bbox 2255 1529 2603 1584; x_wconf 86' lang='lat' dir='ltr'><strong>inimicorum</strong></span> <span class='ocrx_word' id='word_1_165' title='bbox 2652 1528 2968 1591; x_wconf 84' lang='lat' dir='ltr'><strong>constituti,</strong></span> <span class='ocrx_word' id='word_1_166' title='bbox 3013 1528 3292 1599; x_wconf 83' lang='lat' dir='ltr'><strong>minisque</strong></span> <span class='ocrx_word' id='word_1_167' title='bbox 3333 1542 3397 1582; x_wconf 88' lang='lat' dir='ltr'><strong>ac</strong></span> <span class='ocrx_word' id='word_1_168' title='bbox 3425 1542 3621 1597; x_wconf 83' lang='lat' dir='ltr'><strong>perse-</strong></span> 
     </span>
    </p>
   </div>
   <div class='ocr_carea' id='block_1_28' title="bbox 2041 1618 3621 1691">
    <p class='ocr_par' dir='ltr' id='par_1_28' title="bbox 2041 1618 3621 1691">
     <span class='ocr_line' id='line_1_28' title="bbox 2041 1618 3621 1691; baseline -0.005 -14"><span class='ocrx_word' id='word_1_169' title='bbox 2041 1622 2361 1677; x_wconf 89' lang='lat' dir='ltr'><strong>cutionibus</strong></span> <span class='ocrx_word' id='word_1_170' title='bbox 2394 1629 2749 1691; x_wconf 80' lang='lat' dir='ltr'><strong>tyrannorum</strong></span> <span class='ocrx_word' id='word_1_171' title='bbox 2792 1618 3034 1688; x_wconf 86' lang='lat' dir='ltr'><strong>undique</strong></span> <span class='ocrx_word' id='word_1_172' title='bbox 3075 1618 3331 1688; x_wconf 86' lang='lat' dir='ltr'><strong>impetiti,</strong></span> <span class='ocrx_word' id='word_1_173' title='bbox 3363 1632 3469 1673; x_wconf 90' lang='lat' dir='ltr'><strong>non</strong></span> <span class='ocrx_word' id='word_1_174' title='bbox 3501 1626 3621 1673; x_wconf 87' lang='lat' dir='ltr'><strong>tan-</strong></span> 
     </span>
    </p>
   </div>
   <div class='ocr_carea' id='block_1_29' title="bbox 2045 1709 3622 1779">
    <p class='ocr_par' dir='ltr' id='par_1_29' title="bbox 2045 1709 3622 1779">
     <span class='ocr_line' id='line_1_29' title="bbox 2045 1709 3622 1779; baseline -0.002 -12"><span class='ocrx_word' id='word_1_175' title='bbox 2045 1725 2157 1769; x_wconf 89' lang='lat' dir='ltr'><strong>tum</strong></span> <span class='ocrx_word' id='word_1_176' title='bbox 2202 1714 2420 1768; x_wconf 87' lang='lat' dir='ltr'><strong>illorum</strong></span> <span class='ocrx_word' id='word_1_177' title='bbox 2473 1727 2668 1767; x_wconf 87' lang='lat' dir='ltr'><strong>manus</strong></span> <span class='ocrx_word' id='word_1_178' title='bbox 2719 1715 3023 1778; x_wconf 83' lang='lat' dir='ltr'><strong>evaserint,</strong></span> <span class='ocrx_word' id='word_1_179' title='bbox 3088 1710 3183 1766; x_wconf 91' lang='lat' dir='ltr'><strong>sed</strong></span> <span class='ocrx_word' id='word_1_180' title='bbox 3238 1709 3622 1779; x_wconf 83' lang='lat' dir='ltr'><strong>potentissime</strong></span> 
     </span>
    </p>
   </div>
   <div class='ocr_carea' id='block_1_30' title="bbox 1924 1802 2780 1873">
    <p class='ocr_par' dir='ltr' id='par_1_30' title="bbox 1924 1802 2780 1873">
     <span class='ocr_line' id='line_1_30' title="bbox 1924 1802 2780 1873; baseline -0.002 -13"><span class='ocrx_word' id='word_1_181' title='bbox 1924 1808 1931 1811; x_wconf 83' lang='grc'><em>’</em></span> <span class='ocrx_word' id='word_1_182' title='bbox 1968 1859 2009 1873; x_wconf 78' lang='lat'>_</span> <span class='ocrx_word' id='word_1_183' title='bbox 2042 1807 2206 1859; x_wconf 87' lang='lat' dir='ltr'><strong>etiam</strong></span> <span class='ocrx_word' id='word_1_184' title='bbox 2243 1821 2339 1861; x_wconf 87' lang='lat' dir='ltr'><strong>eos</strong></span> <span class='ocrx_word' id='word_1_185' title='bbox 2376 1802 2780 1873; x_wconf 83' lang='lat' dir='ltr'><strong>superaverint.</strong></span> 
     </span>
    </p>
   </div>
   <div class='ocr_carea' id='block_1_31' title="bbox 422 1859 2011 1967">
    <p class='ocr_par' dir='ltr' id='par_1_31' title="bbox 422 1859 2011 1967">
     <span class='ocr_line' id='line_1_31' title="bbox 422 1859 2011 1967; baseline 0.006 -24"><span class='ocrx_word' id='word_1_186' title='bbox 422 1888 589 1945; x_wconf 67' lang='lat' dir='ltr'><strong>neut</strong></span> <span class='ocrx_word' id='word_1_187' title='bbox 608 1890 727 1945; x_wconf 89' lang='grc' dir='ltr'>σοῦ</span> <span class='ocrx_word' id='word_1_188' title='bbox 746 1890 787 1961; x_wconf 78' lang='grc' dir='ltr'>ἡ</span> <span class='ocrx_word' id='word_1_189' title='bbox 820 1892 1001 1963; x_wconf 80' lang='grc' dir='ltr'>ἀρχὴ,</span> <span class='ocrx_word' id='word_1_190' title='bbox 1024 1893 1293 1965; x_wconf 80' lang='grc' dir='ltr'><em>ἐνήμέρᾳ</em></span> <span class='ocrx_word' id='word_1_191' title='bbox 1318 1895 1431 1966; x_wconf 83' lang='grc' dir='ltr'>τῆς</span> <span class='ocrx_word' id='word_1_192' title='bbox 1455 1895 1768 1967; x_wconf 80' lang='grc' dir='ltr'>δυνάμεώς</span> <span class='ocrx_word' id='word_1_193' title='bbox 1793 1911 1929 1953; x_wconf 85' lang='grc' dir='ltr'>σου.</span> <span class='ocrx_word' id='word_1_194' title='bbox 1968 1859 2011 1916; x_wconf 77' lang='grc'>¹³</span> 
     </span>
    </p>
   </div>
   <div class='ocr_carea' id='block_1_32' title="bbox 362 1981 1936 2060">
    <p class='ocr_par' dir='ltr' id='par_1_32' title="bbox 362 1981 1936 2060">
     <span class='ocr_line' id='line_1_32' title="bbox 362 1981 1936 2060; baseline 0.005 -25"><span class='ocrx_word' id='word_1_195' title='bbox 362 1981 453 2035; x_wconf 86' lang='grc' dir='ltr'>Ἐν</span> <span class='ocrx_word' id='word_1_196' title='bbox 484 1983 672 2055; x_wconf 72' lang='grc' dir='ltr'>ἡμέρᾳ</span> <span class='ocrx_word' id='word_1_197' title='bbox 689 1984 778 2038; x_wconf 83' lang='grc' dir='ltr'>ὅτε</span> <span class='ocrx_word' id='word_1_198' title='bbox 805 1987 838 2055; x_wconf 81' lang='grc' dir='ltr'>ἡ</span> <span class='ocrx_word' id='word_1_199' title='bbox 867 1985 1102 2056; x_wconf 79' lang='grc' dir='ltr'>δύναμίς</span> <span class='ocrx_word' id='word_1_200' title='bbox 1156 2003 1250 2041; x_wconf 93' lang='grc' dir='ltr'><strong>σου</strong></span> <span class='ocrx_word' id='word_1_201' title='bbox 1294 1988 1595 2055; x_wconf 74' lang='grc' dir='ltr'>δείκνυται,</span> <span class='ocrx_word' id='word_1_202' title='bbox 1639 1992 1761 2043; x_wconf 86' lang='grc' dir='ltr'>τότε</span> <span class='ocrx_word' id='word_1_203' title='bbox 1797 1993 1936 2060; x_wconf 82' lang='grc' dir='ltr'>μετὰ</span> 
     </span>
    </p>
   </div>
   <div class='ocr_carea' id='block_1_33' title="bbox 352 2071 1937 2151">
    <p class='ocr_par' dir='ltr' id='par_1_33' title="bbox 352 2071 1937 2151">
     <span class='ocr_line' id='line_1_33' title="bbox 352 2071 1937 2151; baseline 0.005 -25"><span class='ocrx_word' id='word_1_204' title='bbox 352 2071 449 2126; x_wconf 75' lang='grc' dir='ltr'><strong>σοῦ</strong></span> <span class='ocrx_word' id='word_1_205' title='bbox 484 2073 579 2126; x_wconf 72' lang='grc' dir='ltr'>καὶ</span> <span class='ocrx_word' id='word_1_206' title='bbox 606 2076 639 2137; x_wconf 82' lang='grc' dir='ltr'><strong>ἡ</strong></span> <span class='ocrx_word' id='word_1_207' title='bbox 675 2075 818 2145; x_wconf 82' lang='grc' dir='ltr'>ἀρχή</span> <span class='ocrx_word' id='word_1_208' title='bbox 846 2091 862 2106; x_wconf 91' lang='grc'><strong>·</strong></span> <span class='ocrx_word' id='word_1_209' title='bbox 893 2078 1198 2142; x_wconf 81' lang='grc' dir='ltr'>τουτέστιν,</span> <span class='ocrx_word' id='word_1_210' title='bbox 1229 2079 1291 2133; x_wconf 77' lang='grc' dir='ltr'>ἐν</span> <span class='ocrx_word' id='word_1_211' title='bbox 1322 2079 1461 2150; x_wconf 77' lang='grc' dir='ltr'>σοὶὴ</span> <span class='ocrx_word' id='word_1_212' title='bbox 1497 2080 1772 2151; x_wconf 82' lang='grc' dir='ltr'>βασιλεία,</span> <span class='ocrx_word' id='word_1_213' title='bbox 1834 2081 1937 2134; x_wconf 84' lang='grc' dir='ltr'>οὐκ</span> 
     </span>
    </p>
   </div>
   <div class='ocr_carea' id='block_1_34' title="bbox 351 2162 1936 2243">
    <p class='ocr_par' dir='ltr' id='par_1_34' title="bbox 351 2162 1936 2243">
     <span class='ocr_line' id='line_1_34' title="bbox 351 2162 1936 2243; baseline 0.008 -29"><span class='ocrx_word' id='word_1_214' title='bbox 351 2162 553 2227; x_wconf 73' lang='grc' dir='ltr'>ἔξωθεν</span> <span class='ocrx_word' id='word_1_215' title='bbox 573 2168 958 2236; x_wconf 70' lang='grc' dir='ltr'>ὲπιτινομένη,</span> <span class='ocrx_word' id='word_1_216' title='bbox 984 2169 1101 2222; x_wconf 84' lang='grc' dir='ltr'>ἀλλ’</span> <span class='ocrx_word' id='word_1_217' title='bbox 1153 2169 1355 2224; x_wconf 74' lang='grc' dir='ltr'>ἐνοῦσα</span> <span class='ocrx_word' id='word_1_218' title='bbox 1384 2174 1451 2243; x_wconf 85' lang='grc' dir='ltr'><strong>τῇ</strong></span> <span class='ocrx_word' id='word_1_219' title='bbox 1481 2172 1643 2240; x_wconf 85' lang='grc' dir='ltr'>φύσει</span> <span class='ocrx_word' id='word_1_220' title='bbox 1673 2174 1775 2243; x_wconf 84' lang='grc' dir='ltr'><strong>τῆς</strong></span> <span class='ocrx_word' id='word_1_221' title='bbox 1818 2172 1936 2226; x_wconf 88' lang='grc' dir='ltr'>θεό-</span> 
     </span>
    </p>
   </div>
   <div class='ocr_carea' id='block_1_35' title="bbox 348 2254 1932 2330">
    <p class='ocr_par' dir='ltr' id='par_1_35' title="bbox 348 2254 1932 2330">
     <span class='ocr_line' id='line_1_35' title="bbox 348 2254 1932 2330; baseline 0.008 -25"><span class='ocrx_word' id='word_1_222' title='bbox 348 2254 511 2325; x_wconf 85' lang='grc' dir='ltr'>τητός</span> <span class='ocrx_word' id='word_1_223' title='bbox 541 2273 638 2308; x_wconf 93' lang='grc' dir='ltr'><strong>σου</strong></span> <span class='ocrx_word' id='word_1_224' title='bbox 658 2273 676 2291; x_wconf 89' lang='grc'><strong>·</strong></span> <span class='ocrx_word' id='word_1_225' title='bbox 715 2259 802 2328; x_wconf 81' lang='grc' dir='ltr'><strong>εἴη</strong></span> <span class='ocrx_word' id='word_1_226' title='bbox 832 2259 879 2312; x_wconf 81' lang='grc' dir='ltr'>δ’</span> <span class='ocrx_word' id='word_1_227' title='bbox 915 2260 981 2313; x_wconf 83' lang='grc' dir='ltr'>ἂν</span> <span class='ocrx_word' id='word_1_228' title='bbox 1002 2260 1185 2330; x_wconf 78' lang='grc' dir='ltr'>ἀρχὴ,</span> <span class='ocrx_word' id='word_1_229' title='bbox 1207 2263 1304 2314; x_wconf 78' lang='grc' dir='ltr'><strong>καὶ</strong></span> <span class='ocrx_word' id='word_1_230' title='bbox 1327 2265 1356 2316; x_wconf 89' lang='grc' dir='ltr'><strong>ὸ</strong></span> <span class='ocrx_word' id='word_1_231' title='bbox 1385 2263 1515 2328; x_wconf 76' lang='grc' dir='ltr'>Υἱὸς</span> <span class='ocrx_word' id='word_1_232' title='bbox 1541 2263 1636 2316; x_wconf 81' lang='grc' dir='ltr'>τοῦ</span> <span class='ocrx_word' id='word_1_233' title='bbox 1672 2263 1830 2329; x_wconf 83' lang='grc' dir='ltr'><strong>Θεοῦ,</strong></span> <span class='ocrx_word' id='word_1_234' title='bbox 1858 2266 1932 2328; x_wconf 84' lang='grc' dir='ltr'><strong>ὡς</strong></span> 
     </span>
    </p>
   </div>
   <div class='ocr_carea' id='block_1_36' title="bbox 347 2348 1937 2426">
    <p class='ocr_par' dir='ltr' id='par_1_36' title="bbox 347 2348 1937 2426">
     <span class='ocr_line' id='line_1_36' title="bbox 347 2348 1937 2426; baseline 0.008 -26"><span class='ocrx_word' id='word_1_235' title='bbox 347 2348 521 2411; x_wconf 74' lang='grc' dir='ltr'>αἴτιος</span> <span class='ocrx_word' id='word_1_236' title='bbox 570 2349 826 2414; x_wconf 83' lang='grc' dir='ltr'>πάντων,</span> <span class='ocrx_word' id='word_1_237' title='bbox 888 2353 1008 2423; x_wconf 80' lang='grc' dir='ltr'>ῆτοι</span> <span class='ocrx_word' id='word_1_238' title='bbox 1070 2355 1438 2426; x_wconf 82' lang='grc' dir='ltr'>Δημιουργδς,</span> <span class='ocrx_word' id='word_1_239' title='bbox 1507 2358 1567 2420; x_wconf 83' lang='grc' dir='ltr'>ὅς</span> <span class='ocrx_word' id='word_1_240' title='bbox 1618 2360 1734 2411; x_wconf 81' lang='grc' dir='ltr'>ἐστι</span> <span class='ocrx_word' id='word_1_241' title='bbox 1796 2358 1937 2426; x_wconf 88' lang='grc' dir='ltr'><strong>μετά</strong></span> 
     </span>
    </p>
   </div>
   <div class='ocr_carea' id='block_1_37' title="bbox 346 2440 1935 2519">
    <p class='ocr_par' dir='ltr' id='par_1_37' title="bbox 346 2440 1935 2519">
     <span class='ocr_line' id='line_1_37' title="bbox 346 2440 1935 2519; baseline 0.004 -25"><span class='ocrx_word' id='word_1_242' title='bbox 346 2440 443 2494; x_wconf 88' lang='grc' dir='ltr'>τοῦ</span> <span class='ocrx_word' id='word_1_243' title='bbox 477 2441 727 2515; x_wconf 79' lang='grc' dir='ltr'>Πατρός·</span> <span class='ocrx_word' id='word_1_244' title='bbox 796 2444 990 2516; x_wconf 73' lang='grc' dir='ltr'>ἡμέρα</span> <span class='ocrx_word' id='word_1_245' title='bbox 1018 2445 1075 2499; x_wconf 84' lang='grc' dir='ltr'>δὲ</span> <span class='ocrx_word' id='word_1_246' title='bbox 1111 2444 1446 2515; x_wconf 80' lang='grc' dir='ltr'>δυνάμεως,</span> <span class='ocrx_word' id='word_1_247' title='bbox 1494 2450 1529 2519; x_wconf 81' lang='grc' dir='ltr'><strong>ἡ</strong></span> <span class='ocrx_word' id='word_1_248' title='bbox 1555 2449 1653 2519; x_wconf 82' lang='grc' dir='ltr'>τῆς</span> <span class='ocrx_word' id='word_1_249' title='bbox 1707 2449 1935 2519; x_wconf 79' lang='grc' dir='ltr'>πρώτης</span> 
     </span>
    </p>
   </div>
   <div class='ocr_carea' id='block_1_38' title="bbox 346 2534 1933 2612">
    <p class='ocr_par' dir='ltr' id='par_1_38' title="bbox 346 2534 1933 2612">
     <span class='ocr_line' id='line_1_38' title="bbox 346 2534 1933 2612; baseline 0.004 -26"><span class='ocrx_word' id='word_1_250' title='bbox 346 2534 515 2587; x_wconf 80' lang='grc' dir='ltr'>αὐτοῦ</span> <span class='ocrx_word' id='word_1_251' title='bbox 548 2540 880 2607; x_wconf 84' lang='grc' dir='ltr'>παρουσίας,</span> <span class='ocrx_word' id='word_1_252' title='bbox 910 2541 1005 2593; x_wconf 67' lang='grc' dir='ltr'><strong>καὶ</strong></span> <span class='ocrx_word' id='word_1_253' title='bbox 1034 2539 1144 2592; x_wconf 85' lang='grc' dir='ltr'><strong>τῶν</strong></span> <span class='ocrx_word' id='word_1_254' title='bbox 1181 2539 1430 2612; x_wconf 69' lang='grc' dir='ltr'>ἀπείρων</span> <span class='ocrx_word' id='word_1_255' title='bbox 1458 2539 1759 2610; x_wconf 81' lang='grc' dir='ltr'>θαυμάτων</span> <span class='ocrx_word' id='word_1_256' title='bbox 1783 2555 1799 2571; x_wconf 73' lang='grc' dir='ltr'><strong>ο</strong></span> <span class='ocrx_word' id='word_1_257' title='bbox 1830 2540 1862 2611; x_wconf 77' lang='grc' dir='ltr'>ἢ</span> <span class='ocrx_word' id='word_1_258' title='bbox 1899 2541 1933 2612; x_wconf 80' lang='grc' dir='ltr'><strong>ή</strong></span> 
     </span>
    </p>
   </div>
   <div class='ocr_carea' id='block_1_39' title="bbox 344 2624 1933 2704">
    <p class='ocr_par' dir='ltr' id='par_1_39' title="bbox 344 2624 1933 2704">
     <span class='ocr_line' id='line_1_39' title="bbox 344 2624 1933 2704; baseline 0.006 -28"><span class='ocrx_word' id='word_1_259' title='bbox 344 2624 444 2694; x_wconf 77' lang='grc' dir='ltr'>τῆς</span> <span class='ocrx_word' id='word_1_260' title='bbox 470 2625 731 2698; x_wconf 81' lang='grc' dir='ltr'>δευτέρας</span> <span class='ocrx_word' id='word_1_261' title='bbox 761 2630 858 2682; x_wconf 69' lang='grc' dir='ltr'>καὶ</span> <span class='ocrx_word' id='word_1_262' title='bbox 882 2630 984 2700; x_wconf 87' lang='grc' dir='ltr'>τῆς</span> <span class='ocrx_word' id='word_1_263' title='bbox 1010 2631 1251 2704; x_wconf 75' lang='grc' dir='ltr'><strong>ἐσχάτης</strong></span> <span class='ocrx_word' id='word_1_264' title='bbox 1293 2632 1620 2702; x_wconf 81' lang='grc' dir='ltr'>σάλπιγγος,</span> <span class='ocrx_word' id='word_1_265' title='bbox 1657 2631 1755 2702; x_wconf 77' lang='grc' dir='ltr'><strong>τῆς</strong></span> <span class='ocrx_word' id='word_1_266' title='bbox 1811 2633 1933 2686; x_wconf 83' lang='grc' dir='ltr'>ἀνι-</span> 
     </span>
    </p>
   </div>
   <div class='ocr_carea' id='block_1_40' title="bbox 349 2716 1012 2792">
    <p class='ocr_par' dir='ltr' id='par_1_40' title="bbox 349 2716 1012 2792">
     <span class='ocr_line' id='line_1_40' title="bbox 349 2716 1012 2792; baseline 0.012 -25"><span class='ocrx_word' id='word_1_267' title='bbox 349 2716 568 2788; x_wconf 81' lang='grc' dir='ltr'>στώσης</span> <span class='ocrx_word' id='word_1_268' title='bbox 595 2721 724 2783; x_wconf 81' lang='grc' dir='ltr'>τοὺς</span> <span class='ocrx_word' id='word_1_269' title='bbox 755 2720 1012 2792; x_wconf 86' lang='grc' dir='ltr'>νεκρούς.</span> 
     </span>
    </p>
   </div>
   <div class='ocr_carea' id='block_1_41' title="bbox 427 2989 1934 3064">
    <p class='ocr_par' dir='ltr' id='par_1_41' title="bbox 427 2989 1934 3064">
     <span class='ocr_line' id='line_1_41' title="bbox 427 2989 1934 3064; baseline -0.003 -15"><span class='ocrx_word' id='word_1_270' title='bbox 427 2994 534 3048; x_wconf 76' lang='grc' dir='ltr'>Ἕν</span> <span class='ocrx_word' id='word_1_271' title='bbox 583 2993 712 3060; x_wconf 82' lang='grc' dir='ltr'>ταῖς</span> <span class='ocrx_word' id='word_1_272' title='bbox 766 2992 1153 3064; x_wconf 69' lang='grc' dir='ltr'>λαμπρότησι</span> <span class='ocrx_word' id='word_1_273' title='bbox 1201 2990 1323 3047; x_wconf 83' lang='grc' dir='ltr'><strong>τῶν</strong></span> <span class='ocrx_word' id='word_1_274' title='bbox 1372 2991 1559 3062; x_wconf 71' lang='grc' dir='ltr'>ἁγίων</span> <span class='ocrx_word' id='word_1_275' title='bbox 1605 3005 1745 3050; x_wconf 90' lang='grc' dir='ltr'>σου.</span> <span class='ocrx_word' id='word_1_276' title='bbox 1800 2989 1934 3046; x_wconf 84' lang='grc' dir='ltr'>Ὅτε</span> 
     </span>
    </p>
   </div>
   <div class='ocr_carea' id='block_1_42' title="bbox 343 3083 1934 3157">
    <p class='ocr_par' dir='ltr' id='par_1_42' title="bbox 343 3083 1934 3157">
     <span class='ocr_line' id='line_1_42' title="bbox 343 3083 1934 3157; baseline -0.002 -18"><span class='ocrx_word' id='word_1_277' title='bbox 343 3085 638 3157; x_wconf 76' lang='grc' dir='ltr'>λάμψωσιν</span> <span class='ocrx_word' id='word_1_278' title='bbox 687 3084 740 3138; x_wconf 78' lang='grc' dir='ltr'>οἱ</span> <span class='ocrx_word' id='word_1_279' title='bbox 793 3083 942 3154; x_wconf 76' lang='grc' dir='ltr'>ἅγιοι</span> <span class='ocrx_word' id='word_1_280' title='bbox 986 3101 1104 3139; x_wconf 90' lang='grc' dir='ltr'>σου.</span> <span class='ocrx_word' id='word_1_281' title='bbox 1147 3083 1213 3138; x_wconf 83' lang='grc' dir='ltr'><strong>Τί</strong></span> <span class='ocrx_word' id='word_1_282' title='bbox 1258 3084 1369 3153; x_wconf 84' lang='grc' dir='ltr'><strong>γὰρ</strong></span> <span class='ocrx_word' id='word_1_283' title='bbox 1411 3084 1796 3156; x_wconf 84' lang='grc' dir='ltr'>λαμπρότερον</span> <span class='ocrx_word' id='word_1_284' title='bbox 1823 3085 1934 3137; x_wconf 87' lang='grc' dir='ltr'><strong>τῶν</strong></span> 
     </span>
    </p>
   </div>
   <div class='ocr_carea' id='block_1_43' title="bbox 342 3173 2006 3264">
    <p class='ocr_par' dir='ltr' id='par_1_43' title="bbox 342 3173 2006 3264">
     <span class='ocr_line' id='line_1_43' title="bbox 342 3173 2006 3264; baseline -0.004 -31"><span class='ocrx_word' id='word_1_285' title='bbox 342 3177 662 3233; x_wconf 79' lang='grc' dir='ltr'>ἀποστόλων</span> <span class='ocrx_word' id='word_1_286' title='bbox 683 3193 700 3243; x_wconf 89' lang='lat'><strong>;</strong></span> <span class='ocrx_word' id='word_1_287' title='bbox 737 3175 788 3229; x_wconf 82' lang='grc' dir='ltr'>οἶ</span> <span class='ocrx_word' id='word_1_288' title='bbox 820 3176 1178 3247; x_wconf 76' lang='grc' dir='ltr'>περιέτρεχον</span> <span class='ocrx_word' id='word_1_289' title='bbox 1199 3173 1299 3245; x_wconf 78' lang='grc' dir='ltr'><strong>τὴν</strong></span> <span class='ocrx_word' id='word_1_290' title='bbox 1318 3173 1658 3244; x_wconf 69' lang='grc' dir='ltr'>οἰκουμένην</span> <span class='ocrx_word' id='word_1_291' title='bbox 1680 3174 1933 3244; x_wconf 78' lang='grc' dir='ltr'>λάμπονο</span> <span class='ocrx_word' id='word_1_292' title='bbox 1959 3203 2006 3264; x_wconf 75' lang='lat' dir='ltr'><strong>c</strong></span> 
     </span>
    </p>
   </div>
   <div class='ocr_carea' id='block_1_44' title="bbox 342 3266 1929 3341">
    <p class='ocr_par' dir='ltr' id='par_1_44' title="bbox 342 3266 1929 3341">
     <span class='ocr_line' id='line_1_44' title="bbox 342 3266 1929 3341; baseline -0.003 -16"><span class='ocrx_word' id='word_1_293' title='bbox 342 3287 458 3336; x_wconf 76' lang='grc' dir='ltr'>τες,</span> <span class='ocrx_word' id='word_1_294' title='bbox 482 3272 559 3335; x_wconf 81' lang='grc' dir='ltr'>ὡς</span> <span class='ocrx_word' id='word_1_295' title='bbox 586 3272 615 3325; x_wconf 87' lang='grc' dir='ltr'><strong>ὸ</strong></span> <span class='ocrx_word' id='word_1_296' title='bbox 645 3269 800 3341; x_wconf 73' lang='grc' dir='ltr'>ἥλιος</span> <span class='ocrx_word' id='word_1_297' title='bbox 829 3271 954 3333; x_wconf 80' lang='grc' dir='ltr'>ταῖς</span> <span class='ocrx_word' id='word_1_298' title='bbox 998 3267 1110 3323; x_wconf 88' lang='grc' dir='ltr'><strong>τῶν</strong></span> <span class='ocrx_word' id='word_1_299' title='bbox 1148 3267 1367 3337; x_wconf 80' lang='grc' dir='ltr'>ἀρετῶν</span> <span class='ocrx_word' id='word_1_300' title='bbox 1391 3269 1611 3322; x_wconf 81' lang='grc' dir='ltr'>ἀκτῖσιν</span> <span class='ocrx_word' id='word_1_301' title='bbox 1638 3283 1653 3298; x_wconf 79' lang='grc' dir='ltr'><strong>ο</strong></span> <span class='ocrx_word' id='word_1_302' title='bbox 1690 3266 1739 3320; x_wconf 75' lang='grc' dir='ltr'>εἰ</span> <span class='ocrx_word' id='word_1_303' title='bbox 1758 3266 1817 3320; x_wconf 78' lang='grc' dir='ltr'>δὲ</span> <span class='ocrx_word' id='word_1_304' title='bbox 1841 3267 1929 3321; x_wconf 78' lang='grc' dir='ltr'><strong>ὲν-</strong></span> 
     </span>
    </p>
   </div>
   <div class='ocr_carea' id='block_1_45' title="bbox 341 3358 1926 3431">
    <p class='ocr_par' dir='ltr' id='par_1_45' title="bbox 341 3358 1926 3431">
     <span class='ocr_line' id='line_1_45' title="bbox 341 3358 1926 3431; baseline -0.004 -14"><span class='ocrx_word' id='word_1_305' title='bbox 341 3363 524 3418; x_wconf 83' lang='grc' dir='ltr'>ταῦθα</span> <span class='ocrx_word' id='word_1_306' title='bbox 551 3362 811 3426; x_wconf 81' lang='grc' dir='ltr'>τοιοῦτοι,</span> <span class='ocrx_word' id='word_1_307' title='bbox 842 3360 1081 3415; x_wconf 74' lang='grc' dir='ltr'>ποταποὶ</span> <span class='ocrx_word' id='word_1_308' title='bbox 1120 3361 1179 3414; x_wconf 67' lang='grc' dir='ltr'>ἐν</span> <span class='ocrx_word' id='word_1_309' title='bbox 1200 3363 1266 3431; x_wconf 80' lang='grc' dir='ltr'>τῇ</span> <span class='ocrx_word' id='word_1_310' title='bbox 1304 3358 1607 3415; x_wconf 82' lang='grc' dir='ltr'>ἀναστάσει</span> <span class='ocrx_word' id='word_1_311' title='bbox 1664 3359 1883 3413; x_wconf 77' lang='grc' dir='ltr'>ἔσονται</span> <span class='ocrx_word' id='word_1_312' title='bbox 1910 3397 1926 3421; x_wconf 91' lang='grc'><strong>,</strong></span> 
     </span>
    </p>
   </div>
   <div class='ocr_carea' id='block_1_46' title="bbox 341 3450 1929 3525">
    <p class='ocr_par' dir='ltr' id='par_1_46' title="bbox 341 3450 1929 3525">
     <span class='ocr_line' id='line_1_46' title="bbox 341 3450 1929 3525; baseline -0.005 -12"><span class='ocrx_word' id='word_1_313' title='bbox 341 3461 436 3513; x_wconf 81' lang='grc' dir='ltr'>ὅτε</span> <span class='ocrx_word' id='word_1_314' title='bbox 473 3460 539 3512; x_wconf 76' lang='lat' dir='ltr'><em>Ol</em></span> <span class='ocrx_word' id='word_1_315' title='bbox 587 3456 805 3510; x_wconf 80' lang='grc' dir='ltr'>δίκαιοι</span> <span class='ocrx_word' id='word_1_316' title='bbox 830 3456 912 3522; x_wconf 86' lang='grc' dir='ltr'><strong>ὡς</strong></span> <span class='ocrx_word' id='word_1_317' title='bbox 934 3458 968 3509; x_wconf 87' lang='grc' dir='ltr'><strong>ό</strong></span> <span class='ocrx_word' id='word_1_318' title='bbox 997 3455 1174 3524; x_wconf 75' lang='grc' dir='ltr'>ἣλιος</span> <span class='ocrx_word' id='word_1_319' title='bbox 1238 3455 1576 3525; x_wconf 53' lang='lat' dir='ltr'><strong>mimi-ovat,</strong></span> <span class='ocrx_word' id='word_1_320' title='bbox 1635 3454 1781 3507; x_wconf 86' lang='grc' dir='ltr'><strong>κατά</strong></span> <span class='ocrx_word' id='word_1_321' title='bbox 1828 3450 1929 3524; x_wconf 83' lang='grc' dir='ltr'><strong>τὴν</strong></span> 
     </span>
    </p>
   </div>
   <div class='ocr_carea' id='block_1_47' title="bbox 344 3544 1928 3621">
    <p class='ocr_par' dir='ltr' id='par_1_47' title="bbox 344 3544 1928 3621">
     <span class='ocr_line' id='line_1_47' title="bbox 344 3544 1928 3621; baseline -0.003 -18"><span class='ocrx_word' id='word_1_322' title='bbox 344 3551 531 3621; x_wconf 78' lang='grc' dir='ltr'>φωνὴν</span> <span class='ocrx_word' id='word_1_323' title='bbox 590 3547 833 3621; x_wconf 73' lang='grc' dir='ltr'>κυρίους</span> <span class='ocrx_word' id='word_1_324' title='bbox 865 3548 932 3600; x_wconf 75' lang='lat' dir='ltr'><strong>Et</strong></span> <span class='ocrx_word' id='word_1_325' title='bbox 968 3563 1028 3600; x_wconf 86' lang='grc' dir='ltr'>τε</span> <span class='ocrx_word' id='word_1_326' title='bbox 1078 3545 1187 3617; x_wconf 84' lang='grc' dir='ltr'><strong>γὰρ</strong></span> <span class='ocrx_word' id='word_1_327' title='bbox 1244 3545 1339 3600; x_wconf 77' lang='grc' dir='ltr'><strong>ἐπὶ</strong></span> <span class='ocrx_word' id='word_1_328' title='bbox 1397 3546 1500 3616; x_wconf 88' lang='grc' dir='ltr'>τῆς</span> <span class='ocrx_word' id='word_1_329' title='bbox 1542 3544 1928 3617; x_wconf 79' lang='grc' dir='ltr'>παρελθούσης</span> 
     </span>
    </p>
   </div>
   <div class='ocr_carea' id='block_1_48' title="bbox 339 3636 1931 3713">
    <p class='ocr_par' dir='ltr' id='par_1_48' title="bbox 339 3636 1931 3713">
     <span class='ocr_line' id='line_1_48' title="bbox 339 3636 1931 3713; baseline -0.004 -18"><span class='ocrx_word' id='word_1_330' title='bbox 339 3642 581 3713; x_wconf 62' lang='grc' dir='ltr'><strong>⁴ἡμέρας,</strong></span> <span class='ocrx_word' id='word_1_331' title='bbox 627 3639 741 3694; x_wconf 81' lang='grc' dir='ltr'>εἴτε</span> <span class='ocrx_word' id='word_1_332' title='bbox 782 3641 877 3693; x_wconf 75' lang='grc' dir='ltr'><strong>ἐπὶ</strong></span> <span class='ocrx_word' id='word_1_333' title='bbox 902 3642 1002 3710; x_wconf 75' lang='grc' dir='ltr'>τῆς</span> <span class='ocrx_word' id='word_1_334' title='bbox 1035 3638 1365 3709; x_wconf 83' lang='grc' dir='ltr'>μελλούσης,</span> <span class='ocrx_word' id='word_1_335' title='bbox 1395 3638 1472 3702; x_wconf 83' lang='grc' dir='ltr'><strong>ὡς</strong></span> <span class='ocrx_word' id='word_1_336' title='bbox 1506 3637 1728 3709; x_wconf 74' lang='grc' dir='ltr'>εἴρηται</span> <span class='ocrx_word' id='word_1_337' title='bbox 1766 3636 1931 3690; x_wconf 82' lang='grc' dir='ltr'>τοῦτο</span> 
     </span>
    </p>
   </div>
   <div class='ocr_carea' id='block_1_49' title="bbox 341 3730 1105 3805">
    <p class='ocr_par' dir='ltr' id='par_1_49' title="bbox 341 3730 1105 3805">
     <span class='ocr_line' id='line_1_49' title="bbox 341 3730 1105 3805; baseline -0.004 -17"><span class='ocrx_word' id='word_1_338' title='bbox 341 3736 576 3805; x_wconf 78' lang='grc' dir='ltr'>νοήσεις,</span> <span class='ocrx_word' id='word_1_339' title='bbox 608 3734 707 3803; x_wconf 87' lang='grc' dir='ltr'><strong>οὐχ</strong></span> <span class='ocrx_word' id='word_1_340' title='bbox 735 3732 853 3800; x_wconf 78' lang='grc' dir='ltr'>ἅμα</span> <span class='ocrx_word' id='word_1_341' title='bbox 862 3730 1105 3800; x_wconf 82' lang='grc' dir='ltr'>ρτήσεις.</span> 
     </span>
    </p>
   </div>
   <div class='ocr_carea' id='block_1_50' title="bbox 425 3906 1927 3979">
    <p class='ocr_par' dir='ltr' id='par_1_50' title="bbox 425 3906 1927 3979">
     <span class='ocr_line' id='line_1_50' title="bbox 425 3906 1927 3979; baseline -0.003 -14"><span class='ocrx_word' id='word_1_342' title='bbox 425 3912 522 3965; x_wconf 81' lang='grc' dir='ltr'>Ἐκ</span> <span class='ocrx_word' id='word_1_343' title='bbox 588 3909 849 3979; x_wconf 62' lang='grc' dir='ltr'><strong>⁸γαστρὸς</strong></span> <span class='ocrx_word' id='word_1_344' title='bbox 899 3907 1015 3976; x_wconf 79' lang='grc' dir='ltr'><strong>πρὸ</strong></span> <span class='ocrx_word' id='word_1_345' title='bbox 1052 3906 1368 3975; x_wconf 75' lang='grc' dir='ltr'>ἐωσςρόρου</span> <span class='ocrx_word' id='word_1_346' title='bbox 1397 3906 1705 3974; x_wconf 73' lang='grc' dir='ltr'><strong>ἑγέννησά</strong></span> <span class='ocrx_word' id='word_1_347' title='bbox 1732 3922 1828 3961; x_wconf 81' lang='grc' dir='ltr'>σε.</span> <span class='ocrx_word' id='word_1_348' title='bbox 1852 3907 1927 3961; x_wconf 73' lang='grc' dir='ltr'>Τὸ</span> 
     </span>
    </p>
   </div>
   <div class='ocr_carea' id='block_1_51' title="bbox 345 3996 1926 4070">
    <p class='ocr_par' dir='ltr' id='par_1_51' title="bbox 345 3996 1926 4070">
     <span class='ocr_line' id='line_1_51' title="bbox 345 3996 1926 4070; baseline -0.004 -15"><span class='ocrx_word' id='word_1_349' title='bbox 345 4001 470 4070; x_wconf 74' lang='grc' dir='ltr'>μὲν,</span> <span class='ocrx_word' id='word_1_350' title='bbox 505 3999 706 4055; x_wconf 80' lang='grc' dir='ltr'>Κάθου</span> <span class='ocrx_word' id='word_1_351' title='bbox 739 3997 811 4051; x_wconf 81' lang='grc' dir='ltr'>ἐκ</span> <span class='ocrx_word' id='word_1_352' title='bbox 850 3997 1068 4061; x_wconf 78' lang='grc' dir='ltr'>δεξιῶν</span> <span class='ocrx_word' id='word_1_353' title='bbox 1098 4014 1242 4065; x_wconf 83' lang='grc' dir='ltr'>μου,</span> <span class='ocrx_word' id='word_1_354' title='bbox 1273 3998 1370 4049; x_wconf 64' lang='grc' dir='ltr'><strong>καὶ⁵</strong></span> <span class='ocrx_word' id='word_1_355' title='bbox 1399 3996 1482 4059; x_wconf 80' lang='grc' dir='ltr'><strong>τὸ,</strong></span> <span class='ocrx_word' id='word_1_356' title='bbox 1521 3998 1625 4051; x_wconf 85' lang='grc' dir='ltr'>Ἕκ</span> <span class='ocrx_word' id='word_1_357' title='bbox 1663 3997 1926 4065; x_wconf 76' lang='grc' dir='ltr'>γαστρὸς</span> 
     </span>
    </p>
   </div>
   <div class='ocr_carea' id='block_1_52' title="bbox 340 4086 1926 4164">
    <p class='ocr_par' dir='ltr' id='par_1_52' title="bbox 340 4086 1926 4164">
     <span class='ocr_line' id='line_1_52' title="bbox 340 4086 1926 4164; baseline -0.004 -16"><span class='ocrx_word' id='word_1_358' title='bbox 340 4095 455 4164; x_wconf 70' lang='grc' dir='ltr'><strong>πρὸ</strong></span> <span class='ocrx_word' id='word_1_359' title='bbox 476 4092 793 4162; x_wconf 72' lang='grc' dir='ltr'>ἑωσφόρον</span> <span class='ocrx_word' id='word_1_360' title='bbox 814 4088 1120 4159; x_wconf 77' lang='grc' dir='ltr'>ἐγέννησά</span> <span class='ocrx_word' id='word_1_361' title='bbox 1145 4104 1240 4153; x_wconf 78' lang='grc' dir='ltr'><strong>σε,</strong></span> <span class='ocrx_word' id='word_1_362' title='bbox 1267 4086 1551 4157; x_wconf 85' lang='grc' dir='ltr'>προσώπῳ</span> <span class='ocrx_word' id='word_1_363' title='bbox 1579 4088 1673 4140; x_wconf 85' lang='grc' dir='ltr'>τοῦ</span> <span class='ocrx_word' id='word_1_364' title='bbox 1713 4089 1926 4158; x_wconf 80' lang='grc' dir='ltr'>Πατρὸς</span> 
     </span>
    </p>
   </div>
   <div class='ocr_carea' id='block_1_53' title="bbox 338 4180 1926 4257">
    <p class='ocr_par' dir='ltr' id='par_1_53' title="bbox 338 4180 1926 4257">
     <span class='ocr_line' id='line_1_53' title="bbox 338 4180 1926 4257; baseline -0.005 -16"><span class='ocrx_word' id='word_1_365' title='bbox 338 4187 559 4257; x_wconf 74' lang='grc' dir='ltr'>εἴρηται</span> <span class='ocrx_word' id='word_1_366' title='bbox 576 4183 715 4256; x_wconf 85' lang='grc' dir='ltr'>πρὸς</span> <span class='ocrx_word' id='word_1_367' title='bbox 738 4182 831 4235; x_wconf 83' lang='grc' dir='ltr'><strong>τδν</strong></span> <span class='ocrx_word' id='word_1_368' title='bbox 849 4181 981 4235; x_wconf 78' lang='grc' dir='ltr'>Υἱὸν</span> <span class='ocrx_word' id='word_1_369' title='bbox 995 4198 1014 4216; x_wconf 78' lang='grc' dir='ltr'><strong><em>ο</em></strong></span> <span class='ocrx_word' id='word_1_370' title='bbox 1033 4180 1092 4235; x_wconf 79' lang='grc' dir='ltr'>τδ</span> <span class='ocrx_word' id='word_1_371' title='bbox 1116 4182 1195 4244; x_wconf 81' lang='grc' dir='ltr'>δὲ,</span> <span class='ocrx_word' id='word_1_372' title='bbox 1210 4181 1456 4235; x_wconf 78' lang='grc' dir='ltr'>Ῥἀόδον</span> <span class='ocrx_word' id='word_1_373' title='bbox 1472 4180 1809 4250; x_wconf 79' lang='grc' dir='ltr'>δυνάμεως,</span> <span class='ocrx_word' id='word_1_374' title='bbox 1829 4180 1926 4234; x_wconf 78' lang='grc' dir='ltr'>καὶ</span> 
     </span>
    </p>
   </div>
   <div class='ocr_carea' id='block_1_54' title="bbox 339 4270 1924 4342">
    <p class='ocr_par' dir='ltr' id='par_1_54' title="bbox 339 4270 1924 4342">
     <span class='ocr_line' id='line_1_54' title="bbox 339 4270 1924 4342; baseline -0.003 -13"><span class='ocrx_word' id='word_1_375' title='bbox 339 4278 402 4329; x_wconf 64' lang='grc' dir='ltr'>τε)</span> <span class='ocrx_word' id='word_1_376' title='bbox 433 4275 594 4331; x_wconf 80' lang='grc' dir='ltr'>Μετὰ</span> <span class='ocrx_word' id='word_1_377' title='bbox 627 4272 746 4329; x_wconf 87' lang='grc' dir='ltr'>σοῦ</span> <span class='ocrx_word' id='word_1_378' title='bbox 770 4272 810 4339; x_wconf 66' lang='lat' dir='ltr'><strong>vi</strong></span> <span class='ocrx_word' id='word_1_379' title='bbox 839 4271 1018 4340; x_wconf 80' lang='grc' dir='ltr'>ἀρχὴ,</span> <span class='ocrx_word' id='word_1_380' title='bbox 1057 4271 1335 4342; x_wconf 76' lang='grc' dir='ltr'>προσώπῳ</span> <span class='ocrx_word' id='word_1_381' title='bbox 1361 4270 1458 4324; x_wconf 84' lang='grc' dir='ltr'>τοῦ</span> <span class='ocrx_word' id='word_1_382' title='bbox 1485 4272 1789 4339; x_wconf 79' lang='grc' dir='ltr'>προφήτου.</span> <span class='ocrx_word' id='word_1_383' title='bbox 1815 4272 1924 4324; x_wconf 76' lang='grc' dir='ltr'><strong>Καὶ</strong></span> 
     </span>
    </p>
   </div>
   <div class='ocr_carea' id='block_1_55' title="bbox 341 4360 1921 4432">
    <p class='ocr_par' dir='ltr' id='par_1_55' title="bbox 341 4360 1921 4432">
     <span class='ocr_line' id='line_1_55' title="bbox 341 4360 1921 4432; baseline -0.002 -15"><span class='ocrx_word' id='word_1_384' title='bbox 341 4363 406 4417; x_wconf 79' lang='grc' dir='ltr'><strong>τὸ</strong></span> <span class='ocrx_word' id='word_1_385' title='bbox 431 4362 531 4432; x_wconf 66' lang='grc' dir='ltr'>μὲν</span> <span class='ocrx_word' id='word_1_386' title='bbox 556 4363 659 4417; x_wconf 79' lang='grc' dir='ltr'>Ἐκ</span> <span class='ocrx_word' id='word_1_387' title='bbox 693 4360 1054 4431; x_wconf 70' lang='grc' dir='ltr'>γαστρὸς,ζτδ</span> <span class='ocrx_word' id='word_1_388' title='bbox 1067 4361 1288 4431; x_wconf 79' lang='grc' dir='ltr'>γνήσιον</span> <span class='ocrx_word' id='word_1_389' title='bbox 1307 4361 1460 4428; x_wconf 89' lang='grc' dir='ltr'>δηλοί</span> <span class='ocrx_word' id='word_1_390' title='bbox 1476 4361 1576 4431; x_wconf 79' lang='grc' dir='ltr'>τῆς</span> <span class='ocrx_word' id='word_1_391' title='bbox 1588 4362 1921 4431; x_wconf 84' lang='grc' dir='ltr'>γεννήσεως,</span> 
     </span>
    </p>
   </div>
   <div class='ocr_carea' id='block_1_56' title="bbox 339 4451 1924 4524">
    <p class='ocr_par' dir='ltr' id='par_1_56' title="bbox 339 4451 1924 4524">
     <span class='ocr_line' id='line_1_56' title="bbox 339 4451 1924 4524; baseline 0 -16"><span class='ocrx_word' id='word_1_392' title='bbox 339 4455 437 4509; x_wconf 71' lang='grc' dir='ltr'>καὶ</span> <span class='ocrx_word' id='word_1_393' title='bbox 457 4455 520 4507; x_wconf 76' lang='grc' dir='ltr'>τὸ</span> <span class='ocrx_word' id='word_1_394' title='bbox 544 4453 744 4507; x_wconf 75' lang='grc' dir='ltr'>ταύτὸν</span> <span class='ocrx_word' id='word_1_395' title='bbox 770 4452 872 4521; x_wconf 81' lang='grc' dir='ltr'>τῆς</span> <span class='ocrx_word' id='word_1_396' title='bbox 892 4451 1103 4515; x_wconf 82' lang='grc' dir='ltr'>οὐσίας.</span> <span class='ocrx_word' id='word_1_397' title='bbox 1135 4452 1215 4506; x_wconf 85' lang='grc' dir='ltr'><strong>Τὰ</strong></span> <span class='ocrx_word' id='word_1_398' title='bbox 1238 4454 1441 4524; x_wconf 81' lang='grc' dir='ltr'>γνήσια</span> <span class='ocrx_word' id='word_1_399' title='bbox 1463 4452 1574 4523; x_wconf 82' lang='grc' dir='ltr'><strong>γὰρ</strong></span> <span class='ocrx_word' id='word_1_400' title='bbox 1601 4454 1924 4524; x_wconf 82' lang='grc' dir='ltr'>γεννήματα</span> 
     </span>
    </p>
   </div>
   <div class='ocr_carea' id='block_1_57' title="bbox 2117 1891 3618 1965">
    <p class='ocr_par' dir='ltr' id='par_1_57' title="bbox 2117 1891 3618 1965">
     <span class='ocr_line' id='line_1_57' title="bbox 2117 1891 3618 1965; baseline -0.001 -17"><span class='ocrx_word' id='word_1_401' title='bbox 2117 1897 2276 1951; x_wconf 76' lang='lat' dir='ltr'><strong>Vsus.</strong></span> <span class='ocrx_word' id='word_1_402' title='bbox 2312 1897 2366 1951; x_wconf 81' lang='lat'><strong>&#39;5.</strong></span> <span class='ocrx_word' id='word_1_403' title='bbox 2400 1895 2590 1950; x_wconf 86' lang='lat' dir='ltr'><strong>Tecum</strong></span> <span class='ocrx_word' id='word_1_404' title='bbox 2615 1896 2942 1965; x_wconf 84' lang='lat' dir='ltr'><strong>principatus</strong></span> <span class='ocrx_word' id='word_1_405' title='bbox 2964 1893 3021 1947; x_wconf 87' lang='lat' dir='ltr'><strong>in</strong></span> <span class='ocrx_word' id='word_1_406' title='bbox 3051 1893 3134 1948; x_wconf 86' lang='lat' dir='ltr'><strong>die</strong></span> <span class='ocrx_word' id='word_1_407' title='bbox 3158 1895 3369 1947; x_wconf 74' lang='lat' dir='ltr'><strong>virtutis</strong></span> <span class='ocrx_word' id='word_1_408' title='bbox 3399 1902 3524 1947; x_wconf 78' lang='lat' dir='ltr'><strong>tute.</strong></span> <span class='ocrx_word' id='word_1_409' title='bbox 3560 1891 3618 1946; x_wconf 86' lang='lat' dir='ltr'><strong>In</strong></span> 
     </span>
    </p>
   </div>
   <div class='ocr_carea' id='block_1_58' title="bbox 2042 1985 3616 2058">
    <p class='ocr_par' dir='ltr' id='par_1_58' title="bbox 2042 1985 3616 2058">
     <span class='ocr_line' id='line_1_58' title="bbox 2042 1985 3616 2058; baseline -0.001 -18"><span class='ocrx_word' id='word_1_410' title='bbox 2042 1989 2155 2051; x_wconf 81' lang='lat' dir='ltr'><strong>illa,</strong></span> <span class='ocrx_word' id='word_1_411' title='bbox 2195 1988 2395 2057; x_wconf 89' lang='lat' dir='ltr'><strong>inquit,</strong></span> <span class='ocrx_word' id='word_1_412' title='bbox 2431 1988 2522 2042; x_wconf 89' lang='lat' dir='ltr'><strong>die</strong></span> <span class='ocrx_word' id='word_1_413' title='bbox 2555 1986 2780 2058; x_wconf 83' lang='lat' dir='ltr'><strong>quando</strong></span> <span class='ocrx_word' id='word_1_414' title='bbox 2808 1987 2983 2041; x_wconf 63' lang='lat' dir='ltr'><strong>virtus</strong></span> <span class='ocrx_word' id='word_1_415' title='bbox 3017 1995 3075 2041; x_wconf 91' lang='lat' dir='ltr'><strong>et</strong></span> <span class='ocrx_word' id='word_1_416' title='bbox 3137 1986 3379 2056; x_wconf 88' lang='lat' dir='ltr'><strong>potentia</strong></span> <span class='ocrx_word' id='word_1_417' title='bbox 3418 1994 3510 2039; x_wconf 83' lang='lat' dir='ltr'><strong>tua</strong></span> <span class='ocrx_word' id='word_1_418' title='bbox 3548 1985 3616 2039; x_wconf 88' lang='lat' dir='ltr'><strong>il-</strong></span> 
     </span>
    </p>
   </div>
   <div class='ocr_carea' id='block_1_59' title="bbox 2039 2076 3617 2147">
    <p class='ocr_par' dir='ltr' id='par_1_59' title="bbox 2039 2076 3617 2147">
     <span class='ocr_line' id='line_1_59' title="bbox 2039 2076 3617 2147; baseline -0.003 -14"><span class='ocrx_word' id='word_1_419' title='bbox 2039 2080 2392 2144; x_wconf 88' lang='lat' dir='ltr'><strong>lustrabitur,</strong></span> <span class='ocrx_word' id='word_1_420' title='bbox 2441 2089 2621 2134; x_wconf 86' lang='lat' dir='ltr'><strong>tecum</strong></span> <span class='ocrx_word' id='word_1_421' title='bbox 2658 2078 2764 2133; x_wconf 88' lang='lat' dir='ltr'><strong>erit</strong></span> <span class='ocrx_word' id='word_1_422' title='bbox 2817 2078 3182 2147; x_wconf 85' lang='lat' dir='ltr'><strong>principatus,</strong></span> <span class='ocrx_word' id='word_1_423' title='bbox 3233 2076 3339 2131; x_wconf 90' lang='lat' dir='ltr'><strong>hoc</strong></span> <span class='ocrx_word' id='word_1_424' title='bbox 3385 2085 3489 2141; x_wconf 89' lang='lat' dir='ltr'><strong>est,</strong></span> <span class='ocrx_word' id='word_1_425' title='bbox 3527 2091 3617 2129; x_wconf 80' lang='lat' dir='ltr'><strong>re-</strong></span> 
     </span>
    </p>
   </div>
   <div class='ocr_carea' id='block_1_60' title="bbox 2038 2166 3623 2243">
    <p class='ocr_par' dir='ltr' id='par_1_60' title="bbox 2038 2166 3623 2243">
     <span class='ocr_line' id='line_1_60' title="bbox 2038 2166 3623 2243; baseline -0.005 -16"><span class='ocrx_word' id='word_1_426' title='bbox 2038 2188 2208 2243; x_wconf 82' lang='lat' dir='ltr'><strong>gnum</strong></span> <span class='ocrx_word' id='word_1_427' title='bbox 2252 2183 2409 2226; x_wconf 90' lang='lat' dir='ltr'><strong>tuum</strong></span> <span class='ocrx_word' id='word_1_428' title='bbox 2461 2178 2596 2225; x_wconf 89' lang='lat' dir='ltr'><strong>tunc</strong></span> <span class='ocrx_word' id='word_1_429' title='bbox 2636 2170 2744 2226; x_wconf 90' lang='lat' dir='ltr'><strong>erit</strong></span> <span class='ocrx_word' id='word_1_430' title='bbox 2803 2169 2860 2224; x_wconf 91' lang='lat' dir='ltr'><strong>in</strong></span> <span class='ocrx_word' id='word_1_431' title='bbox 2900 2179 2974 2235; x_wconf 89' lang='lat' dir='ltr'><strong>te,</strong></span> <span class='ocrx_word' id='word_1_432' title='bbox 3008 2183 3116 2223; x_wconf 91' lang='lat' dir='ltr'><strong>non</strong></span> <span class='ocrx_word' id='word_1_433' title='bbox 3158 2166 3379 2223; x_wconf 87' lang='lat' dir='ltr'><strong>aliunde</strong></span> <span class='ocrx_word' id='word_1_434' title='bbox 3411 2168 3623 2222; x_wconf 83' lang='lat' dir='ltr'><strong>scilicet</strong></span> 
     </span>
    </p>
   </div>
   <div class='ocr_carea' id='block_1_61' title="bbox 2041 2260 3618 2329">
    <p class='ocr_par' dir='ltr' id='par_1_61' title="bbox 2041 2260 3618 2329">
     <span class='ocr_line' id='line_1_61' title="bbox 2041 2260 3618 2329; baseline -0.003 -11"><span class='ocrx_word' id='word_1_435' title='bbox 2041 2264 2364 2329; x_wconf 83' lang='lat' dir='ltr'><strong>adveniens,</strong></span> <span class='ocrx_word' id='word_1_436' title='bbox 2395 2264 2493 2319; x_wconf 88' lang='lat' dir='ltr'><strong>sed</strong></span> <span class='ocrx_word' id='word_1_437' title='bbox 2537 2263 2837 2318; x_wconf 86' lang='lat' dir='ltr'><strong>divinitatis</strong></span> <span class='ocrx_word' id='word_1_438' title='bbox 2880 2270 2987 2316; x_wconf 74' lang='lat' dir='ltr'><strong>tuae</strong></span> <span class='ocrx_word' id='word_1_439' title='bbox 3014 2270 3227 2315; x_wconf 83' lang='lat' dir='ltr'><strong>naturae</strong></span> <span class='ocrx_word' id='word_1_440' title='bbox 3265 2260 3618 2328; x_wconf 69' lang='lat' dir='ltr'><strong>conjunctus.</strong></span> 
     </span>
    </p>
   </div>
   <div class='ocr_carea' id='block_1_62' title="bbox 2038 2351 3622 2428">
    <p class='ocr_par' dir='ltr' id='par_1_62' title="bbox 2038 2351 3622 2428">
     <span class='ocr_line' id='line_1_62' title="bbox 2038 2351 3622 2428; baseline -0.004 -18"><span class='ocrx_word' id='word_1_441' title='bbox 2038 2355 2128 2428; x_wconf 87' lang='lat' dir='ltr'><strong>(Et</strong></span> <span class='ocrx_word' id='word_1_442' title='bbox 2150 2357 2278 2426; x_wconf 86' lang='lat' dir='ltr'><strong>quia</strong></span> <span class='ocrx_word' id='word_1_443' title='bbox 2308 2356 2480 2412; x_wconf 86' lang='lat' dir='ltr'><strong>dictio</strong></span> <span class='ocrx_word' id='word_1_444' title='bbox 2513 2354 2681 2424; x_wconf 76' lang='grc' dir='ltr'>ἀρχή,</span> <span class='ocrx_word' id='word_1_445' title='bbox 2710 2353 3036 2421; x_wconf 84' lang='lat' dir='ltr'><strong>principium</strong></span> <span class='ocrx_word' id='word_1_446' title='bbox 3058 2353 3357 2423; x_wconf 78' lang='lat' dir='ltr'><strong>signiﬁcat,</strong></span> <span class='ocrx_word' id='word_1_447' title='bbox 3387 2360 3439 2404; x_wconf 92' lang='lat' dir='ltr'><strong>et</strong></span> <span class='ocrx_word' id='word_1_448' title='bbox 3473 2351 3622 2418; x_wconf 80' lang='lat' dir='ltr'><strong>prin-</strong></span> 
     </span>
    </p>
   </div>
   <div class='ocr_carea' id='block_1_63' title="bbox 2036 2442 3703 2519">
    <p class='ocr_par' dir='ltr' id='par_1_63' title="bbox 2036 2442 3703 2519">
     <span class='ocr_line' id='line_1_63' title="bbox 2036 2442 3703 2519; baseline -0.007 -16"><span class='ocrx_word' id='word_1_449' title='bbox 2036 2450 2292 2519; x_wconf 79' lang='lat' dir='ltr'><strong>cipatum)</strong></span> <span class='ocrx_word' id='word_1_450' title='bbox 2350 2448 2657 2518; x_wconf 75' lang='lat' dir='ltr'><strong>intelligere</strong></span> <span class='ocrx_word' id='word_1_451' title='bbox 2713 2461 3032 2517; x_wconf 87' lang='lat' dir='ltr'><strong>possumus,</strong></span> <span class='ocrx_word' id='word_1_452' title='bbox 3073 2444 3218 2513; x_wconf 87' lang='lat' dir='ltr'><strong>quod</strong></span> <span class='ocrx_word' id='word_1_453' title='bbox 3277 2442 3612 2515; x_wconf 88' lang='lat' dir='ltr'><strong>principium</strong></span> <span class='ocrx_word' id='word_1_454' title='bbox 3690 2510 3703 2519; x_wconf 84' lang='lat'><em>_</em></span> 
     </span>
    </p>
   </div>
   <div class='ocr_carea' id='block_1_64' title="bbox 2036 2534 3614 2611">
    <p class='ocr_par' dir='ltr' id='par_1_64' title="bbox 2036 2534 3614 2611">
     <span class='ocr_line' id='line_1_64' title="bbox 2036 2534 3614 2611; baseline -0.006 -15"><span class='ocrx_word' id='word_1_455' title='bbox 2036 2543 2143 2597; x_wconf 87' lang='lat' dir='ltr'><strong>hoc</strong></span> <span class='ocrx_word' id='word_1_456' title='bbox 2192 2541 2245 2595; x_wconf 91' lang='lat' dir='ltr'><strong>in</strong></span> <span class='ocrx_word' id='word_1_457' title='bbox 2302 2540 2423 2595; x_wconf 91' lang='lat' dir='ltr'><strong>loco</strong></span> <span class='ocrx_word' id='word_1_458' title='bbox 2479 2540 2785 2611; x_wconf 87' lang='lat' dir='ltr'><strong>accipiatur</strong></span> <span class='ocrx_word' id='word_1_459' title='bbox 2836 2553 2937 2608; x_wconf 90' lang='lat' dir='ltr'><strong>pro</strong></span> <span class='ocrx_word' id='word_1_460' title='bbox 2988 2537 3130 2591; x_wconf 84' lang='lat' dir='ltr'><strong>Filio</strong></span> <span class='ocrx_word' id='word_1_461' title='bbox 3183 2534 3303 2599; x_wconf 86' lang='lat' dir='ltr'><strong>Dei,</strong></span> <span class='ocrx_word' id='word_1_462' title='bbox 3354 2543 3614 2603; x_wconf 86' lang='lat' dir='ltr'><strong>tanquam</strong></span> 
     </span>
    </p>
   </div>
   <div class='ocr_carea' id='block_1_65' title="bbox 2036 2620 3618 2698">
    <p class='ocr_par' dir='ltr' id='par_1_65' title="bbox 2036 2620 3618 2698">
     <span class='ocr_line' id='line_1_65' title="bbox 2036 2620 3618 2698; baseline -0.008 -12"><span class='ocrx_word' id='word_1_463' title='bbox 2036 2644 2204 2686; x_wconf 83' lang='lat' dir='ltr'><strong>causa</strong></span> <span class='ocrx_word' id='word_1_464' title='bbox 2238 2632 2505 2696; x_wconf 88' lang='lat' dir='ltr'><strong>omnium,</strong></span> <span class='ocrx_word' id='word_1_465' title='bbox 2535 2629 2664 2698; x_wconf 88' lang='lat' dir='ltr'><strong>quia</strong></span> <span class='ocrx_word' id='word_1_466' title='bbox 2693 2627 2858 2683; x_wconf 88' lang='lat' dir='ltr'><strong>simul</strong></span> <span class='ocrx_word' id='word_1_467' title='bbox 2892 2634 2976 2680; x_wconf 90' lang='lat' dir='ltr'><strong>est</strong></span> <span class='ocrx_word' id='word_1_468' title='bbox 3008 2641 3133 2680; x_wconf 92' lang='lat' dir='ltr'><strong>cum</strong></span> <span class='ocrx_word' id='word_1_469' title='bbox 3165 2623 3361 2689; x_wconf 87' lang='lat' dir='ltr'><strong>Patre;</strong></span> <span class='ocrx_word' id='word_1_470' title='bbox 3395 2632 3449 2677; x_wconf 90' lang='lat' dir='ltr'><strong>et</strong></span> <span class='ocrx_word' id='word_1_471' title='bbox 3473 2620 3618 2693; x_wconf 82' lang='lat' dir='ltr'><strong>quod</strong></span> 
     </span>
    </p>
   </div>
   <div class='ocr_carea' id='block_1_66' title="bbox 2036 2715 3619 2789">
    <p class='ocr_par' dir='ltr' id='par_1_66' title="bbox 2036 2715 3619 2789">
     <span class='ocr_line' id='line_1_66' title="bbox 2036 2715 3619 2789; baseline -0.004 -12"><span class='ocrx_word' id='word_1_472' title='bbox 2036 2723 2156 2777; x_wconf 89' lang='lat' dir='ltr'><strong>dies</strong></span> <span class='ocrx_word' id='word_1_473' title='bbox 2205 2721 2428 2777; x_wconf 86' lang='lat' dir='ltr'><strong>virtutis</strong></span> <span class='ocrx_word' id='word_1_474' title='bbox 2473 2720 2545 2774; x_wconf 91' lang='lat' dir='ltr'><strong>sit</strong></span> <span class='ocrx_word' id='word_1_475' title='bbox 2580 2719 2794 2789; x_wconf 88' lang='lat' dir='ltr'><strong>primus</strong></span> <span class='ocrx_word' id='word_1_476' title='bbox 2828 2718 2947 2787; x_wconf 92' lang='lat' dir='ltr'><strong>ejus</strong></span> <span class='ocrx_word' id='word_1_477' title='bbox 2976 2716 3270 2779; x_wconf 87' lang='lat' dir='ltr'><strong>adventus,</strong></span> <span class='ocrx_word' id='word_1_478' title='bbox 3307 2730 3416 2784; x_wconf 89' lang='lat' dir='ltr'><strong>quo</strong></span> <span class='ocrx_word' id='word_1_479' title='bbox 3448 2715 3619 2771; x_wconf 83' lang='lat' dir='ltr'><strong>multa</strong></span> 
     </span>
    </p>
   </div>
   <div class='ocr_carea' id='block_1_67' title="bbox 2039 2805 3619 2879">
    <p class='ocr_par' dir='ltr' id='par_1_67' title="bbox 2039 2805 3619 2879">
     <span class='ocr_line' id='line_1_67' title="bbox 2039 2805 3619 2879; baseline -0.006 -10"><span class='ocrx_word' id='word_1_480' title='bbox 2039 2813 2169 2869; x_wconf 80' lang='lat' dir='ltr'><strong>fecit</strong></span> <span class='ocrx_word' id='word_1_481' title='bbox 2207 2813 2473 2868; x_wconf 83' lang='lat' dir='ltr'><strong>miracula</strong></span> <span class='ocrx_word' id='word_1_482' title='bbox 2502 2828 2517 2866; x_wconf 90' lang='lat'><strong>:</strong></span> <span class='ocrx_word' id='word_1_483' title='bbox 2551 2811 2634 2864; x_wconf 86' lang='lat' dir='ltr'><strong>vel</strong></span> <span class='ocrx_word' id='word_1_484' title='bbox 2659 2811 2823 2865; x_wconf 81' lang='lat' dir='ltr'><strong>etiam</strong></span> <span class='ocrx_word' id='word_1_485' title='bbox 2848 2809 3149 2871; x_wconf 90' lang='lat' dir='ltr'><strong>secundus,</strong></span> <span class='ocrx_word' id='word_1_486' title='bbox 3172 2807 3391 2879; x_wconf 81' lang='lat' dir='ltr'><strong>quando</strong></span> <span class='ocrx_word' id='word_1_487' title='bbox 3422 2805 3619 2860; x_wconf 87' lang='lat' dir='ltr'><strong>ultima</strong></span> 
     </span>
    </p>
   </div>
   <div class='ocr_carea' id='block_1_68' title="bbox 2037 2901 3028 2961">
    <p class='ocr_par' dir='ltr' id='par_1_68' title="bbox 2037 2901 3028 2961">
     <span class='ocr_line' id='line_1_68' title="bbox 2037 2901 3028 2961; baseline -0.005 -2"><span class='ocrx_word' id='word_1_488' title='bbox 2037 2905 2171 2961; x_wconf 85' lang='lat' dir='ltr'><strong>tuba</strong></span> <span class='ocrx_word' id='word_1_489' title='bbox 2207 2916 2457 2959; x_wconf 89' lang='lat' dir='ltr'><strong>mortuos</strong></span> <span class='ocrx_word' id='word_1_490' title='bbox 2487 2918 2682 2957; x_wconf 88' lang='lat' dir='ltr'><strong>omnes</strong></span> <span class='ocrx_word' id='word_1_491' title='bbox 2718 2901 3028 2956; x_wconf 77' lang='lat' dir='ltr'><strong>susr-itabit.</strong></span> 
     </span>
    </p>
   </div>
   <div class='ocr_carea' id='block_1_69' title="bbox 2107 2987 3618 3065">
    <p class='ocr_par' dir='ltr' id='par_1_69' title="bbox 2107 2987 3618 3065">
     <span class='ocr_line' id='line_1_69' title="bbox 2107 2987 3618 3065; baseline -0.005 -15"><span class='ocrx_word' id='word_1_492' title='bbox 2107 2995 2175 3050; x_wconf 88' lang='lat' dir='ltr'><strong>In</strong></span> <span class='ocrx_word' id='word_1_493' title='bbox 2199 2994 2567 3065; x_wconf 78' lang='lat' dir='ltr'><strong>splendoribus</strong></span> <span class='ocrx_word' id='word_1_494' title='bbox 2592 3003 2898 3048; x_wconf 84' lang='lat' dir='ltr'><strong>sanctorum</strong></span> <span class='ocrx_word' id='word_1_495' title='bbox 2921 3003 3153 3046; x_wconf 87' lang='lat' dir='ltr'><strong>tuorum.</strong></span> <span class='ocrx_word' id='word_1_496' title='bbox 3181 2990 3410 3057; x_wconf 89' lang='lat' dir='ltr'><strong>Quando</strong></span> <span class='ocrx_word' id='word_1_497' title='bbox 3432 2987 3618 3060; x_wconf 85' lang='lat' dir='ltr'><strong>splen—</strong></span> 
     </span>
    </p>
   </div>
   <div class='ocr_carea' id='block_1_70' title="bbox 2036 3080 3622 3153">
    <p class='ocr_par' dir='ltr' id='par_1_70' title="bbox 2036 3080 3622 3153">
     <span class='ocr_line' id='line_1_70' title="bbox 2036 3080 3622 3153; baseline -0.006 -10"><span class='ocrx_word' id='word_1_498' title='bbox 2036 3087 2250 3143; x_wconf 88' lang='lat' dir='ltr'><strong>debunt</strong></span> <span class='ocrx_word' id='word_1_499' title='bbox 2285 3086 2601 3143; x_wconf 84' lang='lat' dir='ltr'><strong>sancti‘tui.</strong></span> <span class='ocrx_word' id='word_1_500' title='bbox 2633 3084 2776 3151; x_wconf 86' lang='lat' dir='ltr'><strong>Quid</strong></span> <span class='ocrx_word' id='word_1_501' title='bbox 2812 3083 2958 3138; x_wconf 91' lang='lat' dir='ltr'><strong>enim</strong></span> <span class='ocrx_word' id='word_1_502' title='bbox 3004 3083 3271 3153; x_wconf 88' lang='lat' dir='ltr'><strong>apostolis</strong></span> <span class='ocrx_word' id='word_1_503' title='bbox 3296 3080 3401 3135; x_wconf 80' lang='lat' dir='ltr'><strong>fuit</strong></span> <span class='ocrx_word' id='word_1_504' title='bbox 3436 3080 3622 3150; x_wconf 89' lang='lat' dir='ltr'><strong>splen-</strong></span> 
     </span>
    </p>
   </div>
   <div class='ocr_carea' id='block_1_71' title="bbox 2042 3174 3623 3250">
    <p class='ocr_par' dir='ltr' id='par_1_71' title="bbox 2042 3174 3623 3250">
     <span class='ocr_line' id='line_1_71' title="bbox 2042 3174 3623 3250; baseline -0.005 -15"><span class='ocrx_word' id='word_1_505' title='bbox 2042 3180 2248 3245; x_wconf 86' lang='lat' dir='ltr'><strong>didius,</strong></span> <span class='ocrx_word' id='word_1_506' title='bbox 2298 3183 2392 3250; x_wconf 84' lang='lat' dir='ltr'><strong>qui</strong></span> <span class='ocrx_word' id='word_1_507' title='bbox 2428 3177 2563 3237; x_wconf 88' lang='lat' dir='ltr'><strong>solis</strong></span> <span class='ocrx_word' id='word_1_508' title='bbox 2599 3177 2796 3243; x_wconf 90' lang='lat' dir='ltr'><strong>instar,</strong></span> <span class='ocrx_word' id='word_1_509' title='bbox 2832 3185 3005 3231; x_wconf 88' lang='lat' dir='ltr'><strong>totum</strong></span> <span class='ocrx_word' id='word_1_510' title='bbox 3034 3174 3221 3230; x_wconf 90' lang='lat' dir='ltr'><strong>orbem</strong></span> <span class='ocrx_word' id='word_1_511' title='bbox 3274 3174 3623 3229; x_wconf 87' lang='lat' dir='ltr'><strong>circumeun-</strong></span> 
     </span>
    </p>
   </div>
   <div class='ocr_carea' id='block_1_72' title="bbox 2039 3263 3618 3337">
    <p class='ocr_par' dir='ltr' id='par_1_72' title="bbox 2039 3263 3618 3337">
     <span class='ocr_line' id='line_1_72' title="bbox 2039 3263 3618 3337; baseline -0.004 -11"><span class='ocrx_word' id='word_1_512' title='bbox 2039 3280 2144 3337; x_wconf 86' lang='lat' dir='ltr'><strong>tes,</strong></span> <span class='ocrx_word' id='word_1_513' title='bbox 2169 3270 2432 3328; x_wconf 89' lang='lat' dir='ltr'><strong>virtutum</strong></span> <span class='ocrx_word' id='word_1_514' title='bbox 2457 3285 2683 3327; x_wconf 89' lang='lat' dir='ltr'><strong>suarum</strong></span> <span class='ocrx_word' id='word_1_515' title='bbox 2712 3268 2882 3324; x_wconf 90' lang='lat' dir='ltr'><strong>radiis</strong></span> <span class='ocrx_word' id='word_1_516' title='bbox 2903 3282 3029 3323; x_wconf 87' lang='lat' dir='ltr'><strong>eum</strong></span> <span class='ocrx_word' id='word_1_517' title='bbox 3060 3265 3446 3321; x_wconf 86' lang='lat' dir='ltr'><strong>illustrarunt?</strong></span> <span class='ocrx_word' id='word_1_518' title='bbox 3465 3263 3618 3331; x_wconf 89' lang='lat' dir='ltr'><strong>Quod</strong></span> 
     </span>
    </p>
   </div>
   <div class='ocr_carea' id='block_1_73' title="bbox 2039 3357 3621 3435">
    <p class='ocr_par' dir='ltr' id='par_1_73' title="bbox 2039 3357 3621 3435">
     <span class='ocr_line' id='line_1_73' title="bbox 2039 3357 3621 3435; baseline -0.007 -14"><span class='ocrx_word' id='word_1_519' title='bbox 2039 3366 2089 3421; x_wconf 86' lang='lat' dir='ltr'><strong>si</strong></span> <span class='ocrx_word' id='word_1_520' title='bbox 2118 3365 2174 3420; x_wconf 94' lang='lat' dir='ltr'><strong>in</strong></span> <span class='ocrx_word' id='word_1_521' title='bbox 2206 3363 2468 3435; x_wconf 63' lang='lat' dir='ltr'><strong>praesenti</strong></span> <span class='ocrx_word' id='word_1_522' title='bbox 2498 3363 2610 3419; x_wconf 87' lang='lat' dir='ltr'><strong>vita</strong></span> <span class='ocrx_word' id='word_1_523' title='bbox 2649 3361 2787 3417; x_wconf 87' lang='lat' dir='ltr'><strong>adeo</strong></span> <span class='ocrx_word' id='word_1_524' title='bbox 2817 3360 2952 3415; x_wconf 89' lang='lat' dir='ltr'><strong>clari</strong></span> <span class='ocrx_word' id='word_1_525' title='bbox 2998 3370 3162 3430; x_wconf 80' lang='lat' dir='ltr'><strong>atque</strong></span> <span class='ocrx_word' id='word_1_526' title='bbox 3202 3359 3449 3414; x_wconf 82' lang='lat' dir='ltr'><strong>illustres</strong></span> <span class='ocrx_word' id='word_1_527' title='bbox 3499 3357 3621 3411; x_wconf 79' lang='lat' dir='ltr'><strong>fue-</strong></span> 
     </span>
    </p>
   </div>
   <div class='ocr_carea' id='block_1_74' title="bbox 2037 3449 3620 3528">
    <p class='ocr_par' dir='ltr' id='par_1_74' title="bbox 2037 3449 3620 3528">
     <span class='ocr_line' id='line_1_74' title="bbox 2037 3449 3620 3528; baseline -0.008 -16"><span class='ocrx_word' id='word_1_528' title='bbox 2037 3466 2184 3520; x_wconf 86' lang='lat' dir='ltr'><strong>rant,</strong></span> <span class='ocrx_word' id='word_1_529' title='bbox 2217 3454 2409 3528; x_wconf 88' lang='lat' dir='ltr'><strong>quales</strong></span> <span class='ocrx_word' id='word_1_530' title='bbox 2439 3454 2659 3510; x_wconf 81' lang='lat' dir='ltr'><strong>futuros</strong></span> <span class='ocrx_word' id='word_1_531' title='bbox 2717 3469 2812 3509; x_wconf 83' lang='lat' dir='ltr'><strong>eos</strong></span> <span class='ocrx_word' id='word_1_532' title='bbox 2843 3467 2965 3508; x_wconf 85' lang='lat' dir='ltr'><strong>esse</strong></span> <span class='ocrx_word' id='word_1_533' title='bbox 3012 3449 3349 3505; x_wconf 86' lang='lat' dir='ltr'><strong>credendum</strong></span> <span class='ocrx_word' id='word_1_534' title='bbox 3388 3454 3494 3510; x_wconf 87' lang='lat' dir='ltr'><strong>est,</strong></span> <span class='ocrx_word' id='word_1_535' title='bbox 3531 3462 3620 3501; x_wconf 86' lang='lat' dir='ltr'><strong>re-</strong></span> 
     </span>
    </p>
   </div>
   <div class='ocr_carea' id='block_1_75' title="bbox 2038 3537 3622 3618">
    <p class='ocr_par' dir='ltr' id='par_1_75' title="bbox 2038 3537 3622 3618">
     <span class='ocr_line' id='line_1_75' title="bbox 2038 3537 3622 3618; baseline -0.008 -14"><span class='ocrx_word' id='word_1_536' title='bbox 2038 3547 2398 3604; x_wconf 89' lang='lat' dir='ltr'><strong>surrectionis</strong></span> <span class='ocrx_word' id='word_1_537' title='bbox 2453 3544 2998 3618; x_wconf 89' lang='lat' dir='ltr'><strong>tempore,quando,</strong></span> <span class='ocrx_word' id='word_1_538' title='bbox 3062 3542 3218 3611; x_wconf 80' lang='lat' dir='ltr'><strong>juxta</strong></span> <span class='ocrx_word' id='word_1_539' title='bbox 3270 3537 3488 3595; x_wconf 85' lang='lat' dir='ltr'><strong>Domini</strong></span> <span class='ocrx_word' id='word_1_540' title='bbox 3523 3552 3622 3594; x_wconf 91' lang='lat' dir='ltr'><strong>vo-</strong></span> 
     </span>
    </p>
   </div>
   <div class='ocr_carea' id='block_1_76' title="bbox 2037 3629 3620 3711">
    <p class='ocr_par' dir='ltr' id='par_1_76' title="bbox 2037 3629 3620 3711">
     <span class='ocr_line' id='line_1_76' title="bbox 2037 3629 3620 3711; baseline -0.008 -16"><span class='ocrx_word' id='word_1_541' title='bbox 2037 3656 2178 3707; x_wconf 82' lang='lat' dir='ltr'><strong>cem,</strong></span> <span class='ocrx_word' id='word_1_542' title='bbox 2250 3638 2557 3711; x_wconf 85' lang='lat' dir='ltr'><strong>Fulgebunt</strong></span> <span class='ocrx_word' id='word_1_543' title='bbox 2588 3638 2721 3707; x_wconf 77' lang='lat' dir='ltr'><strong>iusti</strong></span> <span class='ocrx_word' id='word_1_544' title='bbox 2774 3637 2911 3691; x_wconf 78' lang='lat' dir='ltr'><strong>sicut</strong></span> <span class='ocrx_word' id='word_1_545' title='bbox 2942 3632 3022 3688; x_wconf 83' lang='lat' dir='ltr'><strong>sol</strong></span> <span class='ocrx_word' id='word_1_546' title='bbox 3059 3629 3157 3685; x_wconf 70' lang='lat'><strong>&quot;1</strong></span> <span class='ocrx_word' id='word_1_547' title='bbox 3196 3629 3322 3685; x_wconf 87' lang='lat' dir='ltr'><strong>Sive</strong></span> <span class='ocrx_word' id='word_1_548' title='bbox 3353 3630 3520 3700; x_wconf 74' lang='lat' dir='ltr'><strong>igitur</strong></span> <span class='ocrx_word' id='word_1_549' title='bbox 3552 3629 3620 3684; x_wconf 90' lang='lat' dir='ltr'><strong>de</strong></span> 
     </span>
    </p>
   </div>
   <div class='ocr_carea' id='block_1_77' title="bbox 2038 3722 3616 3803">
    <p class='ocr_par' dir='ltr' id='par_1_77' title="bbox 2038 3722 3616 3803">
     <span class='ocr_line' id='line_1_77' title="bbox 2038 3722 3616 3803; baseline -0.005 -17"><span class='ocrx_word' id='word_1_550' title='bbox 2038 3734 2219 3803; x_wconf 89' lang='lat' dir='ltr'><strong>primo</strong></span> <span class='ocrx_word' id='word_1_551' title='bbox 2268 3732 2387 3787; x_wconf 85' lang='lat' dir='ltr'><strong>sive</strong></span> <span class='ocrx_word' id='word_1_552' title='bbox 2421 3730 2490 3786; x_wconf 91' lang='lat' dir='ltr'><strong>de</strong></span> <span class='ocrx_word' id='word_1_553' title='bbox 2545 3727 2789 3785; x_wconf 86' lang='lat' dir='ltr'><strong>secundo</strong></span> <span class='ocrx_word' id='word_1_554' title='bbox 2825 3726 3064 3781; x_wconf 85' lang='lat' dir='ltr'><strong>adventu</strong></span> <span class='ocrx_word' id='word_1_555' title='bbox 3108 3724 3213 3779; x_wconf 89' lang='lat' dir='ltr'><strong>hoc</strong></span> <span class='ocrx_word' id='word_1_556' title='bbox 3250 3722 3616 3786; x_wconf 80' lang='lat' dir='ltr'><strong>intellexeris,</strong></span> 
     </span>
    </p>
   </div>
   <div class='ocr_carea' id='block_1_78' title="bbox 2036 3823 3428 3879">
    <p class='ocr_par' dir='ltr' id='par_1_78' title="bbox 2036 3823 3428 3879">
     <span class='ocr_line' id='line_1_78' title="bbox 2036 3823 3428 3879; baseline -0.004 0"><span class='ocrx_word' id='word_1_557' title='bbox 2036 3838 2145 3879; x_wconf 87' lang='lat' dir='ltr'><strong>non</strong></span> <span class='ocrx_word' id='word_1_558' title='bbox 2179 3823 2418 3878; x_wconf 86' lang='lat' dir='ltr'><strong>errabis.</strong></span> <span class='ocrx_word' id='word_1_559' title='bbox 3424 3824 3428 3829; x_wconf 83' lang='grc'><em>’</em></span> 
     </span>
    </p>
   </div>
   <div class='ocr_carea' id='block_1_79' title="bbox 2109 3907 3616 3981">
    <p class='ocr_par' dir='ltr' id='par_1_79' title="bbox 2109 3907 3616 3981">
     <span class='ocr_line' id='line_1_79' title="bbox 2109 3907 3616 3981; baseline -0.004 -13"><span class='ocrx_word' id='word_1_560' title='bbox 2109 3915 2194 3968; x_wconf 76' lang='lat' dir='ltr'><strong>Ea:</strong></span> <span class='ocrx_word' id='word_1_561' title='bbox 2228 3924 2380 3969; x_wconf 83' lang='lat' dir='ltr'><strong>utero</strong></span> <span class='ocrx_word' id='word_1_562' title='bbox 2424 3921 2548 3967; x_wconf 82' lang='lat' dir='ltr'><strong>ante</strong></span> <span class='ocrx_word' id='word_1_563' title='bbox 2593 3912 2878 3980; x_wconf 82' lang='lat' dir='ltr'><strong>luciferum</strong></span> <span class='ocrx_word' id='word_1_564' title='bbox 2924 3912 3081 3981; x_wconf 82' lang='lat' dir='ltr'><strong>genui</strong></span> <span class='ocrx_word' id='word_1_565' title='bbox 3129 3920 3196 3965; x_wconf 86' lang='lat' dir='ltr'><strong>te.</strong></span> <span class='ocrx_word' id='word_1_566' title='bbox 3241 3907 3415 3963; x_wconf 81' lang='lat' dir='ltr'><strong>Verba</strong></span> <span class='ocrx_word' id='word_1_567' title='bbox 3474 3907 3561 3961; x_wconf 86' lang='lat' dir='ltr'><strong>illa</strong></span> <span class='ocrx_word' id='word_1_568' title='bbox 3600 3924 3616 3962; x_wconf 91' lang='lat'><strong>:</strong></span> 
     </span>
    </p>
   </div>
   <div class='ocr_carea' id='block_1_80' title="bbox 2036 3999 3613 4067">
    <p class='ocr_par' dir='ltr' id='par_1_80' title="bbox 2036 3999 3613 4067">
     <span class='ocr_line' id='line_1_80' title="bbox 2036 3999 3613 4067; baseline -0.006 -6"><span class='ocrx_word' id='word_1_569' title='bbox 2036 4005 2171 4061; x_wconf 85' lang='lat' dir='ltr'><strong>Sede</strong></span> <span class='ocrx_word' id='word_1_570' title='bbox 2195 4021 2227 4058; x_wconf 91' lang='lat' dir='ltr'><strong>a</strong></span> <span class='ocrx_word' id='word_1_571' title='bbox 2253 4005 2459 4059; x_wconf 76' lang='lat' dir='ltr'><strong>dextris</strong></span> <span class='ocrx_word' id='word_1_572' title='bbox 2484 4005 2636 4067; x_wconf 80' lang='lat' dir='ltr'><strong>meis,</strong></span> <span class='ocrx_word' id='word_1_573' title='bbox 2674 4003 2803 4058; x_wconf 88' lang='lat' dir='ltr'><strong>item</strong></span> <span class='ocrx_word' id='word_1_574' title='bbox 2838 4003 2941 4058; x_wconf 85' lang='lat' dir='ltr'><strong>ista</strong></span> <span class='ocrx_word' id='word_1_575' title='bbox 2977 4021 2992 4058; x_wconf 92' lang='lat'><strong>:</strong></span> <span class='ocrx_word' id='word_1_576' title='bbox 3030 4001 3112 4055; x_wconf 71' lang='lat' dir='ltr'><strong>Ex</strong></span> <span class='ocrx_word' id='word_1_577' title='bbox 3138 4009 3287 4056; x_wconf 70' lang='lat' dir='ltr'><strong>utero</strong></span> <span class='ocrx_word' id='word_1_578' title='bbox 3317 4010 3438 4054; x_wconf 85' lang='lat' dir='ltr'><strong>ante</strong></span> <span class='ocrx_word' id='word_1_579' title='bbox 3482 3999 3613 4053; x_wconf 88' lang='lat' dir='ltr'><strong>luci-</strong></span> 
     </span>
    </p>
   </div>
   <div class='ocr_carea' id='block_1_81' title="bbox 2034 4092 3613 4167">
    <p class='ocr_par' dir='ltr' id='par_1_81' title="bbox 2034 4092 3613 4167">
     <span class='ocr_line' id='line_1_81' title="bbox 2034 4092 3613 4167; baseline -0.003 -16"><span class='ocrx_word' id='word_1_580' title='bbox 2034 4098 2203 4166; x_wconf 79' lang='lat' dir='ltr'><strong>ferum</strong></span> <span class='ocrx_word' id='word_1_581' title='bbox 2236 4097 2395 4167; x_wconf 83' lang='lat' dir='ltr'><strong>genui</strong></span> <span class='ocrx_word' id='word_1_582' title='bbox 2424 4106 2493 4161; x_wconf 84' lang='lat' dir='ltr'><strong>te,</strong></span> <span class='ocrx_word' id='word_1_583' title='bbox 2527 4095 2670 4149; x_wconf 87' lang='lat' dir='ltr'><strong>dicta</strong></span> <span class='ocrx_word' id='word_1_584' title='bbox 2705 4094 2839 4148; x_wconf 92' lang='lat' dir='ltr'><strong>mihi</strong></span> <span class='ocrx_word' id='word_1_585' title='bbox 2883 4108 3010 4149; x_wconf 87' lang='lat' dir='ltr'><strong>esse</strong></span> <span class='ocrx_word' id='word_1_586' title='bbox 3042 4093 3318 4153; x_wconf 84' lang='lat' dir='ltr'><strong>videntur,</strong></span> <span class='ocrx_word' id='word_1_587' title='bbox 3349 4092 3516 4146; x_wconf 86' lang='lat' dir='ltr'><strong>veluti</strong></span> <span class='ocrx_word' id='word_1_588' title='bbox 3548 4107 3613 4146; x_wconf 80' lang='lat' dir='ltr'><strong>ex</strong></span> 
     </span>
    </p>
   </div>
   <div class='ocr_carea' id='block_1_82' title="bbox 2033 4184 3613 4257">
    <p class='ocr_par' dir='ltr' id='par_1_82' title="bbox 2033 4184 3613 4257">
     <span class='ocr_line' id='line_1_82' title="bbox 2033 4184 3613 4257; baseline -0.004 -16"><span class='ocrx_word' id='word_1_589' title='bbox 2033 4203 2269 4257; x_wconf 79' lang='lat' dir='ltr'><strong>persona</strong></span> <span class='ocrx_word' id='word_1_590' title='bbox 2308 4188 2486 4241; x_wconf 83' lang='lat' dir='ltr'><strong>Patris</strong></span> <span class='ocrx_word' id='word_1_591' title='bbox 2528 4186 2593 4241; x_wconf 88' lang='lat' dir='ltr'><strong>ad</strong></span> <span class='ocrx_word' id='word_1_592' title='bbox 2627 4185 2852 4239; x_wconf 83' lang='lat' dir='ltr'><strong>Filium.</strong></span> <span class='ocrx_word' id='word_1_593' title='bbox 2881 4184 2972 4238; x_wconf 87' lang='lat' dir='ltr'><strong>Illa</strong></span> <span class='ocrx_word' id='word_1_594' title='bbox 3007 4200 3178 4239; x_wconf 82' lang='lat' dir='ltr'><strong>vero:</strong></span> <span class='ocrx_word' id='word_1_595' title='bbox 3218 4184 3370 4251; x_wconf 78' lang='lat' dir='ltr'><strong>Virga</strong></span> <span class='ocrx_word' id='word_1_596' title='bbox 3399 4184 3613 4237; x_wconf 80' lang='lat' dir='ltr'><strong>uirtutis</strong></span> 
     </span>
    </p>
   </div>
   <div class='ocr_carea' id='block_1_83' title="bbox 2035 4274 3609 4343">
    <p class='ocr_par' dir='ltr' id='par_1_83' title="bbox 2035 4274 3609 4343">
     <span class='ocr_line' id='line_1_83' title="bbox 2035 4274 3609 4343; baseline -0.004 -12"><span class='ocrx_word' id='word_1_597' title='bbox 2035 4290 2163 4339; x_wconf 75' lang='lat' dir='ltr'><strong>tum,</strong></span> <span class='ocrx_word' id='word_1_598' title='bbox 2185 4279 2312 4332; x_wconf 84' lang='lat' dir='ltr'><strong>item</strong></span> <span class='ocrx_word' id='word_1_599' title='bbox 2340 4278 2432 4330; x_wconf 89' lang='lat' dir='ltr'><strong>illa</strong></span> <span class='ocrx_word' id='word_1_600' title='bbox 2456 4293 2470 4330; x_wconf 91' lang='lat'><strong>:</strong></span> <span class='ocrx_word' id='word_1_601' title='bbox 2499 4275 2694 4330; x_wconf 71' lang='lat' dir='ltr'><strong>Tecum</strong></span> <span class='ocrx_word' id='word_1_602' title='bbox 2713 4275 3038 4343; x_wconf 75' lang='lat' dir='ltr'><strong>principatus</strong></span> <span class='ocrx_word' id='word_1_603' title='bbox 3062 4274 3117 4327; x_wconf 85' lang='lat' dir='ltr'><strong>in</strong></span> <span class='ocrx_word' id='word_1_604' title='bbox 3145 4275 3230 4326; x_wconf 85' lang='lat' dir='ltr'><strong>die</strong></span> <span class='ocrx_word' id='word_1_605' title='bbox 3250 4274 3459 4327; x_wconf 76' lang='lat' dir='ltr'><strong>virtutis</strong></span> <span class='ocrx_word' id='word_1_606' title='bbox 3482 4283 3609 4335; x_wconf 71' lang='lat' dir='ltr'><strong>tna&#39;,</strong></span> 
     </span>
    </p>
   </div>
   <div class='ocr_carea' id='block_1_84' title="bbox 2032 4369 3616 4440">
    <p class='ocr_par' dir='ltr' id='par_1_84' title="bbox 2032 4369 3616 4440">
     <span class='ocr_line' id='line_1_84' title="bbox 2032 4369 3616 4440; baseline -0.004 -16"><span class='ocrx_word' id='word_1_607' title='bbox 2032 4372 2097 4424; x_wconf 83' lang='lat' dir='ltr'><strong>ad</strong></span> <span class='ocrx_word' id='word_1_608' title='bbox 2125 4371 2323 4426; x_wconf 84' lang='lat' dir='ltr'><strong>Filium</strong></span> <span class='ocrx_word' id='word_1_609' title='bbox 2359 4369 2602 4440; x_wconf 85' lang='lat' dir='ltr'><strong>quidem,</strong></span> <span class='ocrx_word' id='word_1_610' title='bbox 2642 4370 2738 4424; x_wconf 84' lang='lat' dir='ltr'><strong>sed</strong></span> <span class='ocrx_word' id='word_1_611' title='bbox 2777 4384 2844 4423; x_wconf 81' lang='lat' dir='ltr'><strong>ex</strong></span> <span class='ocrx_word' id='word_1_612' title='bbox 2883 4369 3168 4437; x_wconf 75' lang='lat' dir='ltr'><strong>PrOpltetae</strong></span> <span class='ocrx_word' id='word_1_613' title='bbox 3199 4379 3456 4435; x_wconf 85' lang='lat' dir='ltr'><strong>persona,</strong></span> <span class='ocrx_word' id='word_1_614' title='bbox 3486 4379 3616 4433; x_wconf 84' lang='lat' dir='ltr'><strong>pro-</strong></span> 
     </span>
    </p>
   </div>
   <div class='ocr_carea' id='block_1_85' title="bbox 2033 4458 3612 4530">
    <p class='ocr_par' dir='ltr' id='par_1_85' title="bbox 2033 4458 3612 4530">
     <span class='ocr_line' id='line_1_85' title="bbox 2033 4458 3612 4530; baseline -0.006 -13"><span class='ocrx_word' id='word_1_615' title='bbox 2033 4464 2184 4517; x_wconf 87' lang='lat' dir='ltr'><strong>l&#39;crri.</strong></span> <span class='ocrx_word' id='word_1_616' title='bbox 2220 4463 2282 4517; x_wconf 78' lang='lat' dir='ltr'><strong>Et</strong></span> <span class='ocrx_word' id='word_1_617' title='bbox 2326 4463 2438 4516; x_wconf 67' lang='lat' dir='ltr'><strong>haec</strong></span> <span class='ocrx_word' id='word_1_618' title='bbox 2473 4462 2691 4530; x_wconf 88' lang='lat' dir='ltr'><strong>quidem</strong></span> <span class='ocrx_word' id='word_1_619' title='bbox 2731 4459 2895 4515; x_wconf 84' lang='lat' dir='ltr'><strong>verba</strong></span> <span class='ocrx_word' id='word_1_620' title='bbox 2944 4475 2966 4511; x_wconf 57' lang='grc' dir='ltr'><strong>ηε</strong></span> <span class='ocrx_word' id='word_1_621' title='bbox 2995 4458 3081 4512; x_wconf 75' lang='lat' dir='ltr'><strong>Ex</strong></span> <span class='ocrx_word' id='word_1_622' title='bbox 3111 4466 3283 4522; x_wconf 86' lang='lat' dir='ltr'><strong>utero,</strong></span> <span class='ocrx_word' id='word_1_623' title='bbox 3330 4469 3511 4509; x_wconf 86' lang='lat' dir='ltr'><strong>veram</strong></span> <span class='ocrx_word' id='word_1_624' title='bbox 3548 4468 3612 4508; x_wconf 83' lang='lat' dir='ltr'><strong>ac</strong></span> 
     </span>
    </p>
   </div>
   <div class='ocr_carea' id='block_1_86' title="bbox 337 4546 1933 4625">
    <p class='ocr_par' dir='ltr' id='par_1_86' title="bbox 337 4546 1920 4619">
     <span class='ocr_line' id='line_1_86' title="bbox 337 4546 1920 4619; baseline 0.001 -18"><span class='ocrx_word' id='word_1_625' title='bbox 337 4550 406 4603; x_wconf 80' lang='grc' dir='ltr'>ὲκ</span> <span class='ocrx_word' id='word_1_626' title='bbox 439 4548 677 4619; x_wconf 70' lang='grc' dir='ltr'>γαστρὸς</span> <span class='ocrx_word' id='word_1_627' title='bbox 710 4546 821 4600; x_wconf 89' lang='grc' dir='ltr'><strong>τῶν</strong></span> <span class='ocrx_word' id='word_1_628' title='bbox 853 4548 1059 4615; x_wconf 79' lang='grc' dir='ltr'>γονέων</span> <span class='ocrx_word' id='word_1_629' title='bbox 1085 4546 1522 4614; x_wconf 83' lang='grc' dir='ltr'>ἀπογεννῶνται.</span> <span class='ocrx_word' id='word_1_630' title='bbox 1571 4548 1645 4600; x_wconf 78' lang='grc' dir='ltr'>Τὸ</span> <span class='ocrx_word' id='word_1_631' title='bbox 1677 4547 1756 4606; x_wconf 71' lang='grc' dir='ltr'><strong>δὲ.</strong></span> <span class='ocrx_word' id='word_1_632' title='bbox 1799 4550 1920 4617; x_wconf 88' lang='grc' dir='ltr'><strong>Πρὸ</strong></span> 
     </span>
    </p>
   </div>
   <div class='ocr_carea' id='block_1_87' title="bbox 2036 4546 3610 4625">
    <p class='ocr_par' dir='ltr' id='par_1_87' title="bbox 2036 4546 3610 4625">
     <span class='ocr_line' id='line_1_87' title="bbox 2036 4546 3610 4625; baseline -0.006 -16"><span class='ocrx_word' id='word_1_633' title='bbox 2036 4571 2342 4625; x_wconf 76' lang='lat' dir='ltr'><strong>germanam</strong></span> <span class='ocrx_word' id='word_1_634' title='bbox 2377 4555 2526 4607; x_wconf 88' lang='lat' dir='ltr'><strong>illam</strong></span> <span class='ocrx_word' id='word_1_635' title='bbox 2555 4554 2795 4607; x_wconf 85' lang='lat' dir='ltr'><strong>divinam</strong></span> <span class='ocrx_word' id='word_1_636' title='bbox 2824 4550 3233 4621; x_wconf 83' lang='lat' dir='ltr'><strong>generationem</strong></span> <span class='ocrx_word' id='word_1_637' title='bbox 3271 4546 3610 4617; x_wconf 75' lang='lat' dir='ltr'><strong>signiﬁcant,</strong></span> 
     </span>
    </p>
   </div>
   <div class='ocr_carea' id='block_1_88' title="bbox 337 4639 1926 4712">
    <p class='ocr_par' dir='ltr' id='par_1_88' title="bbox 337 4639 1926 4712">
     <span class='ocr_line' id='line_1_88' title="bbox 337 4639 1926 4712; baseline -0.002 -18"><span class='ocrx_word' id='word_1_638' title='bbox 337 4640 674 4710; x_wconf 73' lang='grc' dir='ltr'>ἑωσφόρον,</span> <span class='ocrx_word' id='word_1_639' title='bbox 704 4641 767 4693; x_wconf 82' lang='grc' dir='ltr'>τὸ</span> <span class='ocrx_word' id='word_1_640' title='bbox 797 4639 906 4709; x_wconf 80' lang='grc' dir='ltr'><strong>πρὸ</strong></span> <span class='ocrx_word' id='word_1_641' title='bbox 956 4639 1054 4693; x_wconf 82' lang='grc' dir='ltr'><strong>τοῦ</strong></span> <span class='ocrx_word' id='word_1_642' title='bbox 1089 4639 1347 4708; x_wconf 81' lang='grc' dir='ltr'>γενέσθαι</span> <span class='ocrx_word' id='word_1_643' title='bbox 1377 4641 1470 4694; x_wconf 80' lang='grc' dir='ltr'><strong>τὸν</strong></span> <span class='ocrx_word' id='word_1_644' title='bbox 1492 4640 1648 4712; x_wconf 80' lang='grc' dir='ltr'>ἣλιον</span> <span class='ocrx_word' id='word_1_645' title='bbox 1672 4657 1686 4671; x_wconf 83' lang='lat'><strong><em>°</em></strong></span> <span class='ocrx_word' id='word_1_646' title='bbox 1726 4641 1823 4695; x_wconf 75' lang='grc' dir='ltr'>καὶ</span> <span class='ocrx_word' id='word_1_647' title='bbox 1866 4643 1926 4693; x_wconf 74' lang='grc' dir='ltr'>ἐν</span> 
     </span>
    </p>
   </div>
   <div class='ocr_carea' id='block_1_89' title="bbox 334 4730 1921 4804">
    <p class='ocr_par' dir='ltr' id='par_1_89' title="bbox 334 4730 1921 4804">
     <span class='ocr_line' id='line_1_89' title="bbox 334 4730 1921 4804; baseline 0.001 -20"><span class='ocrx_word' id='word_1_648' title='bbox 334 4731 418 4802; x_wconf 84' lang='grc' dir='ltr'>τῷ</span> <span class='ocrx_word' id='word_1_649' title='bbox 443 4730 523 4784; x_wconf 87' lang='grc' dir='ltr'>οα¹</span> <span class='ocrx_word' id='word_1_650' title='bbox 568 4731 774 4804; x_wconf 72' lang='grc' dir='ltr'>ψαλμῷ</span> <span class='ocrx_word' id='word_1_651' title='bbox 800 4748 970 4802; x_wconf 81' lang='grc' dir='ltr'>φησιν</span> <span class='ocrx_word' id='word_1_652' title='bbox 996 4749 1011 4764; x_wconf 79' lang='grc' dir='ltr'><strong><em>ο</em></strong></span> <span class='ocrx_word' id='word_1_653' title='bbox 1071 4734 1194 4800; x_wconf 86' lang='grc' dir='ltr'><strong>Πρὸ</strong></span> <span class='ocrx_word' id='word_1_654' title='bbox 1216 4733 1325 4788; x_wconf 82' lang='grc' dir='ltr'>τοῦ</span> <span class='ocrx_word' id='word_1_655' title='bbox 1353 4734 1536 4800; x_wconf 75' lang='grc' dir='ltr'>ἡλίου</span> <span class='ocrx_word' id='word_1_656' title='bbox 1564 4732 1829 4804; x_wconf 74' lang='grc' dir='ltr'>διαμένει</span> <span class='ocrx_word' id='word_1_657' title='bbox 1852 4734 1921 4787; x_wconf 80' lang='grc' dir='ltr'><strong>τὸ</strong></span> 
     </span>
    </p>
   </div>
   <div class='ocr_carea' id='block_1_90' title="bbox 335 4822 1920 4895">
    <p class='ocr_par' dir='ltr' id='par_1_90' title="bbox 335 4822 1920 4895">
     <span class='ocr_line' id='line_1_90' title="bbox 335 4822 1920 4895; baseline -0.002 -15"><span class='ocrx_word' id='word_1_658' title='bbox 335 4826 530 4895; x_wconf 81' lang='grc' dir='ltr'>ὄνομα</span> <span class='ocrx_word' id='word_1_659' title='bbox 557 4824 627 4878; x_wconf 69' lang='grc' dir='ltr'>αἰ</span> <span class='ocrx_word' id='word_1_660' title='bbox 638 4823 765 4878; x_wconf 85' lang='grc' dir='ltr'>τοῦ·</span> <span class='ocrx_word' id='word_1_661' title='bbox 788 4824 843 4877; x_wconf 82' lang='grc' dir='ltr'><strong>τι</strong></span> <span class='ocrx_word' id='word_1_662' title='bbox 867 4822 996 4889; x_wconf 80' lang='grc' dir='ltr'>οὖνς</span> <span class='ocrx_word' id='word_1_663' title='bbox 1027 4824 1133 4894; x_wconf 82' lang='grc' dir='ltr'><strong>πρὸ</strong></span> <span class='ocrx_word' id='word_1_664' title='bbox 1151 4825 1245 4877; x_wconf 77' lang='grc' dir='ltr'><strong>τοῦ</strong></span> <span class='ocrx_word' id='word_1_665' title='bbox 1265 4824 1418 4895; x_wconf 79' lang='grc' dir='ltr'>ήλιου</span> <span class='ocrx_word' id='word_1_666' title='bbox 1445 4825 1608 4892; x_wconf 84' lang='grc' dir='ltr'>μόνον</span> <span class='ocrx_word' id='word_1_667' title='bbox 1627 4826 1920 4893; x_wconf 78' lang='grc' dir='ltr'>ἐγέννησεν</span> 
     </span>
    </p>
   </div>
   <div class='ocr_carea' id='block_1_91' title="bbox 337 4913 1920 4986">
    <p class='ocr_par' dir='ltr' id='par_1_91' title="bbox 337 4913 1920 4986">
     <span class='ocr_line' id='line_1_91' title="bbox 337 4913 1920 4986; baseline -0.001 -15"><span class='ocrx_word' id='word_1_668' title='bbox 337 4916 538 4981; x_wconf 75' lang='grc' dir='ltr'>αὐτόνς</span> <span class='ocrx_word' id='word_1_669' title='bbox 569 4913 856 4985; x_wconf 75' lang='grc' dir='ltr'>Οὐδαμῶς,</span> <span class='ocrx_word' id='word_1_670' title='bbox 881 4915 1007 4968; x_wconf 71' lang='grc' dir='ltr'>ἐπεὶ</span> <span class='ocrx_word' id='word_1_671' title='bbox 1038 4915 1134 4968; x_wconf 76' lang='grc' dir='ltr'>καὶ</span> <span class='ocrx_word' id='word_1_672' title='bbox 1159 4915 1397 4986; x_wconf 83' lang='grc' dir='ltr'>ἀλλαχοῦ</span> <span class='ocrx_word' id='word_1_673' title='bbox 1438 4933 1627 4985; x_wconf 81' lang='grc' dir='ltr'>φησιν.</span> <span class='ocrx_word' id='word_1_674' title='bbox 1664 4917 1771 4970; x_wconf 79' lang='grc' dir='ltr'><strong>Καὶ</strong></span> <span class='ocrx_word' id='word_1_675' title='bbox 1800 4915 1920 4969; x_wconf 78' lang='grc' dir='ltr'>ἀπὸ</span> 
     </span>
    </p>
   </div>
   <div class='ocr_carea' id='block_1_92' title="bbox 334 5004 1920 5073">
    <p class='ocr_par' dir='ltr' id='par_1_92' title="bbox 334 5004 1920 5073">
     <span class='ocr_line' id='line_1_92' title="bbox 334 5004 1920 5073; baseline 0 -12"><span class='ocrx_word' id='word_1_676' title='bbox 334 5006 448 5061; x_wconf 81' lang='grc' dir='ltr'>τοῦ</span> <span class='ocrx_word' id='word_1_677' title='bbox 477 5004 694 5071; x_wconf 72' lang='grc' dir='ltr'>αἰῶνος</span> <span class='ocrx_word' id='word_1_678' title='bbox 722 5005 835 5072; x_wconf 81' lang='grc' dir='ltr'><strong>ἕως</strong></span> <span class='ocrx_word' id='word_1_679' title='bbox 854 5004 962 5061; x_wconf 82' lang='grc' dir='ltr'>τοῦ</span> <span class='ocrx_word' id='word_1_680' title='bbox 978 5006 1198 5073; x_wconf 74' lang='grc' dir='ltr'>αζῶνος</span> <span class='ocrx_word' id='word_1_681' title='bbox 1230 5007 1312 5061; x_wconf 85' lang='grc' dir='ltr'>σὺ</span> <span class='ocrx_word' id='word_1_682' title='bbox 1334 5005 1429 5061; x_wconf 75' lang='grc' dir='ltr'><strong>εἴ·</strong></span> <span class='ocrx_word' id='word_1_683' title='bbox 1465 5011 1642 5061; x_wconf 80' lang='grc' dir='ltr'>καίτοι</span> <span class='ocrx_word' id='word_1_684' title='bbox 1675 5010 1777 5061; x_wconf 80' lang='grc' dir='ltr'>οὐκ</span> <span class='ocrx_word' id='word_1_685' title='bbox 1811 5010 1920 5061; x_wconf 83' lang='grc' dir='ltr'>ἀπὸ</span> 
     </span>
    </p>
   </div>
   <div class='ocr_carea' id='block_1_93' title="bbox 336 5092 1918 5170">
    <p class='ocr_par' dir='ltr' id='par_1_93' title="bbox 336 5092 1918 5170">
     <span class='ocr_line' id='line_1_93' title="bbox 336 5092 1918 5170; baseline 0.002 -19"><span class='ocrx_word' id='word_1_686' title='bbox 336 5097 436 5151; x_wconf 82' lang='grc' dir='ltr'>τοῦ</span> <span class='ocrx_word' id='word_1_687' title='bbox 459 5098 659 5161; x_wconf 68' lang='grc' dir='ltr'>αἰῶνος</span> <span class='ocrx_word' id='word_1_688' title='bbox 691 5092 877 5169; x_wconf 80' lang='grc' dir='ltr'>μόνον,</span> <span class='ocrx_word' id='word_1_689' title='bbox 901 5098 1040 5153; x_wconf 82' lang='grc' dir='ltr'><strong>ἀλλά</strong></span> <span class='ocrx_word' id='word_1_690' title='bbox 1074 5098 1170 5152; x_wconf 72' lang='grc' dir='ltr'>καὶ</span> <span class='ocrx_word' id='word_1_691' title='bbox 1190 5100 1296 5170; x_wconf 84' lang='grc' dir='ltr'><strong>πρὸ</strong></span> <span class='ocrx_word' id='word_1_692' title='bbox 1321 5099 1417 5153; x_wconf 82' lang='grc' dir='ltr'>τοῦ</span> <span class='ocrx_word' id='word_1_693' title='bbox 1448 5100 1665 5164; x_wconf 77' lang='grc' dir='ltr'>αἰῶνος·</span> <span class='ocrx_word' id='word_1_694' title='bbox 1695 5102 1791 5154; x_wconf 77' lang='grc' dir='ltr'>καὶ</span> <span class='ocrx_word' id='word_1_695' title='bbox 1819 5101 1918 5170; x_wconf 83' lang='grc' dir='ltr'>οὐχ</span> 
     </span>
    </p>
   </div>
   <div class='ocr_carea' id='block_1_94' title="bbox 336 5188 1920 5262">
    <p class='ocr_par' dir='ltr' id='par_1_94' title="bbox 336 5188 1920 5262">
     <span class='ocr_line' id='line_1_94' title="bbox 336 5188 1920 5262; baseline 0.003 -20"><span class='ocrx_word' id='word_1_696' title='bbox 336 5191 445 5252; x_wconf 77' lang='grc' dir='ltr'><strong>ἓως</strong></span> <span class='ocrx_word' id='word_1_697' title='bbox 461 5189 555 5243; x_wconf 82' lang='grc' dir='ltr'><strong>τοῦ</strong></span> <span class='ocrx_word' id='word_1_698' title='bbox 573 5190 770 5249; x_wconf 80' lang='grc' dir='ltr'>αἰῶνος</span> <span class='ocrx_word' id='word_1_699' title='bbox 791 5190 974 5259; x_wconf 81' lang='grc' dir='ltr'>μόνον,</span> <span class='ocrx_word' id='word_1_700' title='bbox 996 5190 1112 5243; x_wconf 78' lang='grc' dir='ltr'>ἀλλ’</span> <span class='ocrx_word' id='word_1_701' title='bbox 1134 5191 1460 5262; x_wconf 83' lang='grc' dir='ltr'>ἀπέραντος.</span> <span class='ocrx_word' id='word_1_702' title='bbox 1478 5190 1813 5262; x_wconf 78' lang='grc' dir='ltr'>Θεοπρεπῶς</span> <span class='ocrx_word' id='word_1_703' title='bbox 1827 5188 1920 5246; x_wconf 82' lang='grc' dir='ltr'>οὖν</span> 
     </span>
    </p>
   </div>
   <div class='ocr_carea' id='block_1_95' title="bbox 338 5280 1919 5353">
    <p class='ocr_par' dir='ltr' id='par_1_95' title="bbox 338 5280 1919 5353">
     <span class='ocr_line' id='line_1_95' title="bbox 338 5280 1919 5353; baseline 0.002 -19"><span class='ocrx_word' id='word_1_704' title='bbox 338 5280 409 5334; x_wconf 83' lang='grc' dir='ltr'><strong>τὰ</strong></span> <span class='ocrx_word' id='word_1_705' title='bbox 429 5281 663 5334; x_wconf 82' lang='grc' dir='ltr'>τοιαῦτα</span> <span class='ocrx_word' id='word_1_706' title='bbox 715 5280 822 5353; x_wconf 78' lang='grc' dir='ltr'>χρὴ</span> <span class='ocrx_word' id='word_1_707' title='bbox 841 5281 1116 5351; x_wconf 84' lang='grc' dir='ltr'>δέχεσθαι,</span> <span class='ocrx_word' id='word_1_708' title='bbox 1169 5283 1264 5336; x_wconf 79' lang='grc' dir='ltr'>καὶ</span> <span class='ocrx_word' id='word_1_709' title='bbox 1291 5283 1351 5338; x_wconf 79' lang='grc' dir='ltr'>τὸ</span> <span class='ocrx_word' id='word_1_710' title='bbox 1386 5283 1493 5353; x_wconf 78' lang='grc' dir='ltr'><strong>πρὸ</strong></span> <span class='ocrx_word' id='word_1_711' title='bbox 1521 5284 1742 5338; x_wconf 84' lang='grc' dir='ltr'>πάντων</span> <span class='ocrx_word' id='word_1_712' title='bbox 1775 5288 1919 5338; x_wconf 82' lang='grc' dir='ltr'>νοεῖν</span> 
     </span>
    </p>
   </div>
   <div class='ocr_carea' id='block_1_96' title="bbox 338 5373 1914 5444">
    <p class='ocr_par' dir='ltr' id='par_1_96' title="bbox 338 5373 1914 5444">
     <span class='ocr_line' id='line_1_96' title="bbox 338 5373 1914 5444; baseline 0.003 -20"><span class='ocrx_word' id='word_1_713' title='bbox 338 5374 406 5424; x_wconf 80' lang='grc' dir='ltr'>ὲκ</span> <span class='ocrx_word' id='word_1_714' title='bbox 432 5376 640 5425; x_wconf 85' lang='grc' dir='ltr'>τούτων</span> <span class='ocrx_word' id='word_1_715' title='bbox 693 5374 790 5426; x_wconf 76' lang='grc' dir='ltr'>καὶ</span> <span class='ocrx_word' id='word_1_716' title='bbox 821 5373 884 5426; x_wconf 85' lang='grc' dir='ltr'>τὸ</span> <span class='ocrx_word' id='word_1_717' title='bbox 935 5375 1288 5444; x_wconf 89' lang='grc' dir='ltr'>προαιώνιον.</span> <span class='ocrx_word' id='word_1_718' title='bbox 1316 5375 1382 5427; x_wconf 82' lang='lat' dir='ltr'><strong>0i</strong></span> <span class='ocrx_word' id='word_1_719' title='bbox 1415 5374 1474 5428; x_wconf 79' lang='grc' dir='ltr'>δὲ</span> <span class='ocrx_word' id='word_1_720' title='bbox 1502 5375 1752 5435; x_wconf 80' lang='grc' dir='ltr'>νοοῦντες</span> <span class='ocrx_word' id='word_1_721' title='bbox 1793 5376 1914 5443; x_wconf 88' lang='grc' dir='ltr'><strong>Πρὸ</strong></span> 
     </span>
    </p>
   </div>
   <div class='ocr_carea' id='block_1_97' title="bbox 337 5463 1916 5541">
    <p class='ocr_par' dir='ltr' id='par_1_97' title="bbox 337 5463 1916 5541">
     <span class='ocr_line' id='line_1_97' title="bbox 337 5463 1916 5541; baseline 0.003 -22"><span class='ocrx_word' id='word_1_722' title='bbox 337 5463 653 5535; x_wconf 67' lang='grc' dir='ltr'>ἑωσφόρον</span> <span class='ocrx_word' id='word_1_723' title='bbox 711 5464 810 5536; x_wconf 85' lang='grc' dir='ltr'>τὴν</span> <span class='ocrx_word' id='word_1_724' title='bbox 851 5466 1025 5520; x_wconf 88' lang='grc' dir='ltr'>νύκτα</span> <span class='ocrx_word' id='word_1_725' title='bbox 1078 5467 1193 5538; x_wconf 73' lang='lat'><strong>(25)</strong></span> <span class='ocrx_word' id='word_1_726' title='bbox 1237 5466 1363 5522; x_wconf 86' lang='grc' dir='ltr'>καθ’</span> <span class='ocrx_word' id='word_1_727' title='bbox 1415 5468 1486 5541; x_wconf 73' lang='grc' dir='ltr'>ἢν</span> <span class='ocrx_word' id='word_1_728' title='bbox 1541 5469 1634 5522; x_wconf 88' lang='grc' dir='ltr'>τὸν</span> <span class='ocrx_word' id='word_1_729' title='bbox 1681 5469 1916 5538; x_wconf 62' lang='grc' dir='ltr'>Χριστὸν</span> 
     </span>
    </p>
   </div>
   <div class='ocr_carea' id='block_1_98' title="bbox 430 5579 1001 5647">
    <p class='ocr_par' dir='ltr' id='par_1_98' title="bbox 430 5579 1001 5647">
     <span class='ocr_line' id='line_1_98' title="bbox 430 5579 1001 5647; baseline 0.002 -14"><span class='ocrx_word' id='word_1_730' title='bbox 430 5580 476 5612; x_wconf 76' lang='grc'><strong>⁸⁸</strong></span> <span class='ocrx_word' id='word_1_731' title='bbox 500 5579 695 5635; x_wconf 83' lang='lat' dir='ltr'><strong>Matth.</strong></span> <span class='ocrx_word' id='word_1_732' title='bbox 747 5595 867 5647; x_wconf 75' lang='lat' dir='ltr'><strong>xm,</strong></span> <span class='ocrx_word' id='word_1_733' title='bbox 907 5581 1001 5637; x_wconf 76' lang='grc'><strong>45.</strong></span> 
     </span>
    </p>
   </div>
   <div class='ocr_carea' id='block_1_99' title="bbox 2027 4638 3612 4717">
    <p class='ocr_par' dir='ltr' id='par_1_99' title="bbox 2027 4638 3612 4717">
     <span class='ocr_line' id='line_1_99' title="bbox 2027 4638 3612 4717; baseline -0.006 -15"><span class='ocrx_word' id='word_1_734' title='bbox 2027 4658 2192 4717; x_wconf 87' lang='lat' dir='ltr'><strong>atque</strong></span> <span class='ocrx_word' id='word_1_735' title='bbox 2224 4647 2564 4702; x_wconf 85' lang='lat' dir='ltr'><strong>identitatem</strong></span> <span class='ocrx_word' id='word_1_736' title='bbox 2604 4645 2952 4700; x_wconf 70' lang='lat' dir='ltr'><strong>substantiae.</strong></span> <span class='ocrx_word' id='word_1_737' title='bbox 2987 4641 3124 4698; x_wconf 83' lang='lat' dir='ltr'><strong>Vera</strong></span> <span class='ocrx_word' id='word_1_738' title='bbox 3172 4641 3377 4696; x_wconf 88' lang='lat' dir='ltr'><strong>etenim</strong></span> <span class='ocrx_word' id='word_1_739' title='bbox 3428 4638 3612 4709; x_wconf 88' lang='lat' dir='ltr'><strong>proles</strong></span> 
     </span>
    </p>
   </div>
   <div class='ocr_carea' id='block_1_100' title="bbox 2026 4730 3615 4811">
    <p class='ocr_par' dir='ltr' id='par_1_100' title="bbox 2026 4730 3615 4811">
     <span class='ocr_line' id='line_1_100' title="bbox 2026 4730 3615 4811; baseline -0.009 -14"><span class='ocrx_word' id='word_1_740' title='bbox 2026 4743 2094 4797; x_wconf 92' lang='lat' dir='ltr'><strong>de</strong></span> <span class='ocrx_word' id='word_1_741' title='bbox 2129 4755 2322 4797; x_wconf 84' lang='lat' dir='ltr'><strong>ventre</strong></span> <span class='ocrx_word' id='word_1_742' title='bbox 2342 4749 2629 4811; x_wconf 88' lang='lat' dir='ltr'><strong>parentum</strong></span> <span class='ocrx_word' id='word_1_743' title='bbox 2657 4747 2979 4810; x_wconf 60' lang='lat' dir='ltr'><strong>generatur.</strong></span> <span class='ocrx_word' id='word_1_744' title='bbox 3012 4735 3105 4789; x_wconf 91' lang='lat' dir='ltr'><strong>Illa</strong></span> <span class='ocrx_word' id='word_1_745' title='bbox 3143 4749 3273 4789; x_wconf 88' lang='lat' dir='ltr'><strong>vero</strong></span> <span class='ocrx_word' id='word_1_746' title='bbox 3310 4749 3324 4786; x_wconf 89' lang='lat'><strong>:</strong></span> <span class='ocrx_word' id='word_1_747' title='bbox 3361 4730 3497 4785; x_wconf 79' lang='lat' dir='ltr'><strong>Ante</strong></span> <span class='ocrx_word' id='word_1_748' title='bbox 3525 4731 3615 4784; x_wconf 83' lang='lat' dir='ltr'><strong>lu-</strong></span> 
     </span>
    </p>
   </div>
   <div class='ocr_carea' id='block_1_101' title="bbox 2027 4822 3612 4903">
    <p class='ocr_par' dir='ltr' id='par_1_101' title="bbox 2027 4822 3612 4903">
     <span class='ocr_line' id='line_1_101' title="bbox 2027 4822 3612 4903; baseline -0.008 -15"><span class='ocrx_word' id='word_1_749' title='bbox 2027 4835 2274 4903; x_wconf 78' lang='lat' dir='ltr'><strong>ciferum,</strong></span> <span class='ocrx_word' id='word_1_750' title='bbox 2326 4833 2686 4887; x_wconf 66' lang='lat' dir='ltr'><strong>aeternitatem</strong></span> <span class='ocrx_word' id='word_1_751' title='bbox 2744 4829 2946 4883; x_wconf 69' lang='lat' dir='ltr'><strong>divinae</strong></span> <span class='ocrx_word' id='word_1_752' title='bbox 3000 4826 3167 4896; x_wconf 85' lang='lat' dir='ltr'><strong>hujus</strong></span> <span class='ocrx_word' id='word_1_753' title='bbox 3220 4822 3612 4896; x_wconf 77' lang='lat' dir='ltr'><strong>generationis,</strong></span> 
     </span>
    </p>
   </div>
   <div class='ocr_carea' id='block_1_102' title="bbox 2027 4914 3611 4981">
    <p class='ocr_par' dir='ltr' id='par_1_102' title="bbox 2027 4914 3611 4981">
     <span class='ocr_line' id='line_1_102' title="bbox 2027 4914 3611 4981; baseline -0.008 -1"><span class='ocrx_word' id='word_1_754' title='bbox 2027 4927 2158 4980; x_wconf 88' lang='lat' dir='ltr'><strong>dum</strong></span> <span class='ocrx_word' id='word_1_755' title='bbox 2209 4935 2339 4978; x_wconf 90' lang='lat' dir='ltr'><strong>ante</strong></span> <span class='ocrx_word' id='word_1_756' title='bbox 2368 4924 2662 4979; x_wconf 82' lang='lat' dir='ltr'><strong>luciferum</strong></span> <span class='ocrx_word' id='word_1_757' title='bbox 2715 4935 2837 4977; x_wconf 86' lang='lat' dir='ltr'><strong>eam</strong></span> <span class='ocrx_word' id='word_1_758' title='bbox 2894 4920 3068 4976; x_wconf 74' lang='lat' dir='ltr'><strong>fuisse</strong></span> <span class='ocrx_word' id='word_1_759' title='bbox 3115 4925 3474 4981; x_wconf 82' lang='lat' dir='ltr'><strong>attestantur,</strong></span> <span class='ocrx_word' id='word_1_760' title='bbox 3505 4914 3611 4968; x_wconf 89' lang='lat' dir='ltr'><strong>hoc</strong></span> 
     </span>
    </p>
   </div>
   <div class='ocr_carea' id='block_1_103' title="bbox 2029 5005 3611 5086">
    <p class='ocr_par' dir='ltr' id='par_1_103' title="bbox 2029 5005 3611 5086">
     <span class='ocr_line' id='line_1_103' title="bbox 2029 5005 3611 5086; baseline -0.009 -15"><span class='ocrx_word' id='word_1_761' title='bbox 2029 5025 2133 5081; x_wconf 85' lang='lat' dir='ltr'><strong>est,</strong></span> <span class='ocrx_word' id='word_1_762' title='bbox 2182 5024 2479 5086; x_wconf 86' lang='lat' dir='ltr'><strong>antequam</strong></span> <span class='ocrx_word' id='word_1_763' title='bbox 2543 5014 2665 5084; x_wconf 89' lang='lat' dir='ltr'><strong>ipse</strong></span> <span class='ocrx_word' id='word_1_764' title='bbox 2701 5013 2789 5069; x_wconf 89' lang='lat' dir='ltr'><strong>sol</strong></span> <span class='ocrx_word' id='word_1_765' title='bbox 2837 5020 3059 5068; x_wconf 87' lang='lat' dir='ltr'><strong>creatus</strong></span> <span class='ocrx_word' id='word_1_766' title='bbox 3113 5017 3262 5065; x_wconf 87' lang='lat' dir='ltr'><strong>esset</strong></span> <span class='ocrx_word' id='word_1_767' title='bbox 3311 5024 3326 5060; x_wconf 89' lang='lat'><strong>:</strong></span> <span class='ocrx_word' id='word_1_768' title='bbox 3383 5021 3494 5077; x_wconf 88' lang='lat' dir='ltr'><strong>quo</strong></span> <span class='ocrx_word' id='word_1_769' title='bbox 3535 5005 3611 5058; x_wconf 92' lang='lat' dir='ltr'><strong>lo-</strong></span> 
     </span>
    </p>
   </div>
   <div class='ocr_carea' id='block_1_104' title="bbox 2025 5097 3608 5178">
    <p class='ocr_par' dir='ltr' id='par_1_104' title="bbox 2025 5097 3608 5178">
     <span class='ocr_line' id='line_1_104' title="bbox 2025 5097 3608 5178; baseline -0.011 -14"><span class='ocrx_word' id='word_1_770' title='bbox 2025 5107 2231 5178; x_wconf 87' lang='lat' dir='ltr'><strong>quendi</strong></span> <span class='ocrx_word' id='word_1_771' title='bbox 2295 5107 2459 5161; x_wconf 82' lang='lat' dir='ltr'><strong>modo</strong></span> <span class='ocrx_word' id='word_1_772' title='bbox 2497 5104 2630 5161; x_wconf 89' lang='lat' dir='ltr'><strong>alibi</strong></span> <span class='ocrx_word' id='word_1_773' title='bbox 2689 5104 2859 5161; x_wconf 89' lang='lat' dir='ltr'><strong>etiam</strong></span> <span class='ocrx_word' id='word_1_774' title='bbox 2897 5102 3172 5170; x_wconf 83' lang='lat' dir='ltr'><strong>Propheta</strong></span> <span class='ocrx_word' id='word_1_775' title='bbox 3206 5113 3341 5154; x_wconf 90' lang='lat' dir='ltr'><strong>usus</strong></span> <span class='ocrx_word' id='word_1_776' title='bbox 3400 5105 3506 5160; x_wconf 89' lang='lat' dir='ltr'><strong>est,</strong></span> <span class='ocrx_word' id='word_1_777' title='bbox 3552 5097 3608 5149; x_wconf 91' lang='lat' dir='ltr'><strong>in</strong></span> 
     </span>
    </p>
   </div>
   <div class='ocr_carea' id='block_1_105' title="bbox 2028 5193 3610 5268">
    <p class='ocr_par' dir='ltr' id='par_1_105' title="bbox 2028 5193 3610 5268">
     <span class='ocr_line' id='line_1_105' title="bbox 2028 5193 3610 5268; baseline -0.008 -16"><span class='ocrx_word' id='word_1_778' title='bbox 2028 5200 2240 5268; x_wconf 86' lang='lat' dir='ltr'><strong>psalmo</strong></span> <span class='ocrx_word' id='word_1_779' title='bbox 2278 5212 2403 5252; x_wconf 72' lang='grc' dir='ltr'><strong>ωτι</strong></span> <span class='ocrx_word' id='word_1_780' title='bbox 2437 5196 2629 5251; x_wconf 89' lang='lat' dir='ltr'><strong>dicens</strong></span> <span class='ocrx_word' id='word_1_781' title='bbox 2661 5211 2677 5250; x_wconf 90' lang='lat'><strong>:</strong></span> <span class='ocrx_word' id='word_1_782' title='bbox 2711 5194 2848 5249; x_wconf 86' lang='lat' dir='ltr'><strong>Ante</strong></span> <span class='ocrx_word' id='word_1_783' title='bbox 2875 5193 3045 5247; x_wconf 78' lang='lat' dir='ltr'><strong>solem</strong></span> <span class='ocrx_word' id='word_1_784' title='bbox 3095 5199 3367 5259; x_wconf 84' lang='lat' dir='ltr'><strong>permanet</strong></span> <span class='ocrx_word' id='word_1_785' title='bbox 3418 5203 3610 5241; x_wconf 87' lang='lat' dir='ltr'><strong>nomen</strong></span> 
     </span>
    </p>
   </div>
   <div class='ocr_carea' id='block_1_106' title="bbox 2028 5279 3649 5360">
    <p class='ocr_par' dir='ltr' id='par_1_106' title="bbox 2028 5279 3649 5360">
     <span class='ocr_line' id='line_1_106' title="bbox 2028 5279 3649 5360; baseline -0.009 -16"><span class='ocrx_word' id='word_1_786' title='bbox 2028 5290 2181 5360; x_wconf 78' lang='lat' dir='ltr'><strong>eius;</strong></span> <span class='ocrx_word' id='word_1_787' title='bbox 2211 5290 2304 5346; x_wconf 87' lang='lat' dir='ltr'><strong>sed</strong></span> <span class='ocrx_word' id='word_1_788' title='bbox 2333 5287 2582 5359; x_wconf 86' lang='lat' dir='ltr'><strong>nunquid</strong></span> <span class='ocrx_word' id='word_1_789' title='bbox 2622 5286 2762 5341; x_wconf 82' lang='lat' dir='ltr'><strong>forte</strong></span> <span class='ocrx_word' id='word_1_790' title='bbox 2791 5285 2899 5339; x_wconf 91' lang='lat' dir='ltr'><strong>hoc</strong></span> <span class='ocrx_word' id='word_1_791' title='bbox 2944 5283 3020 5335; x_wconf 90' lang='lat' dir='ltr'><strong>ita</strong></span> <span class='ocrx_word' id='word_1_792' title='bbox 3051 5279 3464 5348; x_wconf 74' lang='lat' dir='ltr'><strong>intelligendum</strong></span> <span class='ocrx_word' id='word_1_793' title='bbox 3497 5287 3605 5341; x_wconf 90' lang='lat' dir='ltr'><strong>est,</strong></span> <span class='ocrx_word' id='word_1_794' title='bbox 3641 5292 3649 5298; x_wconf 91' lang='grc'>·</span> 
     </span>
    </p>
   </div>
   <div class='ocr_carea' id='block_1_107' title="bbox 2031 5369 3606 5442">
    <p class='ocr_par' dir='ltr' id='par_1_107' title="bbox 2031 5369 3606 5442">
     <span class='ocr_line' id='line_1_107' title="bbox 2031 5369 3606 5442; baseline -0.008 -5"><span class='ocrx_word' id='word_1_795' title='bbox 2031 5392 2093 5437; x_wconf 92' lang='lat' dir='ltr'><strong>ut</strong></span> <span class='ocrx_word' id='word_1_796' title='bbox 2144 5381 2526 5436; x_wconf 89' lang='lat' dir='ltr'><strong>tantummodo</strong></span> <span class='ocrx_word' id='word_1_797' title='bbox 2552 5393 2673 5434; x_wconf 89' lang='lat' dir='ltr'><strong>eum</strong></span> <span class='ocrx_word' id='word_1_798' title='bbox 2701 5375 2864 5430; x_wconf 85' lang='lat' dir='ltr'><strong>Pater</strong></span> <span class='ocrx_word' id='word_1_799' title='bbox 2890 5381 3019 5428; x_wconf 89' lang='lat' dir='ltr'><strong>ante</strong></span> <span class='ocrx_word' id='word_1_800' title='bbox 3048 5372 3220 5427; x_wconf 78' lang='lat' dir='ltr'><strong>solent</strong></span> <span class='ocrx_word' id='word_1_801' title='bbox 3255 5369 3524 5442; x_wconf 75' lang='lat' dir='ltr'><strong>genuerit,</strong></span> <span class='ocrx_word' id='word_1_802' title='bbox 3549 5378 3606 5424; x_wconf 86' lang='lat' dir='ltr'><strong>et</strong></span> 
     </span>
    </p>
   </div>
   <div class='ocr_carea' id='block_1_108' title="bbox 2029 5461 3604 5530">
    <p class='ocr_par' dir='ltr' id='par_1_108' title="bbox 2029 5461 3604 5530">
     <span class='ocr_line' id='line_1_108' title="bbox 2029 5461 3604 5530; baseline -0.01 0"><span class='ocrx_word' id='word_1_803' title='bbox 2029 5490 2137 5530; x_wconf 93' lang='lat' dir='ltr'><strong>non</strong></span> <span class='ocrx_word' id='word_1_804' title='bbox 2170 5474 2370 5530; x_wconf 81' lang='lat' dir='ltr'><strong>antea?</strong></span> <span class='ocrx_word' id='word_1_805' title='bbox 2398 5472 2640 5527; x_wconf 84' lang='lat' dir='ltr'><strong>Minime.</strong></span> <span class='ocrx_word' id='word_1_806' title='bbox 2672 5467 2809 5523; x_wconf 85' lang='lat' dir='ltr'><strong>Nam</strong></span> <span class='ocrx_word' id='word_1_807' title='bbox 2841 5478 2896 5521; x_wconf 90' lang='lat' dir='ltr'><strong>et</strong></span> <span class='ocrx_word' id='word_1_808' title='bbox 2934 5464 3063 5520; x_wconf 89' lang='lat' dir='ltr'><strong>alibi</strong></span> <span class='ocrx_word' id='word_1_809' title='bbox 3095 5465 3172 5518; x_wconf 85' lang='lat' dir='ltr'><strong>ait</strong></span> <span class='ocrx_word' id='word_1_810' title='bbox 3202 5483 3214 5518; x_wconf 91' lang='lat'>:</span> <span class='ocrx_word' id='word_1_811' title='bbox 3246 5465 3289 5517; x_wconf 82' lang='grc' dir='ltr'><em>Α</em></span> <span class='ocrx_word' id='word_1_812' title='bbox 3331 5461 3524 5516; x_wconf 76' lang='lat' dir='ltr'><strong>strculo</strong></span> <span class='ocrx_word' id='word_1_813' title='bbox 3552 5472 3604 5517; x_wconf 82' lang='grc' dir='ltr'><strong>ει</strong></span> 
     </span>
    </p>
   </div>
   <div class='ocr_carea' id='block_1_109' title="bbox 1677 5672 2272 5742">
    <p class='ocr_par' dir='ltr' id='par_1_109' title="bbox 1677 5672 2272 5742">
     <span class='ocr_line' id='line_1_109' title="bbox 1677 5672 2272 5742; baseline 0.007 -6"><span class='ocrx_word' id='word_1_814' title='bbox 1677 5672 1884 5737; x_wconf 64' lang='grc' dir='ltr'>νοτία)</span> <span class='ocrx_word' id='word_1_815' title='bbox 1936 5677 2272 5742; x_wconf 85' lang='lat' dir='ltr'><strong>lectiones.</strong></span> 
     </span>
    </p>
   </div>
   <div class='ocr_carea' id='block_1_110' title="bbox 411 5774 1915 5858">
    <p class='ocr_par' dir='ltr' id='par_1_110' title="bbox 411 5774 1915 5858">
     <span class='ocr_line' id='line_1_110' title="bbox 411 5774 1915 5858; baseline 0.003 -29"><span class='ocrx_word' id='word_1_816' title='bbox 411 5774 541 5858; x_wconf 60' lang='grc' dir='ltr'><strong>ςῖδ)⁸</strong></span> <span class='ocrx_word' id='word_1_817' title='bbox 567 5776 813 5842; x_wconf 75' lang='lat' dir='ltr'><strong>Corrige,</strong></span> <span class='ocrx_word' id='word_1_818' title='bbox 849 5777 1316 5858; x_wconf 59' lang='grc' dir='ltr'>επιτατικώτερον</span> <span class='ocrx_word' id='word_1_819' title='bbox 1346 5777 1726 5858; x_wconf 68' lang='grc' dir='ltr'>κατεκράτουν</span> <span class='ocrx_word' id='word_1_820' title='bbox 1756 5795 1772 5812; x_wconf 89' lang='grc'><strong>·</strong></span> <span class='ocrx_word' id='word_1_821' title='bbox 1817 5793 1915 5833; x_wconf 86' lang='lat' dir='ltr'><strong>ur-</strong></span> 
     </span>
    </p>
   </div>
   <div class='ocr_carea' id='block_1_111' title="bbox 343 5848 1748 5921">
    <p class='ocr_par' dir='ltr' id='par_1_111' title="bbox 343 5848 1748 5921">
     <span class='ocr_line' id='line_1_111' title="bbox 343 5848 1748 5921; baseline 0.003 -19"><span class='ocrx_word' id='word_1_822' title='bbox 343 5853 432 5916; x_wconf 75' lang='lat' dir='ltr'><strong>get</strong></span> <span class='ocrx_word' id='word_1_823' title='bbox 454 5848 600 5902; x_wconf 90' lang='lat' dir='ltr'><strong>enim</strong></span> <span class='ocrx_word' id='word_1_824' title='bbox 637 5848 1006 5919; x_wconf 87' lang='lat' dir='ltr'><strong>compositum</strong></span> <span class='ocrx_word' id='word_1_825' title='bbox 1037 5848 1424 5921; x_wconf 80' lang='grc' dir='ltr'>κατακρατεῖν.</span> <span class='ocrx_word' id='word_1_826' title='bbox 1459 5849 1748 5907; x_wconf 72' lang='grc' dir='ltr'>ΜΑττωει.</span> 
     </span>
    </p>
   </div>
   <div class='ocr_carea' id='block_1_112' title="bbox 2101 5771 3598 5853">
    <p class='ocr_par' dir='ltr' id='par_1_112' title="bbox 2101 5771 3598 5853">
     <span class='ocr_line' id='line_1_112' title="bbox 2101 5771 3598 5853; baseline -0.007 -16"><span class='ocrx_word' id='word_1_827' title='bbox 2101 5783 2216 5853; x_wconf 69' lang='lat'><strong>(25)</strong></span> <span class='ocrx_word' id='word_1_828' title='bbox 2245 5785 2324 5837; x_wconf 83' lang='lat' dir='ltr'><strong>Ita</strong></span> <span class='ocrx_word' id='word_1_829' title='bbox 2358 5782 2512 5837; x_wconf 90' lang='lat' dir='ltr'><strong>locus</strong></span> <span class='ocrx_word' id='word_1_830' title='bbox 2542 5779 2635 5834; x_wconf 91' lang='lat' dir='ltr'><strong>hic</strong></span> <span class='ocrx_word' id='word_1_831' title='bbox 2657 5778 2969 5853; x_wconf 55' lang='lat' dir='ltr'><strong>egplicatur</strong></span> <span class='ocrx_word' id='word_1_832' title='bbox 3014 5776 3069 5853; x_wconf 81' lang='lat' dir='ltr'><strong>in</strong></span> <span class='ocrx_word' id='word_1_833' title='bbox 3122 5774 3357 5853; x_wconf 51' lang='lat' dir='ltr'><strong>scholia</strong></span> <span class='ocrx_word' id='word_1_834' title='bbox 3387 5771 3598 5853; x_wconf 66' lang='lat' dir='ltr'><strong>codicis</strong></span> 
     </span>
    </p>
   </div>
   <div class='ocr_carea' id='block_1_113' title="bbox 2028 5837 3599 5922">
    <p class='ocr_par' dir='ltr' id='par_1_113' title="bbox 2028 5837 3599 5922">
     <span class='ocr_line' id='line_1_113' title="bbox 2028 5837 3599 5922; baseline -0.008 -15"><span class='ocrx_word' id='word_1_835' title='bbox 2028 5837 2373 5922; x_wconf 56' lang='lat' dir='ltr'><strong>Musquensis</strong></span> <span class='ocrx_word' id='word_1_836' title='bbox 2399 5854 2452 5906; x_wconf 87' lang='lat' dir='ltr'><strong>in</strong></span> <span class='ocrx_word' id='word_1_837' title='bbox 2492 5854 2546 5914; x_wconf 84' lang='lat'><strong>8,</strong></span> <span class='ocrx_word' id='word_1_838' title='bbox 2574 5866 2631 5904; x_wconf 84' lang='grc' dir='ltr'><strong>η.</strong></span> <span class='ocrx_word' id='word_1_839' title='bbox 2660 5837 2804 5904; x_wconf 60' lang='grc' dir='ltr'><strong>588ε</strong></span> <span class='ocrx_word' id='word_1_840' title='bbox 2839 5848 2964 5902; x_wconf 79' lang='grc' dir='ltr'>Ὅτι</span> <span class='ocrx_word' id='word_1_841' title='bbox 2994 5848 3092 5917; x_wconf 80' lang='grc' dir='ltr'>μὲν</span> <span class='ocrx_word' id='word_1_842' title='bbox 3119 5847 3178 5899; x_wconf 77' lang='grc' dir='ltr'>ὲν</span> <span class='ocrx_word' id='word_1_843' title='bbox 3209 5844 3369 5900; x_wconf 68' lang='grc' dir='ltr'>νυκτὶ</span> <span class='ocrx_word' id='word_1_844' title='bbox 3420 5837 3599 5913; x_wconf 76' lang='grc' dir='ltr'>(οὗτος</span> 
     </span>
    </p>
   </div>
  </div>
