4052 6468
364 443 508 508 1087

361 574 526 625 usque
568 555 639 610 ad
668 554 921 610 sa'cnlum
976 561 1033 607 tu
1059 569 1112 608 es
1143 552 1212 621 θ’,

1638 442 2023 502 EUTHYMII
2070 442 2431 503 ZIGABENI

1275 550 1494 608 tametsi
1531 567 1633 607 nec
1665 567 1692 605 a
1750 552 1952 607 szeculo
1982 603 1989 613 ,

2106 553 2352 624 ίέννησεν
2384 555 2417 624 ἡ
2443 551 2740 626 Παρθένος,
2769 555 2985 627 εὐδοκία
3017 557 3254 628 Πατρδς,
3315 560 3410 613 καὶ
3443 576 3636 631 συνερ-

3506 447 3644 515 1083

363 659 603 714 tantum,
633 649 725 705 sed
757 656 811 702 et
843 657 970 702 ante
997 646 1255 701 saeculum
1289 661 1304 700 :
1347 659 1531 715 neque
1557 660 1735 714 usque
1766 645 1820 699 in
1854 660 1959 702 sae-

2106 646 2190 716 είᾳ
2220 646 2542 715 Πνεύματος
2567 646 2745 716 ἁγίου,
2767 650 2964 713 κακῶς
2995 651 3104 720 ἄρα
3127 651 3356 705 νοοῦσιν·
3392 651 3501 707 ἔδει
3528 659 3636 724 γὰρ

365 745 551 799 culum
581 749 819 804 tantum,
852 739 948 793 sed
1000 739 1168 792 etiam
1201 739 1322 792 sine
1369 737 1478 791 ﬁne
1528 752 1652 791 eum
1689 751 1835 800 esse,
1873 735 1961 788 di-

2061 738 2340 808 εἰρῆσθαι,
2385 740 2506 808 Πρὸ
2532 741 2852 795 ἀνατολῶν
2887 742 3241 814 ἑωσφόρον,
3285 746 3379 798 καὶ
3414 745 3490 816 μὴ
3530 749 3646 816 Πρὸ

365 837 492 888 vina
547 831 770 886 tradant
831 829 1084 899 Eloquia.
1141 826 1373 898 Oportet
1411 829 1580 898 igitur
1639 829 1806 884 verba
1847 829 1961 883 haec

2106 830 2376 898 υσφόρου
2418 833 2613 901 μόνον
2644 848 2659 862 ο
2711 832 2797 886 ἀεὶ
2821 834 2931 905 γὰρ
2970 835 3032 889 τὸ
3064 837 3177 906 Πρὸ
3225 837 3400 908 ἡλίου,
3435 839 3646 902 ἁπλῶς,

363 927 528 996 digne
559 923 672 977 Deo
698 921 1030 990 intelligere,
1062 929 1229 990 atque
1261 921 1395 974 illud
1419 920 1776 985 concludere,
1811 919 1960 990 quod

2106 922 2268 992 δπρὸ
2309 923 2408 995 τῆς
2471 925 2760 994 ὑπάρξεως
2824 927 2991 980 αὐτοῦ
3053 927 3304 998 βούλεται
3329 930 3640 998 σημαίνειν,

366 1030 495 1076 ante
535 1017 745 1080 omnia,
783 1014 950 1069 etiam
991 1021 1119 1069 ante
1155 1014 1274 1082 ipsa
1307 1014 1530 1079 saecula,
1553 1029 1770 1082 semper
1795 1013 1964 1066 fuerit

2109 1031 2247 1084 σπερ
2280 1017 2375 1068 καὶ
2406 1017 2486 1078 τὸ,
2519 1016 2635 1087 Πρὸ
2655 1017 2920 1088 ἀνατολῆς
2950 1018 3138 1084 αὐτοῦ,
3161 1021 3254 1074 τὸν
3292 1021 3489 1092 ὄρθρον
3515 1021 3650 1092 (26).

367 1115 482 1168 haec
535 1114 722 1168 divina
755 1110 1060 1184 generatio.
1119 1108 1160 1164 li
1213 1109 1402 1178 itaque
1453 1103 1548 1174 qui
1589 1104 1756 1158 verba
1817 1102 1955 1156 illa:
1997 1106 2130 1158 Ante
2160 1105 2467 1176 luciferum,
2533 1109 2784 1164 referunt
2834 1111 2901 1166 ad
2937 1121 3154 1169 noctem
3207 1129 3315 1184 qua
3398 1114 3654 1169 Christus

363 1206 674 1261 secundum
736 1220 964 1262 carnem
1021 1212 1190 1258 natus
1253 1208 1359 1266 est,
1423 1196 1602 1252 Patris
1631 1195 1890 1250 nimirum
1920 1198 2287 1265 beneplacito,
2326 1209 2381 1254 et
2418 1203 2810 1272 cooperatione
2841 1205 3019 1259 sancti
3052 1207 3320 1278 Spiritus,
3353 1222 3466 1262 non
3502 1215 3657 1262 recte

365 1298 652 1368 Propheta!
690 1312 1004 1355 sermonem
1041 1294 1376 1364 intelligunt.
1431 1290 1788 1360 Oportuisset
1823 1290 1970 1343 enim
2007 1291 2191 1347 dicere
2234 1310 2249 1348 :
2297 1296 2440 1352 Ante
2472 1304 2653 1350 ortmn
2691 1297 2950 1364 luciferi,
3002 1309 3056 1354 et
3089 1315 3198 1354 non
3260 1300 3398 1354 Ante
3463 1302 3657 1371 lucife-

365 1411 510 1448 rum.
545 1390 679 1446 Nam
733 1392 880 1464 quod
938 1390 1265 1461 simpliciter
1313 1388 1549 1449 dicitur,
1582 1386 1726 1440 Ante
1762 1386 1956 1451 solem,
2000 1394 2218 1456 tempus
2257 1388 2561 1458 signiﬁcat,
2599 1392 2746 1461 quod
2789 1393 2894 1448 fuit
2934 1403 3063 1448 ante
3113 1394 3288 1464 ipsius
3355 1395 3492 1452 solis
3563 1411 3662 1448 na-

370 1498 576 1553 turam,
609 1485 1075 1557 quemadmodum
1109 1489 1324 1547 contra,
1356 1481 1428 1547 si,
1461 1481 1606 1536 Ante
1636 1481 1770 1536 solis
1799 1491 2008 1546 ortum,
2035 1479 2263 1548 dixeris,
2297 1492 2516 1552 tempus
2551 1483 2782 1540 diluculi
2815 1487 3177 1557 signiﬁcabis.
3224 1487 3474 1558 (Magnus
3554 1490 3664 1543 Ba-

368 1581 530 1636 silius
563 1580 620 1633 iu
660 1591 919 1634 sermone
965 1576 1030 1632 de
1054 1575 1264 1645 Spiritu
1296 1582 1507 1642 sancto,
1545 1573 1644 1640 ait,
1673 1571 1844 1642 quod,
1884 1571 2088 1626 dicitur
2115 1571 2248 1642 quid
2285 1588 2353 1627 ex
2408 1574 2596 1644 aliquo
2644 1591 2789 1638 esse,
2860 1577 2948 1632 vel
3030 1578 3249 1631 ratione
3330 1577 3660 1642 creationis,

370 1674 528 1744 juxta
562 1674 696 1729 illud
729 1691 745 1730 :
785 1671 933 1729 Unus
963 1683 1039 1729 est
1075 1673 1215 1728 Deus
1253 1667 1420 1727 Pater
1471 1685 1537 1725 ex
1567 1686 1668 1740 quo
1702 1669 1880 1723 omnia
1903 1671 1992 1736 9‘;
2032 1670 2118 1726 vel
2177 1670 2392 1726 ratione
2425 1681 2656 1739 naturae,
2724 1672 2880 1741 juxta
2959 1674 3092 1729 illud
3124 1693 3137 1729 :
3175 1673 3428 1743 Operatio
3484 1684 3672 1730 nostra

373 1785 442 1828 ex
480 1768 633 1826 nobis
681 1779 783 1834 est,
819 1779 875 1825 et
913 1767 1377 1840 quemadmodum
1468 1763 1727 1834 splendor
1773 1763 1912 1818 solis
1974 1777 2042 1818 ex
2081 1763 2230 1829 sole;
2275 1763 2356 1816 vel
2411 1763 2626 1820 ratione
2680 1765 3078 1834 generationis,
3135 1769 3291 1835 juxta
3326 1767 3458 1822 illud
3497 1786 3511 1822 :
3546 1765 3662 1837 Ego

363 1865 508 1917 exivi
534 1878 599 1918 ex
635 1861 798 1918 Patre
823 1865 894 1920 ".
923 1863 1056 1918 Item
1091 1862 1238 1932 quod
1275 1861 1367 1915 hic
1393 1859 1628 1930 legimus
1656 1875 1670 1909 :
1703 1857 1787 1912 Ea:
1819 1867 1967 1912 utero
2006 1867 2128 1914 ante
2161 1858 2441 1928 luciferum
2463 1859 2620 1929 genui
2651 1870 2722 1924 te,
2749 1875 2856 1915 non
2887 1864 3035 1930 quod
3070 1860 3216 1916 Deus
3284 1871 3500 1917 uterum
3570 1864 3674 1917 ha-

370 1964 522 2026 beat,
560 1961 658 2018 sed
683 1963 812 2032 quia
846 1963 963 2017 veri
997 1964 1164 2030 atque
1219 1959 1447 2028 ingenui
1513 1956 1699 2020 liberi,
1769 1971 1836 2011 ex
1885 1965 2048 2010 utero
2081 1966 2370 2025 parentum
2410 1960 2567 2013 nasci
2619 1960 2821 2012 solent.
2856 1958 2971 2012 llac
3004 1959 3170 2030 igitur
3203 1958 3438 2023 ratione,
3479 1959 3675 2015 hocin

371 2055 494 2109 loco
527 2055 674 2109 Deus
706 2062 956 2110 ventrem
997 2070 1058 2109 se
1091 2055 1146 2108 in
1202 2053 1562 2122 generatione
1593 2051 1719 2105 Filii
1757 2051 1963 2106 habere
2003 2049 2167 2118 dixit,
2220 2050 2288 2106 ad
2365 2051 2749 2108 confusionem
2827 2054 3122 2122 impiorum
3167 2069 3180 2105 :
3235 2062 3293 2106 ut
3343 2053 3398 2107 in
3452 2053 3658 2122 seipsis

373 2152 658 2225 propriam
692 2149 771 2207 illi
825 2151 1248 2206 considerantes
1307 2157 1584 2216 naturam,
1638 2149 1858 2205 discant
1890 2147 2115 2216 Filium,
2143 2164 2334 2205 verum
2385 2149 2630 2205 fructum
2662 2164 2785 2206 esse
2819 2165 2888 2204 ex
2945 2150 3130 2213 Patre,
3191 2147 3363 2202 veluti
3438 2147 3532 2217 qui
3598 2163 3669 2202 ex

374 2245 523 2299 illius
553 2250 750 2298 ventre
779 2240 987 2296 dicitur
1023 2254 1148 2296 esse
1184 2239 1522 2310 generatus.)

447 2341 614 2396 Vens.
647 2338 702 2394 4.
729 2336 945 2392 Iuravit
992 2336 1276 2393 Dominus.
1321 2335 1391 2392 Ut
1429 2335 1738 2408 indignatio
1772 2335 1825 2390 in
1861 2334 1973 2388 Deo
2006 2334 2050 2394 Β

377 2430 854 2500 perturbationem
892 2444 1000 2484 non
1031 2427 1330 2496 signiﬁcat,
1383 2428 1478 2483 sed
1514 2437 1725 2483 motum
1777 2427 1981 2482 divina:

378 2524 669 2593 potestatis
715 2523 783 2576 ad
820 2521 1143 2587 vindictam,
1181 2519 1256 2575 ita
1302 2522 1678 2589 juramentum
1731 2521 1826 2574 Dei
1867 2535 1980 2574 non

379 2615 654 2668 humanos
679 2611 902 2681 jurandi
965 2612 1125 2677 ritus,
1170 2610 1267 2665 sed
1316 2610 1790 2665 conﬁrmationem
1823 2619 1983 2680 atque

380 2702 842 2758 asseverationem
874 2702 1151 2769 signiﬁcat
1184 2701 1387 2756 divinae
1420 2701 1730 2755 sententiae.

455 2791 525 2845 Et
555 2808 658 2846 non
687 2791 960 2860 paenitebit
991 2806 1131 2844 eum.
1182 2788 1296 2844 Hoc
1330 2797 1437 2850 est,
1476 2805 1585 2845 non
1621 2791 1857 2846 mutabit
1888 2792 1984 2847 de-

383 2887 622 2947 cretum,
680 2877 1146 2949 quemadmodum
1213 2891 1594 2945 saepenumero
1647 2877 1791 2933 Deus
1853 2893 1985 2933 con-

386 2972 537 3027 sulto
569 2971 759 3026 multis
792 2970 846 3025 in
887 2971 1054 3026 rebus
1089 2969 1240 3024 facit.
1280 2968 1424 3035 Quid
1479 2979 1659 3024 autem
1688 2970 1982 3039 juraverit.

387 3066 492 3118 hoc
515 3072 622 3129 est,
649 3064 782 3134 quid
811 3071 1199 3119 asseveranter
1225 3061 1560 3128 decreverit,
1601 3064 1726 3118 audi
1754 3080 1770 3117 :

461 3155 541 3210 Tu
591 3174 645 3211 es
703 3156 955 3210 sacerdos
995 3157 1048 3208 in
1079 3164 1358 3218 wternum,
1418 3155 1706 3209 secundum
1746 3155 1985 3211 ordinem

388 3247 793 3303 Melchisedech.
839 3246 1113 3301 Sacerdos
1154 3245 1376 3317 quidem
1432 3247 1602 3302 veluti
1654 3247 1746 3318 qui
1793 3252 1988 3322 mysti-

389 3356 517 3394 cum
553 3357 747 3408 panem
795 3347 853 3395 et
889 3340 1080 3392 vinum
1115 3337 1172 3392 in
1203 3338 1377 3394 Coena
1411 3341 1682 3408 apostolis
1732 3341 1984 3407 tradidit,

389 3431 849 3502 quemadmodum
913 3429 1318 3486 Melchisedech
1394 3429 1630 3486 Abrahae
1684 3441 1741 3487 et
1817 3431 1989 3488 sociis

389 3526 541 3581 dedit
574 3523 933 3581 redeuntibus
963 3541 994 3579 e
1026 3525 1189 3580 bello.
1223 3524 1513 3580 Aiternum
1555 3533 1740 3580 autem
1773 3533 1857 3581 est
1883 3524 1990 3580 hoc

2155 2332 2380 2398 Ὠμοσε
2408 2329 2650 2397 Κύριος.
2685 2327 2898 2397 Ὥσπερ
2921 2327 2949 2380 ὁ
2973 2325 3144 2397 θυμὸς
3170 2327 3265 2380 ἐπὶ
3320 2325 3458 2379 Θεοῦ
3519 2326 3678 2395 λεγό·

2089 2440 2273 2494 μενος,
2305 2423 2367 2475 οὑ
2396 2421 2656 2492 σημαίνει
2727 2419 2922 2484 πάθος,
2974 2419 3116 2473 ἀλλὰ
3165 2420 3264 2489 τὴν
3333 2421 3552 2490 κίνησιν
3577 2421 3684 2484 τῆς

2085 2515 2468 2585 τιμωρητικῆς
2522 2513 2831 2580 δυνάμεως,
2878 2498 3055 2565 ὀὕτω
3084 2513 3179 2565 καὶ
3205 2514 3234 2564 ὁ
3269 2512 3434 2582 ὅρκος
3485 2511 3683 2575 αὑτοῦ,

2085 2609 2186 2677 τὴν
2219 2606 2515 2676 βεϐαίωσιν
2538 2605 2710 2676 δηλοῖ,
2737 2608 2832 2658 καὶ
2855 2605 2916 2658 οὐ
2939 2605 3031 2658 τὸν
3069 2607 3201 2677 παρ’
3236 2606 3372 2676 ἡμῖν
3393 2605 3685 2676 γινόμενον

2085 2699 2268 2768 ὅρκον.

2158 2791 2271 2844 Καὶ
2318 2792 2391 2845 οὺ
2451 2790 3040 2861 μεταμεληθήσεται.
3117 2792 3194 2844 Ou
3270 2789 3570 2858 μεταϐαλεῖ
3622 2787 3688 2840 τὺ

2085 2883 2433 2955 δεδογμένον,
2461 2887 2565 2938 οὐκ
2593 2883 2903 2950 ἀλλοιώσει,
2951 2883 3207 2952 καθάπερ
3243 2884 3388 2935 ποιεῖ
3418 2881 3687 2943 πολλάκις

2087 2974 2404 3041 ἐπ’ἄλλων,
2459 2975 2527 3029 δι’
2557 2976 2896 3046 οἰκονομίας.
2963 2977 3029 3028 Τί
3063 2975 3120 3028 δὲ
3167 2973 3377 3044 ὤμοσε,
3431 2972 3685 3026 τουτέστι

2089 3067 2324 3138 βεϐαίως
2358 3069 2703 3138 ἀπεφήνατο,
2744 3069 3004 3123 ἄκουσον.

2160 3161 2248 3218 Σὺ
2274 3157 2333 3216 εἳ
2369 3161 2559 3230 ἱερεὺς
2608 3164 2698 3227 εἰς
2757 3162 2866 3216 τὸν
2905 3158 3116 3228 ὰίῶνα,
3159 3161 3314 3218 κατὰ
3356 3161 3474 3230 τὴν
3509 3161 3690 3227 τάξιν

2089 3254 2492 3324 Μελχισεδέκ.
2540 3254 2745 3325 Ἱερεὺίς
2777 3255 2897 3324 μὲν,
2931 3255 3008 3320 ὡς
3038 3254 3210 3325 ἄρτου
3261 3256 3358 3308 καὶ
3404 3255 3550 3308 οἴνου
3588 3271 3689 3324 με-

2088 3348 2286 3412 ταδοὺς
2330 3351 2446 3413 τοῖς
2491 3349 2840 3414 ἀποστόλοις,
2895 3349 2954 3402 ὲν
3011 3350 3090 3420 τῷ
3147 3348 3401 3419 μυστικῷ
3457 3349 3686 3424 δείπνῳ,

2089 3441 2406 3514 καθάπερὸ
2456 3442 2796 3512 Μελχισεδὲκ
2847 3445 2964 3505 τοῖς
3043 3443 3171 3513 περὶ
3249 3443 3525 3515 Ἀϐραὰμ,
3590 3447 3684 3499 ὅτε

2090 3533 2447 3604 ὑπέστρεψαν
2510 3535 2622 3588 ἀπὸ
2678 3535 2775 3587 τοῦ
2829 3534 3100 3605 πολέμου.
3145 3536 3237 3599 Ei;
3295 3537 3470 3597 αἰῶνα
3498 3537 3577 3601 δὲ,
3608 3538 3688 3600 ὡς

395 3619 795 3682 sacerdotium,
850 3618 976 3684 quia
1011 3632 1110 3673 nec
1155 3617 1494 3688 principium
1538 3617 1776 3682 dierum,
1810 3633 1989 3688 neque

2106 3625 2235 3692 μήτε
2275 3624 2456 3695 ἀρχὴν
2491 3625 2746 3696 ἡμερῶν,
2779 3627 2920 3697 μήτε
2963 3626 3109 3696 ζωῆς
3150 3629 3301 3691 τέλος
3326 3629 3490 3700 ἔχων,
3544 3629 3691 3682 κατὰ

391 3713 521 3765 vita:
578 3711 740 3769 finem
808 3710 977 3764 habet
1026 3711 1297 3766 :ratione
1359 3711 1617 3766 nimirum
1679 3710 1988 3768 divinitatis

2106 3715 2192 3784 τὴν
2215 3715 2478 3787 θεότητα,
2510 3717 2703 3788 ὥσπερ
2741 3723 2769 3773 ὁ
2801 3719 3168 3790 Μελχισεδὲκ,
3231 3720 3374 3777 κατὰ
3405 3720 3505 3792 τὴν
3546 3721 3690 3774 ίστο-

391 3803 627 3870 Christi,
664 3803 1131 3870 quemadmodum
1189 3816 1291 3857 nec
1322 3801 1492 3856 ullum
1528 3802 1788 3857 habuisse
1819 3803 1986 3873 prin-

297 3955 302 3962 ,
393 3897 622 3964 cipium,
669 3904 764 3949 aut
823 3894 986 3949 ﬁnem
1048 3895 1226 3964 ipsum
1282 3893 1519 3963 legimus
1563 3893 1986 3950 Melchisedech.

393 3988 598 4043 Verum
659 3987 806 4043 hunc
846 3987 1248 4042 Melchisedech
1299 3987 1634 4057 principium
1677 3994 1771 4040 aut
1824 3987 1988 4042 ﬁnem

2098 3805 2245 3878 ρίαν.
2286 3807 2449 3862 Ἀλλὰ
2474 3811 2814 3880 Μελχισεδὲκ
2855 3812 2976 3877 μὲν,
3001 3814 3100 3866 οὐκ
3134 3813 3247 3884 ἔχει
3285 3812 3480 3877 ταῦτα,
3510 3813 3598 3866 διὰ
3626 3811 3690 3864 τὸ

2097 3902 2611 3975 παρασιωπηθῆναι
2665 3909 2730 3976 τῇ
2783 3907 2999 3977 ἱστορίᾳ
3063 3909 3164 3978 τῆς
3215 3907 3484 3979 Γραφῆςο
3538 3909 3566 3960 ὀ
3630 3906 3690 3958 δὲ

2097 3991 2353 4061 Χριστὸς,
2383 3995 2474 4049 διὰ
2502 3997 2602 4068 τὴν
2631 3997 2914 4070 ἀλήθειαν.

394 4099 503 4136 non
568 4083 770 4139 habere
820 4083 1081 4147 dicimus,
1123 4083 1252 4152 quia
1315 4080 1546 4138 historia
1590 4079 1642 4134 id
1681 4081 1876 4135 tacuit.
1952 4083 2026 4139 At
2089 4083 2347 4143 Christus
2417 4089 2727 4148 divinitatis
2806 4108 2922 4148 suae
2982 4094 3195 4149 nullum
3254 4109 3382 4150 vere
3444 4109 3688 4165 unquam

397 4175 726 4246 principium
755 4175 969 4237 habuit,
1001 4189 1105 4229 nec
1133 4173 1294 4229 ﬁnem
1328 4173 1505 4228 ullum
1555 4170 1851 4227 habiturus
1880 4182 1990 4228 est.

467 4271 633 4328 Vens.
673 4271 726 4329 5.
785 4271 1041 4326 Dominus
1085 4288 1116 4324 a
1157 4269 1357 4326 dextris
1412 4270 1539 4324 tuis.
1597 4269 1880 4324 Auxilium
1935 4270 1987 4324 ei

398 4366 566 4420 veluti
622 4363 832 4419 homini
888 4365 1123 4418 laturus.
1164 4363 1299 4418 Nam
1339 4369 1394 4417 et
1447 4363 1500 4417 in
1542 4362 1759 4432 psalmo
1801 4378 1869 4416 xv
1923 4379 1986 4416 ex

399 4472 635 4528 persona
695 4457 905 4512 Christi
967 4456 1235 4524 scriptum
1285 4454 1574 4521 legimus:

396 4549 685 4603 Dominum
728 4549 783 4602 in
811 4559 1090 4618 conspectu
1123 4563 1236 4600 meo
1263 4563 1489 4618 semper,
1518 4547 1772 4616 quoniam
1801 4564 1832 4600 a
1860 4546 1992 4600 demo

402 4644 497 4695 tris
529 4651 605 4695 est
636 4642 789 4708 mihi,
815 4658 876 4694 ne
899 4657 1250 4695 commoveor.

473 4732 746 4802 Confregit
781 4734 836 4786 in
871 4732 956 4786 die
1007 4733 1102 4786 ira:
1154 4747 1267 4786 suae
1299 4747 1464 4802 reges.
1526 4729 1602 4785 De
1661 4729 1752 4787 die
1801 4732 1993 4802 judicii

401 4840 588 4878 sermo
625 4833 734 4889 est,
783 4825 1008 4894 quando
1050 4825 1252 4896 impios
1311 4839 1467 4896 reges
1519 4833 1771 4879 conteret
1823 4825 1991 4891 Deus,

2157 4273 2374 4340 Κύριος
2399 4274 2468 4328 ἐκ
2495 4273 2715 4340 δεξιῶν
2732 4292 2870 4330 σου.
2901 4274 3124 4344 Βοηθῶν
3145 4274 3221 4338 ὡς
3250 4276 3545 4348 ἀνθρώπῳ,
3575 4279 3686 4332 Καὶ

2091 4368 2150 4418 ὲν
2181 4365 2260 4437 τῷ
2300 4365 2362 4418 ιε’
2389 4367 2590 4437 ψαλμῷ
2615 4368 2931 4437 γέγραπται
2964 4385 2980 4400 ο
3008 4368 3380 4438 Προωρὼμην
3418 4370 3526 4423 τὸν
3571 4371 3690 4424 liti-

1635 4453 1988 4508 Providebam

2106 4472 2222 4508 οιον
2249 4455 2507 4510 ἐνώπιόν
2530 4475 2650 4525 μου
2687 4459 2787 4512 διὰ
2817 4459 3068 4524 παντὸς,
3101 4457 3193 4512 ὅτι
3234 4458 3304 4512 ἐκ
3335 4458 3554 4524 δεξιῶν
3568 4478 3688 4529 μου

2094 4546 2289 4612 ἐστίν,
2322 4551 2422 4604 ἵνα
2445 4548 2532 4618 μὴ
2562 4549 2863 4605 σαλευθῶ.

2165 4729 2557 4784 Συνέθλασεν
2587 4730 2658 4784 ἐν
2684 4727 2874 4798 ἡμέρᾳ
2898 4728 3082 4797 ὀργῆς
3131 4728 3322 4783 αὐτοῦ
3373 4727 3687 4793 βασιλεῖς.

2097 4823 2237 4894 Περὶ
2267 4823 2367 4891 τῆς
2420 4821 2638 4892 ἡμέρας
2663 4823 2762 4891 τῆς
2794 4821 3030 4892 κρίσεως
3073 4824 3102 4875 ὁ
3141 4823 3325 4891 λόγος,
3354 4823 3441 4875 ὅτι
3467 4821 3690 4891 συντρί-

402 4916 629 4969 statutis
663 4916 924 4970 nimirum
961 4917 1030 4972 ab
1056 4931 1123 4970 eo
1160 4915 1360 4985 poenis.
1390 4917 1547 4983 Quod
1579 4916 1625 4972 si
1651 4931 1806 4986 reges
1840 4917 1989 4987 ipsos

2106 4915 2182 4985 Ρει
2209 4914 2339 4977 τοὺς
2367 4913 2585 4976 ἀσεϐεῖς
2619 4912 2885 4983 βασιλεῖς,
2933 4915 2996 4966 ὲν
3040 4917 3168 4977 ταῖς
3207 4913 3688 4980 ἀποτεταγμέναις

403 5006 746 5071 contriverit,
794 5007 1148 5076 perspicuum
1200 5018 1285 5062 est-
1334 5009 1478 5076 quod
1536 5010 1712 5063 multo
1765 5008 1990 5063 facilius

2093 5009 2405 5061 κολάσεσιν.
2443 5006 2503 5059 El
2531 5005 2588 5060 δὲ
2614 5007 2744 5070 τοὺς
2770 5005 3034 5076 βασιλεῖς,
3077 5005 3239 5074 δῆλον
3273 5005 3368 5059 καὶ
3408 5005 3538 5068 τοὺς
3587 5003 3684 5058 ἄλ-

404 5111 630 5153 caeieros
671 5113 864 5156 omnes
893 5102 1106 5170 puniet,
1131 5102 1224 5170 qui
1257 5101 1522 5157 adversus
1556 5117 1683 5157 eum
1724 5100 1980 5171 delique-

2106 5121 2211 5168 ιους
2245 5101 2478 5164 πάντας.

406 5190 540 5242 rint.

464 5405 524 5460 ’⁸ο
560 5423 707 5481 Psal.
755 5443 976 5495 Lxxxtx,
1004 5429 1060 5483 2.
1134 5429 1178 5462 ⁸⁸
1220 5429 1240 5484 ι
1272 5427 1398 5485 Cor.
1433 5446 1552 5496 Vill,
1585 5429 1636 5483 ﬁ.
1715 5429 1761 5462 “
1808 5427 1969 5482 Joan.
2023 5439 2137 5492 xvt,
2165 5422 2257 5477 58.

1732 5545 1938 5607 Variae
1969 5541 2300 5605 lectiones.

412 5640 524 5715 γᾴρ
567 5641 717 5715 ἔστιν
746 5645 775 5696 ὁ
798 5644 914 5715 -πρδ
960 5643 1271 5712 Ἑωσφόρου
1307 5642 1518 5714 καιρός)
1555 5645 1590 5715 ὀί
1625 5640 2003 5715 Χριστδςίὲτέτ

410 5712 540 5782 χῆη,
573 5711 634 5782 το
683 5713 824 5764 κατὰ
854 5711 1098 5766 -Λουκᾶν
1141 5711 1776 5782 Εὐαγγέλιονδείχνυσι.
1857 5713 2000 5782 Φησὶ

605 5780 686 5833 δτι
709 5781 815 5835 τῶν
835 5782 1112 5850 ποιμένων
1137 5769 1579 5854 ἁγράιὶλούντων,
1604 5801 1658 5837 κ.
1687 5802 1736 5840 τ.
1766 5785 1815 5841 λ.
1849 5769 1994 5840 ΜᾸῬ

2174 5641 2298 5717 (‘26)_
2321 5639 2502 5696 Locus
2537 5640 2726 5717 Basilii
2758 5640 2937 5717 Magni
2972 5637 3137 5717 quem
3157 5634 3547 5717 _l_iabet_versio
3573 5632 3682 5717 La-

2103 5707 2239 5779 tina,
2268 5707 2425 5766 deest
2478 5712 2644 5764 etiam
2681 5712 2736 5764 in
2785 5707 2926 5764 meis
2989 5707 3280 5779 codicibus
3340 5707 3678 5779 ﬂosquensi-

2109 5773 2236 5839 bus;
2269 5782 2342 5835 in.
2381 5812 2448 5821 -
2483 5781 2618 5835 Cod.
2646 5779 2994 5854 Musquensis
3032 5781 3066 5854 ὅ
3111 5778 3263 5854 addit
3293 5794 3318 5854 ε.
3336 5773 3506 5854 Τοῦτο
3615 5773 3679 5854 τὸ

2112 5854 2276 5924 ῥητὸν
2299 5854 2608 5923 ἡρμήνευσε
2640 5845 2817 5920 σοφῶς
2843 5849 2951 5920 ἄρα
2977 5849 3068 5904 καὶ
3095 5849 3323 5910 σαφῶςό
3349 5849 3520 5894 μένην
3539 5845 3681 5883 ηρπ.
