4052 6446
356 405 496 470 1089

1547 385 1938 450 ΕΟΜΜΕΝἜ.
1972 384 2053 444 IN
2095 382 2226 442 PSA
2237 381 2452 440 LMOS.

3492 377 3633 441 1000

422 513 706 585 li'pzrsiér
743 511 867 576 τοῖς
895 512 1118 565 ἔθνεσι.
1153 505 1346 576 Κρινεῖ
1373 501 1442 556 τὰ
1469 500 1599 569 ἔθνη
1626 517 1638 530 ·
1670 498 1702 569 ἢ
1759 497 1967 594 κρινεῖ.

2109 491 2276 548 Vens.
2317 491 2370 545 6.
2419 488 2688 543 Judicabit
2737 489 2790 542 in
2839 489 3165 546 nationibus.
3206 488 3318 545 lloc
3354 500 3436 547 est
3471 493 3628 561 judi-

349 615 412 666 ἓν
441 614 554 672 τοῖς
589 609 789 672 ἔθνεσι,
813 605 938 667 τοὺς
971 602 1154 668 ἀξίους
1183 599 1439 670 κρίσεως.

425 791 740 860 Πληρώσει
764 784 1062 856 πτώματα.
1099 781 1372 852 Πλήθυνεῖ
1421 777 1682 838 πτώσεις,
1709 772 1939 834 πολλοὺς

356 883 709 949 καταϐαλὼν,
737 882 854 934 ὅσοι
885 876 1073 938 κακῶς
1101 876 1342 927 ἵσταντο.

430 1058 770 1116 Συνθλάσει
791 1053 1054 1123 κεφαλὰς
1088 1050 1183 1104 ἐπὶ
1213 1044 1617 1130 γῆς-πολλῶν.
1658 1072 1727 1130 ﬁ
1757 1044 1940 1108 Κεφαο

356 1155 476 1219 nec
508 1149 776 1216 πολλῶν,
841 1145 1084 1198 τουτέστι
1115 1128 1363 1203 πολλούς.
1412 1139 1477 1190 Ὃ
1517 1137 1624 1205 γὰρ
1675 1128 1829 1186 εἶπεν
1881 1131 1945 1184 ά·

360 1244 587 1308 νωτέρω
620 1241 748 1307 περὶ
786 1237 894 1290 τῶν
927 1233 1223 1303 βασιλέων,
1266 1229 1450 1291 ἰδικῶς
1486 1227 1645 1279 τοῦτο
1675 1225 1824 1292 λέγει
1850 1221 1946 1274 νῦν

364 1332 803 1401 καθολικώτερον
850 1326 1107 1394 καὶπερὶ
1148 1322 1254 1376 τῶν
1303 1321 1500 1374 ἄλλων.
1553 1319 1628 1371 Οὐ
1674 1317 1833 1386 μόνον
1891 1313 1948 1364 δὲ

363 1423 544 1477 ταῦτα
567 1421 822 1473 νοοῦνται
867 1415 1125 1485 περὶτῆς
1157 1410 1459 1480 μελλούσης
1504 1407 1764 1478 κρίσεως,
1811 1402 1949 1457 ἀλλὰ

366 1518 462 1568 καὶ
489 1515 660 1577 ἄλλως
693 1512 1003 1566 διδάσκουσι
1043 1507 1141 1577 τὴν
1176 1506 1550 1558 ἀνυπόστατον
1587 1499 1739 1570 ἰσχὺν
1764 1493 1949 1557 αὐτοῦ,

367 1611 452 1661 ὅτι
482 1609 571 1661 ὅτε
600 1604 854 1675 ὀργισθῇ,
891 1599 1184 1655 συνθλάσει
1232 1595 1494 1667 βασιλεῖς,
1546 1591 1642 1647 καὶ
1703 1587 1752 1642 τ’
1816 1584 1953 1642 ἄλλα

371 1702 616 1769 ποιήσει.

455 1815 551 1866 Ἐκ
584 1811 996 1882 χειμάρῤουέν
1050 1807 1168 1873 ὀδῷ
1211 1807 1426 1859 πίεται.
1473 1797 1740 1854 Ἐνταῦθα
1799 1792 1956 1846 εὐτέ-

2039 586 2186 640 cabit
2237 586 2508 647 nationes,
2569 583 2652 637 vel
2703 597 2800 639 eos
2861 585 2954 653 qui
3011 585 3066 638 in
3123 583 3441 639 nationibus
3479 586 3629 657 digni

2042 677 2270 740 fuerint,
2303 687 2357 731 ut
2382 677 2721 746 judicentur.

2113 769 2354 836 Implebit
2387 770 2594 823 ruinas.
2635 769 3024 838 Multiplicabit
3071 770 3283 838 ruinas,
3308 771 3510 826 multos
3535 771 3635 826 de-

2044 873 2288 928 struens,
2317 868 2590 936 quotquot
2623 859 2835 918 scilicet
2864 856 3030 930 prave
3071 861 3129 916 in
3164 878 3288 916 cum
3322 863 3644 919 insurrexe-r

2047 955 2173 1010 rint.

2119 1044 2425 1114 Confringet
2469 1045 2646 1114 capita
2698 1044 2754 1098 in
2803 1053 2945 1100 terra
2993 1045 3302 1104 multorum.
3331 1076 3404 1089 —
3443 1047 3644 1118 Capita

2049 1137 2360 1202 multorum,
2418 1136 2521 1190 hoc
2575 1144 2682 1202 est,
2731 1137 2956 1192 multos.
3021 1136 3154 1196 Nam
3190 1141 3335 1207 quod
3375 1143 3643 1211 superius

2051 1228 2370 1304 singillatim
2406 1226 2546 1283 dixit
2579 1227 2647 1283 de
2672 1229 2918 1300 regibus,
2955 1245 3102 1285 nunc
3125 1231 3180 1288 in
3226 1233 3538 1291 universum
3571 1238 3639 1290 de

2051 1321 2178 1373 aliis
2232 1319 2388 1374 dicit.
2452 1318 2777 1399 Quanquam
2819 1320 2907 1375 his
2961 1321 3188 1389 verbis,
3257 1339 3368 1378 non
3429 1334 3637 1379 tantum

2053 1411 2400 1465 contineatur
2427 1410 2717 1480 prophetia
2743 1410 2915 1466 futuri
2937 1412 3158 1481 judicii,
3191 1414 3288 1468 sed
3317 1415 3450 1469 illud
3475 1418 3640 1470 etiam

2053 1507 2372 1566 doceamur,
2402 1503 2780 1562 intolerandas
2813 1505 3114 1561 admodum
3157 1509 3316 1562 nobis
3347 1524 3474 1564 esse
3500 1511 3646 1564 vires

2060 1597 2175 1659 Dci,
2206 1595 2300 1665 qui
2347 1596 2567 1665 quoties
2601 1595 2774 1650 iratus
2815 1595 3004 1660 fuerit,
3041 1600 3352 1671 confringet
3387 1616 3561 1671 rcges,
3590 1611 3646 1657 ct

2057 1688 2162 1741 alia
2199 1686 2381 1752 faciet,
2412 1704 2536 1760 quae
2567 1690 2824 1760 superius
2855 1691 2998 1754 dicta
3031 1700 3182 1748 sunt.

2127 1799 2297 1856 Vens.
2336 1801 2388 1856 7.
2433 1800 2513 1856 De
2543 1811 2773 1858 torrente
2824 1803 2878 1858 in
2909 1803 2994 1856 uia
3040 1802 3198 1858 bibet.
3261 1803 3373 1859 Hoc
3407 1805 3461 1860 in
3499 1805 3643 1868 loco.

371 1907 524 1958 λειαν
554 1903 919 1974 προαγορεύει
955 1901 1054 1968 τῆς
1106 1898 1314 1966 διαίτης
1340 1891 1526 1956 αὑτοῦ,
1553 1893 1634 1944 ὃτι
1662 1887 1807 1941 λιτὸν
1837 1885 1956 1955 βίον

2074 1892 2188 1948 vitae
2223 1907 2288 1948 ac
2353 1892 2791 1950 conversationis
2841 1893 3044 1950 Christi
3092 1895 3414 1952 tenuitatem
3444 1898 3646 1966 pracdi-

388 1995 615 2066 μετιὼν,
673 1995 740 2047 ὲκ
779 1994 1078 2063 χειμάρρου
1121 1990 1329 2050 πίεται,
1357 1984 1451 2038 τοῦ
1486 1984 1541 2034 ὲν
1558 1980 1662 2045 ὁδῷ
1688 1979 1904 2050 ρἐντος
1935 1989 1950 2005 ⁶

381 2087 416 2156 ἢ
446 2088 505 2138 ὲν
529 2086 636 2152 ὁδῷ
669 2083 868 2137 ὁδεύων
898 2084 1103 2138 πίεται.
1139 2074 1526 2146 Ἀναγωγικῶς
1544 2072 1599 2125 δὲ
1618 2070 1955 2143 χειμάρρουν

379 2179 480 2247 μὲν
501 2179 734 2247 νοήσεις,
755 2177 844 2238 τὸν
866 2175 1110 2246 χειμῶνα
1131 2171 1336 2241 καὶτὴν
1356 2169 1640 2239 σύρροιαν,
1661 2164 1756 2216 καὶ
1779 2162 1959 2229 πλημ-

378 2267 560 2336 μύραν
599 2267 706 2320 τῶν
743 2267 1099 2338 πειρασμῶν·
1133 2263 1249 2318 ἁδὺν
1285 2261 1364 2326 δὲ,
1401 2261 1494 2313 τὸν
1523 2253 1813 2326 παροδικὺν
1835 2249 1959 2303 τοῦ·

374 2375 470 2410 τον
517 2358 653 2428 βίον,
695 2360 856 2412 πόσιν
878 2358 935 2412 δὲ
965 2358 1062 2428 τὴν
1095 2355 1333 2428 μέθεξιν,
1364 2355 1449 2408 ὅτι
1488 2347 1944 2419 πειρασθήσεται.

379 2455 568 2513 potum
592 2490 609 2516 ,
662 2451 1135 2520 participationem

381 2536 500 2593 lum
539 2553 660 2597 erat
691 2541 915 2599 futurus
944 2537 1242 2608 particeps.

451 2668 557 2717 Διὰ
587 2661 764 2715 τοῦτο
815 2660 1051 2729 ὑψώσει
1084 2656 1381 2727 κεφαλήν.
1410 2653 1510 2707 Διὰ
1540 2653 1639 2722 τὴν
1688 2648 1964 2704 εὐτέλειαν

378 2756 474 2808 καὶ
501 2753 854 2815 ταπείνωσιν,
889 2751 1257 2820 ὑψωθήσεται.
1290 2749 1400 2802 Καὶ
1433 2746 1832 2814 δοξασθήσεται
1884 2743 1965 2801 εἰς

378 2845 648 2916 οὐρανοὺς
679 2843 939 2906 ἀνελθὼν,
977 2843 1074 2896 καὶ
1108 2841 1342 2902 καθίσας
1385 2841 1443 2891 ὲν
1481 2836 1630 2906 δεξιᾷ
1672 2835 1768 2888 τοῦ
1803 2832 1961 2885 Θεοῦ.

381 2937 460 2989 Ού
503 2936 662 3007 μόνον
691 2935 799 3005 γὰρ
828 2935 984 2987 οὐδὲν
1011 2934 1175 2986 αὑτὸν
1201 2931 1378 2985 ταῦτα
1412 2925 1782 2999 παρέϐλαψεν,
1829 2922 1967 2978 ἀλλὰ

382 3029 480 3084 καὶ
506 3031 586 3092 εις
621 3029 754 3098 ὕψος
783 3031 987 3097 ἄφατον
1015 3026 1315 3096 ἀνήγαγεν.

1009 3247 1383 3316 Αλληλούϊα.

975 3383 1266 3437 ΨΑΛΜΟΣ
1301 3378 1404 3434 Pl'.

460 3523 896 3596 Εὐχαριστήριος
919 3522 1013 3576 καὶ
1043 3512 1196 3582 οὗτος
1219 3519 1248 3572 b
1274 3517 1508 3588 ψαλμός.

459 3612 1012 3686 Ἐξομολογήσομαι
1062 3627 1184 3674 σοι,
1253 3610 1449 3677 Κύριε,
1498 3607 1568 3662 ἐν
1609 3607 1724 3674 ὅλῃ
1760 3604 1972 3674 καρδίᾳ

381 3727 527 3781 μου.
555 3707 954 3777 Εύχαριστήσω
983 3719 1089 3764 σοι,
1123 3703 1183 3755 οὐ
1209 3699 1372 3774 μόνον
1398 3700 1459 3755 ὲν
1525 3699 1792 3770 ῥήμασιν,
1861 3696 1970 3760 οὐδ’

390 3797 578 3862 ἁπλῶς
608 3802 668 3850 ὲν
691 3795 912 3868 γλώσσῃ
950 3795 1045 3848 καὶ
1088 3792 1341 3861 στόματι,
1380 3789 1498 3845 ἀλλ’
1542 3790 1602 3844 ὲν
1639 3789 1735 3860 ὅλῃ
1771 3787 1973 3859 καρδίᾳ

396 3909 525 3962 μου,
555 3889 612 3943 ὲν
644 3885 1054 3956 συντεταγμένῃ
1101 3884 1273 3955 ψυχῇ,
1336 3885 1395 3938 ὲν
1453 3882 1798 3953 προσεχούσῃ
1853 3881 1973 3938 διαφ

390 3982 548 4052 νοξᾳ,
583 3981 767 4050 πάσης
820 3977 1080 4048 βιωτικῆς
1130 3973 1410 4042 φροντίδος
1460 3970 1817 4037 ἀπαλλαγεὶς,
1880 3969 1976 4038 καὶ

394 4073 691 4145 μετάρσιος
717 4070 816 4142 ήδη
847 4068 986 4140 πρὸς
1019 4068 1078 4120 σὲ
1108 4067 1419 4134 γενόμενος.
1456 4063 1856 4133 Εὑχαριστήσω
1892 4059 1972 4126 δὲ,

391 4166 537 4235 ύπέρ
559 4181 617 4217 τε
652 4163 762 4216 τῶν
792 4162 870 4222 εἰς
899 4159 1000 4228 ἐμὲ
1026 4155 1328 4227 γινομένων
1355 4153 1685 4224 εὐεργεσιῶν
1719 4153 1827 4216 ἀεὶ,
1880 4151 1977 4202 καὶ

395 4257 535 4326 ὑπὲρ
563 4254 672 4308 τῶν
707 4254 787 4315 εἰς
810 4250 934 4312 τοὺς
967 4248 1162 4311 ἄλλους
1205 4245 1553 4318 ἀνθρώπους.
1600 4243 1776 4297 Τοῦτο
1813 4241 1976 4294 θυσία

395 4331 724 4415 -πρὸχειρος⁸
798 4339 957 4393 τοῦτο
1021 4337 1349 4406 εὑπὸριστος
1417 4332 1708 4404 προσφορά
1739 4345 1754 4360 ⁸
1819 4329 1977 4383 τοῦτο

394 4439 694 4504 ἀναγκαῖον
737 4433 918 4504 ἔργον,
951 4431 1046 4486 καὶ
1070 4428 1334 4498 διηνεκῶς
1379 4424 1800 4496 ἀπαιτούμενον.

483 4530 589 4582 Ἐν
603 4525 810 4594 βουλῇ
834 4523 1079 4586 εὐθέων,
1106 4521 1206 4577 καὶ
1239 4517 1586 4589 συναγωγῇ,
1612 4517 1849 4587 μεγάλα
1903 4514 1977 4568 τὰ

396 4623 541 4691 ἔργα
564 4618 670 4674 τοῦ
718 4618 966 4686 Κυρίου.
1025 4616 1115 4668 Ἐν
1162 4613 1325 4686 βουλῇ
1370 4614 1466 4666 καὶ
1518 4611 1811 4680 συναγωγῇ
1867 4609 1978 4661 τῶν

398 4714 535 4784 ὀρθά
559 4710 924 4782 φρονούντων,
964 4707 1180 4780 μεγάλα
1211 4707 1280 4761 τὰ
1318 4705 1457 4778 ἔργα
1497 4705 1727 4775 Κυρίου,
1779 4703 1978 4768 πάντα,

398 4807 500 4860 ὅσα
561 4821 621 4856 τε
681 4802 1112 4872 θαυματουργῶν
1163 4798 1478 4870 ἐργάζεται,
1524 4798 1619 4850 καὶ
1665 4796 1860 4861 πάλαι,
1889 4795 1985 4860 καὶ

396 4897 518 4962 νῦν,
559 4897 654 4949 καὶ
679 4894 978 4963 μετέπειτα
1011 4907 1027 4921 '
1065 4892 1160 4943 ml.
1191 4891 1292 4944 ὅσα
1326 4889 1595 4960 παράγων
1650 4887 1743 4942 τὸν
1775 4887 1981 4956 κόσμον

398 4988 638 5040 ἔκτισεν.
681 4983 804 5036 Ἐπὶ
833 4980 1129 5050 θαυμάτων
1174 4981 1282 5049 γὰρ
1328 4981 1422 5032 καὶ
1467 4977 1803 5048 κτισμάτων,
1866 4977 1982 5029 δια-

399 5078 741 5148 λαμόάνεται
778 5075 838 5128 τὸ
869 5081 1032 5146 ρητον
1057 5071 1442 5146 ’βουλομένων
1467 5070 1574 5140 γὰρ
1629 5071 1724 5123 καὶ
1757 5082 1984 5134 συναγο-

405 5172 587 5240 μένων
615 5168 726 5230 τῶν
773 5169 1106 5242 εἰρημένων,
1136 5165 1314 5235 εῐτουν
1344 5162 1822 5230 διασκεπτομένων
1852 5159 1986 5230 περὶ

400 5263 510 5314 τῶν
535 5259 795 5312 τοιούτων
826 5258 1026 5329 ἔργων,
1061 5255 1216 5326 οὐδὲν
1243 5257 1447 5316 τούτων
1478 5255 1729 5323 φαίνεται
1763 5253 1982 5324 μικρὸν,

401 5355 513 5407 οὐδ’
563 5350 786 5415 ἀνάξιον
830 5350 926 5403 τοῦ
987 5350 1316 5419 ποιήσαντος
1341 5363 1356 5378 ο
1405 5347 1587 5401 πάντα
1637 5345 1695 5399 δὲ
1741 5345 1980 5414 μεγάλα,

404 5448 503 5502 καὶ
529 5447 694 5515 λόγου
740 5443 884 5509 τινδς
912 5443 1168 5516 ἐχόμενα,
1196 5443 1301 5497 κᾶν
1331 5441 1414 5515 μὴ
1438 5443 1550 5504 τοῖς
1577 5439 1758 5504 ἄλλοις
1786 5439 1987 5494 πολλά-

2055 1984 2130 2040 cit
2161 2001 2175 2038 :
2205 1985 2350 2054 quod
2389 1984 2603 2039 scilicet
2655 1992 2876 2040 tenuem
2909 1987 3076 2040 vitam
3119 2000 3442 2056 aggressus,
3496 1986 3652 2043 bibet

2057 2075 2126 2132 de
2159 2085 2403 2131 torrente
2433 2075 2637 2131 ﬂuente
2664 2076 2717 2130 in
2757 2075 2884 2141 via;
2915 2077 3002 2131 vel
3050 2076 3202 2132 bibet
3254 2077 3544 2133 ambulans
3591 2079 3650 2132 in

2059 2169 2168 2221 via.
2193 2167 2355 2222 Juxta
2377 2181 2659 2239 anagogen
2686 2183 2836 2236 vero,
2857 2183 2952 2238 per
2983 2178 3306 2235 torrentem,
3333 2168 3646 2224 redundan-

2061 2256 2133 2312 tia
2190 2258 2432 2329 intellige
2465 2259 2834 2314 tentationum
2879 2274 2942 2314 ac
2980 2261 3359 2316 calamitatum
3417 2261 3646 2324 ﬂuenta,

2059 2363 2156 2416 per
2191 2347 2332 2402 viam
2366 2364 2524 2414 vero,
2577 2351 2967 2416 temporariam
3029 2351 3171 2406 hanc
3218 2353 3410 2418 vitam,
3444 2361 3500 2407 et
3554 2363 3652 2420 per

1191 2463 1206 2504 ;
1262 2454 1321 2500 ut
1387 2444 1460 2498 sit
1514 2454 1752 2504 sensus,
1809 2436 1957 2506 quod
1999 2436 2252 2492 Christus
2283 2438 2338 2493 in
2369 2440 2626 2510 praesenti
2657 2441 2770 2494 vita
2823 2441 3186 2502 tentationum
3253 2456 3318 2496 ac
3365 2443 3656 2498 calamita-

2134 2649 2419 2717 Propterea
2458 2636 2720 2702 exaltabit
2770 2660 2949 2717 caput.
3003 2649 3235 2720 Propter
3285 2651 3653 2707 humilitatem

2062 2757 2127 2796 ac
2154 2743 2476 2797 tenuitatem
2510 2743 2633 2808 vita:
2661 2759 2794 2806 suae,
2829 2744 3034 2813 inquit,
3065 2745 3420 2809 exaltabitur,
3462 2756 3516 2802 et
3560 2762 3652 2802 as-

2061 2833 2303 2886 cendens
2365 2833 2420 2887 in
2459 2833 2681 2899 cmlum,
2731 2835 3131 2904 gloriﬁcabitur
3181 2855 3195 2891 :
3246 2839 3567 2907 sedebitque
3619 2853 3651 2890 a

2063 2923 2272 2980 dextris
2301 2922 2418 2978 Dei.
2467 2925 2603 2990 Quia
2649 2927 2764 2981 hzec
2809 2942 2920 2983 non
2954 2930 3118 2983 modo
3147 2945 3272 2984 eum
3311 2931 3443 2984 nihil
3494 2932 3651 2985 laese-

2072 3022 2222 3080 runt,
2257 3015 2352 3070 sed
2387 3015 2442 3069 in
2496 3015 2824 3073 ineffabilem
2863 3034 2987 3074 eum
3019 3021 3415 3076 sublimitatem
3458 3036 3656 3077 evexe-

2071 3115 2221 3162 runt.

2734 3246 2986 3303 Alleluia.

2634 3381 2952 3440 PSALMUS
2991 3381 3104 3440 CX.

2216 3514 2318 3572 llic
2348 3517 2598 3586 psalmus
2629 3519 2932 3588 gratiarum
2960 3521 3210 3576 actiones
3245 3521 3505 3577 continet.

2145 3609 2312 3696 Vpns.
2341 3610 2394 3675 1,
2424 3611 2480 3664 2.
2512 3609 2815 3679 Conﬁtebor
2845 3612 2960 3678 tibi,
2993 3613 3232 3680 Domine,
3277 3618 3331 3669 in
3365 3625 3474 3672 toto
3505 3620 3659 3674 corde

2073 3719 2213 3757 meo.
2247 3703 2464 3758 Gratias
2499 3717 2654 3775 agam
2693 3705 2788 3760 tibi
2844 3721 2949 3761 non
2989 3707 3173 3762 verbis
3205 3717 3440 3772 tantum,
3480 3725 3660 3780 neque

2076 3809 2172 3850 ore
2193 3795 2537 3864 simpliciter,
2567 3803 2663 3850 aut
2693 3795 2900 3867 lingua,
2929 3798 3025 3853 sed
3073 3800 3124 3852 in
3159 3808 3274 3855 toto
3314 3801 3480 3858 corde
3513 3817 3657 3871 meo,

2077 3886 2260 3939 anima
2308 3887 2565 3953 contrita,
2634 3890 2886 3943 oratione
2943 3891 3189 3955 assidua.
3241 3910 3306 3949 ac
3359 3907 3539 3952 mente
3590 3899 3660 3954 ab

2076 3977 2225 4032 omni
2264 3977 2538 4034 mundana
2577 3993 2711 4033 cura
2759 3980 2873 4048 jam
2906 3979 3098 4046 libera,
3136 3993 3302 4054 atque
3332 3987 3388 4040 in
3424 3997 3475 4044 te
3510 3997 3661 4046 totus

2077 4068 2349 4135 aspirans.
2376 4067 2593 4123 Gratias
2615 4085 2747 4124 vero
2783 4070 3100 4142 huiusmodi
3153 4090 3333 4144 agam,
3365 4094 3465 4148 pro
3494 4081 3665 4138 bene-

2080 4158 2238 4221 lia-iis,
2274 4173 2396 4226 (iure
2449 4169 2561 4213 tum
2617 4161 2672 4215 in
2724 4175 2829 4226 me,
2879 4173 2990 4218 tum
3041 4164 3094 4219 in
3129 4167 3266 4222 alios
3318 4171 3661 4239 amplissime

2077 4249 2382 4308 contulisti.
2424 4250 2536 4306 Hoc
2590 4252 2735 4306 enim
2798 4257 3270 4325 promptissimum
3306 4271 3391 4317 est
3450 4265 3663 4320 sacrili-

2079 4341 2248 4402 cium,
2298 4349 2354 4395 et
2413 4342 2592 4398 facilis
2639 4343 2880 4412 oblatio;
2938 4347 3044 4402 hoc
3097 4353 3471 4408 necessarium
3522 4369 3664 4425 opus

2078 4443 2180 4492 est.
2215 4433 2362 4502 quod
2390 4433 2612 4490 assidue
2645 4450 2676 4489 a
2703 4437 2862 4492 nobis
2892 4439 3061 4509 exigit
3099 4438 3262 4497 Deus.

2152 4521 2220 4578 In
2269 4524 2490 4578 consilio
2547 4535 2812 4580 rectorum
2863 4539 2915 4583 et
2977 4533 3413 4603 congregatione,
3471 4551 3664 4606 magna

2083 4632 2239 4686 opera
2277 4617 2510 4671 Domini.
2538 4616 2728 4672 Omnia
2761 4635 2924 4688 opera
2962 4620 3179 4678 Domini
3228 4639 3420 4696 magna
3449 4639 3574 4684 sunt
3606 4631 3662 4685 in

2089 4709 2349 4773 consilio,
2397 4720 2451 4764 et
2499 4712 2927 4782 congregatione
2968 4729 3155 4768 eorum
3199 4717 3290 4785 qui
3341 4728 3491 4774 recte
3537 4737 3666 4777 sen-

2089 4803 2250 4858 tiunt.
2279 4802 2630 4872 Qumcunque
2657 4805 2800 4860 enim
2829 4813 2924 4859 aut
2955 4807 3112 4862 initio
3148 4807 3347 4875 ell'ecit,
3382 4819 3478 4865 aut
3518 4828 3667 4868 nunc

2089 4896 2239 4960 facit,
2267 4905 2362 4950 aut
2403 4905 2668 4966 perpetuo
2693 4899 2748 4952 in
2781 4899 3026 4953 futurum
3072 4901 3287 4968 elﬁciet,
3323 4919 3536 4957 summa
3569 4906 3667 4958 ad-

2090 4985 2384 5041 miratione
2433 4987 2598 5057 digna
2653 4998 2802 5042 sunt.
2846 4989 3169 5046 Admirablli
3221 4993 3364 5046 enim
3396 4995 3666 5062 sapienta

2091 5079 2356 5134 undum
2409 5080 2634 5142 ereavit,
2697 5088 2753 5134 et
2813 5090 3055 5138 creatum
3121 5083 3279 5154 regit.
3339 5083 3667 5155 Intelligitnr

2091 5185 2224 5225 vero
2250 5173 2528 5242 praecipue
2553 5172 2657 5228 hoc
2693 5171 2927 5240 dictum,
2965 5173 3034 5228 de
3074 5173 3320 5229 miriﬁcis
3355 5173 3449 5230 Dei
3476 5177 3663 5244 operi-

2093 5263 2216 5327 bus,
2244 5277 2364 5333 quae
2398 5265 2452 5319 in
2504 5265 2758 5320 universa
2793 5275 3043 5320 creatura
3075 5265 3284 5337 liquido
3313 5267 3672 5337 conspiciun‘

2093 5363 2182 5408 tur
2226 5369 2240 5406 :
2273 5368 2395 5424 qua:
2432 5354 2651 5424 quoties
2681 5355 2838 5424 probi
2865 5369 3022 5425 aeque
3042 5370 3107 5410 ac
3134 5356 3208 5426 pii
3253 5355 3524 5420 homines,
3557 5371 3672 5410 una

2093 5450 2302 5515 parlter
2328 5447 2668 5518 congregati,
2689 5446 3153 5518 contemplantur,
3177 5445 3317 5503 nihil
3342 5446 3398 5502 in
3427 5447 3508 5505 eis
3535 5461 3673 5518 per-

1767 5652 1965 5714 Varim
1993 5649 2326 5713 lectiones.

411 5849 502 5900 Αος
533 5837 593 5888 ὲν
627 5833 696 5904 τῇ
723 5829 860 5900 πρὸς
895 5829 1184 5908 Ἐὗραίους
1213 5830 1523 5900 Ἐπιστολῇ,
1550 5827 1678 5882 ἔνθα
1707 5828 1800 5880 καὶ
1831 5825 1997 5891 ἄλλας
2030 5827 2286 5896 εὑρήσεις
2313 5829 2656 5896 ὁμοιότητας.
2692 5829 2978 5886 Μλττιωι.
