4052 6436
429 401 558 469 1091

1649 393 1968 457 EUTHYM
1984 397 2037 457 ll
2074 397 2244 456 ZIGA
2255 395 2432 454 BEN!

3549 396 3571 456 l
3583 396 3682 460 092

423 534 609 590 peram
645 516 870 580 factum,
908 513 1042 568 nihil
1071 511 1249 565 minus
1281 521 1488 581 aptum,
1524 521 1617 563 aut
1667 526 1765 564 suo
1799 509 2001 580 Opiﬁce

2107 526 2190 570 κις
2224 507 2448 560 τοιαῦτα
2478 509 2642 573 δοκεῖ,
2680 507 2766 562 διὰ
2806 510 2865 560 τὸ
2909 510 3286 580 ἐστραμμένον
3332 510 3432 582 τῆς
3481 518 3680 586 φρονὴο

423 613 704 682 indignum
739 610 1047 663 inveniunt.
1095 605 1290 659 Omnia
1321 605 1467 659 enim
1505 603 1837 657 adamussim
1869 617 1999 669 pro-

2105 619 2240 665 σεως
2271 603 2471 656 αὐτῶν.

421 723 602 767 creata
630 720 777 774 sunt,
808 718 862 763 et
886 724 982 762 sua
1038 707 1251 764 ratione
1302 704 1636 772 consistunt,
1713 704 1935 760 tametsi
2001 718 2379 773 saepenumero
2430 706 2638 771 multis,
2691 705 2761 760 ob
2816 705 3140 775 depravatas
3190 721 3381 760 eorum
3451 719 3682 786 mentes,

420 818 583 860 secus
609 805 782 858 visum
816 801 998 856 fuerit.

494 900 773 970 Exquisita
822 900 876 952 in
943 913 1120 951 omnes
1177 898 1470 951 voluntates
1519 895 1657 964 ejus.
1705 893 1819 948 Hoc
1871 901 1991 958 est,

417 1000 609 1046 exacte
637 1005 698 1043 ac
725 989 1020 1059 diligenter
1052 987 1223 1053 facta,
1271 997 1328 1041 et
1362 986 1823 1057 quemadmodum
1855 984 1996 1040 alius

419 1084 692 1152 interpres
733 1080 1145 1151 signiﬁcantius
1192 1078 1472 1141 reddidit,
1513 1076 1773 1146 praedicta
1829 1091 1998 1145 opera

418 1174 666 1245 perfecta
693 1182 850 1238 sunt,
894 1179 949 1226 et
991 1170 1407 1225 accommodata
1445 1168 1514 1224 ad
1545 1183 1736 1224 omnes
1767 1166 1861 1222 Dei
1905 1184 2004 1223 voc

417 1271 679 1323 luntates.
734 1267 1043 1335 Dispouunt
1099 1265 1301 1318 etenim
1353 1263 1555 1329 probos
1612 1275 1677 1314 ac
1726 1260 2004 1330 sapientes

422 1359 595 1420 viros,
633 1357 698 1412 ad
747 1355 1079 1425 implendam
1129 1354 1251 1422 ejus
1288 1352 1650 1407 voluntatem.
1702 1349 1837 1404 Nam
1881 1352 2005 1421 quis

418 1459 526 1514 cst,
560 1451 651 1519 qui
704 1450 910 1511 videat,
967 1455 1063 1503 aut
1113 1446 1302 1500 audiat
1359 1443 1679 1511 hujusmodi
1727 1459 1916 1512 opera,
1952 1452 2006 1498 et

421 1561 530 1598 non
559 1544 830 1599 excitetur
866 1543 932 1596 ad
969 1540 1294 1597 sectandum
1331 1537 1701 1608 quodcunque
1746 1537 1856 1590 Deo
1884 1552 2008 1604 gra-

416 1642 534 1688 tmn
567 1648 689 1688 esse
716 1631 1070 1702 iudicaverit,
1126 1629 1437 1698 intelligens
1466 1642 1531 1680 ex
1559 1626 1644 1680 his
1675 1626 1844 1680 Deum
1881 1641 2008 1682 vere

415 1741 564 1791 esse,
591 1733 644 1780 et
676 1739 802 1777 vere
834 1720 1243 1777 misericordem
1272 1722 1441 1776 esse?
1468 1719 1790 1774 Voluntates
1821 1728 2004 1774 autem

416 1817 512 1872 Dei
543 1826 673 1872 sunt
699 1816 818 1884 ejus
855 1815 1135 1869 mandata.

2183 891 2608 961 Ἕξεζητημένα
2647 895 2734 959 είς
2769 893 2967 947 πάντα
2995 898 3068 946 τὰ
3109 895 3414 964 θελήματα
3469 896 3675 951 αὐτοῦ.

2101 981 2616 1054 Ἕξηκριϐωμένως,
2635 982 2818 1046 καθὼς
2838 984 2925 1036 έτε
2934 1001 3022 1054 ρος
3041 985 3381 1055 ἑρμηνευτὴς
3401 984 3684 1052 ἐξέδωκεν,

2100 1076 2486 1145 ἀπηρτισμένα
2538 1076 2607 1129 τὰ
2662 1075 2898 1145 ρηθέντα
2945 1075 3106 1146 ἔργα,
3166 1078 3448 1131 τουτέστιν
3488 1080 3683 1148 ἐπιτή-

2100 1166 2220 1221 δεια
2243 1169 2321 1229 είς
2350 1168 2527 1221 πάντα
2547 1166 2614 1219 τὰ
2650 1166 2932 1237 Θελήματα
2962 1167 3150 1231 αὑτοῦ,
3187 1169 3684 1238 παρασκευάζοντα

2104 1258 2231 1321 τοὺς
2262 1258 2515 1321 συνετοὺς
2539 1260 2710 1312 ποιεῖν
2735 1258 2894 1316 αὑτά.
2930 1259 3026 1323 Τίς
3051 1261 3157 1332 γὰρ
3180 1261 3322 1330 ὁρῶν
3343 1262 3434 1314 καὶ
3469 1261 3688 1315 ἀκούων

2104 1348 2173 1400 τὰ
2209 1349 2436 1404 τοιαῦτα
2479 1350 2640 1419 ἔργα,
2683 1351 2746 1402 οὐ
2792 1349 2860 1404 δι’
2891 1351 3072 1405 αὐτῶν
3131 1353 3502 1423 ἀναχθήσεται
3551 1355 3690 1422 πρὸς

2105 1441 2501 1512 ἀποπλήρωσιν
2535 1442 2644 1494 τῶν
2675 1442 3000 1512 θελημάτων
3032 1442 3125 1496 τοῦ
3159 1445 3530 1514 ἐργασομένου
3591 1447 3693 1498 αὐ-

2103 1531 2191 1598 τά,
2236 1534 2437 1595 συνιεὶς
2460 1534 2542 1587 ὅτι
2579 1534 2712 1598 Θεός
2740 1536 2886 1588 ἐστιν
2916 1536 3104 1602 ὅντως,
3149 1536 3244 1589 καὶ
3308 1536 3693 1608 φιλάνθρωπος

2104 1621 2306 1691 ὅντως;
2339 1624 2633 1694 Θελήματα
2663 1627 2744 1692 δὲ,
2783 1628 2840 1681 αἱ
2873 1628 3087 1681 ἐντολαὶ
3121 1627 3312 1683 αὐτοῦ.

483 1931 646 1986 Vens.
678 1931 729 1984 5.
759 1929 1038 1997 Confessio
1064 1937 1114 1982 et
1138 1927 1531 1998 magniﬁcentia
1553 1942 1681 1995 opus
1706 1926 1839 1994 ejus.
1865 1925 2001 1979 Gra-

2180 1917 2648 1988 Ἐξομολόγησις
2672 1919 2768 1973 καί
2785 1920 3272 1990 μεγαλοπρέπεια
3303 1920 3370 1972 τὸ
3385 1921 3562 1990 ἔργον
3585 1922 3697 1974 αἰ·-

415 2021 617 2074 tiarum
649 2021 814 2083 actio,
867 2027 920 2072 et
963 2017 1250 2085 magniﬁca
1298 2019 1440 2082 laus,
1479 2027 1605 2072 sunt
1655 2015 1746 2070 Dei
1786 2031 1950 2087 opera
1988 2033 2002 2068 :

415 2125 524 2164 non
578 2118 789 2164 tantum
827 2113 951 2173 hoc,
989 2113 1237 2180 inquam,
1281 2121 1377 2165 aut
1429 2109 1564 2163 illud
1598 2124 1759 2178 opus,
1814 2109 1910 2163 sed
1949 2109 2004 2162 in

415 2203 732 2256 universum
780 2203 964 2257 omnia
998 2203 1092 2257 Dei
1141 2217 1333 2272 opera,
1377 2211 1431 2255 et
1467 2201 1808 2270 conjunctim
1833 2210 1887 2256 et
1926 2201 2006 2254 di-

414 2293 573 2348 risim
615 2292 892 2362 ejusmodi
931 2302 1080 2357 sunt,
1113 2302 1173 2347 ut
1204 2291 1272 2346 ad
1316 2291 1616 2360 gratiarum
1648 2290 1919 2354 actiones,
1951 2300 2006 2345 et

415 2382 483 2437 ad
527 2383 848 2454 magniﬁcas
884 2381 978 2436 Dei
1014 2382 1209 2436 laudes
1247 2396 1465 2436 movere
1499 2396 1596 2435 eos
1628 2381 1858 2450 possint.
1911 2381 2002 2450 qui

413 2488 474 2526 ea
501 2482 595 2527 aut
621 2474 883 2535 viderint,
925 2481 1021 2527 aut
1050 2473 1346 2527 audierint.
1395 2471 1580 2527 Petest
1616 2472 1783 2526 etiam
1816 2471 1921 2527 hoc
1947 2472 2003 2525 in

414 2565 536 2618 loco
567 2565 713 2620 istud
756 2579 894 2632 opus
921 2563 1331 2633 particulariter
1363 2564 1560 2634 accipi,
1596 2578 1694 2633 pro
1748 2563 2005 2618 incarna-

415 2654 562 2710 tione
589 2653 825 2708 Domini.
919 2700 927 2706 .

488 2765 556 2819 Et
581 2765 798 2834 justitia
833 2781 944 2833 ejus
969 2773 1142 2817 manet
1174 2763 1226 2818 in
1248 2764 1498 2818 swculum
1531 2765 1736 2818 swcuii.
1788 2763 1901 2820 lloc
1935 2766 2004 2819 ad

419 2858 666 2912 solamen
697 2872 884 2911 eorum
913 2857 1120 2910 dictum
1152 2865 1258 2921 est,
1291 2857 1384 2924 qui
1421 2855 1734 2910 afﬁciuntur
1758 2857 2000 2927 injuriis,

414 2961 466 3003 et
501 2950 566 3003 ad
602 2948 966 3003 eruditionem
1003 2947 1168 3002 etiam
1206 2961 1398 3002 eorum
1465 2949 1557 3018 qui
1594 2949 1826 3020 injurias
1867 2949 2006 3004 infc—

414 3042 564 3095 runt,
617 3049 741 3088 cum
777 3033 991 3102 justum
1069 3044 1231 3103 atque
1276 3046 1537 3089 aeternum
1589 3045 1854 3106 utrosque
1911 3037 2004 3093 Dei

413 3125 683 3196 judicium
725 3136 967 3191 maneat,
1010 3142 1118 3194 quo
1169 3127 1325 3181 alteri
1359 3129 1626 3197 requiem,
1670 3130 1822 3184 alteri
1873 3145 2004 3185 vero

2107 2009 2236 2064 τοῦ.
2271 2009 2605 2079 Εὐχαριστία
2628 2011 2720 2064 καὶ
2751 2011 3177 2082 μεγαλοπρεπὴς
3208 2013 3413 2075 αἵνεσις
3458 2013 3527 2064 τά
3551 2013 3694 2083 ἔργα

2109 2099 2274 2153 αὐτοῦ
2300 2119 2312 2131 ο
2341 2103 2461 2170 οὐχὶ
2492 2102 2610 2154 τόδε
2634 2102 2666 2172 ἢ
2700 2103 2844 2167 τόδε,
2879 2103 2998 2157 ἀλλ’
3031 2103 3217 2166 ἁπλῶς
3245 2105 3374 2166 πᾶν,
3403 2103 3479 2166 ὡς
3507 2106 3694 2157 ἱκανὸν

2108 2196 2278 2245 κινεῖν
2321 2195 2397 2254 είς
2449 2193 2840 2264 μεγαλοπρεπῆ
2907 2194 3135 2260 αἰνεσιν,
3192 2194 3286 2246 καὶ
3332 2195 3696 2264 εὐχαριστίαν

2107 2283 2200 2336 τοῦ
2267 2285 2552 2348 κτίσαντος
2607 2286 2748 2338 αὐτὰ
2807 2285 2899 2339 τὸν
2959 2284 3176 2356 όρῶντα
3244 2285 3338 2338 καὶ
3395 2285 3692 2338 ἀκούοντα.

2106 2376 2328 2430 Νοεῖται
2356 2376 2413 2428 δὲ
2437 2377 2530 2430 καὶ
2563 2377 2747 2441 ίδικῶς
2777 2377 2942 2449 ἔργον
2976 2376 3223 2432 τοιοῦτον
3267 2378 3300 2448 ὴ
3332 2377 3693 2448 ἐνανθρὼπη-

2109 2485 2191 2532 at;
2214 2468 2400 2523 αὑτοῦ.

2179 2755 2289 2810 Καὶ
2335 2758 2372 2824 ἠ
2428 2755 2782 2822 δικαιοσύνη
2812 2756 3000 2810 αὐτοῦ
3052 2758 3221 2826 μένει
3244 2759 3331 2822 εἰς
3363 2757 3471 2811 τὸν
3501 2758 3694 2813 αἰῶνα

2106 2848 2214 2901 τοῦ
2234 2849 2468 2914 αἰῶνος.
2510 2848 2703 2914 Τοῦτο,
2743 2849 2880 2920 πρὸς
2917 2851 3276 2921 παραμυθίαν
3328 2851 3436 2904 τῶν
3471 2852 3693 2904 ἀδικου-

2111 2940 2314 3009 μένων,
2347 2940 2732 3010 σωφρονισμδν
2773 2941 2828 2992 δέ
2854 2939 2962 2993 τῶν
2994 2940 3329 2994 ἀδικούντων
3357 2957 3370 2970 ·
3417 2941 3498 2993 ὅτι
3535 2942 3566 3012 ﬁ
3605 2941 3689 2993 δι-

2106 3032 2239 3085 καία
2267 3032 2442 3099 κρίσις
2470 3031 2657 3098 αὐτοῦ,
2693 3033 2844 3100 μένει
2873 3032 3067 3094 αὐτοὺς
3095 3072 3110 3098 ,
3162 3033 3330 3095 ἀΐδιος
3379 3031 3532 3098 οὖσα,
3591 3035 3689 3086 καὶ

2106 3127 2218 3187 τοῖς
2276 3125 2374 3193 μὲν
2418 3125 2623 3187 ἄνεσιν,
2683 3126 2800 3187 τοῖς
2855 3124 2909 3177 δὲ
2953 3124 3174 3178 κόλασιν
3211 3123 3402 3189 ἐπάξει
3431 3127 3502 3195 ’ἦ
3535 3126 3617 3179 δτι
3651 3129 3688 3197 ἡ

413 3217 680 3287 supplicia
711 3232 777 3271 ac
832 3233 1022 3284 pinnas
1055 3218 1452 3272 sustinebunt;
1497 3221 1580 3274 vel
1619 3221 1746 3291 quia
1785 3221 1999 3291 justitia

2105 3216 2422 3285 δικαιοσύνη
2459 3215 2624 3269 αὑτοῦ
2659 3215 2916 3287 διηνεκὴς
2975 3218 3144 3280 ἐστιν,
3169 3219 3367 3284 show,
3417 3219 3690 3289 ἀμετακί-

413 3312 531 3380 cjus
562 3317 822 3380 perpetua
856 3317 964 3371 est,
993 3311 1097 3364 hoc
1130 3321 1234 3374 est,
1262 3312 1636 3366 immutabilis.

470 3423 640 3478 Vens.
674 3425 730 3477 4.
788 3422 1109 3478 Memoriam
1190 3424 1316 3493 fecit
1376 3427 1709 3479 mirabilium
1761 3444 1999 3480 suorum.

413 3517 679 3579 Verbum,
718 3515 979 3582 Meminit,
1013 3531 1129 3581 seu,
1207 3515 1523 3570 Memoriam
1614 3519 1760 3586 fecit,
1801 3527 1854 3572 ct
1897 3519 2002 3572 alia

415 3605 758 3674 hujusmodi,
803 3606 985 3661 solent
1035 3607 1310 3674 prophetae
1365 3623 1745 3676 sa'penutuero
1803 3623 2005 3678 ponere

415 3714 516 3768 pro
563 3697 818 3768 Operari,
864 3699 1332 3769 quemadmodum
1399 3702 1528 3755 ahbi
1584 3701 1846 3756 diximus.
1913 3703 2007 3754 Ait

417 3791 585 3861 igitur
642 3789 942 3858 Propheta,
985 3791 1130 3858 quod
1188 3789 1334 3844 Deus
1390 3799 1648 3860 operatur
1706 3793 2002 3858 mirabilia,

417 3897 521 3936 nec
575 3881 868 3951 aliquando
923 3889 1110 3936 cessat
1172 3882 1238 3936 ab
1283 3883 1601 3950 hujusmodi
1660 3886 2002 3955 operatione,

418 3983 480 4028 ut
516 3989 614 4044 per
649 3990 712 4028 ea
749 3975 1054 4030 crassiores
1103 3990 1166 4028 ae
1217 3975 1474 4033 rudiores
1515 3993 1766 4048 quosque
1826 3979 2008 4033 Immi-

415 4079 516 4120 nes
555 4065 620 4118 ad
681 4081 741 4119 se
793 4065 1062 4120 traducat.
1126 4066 1455 4135 Ilujusmodi
1535 4078 1720 4123 autem
1780 4069 2006 4124 fuerunt

414 4170 478 4210 ea
509 4171 632 4226 quae
687 4156 816 4209 fecit
872 4166 1115 4226 tempore
1147 4157 1360 4223 diluvii,
1396 4171 1450 4212 et
1517 4177 1639 4230 qua:
1701 4162 1755 4215 in
1808 4161 2005 4216 confu-

415 4249 568 4303 sione
600 4247 935 4319 liuguarum,
976 4259 1071 4303 aut
1108 4266 1228 4319 quae
1283 4251 1696 4306 Sodomitarum
1731 4262 2003 4322 tempore,

415 4343 543 4394 item
598 4357 719 4411 qua:
763 4341 816 4394 in
872 4349 1117 4410 tempore
1163 4341 1462 4405 Abraham,
1497 4343 1648 4398 lsaac
1719 4343 1998 4400 etJacob.

2101 3325 2280 3378 νητος.

2175 3428 2407 3480 Μνείαν
2452 3425 2799 3492 ἐποιήσατο
2826 3425 2945 3480 τῶν
2978 3428 3330 3496 θαυμασίων
3359 3429 3566 3484 αὐτοῦ.
3611 3431 3688 3485 Τὸ

2118 3517 2453 3587 Ἐμνήσθη,
2484 3519 2579 3571 καὶ
2606 3518 2666 3569 τὸ
2691 3519 2922 3571 Μνείαν
2955 3518 3308 3585 ἐποιήσατο,
3345 3521 3438 3573 καὶ
3471 3522 3535 3573 τὰ
3573 3539 3690 3574 τοι-

2108 3611 2248 3664 αὖτα
2301 3614 2399 3664 ἰπὶ
2442 3612 2542 3681 τῆς
2582 3609 2866 3680 ἐνεργείας
2911 3611 2960 3662 oi
3011 3611 3294 3680 προφῆται
3347 3611 3688 3680 λαμϐάνουσι

2107 3705 2391 3766 πολλάκις,
2427 3703 2503 3765 ὡς
2532 3703 2630 3756 καὶ
2667 3705 2726 3756 ἐν
2764 3703 2947 3767 ἄλλοις
2975 3705 3304 3774 εἰρήκαμεν.
3336 3705 3501 3772 Λέγει
3551 3705 3688 3773 γοῦν

2106 3798 2188 3850 ὅτι
2244 3799 2462 3865 ἐνεργεῖ
2507 3795 2579 3848 τὰ
2635 3795 2916 3866 θαυμάσια
2980 3796 3168 3864 αὐτοῦ,
3213 3799 3309 3852 καὶ
3351 3799 3413 3851 οὐ
3453 3798 3682 3851 παύεται

2107 3886 2567 3956 θαυματουργῶν,
2613 3885 2700 3940 διά
2747 3887 2931 3957 πάσης
2961 3889 3177 3956 γενεᾶς,
3212 3889 3297 3941 ἵνα
3342 3890 3469 3952 τοὺς
3507 3907 3686 3959 παχυ-

2105 3981 2300 4046 τέρους
2333 3980 2632 4048 ἐπάγηται,
2659 3978 2748 4032 διὰ
2778 3979 2888 4031 τῶν
2909 3980 3232 4049 τεραστίων,
3263 3973 3350 4032 οἷα
3375 3979 3442 4032 τὰ
3469 3981 3562 4032 ἐπὶ
3590 3979 3684 4033 τοῦ

2107 4070 2524 4139 κατακλυσμοῦ,
2549 4069 2618 4123 τὰ
2648 4070 2742 4123 ἐπὶ
2773 4069 2870 4139 τῆς
2912 4070 3229 4141 συγχύσεως
3257 4072 3367 4123 τῶν
3397 4071 3684 4139 γλωσσῶν,

2105 4163 2174 4215 τὰ
2218 4163 2312 4215 ἐπί
2343 4162 2615 4232 Σοδόμων,
2652 4160 2722 4213 τά
2761 4161 2855 4214 ἐπὶ
2896 4159 3171 4232 ’Δϐραάμ,
3223 4163 3318 4214 καὶ
3353 4163 3556 4228 Ἰσαὰκ,
3591 4166 3687 4218 καὶ

2118 4255 2337 4321 Ἰακὼϐ,
2361 4255 2430 4309 τὰ
2463 4257 2522 4306 ἐν
2551 4253 2837 4325 Αἰγύπτῳ,
2880 4253 2947 4306 τὰ
2983 4256 3041 4308 ἐν
3082 4257 3148 4323 τῇ
3203 4252 3370 4325 ἐξόδῳ
3399 4255 3508 4308 τῶν
3557 4256 3688 4311 ἰουο

2105 4349 2294 4408 δαίων,
2334 4349 2402 4399 τά
2428 4349 2487 4398 ὲν
2517 4350 2582 4417 τῇ
2608 4349 2821 4417 ἐρήμῳ,
2847 4348 2914 4398 τὰ
2939 4347 2997 4400 ἐν
3023 4349 3087 4418 τῇ
3108 4349 3177 4417 γῇ
3193 4348 3289 4417 τῆς
3325 4349 3683 4414 ἐπαγγελίας,

413 4432 479 4487 Et
508 4450 628 4503 qua:
661 4433 716 4487 in
765 4432 1028 4504 JEgyplo,
1074 4446 1171 4488 aut
1238 4436 1291 4488 in
1355 4437 1504 4490 exitu
1561 4437 1876 4490 Judaeorum
1931 4436 2000 4490 ab

2105 4437 2175 4491 τὰ
2200 4438 2257 4488 ὲν
2292 4435 2596 4498 Βαϐυλῶνι,
2621 4435 2690 4488 τά
2721 4435 2864 4489 κατὰ
2894 4435 2993 4506 τὴν
3036 4435 3298 4488 ἐπάνοδον
3341 4439 3406 4488 ἐκ
3431 4435 3685 4488 Βαϐυλῶ-

413 4525 679 4597 JEgypto,
712 4543 941 4595 qumque
977 4530 1030 4580 in
1049 4527 1288 4588 deserto,
1327 4527 1381 4579 in
1415 4538 1559 4581 terra
1590 4528 2003 4595 promissionis,

419 4618 474 4670 in
523 4617 821 4686 Babylone,
866 4625 959 4668 aut
1017 4626 1264 4686 tempore
1307 4615 1766 4680 Machabaeorum,
1799 4626 1852 4671 et
1883 4633 2004 4688 quae

414 4710 469 4762 in
500 4709 702 4763 Christi
755 4709 1017 4770 adventu,
1067 4717 1123 4761 et
1165 4717 1291 4776 post
1341 4708 1493 4761 illum
1563 4703 1854 4775 hactenus,
1886 4710 2002 4778 pri-

411 4802 577 4854 vatim
641 4816 705 4854 ac
735 4802 976 4870 publice,
1019 4801 1511 4872 apostolorum‘que
1557 4815 1622 4854 ac
1676 4810 2000 4871 martyrum,

413 4905 468 4946 et
505 4891 739 4945 aliorum
785 4894 1149 4963 temporibus,
1213 4894 1267 4947 in
1323 4893 1554 4962 privatis
1608 4891 1886 4957 domibus,
1937 4894 1994 4947 in

407 4985 746 5044 civitatibus.
783 4994 838 5039 et
913 4985 1116 5054 ubique
1178 4988 1420 5055 gentium
1454 4985 1594 5038 facta
1630 4992 1778 5038 sunt.

482 5076 788 5129 Misericors
821 5086 868 5130 et
899 5076 1188 5130 miserator
1228 5076 1512 5130 Dominus.
1568 5075 1674 5141 Qui
1732 5077 1992 5145 pradicta

406 5167 594 5221 omnia
657 5168 809 5233 facit,
867 5182 1063 5237 magna
1098 5183 1224 5222 cum
1256 5167 1659 5232 misericordia,
1683 5175 1737 5221 et
1758 5167 1990 5221 salutem

407 5261 692 5316 hominum
749 5261 926 5330 cupit.

476 5372 642 5429 Vens.
679 5375 732 5428 5.
777 5373 968 5428 Escam
1037 5374 1182 5428 dedit
1229 5373 1531 5428 timentibus
1597 5389 1674 5426 se.
1716 5373 1880 5441 Atqui
1935 5379 1990 5425 et
2042 5365 2049 5374 ’

404 5480 517 5520 non
556 5467 882 5520 timentibus
917 5481 977 5521 se
1023 5466 1206 5520 cibum
1256 5475 1498 5534 praestat.
1561 5463 1762 5519 Verum
1801 5463 1987 5515 hocin

403 5556 529 5610 loco
571 5556 898 5611 rationalem
965 5570 1028 5610 ac
1079 5557 1381 5627 spiritalem
1419 5555 1614 5608 anima:
1657 5559 1837 5608 cibum
1907 5554 1991 5605 in-

409 5645 628 5714 telligit,
686 5648 993 5710 cmlestem,
1067 5647 1316 5714 inquam,
1368 5662 1590 5716 panem.
1647 5660 1808 5714 quem
1855 5645 1987 5699 solis

408 5746 470 5785 se
513 5733 837 5791 timentibus
867 5737 1083 5791 tribuit.
1126 5736 1366 5791 Possunt
1399 5738 1561 5791 etiam
1595 5737 1826 5806 intelligi
1869 5737 1984 5790 hmo

413 5819 575 5872 verba
631 5822 700 5877 de
753 5839 894 5893 pane
963 5827 1240 5896 mystico;
1279 5827 1363 5881 vel
1417 5828 1545 5896 quia
1607 5842 1985 5896 saepenumero

2103 4547 2213 4594 νος,
2247 4531 2315 4584 τὰ
2372 4530 2466 4582 ἐπὶ
2517 4531 2625 4584 τῶν
2666 4529 3044 4600 Μακχαϐαίων
3078 4547 3093 4562 ο
3127 4528 3195 4582 τά
3221 4530 3279 4582 ἐν
3329 4529 3538 4582 ἐλεύσει
3585 4531 3682 4583 τοῦ

2101 4622 2363 4692 Χριστοῦ,
2393 4621 2463 4674 τὰ
2495 4621 2620 4689 μετ’
2649 4622 2823 4692 αὐτὴν
2855 4621 2985 4691 ἄχρι
3048 4621 3144 4674 καὶ
3179 4619 3271 4672 νῦν
3309 4620 3417 4672 ἴδια
3462 4621 3555 4673 καὶ
3588 4621 3682 4690 δη-

2105 4716 2293 4784 μόσια,
2345 4715 2439 4767 ἐπί
2472 4732 2532 4766 τε
2564 4713 2674 4765 τῶν
2703 4713 3044 4776 ἀποστόλων,
3085 4713 3180 4764 καὶ⁹
3216 4713 3328 4764 τῶν
3361 4711 3679 4782 μαρτύρων,

2103 4809 2199 4860 καὶ
2233 4806 2340 4858 τῶν
2368 4806 2546 4858 ἄλλων
2582 4805 2776 4872 ἁγίων,
2806 4805 2900 4857 καὶ
2926 4806 2986 4856 ἐν
3004 4805 3236 4870 οἰκίαις,
3267 4805 3358 4858 καὶ
3380 4807 3438 4858 ἐν
3469 4806 3680 4871 πόλεσι,

2100 4899 2196 4951 καὶ
2224 4896 2503 4966 πανταχοῦ
2537 4895 3077 4966 τερατουργούμενα.

2182 5073 2486 5141 Ἐλεήμων
2511 5073 2609 5127 καὶ
2630 5075 2948 5144 οἰκτίρμων
2973 5076 3006 5127 ό
3029 5072 3266 5142 Κύριος.
3300 5074 3358 5127 '0
3380 5074 3449 5128 τὰ
3480 5075 3678 5146 ρηθέν-

2097 5183 2163 5219 τα
2197 5167 2390 5228 ποιῶν,
2415 5165 2584 5219 ἐλεῶν
2608 5167 2717 5235 γὰρ
2747 5167 2844 5220 καὶ
2871 5165 3158 5235 οίκτείρων
3182 5165 3357 5220 ταῦτα
3381 5169 3545 5233 ποιεῖ,
3581 5168 3678 5220 καὶ

2097 5257 2268 5311 θέλων
2291 5260 2389 5327 τὴν
2419 5258 2696 5330 σωτηρίαν
2733 5258 2842 5312 τῶν
2868 5255 3198 5328 ἀνθρώπων.

2176 5371 2410 5440 Τροφὴν
2464 5371 2648 5424 ἔδωκε
2699 5371 2820 5438 τοῖς
2880 5372 3280 5441 φοϐουμένοις
3324 5373 3530 5426 αὐτόν.
3564 5373 3676 5427 Καὶ

2100 5464 2207 5533 μὴν
2238 5465 2471 5526 καὶτοῖς
2509 5464 2584 5534 μὴ
2627 5465 2991 5534 φοϐουμένοις
3027 5463 3191 5518 αὐτόν
3241 5481 3256 5495 °
3299 5465 3436 5519 ἀλλά
3465 5467 3674 5537 τροφὴν

2096 5555 2352 5620 ἐνταῦθα,
2407 5559 2508 5626 τὴν
2559 5556 2798 5626 ψυχικὴν
2858 5557 3031 5626 λέγει,
3094 5556 3196 5628 τὴν
3265 5557 3512 5628 λογικὴν,
3573 5557 3673 5628 τὴν

2096 5649 2498 5717 πνευματικὴν,
2531 5648 2621 5700 τὸν
2647 5647 2898 5716 οὐράνιον
2937 5651 3103 5720 ἄρτον
3127 5689 3141 5714 ,
3173 5650 3239 5720 ἢν
3271 5650 3564 5722 ἐξαιρέτως
3591 5651 3672 5704 δί-

2091 5739 2222 5792 δωσι
2261 5740 2442 5808 μόνοις
2473 5743 2585 5801 τοῖς
2634 5740 2989 5812 φοϐουμένοις
3016 5743 3201 5796 αὐτόν.
3242 5742 3481 5813 Νοηοείη
3510 5743 3554 5794 δ’
3580 5741 3669 5808 ἀν,

2095 5831 2189 5885 καὶ
2224 5833 2250 5884 ὁ
2284 5833 2550 5902 μυστικὸς
2583 5833 2821 5900 δεῖπνος,
2854 5833 2886 5904 ἢ
2921 5833 3016 5888 καὶ
3049 5835 3132 5888 ὅτι
3169 5835 3359 5905 τρέφει
3407 5835 3670 5898 πολλάκις
