4052 6450
310 398 440 462 1093

1469 386 1864 449 COMMENT.
1901 382 1985 442 ΙΝ
2023 379 2392 442 PSALMOS.

3434 370 3573 438 1094

302 508 708 581 ἀπορουμένους
741 508 869 570 τοὺς
908 505 1127 570 ἑαυτοῦ,
1163 505 1239 568 ὡς
1272 502 1363 556 τὸν
1406 501 1618 566 Ἠλίαν,
1650 500 1747 555 καὶ
1785 499 1915 560 τὸν¹

2021 506 2130 549 lens
2164 508 2354 548 servos
2394 507 2526 547 suos
2570 490 2891 547 admirande
2939 488 3258 551 admodum,
3292 496 3346 541 et
3375 498 3577 558 prater

300 600 521 672 Δανιὴλ,
557 600 653 654 καὶ⁸
679 598 874 663 ἄλλους
908 595 1166 660 πολλούς.

371 783 808 852 Μνησθήσεται
856 784 944 845 εὶς
968 780 1079 835 τὸν
1122 777 1307 833 αἰῶνα
1353 776 1646 844 διαθήκης
1670 775 1885 833 αὐτοῦ.

319 868 567 932 Ἰουδαῖοι
617 876 716 945 μέν
785 890 947 943 φασιν
978 890 1006 922 ο.
1035 870 1311 942 Ἐμνήσθη
1376 867 1643 939 διαθήκης
1691 867 1889 931 αὑτοῦ,

306 969 615 1038 ἐνήργησεν
643 962 1021 1034 ἀμετάϐλητον
1070 960 1334 1030 διαθήκην
1388 958 1576 1025 αὑτοῦ,
1606 959 1706 1028 τὴν
1763 957 1894 1027 περὶ

306 1060 402 1114 τοῦ
422 1056 747 1128 πληθυσμοῦ
799 1054 894 1107 τοῦ
924 1054 1238 1123 σπέρματος
1313 1050 1586 1122 Ἀϐραάμ,
1642 1048 1734 1102 καὶ
1775 1047 1894 1118 ,τὴν

312 1152 443 1221 περὶ
480 1149 584 1219 τῆς
614 1146 1055 1218 ὲπαγγελθείσης
1106 1146 1209 1216 γῆς
1238 1160 1252 1176 ο
1312 1145 1472 1214 ἡμεῖς
1531 1143 1587 1195 δὲ
1633 1141 1891 1211 λέγομεν,

310 1243 395 1296 ὅτι
424 1239 740 1313 προφητεία
772 1241 892 1292 ἐστὶ
916 1239 1046 1307 περὶ
1069 1237 1164 1290 τοῦ
1192 1236 1455 1307 Χριστοῦ.
1502 1232 1895 1303 Μνησθήσεται

278 1364 281 1367 -
312 1332 445 1401 γὰρ,
478 1331 666 1401 φησὶν,
696 1330 778 1392 είς
812 1328 903 1381 τὸν
951 1329 1126 1381 αἰῶνα
1152 1327 1244 1380 τὸν
1270 1327 1554 1397 πρέποντα
1614 1323 1714 1393 τῆς
1759 1323 1898 1392 πρὸς

315 1425 444 1485 τοὺς
474 1421 816 1491 πατριάρχας
846 1419 1136 1489 διαθήκης,
1164 1419 1246 1471 ὅτι
1266 1418 1335 1470 τὰ
1371 1417 1664 1486 σπέρματα
1693 1411 1895 1477 αὐτῶν,

316 1507 773 1579 εύλογηθήσεται,
806 1507 986 1561 πάντα
1016 1507 1082 1559 τὰ
1104 1504 1254 1576 ἔθνη,
1282 1507 1375 1558 καὶ
1399 1503 1677 1575 πληρώσει
1704 1504 1897 1572 αὑτήν.

404 1770 614 1839 ’ἰσχὺν
637 1769 826 1840 ἔργων
849 1768 1038 1829 αὐτοῦ
1068 1768 1391 1839 ἀνήγγειλε
1423 1767 1504 1833 τῷ
1533 1768 1661 1833 λαῷ
1689 1766 1898 1821 αὐτοῦ.

320 1859 413 1930 Τῷ
445 1860 544 1931 μὲν
576 1860 797 1932 παλαιῷ
850 1861 965 1932 λαῷ
1008 1861 1212 1927 ἔδειξεν
1278 1863 1431 1932 ίσχίιν
1482 1861 1659 1935 ςργων
1717 1858 1902 1924 αὑτοῦ,

319 1950 568 2003 τουτέστι
596 1950 831 2021 δύναμιν
858 1953 917 2003 ἐν
937 1950 1147 2022 ἔργοις,
1183 1953 1271 2006 διὰ
1298 1954 1406 2005 τῶν
1442 1953 1560 2005 τότε
1598 1951 1904 2020 γεγονότων

319 2042 624 2112 τεραστίων
656 2058 672 2073 ·
705 2042 787 2113 τῷ
801 2044 858 2096 δὲ
883 2043 1011 2113 νέῳ,
1040 2043 1131 2097 διὰ
1176 2045 1289 2098 τῶν
1339 2044 1476 2114 μετά
1504 2046 1604 2115 τὴν
1630 2042 1908 2113 ὲνανθρώ-

324 2150 492 2204 πησιν
529 2133 720 2200 αὑτοῦ,
752 2136 1099 2206 τελουμένων
1124 2136 1409 2191 ἑκάστοτε.

376 2391 510 2456 Τοῦ
541 2401 754 2456 δοῦναι
813 2403 1021 2469 αὐτοῖς
1064 2405 1478 2474 κληρονομίαν
1512 2406 1729 2462 ἐθνῶν.
1783 2406 1911 2471 Τοῖς

329 2494 429 2562 μὲν
470 2493 768 2556 Ἰουδαίοις,
822 2494 924 2564 τὴν
953 2494 1059 2563 γῆν
1116 2495 1214 2565 τῆς
1249 2495 1608 2565 ἐπαγγελίας,
1668 2499 1737 2569 ἢν
1780 2497 1911 2567 tam

327 2583 611 2655 κατῴκουν
645 2584 952 2655 πρότερονλ·
974 2586 1111 2656 ἡμῖν
1135 2585 1194 2638 δὲ
1222 2585 1430 2656 ταύτην
1461 2600 1522 2641 τε
1553 2590 1646 2643 καὶ
1673 2591 1774 2659 τὴν
1802 2590 1911 2644 τῶν

326 2675 529 2739 ἄλλων,
557 2676 687 2744 ὅσης
725 2675 1055 2746 ἐκυρίευσαν
1077 2679 1126 2730 oi
1163 2679 1368 2733 πιστοί.

405 2765 584 2833 Ἔργα
650 2763 868 2833 χειρῶν
927 2765 1116 2820 αὐτοῦ
1173 2768 1426 2835 ἀλήθεια
1458 2807 1473 2833 ,
1539 2769 1638 2824 καί
1689 2773 1910 2840 κρίσις.

334 2856 531 2927 Χεῖρας
582 2856 676 2909 τοῦ
737 2857 947 2926 Πατρός
1003 2875 1149 2921 τινες
1195 2859 1288 2912 τὸν
1339 2861 1468 2913 Υίὸν
1511 2863 1607 2915 καὶ
1664 2862 1724 2915 τὸ
1757 2864 1915 2930 ἅγιον

331 2946 558 3018 Πνεῦμα
583 2948 925 3017 νενοήκασιν,
955 2949 1029 3012 ὡς
1047 2949 1438 3020 δημιουργοὺς,
1471 2944 1546 3004 ὧν
1578 2968 1744 3021 φασιν
1776 2954 1914 3022 ἔργα

326 3038 425 3092 τοῦ
460 3038 561 3108 μὲν
588 3039 744 3106 ἁγίου
782 3038 1102 3108 Πνεύματος
1141 3039 1389 3110 ἀλήθεια.
1445 3041 1708 3107 Ἐκεῖνος
1779 3044 1909 3113 γὰρ,

1991 600 2146 655 spem
2210 584 2506 639 multorum
2580 585 2791 653 pascit,
2847 581 3306 652 quemadmodum
3378 581 3577 645 Eliam,

1990 677 2301 742 Danielem,
2327 686 2383 731 et
2419 677 2738 745 complures
2776 677 2938 731 alios.

2068 770 2277 824 Memor
2324 769 2425 822 erit
2488 769 2541 822 in
2595 767 2850 832 stt-culum
2905 766 3201 820 testamenti
3254 766 3358 819 sui.
3406 762 3580 819 ,ιιιύωί

1996 860 2188 917 dicunt
2225 873 2523 913 memorem
2550 858 2721 913 Deum
2754 857 2924 913 fuisse
2955 858 3269 913 testamenti
3302 856 3414 921 sui,
3448 856 3578 925 quia

1997 953 2129 1008 fecit
2155 952 2287 1006 illud
2318 966 2444 1007 esse
2475 950 2819 1006 imnmtabile
2847 968 2862 1005 :
2913 950 3070 1015 illud,
3134 951 3382 1018 inquam,
3417 955 3581 1002 testa-

1999 1054 2243 1100 mentum
2291 1043 2440 1113 quod
2473 1046 2541 1098 de
2600 1043 2962 1098 multitudine
3036 1041 3264 1097 seminis
3319 1038 3579 1102 Abrahae,

1999 1146 2055 1191 ct
2096 1137 2163 1190 de
2202 1136 2580 1205 promissione
2634 1143 2794 1189 terra:
2861 1133 3234 1203 disposuerat.
3292 1132 3401 1187 Nos
3450 1145 3583 1185 vero

2002 1228 2340 1283 aliirmamus
2369 1227 2538 1283 verba
2568 1227 2685 1281 haec
2714 1226 2783 1281 de
2815 1226 3040 1281 Christo
3072 1223 3413 1295 prophetiam
3451 1237 3586 1277 cou-

2002 1321 2197 1377 tiaere.
2231 1318 2436 1373 Memor
2476 1318 2607 1384 erit,
2653 1319 2855 1388 inquit,
2894 1316 3042 1373 Deus
3072 1317 3129 1371 in
3163 1316 3449 1374 saeculum,
3483 1313 3589 1367 hoc

2000 1419 2105 1475 est,
2165 1409 2220 1463 iu
2269 1408 2454 1463 debito
2505 1416 2560 1463 et
2607 1407 2955 1463 convenienti
2992 1416 3236 1476 tempore
3271 1403 3587 1460 testamenti

2003 1503 2113 1568 sui,
2137 1500 2283 1571 quod
2316 1500 2383 1555 ad
2403 1498 2744 1570 patriarchas
2762 1498 3052 1567 disposuit,
3095 1497 3419 1566 promittens
3442 1493 3593 1563 quod

2006 1595 2060 1649 in
2101 1591 2317 1648 semine
2360 1605 2554 1645 eorum
2591 1587 2982 1644 benedicendae
3013 1595 3196 1642 essent
3226 1601 3420 1640 omnes
3449 1602 3589 1655 gen-

2006 1696 2107 1751 tes,
2141 1694 2194 1740 et
2264 1683 2411 1755 quod
2471 1682 2578 1737 hoc
2640 1688 3026 1736 testamentum
3068 1678 3388 1748 adimplebit
3420 1678 3590 1733 Deus.

2080 1779 2245 1835 Vsus.
2280 1777 2337 1833 6.
2396 1775 2651 1830 Virtutem
2707 1788 2924 1842 operum
2987 1787 3201 1827 suorum
3249 1768 3592 1824 annuntiabit

2007 1872 2202 1941 populo
2234 1887 2355 1924 suo.
2398 1868 2641 1938 Antiuuo
2684 1865 2908 1935 quidem
2936 1863 3139 1934 populo
3174 1861 3417 1917 ostendit
3444 1860 3592 1916 Deus

2008 1965 2154 2019 vires
2203 1977 2428 2032 operum
2474 1974 2726 2023 suorum,
2760 1958 2867 2012 hoc
2916 1964 3022 2022 est,
3058 1955 3360 2026 potentiam
3396 1952 3450 2007 in
3475 1952 3594 2007 suis

2007 2055 2295 2127 operibus,
2345 2067 2511 2123 quam
2571 2065 2765 2104 omnes
2820 2054 3201 2119 cognoverunt
3257 2059 3355 2113 per
3391 2059 3458 2098 ea
3489 2043 3597 2098 mi-

2009 2146 2222 2210 racula,
2255 2159 2379 2215 quae
2418 2155 2550 2197 tunc
2582 2141 2725 2196 facta
2755 2146 2887 2195 sunt
2921 2157 2936 2193 :
2974 2152 3120 2193 novo
3156 2146 3339 2190 autem
3370 2134 3591 2205 papulo,

2011 2249 2110 2304 per
2172 2248 2237 2287 ea
2297 2245 2433 2301 quae,
2480 2236 2603 2299 post
2666 2225 3134 2283 resurrectionem
3197 2238 3353 2280 suam
3397 2224 3599 2294 ubique

2011 2333 2272 2395 operatus
2310 2331 2417 2379 est.

2085 2416 2250 2471 Vens.
2301 2415 2353 2469 7.
2401 2413 2468 2469 Ut
2498 2415 2584 2468 det
2632 2413 2745 2469 illis
2801 2412 3169 2467 hmreditatem
3209 2411 3466 2481 gentium.
3501 2405 3603 2462 Ju-

2014 2508 2147 2564 dzeis
2196 2506 2417 2578 quidem
2479 2517 2684 2562 terram
2739 2506 3151 2576 promissionis,
3191 2519 3359 2575 quam
3408 2509 3602 2574 gentes

1994 2600 2144 2654 'olim
2175 2598 2503 2652 habitabant
2539 2615 2553 2651 :
2597 2597 2760 2652 nobis
2800 2611 2930 2651 vero
2969 2596 3284 2650 universam
3318 2594 3466 2648 illam
3492 2604 3605 2650 ter-

2016 2707 2158 2752 ram,
2212 2690 2373 2758 cujus
2410 2689 2598 2743 ﬁdeles
2634 2686 2874 2743 elIicient
2923 2695 3083 2741 erant
3128 2686 3360 2742 domini.

2088 2783 2262 2849 Opera
2299 2798 2554 2834 manuum
2611 2780 2725 2841 eius
2783 2780 3004 2845 veritas,
3052 2787 3104 2832 et
3145 2777 3436 2848 judicium.
3499 2779 3608 2833 Per

2016 2891 2213 2930 manus
2245 2874 2425 2929 Patris
2457 2873 2628 2942 aliqui
2670 2871 2870 2926 Filium
2928 2882 2985 2926 et
3032 2869 3300 2941 Spiritum
3352 2879 3608 2927 sanctum

2015 2967 2350 3034 intelligunt,
2415 2974 2678 3034 tanquam
2743 2971 3138 3034 coaperatores
3169 2969 3335 3031 atque
3375 2974 3483 3015 una
3508 2975 3607 3031 pa-

2017 3056 2152 3111 riter
2187 3055 2438 3124 Opiliees,
2480 3069 2718 3124 quorum
2771 3067 2961 3122 Opera,
3033 3051 3322 3107 veritatem
3370 3067 3493 3107 esse
3519 3051 3609 3106 di-

332 3131 516 3211 φησιν,
549 3129 841 3199 ὁδηγήσει
879 3128 1034 3199 ὑμᾶς
1062 3133 1148 3197 εις
1180 3129 1389 3186 πᾶσαν
1417 3131 1533 3200 τὴν
1582 3132 1877 3200 ἀλήθειαν
1896 3151 1909 3165 ⁸

2021 3155 2170 3211 cunt,
2226 3156 2279 3201 et
2360 3144 3009 3216 judiciumzveritatem
3094 3145 3339 3213 quidem,
3404 3150 3605 3200 sancto

332 3221 426 3275 τοῦ
456 3221 513 3275 δὲ
546 3222 675 3275 Υἰοῡ
707 3224 888 3292 κρίσις
914 3238 929 3253 ο
964 3222 1181 3279 Πᾶσαν
1215 3225 1348 3293 γὰρ,
1390 3227 1576 3294 φησὶν,
1629 3224 1746 3292 τὴν
1782 3227 1909 3294 κρί-

331 3328 440 3369 σιν
470 3312 694 3368 δέδωκε
714 3314 796 3380 τῷ
815 3314 943 3380 Υἱῷ.
987 3316 1173 3370 Ταῦτα
1205 3317 1261 3370 δὲ
1305 3317 1542 3386 μάλιστα
1602 3316 1815 3381 τούτοις
1874 3319 1909 3389 ή

333 3404 525 3477 Γραφὴ
563 3405 824 3470 πολλάκις
856 3406 1340 3478 προσανατίθησιν.
1373 3409 1444 3461 Ἦ
1473 3407 1543 3462 τὰ
1582 3407 1720 3479 ἔργα
1746 3408 1911 3478 φησὶν

334 3497 427 3550 τοῦ
455 3498 694 3569 Χριστοῦ
721 3498 973 3569 ἀληθινὰ,
999 3500 1094 3553 καὶ
1131 3500 1192 3552 ού
1244 3501 1386 3554 κατὰ
1449 3500 1776 3569 φαντασίαν,
1818 3501 1914 3554 καὶ

335 3588 544 3653 δίκαια,
584 3591 616 3662 ἢ
640 3590 977 3661 διακριτικὰ,
1008 3591 1107 3645 καὶ
1135 3591 1479 3660 οίκονομικά.
1525 3592 1584 3647 Ὀ
1611 3592 1669 3645 δὲ
1694 3591 1912 3664 Χρυσό-

340 3698 540 3751 στομος
570 3681 893 3753 ἑρμηνεύων
931 3683 993 3736 τὸ
1015 3683 1378 3755 προκείμενον
1410 3684 1595 3754 ῥητὸν,
1624 3682 1776 3753 λέγει
1820 3682 1919 3752 τὴν

342 3761 562 3843 Γραφὴν
591 3773 857 3837 πολλάκις
910 3774 1176 3846 ἀλήθειαν
1234 3776 1526 3845 ὀνομάζειν
1583 3776 1685 3846 τὴν
1734 3774 1924 3843 φιλανο

342 3862 611 3935 θρωπίαν,
643 3863 767 3917 καθ’
793 3864 822 3917 ὃ
841 3865 1243 3936 σημαινόμενον
1266 3866 1372 3938 χρὴ
1395 3868 1560 3931 νοεῖν,
1591 3867 1675 3919 ὅτι
1698 3866 1766 3919 τά
1784 3867 1923 3935 ἔργα

341 3951 436 4005 τοῦ
492 3951 629 4005 Θεοῦ
675 3953 1093 4025 φιλανθρωπίας
1154 3954 1352 4025 μεστὰ,
1394 3954 1491 4007 καὶ
1546 3955 1921 4026 δικαιοσύνης,

342 4045 623 4116 πανταχοῦ
662 4046 955 4115 μιγνύυτος
984 4047 1306 4117 ἀμφοτέρας
1338 4061 1352 4077 ·
1387 4046 1499 4099 εἴτε
1550 4047 1659 4116 γὰρ
1716 4045 1922 4114 φιλαν-

343 4137 562 4209 θρωπίᾳ
580 4139 741 4208 μόνον
768 4139 1059 4210 ἐκέχρητο.
1091 4138 1294 4201 πάντες
1323 4139 1389 4192 ἂν
1413 4137 1884 4208 ὲρῤᾳθυμήσαμεν
1905 4154 1918 4166 ·

343 4231 455 4285 εἴτε
486 4232 805 4303 δικαιοσύνῃ
840 4232 1000 4303 μόνῃ,
1025 4230 1228 4293 πάντες
1259 4230 1325 4284 ἂν
1356 4229 1750 4283 ἀπολώλεισαν.

2021 3240 2253 3311 Spiritui
2305 3239 2635 3304 tribuentes,
2695 3237 2763 3292 de
2822 3251 2934 3307 quo
2991 3235 3264 3307 scriptum
3321 3244 3450 3291 est:
3504 3233 3609 3289 Ille

2018 3330 2230 3385 inducet
2255 3346 2345 3384 vos
2380 3330 2437 3383 in
2455 3344 2659 3382 omnem
2690 3328 2968 3382 veritatem
2999 3326 3047 3359 ”
3075 3324 3383 3398 ;judicium
3415 3334 3603 3381 autem

2020 3422 2184 3488 Filio,
2244 3423 2310 3476 de
2353 3437 2463 3492 quo
2525 3420 2654 3474 alibi
2711 3418 2944 3490 legimus
2985 3418 3196 3474 dictum
3257 3432 3288 3472 a
3352 3416 3607 3481 Domino,

2022 3515 2168 3583 quod
2229 3512 2397 3567 Pater
2457 3528 2608 3566 omne
2657 3512 2925 3581 judicium
2975 3508 3120 3566 dedit
3155 3507 3301 3565 Filio
3336 3510 3384 3544 ”
3418 3525 3432 3563 :
3466 3523 3610 3579 quo-

2020 3600 2166 3655 circa
2228 3598 2515 3669 Scriptura
2587 3614 2971 3669 sa'penumero
3038 3598 3300 3669 praedicta
3383 3598 3610 3652 nomina

2024 3691 2133 3745 illis
2166 3690 2471 3760 respectire
2550 3690 2826 3746 attribuit.
2914 3690 3009 3746 Vel
3073 3692 3235 3746 aliter
3268 3709 3282 3747 :
3314 3689 3412 3745 Dic
3463 3688 3612 3759 quod

2024 3796 2191 3850 opera
2225 3779 2435 3835 Christi
2499 3795 2627 3835 vera
2693 3790 2845 3847 sunt,
2895 3791 2948 3837 et
3002 3798 3112 3835 non
3175 3781 3526 3853 imaginaria,
3559 3790 3616 3835 et

2026 3868 2195 3923 simili
2233 3869 2420 3934 modo,
2449 3870 2602 3939 justa
2661 3878 2828 3925 sunt:
2863 3871 2947 3925 vel
2978 3870 3127 3941 quod
3173 3880 3325 3925 recto
3376 3870 3614 3940 judicio,

2028 3966 2085 4011 et
2115 3973 2362 4029 congrua
2434 3959 2858 4014 administrandi
2933 3977 3148 4026 norma,
3184 3976 3212 4015 a
3264 3962 3375 4016 Deo
3428 3961 3615 4017 omnia

2028 4048 2443 4118 dispensantur.
2465 4049 2895 4121 Chrysostomus
2942 4065 3071 4105 vero
3105 4053 3436 4107 versiculum
3466 4053 3615 4109 hunc

2032 4153 2315 4209 exponens
2366 4141 2520 4205 dicit,
2572 4141 2720 4211 quod
2760 4142 2902 4211 apud
2965 4141 3311 4213 Scripturam
3367 4159 3618 4213 saepenu-

2039 4248 2192 4286 mero
2242 4232 2492 4287 veritatis
2517 4248 2716 4287 nomen
2745 4234 3019 4303 reperitur
3055 4249 3153 4303 pro
3189 4234 3569 4290 misericordia
3597 4251 3612 4288 :

342 4329 498 4397 juxta
523 4342 687 4397 quam
730 4323 1188 4396 signiﬁcationem
1222 4320 1379 4388 dicit,
1420 4320 1569 4391 quod
1608 4322 1701 4376 Dei
1746 4335 1912 4391 opera
1952 4322 2333 4376 misericordia
2369 4338 2432 4375 ac
2463 4323 2682 4391 justitia
2716 4324 2877 4394 plena
2946 4332 3080 4380 sunt
3123 4340 3249 4380 cum
3323 4337 3617 4397 utramque

345 4439 564 4494 semper
600 4437 708 4478 una
760 4421 908 4478 Deus
973 4419 1350 4477 eommisceat.
1401 4416 1537 4472 Nam
1593 4418 1639 4472 si
1701 4419 2078 4473 misericordia
2139 4427 2405 4487 perpetuo
2480 4429 2747 4485 uteretur,
2804 4421 3148 4493 negligentes
3212 4423 3440 4478 omnino
3489 4424 3614 4478 red-

346 4520 652 4573 deremur:
698 4529 893 4571 rursus
967 4513 1015 4570 si
1082 4513 1201 4567 sola
1242 4511 1486 4581 justitia,
1530 4510 1746 4581 jaunliu
1799 4510 1928 4565 olim
1970 4525 2163 4567 omnes
2203 4512 2501 4580 perissent.

418 4611 634 4671 Πισταὶ
660 4612 852 4668 πᾶσαι
895 4613 955 4666 al
1014 4608 1256 4667 ἐντολαὶ
1303 4608 1515 4664 αὑτοῦ.
1568 4606 1911 4663 Πιστεύεσθα

2110 4607 2278 4663 Vens.
2296 4610 2349 4664 8.
2388 4609 2598 4663 Fidelia
2634 4611 2811 4664 omnia
2841 4612 3096 4667 mandata
3116 4612 3255 4682 ejus.
3287 4643 3353 4653 —
3384 4611 3618 4679 Fidelia,

350 4707 524 4775 ἄξιαι.
555 4706 627 4758 Ἢ
649 4702 839 4773 ἐπειδὴ
865 4701 1056 4757 πᾶσαι
1096 4696 1243 4764 εἷπε,
1284 4700 1396 4754 νόει
1429 4716 1520 4768 μοι
1541 4698 1760 4766 πρῶτον
1802 4698 1923 4767 μὲν,

346 4800 420 4852 τὰ
448 4797 547 4868 τῆς
574 4795 828 4859 κτίσεως,
863 4792 929 4857 ἃς
955 4791 1276 4863 διατηροῦσι
1305 4790 1575 4858 φυσικῶς,
1607 4790 1636 4843 ό
1659 4789 1888 4861 οὐρανὸς
1915 4828 1930 4848 .

347 4889 449 4946 καὶ
504 4889 531 4941 ό
586 4887 757 4957 ἣλιος,
810 4885 974 4956 καὶὴ
1030 4884 1251 4953 σελήνη,
1285 4884 1378 4936 καὶ
1426 4882 1494 4935 τὰ
1521 4882 1718 4949 ἄστρα,
1749 4881 1844 4936 καὶ
1899 4882 1932 4951 ἡ

350 4979 557 5052 ἡμέρα,
588 4979 684 5031 καὶ
714 4979 748 5047 ὴ
783 4974 902 5041 νὺξ,
922 4975 1017 5029 καὶ
1048 4975 1104 5027 al
1134 4967 1300 5044 ὧραι,
1335 4974 1428 5026 καὶ
1453 4975 1486 5041 ἡ
1522 4976 1618 5042 γῆ,
1642 4976 1737 5027 καὶ
1769 4990 1936 5026 ποτα-

357 5072 475 5142 μοὶ,
504 5070 602 5123 καὶ⁸
632 5067 845 5138 λίμναι,
885 5066 979 5120 καὶ
1012 5065 1213 5134 πηγαὶ,
1246 5065 1340 5117 καὶ
1371 5064 1537 5133 φυτά,
1561 5063 1657 5116 καλ⁸
1689 5062 1931 5133 βοτάναι,

354 5162 453 5214 καὶ
480 5157 666 5220 ἁπλῶς
696 5159 797 5211 ὅσα
817 5175 877 5210 τε
897 5155 1000 5225 τῆς
1028 5155 1238 5225 ἀψύχου
1265 5154 1502 5224 φύσεως,
1531 5154 1625 5208 καὶ
1682 5154 1782 5208 ὅσα
1835 5155 1935 5224 τῆς

356 5251 605 5323 ἐμψύχου
640 5251 763 5321 μὲν,
790 5249 990 5317 ἀλόγου
1019 5249 1100 5304 δέ.
1132 5250 1366 5302 Ἔπειτα
1402 5248 1498 5300 καὶ
1521 5248 1621 5311 τὰς
1656 5262 1934 5315 συγκαταο

326 5342 663 5412 -ληφθείσας
699 5339 760 5405 ἐξ
802 5342 979 5412 ἀρχῆς
1024 5343 1091 5411 τῇ
1123 5340 1285 5408 φύσει
1338 5338 1449 5392 τῶν
1495 5338 1819 5409 ἀνθρώπων,
1869 5335 1936 5401 ἃς

359 5432 706 5504 φυλάττουσι,
738 5434 832 5487 καὶ
880 5432 930 5486 oi
989 5433 1063 5503 μὴ
1110 5431 1272 5502 νόμον
1313 5431 1599 5501 ἔγγραφον
1614 5429 1894 5501 εἰληφότες
1921 5443 1935 5457 ·

360 5522 465 5579 εἶθ’
487 5526 660 5590 οὕτως
683 5526 779 5580 καὶ
834 5525 934 5590 τὰς
956 5524 1212 5596 γραπτὰς
1259 5525 1502 5587 ἐντολὰς,
1525 5522 1620 5577 τοῦ
1668 5522 1759 5577 διὰ
1803 5523 1937 5577 Μω-

365 5616 502 5682 σέως
546 5617 793 5681 δοθέντος
824 5619 991 5686 νόμου
1024 5631 1039 5647 ⁸
1067 5617 1161 5671 καὶ
1185 5616 1519 5684 τελευταῖον,
1564 5615 1665 5681 τὰς
1705 5615 1940 5686 εὐαγγε-

470 5800 518 5832 ⁹³
553 5801 711 5857 Joan.
750 5814 861 5866 xvr,
890 5798 979 5854 15.
1055 5799 1103 5833 ’⁸
1136 5800 1296 5857 loan.
1330 5816 1383 5867 ν,
1423 5798 1518 5856 22.

2041 4698 2147 4753 hoc
2188 4707 2295 4764 est,
2354 4700 2457 4755 lide
2508 4701 2693 4771 digna.
2764 4701 2829 4756 Et
2868 4702 2997 4772 quia
3036 4703 3222 4757 omnia
3275 4702 3414 4759 dixit
3464 4718 3618 4758 man-

2039 4794 2189 4859 data,
2240 4794 2418 4863 primo
2457 4808 2521 4848 ea
2563 4793 2829 4861 intelligo,
2871 4810 2992 4864 qum
3032 4794 3095 4849 ad
3128 4794 3467 4850 creationem
3498 4808 3624 4863 spe~

2040 4897 2211 4952 etant,
2263 4898 2495 4955 quaeque
2529 4896 2728 4941 natura
2761 4885 2925 4950 duce,
2958 4886 3148 4942 omnia
3181 4886 3483 4941 observant
3512 4887 3626 4941 cle-

2040 4988 2248 5044 menta,
2279 4979 2482 5032 ctelum
2516 4978 2799 5042 nimirum,
2856 4977 2961 5043 sol,
3002 4978 3155 5043 luna,
3208 4977 3412 5041 sidera,
3477 4974 3624 5041 dies,

2041 5082 2174 5134 nox,
2207 5067 2381 5133 horae,
2433 5078 2601 5135 terra,
2630 5068 2878 5135 ﬂuiriina,
2916 5076 3132 5139 stagna,
3164 5067 3367 5130 fontes,
3397 5066 3618 5135 plantae.

2046 5162 2253 5226 herbae,
2310 5170 2366 5217 et
2419 5161 2604 5216 omnia
2646 5162 2904 5231 denique,
2947 5176 3071 5231 qua}
3110 5169 3221 5216 tam
3272 5160 3338 5215 ad
3368 5168 3625 5215 naturam

2046 5255 2244 5309 anima
2295 5267 2528 5324 prorsus
2577 5261 2858 5324 expertem
2945 5266 3110 5320 quam
3170 5249 3237 5305 ad
3298 5250 3623 5315 animatam,

2049 5344 2144 5400 sed
2187 5345 2406 5400 ratione
2459 5352 2765 5411 carentem,
2809 5342 3110 5412 pertinent.
3176 5341 3383 5398 Deinde
3438 5340 3625 5397 omnia

2046 5439 2212 5493 etiam
2258 5436 2537 5499 mandata,
2600 5450 2725 5506 quae
2797 5435 2866 5490 ab
2921 5434 3082 5491 initio
3141 5436 3381 5493 humano
3440 5434 3625 5505 generi

2047 5529 2177 5586 data
2209 5537 2363 5594 sunt,
2397 5542 2630 5599 quasque
2655 5527 2812 5582 abiis
2832 5526 3298 5593 observabantur,
3330 5527 3422 5598 qui
3450 5527 3625 5599 legem

2046 5620 2308 5698 scriptam
2344 5633 2461 5678 non
2528 5618 2864 5678 habuerant.
2900 5616 3092 5677 Tertio
3143 5617 3271 5674 loco
3328 5632 3394 5674 ea
3431 5618 3625 5687 etiam,
