4052 6454
449 400 586 466 2095
1688 405 2042 464 ΕΗΤΗΥΜΙ

2112 406 2474 466 ZlGABENI
3567 405 3704 470 1096

443 535 567 590 quae
614 531 709 590 per
739 517 907 587 legem
969 514 1137 586 Moysi
1190 513 1416 584 scriptis
1464 513 1663 569 tradita
1720 523 1872 570 sunt.
1925 517 2028 571 Po-

2128 516 2376 584 γελικὰς,
2401 518 2459 570 αϊ
2493 518 2685 580 πᾶσαι,
2731 519 2886 589 φησι,
2922 517 3133 584 πισταὶ,
3194 517 3441 570 τουτέστι
3471 517 3706 588 βέϐαιοι,

445 619 656 666 strcmo
689 623 816 662 vero
847 607 965 676 ipsa
1018 616 1290 676 praecepta
1323 606 1660 675 evangelica,
1704 620 1827 674 qua:
1867 620 2024 660 man-

2128 607 2546 680 ἀμετακίνητοι.
2579 610 2639 662 El
2673 610 2784 680 γὰρ
2806 609 2900 663 καί
2940 626 3062 662 τινα
3083 608 3178 661 τοῦ
3208 609 3506 662 Μωσαῖκοῦ
3537 611 3709 679 νόμον

445 703 572 755 data
628 700 814 754 omnia
865 698 1047 751 lidelia
1095 705 1246 760 sunt,
1306 697 1407 750 hoc
1447 705 1551 758 est,
1625 696 1804 760 lirma,
1859 702 2025 765 atque

2126 698 2564 770 κατεϐλήθησαν,
2602 700 2718 754 ἀλλ’
2751 702 2846 754 ἐπὶ
2870 702 2930 753 τὸ
2968 701 3200 771 βέλτιον,
3231 701 3322 753 ἐπὶ
3349 700 3411 754 τὸ
3446 701 3709 771 conmea-

444 791 789 845 inconcussa.
815 786 974 851 Nam,
996 789 1099 842 etsi
1134 786 1382 856 quaedam
1408 785 1657 840 Mosaicae
1697 786 1831 853 legis
1864 801 2022 838 man-

2129 806 2240 860 pov.
2279 791 2470 855 Ούδεὶς
2499 792 2592 846 οὖν
2623 791 2851 846 δύναται
2883 792 3087 854 ταύτας
3114 792 3447 860 ἁναφανίσαι
3469 807 3485 823 ⁸
3525 795 3588 845 '0
3607 794 3709 845 οὐ·

445 883 570 937 data
619 885 802 935 soluta
838 880 971 943 sint,
1031 893 1218 932 verum
1279 891 1389 931 non
1442 885 1550 930 tam
1583 876 1786 940 soluta,
1855 890 2018 946 quam

2115 882 2304 949 ραν-ὸς
2337 883 2466 954 γὰρ,
2494 884 2649 954 φησι,
2682 884 2781 939 καὶ
2819 885 2856 952 ἡ
2894 883 2969 953 γῆ
3002 885 3513 952 παρελεύσονταν
3553 886 3606 938 οἱ
3640 883 3711 936 δὲ

445 975 500 1027 in
532 975 728 1028 melius
764 973 1056 1042 disposita,
1115 979 1280 1040 atque
1320 969 1596 1024 intellecta
1632 969 1735 1023 dici
1767 978 2021 1038 possunt.

1488 977 1596 1024 ecta
1632 969 1735 1023 dici
1767 978 2021 1038 possunt.
2120 974 2290 1043 λόγοι
2327 993 2448 1043 μου
2482 978 2553 1030 οὺ
2572 975 2657 1045 μὴ
2691 978 3088 1046 παρέλθωσιν.

443 1067 619 1124 Nemo
664 1066 835 1136 igitur
870 1080 934 1121 ea
993 1066 1196 1134 poterit
1255 1063 1488 1118 delere:
1525 1060 1727 1116 Caelum
1764 1061 1942 1130 enim,
1977 1063 2266 1134 inqttil,°et
2313 1078 2459 1123 terra
2531 1071 2864 1136 transibunt,
2901 1073 3056 1124 rerba
3135 1083 3314 1126 autem
3407 1087 3521 1125 mea
3606 1088 3711 1126 non

445 1162 752 1216 transibunt
784 1162 854 1214 ⁸⁵.

514 1259 844 1323 Conﬁrmata
871 1258 925 1310 in
955 1257 1207 1311 accentum
1251 1253 1454 1310 circuli.
1483 1251 1733 1318 Stabilia,
1767 1253 2017 1322 inquam,

2215 1255 2661 1326 Ἐστηριγμέναι
2723 1259 2811 1321 εἰς
2871 1255 2978 1310 τὸν
3050 1254 3237 1310 αἰῶνα
3302 1256 3409 1312 τοῦ
3470 1256 3706 1322 αἰῶνος.

445 1357 503 1402 et
543 1359 812 1417 perpetuo
867 1362 1152 1401 mansura-

2142 1345 2404 1416 Ἐδραϊαι,
2433 1347 2726 1414 διηνεκεῖς,
2759 1347 2999 1416 μόνιμοι.

522 1437 695 1490 Facta
745 1438 800 1490 in
847 1441 1082 1497 veritate,
1139 1444 1188 1489 et
1248 1433 1586 1488 rectitudine.
1643 1432 1792 1487 Nihil
1855 1433 2023 1497 enim,

2198 1439 2598 1508 Πεποιημέναι
2628 1441 2697 1492 ἐν
2728 1441 3001 1506 ἀληθείᾳ,
3036 1438 3134 1493 καὶ
3161 1439 3460 1508 εὐθύτητι.
3519 1439 3709 1503 οὐδὲν,

448 1529 649 1596 inquit,
693 1529 750 1581 in
819 1528 901 1582 eis
953 1528 1150 1580 falsum
1208 1537 1312 1588 cet,
1357 1526 1494 1579 nihil
1561 1525 1870 1593 obliquum.
1927 1522 2026 1577 Vel

2127 1536 2317 1602 φησιν,
2346 1535 2406 1586 ἐν
2427 1535 2616 1597 αὐτοῖς
2639 1533 2856 1602 ψευδὲς,
2882 1534 3004 1587 οὐδὲ
3033 1534 3248 1586 σκολιόν
3277 1549 3290 1562 ’
3331 1533 3480 1604 ﬁnal.
3511 1533 3711 1600 ἄλλως,

448 1622 628 1684 aliter,
668 1633 766 1688 per
801 1619 1112 1681 veritatem,
1160 1617 1464 1670 claritatem
1515 1616 1781 1685 intelligo,
1814 1629 1912 1684 per
1941 1631 2026 1668 rc-

2124 1625 2386 1696 ἁλήθειαν
2423 1626 2521 1696 μὲν
2559 1626 2778 1696 νόησον,
2805 1625 2904 1696 τὴν
2940 1628 3243 1696 σαφήνειαν
3278 1642 3294 1658 ⁸
3324 1625 3600 1697 εὐθύτητα
3629 1626 3710 1689 δὲ,

448 1711 771 1765 etitudinem
809 1724 962 1773 vero,
1003 1717 1215 1762 rectum
1270 1707 1569 1777 judicium.
1627 1706 1823 1760 Omnia
1876 1707 2024 1760 enim

2124 1716 2223 1784 τὴν
2251 1715 2600 1786 ὀρθοτομεαν,
2639 1717 2726 1770 ὅτι
2763 1717 2936 1780 πᾶσαι
2961 1716 3205 1790 ἀληθεῖς,
3246 1718 3341 1771 καὶ
3373 1718 3585 1787 σαφεῖς,
3617 1717 3715 1771 καὶ

442 1803 564 1869 ejus
608 1801 862 1854 mandata
907 1815 1033 1854 vera
1092 1809 1246 1861 sunt.
1291 1811 1344 1855 et
1377 1800 1550 1863 clara,
1587 1812 1648 1852 ac
1687 1805 1838 1852 recte
1868 1798 2024 1852 incc-

1327 1811 1344 1855 t
1377 1800 1550 1863 clara,
1587 1812 1648 1852 ac
1687 1805 1838 1852 recte
1868 1798 2024 1852 incc-
2124 1806 2261 1877 ὀρθὰ
2319 1807 2527 1878 βαίνειν
2555 1807 2927 1864 διδάσκουσαι.

443 1894 573 1948 dere
606 1907 704 1946 nos
743 1893 966 1946 docent.
2063 1904 2104 1962 Β

513 2007 680 2061 Vsus.
715 2006 770 2062 9.
812 2005 1240 2074 Redemptionem
1299 2004 1444 2058 misit
1493 2003 1685 2073 populo
1719 2021 1835 2058 suo.
1862 2001 2027 2058 Pater

2203 2010 2515 2080 Λύτρωσιν
2544 2011 2868 2066 ἀπέστειλε
2905 2011 2986 2077 τῷ
3028 2013 3159 2078 λαῷ
3181 2011 3389 2068 αὐτοῦ.
3438 2011 3498 2065 '0
3523 2012 3715 2081 Πατὴρ

447 2100 596 2153 misit
630 2096 828 2151 Filium
874 2112 1061 2159 suum,
1109 2095 1261 2148 Misit
1290 2096 1436 2148 enim
1465 2111 1563 2159 me,
1598 2097 1795 2166 inquit,
1828 2096 2026 2163 ιιι-ιε’άὶ-

2132 2102 2226 2155 τδν
2257 2102 2408 2168 Υιὸν,
2437 2104 2556 2173 ἦτοι
2608 2105 2699 2158 τὸν
2733 2105 2971 2174 Χριστόν
3003 2121 3018 2136 ο
3071 2104 3414 2160 Ἀπέστειλε
3454 2105 3564 2174 γάρ
3615 2122 3713 2174 με,

444 2206 568 2244 care
592 2192 807 2258 captivis
852 2190 1214 2242 remissionem
1248 2188 1316 2243 “.
1356 2187 1421 2240 Et
1457 2203 1654 2242 rursus
1683 2189 1748 2241 de
1798 2205 1863 2240 eo
1887 2187 2027 2242 scri-

2135 2195 2291 2263 φησὶ,
2325 2179 2581 2263 κηρύξαι
2625 2196 3022 2266 αἰχμαλώτοις
3075 2197 3302 2266 ἄφεσιν
3333 2213 3348 2227 ·
3384 2198 3477 2250 καὶ
3516 2198 3680 2250 πάλιν
3702 2214 3715 2227 ·

371 2339 374 2342 ,
448 2296 597 2351 ptum
633 2293 714 2338 est
751 2303 765 2337 ;
798 2281 919 2350 Ipse
979 2280 1182 2334 salvum
1249 2278 1408 2347 faciet
1463 2279 1715 2348 populum
1770 2282 1971 2334 suum'

2131 2285 2327 2352 Αὐτὸς
2356 2288 2464 2358 γὰρ
2488 2287 2676 2340 σώσει
2696 2287 2804 2340 τὸν
2831 2289 2988 2342 λαὸν
3026 2287 3236 2342 αὐτοῦ.
3285 2290 3396 2343 Καὶ
3443 2289 3504 2351 ὃς
3556 2289 3715 2360 ἐδόθη

447 2377 580 2430 item
622 2376 716 2444 qui
760 2374 923 2428 datus
969 2380 1054 2428 est
1089 2371 1251 2428 nobis
1280 2387 1311 2425 a
1354 2371 1465 2425 Deo
1500 2371 1805 2442 redemptio
1831 2370 1898 2435 ⁸⁸,
1938 2385 2028 2426 se-

2133 2378 2268 2447 ήμῖν
2298 2378 2368 2432 τά
2395 2396 2455 2432 τε
2483 2380 2620 2434 ἄλλα
2661 2381 2773 2436 ἀπὸ
2819 2381 2957 2436 Θεοῦ
2993 2381 3090 2435 καὶ
3126 2381 3527 2453 ἀπολύτρωσις,
3573 2384 3719 2436 κατὰ

446 2469 687 2526 cundum
715 2466 1062 2538 Apostolum.

993 2483 1062 2520 ιιι.
2133 2467 2225 2521 τὸν
2253 2469 2593 2524 ’Λπόστολον.

516 2562 788 2617 Mandavit
819 2562 871 2614 in
919 2560 1173 2614 sarculum
1223 2565 1592 2610 testamentum
1622 2573 1798 2610 suum.
1835 2555 1892 2608 In
1925 2572 2028 2608 sse-

2217 2557 2592 2614 Ἐνετειλατό
2655 2562 2742 2626 εις
2807 2561 2915 2614 τὸν
2998 2562 3184 2615 ᾶιῶνα
3249 2562 3543 2631 διαθήκην
3608 2565 3717 2618 αὐ-

450 2655 659 2718 culum,
695 2653 938 2720 inquam,
971 2650 1328 2712 conveniens,
1367 2663 1429 2702 ac
1459 2649 1503 2702 si
1562 2647 1803 2701 diceret:
1831 2645 2028 2702 TeSIa-

2139 2645 2245 2698 τοῦ
2272 2647 2508 2716 (27-28).
2551 2648 2884 2702 Ἐνετείλατο
2911 2651 2993 2712 εἰς
3020 2650 3112 2702 τὸν
3138 2651 3312 2704 αἰῶνα
3344 2651 3609 2720 διαθήκην
3629 2651 3721 2702 αὐ-

454 2754 702 2798 mentum
736 2731 897 2797 suum
928 2740 1070 2795 Deus
1101 2741 1156 2794 in
1194 2747 1323 2808 apto
1363 2748 1420 2793 et
1478 2737 1828 2792 convenienti
1887 2747 2029 2791 tem-

2137 2737 2253 2802 τοῦ,
2276 2740 2376 2810 τὴν
2402 2739 2548 2801 νέαν,
2582 2741 2616 2809 ἣ
2652 2738 2872 2793 αἰώνιον
2892 2739 3156 2808 διαθήκην
3195 2740 3384 2804 αὑτοῦ,
3416 2741 3515 2810 τὴν
3545 2741 3716 2807 εὐαγ-

454 2851 585 2905 pore
631 2835 950 2888 hominibus
985 2832 1232 2885 tradidit.
1271 2829 1363 2886 Vel
1408 2831 1462 2884 in
1507 2829 1784 2892 naculum,
1843 2827 2026 2897 proin

2138 2826 2365 2895 γελικήν
2386 2843 2401 2858 ο
2428 2826 2605 2879 Δώσω
2626 2827 2754 2896 γὰρ,
2771 2832 2956 2899 φησὶν,
2975 2832 3118 2897 ὑμίν
3137 2828 3432 2897 διαθήκην
3456 2831 3716 2883 alebat-tor.

450 2937 738 2992 aeternum,
776 2926 957 2994 ipsum
1007 2925 1390 2991 Evangelium,
1445 2932 1711 2976 aeternum
1744 2919 2030 2990 appellans

2148 2917 2210 2970 Ἦ
2278 2919 2388 2988 γὰρ
2435 2919 2707 2988 Μωσαῖκὴ
2765 2923 3098 2991 πρόσκαιρος
3135 2917 3205 2990 ἦν
3246 2921 3306 2973 τό
3355 2938 3413 2973 τε
3462 2921 3720 2988 φαινόμε-

449 3019 885 3080 Testamentum,
972 3016 1037 3069 de
1062 3031 1173 3085 quo
1208 3016 1337 3069 alibi
1411 3013 1680 3084 scriptum
1745 3012 2026 3082 leg-imus:

1966 3027 1980 3068 ς
2011 3026 2026 3064 :
2139 3026 2229 3063 νον
2275 3008 2412 3079 (29),
2443 3009 2635 3080 αὐτῆς,
2669 3012 2765 3065 καὶ
2787 3012 2911 3066 ὅσον
2941 3013 3172 3067 τυπικὺν
3191 3014 3286 3068 καὶ
3317 3013 3566 3077 σκιῶδες.

455 3095 601 3167 Dabo
646 3113 788 3167 vobis
823 3120 1196 3166 testamentum
1229 3121 1487 3166 wternnm
1521 3105 2034 3164 ".Testamentum
2064 3105 2214 3162 enim
2257 3104 2557 3161 Mosaicum
2621 3108 3014 3176 temporarium
3080 3109 3204 3174 fuit,
3283 3108 3330 3164 si
3383 3108 3721 3164 exteriorem

451 3208 570 3277 ejus
616 3223 862 3268 sensum.
899 3207 942 3260 si
980 3208 1204 3278 ﬁguras,
1256 3215 1310 3260 et
1349 3205 1574 3260 umbras
1604 3205 1657 3258 in
1684 3219 1751 3260 eo
1810 3211 2111 3260 contentas
2153 3200 2494 3272 aspiciamus
2524 3211 2580 3256 et
2629 3205 2976 3260 occidentem
3033 3202 3320 3258 litteram:
3365 3217 3529 3260 secus
3588 3219 3723 3261 vero

451 3300 496 3354 si
529 3302 848 3353 interiorem
908 3309 1220 3367 spectemus
1269 3313 1496 3354 sensum
1532 3313 1596 3351 ac
1633 3311 1722 3352 res
1772 3298 1876 3352 sub
1932 3294 2257 3368 hujusmodi
2295 3294 2532 3363 umbris,
2581 3308 2648 3351 ac
2678 3295 2872 3366 ﬁguris
2905 3296 3247 3366 designatas.

523 3389 779 3446 Sanctum
822 3399 868 3444 et
907 3391 1140 3444 terribile
1187 3405 1376 3444 nomen
1425 3389 1561 3457 ejus.
1590 3385 1801 3445 Christi
1837 3403 2038 3443 nomen
2070 3382 2112 3440 C

2220 3387 2421 3455 Ἅγιον
2441 3386 2543 3440 καὶ
2565 3387 2826 3456 φοϐερὸν
2857 3387 2926 3441 τὸ
2963 3386 3153 3455 ὄνομα
3199 3386 3418 3442 αὐτοῦ.
3469 3387 3545 3440 Τὸ
3582 3389 3718 3454 Χρι-

449 3495 703 3540 sanctum
761 3484 983 3554 quidem
1039 3491 1148 3548 est,
1209 3483 1373 3538 veluti
1424 3498 1532 3551 quo
1607 3481 2032 3537 innumerabilia

2153 3478 2303 3545 στός
2335 3493 2352 3511 ⁶
2384 3480 2542 3548 ἅγιον
2575 3479 2696 3549 μὲν,
2726 3479 2802 3544 ὡς
2833 3480 3006 3551 μυρία
3043 3479 3688 3551 θαύματαὲργαζόμενον
3708 3498 3721 3511 ·

449 3576 639 3632 effecta
675 3586 804 3631 sunt
832 3576 1120 3637 miracula,
1156 3574 1403 3629 terribile
1435 3587 1567 3627 vero
1624 3574 1764 3644 (seu,
1817 3583 1873 3625 ut
1907 3587 2033 3641 pro-

2142 3569 2378 3641 φοϐερδν
2415 3572 2494 3637 δὲ,
2521 3571 2597 3636 ὡς
2621 3571 2852 3627 ὲλαῦνον
2878 3573 3166 3643 δαίμονας,
3203 3573 3299 3627 καὶ
3333 3574 3542 3637 νόσους.
3579 3574 3643 3627 Ei
3666 3573 3725 3626 δὲ

453 3668 609 3734 prius
652 3667 834 3734 signat
865 3662 1052 3718 Graeca
1117 3664 1307 3728 dictio,
1363 3661 1616 3731 φοϐερὸν,
1689 3663 2028 3730 timendum),

1855 3663 2028 3730 dum),
2137 3665 2312 3731 ἁγίων
2345 3663 2458 3734 ἄρα
2477 3665 2650 3718 δεῖται
2680 3667 2965 3735 στομάτων
2993 3667 3074 3728 εἰς
3105 3665 3452 3736 ύμνολογίαν.

453 3758 582 3829 quia
625 3757 900 3810 daemones
942 3755 1188 3824 expellit,
1236 3764 1292 3808 et
1336 3752 1715 3821 aegritudines.
1763 3751 1922 3819 Quod
1985 3753 2034 3808 si
2069 3753 2275 3810 Christi
2309 3769 2512 3817 nomen
2538 3765 2792 3812 sanctum
2823 3767 2930 3822 est,
2963 3765 3183 3828 oportet
3240 3757 3359 3828 ipsa
3390 3758 3555 3820 etiam
3603 3772 3726 3822 ora,

454 3866 520 3906 ac
589 3852 825 3921 linguas,
887 3863 1010 3918 tiu-te
1077 3847 1210 3902 illud
1273 3846 1564 3902 laudatura
1625 3855 1782 3910 sunt,
1844 3856 2040 3901 sancta
2071 3861 2230 3904 esse.

525 3944 692 3999 Vsus.
731 3943 817 3998 10.
856 3940 1084 3996 Initium
1133 3940 1410 4008 sapientia:
1438 3940 1599 3994 timor
1655 3938 1890 3994 Domini.
1935 3937 2034 3993 Est

2223 3937 2396 4007 Ἀρχὴ
2420 3939 2646 4007 σοφίας
2723 3939 2908 4007 φόϐος
2979 3939 3222 4008 Κυρίου.
3295 3939 3454 4013 Πηγὴ
3494 3941 3727 4011 σοφίας,

453 4039 600 4093 enim
633 4034 948 4105 huiusmodi
987 4033 1153 4087 timor
1194 4032 1319 4087 fons
1381 4046 1446 4087 ac
1499 4033 1658 4086 radix
1723 4031 2032 4102 sapientiae.

2143 4031 2292 4102 ῥίζα,
2320 4031 2598 4094 ὑπόθεσις.
2630 4026 2709 4088 Οὗ
2738 4031 2852 4103 γὰρ
2881 4031 3049 4101 φόϐος
3093 4033 3326 4087 ἐντολῶν
3364 4035 3619 4105 τήρησις,
3665 4031 3727 4089 οὗ

454 4130 561 4186 Ubi
592 4130 738 4185 enim
775 4139 860 4184 est
892 4131 1078 4190 timor,
1113 4125 1227 4181 illic
1260 4135 1318 4180 et
1346 4125 1735 4181 mandatorum
1767 4124 2034 4180 observa-

1954 4138 2034 4178 ιιι-
2142 4122 2201 4176 δὲ
2232 4123 2396 4194 αὕτη,
2435 4123 2729 4194 κάθαρσις.
2759 4117 2833 4179 Οὖ
2855 4125 2912 4178 δὲ
2938 4126 3227 4197 κάθαρσις,
3266 4127 3554 4198 ἐλλαμψις.

456 4228 578 4292 tio;
628 4223 720 4278 ubi
780 4232 961 4277 autem
1018 4219 1328 4278 observatio
1388 4218 1802 4285 mandatorum,
1851 4217 1969 4273 illic
2016 4223 2075 4271 et
2143 4217 2419 4272 munditia
2479 4235 2494 4283 ;
2572 4217 2666 4272 ubi
2735 4233 2866 4272 vero
2942 4218 3232 4284 munditia,
3287 4219 3359 4274 ibi
3444 4222 3608 4274 etiam
3671 4230 3730 4276 et

457 4313 739 4385 splendor.

527 4405 825 4459 Prudentia
865 4414 1043 4458 autem
1085 4403 1222 4456 bona
1265 4402 1506 4457 omnibus
1535 4401 1857 4470 facientibus
1890 4414 2033 4456 eam.

2216 4396 2476 4462 Σύνεσις
2503 4395 2572 4449 δὲ
2598 4397 2814 4466 ἀγαθὴ,
2843 4396 2995 4463 πᾶσι
3043 4399 3172 4464 τοῖς
3199 4400 3483 4454 ποιοῦσιν
3509 4403 3725 4472 αὐτήν.

458 4498 574 4554 lloc
627 4505 710 4550 est
736 4494 1098 4564 operantibus
1141 4492 1449 4547 secundum
1489 4492 1864 4562 prudentiam,
1891 4490 2037 4544 bona

2146 4486 2273 4550 Τοῖς
2297 4488 2514 4542 ποιοῦσι
2541 4488 2641 4559 τὴν
2668 4490 2883 4558 σοφίαν,
2925 4492 3038 4552 τοῖς
3068 4490 3465 4560 ἐργαζομένοις
3500 4494 3725 4566 ταύτην,

456 4588 725 4642 accrescit
757 4584 1070 4654 prudentia.
1124 4581 1220 4636 Est
1271 4582 1416 4636 enim
1460 4580 1709 4651 quaedam
1747 4580 2039 4650 prudentia

2143 4581 2261 4642 τοῖς
2296 4580 2628 4650 εὐποροῦσιν
2653 4581 2848 4650 αὐτῆς,
2881 4581 3099 4646 σύνεσις
3128 4582 3311 4653 ἀγαθὴ
3347 4586 3724 4655 προσγίνεται,

459 4680 624 4740 mala,
655 4678 722 4730 de
754 4691 859 4745 qua
889 4675 1160 4742 scriptum
1205 4680 1289 4728 est
1322 4690 1336 4726 :
1369 4672 1666 4727 Prudenter
1698 4680 1755 4726 ut
1807 4673 2038 4744 malefa-

2148 4672 2307 4726 Ἔστι
2339 4674 2471 4743 γὰρ,
2514 4673 2607 4726 καὶ
2632 4674 2851 4736 σύνεσις
2875 4675 3120 4744 πονηρά·
3168 4676 3358 4746 Σοφοὶ
3401 4679 3533 4748 γὰρ,
3571 4682 3726 4750 φησὶ,

457 4769 624 4821 ciant.
693 4765 786 4819 Vel
838 4763 1391 4830 aliterzPrudentia~
1424 4765 1569 4817 bona
1593 4771 1696 4828 est,
1778 4770 1833 4817 ct
1887 4762 2041 4818 utilis

2149 4765 2258 4819 τοῦ
2289 4764 2714 4830 κακοποιῆσαι.
2752 4768 2824 4818 Ἣ
2859 4769 2954 4820 καὶ
2979 4769 3186 4840 ἑτέρως
3210 4783 3226 4800 ’
3259 4771 3292 4838 ή
3341 4769 3559 4833 σύνεσις
3592 4776 3731 4836 αγα-

458 4876 566 4913 non
622 4858 690 4912 iis
730 4858 1054 4928 simpliciter
1091 4860 1184 4927 qui
1231 4873 1352 4914 eam
1402 4856 1626 4922 habent,
1688 4855 1786 4912 sed
1827 4854 1898 4913 iis
1944 4856 2040 4927 qui

2150 4856 2217 4927 θή
2250 4858 2420 4919 ἔστιν,
2462 4858 2662 4921 εῐτουν,
2682 4857 2981 4928 ὠφέλιμος,
3012 4859 3074 4912 οὐ
3113 4861 3224 4923 τοῖς
3275 4858 3463 4923 ἁπλῶς
3513 4860 3730 4931 ἔχουσιν

453 4967 521 5005 ca
552 4959 784 5006 utuntur
814 4951 867 5004 in
931 4964 1214 5016 sermone,
1247 4960 1411 5021 atque
1441 4950 1496 5006 in
1536 4949 1821 5020 operibus.

2151 4948 2505 5018 αὐτὴν,ἀλλά
2541 4949 2776 5013 καὶτοῖς
2823 4951 3131 5022 χρωμένοις
3179 4952 3341 5023 αὐτῇ,
3395 4949 3536 5022 πρὸς
3591 4953 3730 5022 ἔργα

2151 5039 2248 5095 καὶ
2276 5039 2468 5107 λόγους

535 5129 800 5184 Laudatio
837 5130 950 5199 eius
1001 5138 1178 5187 manet
1212 5131 1267 5184 in
1310 5131 1561 5187 cacatum
1593 5130 1798 5186 swcali.
1830 5129 2040 5187 ChriSti

2237 5127 2308 5184 Ἦ
2377 5131 2614 5198 αῖνεσις
2667 5134 2854 5188 αὐτοῦ
2912 5135 3083 5202 μένει
3131 5135 3221 5198 εἰς
3271 5133 3382 5188 τὸν
3412 5132 3598 5188 αἰῶνα
3624 5133 3732 5187 τοῦ

460 5226 583 5278 laus
634 5227 753 5281 sine
792 5224 896 5286 line
943 5224 1086 5296 apud
1148 5225 1372 5293 angelos
1424 5232 1630 5291 manet,
1678 5231 1732 5279 et
1761 5221 1906 5292 apud
1935 5221 2040 5274 ho-

2150 5220 2389 5287 αἰῶνος.
2436 5225 2498 5276 Ἢ
2521 5224 2728 5289 αἴνεσις
2775 5225 2870 5279 τοῦ
2924 5224 3166 5297 Χριστοῦ
3227 5227 3381 5296 μένει
3435 5225 3731 5296 ἀτελεύτη-

528 5411 580 5442 ⁸⁵
615 5409 800 5462 llatth.
835 5421 985 5472 XXIV,
1026 5406 1118 5462 55.
1197 5406 1247 5440 "
1288 5406 1422 5460 Luc.
1453 5422 1529 5471 IV,
1561 5406 1650 5459 l9.
1727 5408 1776 5439 "
1816 5407 2014 5474 Matth.
2044 5421 2084 5470 l,
2114 5404 2128 5457 ε

1816 5407 2014 5474 Matth.
2044 5421 2084 5470 ι,
2114 5403 2206 5461 ει.
2283 5404 2374 5458 “1
2405 5406 2534 5463 Cor.
2559 5420 2622 5472 ιι,
2662 5405 2752 5462 '50.
2842 5406 2887 5440 ”
2920 5403 3136 5462 Baruch
3198 5419 3259 5472 ιι,
3309 5404 3399 5458 55.

1819 5562 2022 5640 Varia:
2045 5561 2382 5627 lectiones.

537 5712 748 5779 (‘27-‘28)
772 5712 959 5767 Graece
981 5714 1049 5767 ad
1074 5715 1298 5768 verbum
1339 5731 1353 5766 :
1389 5711 1664 5766 Mandavit
1690 5711 1744 5765 in
1777 5713 2036 5766 amentum
2225 5713 2340 5781 (29)
2377 5713 2440 5768 Et
2469 5713 2674 5778 laxius,
2732 5724 2784 5768 et
2821 5716 3004 5770 minus
3042 5714 3298 5770 ﬁdeliter.
3332 5713 3522 5769 Graece
3549 5730 3563 5766 :
3593 5710 3727 5766 Tum

467 5789 838 5855 testamentum
871 5800 1054 5855 suum.
1089 5784 1279 5855 Latina
1337 5783 1651 5855 explanatio
1688 5790 1799 5835 tota
1850 5792 1933 5836 est
1972 5784 2037 5837 ab
2147 5783 2325 5853 quoad
2382 5786 2695 5838 exteriorem
2752 5785 2869 5852 ejus
2927 5801 3176 5851 sensum;
3216 5796 3326 5839 tum
3367 5785 3507 5855 quod
3553 5785 3729 5854 ﬁgura

474 5851 773 5917 interprete
807 5852 935 5919 (nisi
956 5852 1095 5908 forte
1133 5850 1548 5924 deestpliquid)
1579 5867 1750 5922 eaque
1781 5865 1926 5923 apta.
2151 5850 2334 5910 eratet
2367 5855 2554 5930 «mora
2584 5850 2826 5910 alterius.
