4052 6442
400 339 537 395 ton
1592 331 1982 385 CUMMEN'L
2019 330 2094 382 tn
2134 323 2479 384 PSALMOS
3558 322 3697 389 103.9

399 456 494 504 τος
529 437 682 511 παρά
736 454 796 492 τε
828 435 1082 507 ἀγγέλοις
1118 439 1212 490 καὶ
1262 435 1617 506 ἀνθρὼποις’
1646 435 1728 487 δεῖ
1788 430 1881 487 οὖν
1917 433 1999 507 al-

2112 434 2312 488 mines.
2349 432 2701 502 Decetigitur
2730 440 2784 488 ut
2824 449 2925 489 nos
2948 435 3098 490 illum
3133 450 3352 503 semper
3383 436 3692 503 laudemus.

402 539 517 590 νεῖν
550 532 715 588 αὑτὸν
743 533 839 588 καὶ
867 533 1239 602 εὐχαριστεῖν,
1275 531 1363 585 διὰ
1396 530 1622 593 παντός.

2109 534 2166 581 et
2195 539 2445 581 summas
2475 526 2549 580 illi
2585 542 2805 598 semper
2832 530 3041 598 gratias
3089 545 3334 600 agamus.

1008 628 1402 693 Ἀλληλούϊα.

2768 620 3026 675 Alleluia.

953 720 1247 773 ΨΑΛΜΟΣ
1277 721 1425 773 PlA’.

2646 712 2969 769 PSALMUS
2995 713 3130 769 CXI.

475 810 692 882 Σφόδρα
727 810 1097 881 μοιδοκείτῷ
1143 810 1288 864 τέλει
1327 810 1422 863 τοῦ
1474 809 1582 881 πρὸ
1619 810 1811 863 τούτου
1855 809 1995 879 ψαλ-

2171 798 2510 869 Principium
2545 802 2710 871 hujus
2744 804 2937 872 psalmi
2974 807 3270 858 maximam
3303 805 3434 859 mihi
3469 806 3685 861 videtur

408 904 513 977 μοῦ
549 905 780 958 ἕπεσθαι
813 903 873 957 τὸ
921 903 1019 956 τοῦ
1073 903 1345 971 παρόντος
1389 905 1679 975 προοίμιον
1704 920 1719 936 ο
1774 904 1855 956 διὸ
1892 904 1993 974 τὴν

2098 892 2558 962 consequentiam
2620 893 2823 949 habere
2893 895 2961 949 ad
3004 896 3166 950 linem
3209 900 3682 969 superioriszqun

400 996 575 1067 αὐτὴν
602 997 697 1048 καὶ
722 988 882 1058 οὗτος
913 993 1058 1065 εἶχεν
1103 994 1438 1065 ἐπιγραφὴν,
1477 995 1555 1059 ὡς
1619 994 1831 1049 ἐκείνου
1893 996 1993 1063 μὲ-

2098 984 2315 1038 ratione
2345 984 2621 1053 eamdem.
2649 1000 2774 1038 cum
2826 986 2920 1040 illo
2972 987 3391 1057 inscriptionem
3426 994 3681 1045 sortitum

400 1105 519 1159 ρος.
558 1088 710 1140 Ἐκεῖ
748 1086 847 1152 μὲν
878 1087 988 1157 γάρ
1024 1103 1211 1156 φησιν,
1275 1085 1451 1154 Ἀρχὴ
1512 1088 1756 1157 σοφίας,
1808 1087 1995 1156 φόϐος

2101 1085 2255 1145 puto.
2292 1075 2392 1130 Est
2424 1080 2627 1131 etenim
2706 1077 2876 1132 veluti
2929 1078 3181 1147 quadam
3217 1081 3365 1135 illius
3422 1098 3570 1149 pars.
3605 1084 3684 1139 lbi

401 1182 642 1247 Κυρίου·
687 1178 918 1231 ἐνταῦθα
943 1177 1022 1243 δὲ,
1053 1176 1360 1246 Μακάριος
1383 1177 1540 1245 ἀνὴρ
1560 1182 1591 1232 ό
1622 1179 1995 1247 φοϐούμενος

2098 1164 2242 1219 enim
2294 1165 2580 1235 legimus:
2619 1164 2845 1220 Initium
2905 1167 3185 1235 sapientia:
3239 1164 3507 1221 esttimor
3579 1171 3686 1223 Do-

399 1268 511 1322 τὸν
541 1269 791 1335 Κύριον.
845 1266 1065 1320 Φασὶδέ
1112 1284 1258 1331 τινες
1303 1270 1396 1323 τὸν
1439 1269 1798 1339 προκείμενον
1861 1269 1999 1338 ψαλ-

2102 1258 2269 1323 ηιίηἰ,
2320 1257 2411 1312 hic
2470 1266 2701 1313 autem:
2746 1257 2945 1312 Beatus
2998 1258 3101 1322 vir,
3147 1259 3237 1328 qui
3293 1261 3440 1313 timet
3501 1260 3687 1315 Domi-

400 1358 524 1427 μὸν,
569 1357 664 1411 δύο
721 1374 783 1409 τε
844 1358 940 1411 καὶ
993 1359 1172 1412 εἴκοσι
1232 1358 1450 1429 στίχους
1497 1359 1640 1430 ἔχειν
1708 1361 1855 1414 κατά
1900 1360 1993 1413 τὸν

2100 1365 2264 1416 num;
2299 1348 2482 1403 ferunt
2544 1357 2729 1404 autem
2783 1349 2932 1405 hunc
2984 1350 3259 1421 psalmum
3309 1362 3566 1408 constare
3617 1370 3686 1410 et

398 1449 636 1519 ἀριθμὸν
685 1450 796 1502 τῶν
828 1449 1138 1520 Ἑϐραϊκῶν
1187 1451 1554 1521 γραμμάτων,
1617 1452 1709 1505 καὶ
1758 1453 1856 1514 τὰς
1893 1452 1992 1521 ἀρ-

2099 1440 2316 1495 duobus
2353 1448 2408 1495 et
2476 1440 2668 1509 viginti
2724 1442 3017 1497 versiculis
3043 1482 3059 1507 ,
3091 1443 3250 1511 juxta
3286 1442 3684 1499 Hebraicarum

401 1539 505 1610 χὰς
540 1539 651 1593 τῶν
690 1540 889 1611 στίχων
918 1542 976 1593 ἐν
1023 1540 1102 1610 τῷ
1152 1541 1451 1615 Ἐϐραῖκῷ,
1502 1545 1602 1607 τὰς
1661 1542 1838 1614 ἀρχὰς
1886 1542 1996 1596 τῶν

2102 1531 2406 1585 litterarum
2442 1545 2754 1585 numerum.
2788 1529 3018 1600 Ipsaque
3055 1533 3455 1587 versiculorum
3487 1536 3688 1603 primi-

431 1631 743 1702 Ἑϐραϊκῶν
809 1634 999 1704 φέρειν
1032 1635 1407 1705 γραμμάτων.

2101 1622 2211 1693 pia,
2269 1623 2414 1692 apud
2452 1621 2708 1676 liebrzeos
2778 1622 2962 1676 omnia
3014 1622 3337 1692 huiusmodi
3372 1626 3682 1681 litterarum

2019 1769 2061 1823 Β
2099 1717 2319 1783 signare
2369 1717 2662 1768 elementa.

469 1813 775 1881 Μακάριος
799 1814 957 1883 ἀνὴρ
988 1818 1020 1869 ό
1050 1818 1429 1887 φοϐούμενος
1468 1818 1578 1874 τὸν
1613 1820 1854 1888 Κύριον.
1898 1819 1987 1873 Ἐν
2020 1807 2061 1823 υ

2166 1809 2414 1863 Vens.l.
2466 1807 2662 1863 Beatus
2721 1809 2803 1862 vir
2865 1809 2957 1877 qui
3034 1810 3179 1863 timet
3248 1809 3554 1866 Dominum.
3628 1813 3685 1868 lu

395 1906 475 1976 τῷ
504 1904 834 1976 προλαϐόντι
865 1907 1066 1980 ψαλμῷ
1083 1910 1176 1964 τὸν
1197 1910 1366 1979 φόϐον
1388 1911 1485 1966 τοῦ
1540 1913 1769 1984 Κυρίου,
1822 1915 1989 1983 σοφὸν

2098 1898 2434 1967 praecedenti
2491 1899 2704 1968 psalmo
2737 1898 2944 1953 dictum
3000 1908 3086 1955 est
3114 1902 3260 1970 quod
3311 1902 3477 1956 timor
3502 1903 3689 1958 Domi-

397 1995 524 2050 εἷπε
557 2001 768 2051 ποιεῖν’
822 2002 883 2054 ἐν
927 2002 1104 2073 τούτῳ
1150 2003 1229 2072 δὲ,
1273 2004 1570 2076 μακάριον.
1614 2007 1903 2078 Μακάριος
1961 2010 1990 2062 ὁ

2091 1991 2147 2044 ni
2213 1991 2516 2060 sapientem
2552 1990 2832 2061 hominem
2888 1991 3089 2059 reddit,
3136 1993 3190 2048 in
3229 1997 3331 2049 hoc
3362 1998 3684 2066 vero,quod

397 2091 737 2162 φοϐούμενος
792 2094 882 2147 τὸν
932 2095 1162 2166 Κύριον,
1214 2099 1312 2168 οὐχ
1365 2098 1575 2162 ἁπλῶς,
1626 2101 1881 2171 καθάπερ
1939 2103 1988 2154 oi

2090 2083 2258 2138 etiam
2295 2082 2514 2137 beatum
2552 2099 2566 2135 :
2604 2081 2805 2137 Beatus
2840 2084 2947 2148 vir,
3001 2084 3204 2155 inquit,
3240 2087 3333 2155 qui
3364 2089 3520 2142 timet
3574 2089 3684 2145 Do-

392 2182 672 2252 δαίμονες,
713 2184 830 2239 ἀλλ’
859 2185 1003 2241 ὥστε
1057 2188 1349 2258 φυλάττειν
1390 2190 1492 2253 τὰς
1539 2191 1764 2255 ἐντολὰς
1796 2193 1987 2248 αὑτοῦ.

2093 2177 2327 2237 minum,
2378 2188 2486 2227 non
2517 2181 2700 2229 tamen
2747 2177 2840 2245 qui
2903 2177 3229 2245 simpliciter
3273 2177 3428 2232 timet
3457 2179 3603 2247 (nam
3627 2192 3687 2236 et

412 2272 622 2326 Ἐκεῖνο
665 2273 766 2344 μὲν
808 2276 941 2346 γὰρ,
995 2279 1164 2347 φόϐος
1212 2280 1370 2351 ψιλός
1403 2298 1419 2313 ·
1476 2281 1636 2336 τοῦτο
1694 2284 1772 2350 δὲ,
1824 2284 1991 2353 φόϐος

2091 2265 2369 2321 daemones
2413 2267 2579 2322 etiam
2658 2265 2826 2321 Deum
2876 2267 3117 2338 timent),
3148 2269 3244 2322 sed
3278 2269 3374 2336 qui
3410 2271 3588 2337 timet,
3621 2282 3682 2326 ut

396 2365 645 2436 ἐνεργός,
2091 2364 2273 2411 servet
2314 2356 2595 2411 mandata.
2649 2356 2745 2412 Ille
2803 2353 2949 2410 enim
3001 2358 3166 2412 tiu-or
3198 2357 3337 2413 levis
3368 2361 3684 2430 atqueinao

2094 2448 2184 2504 nis
2221 2456 2307 2502 est
2345 2465 2359 2502 :
2412 2449 2519 2503 iste
2548 2459 2728 2502 autem
2767 2446 2954 2502 ellicax
3004 2457 3059 2503 et
3079 2459 3299 2517 potens.

472 2542 579 2597 Ἐν
608 2545 742 2612 ταῖς
766 2546 1046 2615 ἐντολαῖς
1082 2551 1275 2606 αὐτοῦ
1304 2552 1554 2620 θελήσει
1601 2555 1859 2623 σφόδρα.
1929 2556 1990 2611 'O

2167 2539 2234 2596 In
2268 2540 2540 2596 mandatis
2566 2540 2678 2609 ejus
2715 2539 2848 2595 volet
2900 2539 3072 2595 valde.
3121 2539 3448 2610 Hujusmodi
3482 2543 3589 2604 vir,
3625 2544 3681 2598 in

397 2633 645 2700 τοιοῦτος
681 2639 741 2690 ἐν
771 2640 896 2703 ταῖς
930 2640 1175 2707 ἐντολαῖς
1225 2643 1320 2697 τοῦ
1357 2647 1566 2716 Κυρίου
1624 2646 1794 2700 αὐτοῦ
1863 2665 1988 2718 χαι-

2096 2634 2372 2689 mandatis
2421 2632 2639 2689 Domini
2672 2632 3070 2713 suigandebit
3129 2641 3187 2687 et
3242 2633 3538 2689 laetabitur.
3602 2635 3684 2706 lta

402 2726 584 2797 ρήσει,
643 2731 1140 2803 εὐφρανθήσεται·
1199 2743 1360 2791 τοῦτο
1416 2740 1548 2810 γὰρ,
1612 2740 1674 2793 τὸ
1732 2740 1993 2809 Θελήσει

2098 2727 2248 2785 enim
2296 2725 2614 2796 signiﬁcant
2673 2725 2765 2780 illa
2818 2726 3036 2779 verba:
3103 2723 3249 2778 Volet
3304 2726 3478 2781 valde.
3534 2726 3687 2783 Hanc

395 2815 637 2885 σφόδρα
662 2834 678 2849 ο
715 2818 814 2873 καὶ
861 2821 1101 2893 ἀλλαχοῦ
1132 2823 1243 2894 γὰρ
1276 2825 1488 2891 δεικνὺς
1517 2829 1616 2898 τὴν
1652 2829 1867 2900 ἡδονὴν,
1923 2832 1992 2902 ἣν

2099 2827 2286 2876 autem
2336 2819 2785 2884 delectationem,
2833 2832 2999 2886 quam
3054 2832 3117 2871 ex
3156 2817 3361 2871 divinis
3409 2819 3687 2875 mandatis

395 2906 513 2977 ἔχει
564 2911 695 2981 περὶ
752 2912 822 2966 τὰ
876 2917 1280 2987 προστάγματα
1329 2920 1422 2974 τοῦ
1478 2921 1637 2986 Θεοῦ,
1659 2924 1857 2992 φησίν*
1896 2924 1995 2990 Ὠς

2095 2911 2371 2982 Propheta
2423 2911 2892 2980 consequebatur,
2944 2909 3075 2964 alibi
3115 2909 3279 2964 etiam
3332 2909 3683 2965 manifestius

396 3001 628 3070 γλυκέα
648 3001 731 3068 τῷ
749 3003 1006 3078 λάρυγγί
1017 3026 1139 3078 μου
1169 3011 1243 3066 τὰ
1263 3013 1443 3084 λόγιά
1483 3029 1602 3070 σου
1625 3016 1648 3070 Ι
1676 3015 1832 3084 ὑπὲρ
1847 3016 1991 3083 μέλι

2160 3004 2415 3074 :primens
2441 3002 2518 3057 ait
2553 3018 2567 3056 :
2602 3001 2779 3066 Quam
2819 3000 2996 3054 dulcia
3036 3000 3284 3068 faucibus
3315 3000 3445 3053 meis
3474 3000 3684 3072 eloquia
3752 3076 3760 3086 ⁸

392 3089 476 3156 τῷ
502 3094 754 3163 στόματί
769 3114 932 3167 μου..

2012 3103 2057 3162 c
2093 3105 2208 3159 tua,
2241 3109 2401 3163 super
2442 3093 2547 3148 mel
2570 3093 2651 3147 ori
2689 3108 2802 3146 meo
2833 3092 2871 3145 '.

465 3186 737 3241 Δυνατόν
785 3191 856 3244 ἐν
918 3192 993 3262 τῇ
1054 3194 1137 3264 γῇ
1164 3196 1337 3250 ἔσται
1392 3197 1458 3251 τὸ
1503 3199 1745 3270 σπέρμα
1765 3203 1978 3257 αὑτοῦ.

2159 3178 2326 3243 Vitas.
2353 3188 2408 3240 ‘2.
2464 3185 2665 3240 Potens
2701 3186 2756 3239 in
2812 3194 2956 3238 terra
3003 3184 3107 3238 erit
3158 3201 3333 3238 semen
3370 3185 3504 3254 ejus.
3535 3185 3681 3241 Red-

395 3275 829 3349 Δυναμούμενον
865 3285 969 3338 ὑπὸ
1003 3287 1098 3340 τοῦ
1130 3288 1267 3342 Θεοῦ
1315 3291 1457 3342 κατὰ
1480 3292 1588 3344 τῶν
1641 3293 1984 3364 ὲπηρεαζόνυ

2086 3279 2248 3335 detur
2281 3280 2429 3334 enim
2490 3286 2692 3347 potens
2721 3291 2787 3331 ae
2844 3276 3112 3338 validum,
3166 3277 3433 3332 adversus
3464 3292 3678 3342 omnes,

395 3383 527 3422 των.
587 3371 821 3444 Σπέρμα
872 3376 930 3429 δὲ
975 3379 1142 3433 αὑτοῦ
1199 3381 1248 3433 oi
1312 3382 1558 3453 μαθηταὶ
1590 3386 1689 3438 καὶ
1721 3387 1983 3457 μιμηταὶ,

2089 3373 2182 3440 qui
2233 3370 2429 3426 laedere
2493 3384 2589 3425 eos
2635 3368 2937 3425 voluerint.
2996 3366 3195 3423 Semen
3272 3385 3403 3423 vero
3458 3370 3678 3425 Domini

397 3460 493 3513 καὶ
549 3461 650 3532 τὴν
702 3466 1001 3538 ὁμοιότητα
1034 3469 1130 3523 καὶ
1158 3471 1219 3523 τὸ
1252 3473 1496 3542 γνήσιον,
1544 3476 1651 3528 ἀπὸ
1680 3477 1791 3529 τῶν
1818 3493 1988 3549 χαραα

2087 3463 2349 3534 discipuli
2392 3470 2544 3526 sunt,
2592 3469 2649 3518 et
2704 3461 3013 3514 imitatores
3063 3459 3294 3515 Christi.
3337 3461 3443 3526 Qui
3486 3462 3680 3516 simili-

398 3554 619 3623 κτήρων
656 3560 755 3626 τῆς
793 3560 1075 3624 πολιτείας
1111 3561 1400 3631 σώζοντες,
1427 3566 1522 3619 καὶ
1569 3568 1825 3640 καθάπερ
1861 3571 1985 3625 τινὰ

2091 3555 2336 3610 tudinem
2375 3569 2440 3610 ac
2488 3554 2912 3625 germanitatem
2959 3554 3084 3606 vitae
3127 3566 3193 3606 ac
3235 3554 3679 3608 conversationis

397 3643 605 3714 κλῆρον
634 3648 734 3713 τὰς
756 3650 957 3722 ἀρετὰς
983 3652 1078 3707 τοῦ
1099 3653 1426 3711 διδασκάλου
1455 3658 1763 3729 δεξάμενοι.

2088 3647 2295 3703 Christi
2332 3653 2640 3711 servantes,
2679 3660 2911 3713 eamque
2951 3643 3119 3697 veluti
3155 3655 3437 3711 paternam
3482 3658 3679 3712 quam-

2091 3742 2216 3794 dam
2267 3740 2647 3794 haereditatem
2695 3737 3085 3808 suscipientes,
3160 3739 3364 3792 robore
3419 3751 3484 3792 ac
3542 3738 3678 3791 viri-

2091 3832 2197 3888 bus
2220 3845 2442 3901 semper
2471 3839 2769 3900 augentur.

441 3907 661 4006 Τεκεὲι
692 3910 923 3997 εὐθέων
955 3918 1452 3990 εὐλογηθήσεται.
1501 3925 1639 3980 Ὑπὸ
1657 3928 1758 3999 τῆς
1795 3933 1988 3998 γενεᾶς

2169 3922 2459 3977 Generatia
2490 3931 2756 3975 rectorum
2809 3921 3166 3976 benedieetur.
3230 3919 3275 3973 A
3328 3918 3682 3987 generatione

396 4000 510 4086 τῶν
536 4000 611 4069 μὴ
637 4001 1114 4076 διεστραμμένων,
1170 4010 1287 4063 ἀλλ’
1315 4013 1453 4083 ὀρθὰ
1504 4016 1855 4086 φρονούντων
1893 4021 1988 4074 εὑ-

2092 4013 2310 4069 scilicet
2354 4012 2727 4067 consimilium
2787 4011 3097 4078 hominum,
3129 4010 3224 4079 qui
3267 4025 3375 4063 non
3424 4024 3680 4079 perversa

396 4085 780 4160 λογηθήσεται.
1553 4085 1559 4086 ⁷

1553 4085 1559 4086 ί
2095 4104 2370 4168 sentiunt,
2400 4103 2493 4158 sed
2523 4113 2692 4158 recta.

473 4182 631 4248 Δόξα
683 4186 784 4240 καί
842 4190 1111 4258 πλοῦτος
1169 4191 1241 4246 ἐν
1284 4193 1366 4259 τῷ
1431 4196 1574 4264 οικῳ
1609 4201 1818 4254 αὐτοῦ.
1849 4201 1990 4267 Δόξα

2162 4193 2331 4250 Vsus.
2364 4196 2420 4249 5.
2447 4192 2634 4247 Gloria
2682 4202 2732 4248 et
2769 4194 2967 4248 divitiae
3002 4194 3059 4246 in
3114 4192 3270 4246 domo
3297 4193 3435 4261 ejus.
3469 4191 3678 4259 Gioria,

398 4274 554 4343 παρά
582 4274 746 4342 Θεοῦ,
781 4280 876 4332 καὶ
910 4280 1142 4345 πλοῦτος
1175 4282 1234 4334 ὲν
1257 4284 1485 4352 ἀγαθοῖς
1537 4287 1753 4358 ἔργοις·
1808 4290 1840 4363 ἢ
1893 4293 1991 4347 καὶ

2091 4288 2293 4358 inquit,
2341 4302 2371 4340 a
2416 4285 2527 4341 Deo
2581 4285 2687 4339 erit
2764 4285 2885 4339 viro
2952 4284 3167 4338 timenti
3228 4298 3377 4348 eum,
3436 4292 3492 4339 et
3551 4299 3680 4339 cum

395 4365 525 4431 δόξα
554 4369 709 4439 παρά
746 4370 1056 4440 ἀνθρώπων
1093 4375 1379 4447 τιμώντων
1413 4378 1575 4433 αὐτὸν
1610 4380 1701 4434 διὰ
1731 4381 1829 4446 τὰς
1861 4385 1990 4455 ἀρε-

2092 4379 2271 4453 gloria
2316 4378 2482 4433 etiam
2530 4376 2784 4443 divitiae;
2826 4375 3053 4440 divitia,
3104 4376 3367 4451 inquam,’
3401 4374 3676 4430 bonorum

396 4457 496 4521 τὰς
528 4459 718 4525 αὐτοῦ,
767 4462 862 4516 καὶ
888 4464 1120 4529 πλοῦτος
1154 4466 1233 4538 τῷ
1269 4468 1524 4542 εὐπορεῖν
1581 4465 1657 4524 ὧν
1711 4472 1979 4545 βούλοιτο,

2093 4443 2347 4545 operum.
2397 4467 2496 4524 Vel
2556 4469 2732 4539 gloria
2786 4469 2835 4523 ei
2883 4469 2988 4523 erit
3019 4468 3091 4523 ab
3147 4443 3485 4534 hominibus,
3546 4469 3680 4536 quia

395 4550 485 4602 ὅτε
514 4551 609 4605 καὶ
640 4552 857 4625 θελήσει
889 4555 977 4610 διὰ
1002 4557 1102 4630 τὴν
1124 4561 1206 4623 είς
1248 4561 1383 4616 Θεὸν
1431 4563 1642 4631 πίστιν,
1677 4565 1772 4619 καὶ
1827 4572 1978 4641 παῤ-

2085 4566 2157 4621 ob
2211 4561 2527 4630 huiusmodi
2569 4560 2829 4614 virtutem
2881 4575 3008 4614 eum
3066 4559 3440 4615 honorabunt.
3502 4560 3677 4616 Simili

395 4643 596 4711 ρησίαν
624 4645 816 4700 αὐτοῢ.

2085 4655 2251 4712 modo
2290 4653 2457 4708 etiam
2505 4651 2555 4706 ei
2605 4650 2842 4706 aderunt
2885 4650 3126 4715 divitiae,
3171 4652 3301 4721 quia
3348 4652 3513 4708 rebus
3563 4668 3681 4707 om-

395 4737 557 4789 nibus
614 4736 822 4803 aﬂluet,
863 4754 1004 4808 quas
1057 4741 1314 4809 optabit;
1350 4744 1510 4813 juxta
1563 4761 1726 4817 quem
1754 4747 2279 4823 sensum‘intellige,
2320 4741 2466 4812 quod
2526 4742 2673 4796 volet
2736 4741 2897 4796 valde
2944 4741 3001 4794 in
3069 4740 3350 4797 mandatis
3417 4742 3550 4807 Dei.
3609 4742 3682 4795 ob

394 4844 550 4883 suam
610 4830 863 4887 videlicet
909 4849 1181 4892 summam
1235 4838 1291 4892 in
1343 4837 1513 4892 Deum
1574 4840 1856 4907 ﬁduciam,
1904 4857 1971 4897 ac
2011 4842 2198 4897 tidem.

467 4919 577 4974 Kal
608 4920 644 4988 ἠ
674 4920 1033 4993 δικαιοσύνη
1060 4926 1273 4991 αὐτοῦ,
1300 4925 1472 4996 μένει
1501 4930 1587 4993 εὶς
1614 4930 1724 4983 τὸν
1774 4929 1984 4986 αἰῶνα.

2170 4926 2237 4978 Et
2263 4925 2487 4993 justitia
2531 4923 2649 4994 ejus
2683 4930 2862 4976 manet
2907 4923 2966 4976 iu
3029 4923 3284 4981 saeculum
3325 4924 3528 4978 seaculi.
3561 4925 3684 4980 Vir-

405 5012 473 5066 'H
496 5013 666 5082 ἀρετὴ
695 5017 728 5084 ὴ
766 5014 1055 5067 δικαιοῢσα
1095 5017 1284 5081 αὐτὸν,
1329 5017 1481 5087 μένει
1538 5019 1850 5092 ἀνώλεθρος
1907 5024 1989 5085 είς

2095 5027 2204 5080 tus,
2251 5016 2377 5084 qua:
2421 5031 2545 5069 eum
2607 5014 2937 5083 justiﬁcavit
2973 5018 3290 5086 incorrupta
3334 5021 3681 5085 permanebit

398 5102 489 5156 τὶν
521 5102 697 5156 αἰῶνα
730 5106 823 5158 τὸν
853 5107 1136 5176 μέλλοντα,
1170 5109 1633 5181 συναποδημοῦσα
1665 5111 1860 5182 τούτῳ.

2090 5110 2146 5163 in
2200 5109 2445 5170 futurum
2482 5109 2766 5161 saeculum.
2823 5107 3040 5178 Quippe
3081 5124 3201 5178 quae
3241 5117 3364 5178 post
3413 5108 3557 5164 hanc
3601 5111 3673 5163 vi-

2089 5213 2224 5268 tam,
2261 5202 2418 5255 illum
2476 5215 2697 5271 semper
2727 5201 3105 5257 comitabitur.

459 5279 873 5345 Ἐξανέτειλεν
942 5287 1013 5341 ἐν
1065 5290 1272 5342 σκότει
1327 5288 1454 5357 φῶς
1513 5288 1640 5353 τοῖς
1704 5292 1970 5349 εὐθέσιν.

2153 5292 2316 5347 Vens.
2364 5293 2417 5345 4.
2452 5292 2713 5346 Exortum
2758 5301 2835 5345 est
2892 5293 2949 5345 iu
2988 5292 3214 5346 tenebris
3254 5292 3432 5345 lumen
3491 5295 3674 5361 rectis,

405 5371 778 5438 Ἐξανέτειλεν
812 5377 841 5428 ὁ
866 5376 998 5439 Θεὸς
1029 5381 1143 5442 τοῖς
1178 5381 1236 5432 ἐν
1272 5380 1457 5433 σκότει
1504 5382 1832 5453 πειρασμῶν
1882 5387 1977 5439 καὶ

2095 5382 2334 5439 Exortus
2365 5393 2470 5447 est,
2515 5384 2714 5453 inquit,
2761 5381 2910 5438 Deus
2953 5383 3290 5450 hominibus,
3340 5382 3433 5452 qui
3471 5382 3526 5436 in
3552 5391 3676 5437 ten-

392 5462 626 5533 θλίψεων
653 5464 770 5534 φῶς
803 5467 1161 5538 ἀπαλλαγῆς,
1204 5471 1297 5523 καὶ
1348 5470 1733 5541 ψυχαγωγίας.
1806 5474 1874 5526 Ἦ
1915 5477 1979 5527 ὲκ

2092 5478 2391 5544 talionum,
2442 5485 2608 5547 atque
2677 5474 3034 5530 aﬂlictionum
3099 5476 3345 5530 tenebris
3391 5474 3673 5545 iacebant.

391 5558 497 5626 γῆς
520 5553 796 5611 ἀνέτειλεν
826 5558 885 5611 ἐν
918 5559 1102 5613 σκότει
1122 5560 1222 5629 τῆς
1251 5561 1458 5635 πλάνης
1500 5562 1617 5632 φῶς
1664 5564 1921 5635 ἀληθείας
1952 5567 1980 5619 ό

2096 5570 2212 5637 ille,
2264 5571 2515 5641 inquam,
2572 5571 2740 5636 Deus,
2776 5569 2869 5640 qui
2925 5569 3131 5637 lumen,
3172 5585 3268 5626 seu
3306 5572 3398 5626 lux
3426 5576 3510 5625 est
3534 5582 3682 5626 vet]!

500 5736 517 5768 ¹
555 5736 709 5793 Psal.
737 5754 907 5806 cxvu,
937 5739 992 5794 5.

648 5837 924 5903 PATROL.
954 5844 1073 5907 Gn.
1106 5835 1436 5904 CXXVIII.
3158 5845 3260 5933 35,
