4052 6426
297 275 435 346 1103

1498 272 1804 333 EU'l‘lIYM
1821 272 1873 329 ll
1913 272 2279 331 ZlGABENl

3431 270 3574 336 11οί

362 395 530 450 Vsus.
558 392 885 457 LLaudate,
910 391 1077 463 pueri,
1112 390 1419 456 Dominum,
1455 389 1673 444 laudate
1694 408 1864 445 uomet

2040 394 2307 457 Αἰνεῖτε,
2339 394 2569 457 παῖδες,
2598 395 2838 463 Κύριον,
2891 394 3113 449 αἱνεῖτο
3147 396 3212 449 τὸ
3245 395 3434 466 ὄνομα
3458 402 3575 452 liv-

202 552 209 563 ρ
291 488 530 543 Domini.
573 486 677 540 Per
727 501 928 557 pueros
957 484 1138 537 hocin
1180 483 1303 537 loco
1349 497 1538 537 servos
1579 481 1874 552 signiﬁcat,

291 596 414 634 nam
448 589 503 634 ct
557 579 612 632 in
668 578 880 646 psalmo
929 589 1148 639 cxxxtv,
1202 574 1319 629 ait:
1384 571 1631 626 Laudate
1688 589 1877 626 nomen

292 672 528 739 Domini,
563 669 778 724 laudate
806 666 1287 730 serriDomiuum;
1344 665 1593 719 eamdem
1652 675 1875 719 senten-

290 772 424 821 tiam
461 766 790 835 exprimens,
824 771 1161 832 praepostero
1217 759 1616 812 versicolorum
1663 757 1872 813 ordine.

288 859 474 929 Aliqui
527 872 657 912 vero
711 871 805 925 per
855 869 1080 923 pueros,
1147 852 1536 905 intellexerunt
1594 865 1784 919 puros,
1812 865 1875 903 ac

290 951 569 1020 simplices
647 946 924 1011 homines,
988 944 1073 999 vel
1112 942 1342 1008 Christi,
1377 950 1469 995 aut
1499 942 1873 1011 apostolorum

290 1037 614 1107 discipulos.
659 1033 903 1088 Laudate
947 1041 1129 1087 autem
1180 1047 1331 1094 cum,
1382 1048 1489 1084 non
1524 1031 1874 1084 sermonibus

290 1138 523 1191 tantum,
567 1128 661 1182 sed
709 1127 877 1180 etiam
936 1125 1218 1195 operibus,
1267 1122 1423 1192 juxta
1486 1122 1660 1175 illud:
1699 1118 1765 1173 [τι
1799 1122 1877 1173 vi-

289 1200 446 1274 deant
500 1220 637 1275 bona
686 1226 858 1273 vestra
895 1234 1075 1288 opera,
1115 1226 1163 1270 et
1208 1216 1501 1286 gloriﬁcent
1547 1216 1761 1268 Patrem
1794 1231 1876 1267 ve-

286 1324 479 1378 slrttnt,
520 1313 683 1383 quiin
706 1311 849 1365 cmlis
887 1312 1035 1366 est".

364 1405 529 1460 Vens.
551 1404 606 1457 2.
651 1402 732 1458 Sit
767 1420 948 1459 nomen
1000 1403 1215 1456 Domini
1264 1401 1617 1466 benedictum,
1644 1417 1708 1455 ex
1737 1417 1876 1454 nunc

285 1506 333 1549 et
374 1511 536 1560 usqre
582 1494 938 1559 insa'cnlum.
983 1492 1368 1556 Benedicatur,
1408 1492 1610 1560 inquit,
1663 1502 1717 1545 et
1768 1506 1874 1543 non

288 1584 701 1653 blasphemetur
750 1596 952 1636 nomen
988 1580 1418 1643 Domini,vobis
1470 1579 1606 1633 illud
1654 1578 1876 1633 assidue

288 1674 771 1739 benedicentibus,
803 1689 866 1728 ac
894 1680 1167 1744 perpetuo
1197 1672 1583 1736 laudantibus,
1617 1686 1784 1741 opere
1810 1686 1875 1724 ac

1973 484 2136 550 ρίου.
2200 483 2401 546 Παῖδας
2435 483 2670 537 ἐνταῦθα
2721 486 2847 548 τοὺς
2894 485 3114 549 δούλους
3172 486 3571 555 ὡνόμασε,καὶ

1981 573 2093 645 γὰρ
2119 575 2177 627 ὲν
2215 574 2294 647 τῷ
2323 576 2427 645 ρλῦ¹
2461 575 2665 646 ψαλμῷ
2724 594 2890 646 φησιν
2921 593 2933 605 ⁸
2999 577 3228 631 Αἰνεῖτε
3255 579 3318 629 τὸ
3379 577 3568 648 ὄνομα

1981 655 2241 731 Κυρίουέ
2278 665 2516 732 (κινεῖτε,
2551 665 2784 729 δοῦλοι,
2819 667 3074 734 Κύριονο
3111 667 3172 719 τὸ
3211 668 3345 719 αὐτὸ
3391 669 3569 737 λέγων

1979 756 2103 809 κατ’
2147 756 2452 825 ἐναλλαγὴν
2508 758 2617 811 τῶν
2643 759 2862 828 στίχων.
2916 759 3071 823 Τινὲς
3100 759 3154 812 δὲ
3195 760 3394 823 παῖδας
3444 763 3566 813 ἐνό-

1979 860 2145 915 ησαν,
2183 848 2309 911 τοὺς
2366 849 2630 913 ἀκάκους,
2661 850 2693 920 ἧ
2724 853 2851 914 τοὺς
2888 851 3139 920 μαθητὰς
3167 850 3262 904 τοῦ
3296 853 3562 921 Χριστοῦ,

1977 937 2010 1007 ἢ
2045 938 2169 1002 τοὺς
2198 938 2306 992 τῶν
2340 940 2678 995 ἀποστόλων.
2716 940 2928 994 Αἰνεῖτε
2957 941 3014 994 δὲ
3047 942 3234 1007 αὑτὸν,
3266 943 3325 994 οὐ
3362 942 3448 995 διὰ
3473 943 3561 994 λό-

1976 1047 2088 1097 γων
2124 1032 2308 1101 μόνον,
2340 1033 2477 1086 ἀλλὰ
2509 1035 2603 1087 καὶ
2634 1036 2701 1088 δι’
2733 1035 2933 1104 ἔργων’
2971 1036 3175 1101 Ὅπως
3210 1038 3343 1107 γὰρ,
3375 1037 3564 1105 φησὶν,

1977 1124 2151 1178 ἴδωσι
2173 1124 2244 1178 τὰ
2271 1127 2429 1180 καλὰ
2456 1126 2601 1196 ἔργα
2639 1126 2807 1195 ὑμῶν
2841 1128 2936 1182 καὶ
2961 1127 3274 1192 δοξάσωσι
3310 1128 3416 1182 τὸν
3440 1131 3566 1182 Πα-

1977 1214 2118 1282 τέρα
2167 1217 2333 1286 ὑμῶν
2385 1219 2493 1271 τὸν
2520 1220 2589 1271 ἐν
2620 1218 2743 1285 τοῖς
2769 1219 3072 1287 οήρανΟῙς.

2050 1397 2159 1465 Eii}
2195 1397 2260 1450 τό
2294 1398 2483 1467 ὄνομα
2534 1401 2759 1467 Ιιίιρίου
2812 1399 3231 1471 εὐλογημένον
3296 1402 3415 1456 ἀπὸ
3457 1399 3567 1455 τοῦ

1975 1489 2094 1543 νῦν
2128 1491 2224 1544 καὶ
2279 1491 2388 1557 ἕως
2420 1491 2523 1546 τοῦ
2549 1491 2786 1558 αἰῶνος.
2810 1493 2908 1561 Εἶη
2932 1492 3296 1564 εύλογημένον
3320 1494 3376 1545 ὲν
3407 1495 3563 1564 ἡμῖν,

1976 1583 2073 1635 καὶ
2105 1582 2180 1653 μὴ
2236 1582 2795 1654 βεϐλασφημημένον,
2848 1587 2936 1639 ἀεὶ
2991 1585 3361 1652 εὐλογοῦντων
3395 1585 3550 1655 ὑμῶν

1977 1674 2130 1740 αὐτὸ,
2146 1675 2232 1728 διὰ
2255 1676 2454 1740 παντὸς
2476 1677 2815 1747 ὑμνούντων,
2850 1677 3083 1731 πάντοτε
3107 1678 3439 1745 δοξαζὸντων
3467 1679 3564 1730 καὶ

284 1768 489 1832 verbis,
551 1778 609 1820 ut
665 1767 924 1837 superius
967 1767 1230 1823 diximus.
1274 1765 1410 1820 Nam
1462 1774 1517 1820 et
1570 1765 1617 1819 si
1669 1778 1867 1819 nomen

1975 1767 2179 1835 λόγοις,
2197 1768 2291 1821 καὶ
2305 1768 2510 1838 ἔργοις,
2524 1768 2598 1832 ὡς
2619 1769 2878 1840 ἀνωτέρω
2894 1768 3210 1839 δεδήλωται.
3242 1767 3377 1821 Καθ’
3400 1767 3565 1820 ὲαυτδ

285 1862 501 1917 Lomini
536 1878 633 1933 per
664 1878 726 1918 se
760 1863 938 1933 ipsum
988 1862 1127 1918 satis
1159 1876 1380 1931 semper
1403 1859 1752 1916 benedictum
1778 1859 1873 1926 sit,

282 1954 341 2008 lit
385 1963 566 2009 tamen
602 1956 657 2009 in
685 1956 849 2011 nobis
873 1956 1042 2009 etiam
1086 1953 1464 2019 benedictum,
1507 1952 1732 2023 quando
1764 1966 1873 2006 non

278 2047 415 2102 solis
440 2049 648 2113 verbis,
675 2047 772 2104 sed
790 2049 1054 2116 operibus
1077 2048 1243 2102 etiam
1267 2044 1673 2116 benedicimqs.
1704 2043 1873 2101 Deum

276 2139 485 2209 quippe
513 2154 709 2196 omnes
741 2140 1077 2210 glorilieant,
1133 2140 1354 2211 quando
1381 2138 1652 2195 virtutum
1705 2153 1875 2210 opera

280 2232 348 2282 ab
385 2228 668 2299 aliquibus
712 2229 828 2284 ﬁeri
861 2230 1068 2285 vident.

359 2318 523 2374 Vsus.
553 2320 609 2373 5.
641 2320 682 2374 Α
721 2322 851 2375 solis
876 2331 995 2374 ortu
1020 2337 1183 2391 usque
1210 2324 1282 2376 ad
1301 2338 1567 2390 occasum,
1598 2322 1874 2379 laudabile

280 2427 469 2466 nomen
501 2411 739 2467 Domini.
774 2412 893 2467 Non
923 2414 976 2466 in
1020 2414 1315 2469 Palaestina
1344 2423 1585 2482 tantum,
1628 2416 1723 2472 sed
1757 2416 1877 2471 ubi-

278 2520 387 2572 que
462 2511 736 2558 terrarum
809 2505 1145 2559 laudandum
1207 2516 1292 2561 est
1352 2523 1557 2564 nomen
1628 2508 1870 2564 Domini.

281 2594 539 2649 Praedicit
587 2603 768 2649 autem
827 2595 915 2649 bis
965 2598 1148 2650 verbis
1189 2597 1466 2667 Pmpheta
1540 2600 1873 2668 evangeliea:

281 2686 688 2756 praedicationis
739 2700 956 2751 vocem,
1018 2687 1071 2740 in
1130 2689 1451 2754 universum
1498 2690 1685 2745 orbem
1746 2706 1871 2760 per-

279 2786 590 2835 Venturam.
994 2830 1003 2836 .

353 2871 515 2926 \‘sns.
547 2870 602 2925 4.
639 2868 898 2925 Eacelsus
926 2887 1082 2939 super
1127 2887 1308 2927 omnes
1358 2883 1535 2945 gentes
1585 2872 1867 2930 Dominus.

275 2964 545 3019 Excelsus
576 2963 680 3020 erit
710 2963 767 3018 in
795 2964 1077 3034 gentibus,
1115 2980 1224 3019 non
1260 2964 1406 3034 quod
1456 2973 1589 3021 tunc
1627 2965 1871 3020 ellicien-

277 3058 384 3112 dus
421 3057 494 3111 sit
521 3056 801 3120 excelsus,
832 3058 929 3111 sed
967 3059 1095 3125 quia
1149 3067 1279 3111 tunc
1330 3056 1551 3112 demum
1613 3058 1864 3114 excelsus

274 3147 587 3218 apparebit,
641 3148 865 3218 quando
924 3158 1112 3212 erunt,
1146 3148 1237 3219 qui
1274 3148 1385 3203 alta
1410 3163 1474 3203 ac
1507 3148 1763 3204 sublimia
1798 3151 1865 3205 de

274 3239 388 3295 Deo
416 3239 637 3296 tradent
665 3242 947 3311 dogmata,
976 3243 1183 3312 quique
1218 3242 1780 3312 eontemplationibus
1809 3252 1865 3298 et

274 3333 476 3387 studiis
501 3334 638 3398 suis,
674 3345 943 3405 quantum
982 3344 1266 3404 poterunt,
1298 3349 1361 3390 ea
1389 3336 1683 3391 extollent.

338 3425 523 3492 .S'uper
550 3426 708 3480 caelos
733 3425 913 3495 gloria
950 3426 1091 3495 ejus.
1122 3426 1261 3492 Quia
1291 3426 1343 3480 in
1378 3427 1536 3482 caelis
1583 3428 1654 3482 ab
1698 3442 1862 3498 ange-

273 3513 343 3568 lis
371 3512 733 3584 gloriﬁcatur.
776 3514 1019 3570 Possunt
1073 3516 1237 3569 etiam
1276 3518 1391 3571 haee
1422 3517 1489 3571 de
1520 3517 1745 3572 Christo
1782 3520 1866 3573 in-

263 3607 466 3675 telligi,
493 3614 551 3663 et
579 3607 648 3663 de
680 3608 914 3678 angelis,
949 3607 1046 3677 qui
1083 3617 1213 3663 nato
1243 3608 1467 3665 Christo
1494 3610 1817 3666 cecinerunt
1845 3627 1860 3666 :

263 3697 462 3753 Gloria
491 3697 551 3753 in
582 3698 801 3753 excelsis
824 3697 936 3752 Deo
952 3699 996 3753 ⁸.

346 3960 516 4016 Vsus.
542 3960 596 4027 5,
621 3960 675 4016 6.
708 3959 841 4028 Quis
881 3963 1020 4016 sicut
1046 3961 1301 4017 Dominus
1328 3962 1469 4019 Deus
1491 3969 1704 4022 noster?
1734 3967 1862 4024 Hzee

264 4053 598 4126 aPropbeta
626 4055 775 4110 dicta
810 4064 958 4122 sunt,
985 4068 1042 4110 ut
1076 4054 1247 4113 falsos
1278 4057 1400 4113 illos
1430 4057 1857 4132 deos;carperet,

269 4148 364 4220 qui
392 4163 422 4199 a
452 4148 707 4220 gentibus
731 4148 1078 4204 colebantur.

343 4238 511 4297 Vens.
531 4238 586 4295 7.
628 4239 735 4306 Qui
760 4240 817 4294 in
847 4240 975 4296 altis
1010 4240 1242 4308 habitat,
1264 4251 1314 4298 et
1355 4243 1582 4298 numilia
1623 4246 1856 4314 respicit.

1980 1862 2080 1932 μὲν
2102 1862 2233 1932 γὰρ,
2276 1862 2670 1932 εύλογημὲνον,
2705 1859 2854 1915 ἐστι·
2892 1862 3105 1928 γίνεται
3137 1861 3194 1914 δὲ
3224 1859 3320 1913 καὶ
3343 1862 3400 1913 ὲν
3431 1859 3563 1929 ὑμῖν

1975 1952 2370 2022 εὑλογημένον,
2396 1954 2526 2006 ὅταν
2556 1953 2631 2023 μὴ
2656 1953 2840 2022 λόγοις
2875 1952 3062 2022 μόνον,
3085 1951 3222 2005 ἀλλὰ
3254 1952 3348 2003 καὶ
3374 1950 3563 2020 ἔργοις

1974 2045 2292 2116 εὐλογῶμεν
2329 2046 2503 2100 αὑτό·
2566 2046 2675 2100 τῶν
2711 2046 2966 2119 ὁρώντων
3015 2044 3177 2112 αὐτὰ,
3229 2043 3566 2110 δοξαζόντων

1973 2139 2068 2193 τὸν
2094 2140 2378 2210 Δεσπότην
2412 2139 2592 2211 ἡμῶν.

2043 2318 2195 2372 Ἀπὸ
2230 2318 2548 2373 ἀνατολῶν
2570 2318 2752 2388 ἡλίου
2786 2317 2964 2388 μέχρι
2993 2317 3264 2387 δυσμῶν,
3321 2315 3564 2373 αἱνετὸν

1973 2407 2040 2462 τὸ
2073 2408 2259 2477 ὄνομα
2292 2410 2538 2477 Κυρίου.
2576 2409 2690 2462 Οὐκ
2730 2411 2787 2461 ὲν
2820 2409 3159 2480 Παλαιστίνῃ
3185 2407 3369 2479 μόνον,
3423 2408 3562 2461 ἀλλὰ

1978 2501 2074 2554 καὶ
2100 2501 2380 2571 πανταχοῦ
2403 2503 2501 2570 τῆς
2527 2501 2882 2572 οἰκουμένης,
2914 2501 3130 2555 αἱνετδν
3157 2502 3219 2554 τὸ
3237 2501 3408 2572 ὄνομα
3447 2503 3562 2554 Κυ-

1976 2591 2116 2663 ρίου.
2154 2593 2531 2663 Προαγορεύει
2565 2592 2645 2659 δὲ,
2676 2592 2765 2645 τὸν
2806 2594 2887 2655 εἰς
2918 2595 3101 2647 πᾶσαν
3138 2592 3237 2664 τὴν
3269 2596 3372 2665 γῆν
3407 2591 3562 2658 ἐξελ-ι

1973 2684 2138 2739 θόντα
2175 2685 2416 2756 φθόγγον
2433 2685 2528 2738 τοῦ
2559 2686 2942 2758 κηρύγματος.

2054 2856 2327 2926 ’Υψηλὸς
2359 2857 2461 2912 ἐπὶ
2489 2858 2689 2914 πάντα
2735 2859 2808 2914 τὰ
2853 2860 2999 2930 ἔθνη
3026 2864 3058 2915 ό
3085 2862 3319 2931 Κύριος.
3394 2862 3562 2937 Ὑψη-

1971 2950 2062 3014 λὺς
2092 2953 2147 3004 ὲν
2178 2954 2293 3017 τοῖς
2332 2952 2544 3006 ἔθνεσιν
2581 2952 2759 3021 ἔσται,
2789 2954 2848 3007 ού
2875 2953 2999 3008 τότε
3034 2954 3195 3009 τοῦτο
3244 2956 3555 3025 γινόμενος,

1970 3042 2107 3095 ἀλλὰ
2156 3043 2278 3096 τότε
2342 3043 2502 3097 τοῦτο
2559 3045 2892 3116 φαινόμενος
2940 3047 3169 3110 αὐτοῖς’
3204 3047 3386 3120 ὑψηλὰ
3424 3051 3559 3119 περὶ

1972 3132 2137 3186 αὐτοῦ
2198 3134 2657 3205 δογματιζόντων,
2714 3139 2809 3191 καὶ
2868 3137 3150 3209 ὑψούντων
3215 3141 3380 3194 αὐτὸν
3434 3145 3557 3206 ταῖς

1967 3226 2300 3297 θεοπρεπέσι
2330 3227 2687 3297 δοξολογίαις.

2049 3408 2179 3462 Ἐπὶ
2218 3407 2359 3474 τοὺς
2403 3407 2702 3477 οὐρανοὺς
2760 3409 2799 3479 ἡ
2851 3410 3002 3477 δόξα
3057 3415 3389 3470 αὑτοῦ.Ἐν
3440 3419 3555 3483 τοῖς

1965 3498 2219 3567 οὐρανοῖς
2254 3496 2621 3565 δοξαζομένου
2656 3501 2808 3570 παρά
2859 3501 2968 3555 τῶν
2989 3505 3262 3572 ἀγγέλων.
3289 3507 3553 3576 Νοηθεῖεν

1964 3590 2080 3645 δ’ἂν
2125 3590 2300 3644 ταῦτα
2340 3592 2436 3643 καὶ
2475 3592 2660 3654 ἰδικῶς
2711 3593 2838 3663 περὶ
2858 3593 2953 3647 τοῦ
3007 3595 3249 3667 Χριστοῦ
3289 3600 3384 3652 καὶ
3442 3600 3553 3653 τῶν

1966 3682 2245 3749 ἀγγέλων,
2301 3682 2411 3735 τῶν
2460 3683 2554 3734 ἐπὶ
2616 3684 2682 3753 τῇ
2728 3685 2984 3753 γεννήσει
3039 3687 3206 3741 αὐτοῦ
3257 3690 3553 3745 αἰνούντων

1964 3774 2056 3828 τὸν
2114 3774 2248 3826 Θεὸν
2299 3774 2396 3827 καὶ
2432 3772 2723 3841 λεγόντων,
2761 3774 2916 3839 Δόξα
2958 3779 3029 3831 ἐν
3084 3780 3375 3848 ὑψίστοις
3400 3784 3546 3851 Θεῷ,

1964 3869 2061 3922 καὶ
2091 3868 2160 3921 τὰ
2192 3867 2287 3933 ἐξῆ
2304 3885 2341 3922 τ.

2037 3962 2135 4027 Τίς
2166 3963 2245 4027 ὡς
2284 3963 2318 4015 ὁ
2340 3964 2556 4031 Κύριος
2586 3968 2618 4020 ὁ
2651 3965 2799 4033 Θεὸς
2826 3963 3029 4034 mulir;
3064 3963 3234 4019 Τοῦτο
3268 3967 3404 4039 πρὸς
3431 3968 3550 4022 δια-

1964 4053 2174 4125 συρμὸν
2206 4054 2300 4107 καὶ
2334 4053 2530 4126 χλεύην
2561 4052 2683 4111 εἷπε
2716 4058 2822 4112 τῶν
2852 4056 3007 4130 παρὰ
3042 4059 3155 4121 τοῖς
3195 4058 3372 4113 ἔθνεσι
3413 4061 3549 4130 ψευ-

1961 4146 2229 4216 δωνύμων
2261 4146 2430 4202 θεῶν.

2040 4239 2109 4290 ’0
2143 4237 2215 4291 ἐν
2239 4238 2503 4307 ὑψηλοῖς
2535 4241 2855 4307 κατοικῶν,
2896 4241 2996 4295 καὶ
3028 4243 3100 4296 τὰ
3130 4241 3381 4296 ταπεινὰ
3409 4243 3547 4311 ἐφο-

273 4331 440 4401 Atqui
482 4330 529 4385 si
591 4333 1063 4387 commensnravit
1113 4332 1259 4390 Deus
1312 4335 1513 4391 caelum
1560 4336 1765 4406 palmo,
1806 4347 1862 4392 et

1973 4327 2103 4383 σῶν.
2145 4329 2256 4381 Καὶ
2304 4331 2412 4402 μὴν
2445 4333 2718 4404 ὲμέτρησε
2754 4334 2847 4387 τὸν
2879 4333 3112 4404 οὐρανὸν
3158 4335 3545 4406 σπιθαμῇ.κα“ι

274 4429 478 4475 terram
508 4434 712 4491 pugno,
756 4428 814 4475 ut
838 4423 968 4477 alibi
1004 4423 1264 4495 legimus,
1298 4425 1427 4480 item
1469 4426 1516 4482 si
1549 4428 1749 4483 coelum
1804 4437 1858 4483 et

1973 4420 2062 4490 τὴν
2093 4421 2195 4489 γῆν
2226 4419 2522 4490 δρακὶ,καὶ
2552 4422 2644 4476 τὸν
2673 4423 2904 4496 οὐρανὸν
2950 4426 3045 4478 καὶ
3076 4425 3177 4495 τὴν
3199 4426 3303 4496 γῆν
3321 4426 3542 4495 πληροῖ,

270 4520 484 4567 terram
518 4512 728 4582 implet,
782 4522 836 4566 et
878 4514 1081 4582 ubique
1120 4518 1297 4582 adest,
1331 4517 1377 4571 si
1431 4518 1858 4590 incomprehen-

1973 4513 2050 4565 cati.
2114 4513 2395 4586 πανταχοῦ
2458 4515 2735 4586 πάρεστι·
2796 4517 2892 4571 καὶ
2951 4517 3237 4588 ἀχώρητός
3267 4520 3405 4584 ἐστι,
3452 4521 3544 4570 καὶ

272 4602 460 4657 sibilis
486 4613 594 4669 est,
636 4611 692 4657 et
739 4604 1277 4676 incircumscriptus,
1318 4610 1597 4678 quomodo
1628 4611 1684 4665 in
1717 4613 1858 4668 etelo

1973 4605 2393 4678 ῖιπερίγραπτος.
2443 4607 2555 4661 Καὶ
2602 4605 2720 4671 πῶς
2760 4610 2817 4661 ὲν
2859 4608 3077 4679 οὐρανῷ
3124 4611 3391 4673 κατοικεῖ,
3448 4611 3544 4663 καὶ

275 4697 486 4752 habitat
530 4706 583 4752 et
631 4706 833 4753 terram
891 4700 1125 4770 aspicit?
1181 4703 1335 4758 Patet
1378 4705 1547 4775 igitur
1588 4709 1662 4761 ita
1712 4708 1858 4777 loqui

1973 4696 2052 4766 τὴν
2081 4698 2185 4768 γῆν
2207 4699 2421 4775 ἐφορέῇ
2456 4700 2527 4751 ’Ἠ
2550 4698 2711 4769 δῆλον
2741 4699 2824 4752 ὅτι
2858 4700 3216 4767 συγκαταϐὰς
3245 4699 3464 4769 πρῶτον
3512 4699 3541 4751 ὁ

270 4788 627 4856 PrOphetam,
656 4795 715 4842 ut
756 4787 1070 4844 Judmorum
1111 4801 1207 4846 aut
1252 4795 1489 4849 aliorum
1533 4796 1855 4853 hebetudini

263 4878 629 4944 consentiret.
666 4880 891 4936 tametsi
922 4883 1139 4939 illorum
1176 4894 1410 4942 mentem
1441 4888 1702 4959 paulatim
1735 4891 1848 4946 ele-

271 4986 406 5028 vans
440 4970 672 5036 addidit,
701 4971 894 5027 dicens
925 4988 939 5026 :

347 5061 411 5118 In
442 5062 595 5129 calo,
619 5071 669 5118 et
704 5065 759 5118 in
797 5074 960 5120 terra.
993 5065 1060 5118 Et
1083 5066 1360 5136 superius,
1416 5066 1617 5141 inquit,
1667 5080 1721 5126 et
1760 5072 1849 5125 in-

269 5154 442 5211 ferius
477 5155 707 5219 habitat,
742 5155 846 5211 hoc
874 5166 983 5223 est,
1016 5146 1222 5227 ubiigue
1247 5157 1515 5215 locorum.
1540 5159 1697 5227 Vide,
1729 5178 1849 5231 quae

274 5247 539 5313 diximus,
584 5248 636 5301 in
681 5263 718 5302 ιι
759 5249 972 5317 psalmo
996 5288 1012 5315 ,
1046 5250 1119 5304 ibi
1151 5267 1167 5304 :
1203 5249 1309 5316 Qui
1336 5250 1537 5305 habitat
1592 5254 1646 5308 in
1703 5256 1849 5309 caelis

265 5339 512 5394 irridebit
540 5356 653 5394 eos.
683 5340 789 5395 Alii
820 5355 950 5396 vero
983 5341 1142 5396 aliter
1172 5350 1522 5405 construunt,
1552 5344 1847 5401 dicentes:

261 5431 402 5497 Quis
437 5434 575 5488 sicut
616 5434 752 5489 Deus
793 5445 972 5490 noster
1002 5437 1057 5489 in
1083 5435 1210 5490 caelo
1254 5445 1302 5489 et
1342 5437 1395 5491 in
1422 5439 1604 5492 terra?

330 5522 564 5593 Erigens
626 5543 659 5580 a
708 5538 852 5581 terra
892 5529 1120 5598 inopem,
1158 5536 1206 5583 et
1249 5527 1312 5583 de
1356 5537 1586 5584 stercore
1634 5528 1844 5583 elevans

372 5694 390 5727 "
426 5692 625 5751 Matth.
672 5701 836 5766 v,16.
913 5704 933 5734 ⁸
965 5703 1100 5761 Luc.
1158 5722 1215 5774 ιι,
1260 5706 1344 5763 ll.

1953 4789 2127 4842 Δασὶδ
2159 4793 2226 4863 τῇ
2262 4790 2544 4861 παχύτητι
2577 4791 2690 4845 τῶν
2729 4791 3023 4858 Ἰουδαίων,
3072 4788 3197 4847 εἷτα
3254 4792 3397 4846 κατὰ
3453 4809 3543 4860 μι-

1955 4882 2085 4955 κρὸν
2123 4884 2317 4952 ἀνάγει
2365 4887 2463 4954 τὴν
2506 4883 2745 4939 διάνοιαν
2793 4886 3009 4940 αὐτῶν·
3045 4888 3296 4958 ἐπήγαγε
3322 4887 3465 4957 γάρ’

2039 5068 2144 5120 Ἔν
2168 5064 2247 5130 τῷ
2278 5065 2513 5133 οὐρανῷ
2543 5070 2641 5122 καὶ
2670 5067 2739 5123 ἐν
2772 5068 2846 5137 τῇ
2877 5066 2976 5139 τῇ.
3004 5067 3113 5121 Καὶ
3138 5067 3251 5122 ἄνω
3277 5066 3367 5120 καὶ
3385 5065 3539 5119 κάτω

1957 5157 2032 5211 ὢν
2090 5158 2316 5228 δηλαδὴ,
2376 5159 2647 5224 τουτέστι,
2709 5158 3008 5231 πανταχοῦ.
3055 5160 3298 5230 Ζήτησον
3347 5158 3440 5210 καὶ,
3480 5159 3539 5209 ὲν

1957 5251 2035 5320 τῷ
2077 5247 2122 5319 β’
2149 5249 2375 5322 ψαλμῷ,
2430 5251 2484 5304 '0
2517 5251 2821 5307 κατοικῶν
2849 5253 2918 5304 ἐν
2941 5248 3244 5317 οὐρανοῖς.
3278 5247 3459 5301 ’Ἄλλοι
3480 5248 3537 5300 δὲ

1960 5342 2339 5411 συντάττουσι,
2380 5343 2475 5409 Τίς
2508 5342 2585 5411 ὡς
2614 5346 2647 5398 ὀ
2677 5343 2895 5411 Κύριος
2942 5344 2975 5396 ὀ
3010 5342 3155 5408 Θεὸς
3204 5339 3394 5410 ἡμῶν,
3433 5337 3537 5392 καὶ

1955 5436 2026 5488 ἐν
2070 5434 2149 5501 τῷ
2186 5434 2424 5504 οὐρανῷ
2449 5436 2547 5488 καὶ
2579 5434 2648 5489 ἐν
2681 5432 2758 5503 τῇ
2791 5431 2868 5503 τῇ
2899 5449 2917 5497 ;

2038 5529 2092 5582 Ὀ
2119 5530 2363 5600 ἐγείρων
2385 5527 2507 5585 ἀπὸ
2538 5527 2651 5599 γῆς
2682 5525 2942 5596 πτωχὸν,
2978 5525 3078 5579 καὶ
3117 5525 3237 5580 ἀπὸ
3281 5522 3532 5592 κοπρίας
