4052 6408
423 481 561 545 1ἰο5

1622 462 2010 524 COMMENT.
2048 460 2131 523 IN
2173 457 2526 541 PSALMQS,

3542 442 3684 508 1106

421 587 688 642 ἀνιστων
741 583 994 652 πένητα.
1023 578 1136 650 Γῆν
1168 577 1267 635 xui.
1297 572 1535 648 κοπρίαν
1587 572 1687 645 τὴν
1725 572 2005 627 εὐτέλειαν

2126 585 2414 639 iauperem.
2472 568 2575 622 Per
2607 575 2808 621 terram
2857 572 2910 617 et
2955 568 3197 625 stercus,
3262 556 3590 614 tenuitatem
3624 570 3692 610 ac

419 679 681 751 ὀκόμάζει
703 696 717 711 -
748 679 844 734 καί⁸
871 677 1039 747 ὑμνεῖ
1063 673 1164 746 τὴν
1197 670 1432 745 δύναμιν
1460 668 1556 723 τοῦ
1610 665 1792 734 Θεοῦ,Γ
1805 666 2007 739 ῥᾳδίως

426 771 870 843 μεταϐάλλουσαν
902 769 939 825 ἃ
968 767 1242 840 βούλεται.

496 944 616 999 Τοῦ
643 948 891 999 καθίσαι
918 939 1109 996 αὐτὸν
1135 936 1286 1009 μετὰ
1315 937 1655 1008 ἀρχόντων,
1710 934 1865 1003 μετὰ
1901 933 2008 1001 ἀρ·-

426 1037 662 1105 κόντων
719 1035 874 1089 λαοῦ
929 1031 1142 1088 αὐτοῦ.
1208 1030 1282 1085 Οὐ
1318 1029 1478 1101 μόνον
1507 1025 1814 1091 πλουτίζων
1845 1024 2010 1080 αὐτὸν

426 1130 520 1182 καὶ
549 1127 815 1194 δοξάζων,
857 1126 996 1182 ἀλλὰ
1026 1127 1125 1181 καὶ
1152 1126 1268 1189 τοῖς
1297 1123 1530 1196 ἄρχουσι
1552 1121 1649 1174 τοῦ
1679 1118 1815 1174 λαοῦ
1841 1116 2009 1173 αὑτοῦ

429 1218 800 1289 συγκαθίζων,
827 1218 923 1274 καὶ
942 1221 1022 1283 εἰς
1045 1218 1222 1289 ἀρχὴν
1246 1218 1342 1270 καὶ
1371 1214 1561 1268 τοῦτον
1589 1213 1760 1282 ἄγων.
1786 1212 2012 1265 Νοεῖται

425 1312 484 1364 δὲ
514 1312 608 1366 καὶ
648 1313 677 1365 ὁ
722 1312 782 1378 ἐξ
809 1311 983 1366 ἐθνῶν
1033 1311 1188 1374 λαὸς,
1253 1306 1470 1378 πτωχὸς
1510 1306 1610 1360 καὶ
1664 1304 1860 1375 πένης,
1898 1303 1958 1357 ὃν
1982 1304 2011 1357 ὁ

429 1404 666 1481 Χριστὸς
692 1404 803 1458 ἀπὸ
835 1406 937 1474 τῆς
970 1402 1201 1474 ἀτιμίας
1231 1402 1340 1456 τῶν
1391 1399 1586 1454 παθῶν
1641 1400 1882 1466 ἐγείρας,
1915 1394 2013 1449 καὶ

428 1497 655 1566 ὑψώσας
695 1496 785 1552 διὰ
814 1497 908 1551 τοῦ
946 1495 1306 1564 Εὖαγγελίου,
1339 1495 1582 1563 ἰσότιμον
1620 1491 1847 1561 ἐποίησε
1899 1490 2012 1552 τοῖς

432 1591 777 1656 ἀποστόλοις,
813 1592 907 1653 οὓς
939 1590 1033 1643 καὶ
1052 1589 1393 1659 κατέστησεν
1415 1587 1686 1659 ἄρχοντας
1716 1586 1810 1637 ἐπὶ
1831 1586 2012 1637 πᾶσαν

428 1684 529 1752 τὴν
578 1683 723 1753 γῆν,
766 1683 842 1747 ὡς
909 1685 967 1736 ὲν
1033 1681 1208 1752 ἑτέρῳ
1265 1680 1466 1750 ψαλμῷ
1523 1678 1842 1749 δεδήλωται.
1878 1673 2014 1731 Εῐτα

430 1776 594 1844 ὑμνεῖ
639 1777 736 1830 καὶ
776 1775 1003 1846 μείζονα
1049 1764 1282 1844 δύναμιν
1335 1770 1528 1834 αὐτοῦ,
1583 1768 2015 1843 μεταϐάλλοντος

429 1870 491 1921 οὐ
522 1872 835 1940 πράγματα,
859 1869 1019 1938 μόνον
1049 1866 1259 1932 ἁπλῶς,
1287 1864 1425 1920 ἀλλὰ
1476 1865 1573 1919 καὶ
1616 1863 1828 1934 φύσεις.

2111 672 2488 736 paupertatem
2516 660 2785 729 intelligit.
2829 656 3041 711 Laudat
3072 663 3279 717 autem,
3320 661 3486 720 atque
3512 649 3690 703 admie-
3710 644 3723 655 ’

2108 766 2265 812 ratur
2313 755 2586 825 Propheta
2625 752 2718 808 Dei
2758 749 3082 821 potentiam,
3135 745 3227 816 qui
3277 742 3348 799 de
3380 742 3530 797 facili
3589 741 3694 794 im,

2112 855 2289 903 mutat
2318 860 2658 919 quacunque
2688 843 2826 897 vult.

2189 937 2353 993 Vsus.
2386 937 2440 993 8.
2477 933 2545 990 Ut
2596 932 2813 988 colloret
2865 944 2980 982 eum
3021 942 3138 981 cum
3187 920 3537 995 principibus,
3571 934 3694 971 cum

2111 1026 2432 1101 principibus
2456 1023 2636 1095 populi
2668 1024 2773 1078 sui.
2805 1019 2925 1076 Non
2974 1018 3150 1073 solum
3204 1014 3428 1069 divitem
3483 1018 3537 1065 et
3571 1009 3696 1079 glo-

2113 1126 2322 1179 riosum
2360 1121 2515 1183 facit,
2548 1119 2643 1173 sed
2685 1130 2809 1170 cum
2846 1112 3033 1185 populi
3068 1110 3152 1166 sui
3188 1104 3540 1178 principibus
3569 1116 3695 1157 eum

2113 1215 2278 1271 etiam
2306 1210 2563 1271 collocat.
2618 1210 2725 1264 hoc
2756 1216 2864 1270 est,
2899 1205 2966 1259 ad
3003 1200 3371 1274 principatum
3422 1205 3588 1265 atque
3628 1191 3697 1251 ad

2116 1307 2405 1377 imperium
2447 1319 2571 1360 eum
2604 1301 2776 1358 etiam
2829 1297 3106 1371 provehit.
3155 1292 3263 1348 Per
3313 1294 3533 1360 inopem
3571 1302 3702 1341 vero

2114 1407 2169 1456 et
2194 1415 2513 1474 pauperem,
2543 1396 2757 1451 ﬁdelem
2794 1394 3056 1465 pepulttm
3092 1405 3157 1443 ex
3190 1385 3449 1458 gentibus
3470 1394 3704 1449 congre-

2117 1470 2315 1561 gatum
2343 1470 2792 1558 intellige,{qttein
2827 1500 2856 1538 a
2886 1482 3162 1551 turpibus,
3195 1488 3365 1547 atque
3394 1470 3703 1528 inhonestis

2117 1582 2656 1652 alTectibuserigens
2678 1577 2941 1632 Christus
2992 1589 3090 1645 per
3124 1568 3479 1639 Evangelinm
3518 1566 3573 1618 in
3622 1563 3706 1616 al-

2118 1685 2233 1730 tum
2283 1674 2487 1738 evexit,
2545 1671 2798 1726 eumdem
2851 1668 2898 1722 ei
2957 1681 3117 1736 quem
3163 1660 3383 1732 populis
3437 1661 3705 1711 honorem

2118 1767 2435 1836 impertitus
2491 1780 2505 1819 :
2568 1761 2886 1833 Apostolis,
2948 1757 3202 1826 inquam,
3257 1765 3397 1820 quos
3440 1747 3706 1816 principes

2120 1877 2278 1930 super
2326 1875 2534 1913 onmem
2589 1866 2786 1910 terram
2841 1852 3218 1913 constituerat,
3262 1853 3318 1899 ut
3348 1843 3586 1897 vidimus
3651 1839 3704 1890 in

430 1961 644 2030 psalmo
675 1976 822 2016 xuv.
898 1960 1185 2015 Postremo
1255 1957 1517 2027 majorem
1595 1954 1886 2025 quamdam
1934 1966 1999 2005 ac
2066 1952 2334 2018 potiorem
2384 1946 2684 2020 potentiam
2741 1944 2833 1998 Dei
2885 1940 3191 1997 admiratur
3239 1933 3333 2006 qui
3393 1945 3505 1986 non
3556 1926 3708 1998 ipsaS

429 2061 755 2108 tantum-tes
785 2052 1080 2105 immutare
1112 2049 1304 2119 possit,
1352 2047 1447 2103 sed
1486 2048 1660 2118 ipsam
1706 2045 1872 2101 etiam
1916 2058 2106 2098 eorum
2135 2051 2413 2108 naturain.
2437 2039 2594 2097 Unde
2622 2037 2698 2093 ait
2736 2055 2752 2091 :

511 2147 577 2200 '0
610 2144 955 2206 κατοικίζων
982 2117 1232 2213 στείραν
1277 2143 1348 2196 ἐν
1403 2142 1569 2209 οἴκῳ,
1621 2140 1853 2211 μητέρα
1908 2137 2010 2191 ἐπὶ

2185 2136 2359 2192 Vens.
2394 2136 2452 2192 9.
2516 2133 2621 2199 Qui
2668 2130 2915 2185 habitare
2963 2126 3094 2197 facit
3145 2120 3379 2187 sterilem
3431 2119 3488 2172 in
3551 2117 3708 2170 domo

429 2238 664 2304 τέκνοις
691 2237 1198 2316 ερφραινομένην.
1231 2236 1344 2303 Τὴν
1376 2235 1604 2306 στείραν
1637 2233 1811 2287 ποιῶν
1843 2234 2016 2286 οἰκεῖν

428 2332 643 2402 ὲνοῐκῳ
685 2332 902 2403 μητέρα
933 2332 1027 2385 ἐπὶ
1054 2331 1269 2391 τέκνοις
1305 2327 1779 2399 εὐφραινομένην·
1809 2325 1884 2388 ὼς
1922 2323 2019 2378 καὶ

429 2423 523 2473 ἐπὶ
551 2422 761 2476 πολλῶν
806 2423 1024 2492 γέγονε.
1060 2423 1216 2486 Τινὲς
1251 2420 1306 2476 δὲ
1336 2417 1597 2491 οἷκοντὴν
1626 2418 1891 2493 φαμιλίαν
1911 2417 2019 2472 τῶν

431 2513 639 2568 παίδων
662 2516 909 2586 ἐνόησαν.

928 2747 945 2761 .
1033 2697 1426 2766 Ἀλληλούτα.

958 2830 1108 2884 ΨΑΔ
1124 2831 1268 2885 ΜΟΣ
1297 2829 1445 2885 PII".

510 2987 951 3069 Εὑχαριστήριος
983 2986 1081 3039 καὶ
1111 2979 1290 3051 οὗτος,
1342 2986 1443 3050 τὰς
1519 2985 1797 3047 Ἰουδαίοις
1868 2985 2025 3054 παρὰ

436 3079 574 3132 Θεοῦ
608 3078 775 3133 πάλαι
803 3078 1246 3150 παρασχεθείσας
1305 3078 1629 3149 εὐεργεσίας
1658 3076 1897 3145 διεξιὼν,
1930 3078 2027 3132 καὶ

437 3169 541 3238 τὴν
561 3166 714 3221 θείαν
739 3166 969 3238 δύναμιν
1003 3167 1281 3238 ἅνυμνῶν,
1315 3170 1410 3222 καὶ
1444 3169 1554 3223 τῶν
1591 3168 1829 3224 εἰδώλων
1851 3187 2026 3224 κατα-

441 3259 728 3330 κωμῳδῶν
759 3258 856 3329 τὴν
890 3259 1203 3315 ἀσθένειαν.

527 3352 630 3405 Ἔν
648 3351 1111 3422 ἑξόδῳ,Ἰσραὴλ
1136 3352 1207 3416 ἐξ
1237 3352 1565 3422 Αἰγύπτου,
1619 3352 1792 3407 οἴκου
1827 3353 2032 3408 Ἰακὼϐ

441 3443 510 3495 ἐκ
561 3443 718 3497 λαοῦ
753 3439 1090 3513 βαρϐάρου,
1138 3442 1395 3513 ἐγενήθη
1465 3444 1729 3500 Ἰουδαία
1765 3445 2030 3514 ἀγίασμα

442 3536 655 3601 αὐτοῦ,
696 3536 950 3605 Ἰσραὴλ
979 3537 1237 3602 ἐξουσία
1272 3538 1482 3592 αὐτοῦ.
1520 3538 1743 3610 Ἰσραὴλ
1796 3539 1895 3609 μὲν
1933 3539 2028 3593 καὶ

445 3623 594 3683 οἰκον
637 3629 857 3701 Ἰακὼβ,
884 3633 948 3684 τὸ
1006 3632 1166 3698 γένος
1232 3630 1384 3701 λέγει
1432 3631 1551 3686 τῶν
1628 3633 1985 3705 Ἰσραηλιτῶν
2014 3649 2027 3664 ·

450 3720 732 3790 Αἴγυπτον
762 3723 818 3777 δὲ
849 3726 947 3777 καὶ
976 3725 1105 3780 λαὸν
1126 3725 1429 3797 βάρϐαρον,
1466 3725 1527 3780 τὸ
1556 3726 1666 3782 τῶν
1689 3728 2029 3796 Αἰγυπτίων·

444 3815 719 3869 τουτέστι.
753 3814 906 3870 Μετὰ
928 3817 989 3870 τὸ
1028 3816 1267 3882 ἐξελθεῖν
1299 3819 1428 3882 τοὺς
1459 3819 1749 3890 Ἐϐραίους
1775 3819 1834 3887 ἐξ
1857 3823 2030 3890 Αίγύ-

449 3923 608 3973 πτου,
640 3907 859 3974 ἐγένετο
885 3911 917 3980 ή
960 3910 1054 3963 νῦν
1085 3909 1319 3964 Ἰουδαία
1370 3910 1524 3982 χώρα
1568 3912 1816 3983 ἁγίασμα
1846 3913 2036 3977 αὐτοῦ,

2121 2239 2347 2284 matrem
2387 2229 2451 2282 de
2483 2226 2614 2296 ﬁliis
2649 2226 2940 2279 la’tantem.
2983 2216 3239 2273 Elliciens
3274 2219 3332 2268 ut
3368 2210 3565 2265 mulier
3601 2218 3712 2262 ste-

2122 2323 2263 2387 rilis,
2302 2320 2443 2375 facta
2474 2328 2673 2384 mater,
2707 2314 2973 2370 inhabitet
3024 2311 3080 2363 in
3116 2307 3302 2369 domo,
3361 2318 3524 2374 super
3583 2299 3709 2355 (iliis

2122 2416 2326 2479 lzetata,
2354 2408 2813 2483 quemadmodum
2837 2413 3220 2475 smpcnumero
3236 2396 3436 2452 effecit.
3473 2392 3707 2460 Quidam

2124 2509 2347 2563 domum
2391 2506 2481 2562 hic
2512 2519 2614 2576 pro
2640 2513 2937 2575 puerorum
2971 2494 3177 2551 familia
3208 2490 3616 2547 intellexerunt.

2791 2686 3049 2743 Alleluia.

2621 2822 2963 2897 IPSALMUS
3016 2819 3202 2877 CXIII.

2200 2993 2260 3047 Et
2300 2991 2389 3046 hic
2422 2989 2669 3059 psalmus
2698 2986 2752 3039 in
2782 2982 3103 3055 'gratiarum
3141 2976 3414 3034 actionem
3463 2969 3716 3028 conscri-

2130 3094 2255 3157 ptus
2285 3091 2390 3145 est,
2426 3078 2689 3136 beneﬁcia
2729 3090 2761 3131 a
2801 3076 2911 3130 Deo
2941 3072 3146 3129 Iudaeis
3179 3070 3309 3127 olim
3338 3066 3539 3123 collata
3574 3077 3710 3118 con-

2130 3153 2408 3242 numerat,
2442 3172 2687 3231 divinam
2721 3170 2928 3242 pariter
2959 3166 3261 3239 potentiam
3302 3159 3510 3218 laudat.
3543 3162 3595 3212 et
3622 3153 3711 3208 in-

2133 3269 2449 3326 ﬁrmitatem
2485 3264 2757 3320 idolorum
2781 3262 2978 3330 carpit.

2204 3360 2372 3416 Vsus.
2417 3358 2465 3423 I,
2493 3358 2549 3412 2.
2605 3356 2674 3411 In
2716 3355 2860 3410 exitu
2899 3350 3077 3409 Israel
3126 3349 3189 3403 de
3233 3346 3493 3418 Egypta,
3530 3343 3720 3398 domus

2055 3479 2103 3538 α
2131 3452 2293 3509 Iacob
2329 3456 2392 3506 de
2418 3448 2613 3521 populo
2644 3446 2896 3511 barbaro,
2945 3444 3091 3514 facta
3135 3448 3212 3496 est
3243 3437 3439 3494 Juda'a
3482 3436 3724 3505 sanctiﬁ-

2133 3544 2274 3598 catio
2308 3542 2446 3611 ejus,
2502 3536 2683 3593 Israel
2732 3542 2965 3606 potestas
3020 3532 3155 3600 eius.
3210 3527 3315 3584 Per
3344 3525 3626 3592 Israelem,
3658 3533 3716 3580 et

2130 3653 2228 3708 per
2257 3637 2479 3691 domum
2514 3631 2709 3696 Iacob,
2758 3627 3136 3686 Israelitarum
3171 3637 3347 3694 genus
3404 3619 3716 3693 signiﬁcat;

2135 3744 2232 3799 per
2266 3726 2568 3799 Alg‘yptum
2604 3733 2812 3785 autem,
2853 3728 2909 3777 et
2936 3718 3198 3791 populum
3228 3714 3548 3776 barbarum,
3571 3710 3722 3781 ipsos

2134 3819 2448 3891 Egyptios.
2481 3817 2544 3873 In
2569 3815 2746 3879 exitu,
2775 3812 2978 3882 inquit,
3000 3809 3188 3885 populi
3221 3805 3537 3871 Israelitici,
3562 3809 3727 3873 atque

2142 3911 2198 3966 in
2232 3925 2452 3965 recessu
2484 3909 2707 3970 domus,
2737 3920 2834 3960 seu
2862 3901 3083 3957 familia:
3125 3897 3295 3954 J‘acob
3344 3897 3413 3953 ab
3442 3893 3730 3966 Egyptio-

449 3985 840 4069 ἆφωρισμένον
869 4000 1150 4069 ἀνάθημα,
1180 4002 1274 4055 καὶ
1298 4002 1326 4054 ὁ
1361 4001 1705 4073 Ἰσραηλίτης
1746 4004 1874 4066 λαὸς
1907 4004 2023 4073 κλῆ·

2144 4016 2262 4054 rum
2293 3999 2568 4070 gentibus,
2602 3998 2707 4052 hoc
2735 4005 2838 4061 est,
2869 3994 2961 4049 ubi
2994 3991 3377 4048 discesserunt
3410 3985 3625 4042 Hebraei
3659 4001 3728 4042 ex

452 4108 545 4160 ρος
581 4091 772 4154 αὐτοῦ,
838 4092 1314 4163 έξουσιαζόμενος,
1379 4095 1474 4148 καὶ
1533 4097 2037 4166 στρατηγούμενος,

2146 4091 2408 4162 Egypto,
2434 4097 2568 4144 tunc
2596 4087 2744 4157 regio
2776 4085 2888 4149 illa,
2937 4097 3102 4154 quam
3140 4079 3304 4136 modo
3341 4077 3587 4134 Juda'am
3636 4092 3733 4149 ap-

450 4184 545 4235 καί
580 4185 1054 4255 προσταττόμενος
1109 4185 1201 4237 ὑπ’
1236 4184 1423 4238 αὑτοῦ*
1491 4186 1538 4237 οἰ
1595 4185 1699 4254 μὲν
1740 4185 1851 4256 γὰρ
1888 4184 2016 4241 ἄλλο

2144 4186 2439 4256 pellamus,
2470 4182 2610 4236 facta
2658 4191 2738 4236 est
2772 4175 3140 4232 'sanctilicatio
3173 4172 3266 4229 Dei
3305 4190 3319 4227 :
3349 4186 3416 4228 eo
3459 4169 3606 4242 quod
3638 4184 3734 4225 ve-

452 4278 675 4345 πὰντες,
736 4279 880 4334 κατὰ
924 4278 1083 4348 φύσιν
1123 4273 1264 4349 ἦσαν
1288 4278 1512 4342 ὲξουσὲα
1544 4278 1746 4331 αὐτοῦ·
1780 4271 1931 4333 οὗτοι
1984 4280 2041 4332 δὲ

456 4370 627 4438 μιενοι,
666 4371 1101 4439 κατόἰκείωσιν,
1133 4372 1209 4436 ὡς
1238 4370 1585 4442 περιώνυμος
1614 4368 1763 4432 λαός.

2151 4276 2250 4332 luti
2297 4290 2387 4331 res
2419 4274 2668 4346 quaedam
2729 4272 2838 4327 Deo
2874 4270 3078 4331 oblata,
3137 4281 3201 4321 ac
3255 4266 3437 4321 dicata
3488 4263 3734 4319 sanctior

2155 4366 2565 4439 quodammodo
2601 4365 2793 4420 ell‘ecta
2816 4370 2922 4419 est.
2959 4359 3116 4414 Tunc
3148 4358 3312 4413 etiam
3359 4355 3732 4413 lsraelitarum

454 4468 689 4537 populus
728 4467 955 4524 effectus
987 4477 1072 4524 est
1133 4466 1425 4522 baereditas
1470 4463 1583 4529 Dei,
1640 4472 1698 4519 et
1747 4464 1847 4518 sub
1904 4464 2024 4533 ejus
2055 4472 2329 4534 potestate
2364 4460 2717 4518 manifestius
2746 4457 2913 4528 coepit
2944 4454 3233 4520 constitui,
3284 4460 3451 4523 atque
3524 4449 3594 4505 ab
3668 4463 3735 4502 eo

455 4565 638 4634 dirigi.
668 4564 805 4629 Nam
846 4567 948 4621 etsi
987 4580 1182 4619 omnes
1210 4563 1304 4616 alii
1385 4560 1571 4633 pepuli
1620 4569 1814 4613 natura
1864 4559 2004 4630 ipsa,
2071 4571 2125 4615 ct
2152 4559 2453 4615 ereationis
2477 4558 2598 4630 iure
2625 4556 2729 4611 sub
2749 4555 2934 4610 divina
2964 4567 3181 4623 semper
3209 4550 3413 4605 fuerint
3439 4551 3734 4619 potestate,

461 4658 645 4712 nullus
674 4665 880 4712 tantam
922 4656 1334 4718 necessitatem,
1375 4661 1469 4706 aut
1505 4649 1936 4706 familiaritatem
1968 4650 2234 4707 habuisse
2271 4651 2507 4730 videtin;
2551 4658 2814 4722 quantam
2885 4644 3224 4701 Israeliticus
3291 4643 3574 4714 pepulus:
3641 4638 3737 4708 qui

461 4762 777 4824 propterea.
827 4751 1125 4821 peculiaris
1173 4749 1268 4805 Dei
1325 4748 1561 4819 populus
1607 4748 1913 4816 appellatus
1975 4756 2081 4804 est.
2122 4749 2222 4818 (Ex
2288 4749 2357 4805 iis
2410 4756 2617 4813 autem,
2668 4760 2790 4816 quae
2838 4743 3099 4808 diximus,
3178 4746 3348 4812 patet,
3415 4737 3734 4801 dictionem,

458 4848 596 4919 ejus,
632 4846 924 4914 utrobique
955 4844 1024 4899 ad
1054 4844 1225 4898 Deum
1268 4858 1391 4899 esse
1443 4841 1835 4907 relerendani.)

545 4962 608 5019 Ἠ
650 4960 940 5015 θάλασσα
967 4954 1093 5013 εἶδε
1124 4956 1222 5010 καί
1253 4956 1507 5025 ἔφυγεν.
1539 4956 1723 5023 Ἔγνω
1766 4956 1865 5024 τὴν
1886 4954 2020 5009 δύνα

2126 4996 2127 5003 η
2225 4953 2393 5009 Vens.
2423 4952 2477 5006 5.
2495 4950 2640 5004 Mare
2657 4948 2789 5003 vidit
2819 4956 2868 5002 et
2888 4946 3048 5017 fugit.
3076 4946 3260 5013 Ipsum
3291 4941 3456 4996 etiam
3484 4951 3636 4991 mare
3653 4934 3740 4990 di-

467 5072 560 5125 μιν
592 5054 760 5118 αὐτῆς
787 5069 803 5084 '
830 5050 1038 5123 ᾔσθητο
1062 5024 1318 5117 καθάπερ
1372 5065 1463 5111 τις
1495 5046 1691 5118 λογικὴ
1718 5047 2022 5117 ἁπορῤήτω

2158 5046 2338 5099 vinam
2371 5040 2524 5096 novit
2553 5038 2882 5110 potentiam,
2906 5045 2963 5092 et
3001 5030 3258 5089 ineﬂ'abili
3287 5028 3526 5100 quodam
3575 5024 3739 5080 modo

467 5146 563 5200 τοῦ
606 5145 753 5199 θείου
805 5143 1138 5214 θελήματος,
1185 5142 1281 5194 καὶ
1332 5139 1698 5220 διαιρεθεῖσα,
1749 5140 1947 5207 ἔφυγεν
1994 5140 2019 5191 ὲ

2156 5137 2399 5193 divinam
2426 5133 2597 5188 etiam
2649 5129 2876 5198 agnovit
2928 5126 3290 5189 voluntatem,
3326 5137 3432 5174 non
3466 5133 3631 5174 secus
3676 5132 3741 5172 ac

466 5240 559 5293 τοῦ
597 5240 790 5309 μέσου,
823 5237 920 5292 stat
955 5236 1198 5307 παρέσχε
1257 5232 1431 5287 δίοδον
1474 5231 1646 5303 ξηρὰν
1688 5234 1799 5294 τοῖς
1842 5233 2059 5302 Ἰσραη-

2166 5227 2212 5281 si
2239 5223 2525 5280 rationalis
2550 5222 2746 5279 fuisset
2777 5225 3031 5274 creatura
3062 5232 3075 5269 :
3111 5211 3258 5268 unde
3311 5210 3547 5267 divisum
3577 5222 3609 5262 e
3634 5222 3744 5261 me-

465 5298 643 5391 ῗὶίταίς
665 5346 678 5358 ·
713 5298 864 5397 λέλίει
905 5329 964 5380 δὲ
999 5298 1261 5397 περὶ-τῆς,
1295 5298 1589 5394 Ἐρυθράς,
1619 5324 1780 5375 ὁπότε
1811 5298 2023 5391 Μωίὶσῆ

2153 5320 2247 5376 dio
2275 5316 2479 5389 refugit
2507 5317 2683 5378 alveo,
2714 5313 3064 5379 liberumque
3091 5320 3156 5360 ac
3187 5311 3369 5359 tutum
3423 5298 3736 5354 transeunti

468 5389 636 5490 ἐξῆγε
675 5421 768 5476 τὸν
791 5389 966 5475 ’λαόν.
1003 5389 1219 5488 Ἐἰρυγεί
1244 5389 1299 5469 δὲ
1331 5389 1524 5477 εἰπὼν,
1552 5416 1645 5468 τὸν
1670 5415 1834 5485 φόϐον
1864 5415 1961 5469 καὶ

2148 5410 2354 5482 populo
2387 5410 2493 5465 iter
2517 5404 2775 5480 praebuit.
2818 5400 2967 5457 Mare
3008 5405 3192 5455 autem
3225 5395 3476 5449 Rubrum
3531 5389 3739 5445 intelli-

470 5512 631 5583 τάχος
656 5515 755 5583 τῆς
793 5511 1113 5583 διαιρέσεως
1144 5510 1316 5577 αὐτῆς
1344 5506 1624 5576 ἐνέφηνεν.

2146 5481 2245 5576 git,
2274 5518 2398 5558 cum
2424 5500 2641 5573 Moyses
2668 5498 2954 5553 Hebraeum
2984 5489 3246 5563 populum
3280 5484 3509 5551 eduxit;
3537 5481 3743 5553 fugisse

476 5621 606 5659 vero
635 5604 770 5660 dicit
794 5605 975 5675 ipsum
1006 5618 1175 5665 mare,
1220 5609 1276 5654 ut
1318 5615 1426 5653 non
1465 5607 1680 5652 tantum
1718 5599 2046 5655 formidasse
2084 5598 2219 5654 illud
2247 5612 2277 5653 a
2314 5604 2616 5666 conspectu
2643 5592 2741 5649 Dei
2766 5588 3102 5653 ostenderet,
3130 5582 3226 5641 sed
3293 5589 3351 5637 ut
3406 5578 3741 5636 celeritatem

474 5700 638 5756 etiam
678 5701 827 5756 illius
858 5698 1146 5757 divisionis
1179 5697 1609 5752 domonstraret.

557 5816 613 5869 '0
658 5814 958 5884 Ἰορδάνης
982 5815 1251 5882 ἐστράφη
1282 5814 1362 5876 εἰς
1402 5810 1471 5865 τὰ
1501 5808 1847 5867 ὀπίσω.⁹Επί
1884 5808 2057 5879 Ἰησοῦ

477 5904 574 5959 τοῦ
612 5904 794 5971 Ναυῆ,
834 5905 924 5963 ὅτε
970 5906 1280 5970 ἀνεκαίνισε
1333 5901 1394 5955 τὸ
1437 5902 1613 5964 ῥεῦμα
1637 5898 1853 5963 ἑαυτοῦ,
1892 5903 2059 5955 notas-

2237 5803 2496 5859 Jordanis
2554 5814 2836 5855 conversus
2874 5804 2954 5850 est
2993 5803 3309 5850 retrorsum.
3368 5785 3484 5843 Hoc
3541 5783 3743 5839 aeeldit

2167 5909 2411 5955 tempore
2436 5893 2566 5951 Jesu
2597 5889 2768 5957 Nave,
2808 5885 3031 5958 quando
3067 5882 3327 5942 Iordanis
3371 5878 3574 5936 ﬂuvius
3622 5888 3744 5931 eur-
