4052 6472
448 441 585 505 ιιαο

1639 451 2033 511 CUMMENT.
2072 453 2145 511 lN
2187 453 2547 514 l‘SAlNOS.

3579 431 3721 500 1110

516 551 680 606 Ἀλλ’
720 552 758 621 ἣ
795 551 872 618 τῷ
926 554 1175 623 ὀνόματὶ
1219 568 1340 611 σου
1366 556 1471 625 δὸς
1507 557 1720 624 δόξαν.
1765 560 1931 614 Ἀλλὰ
1963 560 2021 613 τὸ

2203 563 2309 617 Sed
2348 565 2551 617 nomini
2583 574 2671 617 (no
2701 564 2771 618 da
2816 563 3071 635 gloriam.
3126 560 3208 616 Tu
3271 566 3480 623 tamen,
3513 554 3722 626 inquit,

442 644 617 715 ὄνομά
650 662 744 698 σου
765 646 855 708 δὸς
878 645 1106 711 δοξάσαι
1129 687 1144 700 .

527 737 660 791 Ἐπὶ
695 736 773 803 τῷ
817 738 976 793 ἐλέει
1001 756 1123 795 σου
1189 742 1286 795 καὶ
1318 744 1395 810 τῇ
1422 743 1679 810 ἀληθείᾳ
1710 763 1848 801 σου.
1881 748 2046 814 Δόξα-

443 844 538 881 σον
599 829 733 883 αὐτό
788 831 848 882 ὲν
886 829 961 900 τῷ
984 830 1125 886 ἐλέει
1162 849 1280 900 σου,
1311 834 1502 905 καὶτῷ
1533 837 1728 905 ἀληθεῖ
1752 856 1846 892 σου
1874 840 2038 907 ἐλέει,

441 919 748 981 τουτέστιν,
815 921 1050 991 ἐλεήσας
1107 926 1278 994 ἡμᾶς,
1345 928 1440 980 καί⁵
1500 927 1722 998 ἀληθῶς
1781 930 2035 1003 ἐλεήσας.

444 1013 637 1077 Ἐλεος
684 1014 793 1085 γὰρ
845 1017 941 1069 καὶ
967 1015 1232 1088 ἀλήθειαν
1283 1018 1547 1081 πολλάκις
1589 1028 1682 1073 τὸν
1735 1022 1888 1076 ἔλεον
1946 1024 2036 1077 τὸν

437 1102 616 1171 ἀληθῆ
641 1121 810 1174 φησιν
840 1108 868 1159 ὁ
896 1108 1206 1179 προφήτης,
1235 1108 1328 1162 τὸν
1356 1111 1562 1181 κυρίως
1609 1113 1736 1168 ὅσον
1767 1114 1906 1186 πρὸς
1941 1114 2035 1168 τὸν

436 1190 536 1244 ἀνθ
547 1191 805 1263 ρὼπινον.

2145 673 2344 711 nomen
2381 666 2532 711 tuum
2566 658 2836 728 gloriﬁca.

2214 750 2382 805 Vens.
2430 751 2485 804 9..
2527 748 2593 803 In
2655 749 3024 804 misericordia
3094 756 3185 801 tua
3232 754 3282 800 et
3322 744 3548 799 veritate
3606 750 3720 795 tua.

2142 840 2398 896 Glorilica
2430 843 2586 908 illud,
2620 843 2820 914 inquit.
2855 843 2907 895 in
2948 838 3331 896 misericordia
3372 846 3464 891 tua
3493 840 3550 891 et
3573 832 3722 886 veri-

2142 942 2251 988 tate
2281 945 2392 997 tua,
2430 935 2531 992 hoc
2554 943 2661 1002 est,
2683 936 2941 991 misertus
2968 933 3168 993 nostri,
3207 941 3260 986 et
3282 944 3409 984 vere
3441 926 3722 989 misertus.

2143 1023 2584 1081 Misericordiam
2663 1028 2808 1082 enim
2859 1034 2915 1082 et
2965 1026 3290 1088 veritatem,
3348 1030 3727 1087 sa'peuumero

2141 1115 2413 1186 Propheta
2446 1119 2789 1188 coniunctim
2819 1118 2992 1187 ponit.
3028 1132 3126 1187 pro
3159 1128 3286 1168 vera
3318 1106 3723 1166 misericordia.

2136 1207 2272 1263 Nam
2311 1209 2494 1265 divina
2525 1210 2909 1266 misericordia
2945 1208 3168 1279 proprie
3195 1221 3259 1260 ac
3284 1220 3413 1259 vere
3443 1210 3496 1255 et
3529 1209 3636 1261 est,
3668 1201 3726 1249 et.

434 1285 643 1341 dicitur
675 1288 1092 1355 misericordia;
1128 1291 1370 1347 humana
1403 1302 1608 1363 autem,
1643 1297 1847 1353 divina:
1869 1309 2208 1370 comparata,
2245 1320 2352 1358 non
2399 1322 2524 1360 vera
2566 1315 2671 1373 est,
2740 1306 2836 1362 sed
2905 1305 3099 1359 umbra
3171 1300 3419 1372 qumdam
3494 1296 3721 1355 misert-

440 1380 663 1435 cor-diae.

500 1469 749 1534 Μήποτε
769 1471 984 1526 εἴπωσι
1024 1476 1097 1527 τὰ
1121 1474 1267 1543 ἔθνη
1289 1490 1305 1506 ⁸
1331 1479 1455 1533 Ποῦ
1486 1479 1661 1534 ἐστιν
1688 1482 1721 1534 ό
1755 1482 1904 1548 Θεὸς
1927 1484 2035 1536 at)-

429 1559 584 1621 τῶν;
620 1560 711 1628 Μή
740 1577 890 1623 ποτε,
928 1563 1481 1634 κατακυριευοέντων
1514 1566 1696 1637 ἡμῶν,
1735 1567 2026 1622 ἀσθένειαν

427 1647 732 1701 ὀνειδίσωσι
765 1650 832 1701 τὰ
868 1649 1020 1719 ἔθνη.

510 1739 565 1791 '0
599 1738 659 1792 δὲ
682 1742 828 1806 Θεὸς
874 1741 1044 1811 ’ἡμῶν
1085 1744 1157 1797 ἐν
1199 1743 1279 1810 τῷ
1312 1747 1552 1815 οὐρανῷ
1596 1751 1696 1805 καὶ
1728 1752 1796 1805 ἐν
1826 1752 1904 1821 τῇ
1936 1752 2035 1822 γῆ,

428 1829 625 1884 πάντα
649 1831 768 1887 ὅσα
794 1834 1103 1903 ἠθέλησεν
1143 1837 1420 1905 ἐποίησε.
1459 1841 1541 1895 Τὰ
1592 1843 1720 1914 εονη
1754 1844 1856 1914 μὲν
1897 1845 2027 1909 ἴσως

436 1920 654 1975 τοιαῦτα
696 1921 1036 1995 ληρήσουσιν
1062 1942 1076 1956 °
1134 1929 1162 1982 ὁ
1200 1928 1258 1982 δὲ
1310 1932 1444 1994 Θεὸς
1486 1934 1670 2005 ήμῶν,
1715 1936 1895 1991 πάντα
1927 1917 2104 1991 ὃσοίΒ

430 2010 694 2083 ἠθέλησεν
747 2017 1018 2089 ἐποίησε·
1065 2020 1419 2093 μακροθυμεῖ
1478 2024 1535 2078 δὲ
1593 2025 1880 2093 πολλάκις,
1934 2033 2028 2085 καὶ

429 2100 739 2166 ὶνεξικακεί
767 2106 892 2158 κατ’
925 2108 1269 2179 οἰκονομίαν.

2199 1481 2504 1553 Ner/nando.
2525 1486 2709 1538 dicant
2736 1496 2914 1554 gentes
2937 1500 2956 1538 :
2985 1483 3085 1539 Ubi
3111 1492 3189 1538 est
3216 1481 3354 1536 Deus
3384 1494 3565 1535 eorum
3583 1475 3725 1531 PNe-

2138 1574 2381 1643 quando,
2403 1575 2607 1645 inquit,
2642 1586 2834 1646 gentes
2867 1574 3042 1631 nostri
3075 1573 3456 1636 dominentur,
3488 1578 3544 1625 et
3571 1577 3721 1623 tuam

2138 1666 2295 1720 nobis
2330 1666 2684 1737 postmodum
2734 1666 3070 1735 exprobrent
3106 1663 3511 1718 inﬁrmitatem.

2214 1755 2380 1812 Vnus.
2413 1758 2464 1810 5.
2500 1757 2644 1811 Deus
2671 1766 2848 1810 autent
2878 1765 3061 1810 noster
3109 1756 3161 1808 in
3191 1754 3349 1819 caelo,
3385 1762 3436 1809 et
3468 1754 3520 1812 in
3552 1760 3719 1808 terra.

2140 1848 2357 1915 Omnia,
2386 1865 2707 1918 quotcunque
2732 1848 2916 1910 uoluit,
2949 1849 3096 1917 fecit.
3130 1846 3334 1907 Gentes
3365 1846 3590 1918 quidem
3614 1845 3721 1901 ltu-

2127 1941 2373 2009 jnsmodi
2410 1943 2662 1995 fortassis
2693 1941 2856 1996 verba
2891 1940 3270 1996 blatterabunt
3304 1957 3320 1997 :
3362 1951 3416 1994 at
3448 1954 3550 1993 nos
3585 1953 3722 1992 con-

2135 2044 2219 2089 tra
2246 2032 2520 2087 clamabis
2549 2049 2614 2087 us
2660 2036 2805 2103 quod
2845 2033 2896 2088 iu
2924 2035 3065 2088 οωῐι)
3096 2041 3266 2104 atque
3297 2033 3353 2085 in
3396 2040 3540 2086 terra
3575 2030 3720 2085 Deus

2130 2132 2317 2182 uoster
2366 2126 2552 2180 omnia
2610 2133 2818 2195 potest,
2880 2133 3015 2197 quot
3067 2125 3347 2189 voluerit;
3400 2138 3719 2193 quanquam

428 2200 610 2261 Jertis,
643 2209 812 2270 atque
850 2201 902 2258 ei
935 2203 1037 2258 soli
1068 2204 1309 2276 cognitis
1366 2207 1707 2278 quibusdam
1757 2213 2093 2285 rationibus,
2167 2235 2236 2274 ex
2311 2218 2729 2288 dispensatione
2787 2218 3171 2289 saepenumero
3239 2216 3574 2288 longanimis
3638 2215 3711 2272 sit

427 2296 477 2344 et
507 2295 741 2358 patiens.

498 2389 573 2441 Τὰ
615 2389 840 2451 εἴδωλα
870 2389 993 2445 τῶν
1033 2390 1229 2447 ἐθνῶν
1260 2393 1552 2464 ἀργύριον
1601 2397 1702 2453 καί
1731 2401 2019 2469 χρυσίον,

425 2479 565 2549 ἔργα
609 2480 829 2551 χειρῶν
871 2483 1228 2552 ἀνθρώπων.
1306 2487 1506 2556 Στόμα
1536 2487 1773 2558 ἔχουσι,
1820 2494 1921 2547 καὶ
1955 2496 2027 2549 οὐ

429 2570 814 2639 λαλήσουσιν
849 2589 862 2603 ⁸
887 2574 1242 2645 ὀφθαλμοὺς
1283 2576 1524 2648 ἔχουσι,
1564 2582 1663 2636 καί
1693 2586 1804 2638 οὐκ
1836 2585 2026 2655 ὄψον-

424 2679 536 2716 ται.
584 2658 731 2717 Ὦτα
772 2665 1010 2734 ἔχουσι,
1086 2673 1186 2724 καὶ
1243 2673 1356 2724 οὐκ
1402 2672 1806 2729 ἀκούσονται·
1849 2676 2031 2745 ῥῖνας

423 2755 663 2824 ἔχουσι,
686 2756 786 2810 καὶ
814 2759 926 2812 οὐκ
948 2759 1511 2828 ὀσςιζρανθήσον-ται⁸
1563 2768 1769 2837 χεῖρας
1794 2769 2031 2838 ἔχουσι,

425 2849 526 2902 καί
553 2851 627 2903 οὐ
655 2850 1135 2919 ψηλαφήσουσιο
1159 2855 1356 2921 πόδας
1375 2857 1616 2925 ἔχουσι,
1636 2860 1735 2913 καί
1770 2864 1843 2915 οὺ
1865 2879 2032 2931 περι.

423 2943 831 3007 πατήσουσιν·
854 2943 926 2996 οὐ
947 2943 1348 3013 φωνήσουσιν
1357 2948 1430 3001 ὲν
1447 2948 1525 3014 τῷ
1541 2942 1795 3022 λάρυτγι
1808 2953 2031 3009 αὐτῶν.

428 3034 614 3088 nam
647 3034 829 3089 αὐτῶν
856 3034 1039 3090 ἔπεισι
1067 3038 1139 3091 τὰ
1169 3040 1336 3112 μέρη,
1366 3041 1662 3097 πλατύνων
1690 3044 1795 3116 τὴν
1820 3063 2031 3118 κωμῳ-

419 3125 564 3180 δίαν.
595 3128 706 3182 Καὶ
736 3128 932 3198 πρῶτα
961 3129 1061 3199 μὲν
1096 3131 1225 3195 τοὺς
1263 3131 1472 3199 τύπους
1491 3134 1602 3189 τῶν
1631 3136 2029 3210 αἰσθητηρίων,

2199 2403 2368 2459 Vsus.
2410 2402 2531 2457 4-7.
2565 2401 2724 2456 ldola
2782 2403 3018 2473 gentium
3062 2409 3362 2471 argentum,
3402 2410 3452 2454 et
3507 2415 3719 2465 aurum,

2131 2513 2292 2565 opera
2321 2510 2571 2549 manuum
2606 2495 2874 2549 hominum
2905 2510 2924 2549 :
2958 2511 3015 2549 os
3047 2492 3264 2557 habent,
3284 2501 3333 2545 et
3366 2507 3470 2545 non
3504 2491 3710 2561 loquen-

2134 2601 2223 2646 tur
2255 2610 2274 2645 :
2309 2588 2491 2644 oculos
2532 2588 2743 2652 habent,
2777 2596 2825 2641 et
2850 2603 2953 2641 non
2977 2583 3230 2639 videbunt
3262 2601 3280 2637 :
3317 2600 3472 2637 aures
3503 2582 3717 2645 habent,

2135 2692 2185 2739 et
2239 2698 2343 2737 non
2385 2682 2648 2736 audient:
2680 2682 2836 2735 nares
2882 2677 3095 2742 habent,
3133 2685 3183 2730 et
3231 2691 3333 2730 non
3381 2673 3718 2729 odorabunt:

2138 2792 2329 2829 manus
2365 2774 2580 2839 habent,
2618 2781 2668 2827 et
2699 2762 2803 2826 non
2835 2770 3131 2841 palpabunt
3167 2767 3367 2837 :pedes
3430 2765 3640 2830 habent,
3670 2777 3720 2820 et

2133 2882 2240 2920 non
2267 2863 2617 2918 ambulabunt
2652 2877 2672 2919 :
2699 2879 2803 2918 non
2822 2862 3103 2925 loquentur
3126 2862 3179 2915 in
3203 2869 3420 2931 gutture
3442 2874 3558 2912 sna.
3590 2854 3721 2910 Om-

2131 2955 2223 3011 nia
2257 2954 2534 3010 idolorum
2565 2952 2836 3013 membra.
2874 2958 3043 3022 atque
3074 2965 3271 3005 omnes
3302 2964 3497 3004 eorum
3529 2956 3718 3017 partes

2133 3047 2432 3119 percurrit,
2459 3045 2670 3116 aliquid
2708 3059 2931 3114 semper
2960 3042 3200 3113 amplius
3230 3044 3285 3096 in
3317 3040 3398 3095 eis
3432 3054 3668 3109 carpens
3701 3056 3718 3093 :

2131 3149 2187 3197 et
2223 3139 2408 3211 primo
2448 3138 2677 3210 quidem
2711 3151 2980 3193 sensuum
3034 3149 3264 3206 organa,
3299 3132 3499 3187 dei-nde
3549 3131 3715 3185 etiam

426 3217 554 3272 εἶτα
584 3220 685 3284 τὰς
725 3224 918 3292 χεῖρας
947 3222 1195 3288 καὶτοὺς
1228 3225 1399 3292 πόδας
1430 3227 1614 3283 αὐτῶν
1677 3230 1926 3287 διέϐαλεν
1948 3235 2021 3297 είς

2130 3245 2353 3294 manus,
2381 3237 2436 3285 et
2464 3228 2631 3301 pedes
2662 3226 3111 3284 insensibilitatis
3138 3232 3392 3290 accusat,
3419 3221 3718 3278 ostendens

426 3310 818 3379 ἀναισθησίαν,
864 3312 939 3377 ὡς
971 3312 1106 3384 ὕλην
1149 3314 1383 3386 ἄψυχον.
1419 3318 1664 3388 Ζητήσαι
1716 3318 1761 3374 δ’
1811 3321 1876 3375 ἄν
1910 3338 2018 3388 τις,

424 3402 542 3466 πῶς
583 3403 685 3456 οὐκ
717 3405 812 3456 ἐπὶ
839 3405 1113 3473 στόματος
1146 3409 1328 3463 αὐτῶν
1362 3403 1519 3465 εἶπεν
1577 3412 1662 3466 ὅτι
1695 3413 1755 3467 οὐ
1789 3415 2019 3482 γεύσον-

419 3510 547 3546 sar
584 3496 673 3548 ἵνα
713 3496 1001 3553 κάνταῦθα
1025 3500 1127 3571 τῆς
1155 3503 1501 3574 καταλλήλου
1523 3506 1838 3577 αἰσθήσεως
1890 3509 2005 3565 ἐπι-

425 3586 660 3657 μνησοῇ.
685 3588 844 3642 Δοκεῖ
866 3607 955 3661 μοι
976 3591 1105 3663 γὰρ,
1127 3592 1264 3647 διότι
1289 3594 1351 3650 τὸ
1373 3594 1473 3665 μὲν
1503 3596 1658 3668 ὁρᾷν,
1685 3598 1779 3651 καὶ
1802 3600 2026 3655 ἀκούειν

427 3679 523 3730 καὶ
550 3677 973 3749 ὀσφραίνεσθαι,
1005 3684 1103 3738 καὶ
1135 3685 1206 3739 τὰ
1249 3685 1436 3754 λοιπὰ,
1466 3687 1721 3757 λέγονται
1756 3690 2021 3757 πολλάκις

426 3768 521 3820 ἐπὶ
553 3768 727 3824 Θεοῦ⁸
784 3771 847 3825 τὸ
885 3772 944 3826 δὲ
991 3774 1220 3843 ἐσθίειν,
1256 3780 1322 3832 ού
1349 3779 1572 3850 λέγεται
1601 3782 1718 3836 ’διὸ
1758 3783 1879 3838 ἀντὶ
1920 3784 2020 3854 τῆς

420 3859 668 3926 γεύσεως
731 3865 822 3918 τὸν
893 3865 1051 3937 λόγον
1109 3871 1434 3943 παρέλαϐεο
1504 3878 1601 3929 καὶ
1654 3878 1875 3949 πρῶτον
1923 3881 2018 3932 καὶ

424 3949 680 4022 ὕστερον,
708 3955 783 4020 ὡς
805 3957 1085 4026 ἀπόδειξιν
1111 3962 1259 4033 ζωῆς
1293 3966 1727 4037 ἐναργεστάτην.

2131 3322 2267 3377 nihil
2291 3322 2439 3377 aliud
2458 3336 2583 3378 esse
2603 3336 2666 3376 ea
2702 3319 3019 3385 simulacra,
3035 3332 3197 3389 quam
3220 3317 3504 3371 materiam
3526 3315 3719 3385 quatit-

2129 3412 2255 3468 dam
2281 3414 2465 3468 anima
2491 3428 2727 3484 prorsus
2752 3421 2918 3482 atque
2943 3410 3145 3481 spiritu
3176 3405 3716 3473 carentem.Qua:rct

2131 3505 2335 3578 aliquis
2368 3504 2628 3568 fortasse,
2655 3520 2754 3559 cur
2777 3502 3056 3574 Propheta
3084 3510 3316 3558 caeteros
3351 3514 3552 3557 sensus
3582 3512 3709 3553 eor-

2133 3600 2284 3670 poris
2322 3599 2516 3654 ordine
2541 3596 2944 3669 percenseudo,
2974 3595 3041 3652 de
3063 3609 3229 3649 sensu
3263 3592 3378 3648 oris
3410 3607 3520 3648 non
3549 3590 3710 3657 dixit,

2130 3690 2413 3789 quod‘ere
2446 3705 2548 3746 suo
2593 3706 2705 3745 non
2749 3688 3076 3760 gustabunt,
3109 3685 3205 3742 sed
3238 3683 3398 3750 dixit,
3433 3682 3580 3753 quod
3616 3695 3716 3735 ore

2127 3800 2230 3841 suo
2272 3772 2381 3840 ιῗοη
2418 3784 2736 3856 loquentur.
2775 3780 2842 3835 Et
2874 3780 3091 3835 videtur
3139 3777 3273 3833 milti
3320 3791 3383 3831 ea
3414 3775 3628 3830 ratione
3656 3772 3711 3827 id

2124 3875 2336 3931 dictum
2385 3891 2495 3930 non
2532 3874 2729 3937 fuisse,
2777 3872 2909 3942 quia
2959 3871 3155 3925 audire
3200 3869 3443 3939 quidem,
3500 3864 3708 3928 videre,

2124 3969 2381 4035 odorare,
2421 3976 2476 4023 et
2517 3969 2755 4037 reliqua,
2790 3964 2898 4019 dici
2937 3963 3193 4018 videmus
3228 3971 3609 4029 smpenumero
3637 3956 3707 4015 de

424 4044 674 4114 θευοεθιί
709 4049 854 4116 quod
910 4049 1055 4106 Deus
1084 4055 1361 4118 comedat,
1418 4071 1691 4126 nusquam
1741 4058 1991 4128 legimus.
2035 4056 2237 4112 Verum
2273 4060 2399 4113 loco
2451 4069 2668 4129 gustus,
2718 4058 2903 4128 ipsum
2937 4068 3251 4111 sermonem
3320 4052 3490 4107 semel
3544 4058 3710 4119 atque

420 4136 621 4192 iterum
648 4139 732 4194 ori
784 4142 1059 4210 attribuit,
1119 4159 1231 4214 quo
1262 4146 1390 4216 quis
1422 4147 1607 4203 vivere
1641 4149 1995 4219 potissimum
2036 4150 2323 4220 probatur.

494 4233 726 4297 Ὅμοιοι
784 4233 994 4305 αὐτοῖς
1043 4234 1320 4303 γένοιντο
1378 4241 1434 4292 οἱ
1481 4240 1801 4306 ποιοῦντες
1833 4241 2007 4307 αὐτὰ,

422 4326 525 4382 καί
566 4328 786 4395 πάντες
839 4332 896 4384 οἱ
962 4333 1322 4401 πεποιθότες
1360 4335 1456 4388 ἐπ’
1507 4336 1733 4404 αὐτοῖς.
1791 4336 2013 4408 Ὅμοιοι

422 4422 634 4484 αὐτοῖς,
690 4423 894 4493 κωφοὶ,
967 4426 1064 4478 καὶ
1122 4427 1467 4500 ἀναίσθητοι,
1507 4431 1603 4485 καὶ
1635 4434 2011 4506 ἀνενέργητοι.

432 4514 596 4568 Ἀλλὰ
622 4515 693 4568 τὰ
727 4517 828 4587 μὲν
884 4518 1086 4573 εἴδωλα
1144 4521 1255 4576 τῶν
1303 4522 1476 4578 ἐθνῶν
1535 4525 1786 4589 τοιαῦτα,
1820 4530 1915 4581 καὶ
1961 4528 2013 4581 oi

416 4607 686 4674 τιμῶντες
754 4606 828 4660 τὰ
884 4610 1023 4664 αὐτὰ
1063 4610 1237 4677 οὕτως
1293 4614 1534 4687 ἀνόητοι,
1574 4617 1845 4688 μηδεμιᾶς
1889 4619 2015 4673 ἄπι-

415 4698 643 4768 κουρὶας
696 4699 875 4751 αὐτῶν
908 4700 1278 4768 ἀπολαύοντες
1304 4720 1319 4735 ⁸
1371 4707 1537 4777 ἡμεῖς
1585 4708 1642 4762 δὲ
1677 4709 1775 4782 οὐχ
1818 4708 2010 4773 οὕτως.

490 4786 668 4855 οἶκος
738 4792 987 4861 Ἰσραὴλ
1035 4793 1306 4862 ἤλπισεν
1370 4798 1467 4853 ἐπὶ
1496 4801 1722 4868 Κύριον
1751 4801 2013 4869 ’,ϐοηθὸς

417 4882 519 4934 καί
580 4883 1055 4952 ὑπερασπιστὴς
1109 4889 1312 4945 αὐτῶν
1342 4892 1534 4948 ἐστιν.
1579 4890 1754 4960 Οἶκος
1796 4895 2012 4961 Ἀαρὼν

415 4972 691 5043 ἤλπισεν
736 4976 839 5035 ἐπὶ
870 4980 1105 5048 Κύριον·
1144 4983 1378 5049 ,βοηθὸς
1419 4985 1520 5040 καὶ
1543 4988 2010 5057 ὑπερασπιστὴς

413 5068 618 5123 αὐτῶν
648 5070 842 5126 ἐστιν.
881 5075 947 5127 Οἱ
972 5075 1336 5146 φοϐούμενοι
1360 5080 1471 5133 τὸν
1486 5081 1708 5149 Κύριον
1729 5080 2009 5151 ἤλπισαν

415 5159 515 5215 ἐπὶ
547 5161 770 5232 Κύριον
799 5179 817 5197 ο
851 5167 1091 5236 ,Βοηθὸς
1138 5169 1239 5223 καί
1294 5172 1764 5242 ὑπερασπιστὴς
1806 5175 2008 5231 αὐτῶν

417 5249 574 5306 ἐστι.
623 5254 701 5306 Οὐ
763 5254 967 5326 μάτην,
1029 5258 1222 5329 φησιν,
1272 5259 1591 5332 ἠλπίσαμεν
1632 5264 1728 5316 ἐπὶ
1776 5265 2002 5335 Κύριον,

420 5341 612 5413 βοηθεῖ
638 5344 751 5417 γὰρ
782 5348 879 5401 καὶ
934 5349 1305 5422 ὑπερασπίζει
1347 5353 1526 5424 ἡμῶν.
1558 5357 1773 5427 Διαιρεῖ
1811 5355 1869 5411 δὲ
1912 5358 2005 5413 τὸν

418 5432 550 5487 λαὸν
577 5434 673 5489 τοῦ
703 5435 865 5501 Θεοῦ,
894 5439 976 5503 εἷς
1006 5456 1067 5493 τε
1094 5440 1187 5495 τὸν
1218 5440 1410 5506 ἁπλῶς
1452 5442 1693 5515 Ἰσραὴλ,
1715 5446 1810 5500 καὶ
1835 5448 1917 5510 είς
1943 5448 2004 5502 τὸ

419 5524 695 5596 ἱερατικὸν
735 5527 916 5598 γένος,
969 5532 1066 5586 καὶ
1097 5532 1177 5597 είς
1214 5534 1343 5598 τοὺς
1364 5536 1762 5607 -προσηλύτους
1790 5553 1807 5569 -
1853 5535 2004 5597 οἶκον

426 5614 527 5684 μὲν
601 5617 823 5690 Ἰσραὴλ
870 5621 1177 5692 ὀνομάζων,
1231 5624 1359 5688 τοὺς
1393 5625 1583 5691 ἁπλῶς
1634 5627 2001 5700 Ἰσραηλίτας,

418 5704 516 5771 οὓς
565 5708 664 5763 καὶ
709 5711 1026 5781 προτάττει,
1057 5713 1149 5769 διὰ
1177 5716 1238 5772 τὺ
1263 5716 1469 5787 πλῆθος
1506 5718 1691 5775 αὐτῶν
1712 5735 1725 5752 ο
1764 5718 1913 5777 οἶκον
1942 5724 2003 5780 δὲ

416 5798 655 5869 Ἀαρὼν,
715 5803 778 5856 τὸ
811 5804 1091 5876 ἱερατικὸν
1112 5807 1271 5877 γένος
1292 5826 1305 5840 ·
1342 5810 1451 5882 πρὸ
1498 5811 1723 5867 πάντων
1755 5815 1863 5886 γὰρ
1899 5817 2001 5869 αὐ-

421 5887 512 5954 τὸς
568 5889 880 5964 ίεράτευσε,
928 5896 1025 5952 καὶ
1084 5896 1280 5967 γέγονε
1339 5901 1466 5977 ῥίζα
1508 5902 1619 5959 τῶν
1652 5904 1773 5967 μετ’
1800 5905 1992 5963 αὐτόν’

2198 4238 2362 4295 Vsus.
2402 4240 2456 4293 8.
2486 4237 2703 4293 Similes
2727 4238 2863 4306 ﬁant
2892 4237 2992 4299 eis,
3020 4236 3111 4306 qui
3147 4234 3359 4304 faciunt
3387 4249 3474 4299 ea,
3506 4241 3555 4287 et
3591 4248 3705 4286 om-

2118 4349 2231 4398 nes,
2256 4333 2349 4403 qui
2375 4329 2652 4400 conﬁdunt
2685 4329 2738 4383 in
2782 4331 2883 4383 eis.
2924 4327 3148 4383 Similes
3179 4327 3262 4381 eis
3311 4325 3445 4385 ﬁant
3487 4340 3502 4380 :
3545 4322 3702 4378 surdi

2118 4424 2335 4480 scilicet
2360 4437 2424 4478 ac
2448 4423 2571 4478 sine
2601 4420 2863 4477 ellicacia.
2904 4419 3112 4475 Verum
3137 4415 3537 4501 idolaquidem
3565 4430 3703 4486 gen-

2123 4517 2260 4572 tium
2292 4514 2610 4587 huiusmodi
2635 4522 2786 4579 sunt,
2819 4520 2875 4570 et
2906 4513 2999 4584 qui
3028 4526 3091 4567 ea
3125 4510 3340 4576 colunt,
3376 4509 3483 4565 hoc
3515 4518 3700 4578 pacto,

2120 4617 2181 4664 ut
2207 4609 2472 4676 diximus,
2500 4617 2630 4664 sunt
2654 4606 2812 4671 fatui,
2861 4615 2920 4661 ut
2948 4619 3014 4661 ea
3039 4610 3394 4669 venerentur,
3440 4617 3469 4656 a
3497 4601 3702 4659 auibus

2117 4701 2252 4756 nihil
2279 4701 2399 4774 epis
2424 4701 2651 4771 capiunt
2679 4716 2693 4754 :
2728 4713 2829 4754 nos
2867 4712 2998 4753 vero
3028 4712 3138 4753 non
3170 4695 3277 4753 sic.

2187 4792 2357 4850 Vsus.
2397 4794 2561 4852 9-H.
2604 4791 2807 4848 Domus
2847 4789 3029 4847 Israel
3090 4790 3323 4860 speravit
3358 4787 3412 4842 in
3448 4786 3699 4850 Domino,

2112 4884 2352 4955 adiutor,
2380 4893 2429 4939 et
2466 4893 2734 4953 protector
2780 4897 2960 4936 eorum
2986 4889 3063 4936 est
3096 4896 3116 4936 :
3146 4880 3337 4934 domus
3363 4879 3547 4932 Aaron
3581 4890 3702 4943 spe-

2114 4978 2255 5032 rauit
2287 4981 2337 5032 in
2385 4977 2636 5043 Domino,
2689 4977 2935 5047 adjutor,
2968 4984 3018 5030 et
3043 4985 3311 5045 pratector
3339 4988 3524 5027 eorum
3566 4979 3647 5025 est
3676 4984 3698 5027 ε

2108 5073 2200 5143 qui
2233 5071 2416 5126 timent
2435 5071 2724 5127 Dominum
2740 5079 3080 5141 speraverant
3104 5071 3158 5123 in
3180 5059 3429 5131 Domino,
3455 5065 3691 5136 adjutor,

2108 5174 2159 5222 et
2187 5173 2458 5235 protector
2507 5182 2693 5221 eorum
2718 5173 2824 5220 est.
2856 5163 2977 5218 Non
3006 5162 3234 5223 frustra,
3269 5159 3471 5230 inquit,
3505 5173 3697 5227 spera—

2108 5242 2291 5317 bimus
2321 5262 2377 5316 in
2404 5261 2663 5326 Domino,
2720 5260 2811 5330 qui
2840 5273 3000 5329 opem
3039 5256 3265 5313 assidue
3317 5253 3478 5308 nobis
3534 5269 3693 5308 suam

2107 5361 2355 5425 praestat,
2394 5354 2491 5426 qui
2546 5354 2699 5410 fovet
2734 5367 2856 5408 nos.
2890 5351 2948 5405 In
2985 5350 3263 5419 triplicem
3321 5356 3506 5401 autem
3539 5344 3693 5399 ordi-

2105 5461 2233 5501 nem
2290 5446 2617 5504 universum
2647 5445 2742 5501 Dei
2799 5442 3061 5514 populum
3103 5439 3380 5501 distinxit,
3416 5438 3469 5490 in
3510 5436 3690 5506 ipsum

2106 5538 2321 5594 scilicet
2349 5538 2543 5605 Israel,
2588 5539 2644 5594 in
2677 5535 3032 5594 sacerdotale
3065 5548 3261 5603 genus,
3291 5539 3459 5601 atque
3482 5529 3535 5584 in
3562 5543 3694 5599 pro-

2105 5631 2313 5703 selytos
2342 5647 2358 5687 :
2396 5647 2495 5703 per
2534 5632 2760 5687 domum
2795 5630 3016 5701 quidem
3050 5625 3220 5683 Israel
3254 5626 3308 5680 in
3345 5623 3689 5689 universum,

2104 5723 2420 5781 Iudaeorum
2477 5726 2746 5797 pepulum
2798 5723 3125 5794 significans
3164 5737 3180 5774 :
3215 5730 3269 5775 et
3300 5717 3545 5780 Levitas,
3593 5730 3691 5786 per

2107 5815 2332 5870 domum
2368 5817 2576 5882 Aaron,
2630 5817 2723 5887 qui
2763 5816 2979 5888 primus
3018 5810 3265 5867 omnium
3316 5805 3687 5865 sacerdotium

2108 5905 2539 5967 administravit.
2569 5915 2625 5964 et
2650 5915 2980 5964 czeterorutn
3036 5914 3159 5965 post
3223 5915 3285 5960 se
3334 5895 3686 5957 sacerdotum
