4052 6436
307 460 441 527 1113

1465 468 1613 529 (ΪΟΜ
1628 470 1853 531 lIENT.
1909 471 1989 529 ΙΝ
2036 469 2397 531 PS.\L\IO§.

3425 462 3567 530 1118

302 579 477 650 prima
515 594 745 648 persona
783 581 917 635 d'xit
947 599 961 637 :
996 580 1110 637 Nos
1133 584 1224 654 qui
1254 584 1498 649 vicimus,
1550 586 1678 641 illus
1706 584 2019 652 signiﬁcare
2057 587 2249 647 voluit,
2277 584 2368 654 qui
2396 582 2480 638 sui
2510 583 2688 638 instar
2747 580 2915 637 claris
2956 586 3140 637 essent
3179 579 3397 653 praediti
3447 580 3569 637 vir-

301 671 542 725 tutibns.

915 771 1298 837 Ἀλληλούΐα.

831 858 1131 913 ΨΑΛΜΟΣ
1201 860 1346 917 ΡΙΔ’.

380 947 857 1018 Εὑχαριστήριος
902 952 1001 1006 καὶ
1022 949 1203 1020 οὗτος
1227 958 1260 1008 ὁ
1288 956 1556 1027 ψαλμός.

373 1128 713 1197 Ἠγάπηονα,
741 1131 828 1186 ὅτι
846 1135 1269 1190 εἰσακούονεται
1292 1137 1507 1205 Κύριος
1540 1135 1653 1206 τῆς
1678 1136 1886 1208 φωνῆς

302 1221 416 1290 τῆς
435 1220 701 1290 δεήσεώς
737 1243 880 1294 μου.
917 1226 1248 1299 Εὐφράνθην
1277 1227 1338 1283 ὲν
1363 1228 1562 1298 τούτῳ.

373 1403 497 1457 Ὅτι
521 1403 724 1460 ἔκλινε
752 1406 817 1461 τὸ
855 1401 966 1475 οὖς
1016 1409 1205 1464 αὐτοῦ
1249 1409 1402 1481 ἐμοι.
1457 1410 1597 1482 Περὶ
1652 1411 1886 1476 κλίσεως

298 1496 442 1560 ὠτὸς
472 1498 779 1569 εἰρήκαμεν
839 1502 899 1556 ἐν
921 1501 999 1573 τῷ
1029 1500 1109 1569 ις’
1175 1503 1403 1578 ψαλμῷ,
1450 1504 1581 1560 ἔνθα
1625 1506 1708 1574 τὸ,
1741 1504 1887 1561 K1?-

297 1606 416 1643 νον
445 1590 511 1643 τὸ
544 1585 657 1658 οὖς
686 1608 806 1647 σου
829 1589 983 1662 ἐλιοί.

372 1680 487 1737 Kal
511 1683 583 1737 ἐν
629 1684 757 1750 ταῖς
803 1686 1052 1754 ἡμέραις
1089 1705 1212 1757 μου
1259 1688 1715 1761 ἐπικαλέσομαι.
1772 1690 1885 1744 Καὶ

299 1773 360 1825 ὲν
394 1777 516 1837 ταῖς
545 1774 787 1845 ἡμέραις
817 1779 1025 1842 πάσαις
1055 1779 1156 1849 τῆς
1177 1779 1326 1851 ζωῆς
1357 1799 1482 1852 μου.

371 1868 712 1937 Περιέσχον
737 1885 814 1937 με
851 1870 1062 1937 ὠδῖνες
1087 1872 1370 1937 θανάτου,
1412 1874 1686 1929 κίνδυνοι
1731 1875 1882 1942 ᾅδου

295 1959 569 2027 εὔροονὰν
602 1977 696 2028 με,
768 1964 982 2030 θλίψιν
1007 1965 1109 2018 καὶ
1154 1965 1383 2034 ὀδύνην
1408 1964 1612 2036 εὖρον,
1668 1967 1768 2022 καὶ
1814 1968 1882 2022 τὸ

297 2051 493 2120 ὄνομα
539 2053 764 2120 Κυρίου
795 2054 1294 2130 ἐπεκαλεσὰμην.
1330 2059 1736 2131 ’Ὑπολαμϐάνω
1758 2076 1875 2113 συν-

295 2141 413 2207 ῳδὰ
472 2144 702 2197 τοιαῦτα
763 2141 1040 2213 εἶναιτοῖς
1068 2151 1126 2202 ἐν
1175 2150 1253 2220 τῷ
1281 2150 1344 2215 ιζ’
1382 2151 1585 2222 ψαλμῷ
1642 2152 1883 2222 ρηθεῖσι⁶

296 2234 568 2305 φησὶγὰρ
589 2237 708 2290 ἐκεῖ
747 2239 869 2308 μὲν,
910 2241 1234 2309 Ἀγαπήσω
1257 2259 1352 2307 σε,
1397 2245 1589 2311 Κύρων
1627 2239 1747 2297 εἶτα
1786 2244 1883 2297 καὶ

291 2325 398 2394 τὴν
422 2326 605 2380 αὶτὶαν
639 2329 971 2401 προστίθησι
1004 2332 1075 2385 δι’
1103 2332 1172 2401 ἣν
1195 2334 1359 2386 αὑτὸν
1383 2334 1699 2405 ἀγαπήσει·
1735 2333 1882 2402 λέγει

295 2417 434 2489 τᾶρ’
460 2418 581 2472 Ὀτι
602 2418 913 2488 ἐνισχύεις
938 2441 1034 2492 με,
1062 2424 1151 2478 ὅτι
1174 2426 1444 2492 στερεοῖς
1462 2443 1560 2495 με.
1592 2427 1681 2481 ὅτι
1707 2443 1884 2481 κατα⁸

291 2507 465 2577 φυγή
490 2527 610 2578 μου
641 2507 716 2578 εἶ,
747 2512 933 2567 καὶτὰ
961 2515 1207 2569 τοιαῦτα.
1269 2517 1501 2571 Ἔπειτα
1548 2519 1770 2585 ἐπάγει,
1799 2520 1882 2574 ὅτι

291 2603 398 2657 καὶ
458 2604 541 2657 ἔτι
595 2605 1066 2675 Ἐπικαλέσομαι
1114 2607 1222 2661 τὸν
1266 2610 1506 2677 Κύριον.
1571 2606 1883 2674 Εἶθόὖτως

291 2695 576 2766 διηγεῖται
592 2697 692 2760 τὰς
732 2714 951 2769 συμφορ
963 2698 1050 2762 ὰς,
1073 2693 1162 2763 αἷς
1193 2701 1510 2771 περιπεσὼν
1534 2703 1628 2755 καὶ
1655 2702 1880 2767 θλιὸεὶς,

293 2789 682 2847 ἐπεκαλέσατο
715 2790 806 2843 τὸν
836 2792 1066 2861 Κύριον,
1094 2794 1190 2846 καὶ
1219 2794 1572 2865 εἰσηκούσθη.
1617 2795 1885 2849 Ἐνταῦθα

290 2881 347 2933 δὲ
416 2879 488 2933 τὰ
539 2881 679 2935 αὐτὰ
717 2883 880 2937 πάλιν
907 2901 921 2916 ·
976 2886 1286 2953 Ἠγάπησα
1321 2886 1410 2939 ὅτι
1438 2888 1883 2952 εἰσακούσεται,

295 2974 428 3026 ἀντὶ
447 2972 543 3026 τοῦ
579 2973 945 3039 Εὶσήκουονε,
974 2976 1259 3043 δεηθέντος
1292 2996 1393 3046 μου
1422 2977 1489 3048 ’ἢ
1521 2978 1602 3031 ὅτι
1627 2976 1884 3031 εὶσακούυ

298 3081 460 3117 σεται
523 3065 620 3119 καὶ
665 3065 782 3120 ἔτι·
842 3068 1134 3136 εἱσήκουσε
1187 3069 1298 3137 γὰρ
1332 3069 1467 3121 νῦνο
1515 3069 1662 3123 αἰτία
1692 3068 1749 3122 δὲ
1785 3069 1885 3134 τῆς

298 3156 553 3224 ἀγάπης,
581 3155 665 3222 τὸ,
688 3158 772 3211 ὅτι
808 3158 1217 3214 εἰσακούσεται.
1256 3161 1489 3213 Ἔπειτα
1512 3159 1712 3229 ὁμοίως
1743 3160 1882 3211 ὲπά-

298 3264 384 3316 γει
422 3248 509 3299 ὅτι
539 3245 650 3302 Kal
679 3249 748 3302 ἐν
774 3249 905 3316 ταῖς
927 3250 1175 3319 ἡμέραις
1197 3269 1337 3319 μου,
1357 3254 1482 3315 ταῖς
1504 3250 1657 3322 ἑξῆς,
1678 3251 1884 3305 ἐπικα-

293 3341 578 3409 λέσομαι.
600 3338 717 3394 Εἶθ’
737 3340 934 3406 οὔτως,
960 3342 1213 3414 καθάπερ
1239 3344 1496 3414 ἐποίησεν
1516 3346 1652 3409 ἐκεῖ,
1679 3344 1887 3414 διηγεῖ-

293 3451 382 3488 ται
406 3434 511 3496 τὰς
552 3435 865 3505 συμφορὰς,
890 3430 981 3499 αἶς
1018 3436 1333 3506 περιπεσὼν
1362 3439 1460 3491 καὶ
1493 3436 1720 3501 θλιϐεὶς,
1753 3440 1882 3490 ἐπε-

293 3528 572 3594 καλέσατο
604 3526 765 3579 πάλιν
810 3526 903 3580 τὸν
937 3526 1163 3596 Κύριον,
1196 3529 1291 3581 καὶ
1320 3528 1566 3600 ἐρρύσθη
1597 3529 1844 3598 δηλονότι
1867 3544 1880 3558 ·

2659 766 2908 821 Alleluia.

2504 858 2832 915 PSALMUS
2883 858 3067 915 CXIV.

2059 954 2161 1009 llic
2194 951 2443 1024 psalmus
2477 952 2648 1008 simili
2678 953 2840 1007 modo
2876 953 2929 1005 in
2959 953 3260 1023 gratiarum
3291 952 3567 1009 actionem

1988 1046 2087 1101 fuit
2127 1046 2488 1114 compositus.

2057 1136 2224 1194 Vens.
2261 1136 2314 1193 1.
2342 1137 2526 1192 Dilexi
2550 1137 2809 1208 quoniam
2832 1137 3082 1191 exaudiet
3106 1136 3361 1191 Dominus
3393 1150 3568 1190 vocent

1988 1229 2252 1283 orationis
2284 1244 2435 1284 mete.
2474 1228 2589 1283 Hac
2618 1230 2687 1285 de
2714 1243 2910 1296 causa,
2946 1228 3144 1301 inquit,
3179 1228 3392 1285 laetatus
3419 1243 3567 1295 sum,

1987 1320 2113 1392 quia
2144 1322 2421 1385 exaudiet,
2462 1330 2570 1377 etc.

2064 1415 2235 1473 Vens.
2258 1417 2315 1470 2.
2351 1413 2491 1482 Quia
2516 1413 2789 1468 inclinavit
2814 1428 2995 1468 aurem
3027 1428 3181 1467 suam
3204 1410 3353 1467 mihi.
3388 1409 3461 1464 De
3485 1408 3573 1465 in-

1988 1510 2293 1567 clinatione
2333 1508 2483 1562 auris
2518 1505 2637 1570 Dei,
2668 1505 2915 1562 diximus
2943 1506 2999 1560 in
3032 1505 3249 1576 psalmo
3299 1519 3413 1568 xw,
3442 1501 3519 1558 ibi
3552 1517 3568 1556 :

1989 1603 2205 1660 Inclina
2243 1616 2428 1656 aurem
2467 1608 2612 1653 tuam
2643 1598 2797 1655 mihi.
2850 1614 2867 1625 κ

2062 1698 2133 1750 lit
2170 1697 2223 1751 in
2253 1694 2433 1748 diebus
2469 1695 2596 1747 meis
2618 1691 2901 1747 invocabo.
2937 1690 3169 1746 Cunctis
3208 1688 3419 1746 scilicet
3456 1687 3572 1743 dic-

1985 1789 2092 1846 bus
2129 1789 2258 1841 vitae
2290 1801 2443 1839 meae.

2059 1883 2229 1938 Vens.
2269 1884 2322 1945 5,
2350 1882 2402 1935 ι.
2438 1877 2910 1934 Circumdederuftt
2945 1894 3025 1930 me
3055 1877 3263 1929 dolores
3292 1874 3498 1936 mortis,
3518 1878 3569 1926 et

1983 1974 2223 2045 pericula
2245 1973 2436 2043 inferni
2463 1971 2772 2024 invenerunt
2804 1984 2885 2020 me
2906 2006 2920 2030 ,
2950 1965 3345 2020 tribulationem
3387 1972 3435 2017 et
3478 1964 3577 2014 do-

1987 2067 2152 2121 lorem
2194 2064 2405 2129 inreni,
2450 2072 2499 2116 et
2545 2075 2732 2114 nomen
2765 2058 2980 2110 Domini
3019 2055 3278 2109 invocavi.
3300 2053 3572 2132 Videntur

1993 2163 2107 2215 haec
2135 2167 2503 2213 consentanea
2554 2167 2676 2207 esse
2711 2152 2779 2205 iis
2810 2166 2931 2219 quae
2965 2150 3235 2203 habentur
3270 2146 3323 2199 in
3363 2144 3572 2214 psalth

1992 2265 2137 2313 xvn,
2178 2249 2270 2302 nhi
2313 2247 2390 2300 ait
2426 2244 2698 2312 Propheta
2745 2260 2759 2296 :
2812 2241 3042 2309 Diligom
3094 2247 3178 2301 te,
3209 2238 3472 2300 Domine;
3521 2243 3575 2287 et

1991 2342 2185 2397 deinde
2234 2339 2388 2394 addit
2429 2351 2678 2398 causam,
2722 2349 2823 2387 cur
2857 2332 3164 2385 dilectnrns
3195 2329 3286 2392 sit,
3332 2328 3523 2381 dicens
3558 2342 3572 2376 :

1992 2435 2256 2501 Quoniam
2281 2440 2337 2483 tu
2373 2428 2635 2498 fortiﬁcas
2669 2433 2716 2480 et
2743 2425 3025 2492 conﬁrmas
3055 2438 3135 2475 me
3160 2438 3178 2478 :
3201 2421 3277 2475 Tu
3303 2421 3467 2483 enim,
3487 2420 3573 2472 in-
3684 2467 3701 2477 ,

1991 2525 2130 2593 quit,
2169 2523 2427 2591 fortitudo
2461 2536 2598 2582 mea,
2630 2528 2678 2571 et
2709 2517 3105 2585 ﬁrmamentum
3133 2529 3326 2574 meum,
3349 2522 3397 2566 et
3426 2511 3576 2579 rein-

1989 2618 2132 2687 gium
2155 2632 2347 2675 meum,
2375 2626 2429 2666 et
2463 2614 2568 2667 alia
2603 2609 2941 2681 huiusmodi.
2967 2607 3033 2660 Et
3068 2608 3227 2676 paulo
3255 2617 3373 2675 post
3398 2603 3579 2656 :Lau—

1991 2708 2127 2761 dans
2154 2704 2402 2760 invocabo
2442 2702 2752 2756 Dominum.
2785 2699 2853 2752 Et
2896 2705 3087 2752 narrat
3116 2696 3481 2759 calamitates,
3519 2696 3573 2746 in

1992 2813 2130 2869 quas
2160 2798 2288 2851 olim
2324 2796 2613 2859 inciderat,
2656 2801 2711 2847 et
2740 2804 2976 2859 quarum
3027 2788 3170 2843 mole
3200 2786 3458 2849 atllictus,
3490 2785 3577 2838 in-

1991 2903 2227 2946 vocasse
2260 2903 2321 2944 se
2360 2889 2650 2943 Dominum
2701 2887 2859 2947 dicit,
2893 2892 2951 2939 et
2990 2882 3306 2937 exauditam
3341 2894 3485 2933 esse.
3518 2877 3577 2932 ιιι

1991 2982 2249 3053 praesenti
2290 2982 2458 3051 igitur
2501 2979 2716 3049 psalmo
2760 2975 3037 3046 Propheta
3074 2972 3347 3028 consimili
3406 2971 3581 3024 utitur

1993 3074 2247 3144 loquendi
2284 3072 2466 3137 modo,
2499 3073 2692 3126 dicens
2722 3088 2738 3124 :
2773 3056 2950 3123 Dilexi
2998 3067 3251 3138 quoniam
3290 3079 3372 3117 me
3412 3076 3581 3116 oran-

1993 3175 2099 3221 tem
2134 3165 2393 3220 Dominus
2438 3161 2712 3227 exaudiet,
2765 3175 2890 3230 pro,
2935 3157 3248 3222 exaudivit;
3295 3155 3403 3219 vel,
3451 3151 3580 3222 quia

1990 3257 2346 3326 itnposterum
2365 3251 2645 3317 exaudiet,
2676 3264 2804 3305 nam
2835 3255 2892 3303 et
2908 3261 3058 3302 nunc
3079 3245 3244 3301 etiam
3268 3240 3576 3298 exaudivit.

1991 3349 2146 3404 lianc
2172 3348 2320 3403 enim
2353 3344 2670 3401 dilectionis
2705 3357 2820 3398 suae
2868 3354 3095 3396 causam
3131 3337 3330 3392 reddit.
3373 3333 3581 3390 Deinde

1992 3448 2116 3512 post
2150 3439 2316 3495 verba
2352 3439 2444 3493 illa
2478 3453 2492 3491 :
2527 3435 2598 3491 Et
2626 3437 2685 3491 in
2715 3434 2900 3491 diebus
2942 3433 3069 3487 meis
3089 3428 3362 3495 invocabo,
3386 3439 3582 3496 quem-

1987 3531 2284 3588 admodum
2316 3533 2372 3585 in
2409 3529 2676 3601 praedicto
2703 3526 2938 3598 psalmo,
2973 3529 3167 3578 narrat
3209 3518 3578 3583 calamitates,

290 3622 380 3675 οιὰ
402 3619 570 3675 τοῦτο
599 3622 710 3690 γὰρ
749 3616 928 3685 εἶπεν,
990 3624 1074 3676 ὅτι
1108 3622 1428 3692 Ἠγάπηονα
1452 3639 1465 3654 ⁸
1521 3622 1797 3691 ὀνομάσας
1826 3621 1884 3675 δὲ

1991 3628 2060 3680 oh
2091 3641 2228 3696 quas
2268 3623 2403 3679 dicit
2434 3639 2493 3679 se
2518 3622 2811 3678 invocasse
2839 3619 3156 3683 Dominum,
3189 3623 3245 3671 et
3271 3614 3570 3669 liberatum

291 3713 495 3777 ὠδῖνας
529 3714 762 3769 Θανάτου
801 3718 895 3769 καὶ
938 3715 1221 3779 κινδύνους
1269 3714 1420 3787 ᾅδου,
1469 3716 1884 3786 ἐφηρμήνευσεν

1993 3717 2190 3782 fuisse,
2229 3725 2285 3773 et
2330 3718 2493 3787 cujus
2545 3714 2895 3771 liherationis
2937 3721 3114 3784 gratia
3163 3708 3347 3765 dixit:
3377 3703 3578 3768 Ditexi,

290 3806 465 3871 αὐτὰ,
489 3806 715 3875 ἐπάγων
735 3824 751 3840 ο
784 3809 1008 3875 Θλίψιν
1071 3808 1168 3860 καὶ
1197 3808 1427 3873 ὀδύνην
1455 3803 1656 3874 εὗρον.
1726 3807 1884 3876 Εἴρη-

1995 3815 2133 3874 etc.,
2165 3814 2221 3862 et
2254 3807 2385 3877 quia
2416 3804 2708 3861 doloribus
2748 3802 2964 3866 mortis,
2995 3809 3051 3857 et
3078 3798 3277 3855 inferni
3318 3792 3582 3866 periculis

290 3915 383 3953 ται
415 3899 472 3952 δὲ
487 3899 618 3971 περ)⁵
642 3900 824 3953 αὐτῶν
849 3898 1185 3971 πλατύτερον
1209 3902 1269 3953 ἐν
1322 3901 1400 3970 τῷ
1420 3901 1643 3970 ῥηθέντι
1672 3898 1884 3969 ψαλμῷ.

1991 3899 2135 3954 dixit
2163 3914 2223 3955 se
2259 3899 2434 3955 fuisse
2463 3897 2895 3959 circumdatum,
2928 3892 2998 3947 ad
3028 3888 3350 3961 huiusmodi
3381 3886 3582 3940 verbo-

294 4008 419 4048 rum
455 3993 882 4048 declarationem
912 3992 1141 4057 addidit,
1174 3992 1403 4048 dicens:
1431 3992 1844 4045 Tribulationem
1887 4000 1935 4043 et
1995 3990 2235 4045 dolorem
2258 3987 2455 4044 inveni.
2482 3987 2591 4042 Sed
2620 3986 2688 4040 de
2715 3986 2801 4039 his
2834 3984 3052 4053 plenius
3087 3984 3142 4037 in
3216 3995 3360 4050 saepe
3414 3979 3567 4032 dicto

295 4084 512 4157 psalmo
539 4083 744 4140 dictum
784 4093 890 4138 est.
1672 4150 1677 4157 ι
2838 4081 2847 4087 '

361 4178 444 4236 Ὦ
462 4180 661 4249 Κύριε,
686 4179 876 4248 ῥῦσαι
906 4181 1022 4248 τὴν
1051 4182 1266 4250 ψυχην
1287 4197 1428 4250 μου.
1475 4179 1597 4234 Ἔτι
1623 4180 1720 4233 καὶ
1770 4179 1877 4243 ἔτι,

293 4274 408 4328 ἀπὸ
437 4273 549 4325 τῶν
579 4271 889 4343 μελλόντων
926 4271 1137 4326 κακῶν.

365 4363 681 4432 Ἐλελήμων
719 4365 753 4417 ὁ
799 4365 1016 4430 Κύριος
1062 4364 1159 4416 καὶ
1216 4362 1469 4429 δίκαιος.
1516 4363 1612 4417 καὶ
1661 4367 1694 4418 ό
1739 4363 1883 4430 Θεὸς

295 4458 469 4527 ἡμῶν
487 4456 814 4525 ἐλεεῒ.”ορα
833 4456 950 4516 πῶς
981 4455 1229 4509 παιδεύει
1260 4456 1351 4509 τὸν
1382 4457 1679 4527 ἀκροατήν.
1724 4458 1881 4510 Ἐλε-

296 4552 491 4620 ήμων,
527 4548 685 4618 φησὶ,
723 4548 798 4618 μὴ
830 4547 1082 4618 ἀπογνῷς
1107 4549 1454 4617 ἁμαρτήσας·
1493 4547 1629 4600 ἀλλὰ
1668 4547 1762 4601 καὶ
1803 4546 1882 4600 δί-

298 4660 479 4707 καιος,
538 4640 737 4711 μὴ,τῷ
805 4639 947 4692 ἐλέει
1001 4639 1169 4692 αὑτοῦ
1224 4638 1526 4710 θαρρήσας,
1583 4639 1884 4711 ἀναπέσῃς.

299 4732 435 4788 Εἶτα
455 4733 671 4796 δεικνὺς
694 4734 784 4787 τὸν
799 4731 955 4795 Θεὸν,
983 4732 1351 4803 ἑπιρῤεπέστε
1362 4749 1454 4801 ρον
1473 4734 1551 4794 εἰς
1579 4730 1887 4800 φιλανθρω-

300 4828 454 4889 πίαν,
479 4825 842 4896 προσέθηκεν,
885 4825 968 4877 ὅτι
1019 4822 1127 4880 Kal
1161 4826 1193 4878 ό
1224 4825 1369 4889 Θεὸς
1408 4822 1580 4893 ἡμῶν
1601 4821 1780 4877 ἐλεεῖ.
1812 4821 1885 4874 Τὸ

301 4920 360 4970 δὲ
418 4918 481 4972 Ὀ
513 4917 659 4982 Θεὸς
697 4915 896 4985 ἡμῶν,
932 4915 1070 4987 πρὸς
1094 4915 1509 4987 ἀντιδιαστολὴν
1540 4914 1884 4988 εἴρηταιτῶν

303 5009 455 5081 παρὰ
488 5012 600 5072 τοῖς
626 5009 804 5061 ἔθνεσι
835 5007 993 5062 θεῶν.

379 5267 729 5322 Φυλάσσων
758 5264 828 5319 τὰ
866 5267 1054 5334 νήπια
1104 5269 1137 5320 ό
1176 5268 1416 5335 Κύριος.
1455 5268 1886 5334 Συνεξακούεται

304 5362 366 5414 τὸ
387 5362 578 5414 ἐστίν.
631 5361 824 5430 ’Υμνεῖ
861 5359 971 5432 γὰρ
1002 5362 1096 5413 καὶ
1130 5362 1335 5431 ταύτην
1371 5363 1536 5415 αὑτοῦ
1595 5365 1694 5434 τὴν
1754 5364 1887 5433 πρό-

307 5471 477 5508 νοιαν.
504 5455 568 5507 Ei
600 5453 710 5525 γὰρ
738 5453 812 5524 μὴ
847 5454 985 5526 αὐτὴ
1013 5454 1280 5522 ἐφύλαξεν
1309 5456 1562 5520 ἕκαστον,
1597 5458 1795 5529 ῥᾳδίως
1824 5457 1889 5511 ἂν

311 5553 405 5600 καὶ
435 5548 559 5615 ὄφις
594 5547 798 5611 ἀνεῖλε,
831 5550 923 5600 καὶ
956 5549 1238 5619 σκορπίος,
1265 5549 1360 5602 καὶ
1385 5549 1553 5603 πολλὰ
1582 5552 1690 5603 τῶν
1719 5553 1884 5619 ἑρπε-

308 5640 420 5689 τῶν
450 5639 585 5692 ἰοὸὁὶ
598 5657 697 5704 ων,
721 5639 818 5694 καὶ
838 5643 1052 5710 ταχέως
1071 5641 1137 5694 ἂν
1158 5641 1537 5705 ἀπολώλεισαν
1568 5645 1647 5706 εἰς
1664 5644 1891 5713 βόθρους

310 5731 407 5782 καὶ
480 5733 764 5802 κρημνοὺς
846 5734 943 5786 καὶ
994 5733 1167 5786 πολλὰ
1211 5735 1435 5788 τοιαῦτα
1472 5735 1889 5806 κατενεχθέντα.

315 5822 472 5885 Τινὲς
516 5824 594 5877 ,δὲ
646 5823 776 5896 περὶ
802 5825 914 5879 τῶν
953 5826 1218 5896 ἐμϐρύων
1277 5827 1508 5897 ἐνόησαν
1574 5832 1665 5883 τὸν
1709 5828 1887 5898 λόγον,

322 5912 466 5987 ᾇπερ
492 5914 550 5970 ὲν
576 5917 873 5981 σκοτεινοῖς
904 5919 999 5978 καὶ
1039 5918 1227 5995 ὑγροῖς
1253 5920 1457 5990 τόποις,
1484 5921 1642 5994 δίκην
1665 5922 1887 5993 ἰχθύων,

2053 4174 2222 4228 Vens.
2257 4172 2312 4226 5.
2365 4169 2410 4226 ο
2442 4169 2680 4236 Domine,
2716 4168 2886 4223 libera
2929 4166 3166 4221 animam
3204 4179 3396 4218 meam.
3446 4162 3580 4216 Am-

1987 4268 2133 4338 plius
2163 4281 2193 4320 a
2230 4264 2436 4320 futuris
2469 4262 2628 4316 malis
2658 4276 2777 4316 eam
2812 4261 3008 4314 libera.

2062 4359 2369 4414 Misericors
2402 4356 2656 4411 Dominus
2685 4363 2737 4408 et
2765 4357 2950 4423 justus
3012 4360 3113 4415 est,
3141 4358 3190 4405 et
3222 4348 3363 4403 Deus
3399 4356 3580 4401 noster

1990 4455 2293 4508 miseretur.
2333 4449 2467 4504 Vide
2508 4448 2788 4518 quomodo
2828 4446 3134 4501 auditorem
3184 4443 3432 4498 instruit.
3474 4439 3579 4495 Mi-

1992 4543 2246 4605 sericors,
2284 4539 2480 4609 inquit,
2513 4546 2594 4593 est
2622 4537 2920 4601 Dominus;
2950 4536 2995 4591 si
3032 4534 3297 4604 peccasti,
3351 4547 3459 4586 non
3494 4532 3580 4585 id-

1994 4635 2144 4687 circo
2175 4632 2455 4700 desperes,
2491 4645 2683 4684 verum
2714 4630 2841 4698 quia
2872 4623 3036 4682 etiam
3067 4627 3252 4695 justus
3278 4634 3383 4690 est,
3415 4639 3571 4690 cave,

1995 4743 2064 4781 ne
2100 4740 2314 4780 summa
2350 4724 2496 4778 illius
2520 4722 2697 4777 fretus
2722 4720 3124 4782 misericordia,
3159 4719 3359 4774 iterum
3387 4717 3553 4773 cadas

1993 4818 2302 4873 Ostendens
2339 4824 2524 4871 tamen
2560 4817 2629 4869 ad
2667 4815 3101 4870 misericordiam
3155 4813 3305 4866 illum
3367 4827 3582 4880 semper

1992 4909 2168 4978 magis
2207 4908 2503 4968 inclinare,
2560 4922 2726 4976 quam
2779 4906 2845 4961 ad
2896 4905 3190 4974 justitiam,
3218 4905 3471 4958 addidit:
3514 4901 3580 4954 Et

1911 4989 1966 5048 D
1995 5001 2134 5055 Deus
2168 5009 2347 5054 noster
2374 5001 2671 5053 miseretur.
2701 4998 2856 5065 Quod
2884 5016 3014 5053 vero
3044 4999 3120 5052 ait
3157 5015 3170 5050 :
3210 4997 3349 5050 Deus
3378 5004 3580 5057 noster,

1995 5094 2061 5149 ad
2096 5093 2325 5148 deorum
2364 5092 2775 5148 distinctionem
2807 5092 3016 5146 dictum
3052 5094 3167 5158 estf,
3204 5104 3344 5157 quos
3391 5096 3580 5158 gentos

1994 5184 2135 5239 falso
2168 5185 2377 5241 colunt.
2442 5180 2449 5195 “

2070 5280 2237 5334 Vens.
2274 5280 2328 5332 6.
2365 5277 2681 5334 Custodiam
2704 5275 2951 5345 parvulos
2984 5271 3261 5325 Dominus.
3298 5270 3575 5324 Subinlel-

1994 5374 2102 5443 liga
2149 5370 2377 5425 verbum
2413 5379 2513 5424 est.
2551 5368 2763 5423 Laudat
2806 5366 2953 5420 enim
2986 5366 3261 5432 Propheta
3310 5377 3581 5415 sitntmam

1994 5466 2207 5521 Domini
2240 5464 2671 5535 providentiam,
2704 5476 2810 5530 qua
2846 5459 2949 5513 nisi
2980 5459 3269 5512 universos
3298 5471 3361 5509 ac
3389 5455 3580 5525 singu-

1996 5559 2081 5613 los
2122 5558 2451 5622 custodiret,
2488 5554 2554 5610 de
2583 5553 2752 5619 facili,
2789 5564 2884 5608 aut
2924 5551 3141 5621 scorpio
3183 5547 3578 5614 interemisset,

1995 5655 2090 5702 aut
2117 5646 2263 5702 aliud
2303 5660 2635 5702 venenosum
2679 5642 2881 5697 animal
2914 5662 2927 5696 :
2955 5651 3051 5696 aut
3087 5639 3196 5694 alio
3236 5648 3397 5710 pacto
3433 5640 3580 5693 cele-

1998 5742 2131 5795 riter
2171 5755 2364 5795 omnes
2411 5739 2720 5808 perissent,
2756 5735 2811 5789 in
2850 5733 3059 5789 foveam
3111 5741 3205 5786 aut
3249 5733 3301 5785 in
3333 5746 3579 5801 praeceps

1995 5832 2217 5900 aliquod
2238 5872 2250 5893 .
2286 5841 2379 5885 aut
2412 5831 2465 5884 in
2495 5831 2641 5884 aliud
2675 5827 2971 5900 quodpiam
3001 5814 3307 5897 perieulum
3341 5822 3574 5893 delapsi.

1997 5922 2234 5989 Quidam
2261 5936 2390 5978 vero
2430 5920 2738 5992 intelligunt
2772 5919 2921 5992 loqui
2950 5917 3280 5989 Prophetam
3304 5915 3372 5971 de
3398 5913 3577 5968 infan-
