4052 6462
412 446 555 518 1115
1614 437 2003 501 EUTHYMII

2146 436 2407 498 iABENI
3543 425 3568 487 1
3586 430 3598 485 i
3617 424 3678 489 16

411 561 559 614 tilms
595 557 775 614 adlmc
822 556 879 614 in
917 563 1074 613 utero
1097 555 1497 613 exsistentihus
1531 571 1545 607 :
1580 555 1672 624 qui
1706 554 1759 609 in
1791 555 1996 608 ohscu-
2027 586 2037 617 λ

2146 554 2407 622 ερόμενα,
2430 552 2529 630 καὶ
2565 550 2703 625 μηδὲ
2728 550 2995 605 ἀναπνεῖν
3020 545 3447 616 κατ’ἄνθρωπον
3465 542 3682 614 ἔχοντα·

415 652 493 705 ris
525 650 653 713 illis,
690 658 855 719 atque
879 647 1119 703 humidis
1149 647 1308 713 locis,
1340 648 1517 701 instar
1548 647 1778 715 piscium
1810 644 1995 699 l‘ernn-

2146 646 2225 698 ῖτα
2259 646 2367 698 ἀπὸ
2426 644 2527 713 τῆς
2579 646 2639 697 ὲν
2693 643 2878 714 μήτρᾳ
2918 639 3256 711 θερμότητος
3305 636 3400 688 ἐπὶ
3428 634 3520 687 τὸν
3552 633 3688 703 ἀέρα

417 751 547 801 tur,
599 757 697 796 nec
748 750 1072 796 cancrorum
1134 740 1422 794 hominum
1498 753 1654 791 more
1721 737 1998 805 respirare

2146 738 2199 791 ον
2262 737 2473 807 ψυχρὸν
2521 737 2618 789 καὶ
2686 733 2940 804 ἀσυνήθη
2989 731 3180 785 τοῦτον
3230 727 3687 794 ὲξολισθαίνιντα,

417 841 647 899 quiennt,
677 832 881 902 quique
910 833 978 888 ab
1019 833 1110 887 illo
1143 832 1362 887 demum
1397 829 1647 884 matricis
1676 828 1857 882 calore
1879 869 1892 891 ,
1930 827 1994 881 ad

2146 831 2232 883 ὺδὲ
2284 830 2436 897 παρὰ
2482 828 2659 899 βραχὺ
2694 827 2996 898 διήρκεσαν
3034 823 3123 889 ἂν,
3162 823 3211 875 εἰ
3263 819 3339 891 μὴ
3385 817 3538 889 παρὰ
3592 818 3692 885 τῆς

414 922 675 991 [rigidum
730 924 899 988 hunc,
933 930 1099 993 atque
1125 921 1207 977 eis
1241 922 1515 976 insuetum
1566 934 1747 973 aerem
1811 932 2002 985 prove-

2146 917 2260 980 είας
2291 918 2555 987 προνοίας
2611 916 2984 985 ἐφυλάττετο*
3051 911 3211 984 ἦκαὶ
3254 910 3479 977 ἑτέρως,
3525 907 3697 976 νήπια

420 1015 654 1079 nientes,
695 1031 763 1069 ne
799 1014 1014 1069 modico
1063 1013 1287 1083 quidem
1339 1022 1587 1081 tempore
1636 1011 1689 1064 in
1747 1011 1849 1065 hac
1896 1009 2003 1063 vita

2146 1011 2349 1081 οήσεις,
2384 1010 2511 1072 τοὺς
2539 1008 2869 1079 ἀρτιπαγεῖς
2912 1005 2994 1069 είς
3038 1003 3265 1076 ἀρετὴν,
3302 999 3396 1064 οὓς
3424 997 3696 1066 φυλάσσει

421 1119 711 1174 superesse
739 1115 987 1174 possent,
1022 1103 1126 1161 nisi
1158 1119 1190 1159 a
1218 1103 1401 1159 divina
1433 1113 1790 1159 servarentur
1829 1103 2008 1171 provi-

2146 1101 2201 1155 ιὰ
2250 1099 2351 1173 τὴν
2385 1101 2568 1156 αὐτῶν
2603 1100 2889 1171 ἀπειρίαν,
2929 1097 3095 1169 μέχρι
3138 1096 3206 1149 ἂν
3245 1094 3510 1163 γένωνται
3556 1089 3698 1160 πρὸς

422 1195 627 1252 dcntia.
664 1196 762 1254 Vel
785 1198 966 1263 aliter,
1008 1197 1264 1266 parvulos
1293 1210 1390 1252 eos
1417 1193 1679 1264 intellige,
1715 1193 1807 1262 qui
1833 1207 2008 1264 nuper

2146 1195 2240 1259 οὺς
2265 1195 2494 1265 ἐχθροὺς
2522 1193 2840 1264 ἀξιόμαχοι.

424 1287 480 1341 ἱη
534 1288 737 1341 virtute
789 1287 1016 1342 stabiliti
1072 1295 1223 1351 sunt,
1266 1302 1407 1357 quos
1451 1286 1720 1341 Dominus
1804 1285 2199 1356 inexperientia
2263 1289 2443 1343 adhuc
2505 1287 2873 1344 circumdatos
2936 1290 3252 1345 conservat,
3314 1280 3487 1335 donec
3510 1274 3707 1332 adver-

426 1393 523 1432 sus
563 1375 818 1431 inimicos
859 1378 1032 1447 magis
1077 1377 1257 1433 idonei
1302 1376 1371 1432 ad
1414 1392 1651 1449 pugnam
1678 1375 2006 1433 eﬂiciantur.

500 1489 827 1544 Ilunzitiatus
877 1505 1020 1553 sum,
1073 1499 1122 1546 et
1170 1490 1399 1545 saluauit
1440 1505 1540 1544 me.
1591 1489 1868 1546 Aﬁlictum
1921 1504 2012 1549 me

431 1581 600 1634 variis
645 1580 1053 1634 calamitatibus
1122 1581 1396 1637 liberavit.
1451 1580 1710 1635 Permisit
1780 1580 2002 1652 quidem

432 1672 586 1737 prius
618 1669 801 1738 atliigi,
837 1680 895 1726 ut
934 1671 1260 1741 prudentior
1288 1675 1473 1729 ﬁerem
1499 1713 1515 1740 ,
1554 1672 1655 1729 Sed
1698 1672 2013 1742 huiusmodi

2186 1487 2654 1554 Ἐταπεινώθην,
2693 1486 2795 1540 καὶ
2827 1481 3031 1539 ἐσωσέ
3063 1498 3162 1551 με.
3211 1473 3706 1547 Ἐταλαιπωρήθην

2115 1587 2230 1647 τοῖς
2283 1581 2637 1650 πειρασμοῖς,
2693 1578 2789 1631 καὶ
2832 1575 3009 1630 ἐσωσέ
3038 1572 3128 1644 με,
3161 1573 3282 1644 ἦτοι
3317 1567 3593 1643 ἐρρύσατο
3634 1583 3705 1636 με

2116 1677 2346 1733 τούτων.
2380 1674 2542 1728 Εἴασε
2584 1671 2684 1742 μὲν
2725 1670 2836 1739 γάρ
2873 1685 2942 1740 με
2976 1663 3389 1733 κακοπαθῆσαι,
3434 1660 3525 1715 ῐνα
3554 1658 3709 1727 φιλο-

434 1773 616 1832 pnstea
647 1762 970 1818 alllictiones
997 1764 1251 1819 dissolvit
1280 1782 1295 1820 :
1330 1774 1389 1819 ut
1411 1766 1531 1837 ejus
1559 1766 1793 1837 gratiam
1825 1775 1880 1821 et
1910 1765 2014 1820 doc

2146 1769 2337 1839 τοφώτε
2349 1784 2439 1838 ρος
2460 1766 2736 1837 γένωμαι’
2763 1764 2923 1817 ἔλυσε
2953 1761 3011 1815 δέ
3046 1778 3150 1832 μου
3179 1758 3308 1818 τοὺς
3340 1752 3708 1845 πειρασμοὺς,

431 1869 563 1907 num
599 1868 978 1923 agnoscerem,
1006 1864 1061 1908 et
1091 1855 1355 1924 utrinque
1381 1856 1436 1908 in
1474 1870 1560 1911 me
1580 1854 1860 1910 beneﬁcus
1893 1854 2020 1911 fuit.

435 1943 498 1997 Et
532 1944 686 1998 aliter
723 1961 737 1998 :
782 1947 926 2000 Deus
962 1945 1178 2000 saltare
1214 1961 1311 2001 eos
1351 1945 1512 2013 solet,
1559 1947 1651 2017 qui
1689 1945 2020 2001 humilitatis

439 2036 693 2090 noverint
722 2036 979 2105 amplecti
1014 2036 1315 2098 virtutem,
1351 2044 1406 2091 et
1453 2051 1550 2107 per
1597 2037 1746 2091 illam
1804 2052 2022 2108 semper

436 2130 611 2199 magis
644 2130 939 2199 prolicere.

472 2236 678 2292 'Vsns.
714 2238 765 2303 7,
800 2239 852 2294 8.
893 2238 1220 2303 Convertere,
1260 2241 1442 2294 anima
1498 2257 1636 2306 mea,
1670 2242 1726 2295 in
1788 2242 2024 2312 requiem

439 2342 586 2384 tuam
607 2331 763 2400 ,quia
793 2329 1056 2385 Dominus
1092 2332 1343 2401 beneferit
1374 2334 1631 2403 tibi,quia
1660 2335 1855 2404 eripuit
1905 2336 2028 2389 ani-

441 2436 581 2473 mum
631 2436 801 2475 meam
842 2421 907 2477 do
937 2431 1125 2485 morte,
1169 2423 1350 2477 oculos
1392 2441 1535 2479 meos
1574 2442 1606 2479 a
1654 2425 1931 2496 lacrymis,
1976 2436 2031 2482 et

439 2513 595 2580 pedes
636 2530 775 2569 meo:
814 2532 847 2569 a
896 2514 1073 2585 lapsu.
1112 2515 1345 2582 Quidam
1402 2516 1734 2586 Prophetam
1786 2526 2026 2588 putant,

448 2604 532 2657 his
563 2604 746 2660 verbis
779 2605 846 2660 ad
881 2608 1120 2675 quietem
1151 2608 1398 2676 seipsum
1432 2608 1737 2671 exhortari,
1763 2617 2027 2678 tanquam

445 2694 539 2762 qui
579 2695 824 2749 divinum
882 2697 1145 2750 auxilium
1178 2696 1289 2765 jam
1337 2699 1412 2752 sit
1456 2710 1815 2763 consecutus,
1864 2711 2032 2770 atque

445 2793 669 2856 ereptus
705 2788 773 2839 ab
802 2787 1210 2851 afﬂictionibus,
1250 2798 1303 2843 et
1339 2790 1409 2843 ab
1461 2798 1782 2858 exspectata
1830 2801 2033 2856 morte,

450 2879 553 2933 hoc
579 2886 683 2940 est.
701 2896 729 2933 a
752 2880 1126 2948 disiunctione
1150 2880 1347 2935 anima:
1381 2891 1435 2936 et
1465 2885 1715 2952 corporis
1742 2884 2030 2940 liberatus:

2125 1860 2212 1914 ἵνα
2239 1860 2354 1929 γνῶ
2375 1858 2476 1928 τὴν
2515 1858 2679 1927 χάριν
2718 1853 2913 1921 αὐτοῦ,
2951 1853 3048 1907 καὶ
3078 1848 3428 1920 ἑκατέρωθεν
3467 1842 3711 1915 εὐηργέ-

2121 1971 2255 2023 τησε
2281 1970 2296 1985 ·
2328 1953 2426 2007 καὶ
2450 1951 2626 2015 ἄλλως
2661 1951 2743 2014 δὲ,
2795 1948 2888 2002 τὸν
2916 1942 3349 2017 κατορθώσαντα
3375 1939 3478 2009 τὴν
3507 1933 3715 2008 ἀρετὴν

2123 2047 2223 2116 τῆς
2251 2044 2660 2108 ταπεινώσεως,
2693 2036 2804 2097 οἶδε
2830 2040 3029 2115 σώζειν
3055 2038 3084 2091 ὁ
3111 2036 3268 2099 Θεός.

2195 2248 2625 2316 Ἐπίστρεψον,
2651 2243 2826 2314 ψυχή
2877 2258 3021 2311 μου,
3054 2240 3145 2304 εις
3198 2237 3316 2304 τὴν
3359 2233 3720 2290 ἀνάπαυσὶν

2127 2355 2267 2399 σου,
2296 2338 2384 2391 ὅτι
2409 2337 2627 2404 Κύριος
2655 2329 3024 2401 εὐηργέτησέ
3046 2345 3142 2394 σε,
3192 2327 3281 2381 ὅτι
3303 2325 3571 2390 ἐξείλετο
3600 2322 3719 2391 τὴν

2126 2431 2343 2501 ψυχήν
2373 2448 2491 2500 μου
2545 2428 2665 2483 ἀπὸ
2711 2423 2995 2490 θανάτου,
3033 2421 3179 2486 τοὺς
3214 2419 3563 2490 ὀφθαλμούς
3596 2434 3718 2487 μου

2129 2524 2250 2579 ἀπὸ
2282 2521 2579 2590 δακρύων,
2636 2517 2736 2574 καὶ
2764 2517 2906 2583 τοὺς
2938 2514 3130 2580 πόδας
3153 2530 3273 2585 μου
3302 2510 3423 2567 ἀπὸ
3469 2509 3721 2578 ὀλισθή-

2126 2634 2336 2686 ματος.
2368 2615 2527 2667 Δοκεῖ
2561 2613 2662 2682 μέν
2691 2628 2800 2664 τισι
2827 2608 3163 2680 προτρέπειν
3220 2606 3411 2660 ἑαυτὴν
3443 2607 3526 2667 εἰς
3581 2603 3720 2657 ἀνά-

2137 2723 2341 2761 παυσιν
2376 2704 2475 2759 καὶ
2533 2701 2851 2773 ἐλευθερίαν
2889 2700 2998 2753 τῶν
3036 2699 3166 2767 ἄχρι
3204 2697 3327 2749 τότε
3367 2692 3722 2764 πειρασμῶν,

2131 2799 2208 2863 ὡς
2236 2796 2670 2869 εὐεργετηθέντα
2698 2796 2821 2865 ἤδη,
2855 2793 2949 2846 καὶ
2978 2789 3336 2860 ὲξαιρεθέντα
3363 2785 3458 2840 τοῦ
3488 2785 3725 2856 προσδο-

2139 2889 2390 2956 κωμένου
2427 2885 2683 2947 θανάτου,
2735 2884 2855 2953 ἦτοι
2906 2882 3006 2951 τῆς
3068 2877 3429 2942 διαζεύξεως,
3478 2877 3573 2928 καὶ
3612 2875 3723 2927 τῶν

447 2979 503 3022 et
535 2971 700 3025 simili
733 2972 895 3027 modo
923 2972 1189 3028 liberatus
1218 2988 1247 3027 a
1278 2973 1558 3044 laerymis,
1587 2992 1724 3043 quas
1755 2987 1913 3031 antea
1948 2978 2035 3031 ei-

2146 2980 2245 3033 ἀπὸ
2302 2981 2399 3048 τῆς
2449 2978 2681 3045 θλίψεως
2732 2974 3006 3043 δακρύων,
3053 2972 3150 3024 καὶ
3190 2970 3303 3023 τῶν
3356 2967 3606 3036 παγίδων
3653 2966 3723 3029 ἃς

452 3062 747 3126 fundebat,
799 3064 872 3117 ob
923 3064 1155 3120 insidias
1206 3066 1466 3119 nimirum
1513 3077 1568 3121 ct
1610 3069 1861 3138 laqueos,
1894 3087 2036 3138 quos

2146 3070 2384 3139 ἔπησσον
2415 3069 2566 3138 αὐτῷ
2595 3068 2645 3120 οἱ
2674 3066 2881 3137 ἐχθροὶ.
2917 3066 2999 3127 είς
3040 3063 3103 3125 ἃς
3142 3060 3407 3122 πολλάκις
3461 3056 3727 3111 ὠλίσθαι-

453 3154 658 3227 inimici
699 3156 964 3211 adversus
988 3172 1119 3215 enm
1152 3166 1491 3219 struxerant.
1520 3171 1575 3214 et
1618 3161 1669 3214 iu
1699 3178 1839 3228 quos
1865 3176 2035 3231 sa-pe-

2146 3180 2248 3217 νεν.
2282 3163 2347 3214 Ei
2381 3161 2438 3214 δέ
2474 3178 2558 3223 τις
2613 3158 2755 3212 κατὰ
2784 3155 3081 3226 ἀναγωγὴν
3110 3152 3337 3207 ὲκλάδοι
3357 3150 3559 3215 ταῦτα,
3592 3149 3728 3201 ἀνά·

454 3261 687 3300 numero
713 3247 896 3315 lapsus
927 3247 1211 3304 inciderat.
1240 3247 1403 3304 Juxta
1435 3265 1718 3319 anagogen
1749 3266 1900 3317 vero,
1943 3266 2039 3321 per

454 3340 719 3405 requiem,
748 3340 945 3395 anima:
961 3340 1271 3397 discessum
1294 3341 1541 3411 intelligo
1563 3358 1591 3396 a
1620 3343 1877 3411 pra-senti
1904 3343 2035 3398 vita:

456 3427 672 3491 animm,
734 3428 982 3499 inquam,
1041 3430 1283 3501 alicujus
1333 3431 1463 3497 viri,
1518 3434 1681 3502 cujus
1733 3434 1916 3489 anima
1974 3435 2042 3491 ab

452 3520 603 3573 omni
641 3521 892 3575 molestia
928 3521 1213 3577 liberatur.
1243 3521 1396 3579 Talis
1430 3525 1576 3579 enim
1607 3525 1912 3593 discessus,
1944 3526 2042 3581 bc-

457 3608 654 3663 nrﬁcio
692 3610 783 3663 Dei
840 3604 1042 3667 ascribi
1080 3613 1266 3671 debet.
1309 3614 1641 3669 Liberautur
1670 3616 1815 3670 enim
1846 3617 2042 3686 hujus-

459 3699 602 3754 tnodl
630 3700 769 3768 justi
799 3702 921 3763 viri,
955 3711 1063 3755 tam
1098 3705 1169 3761 ab
1198 3703 1360 3772 hujus
1390 3706 1639 3775 corporis
1664 3722 1851 3774 onero,
1877 3724 2043 3776 quam

458 3790 624 3843 etiam
656 3790 724 3844 ab
755 3791 1013 3847 omnibus
1044 3793 1163 3861 ejus
1194 3796 1384 3860 titulis;
1418 3798 1567 3863 quia,
1606 3804 1664 3850 ut
1691 3798 1759 3851 ait
1793 3798 1997 3853 Paulus
2027 3816 2043 3856 :

462 3879 601 3946 Nos,
630 3883 719 3950 qui
751 3901 933 3941 simius
984 3889 1037 3941 in
1064 3889 1159 3942 hoc
1214 3889 1578 3954 tabernaculo,
1606 3893 1862 3962 gemimus
1919 3911 2047 3963 gra—

462 3977 574 4028 rati
609 3974 688 4041 ¹⁸;
728 3979 872 4032 unde
889 3979 1018 4033 alihi
1054 3980 1194 4034 idem
1231 3981 1527 4049 Apostolus
1545 4000 1732 4053 cupere
1758 4001 1814 4038 se
1832 3985 2047 4041 dissolvi

460 4066 598 4121 dixit
630 4078 679 4122 et
715 4085 826 4124 esse
863 4087 980 4124 cum
1017 4073 1228 4126 Christo
1258 4075 1322 4130 ".
1360 4075 1466 4129 Sed
1501 4077 1671 4130 multo
1709 4078 1875 4132 etiam
1930 4095 2050 4133 ma-

464 4159 570 4228 gis,
629 4163 913 4227 praesentis
969 4164 1166 4231 psalmi
1220 4165 1387 4221 verba
1441 4181 1747 4237 congruere
1795 4171 2051 4227 videntur

464 4251 652 4318 probis
686 4267 748 4305 ac
786 4254 1056 4321 religiosis
1091 4255 1226 4311 viris
1251 4259 1537 4323 omnibus,
1565 4260 1657 4327 qui
1691 4275 1756 4313 ex
1792 4260 1896 4315 hoc
1923 4277 2049 4316 cor-

467 4358 599 4412 pore
625 4343 736 4410 jnm
770 4349 977 4412 egressi
1024 4357 1174 4402 sunt.
1209 4346 1275 4401 Et
1305 4364 1428 4403 cum
1459 4349 1693 4405 dixisset
1724 4349 1993 4421 Propheta
2032 4371 2046 4406 :

2141 3273 2346 3311 παυσιν
2381 3256 2480 3326 μὲν
2505 3255 2642 3325 ὲρεῖ,
2674 3253 2775 3321 τὴν
2805 3249 3060 3304 ἐντεῦθεν
3091 3249 3193 3318 τῆς
3220 3246 3316 3300 τοῦ
3355 3243 3573 3299 δικαίου
3623 3243 3731 3311 ψυ-

2141 3352 2244 3423 xii:
2273 3348 2566 3420 ἔκδημίαν,
2603 3345 3060 3400 ἁπαλλάττουσαν
3095 3338 3303 3402 παντὸς
3322 3336 3555 3410 ἀνιαροῦ
3615 3335 3733 3387 λοι-

2145 3440 2327 3511 «sua
2369 3436 2665 3507 εὐεργεσία
2695 3433 2833 3488 Θεοῦ
2880 3432 3095 3494 τούτοις
3125 3430 3304 3493 ἐστὶν,
3338 3423 3733 3494 ὲλευθερουμέο

2144 3549 2255 3595 νοις
2297 3531 2393 3587 τοῦ
2449 3532 2653 3603 βάρους
2680 3526 2778 3581 τοῦ
2812 3525 3094 3596 σώματος,
3132 3522 3228 3576 καὶ
3275 3519 3385 3574 τῶν
3436 3520 3502 3572 ὲκ
3533 3516 3730 3570 τούτου

2145 3624 2368 3676 κακῶν·
2402 3622 2539 3690 φησὶ
2592 3620 2701 3691 γὰρ
2751 3621 2780 3672 ὁ
2833 3617 3069 3679 Παῦλος,
3119 3616 3207 3675 ὃτι
3262 3617 3325 3668 Οί
3344 3611 3515 3677 ὄντες
3556 3610 3616 3662 ἐν
3646 3605 3731 3673 τῷ

2146 3733 2189 3770 σ
2194 3716 2310 3786 κύν’
2312 3733 2363 3769 ει
2385 3717 2593 3779 τούτῳο
2620 3711 2983 3779 στενάζομεν
2996 3708 3367 3775 ,βαρούμενοι
3390 3720 3403 3734 ο
3424 3704 3519 3757 καὶ
3533 3700 3724 3756 πάλιν·

2154 3804 2238 3871 Τῷ
2272 3803 2576 3859 ἀναλῦσαι
2607 3804 2705 3857 καὶ
2734 3802 2856 3855 σὺν
2888 3798 3124 3867 Χριστῷ
3154 3795 3329 3851 εἶναι.
3363 3794 3552 3865 Πολλῷ
3594 3792 3736 3863 pici).-

2147 3897 2241 3951 λον
2291 3897 2348 3950 δὲ
2406 3898 2661 3966 κρεῖσσον
2713 3894 3016 3965 ἀρμόζουσι
3066 3894 3242 3944 ταῦτα
3306 3891 3376 3943 τὰ
3429 3886 3573 3958 ῥητὰ
3617 3887 3737 3947 τοῖς

2151 3987 2537 4059 ὲξερχομένοις
2598 3987 2699 4057 ἤδη
2771 3984 2866 4040 τοῦ
2931 3983 3186 4053 σώματος
3243 3981 3499 4042 δικαίοις.
3548 3977 3736 4032 Εἰπὼν

2149 4079 2282 4149 γοῦν
2311 4081 2394 4134 ὅτι
2443 4080 2656 4147 Κύριος
2716 4075 3082 4145 εὐηργέτησέ
3102 4089 3211 4139 σε,
3254 4071 3597 4144 προσέθηκεν
3650 4071 3735 4125 ὅτι

2166 4172 2464 4237 Ἑξείλετο
2500 4170 2690 4224 λοιπὸν
2727 4170 2842 4237 τὴν
2889 4167 3105 4237 ψυχήν
3128 4184 3249 4234 μου
3308 4164 3422 4234 τῆς
3446 4162 3739 4233 ἁμαρτίας

2147 4282 2290 4332 μευ,
2318 4264 2439 4334 ἥτις
2465 4265 2583 4316 ἐστὶ
2614 4262 2868 4328 θάνατος,
2931 4259 3208 4330 νεκροῦσα
3250 4258 3353 4322 τὰς
3388 4260 3470 4321 εἰς
3534 4254 3739 4324 ἀρετὴν

2155 4355 2444 4425 ἐνεργείας
2496 4342 2853 4422 τῆςψυχῆς,
2911 4351 3041 4412 τοὺς
3100 4346 3416 4418 ὀφθαλμούς
3471 4364 3572 4416 μου
3627 4344 3740 4398 ἀπὸ

448 4433 730 4503 ’ΒεηεΙθεὶι
765 4438 879 4500 tibi,
917 4438 1123 4494 addidit
1172 4440 1334 4493 etiam
1367 4454 1382 4493 :
1417 4440 1557 4505 Quia
1590 4442 1784 4509 eripuit
1813 4442 2037 4496 animum

2157 4445 2448 4515 δακρύων,
2505 4444 2710 4515 μηκέτι
2769 4443 3118 4513 δακρυόντων
3174 4440 3280 4494 ὑπὸ
3328 4440 3438 4493 τῶν
3494 4435 3740 4508 συνεχῶν

468 4543 639 4579 meum
682 4545 714 4581 a
752 4539 984 4597 peccato.
1047 4530 1337 4591 Peccatum
1388 4531 1592 4599 quippe
1646 4546 1795 4586 mors
1847 4534 2047 4587 merito

467 4618 575 4672 dici
612 4629 790 4686 potest
824 4639 837 4675 :
869 4623 996 4688 quia
1029 4636 1224 4676 omnes
1263 4620 1462 4677 animae
1497 4621 1567 4675 ad
1615 4621 1874 4687 virtutem
1916 4637 2037 4693 ope-

2155 4624 2252 4680 τοῦ
2284 4627 2438 4696 παρὰ
2458 4626 2569 4679 τῶν
2587 4614 3052 4679 ὲπιὸουλευόντων
3084 4622 3298 4695 ὁρατῶν
3335 4639 3395 4676 τε
3454 4621 3551 4675 καὶ
3575 4620 3742 4691 ἀορά-

468 4713 716 4782 rationes
744 4713 1056 4767 inortiticat.
1091 4703 1244 4777 Item,
1279 4715 1405 4781 quia
1444 4713 1644 4781 eripuit
1673 4713 1867 4768 oculos
1898 4729 2050 4770 meos
2155 4733 2265 4771 των
2294 4715 2526 4787 ἐχθρῶν.

469 4821 501 4875 a
533 4804 810 4874 lacrymis,
860 4820 985 4858 nam
1037 4812 1264 4874 ereptus
1308 4806 1382 4860 ab-
1423 4804 1745 4875 hujnsmodi
1786 4808 2049 4862 aérumnis
2088 4808 2360 4880 lacrymas
2399 4809 2636 4880 amplius
2665 4825 2779 4866 non
2805 4806 3108 4865 effundam.
3176 4807 3336 4873 item,
3394 4807 3488 4876 qui
3532 4805 3736 4875 eripuit

469 4893 636 4965 pedes
667 4910 838 4959 meos,
868 4911 975 4950 non
1005 4911 1034 4951 a
1073 4898 1371 4953 visibilium
1411 4898 1818 4967 tantummodo,
1846 4900 1944 4956 sed
1975 4902 2044 4957 ab
2075 4902 2437 4960 invisibilium
2483 4904 2667 4977 etiam
2724 4902 3076 4960 inimicorum
3107 4901 3348 4965 insidiis,
3371 4902 3466 4972 qui
3511 4914 3743 4971 gressus

2157 4538 2415 4607 θλίψεων,
2444 4537 2541 4591 καὶ
2576 4536 2707 4599 τοὺς
2736 4534 2910 4597 πόδας
2954 4551 3060 4604 μου
3116 4532 3230 4587 ἀπὸ
3259 4530 3741 4599 ὕποσκελίσματος
3833 4561 3839 4565 ~

472 5006 628 5065 piens
668 4991 1022 5060 supplantare
1053 4991 1423 5050 conabantur.

549 5127 711 5182 Vens.
742 5129 795 5182 9.
834 5128 1144 5182 Delectabor
1182 5145 1362 5183 coram
1392 5128 1619 5183 Domino
1647 5132 1699 5184 in
1729 5132 1943 5201 regione
1975 5133 2055 5187 vi-

473 5223 724 5278 bentium.
759 5222 927 5287 llegio
964 5222 1296 5282 viventium,
1330 5222 1530 5275 coelum
1559 5229 1666 5287 est,
1704 5222 1788 5276 vel
1819 5221 2041 5278 futurus

476 5317 735 5380 mundus,
778 5316 868 5369 ubi
924 5316 1110 5369 nullus
1155 5322 1261 5378 est,
1310 5315 1404 5382 qui
1461 5314 1751 5369 moriatur.
1803 5312 2055 5370 Praesens

475 5407 620 5458 enim
656 5405 913 5471 mundus,
943 5421 1050 5459 non
1093 5405 1419 5469 viventium,
1444 5405 1537 5459 sed
1572 5404 1923 5459 morientium
1973 5420 2059 5460 re-

479 5498 566 5564 git)
600 5496 831 5550 dicenda
862 5508 969 5562 est,
1004 5495 1096 5551 ubi
1126 5497 1311 5552 nullus
1345 5504 1450 5563 est,
1478 5496 1568 5568 qui
1611 5512 1719 5551 non
1764 5496 2054 5552 moriatur.

484 5586 824 5651 llelectahor,
862 5591 1069 5659 inquit,
1111 5590 1166 5644 in
1205 5591 1297 5644 illa
1333 5591 1576 5662 regione,
1625 5604 1855 5646 versans
1889 5591 2055 5645 simul

484 5694 607 5743 cum
641 5684 869 5751 angelis,
909 5691 964 5737 et
1016 5683 1183 5738 Deum
1216 5685 1403 5739 colens
1441 5684 1649 5755 absque
1683 5684 1797 5739 ullo
1829 5697 2060 5756 prorsus

565 5861 606 5891 “
636 5859 678 5912 il
709 5861 836 5918 Cor.
863 5882 917 5925 γ,
948 5867 977 5920 4
1089 5865 1133 5897 ⁸⁸
1180 5864 1420 5936 Philipp.
1478 5884 1515 5922 ι.
1570 5865 1663 5920 25.

2227 5134 2636 5204 Εὐαρεστήσω
2664 5134 2928 5189 ἐνώπιον
2952 5131 3175 5200 Κυρίου
3192 5131 3265 5185 ἐν
3294 5132 3457 5201 χώρᾳ
3480 5129 3740 5190 ζώντων.

2159 5224 2328 5297 Χὼρα
2391 5224 2632 5290 ζώντων,
2682 5224 2711 5277 ὁ
2784 5220 3036 5294 οὐρανὸς,
3094 5221 3127 5293 ἢ
3181 5222 3210 5276 ὁ
3268 5219 3478 5291 μέλλων
3536 5219 3746 5288 κόσμος

2161 5316 2291 5370 ἔνθα
2325 5316 2501 5379 οὐδείς
2531 5317 2680 5368 ἐστιν
2706 5313 3075 5383 ἀποθνήσκων
3095 5351 3110 5375 ,
3143 5313 3172 5365 ὁ
3200 5310 3257 5364 δὲ
3286 5309 3480 5381 παρὼν
3512 5309 3745 5380 κόσμος,

2162 5405 2316 5480 χώρα
2363 5407 2511 5459 ἐστὶν
2541 5402 3020 5473 ἀποθνησκόντων.
3052 5401 3438 5468 Εὐαρεστήσω,
3461 5395 3648 5468 φησὶν,
3679 5395 3743 5448 ὲν

2164 5498 2347 5569 ἐκείνῃ
2375 5499 2441 5570 τῇ
2471 5497 2626 5569 χώρᾳ
2658 5495 2797 5566 μετὰ
2817 5493 2924 5547 τῶν
2944 5492 3214 5562 ἀγγέλων,
3238 5490 3517 5557 λατρεύων
3567 5489 3744 5558 ἀνεμ-

2168 5590 2454 5657 ποδίστως,
2505 5587 2721 5650 οὐδενὸς
2791 5584 3200 5655 ὲνεδρεύοντοςο
3237 5583 3269 5654 ἢ
3308 5577 3741 5652 Εὐαρεστήσω,

2170 5682 2293 5737 ἀντὶ
2351 5681 2446 5736 τοῦ
2490 5680 2798 5751 Εὐάρεστος
2843 5676 3210 5748 κριθήσομαι·
3261 5676 3329 5730 τὰ
3393 5673 3639 5742 παρόντα
3682 5668 3745 5725 δὲ
