4052 6448
556 461 695 522 1119

1693 453 2071 516 EUTHY‘MH
2110 447 2469 509 ZlGABENI

3706 446 3836 505 1120

554 573 792 628 Proinde
844 572 890 627 si
936 571 1276 643 propositum
1321 582 1375 627 et
1430 578 1670 626 mentem
1721 567 2132 626 animadvertas

2255 564 2351 631 ὤν,
2384 563 2507 633 τόγε
2547 564 2626 626 είς
2656 562 2819 617 αὐτὸν
2848 556 2986 634 ἧκον
3013 602 3029 628 ,
3085 562 3228 635 ὑπὲρ
3262 561 3510 634 Χριστοῦ
3540 559 3828 631 τέθνηκεν,

557 667 701 722 beati
744 665 933 730 David,
975 664 1269 719 manifeste
1303 665 1612 735 perspicies
1658 662 1849 724 illum,
1885 658 2031 729 quod
2079 657 2135 710 in

2255 658 2364 708 ὅσον
2395 656 2490 709 ἐπὶ
2515 658 2582 726 τῇ
2617 655 2967 729 προαιρέσει.

557 774 619 816 se
661 760 782 820 fuit,
813 774 1197 829 saepenumero
1228 775 1325 826 pro
1355 757 1575 812 Christo
1612 764 1887 809 mortuum
1921 767 2064 807 esse.

626 852 790 907 VEns.
816 852 905 905 14.
951 850 1088 906 Vota
1124 868 1239 905 mea
1269 850 1498 904 Domino
1529 849 1747 903 reddam
1774 862 1955 901 caram
1992 844 2137 897 omni

556 945 753 1015 populo
786 945 923 1015 ejus.
974 940 1240 1006 Reddam,
1277 943 1472 1012 inquit,
1523 939 1788 1009 quidquid
1837 938 1947 992 Deo
1982 937 2138 1006 polli-

556 1038 700 1092 citus
732 1053 877 1103 sum,
915 1046 1210 1104 antequam
1246 1051 1277 1088 e
1310 1034 1567 1104 praesenti
1605 1033 1711 1085 vita
1743 1029 2027 1086 excedam.

626 1216 795 1272 Vens.
821 1215 911 1271 15.
936 1213 1184 1270 Pretiosa
1210 1219 1266 1269 in
1300 1220 1579 1281 conspectu
1612 1210 1824 1265 Domini
1852 1226 1993 1264 mor:
2016 1228 2149 1264 san-

554 1320 760 1364 ctorum
822 1310 960 1377 ejus.
1021 1307 1219 1369 Laetor,
1270 1308 1471 1376 inquit,
1542 1304 1803 1359 moriens.
1860 1305 2139 1359 Iionorata

556 1400 706 1454 crum
761 1409 848 1453 est
894 1399 1038 1467 apud
1084 1398 1253 1453 Deum
1290 1397 1508 1451 illorum
1545 1411 1730 1460 mors,
1760 1396 1853 1464 qui
1890 1396 1940 1450 ei
1976 1394 2139 1450 dicati

560 1504 627 1545 ac
661 1489 989 1544 sanctificati
1026 1488 1248 1544 fuerint.
1280 1483 1415 1543 Nam
1457 1487 1503 1540 si
1540 1487 1758 1541 illorum
1809 1485 1919 1542 vita
1965 1486 2143 1541 hono-

558 1590 681 1636 rata
707 1591 811 1646 est,
847 1582 1018 1637 multo
1051 1582 1214 1636 etiam
1253 1580 1426 1649 magis
1459 1595 1627 1643 mors,
1674 1594 1795 1648 qua:
1845 1577 1912 1632 ad
1964 1578 2139 1645 ipsum

558 1667 854 1722 Dominum
885 1684 979 1723 cos
1010 1669 1291 1739 provehit,
1324 1679 1641 1724 sanctorum
1687 1668 2005 1738 angelorum
2052 1683 2145 1723 co.

559 1759 758 1813 mitatu
804 1775 867 1813 ac
906 1760 1171 1813 societate
1202 1760 1524 1816 honoratos.

626 1849 792 1906 Vens.
828 1852 912 1907 l6.
946 1851 990 1907 Ο
1030 1832 1271 1916 Ποηιὶηε,
1299 1870 1392 1922 ego
1426 1870 1603 1908 servus
1639 1861 1783 1906 tuus.
1848 1850 2143 1909 Dedicatus

555 1940 766 1998 st-ilicet
807 1955 970 2012 atque
1004 1945 1224 1999 oblatus
1261 1954 1354 1999 tuo
1384 1946 1635 2013 imperio,

629 2033 742 2105 Ego
770 2052 947 2090 servus
996 2046 1142 2101 tuus,
1202 2046 1252 2090 cl
1310 2036 1457 2106 ﬁlius
1495 2038 1707 2093 ancillis
1762 2048 1889 2093 true.
1927 2038 2146 2106 Repetit

555 2142 758 2180 nomen
791 2128 957 2193 servi,
988 2129 1239 2199 gaudens
1274 2128 1349 2185 ita
1405 2129 1689 2199 appellari.
1729 2130 1957 2200 Rejecto
1996 2131 2144 2186 enim

563 2218 717 2271 omni
776 2218 1011 2288 pudore,
1071 2220 1429 2275 servitutem‘
1458 2220 1602 2276 hanc
1640 2221 1813 2276 libere
1849 2223 2049 2277 fatetur
2094 2229 2148 2276 et

557 2309 843 2377 praedicat.
878 2308 1078 2365 Filium
1135 2321 1313 2366 autem
1352 2312 1567 2367 ancilla:
1595 2322 1720 2377 tuaz,
1762 2313 1922 2378 dixit,
1960 2324 2145 2367 osten-

556 2400 699 2456 dens
723 2418 781 2455 se
813 2418 1035 2458 servum
1070 2404 1187 2471 Dei,
1216 2404 1381 2459 etiam
1414 2405 1484 2459 ab
1517 2405 1650 2475 ipsis
1681 2406 2145 2475 progenitoribus.

556 2491 935 2550 lndifl‘erenter
992 2504 1174 2550 autem
1232 2497 1425 2552 matris
1479 2503 1695 2551 tantum
1727 2498 2006 2565 meminit;
2066 2499 2149 2553 vel

556 2585 703 2651 quod
740 2587 885 2640 servi
927 2588 1020 2656 qui
1054 2603 1119 2641 ex
1177 2588 1393 2643 ancillis
1435 2589 1550 2642 nati
1610 2598 1804 2650 erant,
1840 2590 2051 2655 majore
2093 2591 2148 2645 in

557 2676 737 2744 pretio
768 2691 796 2728 a
828 2677 1070 2732 dominis
1107 2678 1481 2733 habebantur.

630 2765 795 2821 Vsus.
834 2768 922 2822 17.
958 2767 1221 2838 Πίναρίιιί
1254 2770 1465 2824 vincula
1501 2788 1641 2826 mea.
1677 2771 1759 2827 Tu
1787 2773 2029 2839 vincula,
2061 2774 2145 2829 in-

566 2856 709 2924 quit,
746 2867 1100 2927 peccatorum
1142 2860 1426 2932 dirupisti,
1461 2862 1643 2934 gladio
1674 2863 1941 2920 nimirum
1980 2868 2151 2938 paeni-

571 2946 778 3002 tentias.

633 3036 752 3091 Tibi
792 3040 1108 3110 sacriﬁcabo
1153 3043 1386 3098 hostiam
1426 3045 1628 3101 laudis.
1672 3045 1920 3103 Hostiam
1966 3056 2022 3104 et
2062 3064 2152 3105 sa-

557 3122 829 3179 crificium
861 3128 1154 3196 rationale,
1183 3133 1332 3201 quod
1373 3150 1564 3189 verum
1629 3150 1693 3191 ac
1746 3138 2029 3208 praprium
2064 3150 2149 3202 est

2317 841 2431 907 Τὰς
2458 839 2645 908 εὐχάς
2673 858 2795 909 μου
2827 838 2907 905 τῷ
2941 838 3141 910 Κύρίφ
3163 839 3481 904 ἀποδώσω,
3539 839 3829 893 ἐναντίον

2241 933 2468 999 παντὸς
2506 933 2612 987 τοῦ
2646 932 2822 987 λαοῦ.
2863 933 2976 997 Τὰς
3006 934 3350 1003 ὑποσχέσεις,
3380 931 3448 995 ἃς
3477 931 3827 1001 ὑπεσχόμην,

2245 1026 2445 1095 μᾶλλον
2469 1025 2545 1090 δὲ,
2565 1027 2693 1089 ὅσας
2713 1024 3054 1096 ὑπεσχόμην·
3081 1025 3204 1078 ὅσον
3222 1022 3378 1078 οῦπω
3398 1023 3507 1095 γὰρ
3527 1023 3833 1093 ἐκδημὴσω

2239 1119 2334 1172 τοῦ
2366 1118 2636 1189 παρόντος
2662 1118 2799 1189 βίου.
2894 1156 2897 1159 λ

2318 1208 2515 1279 Τίμιος
2542 1208 2823 1264 ἐναντίον
2846 1207 3079 1278 Κυρίου
3110 1210 3144 1264 ὁ
3181 1206 3444 1274 θάνατος
3478 1205 3604 1260 τῶν
3645 1203 3834 1258 ὁσίων

2242 1300 2453 1356 αὐτοῦ.
2495 1302 2715 1374 Χαίρω,
2762 1302 2952 1373 φησὶν,
3011 1300 3416 1372 ἀποθνήσκωνο
3478 1298 3669 1367 τίμιος
3726 1295 3835 1363 γὰρ

2242 1393 2397 1461 παρὰ
2428 1392 2549 1464 Θεῷ
2575 1395 2604 1447 ό
2638 1393 2867 1458 Θάνατος
2898 1393 3009 1446 τῶν
3045 1393 3384 1461 ὡσιωμὲνων
3416 1389 3606 1459 αὐτῷ’
3641 1388 3692 1440 εἰ
3730 1386 3835 1456 γὰρ

2244 1489 2279 1557 ἡ
2305 1487 2420 1559 ζωὴ
2448 1487 2655 1543 τούτων
2687 1490 2871 1559 τιμία,
2917 1487 3100 1558 πολλῷ
3158 1489 3366 1558 μᾶλλον
3398 1489 3427 1540 ὁ
3459 1486 3721 1546 θάνατος,
3763 1481 3838 1543 ὡς

2245 1583 2326 1643 εἰς
2357 1582 2448 1636 τὸν
2473 1582 2755 1650 Δεσπότην
2781 1581 2948 1636 αὑτὸν
2974 1579 3313 1644 διαϐιϐἀζων
3342 1578 3549 1641 αὐτοὺς
3580 1573 3834 1646 τιμωμέ-

2245 1688 2373 1732 νους
2420 1669 2510 1723 διὰ
2542 1669 2886 1742 προπομπῆς
2941 1669 3117 1738 ἁγίων
3147 1669 3423 1737 ἀγγέλων.

2315 1854 2392 1914 Ὠ
2413 1858 2613 1925 Κύριε,
2645 1856 2762 1927 ἐγὼ
2788 1855 3015 1921 δοῦλος
3052 1857 3188 1922 σός.
3208 1854 3545 1924 Ὠσιωμένος
3575 1851 3690 1918 σοὶ,
3711 1851 3842 1905 ἀνα-

2249 1951 2506 2019 κείμενος
2530 1953 2598 2021 τῇ
2628 1952 2695 2021 σῇ
2726 1948 3042 2019 δεσποτεία.

2333 2043 2481 2113 Ἐγὼ
2517 2043 2741 2109 δοῦλος
2779 2042 2917 2108 σὸς,
2948 2040 3050 2095 καί
3109 2038 3243 2106 υίὸς
3328 2038 3442 2107 τῆς
3508 2035 3841 2099 παιδίσκης

2248 2154 2388 2192 σου.
2427 2136 2841 2205 Ἐδιττολόγησε
2877 2133 2979 2205 μὲν
3004 2132 3313 2203 ἐμφαίνων,
3337 2132 3422 2185 ὅτι
3446 2130 3640 2201 χαίρει
3681 2126 3842 2182 τοῦτο

2250 2229 2609 2299 καλούμενος,
2646 2229 2741 2282 καὶ
2773 2225 3225 2296 ὰνεπάισχύντως
3244 2222 3503 2291 ὁμολογεῖ
3532 2220 3721 2283 τοῦτο,
3748 2215 3841 2269 καὶ

2251 2323 2547 2392 κηρύσσειο
2580 2322 2713 2386 Υἱὸς
2728 2320 2808 2384 δὲ,
2826 2319 2983 2390 φησὶ,
3008 2316 3120 2386 τῆς
3146 2314 3477 2380 παιδίσκης
3493 2326 3639 2374 σου,
3670 2308 3839 2379 δηλῶν

2249 2416 2332 2468 ὅτι
2365 2416 2430 2466 ἐκ
2483 2412 2767 2485 προγόνων
2813 2410 3002 2475 δοῦλός
3026 2410 3145 2463 ἐστι
3174 2407 3270 2462 τοῦ
3302 2406 3461 2470 Θεοῦ,
3494 2403 3838 2473 Ἀδιαφόρως

2248 2505 2307 2561 δὲ
2333 2506 2432 2575 τῆς
2461 2505 2667 2575 μητρὸς
2694 2503 2856 2574 μόνον
2884 2501 3318 2573 ἐμνημόνευσεν·
3354 2498 3388 2566 ἢ
3420 2498 3514 2552 καὶ
3543 2498 3707 2558 διότι,
3724 2495 3840 2548 τότε

2250 2599 2320 2651 τὰ
2360 2599 2425 2650 ἐκ
2467 2597 2576 2650 τῶν
2601 2595 3004 2667 θεραπαινίδων
3033 2595 3309 2664 οίκογενῆ,
3368 2591 3681 2663 τιμιώτερα
3731 2589 3839 2648 τοῖς

2251 2684 2547 2752 δεσπόταις
2570 2682 2737 2758 ἦσαν.

2322 2779 2648 2849 Διέρρηξας
2695 2776 2840 2845 τοὺς
2889 2776 3157 2847 δεσμούς
3188 2792 3334 2846 μου.
3395 2770 3535 2836 Τοὺς
3594 2769 3705 2826 ἀπὸ
3745 2768 3839 2836 τῆς

2253 2873 2557 2948 ἁμαρτίας,
2598 2871 2676 2945 τῷ
2711 2871 2861 2941 ξίφει
2880 2873 2982 2941 τῆς
3018 2868 3335 2940 μετανοίας.

2328 3052 2432 3108 Σοὶ
2464 3052 2634 3107 θύσω
2677 3050 2904 3105 θυσίαν
2967 3048 3285 3112 αἰνέσεως.
3339 3014 3544 3097 Θυσίαν
3592 3036 3842 3109 λογικὴν,

2255 3147 2450 3202 θυσίαν
2496 3146 2779 3209 αἰνέσεως,
2828 3142 3151 3212 γεννήματα
3195 3137 3298 3208 τῆς
3328 3138 3470 3207 ἐμῆς
3493 3133 3737 3198 κοιλίας,
3766 3127 3845 3183 σοὶ

559 3217 918 3285 sacrificium,
955 3222 1212 3294 fetusque
1244 3241 1308 3279 ac
1335 3243 1563 3297 germen
1594 3230 1903 3296 spiritualis
1934 3234 2148 3289 ventris

2255 3232 2430 3300 θύσω,
2458 3234 2554 3289 ἐπὶ
2571 3232 2665 3287 τοῦ
2707 3229 3099 3303 θυσιαστηρίου
3133 3229 3234 3300 τῆς
3257 3225 3500 3299 ἐμαυτοῦ
3534 3224 3746 3297 ψυχῆς.

561 3307 687 3362 mei.
725 3309 895 3374 Hanc.
929 3313 1178 3383 inquam,
1209 3315 1444 3373 hostiam
1472 3319 1652 3377 laudis
1686 3322 1784 3378 tibi
1813 3324 2143 3382 sacrificabo

559 3396 616 3453 in
647 3399 801 3455 altari
835 3404 1039 3459 animae
1083 3422 1240 3463 mete.

642 3488 710 3545 Et
739 3495 797 3547 in
824 3498 1038 3550 nomine
1074 3497 1293 3554 Domini
1326 3502 1600 3559 invocabo.
1637 3504 1705 3559 Et
1739 3507 2012 3563 invocabo
2047 3525 2153 3565 no-

563 3596 690 3633 men
721 3580 939 3640 Domini
975 3588 1029 3640 in
1063 3590 1638 3648 subministrationem
1662 3634 1678 3660 ,
1717 3604 1881 3667 atque
1910 3598 1963 3651 in
1993 3599 2156 3654 auxi-

518 3674 521 3675 ⁷
563 3672 699 3724 lium
741 3674 906 3743 hujus
941 3680 1225 3734 sacrificii.

630 3763 796 3821 νεεδ.
833 3768 919 3823 l8.
963 3768 1099 3824 Vota
1126 3788 1240 3826 utea
1275 3773 1502 3830 Domino
1535 3776 1774 3838 reddam.
1803 3794 1981 3833 coram
2014 3782 2159 3836 omni

566 3856 763 3925 populo
807 3859 949 3928 ejus.
1003 3863 1223 3933 Repetit
1259 3868 1425 3922 verba
1474 3870 1640 3938 paulo
1687 3878 1813 3925 ante
1859 3871 2033 3938 dicta,
2086 3873 2158 3929 ad

565 3946 828 4015 Inajorem
866 3953 1141 4008 sermonis
1172 3956 1259 4018 sui
1294 3957 1798 4018 confirmationem.

638 4036 707 4116 In
740 4041 879 4098 aulis
911 4044 1103 4101 domus
1142 4045 1379 4113 Domini,
1410 4051 1464 4104 in
1498 4053 1669 4107 medio
1700 4055 1799 4120 lui,
1828 4053 2154 4115 Jerusalem.

565 4131 809 4201 Apponit
836 4143 890 4190 et
922 4136 1124 4205 locum,
1157 4139 1248 4195 ubi
1284 4143 1604 4199 redditurus
1648 4155 1734 4200 cst
1771 4154 1916 4203 vota.
1954 4147 2021 4203 In
2057 4167 2158 4203 au-

565 4226 655 4286 Iis,
688 4225 888 4297 inquit.
919 4229 1108 4285 domus
1133 4231 1372 4300 Domini;
1400 4236 1583 4293 varias
1613 4239 1758 4294 enim
1782 4242 1938 4298 aulas
1964 4242 2157 4298 habuit

564 4319 984 4375 tabernaculum
1023 4324 1200 4393 illud,
1238 4328 1384 4395 quod
1434 4330 1630 4385 beatus
1676 4330 1843 4387 David
1893 4332 2154 4389 fabricari

562 4411 813 4474 jusserat
848 4413 903 4466 in
940 4414 1123 4470 medio
1151 4414 1480 4472 Jerusalem.
1512 4420 1580 4473 Et
1612 4422 1724 4477 hac
1747 4424 1969 4491 quidem
2001 4424 2159 4493 juxta

567 4503 928 4567 praecedentis
975 4507 1174 4575 psalmi
1223 4512 1682 4580 consequentiam
1739 4515 2151 4583 exposuimus:

565 4608 755 4646 verum
787 4594 1170 4666 Chrysostomi
1221 4601 1385 4655 etiam
1440 4603 1840 4673 expositionem
1887 4606 2154 4664 addamus

567 4684 833 4749 dicentis,
860 4687 1029 4754 quod,
1063 4705 1187 4743 cum
1218 4692 1563 4759 praevidisset
1591 4695 1788 4751 beatus
1815 4695 1982 4752 David
2009 4715 2159 4768 qrue—

566 4791 789 4845 cunque
814 4781 1029 4846 passuri
1060 4792 1220 4837 erant
1250 4782 1436 4849 Judaei
1461 4787 1514 4841 in
1548 4787 1855 4855 obsidione,
1891 4801 1945 4845 et
1977 4794 2153 4863 capti-

567 4868 737 4922 vitate
777 4867 1134 4939 Babylonica,
1187 4884 1241 4929 et
1270 4886 1452 4931 mente
1483 4879 1648 4933 etiam
1689 4883 2018 4938 rcvolvisset
2058 4900 2157 4940 eos

568 4957 723 5012 illinc
766 4960 1115 5028 postmodum
1167 4967 1509 5022 revocandos
1557 4985 1701 5035 esse,
1739 4981 1904 5042 atque
1955 4974 2009 5028 in
2061 4990 2158 5046 pa-

569 5049 735 5102 triam
778 5052 1172 5120 restituendos,
1203 5060 1453 5125 prorupit
1489 5060 1544 5115 in
1574 5061 1690 5117 haec
1713 5066 1902 5129 verba,
1932 5065 2150 5121 dicens:

565 5140 816 5210 Credidi,
836 5145 983 5213 quod
1005 5147 1218 5202 scilicet
1236 5151 1435 5219 captivi
1458 5162 1618 5206 erunt
1636 5152 1831 5220 Judaei,
1857 5164 1909 5211 et
1932 5158 2077 5228 quod
2102 5162 2157 5213 iu

571 5236 804 5303 patriam
842 5239 1006 5293 etiam
1050 5243 1446 5312 restituentur;
1486 5246 1697 5302 credidi
1740 5265 1887 5312 vero,
1921 5251 1995 5303 ita
2026 5252 2157 5305 edo-

570 5338 693 5381 ctus
723 5343 751 5383 a
785 5332 1107 5401 prophetica
1145 5338 1427 5405 gratiazet
1467 5350 1753 5409 propterea
1790 5342 2009 5397 locutus
2037 5359 2157 5397 sum

572 5420 640 5473 de
696 5421 799 5476 hac
860 5439 940 5490 re,
972 5428 1141 5482 variis
1192 5430 1404 5486 scilicet
1437 5431 1491 5485 in
1556 5432 1801 5501 psalmis.
1842 5434 1952 5504 Ego
1986 5445 2162 5490 autem

575 5511 891 5568 humiliatus
919 5531 1037 5568 sum
1062 5519 1234 5583 valde,
1265 5519 1391 5572 dum
1428 5520 1637 5592 afﬂigur
1666 5523 1883 5578 scilicet
1915 5533 1969 5579 et
1999 5526 2162 5580 doleo

576 5603 917 5668 captivorum
959 5608 1131 5663 vicem
1157 5631 1170 5666 :
1195 5609 1308 5680 Ego
1337 5613 1451 5667 dixi
1483 5614 1535 5666 in
1566 5616 1767 5670 exstasi
1793 5632 1907 5670 mea
1932 5632 1949 5672 :
1977 5616 2161 5673 Omnis

580 5687 735 5745 homo
765 5694 962 5760 fallax.
998 5699 1229 5756 Summo
1254 5718 1379 5772 ego,
1408 5705 1609 5774 inquit,
1638 5706 1830 5762 dolore
1853 5717 2161 5777 correptus,

580 5794 711 5846 quo,
762 5795 819 5838 ut
863 5791 1067 5845 assolet
1120 5809 1523 5862 saepenumero,
1570 5805 1723 5852 extra
1775 5815 1861 5855 me
1893 5802 2160 5870 quodam-

584 5871 750 5927 modo
791 5876 858 5933 ad
907 5887 1124 5949 tempus
1164 5886 1400 5945 effectus
1433 5905 1581 5956 sum,
1624 5900 1679 5947 et
1727 5907 1866 5956 ncne
1915 5894 2159 5951 redditus

2330 3500 2439 3556 Kal
2464 3499 2533 3554 ἐν
2569 3500 2820 3568 ὀνόματι
2842 3496 3066 3566 Κυρίου
3094 3491 3559 3563 ἐπικαλέσομαι.
3620 3492 3742 3548 Καὶ
3783 3490 3840 3545 τὸ

2261 3592 2441 3663 ὄνομα
2483 3592 2692 3663 Κυρίου
2730 3589 3156 3656 ἐπικαλέσομαι,
3186 3587 3267 3651 είς
3295 3585 3565 3657 χορηγίαν
3597 3587 3705 3657 τῆς
3746 3601 3847 3638 τοι-

2259 3683 2437 3752 αύτης
2456 3682 2673 3748 θυσίας,
2707 3682 2805 3734 καὶ
2835 3680 3158 3748 συνεργίαν.

2334 3772 2451 3839 Τὰς
2472 3772 2661 3841 εὐχάς
2691 3789 2811 3841 μου
2832 3769 2912 3837 τῷ
2945 3771 3148 3838 Κυρίῳ
3208 3765 3508 3823 ἀποδώσω
3563 3765 3847 3823 ἐναντίον

2259 3862 2490 3929 παντὸς
2517 3862 2625 3916 τοῦ
2655 3861 2811 3917 λαοῦ
2835 3861 3045 3916 αὐτοῦ.
3066 3856 3203 3914 Eius
3224 3856 3387 3909 τοῦτο
3421 3856 3518 3908 καὶ
3560 3858 3842 3922 ἀνωτέρω,

2260 3957 2355 4012 καὶ
2379 3955 2718 4025 παλιλλογεῖ,
2748 3954 2987 4027 βεϐαιῶν
3019 3954 3112 4007 τὸν
3145 3953 3310 4023 λόγον
3333 3952 3525 4009 αὐτοῦ.

2341 4049 2438 4104 Ἐν
2454 4048 2673 4115 αὐλαῖς
2698 4048 2872 4103 οἴκου
2897 4049 3146 4117 Κυρίου,
3172 4047 3244 4102 ἐν
3271 4047 3444 4116 μέσῳ
3466 4060 3611 4110 σου,
3628 4042 3848 4112 Ἰερου-

2259 4141 2490 4211 σαλήμ.
2524 4142 2694 4209 Λέγει
2732 4140 2945 4194 καὶτὸν
2969 4140 3133 4194 τόπον
3179 4139 3310 4193 ἔνθα
3351 4138 3451 4201 τὰς
3504 4134 3674 4206 εὐχὰς
3720 4136 3845 4187 ἀπο-

2260 4231 2446 4297 δώσει,
2479 4233 2563 4285 ὅτι
2608 4234 2712 4285 Ἐν
2741 4230 2964 4297 αὐλαῖς
3026 4228 3197 4283 οἴκου
3243 4228 3504 4296 Κυρίου’
3563 4223 3846 4294 διαφόρους

2259 4323 2369 4393 γὰρ
2397 4321 2540 4393 εἶχεν
2567 4322 2739 4385 αὐλὰς
2773 4323 2807 4394 ἡ
2836 4320 3034 4389 σκηνὴ,
3071 4319 3196 4388 ἥτις
3235 4318 3358 4371 τότε
3385 4313 3452 4385 ἧν
3490 4317 3548 4368 ἐν
3574 4314 3727 4385 μέσῳ
3755 4311 3847 4378 τῆς

2272 4414 2652 4487 Ἰερουσαλήμ.
2714 4412 2903 4467 Ταῦτα
2975 4411 3075 4482 μὲν
3156 4410 3301 4464 κατὰ
3361 4408 3459 4479 τὴν
3526 4403 3847 4479 ἀκολουθίαν

2262 4506 2692 4577 ήρμηνεύσαμεν
2736 4505 2832 4558 τοῦ
2867 4503 3239 4575 προλαὸόντος
3264 4499 3484 4573 ψαλμοῦ
3507 4516 3520 4531 ο
3543 4500 3730 4553 λοιπὸν
3759 4493 3846 4549 οὖν

2187 4579 2230 4635 Ῑ)
2261 4597 2642 4668 παραθώμεθα
2670 4598 2766 4652 καὶ
2799 4598 2898 4667 τὴν
2921 4597 3227 4667 ἑρμηνείαν
3278 4594 3375 4647 τοῦ
3404 4594 3693 4665 Χρυσοστό
3726 4604 3843 4660 μου.

2261 4695 2425 4761 Λέγει
2448 4692 2558 4763 γὰρ
2578 4693 2658 4745 ὅτι
2686 4689 2922 4761 προϊδὼν
2951 4691 2979 4743 ὁ
3003 4688 3166 4742 Δαὸὶδ
3187 4690 3286 4742 ὅσα
3308 4687 3564 4757 μέλλουσι
3589 4684 3780 4739 παθεῖν
3800 4677 3844 4732 οἱ

2272 4786 2519 4839 Ἰουδαῖοι
2544 4780 3003 4851 πολιορκηθέντες
3045 4779 3144 4833 καὶ
3172 4777 3517 4847 ἀπαχθέντες
3558 4778 3639 4841 είς
3678 4771 3847 4828 Βαϐυ-

2264 4859 2438 4942 λῶνα,
2470 4872 2835 4946 αἰχμάλωτοι,
2858 4868 2978 4925 εἶτα
3013 4871 3275 4941 μνησθεὶς
3294 4870 3390 4924 καὶ
3416 4870 3548 4941 περῖ⁵
3574 4869 3677 4938 τῆς
3721 4866 3846 4918 ἁνα-

2210 4998 2215 5003 -
2263 4967 2511 5036 κλήσεως
2532 4964 2711 5018 αὐτῶν
2736 4964 2830 5017 καὶ¹
2851 4958 3008 5027 αὖθις
3031 4961 3570 5025 ἀποκαταστάσεως,
3598 4958 3761 5029 φησὶν
3792 4952 3845 5004 ἐν

2266 5060 2414 5133 ρόντι
2444 5060 2645 5131 ψαλμῷ
2666 5076 2681 5091 ·
2714 5058 3047 5112 Ἐπίστευσα
3070 5058 3153 5111 ὅτι
3178 5056 3274 5119 καὶ
3313 5052 3730 5126 αἰχμαλωτισθή
3773 5043 3846 5113 τῷ

2266 5169 2536 5207 πασονται
2589 5153 2686 5205 καὶ
2733 5149 3210 5215 ἐπανελεύσονται,
3242 5149 3514 5219 διδαχθεὶς
3538 5147 3734 5207 ταῦτα,
3763 5138 3847 5194 διὶ

2263 5245 2358 5300 τοῦ
2393 5244 2734 5316 προφητικοῦ
2761 5246 3107 5316 χαρίσματος
3129 5260 3143 5274 ⁶
3179 5243 3261 5297 διὸ
3291 5244 3537 5312 ἐλάλησα
3556 5242 3686 5312 περὶ
3722 5233 3843 5291 τού-

2263 5357 2371 5393 των
2410 5340 2468 5392 ἐν
2496 5338 2773 5408 διαφόροις
2806 5338 3063 5408 ψαλμοῖς.
3123 5337 3278 5403 Ἐγὼ
3330 5335 3400 5388 δὲ
3448 5331 3848 5395 ἐταπεινώθην

2264 5431 2531 5501 σφόδρα·
2556 5431 2846 5499 ἐκακώθην
2900 5432 3107 5501 σφόδρα
3140 5430 3521 5501 περιαλγήσας
3550 5430 3641 5481 ἐπὶ
3667 5429 3731 5497 τῇ
3761 5421 3846 5519 αέα

2267 5523 2577 5594 xuii/mola.
2637 5522 2767 5592 Εγὼ
2790 5522 2858 5575 δὲ
2876 5519 3012 5576 εἶπα
3032 5522 3101 5575 ἑν
3127 5520 3202 5589 τῇ
3230 5520 3516 5574 ἐκστάσει
3541 5532 3662 5589 μοι)
3686 5535 3699 5548 ’
3731 5517 3846 5573 Πᾶς

2267 5616 2578 5684 ἅνθρωπος
2595 5615 2891 5684 ψεύστης.
2919 5615 3010 5667 Ἐν
3047 5616 3113 5683 τῇ
3131 5612 3278 5685 λύπῃ
3311 5631 3413 5683 μου
3440 5613 3647 5685 ἐκείνῃο
3669 5601 3847 5672 ἐξιστᾷ

2267 5712 2377 5781 γὰρ
2394 5708 2486 5762 τοῦ
2511 5710 2913 5778 καθεστηκότος
2939 5708 3203 5771 πολλάκις
3233 5709 3267 5779 ἡ
3301 5706 3471 5777 λύπη,
3500 5704 3847 5775 σφοδρότερον

2269 5801 2779 5871 δὲ’κατασχεθείσα,
2808 5800 2902 5853 καὶ
2926 5798 3290 5871 ἀναισθησίαν
3328 5800 3649 5870 ἐργάζεται.
3706 5787 3846 5847 Ἰδὼν

2268 5890 2376 5963 γὰρ
2417 5890 2651 5961 μάλιστα
2682 5890 2740 5944 τὸ
2788 5889 3045 5946 άὸἑὸαιον
3092 5890 3190 5963 τῆς
3253 5888 3607 5961 ἀνθρωπίνης
3649 5886 3841 5954 εὑημε’
