4052 6402
167 297 307 362 1121

1370 252 1764 346 sortimur.
1809 286 1893 345 IN
1939 286 2298 349 PSALMOS.

3315 290 3460 359 1122

166 410 299 484 ρίας
325 408 382 463 ἑν
414 407 485 477 τῇ
509 400 783 488 μεταϐολῇ
813 399 912 469 τῆς
955 394 1262 469 εὐημερίας
1295 394 1406 447 τῶν
1465 394 1757 457 Ἰουδαίων,

1868 396 1988 450 sine
2017 414 2210 466 sensu,
2272 416 2338 458 eo
2372 403 2519 473 quod
2559 403 2856 459 maximam
2886 403 3144 460 humanae
3172 403 3457 466 felicitatis

165 499 329 558 εἷπον
361 486 647 561 ὅντωςήότι
700 496 811 548 πᾶν
857 490 1202 563 ἀνθρώπινον
1264 486 1492 556 ἀγαθὸν,
1546 486 1762 556 ψευδὲς,

170 594 251 668 μὴ
283 593 534 662 πεφυκὸς
561 587 930 660 παραμένειν,
956 583 1072 638 ἀλλ’
1097 581 1224 635 ἐπεὶ
1272 581 1436 635 πάλιν
1465 579 1765 648 ἀνάκλησιν

165 686 386 749 ἐλπίζω
428 683 635 752 εὑρεῖν,
662 670 1004 747 ὑπερχαίρω,
1028 674 1110 727 διδ
1144 673 1236 727 καὶ
1272 672 1450 741 λέγω·
1494 672 1557 725 Τί
1582 670 1765 724 ἀντα-

166 778 430 834 ποδώσω
457 775 538 840 τῷ
563 772 758 842 Κυρίῳ
786 770 924 839 περὶ
947 769 1211 832 πάντων,
1251 759 1340 819 ὧν
1380 761 1767 820 ἀνταπέδωκέ

162 867 564 943 μοι;οἰκείαν
617 864 943 936 εὐεργεσίαν
1012 859 1171 914 τοῦτο
1223 856 1522 926 λογίζεται,
1558 855 1648 909 διὰ
1704 854 1764 906 τὸ

170 966 332 1032 γένος
355 981 370 996 α
402 960 582 1016 Πολλὰ
616 958 739 1029 μὲν,
775 955 963 1027 φησὶν,
991 951 1363 1023 εὐηργέτησεν
1397 950 1426 1002 ὁ
1459 947 1684 1019 Κύριος,
1712 947 1764 1000 τί

174 1053 273 1111 οὖν
303 1056 428 1109 ἀντὶ
460 1054 683 1107 πάντων
706 1045 1082 1104 ἀνταποδώσω
1108 1043 1291 1113 αὐτῷ;
1353 1040 1563 1110 Πολλῆς
1611 1057 1763 1109 περι-

165 1148 423 1221 χαρείας,
451 1144 547 1200 καὶ
575 1137 999 1213 εὐγνωμοσύνης
1026 1136 1054 1188 ὁ
1082 1136 1240 1204 λόγος
1263 1177 1280 1191 .
1326 1132 1625 1200 Ποτήριον
1642 1148 1762 1186 σω.

166 1242 382 1309 τηρίου
411 1238 710 1307 λήψομαι,
739 1233 1027 1289 σπονδεῖον
1062 1228 1344 1300 λήψομαι·
1410 1225 1621 1279 οπεξσω
1685 1223 1765 1294 τῷ

166 1333 291 1404 Θεῷ
342 1332 483 1403 ὑπὲρ
511 1328 789 1400 σωτηρίας
813 1325 907 1379 τοῦ
931 1319 1274 1379 λαοῦΪΗσαν
1297 1320 1406 1391 γὰρ
1444 1319 1599 1391 παρὰ
1626 1318 1763 1371 Ἰου-

167 1426 345 1488 δαξοις
365 1423 564 1496 τράποι
597 1419 856 1490 διάφοροι
903 1416 1131 1480 θυσιῶν,
1166 1406 1241 1468 ὧν
1270 1407 1351 1474 εἷς
1386 1406 1498 1496 iw,“
1522 1407 1763 1475 σπονδὴ

166 1493 498 1578 σωτηρίου,
533 1509 815 1563 σπονδεῖον
855 1506 912 1560 δὲ
939 1505 1001 1559 τὸ
1036 1503 1319 1573 ποτήριον,
1347 1501 1416 1555 δι’
1440 1493 1502 1554 οὗ
1564 1499 1766 1552 ἕσπον-

166 1603 278 1657 δον.
310 1600 424 1655 Kal
458 1598 523 1655 τὸ
554 1599 744 1669 ὄνομα
764 1597 991 1667 Κυρίου
1030 1593 1495 1662 ἐπικαλέσωμαι·
1525 1592 1606 1651 είς
1664 1607 1768 1643 σω-

166 1693 369 1764 τηρίαν
398 1692 494 1746 τοῦ
534 1690 694 1746 λαοῦ.
744 1689 786 1744 Τ
787 1693 860 1757 ὰς
884 1687 1075 1757 εὐχάς
1095 1704 1216 1757 μου
1249 1684 1333 1751 τῷ
1359 1682 1560 1754 Κυρίῳ
1614 1683 1763 1737 ἀπο-

167 1788 346 1842 δώσω
400 1788 687 1842 ἐναντίον
738 1785 970 1850 παντὸς
1020 1781 1130 1837 τοῦ
1169 1781 1327 1837 λαοῦ
1376 1781 1590 1836 αὐτοῦ.
1649 1780 1760 1843 Τὰς

172 1879 502 1952 ὑποσχέσεις
536 1878 602 1942 εις
626 1880 686 1933 ὲν
727 1874 1122 1948 περιστάσεσιν
1177 1872 1275 1939 ῶν,
1309 1872 1451 1944 ὑπὲρ
1483 1871 1762 1941 σωτηρίας

172 1971 617 2044 ἐπηγγειλάμην·
647 1972 843 2037 Τίμιος
865 1967 1148 2023 ἐναντίον
1185 1964 1411 2034 Κυρίου
1442 1967 1475 2018 ό
1505 1962 1763 2028 θάνατος

170 2064 292 2120 τῶν
305 2064 494 2119 ὁσίων
519 2061 730 2117 αὐτοῦ.
756 2059 930 2115 Τοῦτο
958 2059 1375 2130 καθοδηγητικη
1404 2055 1759 2120 διδασκαλία,

171 2156 306 2229 περὶ
331 2153 429 2210 τοῦ
454 2154 728 2225 τιμᾶσθαι
760 2151 914 2225 παρὰ
941 2150 1103 2218 Θεοῦ,
1136 2151 1236 2205 καὶ
1268 2150 1361 2204 τδν
1393 2149 1626 2205 θάνατον
1650 2147 1761 2201 τῶν

172 2250 380 2306 δούλων
413 2245 604 2315 αὐτοῦ,
638 2245 728 2300 διὰ
789 2242 1105 2315 παρουσίας
1162 2241 1418 2313 ἀγγέλων
1479 2240 1761 2304 πολλάκις,

176 2342 272 2399 καὶ
300 2340 517 2396 πολλῶν
552 2338 746 2408 ἁγίων,
789 2339 871 2401 εἰς
893 2335 1102 2407 πολλὴν
1130 2334 1299 2407 τιμὴν
1352 2335 1463 2389 τῶν
1523 2333 1766 2402 ἀποθνη-

175 2432 438 2489 σκόντων.
466 2423 567 2484 Ὧν
584 2428 642 2483 δὲ
662 2431 692 2483 ὁ
714 2427 949 2491 θάνατος
972 2426 1178 2498 τίμιος,
1199 2425 1406 2481 τούτων
1452 2425 1548 2478 καὶ
1591 2425 1624 2494 ἡ
1649 2422 1765 2494 ζωὴ

182 2522 528 2595 τιμιωτέρα·
559 2522 620 2575 ἔν
722 2520 823 2584 τὰς
857 2519 1063 2591 ἀρετάς
1089 2516 1477 2588 ἐργαζόμενοι,
1506 2516 1600 2568 τὸν
1646 2515 1767 2567 ἑαυ-

174 2615 288 2671 τῶν
345 2613 684 2685 ἐθεράπευον
706 2611 1000 2681 δεσπότην.
1028 2605 1107 2666 '0
1134 2608 1338 2679 Κύριε,
1367 2608 1483 2680 ἐγὼ
1544 2607 1766 2673 δοῦλος

173 2709 308 2775 σὸς,
334 2707 434 2762 καὶ
461 2706 595 2773 υίὸς
617 2703 729 2775 τῆς
756 2704 1089 2772 παιδίσκης
1122 2718 1241 2758 σου
1272 2718 1289 2736 ο
1326 2704 1388 2756 οὐ
1426 2702 1526 2772 τὴν
1580 2702 1767 2772 κοινὴν

171 2801 351 2869 λέγων
402 2799 672 2868 δουλείαν,
699 2798 822 2853 καθ’
853 2798 920 2868 ἢν
977 2797 1182 2859 πάντες
1245 2795 1422 2850 δοῦλοί
1475 2796 1580 2849 εἱσι
1630 2794 1765 2849 Θεοῦ

171 2890 279 2963 (Td
312 2892 645 2962 σύμπαντα
699 2891 832 2963 γὰρ,
868 2890 1058 2962 φησὶν,
1093 2887 1289 2943 δοῦλα
1323 2887 1452 2959 σὰ),
1481 2887 1624 2941 ἀλλὰ
1665 2886 1765 2958 τὴν

172 2984 238 3036 ὲκ
276 2983 660 3052 προαιρέσεως
685 2982 781 3036 καί¹
811 2979 1008 3044 πόθου,
1048 2977 1144 3032 καὶ
1173 2978 1409 3047 στοργῆς
1433 2992 1449 3007 ⁸
1487 2976 1676 3048 τίθησι
1708 2977 1766 3030 δὲ

1870 491 2303 549 inconstantiam
2346 511 2650 560 cernerem,
2693 507 2857 567 atque
2890 498 2942 552 in
2978 498 3158 567 specie
3187 500 3461 556 mutatio-

1870 598 1992 637 nem
2031 592 2207 641 status
2241 585 2555 644 Judaeorum
2588 590 2968 659 praeviderem,
2996 591 3110 645 dixi
3139 608 3154 644 :
3179 589 3320 646 Vere
3347 593 3459 646 hu-

1871 690 2094 731 tnanum
2126 695 2288 735 onme
2320 681 2522 735 bonum
2557 682 2721 736 fallax
2765 695 2870 747 est,
2910 683 3037 751 quia
3084 684 3323 754 propriae
3352 697 3455 738 ua-

1870 774 2004 822 tnrre
2035 772 2245 826 ratione
2274 787 2604 841 permanens
2633 790 2741 829 non
2782 783 2885 831 est.
2922 773 3122 830 Verum
3153 776 3282 843 quia
3316 777 3445 833 illos

1868 876 2064 916 rursus
2115 867 2168 917 in
2229 866 2465 934 patriam
2521 869 2866 922 revocandos
2914 869 3193 938 perspexi,
3241 879 3296 923 ct
3342 884 3457 923 non

1869 955 2128 1009 mediocri
2161 967 2449 1026 propterea
2477 958 2678 1029 gaudio
2706 957 2934 1012 allectus
2962 975 3105 1023 sum,
3130 959 3283 1014 dico:
3310 958 3454 1024 Quid

1868 1044 2158 1098 retribuam
2184 1045 2436 1115 Domino,
2465 1063 2560 1118 pro
2589 1050 2829 1103 omnibus
2860 1066 2977 1118 qua:
3010 1050 3252 1102 retribuit
3286 1050 3460 1105 mihi?

1869 1130 1987 1190 Sibi
2019 1137 2162 1192 enim
2191 1138 2466 1210 I’rOpheta
2496 1148 2664 1211 atque
2705 1143 2758 1195 in
2794 1143 3063 1196 rationem
3097 1158 3255 1197 suam
3301 1157 3462 1200 acce-

1869 1236 2021 1298 ptum
2061 1229 2229 1285 refert
2258 1248 2422 1287 omne
2460 1234 2811 1295 beneﬁcium.
2843 1235 2989 1304 quod
3022 1235 3074 1288 in
3102 1234 3323 1290 Iudaeos
3359 1251 3461 1290 co—

1866 1328 2063 1391 gnatos
2107 1338 2237 1379 suos
2283 1323 2453 1379 fuerit
2488 1325 2772 1381 collatum.
2812 1325 2983 1382 Multa
3019 1327 3193 1392 mihi,
3233 1327 3458 1397 inquit,

1869 1412 2135 1468 beneﬁcia
2168 1416 2399 1471 contulit
2431 1415 2718 1474 Dominus.
2754 1417 2898 1483 Quid
2932 1418 3103 1488 igitur
3133 1435 3233 1489 pro
3267 1420 3454 1475 omni-

1868 1506 1971 1559 bus
2011 1506 2096 1561 bis
2147 1508 2222 1562 illi
2272 1509 2613 1564 retribuam?
2665 1511 2845 1564 Animi
2896 1511 3056 1567 valde
3103 1514 3243 1582 grati
3295 1522 3462 1583 atque

1868 1597 2060 1654 hilaris
2083 1607 2212 1653 sunt
2238 1601 2408 1655 verba
2440 1616 2455 1654 :
2481 1600 2718 1656 Calicem
2751 1603 3013 1659 salutaris
3045 1606 3328 1673 accipiam,
3354 1606 3462 1661 hoc

1869 1699 1993 1754 est,
2030 1706 2126 1746 vas
2162 1692 2512 1748 libaminum.
2552 1693 2787 1760 Libabo,
2831 1695 3055 1766 inquit,
3093 1695 3201 1753 Deo
3234 1713 3334 1768 pro
3374 1713 3465 1753 sa-

1867 1783 1982 1837 lute
2018 1784 2226 1853 populi.
2248 1783 2417 1839 Erant
2446 1786 2593 1840 enim
2628 1787 2773 1856 apud
2805 1786 3025 1843 lumnas
3056 1789 3207 1843 varii
3230 1790 3457 1844 sacriﬁ-

1865 1875 2081 1929 ciorum
2124 1875 2269 1928 modi
2300 1892 2313 1927 :
2348 1892 2583 1945 quorum
2613 1893 2757 1931 unus
2811 1879 3048 1934 libamen
3080 1879 3342 1934 salutaris
3375 1881 3461 1935 di-

1866 1968 2115 2023 cebatur.
2151 1966 2260 2024 Vas
2321 1978 2505 2025 autem
2572 1970 2726 2034 illud,
2787 1986 2897 2040 quo
2956 1973 3224 2039 libabant,
3269 1974 3460 2029 calicis

1869 2057 2097 2129 ﬁguram
2147 2059 2401 2116 habebat.
2437 2058 2506 2112 Et
2544 2076 2732 2114 nomen
2769 2060 2981 2115 Domini
3028 2063 3282 2118 invocabo
3327 2078 3343 2119 :
3382 2065 3452 2118 ad

1868 2151 2099 2205 salutem
2132 2152 2342 2221 populi.
2390 2150 2521 2207 Vota
2555 2169 2671 2206 mea
2705 2153 2931 2208 Domino
2961 2155 3206 2223 reddam,
3243 2158 3299 2210 in
3327 2173 3455 2210 con—

1866 2253 2047 2312 spectu
2099 2244 2271 2297 ornnis
2307 2244 2493 2313 populi
2540 2244 2688 2313 ejus,
2745 2247 2851 2300 hoc
2909 2258 3011 2313 est,
3068 2247 3463 2317 promissione:

1868 2337 1994 2392 illas
2050 2339 2380 2406 persolvant,
2413 2352 2553 2407 quas
2588 2337 2693 2393 feci
2725 2354 2826 2408 pro
2855 2339 3036 2394 salute
3072 2354 3191 2395 mea
3217 2356 3340 2396 cum
3375 2356 3463 2395 cs-

1868 2444 1983 2485 sem
2018 2430 2072 2484 in
2101 2430 2384 2499 periculis.
2422 2429 2666 2485 Pretiosa
2700 2431 2755 2485 in
2779 2444 3057 2501 conspectu
3081 2432 3293 2486 Domini
3317 2449 3462 2487 mors

1867 2535 2179 2576 sanctorum
2203 2522 2339 2591 ejus.
2368 2521 2638 2579 Docemur
2667 2539 2731 2579 ex
2761 2527 2864 2578 hoc
2894 2525 3039 2587 Ιοι-ο,
3075 2537 3305 2580 mortem
3337 2541 3460 2580 Ser-

1870 2632 2066 2671 vorutn
2121 2615 2236 2681 Dei,
2286 2617 2604 2687 angelorum
2642 2619 2707 2671 ac
2761 2628 3085 2671 cancrorum
3136 2626 3458 2672 sanctorum

1868 2709 2164 2780 praesentia
2198 2724 2444 2779 persaepe
2471 2708 2755 2765 honorari.
2792 2708 3041 2774 Quorum
3088 2718 3267 2765 autern
3307 2725 3460 2765 mors

1868 2803 2143 2858 honorata
2173 2813 2295 2865 est,
2341 2802 2560 2857 illorum
2599 2803 2708 2856 vita
2745 2802 2912 2856 etiam
2945 2809 3029 2858 est
3078 2802 3398 2856 honoratior
3441 2819 3455 2855 :

1870 2896 1923 2950 in
1958 2910 2087 2965 qua,
2120 2904 2399 2950 sectantes
2434 2897 2699 2951 virtutum
2736 2910 2920 2964 opera.
2970 2896 3259 2949 Dominum
3294 2910 3457 2951 suum

1870 2988 2147 3044 colebant.
2193 2987 2237 3043 0
2276 2988 2522 3055 Domine,
2550 3005 2665 3058 ego
2694 3005 2873 3043 servus
2910 2999 3053 3048 tuus,
3103 2996 3151 3040 et
3182 2989 3327 3056 ﬁlius
3359 3004 3463 3040 an-

172 3076 354 3142 τοῦτο,
386 3077 512 3129 ἀντὶ
547 3075 755 3138 παντὸς
810 3072 1152 3144 ἀξιώματος,
1205 3070 1764 3140 ὲγκαλλωπιζὸμενος

1868 3080 2009 3134 cillae
2043 3088 2169 3135 tuae.
2201 3079 2321 3134 Non
2372 3095 2722 3135 communem
2771 3079 2916 3133 hanc
2963 3079 3287 3134 servitutem
3324 3077 3461 3131 Pro-

170 3172 238 3239 τῇ
296 3167 523 3239 τοιαύτῃ
582 3167 803 3239 δουλείᾳ
859 3163 1123 3236 μᾶλλονῆ
1154 3166 1222 3235 τῇ
1269 3162 1540 3235 βασιλείᾳ.
1564 3164 1638 3217 Τὸ
1669 3164 1758 3230 δὲ,

180 3261 318 3327 Υἱὸς
347 3258 459 3328 τῆς
489 3258 831 3327 παιδίσκης
862 3274 1004 3319 σου,
1028 3256 1174 3309 κατὰ
1200 3256 1301 3324 τὴν
1360 3256 1763 3326 παραδοθεῖσαν

176 3354 460 3423 ἐξήγησιν,
487 3351 821 3421 Διέῤῥηξας
842 3350 986 3416 τοὺς
1020 3347 1288 3418 δεσμούς
1307 3365 1452 3417 μου,
1479 3349 1610 3411 τοὺς
1663 3349 1764 3418 τῆς

174 3445 371 3515 λύπης,
423 3445 550 3508 τοὺς
603 3443 715 3497 ἀπὸ
757 3442 868 3496 τῶν
921 3440 1276 3512 πειρασμῶν,
1324 3440 1389 3493 δοῖ
1427 3440 1636 3511 σφόδρα
1695 3456 1763 3510 με

179 3540 443 3607 συνεῖχον,
478 3536 573 3589 καὶ
609 3533 1016 3603 συσφίγγοντες
1043 3533 1286 3596 ὲπίεζον.
1328 3532 1405 3583 ’Ἠ
1459 3532 1556 3584 καὶ
1623 3533 1768 3597 κατὰ

175 3632 277 3703 τὴν
328 3628 589 3700 ἀνωτέρω
640 3625 907 3698 ῥηθεῖσαν
978 3624 1318 3695 ὲρμηνείανυ
1369 3621 1471 3677 Σοί
1542 3622 1768 3677 θυσίαν

177 3725 346 3782 θύσω
382 3722 696 3786 αίνέσεως,
740 3719 888 3791 ὑπὲρ
907 3718 1008 3788 τῆς
1033 3716 1377 3789 διαρῤήξεως
1416 3716 1621 3782 αὐτῶν,
1672 3713 1768 3778 οὓς

176 3818 470 3891 διέρῤηξας
506 3816 585 3887 τῷ
626 3816 776 3885 ξίφει
800 3814 899 3881 τῆς
942 3811 1389 3884 φιλανθρωπίας.
1428 3811 1640 3864 Θυσίαν
1712 3810 1767 3863 δὲ

178 3911 440 3974 αἰνέσεως
476 3908 627 3977 λέγει
670 3907 769 3977 τὴν
813 3904 1145 3976 ύμνολογίαν
1196 3905 1291 3958 καὶ
1350 3903 1742 3974 εὐχαριστίαν.

180 4002 292 4058 Kal
304 4005 374 4057 ὲν
394 4003 641 4072 ὀνόματι
661 3999 886 4066 Κυρίου
919 3997 1386 4065 ἐπικαλέσομαι,
1408 3996 1771 4063 ἀντὶ,“’ονομα

1867 3173 2027 3243 pheta
2066 3173 2340 3243 intelligit,
2370 3173 2525 3242 juxta
2579 3188 2744 3242 quam
2777 3186 2973 3225 omnes
3024 3182 3156 3225 sunt
3187 3171 3333 3224 servi
3364 3170 3458 3223 Dei

1869 3266 2088 3338 (Omnia
2122 3267 2294 3326 enim,
2346 3265 2561 3333 inquit.
2610 3266 2847 3317 serviant
2882 3264 2977 3316 tibi
3016 3265 3104 3331 ⁸⁷).
3148 3263 3243 3317 sed
3293 3265 3460 3318 aliam

1869 3357 2190 3412 servitutem
2224 3357 2516 3423 electione,
2547 3355 2844 3419 desiderio,
2869 3364 3032 3419 atque
3058 3370 3247 3410 amore
3275 3371 3465 3411 susce-

1868 3459 2015 3520 ptam
2051 3465 2065 3503 :
2105 3464 2268 3518 quam
2308 3448 2523 3503 caneris
2576 3448 2836 3503 omnibus
2869 3447 3141 3516 praeponit
3176 3447 3463 3517 dignitati—

1870 3541 1995 3603 bus.
2040 3541 2326 3596 exsultans
2367 3550 2423 3595 et
2459 3554 2519 3594 se
2556 3538 2730 3610 magis
2758 3537 2981 3608 jactans
3034 3538 3088 3590 in
3137 3537 3459 3605 bujusmodi

1873 3635 2167 3696 servitute,
2203 3649 2369 3703 quam
2418 3635 2471 3687 in
2522 3631 2669 3701 regia
2717 3647 2817 3687 sua
2863 3644 3088 3685 corona.
3132 3628 3288 3694 Quod
3329 3644 3463 3683 vero

1871 3727 1947 3781 ait
1991 3743 2005 3781 :
2043 3725 2112 3779 Et
2143 3726 2289 3794 [ilius
2329 3723 2545 3779 ancilla:
2576 3736 2718 3790 lucc,
2762 3723 3039 3778 consimili
3090 3726 3252 3779 modo
3300 3723 3467 3778 intel-

1871 3816 1996 3887 lige.
2027 3814 2318 3884 Diripuisti
2343 3814 2557 3870 vincula
2602 3830 2719 3868 mea
2743 3828 2762 3866 :
2793 3813 3041 3876 vincula,
3068 3814 3319 3883 inquam,
3361 3818 3465 3868 tri-

1873 3908 2060 3969 stitiaa,
2094 3907 2302 3977 quibus
2350 3907 2420 3961 ob
2454 3905 2712 3961 assiduas
2739 3904 3084 3959 calamitates
3121 3907 3467 3975 constringe-

1870 4001 1992 4056 bar.
2044 3997 2143 4052 Vel
2185 3998 2341 4068 juxta
2371 3997 2771 4066 expositionem
2814 3996 3127 4066 praedictam
3165 4013 3180 4049 :
3217 3994 3333 4048 Tibi
3368 4012 3461 4048 ea.

185 4097 393 4167 Κυρίου
420 4093 828 4163 ὲπικαλὲσομαι
860 4131 877 4157 ,
919 4092 1016 4146 καὶ
1083 4090 1164 4152 εἰς
1214 4090 1343 4152 τοὺς
1394 4088 1519 4158 ἑξῆς
1577 4104 1764 4158 πειρα-

1873 4090 2123 4160 criﬁcabo
2182 4090 2413 4143 hostiam
2465 4088 2663 4150 laudis,
2731 4102 2831 4160 pro
2881 4088 3200 4157 diruptione
3248 4088 3464 4143 scilicet

183 4192 357 4259 σμοὺς
385 4190 585 4258 πεῖραν
614 4184 798 4240 λαϐὼν
839 4184 943 4254 τῆς
1013 4181 1302 4252 δυνάμεως
1362 4180 1460 4233 τοῦ
1521 4178 1764 4233 τοιούτου

1873 4186 2186 4258 bujusmodi
2235 4185 2625 4250 vinculorum;
2676 4184 2935 4254 dirdpisti
2984 4184 3131 4238 enim
3175 4198 3240 4237 ea
3282 4183 3463 4253 gladio

181 4280 576 4350 ὀνύματος.Τά
633 4278 691 4333 δὲ
730 4277 895 4331 λοιπὰ
958 4276 1104 4330 κατὰ
1147 4274 1247 4346 τὴν
1297 4271 1764 4345 προεξηγηθεῖσαν

1874 4282 2284 4339 misericordia.
2321 4280 2426 4336 Per
2464 4279 2799 4336 sacriﬁcium
2843 4288 3026 4334 autem
3062 4278 3264 4341 laudis,
3306 4277 3466 4347 bym-

180 4373 445 4427 διάνοιαν.
479 4368 752 4425 Ἐνώπιον
801 4368 858 4422 δὲ
884 4367 1086 4431 παντὸς
1114 4365 1209 4419 τοῦ
1238 4366 1370 4419 λαοῦ
1396 4364 1651 4419 ἀπεδίδου
1674 4363 1764 4427 τὰς

1875 4390 1977 4430 nos
2017 4382 2071 4428 et
2102 4373 2402 4444 gratiarum
2448 4371 2695 4425 actiones
2740 4368 3019 4438 intelligit.
3064 4366 3128 4419 Et
3165 4367 3217 4419 in
3250 4365 3466 4420 nomine

183 4464 372 4535 εὐχὰς,
399 4464 499 4517 οὐκ
527 4457 1007 4530 ἐπιδεικνύμενος,
1080 4458 1220 4515 ἀλλὰ
1280 4459 1493 4520 πάντας
1548 4460 1629 4521 είς
1678 4456 1764 4509 τὸν

1889 4466 2104 4520 Domini
2157 4464 2434 4527 invocabo,
2482 4477 2605 4532 pro,
2649 4461 2854 4515 Nomen
2906 4457 3121 4513 Domini
3170 4458 3464 4511 invocabo.

182 4554 386 4611 ἑαυτοῦ
422 4556 586 4626 ζῆλον
611 4553 959 4623 ἀνάγων,καὶ
999 4549 1300 4615 κοινωνοὺς
1322 4550 1623 4621 λαμϐάνων
1672 4549 1764 4604 τοῦ

1884 4555 2112 4610 Summa
2152 4556 2297 4610 enim
2336 4553 2473 4607 mihi
2514 4561 2595 4607 est
2635 4551 2831 4606 ﬁducia
2864 4550 2919 4604 in
2956 4549 3121 4618 hujus
3155 4547 3327 4601 divini
3368 4562 3470 4601 no-

184 4650 534 4722 πράγματος.
582 4647 772 4716 Πάσης
816 4646 876 4700 δὲ
899 4643 1094 4711 θυσίας
1124 4642 1599 4713 εὐαποδεκτοτέρα
1647 4640 1764 4712 Θεῷ

1879 4648 2046 4705 minis
2075 4647 2447 4711 invocatione,
2482 4653 2770 4716 postquam
2802 4643 2950 4698 illius
2990 4645 3138 4697 vires
3167 4655 3231 4694 ac
3272 4648 3470 4709 poten-

180 4746 215 4815 ἠ
255 4742 603 4813 εὐχαριστία,
637 4741 731 4793 καὶ
764 4739 1004 4808 πρᾶγμά
1034 4740 1187 4790 ἐστιν
1263 4737 1616 4807 εὐπόριστον,
1673 4736 1764 4790 καὶ

1884 4739 2020 4792 tiam
2075 4738 2196 4808 ipse
2253 4737 2418 4791 etiam
2459 4737 2839 4806 experimento
2881 4732 3134 4805 cognovi.
3191 4730 3324 4797 Quae
3377 4745 3471 4786 se-

179 4830 356 4906 οὖπερ
374 4834 598 4903 εὐπορεῖ
619 4832 760 4887 κατὰ
774 4831 952 4885 πάντα
983 4829 1175 4902 καιρὸν
1192 4830 1288 4883 καὶ
1304 4832 1332 4883 ὀ
1371 4829 1594 4885 πάντων
1628 4830 1764 4884 ἀπο-

1881 4839 2149 4902 quuntur,
2183 4829 2450 4900 intellige,
2476 4829 2634 4899 juxta
2653 4842 2717 4883 ea
2752 4842 2874 4898 qua:
2896 4824 3153 4895 superius
3186 4823 3468 4877 declarata

182 4934 452 5001 ρώτατος.
1879 4932 2028 4980 sunt.
2067 4921 2329 4979 Reddidit
2359 4924 2527 4977 etiam
2561 4932 2684 4976 vota
2714 4936 2836 4983 sua,
2862 4919 3056 4973 beatus
3081 4915 3248 4969 David
3273 4928 3464 4968 coram

180 5024 335 5079 omni
365 5022 584 5093 populo,
614 5037 723 5077 non
761 5029 819 5076 ut
851 5018 1007 5092 quasi
1042 5019 1442 5090 gloriabundus
1474 5018 1677 5089 aliquis
1703 5034 1763 5076 se
1802 5026 2136 5082 ostentaret,
2175 5014 2273 5070 sed
2314 5023 2373 5069 ut
2401 5025 2628 5069 caeteros
2664 5013 2733 5068 ad
2800 5012 2887 5067 sui
2935 5010 3294 5065 imitationem
3364 5008 3470 5057 ad-

179 5118 433 5178 duceret,
453 5125 509 5171 et
539 5115 723 5185 operis
755 5114 840 5169 sui
869 5111 1073 5168 faceret
1101 5112 1559 5183 participes.lpsa
1585 5121 1767 5169 autem
1809 5112 2114 5184 gratiarum
2157 5109 2301 5164 actio
2328 5107 2608 5176 acceptior
2672 5112 2759 5160 est
2823 5104 2974 5159 omni
3017 5099 3312 5155 sacriﬁcio.
3362 5094 3470 5149 Fa-

179 5211 387 5265 citlima
420 5216 683 5278 praeterea
722 5222 811 5262 res
839 5215 949 5272 est,
982 5213 1037 5260 et
1100 5218 1209 5274 qua
1255 5205 1303 5258 is
1350 5204 1515 5260 etiam
1582 5204 1679 5274 qui
1729 5204 1977 5260 omnium
2031 5197 2512 5271 indigentissimus
2580 5194 2771 5260 fuerit,
2843 5204 3178 5262 quocunque
3225 5191 3473 5259 tempore

178 5315 365 5380 potest
396 5304 697 5360 abundare.

793 5393 1185 5462 'AJJnJodta.

720 5487 1019 5540 ΨΑΑΜοΣ
1042 5487 1208 5554 Ptq'.

257 5583 701 5655 Εὐχαριστὴριος
751 5580 847 5635 καὶ
874 5575 1030 5644 οὗτος
1071 5580 1101 5634 ὁ
1150 5577 1401 5651 ψαλμόςο
1455 5575 1614 5633 καλεῖ
1665 5576 1776 5650 γὰρ

260 5770 302 5802 ⁸⁷
356 5765 504 5822 Psal.
542 5764 853 5831 cxvut,91.

2572 5380 2823 5437 Alleluia.

2397 5470 2724 5531 PSALMUS
2775 5466 2962 5525 CXVI.

1958 5571 2059 5630 Hic
2106 5572 2353 5644 psalmus
2386 5569 2686 5641 gratiarum
2720 5566 2886 5621 etiam
2923 5561 3168 5617 actiones
3201 5552 3469 5614 continet.
