4052 6398
277 323 417 388 Ῑῖ25

1446 324 1593 384 COM
1606 324 1658 383 Μ
1671 323 1838 384 ΕΝΤ.
1880 323 1957 383 [Ν
1996 321 2362 383 PSALMOS.

3401 311 3560 392 1126

270 435 607 506 πειρασμοῖς
650 434 1097 506 περιπίπτοντος,
1145 435 1240 490 καὶ
1285 434 1607 505 παραδόξως
1651 434 1849 505 ῥυομέ-

1968 432 2168 501 gratias
2197 444 2360 499 agere
2397 446 2498 501 pro
2527 445 2653 502 rege
2678 446 2802 499 suo,
2837 431 2932 503 qui
2969 447 3068 502 pro
3105 433 3184 488 eis
3218 447 3552 517 certaverat,

263 545 362 584 νου
405 527 557 598 παρὰ
584 527 743 581 Θεοῦ.

337 713 437 766 Ἕκ
479 715 744 783 θλίψεως
800 713 1268 783 ἐπεκαλεσάμην
1311 714 1419 768 τὸν
1464 715 1706 784 Κύριον,
1754 730 1902 788 erat“

261 805 583 872 ἐπήκουσέ
603 824 723 875 μου
747 807 834 873 είς
850 808 1233 876 πλατυσμόν.
1260 806 1371 877 Οὐχ
1386 807 1597 871 ἁπλῶς,
1627 807 1851 877 ἔφησεν,

264 900 550 969 ἐπήκουσέ
588 917 717 968 μου,
744 899 880 952 ἀλλὰ
914 899 1009 952 καὶ
1038 902 1119 962 εἰς
1153 899 1495 970 πλατυσμὺν,
1572 899 1854 952 τουτέστιν

264 994 349 1053 εἰς
378 990 700 1061 ἐλευθερίαν
753 991 864 1044 ἀπὸ
891 990 1259 1063 στενοχωρίας
1284 992 1660 1062 καταστήσας.
1684 991 1853 1061 Εἴρη-

264 1100 360 1139 ται
383 1084 441 1137 se
474 1085 570 1137 καὶ
591 1084 650 1136 ὲν
682 1082 761 1154 τῷ
792 1082 835 1136 δ’
864 1082 1071 1154 ψαλμῷ
1095 1099 1109 1113 ·
1139 1082 1246 1135 Ἐν
1272 1083 1475 1152 θλίψει
1505 1082 1851 1149 ἐπλάτυνάς

260 1193 365 1246 με·
392 1178 490 1231 καὶ
520 1175 762 1248 ζήτησον
784 1175 881 1229 καὶ
909 1174 1010 1247 τὴν
1049 1175 1260 1228 ἐκείνου
1298 1174 1587 1246 ἐξήγησιν.

337 1358 561 1426 Κύριος
592 1354 723 1425 ἐμοὶ
771 1352 1026 1422 βοηθὸς,
1072 1351 1177 1406 καί
1219 1353 1293 1408 οὐ
1351 1350 1772 1422 φοϐηθήσομαι
1802 1352 1861 1406 τί

264 1450 513 1516 ποιήσει
531 1465 629 1519 μοι
671 1447 1002 1515 ἅνθρωπος.
1023 1445 1254 1516 Ὅμοιον
1286 1444 1343 1497 δὲ
1382 1442 1539 1498 τοῦτο
1585 1444 1663 1513 τῷ
1700 1445 1758 1497 ἐν
1781 1443 1860 1514 τῷ

262 1539 361 1606 κς⁸
378 1540 583 1611 ψαλμῷ
605 1556 619 1572 ’
642 1537 862 1608 Κύριος
892 1538 1196 1608 φωτισμός
1214 1553 1336 1607 μου
1362 1536 1461 1590 καί
1486 1536 1686 1603 σωτήρ
1705 1554 1850 1607 μου,

265 1634 407 1688 τίνα
441 1632 865 1701 φοϐηθήσομαι
890 1648 911 1697 ;
940 1629 1143 1683 Σκόπει
1173 1629 1229 1682 δὲ
1261 1628 1380 1693 πῶς
1415 1629 1518 1684 οὐκ
1546 1624 1723 1695 εἷπεν,
1770 1631 1855 1683 ὅτι

267 1723 440 1778 οὐδὲν
465 1722 573 1776 ὑπὸ
602 1720 898 1791 ἀνθρώπου
947 1719 1131 1784 πάθω,
1158 1718 1277 1772 ἀλλ’
1303 1718 1386 1771 ὅτι
1406 1722 1489 1773 Οὐ
1523 1718 1857 1788 φοϐηθήσο-

1961 521 2167 591 quiqne
2214 520 2269 574 in
2312 523 2647 577 tentationcs
2682 534 2736 578 et
2776 524 3127 580 calamitates
3166 525 3454 593 inciderat,
3491 541 3545 588 ct

1962 611 2298 666 mirabiliter
2329 611 2508 667 fuerat
2536 614 2605 669 ab
2644 629 2708 668 eo
2737 614 3026 670 liberatus.

2041 699 2204 755 Vens.
2245 702 2298 756 5.
2350 700 2424 755 De
2474 703 2818 757 tribulatione
2864 705 3101 759 invocavi
3154 705 3459 774 Dominum,
3499 719 3549 764 et

1961 791 2235 845 exaudivit
2265 808 2346 845 me
2378 793 2429 845 in
2464 791 2766 847 latitudine.
2810 794 2926 849 Non
2968 796 3311 866 simpliciter,
3342 800 3544 868 inquit,

1961 882 2244 937 exaudivit
2274 896 2384 946 me,
2421 881 2516 937 sed
2558 883 2612 935 iu
2660 882 2973 948 latitudine,
3009 885 3114 939 hoc
3146 895 3252 951 est,
3282 888 3334 940 in
3376 888 3549 941 liber-

1959 980 2091 1038 tate,
2132 974 2200 1029 ab
2248 983 2399 1029 arcta
2444 982 2498 1029 et
2533 984 2761 1044 angusta
2807 973 2862 1027 in
2901 975 3062 1029 latam
3099 985 3265 1046 atque
3307 980 3541 1047 amplam

1963 1065 2240 1135 regionem
2271 1081 2357 1120 me
2388 1068 2695 1120 deducens.
2731 1065 2950 1120 Dictum
2993 1076 3075 1122 est
3110 1070 3274 1122 etiam
3308 1084 3359 1123 Iv
3393 1073 3543 1139 psal-

1965 1170 2078 1219 uto,
2127 1154 2193 1210 In
2241 1157 2589 1211 tribulatione
2631 1157 2878 1214 dilatasti
2932 1175 3012 1212 me
3047 1173 3067 1211 .'
3108 1160 3197 1213 ubi
3240 1161 3383 1226 vide,
3425 1179 3545 1230 quas

1962 1248 2289 1316 exponendo
2323 1248 2471 1302 dicta
2513 1257 2665 1304 sunt.

2037 1338 2202 1394 Vens.
2243 1339 2296 1393 6.
2337 1339 2594 1395 Dominus
2640 1340 2772 1394 mihi
2823 1342 3064 1410 adjutor,
3110 1352 3161 1397 et
3207 1360 3310 1397 non
3357 1343 3547 1397 timrbo

1964 1431 2090 1502 quid
2130 1431 2299 1501 faciat
2331 1433 2461 1486 milli
2499 1434 2676 1487 homo.
2718 1434 3002 1489 [labentur
3045 1446 3099 1491 et
3138 1437 3252 1492 hare
3286 1437 3447 1491 verba
3493 1439 3545 1490 in

1967 1523 2179 1593 psalmo
2205 1539 2353 1588 τινι,
2381 1524 2452 1578 ibi
2480 1542 2493 1579 :
2526 1524 2785 1580 Dominus
2811 1526 3135 1580 illuminatio
3162 1544 3300 1593 mea,
3323 1537 3373 1581 et
3398 1529 3545 1581 salus

1967 1628 2105 1680 mea,
2142 1632 2292 1685 quem
2331 1616 2564 1673 timebo?
2597 1618 2731 1672 Illud
2767 1619 3080 1681 considera,
3115 1621 3390 1689 quomodo
3433 1637 3546 1674 non

1967 1710 2071 1765 hoc
2102 1710 2258 1776 dicit,
2296 1711 2442 1779 quod
2475 1712 2543 1766 ab
2573 1711 2794 1766 homine
2825 1712 2964 1765 nihil
3009 1727 3275 1781 passurus
3320 1713 3416 1776 sit,
3450 1714 3546 1769 sed

263 1828 395 1882 μαι,
420 1812 474 1867 εί
492 1829 545 1866 τι
569 1811 666 1865 καὶ
698 1810 858 1865 πάθω
878 1826 894 1843 ο
927 1810 1021 1865 καὶ
1046 1808 1157 1879 γὰρ
1187 1809 1236 1863 εἰ
1268 1809 1448 1875 πάθω,
1478 1809 1577 1862 οὐκ
1598 1809 1658 1876 ἐξ
1692 1810 1858 1863 ἀσθε-

1968 1801 2111 1869 quod
2149 1808 2358 1856 tantum
2400 1811 2561 1870 negat
2595 1819 2655 1856 se
2690 1804 2902 1867 timere,
2934 1803 3148 1858 tametsi
3191 1803 3301 1873 pati
3335 1805 3546 1872 aliquid

265 1905 420 1968 νείας
454 1904 610 1958 ἔσται
635 1903 728 1957 τοῦ
751 1901 1076 1974 βοηθοῦντός
1111 1917 1223 1972 μοι,
1250 1899 1385 1954 ἀλλὰ
1416 1901 1558 1954 κατὰ
1589 1900 1855 1973 παραχώ-

267 2012 457 2066 ρησιν,
489 1997 570 2058 ei;
599 1992 886 2047 παίδευσιν
912 1991 1055 2062 ἐμὴν
1086 1994 1182 2045 καὶ
1214 1989 1527 2060 διόρθωσιν.

342 2256 568 2326 Κύριος
633 2256 768 2326 ἐμοὶ
811 2255 1040 2325 ,βοηθὸς
1070 2293 1086 2320 ,
1138 2253 1300 2326 κάγὼ
1358 2253 1662 2323 ἐπόψομαι
1716 2251 1859 2319 τοὺς

267 2351 529 2421 ἐχθρούς
574 2366 718 2418 μου.
756 2349 993 2412 Ἐκεῖνος
1024 2348 1351 2418 πολεμήσει,
1374 2346 1531 2415 κάγὼ
1574 2345 1857 2416 ἐπόψομαι

267 2439 403 2502 τοὺς
418 2436 652 2510 ἐχθρούς
675 2453 778 2507 μου
795 2435 1117 2500 πίπτονταςο
1141 2435 1267 2498 τοὺς
1287 2434 1385 2505 μὲν
1407 2432 1700 2504 αἰσθητοὺς
1725 2432 1857 2486 ἐπό-

265 2526 448 2599 ψομαι
478 2529 595 2592 τοῖς
645 2526 930 2598 αἰσθητοῖς
971 2525 1311 2597 ὀφθαλμοῖς·
1342 2524 1465 2588 τοὺς
1527 2524 1584 2578 δὲ
1633 2524 1859 2593 νοητοὺς

265 2620 386 2679 τοῖς
435 2619 669 2689 νοητοῖς.
740 2616 1073 2687 ’Δρμόζουσι
1124 2617 1181 2671 δὲ
1236 2614 1411 2669 ταῦτα
1470 2614 1540 2668 τὰ
1593 2614 1734 2686 ῥητὰ
1762 2611 1859 2666 καὶ

267 2708 412 2761 πᾶσι
431 2709 549 2770 τοίς
569 2706 938 2772 cunmm,
973 2705 1292 2770 ἐλπίζουσιν
1320 2707 1415 2759 ἐπὶ
1449 2702 1682 2775 Κύριον.

354 2889 612 2962 Ἀγαθὸν
645 2887 994 2945 πεποιθέναι
1050 2886 1149 2942 ἐπὶ
1174 2887 1414 2955 Κύριον,
1442 2883 1482 2953 ἣ
1509 2884 1862 2941 πεποιθέναι

264 2982 365 3036 ἐπ’
391 2981 714 3049 ἄνθρωπον
736 2997 752 3013 ·
790 2977 1021 3051 ἀγαθὸν
1073 2977 1339 3039 ἐλπίζειν
1394 2975 1495 3031 ἐπὶ
1540 2977 1784 3045 Κύριον,
1819 2977 1859 3046 ἣ

1959 1894 2256 1964 contigerit
2286 1910 2300 1947 :
2333 1893 2477 1964 quod
2512 1894 2555 1949 si
2589 1895 2787 1964 patiar,
2820 1894 3019 1965 inquit,
3063 1895 3116 1949 id
3157 1895 3390 1954 accidet,
3434 1911 3543 1951 non

1958 1988 2028 2040 ob
2072 1985 2507 2042 imbecillitatem
2552 1985 2671 2053 Dei,
2704 1988 2859 2058 quasi
2888 2002 3046 2056 opem
3081 1986 3174 2043 ille
3218 2003 3373 2043 suam
3408 1986 3544 2041 mihi

1958 2078 2155 2134 atl‘erre
2219 2095 2328 2134 non
2373 2081 2572 2151 possit,
2623 2080 2718 2135 sed
2770 2081 2839 2134 ob
2894 2079 3045 2135 illius
3100 2081 3549 2151 permissionem,

1961 2168 2055 2238 qui
2093 2169 2196 2224 hac
2224 2170 2442 2225 ratione
2471 2185 2558 2225 me
2586 2170 2803 2226 erudire
2837 2169 3151 2235 constituit,
3183 2183 3245 2223 ac
3283 2168 3544 2239 dirigere.

2029 2257 2196 2315 Vens.
2228 2259 2282 2314 7.
2323 2259 2584 2314 Dominus
2619 2261 2747 2314 mihi
2775 2261 3016 2329 atljutor,
3059 2270 3108 2313 et
3139 2276 3234 2329 ego
3265 2260 3548 2327 respiciam

1957 2347 2204 2401 inimicos
2236 2364 2400 2402 meos.
2440 2349 2532 2403 Ille
2560 2349 2822 2418 pugnabit
2849 2363 2949 2416 pro
2981 2362 3089 2411 me,
3127 2356 3179 2403 et
3213 2363 3314 2417 ego
3359 2347 3548 2401 inimi-

1959 2454 2057 2493 eos
2093 2453 2244 2494 meos
2279 2440 2593 2508 resticiam,
2629 2439 2893 2494 cadentes
2926 2439 3141 2494 scilicet
3171 2456 3184 2493 :
3215 2449 3269 2494 et
3301 2438 3550 2493 visibiles

1959 2530 2185 2598 quidem
2248 2534 2549 2601 corporeis,
2602 2532 2908 2585 invisibiles
2954 2546 3104 2597 vero,
3160 2531 3330 2584 animi
3383 2541 3549 2601 atque

1961 2621 2272 2678 intellectus
2329 2624 2527 2688 oculis,
2580 2620 2858 2677 iutticbor.
2906 2622 3327 2678 Aecommcdari
3381 2625 3546 2676 etiam

1961 2722 2194 2784 possunt
2248 2713 2369 2768 haec
2416 2717 2582 2770 verba
2636 2716 2704 2770 iis
2754 2714 3037 2778 omnibus,
3081 2713 3175 2784 qui
3225 2723 3432 2770 certam
3487 2730 3552 2769 ac

1961 2806 2217 2861 stabilem
2250 2807 2306 2861 in
2333 2806 2566 2862 Domino
2598 2824 2748 2878 spem
2785 2807 3100 2861 habuerint.
3239 2871 3246 2877 .

2037 2895 2201 2953 Vsus.
2230 2898 2284 2963 8,
2309 2897 2363 2952 9.
2393 2897 2600 2952 Bonum
2631 2910 2705 2953 est
2742 2898 3007 2967 conﬁdere
3033 2897 3085 2950 in
3119 2894 3366 2961 Domino,
3393 2913 3550 2965 quam

1963 2989 2230 3055 conﬁdere
2260 2989 2315 3043 in
2350 2990 2559 3045 homine
2593 3005 2612 3043 :
2642 2990 2835 3043 bonum
2863 3000 2942 3044 est
2973 3006 3184 3058 sperare
3214 2992 3266 3042 in
3301 2989 3551 3054 Domino,

264 3072 534 3135 ἐλπίζειν
558 3072 653 3126 ἐπ’
693 3071 973 3141 ἄρχουσι.
1001 3099 1074 3110 -—-
1101 3068 1404 3139 Μακάριος
1428 3070 1561 3138 γὰρ,
1601 3071 1791 3142 φησὶν,
1821 3073 1857 3124 ό

1968 3097 2118 3151 qnam
2154 3094 2366 3147 sperare
2399 3081 2452 3132 in
2499 3082 2848 3147 principibus.
2893 3079 3093 3133 Beatus
3133 3079 3305 3145 enim,
3343 3082 3546 3150 inquit,

266 3166 530 3227 ἐλπίζων
552 3165 654 3219 ἐπὶ
682 3167 923 3234 Κύριον.
951 3165 1062 3216 Καὶ
1079 3162 1314 3232 ἀλλαχοῦ
1331 3174 1344 3190 ⁶
1389 3162 1858 3231 Ἐπικατάρατος

1968 3169 2053 3240 qui
2092 3177 2271 3235 sperat
2313 3170 2367 3221 in
2406 3167 2654 3222 Domino.
2690 3169 2759 3221 Et
2810 3168 2941 3221 alibi
2989 3168 3182 3235 etiam,
3233 3167 3551 3221 Maledictus

266 3259 394 3326 πᾶς
443 3262 477 3314 ό
524 3258 785 3320 ἐλπίζων
833 3256 927 3310 ἐπ’
954 3258 1294 3324 ἄνθρωπον.
1339 3258 1448 3309 Καὶ
1485 3256 1645 3320 ἄλλος
1674 3256 1733 3309 δέ
1773 3274 1859 3322 τις

1968 3259 2159 3325 Omnis,
2191 3260 2281 3328 qui
2324 3271 2495 3328 δέξεται
2542 3262 2595 3312 in
2645 3259 2852 3313 [tantine
2876 3260 2945 3311 ὀ.
2979 3259 3111 3312 item
3156 3259 3299 3313 alius
3333 3259 3553 3328 sapiens

265 3353 420 3421 λέγει
453 3352 618 3421 σοφός
637 3367 655 3385 ο
699 3349 1073 3420 Ἐμϐλέψατε
1090 3351 1177 3415 εις
1195 3349 1301 3415 τὰς
1338 3349 1598 3416 ἀρχαίας
1620 3348 1854 3418 γενεὰς,

265 3445 369 3498 καὶ
392 3443 549 3498 idem
566 3444 658 3509 τίς
672 3441 938 3512 ἤλπισεν
954 3440 1051 3495 ἐπὶ
1078 3442 1316 3508 Κύριον,
1334 3438 1432 3494 καὶ
1445 3441 1857 3509 κατῃσχύνθη.

268 3537 336 3590 Ei.
365 3538 423 3590 δὲ
478 3535 836 3608 κατῃσχύνθη
871 3552 976 3598 τις,
1011 3533 1112 3587 οὐκ
1142 3535 1377 3604 ἤλπισεν
1427 3534 1504 3597 ὡς
1535 3535 1727 3604 ἐχρῆν.
1765 3533 1857 3588 Διὸ

267 3626 510 3691 Παῦλος,
547 3625 787 3690 βεϐαιῶν
843 3625 937 3680 τὸν
963 3623 1145 3692 λόγον,
1178 3623 1436 3695 εἴρηκεν·
1483 3625 1551 3678 Ἦ
1581 3624 1649 3677 δὲ
1681 3624 1860 3691 ἐλπὶς

267 3722 345 3775 οὐ
387 3718 822 3788 καταισχύνει·
891 3715 954 3770 οὐ
993 3715 1308 3788 συγκρίνων
1340 3716 1398 3770 δὲ
1430 3711 1607 3779 εἶπεν,
1653 3717 1860 3785 ἀγαθον

265 3810 391 3864 τόδε
434 3810 590 3881 παρὰ
624 3809 778 3863 τόδιο
809 3806 949 3863 ἀλλὰ
970 3806 1466 3877 συγκατασατικῶς
1497 3806 1675 3877 λέγων
1724 3809 1862 3879 πρὸς

266 3904 375 3972 τὴν
403 3900 694 3955 ἀσθένειαν
728 3898 839 3951 τῶν
884 3898 1282 3968 ἀκροωμένων.

1965 3350 2099 3405 dicit
2129 3364 2143 3403 :
2173 3346 2439 3418 Respicite
2484 3353 2538 3404 in
2577 3352 2823 3419 antiquas
2860 3351 3248 3420 generationes,
3278 3359 3328 3402 et
3364 3352 3550 3415 videte,

1961 3443 2206 3513 quisnam
2258 3445 2544 3508 speraverit
2590 3445 2646 3496 in
2692 3443 2940 3507 Domino,
2979 3451 3026 3496 et
3089 3442 3342 3508 confusus
3382 3442 3449 3494 sit
3483 3442 3551 3494 “.

1967 3534 2125 3600 Quod
2165 3535 2211 3589 si
2243 3537 2447 3606 aliquis
2473 3536 2742 3589 confusus
2777 3550 2900 3589 esse
2930 3536 3169 3599 videtur,
3214 3535 3305 3588 ille
3343 3534 3398 3587 in
3442 3532 3552 3587 Do-

1972 3628 2143 3692 mino,
2171 3634 2234 3681 ut
2262 3629 2575 3698 oportebat,
2609 3642 2721 3682 non
2754 3627 3016 3697 speravit.
3047 3627 3227 3696 Atque
3251 3626 3376 3680 ideo
3406 3623 3548 3678 Pan—

1969 3714 2056 3771 lus
2096 3719 2412 3789 hujusmodi
2446 3733 2753 3775 sermonem
2797 3719 3151 3797 conﬁrmans,
3201 3720 3341 3772 dixit
3375 3735 3389 3771 :
3425 3716 3554 3786 Spes

1970 3821 2145 3865 autem
2181 3830 2287 3867 non
2316 3812 2606 3883 confundit
2638 3814 2705 3865 “.
2759 3810 2896 3866 illud
2937 3812 3102 3865 etiam
3155 3809 3554 3880 animadverte,

1968 3903 2115 3972 quod
2164 3903 2435 3974 Propheta
2483 3904 2597 3968 hic,
2633 3918 2741 3958 non
2786 3903 2931 3958 dixit
2968 3901 3174 3957 bonum
3222 3918 3318 3958 seu
3360 3903 3554 3958 melius

270 3995 381 4050 hoc
408 4008 553 4058 esse,
585 3992 959 4062 comparando
985 3988 1202 4045 scilicet
1232 3989 1325 4044 illa
1353 3988 1422 4044 ad
1450 3989 1557 4045 hoc
1596 4006 1872 4046 summum
1913 3994 2139 4062 bonum,
2180 4000 2276 4051 sed
2335 3998 2647 4051 auditorum
2684 3995 3050 4050 imbecillitati
3080 3994 3551 4055 condescendens.

270 4087 574 4153 humanum
612 4084 669 4139 in
711 4097 919 4138 morem
952 4085 1034 4139 sic
1067 4080 1288 4138 locutus
1317 4091 1426 4139 est.

343 4175 551 4231 Πάντα
578 4172 653 4228 τὰ
680 4173 826 4241 ἔθνη
859 4167 1221 4225 ἑκύκλωσάν
1247 4185 1343 4240 με,
1373 4169 1474 4225 καὶ
1499 4169 1579 4235 τῷ
1612 4170 1858 4241 ὀνόματι

269 4262 493 4339 Κυρίου
550 4264 877 4337 ἠμυνάμην
929 4263 1186 4328 αὐτούς·
1246 4263 1675 4329 κυκλώσαντες
1717 4264 1856 4318 ἐκύ-

2028 4173 2193 4229 Vens.
2240 4175 2326 4239 i0,
2362 4174 2448 4230 Η.
2486 4173 2678 4229 Omnes
2715 4183 2892 4245 gentes
2933 4170 3395 4225 circumdederunt
3437 4187 3547 4235 me,

1956 4279 2006 4325 et
2037 4271 2251 4324 nomine
2277 4268 2495 4324 Domini
2525 4270 2673 4323 ultus
2698 4283 2817 4323 sum
2851 4284 2938 4321 eos
2975 4282 2993 4319 :
3027 4266 3415 4320 circumdantes
3450 4269 3556 4319 cir-

269 4365 525 4419 κλωσάν
543 4379 641 4433 με,
673 4361 773 4443 καὶ
798 4359 878 4427 τῷ
896 4362 1143 4431 ὀνόματι
1167 4360 1388 4430 Κυρίου
1407 4357 1731 4430 ἠμυνάμην
1747 4359 1856 4412 αὐ-

1968 4362 2339 4417 cumdederunt
2367 4378 2468 4427 me,
2505 4371 2555 4415 et
2592 4362 2803 4415 nomine
2844 4360 3060 4413 Domini
3103 4358 3247 4412 ultus
3286 4376 3402 4412 sum
3434 4375 3550 4412 eos.

268 4457 438 4522 τούς.
476 4456 666 4509 Πάντα
699 4453 767 4508 τὰ
789 4452 917 4524 ἔθνη
948 4452 1020 4506 τὰ
1045 4453 1176 4522 περὶ
1205 4452 1303 4524 τῆς
1333 4451 1698 4521 Παλαιστίνης
1720 4449 1854 4519 ὁμοῦ

1968 4454 2171 4511 Omnes
2206 4465 2417 4524 gentes,
2450 4470 2571 4524 qua:
2609 4454 2663 4507 in
2693 4454 2928 4507 circuitu
2967 4463 3095 4505 sunt
3123 4449 3426 4505 Palaestinae
3464 4468 3555 4505 rc-

271 4547 410 4602 ποτὲ
439 4545 863 4614 συνεπιθέμενα,
886 4544 985 4598 καὶ
1013 4542 1203 4615 ὥσπερ
1226 4544 1286 4597 ὲν
1318 4544 1533 4615 σαγήνῃ
1583 4541 1859 4595 ἐναπολα-

275 4642 443 4695 6όντα
467 4657 481 4670 ·
510 4640 543 4709 ἢ
573 4640 668 4693 καὶ
696 4638 764 4692 τὰ
789 4637 1027 4708 διάφορα
1051 4634 1229 4708 πλήθη
1259 4634 1371 4690 τῶν
1397 4633 1672 4706 δαιμόνων
1693 4632 1865 4703 δηλοῖ.

278 4732 473 4785 ’Ἔστιν
502 4733 590 4784 ὅτε
655 4729 767 4799 γὰρ
809 4727 945 4799 ὁμοῦ
1000 4726 1200 4789 πάντες
1238 4724 1694 4794 ὲπιστρατεύουσι
1742 4722 1867 4777 καθ’

272 4826 396 4888 ἑνὸς
448 4821 685 4884 δικαίου,
748 4819 1021 4883 παντοίως
1075 4818 1240 4871 αὐτὸν
1314 4817 1705 4888 πολεμοῦντες,
1771 4817 1868 4871 καὶ

274 4916 547 4988 διηνεκῶς
580 4912 1056 4984 ἐκδειματοῦντες.
1095 4909 1359 4973 Πολλάκις
1392 4909 1451 4962 δὲ
1474 4909 1569 4964 καὶ¹
1597 4909 1726 4981 περὶ
1765 4909 1865 4979 τῆς

275 5011 618 5071 κυκλώσεως
699 5008 797 5060 καὶ
843 5006 942 5075 τῆς
1010 5002 1226 5072 ἀμύνης
1274 5000 1468 5068 εἰπὼν,
1532 5002 1703 5066 ἔδειξε
1749 5002 1865 5066 τοῖς

278 5107 385 5174 μὲν
421 5102 484 5156 τὸ
508 5102 751 5171 ἄφυκτον
779 5138 795 5165 ,
818 5102 930 5163 τοῖς
960 5097 1016 5148 δὲ
1036 5097 1097 5148 τὸ
1118 5093 1439 5165 παράδοξον,
1476 5095 1571 5149 καὶ
1605 5093 1725 5147 οἵαν
1749 5086 1864 5165 ἔχει

271 5197 512 5265 δύναμιν
537 5193 599 5246 τὸ
622 5196 794 5262 ὄνομα
816 5191 908 5244 τοῦ
935 5187 1095 5243 Θεοῦ.

1969 4545 2152 4614 gionis
2184 4545 2238 4598 in
2271 4559 2442 4598 unum
2485 4548 2830 4612 congregatae
2862 4540 3024 4595 simul
3056 4539 3111 4593 in
3148 4555 3235 4593 me
3279 4540 3558 4595 irruentes

1975 4636 2239 4706 impetum
2273 4636 2541 4699 fecerunt,
2575 4647 2640 4686 ac
2667 4633 2836 4687 veluti
2867 4633 2922 4686 in
2960 4646 3159 4700 sagena
3184 4647 3269 4685 me
3299 4646 3557 4699 campre-

1969 4728 2302 4783 henderunt.
2360 4726 2456 4781 Vel
2500 4728 2681 4781 varias
2719 4726 3026 4780 daemonum
3073 4725 3262 4794 copias
3303 4725 3554 4780 fortassis

1971 4817 2281 4889 signiﬁcat.
2336 4833 2458 4887 qua:
2513 4833 2619 4870 una
2688 4815 2986 4887 aliquando
3042 4816 3249 4882 iusmtn
3313 4815 3555 4883 aliquem

1975 4910 2324 4974 adoriuntur,
2371 4898 2674 4979 variisque,
2720 4923 2786 4962 ac
2836 4905 3234 4977 multiplicibus
3287 4907 3463 4961 modis
3501 4908 3551 4960 ei
3592 4884 3615 4903 I

1974 5016 2232 5071 pavorem
2266 4999 2566 5055 incutiunt.
2589 4998 2875 5071 'Repetens
2916 5010 3097 5053 autem
3131 4996 3405 5066 PrOphcta
3449 5013 3555 5050 saa-

1972 5093 2120 5164 pius,
2150 5107 2211 5148 se
2238 5091 2641 5145 circumdatum
2678 5089 2868 5152 fuisse,
2901 5099 2957 5142 et
2987 5088 3187 5158 saepius
3225 5090 3399 5141 ultum
3448 5088 3555 5139 iui-

1972 5186 2144 5241 micos
2183 5198 2333 5243 suos.
2373 5180 2686 5251 hujusmodi
2730 5180 3073 5250 repetitione,
3110 5188 3165 5233 et
3215 5179 3553 5233 inevitabilis

276 5288 514 5359 periculi
570 5285 1010 5359 magnitudinem
1060 5280 1322 5345 ostendit,
1374 5286 1429 5332 et
1477 5279 1861 5336 admirandam
1902 5279 2075 5336 fuisse
2105 5277 2454 5333 liberationis
2488 5277 2757 5330 rationem
2783 5272 3094 5338 constituit,
3164 5280 3218 5327 et
3281 5287 3555 5326 summam

273 5379 522 5449 denique
579 5381 750 5438 divini
806 5376 1048 5434 nominis
1096 5373 1270 5429 fuisse
1328 5372 1629 5442 potentiam
1685 5374 1867 5439 docet,
1908 5390 2018 5446 quo
2050 5382 2198 5428 tanta
2233 5371 2409 5441 putuit
2437 5370 2670 5425 edicere.

351 5473 754 5540 Ἐκύκλωσάν
765 5488 862 5542 με,
879 5469 1022 5523 ὡσεὶ
1046 5466 1339 5535 μέλισσαι
1354 5464 1589 5533 κηρίον,
1614 5466 1711 5517 καὶ
1736 5466 1867 5531 ἐξε-

271 5575 604 5639 καύθησαν
631 5565 715 5633 ὡς
747 5562 867 5631 πῦρ
899 5560 970 5614 ἐν
1005 5557 1317 5622 ἀκάνθα’ς’
1345 5556 1443 5608 καὶ
1494 5552 1575 5618 τῷ
1618 5556 1863 5624 “dim”

347 5747 397 5779 ³ο
427 5743 633 5801 .lcrem.
667 5756 802 5813 SYli,
844 5739 898 5795 5.

976 5737 1018 5769 ἰ
1059 5734 1228 5791 Eucti.
1260 5747 1320 5800 ιι,
1368 5732 1455 5789 ll.
1530 5734 1577 5767 ”
1604 5730 1765 5788 Rom.
1800 5747 1852 5798 ν,
1885 5729 1937 5785 5.

2048 5465 2212 5520 Vens.
2249 5464 2338 5519 12.
2374 5462 2846 5517 Circunulederunt
2878 5474 2978 5525 me,
3010 5457 3147 5511 sicut
3185 5470 3309 5524 apes
3340 5456 3547 5524 favum,

1972 5565 2020 5609 et
2044 5559 2353 5609 exarserunt
2393 5553 2524 5607 sicut
2557 5550 2689 5621 ignis
2716 5549 2772 5604 in
2799 5548 2988 5619 spinis,
3017 5556 3062 5600 et
3094 5544 3302 5599 nomine
3333 5542 3554 5600 Domini
