4052 6416
457 297 591 365 1127

1612 285 1997 349 EUTHYHII
2040 282 2403 344 ZiGABEN’i

3598 280 3729 354 1138

453 415 602 469 ultus
642 426 760 467 sum
800 425 908 464 eos.
943 405 1318 462 Periculorum
1362 399 1794 471 magnitudinem
1837 395 2048 451 descri-

2166 392 2379 459 Κυρίου
2434 389 2762 460 ἠμυνάμην
2803 392 3045 458 αὑτοιίς.
3071 392 3380 463 Διαγράφει
3415 394 3474 447 τδ
3502 368 3728 465 iteratio;

458 508 558 562 bit.
596 506 660 559 Et
691 521 786 573 per
817 517 978 570 apum
1011 497 1233 568 quidem
1275 493 1719 554 similitudinem,
1750 490 2043 544 vehemen-

461 597 591 648 tiam
625 605 678 647 et
709 588 1196 661 promptitudinem
1245 585 1594 639 inimicorum
1626 582 1919 651 signiﬁcat,
1952 593 2047 646 per

462 689 641 758 ignem
679 701 806 739 vero
853 683 1173 737 effrenatam
1221 680 1382 731 iram.
1424 676 1567 742 Apes
1603 671 1873 741 siquidem
1923 668 2046 719 favo

466 778 647 831 mellis
676 777 920 835 invento,
951 785 1164 825 summa
1190 765 1642 838 promptitudinc,
1672 778 1735 816 ac
1755 761 2048 814 vehemen-

464 868 540 919 tia
572 867 721 920 illum
755 862 1124 924 (iicnmdant,
1152 876 1215 914 ac
1243 859 1421 911 mellis
1451 870 1678 909 succum
1729 861 2001 919 exsngunt
2032 865 2045 900 :

466 957 612 1027 ignis
644 956 809 1010 etiam
857 955 944 1008 ubi
983 954 1180 1006 rubum
1215 950 1452 1019 aliquem
1503 959 1597 1000 aut
1633 945 1905 1015 spiuetnm
1952 956 2050 1009 ap-

466 1049 845 1121 prehenderit,
879 1046 1104 1101 retineri
1141 1058 1248 1098 neu
1282 1050 1481 1111 potest.

535 1142 703 1196 Vens.
738 1141 824 1193 15.
864 1137 1156 1204 Impulsus,
1198 1150 1403 1188 eversus
1443 1148 1581 1193 sum,
1613 1139 1670 1184 ut
1705 1128 1965 1188 caderem,
2001 1138 2052 1181 et

469 1225 725 1279 Dominus
756 1222 962 1290 adjuvit
989 1236 1091 1275 me,
1129 1219 1427 1286 lmpulsus,
1456 1215 1653 1284 inquit,
1684 1214 1752 1267 ab
1778 1213 2050 1275 hostibus,

464 1314 634 1369 veluti
664 1312 891 1381 jamjzun
941 1325 1175 1364 casurus
1221 1305 1511 1369 declinavi,
1557 1305 1660 1357 hoc
1710 1312 1816 1365 est,
1861 1318 2052 1373 parum

469 1405 667 1468 abfuit,
714 1385 846 1473 quin
885 1404 1160 1464 caderem,
1202 1409 1256 1453 et
1289 1398 1554 1453 Dominus
1597 1397 1811 1465 adjuvit
1847 1413 1951 1461 me,
1994 1406 2056 1452 ut

468 1499 617 1553 vires
657 1512 809 1559 suas,
843 1504 896 1547 et
940 1492 1180 1547 studium
1211 1508 1370 1547 suum
1402 1494 1454 1544 in
1489 1506 1576 1545 me
1609 1491 1785 1560 magis
1825 1490 2057 1545 demon-

471 1596 695 1645 straret.
750 1585 1003 1655 Eripiens
1051 1600 1118 1639 ex
1168 1599 1267 1637 ore
1320 1582 1514 1637 mortis
1573 1582 1852 1637 hominem
1904 1579 2055 1635 omni

471 1676 717 1729 humana
752 1690 856 1744 ope
892 1674 1244 1729 destitutum.
1940 1660 1943 1661 ν

542 1764 709 1821 Vens.
743 1766 829 1821 M.
870 1763 1159 1818 Fortitudo
1193 1780 1306 1818 mea
1334 1774 1382 1819 et
1407 1763 1526 1817 laus
1552 1780 1666 1816 mea
1696 1763 1975 1829 Dominus,
2007 1775 2059 1818 et
2090 1749 2133 1803 Β

471 1860 646 1923 factus
678 1867 753 1911 est
794 1858 923 1911 milii
967 1860 1021 1910 in
1058 1857 1310 1912 salutem.
1347 1854 1639 1911 Fortitudo
1680 1871 1821 1919 mea,
1860 1856 2060 1925 inquit,

472 1960 529 2005 ct
558 1952 679 2005 laus
712 1966 831 2004 mea
870 1949 1136 2003 Dominus
1163 1956 1270 2005 est.
1315 1947 1373 2001 ln
1406 1964 1471 2003 eo
1501 1949 1704 2002 etenim
1744 1949 1888 2002 vires
1913 1963 2062 2003 meas

471 2060 667 2099 omnes
721 2044 898 2098 habeo
945 2059 959 2096 :
1013 2052 1240 2113 prepter
1286 2057 1408 2095 eum
1468 2040 1636 2095 etiam
1686 2041 1754 2094 ab
1804 2041 2063 2095 omnibus

475 2137 688 2199 laudor,
725 2141 778 2187 ct
806 2134 1107 2203 gloriﬁcor,
1130 2132 1273 2201 quod
1309 2133 1469 2187 talem
1495 2132 1797 2202 adjutorcm
1834 2134 2063 2195 sortitus

475 2243 620 2281 sum.
661 2225 777 2286 Vel.
825 2226 1000 2294 ipsum
1044 2222 1215 2278 Deum
1262 2239 1479 2294 semper
1525 2223 1709 2287 laudo,
1753 2225 1845 2295 qui
1892 2225 2069 2279 factus

474 2326 560 2373 est
603 2316 856 2370 Salvator
895 2333 1070 2373 meus.

552 2406 714 2461 Vens.
760 2407 849 2461 15.
896 2405 1009 2461 V0.1:
1050 2407 1450 2469 exsultationis,
1481 2416 1530 2461 et
1563 2406 1756 2461 salutis
1796 2408 1850 2459 in
1889 2406 2067 2460 taber-

475 2501 682 2553 naculis
710 2498 1004 2568 justorum.
1039 2497 1103 2550 Et
1136 2515 1356 2553 rursum
1395 2497 1571 2553 factus
1600 2507 1682 2553 est
1711 2498 1845 2552 mihi
1880 2497 2064 2553 Domi-

480 2605 606 2652 nus,
648 2604 749 2641 vox
779 2588 1193 2652 cxsultationis,
1229 2598 1284 2641 et
1324 2588 1562 2641 salutis:
1604 2589 1705 2642 Ι.οο
1741 2596 1845 2648 est,
1887 2587 2066 2641 factus

479 2688 567 2734 csl
599 2694 771 2732 causa
805 2680 959 2734 vocis
994 2678 1399 2742 exsnltationis,
1433 2686 1487 2730 et
1517 2679 1671 2734 vocis
1693 2679 1910 2745 salutis,
1947 2694 2066 2749 quae

480 2768 700 2822 canitur
739 2769 792 2822 in
823 2768 1196 2823 tabernaculis
1225 2767 1524 2837 justorum,
1553 2784 1674 2823 cum
1710 2769 1780 2824 ob
1825 2770 2069 2824 adrnira-

482 2859 664 2913 biliter
711 2857 846 2913 mihi
899 2858 1197 2930 prazstitam
1247 2860 1504 2926 salutem,
1556 2861 1825 2931 impulsus
1865 2864 1965 2916 sim
2009 2869 2069 2915 ut.

484 2951 944 3017 exsultationem,
994 2961 1042 3004 ct
1090 2950 1321 3005 salutem
1359 2951 1506 3005 illam
1559 2952 1862 3016 laudarem,
1902 2967 2065 3023 quam

481 3044 618 3097 milii
655 3045 864 3097 tribuit.
908 3041 1001 3097 Vel
1027 3043 1299 3112 impulsus
1331 3060 1451 3099 sum
1484 3044 1549 3097 ad
1579 3044 1907 3099 laudandum
1938 3060 2063 3099 eum

483 3136 537 3189 in
563 3138 958 3201 exsultatione,
1003 3145 1056 3191 et
1103 3137 1301 3191 salute.
1349 3135 1451 3192 Per
1495 3136 1842 3192 tabernacula
1881 3145 2062 3190 autem

478 3226 756 3296 iustorum
814 3228 1027 3299 tuguria
1087 3230 1411 3297 praedicere,
1462 3229 1516 3283 in
1563 3231 1766 3300 quibus
1822 3228 2071 3283 Davidici

484 3319 678 3387 psalmi
709 3322 984 3390 praecipue
1018 3321 1386 3375 decantantur
1422 3339 1433 3373 :
1471 3321 1553 3375 vel
1584 3324 1787 3389 varias,
1834 3336 1897 3376 ac
1941 3336 2071 3390 par-

485 3410 765 3477 ticulares,
794 3428 917 3481 quae
953 3428 1052 3483 per
1086 3414 1274 3471 orbem
1312 3424 1461 3482 sunt,
1493 3413 1791 3469 Ecclesias.

555 3520 723 3578 Vnus.
762 3523 849 3578 16.
880 3524 1113 3579 Dextera
1143 3525 1361 3580 Domini
1388 3527 1512 3595 fecit
1537 3528 1807 3582 virtutem.
1837 3525 2070 3581 Dextera

484 3612 727 3676 Domini,
758 3613 810 3667 id
856 3626 962 3680 est,
1015 3615 1261 3669 divinum
1325 3617 1612 3682 auxilium,
1685 3618 1831 3686 quod
1879 3617 2071 3672 tribuit

488 3703 648 3757 nobis
679 3703 995 3769 victoriam,
1029 3712 1084 3758 et
1116 3712 1379 3773 tropaaum
1412 3706 1611 3761 erexit.

557 3809 793 3865 Dextera
818 3810 1038 3867 Domini
1059 3791 1318 3867 exultavit
1351 3829 1452 3869 me.
1495 3812 1685 3869 Erexit
1711 3831 1796 3870 me
1832 3814 1946 3884 jam
1979 3832 2073 3886 pe-

490 3903 640 3959 nitus
671 3904 1022 3960 inclinatum.
1070 3904 1191 3972 Vel,
1236 3906 1579 3963 Gloriﬁcavit
1619 3924 1728 3973 me,
1779 3917 2072 3980 postquam

488 3993 746 4049 inimicos
777 4009 930 4050 meos
957 3995 1010 4049 in
1043 3996 1227 4066 fugam
1249 3998 1543 4063 convertit,

555 4106 786 4162 Dextera
814 4108 1033 4163 Domini
1074 4110 1199 4179 fecit
1251 4113 1518 4167 virtutem.
1569 4111 1830 4168 Eamdem
1878 4130 2074 4171 rursus

487 4198 819 4250 sententiam
873 4200 1098 4267 repetit,
1153 4208 1208 4253 et
1259 4216 1373 4270 pra:
1425 4201 1614 4256 laetitia
1672 4203 1729 4258 in
1768 4206 2073 4271 gratiarum

488 4287 705 4341 actione
735 4291 1073 4346 extenditur.
1097 4289 1196 4345 Vel
1222 4302 1305 4348 ter
1327 4294 1619 4350 nominans
1650 4294 1745 4351 Dei
1769 4297 2072 4361 dexteram,

488 4376 686 4445 triplex
723 4378 1309 4449 trium‘personarum
1360 4385 1625 4438 auxilium
1676 4385 1732 4439 in
1779 4385 2075 4442 Divinitate

487 4467 793 4527 denotavit.

567 4583 733 4641 Vens.
784 4588 873 4640 ΓΙ.
908 4585 1034 4641 Non
1081 4592 1308 4655 moriar,
1358 4591 1449 4644 sed
1508 4593 1703 4658 vivam,
1746 4604 1795 4647 et
1842 4597 2073 4651 narrabo

490 4694 653 4745 opera
682 4676 921 4731 Domini.
959 4679 1080 4733 Non
1135 4686 1346 4735 moriar
1388 4683 1671 4753 deinceps,
1723 4702 1822 4740 nec
1874 4690 2075 4758 pcrdar

491 4776 562 4823 at)
590 4770 656 4823 iis
681 4770 775 4838 qui
801 4770 1294 4826 circumdederunt
1335 4790 1443 4839 me,
1473 4779 1940 4845 quemadmodum
1970 4782 2073 4851 ipsi

491 4861 810 4931 sperabant,
852 4876 976 4916 cum
1026 4863 1103 4917 illi
1159 4875 1352 4918 contra
1394 4870 1579 4936 potius
1631 4870 1893 4937 perierint
1929 4889 1942 4925 :
1978 4873 2073 4928 sed

492 4953 693 5017 vivam,
728 4959 782 5005 et
820 4953 1060 5008 laudabo
1097 4954 1369 5010 mirabilia
1417 4956 1535 5011 Dei.
1577 4956 1689 5022 Vel,
1717 4957 1834 5015 Non
1870 4964 2076 5017 moriar

494 5043 697 5099 anima:
729 5053 922 5112 morte,
954 5046 1049 5100 sed
1075 5049 1255 5101 vivam
1281 5065 1347 5104 ea
1371 5050 1479 5105 vita
1512 5068 1634 5121 quae
1662 5063 1748 5108 est
1771 5056 2073 5109 secundum

497 5136 687 5190 Deum.
721 5133 841 5200 Vel,
874 5134 992 5189 Non
1037 5138 1264 5203 moriar,
1309 5142 1403 5195 sed
1442 5144 1642 5209 vivam,
1682 5143 1784 5197 hoc
1829 5156 1934 5211 est,
1979 5145 2076 5197 Im-

493 5228 747 5283 mortalis
776 5243 895 5294 ero,
927 5230 1055 5300 quia
1098 5248 1215 5286 mea
1247 5233 1465 5289 cantica
1489 5246 1760 5288 canentur
1785 5247 2072 5305 perpetuo,

491 5327 548 5375 et
566 5319 788 5375 illorum
821 5331 1019 5378 cantus
1071 5323 1226 5378 nullo
1267 5341 1510 5395 unquam
1555 5335 1799 5395 tempore
1831 5328 2071 5383 deﬁciet.

497 5410 799 5468 Possumus
839 5414 1001 5468 etiam
1042 5416 1189 5471 hunc
1238 5417 1573 5472 versiculum
1631 5419 1963 5487 intelligere,
2017 5432 2075 5474 ut

498 5518 683 5559 sermo
715 5507 785 5560 sit
817 5507 884 5561 de
917 5510 1349 5572 resurrectione,
1378 5521 1430 5563 et
1467 5518 1683 5564 asserat
1717 5509 1984 5578 Proliheta
2018 5528 2076 5567 se

500 5606 610 5644 non
660 5596 982 5648 moriturum
1018 5611 1080 5649 ea
1112 5597 1454 5662 conditione,
1491 5607 1549 5650 nt
1584 5599 1732 5649 nulla
1763 5598 1811 5650 ei
1843 5599 2077 5666 amplius

500 5684 921 5742 resurrectionis
946 5687 1018 5740 sit
1047 5701 1190 5756 spes.
1222 5687 1481 5751 Quinimo
1537 5693 1581 5744 si
1609 5690 1835 5753 moriar,
1872 5690 2070 5761 inquit,

2150 484 2256 535 τῶν
2289 482 2480 535 δεινῶν
2506 498 2521 512 ’
2556 485 2647 534 καὶ
2680 483 2770 535 διὰ
2803 482 2901 551 μὲν
2932 483 3029 552 τῆς
3060 484 3271 546 εἰκόνος
3300 484 3408 538 τῶν
3457 484 3728 554 μελισσῶν

2149 575 2210 626 τὸ
2241 575 2477 643 σφοδρξν
2516 578 2615 642 τῆς
2648 575 2959 645 προθυμίας
2985 574 3167 627 αὑτῶν
3193 576 3514 640 αἰνίττεται,
3562 576 3649 629 διὰ
3678 576 3731 627 δὲ

2147 667 2242 719 τοῦ
2297 667 2468 737 πυρὸς
2518 666 2578 719 τὸ
2601 667 2907 719 ἀκάθεκτον
2969 666 3072 735 τῆς
3114 666 3306 737 ὀργῆς.
3367 667 3435 719 Δί
3480 667 3733 737 μέλισσαι

2154 758 2254 827 μὲν
2305 758 2414 827 γὰρ
2474 757 2739 828 εὑροῦσαι
2800 757 2995 827 κηρίον
3034 757 3275 826 μέλιτος,
3326 758 3463 828 μετὰ
3498 758 3734 829 σφοδρᾶς

2151 847 2466 918 προθυμίας
2531 847 2826 901 κυκλοῦσιν
2851 847 3123 911 αὑτδ,τὴν
3154 847 3358 915 ἰκμάδα
3401 846 3492 900 τοῦ
3521 848 3735 917 μέλιτος

2153 940 2477 1010 ἑκμυζὼσαι
2500 956 2514 970 ·
2571 939 2665 992 καὶ
2695 938 2753 991 τὸ
2799 936 2910 1009 πῦρ
2944 938 3194 991 ἀκανθῶν
3232 939 3573 1009 δραξάμενον
3603 941 3727 993 ἀκά-

2156 1031 2347 1083 θεκτον
2371 1031 2606 1098 γίνεται.

2224 1121 2478 1184 ὨΟ-θεὶς,
2517 1120 2864 1189 ἁνετράπην
2903 1121 3007 1176 τοῦ
3038 1122 3269 1185 πεσεῖν,
3322 1121 3418 1183 καὶ
3454 1124 3486 1175 ὀ
3523 1118 3741 1189 Κύριος

2155 1212 2521 1266 ἀντελάϐετό
2543 1230 2687 1281 μου.
2720 1213 2934 1274 Ὡσθεὶς
2991 1214 3123 1283 παρ’
3183 1213 3388 1278 αὐτῶν,
3421 1213 3610 1266 ἔκλινα
3637 1216 3730 1266 τοῦ

2160 1303 2371 1367 πεσεῖν,
2403 1302 2702 1362 τουτέστιν,
2732 1302 2899 1369 ἐγγὺς
2935 1305 3205 1372 ἐγενόμην
3266 1302 3361 1355 τοῦ
3398 1306 3610 1369 πεσεῖν,
3653 1305 3744 1356 καὶ

2157 1394 2185 1444 ὁ
2213 1392 2415 1464 Κύριος
2446 1394 2774 1446 ἀντελὰὁετό
2814 1412 2939 1464 μου,
2975 1395 3062 1446 ἵνα
3088 1396 3184 1448 καὶ
3217 1394 3422 1464 μᾶλλον
3453 1396 3607 1467 δείξῃ
3647 1398 3743 1466 τὴν

2160 1485 2325 1537 αὑτοῦ
2379 1486 2531 1555 ἰσχὺν
2577 1486 2673 1537 καὶ
2695 1486 3049 1555 κηδεμονίαν,
3082 1487 3423 1556 ἀφαρπάσας
3455 1488 3519 1539 ὲκ
3546 1487 3745 1556 στόμα-

2168 1594 2260 1642 τος
2290 1578 2385 1631 τοῦ
2414 1578 2651 1632 θανάτου
2689 1577 2780 1634 τὸν
2804 1578 3229 1649 ἀπεγνωσμένον
3261 1578 3605 1648 πανταχόθεν
3636 1580 3747 1630 ὲτέ-

2168 1669 2363 1741 ρωθεν.

2244 1763 2452 1831 Ἰσχύς
2472 1780 2590 1834 μου
2604 1761 2701 1817 καὶ
2746 1763 3009 1831 ὒμνησίς
3031 1781 3150 1832 μου
3181 1765 3213 1816 ό
3236 1764 3472 1833 Κύριος,
3497 1764 3599 1819 καὶ
3620 1761 3747 1833 ἐγέ-

2162 1854 2302 1908 νετό
2320 1870 2419 1922 μοι
2438 1855 2526 1919 εὶς
2549 1854 2876 1923 σωτηρίαν.
2915 1853 3026 1905 Καὶ
3052 1852 3205 1922 ἰσχύς
3227 1854 3330 1923 μού
3358 1856 3541 1905 ἐστιν’
3575 1856 3632 1906 ὲν
3652 1855 3746 1905 αὑ-

2163 1945 2241 2014 τιῖ)
2298 1946 2404 2016 γὰρ
2447 1946 2617 2016 ἰσχύω
2644 1961 2660 1974 ⁹
2705 1946 2800 1999 καὶ
2855 1944 3088 2016 ὕμνησίς
3156 1960 3287 2014 im".
3324 1944 3392 1998 δι’
3426 1944 3599 1998 αὑτοῦ
3640 1960 3673 2012 γ
3718 1962 3747 2013 ρ

2165 2036 2468 2107 ὑμνοῦμαι,
2508 2039 2604 2090 καὶ
2645 2038 2944 2106 δοξάζομαι
2995 2037 3147 2106 παρά
3176 2036 3417 2099 πάντων,
3460 2036 3539 2100 ὡς
3573 2034 3750 2089 τοιοῦ-

2165 2147 2258 2182 τον
2326 2129 2522 2201 βοηθὸν
2582 2129 3006 2199 πεπλουτηκὼς,
3058 2130 3091 2200 ἢ
3133 2130 3230 2182 καὶ
3279 2129 3441 2183 αὑτὸν
3478 2130 3638 2201 ὑμνῶ
3664 2129 3751 2182 διὰ

2166 2222 2392 2288 παντὸς,
2426 2223 2521 2275 καὶ
2547 2222 2766 2291 ἐγένετό
2801 2239 2892 2291 μοι
2916 2223 3134 2293 Σωτήρ.

2236 2394 2409 2463 Φωνὴ
2436 2396 2855 2467 ἀγαλλιάσεως
2916 2398 3014 2452 καὶ
3046 2400 3349 2469 σωτηρίας
3386 2401 3456 2453 ἐν
3484 2397 3748 2468 σκηναῖς

2166 2489 2431 2545 δικαίων.
2487 2493 2599 2543 Καὶ
2645 2490 2864 2560 ἐγένετό
2907 2509 2998 2561 μοι
3061 2492 3224 2547 πάλιν
3272 2493 3426 2564 φωνὴ
3486 2493 3748 2561 ἀταλὶά·

2170 2600 2307 2645 cem;
2353 2583 2447 2635 καὶ
2472 2584 2769 2654 σωτηρίας,
2801 2584 3069 2654 ᾁδομένης
3116 2587 3173 2637 ὲν
3214 2589 3444 2655 σκηναῖς
3495 2585 3744 2644 δικαίων,

2174 2674 2493 2745 παραδόξως
2524 2675 2634 2745 γὰρ
2662 2675 2752 2728 ὑπ’
2788 2677 2957 2729 αὑτοῦ
3008 2675 3223 2740 σωθεὶς,
3250 2676 3515 2747 ἐκινήθην
3576 2678 3654 2739 είς
3693 2674 3750 2727 τὸ

2171 2767 2364 2837 ὑμνεῖν
2416 2770 2514 2837 τὴν
2564 2767 2891 2834 ἁγαλλίασιν
2945 2771 3039 2821 καὶ
3095 2770 3194 2839 τὴν
3226 2769 3528 2840 σωτηρίαν,
3570 2770 3635 2839 ἦν
3662 2784 3747 2838 μοι

2170 2860 2514 2932 δεδώρηται·
2561 2859 2593 2931 ἢ
2635 2860 2713 2923 εἰς
2763 2861 2822 2913 τὸ
2884 2862 3073 2931 ὑμνεῖν
3118 2861 3281 2915 αὑτὸν
3328 2862 3387 2914 ὲν
3426 2862 3749 2929 ἀγαλλιάσει

2172 2952 2271 3006 καὶ
2325 2953 2597 3023 σωτηρίᾳ.
2645 2952 2860 3021 Σκηνὰς
2892 2954 2948 3006 δὲ
2967 2954 3194 3008 δικαίων
3215 2950 3370 3023 οἶμαι
3396 2952 3749 3025 προφητικῶς

2175 3047 2355 3115 λέγειν
2409 3048 2596 3116 αὑτὸν,
2644 3049 2745 3112 τὰς
2795 3048 3035 3110 καλύϐας
3083 3048 3191 3100 τῶν
3240 3048 3499 3116 ἀσκητῶν
3565 3050 3625 3101 ὲν
3665 3041 3750 3109 αἷς

2098 3101 2145 3166 C
2179 3101 2383 3211 μέλλον
2417 3101 2665 3212 *ᾅδονται
2725 3101 2797 3196 τὰ
2842 3101 3107 3196 Δαϐιδίκά.
3130 3156 3144 3171 ·
3183 3141 3215 3211 ἢ
3265 3101 3557 3204 τὰςικατὰ
3595 3101 3752 3194 τόπον

2186 3233 2386 3305 Ἐκκλη
2395 3233 2530 3298 σίας.

2245 3524 2423 3589 Δεξιὰ
2481 3523 2704 3590 Κυρίου
2740 3522 2991 3588 ἐποίησε
3018 3519 3296 3590 δύναμιν.
3343 3521 3414 3575 Ἠ
3465 3520 3626 3588 δεξιὰ
3663 3521 3757 3576 τοῦ

2177 3616 2413 3686 Κυρίου,
2456 3616 2629 3685 ήτοιή
2672 3616 2982 3686 συμμαχία,
3016 3616 3314 3685 είργάσατο
3352 3613 3451 3684 τὴν
3480 3616 3644 3686 νίκην
3667 3616 3758 3668 καὶ

2176 3704 2374 3774 ἔστησε
2403 3705 2465 3756 τὸ
2497 3704 2784 3774 τρόπαιον.

2247 3818 2423 3884 Δεξιὰ
2445 3821 2667 3887 Κυρίου
2699 3819 2912 3889 ὕψωσέ
2932 3837 3028 3889 με.
3075 3820 3370 3892 Ἀνέστησε
3404 3819 3688 3890 κλιθέντα,
3718 3820 3752 3891 ἢ

2177 3913 2399 3981 ὲδόξασε
2428 3914 2856 3985 τροπωσάμενον
2890 3916 3017 3978 τοὺς
3040 3913 3286 3985 ἐχθρούς.

2248 4109 2423 4175 Δεξιὰ
2461 4111 2685 4177 Κυρίου
2713 4109 2968 4177 ἐποίησε
2984 4109 3263 4179 δύναμιν.
3325 4111 3399 4164 Τὸ
3423 4111 3561 4167 αὐτὸ
3613 4080 3759 4183 itif-yet

2179 4201 2362 4266 πάλιν,
2394 4201 2485 4271 ὑφ’
2525 4202 2717 4273 ήδονῆς
2741 4202 3028 4255 ἐπιτείνων
3058 4203 3156 4273 τὴν
3178 4203 3536 4276 εὐχαριστίαν
3557 4222 3571 4237 ο
3600 4206 3632 4277 ἦ
3660 4206 3754 4259 καὶ

2180 4298 2332 4366 τρεῖς
2351 4295 2533 4361 δεξιὰς
2566 4294 2740 4348 εἰπὼν
2769 4296 2999 4366 Κυρίου,
3033 4295 3133 4366 τὴν
3160 4297 3399 4367 τριπλῆν
3434 4299 3757 4370 συμμαχίαν

2102 4422 2154 4483 D
2182 4388 2282 4455 τῆς
2305 4390 2740 4459 τρισυποστάτου
2756 4388 3007 4458 θεότητος
3039 4388 3332 4457 ἐνέφηνεν.

2244 4589 2367 4642 Οὐκ
2394 4584 2831 4654 ἀποθανοῦμαι,
2884 4585 3049 4641 ἀλλὰ
3083 4584 3358 4654 ζήσομαι,
3391 4584 3492 4639 καί
3542 4583 3756 4655 διηγή-

2178 4696 2363 4749 σομαι
2395 4676 2469 4731 τὰ
2520 4679 2665 4745 ἔργα
2706 4678 2948 4745 Κυρίου.
2984 4678 3095 4730 υὺκ
3136 4677 3514 4746 ἀποθανοῦμαι
3568 4675 3759 4731 λοιπὸν

2177 4774 2285 4826 ἀπὸ
2314 4771 2422 4823 τῶν
2460 4770 2858 4823 κυκλωσάντων
2889 4787 2980 4840 με,
3018 4769 3200 4832 καθὼς
3256 4769 3489 4831 ἐκείνοις
3553 4768 3751 4828 ἐδόκει,

2177 4864 2493 4917 τούναντίον
2533 4861 2736 4932 μᾶλλον
2764 4862 2946 4915 αὑτῶν
2997 4861 3390 4915 ἀπολωλότωνο
3423 4860 3557 4914 ἀλλὰ
3601 4861 3760 4930 {ﬁco-

2182 4972 2301 5025 μαι,
2330 4957 2425 5008 καὶ
2466 4955 2695 5025 ὑμνήσω
2742 4953 2809 5007 τὰ
2862 4954 3143 5024 θαυμάσια
3184 4954 3279 5006 τοῦ
3335 4952 3495 5006 Θεοῦ.
3538 4954 3608 5005 Ἦ
3658 4955 3759 5004 οὐκ

2176 5049 2555 5118 ἀποθανοῦμαι
2594 5047 2684 5101 τὸν
2711 5048 2939 5118 ψυχικὸν
2995 5047 3249 5113 θάνατον,
3308 5047 3444 5101 ἀλλὰ
3510 5047 3751 5116 ζήσομαι

2178 5143 2279 5209 τὴν
2325 5140 2466 5193 κατὰ
2508 5139 2640 5192 Θεὸν
2682 5139 2851 5209 ζωήν.
2895 5138 2963 5193 Ἦ
2999 5140 3101 5191 οὑκ
3147 5138 3555 5207 ἀποθανοῦμαι,
3615 5136 3755 5189 ἀλλὰ

2179 5233 2444 5303 ζήσομαι,
2467 5233 2766 5299 τουτέστιν,
2792 5232 3059 5296 ἀθάνατος
3082 5232 3300 5302 ἔσομαι,
3353 5232 3442 5285 διὰ
3467 5233 3525 5285 τὸ
3568 5232 3751 5300 διηνε-

2180 5324 2292 5387 κῶς
2323 5324 2470 5396 ᾄδειν
2503 5325 2656 5394 παρὰ
2688 5326 2801 5385 τοῖς
2829 5323 3097 5394 ψάλλουσι
3128 5323 3225 5385 τὰς
3260 5324 3401 5393 ἐμὰς
3433 5324 3596 5394 ᾠδὰς,
3657 5324 3754 5375 καὶ

2183 5414 2317 5482 μηδέ
2352 5431 2482 5466 ποτε
2522 5413 2813 5479 παύεσθαι,
2843 5413 3007 5486 μέχρι
3035 5415 3238 5477 παντὸς
3294 5416 3512 5478 αἰῶνος.
3547 5414 3615 5466 Ἦ
3657 5413 3754 5465 καὶ

2179 5507 2306 5577 περὶ
2323 5507 2422 5575 τῆς
2440 5507 2795 5569 ἀναστάσεως
2815 5507 3256 5578 προφητεύοντος
3278 5510 3305 5561 ὁ
3341 5508 3521 5577 λόγος,
3544 5508 3625 5559 ὃτι
3654 5506 3755 5557 οὐκ

2181 5597 2565 5665 ἀποθανοῦμαι
2594 5600 2673 5660 εἰς
2703 5599 2764 5650 τὸ
2793 5600 3338 5670 μηκέτιάναστῆναι,
3357 5600 3492 5654 ἀλλὰ
3517 5600 3754 5668 ζήσομαι

2182 5691 2344 5743 πάλιν
2378 5690 2518 5762 μετὰ
2552 5691 2770 5751 πάντων
2800 5691 3133 5761 ἀνθρώπων·
3164 5693 3244 5746 διὸ
3276 5694 3369 5748 καὶ
3420 5693 3752 5765 διηγήσομαι
