4052 6414
331 399 480 471 1129

330 616 526 669 στασίν
553 631 644 683 μοι
659 611 1054 684 χαρισαμένου.

1476 395 1866 458 COMMENT.
1915 394 1999 456 ΙΝ
2038 395 2402 457 PSALMOS-

329 524 402 578 τὰ
444 523 583 593 ἔργα
615 519 712 574 τοῦ
758 516 968 590 Κυρίου
1004 515 1144 589 μετὰ
1173 515 1281 571 τῶν
1309 513 1505 578 ἄλλων,
1532 516 1628 569 καὶ
1653 514 1753 585 τὴν
1768 512 1902 567 ἀνά-

2016 519 2274 580 perpetua
2311 510 2443 564 mihi
2471 519 2652 567 tamen
2691 528 2801 569 non
2843 515 2950 570 erit
2987 527 3140 569 mors

3445 397 3585 465 1130

3191 531 3206 570 :
3250 522 3416 584 atque
3461 514 3586 569 ideo

2013 616 2126 656 non
2156 616 2286 657 vere
2315 600 2541 667 moriar,
2570 603 2664 658 sed
2699 619 2805 658 una
2839 619 2961 659 cum
3007 605 3220 660 caeteris
3270 603 3588 659 hominibus

333 725 554 771 rursum
595 709 802 772 vivam,
838 715 892 761 et
947 713 1238 777 propterea
1287 702 1527 759 narrabo
1574 715 1741 773 opera
1790 694 2032 761 Domini,
2095 694 2192 765 qui
2253 693 2387 747 mihi
2427 695 2591 749 simul
2660 711 2783 750 eum
2832 697 2956 751 aliis
3000 699 3160 751 honis
3227 698 3563 752 resurrectio

329 821 458 862 nem
492 804 632 856 hanc
662 801 890 870 largitus
911 806 1016 854 est.

388 893 693 949 Παιδεύων
720 889 1048 945 ἐπαίδευσε
1071 906 1148 959 με
1176 890 1209 943 ὁ
1233 888 1469 958 Κύριος,
1496 887 1647 954 τῷδε
1672 884 1908 951 θανάτῳ

273 974 284 992 ’
334 990 404 1042 οὐ
424 984 730 1053 παρέδωκέ
747 979 1170 1052 με.⁹ΕπαΞδευσέ
1191 997 1258 1050 με
1273 979 1632 1048 συγχωρήσας
1645 976 1908 1046 ἐμπεσεῖν

331 1080 445 1140 τοῖς
478 1076 692 1139 δεινοῖς,
729 1074 816 1126 ἵνα
849 1071 928 1141 τῷ
953 1071 1103 1140 φόϐῳ
1129 1069 1226 1122 τοῦ
1244 1067 1486 1140 χαλεποῦ
1516 1067 1787 1129 κινδύνου,
1810 1063 1905 1116 καὶ

330 1171 432 1239 τῆς
462 1168 710 1235 ἀνάγκης
734 1165 947 1232 ἐκείνης
979 1160 1276 1232 βελτιωθώ,
1314 1160 1410 1212 καὶ
1457 1157 1903 1230 σωφρονέστερος

333 1263 600 1331 γένωμαι.
625 1259 738 1312 Οὐκ
766 1256 945 1325 ἀφῆκε
967 1255 1022 1308 δὲ
1047 1254 1360 1317 ἀποθανεῖν,
1401 1251 1738 1323 ἐξαρπάσας,
1767 1248 1870 1302 καθ
1891 1278 1903 1287 -

332 1351 410 1416 ὼς
462 1349 720 1420 ἀνωτέρω
759 1348 1076 1418 δεδήλωται,
1111 1345 1198 1399 ἵνα
1233 1343 1381 1417 δείξῃ
1405 1343 1503 1413 τὴν
1537 1342 1691 1412 ἰσχὺν
1717 1336 1908 1404 αὐτοῦ,

335 1444 432 1498 καὶ
461 1441 812 1514 κηδεμονίαν.

405 1619 716 1686 Ἀνοίξατέ
754 1636 856 1689 μοι
927 1619 1128 1686 πύλας
1178 1615 1598 1681 δικαιοσύνης.
1644 1613 1758 1676 Τὰς
1810 1610 1914 1681 τῆς

337 1714 562 1784 σκηνῆς,
593 1716 652 1766 ὲν
739 1711 990 1767 ἐπέκειτο
1024 1713 1058 1782 ἡ
1090 1709 1290 1781 νομικὴ
1319 1704 1656 1774 δικαιοσύνη,
1705 1702 1775 1756 τὰ
1831 1702 1910 1755 διο

334 1805 629 1876 καιώματα
650 1805 744 1858 τοῦ
776 1805 963 1874 νόμου.

2087 873 2255 930 Vens.
2303 875 2390 930 18.
2433 873 2713 945 Castigans
2758 876 3031 945 castigavit
3083 892 3162 930 me
3202 875 3487 940 Dominus,
3537 885 3588 928 et

2015 968 2174 1022 morti
2201 982 2304 1020 non
2335 966 2562 1021 tradidit
2599 984 2697 1022 me.
2746 965 3050 1038 Castigavit
3103 975 3312 1034 autem,
3355 967 3482 1022 dum
3535 969 3589 1020 in

2014 1059 2199 1112 varias
2246 1073 2333 1113 me
2384 1058 2632 1126 permisit
2680 1059 3024 1116 calamitates
3071 1060 3337 1123 incidere,
3385 1075 3450 1115 ea
3499 1061 3589 1115 ni-

2014 1150 2211 1204 mirum
2251 1150 2480 1214 ratione,
2509 1162 2567 1204 ut
2613 1151 2985 1221 periculorum
3021 1160 3186 1222 atque
3231 1151 3588 1207 aﬂlictionum

2011 1239 2234 1308 timore,
2269 1241 2336 1296 de
2375 1249 2574 1296 cancro
2612 1243 2808 1297 melior
2835 1257 2898 1298 ac
2929 1243 3256 1313 prudentior
3290 1246 3436 1298 tiam.
3478 1242 3591 1299 Nec

2009 1337 2190 1383 tamen
2229 1330 2478 1398 permisit
2511 1346 2598 1384 me
2625 1332 2792 1400 mori,
2849 1332 3103 1403 quinimo
3145 1334 3402 1404 eripuita
3449 1335 3595 1402 peri-

2007 1422 2166 1486 culis,
2203 1437 2266 1475 ea
2325 1425 2538 1477 ratione
2583 1431 2640 1476 ut
2684 1426 2827 1480 vires
2872 1441 3002 1481 suas
3049 1433 3105 1480 et
3149 1427 3394 1482 studium
3427 1442 3591 1483 suum

2007 1527 2136 1582 erga
2169 1529 2256 1567 me
2281 1514 2622 1580 ostenderet,
2657 1526 2717 1570 ut
2752 1517 2994 1572 diximus

2084 1602 2248 1658 Vens.
2290 1605 2372 1658 19.
2411 1606 2622 1674 Aperite
2654 1607 2781 1659 mihi
2812 1608 3267 1677 portasjttstt'tia'.
3305 1609 3591 1667 Taberna-

2010 1695 2118 1750 culi
2149 1707 2356 1765 portas,
2396 1698 2487 1750 ubi
2517 1697 2709 1768 legalis
2738 1697 2963 1767 jacebat
3014 1698 3261 1768 iustitia,
3312 1702 3589 1772 justiﬁra-

2014 1790 2190 1844 tiones
2221 1789 2432 1844 scilicet
2463 1791 2620 1861 legis.

409 1875 718 1956 Εἰσελθὼν
743 1899 812 1952 ὲν
828 1897 1036 1964 αὐταῖς
1046 1893 1564 1966 ἐξομολογησομαί
1589 1890 1670 1959 τῷ
1689 1891 1908 1960 Κυρίῳ.

2084 1881 2364 1953 Ingressus
2393 1884 2549 1937 ineas
2571 1886 2859 1954 conﬁtebor
2883 1887 3127 1942 Domina.
3151 1887 3589 1959 Introingt‘eSSuS

337 1991 609 2047 Εἰσελθὼν
668 1991 816 2045 ἔνδον
876 1989 1060 2045 αὐτῶν
1123 1991 1508 2062 εὐχαριστήσω
1571 1988 1648 2058 τῷ
1689 1986 1903 2058 Κυρίῳ,

338 2085 696 2155 ὑμνολογήσω
753 2083 940 2147 αὐτὸν,
971 2083 1047 2146 ὡς
1103 2081 1544 2152 ἐπηγγειλάμην.
1584 2080 1820 2153 Νυήσεις
1849 2079 1906 2131 δὲ

338 2179 513 2243 πύλας
572 2179 944 2250 δικαιοσύνης,
996 2177 1094 2231 καὶ⁹
1150 2178 1248 2241 τὰς
1294 2177 1400 2230 τῶν
1431 2175 1693 2247 ἀνωτέρω
1723 2175 1909 2246 ρηθει·

339 2271 449 2322 σῶν
490 2269 705 2340 σκηνῶν
734 2270 986 2336 δικαίων,
1015 2268 1238 2332 καὶτὰς
1285 2268 1394 2321 τῶν
1446 2265 1728 2337 πανταχοῦ
1779 2263 1906 2318 Ἐκ-

336 2361 603 2428 κλησιῶν,
646 2363 704 2414 ὲν
735 2358 823 2425 αἷς
854 2361 950 2414 καὶ
985 2359 1327 2431 δικαιοσύνη,
1381 2360 1476 2412 xal.
1541 2360 1691 2412 πᾶσα
1737 2355 1906 2428 ἁρετὴ

336 2453 704 2520 πολιτεύεται,
731 2447 807 2510 ὧν
849 2454 996 2508 ἔνδον
1026 2454 1322 2522 γενόμενος
1370 2452 1458 2506 διὰ
1503 2451 1613 2505 τῶν
1672 2449 1906 2521 ψαλμῶν

335 2547 829 2618 ἀντευχαριστήσει
867 2546 946 2616 τῷ
972 2544 1179 2617 Κυρίῳ.

406 2721 570 2787 Αὕτη
604 2721 640 2788 ἠ
697 2720 864 2786 πύλη
911 2720 1018 2774 τοῦ
1062 2719 1309 2788 Κυρίου,
1359 2719 1578 2772 δίκαιοι
1635 2717 1908 2772 εἰσελεύ-

334 2827 547 2866 σονται
585 2813 654 2864 ἐν
675 2810 850 2880 αὐτῇ.
880 2813 1040 2865 Δοκεῖ
1070 2829 1160 2881 μοι
1203 2811 1303 2881 τὴν
1331 2811 1524 2880 στενὴν
1557 2811 1759 2879 λέγειν,
1779 2809 1910 2880 περὶ

335 2899 402 2974 ἧς
435 2905 656 2975 εἴρηκεν
687 2905 714 2956 ὁ
751 2904 985 2973 Χριστὸς
1023 2906 1082 2956 ὲν
1110 2905 1222 2967 τοῖς
1246 2903 1631 2972 Εὐαγγελίοις·
1690 2901 1908 2956 Είσέλ-

336 2999 468 3050 θετε
495 2996 591 3049 διὰ
619 2997 728 3064 τῆς
756 2993 980 3065 στενῆς
997 2995 1201 3062 πύλης
1224 3011 1238 3026 ·
1279 2995 1357 3048 διδ
1386 2997 1478 3049 καὶ
1508 2993 1744 3065 προϊδὼν
1779 2994 1908 3048 ,αὺ-

337 3088 434 3158 τὴν
459 3083 614 3150 οὗτος
646 3089 904 3159 ἐϐόησεν·
939 3087 1095 3158 Αὕτη
1134 3091 1165 3158 ἡ
1191 3088 1336 3158 πύλη
1366 3087 1462 3141 τοῦ
1497 3087 1724 3159 Κυρίου,
1778 3088 1909 3157 περὶ

338 3174 400 3249 ἧς
428 3178 456 3230 ὁ
483 3179 686 3249 Κύριος
729 3179 938 3248 Ἰησους
969 3180 1203 3250 Χριστὸς
1250 3179 1474 3246 διδάξει,
1500 3181 1530 3249 ἡ
1554 3178 1908 3250 πρὸςΚύριον
1934 3212 1978 3272 c

335 3272 568 3336 ἄγουσα.
609 3267 741 3325 Εἶτα
771 3273 1102 3345 προσέθηκε,
1125 3274 1334 3327 Δίκαιοι
1387 3273 1788 3326 εἰσελεύσονται
1850 3275 1908 3326 ὲν

337 3367 503 3436 αὐτῇ,
536 3366 657 3436 ἦτοι
694 3365 761 3418 δι’
789 3367 981 3434 αὐτῆς.
1039 3366 1151 3419 Καὶ
1186 3366 1294 3437 γὰρ
1352 3368 1380 3419 ὁ
1425 3366 1662 3438 Χριστὸς
1714 3363 1904 3418 εἶπεν·

334 3461 417 3513 ὅτι
459 3459 673 3529 Ὀλίγοι
698 3460 857 3514 είσὶν
885 3463 938 3515 οἱ
967 3460 1354 3528 εὑρίσκοντες
1382 3457 1596 3527 αὑτήν.

411 3729 515 3783 Kal
549 3724 1070 3796 ἐξομολογήσομαί
1115 3739 1236 3790 σοι,
1267 3721 1355 3776 ὅτι
1381 3721 1733 3789 ὲπήκουσάς
1766 3739 1908 3790 μου,

339 3821 439 3874 καὶ
467 3821 678 3889 ἐγένου
709 3838 810 3890 μοι
843 3820 929 3884 είς
985 3818 1312 3886 σωτηρίαν.
1337 3817 1509 3872 Πάλιν
1555 3816 1907 3887 εὐχαριστεῖν

341 3919 742 3988 ἐπαγγέλλεται
789 3917 868 3983 τῷ
900 3915 1138 3984 Σωτῆρι.

412 4011 614 4071 Λίθον,
668 4005 741 4060 ὃν
803 4003 1259 4073 ἀπεδοκίμασαν
1316 4004 1373 4057 ol
1429 4002 1907 4071 οἰκοδομοῦντες,

337 4095 410 4154 οὗ
420 4117 518 4165 τος
541 4097 796 4166 ἐγενήθη
823 4097 911 4161 είς
933 4093 1211 4163 κεφαλὴν
1233 4091 1470 4163 γωνίας.
1501 4091 1675 4145 Τοῦτο
1697 4109 1910 4162 προφη-

337 4191 458 4243 τεία
492 4191 620 4260 περὶ
649 4189 743 4241 τοῦ
776 4185 1017 4259 Χριστοῦ
1045 4202 1057 4216 ·
1088 4185 1149 4237 τὸ
1180 4183 1399 4252 συνεχὲς
1456 4182 1564 4254 γὰρ
1597 4181 1694 4236 τοῦ
1746 4183 1907 4250 λόγου

339 4279 722 4332 διακύπτουσιν
748 4279 803 4330 ὲν
825 4277 1040 4338 πολλοῖς
1081 4275 1136 4328 αἱ
1172 4275 1525 4343 προφητεῖαι,
1557 4271 1646 4346 διὰ
1694 4271 1754 4324 τὺ
1797 4273 1910 4325 δεῖν

340 4372 511 4434 αὐτὰς
540 4369 934 4434 συσκιάζεσθαι
962 4368 1122 4434 τέως,
1185 4367 1272 4420 ἵνα
1310 4366 1384 4436 μὴ
1454 4366 1550 4418 καὶ
1612 4365 1682 4418 τὰ
1729 4359 1910 4436 βιϐλία

341 4465 494 4535 παρὰ
522 4464 631 4516 τῶν
651 4462 860 4532 ἐχθρῶν
891 4459 1276 4528 ὲξαλειφτὶῶσι.
1332 4460 1442 4511 Καὶ
1491 4458 1913 4528 οἰκοδομοῦντας

2011 1974 2068 2029 in
2111 1990 2226 2041 eas,
2278 1975 2475 2044 inquit,
2517 1991 2672 2044 agam
2706 1980 2910 2045 gratius
2960 1979 3191 2036 Domino
3237 1992 3289 2036 et
3353 1982 3589 2036 laudabo

2008 2084 2157 2131 eum,
2191 2067 2355 2123 sicuti
2386 2069 2667 2138 pollicitus
2696 2086 2840 2124 sum.
2888 2070 2989 2124 Per
3028 2083 3212 2140 portas
3258 2082 3441 2128 autem
3495 2074 3587 2143 ju-

2009 2162 2194 2226 stitize,
2239 2161 2604 2227 tabernaculi,
2659 2170 2715 2216 ut
2767 2161 3030 2230 diximus,
3083 2174 3272 2234 portas
3323 2165 3586 2237 intelligo,

2010 2267 2108 2308 seu
2152 2251 2548 2317 Ecclesiarum,
2593 2268 2716 2322 quae
2765 2254 2970 2322 ubique
3027 2255 3276 2311 locorum
3327 2265 3480 2322 sunt,
3532 2257 3586 2311 in

2010 2343 2446 2414 quibusjuslitia
2483 2359 2590 2398 una
2613 2360 2734 2398 cum
2771 2345 3001 2415 reliquis
3025 2348 3322 2404 virtutibus
3364 2349 3587 2413 colitur,

2010 2446 2064 2492 et
2097 2439 2242 2492 intra
2273 2452 2411 2507 quas
2439 2437 2634 2493 beatus
2669 2437 2836 2492 David
2867 2441 3174 2510 ingressus,
3214 2457 3308 2512 per
3343 2443 3586 2512 psalmos

2012 2543 2144 2586 suos
2176 2529 2475 2600 condignas
2513 2544 2610 2600 pro
2655 2531 2826 2587 tantis
2862 2531 3144 2589 beneﬁciis
3189 2532 3424 2590 Domino
3463 2551 3588 2606 gra-

2013 2623 2116 2677 tias
2151 2621 2282 2693 agit.
2687 2637 2689 2639 '
2738 2685 2740 2688 ,

2085 2712 2349 2772 Vens.20.
2372 2715 2500 2772 Πιεε
2512 2727 2668 2788 porta
2687 2716 3070 2788 Domini,jusfi
3091 2720 3366 2774 intrabunt
3384 2721 3436 2775 iu
3449 2738 3589 2776 eam.

2013 2805 2240 2863 Videtur
2273 2810 2406 2863 mihi
2438 2809 2732 2880 Propheta,
2768 2822 2977 2865 arctam
3015 2812 3165 2866 illam
3206 2823 3370 2883 atque
3410 2831 3586 2884 angu-

2015 2908 2154 2954 stam
2191 2890 2402 2970 pOrtam
2457 2902 2699 2971 signare,
2741 2903 2809 2956 de
2839 2917 2948 2971 qua
2991 2902 3252 2958 Dominus
3301 2905 3356 2957 in
3409 2905 3592 2958 Evan-

2011 2991 2168 3060 gcliis
2204 2991 2280 3046 ait
2326 3009 2340 3046 :
2379 2991 2590 3047 Intrate
2635 3008 2727 3060 per
2779 3003 3063 3064 angustam
3094 2995 3388 3063 portam".
3437 2994 3588 3051 Hanc

2011 3083 2214 3137 etenim
2247 3083 2584 3152 prOpheticis
2623 3083 2802 3138 oculis
2859 3099 3096 3138 cernens
3148 3084 3345 3140 beatus
3397 3084 3588 3148 Dtnitl,

2012 3175 2230 3238 clamat,
2270 3175 2458 3228 dicens
2492 3191 2507 3228 :
2551 3175 2676 3229 Haec
2705 3183 2788 3229 est
2817 3184 2974 3244 porta
3025 3173 3281 3235 Domini;
3339 3176 3454 3232 [1338
3500 3190 3590 3232 est

2013 3267 2100 3320 illa
2135 3272 2311 3336 porta,
2363 3266 2431 3322 de
2467 3280 2573 3334 qua
2605 3265 2870 3320 Dominus
2900 3265 3060 3322 Jesus
3090 3266 3344 3322 Christus
3369 3267 3584 3322 docebit

2013 3373 2146 3422 vos;
2184 3357 2289 3422 vel,
2330 3357 2421 3410 illa
2465 3366 2644 3427 porta,
2700 3373 2822 3428 qua:
2860 3357 2927 3410 ad
2976 3357 3257 3412 Christum
3295 3358 3498 3426 .ducit;
3535 3371 3589 3415 ct

2012 3449 2212 3504 deinde
2237 3447 2450 3503 addidit
2480 3447 2624 3519 quod
2649 3449 2787 3517 justi
2815 3457 3024 3504 tantum
3058 3449 3343 3504 intrabunt
3363 3451 3414 3504 in
3442 3467 3586 3514 eam,

2015 3542 2118 3596 hoc
2154 3551 2254 3608 est,
2289 3557 2382 3611 per
2415 3557 2558 3596 eam.
2589 3540 2959 3608 Quamobrem
2989 3542 3103 3612 ipse
3133 3543 3294 3597 etiam
3318 3533 3590 3600 'Christus

2013 3634 2171 3699 dixit,
2198 3633 2338 3703 quod
2360 3635 2518 3703 pauci
2541 3643 2680 3698 sunt,
2717 3635 2806 3704 qui
2849 3634 3120 3688 inveniunt
3147 3651 3265 3688 eam
3286 3637 3353 3692 “.

2084 3725 2252 3783 Vens.
2285 3727 2376 3782 2|.
2407 3725 2734 3796 Conﬁtebor,
2761 3728 2889 3793 quia
2913 3727 3183 3782 exaudiui
3209 3744 3307 3794 me,
3337 3738 3386 3782 et
3417 3729 3592 3798 facta;

2013 3835 2066 3872 es
2104 3821 2230 3872 mihi
2272 3820 2327 3873 in
2379 3819 2630 3874 salutem.
2680 3818 2902 3875 Rursus
2947 3819 3235 3890 pollicetur
3274 3836 3334 3875 se
3385 3825 3592 3891 gratias

2017 3919 2269 3964 acturum
2299 3910 2431 3965 Deo.

2087 4000 2250 4057 Vens.
2299 4001 2391 4055 22.
2453 4000 2705 4069 Lapidem
2756 4019 2906 4072 quem
2964 4002 3375 4070 reprobareruat
3409 4004 3597 4074 {tuli/i-

2015 4103 2221 4157 cantes,
2277 4092 2362 4146 .‘tic
2425 4094 2600 4162 factus
2639 4103 2728 4164 gest
2782 4097 2836 4147 in
2891 4105 3050 4162 caput
3093 4095 3298 4164 anguli.
3340 4095 3468 4150 Haec
3509 4107 3596 4151 est

2013 4187 2176 4239 etiam
2212 4186 2520 4255 prophetia,
2555 4200 2676 4255 quas
2705 4187 2772 4239 ad
2809 4185 3090 4239 Christum
3137 4187 3393 4254 pertinet.
3458 4187 3593 4240 Ani-

2016 4277 2463 4332 madvertendum
2514 4292 2644 4332 vero
2697 4287 2813 4342 est,
2869 4277 3169 4348 pr0phetas
3198 4293 3439 4348 persape
3478 4295 3597 4334 set—

2017 4384 2232 4422 monem
2259 4369 2533 4437 inceptum
2557 4366 2887 4423 intercidere
2918 4385 2932 4422 :
2965 4383 3028 4421 ea
3060 4367 3320 4422 nimirum
3351 4369 3590 4432 ratione,

2023 4473 2080 4514 ut
2127 4462 2256 4530 ipsa:
2312 4460 2631 4531 prophetiae,
2686 4459 2878 4514 umbra
2922 4459 3160 4529 quadam
3213 4473 3278 4513 ac
3324 4461 3596 4515 velamine

350 4557 447 4625 μὲν
491 4555 639 4621 λέγει
670 4554 792 4615 τοὺς
830 4554 1132 4624 ἀρχιερεῖς,
1196 4552 1325 4613 τοὺς
1376 4553 1752 4622 γραμματεῖς,
1787 4551 1914 4611 τοὺς

2022 4553 2374 4621 obtegamur,
2398 4565 2463 4604 ne
2496 4553 2542 4604 si
2574 4551 2818 4619 apertius
2870 4552 3244 4615 traderentur,
3287 4554 3466 4622 majus
3499 4569 3592 4610 sa-

337 4646 688 4706 διδασκάλους
719 4643 825 4695 τῶν
869 4643 1159 4706 Ἰουδαίων,
1213 4641 1289 4706 ὡς
1347 4640 1909 4712 προκεχειρισμένους

345 4735 648 4802 οἰκοδομεῖν
675 4734 766 4785 καὶ
798 4733 1151 4803 καταρτίζειν
1173 4739 1262 4786 τὸν
1282 4733 1432 4798 λαὸν,
1463 4733 1555 4785 ἐπὶ
1581 4731 1657 4802 τῷ
1679 4731 1915 4800 θεμελίῳ

342 4828 436 4880 τοῦ
462 4827 628 4896 νόμου
651 4841 665 4855 ·
699 4825 846 4877 λίθον
881 4823 935 4876 δὲ
971 4824 1480 4892 ἀποὼκιμασθὲντα
1515 4823 1608 4876 τὸν
1640 4823 1876 4891 Χριστόν
1898 4835 1912 4851 ο

343 4919 492 4971 λίθον
520 4919 642 4986 μὲν,
661 4917 748 4969 διὰ
769 4917 828 4968 τὸ
849 4916 1096 4985 στερρὸν,
1117 4917 1210 4968 καὶ
1227 4915 1506 4968 ἀνένδοτον
1523 4914 1661 4984 πρὸς
1679 4913 1877 4967 κακίαν
1898 4927 1914 4942 ο

352 5010 670 5080 Ἀμαρτίαν
701 5008 831 5076 γὰρ,
867 5006 1054 5077 φησὶν,
1080 5009 1192 5060 οὐκ
1209 5006 1530 5070 ἐποίησεν·
1564 5005 1919 5076 ’Δπεδοκίμασ

340 5119 440 5157 σαν
469 5101 524 5153 δὲ
547 5099 732 5163 αὑτὸν,
751 5099 822 5159 ὡς
835 5099 1131 5168 ἄχρηστον,
1157 5099 1236 5158 είς
1251 5097 1542 5168 οἰκοδομήν
1563 5113 1576 5127 ο
1605 5099 1790 5166 ἔλεγον
1809 5097 1919 5168 γὰρ

337 5195 443 5257 ὅτι,
463 5191 832 5259 Σαμαρείτης
867 5185 923 5242 εί
950 5189 1030 5240 σύ
1058 5202 1072 5216 ⁸
1098 5190 1191 5241 καὶ
1221 5188 1322 5250 ὅτι,
1343 5183 1532 5252 Θῦτος
1563 5190 1594 5240 d
1617 5187 1919 5255 ἅνθρωπος

339 5287 452 5337 οὐκ
513 5283 685 5336 ἐστιν
752 5281 820 5334 ἐκ
865 5281 972 5334 τοῦ
1032 5279 1216 5343 Θεοῦ,
1251 5278 1511 5332 -ἀλλὰ
1563 5277 1767 5348 πλανᾷ
1812 5282 1918 5352 τὸν

341 5377 548 5444 ὄχλον.
574 5373 718 5426 Ἀλλ’
749 5373 898 5442 ὅμως
925 5367 1079 5434 οὗτος
1102 5372 1131 5424 δ
1183 5371 1313 5432 παρ’
1354 5370 1532 5422 αὐτῶν
1578 5372 1916 5440 ἀποδοκιμα-

344 5468 493 5530 σθεὶς
516 5465 688 5528 οὕτως
710 5466 883 5534 ὲφὰνη
901 5463 1143 5532 δόκιμος,
1172 5461 1245 5525 ὡς
1273 5463 1530 5530 γενέσθαι
1557 5465 1638 5525 είς
1669 5463 1914 5534 κεφαλὴν

337 5557 570 5627 γωνίας,
607 5557 798 5626 ἤγουν,
833 5555 908 5617 ὡς
936 5556 1355 5622 ἀκρογωνιαῖος.
1384 5557 1460 5608 Οὐ
1515 5557 1622 5618 πᾶς
1653 5557 1710 5607 δὲ
1768 5556 1916 5621 λίθος

339 5652 555 5721 γίνεται
584 5651 1000 5720 ἀκρογωνιαῖος,
1020 5640 1184 5701 dixti
1215 5649 1322 5700 τῶν
1341 5641 1480 5702 ’ὅλων
1509 5647 1902 5720 δοκιμώτερος,

2025 4642 2136 4697 cris
2170 4641 2350 4696 Lihris
2380 4643 2690 4696 immineret
2728 4642 2798 4696 ab
2843 4641 3086 4696 inimicis
3123 4643 3455 4713 periculum.
3495 4644 3596 4701 lle-

2027 4735 2202 4788 lm-nt
2241 4735 2386 4788 enim
2418 4749 2516 4790 eos
2563 4748 2752 4788 omnes
2799 4733 3072 4790 fortassis.
3111 4735 3217 4792 Per
3264 4738 3595 4806 aediﬁcantes

2027 4833 2232 4890 autem,
2265 4822 2608 4878 sacerdotum
2641 4825 2914 4894 principes
2961 4826 3215 4897 intelligit
3271 4842 3338 4882 ac
3381 4830 3596 4885 scribas

2025 4924 2078 4967 et
2106 4916 2358 4971 doctores
2383 4913 2724 4982 Judznorum,
2753 4919 2958 4987 quibus
2998 4933 3131 4975 cura
3163 4922 3456 4980 commissa
3482 4922 3600 4977 fue-

2028 5017 2109 5059 rat
2163 5007 2466 5061 aulilicantli
2526 5017 2597 5063 et:
2655 5009 2970 5078 perﬁciendi
3021 5010 3278 5081 populum
3313 5012 3367 5066 in
3398 5011 3598 5067 funda-

2024 5107 2211 5151 mento
2257 5099 2416 5167 legis.
2469 5097 2635 5169 Lapis
2669 5115 2801 5154 vero
2855 5101 3202 5170 reprobatus.
3262 5101 3383 5157 sine
3428 5103 3596 5160 dubio

2023 5191 2276 5246 Christus
2305 5201 2418 5259 est;
2456 5193 2592 5261 lapis
2615 5192 2837 5262 quidem
2869 5193 2940 5245 ob
2973 5208 3243 5246 summam
3263 5194 3596 5250 soliditatem

2022 5297 2086 5336 ac
2118 5284 2485 5337 constantiam
2540 5285 2803 5338 adversus
2861 5283 3045 5337 omnia
3095 5284 3228 5337 vitia
3258 5303 3272 5339 :
3308 5283 3591 5340 Peccatum

2026 5376 2192 5438 enim,
2220 5377 2418 5445 inquit,
2449 5393 2551 5430 non
2585 5377 2709 5446 fecit
2729 5377 2812 5442 ¹⁵;
2851 5377 3173 5444 reprobatus
3201 5395 3326 5434 vero
3359 5394 3428 5432 an
3462 5379 3597 5432 auli-

2029 5465 2342 5532 licantibus,
2384 5474 2444 5520 ut
2489 5466 2743 5521 inutilis:
2789 5465 2916 5535 quia
2971 5464 3144 5520 Judaei
3183 5467 3591 5523 Samaritanum

2025 5576 2149 5615 eum
2184 5559 2460 5627 dicebant,
2488 5568 2540 5613 et
2570 5559 2841 5628 negabant
2880 5573 3003 5613 eum
3039 5575 3164 5616 esse
3191 5578 3217 5613 a
3262 5560 3391 5616 Deo.
3420 5560 3597 5626 Quin-

2027 5654 2134 5708 imo
2187 5652 2369 5722 populi
2421 5651 2765 5708 seductorem
2808 5650 3174 5721 appellabant.
3208 5649 3409 5706 Verum
3461 5652 3602 5724 lapis

451 5838 496 5872 δ’
531 5835 723 5907 Matth.
761 5849 859 5896 vn,
899 5834 1020 5886 15.-
1063 5833 1111 5866 ’⁸
1137 5833 1272 5888 Ibid.
1307 5835 1396 5890 Μ.
1474 5837 1567 5892 ’³1
1605 5837 1756 5894 l’etr.
1814 5852 1875 5904 lt,
1922 5834 2014 5892 22.

632 5928 906 5990 Par-nor“
938 5928 1055 5988 Gn.
1083 5927 1393 5992 CXXVI“.

3046 5914 3121 5992 36
