4052 6422
401 384 533 453 1131

1652 380 1970 440 EUTHYM
1980 378 2037 441 ΙΙ
2071 378 2443 442 ZlGABENi

3543 389 3685 453 illi!

403 511 531 572 iste,
565 504 659 576 qui
710 503 779 558 ab
828 501 938 557 illis
972 499 1303 569 rcprobatus
1337 506 1443 563 est,
1493 498 1568 553 ita
1626 500 1974 568 postmodum

2085 499 2148 564 ἐξ
2178 500 2449 571 ἑκατέρας
2468 497 2632 554 αὐτοῦ
2652 498 2891 571 πλευρᾶς
2906 499 3169 572 συνδῆσαι
3186 503 3311 568 τοὺς
3349 503 3444 559 δύο
3463 505 3684 579 τοίχους

398 601 732 674 approbatus
762 597 889 663 fuit,
922 604 982 650 ut
1017 593 1202 649 factus
1231 595 1304 648 sit
1340 593 1395 648 in
1428 600 1597 662 caput
1647 591 1858 661 anguli,
1891 590 1981 647 ef-

399 695 581 750 fectus
604 690 868 747 nimirum
906 686 1192 758 angularis
1212 686 1375 755 lapis.
1409 683 1597 756 Neque
1623 684 1769 739 enim
1801 684 1984 740 omnis

400 786 542 855 lapis
573 797 696 838 esse
724 786 906 852 potest
953 775 1240 848 anguiaris
1275 773 1435 845 lapis,
1469 774 1563 830 sed
1617 774 1708 829 ille
1743 781 1984 839 tantum,

399 878 504 948 qui,
525 876 649 931 aliis
680 870 1024 944 probabilior
1056 878 1161 934 est,
1193 877 1249 923 et
1281 881 1347 922 ex
1381 876 1621 938 utroque
1668 867 1846 923 latere
1882 883 1982 938 po-

397 976 504 1025 test
558 969 612 1022 in
660 980 833 1022 unum
886 963 1151 1036 angulum
1202 960 1348 1018 duos
1399 960 1641 1032 parietes
1700 960 1981 1031 colligare.

395 1063 651 1119 Christus
684 1073 816 1116 vero
845 1057 1076 1115 effectus
1110 1064 1198 1113 est
1240 1056 1381 1126 lapis
1423 1053 1726 1124 angularis,
1760 1053 1891 1124 quia
1928 1054 1981 1109 in

394 1157 583 1226 seipse
617 1155 758 1209 duos
790 1151 1032 1224 populos
1083 1150 1139 1204 in
1199 1162 1367 1204 unam
1418 1145 1581 1201 fidem
1636 1145 1978 1216 conjunxit:

397 1249 608 1303 ﬁdelem
662 1245 923 1300 nimirum
975 1241 1236 1314 populum
1286 1255 1354 1294 ex
1408 1237 1858 1301 circumcisione,
1926 1246 1984 1294 et

397 1342 551 1396 illum
584 1340 677 1409 qui
711 1353 773 1393 ex
804 1336 1080 1407 gentibus.
1117 1332 1388 1399 Quocirca
1452 1330 1733 1400 apostolus
1779 1329 1982 1386 Paulus

396 1433 466 1488 de
487 1448 553 1488 eo
579 1432 716 1485 dixit
749 1447 763 1483 :
797 1427 945 1499 quod
978 1425 1219 1482 Christus
1258 1432 1337 1478 est
1369 1436 1477 1490 pax
1510 1430 1709 1487 uestra,
1742 1423 1833 1491 qui
1857 1422 1981 1491 fecit

395 1541 462 1580 ea:
495 1536 712 1594 utroque
736 1537 900 1575 unum
922 1521 992 1574 ".
1028 1518 1297 1572 Praeterea
1339 1517 1461 1586 ipse
1493 1515 1661 1570 etiam
1716 1515 1980 1572 Dominus

395 1617 463 1672 ad
497 1616 719 1671 Judazos
760 1612 1004 1678 dicebat,
1033 1626 1094 1667 se
1135 1610 1276 1663 alias
1308 1624 1425 1663 aves
1475 1608 1670 1663 habere
1700 1623 1832 1679 quae
1877 1624 1981 1662 non

393 1716 543 1762 erant
573 1722 640 1761 ea:
682 1705 775 1759 illo
809 1704 957 1767 ovili,
983 1711 1033 1757 et
1066 1718 1198 1773 quas
1233 1700 1433 1756 adauci
1469 1700 1633 1756 etiam
1676 1699 1979 1769 Oportebat,

393 1812 446 1854 ut
475 1802 625 1869 [teret
657 1813 822 1852 unum
871 1796 1025 1861 ovile,
1069 1804 1228 1864 atque
1269 1809 1407 1848 unus
1443 1801 1629 1863 pastor
1644 1793 1714 1847 "'.
1742 1790 1841 1849 Vel
1884 1808 1982 1864 per

391 1893 650 1965 angulum
678 1889 939 1959 intelligit
964 1886 1267 1942 Ecclesium
1294 1884 1537 1940 lidelium
1573 1903 1587 1940 :
1621 1886 1748 1954 quia
1781 1899 1977 1954 quem-

391 1982 686 2038 admodum
731 1978 969 2050 angulus
1004 1973 1138 2030 facit
1186 1974 1331 2029 duos
1374 1972 1622 2043 parietes
1668 1972 1725 2026 in
1757 1986 1819 2027 se
1852 1987 1981 2027 con-

2090 592 2171 652 είς
2202 589 2333 660 μίαν
2354 588 2556 659 γωνίαν
2594 588 2918 660 δυνάμενος.
2954 592 3083 655 Πῶς
3107 592 3166 648 δὲ
3202 593 3233 648 ὁ
3260 596 3500 667 Χριστὸς
3552 599 3682 666 ἐγέ-

2089 698 2210 738 νετο
2238 682 2685 754 ἁκρογωνιαίοςς
2710 681 2786 747 ὡς
2813 683 2898 753 ἐφ’
2922 683 3120 738 ἑαυτοῦ
3154 686 3402 757 συνάψας
3428 688 3554 752 τοὺς
3587 688 3684 743 δύο

2087 774 2251 838 λαοὺς
2285 775 2365 840 είς
2393 773 2523 844 μίαν
2553 773 2738 827 πίστιν
2768 790 2782 804 ·
2814 774 2908 828 τόν
2935 793 2997 830 τε
3021 777 3087 830 ἐκ
3113 782 3426 851 περιτομῆς
3452 781 3685 835 πιστεύ-

2090 884 2265 922 σαντα
2282 906 2298 932 ,
2334 868 2430 921 καὶ
2450 868 2541 921 τδν
2564 866 2624 933 ἐξ
2645 865 2842 922 ἐθνῶν.
2872 868 3045 937 Φησὶν
3098 871 3127 922 ὁ
3175 871 3416 936 Παῦλος,
3440 872 3524 928 ὅτι
3552 874 3592 927 Α
3613 876 3686 927 ὑ-

2084 961 2188 1027 τός
2214 960 2436 1028 ἐστινὴ
2458 957 2668 1029 simiam
2697 959 2892 1030 ἡμῶν,
2910 963 2942 1016 ὁ
2969 962 3238 1032 ποιήσας
3262 964 3337 1019 τὰ
3364 966 3680 1036 ἀμφότερα

2083 1052 2176 1107 ἓν.
2241 1053 2359 1106 Καὶ
2409 1051 2574 1116 αὐτὸς
2627 1051 3005 1123 δὶὸΧριστδς
3070 1054 3301 1126 εἴρηκεο
3334 1059 3449 1111 Καὶ
3506 1057 3676 1113 ἄλλα

2082 1146 2358 1213 πρόϐατα
2385 1144 2526 1213 ἔχω,
2551 1142 2592 1199 d
2617 1147 2731 1200 οὐκ
2759 1145 2935 1201 ἐστιν
2966 1147 3037 1201 ἐκ
3069 1147 3181 1217 τῆς
3211 1149 3410 1218 αὐλῆς
3425 1152 3674 1218 ταύτης·

2086 1234 2316 1288 κάκεῖνά
2341 1252 2433 1305 μοι
2466 1234 2550 1288 δεῖ
2581 1236 2834 1305 ἀγαγεῖν,
2871 1237 2981 1292 Καὶ
3022 1238 3347 1308 γεννήσεται
3371 1243 3484 1311 μία
3529 1245 3675 1297 ποί-

2079 1343 2229 1395 μνη,
2269 1321 2357 1393 εἷς
2373 1325 2636 1396 ποιμήν·
2667 1327 2702 1399 ἢ
2731 1329 2941 1397 γωνίαν
2984 1331 3133 1399 λέγει
3180 1332 3281 1404 τὴν
3337 1334 3678 1406 Ἐκκλησίαν

2086 1420 2193 1473 τῶν
2219 1421 2450 1478 πιστῶν.
2476 1423 2690 1496 ’Ὥσπερ
2704 1424 2815 1496 γὰρ
2845 1426 2879 1496 ἡ
2903 1427 3078 1495 γωνία
3094 1427 3190 1482 δύο
3214 1430 3413 1500 τοίχων
3445 1429 3514 1484 δι’
3541 1432 3676 1486 ἑαυ-

2085 1514 2184 1582 τῆς
2214 1515 2457 1568 ποιεῖται
2488 1517 2570 1581 είς
2619 1517 2751 1588 μίαν
2815 1519 3140 1588 συνάφειαν,
3170 1520 3315 1575 οὕτω
3365 1526 3461 1576 καὶ
3506 1526 3540 1593 ἡ
3576 1524 3675 1579 τοῦ

2084 1602 2221 1657 Θεοῦ
2265 1604 2568 1678 Ἐκκλησία
2597 1608 2694 1663 δύο
2718 1609 2889 1677 λαῶν,
2926 1611 3082 1666 τοῦτε
3107 1614 3166 1680 ἐξ
3218 1614 3515 1682 Ἰουδαίων,
3575 1616 3677 1672 καὶ

2081 1692 2179 1749 τοῦ
2210 1696 2270 1762 ἐξ
2290 1697 2464 1753 ἐθνῶν
2487 1699 2685 1756 ἕνωσιν
2728 1702 3149 1774 ἀπεργάζεται·
3214 1706 3426 1778 ταύτης
3474 1707 3533 1762 δὲ
3573 1726 3677 1762 xs-

2084 1789 2231 1862 φαλὴ
2268 1791 2299 1845 ὁ
2328 1792 2589 1864 Χριστὸς,
2612 1795 2689 1859 ὡς
2718 1796 2840 1860 ἐνὸς
2888 1797 3076 1852 λοιπὸν
3109 1798 3367 1872 σώματος
3392 1814 3407 1833 ο
3471 1801 3567 1856 καὶ
3606 1803 3674 1855 οὐ

2013 1865 2055 1922 Β
2084 1883 2300 1955 κεφαλὴ
2346 1883 2405 1939 δὲ
2449 1885 2635 1957 μόνον,
2677 1888 2819 1944 ἀλλά
2859 1891 2956 1946 καὶ
3004 1865 3306 1964 σύνδεσμος
3354 1895 3455 1949 καὶ
3506 1894 3677 1967 θεμέ-

2085 1974 2226 2041 λιος.

391 2079 562 2150 iungi,
613 2078 691 2132 ita
754 2075 920 2131 etiam
981 2071 1225 2127 Ecclesia
1271 2069 1507 2125 duorum
1544 2068 1896 2139 populorum,
1948 2079 2010 2124 ut
2048 2070 2316 2138 diximus,
2345 2075 2816 2147 conjunctionem,
2841 2087 3011 2152 atque
3051 2082 3321 2138 unitatem
3383 2095 3670 2155 operatur.

397 2172 572 2242 llujus
598 2182 780 2227 autem
810 2166 1092 2231 Ecclesiae,
1125 2179 1288 2236 quam
1332 2163 1498 2233 lapidi
1530 2163 1781 2236 angulari
1815 2167 2121 2236 comparari
2158 2168 2425 2237 diximus,
2466 2174 2727 2231 Christus
2762 2184 2930 2247 caput
2968 2190 3077 2244 est,
3146 2163 3410 2250 tanquam
3502 2182 3673 2236 unius

393 2264 643 2336 corporis
664 2261 1003 2333 praecipuum
1036 2272 1100 2315 ac
1130 2256 1435 2328 principale
1483 2258 1817 2324 membrum,
1869 2271 1971 2312 nec
2047 2267 2260 2317 tantum
2316 2275 2504 2337 caput,
2553 2268 2648 2324 sed
2711 2271 3057 2340 coniunctio,
3117 2281 3172 2329 et
3224 2274 3532 2339 vinculum,
3616 2286 3675 2331 ct

394 2362 831 2419 fundamentum.

461 2457 627 2512 Vens.
674 2456 767 2511 2'5.
808 2453 853 2507 Α
880 2451 1108 2509 Domino
1141 2453 1315 2523 factus
1352 2461 1428 2509 est
1469 2454 1590 2519 iste,
1619 2461 1669 2507 et
1697 2461 1777 2507 est
1808 2451 1979 2506 mira-

395 2549 517 2605 bilis
554 2550 610 2603 in
632 2547 804 2602 oculis
828 2547 1047 2600 nostris.
1092 2546 1199 2602 iste
1239 2546 1473 2616 angulus
1533 2544 1821 2610 nimirum,
1874 2543 1980 2598 hoc

392 2648 498 2705 est,
531 2640 606 2694 ita
632 2638 870 2694 duorum
897 2637 1191 2715 parietum,
1230 2652 1327 2693 seu
1388 2638 1571 2704 potius
1606 2637 1839 2691 duorum
1871 2650 1973 2706 po-

394 2730 648 2801 pulorum
684 2726 1007 2796 coniunctio
1065 2741 1096 2780 a
1138 2725 1246 2781 Deo
1287 2727 1428 2796 ipso,
1469 2734 1648 2782 etnon
1683 2742 1711 2779 a
1740 2726 1976 2796 simplici

394 2819 655 2890 quopiam
718 2814 1126 2883 itomine,faeta
1184 2823 1307 2881 est;
1357 2823 1412 2871 et
1469 2825 1556 2872 est
1602 2817 1869 2872 mirabilis
1923 2818 1978 2871 in

395 2910 571 2965 oculis
609 2906 841 2972 nostris,
865 2919 932 2961 eo
963 2905 1108 2976 quod
1140 2905 1287 2977 digni
1311 2905 1487 2962 cll'ecti
1518 2922 1732 2976 sumus,
1765 2916 1826 2962 ut
1848 2923 1983 2963 eon-

389 3002 734 3069 jnnctionem
770 3000 913 3055 hanc
963 2997 1141 3055 oculis
1203 2999 1409 3055 nostris
1449 2999 1756 3054 videamus.
1826 2998 1980 3066 Quo-

395 3095 557 3150 modo
580 3093 745 3161 igitur
773 3105 913 3161 opus
941 3091 1046 3146 hoc
1080 3104 1190 3145 non
1223 3097 1309 3147 est
1336 3091 1657 3147 admirabile
1681 3091 1706 3145 ?

465 3183 747 3240 Vensﬂl.
824 3181 952 3236 Ηινο
1016 3181 1127 3236 dies
1171 3198 1331 3253 quam
1382 3183 1506 3255 fecit
1554 3181 1832 3240 Dominus.
1877 3184 1979 3240 Per

393 3274 561 3342 diem,
611 3273 801 3328 mundi
838 3272 1160 3328 felicitatem
1210 3272 1489 3344 intelligit.
1546 3272 1679 3328 Nam
1712 3273 1977 3347 quemad-

393 3370 615 3423 modum
658 3366 946 3436 Scriptura
977 3380 1122 3436 saepe
1185 3365 1331 3441 diem
1385 3366 1587 3423 malum
1645 3370 1799 3435 dicit,
1865 3385 1974 3426 non

393 3470 454 3516 ut
486 3461 724 3529 solarem
766 3459 873 3515 dici
906 3474 1133 3516 cursum
1164 3459 1407 3530 aliquem
1454 3461 1660 3515 malum
1707 3463 1976 3534 designet,

393 3554 487 3607 sed
524 3553 663 3605 taala
697 3551 788 3605 illa
852 3565 977 3621 quas
1021 3550 1078 3604 in
1127 3564 1195 3606 eo
1233 3550 1323 3605 die
1368 3559 1520 3615 sunt,
1553 3550 1629 3604 ita
1687 3552 1851 3606 etiam
1881 3567 1978 3621 per

396 3647 600 3698 bonum
648 3642 813 3705 diem,
867 3641 1011 3695 bona
1050 3640 1145 3695 illa
1188 3641 1466 3711 intelligit,
1503 3657 1626 3710 quae
1656 3642 1711 3696 in
1757 3658 1823 3698 eo
1888 3644 1976 3699 die

392 3735 582 3804 perlici
619 3731 912 3800 contingit.
972 3728 1284 3785 Praedicare
1314 3731 1434 3786 vult
1485 3731 1648 3802 igitur
1705 3730 1974 3802 Propheta

390 3828 498 3880 hoc
533 3825 588 3879 in
629 3824 791 3890 libro,
835 3837 1050 3878 summa
1082 3821 1176 3876 illa
1216 3821 1378 3888 bona,
1413 3839 1534 3894 quae
1568 3824 1623 3879 in
1658 3824 1747 3880 die
1789 3840 1972 3881 resur-

394 3917 656 3973 rectionis
702 3913 918 3970 Domini
976 3913 1160 3968 futura
1211 3923 1390 3982 erant,
1422 3923 1478 3970 et
1525 3930 1649 3987 qum
1714 3916 1972 3974 Christus

389 4016 509 4081 ipse
538 4016 793 4079 cperatus
821 4008 927 4063 est.
952 4004 1089 4061 Nam
1114 4014 1168 4062 et
1197 4005 1400 4062 iratum
1448 4008 1768 4066 hominibus
1800 4011 1968 4067 Deum

388 4100 704 4157 conciliavit
753 4107 810 4155 et
853 4099 1120 4155 daemonis
1176 4100 1524 4171 tyrannidem
1594 4102 1869 4167 dissolvit,
1916 4112 1971 4159 et

388 4194 585 4248 mortis
615 4193 919 4262 potentiam
973 4192 1299 4256 exinanivit,
1365 4206 1462 4249 eos
1487 4193 1584 4264 qui
1652 4194 1739 4251 vel
1792 4195 1969 4266 ipsius

388 4296 552 4338 terrae
613 4284 952 4339 habitatione
1002 4284 1213 4355 indigni
1246 4293 1427 4350 erant,
1458 4284 1586 4340 fecit
1614 4302 1742 4343 esse
1771 4287 1967 4359 dignos

387 4378 552 4443 caelo,
594 4375 801 4431 erroris
832 4376 1090 4431 tenebras
1139 4376 1415 4441 dissolvit,
1474 4376 1687 4447 fugavit
1718 4386 1965 4448 peccata,

389 4469 657 4538 plantavit
735 4471 993 4535 virtutes,
1047 4478 1103 4525 et
1165 4470 1663 4527 innumerabilibus
1730 4471 1968 4543 denique

386 4562 544 4614 bonis
572 4560 837 4615 mundum
866 4561 1115 4630 replevit.

454 4650 828 4714 Emenltemus,
859 4660 909 4705 et
938 4651 1179 4706 lwtemur
1206 4651 1264 4704 in
1313 4668 1397 4707 ea.
1435 4650 1722 4723 Spirituaii
1752 4653 1966 4710 scilicet

383 4745 607 4812 gaudio.
645 4741 984 4798 Exhortatur
1032 4753 1215 4799 autem
1280 4743 1471 4800 fideles
1514 4759 1708 4801 omnes
1734 4746 1800 4800 ad
1827 4747 1968 4803 hanc

384 4835 654 4898 laetitiam,
695 4845 954 4905 tanquam
1019 4837 1215 4906 dignos
1261 4837 1431 4893 tantis
1500 4837 1663 4895 bonis
1724 4839 1967 4897 eﬂ‘ectos.

452 4925 620 4982 Vens.
647 4925 737 4984 25.
772 4926 818 4983 0
862 4926 1108 4995 Domine,
1141 4928 1291 4985 salua
1317 4946 1466 4984 sane.
1512 4929 1776 5000 Populum
1811 4940 1966 4989 tuum

380 5019 611 5073 scilicet.

451 5109 496 5165 0
525 5108 768 5172 Domine,
801 5107 926 5162 bene
949 5120 1227 5177 prospera.
1273 5105 1540 5178 Populum
1599 5120 1753 5165 tuum
1796 5111 1964 5168 nimi-

379 5216 525 5265 rum,
590 5207 687 5253 aut
744 5199 1076 5269 evangelicae
1127 5199 1536 5271 praedicationis
1574 5201 1759 5257 fidem.

448 5291 616 5347 Vens.
646 5289 739 5345 26.
789 5289 1107 5345 Benedictus
1149 5291 1240 5360 qui
1283 5292 1418 5345 venit
1448 5292 1502 5346 in
1534 5294 1740 5347 nomine
1780 5293 1965 5348 Domi-

378 5389 456 5439 ni.
490 5385 605 5442 lloc
644 5385 810 5442 etiam
859 5384 927 5440 ad
960 5383 1239 5440 Christum
1304 5387 1563 5457 pertinet,
1628 5389 1720 5456 qui
1774 5391 1963 5444 venire

377 5479 580 5533 dicitur
638 5477 692 5532 in
749 5478 970 5533 nomine
1019 5478 1251 5544 Domini,
1311 5480 1416 5534 hoc
1483 5491 1589 5547 est,
1624 5495 1655 5534 a
1727 5477 1959 5537 Domino

376 5566 558 5635 Patre,
632 5578 798 5639 atque
852 5571 924 5626 ab
982 5570 1101 5641 ejus
1157 5573 1491 5627 substantia.
1566 5569 1835 5637 Quocirca
1889 5575 1955 5629 ad

377 5653 589 5712 intimos
636 5659 855 5716 dicebat
885 5681 900 5718 :
935 5660 1047 5734 Ego
1095 5665 1316 5727 veniiu
1374 5663 1584 5717 nomine
1651 5661 1854 5729 Patris,
1904 5676 1955 5720 et

453 5828 500 5857 “
525 5827 722 5892 l-lpltes.
755 5846 814 5895 ιι,
844 5833 924 5885 Μ.
1002 5834 1045 5863 ’τ
1074 5832 1234 5889 Joan.
1283 5850 1337 5899 lt,
1390 5834 1480 5889 16·

2150 2456 2314 2524 Παρὰ
2333 2459 2561 2528 Κυρίου
2601 2461 2843 2531 ἐγένετο
2872 2462 3048 2531 αὕτη,
3093 2465 3193 2521 καί
3219 2465 3370 2537 ἔστη
3435 2472 3669 2541 θαυμα-

2079 2546 2198 2616 στὴ
2238 2548 2311 2602 ἐν
2367 2551 2701 2623 ὀφθαλμοῖς
2720 2552 2912 2625 ἡμῶν.
2955 2556 3105 2629 Αὕτη
3139 2559 3171 2628 ἡ
3201 2558 3396 2627 γωνία,
3447 2561 3587 2632 αὕτη
3632 2566 3665 2635 ἡ

2085 2638 2307 2705 σύνοδος
2362 2643 2472 2699 τῶν
2527 2645 2621 2700 δύο
2679 2647 2846 2701 λαῶν.
2902 2642 3456 2718 Οὗτοςὸσύνδεσμος
3510 2658 3667 2727 παρὰ

2081 2730 2219 2785 Θεοῦ
2250 2734 2490 2803 ἐγένετο,
2526 2737 2624 2791 καὶ
2657 2739 2719 2793 οὺ
2753 2740 2907 2812 παρὰ
2975 2742 3271 2814 ἀνθρώπου
3320 2745 3499 2815 ψιλοῦ.
3555 2749 3669 2803 Καὶ

2082 2821 2199 2877 ἐστι
2227 2824 2520 2899 θαυμαστὴ
2546 2831 2605 2883 ὲν
2630 2828 2935 2902 ὀφθαλμοῖς
2958 2833 3136 2904 ἡμῶν,
3172 2837 3283 2891 τῶν
3315 2837 3446 2892 ίδείν
3484 2840 3659 2913 αὐτὴν

2081 2914 2446 2981 ἀξιωθέντων
2507 2920 2605 2975 καὶ
2657 2920 2776 2986 πῶς
2829 2923 2941 2996 γὰρ
2980 2927 3042 2978 οὐ
3079 2926 3395 2998 θαυμαστὸν
3424 2930 3665 2985 τοιοῦτον

2080 3007 2274 3077 ἔργονς

2141 3188 2302 3257 Αὕτη
2337 3191 2376 3261 ἠ
2398 3192 2591 3263 ἡμέρα
2637 3191 2716 3262 ἢν
2743 3194 3035 3265 ἐποίησεν
3068 3201 3102 3253 ό
3130 3200 3365 3269 Κύριος.
3410 3203 3663 3277 Ἦμέραν

2083 3282 2232 3352 λέγει
2292 3287 2393 3356 τὴν
2417 3286 2723 3361 εὐημερίαν
2783 3290 2884 3362 τῆς
2908 3289 3261 3362 οἰκουμένης.
3302 3294 3515 3368 Ὥσπερ
3548 3298 3661 3371 γὰρ

2082 3376 2298 3448 ἡμέραν
2329 3378 2583 3447 λέγοντες
2614 3384 2887 3456 πονηρὰν,
2940 3384 3002 3438 οὐ
3032 3387 3124 3441 τὸν
3168 3389 3392 3457 ἡλιακὸν
3423 3391 3664 3464 λέγομεν

2077 3469 2299 3539 δρόμον,
2336 3471 2474 3526 ἀλλὰ
2506 3473 2577 3526 τὰ
2601 3475 2660 3527 ἐν
2691 3477 2877 3550 ἐκείνῃ
2910 3480 2974 3550 τῇ
3030 3479 3216 3553 ἡμέρᾳ
3282 3485 3451 3551 κακὰ,
3483 3486 3661 3553 οὕτως

2078 3565 2173 3616 καὶ
2196 3566 2411 3635 ἡμέραν
2439 3567 2803 3638 ὀνομάζοντες
2827 3572 3062 3644 ἀγαθὴν,
3091 3575 3160 3629 τὰ
3186 3577 3245 3631 ἐν
3283 3580 3421 3651 αὐτῇ
3461 3580 3660 3653 δηλοῦ-

2080 3670 2181 3722 μεν
2202 3654 2628 3726 κατορθώματα.
2657 3660 2767 3712 Kal
2782 3661 2877 3715 νῦν
2901 3661 3002 3739 οὖν.
3030 3664 3100 3719 τά
3134 3668 3194 3720 ὲν
3222 3671 3289 3738 τῇ
3333 3670 3519 3742 ἡμέρᾳ
3551 3671 3660 3742 τῆς

2076 3742 2428 3808 ἀναστάσεως
2501 3747 2594 3800 τοῦ
2658 3750 2897 3822 Χριστοῦ
2954 3756 3360 3829 κατορθώματα
3414 3779 3662 3833 προαγο-

2080 3834 2253 3904 ρεύει,
2303 3837 2339 3891 ἃ
2375 3839 2636 3912 ἐποίησεν
2666 3845 2693 3897 ὁ
2724 3843 2929 3916 Κύριος
2956 3849 3116 3918 ἡμῶν
3160 3850 3369 3923 Ἰησοῦς
3389 3855 3656 3925 Χριστός.

2076 3927 2395 4000 Κατὴλλαξε
2430 3932 2540 4004 γὰρ
2560 3934 2649 3988 τὸν
2674 3934 2807 3989 Θεὸν
2839 3937 2974 4008 πρὸς
3002 3940 3346 4012 ἀνθρώπους,
3383 3945 3657 4001 κατέλυσε

2074 4020 2171 4093 τὴν
2198 4025 2486 4094 τυραννίδα
2514 4026 2608 4081 τοῦ
2647 4027 2920 4097 διαϐόλου,
2945 4034 3264 4106 κατὴργησε
3290 4037 3388 4109 τὴν
3416 4037 3655 4109 δύναμιν

2073 4112 2168 4167 τοῦ
2196 4112 2449 4181 θανάτου,
2476 4118 2603 4181 τοὺς
2625 4118 2886 4187 ἀναξίους
2917 4121 3016 4192 τῆς
3036 4123 3140 4193 γῆς
3186 4126 3444 4196 ἐποίησεν
3466 4128 3657 4194 ἀξίους

2071 4202 2167 4258 τοῦ
2189 4207 2445 4274 οὐρανοῦ,
2478 4208 2637 4262 ἔλυσε
2666 4210 2729 4264 τὸ
2762 4212 2951 4276 σκότος
2984 4215 3082 4286 τῆς
3130 4215 3364 4289 πλάνης,
3399 4219 3653 4291 ἀπήλασε

2071 4297 2170 4368 τὴν
2232 4299 2531 4370 ἁμαρτίαν,
2584 4301 2851 4370 ἐφύτευσε
2903 4302 3004 4375 τὴν
3051 4305 3277 4378 ἀρετὴν,
3317 4310 3411 4362 καὶ
3472 4310 3651 4366 ἄλλων

2072 4390 2286 4459 μυρίων
2316 4392 2540 4463 ἀγαθῶν
2576 4394 2839 4462 ἐνέπλησε
2876 4395 2976 4467 τὴν
3006 4398 3355 4470 οἰκουμένην.

2151 4656 2667 4729 Ἀγαλλιασὼμεθα
2708 4660 2810 4714 καὶ
2863 4661 3292 4734 εὐφρανθῶμεν
3334 4666 3404 4721 ἐν
3470 4668 3652 4739 αὐτῇ.

2070 4753 2490 4823 Πνευματικῶς.
2554 4752 2934 4822 Προτρέπεται
2973 4755 3031 4806 δὲ
3070 4756 3151 4818 είς
3197 4756 3357 4811 τοῦτο
3396 4760 3524 4824 τοὺς
3559 4779 3651 4815 πι-

2068 4844 2251 4908 στοὺς,
2284 4843 2363 4906 ὡς
2390 4841 2656 4897 τοιούτων
2685 4842 3042 4908 ἀξιωθέντας.

2139 4935 2216 4993 Ὦ
2239 4938 2434 5006 Κύριε,
2470 4936 2681 4992 σῶσον
2702 4935 2804 5005 δή.
2829 4937 2934 4992 Τὸν
2965 4937 3094 4993 λαόν
3136 4957 3253 4996 σου.

2135 5114 2212 5176 Ὦ
2250 5119 2449 5190 Κύριε,
2483 5119 2793 5176 εὑόδωσον
2810 5120 2907 5188 δή.
2950 5121 3056 5175 Τὸν
3085 5122 3251 5176 αὐτὸν
3287 5124 3383 5177 καὶ
3418 5125 3517 5196 τὴν
3550 5129 3650 5182 πί..

2067 5228 2186 5266 στιν
2211 5211 2307 5266 τοῦ
2333 5211 2709 5284 κηρύγματος.

2133 5304 2554 5375 Εὐλογημένος
2585 5308 2619 5359 ὁ
2654 5305 2981 5375 ἐρχόμενος
3016 5305 3087 5360 ἐν
3121 5308 3367 5378 ὀνόματι
3397 5311 3649 5378 Κυρίου.

2064 5397 2178 5453 Καὶ
2213 5397 2373 5451 τοῦτο
2425 5398 2556 5468 περὶ
2606 5398 2700 5452 τοῦ
2728 5398 2966 5469 Χριστοῦ
2991 5416 3004 5431 ·
3031 5394 3189 5464 οὗτος
3212 5401 3323 5474 γὰρ
3370 5398 3537 5475 ἦλθεν
3593 5408 3654 5457 ἐν

2065 5489 2292 5561 ὀνόματι
2318 5491 2547 5562 Κυρίου,
2579 5490 2859 5544 τουτέστιν
2877 5491 2985 5545 ἀπὸ
3013 5493 3225 5564 Κυρίου
3276 5494 3373 5547 καὶ
3406 5494 3514 5547 ἀπὸ
3544 5494 3652 5563 τῆς

2065 5578 2255 5643 οὐσίας
2283 5578 2378 5632 τοῦ
2413 5580 2642 5652 Κυρίου.
2677 5580 2768 5634 Διὸ
2792 5582 2888 5634 καὶ
2923 5582 3062 5653 πρὸς
3099 5584 3388 5649 Ἰουδαίους
3426 5583 3643 5656 ἔλεγενο

2075 5670 2217 5740 Ἐγὼ
2245 5668 2516 5738 ἐλήλυθα
2549 5673 2619 5726 ἐν
2658 5671 2738 5737 τῷ
2782 5673 3030 5744 ὀνόματι
3081 5675 3187 5729 τοῦ
3221 5677 3453 5745 Πατρός
3493 5690 3643 5745 μου,
