4052 6404
284 421 432 488 1233

1451 423 1840 486 COMMENT.
1886 422 1970 485 IN
1999 425 2360 490 PSALMOS.

3427 429 3553 495 113i

279 539 380 592 καὶ
404 539 478 590 οὺ
503 535 840 606 λαμϐάνετέ
854 552 952 606 με.
1005 574 1020 600 ,
1049 537 1144 602 Ἦ,
1212 537 1314 590 Ἐν
1358 536 1601 607 ὀνόματι
1639 537 1879 606 Κυρίου,

1993 557 2090 594 non
2136 542 2381 611 accipitis
2420 559 2498 596 me
2534 543 2600 598 ’⁸.
2667 543 2784 608 Vel,
2842 543 2904 597 In
2941 544 3148 599 nomine
3193 544 3428 612 Domini,
3467 564 3553 618 prc

286 633 408 701 ἦτοι
437 630 494 682 ὲν
529 629 755 700 ὀνόματι
789 628 949 695 Θεοῦ,
983 629 1285 695 τουτέστιν,
1343 629 1518 700 ὖνομα
1547 629 1682 684 Θεοῦ
1718 629 1875 701 ἔχων.

352 809 792 880 Εὐλογήκαμεν
820 809 974 880 ὑμᾶς
1003 810 1071 876 ἐξ
1097 812 1272 865 οἴκου
1309 811 1557 880 Κυρίου.
1595 811 1790 882 ⁸Ημεῖς
1829 814 1876 866 οἱ

285 906 483 970 εἰδότες
509 906 682 959 ταῦτα
703 907 1087 978 εὐλογήκαμεν
1121 907 1289 977 ὑμᾶς,
1317 901 1362 960 ὦ
1388 908 1448 972 ἐξ
1477 907 1630 961 οίκου
1665 907 1874 978 Κυρίου

285 996 587 1066 ἄνθρωποι,
612 989 656 1048 ὦ
705 997 804 1067 τῆς
845 996 1176 1067 Ἐκκλησίας
1225 997 1541 1068 θρέμματα,
1571 997 1648 1061 ὡς
1681 1001 1874 1052 ,τοιού-

285 1105 396 1142 των
436 1089 860 1162 ἀξιωθένταςσῆ
907 1091 1054 1160 ὑμᾶς
1110 1090 1169 1157 ἐξ
1221 1091 1374 1144 οίκου
1433 1092 1642 1161 Κυρίου
1691 1092 1874 1156 ὄντας.

293 1176 460 1244 Οἶκος
489 1181 546 1234 δὲ
572 1182 803 1251 Κυρίου,
831 1184 864 1252 ὴ
900 1183 1202 1254 Ἐκκλησία
1222 1181 1332 1236 τῶν
1361 1184 1593 1238 πιστῶν.

359 1272 505 1340 Θεὸς
540 1275 782 1342 Κύριος,
817 1275 916 1329 καὶ
963 1277 1272 1345 ἐπέφανεν
1300 1275 1469 1346 ἡμῖν.
1514 1277 1646 1340 Θεός
1675 1277 1822 1330 ἐστιν
1849 1277 1879 1330 ὁ

287 1366 550 1433 Χριστὸς,
583 1368 792 1436 Κύριος
821 1369 970 1420 ἐστιν
998 1369 1028 1420 ὁ
1059 1367 1315 1436 Χριστός.
1353 1368 1463 1421 Καὶ
1499 1367 1740 1436 ἑπέφανε
1764 1371 1879 1432 τοῖς

291 1457 602 1529 ἀνθρώποις
655 1459 744 1513 διὰ
798 1460 900 1528 τῆς
955 1459 1452 1531 ὲνανθρωπήσεως.
1494 1459 1583 1521 Ὠς
1613 1459 1880 1528 γεγονότα

284 1550 342 1603 δὲ
375 1551 524 1620 λέγει
555 1551 624 1604 τὰ
663 1551 950 1620 μέλλοντα,
975 1553 1130 1623 νόμῳ
1166 1553 1543 1624 προφητείας.

355 1643 763 1710 Συστσήσασθε
784 1643 1008 1713 ἑορτὴν
1043 1647 1117 1700 ἐν
1147 1646 1277 1713 τοῖς
1333 1644 1732 1712 πυκάζουσιν,
1767 1646 1880 1714 ἕως

295 1731 418 1785 τῶν
449 1732 718 1800 κεράτων
775 1735 882 1788 τοῦ
941 1737 1400 1804 θυσιαστηρίου.
1451 1732 1545 1801 Εἷς
1577 1739 1675 1808 μὲν
1710 1739 1881 1809 ἑρμη-

286 1827 482 1896 νευτής
517 1843 684 1895 φησιν
720 1842 735 1858 ο
793 1828 1156 1896 Ἐορτάσατε
1177 1829 1246 1883 ἐν
1275 1831 1400 1895 τοῖς
1421 1832 1870 1897 καλύπτουσιν,

1981 637 2040 690 lu
2099 637 2318 692 nomine
2355 636 2470 700 Dei,
2508 651 2574 691 eo
2605 636 2749 707 quod
2805 634 3060 692 Christus
3108 635 3200 692 Dei
3227 652 3428 694 nomen
3466 638 3556 693 ha-

1981 729 2095 792 bet,
2127 735 2346 799 estque,
2395 737 2451 782 et
2485 729 2790 800 appellatur
2825 728 2990 783 Deus.

2053 820 2426 875 Benediximus
2456 822 2596 876 vobis
2635 825 2700 874 de
2741 822 2898 876 domo
2977 821 3214 877 Domini.
3266 821 3377 878 Nos
3429 837 3558 892 pro-

1983 913 2181 982 phetat,
2213 901 2414 984 inquit,
2467 914 2558 983 qui
2600 912 2730 965 olim
2787 919 2937 966 tanta
2994 914 3352 983 praevidimus
3390 914 3557 976 bona,

1982 1006 2362 1061 benediximus
2418 1005 2574 1060 vobis
2620 1005 2962 1070 hominibus,
3014 1006 3105 1076 qui
3138 1005 3271 1061 estis
3301 1020 3366 1061 ex
3396 1007 3560 1059 dOIIIO

1981 1099 2221 1165 Domini,
2271 1099 2361 1170 qui
2395 1100 2534 1154 estis
2593 1097 2856 1153 Ecclesiae
2917 1113 3072 1169 grex,
3121 1105 3174 1153 et
3203 1096 3351 1169 digni
3381 1095 3563 1153 εσσειί

1981 1193 2140 1258 estis,
2177 1193 2382 1263 quibus
2434 1190 2858 1247 benedicamus.

2053 1285 2216 1342 Vsus.
2245 1283 2332 1338 27.
2365 1283 2508 1338 Deus
2540 1281 2822 1338 Dominus.
2855 1290 2906 1337 et
2927 1281 3180 1352 apparuit
3211 1281 3385 1336 nobis.
3408 1280 3573 1336 Chri-

1981 1389 2122 1445 stus,
2181 1379 2273 1449 qui
2301 1393 2398 1448 per
2435 1378 2873 1432 incarnationem
2946 1390 3104 1429 suam
3140 1373 3454 1429 hominibus
3477 1387 3575 1444 ap-

1981 1475 2182 1545 paruit,
2229 1471 2375 1526 Deus
2421 1483 2486 1524 ac
2523 1467 2790 1522 Dominus
2832 1474 2938 1521 est.
2995 1465 3332 1536 Prophetieo
3383 1470 3568 1518 autem

1981 1581 2133 1621 more
2163 1565 2348 1619 futura
2381 1571 2569 1618 narrat
2615 1569 2876 1626 tanquam
2908 1559 3210 1628 praeterita.

2053 1656 2374 1713 Constituite
2407 1655 2793 1710 solemnitatem
2847 1655 2904 1705 in
2949 1649 3253 1715 condensis,
3303 1664 3467 1718 usque
3501 1647 3567 1700 ad

1982 1768 2182 1806 cornua
2220 1750 2430 1805 altaris.
2463 1749 2618 1805 Unus
2649 1749 2869 1818 quidem
2905 1747 3271 1816 interpretum
3292 1741 3567 1810 exposuit:

1981 1846 2135 1916 Agite
2162 1843 2514 1899 celebritatem
2555 1844 2606 1896 in
2638 1840 3019 1912 operientibus,
3087 1838 3193 1892 hoc
3222 1843 3328 1900 est,
3387 1833 3444 1887 In
3479 1847 3568 1886 sa-

285 1916 536 1986 ἦγουνὲν
595 1918 830 1985 θυσίαις,
898 1919 1310 1984 καλυπτοὺσαις
1364 1921 1425 1974 τὸ
1484 1922 1874 1996 θυσιαστήριον

1993 1937 2245 2004 :riticiis;
2307 1952 2402 2007 Per
2449 1951 2571 2005 qua:
2625 1934 2798 1988 altare
2851 1932 3054 2002 operiri
3113 1942 3178 1983 ac
3238 1927 3346 1997 tegi
3404 1923 3568 1988 solet,

285 2008 414 2078 ἄχρι
438 2009 546 2062 τῶν
578 2011 830 2083 κεράτων
863 2011 1030 2064 αὑτοῦ
1059 2029 1072 2043 ·
1119 2013 1332 2084 κέρατα
1367 2012 1446 2080 δὲ,
1479 2014 1546 2068 τὰ
1574 2014 1872 2087 ἀκρότατα.

290 2101 527 2169 Ἕτερος
559 2101 659 2155 δέ’
722 2102 1086 2173 Ἐορτάσατε
1141 2106 1210 2158 ἐν
1253 2105 1379 2173 τοῖς
1416 2107 1872 2176 βλαστάνουσι,

287 2195 587 2260 τουτέστιν,
618 2197 677 2249 ὲν
709 2202 998 2267 στεφάνοις
1033 2199 1263 2264 ἀνθέων,
1289 2203 1386 2252 καὶ
1413 2201 1654 2265 κλάδοις.
1688 2201 1876 2256 Πυκά-

1983 2041 2158 2096 usque
2200 2025 2268 2081 ad
2326 2024 2447 2095 ejus
2496 2038 2727 2088 cornua,
2787 2021 2893 2076 hoc
2955 2027 3063 2082 est,
3117 2032 3294 2086 usque
3333 2013 3401 2068 ad
3449 2013 3568 2083 ejus

1982 2117 2378 2176 extremitates.
2451 2115 2608 2170 Alius
2677 2129 2803 2168 vero
2861 2129 2874 2167 :
2935 2110 3321 2172 I’estivitatem,
3371 2105 3568 2175 inquit.

1983 2215 2124 2285 agite
2171 2213 2226 2267 in
2283 2208 2729 2284 germinantibus,
2784 2207 2891 2262 hoc
2957 2215 3063 2270 est,
3119 2202 3178 2258 In
3249 2199 3569 2255 ﬂorentibus

287 2283 403 2348 ζειν
433 2286 543 2358 γὰρ
569 2291 712 2344 κατὰ
766 2292 870 2361 μέν
920 2309 1097 2361 τινας,
1134 2298 1194 2347 τδ
1245 2295 1612 2350 καλύπτειν·
1653 2297 1797 2351 κατὰ
1813 2296 1872 2350 δέ

1993 2283 2228 2370 :oronis,
2289 2283 2455 2373 atque
2534 2303 2589 2355 in
2662 2299 2966 2355 virentibus
3026 2297 3286 2352 arborum
3361 2294 3569 2348 ramis:

287 2393 461 2440 τινας,
524 2379 584 2432 τὸ
629 2381 1035 2446 βλαστάνειν.
1091 2386 1469 2456 Προτρέπεται
1529 2386 1589 2441 δὲ
1634 2390 1663 2442 ὀ
1715 2389 1875 2454 λόγος

287 2467 570 2537 ἑορτάζειν
633 2471 901 2544 λαμπρῶς
927 2491 944 2508 ο
980 2477 1104 2530 καθ’
1145 2476 1430 2550 Ἑϐραίους
1468 2480 1588 2547 μὲν,
1615 2479 1690 2544 ὡς
1720 2479 1874 2552 εἴρη-

289 2576 378 2613 ται
398 2576 412 2590 ο
451 2564 572 2615 καθ’
599 2565 750 2636 ἡμᾶς
779 2567 838 2621 δὲ
882 2565 1101 2634 θυσίαις
1135 2575 1535 2642 πνευματικαῖς
1565 2572 1878 2626 καλυπτού-

1975 2396 2220 2452 Graecam
2273 2393 2421 2450 enim
2453 2392 2750 2448 dictionem
2786 2388 3078 2454 πυκάζειν,
3133 2401 3255 2456 quae
3287 2385 3376 2439 hic
3403 2383 3572 2438 babe-

1981 2495 2068 2538 tur
2108 2485 2200 2539 alii
2246 2483 2390 2539 idem
2445 2483 2760 2553 signiﬁcare
2812 2479 3220 2542 intellexerunt,
3261 2475 3408 2548 quod
3445 2491 3570 2544 ope-

1981 2572 2111 2636 rire,
2145 2571 2238 2625 alii
2298 2585 2432 2626 vero
2483 2571 2651 2634 idem,
2699 2569 2846 2640 quod
2889 2568 3206 2639 germinare.
3241 2565 3357 2621 lloc
3387 2574 3571 2620 autem

293 2669 414 2716 σαις
448 2653 527 2724 τῷ
557 2656 754 2729 πλήθει
807 2659 870 2714 τὸ
908 2660 1298 2733 θυσιαστήριον
1359 2661 1458 2734 τῆς
1522 2663 1722 2734 ψυχῆς,
1783 2665 1879 2719 καὶ

1993 2679 2238 2721 sermone
2268 2662 2496 2718 omnino
2527 2663 2660 2717 illud
2690 2660 3009 2725 suademur,
3050 2667 3110 2712 ut
3156 2658 3429 2715 celebrem
3460 2657 3574 2713 Deo

293 2749 582 2815 στεφάνοις
607 2751 844 2822 ἀρετῶν,
880 2755 973 2808 καὶ
1004 2756 1224 2819 κλάδοις
1251 2756 1642 2825 ἀγαθοεργίας.

1981 2773 2046 2813 ac
2085 2757 2427 2826 splendidam
2476 2756 2882 2812 solemnitatem
2909 2771 3162 2825 agamus,
3188 2765 3238 2810 et
3268 2770 3390 2825 quae
3414 2755 3571 2824 juxta

293 2842 550 2902 Hebraeos
578 2848 826 2918 quidem,
873 2865 941 2906 eo
964 2853 1127 2907 modo
1172 2852 1382 2922 agenda
1422 2863 1527 2920 εει,
1579 2861 1639 2916 ut
1681 2853 1796 2923 jam
1850 2853 2134 2922 diximus;
2169 2855 2323 2926 juxta
2377 2850 2566 2906 ﬁdeles
2633 2865 2766 2906 vero
2800 2849 3184 2920 spiritualibus
3246 2851 3572 2906 celebranda

292 2949 378 2994 est
405 2939 713 3005 sacriﬁciis,
781 2949 836 2997 et
894 2943 1156 2998 virtutum
1211 2944 1455 3011 coronis,
1493 2945 1878 3015 bonorumque
1911 2961 2142 3016 operum
2203 2947 2418 3001 ramis:
2465 2957 2700 3016 quorum
2759 2945 3034 3002 densitate
3101 2961 3166 3001 ac
3210 2947 3368 3017 copia
3428 2948 3574 3001 invi-

292 3033 453 3090 sibile
477 3034 675 3089 anima:
706 3043 907 3092 nostra:
937 3037 1232 3106 obtegatur
1258 3039 1454 3093 altare.

366 3125 510 3191 Θεός
529 3143 646 3196 μου
669 3123 729 3180 εἴ
745 3125 852 3192 σὺ,
879 3127 978 3181 καὶ
1003 3128 1533 3200 ἐξομολογήσομαί
1553 3143 1678 3184 σοι·
1723 3131 1870 3197 ϐοός

2046 3127 2211 3182 Vens.
2255 3125 2345 3180 28.
2409 3124 2544 3178 Deus
2592 3141 2737 3179 meus
2768 3142 2822 3179 es
2878 3135 2956 3189 tu,
3012 3138 3059 3180 et
3111 3127 3398 3195 conﬁtebor
3428 3129 3573 3184 tibi:

187 3293 197 3301 .
293 3235 410 3288 μου
447 3215 507 3274 εἷ
526 3221 631 3284 σὺ,
670 3220 770 3274 καὶ
816 3222 1044 3290 ὑψώσω
1096 3237 1172 3276 σε
1202 3240 1216 3254 ·
1251 3222 1384 3287 Θεός
1422 3239 1524 3294 μου
1564 3218 1614 3277 εἰ
1664 3223 1751 3278 e3.
1781 3223 1872 3276 Διὸ

293 3311 466 3381 χωρὶς
497 3305 572 3364 ὦν
592 3312 995 3384 εὐηργετήθην,
1019 3313 1403 3384 εὐχαριστήσω
1415 3330 1521 3377 σοι,
1551 3317 1647 3370 καὶ
1663 3315 1877 3379 δοξάσω

293 3419 373 3456 σε.
411 3403 534 3476 Χρὴ
587 3403 698 3476 γὰρ
739 3405 1089 3476 εὐχαριστεῖν
1114 3406 1192 3476 τῷ
1225 3406 1510 3472 Κτίσαντι,
1578 3407 1669 3460 καὶ
1692 3407 1779 3460 διὰ
1817 3405 1878 3458 τὸ

293 3494 477 3549 κτίσαι
509 3497 692 3566 μόνον,
718 3502 812 3552 καὶ
839 3499 1211 3570 προνοεῖσθαι.

1983 3219 2125 3274 Deus
2149 3233 2291 3272 meus
2315 3232 2368 3269 es
2397 3226 2472 3279 tu,
2510 3226 2560 3268 et
2589 3214 2839 3270 exaltabo
2876 3222 2939 3269 ts.
2988 3214 3082 3281 Ea,
3114 3216 3312 3286 inquit,
3333 3219 3570 3284 ratione,

1986 3311 2112 3382 quia
2142 3309 2286 3363 Deus
2343 3321 2498 3361 meus
2551 3321 2632 3366 cs.
2681 3322 2707 3358 a
2744 3322 2828 3359 me
2863 3306 2962 3359 tibi
3037 3308 3291 3363 innxium
3349 3310 3575 3379 agenda:

1989 3410 2120 3458 sunt
2171 3399 2384 3470 gratiae,
2431 3397 2649 3450 tametsi
2708 3397 2857 3450 nulla
2914 3397 2966 3452 in
3020 3413 3106 3452 me
3143 3398 3412 3454 hactenus
3442 3414 3578 3455 con-

1989 3493 2213 3547 tulisses
2244 3489 2529 3544 beneﬁcia.
2575 3487 2804 3557 Oputtcl
2857 3490 3002 3541 enim
3048 3504 3146 3544 nos
3187 3489 3296 3544 Deo
3334 3497 3573 3554 creatori

295 3590 502 3659 gratias
532 3607 717 3663 agere,
748 3601 804 3649 et
841 3595 995 3649 illum
1053 3594 1386 3664 gloriﬁcare,
1427 3603 1483 3649 et
1553 3596 1680 3666 quia
1719 3591 1928 3649 creavit
2001 3602 2120 3652 nos,
2195 3592 2251 3639 ει
2316 3583 2445 3653 (lilia
2541 3592 2854 3651 Ρθτρειυθω
2931 3579 3104 3634 ιίυδιτί
3176 3581 3576 3651 providentiam

295 3685 478 3742 babeL

377 3782 939 3853 Ἐξομολογήσομαί
985 3800 1107 3851 σοι,
1173 3787 1264 3840 ὅτι
1320 3787 1670 3852 ἑπήκουσιξς
1731 3803 1875 3856 μου,

297 3875 399 3928 καὶ
436 3876 648 3946 ἐγένου
697 3895 802 3946 μοι
847 3879 934 3943 εἷς
993 3887 1320 3948 σωτηρίαν.
1361 3882 1758 3953 Εὑχαριστήσω
1799 3897 1881 3933 σοι

297 3965 384 4019 διὰ
405 3967 630 4030 παντὸς,
663 3967 740 4030 ὼς
772 3968 1064 4041 εὐεργέτῃ.

378 4059 881 4130 Ἐξομολογεῖσθε
926 4061 1004 4127 τῷ
1033 4063 1228 4130 Κυρίῳ
1253 4063 1340 4117 ὅτι
1380 4064 1624 4133 ἀγαθὸς,
1675 4065 1764 4118 ὅτι
1793 4067 1882 4129 εις

297 4153 400 4206 τὸν
420 4150 606 4208 αἰῶνα
630 4155 694 4206 τὸ
716 4155 892 4220 ἕλεος
938 4154 1149 4208 αὑτοῦ.
1189 4156 1284 4219 Εἰς
1310 4156 1403 4208 τὸν
1441 4158 1498 4207 ἐν
1527 4158 1667 4227 ἀρχῇ
1696 4156 1882 4228 στίχον

299 4244 704 4314 ἁποπερασθεὶς
736 4248 762 4299 ὁ
796 4244 1034 4316 ψαλμὺς,
1074 4245 1273 4300 κύκλον
1311 4250 1590 4317 μιμεῖται,
1641 4264 1879 4318 προτρε-

298 4335 531 4406 πόμενος
586 4331 742 4399 αὖθις
765 4337 858 4388 τὸν
889 4336 1040 4399 λαδνν
1071 4338 1150 4400 εἷς
1173 4335 1202 4390 δ
1227 4339 1347 4390 κατ’
1397 4336 1595 4408 ἀρκάῖ⁹

898 4605 1286 4674 Ἀλληλούτα.

866 4697 1162 4750 ΨΛΛΜΟΣ
1197 4694 1351 4751 ΡΙΗ’.

387 4786 598 4848 Πολλὰς
657 4787 1001 4858 πραγμάτων
1057 4789 1363 4857 μεταϐολὰς
1392 4789 1420 4840 ὁ
1453 4787 1595 4851 θεῖος
1627 4786 1757 4858 ἔσχε
1786 4789 1889 4840 Δα-

297 4878 406 4943 ϐὶδ,
433 4879 508 4943 ὡς
565 4879 660 4932 καὶ
696 4883 752 4934 ἐν
782 4881 860 4951 τῷ
899 4883 1175 4952 προοιμίῳ
1205 4885 1305 4951 τῆς
1351 4881 1635 4952 παρούσης
1701 4879 1886 4950 βίϐλου

296 4970 704 5047 διηγησάμεθαο
765 4974 860 5026 καὶ
923 4973 1032 5043 γάρ
1081 4989 1212 5025 ποτε
1323 4972 1424 5041 μὲν
1492 4973 1664 5043 ἔφυγε
1718 4971 1884 5025 πολε-

302 5063 500 5132 μίους,
562 5060 698 5116 ποτὶ
750 5063 831 5130 δὲ,
892 5066 1220 5133 περιέπιπτε
1276 5066 1608 5135 συμφοραῖς,
1649 5063 1780 5117 ποτὲ
1831 5061 1889 5116 δὲ

309 5158 734 5230 θυμαρεστέραν
788 5155 898 5229 εἶχε
971 5159 1151 5230 ζωήνσ
1226 5158 1320 5211 καὶ
1395 5157 1490 5210 νῦν
1559 5157 1726 5210 ὥδευε
1788 5159 1886 5227 τὴν

300 5250 456 5304 θείαν
526 5250 667 5315 ὁδὸν,
737 5251 831 5305 νῦν
887 5251 943 5304 δὲ
1013 5251 1190 5323 ταύτῃ
1249 5251 1652 5320 προσέπταιενο
1708 5250 1885 5318 "Amp

296 5340 516 5395 ἅπαντα
603 5342 887 5408 συνελὼν,
968 5343 1223 5414 ἤθροισεν
1292 5343 1373 5405 είς
1473 5342 1566 5395 τὸν
1639 5341 1884 5410 παρόντα

297 5435 538 5506 ψαλμὸν,
567 5436 798 5503 ἐντάξας
835 5437 932 5489 καὶ
955 5437 1053 5500 τὰς
1083 5437 1369 5506 ἀγράφους
1397 5434 1661 5488 ἑκάστοτε
1717 5449 1886 5502 προσ-

297 5529 617 5600 ενεχθείσας
647 5529 798 5599 αὐτῷ
819 5529 900 5600 τῷ
918 5527 1037 5599 Θεῷ
1061 5528 1293 5599 δεήσεις,
1321 5526 1456 5596 πρὸς
1489 5523 1891 5593 παιδαγωγίαν,

296 5621 392 5674 καὶ
415 5619 686 5687 ὠφέλειαν
713 5619 824 5674 τῶν
870 5621 1334 5690 ἐντυγχανόντων.
1389 5621 1456 5673 'A
1470 5635 1614 5688 ρτιος
1635 5617 1692 5670 δὲ
1730 5612 1888 5678 οὗτος

296 5715 325 5765 ὁ
359 5711 600 5784 ψαλμὸς,
663 5713 792 5775 τοὺς
851 5712 950 5782 μὲν
999 5713 1206 5783 ἀρετὴν
1253 5713 1561 5785 μετιόντας,
1610 5709 1878 5775 τελειοῦν,

369 5893 415 5925 ³³
452 5893 613 5948 Joan.
657 5908 710 5956 ν,
743 5893 833 5948 45.

2049 3767 2352 3840 Conﬁtebor
2383 3765 2478 3820 tibi
2508 3766 2634 3835 quia
2696 3766 2968 3819 exaudiui
3024 3783 3124 3832 me,
3195 3777 3243 3820 et
3299 3767 3472 3835 lactus
3522 3786 3577 3825 es

1984 3865 2114 3920 mihi
2156 3863 2210 3915 in
2245 3860 2498 3912 salutent.
2523 3855 2763 3920 Gratias,
2801 3856 3003 3926 inquit,
3039 3871 3257 3926 semper
3286 3857 3384 3914 tibi
3418 3873 3576 3929 agam

1992 3969 2049 4009 ut
2087 3949 2454 4008 bcnclactori.

2059 4044 2227 4100 Vens.
2287 4041 2378 4095 29.
2414 4038 2758 4107 Conﬁtemini
2819 4037 3063 4099 Domino.
3105 4039 3358 4107 quoniam
3389 4039 3575 4104 bonus,

1988 4139 2240 4212 quoniam
2274 4139 2328 4189 in
2363 4137 2615 4188 saeculum
2649 4131 3018 4186 misericordia
3046 4132 3183 4200 ejus.
3213 4132 3306 4186 llic
3332 4134 3577 4204 psalmus

1987 4233 2182 4288 eodem
2215 4227 2485 4285 versiculo
2540 4228 2701 4281 tinem
2733 4223 2963 4291 faciens,
2996 4239 3106 4295 quo
3158 4224 3374 4280 initium
3429 4241 3578 4280 sum-

1990 4325 2123 4396 psit,
2163 4321 2434 4378 circulum
2473 4331 2637 4388 atque
2686 4317 2876 4372 orbem
2929 4320 3222 4390 quemdam
3255 4319 3504 4374 imitatur
3524 4331 3579 4375 et

1991 4418 2058 4472 ad
2089 4416 2277 4471 eadem
2331 4413 2540 4484 agenda
2589 4427 2788 4468 rursus
2821 4409 3080 4483 populum
3118 4409 3334 4478 suadet,
3369 4409 3436 4466 ad
3459 4427 3581 4482 quae

1916 4502 1960 4557 Ι)
1992 4511 2150 4565 initio
2179 4510 2346 4564 etiam
2399 4515 2671 4562 suaserat.

2648 4599 2901 4653 Alleluia.

2489 4689 2812 4746 PSALMUS
2844 4689 3074 4744 CXVI".

2070 4784 2264 4838 Varias
2294 4792 2471 4838 status
2544 4785 2628 4838 sui
2691 4785 3027 4840 mutationes
3080 4786 3345 4842 sustinuit
3388 4786 3583 4843 beatus
3626 4855 3630 4858 ,
3671 4840 3677 4848 .

1995 4877 2190 4942 David,
2227 4876 2692 4947 quemadmodum
2714 4876 2957 4932 diximus
2993 4877 3346 4936 inProaamio
3377 4881 3583 4950 Operis.

1997 4969 2132 5025 Nam
2160 4977 2216 5024 et
2249 4968 2547 5040 aliquando
2604 4968 2733 5024 belli
2783 4969 3026 5038 pericula
3079 4973 3316 5026 evadere
3373 4974 3586 5027 cicon-

1997 5063 2140 5132 tigit.
2179 5060 2476 5131 aliquando
2536 5068 2717 5116 autem
2770 5062 2824 5116 in
2855 5063 3197 5119 calamitates
3229 5061 3496 5130 incidere,
3531 5072 3588 5118 et

1996 5153 2294 5224 aliquando
2330 5151 2690 5223 placidiorem
2713 5167 2778 5208 ac
2818 5155 2993 5223 magis
3042 5154 3394 5223 tranquillam
3417 5156 3581 5209 vitam

1999 5246 2206 5301 habere
2246 5263 2259 5299 :
2301 5251 2357 5299 et
2407 5244 2572 5298 modo
2624 5244 2843 5314 quidem
2899 5259 2996 5313 per
3040 5245 3425 5299 mandatorum
3487 5243 3582 5299 Dei

1992 5341 2134 5395 viam
2191 5339 2444 5404 incessit,
2482 5341 2645 5394 modo
2675 5354 2804 5393 vero
2827 5338 2896 5392 ab
2940 5337 3032 5392 illa
3057 5336 3281 5393 decidit.
3308 5335 3440 5403 Qua:
3461 5351 3581 5391 om-

1999 5434 2089 5487 nia
2145 5433 2294 5488 brevi
2329 5433 2382 5487 in
2435 5435 2581 5487 hunc
2627 5431 2901 5503 psalmum
2952 5435 3252 5501 congessit.
3289 5431 3368 5486 Ad
3405 5431 3580 5485 lecto-

2000 5526 2080 5580 ris
2113 5534 2377 5595 praeterea
2447 5524 2873 5591 institutionem,
2909 5523 3145 5579 'multas
3199 5537 3388 5593 preces
3451 5537 3580 5578 suas

1999 5618 2279 5687 apposuit,
2311 5631 2453 5687 quas
2490 5616 2602 5672 Deo
2644 5617 2846 5686 saepius
2869 5617 3054 5674 verbis
3104 5625 3340 5679 tantum,
3385 5623 3440 5670 et
3469 5628 3579 5668 non

1995 5708 2216 5779 scriptis
2269 5709 2568 5765 obtulerat.
2627 5709 2816 5766 Potest
2866 5716 3051 5766 autem
3109 5707 3201 5766 hic
3224 5707 3468 5780 psalmus
3506 5707 3573 5760 tl-
