4052 6408
452 346 594 483 i135

1675 399 2066 466 EUTHYMII
2104 397 2472 463 ZIGABENI

3588 389 3724 459 1136

444 535 589 594 ieles
625 543 821 588 omnes
845 527 913 585 ad
956 525 1215 583 virtutem
1273 521 1602 580 accedentes
1666 516 2028 592 perfectiores

2141 515 2264 577 τοὺς
2303 513 2361 568 δὲ
2393 514 2607 580 ςῶντας
2632 511 2918 587 ῥᾳθύμως,
2979 511 3294 582 διεγείρειν.
3341 508 3496 565 Ἐπεὶ
3524 509 3582 564 δὲ
3611 526 3733 565 συνο

445 626 699 690 reddere,
733 632 789 679 et
822 635 1017 678 omnes
1055 619 1152 691 qui
1214 617 1490 674 hactenus
1528 611 1911 684 negligentiae
1950 608 2035 663 vi-

446 721 648 783 serint,
682 715 749 771 ad
784 716 1043 770 virtutem
1097 710 1347 768 excitare
1376 728 1391 777 ;
1425 716 1480 765 et
1503 705 1763 778 quoniam
1821 702 1879 756 in
1928 698 2035 753 hoc

445 813 652 884 psalmo
720 808 1040 878 frequenter
1106 805 1360 859 invenies
1393 800 1734 856 mentionem
1795 793 1912 849 ﬁeri
1967 791 2035 846 de

444 907 579 974 lege,
617 902 684 955 de
719 898 1055 957 testimoniis
1101 896 1173 951 de
1227 892 1529 957 mandatis,
1582 890 1651 945 de
1677 884 2033 960 justiﬁcatio-

445 996 630 1059 nibus,
689 992 756 1048 de
811 990 1062 1061 iudiciis,
1112 987 1182 1043 de
1228 985 1488 1056 eloquiis,
1540 991 1704 1051 atque
1750 978 1804 1033 id
1840 974 2031 1030 ferein

443 1102 778 1157 unoquoque
815 1083 1092 1138 versiculo
1153 1079 1243 1151 (de
1313 1079 1399 1134 bis
1471 1074 1696 1138 etenim,
1747 1079 1807 1126 ut
1880 1067 2031 1124 brevi

444 1184 640 1246 :licatn,
690 1188 840 1235 totus
890 1179 1136 1249 psalmus
1165 1182 1507 1247 pertractat;
1566 1168 1697 1225 huic
1719 1167 1867 1223 enim
1917 1176 2034 1217 ma-

444 1276 593 1332 teriae
630 1275 826 1329 beatus
858 1272 1027 1325 David
1093 1283 1221 1324 eum
1269 1263 1608 1337 applicavit),
1658 1260 1786 1316 vide
1833 1272 1955 1328 qua:
1976 1257 2031 1311 in

445 1380 550 1419 xvii
634 1363 846 1433 psalmo
916 1360 1063 1416 dicta
1114 1360 1244 1424 sint,
1285 1359 1402 1413 ibi:
1444 1355 1508 1408 Et
1584 1353 1763 1408 omnia
1815 1349 2027 1420 judicia

446 1458 548 1529 ejus
584 1458 636 1510 in
669 1466 955 1524 conspectu
985 1469 1137 1519 meo;
1180 1451 1325 1505 unde
1351 1448 1569 1519 quoties
1591 1443 1798 1516 aliquid
1832 1442 2027 1511 hujus-

446 1550 582 1604 modi
635 1548 1031 1613 invenerimus,
1107 1544 1445 1614 superﬂuum
1524 1541 1691 1595 fuerit
1744 1537 1817 1592 ibi
1877 1535 2026 1589 dicta

445 1653 704 1715 repetere.
752 1641 889 1696 Illud
943 1649 1127 1695 tamen
1168 1639 1313 1694 scire
1372 1643 1611 1704 oportet,
1660 1631 1809 1702 quod
1876 1630 2026 1693 licet,

444 1752 540 1791 nar
566 1733 842 1789 dictiones
900 1734 1044 1788 inter
1099 1746 1159 1787 se
1192 1729 1449 1786 diﬂ‘ernut
1480 1737 1537 1783 ut
1567 1726 1640 1781 ibi
1677 1724 1791 1794 jam
1816 1722 2025 1777 dictum

2133 607 2275 678 εχῶς
2296 608 2359 660 ὲν
2413 605 2491 679 τῷ
2514 608 2746 679 παρόντι
2782 605 2986 678 ψαλμῷ
3017 606 3211 676 νόμου,
3246 604 3341 659 καὶ
3371 603 3721 676 μαρτυρίων,

2134 701 2231 755 καλ⁸
2260 699 2519 766 ἐντολῶν,
2551 700 2647 753 καὶ
2677 699 3096 770 δικαιωμάτων,
3128 700 3220 751 καὶ
3277 697 3589 769 χριμάτων,
3630 695 3732 749 καὶ

2142 793 2343 863 λογίων
2399 792 2701 864 μέμνηται,
2745 789 2841 845 καῖ
2899 791 3087 862 σχεδὸν
3127 791 3185 844 ὲν
3247 791 3466 859 ἑκάστῳ
3516 788 3726 858 στίχῳ·

2137 888 2267 957 περὶ
2298 885 2504 939 τούτων
2530 888 2663 955 γὰρ,
2687 884 2764 948 ὠς
2817 886 3017 949 εἰπεῖν,
3061 886 3095 954 ἡ
3154 882 3427 952 σύμπασα
3473 897 3735 952 πραγμα-

2133 977 2382 1048 τείαροῦ
2408 977 2629 1048 ψαλμοῦ
2685 978 2903 1033 τούτου,
2957 975 3332 1041 Καὶκτούτοις
3398 973 3584 1036 ιδικῶς
3636 975 3729 1026 ἀνα

2142 1070 2314 1141 έοθηκε
2371 1069 2585 1136 τοῦτον,
2628 1069 2870 1141 ζήτησον
2913 1072 2971 1124 ὲν
3022 1068 3101 1140 τῷ
3166 1069 3231 1132 ιζ’
3260 1066 3460 1139 ψαλμῷ
3510 1066 3594 1134 τὸ,
3649 1065 3735 1119 ὅτι

2131 1163 2338 1218 Πάντα
2387 1162 2457 1216 τὰ
2503 1163 2761 1230 κρίματα
2798 1160 2988 1216 αὐτοῦ
3010 1159 3273 1215 ἐνώπιόν
3298 1177 3443 1230 μου,
3472 1160 3566 1212 καὶ
3603 1157 3737 1227 περὶ

2136 1258 2378 1321 πάντων,
2421 1256 2684 1327 εὑρήσεις
2734 1254 2833 1325 τὴν
2883 1256 3152 1332 ἐξήγησιν
3179 1254 3392 1307 ἐκείνου
3422 1252 3734 1320 διαλαμδᾶ-

2135 1365 2332 1403 νουσαν
2356 1362 2371 1379 ⁸
2406 1348 2501 1401 καὶ
2534 1346 2720 1401 λοιπὸν
2742 1347 2804 1399 ού
2840 1347 3004 1417 χρεία
3035 1347 3200 1400 πάλιν
3223 1344 3578 1415 ἑρμηνεύειν,
3596 1343 3733 1396 ἔνθα

2129 1460 2182 1496 τι
2220 1442 2465 1497 τοιοῦτον
2514 1442 2875 1513 εὑρίσκομεν.
2923 1442 3047 1514 Χρὴ
3069 1443 3125 1495 δὲ
3148 1442 3442 1512 γινώσκειν
3459 1441 3542 1504 -ὡς
3567 1443 3614 1493 ei
3640 1441 3737 1493 καὶ

2129 1537 2478 1607 διαφέρουσιν
2501 1536 2774 1607 ἀλλήλων,
2819 1536 2937 1590 ἀλλ’
2970 1535 3044 1599 ὡς
3084 1537 3178 1589 ἐπὶ
3207 1538 3266 1587 τὸ
3304 1535 3581 1594 πλεῖστον,
3619 1536 3735 1596 τοίς

2131 1628 2391 1691 τοιούτοις
2405 1628 2639 1699 ὀνόμασι
2661 1629 2756 1681 τὸν
2790 1628 2959 1698 νόμον
2996 1628 3174 1699 δηλοῖ,
3199 1628 3309 1681 ἀπὸ
3337 1627 3447 1679 τῶν
3478 1642 3735 1696 περιεχοο

2132 1721 2309 1791 μένων
2334 1719 2423 1773 τὸν
2455 1719 2812 1792 περιέχοντα.

444 1845 540 1890 est.
588 1838 647 1883 ut
702 1829 1001 1900 plurimum
1057 1837 1242 1885 tamen
1306 1827 1395 1884 bis
1482 1821 1803 1879 nominibus
1863 1817 2062 1874 beatus
2136 1816 2308 1873 David
2340 1816 2516 1888 ipsam
2565 1820 2740 1889 legem
2802 1817 3157 1887 signiﬁcavit,
3215 1815 3383 1874 veluti
3434 1816 3734 1873 continens

443 1947 464 1987 δ
499 1929 801 1981 contentis.

508 2045 730 2100 VunsJ.
754 2044 907 2098 Beati
927 2041 1261 2098 intmarulati
1286 2042 1342 2094 in
1372 2040 1474 2095 via.
1499 2039 1604 2091 i‘er
1628 2037 1794 2100 viam,
1820 2029 2028 2087 transi-

2207 2028 2505 2098 Μακάριοι
2528 2031 2755 2100 ἄμωμοι
2801 2029 2872 2085 ἐν
2915 2026 3056 2096 ὀδῷ.
3103 2028 3261 2084 Ὃδδν
3296 2029 3389 2082 τδν
3436 2028 3739 2099 παροδικὶν

443 2138 636 2192 torium
698 2137 841 2190 hanc
898 2138 1063 2190 vitam
1102 2136 1374 2204 intelligit,
1433 2133 1626 2186 beatos
1671 2143 1767 2183 eos
1805 2127 2020 2187 dicens,

445 2228 530 2301 qui
566 2228 778 2297 absque
812 2228 1244 2297 reprehensione
1296 2241 1391 2296 per
1433 2239 1552 2276 eam
1608 2220 1913 2282 ambulant,
1971 2222 2027 2271 et

443 2329 586 2375 recte
615 2319 826 2374 vivunt.
864 2317 1075 2389 (Graeca
1105 2319 1252 2373 enim
1283 2316 1453 2371 dictio
1489 2314 1746 2383 ἄμωμος,
1781 2318 2023 2365 nontam

438 2408 850 2465 immaculatum
898 2423 1064 2477 quam
1098 2404 1640 2477 irrcprebensibilem
1695 2395 2022 2472 signiﬁcat.)

508 2525 612 2592 Qui
652 2526 929 2579 ambulant
969 2526 1024 2578 in
1062 2525 1173 2596 lege
1218 2524 1458 2578 Domini.
1495 2522 1599 2588 Qui
1655 2504 1911 2590 legitime
1943 2515 2028 2568 vi-

444 2627 594 2684 vunt,
647 2629 702 2674 et
753 2619 1062 2673 secundum
1119 2619 1215 2673 Dei
1270 2617 1444 2688 legem
1497 2619 1923 2674 conversantur,
1972 2616 2028 2662 et

445 2726 549 2765 non
575 2723 728 2764 cura
761 2724 908 2764 eam.

514 2821 683 2878 Vtilis.
716 2820 773 2875 2.
822 2820 998 2889 Beati,
1041 2821 1132 2892 qui
1174 2828 1489 2877 scrutantur
1538 2817 1845 2873 testimonia
1885 2814 2025 2885 ejus.

444 2914 706 2981 Quicum
750 2913 937 2968 studio
983 2923 1039 2969 et
1078 2928 1204 2970 cum
1251 2914 1559 2970 attentione
1595 2926 1659 2967 ea
1709 2910 1919 2979 legunt.
1972 2914 2030 2962 οι

443 3006 716 3064 occultum
753 3004 808 3059 in
838 3007 920 3062 eis
953 3006 1288 3078 investigarit
1318 3009 1670 3063 thesaurum.

508 3213 575 3272 In
607 3223 717 3270 toto
742 3213 900 3268 corde
938 3211 1223 3282 exquirunt
1262 3225 1405 3265 eum.
1448 3207 1764 3278 Exquirunt
1815 3210 2027 3269 autem,

440 3309 567 3382 quia
598 3309 780 3362 lucem
811 3322 875 3361 ac
903 3302 1378 3377 pulchritudinem
1428 3302 1551 3373 ejus
1593 3300 1706 3370 jam
1758 3296 2030 3368 quodam-

2134 2119 2328 2176 τοῦτον
2386 2122 2502 2193 βίον
2539 2122 2821 2193 ὀνομάζει,
2877 2121 3200 2194 μακαρίζων
3244 2122 3372 2184 τοὺς
3419 2119 3736 2194 ἀμέμπτως

2133 2211 2423 2278 ὁδεύοντας
2450 2214 2617 2269 αὐτόν
2640 2229 2655 2243 °
2680 2216 2808 2279 τοὺς
2844 2214 3023 2288 ὀρθῶς
3055 2213 3338 2286 βιοῦντας.

2210 2507 2276 2559 οἱ
2335 2505 2726 2576 πορευόμενοι
2778 2506 3040 2578 ἐννόμῳ
3090 2507 3334 2577 Κυρίου.
3361 2508 3425 2563 Οἱ
3487 2506 3736 2583 βιοῦντες

2139 2598 2408 2667 ἐννόμως,
2437 2598 2491 2650 οἱ
2523 2598 2943 2672 πολιτευόμενοι
2973 2601 3115 2655 κατὰ
3137 2601 3303 2674 νόμον
3336 2601 3495 2667 Θεοῦ,
3524 2604 3619 2658 καὶ
3657 2604 3735 2675 μὴ

2137 2689 2417 2762 βαίνοντες
2456 2690 2563 2757 ἔξω
2593 2692 2809 2746 τούτου.

2206 2806 2497 2875 Μακάριοι
2535 2810 2592 2861 οὶ
2621 2807 3059 2876 ἐξερευνῶντες
3094 2809 3167 2865 τὰ
3190 2812 3487 2881 μαρτύρια
3519 2813 3730 2867 αὐτοῦ.

2137 2895 2200 2950 Οἱ
2230 2898 2351 2966 μετ’
2401 2894 2734 2962 ε’πιστασίας
2769 2898 2866 2950 καὶ
2914 2900 3198 2971 προσοχῆς
3261 2902 3734 2969 ἀναγινώσκοντες

2136 2988 2207 3041 τὰ
2230 2989 2408 3056 αὐτὰ,
2455 2992 2550 3043 καὶ
2596 2990 2688 3045 τὸν
2741 2992 3197 3065 ἐγκεκρυμμένον
3256 2993 3536 3066 θησαυρὸν
3600 3009 3734 3047 κατ-

2137 3081 2487 3147 οπτεύοντες.

2218 3199 2316 3252 Ἐν
2352 3198 2467 3267 ὅλῃ
2514 3198 2730 3269 καρδίᾳ
2760 3190 3205 3268 ἐκζητήσουσιιί
3232 3200 3440 3255 αὐτόν.
3477 3190 3639 3253 Οὗτοι
3673 3201 3735 3253 ὲν

2139 3291 2235 3363 ὅλῃ
2276 3291 2478 3363 καρδίᾳ
2526 3291 2929 3363 ὲκζητήσουσιν
2959 3293 3146 3355 αὑτὸν,
3183 3293 3355 3365 ἤγουν
3416 3293 3512 3346 τὸν
3566 3292 3729 3357 Θεὸν,

441 3401 598 3456 modo
629 3399 1018 3469 degustarunt.
1050 3395 1329 3464 Quocirca
1381 3396 1518 3449 totis
1570 3391 1841 3447 desiderii
1892 3388 2028 3445 velis

2141 3385 2241 3457 ἤδη
2288 3385 2388 3438 τοῦ
2446 3384 2680 3448 κά-λλους
2709 3385 2876 3439 αὑτοῦ
2925 3388 3022 3440 καὶ
3048 3387 3143 3440 τοῦ
3171 3387 3353 3456 φωτὸς
3384 3387 3735 3440 ἀπολαύσαν-

440 3494 504 3548 ad
532 3492 684 3547 illum
721 3493 1038 3554 tendentes,
1066 3488 1347 3542 mundana
1377 3486 1564 3541 omnia
1609 3491 2025 3554 pertranscunt,

440 3594 604 3653 atque
636 3582 791 3635 illum
825 3581 1002 3634 solum
1034 3580 1364 3648 inquirunt:
1406 3577 1733 3632 festinantes
1766 3573 2030 3629 nimirum

441 3693 563 3731 cum
599 3689 664 3729 e0
688 3688 835 3736 esse,
867 3681 1033 3742 atque
1057 3671 1132 3725 illi
1172 3674 1413 3740 placere.
1446 3669 1549 3725 Ille
1580 3684 1712 3725 vero
1735 3667 2032 3738 exquirere

441 3767 611 3822 Deum
641 3764 865 3829 dicitur,
905 3764 999 3833 qui
1054 3777 1151 3832 per
1204 3762 1590 3819 mandatorum
1635 3762 1892 3817 semitam
1947 3758 2034 3814 in-

440 3856 609 3921 cedit,
640 3870 761 3926 quae
794 3856 864 3908 ad
893 3855 1046 3909 illum
1072 3854 1253 3911 ducit.

510 4073 676 4129 Vens.
729 4073 785 4128 '5.
827 4070 950 4126 Non
982 4071 1122 4125 enim
1150 4069 1240 4140 qui
1267 4079 1557 4139 operantur
1586 4067 1946 4138 iniquitatem,
1974 4064 2031 4119 in

440 4170 538 4224 viis
592 4167 705 4238 ejus
734 4165 1158 4219 ambulaverunt.
1206 4160 1309 4218 Ubi
1367 4163 1619 4218 absolute
1668 4161 1829 4225 dicit,
1857 4160 2026 4222 viam,

440 4266 763 4329 pra-sentem
801 4254 969 4321 vitam
1008 4262 1068 4307 tit
1095 4252 1393 4321 plurimum
1436 4250 1719 4321 intelligit,
1763 4248 1855 4303 ubi
1899 4261 2030 4301 vero

437 4352 552 4405 vias
613 4348 729 4411 Dei,
784 4362 879 4402 seu
930 4347 1045 4400 vias
1080 4346 1219 4415 ejus,
1250 4345 1423 4415 legem
1474 4342 1730 4411 intelligit
1783 4350 1837 4395 et
1885 4354 2029 4410 prte-

439 4452 620 4507 ceptn.
664 4440 754 4491 Ait
811 4437 1001 4507 igitur,
1057 4433 1207 4505 quod
1255 4448 1449 4490 omnes
1500 4434 1594 4504 qui
1632 4434 1818 4502 aliqua
1853 4431 1911 4485 in
1944 4443 2030 4498 ore

438 4528 842 4597 inique~agunt,
879 4540 991 4580 non
1023 4527 1312 4579 ambulant
1344 4526 1398 4580 in
1422 4525 1528 4580 viis
1577 4524 1699 4579 Dei.
1746 4521 1848 4576 Ubi
1881 4521 2026 4575 enim

440 4621 565 4690 quis
602 4617 903 4689 delinquit,
938 4616 1127 4673 statim
1154 4620 1224 4673 ab
1260 4617 1341 4673 eis
1366 4618 1617 4673 noscitur
1647 4614 1953 4670 declinare.

509 4815 678 4872 Vens.
743 4817 797 4870 4.
854 4812 935 4869 ’Τιι
988 4814 1266 4870 mandasti
1315 4817 1575 4869 mandata
1634 4826 1729 4867 tua
1766 4811 2030 4867 custodiri

440 4911 614 4966 valde.
653 4905 736 4961 Tu
770 4908 825 4962 in
876 4907 995 4977 lege
1050 4919 1141 4962 tua
1193 4910 1296 4961 hoc
1340 4905 1638 4971 mandasti,
1695 4915 1750 4960 et
1804 4906 2032 4960 maledi-

441 5004 680 5057 ctinnem
731 5000 1006 5056 adversus
1068 4999 1456 5054 mandatorum
1521 5009 1736 5053 tuorum
1782 5009 2030 5053 contem-

342 5170 347 5171 γ
443 5105 630 5165 plores
662 5093 956 5149 addidisti.
996 5091 1227 5164 Oportet
1270 5106 1374 5145 nos
1413 5092 1580 5163 igitur
1630 5090 1780 5145 illum
1811 5094 2027 5155 timere,

404 5187 531 5261 ’qui
569 5183 823 5239 mandata
861 5199 962 5239 sua
989 5184 1125 5239 adeo
1154 5184 1441 5239 observari
1481 5182 1656 5248 jussit
1697 5200 1712 5238 :
1752 5191 1807 5237 et
1859 5183 2026 5236 simili

440 5279 624 5343 modo,
661 5275 797 5329 nihil
844 5288 1037 5329 eorum
1093 5273 1430 5344 transgredi,
1465 5288 1587 5343 qua:
1636 5272 1705 5327 ab
1735 5274 1829 5329 illo
1865 5273 2025 5329 nobis

439 5371 664 5436 tradita,
699 5344 866 5438 atque
893 5367 1147 5422 ordinata
1177 5373 1329 5420 sunt.

509 5498 677 5556 Vens.
711 5500 765 5556 5.
803 5497 1021 5556 Utinam
1056 5502 1369 5572 dirigamur
1399 5504 1497 5557 via:
1543 5521 1691 5570 meai,
1726 5505 1795 5558 ad
1839 5516 2022 5559 custo-

437 5590 659 5646 diendas
708 5593 1127 5662 justi/italicae:
1171 5603 1315 5649 tuas.
1366 5594 1613 5664 Utinam,
1662 5599 1863 5668 inquit,
1921 5599 2022 5655 vita

438 5683 877 5739 conversationis
927 5699 1061 5740 meae
1101 5686 1239 5741 adeo
1291 5686 1628 5757 dirigantur,
1686 5699 1745 5746 ut
1777 5699 1870 5745 tua
1922 5692 2021 5746 ad-

440 5768 701 5837 impleam
731 5774 1012 5830 mandata.
1038 5774 1291 5834 Postulat
1318 5792 1499 5835 autem
1539 5781 1667 5847 hoc,
1694 5784 1900 5853 optime
1929 5785 2015 5839 di-

2136 3495 2229 3541 τες
2258 3497 2272 3510 ·
2309 3477 2392 3531 διὸ
2418 3479 2513 3531 καὶ
2562 3478 2685 3531 ὅλον
2735 3479 2830 3531 τὸν
2855 3478 3022 3533 πόθον
3060 3481 3342 3542 τειναντες
3375 3480 3514 3550 πρὸς
3543 3479 3731 3545 αὑτὸν,

2135 3570 2204 3623 τὰ
2235 3571 2334 3638 μὲν
2375 3569 2607 3641 βιωτικὰ
2643 3571 2828 3624 πάντα
2865 3570 3356 3642 παραδραμοῦνται
3378 3588 3394 3608 ο
3452 3572 3644 3626 τοῦτον
3670 3572 3733 3626 δὲ

2140 3663 2300 3733 μόνον
2349 3664 2768 3733 ὲκζητήσουσιν,
2829 3665 3184 3734 ἐπειγόμενοι
3244 3666 3488 3720 συνιέναι
3536 3667 3729 3731 αὐτὸν,

2146 3754 2215 3807 δι’
2259 3755 2700 3825 εὐαρεστήσεως.
2751 3755 3005 3824 Ἑκζητεῖ
3033 3756 3090 3809 δέ
3134 3774 3218 3821 τις
3240 3759 3332 3811 τὸν
3358 3758 3493 3812 Θεὸν
3526 3755 3733 3812 ὁδεύων

2134 3846 2271 3915 πρὸς
2300 3847 2466 3899 αὑτὸν
2520 3847 2613 3901 διὰ
2649 3848 2751 3920 τῆς
2791 3849 2983 3921 τρίϐου
3007 3850 3120 3905 τῶν
3151 3851 3405 3919 ἐντολῶν,
3441 3852 3498 3905 αἳ
3530 3853 3732 3923 φέρου-

2137 3955 2221 3991 σιν
2245 3940 2325 4003 εἰς
2352 3939 2540 3995 αὐτόν.

2211 4056 2292 4107 Οὐ
2317 4054 2428 4123 γὰρ
2446 4054 2831 4125 ἐργαζόμενοι
2860 4055 2980 4124 τὴν
2998 4059 3260 4129 ἀνομίαν
3296 4060 3369 4114 ἐν
3412 4060 3543 4127 ταῖς
3561 4057 3731 4126 ὁδοῖς

2134 4145 2325 4199 αὐτοῦ
2358 4145 2810 4223 ἐπορεύθησαν.
2846 4147 3019 4201 Ὅταν
3060 4149 3159 4219 μὲν
3211 4149 3395 4217 ὀδοὺς
3439 4151 3728 4213 ἁπολὺτως

2132 4237 2288 4310 λέγῃ,
2350 4238 2441 4290 τὸν
2497 4240 2744 4310 παρόντα
2773 4239 2912 4309 βίον,
2965 4243 3041 4305 ὼς
3102 4244 3194 4296 ἐπὶ
3235 4243 3296 4295 τὸ
3329 4244 3584 4296 πλεῖστον
3637 4244 3727 4295 αἱ-

2132 4329 2372 4383 νίττεται
2396 4345 2411 4362 ⁸
2442 4331 2573 4384 ὅταν
2614 4331 2672 4384 δὲ
2721 4331 2868 4386 ὁδὸν
2911 4331 3006 4385 τοῦ
3062 4331 3223 4399 Θεοῦ,
3256 4334 3289 4405 ἢ
3323 4333 3504 4398 ὁδοὺς
3531 4333 3722 4397 αὐτοῦ,

2134 4421 2228 4475 τὸν
2271 4422 2438 4492 νόμον
2479 4424 2573 4477 καὶ
2630 4424 2726 4485 τὰς
2783 4426 3008 4489 ἐντολάς
3065 4443 3233 4497 φησιν
3288 4427 3479 4481 αὐτοῦ.
3534 4427 3621 4490 Ὠς
3673 4428 3725 4480 0i

2136 4516 2281 4570 κατά
2339 4533 2394 4569 τι
2452 4516 2928 4588 παρανομοῦντες,
2997 4521 3098 4573 ούκ
3149 4523 3209 4574 ὲν
3264 4525 3384 4585 ταῖς
3429 4521 3568 4584 ὁδοῖς
3624 4520 3722 4574 τοῦ

2130 4605 2267 4660 Θεοῦ
2320 4609 2712 4680 πορεύσονται*
2764 4612 3099 4667 κατ”ὲκεῖνο
3122 4613 3232 4685 γὰρ
3290 4603 3575 4682 ἐξέκλιναν
3617 4615 3719 4669 ἀπ’

2054 4737 2102 4795 D
2133 4697 2336 4752 αὐτῶν.

2200 4813 2285 4867 Σὺ
2315 4813 2594 4868 ἐνετείλω
2654 4814 2762 4882 τὰς
2825 4816 3085 4887 ἐντολάς
3127 4836 3265 4883 σου,
3302 4821 3409 4876 τοῦ
3441 4820 3722 4891 φυλάξα-

2128 4910 2271 4961 σθαι
2341 4905 2598 4975 σφόδρα.
2640 4907 2713 4962 Σὺ
2768 4908 2931 4963 τοῦτο
2968 4911 3315 4982 προσέταξας
3359 4915 3417 4966 ὲν
3444 4913 3522 4984 τῷ
3544 4915 3720 4985 νόμῳ,

2129 4998 2226 5049 καὶ
2279 4997 2532 5068 κατάραν
2586 5000 2870 5069 ἐπήγαγες
2905 5004 3020 5064 τοῖς
3070 5004 3367 5074 ἀμελοῦσιν
3395 5005 3575 5059 αὐτόν.
3612 5007 3723 5060 Καὶ

2127 5089 2256 5158 χρὴ,
2277 5089 2520 5154 δεδιότας
2557 5090 2651 5146 τὸν
2678 5092 3084 5164 ἐντειλάμενον,
3123 5096 3199 5168 μὴ
3230 5096 3592 5168 παραϐαίνειν
3617 5099 3721 5152 αὖ-

2128 5181 2227 5242 τὰς
2261 5182 2320 5232 ἐν
2354 5182 2568 5252 μηδενί,

2203 5515 2466 5582 Ὄφελον
2491 5519 3051 5587 κατευθυνθείησαν
3071 5522 3132 5575 al
3155 5519 3288 5575 ὀδοι
3301 5539 3446 5592 μου,
3470 5523 3579 5579 τοῦ
3599 5541 3721 5593 φυ-

2128 5606 2431 5671 ,λάξασθαι
2451 5610 2521 5663 τὰ
2556 5610 2921 5681 δικαιώματά
2969 5629 3106 5669 σου,
3150 5614 3279 5668 Εἴθε
3322 5616 3719 5670 κατευθυνθει-

2129 5718 2269 5772 ησαν
2303 5702 2361 5756 αἱ
2393 5703 2504 5756 ὁδοὶ
2530 5707 2627 5775 τῆς
2654 5705 2933 5770 πολιτείας
2967 5723 3094 5777 μου,
3123 5706 3266 5762 ὥστε
3297 5710 3587 5781 πληρῶσαι
3613 5708 3716 5776 τὰς

2130 5792 2353 5856 ἐντολάς
2390 5811 2508 5849 σου.
2570 5793 2805 5866 Εὔχεται
2847 5799 2959 5869 γὰρ
2994 5798 3172 5867 τοῦτο,
3219 5799 3511 5867 γινώσκων
3544 5801 3716 5873 μηδὲν

440 5874 730 5930 gnoscens,
765 5865 911 5933 quod
946 5883 1014 5924 ex
1060 5870 1244 5941 seipso
1298 5873 1432 5927 nihil
1482 5886 1673 5946 posset
1726 5878 2008 5948 perﬁcere,

2141 5882 2386 5938 ῑύνασοαι
2435 5865 2758 5957 κατορθοῦν,
2800 5865 2971 5961 χωρίς
2995 5890 3095 5961 τῆς
3123 5865 3330 5947 ἄνωθεν
3366 5865 3713 5963 συμμαχίας.
