4052 6430
358 345 490 411 1137

1528 334 1919 398 COMMENT.
1964 337 2049 398 IN
2088 335 2450 397 PSALMOS.

3496 323 3628 387 1139

356 466 440 519 Οὐ
510 461 621 531 γὰρ
697 458 804 514 τοῦ
853 457 1159 521 θέλοντος,
1221 452 1367 508 οὐδὲ
1431 451 1540 506 τοῦ
1588 453 1923 521 τρέχοντος,

2041 448 2146 504 nisi
2176 447 2272 503 Dei
2310 463 2414 516 0pc
2447 462 2507 501 ac
2533 446 2707 508 gratia
2763 444 2987 514 adjutus
3030 442 3214 497 fuerit.
3256 441 3444 511 Neque
3474 445 3622 495 enim
3708 514 3713 523 Ι

350 559 490 627 φησὶ
523 552 757 616 Παῦλος,
787 552 952 607 ἀλλὰ
977 548 1086 603 τοῦ
1113 547 1436 612 ἐλεοῦντος
1462 544 1630 601 Θεοῦ.

423 740 562 795 Τότε
588 739 662 793 οὐ
682 737 769 807 μὴ
791 735 1102 804 αισχυνθῶ
1127 735 1197 789 ἐν
1224 732 1302 798 τῷ
1323 749 1399 801 με
1424 729 1776 785 ἐπιϐλέπειν
1832 728 1934 783 ἐπὶ

345 831 554 898 πάσας
582 834 692 897 τὰς
746 829 1004 895 ἐντολάς
1043 844 1184 883 σου.
1223 827 1354 881 Ὅτε
1387 823 1832 880 κατευθυνθῶσιν
1878 823 1934 875 αἱ

342 923 453 977 ὁδοί
507 939 632 991 μου,
694 918 884 983 καθὼς
938 919 1182 990 εἴρηται,
1223 920 1348 971 τότε
1385 918 1459 989 μὴ
1490 914 1804 986 αἱσχυνθῶο
1840 913 1935 967 καὶ

347 1017 457 1086 γὰρ
488 1014 768 1083 ὲπέόλεψα
809 1013 1003 1067 λοιπὸν
1057 1013 1150 1065 ἐπὶ
1179 1012 1359 1074 πάσας
1413 1010 1513 1074 τὰς
1564 1006 1786 1073 ἐντολάς
1818 1022 1934 1066 σου.

2043 541 2269 596 volentis
2299 550 2392 592 aut
2420 540 2709 604 torrentis,
2743 546 2803 591 ut
2835 536 3015 606 inquit
3047 534 3271 597 Paulus,
3294 535 3385 589 sed
3426 545 3504 588 est
3531 535 3631 587 mi-

2043 634 2268 688 serantis
2307 632 2401 685 Dei
2420 634 2492 686 ’³.

2115 727 2278 781 Vens.
2316 724 2367 779 6.
2402 725 2548 779 Τιιιρε
2582 742 2684 779 non
2711 726 3035 793 confundor,
3063 739 3181 778 cum
3224 736 3544 791 prosperare
3576 720 3631 772 in

2044 820 2290 876 omnibus
2320 818 2591 871 mandatis
2619 819 2747 870 mis.
2780 815 2885 872 Ubi
2918 817 3019 870 via:
3061 830 3215 881 mea},
3252 822 3313 868 ut
3342 812 3479 875 dixi,
3517 828 3546 863 a
3580 822 3633 864 te

2045 912 2252 969 fuerint
2282 911 2532 973 directae,
2559 919 2687 962 ttmc
2746 924 2858 963 non
2911 906 3238 962 conluudar.
3279 905 3395 975 Ego
3426 905 3628 957 etenim

2035 1007 2146 1077 iam
2179 1004 2435 1075 prospexi
2471 1003 2535 1057 ad
2563 1003 2748 1056 omnia
2772 1001 3035 1054 mandata
3064 1008 3181 1064 tua,
3216 1008 3271 1053 et
3303 999 3488 1054 omnia
3512 998 3627 1064 iam

347 1107 446 1160 καὶ
502 1107 683 1168 πάσας
734 1104 837 1176 ἤδη
878 1103 1239 1174 κατώρθωσαι.
1273 1104 1345 1155 Ἢ
1378 1101 1475 1155 καὶ
1503 1102 1709 1170 ἑτέρως
1743 1115 1755 1129 ·
1805 1096 1923 1150 Τότε

2040 1095 2354 1163 adimplcvi.
2389 1092 2487 1149 Vel
2520 1094 2684 1148 aliter
2720 1109 2734 1146 :
2777 1092 2935 1145 Tunc
2967 1104 3078 1144 non
3114 1090 3451 1152 couiundar,
3500 1104 3622 1140 euut

341 1199 406 1253 οὐ
464 1200 541 1270 μὴ
590 1198 887 1269 αἰσχυνθῶ,
942 1199 1032 1252 ὅτε
1102 1196 1385 1265 ὲπιϐλέψω
1432 1196 1527 1248 ἐπὶ
1574 1194 1755 1256 πάσας
1835 1190 1923 1253 τὰς

2040 1202 2377 1258 prospexcro
2403 1186 2471 1241 ad
2507 1187 2695 1241 omnia
2731 1183 2990 1239 mandata
3056 1191 3183 1249 tua,
3246 1197 3368 1237 cum
3414 1180 3629 1236 scilicet

339 1293 565 1355 ἐντολάς
597 1311 691 1347 σου
719 1308 731 1321 ’
752 1293 840 1347 ὅτε
877 1291 1120 1363 μετέλθω
1144 1292 1325 1354 πάσας
1352 1308 1366 1323 ·
1397 1290 1456 1341 ea
1477 1290 1584 1360 γάρ
1624 1304 1766 1349 τινος
1792 1300 1942 1354 παρ-

338 1388 472 1440 ιδεῖν
529 1385 799 1456 αἰσχύνην
825 1385 985 1455 φέρει
1035 1384 1128 1438 καὶ
1162 1383 1489 1452 καταδίκην.

2044 1279 2226 1335 omnia
2255 1279 2647 1347 adimplevero.
2678 1266 2790 1343 'Qui
2821 1276 2969 1331 enim
3001 1274 3224 1345 aliquod
3251 1273 3497 1328 divinum
3530 1287 3630 1325 ne-

2029 1374 2183 1443 gligit
2210 1372 2558 1432 mandatum,
2607 1385 2671 1424 ex
2716 1367 3036 1439 lmiusmodi
3083 1374 3411 1437 contemptu
3462 1364 3624 1434 igno-

337 1483 564 1536 miniam
598 1481 807 1550 pariter
839 1478 1031 1545 refert,
1108 1487 1164 1534 et
1208 1477 1758 1535 condemnationem.
1809 1468 1968 1544 (Illud
2049 1477 2231 1521 tamen
2292 1462 2669 1519 adnotandum
2743 1471 2852 1524 est,
2907 1461 3057 1531 quod
3107 1461 3289 1559 legere
3334 1472 3631 1559 possumus

333 1578 499 1631 etiam
523 1574 671 1629 hunc
708 1575 1038 1630 versiculum
1074 1591 1089 1629 :
1126 1573 1278 1628 Tum:
1300 1588 1404 1626 non
1441 1569 1759 1641 confundor,
1795 1566 1921 1636 quia
1956 1561 2242 1634 prospicio,
2285 1566 2343 1615 et
2364 1558 2432 1614 ad
2463 1558 2782 1632 huiusmodi
2841 1558 3137 1616 lectionem
3168 1556 3409 1628 aptatur
3448 1555 3631 1627 prima

332 1662 632 1736 expoSitio.
690 1665 882 1720 Grreca
942 1665 1091 1721 enim
1136 1664 1305 1720 dictio
1361 1672 1651 1731 utramque
1701 1659 1908 1729 patitur
1949 1647 2288 1721 lectionem.)

403 1758 963 1828 Ἐξομολογήσομαί
1003 1771 1104 1811 σοι
1124 1757 1195 1810 ἐν
1217 1755 1497 1823 εὐθύτητι
1526 1751 1799 1821 καρδίας,
1841 1749 1910 1802 ἐν

2089 1741 2258 1799 Vsus.
2312 1742 2365 1795 7.
2407 1740 2716 1809 Conﬁtebor
2771 1742 2869 1796 tibi
2920 1744 2977 1796 in
3033 1742 3356 1797 rectitudine
3419 1740 3625 1801 cordis,

332 1851 413 1916 τῷ
437 1850 854 1920 μεμαθηκέναι
899 1866 976 1920 με
1005 1851 1080 1904 τὰ
1105 1850 1357 1918 κρίματα
1381 1848 1493 1917 τῆς
1523 1846 1923 1912 δικαιοσύνης

330 1961 474 1998 σου.
512 1944 601 1996 Ἑν
652 1943 730 2013 τῷ
768 1942 1154 2012 μεμαθηκέναι
1201 1944 1293 1994 τὸν
1324 1941 1494 2010 νόμον
1525 1955 1642 2002 σου,
1704 1939 1925 2009 εὐχαρι-

333 2037 522 2102 στήσω
573 2050 659 2088 σοι
698 2033 950 2098 δικαίως,
981 2034 1040 2087 ὲν
1068 2034 1205 2104 ὀρθῇ
1260 2031 1482 2104 καρδίᾳ,
1518 2034 1579 2085 ὲν
1623 2032 1720 2103 ὅλη
1749 2032 1923 2103 ψυχῇ,

327 2127 411 2179 ὃτι
439 2126 663 2195 ἔμαθον,
695 2127 779 2179 ὅτι
819 2125 1137 2195 ὲφωτίσθην
1168 2124 1261 2179 τὸν
1290 2122 1441 2190 νοῦν,
1466 2123 1550 2177 ὅτι
1571 2123 1789 2194 μεγάλα
1841 2124 1924 2179 ὲν-

329 2217 524 2271 τεῦθεν
559 2217 966 2290 εὐηργετήθην.

408 2312 484 2364 Τὰ
523 2309 889 2379 δικαιώματά
913 2325 1030 2364 σου
1060 2308 1315 2379 φυλάξω
1337 2324 1351 2337 ⁸
1384 2306 1470 2378 μή
1497 2325 1575 2378 με
1605 2304 1923 2377 ἐγκαταλί-

330 2423 455 2475 πῃς
489 2406 598 2471 ἕως
626 2404 885 2475 σφόδρα.
924 2406 1030 2458 Τὸν
1065 2405 1229 2476 νόμον
1264 2420 1359 2457 σου
1395 2401 1638 2473 φυλάξω,
1667 2399 1922 2471 μεμαθηα-

329 2497 445 2559 κὼς
472 2497 634 2550 αὐτόν
662 2514 674 2527 ·
702 2497 785 2549 διὸ
814 2495 1143 2568 παρακαλῶ,
1173 2496 1249 2567 μή
1276 2513 1344 2567 με
1366 2497 1538 2563 ἔγκατ
1551 2494 1749 2567 αλίπῃς
1796 2495 1922 2569 επι-

332 2589 470 2642 πολύ
499 2605 512 2619 ο
570 2588 732 2642 τοῦτο
782 2589 891 2660 γὰρ
933 2589 1088 2660 δηλοῖ
1149 2589 1231 2652 τὸ,
1285 2588 1441 2655 Ἕως
1493 2586 1764 2657 σφόδρα·
1804 2587 1920 2656 εἴγε

331 2681 599 2750 κέκρικας
624 2681 1019 2748 ἐγκαταλιπεῖν
1054 2698 1122 2752 με
1183 2682 1252 2735 δι’
1285 2680 1603 2751 οἰκονομίας
1628 2678 1795 2743 τινὸς,
1835 2677 1920 2742 ιὼς

330 2773 532 2836 εἴωθας
560 2773 824 2837 πολλάκις
848 2774 1021 2837 ποιεῖν
1082 2773 1217 2843 προς
1260 2772 1526 2841 ὠφέλειαν
1551 2771 1661 2825 τῶν
1687 2772 1921 2840 ἐγκατα-

332 2861 793 2932 λιμπανομένων.

2032 1851 2147 1888 cum
2177 1834 2411 1888 didicero
2436 1837 2614 1889 omnia
2635 1835 2847 1904 judicia
2866 1836 3099 1905 justitite
3127 1844 3252 1889 tum.
3278 1834 3416 1889 Cum
3448 1833 3625 1905 legem
3708 1826 3715 1827 ί

2034 1935 2181 1979 tuam
2218 1925 2486 1989 didicero,
2518 1928 2727 1997 gratias
2761 1928 2857 1982 tibi
2909 1941 3090 1996 agam,
3138 1927 3195 1979 in
3246 1936 3397 1981 recto
3436 1926 3626 1989 corde,

2029 2025 2197 2086 atque
2228 2026 2434 2073 extotn
2470 2019 2683 2081 anima,
2741 2021 2887 2089 quod
2945 2019 3176 2073 edoctus
3225 2018 3421 2072 luerim
3475 2019 3624 2088 quod

2028 2119 2269 2166 mentem
2312 2126 2490 2167 meam
2524 2113 2946 2176 illuminaveris,
2978 2120 3033 2167 et
3064 2113 3210 2181 quod
3240 2112 3478 2169 summis
3511 2127 3543 2166 a
3570 2120 3626 2167 te

2026 2202 2256 2258 aﬂ'cctus
2283 2204 2386 2258 sim
2424 2203 2732 2260 beneﬁciis.
3260 2200 3263 2203 ’

2101 2295 2266 2351 Vsus.
2293 2296 2345 2351 8.
2399 2296 2828 2366 Justiﬁcationes
2880 2311 3005 2357 tuas
3053 2301 3376 2368 custodiant,
3431 2318 3495 2356 ne
3543 2318 3628 2357 me
3698 2320 3703 2325 ’

2023 2388 2364 2456 derelinquas
2420 2406 2586 2459 usque
2636 2392 2811 2447 valde.
2897 2394 3135 2465 Legem,
3200 2396 3411 2464 inquit,
3467 2403 3621 2450 tuam

2024 2482 2359 2545 custodiam,
2396 2491 2584 2555 utpote
2614 2500 2732 2539 eam
2772 2486 3038 2554 edoctus;
3080 2496 3246 2559 atque
3276 2488 3399 2543 ideo
3431 2497 3558 2558 peto
3589 2502 3619 2541 a

2026 2580 2097 2637 te,
2132 2589 2198 2628 ne
2241 2589 2325 2629 me
2363 2575 2457 2629 diu
2512 2575 2868 2645 derelinquas
2914 2597 2928 2633 :
2964 2579 3067 2634 hoc
3116 2580 3264 2636 enim
3317 2577 3621 2649 signiﬁcat,

2023 2664 2166 2731 quod
2209 2663 2286 2719 ait
2331 2681 2346 2719 :
2395 2663 2570 2737 Usque
2596 2655 2769 2722 valde.
2806 2666 2928 2722 Noli
2969 2670 3136 2739 igitur
3187 2687 3276 2724 me
3318 2671 3410 2723 diu
3449 2670 3613 2723 dere-

2022 2757 2556 2828 Iinquerertametsi
2591 2761 2658 2816 ad
2709 2762 2985 2831 privatum
3020 2779 3225 2830 meum,
3263 2771 3319 2819 et
3356 2764 3420 2816 ad
3470 2778 3619 2818 com-

2023 2863 2191 2904 mune
2225 2849 2464 2905 aliorum
2502 2852 2881 2914 commodum,
2936 2854 3063 2907 novi
3125 2862 3177 2908 te
3225 2868 3471 2924 persaepe
3517 2854 3620 2911 hoc

2020 2956 2186 2997 usum
2217 2944 2479 3008 consilio,
2515 2956 2576 2999 ut
2601 2960 2689 3000 me
2728 2947 2895 3002 veluti
2949 2948 3263 3019 neglectum
3302 2957 3432 3015 ate,
3463 2947 3623 3003 dere-

2024 3029 2277 3103 linquere
2318 3036 2472 3091 visus
2503 3037 2585 3093 sis

413 3124 518 3179 Ἐν
546 3125 664 3179 τίνι
689 3126 1053 3195 κατορθώσει
1076 3127 1359 3195 νεώτερος
1386 3127 1502 3195 τὴν
1515 3126 1663 3183 ὁδὸν
1687 3129 1918 3195 αὐτοῦ;

2106 3127 2269 3182 Vens.
2289 3127 2341 3182 9.
2374 3126 2441 3184 In
2466 3146 2569 3201 quo
2594 3133 2820 3204 corriget
2843 3132 3235 3188 adolescentior
3256 3135 3393 3190 riam
3422 3151 3573 3189 suam
3594 3135 3623 3189 ?

337 3216 404 3272 ἐν
424 3216 505 3283 τῷ
530 3219 919 3287 φυλάξασθαι
948 3220 1095 3288 τοὺς
1113 3221 1337 3291 λόγους
1375 3237 1517 3278 σου.
1568 3223 1679 3276 Καὶ
1715 3224 1918 3296 ἐρωτᾷ,

332 3308 434 3364 καὶ
488 3311 869 3382 ἀποκρίνεται.
927 3314 1149 3385 Ἐπειδὴ
1186 3315 1299 3386 γὰρ
1337 3317 1371 3385 ἠ
1395 3316 1586 3386 νεότης
1618 3315 1794 3386 κούφη
1827 3316 1924 3371 καὶ

330 3400 755 3472 εὐπαράγωγος,
804 3407 904 3458 καὶ
952 3404 1155 3476 ῥᾳδίως
1192 3405 1700 3477 ὑποσκελιζομένη,
1760 3407 1923 3479 χρεία

333 3493 514 3563 ταύτῃ
546 3494 643 3563 τῆς
678 3495 930 3563 φυλακῆς
985 3496 1094 3551 τῶν
1132 3497 1293 3551 θείων
1330 3498 1600 3556 ἐντολῶνο
1640 3497 1781 3570 αὕτη
1811 3498 1921 3571 γὰρ

331 3582 486 3653 ὀρθοῖ
518 3584 610 3649 τὸν
640 3583 758 3654 βίον
788 3584 885 3640 τοῦ
915 3585 1066 3653 νέου,
1094 3586 1193 3641 καὶ
1222 3587 1509 3657 φυλάττει.

391 3759 495 3817 Καὶ
521 3762 589 3815 ἐν
609 3763 723 3833 ὅλῃ
748 3764 962 3833 καρδίᾳ
979 3784 1100 3835 μου
1118 3767 1449 3837 ἐξεζήτησὰ
1470 3786 1564 3835 σε,
1587 3771 1671 3841 μὴ
1704 3772 1921 3843 ἀπώσῃ

324 3872 405 3925 με
436 3856 557 3911 ἀπὸ
590 3855 712 3911 τῶν
734 3858 1007 3914 ἐντολῶν
1036 3864 1179 3917 σουέ
1222 3863 1311 3918 Ἐν
1338 3864 1435 3936 ὅλῃ
1459 3865 1660 3938 καρδία
1683 3885 1810 3938 μου,
1844 3868 1921 3939 μὴ

333 3950 576 4018 μερίζων
606 3952 687 4014 εἰς
708 3952 998 4023 φροντίδας
1037 3953 1305 4023 βιωτικὰς
1339 3956 1438 4026 τὴν
1459 3958 1724 4013 διάνοιαν.
1755 3958 1923 4013 Ὅθεν

333 4039 592 4103 ἱκετεύω,
657 4039 734 4112 μὴ
788 4041 987 4115 ἁπώσῃ
1026 4061 1093 4112 με
1134 4045 1245 4097 ἀπὸ
1268 4046 1378 4099 τῶν
1415 4047 1652 4101 ἐντολῶν
1680 4065 1800 4109 σου.
1843 4050 1921 4114 ὡς

334 4132 584 4200 ἀνάξιον.
607 4132 1136 4207 Ταπεινοφροσύνης
1158 4137 1217 4191 δὲ
1236 4140 1264 4192 ὁ
1283 4138 1464 4207 λόγος,
1488 4140 1589 4208 τῆς
1619 4140 1922 4209 φυλαττού-

330 4244 433 4296 σης
449 4229 518 4281 τὰ
548 4229 977 4300 κατορθώματα.
1006 4231 1079 4283 Ἦ
1110 4229 1186 4302 μὴ
1209 4230 1411 4306 ἀπώσῃ
1438 4250 1506 4304 με
1527 4233 1918 4307 ψυχρασθέντα

329 4320 464 4373 ποτὲ
528 4321 662 4392 περὶ
687 4322 863 4386 αὑτάς
890 4337 906 4354 ⁶
953 4323 1071 4379 ἀλλ’
1093 4326 1143 4379 εξ
1178 4325 1271 4380 καί
1303 4344 1356 4381 τι
1389 4327 1622 4399 πάθοιμι
1652 4329 1939 4399 τοιοῦτον,

328 4411 534 4485 ἄναψον
574 4414 676 4487 τὴν
709 4415 946 4489 θέρμην.

403 4684 508 4740 Ἔν
534 4683 611 4754 τῇ
644 4687 859 4755 καρδίᾳ
891 4704 1011 4757 μου
1035 4689 1274 4760 ἔκρυψα
1295 4689 1371 4744 τὰ
1391 4690 1570 4762 λόγιὰ
1593 4707 1732 4755 σου,
1759 4693 1920 4760 ὅπως

332 4777 413 4833 ἂν
430 4780 517 4848 μὴ
560 4779 800 4849 ἁμάρτω
829 4796 951 4836 σοι.
981 4782 1155 4850 Λόγια
1205 4784 1305 4848 τὰς
1344 4785 1565 4848 ἐντολὰς
1620 4786 1791 4855 λέγει.
1825 4787 1919 4841 Ἐν

330 4870 413 4941 τῷ
443 4871 657 4942 ταμείῳ
700 4873 802 4941 τῆς
843 4875 1071 4945 καρδίας
1108 4893 1213 4947 μου
1250 4878 1468 4948 ἔκρυψα
1500 4880 1729 4945 ταύτας,
1756 4879 1916 4945 ἀνεξ-

329 4963 592 5018 άλειπτον
607 4966 918 5036 ἐγκολάψας
932 4966 1033 5038 τὴν
1063 4970 1288 5039 μνήμην
1318 4972 1525 5038 αὐτῶν,
1551 4973 1702 5038 ὅπως
1734 4973 1803 5029 ἂν
1826 4976 1917 5030 ἀεὶ

331 5054 543 5119 ταύτας
601 5057 766 5127 ὁρῶν,
824 5058 921 5112 καὶ
970 5060 1356 5131 μνημονεύων,
1408 5065 1480 5135 μὴ
1529 5065 1764 5137 ἁμάρτω
1794 5082 1914 5121 σοι’

332 5145 559 5219 καὶγὰρ
587 5147 688 5201 οὐκ
711 5149 877 5202 ἐῶσιν
899 5150 1354 5222 ἁμαρτάνεινητὸν
1393 5154 1565 5222 οὕτως
1590 5161 1806 5230 ἔχοντα.

401 5418 754 5486 Εὐλογητὸς
775 5418 848 5484 ετ,
872 5419 917 5473 Κ
926 5421 1073 5490 ὐριε.
1092 5423 1347 5491 δίδαξον
1360 5443 1436 5496 με
1459 5427 1532 5482 τὰ
1554 5428 1919 5500 δικαιώματά

326 5522 468 5593 αου.
507 5508 741 5575 Εὐλογεῖ
777 5511 877 5581 μὲν
924 5513 1019 5568 τὸν
1058 5515 1192 5569 Θεὸν
1252 5518 1566 5589 ὐμνολογῶν
1599 5522 1784 5588 αὑτὸν,
1831 5525 1915 5593 ἐφ’

232 5609 239 5616 ’
323 5590 408 5659 οἷς
446 5596 712 5668 ὠφελήθη
757 5602 913 5673 παρὰ
939 5604 1035 5658 τοῦ
1068 5607 1276 5676 νόμου*
1304 5609 1618 5678 παρακαλεῖ
1636 5611 1692 5665 δὲ
1714 5590 1914 5683 μαθεέν

323 5690 509 5755 τοῦτο,
541 5691 620 5745 ἔτι
651 5693 998 5770 βεϐαιότερόν
1023 5717 1079 5755 τε
1112 5703 1207 5757 καὶ
1239 5702 1595 5777 ὑψηλότερον.

393 5800 440 5833 ”
473 5800 628 5863 Rom.
659 5820 732 5874 ιχ,
768 5808 855 5864 16.

2026 3222 2082 3276 in
2114 3223 2459 3276 custodiendo
2514 3239 2783 3280 sermones
2841 3219 2982 3281 tuos.
3035 3225 3366 3298 lutcrrogat,
3421 3236 3474 3282 et
3532 3242 3619 3282 re-

2026 3309 2284 3381 spondet.
2334 3309 2405 3364 Et
2458 3312 2719 3382 quoniam
2773 3312 3159 3370 adolescentia:
3215 3325 3351 3371 aetas
3410 3323 3615 3369 natura

2020 3403 2142 3471 ipsa
2173 3402 2403 3471 simplex
2441 3418 2506 3458 ac
2547 3403 2683 3459 levis
2718 3412 2827 3468 est,
2860 3413 2917 3460 et
2943 3406 3122 3462 facilis
3153 3407 3241 3462 cui
3270 3406 3611 3476 imponatur,

2026 3495 2228 3550 merito
2262 3509 2480 3551 summa
2512 3497 2564 3551 ei
2616 3512 2760 3567 opus
2800 3508 2887 3553 est
2955 3500 3233 3563 custodia,
3260 3508 3314 3553 et
3346 3499 3613 3553 observa-

2025 3586 2177 3647 tione
2207 3586 2597 3640 mandatorum
2648 3587 2765 3654 Dei,
2799 3588 3005 3658 quibus
3052 3589 3327 3660 dirigatur
3373 3598 3428 3644 et
3472 3603 3612 3644 cou-

2025 3686 2278 3732 servetur
2312 3677 2729 3733 adulescentum
2763 3681 2896 3736 vita.

2100 3769 2266 3826 Vsus.
2295 3770 2382 3826 ιθ.
2438 3771 2503 3827 In
2534 3782 2643 3827 toto
2688 3774 2847 3829 corde
2877 3791 2989 3831 meo
3042 3776 3301 3846 exquisivi
3327 3786 3394 3839 te,
3429 3792 3503 3831 ne
3526 3792 3612 3831 re-

2021 3859 2190 3929 pellas
2227 3878 2310 3916 me
2341 3864 2674 3918 amendatis
2711 3866 2841 3919 tuis.
2875 3865 2934 3921 I'n
2978 3873 3107 3920 toto
3136 3869 3323 3933 corde,
3369 3882 3478 3922 non
3532 3866 3617 3920 di-

2022 3951 2216 4007 videns
2240 3952 2456 4008 scilicet
2489 3965 2727 4010 mentem
2761 3971 2939 4011 meam
2969 3956 3038 4011 ad
3074 3959 3264 4013 saeruli
3301 3957 3470 4025 huius
3519 3972 3616 4013 co-

2023 4043 2338 4124 gitationes.
2364 4042 2606 4114 Supplex
2632 4046 2801 4115 igitur
2818 4056 2995 4115 pelea
3022 4056 3095 4108 te.
3122 4063 3296 4102 neme
3319 4048 3607 4116 indignum

2023 4149 2052 4187 a
2088 4135 2364 4191 mandatis
2404 4137 2515 4191 tuis
2575 4138 2829 4205 repellas.
2892 4138 2991 4193 Est
3043 4149 3227 4194 autem
3281 4140 3610 4196 humilitatis
3686 4164 3690 4169 ·

2021 4242 2229 4293 sermo,
2259 4228 2410 4297 illius
2443 4230 2569 4285 dico
2628 4230 2981 4296 humilitatis,
3035 4247 3159 4302 quae
3211 4232 3469 4287 virtutem
3523 4247 3611 4288 se-

2021 4327 2227 4375 ctatur.
2258 4318 2356 4374 Vel
2391 4336 2458 4374 ne
2510 4322 2751 4391 repellas
2798 4336 2906 4385 me,
2941 4325 2986 4378 si
3030 4324 3259 4393 quando
3299 4324 3367 4378 ad
3414 4337 3605 4378 eorum

1949 4444 1995 4502 ρ
2024 4414 2466 4468 observationem
2509 4414 2761 4485 frigidior
2787 4411 2948 4468 luero
2979 4432 2994 4470 :
3027 4415 3280 4484 quiuimo
3311 4415 3359 4470 si
3381 4415 3515 4481 quid
3551 4416 3606 4469 in

2024 4519 2112 4561 me
2151 4504 2472 4576 huiusmodi
2508 4505 2795 4573 acciderit,
2825 4506 3130 4564 rraccende
3174 4522 3373 4579 precor
3424 4508 3608 4563 denuo

2021 4592 2262 4650 calorem
2297 4610 2483 4651 meum
2526 4579 2537 4590 ’
3370 4592 3390 4611 ⁸
3633 4592 3636 4596 Α

2096 4686 2261 4744 Vsus.
2290 4689 2380 4743 ll.
2420 4688 2487 4744 In
2520 4690 2677 4745 corde
2711 4707 2827 4745 meo
2863 4690 3121 4746 abscondi
3149 4690 3362 4763 eloquia
3401 4700 3518 4757 tua,
3550 4700 3609 4745 ut

2022 4799 2127 4837 non
2169 4772 2381 4852 peccem.
2420 4783 2538 4838 tibi.
2579 4784 2837 4855 Eloquia,
2875 4784 2981 4840 hoc
3009 4792 3117 4851 est,
3161 4785 3609 4840 mandata.Ahs-

2022 4875 2188 4929 condi
2253 4883 2441 4929 autem
2470 4890 2534 4930 ea
2593 4876 2648 4931 in
2705 4891 2850 4946 penu
2892 4877 3077 4933 cordis
3125 4878 3257 4942 mei,
3301 4886 3362 4932 ut
3414 4892 3606 4933 eorum

2022 4970 2350 5022 memoriam
2408 4967 2753 5025 indelebilem
2809 4984 3224 5036 conservaram,
3277 4978 3446 5040 utque
3502 4971 3606 5024 hoc

2018 5067 2205 5130 pacto,
2261 5073 2327 5116 ea
2381 5075 2611 5132 semper
2657 5070 2785 5118 ante
2842 5064 3046 5119 mentis
3117 5062 3310 5117 oculos
3369 5061 3601 5126 habens,

2023 5167 2304 5222 nunquam
2336 5167 2560 5222 peccem
2591 5153 2714 5208 tibi.
2747 5154 2937 5225 Neque
2966 5153 3114 5209 enim
3148 5152 3240 5207 ille
3291 5151 3459 5207 homo
3481 5167 3604 5220 pec-

2019 5262 2146 5304 care
2175 5248 2550 5318 permittetur,
2582 5250 2678 5322 qui
2706 5257 2859 5306 tanto
2885 5264 3008 5305 cum
3036 5251 3222 5306 studio
3240 5265 3430 5305 eorum
3459 5267 3603 5305 selu-

2016 5355 2114 5410 per
2147 5341 2483 5398 meminerit.

2090 5432 2258 5488 Vsus.
2294 5432 2384 5488 12.
2418 5433 2742 5489 Benedictus
2792 5450 2869 5499 es,
2912 5433 3155 5499 Domine,
3202 5434 3332 5489 doce
3376 5451 3457 5487 me
3505 5434 3602 5503 ju-

2016 5527 2366 5597 stiﬁcationes
2421 5535 2564 5581 tuas.
2628 5525 2913 5583 Bcnedicit
2971 5527 3265 5581 Dominum
3324 5527 3601 5597 Propheta

2016 5620 2251 5673 laudans
2269 5632 2416 5682 eum,
2438 5616 2584 5687 quod
2610 5619 2902 5676 utilitatem
2927 5620 3199 5689 acceperit
3221 5619 3290 5675 ab
3314 5619 3435 5690 eius
3462 5619 3600 5690 lege:

2018 5725 2181 5780 quam
2212 5708 2376 5766 etiam
2400 5718 2557 5780 rogat
2589 5710 2784 5769 melius
2809 5725 2889 5779 se,
2940 5725 3004 5767 ac
3027 5710 3321 5769 sublimius
3354 5709 3597 5789 edoceri.
