4052 6452
379 347 520 405 1139

444 455 612 510 Vens.
659 456 741 510 ιδ.
781 453 840 508 ln
869 455 1026 508 labiis
1069 455 1197 508 meis
1232 455 1546 507 annuntiaci
1581 454 1761 507 omnia
1802 453 1946 517 iurli-
1977 459 2020 515 Α

372 546 455 597 cia
485 547 592 598 oris
625 547 722 599 tui.
772 546 890 601 Non
925 553 1137 599 tantum
1211 561 1312 616 ego
1362 561 1426 600 ea
1457 545 1651 610 didici,
1684 545 1778 600 sed
1824 545 1952 602 aliis

372 640 536 692 etiam
569 639 912 696 annuntiavi.

445 716 614 786 Vens.
654 733 740 786 Η.
781 731 846 786 1η
875 741 956 787 vta
983 734 1404 787 testimoniorum
1427 742 1636 786 tuorum
1660 734 1952 788 delectatus

372 837 511 886 sum,
535 823 678 900 sicut
702 823 752 876 in
784 823 1026 876 omnibus
1062 824 1283 877 divitiis.
1331 822 1449 876 Non
1482 823 1622 877 dixit
1660 823 1712 876 in
1739 823 1952 880 divitiis

373 911 716 983 simpliciter,
754 912 848 966 sed
883 911 936 966 in
971 914 1256 968 omnibus.
1291 912 1618 977 Ambulans,
1662 912 1862 983 inquit,
1898 913 1952 968 in

371 996 461 1050 via
496 998 882 1053 mandatorum
909 1008 1152 1064 tuorum,
1186 1001 1260 1056 ita
1292 1001 1598 1056 delectatus
1630 1016 1777 1067 sum,
1810 1017 1874 1056 ac
1906 1003 1952 1057 si

375 1085 599 1142 divitias
626 1102 820 1144 omnes
850 1089 1215 1159 possiderem,
1246 1090 1332 1144 vel
1361 1105 1468 1144 non
1518 1105 1680 1145 secus
1712 1089 1953 1145 delecta-

371 1189 462 1233 tus
502 1193 647 1240 sum,
699 1189 867 1251 atque
924 1180 974 1236 is
1033 1182 1129 1251 qui
1189 1182 1379 1238 saeculi
1432 1181 1641 1237 divitiis
1687 1182 1950 1238 delectari

373 1272 534 1326 solet.
1278 1253 1308 1277 ⁸

445 1361 616 1418 Vens.
647 1364 736 1419 i5.
783 1363 850 1419 In
881 1366 1148 1420 mandatis
1181 1368 1284 1420 tuis
1329 1365 1647 1433 meditabor,
1679 1377 1730 1421 et
1769 1370 1949 1422 consi-

375 1452 572 1508 derabo
594 1455 710 1509 vias
739 1463 882 1511 tuas.
911 1454 1016 1512 Pro
1065 1455 1359 1511 meditabor
1411 1457 1465 1510 in
1507 1456 1698 1514 ϐιαίου
1723 1459 1952 1531 legimus

375 1544 748 1615 ἀδολεσχήσω,
787 1547 856 1602 de
885 1561 995 1617 quo
1023 1547 1267 1604 diximus
1329 1551 1384 1604 in
1427 1549 1642 1620 psalmo
1672 1551 1780 1616 Liv,
1815 1551 1887 1605 ibi
1922 1567 1936 1604 :

375 1632 742 1690 Contristatus
778 1654 892 1691 sum
921 1638 976 1692 in
999 1638 1343 1693 meditatione
1401 1656 1540 1694 mea.
1578 1639 1810 1707 Crebro,
1868 1641 1954 1694 in-

374 1725 514 1793 quit,
551 1725 858 1782 meditabor
885 1726 941 1781 in
966 1728 1238 1784 mandatis
1271 1729 1402 1792 tuis,
1436 1738 1601 1800 atque
1629 1746 1694 1786 ex
1731 1731 1835 1785 hoc
1857 1745 1952 1786 ex-

1582 341 1969 402 EUTHYMII
2010 340 2382 401 ZIGABENI

2133 455 2237 509 Ἐν
2259 455 2383 520 τοῖς
2411 453 2650 524 χείλεσί
2666 469 2788 522 μου
2814 452 3146 523 ἐξήγγειλα
3186 451 3387 505 πάντα
3407 451 3479 506 τὰ
3511 454 3638 519 κρί-

2052 567 2213 620 pata
2241 550 2347 604 τοῦ
2381 549 2682 618 στόματός
2727 563 2865 602 σου.
2905 546 2979 599 Οὐ
3012 545 3178 616 μόνον
3235 544 3396 608 αὐτὸς
3430 543 3638 613 ἔμαθον

2059 641 2221 705 αὐτὰ,
2255 641 2393 696 ἀλλά
2425 641 2521 695 καὶ
2551 639 2739 703 ἄλλοις
2771 638 2946 694 ταῦτα
2979 635 3318 707 ἀπήγγειλα.

2128 735 2236 788 Ἐν
2271 733 2346 803 τῇ
2371 730 2490 800 ὀδῷ
2529 733 2649 786 τῶν
2672 730 3014 802 μαρτυρίων
3050 745 3168 784 σου
3195 727 3512 798 ἐτέρφθην,
3558 728 3639 795 ὠς

2056 828 2155 883 ἐπὶ
2175 827 2355 882 παντί
2377 826 2640 894 πλούτῳ.
2668 826 2784 879 Οὐκ
2801 821 2956 878 εἵπεν
2985 822 3061 886 ὡς
3077 820 3170 875 ἐπὶ
3188 819 3404 891 πλούτῳ
3429 819 3639 883 ἁπλῶς,

2057 920 2174 975 ἀλλ’
2205 919 2282 983 ὡς
2311 919 2403 972 ἐπὶ
2428 918 2593 972 παντὶ
2621 915 2860 988 πλούτῳ.
2892 912 3161 978 Βαδίζων,
3198 910 3357 984 φησὶ,
3388 910 3490 980 τὴν
3513 910 3636 963 ὁδὸν

2057 1012 2166 1067 τῶν
2199 1011 2431 1066 ἐντολῶν
2461 1027 2580 1074 σου,
2627 1009 2803 1072 οὕτως
2849 1005 3140 1079 ἐτέρφθην,
3167 1004 3244 1068 ὡς
3266 1003 3442 1057 πάντα
3467 1001 3639 1055 πλουο

2055 1123 2148 1160 τον
2198 1105 2297 1177 ήδη
2348 1104 2717 1176 κτησάμενος,
2767 1101 2802 1170 ἣ
2837 1100 2911 1165 ὡς
2943 1099 3038 1154 ἐπὶ
3065 1097 3231 1153 ιιιαντλ⁵
3267 1096 3482 1167 πλούτῳ
3529 1095 3640 1148 τῶν
3707 1145 3710 1147 .

2055 1201 2116 1252 ἐν
2141 1196 2452 1270 ἀνθρώποις
2507 1196 2595 1250 ἐτε
2605 1211 2716 1265 ρος.

2139 1377 2243 1431 Ἐν
2258 1375 2382 1441 ταῖς
2411 1369 2689 1438 ἐντολαῖς
2717 1386 2834 1425 σου
2857 1366 3285 1436 ἀδολεσχήσω,
3321 1365 3420 1420 καὶ
3455 1380 3640 1418 κατα-

2055 1468 2260 1537 νοήσω
2315 1468 2424 1534 τὰς
2473 1465 2654 1530 ὁδούς
2687 1477 2824 1518 σου.
2859 1462 2996 1532 Περὶ
3043 1457 3387 1529 ἀδολεσχίας,
3415 1457 3640 1528 εἰρήκα-

2059 1578 2178 1631 μεν,
2211 1562 2269 1613 ἐν
2294 1558 2372 1629 τῷ
2392 1557 2468 1612 νδ¹
2493 1555 2715 1627 ψαλμῷ,
2773 1552 2908 1608 ἔνθα
2947 1553 3031 1619 τὸ,
3073 1550 3435 1618 Ἐλυπήθην
3469 1549 3541 1602 ἐν
3564 1547 3642 1616 τῇ

2055 1652 2394 1722 ἀδολεσχίᾳ
2421 1667 2562 1720 μου.
2590 1648 2758 1720 Φησὶν
2785 1645 2881 1700 οὖν
2911 1646 2995 1699 ὅτι
3033 1643 3432 1714 συνεχέστερον
3463 1642 3643 1711 epyc-

2054 1747 2294 1815 λετήσω
2323 1749 2441 1810 ταῖς
2471 1745 2714 1806 ἐντολαῖς
2749 1759 2868 1808 σου,
2901 1738 3204 1795 κάντεῦθεν
3239 1735 3641 1807 ἀκριϐέστερον

374 1815 636 1884 quisitius
670 1817 789 1874 vias
847 1830 992 1886 tuas,
1031 1820 1136 1877 hoc
1165 1829 1270 1888 est,
1305 1823 1506 1892 placita
1535 1837 1600 1878 ac
1637 1824 1952 1879 voluntates

2065 1801 2384 1912 κατανοήσω
2411 1839 2640 1905 ταύτας,
2667 1837 2787 1908 ἦτοι
2815 1833 2887 1888 τὰ
2933 1831 3218 1904 θελήματά
3251 1847 3366 1884 σου.

377 1917 498 1962 tuas
532 1910 915 1967 considerabo.

448 1998 618 2057 Vens.
654 2003 744 2060 i6.
771 2003 838 2058 In
861 2006 1332 2074 iustiﬁcationibus
1367 2009 1472 2062 tuis
1501 2009 1817 2074 meditabor,
1851 2026 1955 2064 non

376 2093 661 2148 obliviscar
726 2113 993 2153 sermones
1050 2108 1190 2153 tuos.
1250 2099 1587 2167 Meditabor,
1655 2102 1855 2172 inquit,
1902 2111 1957 2158 ct

379 2202 492 2241 non
565 2189 886 2246 obliviscar.
951 2192 1152 2249 Eorum
1216 2196 1360 2250 enim
1419 2211 1541 2268 quae
1595 2197 1721 2268 quis
1793 2197 1958 2256 fuerit

382 2279 698 2347 nieditatus,
725 2283 1128 2342 diuturniorem
1159 2290 1476 2343 memoriam
1503 2299 1814 2345 conservat.

454 2371 621 2430 Vens.
654 2376 740 2430 l7.
791 2376 1043 2433 Rctribue
1079 2397 1228 2435 servo
1265 2390 1374 2436 tuo.
1413 2381 1520 2438 Pro
1574 2385 1956 2439 mandatorum

383 2471 437 2516 et
515 2466 973 2534 justiﬁeationum
1035 2480 1255 2527 tuarum
1311 2473 1690 2541 meditatione,
1755 2476 1956 2546 inquit,

379 2567 542 2610 servo
581 2564 675 2613 tuo
705 2558 1123 2616 retributionem
1149 2562 1336 2618 redde.

460 2738 640 2794 Vivam
665 2749 715 2795 et
743 2743 1049 2797 custodiam
1099 2759 1364 2799 sermones
1407 2752 1546 2800 tuos.
1612 2747 1848 2817 Accepta
1875 2763 1960 2803 re-

385 2833 707 2896 tributione,
745 2849 911 2903 quam
943 2835 1077 2891 mihi
1107 2836 1350 2902 dederis,
1381 2838 1586 2901 vivam,
1616 2839 1817 2908 inquit,
1845 2856 1960 2896 me-

381 2927 503 2982 liori
532 2927 666 2993 vita,
711 2929 778 2983 ad
809 2945 874 2986 ea
901 2945 1120 3000 semper
1173 2947 1260 2987 me
1305 2933 1632 2997 extendens,
1663 2947 1785 3002 quae
1833 2941 1961 2990 ante

382 3036 468 3075 me
517 3030 668 3078 sunt.
719 3021 1018 3094 (Quaedam
1073 3033 1258 3080 autem
1321 3027 1657 3095 exemplaria
1703 3027 1955 3083 habent:

390 3115 611 3184 Viviﬁca
641 3134 742 3184 me,
770 3119 1180 3188 etcustodiam.)

451 3206 614 3262 Vens.
648 3209 732 3262 18.
765 3209 956 3264 Revela
989 3209 1168 3264 oculos
1201 3226 1365 3276 meos,
1397 3221 1446 3266 et
1479 3211 1825 3266 considerabo
1859 3211 1960 3264 mi-

380 3302 580 3356 rabilia
611 3302 674 3356 de
707 3303 819 3374 lege
842 3313 956 3359 tua.
983 3303 1156 3359 Aufer
1191 3305 1370 3359 velum
1402 3304 1528 3370 hoc,
1561 3315 1614 3360 et
1639 3311 1859 3374 tegmen
1889 3304 1959 3360 ab

379 3393 558 3448 oculis
582 3395 780 3449 animze
824 3410 958 3450 mea:
985 3413 1000 3449 :
1027 3393 1459 3450 crassitudinem
1484 3394 1743 3448 nimirum
1773 3404 1829 3449 et
1855 3394 1960 3449 ob-

380 3486 654 3542 staculum
681 3487 874 3558 legalis
900 3486 1136 3554 litterae;
1169 3493 1338 3556 atque
1367 3486 1474 3541 hoc
1504 3493 1667 3556 pacto
1716 3485 1960 3541 admira-

383 3576 544 3639 biles,
575 3584 630 3632 et
683 3577 1006 3633 reconditos
1036 3579 1092 3634 in
1135 3578 1253 3647 lege
1309 3593 1512 3634 sensus
1569 3579 1961 3642 considerabo,

385 3666 478 3733 qui
516 3665 586 3720 ad
629 3666 1092 3732 incarnationem,
1120 3675 1292 3738 atque
1335 3669 1400 3722 ad
1429 3667 1536 3722 alia
1573 3667 1843 3723 adventus
1879 3669 1960 3722 tui

389 3755 661 3824 pertinent
695 3757 978 3827 mysteria.

456 3846 628 3902 Vens.
660 3848 747 3904 19.
782 3847 1103 3918 Peregrinus
1141 3865 1236 3920 ego
1283 3866 1400 3906 sum
1452 3852 1510 3905 in
1559 3859 1723 3915 terra,
1767 3867 1829 3907 ne
1875 3851 1965 3903 ab-

388 3939 615 3995 scondas
643 3957 677 3995 α
711 3958 791 3996 me
817 3941 1079 3996 mandata
1114 3952 1228 3998 tua.
1265 3943 1552 4011 Praesenti,
1602 3944 1802 4014 inquit.
1855 3944 1963 3996 vita

388 4042 514 4087 utor
549 4043 608 4086 ut
639 4032 981 4098 transitoria,
1018 4035 1084 4088 ad
1122 4035 1286 4090 aliam
1311 4037 1573 4092 nimirum
1606 4036 1772 4090 vitam
1809 4034 1966 4090 festi-

391 4137 550 4187 nans,
579 4131 746 4192 atque
778 4122 902 4177 ideo
939 4123 1121 4178 indica
1178 4123 1334 4189 mihi,
1369 4139 1580 4195 quaeso,
1637 4122 1966 4194 profundius

391 4218 644 4270 mandata
682 4225 795 4282 tua,
830 4225 890 4270 ut
932 4217 1245 4274 studiosior
1278 4233 1473 4274 eorum
1508 4220 1658 4285 liam,
1691 4225 1745 4272 et
1778 4217 1964 4272 inten-

389 4311 509 4365 sins
541 4310 608 4364 ad
643 4319 695 4364 te
719 4325 970 4366 curram.

463 4400 628 4456 Vsus.
653 4402 742 4457 20.
769 4402 1078 4473 Concupiait
1105 4404 1288 4458 anima
1320 4418 1439 4456 mea
1470 4399 1778 4456 desiderare
1810 4400 1966 4469 judi-

2144 2025 2241 2078 ‘Er
2279 2022 2406 2089 τοῖς
2461 2018 2822 2088 δικαιώμασί
2853 2031 2971 2070 σου
3014 2007 3354 2082 μελετήσω,
3381 2007 3494 2062 οὐκ
3515 2006 3645 2059 em-

2061 2113 2329 2182 λήσομαι
2355 2110 2476 2164 τῶν
2499 2110 2701 2177 λόγων
2761 2121 2900 2160 σου.
2988 2098 3386 2172 Ἐμμελετήςω
3433 2094 3644 2159 αὖτοῖς,

2060 2207 2163 2261 οὐκ
2190 2204 2546 2274 ἐπιλήσομαι.
2606 2199 2672 2252 Ἦ
2705 2198 2816 2269 γὰρ
2861 2193 3236 2266 ἐμμελέτησις
3289 2187 3509 2257 συνέχει
3539 2183 3645 2256 τὴν

2065 2296 2314 2367 μνήμηνο
2619 2379 2642 2384 _
2712 2379 2731 2384 Α
2797 2380 2849 2384 __
3139 2374 3183 2384 __
3264 2373 3277 2384 ε
3345 2370 3371 2384 _
3438 2369 3452 2384 ,

2145 2384 2515 2448 Ἀνταπόὃος
2570 2379 2652 2446 τῷ
2701 2379 2904 2446 δούλῳ
2945 2391 3082 2430 σου.
3139 2373 3287 2427 ’Δντὶ
3312 2370 3411 2440 τῆς
3437 2369 3495 2420 ἐν
3525 2369 3646 2427 ταῖς

2065 2474 2307 2537 ἐντολαῖς
2375 2488 2470 2526 σου
2531 2468 2853 2539 ἀδολεσχίας
2883 2506 2899 2531 ,
2969 2464 3066 2519 καὶ
3126 2463 3226 2533 τῆς
3293 2463 3350 2514 ἐν
3407 2460 3520 2520 τοῖς
3569 2455 3645 2508 δι-

2066 2565 2348 2637 καιώμασί
2385 2580 2478 2618 σου
2512 2564 2769 2633 μελέτης,
2829 2558 3131 2620 ἀνταπόδος
3161 2554 3398 2626 ἀμοιϐὴν
3422 2552 3500 2624 τῷ
3523 2548 3645 2604 δού-

2065 2662 2142 2733 λῳ
2170 2678 2285 2715 σου.
2315 2665 2322 2714 ἰ

2136 2754 2430 2824 Ζήσομαι,
2456 2751 2555 2806 καὶ
2577 2748 2828 2820 φυλάξω
2856 2747 2996 2813 τοὺς
3018 2747 3242 2815 λόγους
3268 2759 3408 2798 σου.
3450 2742 3645 2796 Λαϐὼν

2066 2849 2322 2920 ἀμοιϐὴν,
2361 2846 2597 2918 ζήσομαι
2637 2842 2920 2915 κρείττονα
2956 2839 3100 2910 ζωὴν
3123 2879 3137 2902 ,
3194 2837 3646 2908 ἐπεκτεινόμενος

2065 2945 2165 3013 τῆς
2199 2938 2535 3011 ἔμπροσθεν.

2149 3210 2576 3280 Ἀποκὰλυψον
2603 3209 2748 3274 τοὺς
2764 3204 3115 3276 ὀφθαλμούς
3151 3219 3295 3272 μου,
3319 3199 3420 3255 καὶ
3465 3213 3648 3252 κατα·

2064 3306 2274 3375 νοήσω
2298 3304 2374 3359 τὰ
2389 3301 2697 3372 θαυμάσια
2715 3300 2783 3353 ἐκ
2811 3297 2918 3353 τοῦ
2942 3299 3135 3367 νόμου
3163 3312 3304 3349 σου.
3338 3292 3567 3363 Περίελε
3585 3291 3649 3344 τὸ

2065 3399 2335 3469 κάλυμμα
2398 3413 2508 3449 των
2562 3391 2862 3462 ὀφθαλμῶν
2889 3389 2988 3456 τῆς
3019 3387 3203 3457 ψυχῆς
3233 3402 3336 3456 μου
3356 3401 3372 3418 ο
3414 3383 3515 3452 τὴν
3551 3379 3650 3434 τοῦ

2066 3484 2296 3556 νομικοῦ
2356 3483 2688 3556 γράμματος
2723 3479 3015 3550 παχύτητα
3049 3477 3145 3530 καὶ
3198 3473 3600 3543 ἐπιπρόσθησιν
3631 3487 3650 3502 ·

2065 3578 2159 3632 καὶ
2180 3577 2502 3648 κατανοήσω
2517 3575 2589 3628 τὰ
2611 3573 3046 3643 ἐγκεκρυμμένα
3069 3569 3354 3640 θαυμάσια
3376 3565 3651 3636 νοήματα,

2064 3671 2134 3724 τὰ
2160 3670 2410 3742 περὶτῆς
2443 3669 2712 3737 ἐνσὰρκου
2745 3665 3066 3735 οἰκονομίας
3100 3679 3217 3715 σου.

2138 3855 2436 3920 Παροικος
2468 3847 2584 3916 ἐγώ
2625 3849 2743 3916 εἰμι
2798 3845 2870 3899 ἐν
2905 3843 2980 3911 τῇ
3025 3841 3124 3913 γῇ,
3149 3840 3235 3911 μὴ
3289 3838 3652 3906 ἀποκρύψῃς

2067 3943 2169 4000 ἀπ’
2200 3941 2351 4013 ἐμοῦ
2380 3941 2487 4006 τὰς
2525 3938 2782 4004 ἐντολάς
2810 3951 2953 3992 σου.
3013 3933 3336 4004 Παροδικῶς
3371 3933 3652 4001 κέχρημαι

2066 4037 2146 4107 τῷ
2174 4036 2401 4105 παρόντι
2460 4031 2561 4102 βίῳ
2616 4031 2754 4101 πρὸς
2785 4029 2980 4101 ἑτέραν
3045 4027 3193 4097 ζωὴν
3258 4024 3647 4094 ἐπειγόμενο;⁶

2065 4127 2148 4182 διὸ
2181 4123 2450 4195 γνώρισόν
2501 4140 2570 4192 με
2615 4121 2914 4192 βαθύτερον
2967 4119 3066 4181 τὰς
3112 4116 3334 4178 ἐντολάς
3393 4131 3509 4178 σου,
3565 4113 3655 4166 ῖνα

2070 4219 2492 4287 σπουδαιότερον
2515 4215 2858 4287 ἐργάζωμαι,
2891 4211 2985 4264 καὶ
3010 4209 3414 4280 συντονώτερον
3447 4207 3654 4278 τρέχω.

2151 4398 2572 4465 Ἐπεπόθησεν
2605 4395 2644 4463 ἡ
2687 4391 2860 4462 ψυχή
2888 4407 3010 4459 μου
3037 4387 3148 4442 τοῦ
3182 4383 3554 4454 ἐπιθυμῆσαι
3584 4383 3654 4436 τὸ

387 4495 472 4547 cia
505 4502 596 4548 tua
625 4494 682 4548 in
705 4496 847 4549 omni
879 4505 1129 4563 tempore.
1162 4493 1364 4549 Anima
1399 4509 1519 4549 mea
1552 4493 1712 4548 valde
1743 4506 1961 4558 semper

2073 4487 2328 4561 κρίματά
2348 4502 2466 4544 σου
2491 4487 2561 4542 ἐν
2577 4486 2756 4540 παντὶ
2783 4479 2990 4551 καιρῷ.
3009 4478 3354 4548 Ἐπεπόθησε
3382 4475 3594 4547 σφόδρα
3616 4476 3650 4546 ἡ

390 4586 716 4656 concupivit
767 4588 944 4642 teneri
991 4587 1272 4642 desiderio
1326 4569 1665 4656 iudiciorum
1722 4594 1966 4640 tuorum.

335 4697 342 4702 ’
393 4677 585 4742 Valde,
618 4678 819 4748 inquit,
891 4679 1028 4735 mihi
1090 4681 1300 4749 placuit
1349 4678 1692 4749 iudiciorum
1749 4686 1967 4733 tuorum

391 4771 751 4828 desiderium.
777 4773 957 4842 Atque
985 4771 1112 4828 ideo
1139 4772 1194 4828 in
1216 4774 1367 4828 omni
1394 4782 1639 4842 tempore
1657 4787 1722 4826 ea
1753 4787 1970 4843 semper

391 4863 726 4930 desideravi,
757 4864 862 4920 hoc
912 4873 1023 4929 est,
1089 4865 1350 4921 ardenter
1389 4865 1589 4920 amavi.
1636 4865 1734 4921 Vel
1762 4880 1970 4922 concu-

391 4959 529 5029 pivit
556 4959 740 5013 anima
773 4973 894 5013 mea
943 4957 1156 5030 judicia
1187 4968 1280 5015 tua
1310 4959 1367 5016 in
1403 4960 1554 5013 omni
1589 4967 1860 5029 tempore,
1894 4959 1968 5014 ita

396 5062 456 5106 ut
495 5068 684 5108 eorum
720 5061 936 5110 tenerer
965 5051 1265 5120 desiderio,
1313 5050 1396 5108 vel
1433 5051 1564 5122 quia
1587 5067 1652 5109 ea
1690 5050 1973 5107 desidera-

392 5155 457 5198 bu
468 5160 516 5197 m
527 5187 539 5199 .

467 5414 632 5470 Vens.
675 5416 764 5468 “2|.
818 5415 1114 5484 Increpastz
1151 5415 1431 5481 superbos.
1478 5413 1860 5467 Comminatus
1914 5427 1975 5466 es

395 5509 662 5579 supplicia
713 5510 767 5562 in
800 5509 918 5578 lege
955 5520 1044 5563 tua
1092 5509 1158 5562 iis
1205 5509 1298 5579 qui
1335 5507 1717 5562 mandatorum
1755 5515 1972 5559 tuorum

396 5612 800 5672 contemptores
856 5606 1082 5682 fuerint.
1122 5602 1238 5670 Vel,
1274 5601 1601 5658 Maledisisti
1632 5601 1737 5663 eis,
1781 5614 1975 5668 quem-

398 5693 690 5747 admodum
716 5695 770 5749 in
797 5697 1154 5766 sequentibus
1182 5696 1416 5752 dicetur.

473 5782 750 5837 filaledicti
773 5789 862 5855 qui
889 5790 1156 5843 declinant
1192 5788 1507 5843 amandatis
1542 5789 1670 5844 tuis.
1698 5786 1974 5853 Scriptum

2071 4583 2219 4654 ψυχή
2274 4598 2376 4653 μου
2417 4581 2480 4634 τὸ
2525 4577 2820 4647 ἐπιθυμεῖν
2873 4575 2963 4628 ἀεὶ
3019 4573 3131 4626 τῶν
3198 4569 3485 4641 χριμάτων
3533 4584 3654 4619 σου.

2083 4672 2485 4745 Ἀδιάφοροςιδέ
2513 4673 2547 4742 ἠ
2578 4667 2834 4733 σύνταξις
2860 4664 3100 4722 ἐνταῦθα
3129 4665 3228 4716 καὶ
3272 4661 3369 4714 τοῦ
3407 4657 3652 4714 Ἐπεπό-

2072 4773 2251 4837 θησε,
2277 4767 2374 4821 καὶ
2403 4765 2500 4818 τοῦ
2544 4759 2967 4830 Ἐπιθυμῆσαι.
3001 4758 3138 4812 Λίαν
3171 4756 3457 4826 ἠγάπησα,
3498 4751 3654 4822 φησὶ,

2071 4861 2171 4931 τὴν
2197 4857 2498 4927 ἐπιθυμίαν
2547 4855 2660 4910 τῶν
2718 4852 3006 4925 κριμάτων
3047 4866 3167 4904 σου·
3197 4849 3283 4903 διὸ
3311 4850 3406 4901 καὶ
3457 4845 3654 4899 tuseu.

2076 4971 2214 5022 μουν
2235 4950 2418 5006 αὐτῶν
2440 4951 2500 5004 ἐν
2533 4949 2702 5003 παντὶ
2731 4945 2933 5018 καιρῷ,
2985 4943 3270 4999 τουτέστιν
3327 4939 3654 5010 ἐπιθυμητι-

2074 5047 2186 5110 κῶς
2209 5045 2390 5100 αὐτῶν
2415 5038 2582 5113 εἶχον,
2616 5039 2837 5110 θερμῶς
2861 5036 3105 5108 ἐφίλουν.
3131 5035 3202 5088 Ἢ
3246 5030 3598 5099 ἐπεπόθησεν
3619 5029 3655 5099 ἡ

2072 5140 2219 5210 ψυχή
2255 5155 2356 5209 μου
2403 5137 2473 5191 τὰ
2515 5134 2762 5206 κρίματά
2804 5148 2898 5185 σου
2953 5132 3011 5183 ἐν
3067 5126 3234 5182 παντὶ
3283 5122 3484 5196 καιρῷ,
3515 5121 3654 5174 ὥστε

2075 5229 2486 5302 ἐπιθυμητικῶς
2551 5230 2700 5300 ἔχειν
2750 5224 2964 5279 αὐτῶν·
3025 5219 3176 5292 sata
3204 5219 3262 5272 τὸ
3308 5215 3654 5286 ἐπιθυμῆσαι

2075 5325 2276 5381 αὐτῶν.

2160 5420 2569 5488 Ἐπετίμησας
2585 5413 3025 5483 ὑπερηφάνοις.
3044 5408 3385 5479 Ἀπειλήσας
3410 5403 3654 5465 κόλασιν,

2076 5515 2133 5566 ἐν
2157 5512 2234 5582 τῷ
2276 5507 2464 5580 βιϐλίῳ
2523 5505 2618 5560 τοῦ
2683 5505 2872 5574 νόμου,
2911 5506 3024 5565 τοῖς
3073 5499 3414 5570 ὑπερόπταις
3446 5492 3544 5548 τοῦ
3567 5493 3654 5546 νόο

2081 5623 2202 5676 μον
2233 5605 2266 5674 ἢ
2307 5601 2702 5671 ἐπικατηράσω
2733 5598 2941 5660 αὐτοῖς,
2979 5595 3055 5657 ὡς
3113 5591 3316 5662 ἐφεξῆς
3333 5586 3509 5660 δῆλον.

2161 5779 2615 5848 Ἐπικατάρίιτοι
2656 5780 2708 5832 cl
2764 5775 3150 5840 ἐκκλίνοντες
3188 5769 3306 5826 ἀπὸ
3348 5764 3654 5822 τῶνὲντο·
