4052 6426
347 331 478 390 1141

1530 316 1919 385 COMMENT.
1964 324 2043 383 IN
2076 324 2435 386 PSALMOS.

3494 330 3637 401 ili?

344 437 466 492 λῶν
502 452 640 492 σου.
703 436 1020 507 Γέγραπται
1076 436 1221 509 γάρ·
1281 435 1763 505 Ἐπικατάρατος
1799 431 1941 500 πᾶς,

2062 444 2134 489 Est
2159 437 2306 491 enim
2335 437 2687 495 :Maledictus
2711 442 2908 508 omnis,
2942 443 3031 514 qui
3062 462 3165 499 non
3193 449 3545 515 permanserit
3580 450 3635 502 in

343 532 407 598 ὅς
435 533 544 583 οὐκ
569 529 811 598 ἐμμένει
849 530 918 583 ἐν
955 527 1108 587 πᾶσι
1139 528 1266 596 τοῖς
1296 529 1727 601 γεπραμμένοις
1752 529 1823 583 ἐν
1861 525 1943 594 τῷ

345 624 557 689 βιϐλίῳ
580 622 687 676 τοῦ
721 623 935 689 νόμου,
969 622 1077 676 τοῦ
1110 622 1367 692 ποιῆσαι
1396 624 1572 678 αὐτά.

272 754 319 789 ης,
412 714 661 781 Rep/8.13
714 715 817 768 ἀπ’
871 713 1020 783 ἐμοῦ
1068 714 1322 782 ὄνειδος,
1372 714 1472 771 καὶ
1512 715 1941 783 ἐξουδένωσιν,

344 806 438 859 ὅτι
483 804 554 859 τὰ
597 806 900 875 μαρτύριὰ
963 821 1082 861 σου
1136 806 1492 878 ἑξεζιξτησα.
1549 809 1797 872 Ὅνειδος
1849 809 1945 863 καὶ

346 895 724 963 ἑξουδένωσιν,
758 896 907 967 ἅπερ
944 898 977 967 ἡ
1010 897 1366 970 προλαϐοῦσα
1393 898 1638 972 ῥᾳθυμία
1662 917 1752 971 μοι
1776 916 1944 971 προσ-

348 987 651 1059 ετρέψατο,
699 987 1075 1051 ὀνειδιζόντων
1103 988 1199 1041 καὶ
1240 986 1675 1054 εξουδενούντων
1713 1004 1779 1059 με
1832 986 1945 1041 τῶν

348 1082 556 1155 νοητῶν
599 1081 840 1155 ἐχθρῶν.
877 1083 976 1148 Ἤ,
1021 1082 1290 1150 Περίελε,
1323 1081 1445 1137 ἀντὶ
1469 1081 1588 1146 τοῦ,
1614 1081 1942 1146 Ἀπέλασον,

351 1175 429 1246 μὴ
499 1176 892 1249 συγχωρήσῃς,
954 1175 1094 1239 ὅλως
1152 1175 1558 1248 προστριϐἦναξ
1622 1193 1688 1248 με
1744 1176 1942 1242 ταῦτα,

350 1269 801 1341 περιγενομένων
831 1269 942 1322 τῶν
974 1269 1470 1326 ἐπιϐουλευόντων.

424 1361 536 1415 Καὶ
600 1362 712 1432 γὰρ
763 1361 1061 1417 ἐκάθισαν
1114 1363 1445 1435 ἄρχοντες,
1490 1365 1589 1420 καὶ
1629 1366 1758 1420 κατ’
1798 1365 1946 1435 ἐμοῦ

352 1451 757 1518 κατελάλουν,
800 1456 833 1508 ὁ
861 1453 930 1507 δὲ
951 1454 1173 1523 δοῦλός
1199 1469 1316 1511 σου
1344 1455 1671 1527 ὴδολέσχει
1694 1458 1767 1512 ἐν
1820 1458 1946 1524 τοῖς

351 1544 710 1615 δικαιώμασί
736 1563 875 1600 σου.
924 1547 1156 1603 Ἐκεῖνοι
1191 1549 1291 1621 μὲν
1322 1549 1664 1604 ὲνδιέϐαλλόν
1714 1569 1805 1622 με,
1838 1554 1943 1622 τὴν

354 1638 417 1691 ἐν
444 1638 523 1710 τῷ
556 1641 710 1712 νόμῳ
760 1658 857 1695 σου
919 1642 1154 1715 μελέτην
1189 1661 1292 1715 μου
1328 1644 1713 1715 χλευάζοντες·
1746 1644 1860 1714 ἐγὼ
1890 1646 1949 1700 δὲ

312 1731 636 1817 ,ἐπέτεινον
681 1734 914 1804 ταύτην,
963 1736 1123 1800 εἰδὼς
1187 1736 1442 1791 ἐντεῦθεν
1470 1737 1609 1809 (50).
1650 1734 1774 1791 Εἶεν
1800 1738 1844 1791 δ’
1878 1737 1948 1792 ἂν

357 1823 645 1895 ἄρχοντες,
675 1827 772 1880 καὶ
794 1829 987 1898 ἁρχαὶ,
1017 1830 1113 1883 καὶ
1131 1828 1400 1894 ἐξουσίαι,
1421 1831 1518 1885 καὶ
1551 1831 1601 1885 οἱ
1632 1834 1944 1904 κοτμοκρά·

358 1936 519 1991 τορες
541 1919 641 1973 τοῦ
680 1922 907 1986 σκότους
929 1923 1023 1977 τοῦ
1056 1922 1254 1986 αἰῶνος
1283 1923 1494 1978 τούτου.

434 2191 542 2245 Kal
572 2193 683 2262 γὰρ
715 2192 787 2247 τὰ
828 2194 1129 2265 μάρτυριά
1182 2213 1300 2253 σου
1348 2199 1577 2269 μελέτη
1619 2216 1738 2269 μου
1794 2200 1950 2268 ἐστὶ,

364 2282 463 2334 καὶ
524 2286 585 2337 αὶ
641 2286 1012 2354 συμϐουλίαι
1067 2305 1190 2355 μου
1247 2289 1320 2344 τὰ
1380 2289 1750 2361 δικαιώματά
1808 2306 1949 2349 σου.

380 2373 638 2438 Ἐκείνοις
669 2376 769 2446 μὲν
795 2377 933 2431 ἄλλα
964 2379 1189 2451 μελέτη,
1207 2380 1333 2453 ἐμοὶ
1360 2381 1417 2435 δὲ
1450 2382 1672 2455 μελέτη,
1691 2385 1786 2440 καὶ
1816 2385 1953 2457 adp.-

367 2462 557 2528 ϐουλος
587 2467 615 2519 ὁ
641 2467 806 2539 νόμος
837 2487 958 2525 σου.

449 2639 788 2711 Ἐκυλλήθη
825 2644 905 2710 τῷ
925 2644 1134 2718 wages:
1186 2649 1225 2717 ἠ
1257 2653 1430 2720 enim
1459 2670 1603 2720 μου,
1650 2651 1840 2722 ζῆσόν
1883 2671 1960 2723 με

369 2733 522 2788 κατὰ
570 2734 679 2789 τὸν
724 2739 915 2807 λόγον
949 2754 1090 2800 σου.
1130 2743 1330 2812 Σχεδὸν
1366 2745 1670 2817 ἐκολλήθην
1710 2745 1791 2818 τῷ
1837 2746 1961 2802 ἐδά-

370 2846 483 2896 φει,
533 2828 836 2896 τουτέστιν,
894 2832 1272 2907 ὲταπεινὼθην
1324 2838 1564 2909 σφόδρα·
1599 2837 1679 2893 διὸ
1724 2836 1829 2909 ζῇν
1892 2856 1961 2908 με

371 2923 597 2994 ποίησον
628 2925 775 2981 κατὰ
797 2926 890 2980 τὸν
917 2927 1085 2999 νόμον
1108 2945 1206 2981 σου
1250 2943 1264 2956 ·
1292 2928 1325 3001 ἢ
1352 2929 1657 3003 ἐκολλήοην
1686 2932 1802 2993 τοῖς
1833 2933 1961 3004 γηῒο

380 3032 521 3084 νοις,
546 3017 912 3092 προσηλὼθην
940 3020 1148 3086 αὐτοῖς.

450 3197 561 3266 Τὰς
613 3198 794 3269 ὁδούς
818 3219 939 3273 μου
991 3201 1339 3276 ἑξήγγειλα.
1383 3192 1501 3269 Tac
1540 3205 1822 3277 αμαρτίας
1853 3223 1955 3277 μου

372 3289 669 3362 ἐξήγγειλά
701 3310 806 3349 σοι.

448 3384 556 3439 Kal
614 3384 973 3456 ἐπήκουσάς
1012 3407 1154 3460 μου.
1196 3391 1544 3462 Ζητήσαντος
1601 3388 1802 3459 ἄφεσιν
1848 3392 1958 3446 τῶν

374 3480 819 3550 ἁμαρτημάτων.
853 3480 1007 3551 Λέγε
1054 3483 1188 3551 γὰρ,
1223 3483 1382 3553 φησὶ,
1407 3484 1515 3551 τὰς
1540 3483 1799 3556 ἀνομίας
1841 3501 1957 3541 σου

373 3572 458 3627 σὺ
490 3572 750 3640 πρῶτος,
772 3574 875 3629 ἵνα
905 3574 1249 3644 δικαιωθῇς.

445 3661 699 3727 Δίδαξόν
725 3680 804 3735 με
827 3665 901 3720 τὰ
934 3663 1303 3737 δικαιώματὰ
1329 3680 1471 3723 σου.
1512 3668 1959 3742 ’Δκριὸἐστερον,

378 3754 705 3827 βαθύτερον.

460 3848 630 3904 Ὀδὸν
677 3850 1092 3923 δικαιωμάτων
1146 3870 1263 3909 σου
1321 3855 1654 3910 συνέτισόν
1705 3874 1806 3926 με,
1864 3856 1965 3912 καὶ

376 3940 784 4013 ἀδολεσχήσω
826 3946 896 3999 ἐν
944 3944 1072 4012 τοῖς
1117 3948 1481 4015 θαυμασίοις
1513 3966 1652 4005 σου.
1702 3950 1816 4020 Τὴν
1843 3951 1964 4004 ὁδὸν

374 4034 473 4088 τοῦ
490 4035 658 4106 νόμου
696 4055 792 4092 σου
821 4038 1067 4092 συνιέναι
1106 4056 1175 4108 με
1206 4040 1438 4110 ποίησον
1466 4040 1694 4096 Θέλοντα
1726 4041 1965 4112 βαδίζειν

377 4129 438 4181 ὲν
477 4131 635 4204 αὐτῇ,
683 4133 781 4186 καὶ
830 4132 1020 4186 λοιπὸν
1063 4133 1428 4204 ὲμμελετήσω
1487 4138 1580 4189 καὶ
1626 4136 1964 4208 ὲνδιατρῑῴω

375 4221 493 4282 τοῖς
524 4219 1064 4295 θαυματουργηθεῖσι
1111 4224 1265 4297 παρὰ
1328 4225 1449 4294 σοῦ,
1497 4225 1737 4305 μελέτην
1786 4228 1964 4283 ταῦτα

379 4310 727 4384 ποιούμενος.

2046 531 2311 599 omnibus,
2363 550 2480 605 quat
2511 536 2707 605 scripta
2740 545 2865 592 sunt
2898 538 2954 592 in
2992 537 3129 595 libro
3172 538 3322 610 legis,
3361 548 3417 593 ut
3463 540 3633 611 faciat

2044 638 2107 675 ea
2141 623 2231 675 ”‘.

2116 711 2285 769 Vsus.
2321 713 2413 769 22.
2446 714 2610 784 Aufer
2641 734 2673 771 a
2700 734 2777 772 me
2805 719 3139 787 opprobrium
3161 729 3210 776 et
3234 730 3588 792 contemptum
3614 735 3634 774 :

2045 805 2174 876 quia
2208 807 2513 862 testimonia
2566 817 2658 863 tua
2719 812 2997 880 exquisivi.
3068 813 3203 868 Illud
3260 812 3386 867 dico
3427 827 3630 883 oppro—

2046 897 2253 962 brium,
2280 898 2423 968 quod
2451 901 2603 970 prior
2641 901 2968 973 negligentia
3011 919 3130 958 mea
3171 904 3308 959 mihi
3350 905 3631 975 praestitit,

2047 990 2237 1046 multis
2272 991 2531 1048 nimirum
2563 992 2634 1048 ob
2662 1008 2783 1048 eam
2811 996 3274 1064 exprobrantibus
3294 1006 3350 1052 et
3380 1005 3633 1052 contem-

2048 1084 2307 1139 nentibus
2330 1100 2437 1140 me.
2467 1085 2588 1149 Vel,
2622 1085 2810 1155 Aufer,
2854 1103 2953 1160 pro
2990 1086 3235 1158 Repello,
3270 1098 3323 1145 et
3355 1090 3468 1144 noli
3505 1104 3629 1144 om-

2048 1175 2181 1230 nino
2206 1177 2528 1246 permittere
2560 1178 2702 1233 vinci
2751 1194 2839 1233 me
2884 1189 2978 1235 aut
3026 1179 3192 1252 amigi
3232 1183 3300 1238 ab
3352 1183 3632 1251 bostibus,

2048 1281 2225 1336 neque
2252 1268 2320 1322 ab
2345 1266 2765 1324 insidiatoribus
2799 1270 2957 1325 meis.

2118 1357 2289 1416 Vens.
2320 1359 2415 1415 23.
2455 1359 2663 1415 Etenim
2699 1361 2947 1417 sederunt
3003 1365 3291 1436 principes,
3333 1374 3383 1420 et
3440 1365 3630 1421 adscr.

2048 1467 2165 1507 sum
2189 1468 2270 1506 me
2298 1451 2739 1523 obloquebantur,
2760 1472 2940 1510 servus
2971 1466 3151 1510 autem
3178 1465 3300 1511 tuus
3344 1458 3638 1514 meditaba-

2050 1551 2139 1597 tur
2175 1544 2229 1597 in
2261 1543 2734 1614 iustiﬁcationibus
2768 1548 2893 1600 tuis.
2940 1546 3022 1602 llli
3068 1547 3291 1618 quidem
3332 1550 3638 1606 calumnia-

2052 1636 2252 1691 bantur
2275 1652 2382 1701 me,
2419 1638 2711 1693 irridentes
2748 1639 2890 1708 quod
2918 1639 3090 1711 legem
3123 1648 3275 1695 tuam
3307 1642 3631 1709 meditarer,

2051 1743 2153 1799 ego
2186 1744 2316 1785 vero
2349 1730 2401 1784 in
2424 1729 2574 1786 illius
2616 1731 2971 1787 meditatione
3001 1747 3219 1803 semper
3241 1732 3415 1803 magis
3451 1732 3638 1789 inten-

2052 1820 2274 1887 debam,
2312 1822 2605 1876 utilitatem
2657 1824 2916 1878 nimirum
2950 1839 3318 1895 coquoscens,
3351 1840 3474 1896 qua:
3501 1825 3636 1879 mibi

2055 1913 2203 1968 illinc
2244 1914 2622 1983 proveniebat.
2656 1915 2763 1971 Per
2785 1916 3062 1987 principes
3088 1930 3295 1980 autem,
3334 1917 3640 1988 intelligere

2053 2019 2350 2074 possumus
2383 2004 2720 2075 principatus
2742 2015 2795 2061 et
2822 2015 3123 2077 potestates
3159 2008 3507 2064 tenebrarum
3535 2008 3635 2062 bu-

2049 2097 2142 2168 jus
2182 2095 2390 2151 saeculi.

2135 2188 2295 2245 Vens.
2328 2189 2417 2242 24.
2455 2187 2597 2242 Nam
2642 2197 2691 2244 et
2739 2188 3042 2243 testimonia
3072 2198 3166 2243 tua
3198 2189 3473 2244 meditatio
3522 2206 3639 2246 mea

2054 2288 2152 2345 est,
2185 2288 2234 2334 et
2268 2279 2495 2333 consilia
2529 2296 2645 2334 mea
2667 2279 3082 2349 justiﬁcationes
3111 2289 3235 2337 tute.
3274 2281 3385 2337 Illis
3418 2283 3638 2353 quidem

2058 2371 2163 2426 alia
2193 2372 2378 2426 omnia
2404 2372 2556 2425 cordi
2588 2380 2739 2437 sunt,
2762 2373 2865 2428 alia
2894 2373 3078 2428 omnia
3104 2388 3334 2443 prorsus
3365 2372 3641 2429 meditanc

2059 2474 2195 2519 tur:
2229 2464 2361 2518 mibi
2401 2476 2586 2519 autem
2625 2465 2712 2521 lex
2748 2474 2839 2521 tua
2888 2467 3174 2523 meditatio
3228 2474 3338 2534 est,
3387 2478 3443 2524 et
3489 2476 3644 2525 certa

2061 2570 2281 2620 norma,
2312 2556 2472 2624 cuius
2510 2556 2741 2612 consilio
2770 2557 3000 2628 dirigar.

2131 2647 2296 2702 Vens.
2335 2645 2425 2702 25.
2454 2646 2690 2704 Adlttesit
2719 2651 3018 2717 pavimento
3051 2651 3233 2705 anima
3266 2667 3405 2717 mea,
3438 2652 3645 2723 vivi/ica

2065 2755 2145 2793 me
2182 2739 2470 2793 secundum
2527 2741 2740 2795 verbum
2791 2752 2963 2798 tuum.
3020 2740 3180 2811 Fere,
3243 2744 3446 2815 inquit,
3495 2745 3649 2815 pavi-

2066 2838 2253 2885 mento
2285 2846 2348 2884 ae
2379 2832 2499 2885 solo
2531 2833 2635 2902 ipsi
2667 2831 2897 2900 adhaesi,
2926 2835 3031 2891 hoc
3057 2843 3163 2901 est,
3192 2835 3353 2893 valde
3385 2838 3649 2915 humilia-

2066 2930 2158 2978 tus
2203 2938 2349 2978 sum.
2388 2925 2568 2995 Atque
2600 2925 2723 2980 ideo
2776 2925 2863 2982 fac
2922 2942 3032 2996 me,
3079 2942 3289 2999 quaeso,
3343 2928 3650 2984 secundum

2067 3013 2240 3085 legem
2281 3023 2434 3069 tuam
2476 3016 2679 3072 vivere.
2717 3017 2813 3073 Vel
2845 3019 3078 3077 adhaesit
3105 3021 3289 3081 anima
3321 3036 3443 3076 mea
3477 3029 3652 3079 terre-

1990 3132 2037 3191 α
2069 3105 2155 3161 nis
2190 3107 2379 3170 rebus.
2408 3106 2614 3179 quibus
2642 3107 2836 3165 alllxus
2864 3126 3012 3168 sum.

2136 3199 2304 3255 Vens.
2338 3198 2430 3255 26.
2474 3198 2600 3256 Vias
2625 3217 2770 3257 meas
2800 3203 3137 3261 annuntiavi.
3158 3204 3389 3261 Peccata
3409 3219 3529 3261 mea
3555 3204 3654 3261 tibi

2066 3299 2197 3345 neta
2234 3290 2358 3347 feci.
2785 3318 2792 3323 -

2158 3386 2228 3440 Et
2252 3384 2521 3439 exaudiin
2543 3402 2643 3440 me.
2677 3384 3024 3452 Quaerentem
3055 3387 3438 3445 remissionem
3464 3404 3659 3460 pecca-

2068 3485 2268 3533 torum.
2299 3477 2398 3532 Dic
2424 3473 2593 3545 enim,
2621 3477 2818 3549 inquit,
2846 3488 2903 3533 tu
2921 3480 3126 3551 primus
3162 3481 3477 3550 iniquitates
3507 3492 3656 3550 tuas,

2070 3568 2461 3639 utjusti/iceris
2495 3568 2563 3624 ³⁰.

2162 3659 2298 3713 Doce
2327 3676 2408 3714 me
2424 3660 2840 3730 justiﬁcationes
2870 3670 3010 3716 tuas.
3048 3659 3378 3733 Diligentius
3408 3658 3648 3726 scilicet,

2073 3758 2127 3806 et
2156 3752 2508 3822 profundius.

2148 3847 2313 3903 Vsus.
2346 3849 2436 3902 27.
2472 3848 2623 3903 Viam
2670 3849 3134 3920 justiﬁcationum
3189 3858 3408 3903 tuarum
3459 3849 3661 3901 instrue

2074 3957 2176 4003 me,
2206 3948 2255 3994 et
2286 3941 2580 3996 meditabor
2631 3941 2685 3995 in
2734 3941 3073 3996 mirabilibus
3113 3941 3238 3995 tuis.
3282 3940 3412 4004 Fac,
3456 3940 3658 4009 inquit,

2075 4039 2136 4084 ut
2190 4031 2325 4100 legis
2380 4040 2487 4085 tuae
2539 4030 2683 4085 viam
2740 4046 3090 4100 cognoscam.
3135 4030 3307 4098 Cupio
3361 4030 3503 4084 enim
3568 4045 3663 4097 per

2074 4140 2191 4180 eam
2230 4123 2512 4188 incedere,
2575 4134 2629 4179 et
2686 4122 2755 4179 de
2805 4132 3006 4178 caetero
3058 4122 3388 4184 meditabor,
3437 4130 3490 4175 et
3539 4137 3661 4175 ver—

2074 4217 2240 4275 sabor
2278 4217 2334 4271 in
2370 4214 2788 4270 admirabilibus
2832 4214 3121 4285 operibus.
3176 4230 3299 4283 qua:
3333 4230 3364 4268 a
3403 4225 3455 4267 te
3513 4211 3655 4267 [ιιιοιτι

2078 4318 2253 4378 sunt,
2315 4308 2529 4365 faciens
2569 4324 2635 4365 ea
2674 4323 2801 4365 esse
2835 4324 3223 4380 argumentum
3280 4306 3658 4363 meditationis

2081 4418 2236 4459 ιιιρεε.

462 4495 901 4568 Ἐνύσταξενὴ
956 4497 1129 4568 ψυχή
1173 4517 1295 4570 μου
1347 4500 1468 4556 ἀπὸ
1514 4502 1796 4571 ἁκηόίας,
1856 4507 1956 4570 ,ϐε-

2153 4493 2322 4550 Veus.
2361 4494 2453 4550 ‘28.
2478 4493 2797 4550 Dormitarit
2818 4495 3003 4549 anima
3036 4510 3151 4548 utea
3180 4508 3292 4562 prae
3317 4489 3502 4558 Medio,
3538 4509 3663 4546 cou-

379 4589 643 4644 6αίωσόν
659 4608 743 4660 με
764 4589 836 4645 ἐν
871 4591 998 4660 τοῖς
1035 4593 1244 4660 λόγοις
1281 4608 1421 4649 σου.
1478 4595 1830 4667 Ἐχαυνώθην
1862 4598 1971 4653 ἀπὸ

380 4682 636 4754 ἀκηδίας,
665 4684 734 4756 ἢν
798 4686 1055 4756 ἐμποιεῖν
1089 4685 1284 4741 εἴωθεν
1307 4688 1341 4757 ἡ
1370 4687 1618 4758 μέριμνα
1647 4689 1755 4742 τῶν
1783 4689 1971 4756 βιωτι-

379 4773 497 4828 κῶν
542 4775 910 4846 πραγμάτων,
965 4774 998 4847 ἢ
1051 4776 1147 4830 uel.
1196 4777 1226 4830 ὁ
1263 4776 1500 4848 συνεχὴς
1567 4777 1809 4849 πόλεμος
1863 4779 1972 4834 τῶν

379 4865 676 4937 δαιμόνων.
694 4865 957 4940 Στήριξόν
983 4884 1051 4941 με
1085 4869 1145 4921 ὲν
1175 4872 1288 4933 τοῖς
1318 4868 1499 4940 λόγοις
1529 4888 1644 4935 σου,
1670 4872 1970 4935 τουτέστιν,

383 4959 465 5022 εἰς
491 4959 593 5029 τὴν
624 4959 859 5030 μελέτην
900 4958 1012 5013 τῶν
1075 4961 1310 5014 ἐντολῶν
1351 4979 1446 5015 σου
1469 5002 1484 5029 ,
1510 4962 1601 5017 ἵνα
1630 4963 1705 5034 μὴ
1747 4965 1974 5019 ἀποστῶ

381 5050 609 5122 ταύτης,
646 5050 715 5104 δι’
744 5046 813 5122 ἧς
854 5051 1164 5124 ἁπορῤίψαι
1213 5053 1521 5125 δυνήσομαι
1551 5055 1643 5110 τὸν
1660 5057 1975 5128 νυσταγμδν

383 5147 487 5214 τῆς
518 5144 774 5215 ἀκηδίας.

467 5319 644 5375 Ὄδὸν
697 5320 935 5389 ἀδικίας
993 5322 1355 5390 ἀπόστησον
1413 5324 1516 5379 ἀπ’
1555 5323 1725 5395 ἐμοῦ,
1753 5326 1849 5380 καὶ
1889 5325 1969 5392 τῷ

387 5412 548 5479 νόμῳ
586 5428 703 5469 σου
740 5413 1006 5483 ἐλέησόν
1041 5431 1139 5485 με.
1188 5413 1338 5479 Ὁδὸς
1377 5415 1593 5480 ἀδικίας
1640 5419 1672 5487 ή
1707 5417 1909 5488 πρᾶξις
1941 5420 1976 5489 ἡ

462 5593 531 5626 ’ν
559 5591 721 5650 Deut.
765 5608 934 5661 uvu,
968 5594 1061 5650 27.
1138 5595 1184 5628 ”
1208 5595 1314 5651 lsa.
1345 5595 1591 5661 x1.utr,26
1616 5610 1733 5651 sec.
1765 5594 1911 5650 LXX

2072 4588 2231 4657 ﬁrma
2262 4603 2343 4642 me
2375 4588 2429 4641 in
2461 4586 2630 4642 verbis
2665 4588 2793 4642 tuis.
2837 4586 3065 4652 Lassus,
3116 4584 3320 4655 inquit,
3356 4600 3421 4640 ac
3458 4585 3663 4639 remis-

2074 4697 2174 4737 sus
2200 4678 2428 4737 elIectus
2465 4697 2611 4748 sum,
2641 4697 2755 4752 pra:
2786 4681 3034 4746 tristitia,
3093 4696 3260 4751 quam
3292 4686 3389 4733 aut
3429 4680 3666 4734 saecula-

2076 4774 2219 4827 rium
2282 4788 2470 4828 rerum
2532 4773 2853 4830 sollicitudo
2912 4771 3111 4828 afferre
3158 4768 3293 4826 mihi
3352 4769 3519 4833 solet,
3574 4780 3671 4821 aut

2074 4873 2424 4935 perpetuum,
2448 4862 2597 4935 quod
2626 4863 2761 4920 mihi
2785 4874 2871 4920 est
2892 4880 3020 4920 cum
3056 4860 3328 4926 daemone,
3358 4869 3668 4915 certamen.

2076 4953 2322 5011 Firmum
2379 4972 2465 5012 me
2498 4957 2686 5028 igitur,
2724 4972 2788 5012 ac
2819 4956 3073 5012 stabilem
3129 4953 3322 5020 redde,
3358 4951 3418 5007 in
3481 4951 3671 5006 verbis

2077 5047 2211 5112 tuis,
2240 5047 2342 5103 hoc
2369 5058 2474 5113 est,
2506 5048 2561 5101 in
2603 5045 2967 5102 meditatione
2998 5044 3381 5099 mandatorum
3413 5051 3665 5097 tuorum.

2078 5154 2148 5194 ne
2178 5141 2244 5194 ab
2273 5155 2336 5194 ea
2372 5138 2725 5196 meditatione
2756 5140 3059 5202 discedam,
3097 5152 3221 5207 quae
3249 5134 3492 5206 abjicere
3521 5148 3552 5187 a
3583 5147 3655 5187 ni.

2082 5242 2263 5301 potest
2291 5248 2507 5286 etuuem
2549 5231 2996 5288 dormitationem
3043 5226 3303 5284 tristitia).

2156 5324 2319 5378 \‘Ens.
2353 5323 2446 5380 29.
2480 5324 2631 5380 Viam
2652 5322 2935 5393 iniustitia:
2967 5336 3147 5375 amove
3168 5337 3199 5372 a
3228 5335 3331 5384 me,
3359 5327 3409 5373 et
3434 5317 3553 5388 lege
3573 5325 3667 5370 tua

2089 5419 2331 5474 miserere
2353 5420 2474 5476 mei.
2500 5417 2596 5476 Via
2626 5416 2915 5490 iniustitiae
2938 5425 3021 5474 est
3043 5414 3224 5472 omnis
3254 5411 3400 5469 actio
3430 5409 3671 5482 iujuSta,

1776 5689 1982 5752 Varite
2020 5697 2354 5755 lectiones.

466 5791 580 5864 (30)
618 5793 853 5867 Apparet
876 5793 1071 5852 deesse
1107 5791 1317 5864 aliquid
1350 5810 1362 5849 :
1406 5800 1538 5864 puta
1568 5788 1862 5862 ὠφέλειαν.
