4052 6448
447 363 585 422 1ἷ43

1678 366 2061 429 EUTIIYMII
2107 367 2473 429 ZIGABENI

3580 366 3728 430 1144

443 491 562 546 quae
616 486 900 533 auctorem
931 495 1091 534 suum
1126 481 1192 535 ad
1245 480 1573 551 iniustitiam
1631 481 1875 538 deducit.
1914 480 2016 537 Per

2139 482 2329 546 ἱδικος,
2362 483 2461 536 καὶ
2504 481 2641 553 πρὸς
2693 481 2908 536 ἀδικίαν
2941 482 3201 552 φέρουσα,
3236 480 3304 553 ἢν
3328 478 3628 534 ὁδεύουσιν
3674 482 3728 534 (εί

442 584 563 623 ram
598 571 746 626 enim
780 572 921 626 viam
949 588 1143 628 omnes
1172 574 1481 638 ambulant,
1520 575 1615 645 qui
1646 573 1835 641 injuin
1869 582 2020 629 sunt.

446 661 624 725 llanc,
657 663 858 734 inquit,
890 667 1030 719 viam
1075 681 1267 722 amore
1297 683 1325 721 a
1364 683 1474 731 me,
1500 677 1551 722 et
1586 667 1852 723 miserere
1894 666 2021 733 mei,

445 755 560 824 lege
592 755 983 812 misericordiae
1015 767 1138 823 tum,
1176 775 1293 827 qua!
1331 774 1523 813 eorum
1569 758 1818 812 omnium
1876 773 2021 813 sem-

444 861 539 915 per
577 847 823 902 misereri
863 849 1025 912 solet,
1056 852 1149 920 qui
1189 867 1253 904 cx
1286 850 1450 905 eorde
1478 851 1543 903 ad
1578 859 1631 904 te
1671 866 1864 921 preces
1894 850 2024 906 fun-

443 940 602 995 dunL

518 1033 683 1089 Vens.
728 1033 817 1090 '50.
860 1035 1009 1089 Viam
1040 1038 1277 1090 veritatis
1325 1036 1473 1106 elegi,
1516 1035 1729 1107 judicia
1780 1043 1871 1089 tua
1919 1053 2021 1089 non

442 1144 559 1181 sum
585 1127 805 1182 oblitus.
847 1128 987 1183 Vera
1017 1132 1298 1199 dogmata,
1340 1133 1440 1186 vite
1466 1141 1631 1202 alque
1658 1132 1855 1191 itinera
1893 1140 2024 1186 sunt

442 1218 737 1285 veritatis;
786 1236 885 1290 per
916 1236 978 1276 ea
1018 1221 1223 1277 etenim
1277 1224 1341 1276 a:|
1383 1221 1552 1277 Deum
1584 1222 1707 1290 quis
1744 1231 1893 1279 recta
1945 1223 2025 1277 in-

443 1309 610 1365 cedit.
647 1309 770 1374 Vel,
811 1312 941 1382 quia
971 1312 1220 1368 Christus
1240 1322 1323 1370 est
1353 1317 1557 1370 veritas
1586 1313 1721 1389 (Ego
1741 1316 1911 1381 enim,
1937 1316 2019 1370 in-

445 1403 587 1473 quit,
627 1420 745 1458 sum
783 1407 973 1459 veritas
1003 1417 1051 1459 et
1077 1406 1287 1475 via"),
1321 1408 1505 1463 dicere
1550 1423 1841 1477 possumus
1874 1406 2021 1478 quod

446 1497 534 1551 via
576 1498 844 1562 veritatis,
875 1507 959 1553 est
990 1499 1073 1553 via
1118 1499 1322 1556 Christi
1374 1516 1389 1555 :
1427 1500 1739 1573 evangelica
1766 1502 2022 1557 nimirum

445 1590 817 1656 conversatio,
856 1605 1020 1660 quam
1060 1591 1314 1648 ﬁdelibus
1382 1594 1604 1649 statuit.
1668 1591 1822 1648 llanc
1876 1593 2021 1647 viam

445 1682 736 1754 Propheta,
769 1685 919 1738 velut
955 1685 1060 1740 sibi
1097 1688 1486 1759 praecognitam
1513 1686 1648 1742 dicit
1678 1702 1739 1743 se
1767 1701 2019 1743 amasse:

445 1772 702 1828 similiter
735 1783 790 1829 et
814 1773 1028 1843 judicia
1083 1775 1201 1841 Dei,
1239 1776 1552 1845 evangelica
1586 1775 1848 1831 nimirum
1882 1791 2021 1847 prce-

444 1869 621 1931 cepta.
662 1879 783 1933 qua:
825 1866 1025 1920 asserit
1061 1879 1121 1920 se
1157 1882 1267 1921 non
1294 1865 1606 1937 ignorasse.

517 1951 687 2009 Vens.
718 1954 808 2012 51.
852 1957 1067 2012 Adhmsi
1107 1959 1424 2013 testimoniis
1464 1959 1589 2024 tuis,
1642 1957 1892 2025 Domine,
1917 1958 2026 2012 noli

444 2062 524 2100 me
552 2049 894 2117 confundere.
931 2049 1332 2114 Indissolubili,
1367 2051 1568 2121 inquit.
1621 2052 1859 2121 quodam
1900 2052 2025 2105 vin-

444 2140 570 2194 culo
594 2139 676 2195 eis
707 2140 900 2196 aﬂixus
930 2158 1075 2197 sum.
1110 2141 1262 2212 Rogo
1282 2142 1450 2214 igitur
1478 2158 1547 2197 ne
1578 2158 1664 2198 me
1691 2141 2024 2208 confundas,

444 2231 765 2299 permittens
791 2248 873 2286 n:e
898 2233 966 2286 ab
987 2231 1241 2287 hostibus
1278 2234 1550 2304 superari.

515 2322 684 2377 Vsus.
714 2322 803 2377 5'2.
839 2323 990 2379 Viam
1016 2327 1384 2379 mandatorum
1410 2335 1618 2381 tuorum
1644 2328 1879 2394 cucurri,
1908 2344 2027 2384 cum

444 2412 699 2467 dilatasri
718 2431 809 2468 cor
838 2432 1030 2471 meum.
1072 2414 1305 2481 Quando
1366 2416 1635 2480 liberasti,
1668 2416 1869 2488 inquit,
1908 2418 2029 2473 ani-

446 2520 588 2560 mam
629 2521 807 2561 meam
845 2522 874 2561 a
904 2508 1330 2571 tentationibus,
1385 2519 1552 2578 atque
1599 2508 1668 2564 ab
1732 2510 2025 2581 angustiis,

447 2607 577 2652 tunc
609 2599 830 2654 cucurri
888 2601 1031 2654 viam
1079 2600 1462 2654 mandatorum
1502 2607 1747 2664 tuorum.
1778 2601 1888 2656 hoc
1917 2609 2025 2669 est,

446 2688 699 2744 studiose
738 2705 834 2760 per
864 2705 984 2744 eam
1017 2690 1244 2757 incessi,
1270 2706 1499 2746 vers:an
1527 2690 1578 2745 in
1603 2692 1703 2758 eis,
1745 2704 1799 2747 et
1826 2692 1878 2747 in
1911 2693 2031 2765 lege

447 2787 562 2833 tua.

519 2870 685 2925 Vens.
723 2870 812 2925 3‘5.
839 2869 1025 2940 Legem
1052 2884 1192 2939 pone
1225 2870 1376 2935 mihi,
1413 2870 1653 2933 Domine,
1692 2873 1787 2925 via:
1821 2870 2031 2941 justiﬁ-

448 2964 724 3016 cationum
776 2971 1012 3031 tuarum,
1073 2970 1124 3016 et
1157 2962 1434 3035 exquiram
1475 2979 1592 3018 eam
1645 2980 1867 3035 semper.
1925 2963 2031 3020 Sed

449 3057 729 3127 quomodo
754 3057 829 3112 ait
864 3074 877 3111 :
920 3056 1111 3129 Legem
1139 3073 1294 3126 pone,
1344 3074 1466 3114 cum
1498 3060 1586 3114 lex
1634 3062 1733 3116 viae
1757 3061 2030 3130 justillca-

2128 575 2337 630 ἄδικοιο
2368 575 2435 645 ἦν
2484 574 2761 629 ἀπέλασον
2805 575 2901 628 ἀπ’
2934 573 3095 645 ἐμοῦ,
3156 574 3246 627 καὶ
3289 572 3368 645 τῷ
3409 574 3574 646 νόμῳ
3617 573 3729 643 τῆς

2127 666 2543 739 φιλανθρωπίας
2593 684 2686 720 σου
2732 666 2956 738 ἐλέησόν
2994 683 3100 739 με’
3151 667 3317 738 νόμος
3368 666 3477 738 γὰρ
3540 667 3729 736 αὐτῆς

2125 759 2298 814 ἐλεεῖν
2316 759 2406 814 τὸν
2445 760 2510 814 ὲκ
2563 759 2743 831 ψυχῆς
2790 758 3068 830 δεόμενον.

2208 1034 2383 1089 Ὀδύν
2428 1035 2719 1102 ἀληθείας
2762 1032 3157 1104 ᾐρετισάμην,
3201 1033 3300 1089 καί
3341 1034 3414 1089 τὰ
3453 1032 3730 1104 κρίματα

2124 1144 2243 1183 σου
2275 1129 2381 1183 οὐκ
2453 1128 2859 1196 ἐπελαθόμην.
2913 1127 3065 1182 Ὀδδν
3100 1126 3381 1196 ἀληθείας.
3433 1127 3501 1181 τὰ
3533 1128 3728 1197 ἀληθῆ

2125 1221 2394 1287 δόγματα,
2427 1221 2495 1274 δι’
2522 1213 2596 1274 ὧν
2629 1219 2804 1273 ὁδεύει
2831 1237 2914 1283 τις
2960 1218 3159 1291 ὀρθῶς,
3187 1220 3312 1273 ἐπεὶ
3347 1218 3594 1288 ἀλήθεια
3626 1217 3729 1289 μὲν

2124 1315 2153 1367 ὁ
2184 1313 2422 1385 Χριστός
2459 1327 2473 1343 ³
2541 1312 2689 1383 Ἐγὼ
2741 1313 2872 1384 γὰρ,
2927 1312 3114 1382 φησὶν,
3159 1312 3277 1381 εἰμὶ
3324 1312 3363 1378 ’ἡ
3409 1312 3681 1379 ἀλήθεια
3710 1328 3729 1345 σ

2124 1409 2239 1472 ὁδὸς
2292 1407 2349 1461 δὲ
2405 1405 2596 1470 αὐτοῦ,
2662 1408 2696 1478 ή
2764 1406 3099 1477 εὐαγγελικὴ
3156 1406 3425 1469 πολιτεία,
3453 1406 3522 1476 ήν
3554 1405 3743 1476 ἔτεμε

2124 1500 2238 1562 τοῖς
2265 1500 2498 1563 πιστοῖς.
2537 1496 2756 1568 Ταύτην
2784 1496 2934 1566 λέγει
2973 1497 3074 1568 τὴν
3096 1498 3212 1551 (Ede
3238 1498 3555 1567 ἀγαπῆσαι,
3587 1513 3729 1567 προ-

2125 1590 2474 1660 γνωσθεῖσαν
2504 1589 2653 1661 αὐτῷ
2681 1607 2698 1624 ο
2730 1589 2932 1660 ὁμοίως
2960 1588 3017 1643 δὲ
3047 1589 3142 1643 καὶ
3174 1589 3418 1660 κρίματα
3440 1589 3546 1653 τὰς
3575 1589 3726 1643 ἔντο-

2123 1686 2245 1752 λὰς,
2280 1684 2365 1749 ἃς.
2397 1684 2584 1755 φησιν,
2617 1684 2717 1758 οὐκ
2749 1684 3018 1755 ἠγνόησα.

2211 1960 2593 2029 Ἐκολλήθην
2619 1956 3099 2027 τοῖς-μαρτυρίοις
3120 1970 3259 2019 σου,
3300 1956 3497 2023 Κύριε,
3516 1953 3609 2023 μή
3654 1970 3730 2022 με

2129 2053 2571 2123 καταισχύνῃς.
2601 2048 3085 2110 Δυσαποσπάστως
3112 2045 3221 2116 ἔχω
3242 2044 3469 2108 τούτων,
3510 2043 3730 2112 τρόπον

2128 2145 2249 2201 τινὰ
2280 2142 2649 2217 προσηλώθην
2680 2141 2910 2205 αὐτοῖς’
2962 2138 3043 2191 διὸ
3088 2138 3163 2207 μή
3218 2153 3285 2206 με
3335 2132 3730 2204 καταισχύνῃς

2128 2236 2544 2310 παραχωρήσας
2575 2232 2879 2306 ἡττηθῆναι
2910 2229 3017 2284 τῶν
3041 2227 3275 2300 ἐχθρῶν.

2211 2332 2389 2387 Ὀδὸν
2423 2327 2692 2385 ἐντολῶν
2723 2343 2842 2382 σου
2874 2324 3156 2393 ἔδραμον,
3183 2321 3329 2375 ὅταν
3363 2316 3729 2382 ἐπλάτυνας

2129 2425 2248 2491 τὴν
2306 2421 2561 2492 καρδίαν
2609 2436 2753 2491 μου.
2826 2417 2999 2470 Ὅταν
3044 2411 3366 2485 ἀπήλλαξας
3398 2408 3499 2480 τὴν
3535 2407 3727 2479 ψυχήν

2134 2534 2237 2587 μου
2302 2515 2403 2585 τῆς
2460 2512 2569 2567 ἀπὸ
2624 2511 2735 2565 τῶν
2786 2507 3112 2580 πειρασμῶν
3157 2502 3549 2575 στενοχωρίας,
3600 2500 3726 2553 τότε

2131 2610 2230 2681 τήν
2265 2608 2383 2662 ὁδὸν
2416 2606 2525 2661 τῶν
2558 2604 2789 2659 ἐντολῶν
2814 2619 2909 2656 σου
2943 2601 3203 2672 ἔδραμον,
3232 2600 3353 2670 ἦτοι
3409 2593 3727 2655 σπουδαίως

2132 2702 2383 2768 essem,
2417 2699 2619 2769 βαίνων
2645 2698 2704 2750 ὲν
2750 2695 2966 2761 αὑταῖς,
3025 2692 3124 2746 καὶ
3186 2689 3620 2758 πολιτευόμενος
3669 2685 3727 2738 ὲν

2131 2797 2211 2868 τῷ
2246 2795 2399 2866 νόμῳ
2430 2810 2549 2847 σου.

2203 2885 2630 2956 Νομοθέτησόν
2653 2899 2752 2952 με,
2783 2881 2979 2949 Κύριε,
3011 2876 3128 2947 τὴν
3160 2875 3306 2931 ὁδὸν
3339 2872 3457 2927 τῶν
3486 2871 3728 2925 δικα.·ω-

2130 2982 2336 3054 μάτων
2384 2995 2526 3043 σου,
2578 2976 2679 3030 καὶ
2718 2972 3028 3042 ὲκζητήσω
3087 2968 3284 3034 αὐτὴν
3321 2964 3418 3020 διὰ
3468 2961 3724 3026 παντός.

2134 3072 2246 3127 Καὶ
2278 3071 2385 3140 μὴν
2412 3067 2554 3137 αὕτη
2586 3060 3059 3135 νενομοθετημένη
3091 3055 3160 3133 ἦν
3183 3075 3197 3090 ο
3229 3056 3370 3111 ῶστε
3400 3055 3481 3117 τὸ,
3525 3056 3728 3123 Napo-

447 3150 662 3204 tionum
704 3149 795 3205 Dei
827 3149 942 3219 jam
979 3150 1073 3204 diu
1099 3159 1248 3206 esset
1274 3153 1395 3207 data
1421 3152 1446 3206 ἵ
1476 3150 1781 3208 Dicendum
1809 3165 1894 3235 est
1924 3154 2024 3225 igi-

2139 3164 2413 3232 θέτησον,
2455 3160 2578 3216 ἀντὶ
2624 3157 2853 3223 Δίδαξον
2875 3174 2890 3190 ·
2923 3154 3156 3223 καὶγὰρ
3185 3151 3279 3205 καὶ
3320 3152 3349 3204 ὁ
3397 3147 3725 3240 Σύμμαχοςῖ

451 3253 563 3305 tur,
588 3242 798 3299 dixisse
836 3258 961 3298 eum
1002 3257 1017 3297 :
1053 3241 1238 3314 Legem
1260 3254 1397 3314 pone
1423 3244 1575 3312 mihi,
1605 3260 1704 3315 pro
1726 3230 1873 3301 Doce
1899 3263 2026 3317 me;

445 3335 601 3404 juxta
642 3350 804 3405 quem
830 3350 1052 3391 sensum
1092 3337 1466 3405 Symmachus
1503 3352 1622 3403 pro,
1648 3338 1836 3410 Legem
1865 3355 2025 3410 parte,

449 3426 610 3492 dixit,
644 3426 897 3482 Ostende.
939 3426 1075 3484 Nam
1111 3429 1207 3500 qui
1264 3430 1446 3492 docet.
1502 3431 1720 3487 videtur
1761 3434 2031 3504 quodam-

448 3520 614 3575 modo
674 3521 741 3575 de
794 3534 938 3575 novo
991 3529 1257 3587 statuere,
1311 3538 1376 3593 ac
1412 3523 1583 3594 legem
1623 3542 1851 3596 ponere,
1900 3527 2028 3582 dum

448 3613 674 3685 ignaros
708 3613 1037 3668 exhortatur
1060 3614 1127 3668 ad
1155 3615 1316 3681 bona,
1343 3623 1398 3671 et
1433 3624 1680 3673 avertere
1710 3635 1806 3675 eos
1847 3620 2031 3676 studet

450 3720 480 3757 a
533 3704 703 3759 vitiis.
744 3706 802 3758 lu
847 3705 1287 3775 praecedentibus
1333 3709 1497 3763 etiam
1546 3709 1731 3764 dixit:
1767 3712 1906 3766 Doce
1949 3730 2030 3768 me

449 3795 868 3863 iustiﬁcationes
907 3807 1073 3861 tuas;
1106 3796 1211 3861 vel,
1250 3795 1481 3851 Declara
1512 3798 1646 3854 mihi
1686 3800 1827 3854 viam
1857 3801 2027 3872 justi-

450 3886 773 3942 ﬁcatiouum
853 3878 1093 3954 tuarur‘n,
1175 3898 1230 3944 et
1315 3889 1600 3960 exquiram
1696 3907 1816 3948 eam
1918 3910 2154 3968 semper.

450 3983 685 4039 obscura
710 3999 833 4040 esse
874 3985 1110 4040 videtur.

517 4076 685 4134 Vens.
720 4077 812 4132 54.
847 4077 929 4132 Da
956 4079 1085 4134 mihi
1117 4078 1462 4148 intellectum,
1484 4091 1533 4136 et
1563 4085 1844 4140 scrutabor
1865 4088 2029 4159 legem

452 4182 622 4237 tuam,
647 4180 698 4226 et
727 4173 1028 4226 custodiam
1060 4171 1217 4226 illam
1258 4174 1313 4228 in
1361 4183 1469 4229 toto
1493 4176 1649 4230 corde
1681 4195 1819 4232 meo.
1855 4179 2027 4237 Scruo

450 4263 613 4319 labor
640 4263 863 4337 quidem
894 4277 1097 4333 magno
1122 4265 1331 4331 studio,
1364 4274 1419 4319 et
1459 4265 1753 4338 diligenter
1774 4270 2033 4327 conside-

449 4371 747 4423 rans,eam
787 4354 1044 4413 servabo.
1080 4355 1295 4412 Dictum
1328 4365 1413 4413 est
1455 4368 1639 4415 autem
1671 4361 1822 4426 alibi,
1880 4362 2030 4433 quod

448 4449 588 4520 legis
614 4447 865 4504 custodia
889 4463 1014 4505 esse
1055 4447 1285 4515 dicitur,
1329 4451 1552 4520 quando
1585 4453 1710 4522 quis
1765 4453 2033 4526 adimplet

448 4540 590 4611 legis
622 4539 901 4595 mandata.

523 4630 690 4686 Vens.
724 4630 816 4686 55.
877 4629 1059 4685 Detluc
1119 4648 1201 4686 me
1262 4634 1319 4686 in
1367 4634 1611 4689 semitam
1656 4635 2034 4691 mandatorum

453 4726 685 4781 tuorum,
735 4720 858 4786 quia
904 4720 1076 4789 ipsam
1110 4721 1272 4775 volui.
1330 4720 1515 4778 Deduc
1572 4739 1680 4788 me,
1718 4725 1919 4796 inquit,
1976 4728 2033 4783 in

450 4824 595 4865 eam.
634 4808 790 4865 Solet
816 4809 962 4864 enim
1005 4811 1153 4866 Deus
1192 4828 1387 4868 omnes
1411 4830 1516 4870 eos
1563 4815 1696 4870 illuc
1733 4816 2029 4887 deducere,

451 4903 545 4973 qui
579 4904 765 4957 animo
795 4918 926 4974 erga
967 4918 1094 4957 eum
1131 4906 1367 4974 prompti
1407 4915 1559 4962 sunt.
1610 4908 1720 4963 Per
1778 4910 2029 4965 semitam

450 5004 658 5063 autem,
692 5013 856 5068 quam
882 4997 1058 5052 Graeci
1079 4997 1288 5068 τρίϐον,
1320 4999 1615 5068 appellant,
1643 5000 1800 5070 quasi
1826 5003 2033 5071 tritam,

453 5092 601 5146 viam
630 5092 775 5147 hanc
803 5090 1084 5162 intelligit,
1117 5092 1288 5146 veluti
1344 5107 1455 5147 non
1484 5108 1686 5149 novam
1722 5094 1893 5161 viam,
1935 5097 2031 5152 sed

451 5183 667 5247 tritam,
702 5191 760 5238 ut
798 5183 941 5248 dixi,
976 5198 1045 5239 eo
1075 5183 1222 5254 quod
1253 5183 1388 5253 justi
1425 5200 1523 5256 per
1558 5200 1681 5241 eam
1714 5187 2033 5256 ambulant,

451 5290 508 5334 et
548 5282 732 5335 solent
762 5294 881 5334 eam
909 5279 1286 5351 frequentare.

518 5371 693 5428 Vens.
721 5370 812 5427 56.
845 5370 1063 5427 Incliua
1097 5390 1189 5429 cor
1211 5390 1383 5429 meum
1409 5374 1464 5428 in
1487 5374 1786 5429 testimonia
1833 5384 1951 5441 tua,
1982 5384 2032 5429 et

452 5480 555 5518 non
584 5466 638 5519 in
666 5466 977 5520 avaritiam.
1015 5466 1315 5533 Converte,
1374 5467 1577 5538 inquit,
1614 5483 1713 5523 cor
1744 5483 1926 5523 meum
1958 5466 2029 5522 ad

454 5555 801 5615 dilectionem
835 5559 1226 5615 mandatorum
1257 5568 1503 5628 tuorum,
1552 5570 1609 5616 et
1640 5560 1789 5615 illius
1842 5574 2030 5630 prom-

454 5647 784 5716 ptitudinem
816 5652 1062 5723 adiuva;
1094 5662 1151 5709 et
1192 5652 1300 5709 noli
1340 5654 1687 5725 permittere,
1720 5660 1780 5708 ut
1810 5652 1866 5707 in
1894 5667 2027 5708 ava-

520 5828 560 5861 ³⁸
605 5827 761 5886 Joan.
800 5847 910 5894 xw.
943 5834 994 5888 6.

2134 3252 2481 3320 ’Υπόδειξον
2513 3251 2798 3318 ἐξέδωκεν.
2845 3249 2904 3302 ’0
2957 3247 3068 3319 γὰρ
3118 3244 3388 3299 διδάσκων
3437 3235 3728 3308 νομοθετεῖ

2129 3348 2333 3420 τρόπον
2387 3344 2512 3399 τινὰ
2566 3343 2900 3415 προτρέπων
2946 3341 3042 3393 ἐπὶ
3092 3338 3162 3392 τὰ
3208 3335 3444 3407 χρηστὰ,
3482 3328 3726 3384 καὶτῶν

2132 3438 2353 3510 φαύλων
2387 3437 2745 3508 ἀποτρέπων.
2770 3434 2881 3488 Καὶ
2912 3431 3020 3503 γὰρ
3050 3430 3147 3484 καὶ
3171 3424 3461 3500 προλαϐὼν
3484 3422 3684 3492 εἴρηκε
3704 3432 3719 3446 ’

2132 3528 2388 3595 Δίδαξόν
2415 3544 2493 3598 με
2522 3530 2596 3580 τὰ
2621 3520 2984 3594 δικαιώματά
3003 3536 3121 3577 σου
3149 3520 3202 3590 ’ἦ
3234 3513 3560 3585 Φανὲρωσόν
3608 3525 3721 3582 μοις

2134 3620 2236 3691 τὴν
2269 3620 2387 3674 ὁδὸν
2415 3619 2527 3673 τῶν
2557 3617 2945 3687 δικαιωμάτων
2970 3632 3088 3677 σου,
3108 3611 3205 3667 καὶ
3222 3608 3512 3679 ὲκζητήσω
3547 3603 3724 3668 αὐτὴν

2134 3715 2225 3769 διὰ
2256 3714 2482 3777 παντός.
2522 3712 2847 3781 Κέκρυπται
2878 3707 2988 3780 γὰρ
3034 3707 3150 3769 τοῖς
3199 3701 3441 3764 πολλοῖς,
3498 3694 3723 3765 ἀσαφὴς

2135 3809 2323 3873 αὐτοῖς
2351 3807 2680 3878 φαινομένη.

2250 3876 2475 3958 Occulta
2522 3876 2705 3955 enim
2754 3906 2841 3954 est
2895 3893 3084 3951 multis
3142 3890 3232 3949 illa
3293 3888 3402 3954 ria,
3457 3898 3524 3940 eo
3573 3876 3720 3951 quod

2207 4088 2540 4147 Συνέτισόν
2566 4103 2662 4157 με,
2685 4084 2784 4140 καί
2807 4078 3187 4150 ἐξερευνήσω
3218 4077 3325 4132 τὸν
3365 4075 3558 4144 νόμον
3580 4088 3721 4137 σου,

2136 4186 2234 4239 καὶ
2268 4183 2522 4255 φυλάξω
2556 4180 2744 4236 αὐτὸν
2786 4178 2857 4232 ἐν
2884 4177 2999 4245 ὅλῃ
3030 4172 3243 4242 καρδίᾳ
3272 4188 3410 4241 μου.
3468 4166 3745 4238 Ἐξερευ-.

2137 4279 2288 4349 νήσω
2326 4274 2446 4345 μετ’
2483 4270 2834 4338 ἐπιστασίας,
2892 4270 2990 4324 καὶ
3041 4264 3289 4337 ἀκριϐῶς
3347 4260 3718 4349 κατανοήσας,

2139 4347 2383 4439 φυλάξω.
2423 4364 2659 4436 Εἴρηται
2688 4363 2746 4416 δὲ
2779 4362 2873 4415 καὶ
2904 4356 3165 4448 ἀλλαχοῦ,
3223 4356 3305 4408 ὅτι
3357 4350 3578 4448 φυλακὴ
3635 4347 3723 4448 νό-

2146 4478 2249 4531 μου
2305 4459 2426 4513 ὲστὶ
2479 4457 2540 4510 τὸ
2591 4451 2837 4524 πληροῦν
2868 4450 2937 4503 τὰ
2961 4448 3056 4502 τοῦ
3093 4446 3289 4518 νόμου,
3328 4443 3425 4498 καὶ
3473 4439 3722 4510 πληροῦν

2140 4569 2326 4607 αυῖον.

2216 4641 2562 4712 Ὀδήγησόν
2579 4655 2656 4709 με
2694 4638 2765 4691 ὲν
2791 4634 2868 4705 τῇ
2893 4635 3067 4704 τρίϐῳ
3107 4629 3224 4685 τῶν
3273 4624 3540 4682 ἐντολῶν
3580 4639 3719 4682 σου,

2139 4736 2229 4791 ὅτι
2262 4735 2460 4802 αὐτὴν
2486 4732 2785 4802 ἠθέλησα.
2817 4724 3120 4797 ὐδήγησόν
3150 4741 3217 4793 με
3246 4723 3394 4791 ἄγων
3418 4721 3496 4780 εἰς
3527 4717 3719 4781 αὐτήν*

2137 4830 2264 4893 τοὺς
2306 4829 2419 4898 γὰρ
2451 4821 2945 4897 προθυμουμένους
2977 4819 3165 4888 ὁδηγεί
3190 4818 3218 4870 ὁ
3249 4814 3401 4877 Θεός.
3436 4811 3636 4882 Τρίὸον
3663 4805 3720 4858 δὲ

2137 4921 2237 4995 τὴν
2263 4921 2381 4975 ὁδὸν
2402 4919 2607 4987 ταύτην
2635 4916 2942 4987 ὠνόμασεν,
2983 4913 3060 4975 ὡς
3094 4912 3158 4965 οὐ
3192 4908 3372 4980 ξένην,
3402 4905 3538 4960 ἀλλὰ
3594 4920 3722 4995 συν-

2145 5016 2249 5086 ήθη
2275 5015 2370 5069 καὶ
2388 5010 2786 5086 τετριμμένην,
2819 5009 2926 5063 ὑπὸ
2946 5007 3057 5061 τῶν
3078 5003 3524 5077 προοδευσάντων
3553 4994 3723 5067 αὐτὴν

2141 5107 2388 5162 δικαίων.

2211 5373 2440 5429 κλῖνον
2459 5371 2578 5440 τὴν
2598 5369 2852 5439 καρδίαν
2866 5387 2987 5439 μου
3020 5371 3106 5434 είς
3135 5384 3287 5436 μαρτ
3298 5363 3434 5437 ὑριά
3457 5378 3597 5426 σου,
3621 5361 3716 5413 καὶ

2138 5463 2224 5536 μὴ
2250 5465 2341 5529 είς
2378 5462 2764 5527 πλεονεξίαν.
2803 5461 3019 5534 Τρέψον
3046 5459 3217 5531 αὐτὴν
3252 5461 3335 5523 είς
3370 5456 3593 5525 ἀγάπην
3611 5450 3719 5503 τῶν

2146 5555 2471 5629 μαρτυρίων
2530 5572 2669 5623 σου,
2733 5554 3010 5626 βοηθήσας
3050 5555 3118 5624 τῇ
3165 5549 3452 5623 προθυμίᾳ.
3514 5543 3717 5612 αὐτῆς·

2142 5649 2240 5703 καὶ
2276 5647 2352 5718 μὴ
2398 5647 2479 5711 εἰς
2512 5643 2831 5712 πλεονεξίαν
2855 5642 3137 5718 τραπῆναι
3171 5642 3369 5714 ἐάσῃς,
3398 5633 3718 5711 ἡττωμένην
