4052 6442
375 361 518 428 1145

1568 363 1715 426 COM
1726 356 1960 424 MEN’I‘.
2000 364 2080 425 IN
2121 368 2483 432 PSALMOS.

374 480 509 543 ῖσως
543 477 654 532 τῶν
695 476 988 548 βιωτικῶν.
1029 478 1122 532 Ἐκ
1142 475 1281 530 θεοῦ
1312 477 1368 551 δὲ
1401 472 1580 531 πάντα
1624 477 1792 542 αἰτεῖ,
1814 476 1961 531 διδά-

2078 482 2250 534 ritiam
2277 489 2592 545 convertar,
2624 489 2679 538 et
2706 498 2734 538 a
2767 482 2953 540 saeculi
2979 483 3144 554 hujus
3177 482 3412 555 negotiis
3435 486 3651 541 vincar.

378 588 528 626 σκων
556 571 643 624 ὃτι
671 569 733 623 τὸ
759 570 872 623 πᾶν
909 567 1074 632 αὐτὸς
1103 568 1367 641 κατορθοῖ
1392 583 1407 596 ⁸
1466 569 1651 639 Χωρὶς
1686 568 1819 638 γὰρ,
1859 585 1969 639 φη-

376 662 487 728 σὶν,
510 661 671 733 ἐμοῦ,
709 661 771 715 οὐ
806 661 1039 716 δύνασθε
1075 663 1250 715 ποιεῖν
1297 661 1470 717 οὐδέν.
1536 660 1710 715 Τοῦτο
1744 661 1969 715 καθολι-

377 754 476 818 κδς
493 753 634 807 ἔστω
664 752 957 809 σοι·κανὼν
988 752 1084 807 ἐπὶ
1110 751 1219 808 τῶν
1250 753 1450 824 ἑφεξῆς
1483 752 1711 825 ὁμοίων.
1773 751 1971 820 Βοηθεῖ

375 844 436 899 δὲ
495 845 555 899 οὗ
613 847 810 911 πᾶσιν,
854 847 994 901 ἀλλὰ
1047 849 1161 911 τοῖς
1193 845 1388 914 ἀξίοις,
1427 846 1524 900 καὶ
1553 846 1619 909 τὴ
1660 845 1747 899 ἐπ’
1780 846 1970 910 αὐτοῖς

379 937 531 992 ἅπαν
563 938 1000 1007 εἰσενεγκοῦσιν.

462 1123 876 1192 Ἀπόστρεψον
926 1122 1071 1190 τοὺς
1127 1121 1479 1193 ὀφθαλμούς
1528 1138 1672 1191 μου,
1728 1120 1838 1175 τοῦ
1880 1118 1967 1191 μὴ

381 1218 535 1274 ἰδεῖν
550 1221 941 1288 ματαιότητα.
968 1218 1341 1290 Ἀπόστρεψον
1364 1219 1560 1281 αὐτοὺς
1577 1217 1686 1271 ἀπὸ
1707 1216 1817 1271 τῶν
1835 1215 1968 1285 βλα-

380 1311 564 1382 ϐερῶν
589 1311 912 1381 θεαμάτων,
939 1310 1083 1365 ὥστε
1141 1311 1216 1381 μὴ
1250 1309 1378 1363 ἰδεῖν
1438 1309 1680 1378 ματαίαν
1708 1307 1966 1378 θεωρίαν.

389 1404 737 1475 Ὀφθαλμοὺς
762 1404 821 1458 δὲ
844 1405 977 1472 νόει,
1011 1404 1108 1458 καὶ
1133 1404 1264 1467 τοὺς
1296 1400 1618 1472 σωματικοῦ
1630 1419 1679 1468 ς,
1714 1400 1810 1454 καὶ
1837 1401 1969 1464 τοὺς

376 1495 672 1568 ψυχικούς.

462 1593 566 1646 ‘Er
594 1590 673 1660 τῇ
712 1588 830 1656 ὀδῷ
867 1606 985 1645 σου
1023 1588 1214 1658 ζῆσόν
1245 1605 1342 1658 με.
1398 1588 1490 1640 Ἐν
1545 1585 1623 1657 τῷ
1663 1586 1813 1658 νόμῳ
1872 1600 1969 1638 σου

377 1682 719 1753 ζωοποὶησόν
752 1698 822 1751 με
851 1698 866 1713 ·
907 1674 1063 1743 οὗτος
1097 1684 1194 1750 μὲν
1217 1682 1327 1751 γάρ
1361 1678 1506 1751 ζωὴν
1556 1678 1730 1750 ἀληθῆ
1777 1677 1973 1747 προξε-

377 1778 463 1829 νεῖ
492 1778 608 1839 τοῖς
667 1773 1223 1845 ἐμπολιτευομένοιςο
1264 1774 1293 1826 δ
1354 1772 1413 1826 δὲ
1456 1771 1650 1844 παρὼν
1699 1771 1816 1842 βίος
1875 1770 1973 1825 θά-

379 1886 563 1933 νατος.

447 1958 694 2027 Στῆσον
734 1958 816 2025 τῷ
843 1958 1043 2027 δούλῳ
1091 1975 1210 2014 σου
1237 1958 1305 2013 τὸ
1341 1960 1555 2029 λόγων
1580 1970 1719 2023 σου,
1749 1955 1838 2020 εις
1866 1953 1974 2008 τὸν

377 2053 570 2121 φόϐον
597 2068 739 2105 σου.
767 2050 1030 2122 Στήριξον
1051 2053 1110 2104 ἐν
1140 2051 1264 2121 ἐμοὶ
1294 2050 1374 2123 τῷ
1390 2049 1563 2119 δούλῳ
1585 2064 1683 2103 σου
1711 2046 1773 2100 τὸ
1802 2045 1972 2117 πρόσ-

375 2143 568 2213 ταγμα
605 2161 724 2208 σου,
758 2145 843 2198 -τδ
876 2144 1234 2212 Δεσποτικδν,
1267 2147 1349 2208 εἰς
1377 2145 1470 2198 τὸν
1503 2142 1671 2213 φόϐον
1708 2158 1802 2195 σου
1831 2155 1845 2170 ·
1883 2140 1972 2191 λό-

379 2254 503 2307 γιον
540 2236 725 2306 λέγων
753 2236 847 2290 τὸν
902 2237 1089 2308 νόμον,
1146 2226 1449 2303 τουτέστιν,
1525 2234 1856 2304 Ἐδραίωσον
1913 2234 1970 2286 ἐν

378 2325 507 2396 ἐμοὶ
536 2325 599 2378 τὸ
622 2324 807 2394 λόγιόν
840 2342 936 2379 σου
980 2328 1064 2389 εἰς
1099 2326 1190 2380 τὸν
1223 2326 1392 2397 φόϐον
1429 2341 1547 2392 σου,
1606 2325 1695 2377 ἶνα
1740 2321 1970 2394 γένηταί

382 2435 478 2489 μοι
508 2417 670 2472 τοῦτο
697 2418 880 2488 λόγιον
908 2417 1175 2488 ἐμφοϐον.

453 2509 711 2579 Περίελε,
740 2512 849 2565 τὸν
890 2510 1242 2580 ὀνειδισμόν
1274 2527 1418 2580 μου.
1480 2509 1555 2564 ὃν
1583 2508 1966 2564 ὑπώπτευσα.

379 2604 485 2657 Τὸν
511 2604 918 2681 προστριϐἐντα
951 2620 1042 2674 μοι
1078 2604 1191 2657 ἀπὸ
1221 2604 1321 2674 τῆς
1362 2601 1664 2674 ἁμαρτίας,
1730 2600 1790 2655 ὃν
1843 2601 1969 2667 ἐφοο

381 2694 581 2765 ϐήθην,
611 2696 1032 2766 προσαγόμενον
1070 2713 1163 2766 μοι
1192 2696 1346 2766 παρὰ
1388 2694 1498 2748 τῶν
1551 2693 1829 2763 δαιμόνων
1860 2707 1874 2721 ’
1934 2689 1969 2759 ἢ

381 2788 476 2841 τὸν
502 2787 614 2841 ἀπὸ
644 2786 756 2841 τῶν
786 2789 1251 2841 ἐπιϐουλευόντων
1283 2804 1395 2856 μοι,
1424 2784 1484 2839 ὃν
1512 2784 1852 2839 ὑπώπτευσα
1886 2781 1975 2835 αἱ·

385 2880 720 2952 σθανόμενος
750 2879 991 2951 ἐμαυτοῦ
1016 2879 1515 2948 ταλαιπωροῦντος.

456 3066 591 3119 Ὅτι
623 3065 695 3119 τὰ
724 3060 982 3133 κρίματά
1008 3076 1128 3117 σου
1174 3059 1433 3129 χρηστά.
1466 3057 1594 3112 Ὀτι
1626 3057 1838 3125 κρίνεις
1893 3054 1973 3109 δίο

2072 573 2219 630 Pelit
2271 583 2456 630 autem
2519 576 2705 631 omnia
2738 592 2766 631 a
2811 575 2941 643 Deo,
2994 576 3202 632 docens
3252 576 3407 631 illum
3467 578 3655 632 omnia

2071 671 2286 726 ellicerc
2310 686 2324 722 ε
2355 668 2484 725 Sine
2503 684 2613 734 mc,
2638 670 2837 740 inquit.
2866 670 3002 726 nihil
3032 670 3261 740 potestis
3289 669 3489 726 facere.
3526 669 3652 726 llaec

2071 763 2242 835 igitur
2297 763 2557 833 deinceps
2620 766 2691 818 sit
2752 764 2851 818 tibi
2918 779 3110 819 norma
3160 764 3216 819 in
3269 764 3657 832 sequentibus,

2072 856 2163 910 ubi
2214 855 2416 909 similia
2472 855 2743 912 invenias.
2801 857 3041 926 Adjuvat
3097 864 3281 912 autem
3329 857 3496 920 Deus,
3547 872 3657 910 non

2072 964 2269 1005 omnes
2304 950 2644 1021 promiscue,
2683 949 2777 1004 sed
2809 950 3009 1021 dignos
3045 964 3105 1006 se
3133 959 3187 1006 et
3212 949 3308 1021 qui
3346 956 3525 1003 totum
3567 948 3658 1003 in-

2072 1042 2317 1108 tulerint,
2349 1042 2493 1112 quod
2524 1042 2575 1096 in
2611 1058 2671 1097 se
2706 1042 2888 1097 fuerit.

2147 1137 2316 1195 Vsus.
2353 1141 2443 1196 37.
2472 1146 2661 1195 Aperte
2692 1139 2875 1195 oculos
2906 1155 3070 1203 meos,
3104 1154 3168 1192 ne
3196 1139 3410 1193 videant
3442 1137 3659 1191 vanita-

2073 1242 2199 1288 tem.
2237 1232 2437 1286 Averte
2474 1248 2572 1287 eos
2606 1248 2636 1286 a
2672 1232 2852 1286 noxiis
2881 1230 3231 1301 spectaculis,
3263 1229 3339 1284 ita
3375 1236 3435 1282 ut
3470 1228 3655 1283 inania

2075 1338 2185 1380 non
2218 1323 2461 1378 videant.
2493 1322 2697 1379 Oculos
2727 1334 2915 1378 autem
2949 1336 3058 1377 non
3108 1320 3361 1393 corporis
3410 1325 3657 1381 tantum,

2073 1415 2168 1473 sed
2193 1416 2391 1471 anima:
2422 1415 2587 1470 etiam
2621 1414 2906 1486 intelligit.

2146 1594 2210 1648 In
2241 1593 2326 1648 via
2351 1604 2446 1647 tua
2485 1592 2695 1661 uiuiﬁca
2726 1607 2827 1647 me.
2854 1589 2983 1645 Haec
3014 1590 3216 1646 etenim
3255 1589 3344 1644 via
3376 1602 3559 1643 veram
3590 1587 3660 1643 iis

2073 1686 2245 1740 vitam
2278 1692 2524 1755 praestat,
2567 1684 2662 1753 qui
2696 1682 2749 1736 in
2785 1697 2849 1737 ea
2883 1682 3083 1737 versati
3119 1681 3346 1737 fuerint.
3402 1678 3657 1734 Praesens

2074 1778 2276 1833 etenim
2307 1777 2417 1831 vita
2467 1792 2594 1831 vera
2622 1777 2730 1833 vita
2760 1790 2869 1829 non
2900 1784 3008 1839 est,
3057 1788 3179 1829 cum
3209 1778 3442 1827 mortem
3472 1784 3657 1825 secum

2075 1870 2235 1926 ferat.

2145 1960 2312 2016 Vsus.
2340 1958 2430 2016 38.
2467 1958 2657 2015 Statue
2679 1975 2827 2014 servo
2859 1968 2950 2013 tuo
2990 1956 3259 2028 eloquium
3291 1964 3462 2021 tuum,
3495 1954 3552 2008 in
3591 1953 3659 2006 ti-

2074 2069 2222 2108 more
2273 2062 2385 2107 tuo.
2420 2052 2477 2107 In
2510 2067 2625 2118 me,
2662 2051 2864 2120 inquit,
2929 2065 3089 2105 servo
3149 2056 3248 2103 tuo
3308 2046 3655 2102 Dominicnm

2075 2147 2395 2201 mandatum
2455 2154 2633 2210 tuum,
2692 2143 2837 2216 quod
2903 2143 2993 2198 hic
3049 2141 3332 2212 eloquium
3399 2137 3659 2208 appellat,

2074 2238 2292 2293 ﬁrmum
2328 2250 2393 2289 ac
2419 2233 2617 2290 stabile
2639 2233 2841 2288 eilicito
2872 2234 2927 2287 in
2975 2232 3195 2296 timore,
3254 2230 3329 2284 ita
3363 2235 3424 2283 ut
3470 2227 3658 2283 divina

2072 2330 2290 2400 eloquia
2321 2338 2413 2382 tua
2440 2325 2676 2381 verenda
2703 2324 2835 2378 mihi
2861 2325 2994 2391 sint,
3026 2337 3091 2377 ac
3127 2321 3390 2376 timenda.

2147 2513 2321 2569 Vens.
2355 2513 2447 2568 39.
2484 2509 2654 2575 Aufer
2702 2506 3043 2577 opprobrium
3074 2518 3271 2568 meum,
3321 2501 3463 2571 quod
3489 2497 3663 2566 suspi-

2076 2617 2226 2663 catus
2292 2621 2431 2660 sum.
2490 2600 2962 2669 Quod‘iullictum
3003 2596 3137 2650 mihi
3174 2603 3259 2651 est
3319 2608 3349 2647 a
3407 2599 3659 2661 peccato,

2075 2699 2334 2772 quodque
2354 2710 2456 2764 ego
2474 2693 2684 2765 jamdiu
2709 2689 2879 2759 inﬂigi
2904 2687 3035 2742 mihi
3059 2685 3316 2741 timebam
3342 2698 3371 2735 a
3393 2682 3659 2745 daemone,

2077 2808 2173 2849 seu
2205 2792 2274 2845 ab
2304 2786 2732 2845 insidiatoribus
2770 2782 2932 2838 meis.
2988 2778 3087 2834 Vel
3139 2777 3287 2848 quod
3347 2776 3662 2844 suspicatus

2078 2902 2226 2950 sum,
2262 2898 2389 2940 cum
2424 2882 2477 2936 in
2504 2877 2795 2943 arumnis,
2828 2884 2994 2945 atque
3025 2873 3080 2927 in
3111 2869 3353 2926 miseriis
3407 2884 3493 2926 me
3525 2883 3663 2924 con-

2078 2978 2336 3034 stitutum
2373 2986 2684 3030 cernerem.
3222 2986 3227 2991 ’

2156 3070 2300 3138 Quia
2345 3067 2560 3138 judicia
2616 3076 2708 3118 tua
2751 3061 3000 3132 benigna.
3051 3056 3322 3124 Quoniam
3380 3050 3663 3122 juste'ju-

384 3177 538 3226 καια,
579 3158 872 3227 γινώσκων
913 3157 1064 3217 ὅπως
1114 3155 1423 3224 μετενόησα
1444 3153 1537 3205 καὶ
1569 3152 1721 3215 ὅπως
1746 3152 1840 3204 ἐπὶ
1864 3150 1971 3216 σοὶ,

2081 3163 2259 3227 dicas,
2298 3172 2664 3230 cognoscens,
2707 3153 2855 3226 quod
2887 3151 3215 3223 paenitentia
3250 3148 3448 3209 ducor,
3483 3146 3665 3215 quod-

383 3249 580 3322 Kvipts,
610 3249 839 3320 ἦλπισα,
869 3249 953 3303 σοὶ
978 3246 1098 3301 ὅλον
1123 3245 1361 3316 ἐμαυτὸν
1393 3243 1635 3306 ἀναθείς.

467 3422 626 3480 Ἰδοὺ
659 3423 1016 3493 ἐπεθύμησα
1037 3422 1145 3490 τὰς
1177 3421 1433 3489 ἐντολάς
1467 3437 1607 3490 σου,
1640 3421 1711 3476 ἐν
1742 3421 1819 3491 τῇ
1880 3422 1974 3478 δι-

383 3517 686 3585 καιοσύνῃ
717 3531 836 3571 σου
865 3514 1054 3583 ζῆσόν
1071 3531 1170 3585 με.
1222 3514 1402 3568 Πεινῶ
1433 3516 1528 3568 καὶ
1572 3514 1711 3585 διψῶ
1747 3514 1848 3579 τὰς
1886 3517 1975 3569 ἐν-

385 3610 552 3673 τολάς
584 3626 700 3663 σου.
754 3609 844 3662 Ἐν
872 3612 941 3679 τῇ
979 3608 1302 3681 δικαιοσύνῃ
1333 3626 1428 3662 σου
1471 3609 1638 3678 ζῆσόν
1683 3626 1773 3681 με.
1826 3604 1973 3663 Ἶσον

386 3702 448 3755 δὲ
472 3699 633 3754 τοῦτο
689 3698 793 3770 τῷ,
843 3700 946 3755 Ἐν
993 3699 1075 3766 τῷ
1102 3704 1265 3770 νόμῳ
1285 3715 1404 3756 σου
1432 3700 1623 3771 ζῆσόν
1673 3719 1771 3772 με,
1833 3702 1973 3774 ὅπερ

383 3794 614 3864 εἴρηκεν
641 3794 928 3865 ἀνωτέρω.

457 3887 571 3942 Kal
597 3887 765 3942 ἔλθοι
783 3887 877 3942 ἐπ’
901 3887 1008 3957 ἐμὲ
1025 3887 1092 3940 τὸ
1119 3887 1296 3953 ἔλεός
1323 3904 1464 3955 σου,
1493 3890 1691 3958 Κύριε,
1737 3889 1806 3943 τὸ
1850 3905 1975 3944 σω-

387 3978 602 4048 τήριόν
615 3992 733 4035 σου
759 3979 911 4034 κατὰ
937 3979 1045 4032 τὸν
1070 3981 1262 4047 λόγον
1302 3995 1442 4034 σου.
1477 3981 1596 4033 Ἵνα
1623 3979 1834 4043 ἐλεηθῶ
1877 3978 1975 4032 καὶ

391 4071 574 4127 σωθῶ.
628 4072 796 4135 Τέλος
837 4072 949 4141 γάρ
999 4069 1097 4124 τοῦ
1151 4071 1360 4136 ἐλέους,
1411 4072 1446 4142 ἠ
1485 4074 1730 4143 σωτηρία
1757 4088 1772 4103 ο
1827 4070 1975 4124 exeat

386 4165 468 4233 δέ,
495 4162 641 4219 κατὰ
671 4164 771 4233 τὴν
798 4162 1099 4235 ὑπόσχεσιν
1142 4180 1259 4218 σου.
1286 4163 1637 4235 Ἐπηγγείλω
1663 4164 1772 4232 γάρ
1808 4166 1868 4218 ἐν
1895 4164 1974 4235 τῷ

386 4257 543 4335 νόμῳ
569 4257 769 4324 ἐλθεῖν,
804 4258 900 4311 καὶ¹
923 4256 1122 4322 σώζειν
1149 4257 1277 4321 τοὺς
1301 4258 1678 4327 φυλάσσοντας
1703 4257 1773 4312 τά
1801 4272 1978 4328 προσ-

394 4347 662 4420 τάγματα
686 4365 805 4403 σου.

468 4525 578 4580 Καὶ
599 4523 1085 4594 ἀποκριθήσομαι
1104 4525 1227 4592 τοῖς
1252 4525 1615 4587 ὀνειδίζουσί
1637 4544 1742 4596 μοι
1763 4528 1972 4596 λόγον.
2007 4507 2055 4565 D

399 4620 527 4683 Τοῖς
548 4615 872 4681 ὀνειδίζουσι
895 4633 985 4686 μοι
1016 4615 1117 4688 τὴν
1163 4617 1304 4689 ὑπὲρ
1339 4620 1545 4690 ἀρετῆς
1579 4618 1981 4685 κακοπάθειαν,

393 4709 849 4782 άποκριθήσομαι
880 4709 1071 4763 τοῦτον
1096 4709 1191 4764 τὸν
1217 4710 1403 4781 λόγον.

474 4926 607 4979 Ὀτι
631 4923 872 4993 ἤλπισα
891 4921 992 4976 ἐπὶ
1020 4920 1147 4986 τοῖς
1175 4920 1383 4989 ,λόγοις
1404 4933 1543 4975 σου.
1587 4918 1762 4973 Τοῦτο
1794 4919 1980 4983 αὐτοῖς

395 5016 849 5087 άποκριθήσομαι
877 5053 893 5077 ,
961 5012 1045 5065 ὅτι
1090 5010 1298 5081 ἤλπισα
1343 5008 1439 5062 ἐπὶ
1482 5010 1598 5073 τοῖς
1651 5007 1833 5076 λόγοις
1876 5007 1976 5060 τοῦ

395 5109 556 5173 Θεοῦ,
583 5109 962 5179 ὑποσχομένου
1022 5105 1194 5160 πολλὰ
1236 5103 1421 5174 ἀγαθὰ
1474 5105 1591 5167 τοῖς
1647 5102 1980 5173 φυλάττουσι

395 5206 493 5270 τὰς
527 5203 750 5267 ἐντολὰς
782 5200 948 5255 αὑτοῦ
983 5217 997 5233 ·
1025 5201 1122 5253 καὶ
1160 5199 1250 5252 διὰ
1277 5196 1436 5250 τοῦτο
1473 5196 1797 5262 κακοπαθῶ,
1850 5213 1975 5268 τρεο

399 5298 466 5369 φό
473 5314 636 5368 μενος
667 5295 904 5365 ἀγαθαῖς
938 5293 1146 5347 ἐλπίσι.

471 5476 577 5532 Καὶ
603 5473 691 5544 μὴ
729 5473 1013 5542 περιέλῃς
1039 5473 1108 5526 ἐκ
1141 5471 1249 5526 τοῦ
1269 5473 1571 5541 στόματός
1619 5489 1741 5540 μου
1793 5472 1982 5541 λόγον

397 5569 691 5639 ἀληθείας
724 5567 836 5634 ἕως
861 5565 1118 5636 σφόδρα.
1147 5565 1241 5637 Μὴ
1271 5565 1531 5637 περιέλῃς
1582 5565 1679 5617 ἀπ’
1733 5563 1871 5635 ἐμοῦ
1918 5565 1982 5617 τὸ

400 5657 745 5730 προφητικὸν
777 5659 1026 5729 χάρισμα
1057 5656 1151 5710 ἐπὶ
1186 5655 1322 5710 πολύ
1342 5673 1358 5689 ο
1388 5655 1506 5710 ἀλλ’
1535 5656 1587 5708 si
1618 5656 1716 5709 καὶ
1740 5656 1865 5709 κατ’
1903 5659 1984 5710 οῖ-

402 5751 666 5823 κονομῖαν
709 5749 996 5823 ἐπιηεθῇ,
1069 5749 1236 5806 πάλιν
1281 5749 1724 5821 άποκαταστήτω
1760 5765 1874 5820 μοι.
1909 5749 1982 5802 Ἦ

412 5844 489 5919 μὴ
519 5843 941 5919 περιαιρεθῆναι
991 5844 1401 5917 παραχωρήσῃς
1436 5845 1529 5900 ἐπὶ
1565 5843 1701 5900 πολὺ
1757 5844 1822 5898 ὲκ
1884 5842 1982 5899 τοῦ

2081 3270 2192 3328 que
2224 3254 2278 3310 in
2317 3264 2368 3309 te
2401 3249 2642 3323 speravi,
2687 3262 2750 3302 ac
2779 3261 2868 3301 me
2902 3244 3005 3300 tibi
3045 3249 3218 3298 totum
3277 3254 3509 3311 prorsus
3560 3236 3666 3293 ob-

2079 3326 2201 3402 tuli.
3692 3326 3700 3333 '

2151 3437 2320 3494 Vens.
2353 3436 2442 3492 40.
2468 3434 2607 3489 Ecce
2636 3430 2905 3498 concupiui
2932 3426 3187 3483 mandata
3224 3433 3341 3488 tua,
3365 3424 3423 3478 in
3444 3419 3665 3491 iustitia

2081 3546 2175 3591 tua
2208 3532 2415 3596 vivi/ica
2442 3545 2544 3584 me.
2572 3527 2792 3592 Esurio,
2851 3521 3054 3592 inquit,
3092 3533 3161 3575 -et
3208 3517 3338 3572 sitio
3401 3513 3663 3569 mandata

2078 3627 2425 3686 tua.Viviﬂca
2452 3641 2540 3680 me
2558 3622 2724 3693 igitur
2747 3620 2801 3674 in
2820 3616 3140 3687 tuajustitia
3172 3631 3185 3666 :
3215 3609 3361 3681 quod
3391 3605 3662 3663 fereidem

2079 3733 2165 3780 est
2201 3737 2327 3777 cum
2361 3719 2427 3775 iis
2455 3716 2661 3782 verbis,
2686 3727 2808 3785 quae
2840 3709 3097 3781 superius
3131 3704 3271 3760 dixit
3301 3721 3315 3759 :
3348 3701 3417 3756 In
3442 3701 3549 3769 lege
3572 3708 3667 3754 tua

2075 3815 2281 3882 oiviﬁca
2314 3827 2416 3866 me.

2148 3906 2316 3962 Vens.
2345 3905 2436 3958 41.
2472 3901 2542 3955 Et
2568 3900 2747 3955 veniat
2800 3911 2959 3962 super
3010 3909 3091 3948 me
3125 3888 3496 3946 misericordia
3548 3893 3664 3948 tua,

2084 3999 2327 4061 Domine,
2364 3995 2600 4048 salutare
2658 3998 2807 4043 tuum
2845 3982 3136 4041 secundum
3170 3982 3436 4050 eloquium
3491 3986 3665 4031 tuum.

2084 4092 2157 4149 Ut
2191 4089 2404 4146 scilicet
2435 4082 2883 4140 misericordiam
2931 4089 3269 4145 consequar,
3310 4080 3364 4128 et
3403 4070 3662 4126 salutem.

2081 4180 2474 4241 Misericordia
2502 4177 2647 4233 enim
2680 4173 2803 4229 linis
2833 4181 2937 4235 est,
2984 4178 3047 4225 ut
3086 4168 3315 4225 salutem
3350 4174 3666 4230 consequa-

2083 4290 2230 4332 mur.
2265 4271 2460 4327 Veniat
2480 4276 2663 4324 autem
2701 4266 2820 4321 haec
2848 4263 3024 4327 salus,
3042 4258 3205 4332 juxta
3236 4255 3662 4328 promissionem

2084 4376 2259 4423 tuam.
2299 4360 2585 4417 Pollicitus
2616 4358 2761 4414 enim
2793 4370 2857 4412 es
2879 4355 2933 4409 in
2958 4353 3079 4423 lege
3111 4359 3226 4416 tua,
3251 4358 3303 4405 te
3331 4360 3524 4403 omnes
3555 4344 3670 4401 sal-

2083 4465 2364 4521 vaturum,
2397 4452 2493 4523 qui
2523 4448 2843 4504 custodiunt
2878 4444 3137 4500 mandata
3174 4454 3289 4496 tua.

2152 4554 2322 4610 Vsus.
2355 4546 2457 4605 421
2479 4545 2553 4601 Et
2579 4540 2895 4611 respondebo
2925 4532 3371 4606 exprobrantibus
3396 4529 3526 4585 mihi
3546 4543 3667 4584 vcr-

2082 4647 2227 4704 bum.
2265 4643 2338 4698 lis
2379 4642 2474 4711 qui
2538 4635 2885 4692 aﬂlictionem
2950 4639 3004 4684 et
3055 4626 3426 4683 calamitatem
3479 4636 3658 4676 meam

1977 4795 1987 4799 _
2084 4739 2219 4794 mihi
2258 4734 2617 4805 exprobrant,
2664 4724 3010 4798 respondebo
3067 4721 3296 4778 verbum
3361 4718 3468 4773 hoc
3517 4714 3666 4784 quod

2082 4839 2546 4987 “gignentia
2574 4913 2630 4967 in
2664 4906 2995 4965 sermonibus
3027 4904 3157 4959 tuis.
3192 4901 3309 4959 Hoc
3354 4906 3462 4965 est,
3508 4894 3657 4968 quod

2080 5026 2183 5083 ego
2223 5010 2330 5065 illis
2359 5004 2728 5078 respondebo,
2764 5013 3022 5072 sperasse
3079 5013 3162 5052 me
3196 4995 3250 5048 in
3312 4991 3411 5047 Dei
3461 4988 3668 5083 verbis,

2078 5079 2176 5174 qui
2211 5100 2381 5156 multa
2432 5100 2580 5154 bona
2633 5094 2892 5150 omnibus
2941 5089 3220 5161 pollicitus
3253 5091 3359 5149 est,
3385 5081 3479 5152 qui
3518 5079 3668 5136 illius

2079 5195 2421 5253 servaverint
2443 5190 2734 5246 mandata:
2771 5199 2936 5256 quam
2983 5181 3054 5237 ob
3092 5192 3316 5234 causam
3344 5174 3669 5230 alllictioncs

2085 5299 2141 5345 et
2183 5285 2527 5343 calamitates
2557 5295 2751 5337 omnes
2789 5275 2948 5332 facile
3001 5270 3277 5334 sustineo,
3300 5271 3511 5338 optima
3574 5266 3667 5320 ni-

2090 5384 2289 5437 mirum
2325 5379 2377 5433 in
2404 5392 2500 5448 spe
2525 5376 2813 5431 educatus.

2156 5474 2325 5529 Vsus.
2355 5470 2447 5525 45.
2486 5468 2555 5522 Et
2584 5484 2647 5521 ne
2681 5463 2899 5531 auferas
2921 5460 2986 5515 de
3014 5476 3103 5515 ore
3126 5474 3241 5512 meo
3269 5458 3477 5511 uerbum
3527 5452 3667 5506 ueri-

2089 5568 2217 5622 tatis
2264 5579 2427 5634 usque
2481 5560 2655 5617 ualde.
2687 5556 2767 5613 Nc
2803 5555 3025 5610 auferas
3060 5569 3089 5607 a
3131 5567 3218 5607 me
3250 5552 3308 5606 in
3340 5554 3666 5620 perpetuum

2088 5658 2466 5732 propheticam
2514 5653 2789 5725 gratiam;
2818 5648 2937 5717 sed,
2965 5647 3013 5703 si
3042 5662 3107 5704 es
3142 5641 3556 5717 dispensatione
3599 5639 3667 5695 ad

2086 5761 2308 5821 tempus
2362 5747 2511 5803 illam
2548 5743 2874 5809 abstuleris,
2900 5754 3099 5797 rursus
3124 5751 3322 5810 precor
3351 5734 3487 5791 mihi
3543 5747 3664 5790 cam

2086 5843 2353 5913 restitue;
2380 5841 2488 5913 vel,
2510 5836 2592 5897 Nc
2620 5836 2916 5912 permittas
2940 5832 3035 5893 diu
3065 5845 3134 5890 ex
3182 5844 3278 5891 ore
3307 5842 3430 5886 meo
3461 5825 3665 5884 verita-
3722 5888 3730 5895 ,

3519 373 3657 438 1146
3764 434 3769 439 .
