4052 6454
348 367 486 430 illi
1582 361 1973 425 EUTHYMII
2013 359 2378 421 ZIGABENI
3460 356 3598 422 H43

343 490 450 532 tem
495 477 724 546 auferri,
752 480 797 534 si
834 477 1080 548 quando,
1106 488 1164 532 ut
1201 478 1447 533 accidere
1511 487 1712 548 potest,
1761 480 1829 532 ab
1853 492 1914 532 ea

2044 474 2292 544 ςτόματός
2335 490 2440 544 μου
2471 473 2532 527 τδ
2590 472 2904 544 ἀληθεύειν,
2952 472 3099 535 είκδς
3157 472 3266 542 γὰρ
3305 472 3602 542 ψεύσασθαι

342 583 431 622 me
463 567 719 624 decidere
751 571 1041 640 contigerit
1067 589 1082 637 ;
1115 568 1222 636 vel,
1255 570 1335 624 Ne
1358 567 1513 623 valde
1537 583 1654 623 eam
1682 569 1924 633 auferas,

2044 581 2108 635 με
2129 581 2144 596 ο
2178 569 2270 618 καὶ
2296 565 2372 636 μὴ
2398 564 2659 636 περιέλῃς
2698 563 2960 629 ἐπιπολὺ,
3017 563 3267 617 τουτέστι
3323 566 3622 636 μηδέποτε.

343 667 450 713 hoc
476 669 584 724 est,
607 675 889 731 nunquam
927 661 1176 717 auferas.
2729 669 2742 682 '

419 750 683 817 Quoniam
716 755 770 806 in
792 753 1015 825 judiciis
1063 754 1170 808 tuis
1209 754 1598 821 supersperavi.
1655 752 1927 818 Quoniam

347 843 403 896 in
435 844 548 912 lege
573 855 663 899 tua
691 846 846 900 valde
879 847 1094 914 speravi
1122 885 1137 910 ,
1189 845 1470 900 conlidens
1501 845 1545 899 si
1570 846 1744 915 legem
1779 852 1929 898 tuam

353 947 670 1000 servavero,
702 937 1143 993 conservandam
1174 936 1228 989 in
1264 951 1350 991 nte
1378 951 1499 992 esse
1539 936 1790 990 veritatis
1823 943 1930 989 tuae

350 1024 604 1093 gratiam.

425 1115 588 1172 Vsus.
625 1118 714 1173 Η.
763 1119 829 1172 Εἰ
875 1121 1171 1176 custodiam
1215 1122 1378 1193 legem
1429 1130 1574 1174 tuam
1607 1135 1832 1188 semper,
1878 1119 1931 1172 in

349 1209 603 1263 swculum
629 1221 677 1265 et
705 1214 760 1266 in
791 1216 1042 1268 saxulum
1073 1215 1278 1270 seculi.
1329 1213 1555 1283 Semper
1585 1213 1754 1280 legem
1783 1222 1931 1266 tuam

351 1303 687 1366 custodiam,
724 1306 827 1358 hoc
860 1313 968 1370 est,
1020 1306 1074 1359 iu
1117 1305 1268 1362 ontui
1309 1306 1548 1376 negotio.
1599 1304 1697 1358 Illa
1746 1312 1930 1358 autem

2113 747 2240 800 Ὅτι
2276 747 2376 799 ἐπὶ
2399 745 2524 813 τοῖς
2557 747 2808 817 κρίμασί
2827 761 2947 801 σου
2976 745 3318 811 ἐπήλπισα.
3365 746 3493 798 Ὅτι
3523 745 3624 797 ἐπὶ

2035 837 2128 890 τὸν
2157 837 2322 907 νόμον
2358 854 2452 894 σου
2502 838 2712 907 σφόδρα
2743 838 2973 907 ἤλπισα,
3008 838 3251 908 θαρρῶν,
3297 837 3379 890 ὅτι
3425 854 3626 905 συντη-

2039 928 2342 998 ρηθήσεταί
2371 946 2462 998 μοι
2489 928 2548 981 τὸ
2576 929 2676 998 τῆς
2716 927 2978 998 ἀληθείας
3003 929 3270 1000 χάρισμα,
3300 927 3623 997 φυλάττοντι

2040 1019 2251 1073 τοῦτον.

2109 1109 2220 1164 Καὶ
2275 1108 2529 1178 φυλάξω
2582 1108 2691 1162 τὸν
2748 1110 2942 1178 νόμον
2989 1124 3110 1164 σου
3166 1111 3495 1178 διαπαντὸς
3537 1115 3624 1178 είς

2041 1200 2149 1254 τὸν
2197 1199 2406 1268 αἰῶνα,
2469 1200 2568 1254 καὶ
2627 1202 2715 1266 είς
2750 1201 2861 1254 τὸν
2884 1200 3073 1255 αἰῶνα
3119 1202 3226 1256 τοῦ
3249 1203 3490 1269 αἰῶνος.
3524 1205 3624 1257 Διὰ

2042 1294 2266 1359 παντὸς,
2297 1295 2466 1364 ῆγουν
2492 1294 2550 1346 ὲν
2579 1293 2745 1346 παντὶ
2775 1294 3090 1364 πράγματι.
3147 1295 3220 1346 Τὸ
3270 1294 3326 1348 δὲ
3369 1299 3476 1360 Εἰς
3519 1296 3629 1348 τὸν

350 1395 516 1448 verba
549 1413 560 1447 :
606 1394 672 1447 In
707 1397 961 1451 swculum
991 1406 1038 1452 et
1069 1401 1121 1452 in
1153 1401 1409 1454 swculum
1437 1397 1642 1464 ueculi,
1681 1397 1824 1452 idem
1855 1398 1934 1452 si-

2044 1383 2250 1447 αἰῶνα,
2279 1385 2377 1438 καὶ
2409 1388 2498 1452 εις
2525 1385 2632 1439 τόν
2696 1385 2885 1438 αίῶνα
2928 1385 3034 1440 τοῦ
3083 1385 3321 1453 αἰῶνος,
3375 1388 3626 1449 ὲπίτασίς

357 1486 620 1552 gniﬁcant
677 1489 822 1557 quod
854 1505 1090 1560 semper,
1154 1491 1372 1547 tametsi
1403 1491 1470 1546 ad
1508 1490 1772 1560 majorem
1813 1505 1934 1560 per-

2044 1480 2159 1530 ἐστι
2179 1476 2274 1530 τοῦ
2313 1478 2426 1530 Ἀεί
2467 1493 2480 1508 °
2515 1477 2548 1548 ἢ
2597 1477 2733 1547 όμοῦ
2763 1479 2966 1543 πάντα,
2998 1477 3061 1529 τὸ
3091 1478 3183 1531 ἀεὶ
3243 1479 3625 1547 σημαίνουσιν,

355 1579 634 1647 petuitatis
717 1590 880 1649 atque
955 1584 1283 1639 aeternitatis
1350 1584 1712 1638 intensionem
1789 1583 1933 1636 dicta

2044 1569 2119 1630 ὡς
2169 1565 2311 1622 εἶναι
2363 1569 2424 1621 τὸ
2485 1569 2584 1636 μὲν
2643 1569 2992 1636 διαπαντὸς,
3030 1572 3152 1623 ἀντὶ
3180 1572 3272 1624 τοῦ
3301 1573 3396 1625 ἀει
3423 1589 3436 1601 ·
3473 1574 3540 1625 τὰ
3569 1573 3626 1624 δὲ

354 1671 518 1722 etiam
566 1683 686 1724 esse
737 1681 986 1739 possunt.
1026 1669 1121 1726 Vel
1154 1691 1166 1726 :
1195 1673 1517 1726 Custodiam
1556 1674 1699 1726 hanc
1761 1674 1933 1742 legem

2045 1657 2244 1728 ἑφεξῆς
2283 1658 2732 1728 ὲφερμηνευτικὰ
2755 1657 2852 1710 τοῦ
2879 1658 2993 1723 ἀεὶ,
3042 1659 3074 1728 ἦ
3112 1659 3206 1711 καὶ
3263 1659 3347 1712 ὅτι
3406 1658 3630 1727 φυλάξω

357 1767 525 1822 tuam,
561 1775 667 1813 non
699 1761 755 1814 in
795 1762 898 1816 hoc
926 1770 1139 1816 tantum
1165 1751 1397 1830 'szeculo,
1436 1763 1531 1819 sed
1565 1765 1727 1818 etiam
1764 1763 1818 1816 in
1849 1763 1934 1815 iu-

2045 1749 2258 1814 τοῦτον,
2293 1751 2354 1802 οὐ
2389 1751 2552 1830 μότον
2595 1752 2654 1804 ὲν
2680 1750 2757 1819 τῷ
2781 1752 3018 1820 παρόντι
3056 1750 3178 1821 βίῳ,
3233 1751 3370 1805 ἀλλὰ
3414 1751 3510 1806 καὶ
3575 1754 3632 1803 ἐν

358 1861 505 1916 turo,
538 1852 683 1920 quod
734 1853 994 1907 saxulum
1049 1855 1233 1908 saeculi
1281 1855 1625 1923 appellatur,
1679 1861 1934 1921 tanquam

2049 1839 2125 1909 τῷ
2165 1839 2436 1909 μέλλοντι,
2491 1821 2554 1904 δς
2589 1842 2740 1892 ἐστιν
2771 1841 2907 1893 αἰὼν
2937 1841 3030 1892 τοῦ
3073 1841 3267 1904 αἰῶνος
3295 1840 3510 1906 τούτου,
3555 1841 3633 1903 ὡς

356 1945 610 2012 prmsenti
682 1947 883 1999 saeculo
945 1947 1290 2002 honoratius.
1353 1947 1450 2000 His
1512 1953 1694 2000 autem
1759 1945 1934 2000 verbis

2044 1931 2412 2003 τιμιώτερος·
2466 1930 2536 1986 δι’
2566 1928 2628 1986 οὗ
2649 1934 2911 2002 ἐμφαίνει
2959 1934 3022 1988 τὸ
3079 1935 3292 2006 σφόδρα
3352 1935 3635 2004 πρόθυμον

359 2036 813 2106 promptitudinis
857 2037 1258 2092 vehementiam
1308 2037 1729 2103 demonstravit,
1776 2052 1934 2104 quam

2048 2029 2149 2099 τῆς
2179 2027 2427 2100 περὶτοῦ
2451 2029 2626 2106 ,νόμου
2662 2031 2911 2102 φυλακῆς
2941 2031 3136 2084 αὑτοῦ.

356 2127 612 2191 habebat,
650 2136 710 2181 ut
741 2128 908 2198 legem
941 2129 1281 2183 observaret.
1596 2190 1603 2196 ,

427 2216 596 2273 Vens.
634 2220 726 2274 45.
753 2221 821 2272 Et
860 2221 1198 2274 ambulabant
1225 2221 1277 2274 in
1305 2220 1608 2282 latitudine,
1635 2222 1761 2290 quia
1793 2236 1934 2272 man-

2108 2212 2215 2267 Kal
2241 2213 2620 2282 ἐπορευόμην
2645 2213 2716 2267 ἐν
2748 2212 3103 2282 πλατυσμῷ,
3135 2213 3225 2268 ὅτι
3250 2213 3358 2281 τὰς
3381 2215 3638 2283 ἐντολάς

357 2312 492 2362 data
547 2319 641 2364 tua
683 2313 963 2381 exquisivi.
1021 2312 1285 2381 Prospere
1323 2313 1600 2380 dirigebar
1645 2313 1712 2368 ad
1753 2311 1934 2365 omnia

2050 2320 2170 2360 σου
2215 2303 2573 2376 ἐξεζήτησα.
2617 2305 2956 2376 Εὐωδούμην
2979 2307 3061 2369 είς
3090 2307 3294 2372 πάντα,
3319 2307 3402 2361 ὅτι
3429 2308 3529 2370 τὰς
3547 2309 3639 2362 ἒν-

357 2417 478 2470 quze
505 2403 713 2471 agenda
741 2413 920 2458 erant.
952 2404 1131 2460 Causa
1159 2414 1340 2460 autem
1369 2403 1532 2473 hujus
1555 2405 1630 2457 rei
1667 2403 1788 2468 fuit,
1813 2403 1934 2472 quia

2046 2397 2208 2460 τολάς
2255 2416 2349 2451 σου
2380 2399 2668 2468 ἠγάπησα.
2701 2399 2769 2450 ἸΙ
2801 2398 2892 2451 καὶ
2915 2397 3256 2466 θλιϐόμενος,
3283 2399 3385 2453 οὐκ
3424 2402 3636 2454 ἐστενο-

355 2493 617 2548 ntaudata
647 2503 741 2549 tua
769 2496 955 2550 dilexi.
989 2497 1080 2550 Vel
1113 2511 1238 2550 cum
1266 2497 1670 2552 calamitatibus
1701 2497 1934 2550 cireum-

2050 2491 2350 2560 χωρούμην
2384 2507 2397 2520 ο
2421 2491 2483 2542 τὸ
2514 2490 2624 2560 γὰρ
2671 2489 2972 2544 συνειδέναι
3007 2492 3090 2544 ὅτι
3140 2492 3241 2554 τὰς
3281 2491 3502 2556 ἐντολάς
3541 2508 3638 2544 σου

356 2585 538 2648 darer,
571 2587 754 2641 animo
802 2603 912 2642 non
961 2589 1221 2659 angebar,
1258 2589 1384 2658 quia
1432 2589 1576 2643 inter
1614 2588 1934 2642 alllictiones

2049 2583 2380 2652 ὲξεζήτησα,
2407 2585 2464 2636 ὲν
2491 2583 2674 2653 θλίψει
2697 2583 2970 2638 ὲπλάτυνέ
3009 2602 3079 2655 με
3104 2600 3119 2616 '
3167 2588 3480 2658 παρηγορεῖ
3529 2587 3638 2655 γὰρ

357 2676 490 2729 illud
526 2678 658 2731 tuihi
692 2680 885 2734 saltem
915 2680 1268 2736 delectationi
1301 2687 1357 2734 et
1389 2680 1589 2736 solatio
1617 2693 1756 2745 erat,
1791 2677 1934 2747 quod

2048 2677 2110 2728 τὸ
2143 2674 2351 2742 ἀγαθὸν
2381 2675 2643 2738 συνειδός.

357 2771 619 2838 conscius
651 2773 781 2828 mihi
809 2788 1012 2839 essem,
1043 2774 1336 2845 diligenter
1400 2789 1488 2830 me
1554 2775 1866 2846 exquisisse
1931 2773 2117 2828 omnia
2149 2770 2430 2838 mandata
2483 2779 2602 2827 tua.
2671 2772 2822 2829 Solet
2869 2783 3052 2830 autem
3109 2777 3246 2830 bona
3301 2775 3638 2832 conscientia

358 2869 656 2922 niaximum
691 2884 908 2940 semper
934 2872 1177 2928 solamen
1209 2878 1492 2943 praestare.

431 2958 595 3016 Vens.
627 2961 715 3015 l6.
747 2962 813 3014 Et
840 2961 1089 3031 loquebar
1137 2964 1192 3016 in
1243 2963 1561 3018 testimoniis
1605 2963 1710 3016 tuis
1748 2977 1931 3016 coram

2107 2954 2214 3010 Kal
2246 2953 2518 3008 ἐλάλουν
2543 2953 2614 3008 ἐν
2638 2971 2762 3022 τοις
2785 2957 3128 3026 μαρτυρίοις
3190 2973 3330 3021 σου,
3359 2958 3642 3013 ἐναντίω·

359 3049 587 3120 regibus,
616 3061 666 3104 et
693 3067 794 3105 non
827 3053 1210 3122 confundebar.
1234 3053 1521 3125 Loquebar
1547 3055 1719 3125 legem
1745 3068 1931 3109 coram

2044 3046 2367 3113 βασιλέων,
2399 3046 2499 3100 καὶ
2531 3049 2644 3100 οὐκ
2695 3047 3077 3118 ᾐσχυνόμην.
3117 3049 3374 3106 Ἐλόιλουν
3407 3051 3498 3106 τὸν
3553 3054 3640 3106 νό-

361 3140 605 3210 regibus.
638 3152 691 3196 et
716 3142 917 3197 bonum
949 3145 1076 3201 inde
1099 3162 1301 3202 nomen
1338 3149 1706 3218 reportabam.
1737 3146 1934 3201 Libero

2045 3158 2145 3209 μον
2164 3156 2280 3204 σου,
2302 3138 2542 3192 ἐνώπιον
2575 3139 2864 3208 βασιλέων,
2928 3142 3024 3195 καὶ
3047 3141 3374 3211 εὐδοκίμουν
3400 3160 3415 3176 ·
3461 3145 3641 3216 ὲπαρ·

363 3233 508 3287 euim
545 3233 804 3302 loquebar
847 3236 901 3289 in
952 3238 1225 3294 mandatis
1271 3237 1402 3302 tuis,
1454 3247 1509 3294 et
1550 3239 1748 3295 timore
1791 3238 1934 3293 nullo

2047 3231 2397 3304 ῥησιαζόμην
2429 3233 2487 3284 ἐν
2518 3234 2640 3296 ταῖς
2662 3235 2909 3297 ἐντολαῖς
2938 3252 3057 3302 σου,
3085 3237 3181 3290 καὶ
3230 3237 3328 3307 οὐχ
3375 3239 3639 3292 ὑπεστελι

361 3325 676 3379 eoltibebar.
739 3328 1064 3397 Congruunt
1117 3330 1284 3384 etiam
1347 3330 1464 3386 haec
1517 3331 1682 3387 verba
1742 3329 1934 3386 sancti:

2054 3325 2230 3397 λόμην
2259 3341 2273 3356 ⁸
2307 3325 2538 3397 ἁρμόζει
2568 3326 2624 3378 δὲ
2653 3325 2833 3394 τοῦτο,
2883 3327 2982 3382 καὶ
3047 3332 3161 3393 τοῖς
3206 3329 3348 3400 ὑπὲρ
3393 3331 3637 3400 Χριστοῦ

357 3416 562 3470 Christi
593 3419 950 3489 martyribus.

2055 3418 2320 3490 μάρτυσι.

435 3507 595 3564 Vens.
627 3511 715 3576 47,
741 3512 829 3567 48.
861 3512 926 3566 Et
957 3515 1256 3570 meditabar
1283 3516 1339 3570 in
1372 3515 1638 3570 mandatis
1677 3515 1807 3582 tuis,
1828 3531 1934 3584 qua

2123 3509 2236 3563 Kal
2255 3510 2552 3580 ἐμελέτων
2580 3511 2651 3564 ἐν
2670 3511 2802 3577 ταῖς
2834 3512 3114 3580 ἐντολαῖς
3150 3530 3292 3583 σου,
3345 3512 3443 3582 οἷς
3488 3517 3638 3587 ἠγά-

363 3598 524 3652 dilexi
550 3600 718 3654 t'alde.
757 3600 828 3654 Et
858 3602 1024 3657 levavi
1055 3621 1244 3658 manus
1280 3621 1422 3658 meas
1446 3606 1515 3656 ad
1549 3605 1804 3657 mandata
1832 3615 1934 3671 tua,

2052 3616 2228 3670 πησα
2257 3603 2496 3671 σφόδρα
2517 3620 2532 3634 ·
2561 3603 2656 3657 καὶ
2695 3599 2811 3673 ἦρα
2843 3603 2951 3671 τὰς
2974 3606 3179 3673 χεῖράς
3203 3626 3322 3677 μου
3352 3609 3503 3677 πρὸς
3532 3610 3640 3676 τὰς

363 3706 483 3758 quae
507 3691 692 3744 dilexi.
728 3692 1024 3748 Meditabar
1063 3696 1288 3764 quidem
1329 3697 1383 3748 in
1411 3696 1510 3758 eis,
1543 3695 1728 3763 legens
1751 3709 1838 3759 ea,
1869 3695 1934 3748 le-

2046 3693 2306 3759 ἐντολάς
2325 3693 2547 3760 σου,ἂς
2589 3694 2903 3762 ἠγάπησα.
2949 3697 3256 3768 Ἐμελέτων
3291 3702 3390 3770 μὲν
3445 3703 3505 3755 ὲν
3534 3702 3636 3754 αύ-

367 3785 560 3838 vabam
586 3797 764 3839 autem
793 3801 986 3840 manus
1007 3802 1154 3843 meas
1177 3788 1242 3842 ad
1269 3791 1521 3841 mandata
1546 3793 1664 3852 tua,
1690 3785 1934 3855 operibut

2055 3788 2186 3849 τοῖς,
2212 3785 2604 3854 ἀναγινώσκων
2641 3789 2812 3853 αὑτάς
2843 3806 2857 3820 ⁶
2901 3787 3011 3862 ἦρα
3066 3793 3123 3846 δὲ
3172 3794 3272 3858 τὰς
3303 3797 3496 3865 χεῖράς
3532 3813 3634 3866 μου

367 3873 621 3930 videlicet
652 3891 715 3930 ea
757 3879 1060 3946 adimplens
1087 3886 1142 3932 et
1173 3878 1480 3947 perliciens.

2059 3875 2196 3946 πρὸς
2223 3876 2415 3941 αὐτὰς,
2444 3879 2703 3948 πράττων
2738 3881 2932 3945 αὐτάς.
2991 3883 3310 3956 ’Λδιάφορον
3343 3886 3401 3940 δὲ
3431 3889 3490 3940 τὸ
3537 3885 3640 3958 Ait;

366 3965 678 4034 ἠγάπησα,
712 3968 807 4021 καὶ
845 3968 906 4021 τὸ
934 3972 1028 4036 Ἃς
1067 3969 1376 4039 ἠγάπησα.
1416 3971 1491 4024 Τὸ
1531 3971 1631 4041 μὲν
1654 3969 1796 4023 κατὰ
1819 3968 1900 4036 τὸ,
1937 3967 2026 4021 Ἐν
2042 3969 2163 4032 ταῖς
2184 3970 2427 4035 ἐντολαῖς
2449 3989 2542 4026 σου
2567 3973 2833 4028 ἀποδΟΘέν
2865 3991 2879 4006 ο
2914 3975 2978 4029 τὸ
3004 3976 3061 4030 δὲ
3096 3981 3236 4032 κατὰ
3269 3981 3328 4033 τὸ
3357 3981 3498 4053 Πρὸς
3539 3979 3638 4036 τὰς

367 4062 588 4126 ἐντολάς
643 4079 736 4117 σου
747 4104 760 4118 .

440 4154 511 4208 Et
545 4155 842 4210 meditabar
875 4157 929 4210 iu
961 4157 1435 4228 justiﬁcationibus
1477 4160 1603 4213 tuis.
1636 4157 1738 4213 Pro
1779 4155 1949 4212 Medi-

371 4249 524 4302 tabar
549 4249 602 4304 in
636 4249 832 4304 Grazco
865 4249 1095 4319 legimus
1138 4252 1488 4323 Ἦδολέσχουν
1512 4252 1579 4308 de
1606 4251 1764 4321 cujus
1792 4249 1954 4321 signi-

368 4339 623 4396 tieatione
654 4342 908 4412 superius
934 4342 1140 4397 dictum
1167 4353 1273 4399 est.

438 4433 601 4486 Vsus.
634 4433 721 4488 49.
759 4434 960 4488 Memor
994 4445 1108 4491 esto
1143 4437 1283 4491 verbi
1319 4438 1396 4491 tui
1443 4454 1593 4492 servo
1622 4447 1737 4503 tuo,
1766 4438 1818 4491 in
1849 4454 1934 4508 qut

2127 4425 2442 4494 Μνήσθητι
2475 4429 2582 4482 τὸν
2613 4429 2802 4498 λόγον
2830 4443 2949 4484 σου
2980 4429 3061 4496 τῷ
3118 4431 3319 4500 δούλῳ
3368 4450 3507 4499 σου,
3568 4437 3641 4491 ὃν

369 4523 500 4580 mihi
528 4541 669 4594 spem
695 4524 911 4581 dedisti.
959 4527 1098 4598 Erga
1132 4545 1218 4584 me
1261 4545 1482 4585 servum
1530 4541 1708 4595 tuum,
1751 4530 1929 4599 inquit

2055 4519 2405 4589 ἑπήλπισάς
2431 4537 2530 4588 με.
2579 4521 2697 4574 Ἐπ’
2721 4521 2950 4592 ἐμοὶςτῷ
2995 4523 3172 4594 δούλῳ
3210 4542 3306 4579 σου
3365 4528 3638 4600 μνήσθητι

373 4632 583 4670 memor
608 4625 728 4672 esto
767 4617 914 4672 illius
954 4620 1126 4684 verbi,
1161 4621 1215 4674 in
1261 4621 1404 4690 quod
1445 4638 1528 4675 me
1563 4635 1789 4690 sperare
1830 4620 1934 4690 jus-

2057 4610 2146 4663 τὸν
2176 4611 2336 4678 λόγον
2359 4628 2477 4674 σου,
2504 4611 2590 4680 éq’
2642 4611 2700 4664 ὃν
2724 4611 2881 4680 λόγον
2905 4631 3022 4680 σου,
3059 4615 3308 4682 ἐλπίζειν
3345 4635 3412 4688 με
3450 4620 3641 4690 ἐποίη-

372 4708 513 4762 sisti.
547 4706 785 4764 Verbum
821 4719 1005 4765 autem
1039 4713 1141 4767 hoc
1171 4722 1326 4767 tuum
1363 4714 1499 4768 illud
1531 4724 1636 4777 est,
1673 4728 1780 4782 quo
1809 4713 1934 4767 dixi-

2060 4717 2178 4762 σας.
2217 4701 2260 4752 Τ
2269 4701 2396 4776 sese
2426 4703 2454 4754 ό
2485 4702 2645 4770 λόγος
2669 4719 2766 4756 σου
2795 4719 2810 4766 ς
2840 4705 2923 4758 ὄτι
2983 4705 3233 4776 ἐλεήσεις
3283 4710 3380 4762 καὶ
3442 4710 3638 4776 σώσεις

373 4800 444 4854 sti
487 4808 539 4853 te
584 4799 995 4858 misericordem
1047 4817 1190 4869 esse,
1235 4813 1400 4873 atque
1446 4806 1568 4860 ideo
1618 4820 1812 4860 omnes
1857 4821 1934 4860 eo:

2059 4793 2182 4856 τοὺς
2209 4792 2584 4862 φυλάσσοντας
2608 4794 2676 4848 τὰ
2697 4796 3104 4868 προστάγματά
3130 4817 3248 4866 σου,
3311 4803 3496 4868 καθὼς
3544 4808 3641 4860 καὶ

371 4891 538 4945 etiam
569 4891 937 4958 salvaturum,
967 4897 1060 4964 qui
1095 4897 1354 4953 mandata
1390 4907 1486 4952 tua
1548 4898 1913 4954 custodierint

2060 4887 2322 4956 ἀνωτέρω
2362 4887 2702 4956 δεδήλωται·
2762 4889 3081 4959 Μνήσθητι
3135 4893 3214 4958 τῷ
3275 4895 3476 4962 δούλῳ
3522 4915 3639 4953 σου

369 4989 827 5057 quemadmodum
861 4989 990 5043 alibi
1021 4991 1446 5047 declaravimus.
1479 4992 1748 5048 Debemus
1787 4994 1934 5048 etian

2057 4979 2164 5031 τὸν
2185 4979 2374 5046 λόγον
2413 4997 2549 5034 σου.
2612 4980 2946 5053 Θεοπρεπῶς
3003 4985 3059 5038 δὲ
3119 4987 3361 5057 νοητέον,
3402 4991 3497 5044 ἐπὶ
3543 4991 3640 5045 τοῦ

373 5079 536 5150 digne
565 5078 676 5136 Deo
708 5081 1008 5151 intelligere
1033 5099 1344 5140 sermonem
1371 5085 1514 5141 hunc
1539 5103 1552 5140 :
1573 5089 1776 5140 Mentor
1802 5098 1913 5142 esto

2055 5069 2190 5122 Θεοῦ
2215 5071 2275 5122 τὸ
2299 5069 2615 5138 Μνήσθητι
2638 5089 2650 5103 ·
2685 5073 2808 5126 ἀντὶ
2833 5073 2925 5126 τοῦ
2953 5075 3281 5144 Περάτωσον
3307 5096 3320 5110 ·
3345 5081 3641 5153 ἀδιάφορος

369 5186 490 5241 pro,
524 5171 728 5228 Perllce
756 5183 811 5228 et
836 5175 902 5228 ad
939 5175 1101 5229 linem
1138 5176 1414 5232 deducito.
1451 5177 1636 5248 Neque
1661 5181 1807 5236 enim
1840 5179 1934 5233 ull:

2055 5160 2112 5214 δὲ
2147 5163 2176 5231 ἡ
2207 5160 2462 5228 σύνταξις
2492 5162 2587 5216 τοῦ
2617 5163 2956 5233 Μνήσθητι.

369 5267 423 5319 in
462 5263 632 5332 Deum
661 5267 813 5322 cadit
851 5268 1078 5331 oblivio,
1111 5278 1206 5323 aut
1243 5269 1673 5326 reminiscentia.

436 5358 602 5416 Vsus.
629 5359 718 5415 50.
742 5361 867 5416 Hazc
902 5379 980 5415 me
1008 5363 1283 5418 tonsolata
1306 5374 1384 5417 est
1403 5365 1456 5418 in
1483 5363 1783 5417 humilitate
1807 5379 1934 5415 mea.

2120 5366 2276 5430 Αὕτη
2300 5384 2376 5434 με
2412 5368 2834 5435 παρεκάλεσεν
2875 5369 2945 5423 ἐν
2984 5369 3059 5438 τῇ
3109 5373 3465 5427 ταπεινώσει
3492 5391 3634 5443 μου.

368 5447 496 5504 llatc
529 5466 654 5520 spes
691 5452 900 5508 scilicet
936 5471 1020 5509 me
1052 5456 1335 5511 consolata
1373 5467 1478 5521 est,
1519 5458 1622 5511 hoc
1653 5464 1774 5519 est,
1821 5470 1934 5523 spei

2054 5457 2202 5527 Αὕτη
2226 5473 2241 5489 ο
2269 5459 2384 5525 τίς;
2426 5461 2489 5513 Ἥ
2534 5460 2691 5524 ἐλπὶς
2722 5462 2985 5533 δηλονότι.
3015 5461 3164 5537 Αὕτη
3202 5483 3273 5535 με
3318 5467 3642 5536 παρηγόρη-

371 5543 478 5594 ista
512 5544 779 5597 recreavit
813 5559 879 5600 ac
907 5546 1104 5602 refovit
1140 5564 1248 5613 me,
1300 5551 1354 5603 in
1389 5549 1700 5621 humilitate
1737 5563 1802 5600 ac
1846 5547 1934 5600 uti

2061 5568 2172 5615 σεν,
2198 5552 2337 5623 αὕτη
2404 5570 2472 5622 με
2509 5555 2873 5626 ἀνεκλήσατο,
2935 5557 2992 5608 ἐν
3053 5558 3119 5628 τῇ
3151 5556 3481 5612 ταπεινώσει
3511 5573 3639 5628 μου,

377 5632 522 5686 seria
555 5634 641 5688 illa
675 5637 1052 5707 constitutum,
1113 5640 1166 5694 in
1199 5657 1364 5708 quam
1421 5641 1665 5698 assiduae
1689 5637 1934 5694 tentatio-

2059 5649 2122 5717 τῇ
2158 5647 2266 5700 ἀπὸ
2296 5646 2406 5700 τῶν
2433 5647 2779 5718 πειρασμῶν,
2815 5650 2874 5702 ὲν
2893 5651 2958 5719 τῇ
2992 5650 3336 5722 κακοπαθείᾳ
3369 5668 3493 5722 μου.

376 5738 474 5778 nes
513 5734 566 5778 et
591 5727 928 5785 calamitates
963 5747 1048 5786 tne
1083 5733 1445 5788 deduxerant.

454 5815 590 5878 Quia
631 5816 891 5883 eloquium
923 5829 1068 5877 tuum
1103 5824 1380 5890 rit'iﬁcm'it
1428 5839 1521 5878 me.
1561 5823 1831 5891 Verbum,
1866 5826 1948 5880 in-

2126 4151 2232 4205 Καὶ
2259 4152 2650 4222 ἠδολέσχουν
2686 4155 2756 4207 ἐν
2787 4155 2912 4221 τοῖς
2943 4156 3306 4228 δικαιώμασί
3337 4177 3475 4217 σου.
3547 4165 3638 4219 Εἷ-

2059 4260 2219 4314 ρηται
2251 4244 2382 4315 περὶ
2408 4242 2633 4310 τούτων,
2663 4246 2853 4317 ἤγουν,
2897 4249 3025 4319 περὶ
3057 4250 3397 4323 ἀδολεσχὶας.

2066 5819 2077 5832 ’
2137 5827 2265 5879 "Ott
2337 5827 2401 5881 τὸ
2456 5829 2663 5897 λόγιόν
2717 5842 2831 5885 σου
2886 5825 3061 5899 ἔζησέ
3120 5847 3215 5900 με.
3273 5830 3332 5884 'O
3379 5828 3643 5902 δηλωοεῖς
