4052 6462
454 336 599 406 1149

1626 348 2023 416 COMMENT.
2065 352 2154 415 IN
2189 356 2557 421 PSALMOS.

3584 372 3722 440 1150

440 451 704 525 ἀνωτέρω
755 453 914 525 λόγος
965 472 1070 528 μου
1095 496 1110 524 ,
1170 449 1326 523 οὗτος
1393 459 1758 534 ὲζωοποῑησε.
1831 465 2005 539 Σχεδὺε

2134 471 2279 542 quit,
2315 471 2448 528 illud
2492 481 2649 529 tuum
2680 475 2750 531 de
2782 491 2893 547 quo
2924 477 3086 549 paulo
3126 486 3252 538 ante
3283 483 3523 543 diximus
3546 528 3562 551 ,
3591 505 3718 545 cum

438 546 900 620 ἀπονεκρωθέντα
928 551 996 622 τῇ
1029 549 1238 625 ἀγχόνῃ
1260 550 1371 606 τῶν
1403 551 1664 625 θλίψεων.

523 732 929 805 ’Υπερήρανοι
981 737 1379 807 παρηνόμουν
1430 736 1543 806 ἓως
1595 739 1855 810 σφόδρα,
1904 740 2027 797 ἀπὸ

436 824 506 880 δὲ
564 826 674 881 τοῦ
738 828 928 898 νόμου
987 843 1108 885 σου
1164 831 1276 885 οὐκ
1304 830 1610 896 ἐξέκλινα.
1665 832 1895 888 Ἐκεῖνοι
1925 834 2026 905 μὲν

436 920 770 993 παρέϐαινον
806 921 897 977 τὸν
945 923 1110 995 νόμον
1171 940 1268 977 σου
1318 923 1413 978 ἐπὶ
1469 923 1605 981 πολύ
1640 940 1656 958 ’
1702 924 1814 994 ἐγὼ
1848 924 1907 980 δὲ
1961 926 2023 980 οὐ

437 1015 800 1087 συναπήχθην
856 1017 1063 1081 αὐτοῖς.
1121 1018 1196 1072 Ἦ
1247 1017 1611 1090 παρηνόμουν
1660 1019 2024 1090 διαγελῶντές

439 1125 531 1179 με,
574 1107 654 1181 τῷ
683 1109 837 1182 νόμῳ
876 1110 1114 1167 πάντοτε
1158 1112 1595 1183 προσκείμενον·
1643 1111 1758 1184 ἐγὼ
1817 1113 1875 1167 δὲ
1920 1115 2024 1169 οὐκ

432 1200 680 1272 ἀπέστην
706 1202 808 1273 τῆς
832 1202 1069 1276 μελέτης
1095 1203 1284 1259 αὐτοῦ.
1313 1204 1738 1276 ’Υπερηφάνους
1787 1204 1846 1258 δι
1869 1205 2021 1276 λέγει

430 1292 561 1356 τοὺς
602 1293 923 1365 ὑπερόπτας
956 1294 1052 1351 τοῦ
1091 1297 1286 1368 νόμου.
1336 1294 1586 1351 Τοιοῦτοι
1628 1295 1686 1350 δὲ
1738 1297 1937 1363 πάντες
1970 1298 2020 1352 οῖ

432 1385 765 1457 ἐπηρμένοι.

516 1476 866 1548 Ἐμνήσθην
891 1479 1012 1536 τῶν
1043 1480 1344 1552 κριμάτων
1372 1479 1873 1548 σουμὼτάιῶνος,
1898 1468 2019 1538 Κύ-

422 1588 541 1640 ριε,
585 1572 686 1627 καὶ
719 1574 1139 1647 παρεκλήθην.
1173 1574 1299 1629 Τῶν
1321 1575 1611 1646 κριμάτων
1644 1590 1737 1627 σου
1766 1578 1877 1627 τῶν
1919 1571 2018 1627 ἀπ’

426 1661 648 1729 αἰῶνος,
679 1663 791 1720 τῶν
816 1666 912 1719 ἀπ’
940 1666 1138 1738 ἀρχῆς,
1175 1665 1273 1720 καὶ
1298 1666 1379 1728 εἰς
1414 1665 1477 1718 τὸ
1501 1663 1649 1736 ἑξῆς.
1670 1662 1861 1727 Ὅπως
1887 1661 2016 1724 τοὺς

429 1755 533 1824 μὲν
565 1758 736 1828 ἀρετῇ
787 1757 1241 1824 κακοπαθοῦντας
1274 1757 1514 1827 δοξάζει,
1572 1757 1701 1821 τοὺς
1749 1755 1809 1809 δὲ
1843 1755 2016 1826 κακίᾳ

424 1846 841 1921 εὐημεροῦντας
873 1851 1155 1922 ἀτιμάζει.

2138 577 2251 633 prae
2280 564 2449 621 tantis
2480 565 2868 624 amictionibus
2901 582 3151 639 angerer,
3188 587 3252 627 ac
3287 589 3426 645 pene
3469 588 3719 637 mortuus

2134 666 2336 720 essem,
2370 654 2571 711 iterum
2601 671 2688 711 me
2716 657 2783 713 ad
2817 657 2986 714 vitam
3019 663 3318 719 revocavit.

2206 744 2377 802 Vens.
2415 747 2504 803 51.
2533 746 2755 816 Superbi
2786 750 2966 822 inique
2996 752 3219 825 agebant
3262 772 3427 827 usque
3457 759 3639 829 ualde,
3684 780 3718 817 a

2132 837 2243 908 lege
2269 845 2446 892 autem
2493 846 2589 893 tua
2615 854 2722 893 non
2748 840 3024 896 declinavi.
3049 841 3135 898 Illi
3167 843 3387 913 quidem
3424 847 3479 902 in
3523 849 3717 904 multis

2132 929 2307 1000 legem
2342 935 2493 984 tuam
2524 929 3096 1000 transgrediebantur,
3141 948 3244 1003 ego
3292 948 3423 991 vero
3453 934 3564 993 illis
3605 952 3713 993 non

2129 1034 2219 1075 me
2256 1018 2505 1090 adiunxi.
2536 1019 2634 1077 Vel
2671 1039 2687 1077 :
2720 1021 2913 1093 Inique
2956 1022 3211 1093 agebant,
3245 1023 3560 1085 deridentes
3602 1043 3714 1096 me,

2129 1112 2275 1184 quod
2301 1111 2406 1183 legi
2460 1120 2566 1169 tua
2614 1126 2834 1184 semper
2878 1111 3309 1185 incumberem,’
3328 1129 3382 1173 et
3436 1118 3506 1175 ab
3568 1119 3715 1176 illius

2129 1203 2490 1262 meditatione
2515 1218 2802 1277 nunquam
2842 1206 3179 1263 recederem.
3213 1205 3493 1280 Superbos
3527 1217 3711 1265 auten.

2127 1296 2389 1367 appellat,
2421 1296 2558 1367 legis
2587 1306 3016 1369 contemptores.
3049 1297 3210 1356 Tales
3250 1301 3396 1355 enim
3444 1316 3567 1357 esse
3618 1317 3713 1357 so-

2125 1387 2238 1444 lent
2272 1389 2401 1444 elati
2426 1404 2618 1446 omnes
2642 1404 2707 1445 ac
2735 1389 2984 1462 superbi.

2193 1477 2364 1535 Vsus.
2388 1479 2477 1535 52.
2511 1479 2719 1536 Memor
2739 1481 3179 1553 fuijudiciorum
3204 1491 3415 1539 tuorum
3448 1485 3712 1548 aemulo.

2124 1568 2370 1634 Domine,
2399 1580 2448 1626 et
2478 1572 2784 1627 consolatus
2817 1588 2958 1628 sum.
2990 1572 3122 1640 Quae
3155 1588 3186 1628 a
3217 1576 3442 1640 sacculo,
3477 1574 3582 1630 hoc
3604 1586 3712 1641 est,

2124 1676 2248 1733 quae
2286 1662 2355 1718 ab
2395 1663 2558 1720 initio
2611 1672 2775 1730 sunt,
2822 1672 2878 1720 et
2924 1666 2980 1720 in
3014 1664 3258 1720 futurum
3305 1675 3488 1722 erunt.
3526 1667 3586 1722 in
3623 1668 3714 1723 his

2123 1764 2305 1811 autem
2354 1755 2581 1827 iudiciis
2630 1759 2965 1821 continetur,
3013 1758 3159 1828 quod
3205 1760 3408 1815 virtute
3454 1758 3714 1826 pmditos

2044 1842 2090 1899 Β
2118 1846 2391 1915 homines,
2431 1849 2650 1906 tametsi
2691 1849 2759 1905 ad
2816 1858 3032 1921 tempus
3091 1849 3253 1921 atlligi
3282 1840 3594 1921 permittas,
3629 1859 3715 1906 ta-

423 1963 553 2005 men
602 1943 960 2019 gloriﬁcabis.
1007 1944 1283 2016 Quodque
1330 1956 1429 1999 eos
1469 1941 1856 2007 inbonorabis,
1912 1938 2010 2012 qui
2052 1939 2239 2012 pravis
2298 1940 2497 1999 imbuti
2578 1947 2710 2000 sunt
2768 1940 3039 2009 moribus,
3110 1957 3428 2013 quanquam
3493 1942 3701 1999 interea

421 2046 799 2118 tranquillam,
829 2057 892 2100 ac
919 2042 1137 2101 felicem
1170 2043 1339 2098 vitam
1378 2041 1581 2113 degere
1610 2039 1928 2098 videantur.

503 2137 744 2208 Ἇθυμία
773 2137 1034 2207 κατέσχε
1055 2153 1153 2206 με,
1201 2135 1322 2192 ἀπὸ
1351 2133 1717 2206 ἁμαρτωλῶν
1758 2132 1880 2188 τῶν
1906 2131 2006 2202 ἑτ-

417 2230 999 2302 κιιταλιιι-τιαενόντων⁹
1035 2230 1145 2286 τὸν
1194 2230 1385 2300 νόμον
1431 2244 1572 2284 σου.
1602 2227 1896 2300 Ἦούμησα
1934 2225 2004 2282 δι’

420 2324 656 2391 αὐτούς·
698 2322 862 2380 τοῦτο
907 2324 1007 2395 μὲν
1051 2323 1430 2395 ὀργιζόμενος,
1479 2323 1565 2378 δτι
1612 2321 1871 2379 ἀθετοῦσι
1909 2321 2005 2378 τὸν

414 2420 584 2491 νόμον
609 2436 704 2474 σου
730 2435 747 2453 ο
775 2417 938 2473 τοῦτο
961 2417 1021 2472 δὲ
1043 2416 1407 2489 λυπούμενος,
1437 2416 1520 2471 ὅτι
1540 2415 1895 2473 ἀπόλλυνται.

491 2598 703 2656 Ψαλτὰ
731 2594 896 2671 ἦσάν
912 2615 1017 2669 μοι
1056 2598 1130 2654 τὰ
1172 2597 1539 2669 δικαιώματὰ
1575 2612 1695 2654 σου
1732 2598 1804 2654 ἐν
1839 2600 2004 2663 τόπῳ

413 2693 733 2763 παροικίας
747 2710 891 2764 μου.
928 2691 1283 2761 Ψαλλόμενα,
1329 2690 1581 2745 τουτέστι
1648 2689 2004 2763 μελετώμενά

419 2802 533 2855 μοι,
563 2783 694 2838 ἔνθα
720 2784 1041 2855 παρῴκουν,
1066 2785 1124 2838 ἑν
1150 2784 1249 2855 οἴῳ
1269 2782 1337 2838 ἂν
1359 2784 1514 2856 τόπῳ
1538 2783 1751 2854 διῆγον.
1785 2784 1860 2839 ⁰Η
1905 2782 2003 2838 καὶ

414 2879 620 2942 ἄλλωςθ
657 2878 749 2932 Ἐν
767 2877 1007 2948 ψαλμοῖς
1046 2873 1190 2948 ἦσάν
1220 2893 1351 2948 μοι·
1382 2876 1639 2947 ψαλμοὺς
1661 2875 1804 2932 αὐτὰ
1842 2878 2001 2931 ἑποι-

411 2972 476 3025 ού
484 2987 615 3044 μην,
634 2971 733 3027 καὶ
752 2971 972 3043 ψάλλων
994 2970 1137 3025 αὐτὰ
1161 2969 1563 3042 ιύφραινόμην.

494 3151 841 3223 Ἐμνήσθην
871 3151 943 3206 ἂν
967 3150 1142 3205 νυκτὶ
1184 3151 1294 3205 τοῦ
1357 3149 1652 3221 ὀνόματός
1690 3163 1831 3218 σου,
1882 3152 1999 3209 Κύ-

408 3243 641 3313 ριε,και
668 3243 949 3314 ἐφύλαξα
976 3240 1087 3297 τὸν
1105 3242 1297 3312 νόμον
1351 3258 1493 3298 σου.
1548 3243 1637 3297 Ἐν
1688 3243 1867 3312 νυκτὶ,
1908 3244 1997 3299 ὅτε

415 3336 622 3407 μᾶλλον
639 3336 692 3390 οῖ
724 3334 982 3407 δαίμονες
1005 3335 1107 3405 τῆς
1147 3333 1495 3401 ἀκαθαρσίας
1557 3334 1861 3407 ἐνοχλοῦσι,
1906 3337 1998 3393 διὰ

414 3395 639 3501 ξινήμης
663 3445 724 3483 σε
768 3395 1113 3500 ποιούμενός,
1136 3395 1490 3500 ἐσωφρόνουν
1516 3428 1596 3500 τῷ
1651 3395 1811 3499 ἷρόδω
1846 3395 1992 3485 ’σουο
2022 3395 2071 3460 ‘3

410 3521 445 3591 ἢ
472 3521 529 3577 δν
568 3522 727 3577 νυκτὶ
744 3521 858 3576 τῶν
883 3519 1079 3576 παθῶν
1137 3523 1228 3576 ὅτε
1250 3522 1348 3575 ὑπ’
1373 3521 1557 3577 αὐτῶν
1585 3521 1785 3587 ὲζοφού
1796 3540 1950 3591 urv._

477 3783 642 3852 Αὕτη
699 3799 807 3852 μοι
848 3782 1151 3854 ἐγενήθη,
1202 3782 1292 3838 ὅτι
1335 3782 1410 3839 τὰ
1463 3784 1829 3856 δικαιώματά
1881 3800 2000 3842 σου

406 3874 762 3943 ἐξεζήτησα.
784 3873 933 3946 Αὕτη
965 3876 999 3946 η
1029 3876 1219 3947 μνήμη
1241 3893 1257 3909 ο
1285 3875 1445 3930 εἴωθε
1465 3877 1574 3946 γὰρ
1619 3877 1887 3941 πολλάκις
1917 3880 2000 3942 εἰς

405 3965 577 4035 ὄνομα
627 3964 688 4018 τὸ
736 3965 888 4036 ῥῆμα
943 3964 1410 4036 μεταλαμϐάνειν,
1467 3966 1545 4030 ὡς
1584 3967 1672 4033 τὸ,
1728 3968 1895 4036 Αὕτη
1922 3985 2001 4037 με

408 4055 852 4125 παρεκάλεσεν,
896 4056 965 4111 ἐν
994 4054 1070 4124 τῇ
1099 4054 1457 4126 ταπεινώσει
1482 4071 1620 4122 μου.
1647 4056 1812 4125 Λέγει
1840 4057 1994 4126 γοῦν,

404 4124 496 4200 ὅτι
520 4145 660 4218 αῦτη
699 4147 733 4217 ἡ
764 4146 957 4219 μνήμη
1026 4145 1222 4216 γέγονέ
1246 4124 1365 4217 μοι,
1401 4147 1510 4199 ἀπὸ
1538 4146 1634 4200 τοῦ
1670 4124 1877 4220 σφόδρα
1901 4150 1996 4218 ζη-

404 4240 518 4291 τεῖν
547 4222 616 4292 τὰ
667 4237 1016 4311 δικαιώματά
1063 4255 1180 4294 σου.
1245 4237 1488 4293 Ἐκεῖθεν
1532 4237 1770 4312 γὰρ’τὸν
1825 4240 1996 4309 φόϐον

406 4331 625 4389 ἔλαϐον.

476 4425 661 4495 Μερίς
683 4443 804 4496 μου
824 4420 899 4490 ετ,
931 4426 1128 4496 Κύριε·
1156 4420 1300 4483 εἶπα
1326 4425 1437 4482 τοῦ
1461 4423 1863 4497 φυλάξασθαι
1886 4427 1995 4482 τὸν

404 4517 597 4588 νόμον
620 4532 761 4576 σου.
799 4517 977 4589 Μερις
1014 4534 1117 4589 μου
1135 4512 1207 4584 εἷ,
1233 4517 1573 4591 κληρονομία
1599 4536 1727 4590 μου,
1755 4518 1996 4585 πλοῦτός

409 4627 537 4680 μου,
568 4611 1091 4684 καταφρονήσαντος
1135 4612 1236 4685 τῆς
1287 4613 1384 4668 ἐπὶ
1430 4615 1535 4685 γῆς
1601 4612 1842 4686 μερίδος·
1904 4614 1996 4670 διὰ

403 4699 567 4754 τοῦτο
588 4699 777 4756 λοιπὸν
805 4696 961 4756 εἶπα,⁹
987 4701 1324 4776 Συνεθέμην.
1360 4703 1806 4777 ἐπηγγειλάμην,
1859 4707 1991 4777 περὶ
2025 4749 2069 4804 D

404 4791 501 4847 τοῦ
536 4792 926 4863 φυλάξασθαι
948 4794 1050 4849 τόν
1079 4796 1272 4867 νόμον
1296 4812 1414 4852 σου
1443 4797 1819 4870 ἀπαράϐατον.

487 4970 781 5040 Ἐδεήθην
804 4974 914 5028 τοῦ
945 4973 1273 5043 προσώπου
1313 4989 1433 5031 σου
1472 4974 1545 5030 ἐν
1609 4974 1724 5045 ὅλῃ
1774 4975 1989 5046 καρδίᾳ

399 5082 544 5136 μου,
573 5065 840 5134 ἐλέησόν
881 5083 959 5137 με
993 5067 1145 5121 κατὰ
1188 5065 1256 5120 τὸ
1281 5067 1493 5137 λόγιόν
1525 5083 1665 5122 σου.
1723 5067 1987 5139 Ἐδεήθην

401 5158 760 5230 ὀλοκαρδίως,
816 5160 947 5230 περὶ
996 5161 1097 5230 τῆς
1145 5159 1423 5231 ἁμαρτιας
1469 5178 1570 5231 μου
1600 5159 1865 5231 ⁸ἐλέησόν
1890 5177 1981 5230 με,

407 5249 636 5305 κατὰτὸ
679 5251 859 5320 λόγιόν
905 5269 1000 5306 σου
1044 5269 1058 5282 ’
1124 5255 1432 5324 γέγραπται
1475 5253 1586 5324 γὰρ
1634 5256 1691 5307 ὲν
1729 5253 1808 5324 τῷ
1843 5255 1994 5325 νόμῳ

407 5343 679 5399 ἐλεεῖσθαι
700 5345 827 5408 τοὺς
869 5345 1300 5416 μετανοοῦνταςο
1331 5347 1364 5417 ἢ
1397 5347 1541 5400 κατὰ
1565 5348 1666 5413 τὴν
1701 5346 1994 5417 ὑπόσχεσιν

407 5451 527 5491 σουο
560 5437 755 5508 ἥκατὰ
783 5441 882 5511 τὴν
902 5439 1172 5510 διάκρισίν
1222 5457 1316 5494 σου
1338 5457 1352 5471 ·
1408 5439 1518 5494 Τοῦ
1550 5439 1878 5508 προσώπου
1909 5441 1988 5507 δὲ,

405 5536 527 5585 ἀντὶ
547 5531 641 5585 τοῦ
669 5531 795 5596 Σοῦ,
828 5534 969 5586 κατὰ
1005 5535 1361 5604 περίφρασιν.

476 5708 919 5780 Διελογισὰμιιγ
948 5710 1052 5778 τὰς
1074 5712 1254 5780 ὁδούς
1279 5728 1415 5777 σου,
1469 5713 1566 5767 καὶ
1635 5714 1983 5784 ἐπέστρεψα

403 5798 547 5869 τοὺς
561 5799 751 5869 πόδας
775 5818 895 5873 μου
918 5804 1001 5871 εις
1031 5802 1102 5859 τὰ
1117 5804 1409 5875 μαρτύριά
1431 5805 1980 5882 σουηΔιελογιζόμην

2414 2062 2445 2087 I
3106 2080 3111 2085 .

2181 2124 2350 2182 Vens.
2384 2125 2475 2182 55.
2529 2124 2776 2182 Tristitia
2823 2125 3048 2181 detinuit
3083 2142 3182 2188 me,
3218 2141 3314 2193 pro
3345 2126 3705 2193 peccatoribus

2110 2214 2613 2287 derelinquentibus
2666 2215 2829 2286 legem
2879 2225 3053 2270 tuoin.
3088 2216 3288 2272 Tristis
3345 2217 3444 2279 lui,
3488 2217 3707 2288 inquit,

2105 2319 2333 2381 propter
2377 2315 2718 2380 peccatores,
2761 2308 2967 2379 partim
3019 2307 3241 2378 quidem
3285 2308 3493 2375 iratus,
3552 2313 3704 2381 quod

2105 2390 2280 2472 legem
2306 2407 2455 2456 tuam
2483 2398 2624 2457 adeo
2645 2406 3030 2466 contemnant,
3052 2400 3249 2470 partim
3278 2400 3446 2456 etiam
3474 2398 3695 2469 dolens,

2107 2492 2256 2565 quod
2298 2492 2401 2564 ipsi
2436 2492 2665 2563 perituri
2700 2493 2833 2550 sint.

2179 2584 2349 2641 Vsus.
2391 2584 2485 2640 54.
2547 2583 2858 2641 Cantabiles
2895 2584 3025 2641 mihi
3076 2592 3230 2640 erant
3275 2586 3695 2656 justiﬁcationes

2106 2688 2235 2746 tute,
2269 2680 2325 2732 in
2359 2678 2475 2733 loco
2522 2676 2966 2749 peregrinationis
3015 2694 3170 2734 meas.
3217 2679 3538 2747 Cantandaa,
3594 2681 3702 2736 hoc

2104 2782 2213 2839 est,
2246 2771 2577 2829 meditandaa
2608 2786 2636 2824 a
2670 2785 2759 2826 me
2790 2779 2961 2838 sunt;
3004 2769 3320 2841 ubicunque
3348 2772 3698 2839 habitavere,

2103 2867 2424 2938 ubicunque
2471 2866 2643 2920 vitam
2679 2863 2902 2934 degere.
2932 2863 3031 2919 Vel
3067 2864 3230 2919 aliter
3265 2882 3279 2919 :
3323 2862 3472 2920 Loco
3526 2865 3706 2921 canti-

2104 2972 2301 3016 corum
2338 2956 2473 3011 mihi
2503 2961 2687 3018 erant,
2724 2963 2780 3012 et
2808 2956 2864 3011 in
2913 2955 3157 3025 psalmos
3187 2971 3282 3011 eas
3329 2956 3465 3011 mihi
3493 2957 3705 3013 consti-

2101 3048 2349 3113 tuebam,
2390 3055 2558 3118 atque
2583 3060 2682 3104 eas
2708 3047 3011 3121 psallendo,
3041 3048 3379 3106 delectabar.

2171 3137 2335 3197 Vens.
2369 3141 2459 3199 55.
2491 3140 2699 3198 Memor
2743 3143 2825 3214 fui
2876 3154 3028 3199 nocte
3054 3144 3287 3198 nominis
3316 3144 3417 3211 tui,
3449 3143 3697 3211 Domine,

2098 3241 2146 3287 et
2168 3231 2427 3288 custodiri
2461 3233 2625 3304 legem
2656 3243 2827 3289 tuam.
2858 3232 3163 3300 Nocturna,
3183 3234 3361 3307 inquit
3384 3272 3400 3299 ,
3449 3242 3695 3304 tempore

2099 3325 2320 3391 quando
2348 3322 2619 3380 immundi
2647 3324 2927 3381 daemones
2982 3323 3171 3394 plures
3203 3323 3383 3380 solent
3407 3324 3699 3396 perturba-

2102 3414 2282 3470 tiones
2315 3413 2533 3481 ali‘erre,
2557 3431 2661 3487 ego
2692 3427 2743 3472 te
2774 3417 2829 3471 in
2855 3415 3116 3472 memoria
3138 3429 3357 3487 semper
3388 3414 3652 3471 habebam
3682 3455 3699 3480 .
3756 3468 3765 3475 .

2101 3517 2156 3563 et
2198 3523 2312 3578 pra:
2362 3508 2562 3565 timore
2604 3519 2700 3564 tuo
2760 3510 3063 3578 sapientior
3124 3507 3415 3564 reddebar.
3468 3505 3591 3574 Vel,
3640 3507 3695 3562 in

2100 3608 2265 3653 nocte
2322 3599 2645 3670 passionum
2693 3609 2859 3671 atque
2907 3599 3206 3655 affectuum
3238 3638 3256 3666 ,
3285 3605 3341 3654 et
3372 3596 3596 3670 quando
3630 3599 3697 3655 ab

2103 3687 2216 3742 illis
2246 3687 2653 3745 obtenebrabar

2171 3779 2336 3836 Vens.
2370 3768 2462 3836 56.
2505 3779 2635 3836 Han:
2668 3783 2816 3852 facta
2850 3790 2930 3837 est
2969 3781 3121 3849 mihi,
3166 3783 3296 3853 quia
3340 3782 3694 3854 justi/italia-

2103 3886 2194 3926 nes
2245 3881 2366 3927 tuas
2407 3873 2689 3943 exquisivi.
2743 3872 2869 3930 llaec
2925 3875 3190 3931 memoria
3243 3875 3481 3931 scilicet.
3544 3873 3698 3930 Solet

2099 3963 2246 4017 enim
2272 3963 2549 4034 Propheta
2574 3964 2873 4036 aliquando
2894 3967 3124 4022 verbum
3151 3976 3369 4022 mutare
3394 3966 3445 4020 in
3470 3981 3693 4032 nomen;

2096 4053 2252 4120 juxta
2305 4053 2495 4110 illud:
2534 4055 2666 4111 Hch
2702 4073 2785 4112 me
2825 4057 3105 4112 consolata
3158 4065 3236 4112 est
3289 4057 3343 4110 in
3398 4057 3697 4129 humilitate
3772 4070 3777 4075 ‘

2099 4159 2236 4198 mea.
2266 4144 2396 4201 Haec
2422 4146 2716 4211 memoria,
2754 4146 2956 4217 inquit,
3014 4146 3141 4202 ideo
3196 4146 3330 4200 mihi
3373 4145 3518 4201 facta
3564 4155 3692 4213 est,

2096 4237 2226 4305 quia
2283 4236 2443 4294 valde
2493 4238 2767 4309 exquisivi
2822 4239 3258 4310 iustiﬁcationes
3324 4247 3471 4295 tuas.
3536 4238 3693 4295 Illinc

2095 4333 2242 4383 enim
2278 4344 2380 4400 ego
2418 4329 2671 4386 timorem
2703 4333 2921 4402 accepi.
3320 4406 3323 4409 _

2104 4468 2109 4473 .
2166 4420 2331 4477 Vens.
2369 4423 2460 4478 57.
2495 4422 2680 4479 Portio
2731 4441 2871 4491 mea,
2926 4423 3149 4479 Domine
3200 4439 3221 4480 :
3268 4423 3386 4480 dixi
3425 4423 3695 4480 custodire

2096 4514 2259 4586 legem
2288 4523 2455 4572 tuam.
2481 4515 2587 4581 'l‘u,
2609 4517 2788 4589 portio
2817 4532 2934 4574 mea
2965 4531 3056 4586 es;
3086 4516 3405 4582 haereditas,
3430 4518 3680 4588 inquam.

2100 4620 2243 4672 mea,
2286 4615 2342 4662 et
2392 4606 2597 4664 divitiae
2654 4622 2809 4665 mete.
2855 4608 2974 4664 Alia
3024 4609 3171 4665 enim
3225 4616 3446 4664 terrena
3504 4607 3690 4663 omnia

2096 4696 2367 4769 despicio.
2396 4699 2575 4767 Atque
2606 4698 2732 4757 ideo
2757 4699 2907 4768 Dixi,
2937 4702 3042 4758 hoc
3071 4710 3176 4767 est,
3202 4698 3489 4757 Pollicitus
3522 4715 3645 4757 sum
3674 4742 3690 4766 ,

2096 4791 2365 4847 custodire
2408 4791 2574 4864 legem
2613 4801 2763 4849 tuam
2786 4832 2804 4861 ,
2859 4799 2916 4851 et
2966 4794 3121 4853 nullo
3157 4801 3323 4866 pacto
3359 4807 3483 4860 eam
3513 4801 3694 4849 trans-

2103 4883 2282 4953 gredi.

2168 4973 2341 5033 Vens.
2377 4977 2469 5034 58.
2528 4977 2846 5050 Deprecatus
2887 4996 3008 5035 sum
3054 4979 3243 5051 faciem
3289 4986 3439 5033 tuam
3484 4975 3540 5030 in
3581 4983 3692 5031 toto

2093 5069 2251 5122 corde
2286 5085 2423 5136 meo,
2474 5070 2722 5126 miserere
2748 5072 2849 5126 mei
2881 5070 3170 5127 secundum
3199 5069 3463 5139 eloquium
3518 5074 3688 5125 tuum.

2092 5157 2193 5221 Te.
2228 5161 2427 5231 inquit,
2469 5177 2567 5232 pro
2598 5163 2819 5219 delictis
2854 5163 2991 5217 meis
3023 5177 3086 5216 ex
3137 5168 3254 5216 toto
3300 5158 3468 5216 corde
3496 5156 3691 5228 depre-

2103 5262 2262 5308 catus
2318 5269 2440 5308 sum
2482 5273 2498 5320 ;
2565 5257 2831 5313 miserere
2876 5271 3005 5327 ergo
3055 5255 3156 5309 mei
3201 5253 3360 5326 juxta
3405 5251 3685 5323 eloquium

2104 5352 2280 5402 tuum.
2318 5345 2597 5418 Scriptum
2627 5357 2711 5405 est
2744 5349 2887 5404 enim
2920 5349 2976 5402 in
3004 5348 3123 5417 lege
3176 5356 3292 5412 tua,
3327 5345 3474 5417 quod
3504 5343 3687 5401 delin-

2101 5438 2388 5508 quentium
2432 5440 2807 5496 misereberis.
2840 5439 2977 5500 Vel.
3013 5439 3326 5495 Secundum
3357 5436 3686 5509 promissio-

2102 5546 2225 5585 nem
2248 5573 2261 5595 ,
2294 5539 2391 5587 aut
2428 5531 2840 5589 distinctionem
2895 5540 3082 5599 tuam;
3119 5547 3217 5603 per
3269 5530 3464 5588 faciem
3502 5538 3680 5586 autem

2097 5622 2214 5685 Dei,
2253 5626 2433 5696 ipsum
2471 5624 2638 5680 Deum
2683 5625 3162 5696 circumloquitur.

2166 5716 2330 5773 Vens.
2357 5719 2443 5774 59.
2482 5717 3503 5789 Cogitaviviastnas,etconuertipedes
3536 5733 3677 5772 meos

2090 5812 2145 5866 in
2179 5812 2472 5868 testimonia
2504 5821 2615 5871 tua.
2640 5811 2835 5884 Legem
2875 5818 3020 5867 lnam
3057 5811 3352 5868 meditatus
3374 5826 3518 5878 sum,
3541 5824 3675 5882 con-
