4052 6440
363 379 500 446 1151

1585 372 1973 433 EUTHYMII
2015 370 2381 432 ZIGABENI

3518 355 3657 421 1152

359 492 818 560 versationisque,
871 504 934 543 ac
985 487 1108 541 vita:
1158 500 1289 540 meae
1339 484 1590 540 semitam
1660 484 1835 539 direxi
1888 484 1952 537 ad

2065 486 2150 539 τὸν
2182 485 2351 554 νόμον
2384 499 2501 545 σου,
2543 480 2743 534 ίθύνων
2773 477 2874 550 τὴν
2905 476 3026 531 ὁδὸν
3063 460 3164 545 τῆς
3204 474 3489 531 πολιτείας
3542 494 3652 546 μου

359 587 618 643 mandata
650 594 766 639 tua.
795 580 1055 648 Quaadam
1088 587 1270 634 autem
1303 578 1644 648 exemplaria
1703 577 1900 631 habent
1936 594 1950 631 :

361 681 603 754 Cogitavi
650 680 761 733 vias
812 691 990 737 meas,
1048 673 1152 728 hoc
1177 680 1260 727 est
1289 713 1303 738 ,
1352 670 1509 741 prius
1564 670 1950 735 consideravi,

358 774 492 846 quid
523 770 789 839 agendum
819 768 946 822 mibi
970 773 1141 832 esset,
1166 770 1260 819 aut
1281 764 1410 835 quid
1434 763 1724 820 dicendum
1747 781 1761 819 :
1790 772 1955 834 atque

362 869 486 922 ideo
515 862 792 919 ambulavi
825 861 968 915 intra
994 859 1255 915 mandata
1290 867 1407 913 tua.

428 1064 592 1118 Vsus.
623 1062 711 1118 60.
753 1061 985 1116 Paratus
1011 1076 1152 1126 sum,
1177 1070 1227 1114 et
1261 1076 1365 1115 non
1413 1076 1533 1114 sum
1576 1058 1822 1114 turbatus
1851 1099 1866 1123 ,
1896 1068 1955 1113 ut

358 1155 659 1213 custodiam
680 1152 935 1207 mandata
962 1161 1077 1205 tua.
1122 1150 1354 1206 Paratus
1372 1166 1496 1206 sum
1531 1150 1597 1205 ad
1628 1150 1953 1205 custodien-

358 1252 487 1305 dum
515 1264 604 1311 ea,
643 1259 808 1316 atque
841 1246 965 1299 ideo
999 1244 1068 1300 ab
1097 1259 1288 1299 eorum
1326 1243 1646 1298 dilﬁeultate
1675 1283 1690 1307 ,
1731 1253 1829 1297 aut
1867 1259 1955 1299 se-

360 1342 601 1395 veritate
625 1338 883 1393 turbatus
912 1351 1021 1391 non
1053 1351 1194 1391 sum.
1224 1336 1421 1391 Malum
1467 1337 1614 1390 enim
1648 1335 1793 1406 quod
1829 1338 1954 1405 quis

361 1435 520 1502 prius
555 1429 895 1494 considerat,
928 1438 1093 1499 atque
1124 1435 1431 1498 exspectat,
1464 1428 1808 1483 tolerabilius
1838 1427 1955 1483 elﬁ-

358 1525 526 1580 citur.
563 1521 658 1577 Vel
682 1522 1025 1577 daemonibus
1056 1563 1071 1585 ,
1103 1535 1199 1576 seu
1234 1520 1635 1576 tentationibus
1685 1535 1771 1574 me
1804 1520 1956 1575 inva-

358 1618 642 1679 dentibus,
668 1616 925 1669 turbatus
957 1629 1067 1668 non
1092 1630 1238 1680 sum,
1265 1614 1474 1679 sciens,
1504 1614 1650 1685 quod
1685 1614 1951 1683 impetum

359 1708 414 1761 in
444 1722 528 1761 me
558 1706 758 1761 facturi
785 1717 967 1764 erant.
1006 1707 1183 1773 Quam
1215 1706 1288 1763 ob
1323 1720 1552 1764 causam
1587 1707 1655 1762 ad
1711 1707 1958 1763 toleran-

366 1802 496 1855 tiam
523 1816 611 1855 me
640 1800 973 1870 praeparari.

432 1909 601 1965 Vsus.
619 1911 708 1965 61.
738 1909 914 1965 Funes
939 1921 1279 1979 peccatorum
1296 1912 1642 1980 circumplexi
1661 1920 1783 1967 sunt
1803 1912 1952 1980 mihi,

353 2011 405 2056 et
438 2001 601 2070 legem
633 2009 782 2054 luam
807 2018 911 2055 non
943 2017 1058 2055 sum
1091 2000 1308 2057 oblitus.
1355 2002 1538 2058 Funes
1578 2011 1950 2071 peccatorum,

354 2108 538 2163 pravae
583 2099 714 2147 sunt
741 2092 1052 2146 dmmonum
1105 2093 1471 2162 cogitationes
1502 2135 1518 2159 ,
1549 2093 1752 2164 quibus
1779 2134 1795 2160 ,
1852 2110 1954 2150 ceu

356 2185 602 2241 vinculis
637 2185 990 2254 quibusdam,
1025 2193 1271 2249 nectere,
1304 2195 1469 2254 atque
1498 2188 1724 2257 alligare
1755 2204 1954 2245 omnes

357 2284 631 2331 conantur
656 2318 670 2342 ,
713 2276 1045 2344 quibuscum
1084 2286 1315 2333 certant.
1348 2276 1413 2332 Hi
1449 2320 1464 2346 ,
1530 2279 1743 2349 inquit,
1795 2282 1955 2336 funes

334 2356 498 2422 lmibi
528 2368 888 2435 eireumplexi
919 2377 1064 2433 sunt,
1100 2385 1201 2425 nec
1238 2377 1421 2425 tamen
1449 2372 1571 2425 ideo
1603 2372 1807 2429 oblitus
1830 2354 1954 2428 sum

367 2457 509 2527 legis
533 2464 661 2512 tuae.
692 2457 844 2512 Illius
871 2457 1018 2513 enim
1057 2458 1275 2523 timore,
1307 2461 1565 2517 omnibus
1602 2472 1952 2532 peccatorum

354 2547 631 2610 vinculis,
664 2543 834 2602 veluti
897 2547 1083 2618 gladio
1114 2550 1352 2619 quodam
1411 2552 1608 2607 incisis
1632 2592 1650 2621 ,
1687 2553 1957 2609 liberatus

357 2636 572 2702 aufugi.

424 2746 592 2803 Vens.
627 2748 717 2802 62.
751 2748 927 2802 Media
951 2760 1102 2805 nocte
1143 2751 1424 2820 surgebam
1453 2762 1513 2807 ut
1541 2754 1954 2824 conﬁterertibi,

354 2841 426 2893 ad
440 2840 904 2909 judiciajustitiie
944 2852 1068 2898 tua.
1130 2843 1304 2899 Media
1367 2854 1528 2902 nocte
1581 2847 1802 2919 quando
1849 2848 1958 2902 daa—

354 2948 549 2988 mones
577 2934 874 2989 adversum
912 2936 1163 2992 homines
1197 2939 1374 3009 magis
1405 2939 1717 3009 insurgunt,
1747 2941 1958 2996 etalim

352 3026 577 3093 quidem
614 3028 682 3082 ad
726 3043 924 3098 pravas
952 3028 1346 3099 cogitationes,
1386 3031 1522 3088 alios
1558 3048 1690 3088 vero
1722 3034 1788 3089 ad
1838 3035 1957 3104 ipsa

352 3127 551 3186 urgent
583 3119 846 3175 facinora.
870 3120 968 3176 Vel
1000 3123 1160 3178 aliter
1187 3141 1200 3178 :
1225 3122 1326 3192 Eo,
1352 3124 1551 3196 inquit,
1572 3133 1820 3198 tempore
1835 3143 1959 3184 sur-

350 3209 543 3281 gebam
579 3226 610 3267 e
638 3212 803 3278 lecto,
841 3221 901 3267 ut
928 3214 1023 3268 tibi
1056 3215 1353 3272 conﬁterer
1376 3237 1417 3283 ,·
1450 3220 1676 3288 quando
1729 3236 1960 3278 somnus

350 3305 778 3372 quiescentibus
801 3307 1028 3361 suavior
1055 3308 1227 3363 videri
1267 3310 1408 3365 solet
1438 3328 1454 3377 ;
1493 3314 1785 3383 surgebam
1814 3314 1961 3382 dico,

347 3405 406 3449 ut
436 3395 752 3463 conﬁterer,
789 3398 891 3453 hoc
926 3408 1033 3463 est,
1069 3411 1128 3454 ut
1153 3403 1362 3468 gratias
1391 3403 1492 3459 tibi
1530 3420 1747 3475 agerem
1779 3447 1794 3471 ,
1826 3423 1956 3478 pro-

349 3494 470 3555 pter
498 3487 708 3557 judicia
752 3488 988 3558 iustitia)
1039 3498 1168 3546 tuae.
1230 3492 1360 3551 Haec
1412 3503 1596 3549 autem
1639 3496 1853 3566 judicia
1903 3507 1961 3554 tu

350 3577 517 3634 nubis
587 3593 850 3649 parcens,
886 3584 1162 3639 mandasti
1222 3585 1344 3657 lege
1387 3593 1480 3641 tua
1528 3587 1840 3657 observari,
1903 3599 1962 3645 ut

350 3670 481 3723 dum
518 3671 598 3725 tui
633 3672 892 3727 timorem
927 3675 1293 3743 addiscimus,
1330 3680 1736 3736 moderatiores
1760 3681 1964 3736 cilicia—

353 3778 501 3827 mur,
576 3780 644 3817 ne
675 3764 1160 3838 intemperantiam
1201 3772 1402 3838 secuti,
1437 3773 1746 3843 majoribus
1801 3776 1960 3830 dam-

349 3869 550 3908 nemur
581 3856 893 3925 suppliciis.
930 3858 1026 3916 Vel
1056 3878 1069 3917 :
1095 3860 1425 3933 Surgebam,
1462 3875 1521 3919 ut
1545 3865 1841 3922 conﬁterer
1864 3867 1960 3922 tibi

263 4015 269 4021 '
345 3957 579 4016 peccata
623 3965 742 4005 mea
772 3993 787 4017 ,
819 3964 1050 4024 propter
1098 3955 1309 4026 judicia
1359 3958 1596 4029 iustitia;
1659 3969 1802 4028 tuae,
1855 3960 1960 4017 hoc

344 4050 451 4102 cst,
487 4040 695 4099 timens
732 4054 971 4116 propter
1000 4063 1090 4104 ea.

416 4151 585 4212 Vsus.
613 4157 702 4214 63.
735 4159 1012 4231 Particeps
1055 4182 1149 4236 ego
1203 4183 1321 4221 sum
1364 4170 1601 4224 omnium
1655 4171 1952 4226 timentium

347 4250 415 4310 te,
443 4254 494 4299 et
542 4250 964 4308 custodientium
1006 4257 1266 4313 mandata
1291 4269 1406 4316 tua.
1463 4260 1645 4332 IEque
1684 4276 1786 4333 ego
1813 4302 1830 4325 ,
1866 4264 1954 4317 in-

344 4338 485 4405 quit,
521 4351 687 4411 atque
728 4344 830 4414 illi,
870 4357 925 4404 te
956 4353 1149 4416 timeo,
1184 4368 1341 4423 mque
1372 4354 1537 4409 etiam
1566 4355 1826 4409 mandata
1852 4364 1948 4410 tua

344 4430 602 4491 observo.
633 4435 787 4496 Unus
817 4443 1022 4499 etenim
1051 4461 1119 4500 ex
1160 4445 1377 4501 illorum
1414 4463 1647 4503 numero
1678 4464 1827 4514 sum.
1855 4449 1949 4518 (ιιιὶ

347 4528 398 4574 te
433 4528 670 4581 maxime
702 4542 1068 4599 venerantur,
1102 4545 1271 4605 atque
1299 4537 1624 4592 observant.

417 4612 583 4671 Vens.
609 4619 703 4674 64.
723 4622 1091 4680 Misericordia
1114 4639 1228 4693 tua,
1256 4630 1497 4697 Domine,
1519 4631 1676 4698 plena
1700 4640 1778 4685 est
1797 4642 1958 4696 terra,

341 4702 749 4774 iustiﬁcationes
782 4724 903 4771 tuas
925 4717 1053 4774 doce
1080 4737 1179 4775 me.
1219 4720 1300 4777 Tu
1333 4724 1504 4778 totius
1541 4724 1695 4780 orbis
1722 4724 1950 4779 misere-

340 4800 438 4862 ris,
468 4809 524 4855 tu
560 4818 757 4860 omnes
783 4810 985 4876 nutris,
1021 4822 1079 4865 tu
1112 4815 1363 4869 omnium
1397 4831 1590 4870 curam
1645 4832 1709 4871 ac
1759 4816 1949 4887 provi-

341 4898 587 4953 dentiam
620 4897 812 4964 habes,
847 4911 903 4955 tu
942 4905 1158 4971 patiens
1188 4923 1249 4962 es
1292 4908 1358 4963 ad
1405 4925 1622 4966 oumes.
1677 4909 1939 4966 Miserere

2059 579 2198 651 πρὸς
2231 578 2331 642 τὰς
2360 573 2579 636 ἐντολάς
2645 589 2761 626 σου.
2824 570 2962 624 Τινὰ
3006 569 3064 623 δὲ
3105 569 3215 622 τῶν
3266 568 3651 637 ἀντιγράφων,

2058 669 2499 741 Διελογισάμην
2528 665 2638 730 τὰς
2667 663 2849 728 ὁδούς
2872 679 3015 732 μου,
3047 661 3649 731 γράφουσι,τουτέστι,

2062 765 2277 835 πρῶτον
2308 757 2715 825 διεσκεπτόμην
2773 755 2868 808 καὶ
2915 755 2975 807 τὸ
3040 754 3323 823 πρακτέον
3383 771 3497 824 μοι,
3551 753 3651 806 καὶ

2057 860 2118 912 τὸ
2155 855 2419 928 λαλητέον
2447 870 2460 885 ⁸
2511 853 2592 908 διδ
2646 852 2743 907 καὶ
2787 849 2921 904 εἴσω
2958 847 3210 911 ἐϐάδιζον
3233 846 3344 901 τῶν
3412 844 3652 901 ἐντελῶν

2062 970 2158 1008 σου
2170 991 2186 1007 ο

2141 1069 2542 1139 Ἠτοιμὰσθην
2580 1064 2678 1119 καί
2706 1064 2819 1118 οὐκ
2861 1059 3220 1130 ἐταράχθην,
3243 1056 3351 1111 τοῦ
3374 1053 3656 1126 φυλάξα-

2057 1169 2201 1220 σθαι
2224 1162 2331 1229 τὰς
2352 1159 2611 1226 ἐντολάς
2642 1174 2784 1212 σου.
2825 1153 3227 1223 Ἤτοιμάσθην,
3260 1152 3340 1214 είς
3384 1148 3444 1203 τὸ
3477 1148 3656 1241 (pugni-

2060 1259 2149 1325 ξαι
2183 1257 2283 1320 τὰς
2306 1254 2529 1313 ἐντολάς
2558 1265 2680 1304 σουο
2700 1248 2783 1305 διὸ
2814 1249 2914 1302 καὶ
2936 1248 3040 1300 οὐκ
3072 1242 3390 1315 ἐταράχθην
3407 1241 3514 1295 ὑπὸ
3549 1243 3655 1313 τῆς

2057 1349 2403 1421 τραχύτητος
2436 1346 2535 1399 καὶ
2558 1341 2868 1414 βαρύτητος
2891 1338 3113 1393 αὐτῶνθ
3170 1336 3232 1390 τδ
3272 1335 3383 1407 γὰρ
3418 1336 3654 1405 μελετη-

2060 1443 2152 1498 θὲν
2183 1441 2281 1494 καὶ
2318 1435 2710 1511 προσδοκηθὲν,
2760 1429 3396 1505 εύμεταχειριστότερον.
3423 1427 3496 1480 Ἣ
3549 1428 3654 1480 οὐκ

2056 1532 2396 1605 ἱταράχθην,
2430 1528 2779 1595 ἐπιθεμένων
2838 1544 2930 1597 μοι
2966 1525 3079 1579 τῶν
3137 1522 3432 1593 δαιμόνων,
3470 1520 3503 1591 ἢ
3543 1519 3654 1574 τῶν

2059 1625 2412 1698 πειρασμῶν,
2440 1624 2598 1685 εἰδὼς
2634 1624 2717 1676 ὅτι
2745 1618 3111 1693 προϐαλοῦσι,
3163 1618 3261 1671 καὶ
3287 1629 3653 1688 παρασκευα-

2062 1720 2213 1783 σθεὶς
2252 1719 2332 1783 είς
2365 1716 2674 1787 ὑπομονήν.

2130 1918 2379 1987 Σχοινία
2409 1916 2782 1987 ἁμαρτωλῶν
2807 1910 3318 1982 πῳιεπλάκησάν
3365 1929 3470 1980 μοι
3500 1926 3515 1941 ·
3552 1908 3657 1964 καί

2057 2012 2167 2066 τοῦ
2195 2011 2386 2078 νόμου
2406 2025 2525 2064 σου
2563 2008 2677 2062 οὐκ
2696 2004 3101 2073 ἐπελαθόμην.
3128 2001 3355 2073 Σχοινία
3389 2001 3659 2071 ἁμαρτω-

2062 2103 2173 2157 λῶν
2204 2101 2506 2170 δαιμόνων,
2528 2101 2578 2154 οί
2607 2098 2837 2169 πονηροὶ
2854 2095 3137 2165 λογισμοὶ.
3168 2095 3237 2148 δι’
3267 2088 3341 2149 ὧν
3367 2092 3658 2163 πειράζειν

2059 2192 2402 2265 ἐπιχειροῦσι
2440 2193 2569 2254 τοὺς
2617 2188 3086 2258 ἀγωνιζομένους.
3120 2186 3333 2242 Ταῦτα.
3364 2186 3526 2255 φησι,
3580 2184 3653 2238 τὰ

2059 2284 2270 2356 σχοινία
2288 2280 2747 2353 περιεπλὼιησάν
2777 2298 2891 2351 μοι,
2927 2278 3023 2332 καὶ
3054 2277 3165 2331 οὐδ’
3196 2275 3374 2338 οὕτως
3444 2274 3657 2329 ἐπελα-

2061 2379 2241 2448 θόμην
2302 2377 2398 2431 τοῦ
2452 2377 2624 2444 νόμου
2686 2392 2799 2427 σου.
2864 2372 2957 2443 Τῷ
3020 2371 3174 2441 φόϐῳ
3203 2369 3263 2422 δὲ
3313 2367 3392 2439 τῷ
3435 2367 3656 2432 τούτου,

2060 2470 2312 2542 καθάπερ
2340 2470 2449 2523 τινι
2482 2467 2751 2538 διακόψας
2768 2465 2940 2535 ξίφει,
2974 2464 3117 2519 αὐτὰ
3133 2462 3416 2532 διέφυγον.

2132 2756 2552 2812 Μεσονύκτιον
2581 2749 3010 2823 ἐξηγειρόμην,
3029 2749 3137 2804 τοῦ
3155 2745 3662 2819 ἐξομολογεῖσθαι

2060 2863 2163 2904 σοι
2186 2848 2285 2904 ἐπὶ
2311 2848 2386 2902 τὰ
2415 2847 2675 2916 κρίματα
2703 2844 2814 2912 τῆς
2848 2843 3247 2909 δικαιοσύνης
3275 2856 3418 2899 σου.
3474 2841 3660 2899 Μεσο-

2061 2945 2299 3006 νύκτιον,
2334 2942 2423 2996 ὅτε
2455 2940 2656 3010 μᾶλλον
2677 2940 2727 2993 οί
2767 2940 3030 3010 δαίμονες
3088 2937 3430 2992 ἐπιτίθενται
3454 2952 3467 2969 ·
3523 2940 3658 3001 τοὺς

2066 3036 2165 3107 μὲν
2194 3036 2276 3100 εἰς
2316 3034 2566 3105 πονηρὰν
2601 3032 2861 3103 μελέτην,
2893 3031 3023 3096 τοὺς
3049 3031 3106 3085 δὲ
3173 3030 3314 3102 πρὸς
3374 3031 3660 3103 ἁμαρτίαν

2064 3130 2404 3201 ἀλείφοντες.
2446 3129 2521 3182 Ἦ
2548 3128 2647 3182 καὶ
2673 3127 2765 3181 ὅτε
2782 3125 3128 3196 γλυκύτερος
3153 3126 3181 3178 ὁ
3212 3123 3385 3187 ὕπνος
3409 3125 3658 3197 ἐπιρῤεἲ,

2068 3225 2227 3287 Τότε,
2286 3221 2479 3292 φησὶν,
2533 3220 2907 3291 ἐξηγειρόμην
2937 3220 3004 3272 ἐκ
3032 3217 3135 3286 τῆς
3184 3216 3403 3288 κοίτης,
3455 3218 3553 3270 ἐπὶ
3578 3217 3662 3286 τῷ

2066 3310 2507 3383 ἐξομολογεῖσθαι
2551 3326 2657 3375 σοι,
2691 3310 2785 3364 ἐπὶ
2813 3309 2893 3381 τῷ
2927 3308 3277 3379 εὐχαριστεῖν
3334 3325 3441 3372 σοι,
3463 3308 3552 3362 διὰ
3583 3308 3657 3363 τὰ

2064 3404 2315 3475 κρίματα
2348 3402 2451 3471 τῆς
2473 3401 2828 3468 δικαιοσύνης
2864 3417 2959 3453 σου
2985 3415 3000 3430 °
3029 3399 3111 3453 ὅτι
3134 3397 3311 3454 ταῦτα
3337 3398 3661 3469 φειδόμενος

2062 3494 2243 3564 ἡμῶν,
2276 3492 2703 3564 ἐνομοθέτησεν,
2735 3492 2822 3546 ἵνα
2857 3490 3196 3562 φοϐούμενοι
3246 3491 3658 3561 σωφρονῶμεν,

2064 3584 2162 3638 καὶ
2189 3585 2263 3653 μὴ
2286 3582 2811 3645 ἀκολασθαίνοντες,
2839 3578 3228 3651 κολασθῶμεν.
3261 3581 3333 3633 Ἦ
3364 3578 3656 3650 ἐξηγειρό-

2068 3693 2175 3746 μην
2205 3676 2299 3728 ὲπὶ.
2334 3674 2414 3744 τῷ
2446 3674 2809 3745 ἐξαγορεύειν
2849 3691 2934 3728 σοι
2958 3673 3060 3737 τὰς
3089 3673 3378 3746 ἁμαρτίας
3411 3691 3534 3744 μου,
3566 3673 3662 3727 διὰ

2064 3766 2135 3819 τὰ
2172 3765 2428 3838 κρίματα
2444 3765 2547 3835 τῆς
2568 3764 2929 3836 δικαιοσύνης
2949 3781 3070 3834 σου,
3102 3764 3359 3820 τουτέστι
3382 3764 3663 3836 φοϐούμε-

2062 3877 2152 3925 νος
2186 3860 2258 3914 δι’
2293 3859 2462 3914 αὐτά.

2130 4173 2409 4243 Μέτοχός
2435 4175 2553 4242 εἰμι
2577 4171 2693 4242 ἐγὼ
2715 4170 2960 4226 πάντων
2992 4168 3114 4224 τῶν
3135 4167 3529 4240 φοϐουμένων
3557 4182 3654 4237 σε,

2057 4267 2157 4319 καὶ
2185 4265 2306 4319 τῶν
2323 4263 2777 4333 φυλασσόντων
2794 4262 2901 4327 τὰς
2921 4259 3176 4326 ἐντολάς
3199 4273 3340 4313 σου.
3373 4260 3650 4329 Μέτοχος,

2056 4359 2175 4429 ἦτοι
2203 4356 2459 4418 κοινωνὸς
2486 4354 2582 4409 τοῦ
2613 4355 2733 4408 ἴσου
2762 4353 2956 4424 φόϐου,
2991 4352 3087 4407 καὶ
3127 4351 3225 4424 τῆς
3245 4351 3443 4423 ὁμοίας
3474 4350 3650 4420 φυλα-

2056 4451 2178 4521 κῆς,
2209 4450 2379 4522 ἤγουν
2409 4442 2488 4512 εἷς
2522 4447 2729 4501 αὐτῶν.

2149 4624 2260 4679 Τοῦ
2290 4624 2506 4689 ἐλέους
2538 4639 2679 4689 σου,
2714 4624 2911 4693 Κύριε,
2940 4621 3182 4691 ,πλήρης
3215 4622 3250 4691 ἠ
3280 4621 3379 4692 τῆ.
3443 4621 3518 4677 τὰ
3563 4623 3656 4678 δι-

2058 4718 2369 4788 καιώματά
2404 4734 2523 4772 σου
2553 4718 2808 4782 δίδαξόν
2831 4735 2927 4787 με.
2965 4718 3155 4769 Πᾶσαν
3180 4715 3281 4787 τὴν
3316 4716 3423 4785 γῆν
3456 4715 3652 4780 ἐλεεῖς,

2053 4812 2273 4883 τρέφων
2295 4812 2527 4872 πάντας,
2562 4808 2963 4878 προνοούμενος
2989 4808 3235 4871 πάντων,
3269 4805 3648 4877 μακροθυμῶν

2054 4907 2148 4958 ἐπὶ
2177 4904 2370 4957 πᾶσιν.
2436 4901 2693 4970 Ἐλέησον
2722 4901 2889 4970 κάμὲ,
2945 4902 3042 4955 καὶ
3089 4898 3317 4964 δίδαξόν
3350 4915 3419 4968 με
3462 4899 3530 4951 τὰ
3566 4898 3650 4951 δι-

343 4995 514 5063 igitur
554 4995 681 5059 mei,
715 5003 769 5049 et
797 4995 934 5051 doce
964 5013 1051 5052 me
1082 4997 1513 5065 iustiﬁcationes
1566 5008 1690 5056 tuas
1719 5041 1735 5066 ,
1773 5002 1844 5053 ita
1882 5008 1946 5054 ut

2065 4993 2357 5066 καιώματά
2393 5010 2512 5058 σου,
2552 4992 2917 5067 ὑψηλότερον,
2960 4993 3053 5047 καὶ
3103 4992 3489 5062 βεϐαιότερον·
3550 4990 3651 5044 καὶ

341 5085 512 5139 altius
547 5094 603 5140 et
639 5086 945 5154 perfectius
976 5104 1072 5144 eas
1107 5090 1433 5160 intelligam.
1477 5089 1806 5161 Huiusmodi
1842 5105 1945 5145 au-

341 5184 449 5231 tem
479 5178 660 5232 verbis
705 5181 883 5235 utitur
916 5181 1110 5238 beatus
1149 5182 1317 5238 David
1353 5224 1363 5242 ρ
1404 5199 1513 5239 non
1554 5184 1703 5255 quod
1746 5184 1939 5253 procul

2057 5088 2166 5160 μὴν
2190 5088 2286 5142 καὶ
2314 5086 2479 5151 αὐτὸς
2511 5086 2654 5158 μετὰ
2680 5087 2901 5139 πάντων
2957 5085 3172 5156 ἠλεεῖτο
3195 5102 3211 5117 ο
3266 5084 3405 5139 ἀλλὰ
3464 5081 3649 5147 τοῦτο,

2051 5179 2611 5250 δυσωπητικώτερον,
2637 5179 2885 5249 εἴρηκεν.

338 5279 539 5325 esseta
577 5274 960 5330 misericordia
990 5277 1108 5344 Dei,
1141 5277 1237 5333 sed
1273 5287 1334 5334 ut
1381 5278 1538 5333 illum
1592 5276 1698 5333 sibi
1752 5278 1928 5349 magis
1971 5275 2299 5332 benevolum
2333 5274 2612 5339 redderet,
2655 5283 2709 5328 et
2751 5272 3155 5342 utampliorem
3185 5287 3313 5342 erga
3374 5286 3435 5327 se
3517 5271 3622 5326 mi-

341 5362 706 5419 sericordiam
745 5369 1091 5425 conciliaret.

414 5451 581 5509 Vsus.
608 5456 697 5512 65.
719 5458 1017 5516 Bonitatcm
1045 5462 1216 5532 fecisti
1241 5482 1361 5520 cum
1386 5482 1533 5522 servo
1553 5478 1665 5538 tuo,
1696 5470 1939 5531 Domine.

340 5548 626 5602 secundum
659 5551 873 5605 verbum
908 5562 1078 5608 tuum.
1119 5556 1425 5625 Beneﬁcio,
1456 5561 1675 5631 inquit,
1704 5563 1940 5620 aﬂ‘eeisti

341 5649 566 5689 servum
602 5649 753 5693 tuum
783 5657 798 5708 ;
833 5641 907 5696 ita
935 5643 1083 5698 enim
1136 5642 1504 5716 Symmachus
1545 5652 1806 5709 reddidit.
1839 5651 1942 5707 Se-

348 5723 591 5779 cundum
622 5737 805 5783 autem
833 5730 1064 5787 verbum
1093 5720 1285 5801 tuum,
1318 5738 1467 5806 quod
1496 5738 1551 5792 in
1599 5741 1718 5821 lege
1800 5741 1945 5796 scri-

346 5824 499 5888 ptum
524 5829 646 5874 esse
668 5819 928 5879 diximus.
964 5821 1043 5880 lbi
1072 5824 1221 5884 enim
1257 5842 1515 5899 expresse
1546 5819 1822 5903 pollicitus
1858 5848 1939 5901 cs,

2122 5461 2518 5529 Χρηστότητα
2538 5458 2840 5527 ἐποίησας
2866 5455 3167 5527 μετὰτοῦ
3214 5457 3448 5511 δούλου
3503 5471 3646 5509 σου,

2046 5554 2245 5621 Κύριε,
2308 5551 2458 5606 κατὰ
2521 5553 2630 5605 τὸν
2666 5552 2857 5620 λόγον
2891 5565 3030 5604 σου.
3088 5550 3485 5620 Εύηργέτησας
3554 5548 3648 5602 τδν

2046 5646 2240 5701 δοῦλόν
2272 5663 2367 5699 σου
2394 5662 2408 5677 ⁸
2449 5646 2594 5699 οὕτω
2623 5646 2734 5718 γὰρ
2758 5648 2785 5701 ὁ
2811 5645 3114 5716 Σύμμαχος
3179 5642 3415 5709 ἐξέδωκε
3440 5660 3453 5674 '
3502 5641 3648 5696 κατὰ

2044 5739 2138 5792 τὸν
2171 5739 2330 5807 λόγον
2357 5756 2450 5792 σου
2483 5739 2561 5804 δὲ,
2622 5739 2716 5792 τὸν
2776 5741 2835 5794 ὲν
2859 5737 2939 5809 τῷ
2996 5738 3151 5806 νόμῳ
3224 5734 3646 5810 γεγραμμένον,

2050 5832 2178 5906 περὶ
2203 5832 2295 5887 τοῦ
2325 5831 2736 5905 εὐεργετεῖσθαι
2768 5833 2895 5897 τοὺς
2929 5830 3387 5904 εύαρεστοῦντας·
3413 5829 3445 5900 ἢ
3483 5824 3644 5883 Κατὰ
