4052 6458
428 381 579 446 ,ηδε
1619 386 2017 450 COMMENT.
2058 388 2141 450 IN
2180 392 2552 459 PSALMOS.
3593 410 3733 479 1154

431 496 541 551 τὸν
592 495 783 566 λόγον
843 509 985 564 σου,
1043 497 1167 553 ἀντὶ
1190 495 1285 552 τοῦ
1315 495 1477 553 Κατὰ
1529 496 1593 551 τὸ
1630 500 1866 570 ⁸πρέπον
1907 517 2011 554 σοι.

2127 513 2181 558 te
2212 503 2534 562 an‘ecturum
2581 508 2849 575 beneﬂcio
2878 528 2977 571 eos
3002 552 3021 583 ,
3063 516 3158 589 qui
3193 517 3291 576 tibi
3342 520 3560 592 placere
3596 536 3724 583 stu-

433 587 767 657 Εύχαριστεῖ
784 588 862 655 δὲ,
892 588 978 659 ἐφ’
1001 584 1086 654 οἷς
1117 586 1512 662 εὐηργέτηται.

2128 597 2373 655 duerint.
2408 601 2506 658 Vel
2538 603 2699 661 aliter
2730 607 2898 679 (quia
2927 584 3119 669 Graeca
3172 584 3358 671 ἁίοιίο
3377 617 3538 688 λόγος
3568 660 3586 685 ,
3612 636 3726 676 non

446 677 672 733 Verbum
705 690 937 747 tantum,
967 684 1062 738 sed
1108 685 1368 738 rationem
1418 684 1583 738 etiam
1637 685 1953 759 signiﬁcat)
1993 707 2011 745 ι
2053 687 2365 746 Secundum
2427 677 2748 766 rationem,
2784 677 3020 774 inquit,
3091 703 3271 763 fecisti
3319 677 3465 766 hanc
3517 677 3732 767 bonita-

432 781 567 842 teui,
604 776 709 830 hoc
738 784 846 844 est,
880 778 1186 833 secundum
1217 778 1271 833 id
1302 780 1448 850 quod
1478 779 1818 836 divinitatem
1851 791 2001 840 tuam
2042 784 2228 842 decet.
2259 788 2525 846 Continet
2554 805 2741 850 autem
2776 795 2867 852 hic
2931 812 3118 855 sermo
3170 802 3480 870 gratiarum
3549 804 3727 858 actio-

432 886 554 932 nes.
588 887 687 941 pro
731 874 974 944 acceptis
1009 875 1319 930 beneﬁciis.

504 970 919 1037 Χρηστότητα,
953 972 1051 1023 καὶ
1081 971 1384 1037 παιδείαν,
1448 977 1546 1030 καὶ
1590 977 1822 1048 γνῶσιν
1852 981 2022 1034 δίδα-

2202 973 2368 1031 Veus.
2396 972 2487 1030 66.
2528 973 2831 1032 Bonitatem
2868 988 2923 1033 et
2961 981 3328 1052 disciplinam,
3356 994 3406 1039 et
3445 988 3724 1042 scientiam

430 1062 544 1127 εόν
576 1062 786 1131 με.ὄτι
822 1062 952 1129 ταῖς
980 1063 1263 1132 ἐντολαῖς
1287 1082 1405 1122 σου
1439 1068 1805 1129 ἐπίστευσα.
1867 1076 2022 1145 Χρη-

2125 1071 2253 1124 doce
2280 1084 2360 1123 me
2384 1108 2401 1135 ,
2432 1070 2560 1139 quia
2584 1070 2856 1126 mandatis
2882 1072 2988 1126 tuis
3022 1074 3247 1130 credidi.
3286 1076 3430 1134 Doce
3472 1097 3558 1136 me
3585 1121 3599 1146 ,
3632 1082 3723 1135 in-

434 1153 667 1223 στότητα
701 1154 802 1223 μὲν
829 1155 965 1227 πρὸς
999 1158 1127 1221 τοὺς
1166 1161 1478 1230 ὁμογενεῖς,
1521 1165 1781 1235 παιδείαν,
1818 1167 1897 1232 δὲ,
1925 1168 2022 1239 τὴν

2126 1171 2266 1229 quit,
2299 1160 2609 1217 bonitatem
2647 1177 2777 1234 erga
2810 1164 3020 1220 amicos
3045 1174 3099 1221 et
3128 1179 3394 1239 cognatos
3417 1212 3430 1235 ,
3464 1172 3721 1245 discipli—

429 1246 492 1299 ἐν
527 1249 591 1317 τῇ
638 1250 947 1319 πρακτικῇ,
979 1249 1187 1316 γνῶσιν
1214 1253 1293 1319 δὲ,
1325 1255 1426 1325 τὴν
1464 1257 1525 1310 ἐν
1551 1259 1617 1327 τῇ
1677 1259 2021 1333 θεωρητικῇ.

431 1341 725 1395 Συνέτισόν
759 1359 850 1412 με,
884 1343 1042 1412 φησὶ,
1074 1344 1214 1416 πρὸς
1234 1348 1463 1416 ταύτας,
1498 1351 1617 1406 ἀνθ’
1651 1347 1729 1408 ὧν
1755 1355 2022 1426 ἐπείσθην

430 1437 554 1497 ταῖς
583 1434 826 1499 ἐντολαῖς
858 1452 954 1489 σου
980 1453 995 1469 ο
1033 1435 1066 1507 ἢ
1118 1437 1257 1492 διότι
1308 1442 1618 1499 ἐπίστευσα
1662 1447 1881 1515 αὐταῖς,
1938 1450 2023 1502 ὅτι

432 1529 786 1584 συνετίσουσί
818 1546 910 1600 με.

501 1712 626 1782 Πρὸ
653 1713 763 1770 τοῦ
783 1732 862 1786 με
890 1717 1356 1787 ταπεινωθῆναι,
1381 1717 1500 1789 ἐγὼ
1547 1719 2021 1791 ἐπλημμέλησα,

428 1802 534 1859 διὰ
556 1805 733 1861 τοῦτο
758 1807 826 1862 τὸ
855 1809 1069 1880 λόγιόν
1098 1824 1218 1865 σου
1262 1810 1559 1880 ἐφύλαξα.
1614 1812 1732 1882 Πρὸ
1787 1812 1885 1866 τοῦ
1922 1831 2024 1867 κα-

2130 1268 2257 1308 nam
2294 1252 2351 1306 in
2382 1253 2726 1318 actionibus,
2760 1263 2815 1310 et
2848 1256 3139 1312 scientiam
3172 1258 3227 1312 in
3266 1264 3718 1331 contemplando.

2122 1343 2236 1400 lnst
2254 1362 2352 1400 rue
2381 1361 2466 1400 mc
2494 1346 2660 1416 igitur
2690 1347 2746 1401 in
2782 1346 2868 1402 his
2909 1350 3169 1405 omnibus
3197 1389 3213 1416 ,
3259 1351 3387 1421 quia
3446 1357 3722 1413 mandatis

2122 1438 2233 1488 tuis
2268 1435 2641 1504 obtemperavi
2671 1474 2686 1497 ,
2722 1435 2807 1491 vel
2831 1437 2964 1507 quia
3015 1437 3221 1492 credidi
3252 1478 3267 1503 ,
3310 1439 3460 1508 quod
3520 1441 3721 1497 instrui

2121 1526 2385 1581 deberem
2414 1540 2443 1579 a
2481 1524 2760 1582 mandatis
2784 1526 2923 1594 tuis,
2966 1537 3133 1600 atque
3164 1530 3235 1585 ab
3275 1530 3386 1586 illis
3408 1534 3721 1600 sapientior

2126 1618 2308 1674 reddi.

2198 1711 2360 1765 Vens.
2398 1710 2485 1767 67.
2519 1711 2843 1783 Priusquam
2864 1713 3181 1770 humiliarer
3210 1733 3302 1788 ego
3335 1717 3574 1788 deliqui:
3599 1736 3723 1790 pro-

2122 1814 2296 1874 pterea
2312 1804 2577 1875 eloquium
2607 1812 2755 1858 tuum
2782 1805 3067 1861 custodiri.
3104 1808 3412 1879 Antequam
3438 1810 3717 1879 allligerer

431 1896 749 1969 κοπαθῆσαί
775 1917 847 1969 με
882 1901 1168 1975 ἥμαρτον·
1200 1903 1532 1974 ἁμαρτήσας
1568 1903 1859 1976 πρότερον,
1899 1902 2021 1959 εἶτα

2125 1912 2225 1967 ego
2274 1897 2541 1967 peccavi;
2596 1907 2651 1952 et
2696 1899 2826 1966 quia
2883 1909 3009 1975 post
3065 1912 3351 1970 peccatum
3415 1904 3720 1974 castigatus

423 1991 786 2063 ἐπαιδεύθην.
822 1994 924 2047 Διὰ
952 1995 1119 2049 τοῦτο
1147 1994 1242 2048 τὸν
1272 1995 1441 2067 νόμον
1473 2013 1569 2049 σου
1602 1996 1872 2066 ἐφύλαξα,
1932 1999 2024 2053 ἵνα

431 2084 510 2155 μὴ
535 2085 700 2140 πάλιν
732 2088 1080 2159 ἁμαρτήσας,
1126 2088 1433 2159 πειρασθῶ.
1496 2089 1737 2145 Ἔπεται
1788 2093 1899 2162 γὰρ
1950 2094 2020 2163 τῇ

431 2174 787 2247 πλημμελείᾳ
806 2179 1147 2243 ταπείνωσις
1173 2182 1241 2235 ὲκ
1274 2181 1615 2253 πειρασμοῦ.
1643 2183 1724 2236 ηἮ
1767 2184 1866 2236 καὶ
1923 2200 2022 2237 τα-

429 2265 694 2322 πείνωσιν
749 2271 1112 2341 ὑποληπτέον,
1155 2272 1257 2344 τὴν
1302 2273 1584 2344 ἐνάρετον,
1635 2273 1736 2345 τὴν
1768 2274 1834 2328 ἐκ
1860 2292 1962 2330 συν
1990 2304 2017 2316 -

427 2355 739 2426 αισθήσεως
764 2359 1071 2432 ἁμαρτίας,
1095 2364 1209 2427 τοῖς
1268 2366 1640 2436 προσέχουσιν
1702 2367 2023 2438 ἐπιγινομέ-

426 2465 551 2517 νηνο,
580 2448 669 2503 ἵνα
703 2451 803 2505 καὶ
832 2453 1123 2525 νοήσωμεν
1167 2455 1250 2509 ὅτι
1295 2458 1328 2527 ἡ
1369 2456 1726 2528 πλημμέλεια
1790 2459 2019 2528 γέγονεν

425 2541 583 2614 αὐτῷ
608 2544 870 2615 πρόξενος
892 2548 1436 2622 ταπεινοφροσύνης.

496 2726 774 2793 Χρηστὸς
795 2724 856 2782 εἷ
873 2728 978 2796 σὺ,
1003 2730 1206 2799 Κύριε,
1252 2733 1352 2786 καί
1390 2732 1462 2786 ἐν
1502 2732 1580 2803 τῇ
1646 2732 2021 2804 χρηστότητι

424 2837 544 2875 σοι⁹
573 2821 827 2888 δίδαξόν
851 2840 932 2893 με
963 2824 1036 2879 τὰ
1068 2824 1436 2896 δικαιώματά
1475 2844 1611 2882 σου.
1676 2828 1766 2891 Ὧς
1786 2828 2015 2897 ἀγαθὸς,

420 2913 522 2966 καὶ
555 2914 968 2985 φιλάνθρωπος,
1014 2919 1112 2972 καὶ
1157 2919 1487 2989 φιλάγαθος,
1526 2918 1743 2986 δίδαξόν
1774 2936 1843 2990 με
1877 2936 2017 2992 τρα-

424 3004 685 3077 νώτερον,
713 3008 803 3062 ἵνα
824 3011 984 3080 κάγὼ
1015 3010 1178 3066 τοῦτο
1204 3014 1476 3085 γένωμαι’
1513 3015 1577 3068 τὸ
1602 3014 1738 3068 αὐτὸ
1771 3014 1831 3067 δὲ
1863 3014 2014 3082 λέγει

425 3101 692 3166 πολλάκις
729 3103 1021 3157 ἐπιτείνων
1053 3122 1113 3158 τε
1136 3105 1236 3175 τὴν
1264 3106 1472 3176 δέησιν,
1506 3106 1603 3160 καὶ
1647 3105 1857 3177 σφόδρα
1913 3105 2015 3167 τῆς

429 3195 583 3263 παρὰ
608 3193 748 3246 Θεοῦ
782 3194 1134 3261 διδασκαλίας
1163 3197 1519 3268 ὀρεγόμενος.

495 3249 887 3349 ’έπληθὺνθη
915 3249 1021 3336 ἐπ’
1043 3249 1151 3354 sua
1181 3249 1387 3340 ἀδικία
1432 3249 1861 3355 ὑπερηφάνων,
1897 3284 2014 3354 ἐγὼ
2043 3249 2086 3306 C

420 3369 491 3426 δὲ
518 3372 589 3425 ἐν
630 3373 992 3444 ὅλῃ’καρδίᾳ
1031 3395 1153 3446 μου
1190 3377 1576 3446 ἐξερευνήσω
1620 3379 1729 3445 τὰς
1757 3377 2017 3445 ἐντολάς

423 3481 566 3521 σου.
617 3468 850 3522 Ἐκεῖνοι
880 3470 982 3539 μὲν
1011 3471 1266 3524 ἀδικοῦσί
1298 3488 1389 3542 με,
1434 3471 1545 3540 ἐγὼ
1574 3473 1653 3534 δὲ,
1679 3471 1788 3524 οὐδ’
1838 3469 2016 3534 οὕτως

424 3560 812 3633 ἀποστήσομαι
849 3565 957 3617 ἀπὸ
973 3564 1082 3617 τῶν
1112 3565 1347 3619 ἐντολῶν
1380 3582 1500 3630 σου,
1532 3564 1656 3617 οὐδὲ
1688 3564 2009 3635 μιμήσομαι

422 3658 675 3720 τούτους,
708 3656 823 3710 ἀλλ’
853 3656 1199 3728 ὲξερευνήσω
1218 3656 1443 3723 ταύτας,
1476 3657 1570 3710 καὶ
1609 3656 1709 3728 τὴν
1753 3673 2015 3727 παραμυ-

424 3749 546 3804 θίαν
573 3751 785 3804 ἐκεῖθεν
814 3751 1112 3822 ἀρύσομαι.
1141 3752 1560 3825 ’Υπερηφὰνους
1585 3751 1643 3805 δὲ
1674 3751 1890 3823 νόησον,
1921 3751 2016 3804 καὶ

413 3842 550 3912 ,τοὺς
573 3842 860 3914 δαίμονας,
890 3845 986 3897 καὶ
1015 3845 1143 3909 τοὺς
1177 3844 1502 3916 ὑπερόπτας
1519 3844 1614 3898 τοῦ
1651 3845 1844 3914 νόμου.

505 4024 804 4094 Ἔτυρώθη
831 4025 907 4092 ὡς
932 4023 1089 4094 γάλα
1116 4025 1153 4093 ἠ
1177 4024 1394 4093 καρδία
1416 4024 1636 4092 αὐτῶν,
1664 4024 1781 4097 ἐγὼ
1818 4024 1888 4078 δὲ
1908 4025 2013 4079 τὸν

421 4117 612 4185 νόμον
667 4132 787 4171 σου
810 4116 1176 4186 ἐμελέτησα.
1227 4116 1611 4188 Ἐσκληρύνθη
1664 4117 1792 4171 κατ’
1848 4114 2011 4177 ἐμοῦ.

423 4209 497 4261 Τὸ
548 4210 691 4272 γάλα
750 4209 859 4281 γὰρ
886 4211 965 4272 είς
985 4208 1149 4279 τυρὸν
1200 4208 1577 4279 πησσόμενον,
1613 4206 2007 4279 σκληρύνεται.

428 4302 500 4354 Ἦ
565 4300 834 4372 ὲλιπὰνοη
900 4301 1340 4372 ἑνευθηνουμένη
1415 4303 1542 4364 ταῖς
1597 4299 1865 4363 ἀδικίαις.
1938 4300 2013 4353 Τὸ

426 4397 569 4466 γάλα
595 4395 706 4468 γὰρ
739 4398 821 4460 είς
849 4397 1014 4468 τυρὸν
1048 4395 1399 4468 πησσόμενον
1455 4393 1866 4465 λιπωδέστερον
1922 4393 2014 4463 γί-

426 4505 598 4543 νεται.

494 4754 750 4824 Ἀγαθόν
801 4770 902 4822 μοι
959 4752 1049 4807 ὅτι
1092 4750 1506 4818 ἐταπείνωσάς
1561 4765 1660 4820 με’
1732 4748 1893 4815 ὅπως
1938 4746 2018 4804 ἂν
2112 4766 2117 4777 ι

422 4847 593 4918 μάθω
614 4848 689 4901 τὰ
749 4844 1116 4915 δικαιώματά
1176 4863 1317 4900 σου.
1372 4844 1685 4916 Συμφὲρον,
1736 4840 2016 4912 ὠφέλιμόν

430 4956 523 5011 μοι
563 4942 810 5008 γέγονεν,
865 4939 948 4992 ὅτι
1004 4935 1342 5000 ἐπαίδευσας
1400 4952 1467 5006 με
1513 4936 1869 5006 πειρασμοῖς,
1928 4933 2016 4987 ἵνα

431 5035 590 5103 μάθω
617 5033 680 5085 τὸ
703 5032 917 5085 δίκαιόν
963 5046 1082 5094 σου,
1124 5029 1206 5083 ὅτι
1262 5026 1514 5092 κολάζεις
1572 5030 1701 5090 τοὺς
1769 5024 2020 5096 ἁμαρτά-

426 5144 618 5190 νοντας
647 5143 659 5156 ·
697 5125 793 5179 καὶ
818 5126 902 5179 ὅτι
932 5125 982 5178 εί
1015 5122 1255 5177 ἐνταῦθα
1287 5120 1564 5186 κολάζεις,
1596 5118 1783 5190 πολλῷ
1814 5119 2018 5190 μᾶλλον

427 5221 567 5273 ἐκεῖ.

498 5312 749 5382 Ἀγαθός
793 5328 897 5381 μοι
927 5313 960 5364 ὁ
988 5308 1175 5378 νόμος
1204 5306 1313 5362 τοῦ
1334 5305 1637 5377 στόματός
1685 5317 1826 5368 σου,
1864 5302 2020 5373 ὑπὲρ

429 5407 703 5478 χιλιάδας
731 5406 994 5476 χρυσίου
1021 5404 1119 5457 καὶ
1171 5401 1484 5471 ἀργυρίου.
1521 5399 1579 5452 '0
1601 5399 1768 5469 νόμος
1811 5398 1870 5451 ὃν
1919 5398 2024 5451 ὑπο

428 5502 741 5574 ηγόρευσας
772 5500 852 5572 τῷ
881 5499 1118 5568 Μωῦσῇ,
1142 5497 1351 5565 ἁγαθός
1379 5510 1492 5565 μοι,
1518 5492 1710 5564 ὥσπερ
1740 5491 2022 5560 παιδαγω-

428 5596 545 5664 γῶν
572 5596 633 5648 τὺ
665 5593 849 5665 σῶμα,
879 5592 975 5647 καὶ
1005 5591 1287 5662 ῥυθμίζων
1311 5590 1381 5644 τὰ
1410 5588 1539 5660 ἢθη,
1572 5588 1670 5640 καὶ
1723 5585 2021 5649 συνετίξων

428 5684 526 5756 τὴν
548 5685 747 5756 ψυχήν.
1148 5676 1153 5679 ’

490 5779 562 5831 Al
592 5777 789 5847 χεῖρές
833 5791 951 5831 σου
1002 5772 1304 5843 ἐποίησάν
1321 5789 1400 5845 με
1456 5771 1555 5826 καὶ
1610 5769 1896 5826 ἕπλασάν
1920 5787 2020 5840 με,

430 5868 763 5925 συνέτισόν
784 5884 882 5938 με,
911 5866 1012 5923 καὶ
1032 5866 1384 5938 μαθήσομαι
1407 5865 1514 5931 τὰς
1547 5862 1805 5929 ἐντολάς
1875 5880 2013 5919 σου.

2127 2001 2273 2051 sum,
2302 1987 2370 2042 de
2404 1995 2599 2042 canoro
2636 1989 2809 2059 legem
2849 1999 2998 2045 tuam
3032 1992 3307 2048 custodivi
3338 2009 3351 2049 2
3387 1994 3587 2051 timens
3621 2013 3713 2065 ne,

2126 2079 2170 2134 si
2211 2093 2403 2134 rursus
2435 2080 2568 2134 mihi
2611 2096 2845 2150 peccare
2905 2084 3294 2152 contingeret,
3349 2102 3546 2143 rursus
3597 2091 3719 2157 pari

2125 2166 2289 2220 modo
2318 2166 2619 2224 afﬂictione
2647 2169 2831 2240 aliqua
2887 2173 3251 2243 castigandus
3304 2191 3508 2232 essem.
3565 2177 3720 2236 Solet

2124 2260 2271 2314 enim
2308 2270 2431 2331 post
2458 2272 2745 2331 peccatum
2799 2264 3028 2322 aﬂlictio
3069 2271 3382 2340 consequi,
3420 2283 3584 2345 atque
3614 2275 3719 2331 liu-

2123 2351 2373 2408 miliatio.
2410 2351 2688 2411 Fortassis
2714 2357 2903 2423 etiam,
2942 2357 3011 2413 de
3041 2373 3102 2413 ea
3137 2360 3383 2431 loquitur
3428 2365 3716 2424 humilita-

2125 2444 2202 2499 tis
2228 2445 2454 2509 virtute,
2488 2461 2608 2515 quae
2632 2449 2880 2506 cordatis
2927 2435 3246 2508 nominibus
3279 2454 3346 2510 de
3377 2459 3716 2515 conscientia

2122 2536 2430 2593 innascitur
2465 2542 2698 2608 peccati,
2732 2543 2807 2596 ita
2831 2554 2891 2597 ut
2928 2560 3130 2601 sensus
3179 2547 3279 2615 sit,
3331 2548 3478 2618 quod
3509 2564 3712 2620 pecca-

2122 2637 2238 2685 tum
2267 2630 2370 2685 sibi
2406 2630 2508 2685 t'uit
2538 2639 2706 2688 causa
2737 2634 3097 2694 humilitatis.

2211 2714 2381 2775 Vsus.
2417 2720 2506 2779 68.
2545 2722 2726 2776 Bonus
2751 2740 2805 2778 es
2827 2732 2907 2790 tu,
2939 2734 2989 2779 et
3019 2726 3075 2779 in
3100 2727 3335 2783 bonitate
3373 2738 3466 2783 tua
3486 2731 3614 2785 doce
3634 2748 3717 2787 me

2109 2812 2533 2882 justiﬁcationes
2564 2824 2707 2871 tuas.
2748 2817 3034 2887 Tanquam
3070 2818 3273 2884 bonus,
3307 2830 3360 2875 et
3397 2822 3716 2880 misericors

2119 2907 2254 2962 doce
2284 2923 2368 2962 me
2399 2909 2696 2973 sincerius,
2732 2917 2792 2965 ut
2817 2927 2919 2982 ego
2955 2912 3121 2968 etiam
3180 2914 3361 2971 bonus
3400 2916 3550 2972 ﬁam.
3603 2917 3717 2973 Sae-

2121 3013 2244 3068 pius
2271 3014 2404 3055 vero
2432 3000 2577 3056 idem
2614 3002 2854 3071 repetit,
2915 3005 3226 3060 orationem
3275 3007 3573 3064 intendens
3600 3050 3614 3076 ,
3648 3024 3714 3065 ac

2119 3092 2287 3148 veluti
2324 3093 2527 3148 ἀίνίιιεε
2557 3093 2828 3150 doctrinm
2855 3095 3074 3153 avidus.

2191 3289 2359 3346 Vnus.
2397 3289 2487 3346 69.
2518 3290 2874 3361 Multiplicata
2906 3300 2986 3347 est
3012 3307 3172 3361 super
3207 3311 3288 3349 me
3311 3295 3582 3366 iujustitia
3620 3314 3713 3352 su-

2119 3380 2423 3448 perbarum,
2456 3397 2549 3450 ego
2585 3391 2763 3436 autem
2832 3382 2889 3435 in
2925 3390 3032 3436 toto
3078 3382 3236 3437 corde
3267 3400 3379 3438 meo
3427 3386 3713 3439 scrutabor

2119 3473 2377 3526 mandata
2405 3482 2520 3527 tua.
2553 3473 2663 3540 Illi,
2708 3474 2907 3545 inquit,
2937 3490 3152 3530 summa
3187 3490 3273 3533 me
3298 3475 3541 3533 alliciunt
3573 3478 3713 3547 inju-

2118 3565 2224 3629 ria,
2259 3580 2361 3635 ego
2394 3574 2580 3621 tamen
2620 3575 2914 3636 propterea
2944 3581 2974 3620 a
3010 3568 3290 3625 mandatis
3326 3572 3438 3624 tuis
3474 3585 3579 3622 non
3625 3584 3713 3626 re—

2121 3663 2338 3721 cedam,
2373 3673 2478 3714 nec
2509 3660 2778 3726 superbos
2811 3660 3070 3714 imitabor
3105 3660 3393 3730 :quinimo
3422 3663 3712 3718 scrutabor

2120 3748 2377 3804 mandata
2407 3759 2524 3818 tua,
2560 3749 2614 3804 in
2647 3752 2852 3824 quibus
2879 3751 3319 3808 consolationem
3372 3754 3548 3823 capio.
3606 3751 3714 3809 Per

2121 3842 2387 3911 superbos
2408 3852 2597 3897 autem
2637 3850 2693 3898 et
2719 3843 3001 3901 daemones
3033 3845 3305 3916 intellige,
3329 3854 3384 3900 et
3412 3846 3547 3916 legis
3573 3861 3713 3902 con-

2121 3942 2230 3987 tem
2241 3946 2446 4003 ptorcs.
3134 3916 3137 3919 I

2102 4085 2109 4089 ,
2190 4023 2358 4080 Vsus.
2413 4024 2500 4079 70.
2557 4024 2915 4095 Coagulatum
2969 4034 3048 4080 est
3093 4026 3235 4079 sicut
3275 4026 3359 4079 lac
3380 4041 3471 4079 cor
3501 4042 3710 4092 eorum,

2116 4133 2211 4189 ego
2253 4134 2373 4171 vero
2403 4118 2567 4187 legem
2595 4127 2743 4170 tuam
2774 4117 3063 4170 meditatus
3087 4133 3226 4171 sum.
3247 4115 3564 4171 lnduratum
3600 4127 3707 4185 est,

2115 4205 2319 4276 inquit,
2356 4220 2551 4260 eorum
2583 4221 2680 4259 cor
2713 4204 3008 4260 adversum
3052 4220 3160 4260 mc.
3191 4203 3301 4260 Lac
3330 4204 3476 4260 enim
3507 4219 3711 4277 coagu-

2117 4298 2285 4354 latum
2312 4300 2366 4353 in
2400 4313 2626 4355 caseum
2660 4298 3000 4354 obdurescit.
3038 4297 3133 4353 Vel
3168 4300 3336 4370 (quia
3386 4298 3575 4353 Graeca
3625 4298 3710 4367 gli-

2117 4393 2249 4454 ctio,
2271 4392 2548 4463 ὲτυρὼθη,
2584 4408 2692 4446 non
2725 4403 2834 4446 tam
2871 4393 3216 4462 coagulatum
3243 4408 3407 4463 quam
3435 4400 3710 4447 Caseatum

2117 4486 2430 4556 significat)
2460 4501 2474 4538 :
2504 4484 2799 4540 Caseatum
2831 4496 2915 4540 est
2937 4524 2952 4550 ,
2984 4486 3204 4556 inquit,
3230 4484 3335 4539 hoc
3362 4493 3480 4549 est,
3508 4485 3711 4554 pingue

2044 4590 2089 4646 ι)
2120 4577 2394 4643 allectum,
2419 4586 2471 4633 et
2507 4579 2797 4632 abundans
2819 4578 3232 4647 iniquitatibus.
3263 4575 3414 4631 Eﬂici
3439 4578 3586 4630 enim
3620 4592 3710 4631 so-

2121 4668 2199 4721 let
2230 4668 2514 4737 pinguius,
2545 4667 2651 4731 Iac,
2689 4667 2781 4721 ubi
2814 4667 2866 4721 in
2902 4682 3124 4722 caseum
3174 4666 3538 4722 concreverit.

2196 4761 2356 4815 Vsus.
2402 4760 2489 4815 7|.
2532 4759 2739 4814 Bonum
2789 4760 2939 4822 mihi,
2988 4760 3116 4828 quia
3170 4759 3469 4815 humiliasti
3500 4775 3603 4819 me.
3650 4765 3710 4811 ut

2119 4850 2324 4903 discam
2348 4850 2768 4920 justiﬁcationes
2803 4858 2943 4905 tuas.
2980 4848 3127 4905 Utile
3167 4851 3393 4920 quidem
3424 4850 3557 4904 mihi
3602 4849 3709 4904 fuit

2119 4942 2327 5012 corripi
2391 4956 2420 4995 a
2473 4954 2549 5007 te,
2600 4943 2774 4997 variis
2828 4940 3249 5005 aﬂlictionibus,
3310 4949 3371 4996 ut
3423 4942 3705 5011 justitiam

2121 5039 2278 5086 tuam
2328 5032 2678 5088 addiscerem
2716 5050 2730 5087 :
2765 5033 2918 5102 quod
2958 5033 3175 5087 scilicet
3205 5041 3260 5086 tu
3293 5040 3585 5101 peccantes
3614 5045 3711 5085 ca-

2121 5127 2315 5195 stigas.
2351 5125 2509 5192 Quod
2543 5129 2590 5181 si
2618 5124 2674 5178 in
2712 5124 2974 5195 praesenti
3007 5125 3116 5178 vita
3144 5123 3306 5193 punis
3355 5128 3706 5193 peccatores,

2121 5228 2331 5289 quanto
2363 5219 2539 5290 magis
2571 5219 2627 5274 id
2660 5217 2832 5273 facies
2866 5218 2921 5272 in
2956 5216 3183 5271 futura?

2191 5309 2360 5366 Vens.
2405 5310 2494 5365 72.
2533 5309 2690 5364 Bona
2722 5308 2854 5361 mihi
2901 5307 2990 5362 lea:
3039 5308 3150 5362 oris
3204 5306 3303 5370 tui,
3339 5321 3501 5373 super
3530 5303 3709 5358 millia

2123 5404 2246 5457 auri
2276 5412 2326 5457 et
2354 5404 2581 5473 argenti.
2616 5401 2754 5468 Lex,
2787 5416 2955 5473 quam
2987 5400 3161 5472 Moysi
3210 5399 3518 5465 tradidisti,
3560 5399 3709 5454 bona

2124 5496 2258 5551 mihi
2299 5505 2406 5561 est,
2439 5511 2505 5551 eo
2538 5495 2686 5566 quod
2719 5495 2966 5558 instruit,
3000 5502 3170 5563 atque
3199 5492 3389 5549 erudit
3419 5507 3528 5548 me.
3567 5489 3706 5546 Nam

2124 5596 2181 5643 et
2214 5602 2419 5656 corpus
2445 5588 2705 5656 castigat,
2740 5594 2797 5642 et
2827 5600 3016 5642 mores
3038 5584 3249 5656 dirigit,
3294 5591 3351 5640 et
3403 5582 3711 5654 sapientio-

2124 5695 2241 5735 rem
2278 5683 2517 5736 animam
2551 5680 2753 5737 reddit.

2199 5774 2368 5831 Vsus.
2407 5775 2498 5831 75.
2542 5773 2740 5829 Manus
2775 5784 2881 5829 tute
2939 5774 3181 5844 fecerunt
3220 5788 3301 5827 me
3328 5779 3376 5826 et
3409 5770 3707 5839 plasmare-

2129 5876 2253 5920 runt
2285 5883 2384 5935 me,
2423 5866 2496 5921 da
2526 5866 2655 5922 mihi
2686 5868 3037 5928 intellectum.
3094 5876 3149 5921 ut
3198 5866 3407 5920 discam
3449 5860 3708 5915 mandata
