4052 6442
355 400 490 468 1155

1568 393 1955 466 EUTHYMII
1995 403 2360 465 ZIGABENI

3476 400 3610 469 1156

351 529 466 573 ιιια.
496 515 576 570 Tu
608 531 716 583 me,
746 516 951 588 inquit,
986 515 1295 586 plasmasti,
1322 521 1383 570 tu
1408 514 1541 568 mihi
1573 515 1915 583 prudentiam

2032 515 2100 567 Σύ
2167 533 2235 585 με
2287 515 2550 579 ἔπλασας,
2583 513 2648 567 σύ
2712 531 2781 584 με
2827 513 3126 579 συνέτισον,
3165 513 3230 568 σύ
3283 531 3353 585 με
3381 515 3611 581 δεδαξον.

350 619 578 676 prazsta,
631 615 691 663 tu
751 625 836 662 me
892 607 1050 674 doce,
1092 616 1146 662 ct
1193 623 1295 678 ego
1340 605 1620 660 addiscam
1670 604 1929 658 mandata

249 701 258 710 ’
351 715 466 767 tua,
504 715 627 770 quae
679 701 961 756 hominem
1003 701 1069 755 ad
1118 710 1324 755 rectam
1367 699 1620 754 semitam
1662 697 1926 768 dirigunt.

351 794 536 863 Aliqui
567 793 734 848 etiam
774 792 993 859 dicunt,
1042 794 1188 860 quod
1233 789 1408 843 Filius
1437 796 1493 844 et
1541 795 1768 843 sanctus
1803 788 1929 856 Spi-

351 887 494 942 ritus
519 887 627 940 dici
659 895 894 956 possunt
927 898 1126 938 manus
1158 881 1338 937 Patris
1372 897 1387 935 :
1420 895 1485 936 eo
1515 881 1660 949 quod
1710 895 1807 949 per
1831 893 1928 933 eos

350 979 535 1033 omnia
565 976 719 1032 fecit.

425 1067 590 1122 Vens.
633 1067 727 1121 ⁸14.
770 1065 876 1133 Qui
913 1067 1100 1120 timent
1138 1072 1209 1129 te,
1243 1063 1495 1118 videbunt
1540 1079 1640 1129 me,
1688 1071 1739 1116 et
1775 1061 1930 1117 laeta-

350 1160 568 1225 buntur,
598 1161 726 1230 quia
759 1160 816 1213 in
872 1159 1027 1213 verba
1075 1167 1164 1211 tua
1215 1157 1604 1228 supersperavi.
1650 1155 1929 1211 Videbunt

353 1259 440 1305 me
475 1249 765 1320 proﬁcere,
825 1247 873 1303 si
915 1248 1049 1302 mihi
1098 1247 1434 1302 intellectum
1482 1245 1840 1315 praestiteris;
1874 1254 1930 1300 et

351 1340 710 1402 laetabuntur,
734 1338 880 1408 quod
916 1338 972 1391 iu
1014 1336 1290 1391 mandatis
1324 1336 1436 1391 tuis
1461 1335 1622 1390 valde
1665 1347 1926 1405 sperave-

349 1431 454 1484 riin
485 1437 538 1484 et
572 1445 680 1484 non
714 1430 768 1484 in
811 1430 938 1484 aliis
961 1429 1145 1483 saeculi
1180 1429 1341 1498 hujus
1366 1427 1612 1482 auxiliis.

423 1521 590 1576 Vens.
619 1520 707 1574 75.
747 1519 1003 1590 Cognovi,
1032 1519 1276 1585 Domine,
1306 1517 1447 1589 quod
1469 1518 1692 1588 justitia
1714 1517 1926 1602 iudicia

350 1627 467 1680 tua,
518 1624 567 1668 et
610 1615 830 1669 veritate
889 1623 982 1666 tua
1044 1614 1493 1668 humiliasti‘me.
1577 1611 1927 1684 Exporientia

348 1710 603 1778 cognovi,
644 1709 792 1778 quod
835 1709 1047 1779 judicia
1090 1718 1182 1763 ttta
1240 1708 1394 1777 justa
1448 1714 1601 1773 sunt,
1667 1707 1928 1776 quodque

353 1801 565 1854 merito
621 1800 808 1854 multis
863 1815 950 1856 me
1011 1799 1401 1855 afﬂictionibus
1459 1799 1810 1869 depressisti,
1869 1807 1927 1853 ut

345 1898 668 1966 prudentior
695 1895 880 1951 ﬁerem
911 1913 928 1951 :
967 1896 1022 1950 in
1060 1905 1111 1951 te
1141 1898 1288 1952 enim
1321 1896 1678 1966 deliqueram.

415 1987 584 2043 Vsus.
629 1989 719 2043 76.
764 1987 895 2042 Fiat
927 1989 1056 2041 milii
1104 1987 1471 2042 misericordia
1506 1997 1616 2052 tua,
1658 1997 1929 2040 utconso-

2033 607 2128 660 καὶ
2160 606 2480 677 μαθήσομαι
2512 606 2810 675 κατορθοῦν
2855 607 2954 670 τὰς
3006 607 3226 670 ἐντολάς
3277 624 3393 659 σου.
3455 607 3611 669 Τινὲς

2029 697 2085 749 δὲ
2120 700 2309 768 χεῖρας
2347 698 2441 750 τοῦ
2473 698 2689 769 Πατρὸς
2721 697 2906 752 νοοῦσι
2945 699 3038 751 τὸν
3074 698 3220 760 Υἱδν,
3247 697 3345 751 καὶ
3374 699 3434 751 τὸ
3463 698 3613 766 ἅγιοι

2030 789 2276 859 Πνεῦμα,
2315 788 2385 842 δι’
2412 785 2486 847 ὧν
2511 791 2582 844 τὰ
2605 791 2785 846 πάντα
2809 791 3091 862 ἐποίησεν.

2105 1065 2170 1116 Ol
2201 1060 2564 1132 φοϐούμενοί
2585 1078 2660 1117 σε
2698 1061 2956 1132 ὄψονται
2975 1081 3072 1133 με,
3115 1065 3211 1118 καὶ
3274 1065 3607 1136 εὐφρανθῆ-

2028 1168 2263 1218 vortat,
2326 1151 2418 1206 ὅτι
2477 1153 2566 1218 εἰς
2622 1152 2766 1219 τοὺς
2823 1155 3048 1222 λόγους
3092 1169 3210 1210 σου
3275 1155 3612 1223 ἐπήλπισα.

2033 1243 2297 1314 Ὄψονται
2338 1259 2405 1307 με
2465 1243 2870 1314 προκόπτοντα,
2918 1248 2968 1299 εἰ
3029 1247 3314 1319 συνετίσῃς
3371 1266 3463 1319 με,
3519 1249 3612 1303 καὶ

2029 1335 2521 1407 εὐφρανθήσονται,
2552 1335 2637 1390 ὅτι
2667 1337 2746 1401 εἰς
2771 1339 2872 1401 τὰς
2903 1338 3124 1402 ἐντολάς
3156 1356 3253 1393 σου
3302 1340 3612 1412 ἑπήλπισα,

2029 1429 2124 1481 καὶ
2145 1427 2249 1481 οὐκ
2273 1428 2352 1492 εἰς
2379 1427 2560 1483 ᾶλλοτι
2585 1428 2861 1500 βιωτικόν.

2104 1517 2573 1584 Ἔγνων,Κύριε,
2593 1515 2682 1569 ὅτι
2707 1516 3067 1585 δικαιοσύνη
3097 1520 3170 1573 τὰ
3194 1519 3445 1590 κρίματα
3471 1538 3613 1588 σου,

2029 1607 2128 1675 καὶ
2159 1607 2410 1675 ἀληθείᾳ
2437 1608 2847 1676 ἐταπείνωσάς
2900 1627 3000 1680 με.
3041 1613 3253 1680 Ἐγνων
3312 1617 3377 1685 τῇ
3421 1616 3612 1687 πείρᾳ,

2028 1700 2111 1752 ὅτι
2139 1699 2348 1754 δίκαιαι
2378 1701 2436 1754 αἱ
2466 1701 2680 1772 κρίσεις
2712 1717 2830 1765 σου,
2859 1704 2956 1755 καὶ
2988 1701 3229 1772 εὐλόγως
3255 1707 3353 1759 καὶ
3387 1707 3615 1768 δικαίως

2028 1791 2402 1854 ἐταπείνωσάς
2423 1796 2868 1865 μοπειρασμοίς,
2899 1794 2989 1850 ἴνα
3013 1798 3392 1866 σωφρονισθῶ·
3424 1801 3614 1870 ἡμαρ-

1957 1922 2000 1976 B
2029 1901 2123 1937 τον
2163 1886 2294 1956 γάρ.

2099 1977 2423 2048 Γενηθήτω
2456 1978 2532 2048 δὴ
2572 1979 2638 2034 τὸ
2660 1980 2837 2048 ἔλεός
2871 1997 2988 2036 σου
3031 1983 3140 2037 τοῦ
3194 1983 3616 2050 παρακαλέσαι

344 2079 480 2132 letur
511 2097 590 2132 me
615 2079 900 2133 secundum
933 2079 1196 2148 eloquium
1235 2090 1409 2142 tuum,
1463 2094 1611 2132 servo
1663 2086 1773 2132 tuo.
1805 2077 1915 2132 Fiat

2032 2085 2121 2136 με.
2170 2070 2464 2141 Γενηθήτω
2517 2089 2608 2142 μοι
2651 2073 2730 2144 τῷ
2775 2075 2949 2145 δούλῳ
2985 2093 3078 2128 σου
3103 2077 3164 2128 τὸ
3189 2076 3337 2138 ἔλεός
3366 2093 3485 2148 σου,
3517 2076 3615 2129 ἐπὶ

344 2170 476 2222 mihi
511 2185 672 2224 servo
713 2178 808 2224 tuo
843 2170 1225 2226 misericordia
1273 2178 1389 2232 tua,
1449 2179 1510 2224 ut
1555 2185 1644 2224 me.
1693 2168 1922 2222 calami-

345 2262 552 2315 tatibus
585 2260 844 2314 aiﬂictum
902 2261 1211 2331 refrigeret.
1267 2259 1389 2314 Fiat
1427 2269 1604 2314 autem
1632 2259 1736 2313 hoc
1762 2257 1920 2320 mihi,

337 2350 495 2420 juxta
546 2351 966 2420 promissionem
1039 2361 1209 2405 tuam.
1247 2349 1530 2404 Pollicitus
1563 2350 1708 2405 enim
1755 2363 1816 2403 es
1861 2349 1916 2402 in

340 2443 458 2509 legi:
493 2454 606 2506 tua,
639 2457 800 2513 opem
845 2451 897 2496 te
923 2442 1163 2497 laturum
1193 2457 1316 2498 esse
1345 2442 1609 2501 omnibus
1639 2439 1919 2512 poeniten-

341 2534 513 2587 tilius.

414 2621 577 2676 Vens.
620 2622 708 2674 77.
763 2622 986 2676 Veniant
1026 2622 1155 2675 mihi
1190 2622 1557 2674 miserationes
1583 2631 1708 2686 tum,
1743 2629 1794 2673 et
1848 2619 1922 2674 ri-

339 2728 478 2767 i'am.
513 2713 666 2777 Mihi,
700 2713 953 2782 inquam,
985 2713 1078 2782 qui
1114 2712 1276 2766 modo
1314 2713 1539 2767 tristitia
1565 2727 1627 2766 ac
1677 2710 1915 2766 maerore

338 2817 478 2873 pene
507 2819 656 2858 eram
685 2803 1008 2859 siiﬂocatus.

410 2894 550 2960 Quia
600 2894 684 2948 lex
753 2907 848 2948 tua
894 2895 1171 2950 meditatio
1201 2911 1317 2950 mea
1341 2903 1441 2949 est.
1495 2894 1728 2949 Veniant
1759 2896 1915 2963 mihi,

2029 2161 2108 2232 τῷ
2129 2162 2534 2234 ψυχαγωγῆσαι
2561 2182 2627 2235 με
2651 2144 2972 2222 κακωθέντα
2989 2184 3004 2200 ο
3036 2169 3321 2239 γενηθήτω
3345 2144 3409 2221 δέ
3426 2168 3614 2230 τοῦτο,

2027 2257 2172 2310 κατὰ
2223 2258 2323 2328 τὴν
2375 2257 2670 2330 ὑπόσχεσιν
2709 2277 2828 2316 σου.
2887 2262 3235 2331 Ἐπηγγείλω
3280 2263 3388 2334 γὰρ
3432 2266 3490 2317 ὲν
3535 2263 3616 2334 τῷ

2023 2349 2173 2420 νόμῳ
2202 2348 2702 2422 ἅντιλαμσάνςσθαι
2725 2351 2834 2406 τῶν
2864 2352 3296 2424 μετανοούντων.

2091 2618 2464 2674 Ἐλθέτωσάν
2493 2638 2597 2690 μοι
2624 2624 2679 2677 οἱ
2712 2625 3001 2692 οἰκτιρμοί
3025 2639 3164 2692 σου,
3194 2625 3294 2679 καὶ
3329 2625 3601 2697 ζήσομαι.

2023 2707 2166 2778 Ἤδη
2203 2711 2324 2773 ταῖς
2361 2710 2561 2775 λύπαις
2582 2714 3033 2786 ἀποπνιγομένῳ.

2093 2889 2221 2941 Ὅτι
2245 2891 2280 2941 ὁ
2311 2890 2497 2959 νόμος
2518 2907 2636 2946 σου
2651 2893 2878 2963 μελέτη
2906 2913 3026 2965 μου
3049 2895 3239 2952 ἐστίν.
3269 2897 3610 2954 Ἐλθέτωσάν

334 2988 540 3058 inquit,
574 2987 680 3042 illa
719 2988 1104 3043 miserationes
1154 2995 1282 3053 tute,
1329 2989 1457 3057 quia
1488 2987 1770 3057 deinceps,
1805 3003 1914 3059 prie

2032 2997 2133 3048 μοι,
2162 2981 2299 3038 διότι
2334 2985 2362 3038 ὁ
2390 2983 2552 3056 νόμος
2593 3004 2685 3042 σου
2717 2987 2914 3058 μελέτη
2959 3007 3062 3059 μου
3105 2993 3280 3054 ἐστὶν,
3338 2991 3414 3056 ὡς
3446 2994 3605 3047 οὐδὲν

335 3080 549 3135 caneris
577 3081 855 3143 omnibus,
889 3079 974 3135 lex
1007 3091 1098 3134 tua
1129 3082 1233 3135 erit
1258 3081 1540 3136 meditatio
1567 3096 1710 3135 mea.

407 3170 573 3226 Vsus.
609 3173 696 3226 78.
731 3171 1150 3241 Confundantur
1175 3174 1412 3243 superbi,
1439 3174 1565 3245 quia
1587 3173 1784 3244 injuste
1812 3175 1916 3228 itii-

2016 3071 2226 3145 ἕτερον.

2084 3170 2595 3238 Αἱσχυνθήτωσαν
2617 3173 3010 3244 ὑπερήφανοι.
3034 3176 3124 3231 ὅτι
3147 3177 3361 3244 ἀδίκως
3377 3181 3606 3250 ἠνόμηο

329 3265 586 3334 quitatem
610 3263 849 3332 fecerunt
902 3264 959 3319 in
990 3282 1093 3321 me.
1149 3265 1517 3332 Erubeseant,
1569 3269 1716 3337 quod
1769 3268 1910 3322 nihil

2032 3278 2140 3316 γαν
2170 3267 2258 3328 εἰς
2283 3265 2388 3332 ἐμέ
2441 3266 2928 3338 Αἰσχυνθήτωσαν,
2976 3270 3052 3342 τῷ
3075 3271 3241 3342 μηδὲν
3274 3272 3492 3338 ἀνύσαι,
3529 3275 3610 3344 τῷ

332 3366 628 3428 potuerunt
658 3357 947 3427 perlicere,
979 3371 1046 3412 eo
1091 3359 1239 3428 quod
1273 3359 1519 3428 superati
1552 3368 1607 3412 et
1636 3357 1910 3427 proﬂigati

332 3458 482 3504 sunt.
513 3447 670 3520 Ipsos
696 3459 884 3503 autem
914 3449 1191 3504 daemones
1219 3449 1500 3520 intelligit,
1555 3463 1654 3504 seu
1702 3450 1910 3505 divinae

2019 3356 2371 3427 ἡττηθῆναι*
2414 3358 2562 3427 λέγει
2612 3360 2669 3413 δὲ
2733 3362 2858 3424 τοὺς
2916 3363 3176 3434 ἀνωτέρω
3234 3365 3606 3435 δηλωθέντας.

2018 3445 2249 3510 Ἀδίκως
2278 3447 2336 3501 δὲ
2367 3448 2654 3521 ὴνόμησαν
2684 3451 2762 3513 εἰς
2790 3450 2913 3520 ἐμὲ,
2951 3451 3038 3504 διὰ
3071 3452 3234 3522 μόνον
3257 3453 3452 3523 φθόνον
3480 3455 3604 3506 ὲπι-

329 3542 466 3612 legis
498 3549 934 3611 contemptores,
969 3548 1030 3594 ut
1069 3541 1337 3596 diximus.
1370 3540 1581 3621 injuste
1606 3550 1792 3596 autem
1824 3542 1910 3598 l'e-
2018 3539 2260 3611 θέμενοι.

329 3645 527 3690 cerunt
558 3634 904 3703 iniquitatem
943 3633 998 3687 in
1035 3647 1143 3701 me,
1189 3635 1320 3704 quia
1363 3644 1590 3704 propter
1645 3636 1907 3690 invidiam

330 3740 418 3781 me
447 3725 692 3794 aggressi
720 3733 877 3780 sunt.

402 3815 514 3886 Ego
541 3826 718 3870 autent
743 3815 1041 3869 meditabor
1088 3815 1142 3870 in
1176 3816 1447 3870 mandatis
1499 3818 1630 3872 tuis.
1683 3816 1759 3873 De
1804 3819 1908 3875 hoc

322 3907 436 3978 jam
470 3907 598 3960 alibi
634 3923 779 3978 saepe
811 3908 1021 3961 dictum
1056 3915 1161 3963 est.

397 4019 566 4076 Vens.
597 4019 686 4076 79.
709 4019 1036 4074 Convertant
1060 4037 1140 4074 me
1159 4021 1401 4075 timentes
1429 4032 1497 4087 te,
1525 4034 1578 4077 et
1603 4025 1694 4094 qui
1715 4041 1907 4096 cogno-

325 4121 478 4164 scunt
505 4112 813 4168 testimonia
849 4123 962 4168 tua.
1006 4114 1069 4177 li,
1100 4113 1302 4183 inquit,
1333 4116 1423 4183 qui
1460 4118 1654 4171 timent
1689 4128 1741 4173 te
1772 4136 1906 4174 con-

2101 3843 2248 3913 Ἐγὼ
2275 3843 2339 3897 δὲ
2385 3844 2789 3918 ἀδολεσχήσω
2838 3849 2909 3904 ἐν
2954 3849 3084 3916 ταῖς
3135 3849 3413 3917 ἐντολαῖς
3459 3867 3599 3906 σου.

2017 3937 2155 4004 Περὶ
2192 3938 2382 3990 τούτου
2408 3939 2646 4011 εἴρηται.

2082 4025 2662 4100 Ἐπιστρεψάτωσάν
2680 4052 2758 4104 με
2788 4037 2843 4090 οι
2880 4038 3252 4108 φοβούμενοί
3283 4051 3378 4100 σε,
3410 4035 3506 4091 καὶ
3549 4037 3609 4092 οι

2012 4121 2418 4190 γινώσκοντες
2496 4126 2568 4181 τὰ
2605 4127 2899 4196 μαρτύριά
2965 4145 3103 4186 σου.
3159 4129 3606 4200 Ἐπιστρεψάτω-

323 4211 543 4254 vertant
582 4217 688 4269 me,
716 4203 759 4256 si
811 4203 1110 4272 aliquando
1136 4204 1401 4258 seductus
1432 4221 1461 4257 a
1496 4207 1768 4265 mandatis
1794 4211 1903 4265 tuis

2032 4216 2114 4268 τάν
2149 4233 2214 4269 ue
2241 4219 2291 4271 oi
2322 4219 2580 4288 τοιοῦτοι,
2615 4222 2803 4276 εἴποτε
2835 4217 3211 4295 ἀποπλανηθῶ
3236 4226 3345 4278 τῶν
3375 4223 3606 4278 ἐντολῶν

323 4285 676 4346 aberravero.

393 4403 561 4458 Vsus.
595 4403 685 4458 80.
721 4397 846 4458 Fiat
883 4421 974 4458 cor
1001 4422 1173 4459 meum
1203 4408 1684 4478 irreprehensibile,
1731 4415 1785 4466 in
1808 4414 1902 4482 ju-

319 4495 732 4563 stiﬁcationibus
775 4499 900 4558 tuis,
943 4512 998 4552 ut
1036 4516 1138 4552 non
1173 4501 1500 4568 confundar.
1544 4504 1900 4570 lrreprehcn-

2013 4323 2128 4360 σου.

2082 4423 2402 4493 Γενηθήτω
2433 4426 2470 4492 ἠ
2495 4427 2708 4494 καρδία
2729 4446 2848 4498 μου
2878 4427 3116 4498 ἄμωμος
3141 4429 3210 4483 ἐν
3231 4429 3355 4496 τοῖς
3379 4428 3605 4482 δικαιώ-

2008 4515 2161 4581 μασί
2193 4528 2331 4579 σου,
2353 4516 2516 4583 ὅπως
2547 4517 2622 4571 ἂν
2643 4520 2728 4587 μὴ
2759 4520 3086 4588 αἱσχυνθῶ.
3113 4521 3408 4591 Γενηθήτω
3449 4523 3602 4591 ἄμω-

319 4585 476 4640 sibile
530 4587 623 4640 ﬁat
675 4603 771 4640 cor
826 4605 1030 4656 meum,
1099 4593 1228 4644 dum
1287 4594 1339 4645 in
1402 4593 1898 4660 justiﬁeationihus

2032 4621 2138 4670 ιος,
2171 4607 2529 4676 ὲμμελετῶσα
2567 4585 2681 4673 coli;
2712 4585 3048 4682 Stxattbpaoi
3083 4631 3199 4679 σου,
3233 4585 3328 4667 imi.
3351 4613 3430 4685 τῷ
3454 4585 3604 4683 φόϐῳ

318 4676 429 4730 tuis
459 4677 778 4740 meditatur,
813 4687 866 4732 et
902 4682 1109 4734 utinam
1144 4682 1344 4738 timore
1374 4699 1568 4738 eorum
1600 4697 1890 4758 purgatus,

317 4780 425 4819 non
459 4764 786 4830 coniundar,
831 4777 989 4838 turpe
1018 4772 1224 4840 aliquid
1248 4775 1633 4831 committens.

393 4873 558 4930 Vsus.
589 4874 680 4928 81.
729 4873 920 4945 Deﬁcit
969 4878 1025 4930 in
1068 4867 1308 4933 salutare
1351 4888 1498 4934 tuum
1549 4884 1731 4937 anima
1762 4902 1897 4942 mea.

315 4968 445 5022 Abit
479 4967 910 5037 quodammodo,
943 4978 1110 5040 atque
1161 4970 1490 5028 dissolvitur
1542 4978 1727 5032 anima
1757 4995 1898 5046 mea,

2017 4696 2228 4751 τούτων
2269 4699 2672 4774 καθαιρομένη,
2705 4703 2854 4768 ὅπως
2884 4705 2950 4758 ἂν
2987 4705 3064 4777 μὴ
3117 4706 3413 4778 αἰσχυνθῶ,
3464 4708 3605 4778 api-

2013 4785 2110 4853 ξας
2142 4788 2304 4859 ἔργον
2335 4793 2626 4864 αἰσχύνης.

2091 4903 2391 4958 Ἐκλειπει
2452 4907 2537 4972 εις
2566 4908 2631 4961 τὸ
2659 4909 2960 4978 σωτήριόν
3003 4929 3122 4967 σου
3157 4912 3196 4980 ἠ
3252 4913 3423 4983 ’ψυχή
3455 4931 3600 4982 μου.

2007 4992 2313 5064 Ἀποδημεῖ
2333 4997 2536 5067 τρόπον
2572 5001 2716 5069 τινὰ,
2742 5001 2774 5072 ἢ
2803 5002 3086 5066 ἐκλύεται,
3121 5005 3195 5076 μὴ
3219 5006 3465 5076 φέρουσα
3499 5006 3600 5076 τὴν

316 5061 581 5117 desiderii
646 5063 1048 5120 vehementiam
1101 5080 1210 5120 non
1251 5065 1459 5124 ferens.
1515 5069 1620 5125 Per
1658 5075 1905 5130 salutare

2032 5061 2350 5157 τφοδρότητα
2369 5061 2465 5142 τοῦ
2499 5061 3002 5166 «domin-impio»;
3046 5061 3305 5166 δὲ’λέγει.
3347 5097 3448 5168 τὴν
3491 5061 3602 5150 σω-

317 5164 501 5210 autem
531 5156 829 5212 salutarem
858 5156 1069 5216 Christi
1109 5160 1553 5216 incarnationem
1596 5165 1852 5237 intelligit
1883 5185 1898 5234 ;

317 5247 392 5298 ait
428 5246 593 5315 igitur
629 5263 689 5302 se
731 5247 882 5302 illius
913 5249 1180 5306 salutaris
1208 5248 1492 5306 desiderio
1519 5252 1768 5309 maxime
1811 5263 1900 5310 te-

317 5355 458 5393 neri.

389 5451 455 5506 In
483 5454 639 5508 verba
662 5464 756 5509 tua
778 5459 1167 5526 supei'speravi.
1194 5458 1253 5515 in
1289 5461 1469 5518 verbis
1510 5464 1623 5520 tuis
1654 5467 1894 5532 conﬁdo,

320 5543 564 5599 futurum
627 5562 752 5602 esse
801 5551 951 5620 quod
1002 5553 1214 5622 cupio:
1251 5553 1306 5608 in
1366 5556 1484 5625 ejus
1522 5556 1649 5611 dico
1686 5560 1894 5626 verbis,

2011 5177 2204 5247 τήριον
2230 5180 2389 5234 ὲνανθ
2401 5181 2650 5253 ρὼπησιν
2676 5185 2772 5239 τοῦ
2793 5187 3030 5259 Χριστοῦ
3055 5205 3070 5219 ·
3102 5192 3271 5263 φησιν
3311 5188 3406 5244 οὖν
3433 5207 3448 5222 ·
3482 5190 3598 5255 ὅτι,

2019 5267 2237 5340 Σφόδρα
2267 5271 2417 5326 ποθῶ
2444 5273 2506 5327 τὸ
2537 5277 2836 5348 σωτήρειον
2860 5281 3040 5335 τοῦτο.

2081 5472 2186 5536 Eli;
2241 5471 2384 5539 τοὺς
2414 5475 2638 5544 λόγους
2667 5494 2785 5533 σου
2843 5479 3181 5546 ἐπήλπισα.
3233 5482 3359 5544 Τοῖς
3417 5481 3600 5552 λόγοις

2011 5579 2105 5616 σου
2134 5563 2324 5635 θαρρῶ
2353 5567 2435 5621 ὅτι
2470 5570 2764 5640 γενήσεται
2801 5572 2866 5641 εί,
2899 5576 3011 5638 τοῖς
3032 5573 3213 5644 λόγοις
3235 5591 3331 5629 σου
3365 5576 3479 5642 τοῖς
3539 5575 3602 5628 ἐν

1665 5734 1869 5797 Varia;
1899 5734 2230 5802 lectiones.

389 5819 500 5889 (5i)
531 5817 774 5876 Subaudi
807 5823 866 5876 τὸ
901 5825 1189 5898 σωτήριον.
