4052 6420
394 349 526 415 1157

1540 356 1934 421 ΕΟΜΜΕΝΤ.
1981 360 2066 423 IN
2096 361 2463 427 PSALMOS.

3509 382 3653 449 1158

384 461 462 533 τῷ
483 464 633 534 νόμῳ
670 464 1078 537 γεγραμμένοις
1143 466 1271 539 περὶ
1300 467 1487 525 αὑτοῦ.
1518 469 1674 533 Τινὲς
1698 470 1970 539 disceum,

2084 489 2209 545 quae
2241 475 2299 531 in
2332 476 2448 546 lege
2477 475 2546 533 de
2591 476 2713 548 ipso
2764 481 2996 538 salutari
3035 486 3246 558 scripta
3286 501 3439 547 sunt.
3477 493 3662 566 Aliqui

386 557 634 628 περὶτῆς
669 557 865 610 ἑαυτοῦ
903 560 1179 630 σωτηρίας
1216 560 1389 615 ταῦτα
1431 560 1614 628 λέγειν
1655 562 1851 617 αὐτόν’
1885 564 1970 619 ὅτι

389 653 544 706 Ποθῶ
573 653 674 724 τὴν
702 655 853 725 παρὰ
887 654 982 707 σοῦ
1013 658 1314 728 σωτηρῖαν,
1354 658 1454 712 καὶ
1499 660 1586 722 είς
1616 659 1718 722 τὰς
1747 658 1971 722 ἐντολάς

384 763 480 797 σου
516 745 725 816 θαῤῥῶ.
761 748 844 800 ὅτι
880 747 1226 819 σωθήσομαι,
1258 749 1544 819 φυλάττων
1571 749 1740 814 αὑτὰς
1774 766 1789 783 ⁸
1819 749 1973 805 ἀδιά-

383 854 549 906 φορον
568 837 646 902 δὲ,
671 838 780 891 εἶτε
807 841 1034 908 λόγους
1063 843 1260 909 εἴποις,
1293 841 1405 895 είτε
1425 842 1636 911 λόγον.

2080 582 2213 623 vero
2241 568 2559 640 intelligunt
2597 572 2814 629 beatum
2847 575 3024 633 David
3064 578 3186 636 hac
3229 583 3398 639 verba
3451 585 3661 644 dixisse

2080 658 2151 713 de
2172 673 2271 714 sua
2306 659 2692 732 salute:0pto,
2717 664 2922 732 inquit,
2951 683 3073 725 eam
3105 675 3371 743 consequi
3395 676 3655 742 salutem,

2081 765 2206 818 quae
2237 765 2266 805 a
2303 760 2364 825 te
2394 754 2655 822 provenit
2685 769 2699 807 :
2730 765 2786 810 et
2813 759 2868 812 in
2892 760 3150 817 mandata
3181 770 3277 819 tua
3309 765 3468 822 valde
3528 783 3661 822 con.

2083 841 2218 909 tido,
2284 844 2432 913 quod
2479 846 2692 901 scilicet
2731 862 2795 903 ea
2845 850 3148 911 observans
3176 855 3457 913 salvabor.
3519 857 3657 914 Illud

383 933 551 987 etiam
603 932 981 989 adnotandum
1038 936 1324 1003 duximus,
1377 935 1523 1006 quod
1581 934 1964 992 indifferenter
2005 934 2274 1006 Propheta
2324 953 2474 994 nunc
2515 939 2783 1010 singulari
2832 925 3119 1014 sermone,
3196 948 3409 1004 verbum
3496 952 3656 1020 dicit,

385 1041 532 1080 nunc
569 1028 726 1082 verba
763 1029 817 1083 in
849 1027 1069 1097 plurali.

450 1139 771 1203 Ἐεέλιπον
803 1143 858 1195 οἱ
880 1142 1182 1211 ὀφθαλμοί
1202 1159 1325 1211 μου
1346 1144 1437 1209 είς
1451 1144 1520 1198 τὸ
1547 1144 1763 1216 λόγιόν
1819 1159 1965 1211 σου,

379 1230 689 1302 λέγοντες,
721 1233 878 1287 Πότε
938 1237 1385 1302 παρακαλέσας
1419 1252 1496 1306 με
1516 1252 1537 1301 ;
1578 1236 1969 1307 Ἐξελύθιλσαν,

376 1324 651 1394 ἡτόνησαν
731 1325 783 1377 οἱ
859 1324 1130 1396 ὀφθαλμοὶ
1178 1326 1279 1396 τῆς
1333 1325 1518 1397 ψυχῆς
1584 1346 1711 1399 μου,
1764 1331 1847 1394 είς
1878 1328 1971 1383 τὸν

378 1415 544 1485 νόμον
576 1431 670 1468 σου
710 1417 1053 1482 ἀτενίζοντες
1078 1435 1092 1450 ·
1123 1418 1376 1483 ἐξέλιπον
1401 1420 1460 1474 δὲ
1498 1419 1815 1491 ζητοῦντες,
1836 1422 1969 1476 πότε

378 1506 806 1579 ψυχαγωγήσεις
838 1528 931 1581 με,
962 1511 1273 1577 συνετίσας,
1304 1511 1397 1565 καὶ
1427 1512 1520 1567 τὸν
1576 1513 1971 1585 ἐγκεκρυμμέ-

381 1617 473 1653 νον
505 1600 742 1657 πλοῦιτον
773 1604 1154 1675 ἀνακαλύψας.

454 1715 582 1769 Ὅτι
614 1714 914 1786 ἐγενήθην
927 1718 1008 1786 ὡς
1039 1719 1232 1789 ἀσκὸς
1257 1721 1328 1778 ἐν
1358 1723 1586 1793 πάχνῃ,
1616 1722 1690 1778 τὰ
1730 1721 1973 1779 δικαιώ-

2144 1141 2311 1197 Vsns.
2345 1140 2439 1198 82.
2471 1141 2789 1210 Defecerqu
2812 1146 2955 1199 oculi
2979 1149 3080 1201 mei
3106 1150 3159 1201 iu
3181 1150 3450 1220 eloquium
3480 1162 3654 1219 tuum,

2068 1234 2345 1289 dicentes":
2381 1234 2602 1305 quando
2652 1237 3009 1295 consolabeﬂ's
3043 1242 3174 1295 me!
3218 1242 3432 1299 Debiles
3476 1244 3655 1303 effecti

2070 1334 2198 1382 sunt
2222 1326 2426 1381 animae
2453 1341 2589 1382 meai
2614 1327 2789 1393 oeuli,
2819 1330 3156 1400 aspicientes
3183 1332 3241 1387 in
3276 1333 3449 1404 legem
3478 1343 3652 1392 tuam.

2073 1419 2402 1475 Defecerunt
2428 1426 2615 1476 autem
2650 1432 2984 1490 querentes,
3020 1425 3243 1493 quando
3273 1428 3654 1486 consolaberis

2076 1526 2164 1567 me
2196 1527 2210 1564 :
2255 1512 2539 1567 instruens
2573 1512 2787 1569 scilicet
2812 1522 2867 1570 et
2917 1514 3125 1572 docens
3164 1532 3274 1584 me,
3324 1528 3381 1574 et
3407 1521 3657 1579 occultos

2078 1603 2132 1657 in
2165 1602 2281 1674 lege
2310 1612 2403 1658 tua
2430 1602 2725 1660 thesauros
2757 1606 3034 1664 revolans.

2148 1716 2313 1773 Vsus.
2345 1716 2435 1773 85.
2479 1716 2622 1784 Quia
2666 1717 2843 1788 factus
2882 1736 3000 1774 sum
3028 1722 3163 1776 sicut
3202 1730 3318 1778 uter
3344 1725 3400 1778 in
3436 1728 3654 1794 pruina,

373 1807 534 1874 [ιατά
560 1822 678 1863 σου
709 1811 822 1864 οὐκ
882 1811 1289 1883 ἐπελαθόμην.
1343 1817 1484 1870 Φασὶ
1534 1817 1629 1870 τὸν
1689 1816 1860 1871 ἀσκὸν
1913 1818 1970 1871 ὲν

2073 1809 2478 1878 iustificationes
2520 1819 2642 1866 tuas
2678 1828 2785 1866 non
2829 1828 2947 1866 sum
2993 1810 3214 1868 oblitus.
3257 1816 3429 1872 Aiunt
3469 1827 3650 1875 utrem

379 1901 559 1971 nitva
609 1899 921 1972 ψυχόμενον
978 1907 1418 1975 συσφίγγεσθαι·
1492 1910 1706 1964 τοιοῦτο
1751 1911 1971 1980 ἐγένετο

378 1994 472 2045 καὶ
500 1994 663 2060 αὐτὸς
689 2002 747 2049 ὲν
768 1998 882 2060 τοῖς
910 2003 1240 2071 πειρασμοῖς
1281 2002 1590 2067 συσταλεὶς,
1614 2003 1709 2056 καὶ
1760 2019 1972 2074 σωφρο-

380 2085 609 2150 νισθεί;’
638 2088 731 2140 καὶ
769 2087 856 2141 διὰ
879 2090 1038 2144 τοῦτο
1088 2095 1182 2146 τοῦ
1248 2094 1459 2161 λοιποῦ,
1510 2097 1579 2149 τὰ
1625 2094 1969 2165 δικαιώματα

377 2178 471 2232 τοῦ
502 2178 638 2233 Θεοῦ
667 2182 743 2251 μὴ
771 2181 1188 2254 ἐπιλαθόμενος,
1224 2187 1315 2240 ἴία
1345 2187 1421 2258 μὴ
1451 2187 1621 2243 πάλιν
1676 2185 1968 2257 περιπέσοι

377 2275 727 2342 πειρασμοῖς.
764 2272 982 2344 Ἕτεροι
1015 2275 1071 2328 δὲ
1095 2276 1314 2345 λέγουσι
1347 2278 1438 2331 τὸν
1483 2279 1653 2332 ἀσκὸν
1676 2281 1735 2332 ὲν
1783 2278 1969 2350 πάχνῃ

381 2364 683 2435 συρόμενον
711 2365 1138 2434 μαλακίζεσθαι,
1169 2369 1265 2422 καὶ⁸
1312 2370 1666 2441 χαυνοῦσθαι.
1691 2369 1966 2434 Τοιοῦτος,

379 2457 541 2523 φησι,
594 2457 974 2527 γέγοναοτοϊς
1033 2463 1363 2531 πειρασμοῖς
1414 2464 1524 2533 γὰρ
1583 2463 1967 2533 ὲνσυρόμενος,

376 2549 639 2621 ᾑτὸνησα,
663 2552 757 2604 καὶ
783 2550 1100 2623 ὲχαυνῶθην
1126 2568 1140 2583 ο
1177 2552 1294 2606 ἀλλ’
1325 2555 1496 2625 ὅμως,
1525 2554 1593 2608 τὰ
1621 2553 1969 2624 δικαιώματά

380 2659 475 2694 σου
498 2645 599 2695 οὐκ
623 2642 991 2716 ἐπελαθῒμην,
1017 2643 1161 2699 ὥστε
1194 2646 1286 2700 καὶ
1315 2644 1608 2717 ποιῆσαίτι
1628 2646 1965 2718 παράνομον.

382 2733 452 2784 Ἦ
478 2734 571 2786 καὶ
598 2734 822 2805 ἑτέρως’
841 2735 1146 2808 Ἐγενήθην
1167 2738 1243 2801 ὡς
1265 2738 1456 2803 ἀσκὸς,
1478 2739 1673 2809 νεκρὸς
1699 2741 1799 2808 μὲν
1832 2735 1970 2808 πρὸς

376 2824 446 2875 τὰ
480 2823 648 2894 πάθη,
665 2827 975 2896 χωρητικὸς
1005 2828 1060 2881 δὲ
1083 2828 1193 2880 τῶν
1215 2827 1375 2881 θείων
1390 2828 1615 2896 λογίων.
1662 2830 1965 2900 Ἐγενήθην

375 2914 434 2968 δὲ
484 2916 644 2970 τοῦτο
666 2918 724 2971 ὲν
750 2920 816 2990 τῇ
847 2918 1027 2991 πάχνῃ
1059 2920 1157 2990 τῆς
1188 2917 1339 2983 θείας
1374 2923 1617 2990 χάριτος,
1649 2922 1716 2991 τῇ
1762 2919 1970 2975 ἄνωθεν

378 3008 734 3083 κατελθούσῃ,
776 3009 871 3065 καὶ
894 3010 1224 3084 ψυχρανάσῃ
1254 3010 1355 3082 τὴν
1381 3011 1587 3065 εἴσοδον
1613 3010 1723 3063 τῶν
1751 3009 1966 3065 παθῶν.

377 3100 468 3154 Διὸ
494 3103 591 3156 καὶ
612 3103 712 3155 οὐκ
734 3104 980 3173 ἀπέστην
1004 3101 1099 3155 τοῦ
1125 3104 1291 3174 νόμου
1327 3120 1442 3168 σου,
1472 3102 1757 3171 γινώσκων
1794 3103 1877 3155 ὅτι
1899 3101 1967 3155 δι’

376 3195 540 3250 αὐτοῦ
561 3195 764 3266 ταύτης
784 3194 1068 3266 τετύχηκα
1094 3195 1193 3268 τῆς
1231 3196 1477 3267 χάριτος.

2078 1903 2274 1972 pruina
2334 1900 2682 1972 frigefactum
2711 1903 3046 1975 constringi.
3101 1903 3289 1961 Talem
3345 1922 3407 1964 se
3452 1906 3655 1962 beatus

2081 1989 2251 2045 David
2285 1989 2548 2060 eﬂectugu
2610 2005 2735 2047 esse
2783 1992 2937 2058 dicit,
2973 1997 3341 2052 constrictum
3390 1997 3650 2053 nimirqu

2072 2090 2128 2136 et
2152 2083 2486 2153 castigatum
2523 2083 2955 2140 calamitatibus.
3001 2084 3120 2151 Qua
3156 2088 3223 2141 de
3257 2102 3428 2144 causa
3482 2101 3648 2161 negat

2073 2188 2133 2228 se
2160 2173 2273 2228 ullo
2306 2189 2549 2243 unquam
2588 2175 3322 2245 temporejustiﬁcationum
3359 2179 3454 2234 Dei
3496 2179 3648 2235 futu-

2072 2282 2194 2319 rum
2232 2266 2639 2333 immemorem,
2699 2282 2767 2321 ne
2818 2283 3045 2323 rursum
3077 2267 3136 2323 in
3180 2270 3518 2328 tentationes
3550 2271 3649 2328 dc-

2072 2359 2203 2414 ferri
2239 2375 2364 2414 eum
2398 2361 2704 2430 contingat.
2732 2359 2841 2414 Alii
2884 2369 3062 2417 utrem
3098 2361 3293 2417 dicunt
3321 2373 3563 2420 tractum
3592 2367 3648 2421 in

2068 2450 2269 2520 pruina
2303 2452 2612 2506 molliorem
2652 2466 2720 2506 ac
2745 2452 3013 2507 laxiorem
3048 2452 3189 2508 ﬁeri.
3234 2450 3411 2520 Talis,
3443 2454 3648 2526 inquit,

2070 2558 2172 2614 ego
2212 2543 2438 2599 effectus
2487 2560 2636 2612 sum,
2683 2544 2813 2613 quia
2859 2544 3047 2599 multis
3094 2545 3504 2602 calamitatibus
3537 2547 3650 2601 dis.

2075 2643 2306 2700 tractus,
2373 2634 2592 2690 tandem
2641 2635 2810 2691 etiam
2848 2635 3193 2701 debilitatus,
3244 2650 3307 2690 ac
3337 2635 3650 2692 dissolutus

2073 2745 2195 2787 sum
2254 2747 2270 2785 :
2324 2737 2569 2784 attamen
2623 2742 2803 2798 neque
2860 2726 2984 2783 ideo
3043 2727 3475 2798 justilicationes
3527 2741 3651 2783 tuas

2072 2825 2278 2880 oblitus
2306 2840 2448 2879 sum.
2496 2823 2590 2878 Vel
2640 2820 2840 2879 aliter:
2876 2818 3081 2877 Factus
3129 2835 3252 2877 sum
3308 2822 3455 2877 sicut
3483 2828 3647 2885 uter,

2073 2927 2329 2972 mortuus
2386 2916 2650 2972 nimirum
2712 2923 2982 2984 quantum
3041 2912 3110 2968 ad
3182 2913 3353 2969 animi
3393 2912 3650 2978 allectus,

2071 2995 2460 3062 verumtameu'
2480 3021 2654 3077 capax
2681 3006 3033 3076 eloquiorum
3082 3004 3202 3061 Dei.
3255 3004 3497 3062 Eﬂ'ectus
3546 3020 3651 3061 au-

2074 3107 2185 3152 tem
2222 3113 2342 3153 sum
2377 3095 2716 3166 bujusmodi,
2743 3096 2799 3150 in
2834 3096 3031 3167 pruina
3060 3098 3258 3153 divina:
3288 3099 3498 3170 gratiae,
3529 3112 3650 3168 qua:

1994 3184 2041 3245 C
2073 3191 2141 3246 ab
2163 3205 2228 3246 eo
2259 3191 2569 3255 descendit,
2614 3198 2673 3244 et
2703 3189 3030 3260 passionum
3071 3206 3319 3246 mearum
3372 3190 3648 3246 ﬂammam

378 3286 766 3359 refrigeravit;
808 3295 974 3359 atque
1028 3287 1154 3345 ideo
1194 3304 1303 3344 non
1350 3289 1558 3346 recessi
1607 3304 1638 3345 a
1690 3289 1808 3361 lege
1838 3298 1957 3354 tua,
1993 3285 2182 3343 sciens
2224 3284 2374 3355 quod
2427 3300 2524 3355 per
2577 3285 2730 3340 illam
2792 3299 2896 3355 ego
2980 3284 3216 3356 gratiam
3257 3284 3425 3339 etiam
3479 3299 3510 3339 a
3592 3293 3647 3339 te

378 3387 715 3435 consecutus
745 3396 889 3436 sum.

453 3496 646 3550 Πόσαι
666 3498 829 3552 εἰσιν
857 3501 918 3554 αι
943 3499 1158 3571 ἡμέραι
1195 3499 1304 3555 τοῦ
1345 3500 1576 3556 δούλου
1621 3515 1774 3567 σου;
1815 3502 1963 3554 πότε

377 3587 657 3657 ποιήσεις
684 3606 788 3659 μοι
821 3590 890 3645 ἐκ
920 3590 1039 3646 τῶν
1070 3592 1565 3648 καταδιωκόντων
1586 3610 1664 3663 με
1717 3593 1964 3662 κρίσιν;

2140 3489 2313 3546 Vens.
2348 3488 2437 3543 84.
2484 3440 2627 3554 Quot
2663 3496 2785 3540 sunt
2810 3485 2922 3539 dies
2957 3485 3091 3539 servi
3124 3484 3202 3536 tui
3226 3482 3252 3536 7
3306 3483 3519 3551 quando
3557 3484 3649 3550 fa-

2066 3585 2171 3639 cies
2222 3580 2352 3637 mihi
2411 3579 2476 3634 de
2533 3577 2970 3648 persequentibus
3022 3590 3105 3632 nte
3139 3574 3455 3644 judicium?
3500 3570 3650 3639 QnOt

379 3682 549 3736 Πόσαι
576 3682 684 3736 είσί
735 3700 750 3748 ;
783 3684 1004 3749 πάντως
1031 3685 1245 3756 ὀλίγαιο
1272 3686 1404 3740 πότε
1440 3685 1533 3740 οὖν
1565 3685 1817 3756 ποιήσεις
1872 3701 1965 3756 μοι

2073 3672 2435 3732 sunt?Pauci
2471 3686 2718 3742 prorsus.
2779 3668 3018 3736 Quando
3075 3667 3244 3737 igitur
3296 3665 3466 3721 iacies
3514 3663 3649 3720 mihi

379 3776 563 3847 κρίσιν
608 3777 676 3831 ὲκ
735 3775 845 3830 τῶν
904 3777 1363 3832 καταδιωκόντων
1424 3795 1495 3849 με
1549 3778 1824 3849 ἀοράτων,
1869 3776 1966 3830 καὶ

2073 3769 2338 3842 iustitiam
2371 3766 2438 3820 de
2474 3762 2944 3834 persequentibus
2990 3775 3079 3815 me
3130 3757 3505 3814 invisibilibus
3549 3771 3649 3811 seu

376 3867 590 3941 ὁρατῶν
649 3866 889 3939 ὲχθρῶν;
918 3869 1173 3942 Ποιήσεις
1218 3868 1276 3924 δὲ
1357 3870 1564 3941 ταύτην
1615 3865 1993 3939 ἀποστρέψας.

379 3960 603 4029 αὐτοὺς,
626 3962 721 4014 καὶ
747 3960 939 4032 πόρρω
967 3959 1187 4025 διώξας.

451 4135 831 4205 Διηγήσαντό
873 4150 974 4202 μοι
1014 4132 1346 4202 παράνομοι
1391 4132 1786 4202 ἀδολεσχίας,
1831 4130 1967 4185 ἀλλ’

378 4227 492 4295 οὐχ
518 4227 598 4292 ὡς
625 4228 657 4280 d
679 4225 864 4295 νόμος
886 4239 1026 4290 σου,
1058 4224 1254 4291 Κύριε.
1295 4223 1642 4293 Διηγήσαντό
1676 4238 1767 4292 μοι
1794 4220 1967 4291 φλυα-

386 4320 507 4388 ρίας
552 4318 863 4389 δογμάτων,
911 4317 1049 4371 ἀλλὰ
1088 4315 1339 4379 ἐναντίας
1369 4316 1446 4386 τῷ
1496 4316 1647 4386 νόμῳ
1709 4333 1824 4368 σου.
1892 4316 1963 4368 ’Ἡ

383 4413 715 4486 διηγήσαντό
748 4430 837 4483 μοι
873 4409 1166 4481 ληρωδίας,
1220 4408 1617 4480 ἑρμηνεύοντες
1662 4408 1826 4479 δῆθεν
1873 4407 1965 4460 τὸν

382 4506 547 4577 νόμον
580 4522 696 4571 σου,
727 4503 841 4558 ἀλλ’
866 4503 928 4557 οὐ
956 4501 1390 4571 συνεφθέγγοντο
1431 4501 1638 4573 τούτιιγ
1661 4501 1874 4571 λέγοιτο
1921 4500 1967 4553 δ’

385 4599 450 4652 ἂν
470 4596 629 4651 τοῦτο
662 4597 791 4666 περὶ
818 4593 1036 4647 πάντων
1067 4591 1202 4663 ὁμοῦ
1235 4592 1345 4646 τῶν
1374 4591 1688 4663 αἱρετικῶν.

318 4838 327 4843 ,
461 4780 655 4835 Πᾶσαι
706 4780 767 4832 αι
816 4775 1060 4831 ἐντολαί
1101 4792 1219 4829 σου
1257 4773 1528 4843 ἀλήθεια,
1572 4773 1791 4839 ἀδίκως
1837 4788 1974 4827 κατ-

384 4875 640 4940 εδίωξαν
668 4889 769 4943 με,
826 4868 1152 4940 βοήθησόν
1208 4887 1333 4940 μοι.
1399 4870 1576 4923 Πᾶσαι
1622 4867 1864 4939 ἀληθεῖς,
1913 4866 1974 4918 ὲν

386 4962 477 5030 αἷς
508 4965 802 5025 ἐκέλευσας
833 4960 910 5032 μὴ
944 4958 1171 5032 ἀδικεῖν.
1205 4957 1578 5028 ’Δδικουμένῳ
1627 4955 1722 5011 οὖν
1775 4956 1976 5029 βοήθη-

391 5059 483 5113 σόν
503 5076 620 5129 μοι,
644 5059 768 5118 τοὺς
797 5052 925 5115 σοὺς
949 5051 1188 5121 μάλιστα
1217 5049 1417 5122 νόμους
1441 5050 1674 5104 ἐκδικῶν
1694 5050 1974 5121 παραϐαι-

389 5151 651 5221 νομένους
675 5163 690 5180 ·
718 5143 951 5201 ἐνταῦθα
975 5140 1034 5196 δὲ
1066 5142 1194 5212 περὶ
1228 5141 1336 5195 τῶν
1386 5140 1662 5213 αἰσθητῶν
1688 5141 1902 5214 ἐχθρῶν
1945 5143 1974 5196 ὁ

388 5244 566 5313 λόγος,

464 5451 630 5515 ﬂagri
656 5446 859 5517 βραχὺ
889 5444 1309 5503 συνετέλεσάν
1354 5462 1432 5515 με
1491 5445 1562 5499 ἐν
1601 5443 1677 5513 τῇ
1714 5441 1794 5511 γῇ
1812 5485 1828 5510 ,
1859 5440 1974 5510 ἐγὼ

394 5541 462 5593 δὲ
488 5544 598 5594 οὐκ
638 5541 1041 5609 ἐγκατέλιπον
1078 5540 1186 5606 τὰς
1213 5535 1473 5605 ἐντολάς
1506 5550 1647 5592 σου.
1682 5534 1822 5605 Παρ’
1856 5534 1972 5588 ὀλί-

394 5650 490 5702 γον
547 5633 759 5685 ἁνεῖὶόν
813 5647 903 5701 με.
965 5629 1260 5683 Συντέλεια
1316 5628 1426 5698 γὰρ
1485 5626 1706 5705 λέγεται
1783 5626 1879 5680 καὶ
1936 5627 1969 5694 ἡ

392 5723 837 5794 Συμπνιήρωσις
866 5722 979 5792 τῆς
1020 5721 1194 5791 ζωῆς.
1237 5720 1658 5776 Συνετέλεσαν
1683 5717 1802 5787 οὖν,
1851 5719 1973 5773 ἀντὶ

393 5819 485 5873 τοῦ
527 5820 850 5873 Συντελέσαι
882 5817 982 5890 τὴν
1021 5816 1170 5888 ζωὴν
1199 5813 1662 5886 παρεσκεύασαν
1716 5812 1774 5883 ἢ,
1839 5812 1999 5865 Συν-’

2071 3864 2238 3919 etiam
2276 3858 2593 3916 visibilibus
2637 3854 2923 3911 inimicis?
2960 3850 3157 3909 Facies
3188 3862 3369 3906 autem
3406 3849 3510 3903 hoc
3560 3847 3653 3916 ju-

2071 3953 2304 4017 dicium,
2332 3950 2382 4005 si
2421 3949 2544 4003 illos
2573 3949 2629 4003 in
2660 3946 2849 4017 fugam
2877 3955 3251 4009 converteris,
3294 3952 3349 3996 et
3392 3940 3587 4011 procul
3618 3954 3651 3995 α

2073 4062 2163 4103 me
2189 4060 2286 4101 eos
2320 4042 2608 4097 insecutus
2640 4038 2836 4095 fueris.

2143 4138 2312 4193 Vsus.
2353 4133 2444 4190 85.
2492 4129 2866 4187 Narrauerunt
2903 4126 3035 4184 mihi
3077 4126 3245 4196 iniqui
3284 4123 3649 4195 garrulitates,

2073 4230 2164 4287 sed
2194 4245 2296 4283 non
2319 4236 2377 4283 ut
2423 4226 2518 4281 lea;
2565 4231 2679 4278 tua.
2723 4221 3098 4276 Narraverunt
3151 4217 3287 4273 mihi
3335 4216 3648 4285 dogmatum

2073 4320 2442 4397 quorumdam
2478 4316 2824 4388 nugacitates
2869 4312 2975 4382 legi
3028 4319 3137 4367 tuae
3174 4309 3505 4365 contrarias.
3550 4305 3649 4362 Vel

2075 4421 2137 4485 ii,
2165 4418 2262 4488 qui
2293 4416 2469 4486 legem
2501 4421 2654 4467 tuam
2699 4405 3236 4479 interpretabantur,
3286 4410 3652 4459 narraverunt

2080 4508 2638 4578 mibigarrulitates;
2694 4502 2802 4573 legi
2851 4509 3036 4554 tamen
3088 4511 3396 4553 consonum
3444 4493 3651 4563 aliquid

2083 4618 2189 4656 non
2218 4600 2493 4656 dicebant.
2524 4597 2765 4653 Possunt
2799 4599 2983 4647 autem
3013 4591 3133 4646 haec
3184 4588 3349 4644 verba
3416 4601 3653 4658 genera-

2076 4695 2204 4749 liter
2236 4692 2502 4748 adversus
2536 4703 2730 4744 omnes
2765 4685 3057 4741 haereticos
3088 4679 3519 4736 accommodari.

2149 4784 2318 4841 Vsus.
2355 4784 2448 4840 86.
2491 4780 2686 4839 Omnia
2709 4777 2968 4832 mandata
3021 4784 3117 4828 tua
3150 4774 3373 4843 equites
3402 4786 3422 4825 :
3458 4771 3654 4840 injuste

2074 4878 2336 4948 persecuti
2361 4882 2484 4932 sunt
2508 4888 2610 4939 me,
2638 4870 2841 4938 adiuva,
2863 4884 2966 4922 me.
3012 4866 3116 4931 Ea,
3148 4865 3352 4935 inquit,
3394 4863 3652 4918 mandata

2077 4967 2263 5025 omnia
2317 4978 2446 5020 vera
2488 4969 2640 5027 sunt,
2677 4962 2738 5017 in
2793 4958 2999 5030 quibus
3038 4956 3249 5011 nemini
3312 4952 3653 5008 inferendam

2076 5075 2202 5117 esse
2230 5056 2489 5127 iniuriam
2520 5053 2823 5111 mandasti.
2847 5051 3060 5122 Adjuva
3092 5063 3180 5103 me
3204 5046 3372 5114 igitur
3399 5044 3652 5098 ail’eetum

2078 5150 2306 5221 injuria,
2361 5156 2416 5202 et
2467 5145 2773 5201 vindictam
2820 5156 2977 5200 sume
3032 5140 3100 5195 de
3130 5138 3200 5193 iis
3238 5134 3530 5200 omnibus,
3559 5133 3653 5203 qui

2076 5244 2251 5311 legem
2279 5250 2430 5296 tuam
2457 5236 2974 5308 transgrediuntur.
3008 5233 3108 5289 Est
3131 5238 3315 5286 autem
3351 5228 3443 5284 hic
3466 5240 3656 5284 sermo

2077 5336 2145 5393 de
2174 5333 2494 5389 visibilibus
2526 5329 2794 5385 inimicis.

2147 5447 2314 5502 Vens.
2353 5447 2445 5501 87.
2494 5445 2667 5500 Paulo
2708 5444 2882 5499 minus
2934 5447 3431 5498 consummaverunt
3475 5454 3558 5493 me
3601 5436 3658 5491 in

2079 5552 2247 5604 terra,
2284 5556 2379 5611 ego
2408 5551 2586 5593 autem
2617 5554 2723 5593 non
2761 5536 3019 5606 dereliqui
3058 5535 3317 5591 mandata
3359 5543 3472 5587 tua.
3515 5529 3660 5586 Pene

2077 5634 2278 5704 inquit,
2312 5634 2714 5687 interemerunt
2746 5643 2854 5685 me.
2891 5626 3290 5683 Consummare
3339 5625 3499 5689 dixit,
3559 5637 3661 5692 pro

2088 5722 2265 5776 Vitam
2305 5724 2482 5792 ﬁnire.
2513 5721 3054 5778 Consummaverunt
3079 5732 3164 5772 me
3195 5718 3385 5787 igitur,
3417 5715 3522 5770 hoc
3551 5721 3659 5777 est,

2074 5812 2531 5884 i’rmparaverunt
2558 5819 2619 5870 ut
2643 5826 2824 5870 meam
2842 5812 3007 5869 vitam
3038 5815 3512 5866 consummarent.
3535 5804 3659 5872 Vel,
