4052 6416
405 352 549 434 115.9

1597 352 1994 415 EUTHYMII
2031 350 2206 412 ZlGA
2217 348 2401 411 BENI

3537 353 3676 420 116’)

399 464 803 521 Concluserunt
835 475 923 519 me
972 462 1031 518 in
1073 470 1243 529 terra,
1274 478 1373 519 seu
1419 462 1753 520 Everterunt
1796 480 1885 520 me
1936 464 1977 518 ir

2099 460 2352 516 έκλεισάν
2389 478 2460 534 με
2493 461 2552 516 ἐν
2604 463 2673 534 τῇ
2701 463 2772 535 γῇ
2799 501 2814 528 ,
2863 461 2897 534 ἢ
2930 459 3330 535 Κατέστριψάν
3366 482 3435 535 με
3463 465 3545 530 είς
3574 467 3677 537 τὴν

398 568 633 625 terram;
679 572 781 629 ego
814 565 993 613 tamen
1028 572 1057 611 a
1090 557 1449 613 meditatione
1490 567 1585 613 aut
1616 557 1685 613 ab
1724 557 1990 614 observa-

400 651 551 706 tione
578 647 963 704 mandatorum
993 656 1219 703 tuorum
1254 664 1367 704 non
1400 649 1630 705 recessi.

472 742 637 796 Vens.
671 741 761 795 88.
803 738 1105 794 Secundum
1139 743 1567 796 misericordiam
1596 752 1741 796 tuam
1779 742 1988 811 vivi/ica

398 851 500 899 me,
526 844 573 888 et
594 832 894 888 custodiam
919 834 1222 887 testimonia
1253 836 1360 888 oris
1393 835 1491 888 lui.
1520 835 1577 887 In
1607 834 1987 889 misericordia

401 936 491 981 tua
522 926 735 980 viviﬁca
765 940 871 991 mc,
899 932 1165 995 tanquam
1201 925 1537 980 misericors.
1574 925 1642 979 Et
1664 928 1730 981 de
1756 926 1841 981 bis
1862 939 1987 980 vero

398 1016 483 1070 bis
515 1032 528 1069 :
580 1013 799 1081 Viviﬁca
830 1030 931 1079 me,
991 1013 1103 1081 jam
1141 1014 1398 1083 superius
1423 1012 1627 1067 dictum
1655 1019 1759 1068 est.
1799 1009 1986 1067 Testi-

404 1105 591 1159 monia
618 1120 747 1159 vero
773 1105 888 1160 oris
920 1105 1022 1169 tui,
1054 1119 1116 1158 ea
1152 1105 1296 1172 dico,
1338 1122 1458 1175 qua:
1482 1105 1653 1175 Moysi
1686 1106 1982 1163 mandasti.

469 1197 639 1252 Vnus.
668 1197 757 1251 89.
792 1196 855 1251 In
882 1197 1159 1265 saeculum,
1187 1197 1425 1263 Domine,
1457 1198 1667 1251 uerbum
1695 1208 1843 1252 tuum
1867 1214 1988 1267 per-

400 1299 580 1342 manet
609 1287 665 1342 in
694 1288 843 1343 uelo.
884 1288 1193 1344 Mandatum
1238 1299 1391 1345 tuum
1436 1289 1892 1347 incommutabile
1927 1292 1983 1347 in

400 1378 544 1432 cmlo
574 1393 794 1447 semper
826 1388 1129 1447 permanet.
1166 1380 1325 1442 Illud.
1364 1381 1609 1451 inquam,
1642 1383 1983 1449 mandatum,

402 1480 513 1536 quo
543 1466 743 1520 malum
780 1467 835 1520 in
870 1481 973 1522 suo
999 1483 1218 1538 semper
1246 1468 1439 1527 ordine
1464 1471 1804 1528 continetur.

478 1556 642 1610 Vens.
666 1555 756 1611 90.
794 1554 858 1609 In
887 1558 1279 1625 generationem
1298 1570 1346 1614 et
1375 1562 1765 1630 generationem
1789 1565 1983 1620 ueritas

403 1653 515 1695 tua.
557 1641 770 1697 Veritas
800 1644 964 1713 hujus
998 1647 1244 1701 mandati
1289 1647 1344 1701 in
1374 1649 1523 1702 omni
1567 1664 1784 1720 semper
1814 1652 1985 1722 gene-

403 1733 621 1787 ratione
648 1744 913 1790 constans
941 1747 1224 1806 permanet
1256 1752 1272 1790 :
1305 1749 1359 1794 et
1390 1742 1524 1796 ordo
1557 1742 1730 1798 semel
1773 1745 1983 1799 consti-

401 1834 573 1893 tutus,
608 1825 662 1879 in
695 1827 913 1881 diversa
946 1843 1052 1882 non
1080 1837 1349 1884 mutatur.

472 1916 638 1974 Vens.
674 1919 763 1975 9|.
799 1919 1072 1976 Fundasti
1108 1932 1329 1986 terram,
1359 1933 1410 1977 et
1450 1909 1725 1996 permanet
1762 1929 1985 1986 ordina-

398 2011 538 2065 tione
579 2020 694 2065 tua.
749 2011 877 2066 [hac
926 2016 1089 2068 etiam
1149 2026 1434 2085 permanet
1468 2019 1816 2078 ordinatione
1861 2031 1980 2092 tua,

396 2104 503 2158 hoc
530 2113 635 2169 est,
671 2106 1136 2173 quemadmodum
1171 2118 1226 2163 tu
1254 2108 1600 2181 disposuisti.

475 2187 790 2244 Perseverat
819 2191 949 2258 dies,
975 2196 1228 2264 quoniam
1250 2200 1430 2253 omnia
1446 2203 1676 2257 serviunt
1696 2203 1810 2260 tibi.
1848 2204 1982 2263 Per-

400 2290 587 2336 manet
616 2282 756 2350 dies,
801 2292 861 2337 ut
894 2285 1187 2341 ordinasti.
1221 2289 1522 2362 Antiquum
1559 2296 1707 2350 enim
1751 2306 1916 2370 atque
1946 2314 1978 2354 a

396 2379 450 2425 te.
482 2379 746 2427 statutum
790 2376 1038 2431 ordinem
1069 2391 1385 2438 conservat.
1419 2386 1596 2456 Hujus
1626 2380 1808 2443 autem
1850 2406 1980 2461 per-

397 2465 725 2519 severantiae
747 2481 915 2521 causa
936 2479 1041 2532 est,
1072 2473 1198 2542 quia
1228 2474 1365 2540 haec,
1391 2484 1445 2531 et
1468 2479 1574 2533 alia
1599 2482 1781 2534 omnia
1815 2482 1979 2538 simul

393 2550 491 2605 tibi
524 2552 796 2618 serviunt,
828 2567 880 2610 et
922 2560 1184 2613 mandato
1215 2572 1334 2626 tuo,
1382 2580 1491 2619 non
1533 2582 1693 2623 secus
1723 2584 1788 2623 ac
1832 2571 1979 2627 servi

390 2637 618 2693 domino
671 2657 800 2705 suo,
855 2644 1267 2715 obtemperant.
1320 2653 1500 2709 Altius
1553 2657 1717 2711 etiam
1778 2657 1981 2715 intelli-

390 2723 613 2794 gendo:
646 2723 882 2782 Verbum
934 2738 1088 2785 tuum
1125 2733 1181 2789 in
1235 2738 1376 2793 caelo
1415 2756 1631 2813 semper
1671 2755 1978 2816 permanet,

399 2818 543 2886 apud
578 2822 823 2889 angelos.
859 2821 1142 2881 Facientes
1179 2829 1325 2883 enim
1362 2832 1560 2903 inquit,
1600 2836 1812 2893 verbum
1841 2841 1981 2911 ejus.

396 2906 457 2962 In
491 2914 905 2979 generationem
944 2920 1106 2972 etiam
1150 2932 1204 2976 et
1241 2928 1651 2994 generationem
1681 2906 1892 3008 antiqui
1923 2949 1980 2994 et

393 3003 520 3055 novi
557 3006 740 3071 p0puii
771 3015 856 3061 est
898 3011 1106 3066 veritas
1136 3022 1226 3068 tua
1263 3032 1277 3069 :
1311 3016 1426 3084 illa,
1466 3020 1716 3093 inquam,
1749 3003 1977 3097 veritas,

391 3106 514 3186 quae
536 3104 618 3149 est
646 3097 701 3151 in
734 3097 871 3169 lege.
900 3103 1056 3171 Apud
1084 3116 1376 3178 utramque
1400 3113 1545 3168 enim
1569 3122 1974 3186 generationem

387 3184 616 3239 verbum
672 3195 826 3243 tuum
880 3208 1071 3248 verum
1124 3213 1248 3255 esse
1299 3184 1648 3273 praedicatur.
1710 3211 1973 3273 Fundasti

389 3276 557 3329 etiam
593 3276 925 3350 Ecclesiam,
971 3295 1026 3342 et
1058 3288 1111 3343 in
1154 3297 1470 3365 evangelica
1503 3315 1622 3355 eam
1655 3304 1761 3360 (ide
1802 3310 1974 3366 stabi-

386 3367 502 3421 listi
536 3385 549 3422 :
585 3369 886 3430 Ecclesiam
912 3378 1058 3446 dico,
1096 3398 1219 3452 qua:
1251 3396 1410 3442 antea
1451 3398 1593 3446 terra
1627 3399 1825 3453 merito
1865 3402 1971 3457 dici

270 3480 273 3481 ν
386 3466 626 3525 poterat,
659 3464 787 3531 quia
825 3475 1046 3524 terrena
1078 3474 1350 3544 sapiebat,
1387 3487 1442 3533 et
1483 3481 1538 3536 in
1581 3489 1819 3546 terrenis
1849 3504 1972 3548 ver-

386 3548 638 3605 sabatur.
662 3551 911 3625 \ldeoque
944 3572 1246 3632 permanet,
1282 3576 1343 3620 ut
1370 3571 1663 3634 ordiuasti.
1690 3576 1755 3632 Et
1782 3597 1972 3650 quan-

383 3653 551 3738 quam
582 3643 754 3696 milita
788 3652 1178 3719 tentationum,
1208 3671 1273 3710 ac
1295 3666 1741 3727 persecutionum
1773 3643 1969 3744 maria,

382 3732 444 3778 ut
477 3727 551 3829 ita
593 3730 795 3796 dicam,
846 3739 1005 3803 quasi
1063 3753 1302 3800 oceanus
1335 3747 1585 3816 quidam,
1620 3756 1866 3829 undique
1901 3727 1967 3819 in;

452 4188 616 4303 Vens.
648 4194 739 4248 92.
778 4196 905 4253 Nisi
946 4206 1087 4271 quod
1125 4206 1212 4261 (ea:
1254 4221 1347 4266 tua
1378 4188 1655 4277 meditatio
1690 4244 1807 4283 mea

375 4287 502 4392 tum:
529 4283 667 4349 forte
698 4289 974 4392 periissem
1002 4294 1059 4347 in
1082 4296 1384 4358 humilitate
1408 4322 1544 4363 mea.
1574 4312 1715 4382 Nisi,
1757 4283 1960 4392 inquit:

375 4384 441 4423 ea
471 4371 540 4465 de
569 4388 739 4454 causa
772 4377 1001 4438 fuissem
1046 4384 1340 4458 liberatus,
1368 4397 1499 4464 quia
1534 4371 1963 4465 assiduem‘edi:

375 4472 480 4558 ton
506 4464 681 4534 legem
717 4474 892 4538 tuam,
926 4478 1118 4542 procul
1161 4478 1331 4538 dubio
1372 4490 1781 4553 calamitatibus
1827 4464 1959 4558 tunc

373 4554 571 4654 maiori
606 4559 662 4612 in
689 4576 778 4615 me
801 4578 926 4618 cum
956 4566 1161 4636 impetu
1194 4573 1554 4648 irruentibus,
1585 4554 1957 4654 periissem
1995 4571 2036 4626 Β

373 4642 674 4703 afﬂictione
699 4667 841 4708 mea.

451 4734 612 4846 Vitas.
650 4741 742 4797 93.
784 4746 854 4846 in
882 4754 1140 4846 saeculum
1169 4776 1270 4814 non
1297 4764 1586 4823 obliviscar
1609 4772 1961 4846 justi/icatio-

371 4840 635 4948 fisa-tta:
658 4848 677 4886 :
708 4837 1117 4948 .quianitt'ipst's
1163 4851 1445 4919 vivi/icasti
1488 4837 1958 4925 me.vPer'totum
2053 4896 2100 4948 μ

371 4920 661 4986 saeculum,
699 4924 1160 4995 justiﬁcationum
1211 4947 1432 4998 tuarum
1474 4955 1799 5011 memoriam
1848 4975 1960 5019 non
2053 4920 2434 5044 Σῆᾆξιόἱνᾷἦ

373 5011 623 5044 cluuillas..-
659 5035 672 5044 .
710 5020 969 5044 -......'.......
1018 5039 1114 5044 ..--
1158 5042 1199 5044 _,
1240 5038 1253 5044 -
1459 5036 1470 5044 .

439 5285 608 5396 Vtiles.
643 5293 735 5394 ει.
775 5293 917 5351 Tuus
945 5316 1062 5354 sum
1091 5320 1206 5376 ego,
1241 5316 1293 5362 et
1324 5311 1529 5369 salvum
1570 5333 1651 5372 me
1686 5320 1793 5390 fac,
1826 5305 1952 5396 quia

359 5375 779 5480 ,ξαειῆὶοαιίοηεε
811 5396 929 5443 tuas
967 5398 1245 5462 exquisit't'.
1285 5400 1565 5474 Scriptum
1600 5375 1865 5471 est'en’itn
1893 5420 1948 5474 in
2055 5426 2088 5480 ἐ

368 5468 499 5571 ίεςο⁸
519 5482 634 5571 tua:
668 5480 813 5545 quod
842 5483 936 5550 qui
974 5484 1165 5543 fecerit
1197 5507 1293 5547 eas
1319 5468 1771 5571 justiﬁL-ationes,
1807 5508 1951 5564 vivet

367 5557 422 5658 in
454 5562 555 5659 eis.
589 5564 861 5634 Quoniam
911 5574 1077 5644 igitur
1105 5595 1207 5651 ego
1240 5595 1368 5640 tuus
1388 5605 1536 5658 sum,
1572 5596 1722 5650 salva
1757 5557 1851 5655 ine
1881 5604 1948 5659 ab

368 5646 793 5714 insidiatoribus
835 5667 995 5721 meis.

364 5735 788 5807 iustiﬁcationes
821 5761 946 5811 tuas
975 5764 1095 5816 toto
1119 5765 1286 5822 corde
1311 5735 1567 5841 exquiro.

1032 5667 1185 5728 Tuus
1224 5687 1407 5733 autem
1455 5697 1599 5753 sum,
1632 5689 1801 5746 veluti
1851 5695 1944 5764 qui
2053 5703 2130 5768 ὡς

2092 557 2218 626 γῆν.
2268 553 2411 625 Ἐγὼ
2439 555 2498 609 δὲ
2529 555 2645 610 οὐδ’
2691 553 2867 619 οὕτως
2891 555 3141 628 ἀπέστην
3172 556 3276 628 τῆς
3308 557 3546 631 μελέτης
3580 562 3679 615 καὶ

2092 648 2345 718 φυλακῆς
2376 647 2485 702 τῶν
2514 647 2747 702 ἐντολῶν
2773 665 2889 703 σου.

2162 738 2330 793 Κατὰ
2379 741 2447 793 τὸ
2480 738 2659 806 ἔλεός
2711 753 2828 795 σου
2861 739 3051 809 ζῆσόν
3076 757 3171 807 με,
3194 740 3293 797 καὶ
3319 741 3574 810 φυλάξω
3600 740 3676 794 τὰ

2086 832 2383 901 μαρτύρια
2435 832 2543 886 τοῦ
2600 832 2904 901 στόματός
2957 850 3098 889 σου,
3144 834 3233 887 Ἐν
3262 833 3340 905 τῷ
3372 833 3512 888 ἐλέει
3575 850 3673 888 σου

2090 924 2376 996 ζῆσόνμε,
2402 925 2481 988 ὡς
2513 924 2768 994 ἐλεήμων
2800 926 2927 994 περὶ
2964 924 3060 979 τοῦ
3091 925 3303 995 Ζῆσόν⁸
3317 942 3394 994 με
3413 924 3681 997 προείρηη

2087 1034 2201 1070 ται.
2232 1016 2315 1069 Τὰ
2342 1016 2629 1087 μαρτύρια
2660 1015 2718 1069 δὲ
2752 1015 2850 1070 τοῦ
2888 1016 3163 1087 στόματός
3216 1034 3343 1085 σου,
3379 1017 3416 1073 ἃ
3457 1018 3670 1087 ὑπηγό-

2091 1123 2293 1177 ρευσας
2309 1106 2385 1175 τῷ
2414 1107 2669 1161 Μωῦσεῐ.

2162 1201 2268 1265 Εἰς
2297 1198 2405 1252 τὸν
2425 1198 2633 1264 αἰῶνα,
2658 1199 2858 1266 Κύριε,
2890 1202 2925 1254 ό
2951 1204 3135 1271 λόγος
3158 1218 3275 1256 σου
3305 1203 3567 1272 διαμένει
3601 1203 3673 1257 ἐν

2088 1290 2169 1357 τῷ
2198 1290 2455 1360 οὐρανῷ.
2512 1292 2625 1345 ’Δεὶ
2652 1291 2711 1344 τὸ
2739 1292 3073 1363 πρόσταγμα
3095 1311 3189 1347 σου
3225 1296 3523 1349 ἀσάλευτον
3550 1296 3670 1349 δια-

2093 1385 2251 1455 μένει
2298 1385 2355 1441 ὲν
2408 1383 2488 1455 τῷ
2531 1383 2751 1455 οὐρανῷ
2777 1400 2791 1415 ·
2820 1384 2883 1438 τὸ
2917 1385 3047 1457 περὶ
3094 1386 3194 1456 τῆς
3236 1387 3447 1453 τάξεως
3476 1388 3668 1456 αὑτοῦ,

2089 1475 2312 1546 συνέχον
2346 1476 2510 1530 αὐτὸν
2534 1477 2593 1530 ὲν
2617 1477 2780 1547 αὐτῇ.

2158 1570 2263 1634 Είς
2295 1568 2515 1638 γενεὰν
2541 1570 2639 1622 καὶ
2674 1569 2895 1637 γενεὰν
2946 1572 2980 1640 ἠ
3025 1571 3282 1640 ἀλήθειὰ
3308 1587 3449 1627 σου.
3492 1570 3602 1625 ’Δεὶ
3635 1572 3669 1642 ἡ

2085 1660 2318 1731 ἀλήθεια
2347 1660 2443 1716 τοῦ
2475 1664 2902 1734 προστάγματός
2937 1682 3033 1718 σου
3122 1664 3212 1718 διὰ
3257 1665 3439 1737 πάσης
3473 1666 3672 1732 γενεᾶς

2085 1753 2366 1826 ἀληθεύει,
2389 1754 2464 1827 μή
2487 1757 2951 1831 μετακινηθείσης
2975 1758 3074 1830 τῆς
3100 1757 3414 1831 ὁρισθείσης
3436 1760 3669 1824 τάξεως.

2169 1937 2611 2008 Ἐθεμελίιυσας
2640 1937 2756 2006 τὴν
2783 1936 2924 2008 γῆν,
2966 1937 3069 1993 καὶ
3101 1938 3369 2010 διαμένει
3417 1938 3492 2010 τῇ
3542 1940 3672 1993 ὅςα-

2086 2026 2255 2093 τάξει
2276 2044 2415 2084 σου.
2450 2030 2709 2100 Διαμένει
2760 2033 2857 2087 καὶ
2889 2032 3033 2103 αὕτη
3063 2033 3122 2087 ἐν
3149 2035 3215 2104 τῇ
3250 2032 3493 2098 διατάξει
3546 2050 3667 2096 σου,

2082 2121 2162 2187 ὡς
2182 2122 2437 2195 διετάγη.

2155 2215 2427 2284 Διαμένει
2456 2215 2495 2283 ἡ
2532 2215 2747 2286 ἡμέρα,
2780 2217 2870 2271 ὅτι
2891 2216 2963 2271 τὰ
2983 2217 3310 2287 σύμπαντα
3337 2216 3529 2271 δοῦλα
3560 2215 3666 2272 σά.

2083 2307 2348 2376 Διαμένει
2407 2309 2441 2378 ή
2480 2308 2686 2380 ἡμέρα,
2744 2308 2820 2374 ὡς
2858 2309 3225 2382 προσέταξας,
3283 2309 3532 2382 τηροῦσα
3562 2308 3666 2379 τὴν

2087 2396 2227 2450 ίδίαν
2254 2397 2410 2465 τάξιν
2434 2439 2449 2454 .
2497 2399 2685 2453 Αἴτιον
2728 2399 2786 2454 δὲ
2816 2405 2917 2471 τῆς
2946 2401 3207 2470 τοιαύτης
3241 2402 3504 2472 διαμονῆς
3524 2442 3538 2466 ,
3582 2402 3670 2454 ὅτι

2084 2489 2180 2542 καὶ
2206 2489 2382 2545 ταῦτα
2411 2490 2506 2544 καὶ
2530 2494 2667 2563 ὁμοῦ
2698 2495 2881 2547 πάντα
2909 2492 3074 2548 δοῦλα
3106 2494 3193 2549 σά.
3226 2493 3373 2547 Διότι
3420 2495 3515 2547 καὶ
3544 2493 3672 2547 nei-

2086 2579 2273 2636 θονται
2307 2581 2385 2653 τῷ
2416 2585 2807 2655 προστάγματι
2831 2585 2926 2638 τοῦ
2963 2586 3263 2652 Δεσπότου,
3299 2585 3554 2658 καθάπερ
3585 2603 3669 2639 τι-

2084 2674 2173 2739 νὲς
2205 2675 2424 2730 δοῦλοι·
2464 2677 2609 2731 κατὰ
2638 2678 2694 2731 δὲ
2731 2678 3073 2749 ὑψηλοτέραν
3107 2680 3363 2750 θεωρίαν,
3416 2680 3505 2735 ἀεὶ
3541 2682 3669 2736 δια-

2088 2770 2239 2839 μένει
2277 2771 2334 2821 ὲν
2356 2770 2434 2841 τῷ
2461 2770 2681 2842 οὐρανῷ
2709 2772 2858 2842 παρὰ
2891 2775 3003 2836 τοῖς
3029 2773 3283 2841 ἀγγέλοις
3303 2773 3331 2824 ό
3361 2773 3519 2841 λόγος
3546 2790 3666 2829 σου.

2085 2855 2412 2924 Ποιοῦντες
2434 2859 2565 2927 γὰρ,
2610 2861 2766 2929 φησι,
2814 2861 2920 2915 τὸν
2947 2862 3135 2932 λόγον
3160 2862 3369 2917 αὑτοῦ.
3389 2863 3476 2915 Ἑν
3498 2865 3668 2936 γενεᾷ

2084 2947 2141 3001 δὲ
2204 2950 2299 3003 καὶ
2354 2953 2557 3022 γενεᾷ,
2618 2955 2685 3024 τῇ
2748 2971 2808 3007 τε
2879 2953 2972 3008 τοῦ
3040 2954 3273 3010 παλαιοῦ
3321 2956 3417 3010 καὶ
3460 2959 3526 3029 τῇ
3567 2957 3664 3011 τοῦ

2084 3039 2228 3104 νέου,
2289 3041 2321 3113 ή
2385 3042 2620 3113 ἀλήθειά
2676 3060 2771 3098 σου
2820 3047 2854 3115 ή
2892 3047 2951 3101 ὲν
2996 3047 3074 3116 τῷ
3106 3048 3279 3119 νόμῳ.
3312 3048 3448 3120 Παρ⁹
3482 3050 3669 3119 ἀμφο·

2082 3130 2267 3203 τέροις
2352 3133 2459 3205 γὰρ
2526 3134 2735 3206 ἀληθὴς
2796 3132 2948 3202 οὗτος
3010 3138 3374 3210 ὁμολογεῖται.
3437 3140 3679 3210 Ἐθεμες-

2081 3221 2286 3287 λίωσας
2321 3224 2380 3277 δὲ
2409 3225 2512 3297 τὴν
2556 3227 2890 3300 Ἐκκλησίαν
2931 3234 3028 3285 καὶ
3058 3232 3373 3303 ήδραίωσας
3400 3232 3571 3302 αὐτὴν
3602 3235 3665 3285 ἐν

2081 3318 2147 3385 τῇ
2178 3316 2364 3370 πίστει
2388 3317 2484 3372 τοῦ
2509 3319 2849 3388 Εὑαγγελίου
2874 3339 2886 3352 ·
2915 3323 3021 3393 γῆν
3058 3325 3327 3395 πρότερον
3358 3323 3544 3390 οὖσαν,
3565 3326 3666 3378 καὶ

2082 3407 2248 3476 γήϊνα
2283 3409 2617 3478 φρονοῦσαν,
2646 3411 2743 3465 καὶ
2773 3412 2904 3483 περὶ
2929 3412 2999 3466 τὰ
3031 3407 3200 3485 γήϊνα
3229 3418 3561 3486 συρομένην·
3580 3413 3667 3468 διὸ

2083 3500 2176 3551 καὶ
2204 3500 2472 3570 διαμένει,
2516 3502 2593 3565 ὡς
2647 3503 2901 3569 διετάξω·
2947 3506 3163 3559 πολλῶν
3201 3507 3301 3576 μὲν
3332 3508 3664 3583 πειρασμῶν

2077 3591 2218 3662 αὐτῇ
2265 3595 2733 3665 προσρηξάντων,
2804 3597 3024 3662 οὐδενὸς
3071 3598 3129 3653 δὲ
3159 3599 3366 3672 ταύτης
3397 3600 3665 3671 κατισχύ-

2080 3699 2297 3748 σαντος.
2329 3688 2588 3756 Διαμένει
2617 3688 2672 3742 δὲ
2700 3691 2734 3760 ή
2761 3690 2966 3762 ἡμέρα,
2997 3694 3274 3758 τουτέστι,
3310 3694 3373 3748 τὸ
3406 3693 3523 3764 φῶς
3555 3693 3661 3762 τῆς

2077 3775 2384 3841 εὐσεϐείας,
2414 3779 2553 3849 ὅπερ
2582 3780 2828 3834 ἀνέτειλε
2855 3821 2870 3847 ,
2916 3782 3006 3836 διὰ
3030 3782 3126 3838 τοῦ
3170 3784 3550 3855 κηρύγματος,
3580 3782 3662 3856 μὴ

1938 3883 1965 3895 -
2070 3867 2410 3935 τεμνόμενον
2459 3869 2492 3941 ή
2557 3872 2924 3942 σϐεννύμενον
2955 3876 3061 3929 ὑπὸ
3129 3877 3228 3948 τῆς
3272 3876 3662 3949 ἀντικειμένης

2070 3955 2380 4026 δυνάμεως.
2417 3961 2783 4033 Προφητικῶς
2808 3965 2865 4018 δὲ
2893 3965 3088 4020 ταῦτα.

2139 4244 2314 4313 Ely-91
2340 4246 2431 4300 ὅτι
2471 4251 2505 4303 ό
2534 4252 2720 4320 νόμος
2746 4267 2864 4308 σου
2910 4255 3134 4324 μελέτη
3167 4273 3289 4326 μου
3321 4256 3474 4320 ἐστι,
3517 4257 3658 4313 τότε

2070 4337 2149 4393 ἂν
2180 4341 2514 4412 ἀπωλόμην
2543 4345 2615 4398 ἐν
2651 4343 2729 4416 τῇ
2762 4348 3121 4404 ταπεινώσει
3147 4368 3291 4420 μου.
3315 4352 3375 4404 Ei
3413 4351 3489 4422 μὴ
3518 4353 3657 4405 διότι

2122 4789 2230 4854 Είς
2256 4789 2365 4843 τὸν
2393 4791 2583 4848 αἰῶνα
2620 4795 2692 4848 οὐ
2713 4797 2801 4864 μὴ
2832 4797 3202 4869 ἐπιλάθωμαι
3236 4801 3357 4855 τῶν
3406 4802 3651 4856 ducatu»

2102 4880 2263 4935 ἁτων
2288 4896 2427 4948 σου,
2452 4882 2541 4939 ὅτι
2571 4886 2642 4939 ἐν
2669 4888 2872 4956 αὐτοῖς
2898 4888 3121 4959 ἐζησάς
3144 4910 3240 4962 με.
3263 4894 3402 4962 Παρ⁹
3419 4894 3541 4948 ὅλον
3556 4896 3651 4949 τὸν

2463 4974 2816 5048 ἐπιλάθωμαι
2842 4981 3183 5037 αὐτῶν.”οτι
3215 4984 3284 5038 δι’
3310 4984 3451 5038 αὐτὰ
3478 4988 3647 5049 ἑζωοο

1919 5054 1964 5107 i-
2062 5062 2296 5133 ποίησάς
2324 5082 2394 5136 με
2419 5067 2889 5140 ἀποπνιγόμενον.
2915 5075 3063 5129 Διότι
3087 5076 3198 5146 γὰρ
3231 5077 3465 5149 μελέτην
3496 5075 3648 5148 εἶχον

2127 5336 2245 5401 Σός
2270 5340 2388 5408 εἰμι
2413 5340 2550 5411 ἐγὼ,
2569 5341 2782 5398 σῶσόν
2795 5362 2893 5415 με,
2926 5347 3017 5404 ὅτι
3039 5351 3112 5405 τὰ
3129 5352 3493 5422 δικαιώματὰ
3518 5374 3638 5412 σου

2092 5426 2413 5497 ξεξήτησα.
2475 5434 2793 5502 Γέγραπται
2845 5439 2955 5511 γὰρ
3021 5442 3080 5493 ὲν
3128 5442 3204 5507 τῷ
3251 5444 3423 5515 νόμῳ,
3484 5448 3565 5499 ὅτι
3606 5450 3639 5503 ὁ

2058 5522 2297 5591 ποιήσας
2317 5522 2480 5588 αὐτὰ,
2505 5524 2733 5595 ζήσεται
2765 5529 2822 5580 ὲν
2845 5530 3032 5595 αὐτοῖς
3054 5547 3069 5564 ·
3098 5534 3224 5588 ἐπεὶ
3248 5532 3343 5590 οὖν
3374 5538 3467 5602 σός
3491 5540 3632 5609 εἰμι,

2056 5612 2231 5666 σῶσόν
2254 5630 2323 5685 με
2345 5616 2454 5669 ἀπὸ
2480 5620 2590 5671 τῶν
2614 5621 3079 5682 ἐπιϐουλευόντων
3103 5631 3331 5702 μοι’,σὸς
3360 5633 3471 5705 γὰρ
3496 5634 3629 5706 ἐγὼ,

2158 5705 2228 5761 τὰ
2260 5709 2329 5762 σὰ
2361 5706 2713 5781 δικαιώματα
2740 5714 3012 5787 ἐκζητῶν.
