  <div class='ocr_page' id='page_1' title='image "/cluster/home/n/w/nwhite01/storage/ocr_20150623/128:no.1/coo.31924054870336/588.png"; bbox 0 0 4052 6452; ppageno 0'>
   <div class='ocr_carea' id='block_1_1' title="bbox 325 415 466 485">
    <p class='ocr_par' dir='ltr' id='par_1_1' title="bbox 325 415 466 485">
     <span class='ocr_line' id='line_1_1' title="bbox 325 415 466 485; baseline -0.014 0"><span class='ocrx_word' id='word_1_1' title='bbox 325 415 466 485; x_wconf 77' lang='grc'><strong>1161</strong></span> 
     </span>
    </p>
   </div>
   <div class='ocr_carea' id='block_1_2' title="bbox 1494 415 2395 487">
    <p class='ocr_par' dir='ltr' id='par_1_2' title="bbox 1494 415 2395 487">
     <span class='ocr_line' id='line_1_2' title="bbox 1494 415 2395 487; baseline 0.007 -7"><span class='ocrx_word' id='word_1_2' title='bbox 1494 419 1886 484; x_wconf 72' lang='lat' dir='ltr'><strong>COMMENT.</strong></span> <span class='ocrx_word' id='word_1_3' title='bbox 1920 415 2000 482; x_wconf 72' lang='grc' dir='ltr'><strong>ΙΝ</strong></span> <span class='ocrx_word' id='word_1_4' title='bbox 2034 422 2395 487; x_wconf 79' lang='lat' dir='ltr'><strong>PSALMOS.</strong></span> 
     </span>
    </p>
   </div>
   <div class='ocr_carea' id='block_1_3' title="bbox 3424 421 3571 484">
    <p class='ocr_par' dir='ltr' id='par_1_3' title="bbox 3424 421 3571 484">
     <span class='ocr_line' id='line_1_3' title="bbox 3424 421 3571 484; baseline 0 0"><span class='ocrx_word' id='word_1_5' title='bbox 3424 421 3571 484; x_wconf 75' lang='lat'><strong>116.9.</strong></span> 
     </span>
    </p>
   </div>
   <div class='ocr_carea' id='block_1_4' title="bbox 405 531 1910 605">
    <p class='ocr_par' dir='ltr' id='par_1_4' title="bbox 405 531 1902 605">
     <span class='ocr_line' id='line_1_4' title="bbox 405 531 1902 605; baseline 0.001 -16"><span class='ocrx_word' id='word_1_6' title='bbox 405 533 552 602; x_wconf 81' lang='grc' dir='ltr'><strong>Ἐμὲ</strong></span> <span class='ocrx_word' id='word_1_7' title='bbox 577 531 911 603; x_wconf 75' lang='grc' dir='ltr'>ὑπέμειναν</span> <span class='ocrx_word' id='word_1_8' title='bbox 941 535 1278 605; x_wconf 74' lang='grc' dir='ltr'>ἁμαρτωλοὶ</span> <span class='ocrx_word' id='word_1_9' title='bbox 1299 575 1313 598; x_wconf 91' lang='grc'>,</span> <span class='ocrx_word' id='word_1_10' title='bbox 1347 535 1454 590; x_wconf 78' lang='grc' dir='ltr'><strong>τοῦ</strong></span> <span class='ocrx_word' id='word_1_11' title='bbox 1478 537 1780 591; x_wconf 78' lang='grc' dir='ltr'><strong>ἀπολέσαι</strong></span> <span class='ocrx_word' id='word_1_12' title='bbox 1805 553 1902 604; x_wconf 84' lang='grc' dir='ltr'><strong>με.</strong></span> 
     </span>
    </p>
   </div>
   <div class='ocr_carea' id='block_1_5' title="bbox 2020 531 3582 605">
    <p class='ocr_par' dir='ltr' id='par_1_5' title="bbox 2082 534 3582 605">
     <span class='ocr_line' id='line_1_5' title="bbox 2082 534 3582 605; baseline 0.003 -17"><span class='ocrx_word' id='word_1_13' title='bbox 2082 534 2247 590; x_wconf 78' lang='lat' dir='ltr'><strong>Vens.</strong></span> <span class='ocrx_word' id='word_1_14' title='bbox 2290 535 2378 592; x_wconf 85' lang='lat'><strong>95.</strong></span> <span class='ocrx_word' id='word_1_15' title='bbox 2425 534 2510 589; x_wconf 75' lang='lat' dir='ltr'><strong>Me</strong></span> <span class='ocrx_word' id='word_1_16' title='bbox 2537 544 2967 604; x_wconf 73' lang='lat' dir='ltr'><strong>exspectaverunt</strong></span> <span class='ocrx_word' id='word_1_17' title='bbox 3005 546 3324 605; x_wconf 77' lang='lat' dir='ltr'><strong>peccatores,</strong></span> <span class='ocrx_word' id='word_1_18' title='bbox 3363 547 3422 591; x_wconf 84' lang='lat' dir='ltr'><strong>ut</strong></span> <span class='ocrx_word' id='word_1_19' title='bbox 3465 555 3582 603; x_wconf 82' lang='lat' dir='ltr'><strong>per-</strong></span> 
     </span>
    </p>
   </div>
   <div class='ocr_carea' id='block_1_6' title="bbox 328 623 1890 697">
    <p class='ocr_par' dir='ltr' id='par_1_6' title="bbox 328 623 1890 697">
     <span class='ocr_line' id='line_1_6' title="bbox 328 623 1890 697; baseline 0 -19"><span class='ocrx_word' id='word_1_20' title='bbox 328 626 460 694; x_wconf 80' lang='grc' dir='ltr'>Ἐμὲ</span> <span class='ocrx_word' id='word_1_21' title='bbox 493 623 848 695; x_wconf 72' lang='grc' dir='ltr'>ἐνήδρευσαν.</span> <span class='ocrx_word' id='word_1_22' title='bbox 900 625 958 679; x_wconf 85' lang='lat'><strong>&#39;0</strong></span> <span class='ocrx_word' id='word_1_23' title='bbox 991 627 1101 696; x_wconf 84' lang='grc' dir='ltr'><strong>γάρ</strong></span> <span class='ocrx_word' id='word_1_24' title='bbox 1136 625 1435 694; x_wconf 85' lang='grc' dir='ltr'>ὲνεδρεύων</span> <span class='ocrx_word' id='word_1_25' title='bbox 1477 629 1768 697; x_wconf 85' lang='grc' dir='ltr'>περιμένει</span> <span class='ocrx_word' id='word_1_26' title='bbox 1799 626 1890 678; x_wconf 73' lang='grc' dir='ltr'>τὸν</span> 
     </span>
    </p>
   </div>
   <div class='ocr_carea' id='block_1_7' title="bbox 321 715 756 786">
    <p class='ocr_par' dir='ltr' id='par_1_7' title="bbox 321 715 756 786">
     <span class='ocr_line' id='line_1_7' title="bbox 321 715 756 786; baseline 0.005 -17"><span class='ocrx_word' id='word_1_27' title='bbox 321 715 756 786; x_wconf 76' lang='grc' dir='ltr'>ὲνεδρευόμενον.</span> 
     </span>
    </p>
   </div>
   <div class='ocr_carea' id='block_1_8' title="bbox 395 893 1896 964">
    <p class='ocr_par' dir='ltr' id='par_1_8' title="bbox 395 893 1896 964">
     <span class='ocr_line' id='line_1_8' title="bbox 395 893 1896 964; baseline -0.001 -17"><span class='ocrx_word' id='word_1_28' title='bbox 395 895 474 949; x_wconf 81' lang='grc' dir='ltr'><em>Τὰ</em></span> <span class='ocrx_word' id='word_1_29' title='bbox 519 893 818 963; x_wconf 80' lang='grc' dir='ltr'>μαρτύριά</span> <span class='ocrx_word' id='word_1_30' title='bbox 874 912 990 950; x_wconf 91' lang='grc' dir='ltr'>σου</span> <span class='ocrx_word' id='word_1_31' title='bbox 1043 895 1309 964; x_wconf 78' lang='grc' dir='ltr'><strong>συνῆκα.</strong></span> <span class='ocrx_word' id='word_1_32' title='bbox 1345 895 1691 959; x_wconf 70' lang='grc' dir='ltr'>Συνετισθεὶς</span> <span class='ocrx_word' id='word_1_33' title='bbox 1745 895 1896 964; x_wconf 73' lang='grc' dir='ltr'>παρὰ</span> 
     </span>
    </p>
   </div>
   <div class='ocr_carea' id='block_1_9' title="bbox 329 987 1289 1059">
    <p class='ocr_par' dir='ltr' id='par_1_9' title="bbox 329 987 1289 1059">
     <span class='ocr_line' id='line_1_9' title="bbox 329 987 1289 1059; baseline 0.002 -18"><span class='ocrx_word' id='word_1_34' title='bbox 329 989 450 1041; x_wconf 81' lang='grc' dir='ltr'>σοῦ’</span> <span class='ocrx_word' id='word_1_35' title='bbox 483 987 564 1041; x_wconf 79' lang='grc' dir='ltr'><strong>διὸ</strong></span> <span class='ocrx_word' id='word_1_36' title='bbox 597 987 807 1052; x_wconf 80' lang='grc' dir='ltr'><strong>τούτοις</strong></span> <span class='ocrx_word' id='word_1_37' title='bbox 828 987 1289 1059; x_wconf 71' lang='grc' dir='ltr'>ψυχαγωγοῦμαι.</span> 
     </span>
    </p>
   </div>
   <div class='ocr_carea' id='block_1_10' title="bbox 393 1077 1898 1148">
    <p class='ocr_par' dir='ltr' id='par_1_10' title="bbox 393 1077 1898 1148">
     <span class='ocr_line' id='line_1_10' title="bbox 393 1077 1898 1148; baseline 0.001 -15"><span class='ocrx_word' id='word_1_38' title='bbox 393 1079 604 1148; x_wconf 84' lang='grc' dir='ltr'><strong>Πάσης</strong></span> <span class='ocrx_word' id='word_1_39' title='bbox 660 1083 1020 1146; x_wconf 74' lang='grc' dir='ltr'><strong>συντελείας</strong></span> <span class='ocrx_word' id='word_1_40' title='bbox 1071 1077 1236 1135; x_wconf 75' lang='grc' dir='ltr'>εἶδον</span> <span class='ocrx_word' id='word_1_41' title='bbox 1292 1079 1498 1148; x_wconf 56' lang='grc' dir='ltr'>πέρας,</span> <span class='ocrx_word' id='word_1_42' title='bbox 1559 1079 1813 1134; x_wconf 80' lang='grc' dir='ltr'><em>πλατεῖα</em></span> <span class='ocrx_word' id='word_1_43' title='bbox 1859 1081 1898 1148; x_wconf 73' lang='grc' dir='ltr'><strong><em>ἡ</em></strong></span> 
     </span>
    </p>
   </div>
   <div class='ocr_carea' id='block_1_11' title="bbox 319 1171 1904 1245">
    <p class='ocr_par' dir='ltr' id='par_1_11' title="bbox 319 1171 1904 1245">
     <span class='ocr_line' id='line_1_11' title="bbox 319 1171 1904 1245; baseline -0.001 -19"><span class='ocrx_word' id='word_1_44' title='bbox 319 1171 541 1241; x_wconf 77' lang='grc' dir='ltr'><strong>ἐντολή</strong></span> <span class='ocrx_word' id='word_1_45' title='bbox 565 1187 683 1228; x_wconf 86' lang='grc' dir='ltr'>σου</span> <span class='ocrx_word' id='word_1_46' title='bbox 714 1174 972 1242; x_wconf 69' lang='grc' dir='ltr'><em>σφόδρα.</em></span> <span class='ocrx_word' id='word_1_47' title='bbox 999 1174 1204 1245; x_wconf 64' lang='grc' dir='ltr'>’Πάσης</span> <span class='ocrx_word' id='word_1_48' title='bbox 1237 1173 1474 1240; x_wconf 85' lang='grc' dir='ltr'><strong>σπουδῆς</strong></span> <span class='ocrx_word' id='word_1_49' title='bbox 1505 1173 1595 1226; x_wconf 77' lang='grc' dir='ltr'>καὶ</span> <span class='ocrx_word' id='word_1_50' title='bbox 1626 1172 1904 1241; x_wconf 82' lang='grc' dir='ltr'>ἀνθρωπί-</span> 
     </span>
    </p>
   </div>
   <div class='ocr_carea' id='block_1_12' title="bbox 323 1265 1901 1337">
    <p class='ocr_par' dir='ltr' id='par_1_12' title="bbox 323 1265 1901 1337">
     <span class='ocr_line' id='line_1_12' title="bbox 323 1265 1901 1337; baseline 0.001 -20"><span class='ocrx_word' id='word_1_51' title='bbox 323 1283 423 1335; x_wconf 86' lang='grc' dir='ltr'>νης</span> <span class='ocrx_word' id='word_1_52' title='bbox 452 1273 548 1319; x_wconf 81' lang='grc' dir='ltr'>καὶ</span> <span class='ocrx_word' id='word_1_53' title='bbox 578 1265 903 1336; x_wconf 84' lang='grc' dir='ltr'>δαιμονικῆς</span> <span class='ocrx_word' id='word_1_54' title='bbox 955 1266 1131 1336; x_wconf 81' lang='grc' dir='ltr'>ἔγνων</span> <span class='ocrx_word' id='word_1_55' title='bbox 1181 1266 1378 1337; x_wconf 83' lang='grc' dir='ltr'>πέρας.</span> <span class='ocrx_word' id='word_1_56' title='bbox 1415 1266 1655 1320; x_wconf 85' lang='grc' dir='ltr'>Πλατεῖα</span> <span class='ocrx_word' id='word_1_57' title='bbox 1709 1265 1820 1337; x_wconf 76' lang='grc' dir='ltr'><strong>γάρ</strong></span> <span class='ocrx_word' id='word_1_58' title='bbox 1867 1267 1901 1337; x_wconf 75' lang='grc' dir='ltr'>ἡ</span> 
     </span>
    </p>
   </div>
   <div class='ocr_carea' id='block_1_13' title="bbox 321 1345 1902 1429">
    <p class='ocr_par' dir='ltr' id='par_1_13' title="bbox 321 1345 1902 1429">
     <span class='ocr_line' id='line_1_13' title="bbox 321 1345 1902 1429; baseline 0.001 -20"><span class='ocrx_word' id='word_1_59' title='bbox 321 1357 510 1428; x_wconf 73' lang='grc' dir='ltr'>ἐντολή</span> <span class='ocrx_word' id='word_1_60' title='bbox 544 1375 638 1411; x_wconf 90' lang='grc' dir='ltr'><strong>σου</strong></span> <span class='ocrx_word' id='word_1_61' title='bbox 670 1359 901 1429; x_wconf 76' lang='grc' dir='ltr'>σφόδρα,</span> <span class='ocrx_word' id='word_1_62' title='bbox 931 1359 1006 1429; x_wconf 89' lang='grc' dir='ltr'>μὴ</span> <span class='ocrx_word' id='word_1_63' title='bbox 1025 1357 1438 1427; x_wconf 78' lang='grc' dir='ltr'>στενοχωροῦσα</span> <span class='ocrx_word' id='word_1_64' title='bbox 1469 1359 1560 1410; x_wconf 73' lang='grc' dir='ltr'>τὸν</span> <span class='ocrx_word' id='word_1_65' title='bbox 1580 1359 1731 1423; x_wconf 79' lang='grc' dir='ltr'>νοῦν,</span> <span class='ocrx_word' id='word_1_66' title='bbox 1764 1345 1902 1411; x_wconf 77' lang='grc' dir='ltr'><strong>ἀλλά</strong></span> 
     </span>
    </p>
   </div>
   <div class='ocr_carea' id='block_1_14' title="bbox 319 1446 1900 1522">
    <p class='ocr_par' dir='ltr' id='par_1_14' title="bbox 319 1446 1900 1522">
     <span class='ocr_line' id='line_1_14' title="bbox 319 1446 1900 1522; baseline 0 -21"><span class='ocrx_word' id='word_1_67' title='bbox 319 1448 671 1503; x_wconf 78' lang='grc' dir='ltr'>πλατύνουτα</span> <span class='ocrx_word' id='word_1_68' title='bbox 717 1452 856 1522; x_wconf 70' lang='grc' dir='ltr'>πρὸς</span> <span class='ocrx_word' id='word_1_69' title='bbox 883 1450 1087 1518; x_wconf 82' lang='grc' dir='ltr'>γνῶσιν</span> <span class='ocrx_word' id='word_1_70' title='bbox 1109 1467 1123 1482; x_wconf 75' lang='grc' dir='ltr'><strong><em>ο</em></strong></span> <span class='ocrx_word' id='word_1_71' title='bbox 1159 1450 1251 1518; x_wconf 81' lang='grc' dir='ltr'><strong>ὑφ’</strong></span> <span class='ocrx_word' id='word_1_72' title='bbox 1278 1446 1346 1521; x_wconf 81' lang='grc' dir='ltr'>ἧς</span> <span class='ocrx_word' id='word_1_73' title='bbox 1373 1449 1530 1518; x_wconf 83' lang='grc' dir='ltr'><strong>κάγὼ</strong></span> <span class='ocrx_word' id='word_1_74' title='bbox 1557 1450 1900 1512; x_wconf 72' lang='grc' dir='ltr'>πλατυνθεὶς,</span> 
     </span>
    </p>
   </div>
   <div class='ocr_carea' id='block_1_15' title="bbox 317 1541 1900 1614">
    <p class='ocr_par' dir='ltr' id='par_1_15' title="bbox 317 1541 1900 1614">
     <span class='ocr_line' id='line_1_15' title="bbox 317 1541 1900 1614; baseline 0.003 -22"><span class='ocrx_word' id='word_1_75' title='bbox 317 1541 490 1608; x_wconf 70' lang='grc' dir='ltr'>ἔγνων</span> <span class='ocrx_word' id='word_1_76' title='bbox 545 1541 786 1611; x_wconf 77' lang='grc' dir='ltr'><strong>ἑκάστης</strong></span> <span class='ocrx_word' id='word_1_77' title='bbox 835 1542 1150 1614; x_wconf 75' lang='grc' dir='ltr'>συντελείας</span> <span class='ocrx_word' id='word_1_78' title='bbox 1189 1542 1382 1613; x_wconf 81' lang='grc' dir='ltr'><strong>πέρας.</strong></span> <span class='ocrx_word' id='word_1_79' title='bbox 1416 1543 1485 1594; x_wconf 85' lang='grc' dir='ltr'><strong>Ἣ</strong></span> <span class='ocrx_word' id='word_1_80' title='bbox 1535 1545 1630 1595; x_wconf 76' lang='grc' dir='ltr'><strong>καὶ</strong></span> <span class='ocrx_word' id='word_1_81' title='bbox 1664 1543 1865 1612; x_wconf 79' lang='grc' dir='ltr'><strong>ἑτέρως</strong></span> <span class='ocrx_word' id='word_1_82' title='bbox 1889 1560 1900 1571; x_wconf 88' lang='grc'><strong>·</strong></span> 
     </span>
    </p>
   </div>
   <div class='ocr_carea' id='block_1_16' title="bbox 321 1632 1905 1705">
    <p class='ocr_par' dir='ltr' id='par_1_16' title="bbox 321 1632 1905 1705">
     <span class='ocr_line' id='line_1_16' title="bbox 321 1632 1905 1705; baseline 0.001 -20"><span class='ocrx_word' id='word_1_83' title='bbox 321 1632 510 1702; x_wconf 84' lang='grc' dir='ltr'>Πάσης</span> <span class='ocrx_word' id='word_1_84' title='bbox 531 1635 921 1703; x_wconf 64' lang='grc' dir='ltr'>καταστροφῆς</span> <span class='ocrx_word' id='word_1_85' title='bbox 947 1635 1120 1702; x_wconf 77' lang='grc' dir='ltr'>ἔγνων</span> <span class='ocrx_word' id='word_1_86' title='bbox 1138 1633 1335 1705; x_wconf 82' lang='grc' dir='ltr'><strong>πέρας,</strong></span> <span class='ocrx_word' id='word_1_87' title='bbox 1362 1636 1546 1688; x_wconf 78' lang='grc' dir='ltr'>ὁποῖον</span> <span class='ocrx_word' id='word_1_88' title='bbox 1574 1636 1672 1705; x_wconf 85' lang='grc' dir='ltr'><strong>μέν</strong></span> <span class='ocrx_word' id='word_1_89' title='bbox 1701 1637 1814 1688; x_wconf 81' lang='grc' dir='ltr'>ἐστι</span> <span class='ocrx_word' id='word_1_90' title='bbox 1844 1635 1905 1686; x_wconf 76' lang='grc' dir='ltr'><strong>τὸ</strong></span> 
     </span>
    </p>
   </div>
   <div class='ocr_carea' id='block_1_17' title="bbox 321 1725 1906 1797">
    <p class='ocr_par' dir='ltr' id='par_1_17' title="bbox 321 1725 1906 1797">
     <span class='ocr_line' id='line_1_17' title="bbox 321 1725 1906 1797; baseline 0 -19"><span class='ocrx_word' id='word_1_91' title='bbox 321 1726 504 1797; x_wconf 83' lang='grc' dir='ltr'>πέρας</span> <span class='ocrx_word' id='word_1_92' title='bbox 544 1725 646 1795; x_wconf 73' lang='grc' dir='ltr'>τῆς</span> <span class='ocrx_word' id='word_1_93' title='bbox 684 1727 948 1792; x_wconf 78' lang='grc' dir='ltr'><strong>τελευτῆς</strong></span> <span class='ocrx_word' id='word_1_94' title='bbox 983 1726 1080 1780; x_wconf 80' lang='grc' dir='ltr'>τοῦ</span> <span class='ocrx_word' id='word_1_95' title='bbox 1131 1728 1366 1792; x_wconf 76' lang='grc' dir='ltr'><strong>δικαίου,</strong></span> <span class='ocrx_word' id='word_1_96' title='bbox 1416 1728 1600 1780; x_wconf 81' lang='grc' dir='ltr'>ὁποῖον</span> <span class='ocrx_word' id='word_1_97' title='bbox 1629 1727 1686 1780; x_wconf 85' lang='grc' dir='ltr'>δὲ</span> <span class='ocrx_word' id='word_1_98' title='bbox 1721 1727 1906 1795; x_wconf 75' lang='grc' dir='ltr'>τὸτῆς</span> 
     </span>
    </p>
   </div>
   <div class='ocr_carea' id='block_1_18' title="bbox 323 1813 1902 1888">
    <p class='ocr_par' dir='ltr' id='par_1_18' title="bbox 323 1813 1902 1888">
     <span class='ocr_line' id='line_1_18' title="bbox 323 1813 1902 1888; baseline -0.001 -18"><span class='ocrx_word' id='word_1_99' title='bbox 323 1815 417 1870; x_wconf 80' lang='grc' dir='ltr'><strong>τοῦ</strong></span> <span class='ocrx_word' id='word_1_100' title='bbox 469 1815 818 1887; x_wconf 80' lang='grc' dir='ltr'>ἀμαοτωλοῦ.</span> <span class='ocrx_word' id='word_1_101' title='bbox 872 1813 1010 1872; x_wconf 76' lang='grc' dir='ltr'><strong>Εἶτα</strong></span> <span class='ocrx_word' id='word_1_102' title='bbox 1037 1819 1097 1870; x_wconf 73' lang='grc' dir='ltr'><strong>τὸ</strong></span> <span class='ocrx_word' id='word_1_103' title='bbox 1122 1818 1268 1888; x_wconf 74' lang='grc' dir='ltr'>ἑξῆς·</span> <span class='ocrx_word' id='word_1_104' title='bbox 1307 1818 1566 1873; x_wconf 83' lang='grc' dir='ltr'><em>Πλατεῑα</em></span> <span class='ocrx_word' id='word_1_105' title='bbox 1594 1816 1632 1884; x_wconf 76' lang='grc' dir='ltr'>ἡ</span> <span class='ocrx_word' id='word_1_106' title='bbox 1686 1815 1902 1883; x_wconf 70' lang='grc' dir='ltr'>ἐντολή</span> 
     </span>
    </p>
   </div>
   <div class='ocr_carea' id='block_1_19' title="bbox 2003 624 3578 698">
    <p class='ocr_par' dir='ltr' id='par_1_19' title="bbox 2003 624 3578 698">
     <span class='ocr_line' id='line_1_19' title="bbox 2003 624 3578 698; baseline 0.003 -19"><span class='ocrx_word' id='word_1_107' title='bbox 2003 628 2183 679; x_wconf 86' lang='lat' dir='ltr'><strong>derent</strong></span> <span class='ocrx_word' id='word_1_108' title='bbox 2230 642 2333 680; x_wconf 89' lang='lat' dir='ltr'><strong>me.</strong></span> <span class='ocrx_word' id='word_1_109' title='bbox 2373 624 2525 688; x_wconf 84' lang='lat' dir='ltr'><strong>Mihi,</strong></span> <span class='ocrx_word' id='word_1_110' title='bbox 2565 625 2764 695; x_wconf 82' lang='lat' dir='ltr'><strong>inquit,</strong></span> <span class='ocrx_word' id='word_1_111' title='bbox 2810 625 3052 681; x_wconf 74' lang='lat' dir='ltr'><strong>insidiati</strong></span> <span class='ocrx_word' id='word_1_112' title='bbox 3100 635 3252 682; x_wconf 87' lang='lat' dir='ltr'><strong>sunt.</strong></span> <span class='ocrx_word' id='word_1_113' title='bbox 3308 626 3440 681; x_wconf 77' lang='lat' dir='ltr'><strong>Nam</strong></span> <span class='ocrx_word' id='word_1_114' title='bbox 3482 630 3578 698; x_wconf 89' lang='lat' dir='ltr'><strong>qui</strong></span> 
     </span>
    </p>
   </div>
   <div class='ocr_carea' id='block_1_20' title="bbox 2000 717 3583 787">
    <p class='ocr_par' dir='ltr' id='par_1_20' title="bbox 2000 717 3583 787">
     <span class='ocr_line' id='line_1_20' title="bbox 2000 717 3583 787; baseline 0.006 -18"><span class='ocrx_word' id='word_1_115' title='bbox 2000 717 2335 772; x_wconf 76' lang='lat' dir='ltr'><strong>insidiantur</strong></span> <span class='ocrx_word' id='word_1_116' title='bbox 2383 726 2715 787; x_wconf 77' lang='lat' dir='ltr'><strong>exspectare</strong></span> <span class='ocrx_word' id='word_1_117' title='bbox 2763 733 2887 774; x_wconf 90' lang='lat' dir='ltr'><strong>eum</strong></span> <span class='ocrx_word' id='word_1_118' title='bbox 2943 719 3153 783; x_wconf 89' lang='lat' dir='ltr'><strong>solent,</strong></span> <span class='ocrx_word' id='word_1_119' title='bbox 3209 721 3296 774; x_wconf 90' lang='lat' dir='ltr'><strong>cui</strong></span> <span class='ocrx_word' id='word_1_120' title='bbox 3351 720 3583 778; x_wconf 81' lang='lat' dir='ltr'><strong>insidias</strong></span> 
     </span>
    </p>
   </div>
   <div class='ocr_carea' id='block_1_21' title="bbox 2001 809 2256 862">
    <p class='ocr_par' dir='ltr' id='par_1_21' title="bbox 2001 809 2256 862">
     <span class='ocr_line' id='line_1_21' title="bbox 2001 809 2256 862; baseline 0.004 -3"><span class='ocrx_word' id='word_1_121' title='bbox 2001 809 2256 862; x_wconf 87' lang='lat' dir='ltr'><strong>tendunt.</strong></span> 
     </span>
    </p>
   </div>
   <div class='ocr_carea' id='block_1_22' title="bbox 2072 899 3581 968">
    <p class='ocr_par' dir='ltr' id='par_1_22' title="bbox 2072 899 3581 968">
     <span class='ocr_line' id='line_1_22' title="bbox 2072 899 3581 968; baseline 0.005 -17"><span class='ocrx_word' id='word_1_122' title='bbox 2072 899 2390 955; x_wconf 83' lang='lat' dir='ltr'><strong>Testimonia</strong></span> <span class='ocrx_word' id='word_1_123' title='bbox 2422 911 2514 955; x_wconf 85' lang='lat' dir='ltr'><strong>tua</strong></span> <span class='ocrx_word' id='word_1_124' title='bbox 2539 901 2802 956; x_wconf 73' lang='lat' dir='ltr'><strong>intellexi.</strong></span> <span class='ocrx_word' id='word_1_125' title='bbox 2831 901 3160 958; x_wconf 82' lang='lat' dir='ltr'><strong>Prudentior</strong></span> <span class='ocrx_word' id='word_1_126' title='bbox 3190 919 3218 956; x_wconf 89' lang='lat' dir='ltr'><strong>a</strong></span> <span class='ocrx_word' id='word_1_127' title='bbox 3248 914 3299 958; x_wconf 85' lang='lat' dir='ltr'><strong>te</strong></span> <span class='ocrx_word' id='word_1_128' title='bbox 3328 903 3581 968; x_wconf 75' lang='lat' dir='ltr'><strong>eﬂ&#39;ectus,</strong></span> 
     </span>
    </p>
   </div>
   <div class='ocr_carea' id='block_1_23' title="bbox 2001 988 3323 1063">
    <p class='ocr_par' dir='ltr' id='par_1_23' title="bbox 2001 988 3323 1063">
     <span class='ocr_line' id='line_1_23' title="bbox 2001 988 3323 1063; baseline 0.005 -23"><span class='ocrx_word' id='word_1_129' title='bbox 2001 997 2168 1056; x_wconf 85' lang='lat' dir='ltr'><strong>atque</strong></span> <span class='ocrx_word' id='word_1_130' title='bbox 2196 988 2319 1044; x_wconf 90' lang='lat' dir='ltr'><strong>ideo</strong></span> <span class='ocrx_word' id='word_1_131' title='bbox 2366 991 2421 1044; x_wconf 91' lang='lat' dir='ltr'><strong>in</strong></span> <span class='ocrx_word' id='word_1_132' title='bbox 2474 991 2585 1046; x_wconf 87' lang='lat' dir='ltr'><strong>illis</strong></span> <span class='ocrx_word' id='word_1_133' title='bbox 2619 991 2918 1063; x_wconf 81' lang='lat' dir='ltr'><strong>refrigeror</strong></span> <span class='ocrx_word' id='word_1_134' title='bbox 2951 1001 3006 1048; x_wconf 87' lang='lat' dir='ltr'><strong>et</strong></span> <span class='ocrx_word' id='word_1_135' title='bbox 3037 995 3323 1048; x_wconf 88' lang='lat' dir='ltr'><strong>consolor.</strong></span> 
     </span>
    </p>
   </div>
   <div class='ocr_carea' id='block_1_24' title="bbox 2074 1079 3586 1152">
    <p class='ocr_par' dir='ltr' id='par_1_24' title="bbox 2074 1079 3586 1152">
     <span class='ocr_line' id='line_1_24' title="bbox 2074 1079 3586 1152; baseline 0.003 -20"><span class='ocrx_word' id='word_1_136' title='bbox 2074 1080 2238 1132; x_wconf 71' lang='lat' dir='ltr'><strong>Vsus.</strong></span> <span class='ocrx_word' id='word_1_137' title='bbox 2272 1079 2361 1134; x_wconf 83' lang='lat'><strong>96.</strong></span> <span class='ocrx_word' id='word_1_138' title='bbox 2395 1080 2576 1136; x_wconf 85' lang='lat' dir='ltr'><strong>Omnis</strong></span> <span class='ocrx_word' id='word_1_139' title='bbox 2594 1083 3060 1136; x_wconf 77' lang='lat' dir='ltr'><strong>consummationis</strong></span> <span class='ocrx_word' id='word_1_140' title='bbox 3079 1083 3183 1136; x_wconf 84' lang='lat' dir='ltr'><strong>vidi</strong></span> <span class='ocrx_word' id='word_1_141' title='bbox 3206 1085 3386 1152; x_wconf 83' lang='lat' dir='ltr'><strong>ﬁnem,</strong></span> <span class='ocrx_word' id='word_1_142' title='bbox 3418 1083 3586 1138; x_wconf 85' lang='lat' dir='ltr'><strong>latum</strong></span> 
     </span>
    </p>
   </div>
   <div class='ocr_carea' id='block_1_25' title="bbox 2003 1172 3588 1244">
    <p class='ocr_par' dir='ltr' id='par_1_25' title="bbox 2003 1172 3588 1244">
     <span class='ocr_line' id='line_1_25' title="bbox 2003 1172 3588 1244; baseline 0.003 -21"><span class='ocrx_word' id='word_1_143' title='bbox 2003 1172 2316 1224; x_wconf 85' lang='lat' dir='ltr'><strong>mandatum</strong></span> <span class='ocrx_word' id='word_1_144' title='bbox 2370 1181 2517 1225; x_wconf 83' lang='lat' dir='ltr'><strong>tuum</strong></span> <span class='ocrx_word' id='word_1_145' title='bbox 2573 1174 2744 1228; x_wconf 75' lang='lat' dir='ltr'><strong>valde.</strong></span> <span class='ocrx_word' id='word_1_146' title='bbox 2822 1172 3036 1238; x_wconf 84' lang='lat' dir='ltr'><strong>Finem,</strong></span> <span class='ocrx_word' id='word_1_147' title='bbox 3093 1175 3292 1244; x_wconf 73' lang='lat' dir='ltr'><strong>inquit,</strong></span> <span class='ocrx_word' id='word_1_148' title='bbox 3350 1176 3588 1244; x_wconf 78' lang='lat' dir='ltr'><strong>cognovi</strong></span> 
     </span>
    </p>
   </div>
   <div class='ocr_carea' id='block_1_26' title="bbox 2004 1261 3591 1330">
    <p class='ocr_par' dir='ltr' id='par_1_26' title="bbox 2004 1261 3591 1330">
     <span class='ocr_line' id='line_1_26' title="bbox 2004 1261 3591 1330; baseline 0.002 -14"><span class='ocrx_word' id='word_1_149' title='bbox 2004 1277 2127 1316; x_wconf 89' lang='lat' dir='ltr'><strong>esse</strong></span> <span class='ocrx_word' id='word_1_150' title='bbox 2163 1263 2218 1316; x_wconf 89' lang='lat' dir='ltr'><strong>in</strong></span> <span class='ocrx_word' id='word_1_151' title='bbox 2270 1261 2514 1316; x_wconf 85' lang='lat' dir='ltr'><strong>humano</strong></span> <span class='ocrx_word' id='word_1_152' title='bbox 2544 1263 2786 1330; x_wconf 84' lang='lat' dir='ltr'><strong>quolibet</strong></span> <span class='ocrx_word' id='word_1_153' title='bbox 2818 1275 2911 1316; x_wconf 89' lang='lat' dir='ltr'><strong>aut</strong></span> <span class='ocrx_word' id='word_1_154' title='bbox 2939 1264 3210 1317; x_wconf 77' lang='lat' dir='ltr'><strong>diabolico</strong></span> <span class='ocrx_word' id='word_1_155' title='bbox 3244 1266 3450 1318; x_wconf 87' lang='lat' dir='ltr'><strong>studio.</strong></span> <span class='ocrx_word' id='word_1_156' title='bbox 3480 1265 3591 1319; x_wconf 59' lang='lat' dir='ltr'><strong>La-</strong></span> 
     </span>
    </p>
   </div>
   <div class='ocr_carea' id='block_1_27' title="bbox 2008 1353 3590 1426">
    <p class='ocr_par' dir='ltr' id='par_1_27' title="bbox 2008 1353 3590 1426">
     <span class='ocr_line' id='line_1_27' title="bbox 2008 1353 3590 1426; baseline 0.001 -18"><span class='ocrx_word' id='word_1_157' title='bbox 2008 1365 2117 1408; x_wconf 86' lang='lat' dir='ltr'><strong>tum</strong></span> <span class='ocrx_word' id='word_1_158' title='bbox 2171 1353 2321 1408; x_wconf 90' lang='lat' dir='ltr'><strong>enim</strong></span> <span class='ocrx_word' id='word_1_159' title='bbox 2377 1355 2689 1407; x_wconf 84' lang='lat' dir='ltr'><strong>mandatum</strong></span> <span class='ocrx_word' id='word_1_160' title='bbox 2753 1365 2900 1408; x_wconf 83' lang='lat' dir='ltr'><strong>tuum</strong></span> <span class='ocrx_word' id='word_1_161' title='bbox 2973 1355 3371 1426; x_wconf 79' lang='lat' dir='ltr'><strong>valde:nequc</strong></span> <span class='ocrx_word' id='word_1_162' title='bbox 3445 1359 3590 1411; x_wconf 90' lang='lat' dir='ltr'><strong>enim</strong></span> 
     </span>
    </p>
   </div>
   <div class='ocr_carea' id='block_1_28' title="bbox 2006 1445 3595 1517">
    <p class='ocr_par' dir='ltr' id='par_1_28' title="bbox 2006 1445 3595 1517">
     <span class='ocr_line' id='line_1_28' title="bbox 2006 1445 3595 1517; baseline 0.003 -21"><span class='ocrx_word' id='word_1_163' title='bbox 2006 1445 2303 1497; x_wconf 83' lang='lat' dir='ltr'><strong>humanam</strong></span> <span class='ocrx_word' id='word_1_164' title='bbox 2341 1453 2575 1498; x_wconf 85' lang='lat' dir='ltr'><strong>mentem</strong></span> <span class='ocrx_word' id='word_1_165' title='bbox 2642 1451 2844 1508; x_wconf 86' lang='lat' dir='ltr'><strong>arctat,</strong></span> <span class='ocrx_word' id='word_1_166' title='bbox 2892 1445 3142 1513; x_wconf 87' lang='lat' dir='ltr'><strong>quinimo</strong></span> <span class='ocrx_word' id='word_1_167' title='bbox 3195 1447 3260 1499; x_wconf 89' lang='lat' dir='ltr'><strong>ad</strong></span> <span class='ocrx_word' id='word_1_168' title='bbox 3323 1450 3595 1517; x_wconf 78' lang='lat' dir='ltr'><strong>cognitio-</strong></span> 
     </span>
    </p>
   </div>
   <div class='ocr_carea' id='block_1_29' title="bbox 2008 1535 3594 1606">
    <p class='ocr_par' dir='ltr' id='par_1_29' title="bbox 2008 1535 3594 1606">
     <span class='ocr_line' id='line_1_29' title="bbox 2008 1535 3594 1606; baseline 0.004 -17"><span class='ocrx_word' id='word_1_169' title='bbox 2008 1551 2131 1591; x_wconf 87' lang='lat' dir='ltr'><strong>nem</strong></span> <span class='ocrx_word' id='word_1_170' title='bbox 2168 1544 2332 1605; x_wconf 84' lang='lat' dir='ltr'><strong>atque</strong></span> <span class='ocrx_word' id='word_1_171' title='bbox 2374 1536 2441 1590; x_wconf 87' lang='lat' dir='ltr'><strong>ad</strong></span> <span class='ocrx_word' id='word_1_172' title='bbox 2493 1535 2906 1606; x_wconf 80' lang='lat' dir='ltr'><strong>intelligentiam</strong></span> <span class='ocrx_word' id='word_1_173' title='bbox 2959 1552 3080 1592; x_wconf 84' lang='lat' dir='ltr'><strong>eam</strong></span> <span class='ocrx_word' id='word_1_174' title='bbox 3139 1539 3346 1592; x_wconf 78' lang='lat' dir='ltr'><strong>dilatat.</strong></span> <span class='ocrx_word' id='word_1_175' title='bbox 3396 1539 3479 1594; x_wconf 81' lang='lat' dir='ltr'><strong>Ab</strong></span> <span class='ocrx_word' id='word_1_176' title='bbox 3529 1556 3594 1596; x_wconf 86' lang='lat' dir='ltr'><strong>eo</strong></span> 
     </span>
    </p>
   </div>
   <div class='ocr_carea' id='block_1_30' title="bbox 2007 1626 3596 1693">
    <p class='ocr_par' dir='ltr' id='par_1_30' title="bbox 2007 1626 3596 1693">
     <span class='ocr_line' id='line_1_30' title="bbox 2007 1626 3596 1693; baseline 0.003 -13"><span class='ocrx_word' id='word_1_177' title='bbox 2007 1629 2153 1680; x_wconf 82' lang='lat' dir='ltr'><strong>enim</strong></span> <span class='ocrx_word' id='word_1_178' title='bbox 2185 1641 2285 1693; x_wconf 77' lang='lat' dir='ltr'><strong>ego</strong></span> <span class='ocrx_word' id='word_1_179' title='bbox 2324 1626 2587 1680; x_wconf 88' lang='lat' dir='ltr'><strong>dilatatus</strong></span> <span class='ocrx_word' id='word_1_180' title='bbox 2618 1641 2763 1688; x_wconf 91' lang='lat' dir='ltr'><strong>sum,</strong></span> <span class='ocrx_word' id='word_1_181' title='bbox 2812 1635 2866 1679; x_wconf 92' lang='lat' dir='ltr'><strong>ct</strong></span> <span class='ocrx_word' id='word_1_182' title='bbox 2906 1629 3066 1681; x_wconf 88' lang='lat' dir='ltr'><strong>linem</strong></span> <span class='ocrx_word' id='word_1_183' title='bbox 3118 1630 3300 1684; x_wconf 89' lang='lat' dir='ltr'><strong>omnis</strong></span> <span class='ocrx_word' id='word_1_184' title='bbox 3333 1645 3596 1685; x_wconf 81' lang='lat' dir='ltr'><strong>consum-</strong></span> 
     </span>
    </p>
   </div>
   <div class='ocr_carea' id='block_1_31' title="bbox 2011 1716 3593 1788">
    <p class='ocr_par' dir='ltr' id='par_1_31' title="bbox 2011 1716 3593 1788">
     <span class='ocr_line' id='line_1_31' title="bbox 2011 1716 3593 1788; baseline 0.003 -18"><span class='ocrx_word' id='word_1_185' title='bbox 2011 1718 2275 1772; x_wconf 88' lang='lat' dir='ltr'><strong>mationis</strong></span> <span class='ocrx_word' id='word_1_186' title='bbox 2310 1719 2563 1788; x_wconf 78' lang='lat' dir='ltr'><strong>cognovi.</strong></span> <span class='ocrx_word' id='word_1_187' title='bbox 2620 1716 2717 1772; x_wconf 81' lang='lat' dir='ltr'><strong>Vel</strong></span> <span class='ocrx_word' id='word_1_188' title='bbox 2748 1719 2906 1773; x_wconf 84' lang='lat' dir='ltr'><strong>aliter</strong></span> <span class='ocrx_word' id='word_1_189' title='bbox 2949 1736 2964 1772; x_wconf 85' lang='lat'><strong>:</strong></span> <span class='ocrx_word' id='word_1_190' title='bbox 3027 1721 3213 1774; x_wconf 81' lang='lat' dir='ltr'><strong>Omnis</strong></span> <span class='ocrx_word' id='word_1_191' title='bbox 3249 1739 3593 1776; x_wconf 80' lang='lat' dir='ltr'><strong>consumma-</strong></span> 
     </span>
    </p>
   </div>
   <div class='ocr_carea' id='block_1_32' title="bbox 2017 1808 3588 1874">
    <p class='ocr_par' dir='ltr' id='par_1_32' title="bbox 2017 1808 3588 1874">
     <span class='ocr_line' id='line_1_32' title="bbox 2017 1808 3588 1874; baseline 0.004 -11"><span class='ocrx_word' id='word_1_192' title='bbox 2017 1812 2200 1873; x_wconf 80' lang='lat' dir='ltr'><strong>tionis,</strong></span> <span class='ocrx_word' id='word_1_193' title='bbox 2240 1810 2344 1864; x_wconf 91' lang='lat' dir='ltr'><strong>hoc</strong></span> <span class='ocrx_word' id='word_1_194' title='bbox 2386 1819 2490 1874; x_wconf 88' lang='lat' dir='ltr'><strong>est,</strong></span> <span class='ocrx_word' id='word_1_195' title='bbox 2546 1808 2727 1864; x_wconf 89' lang='lat' dir='ltr'><strong>omnis</strong></span> <span class='ocrx_word' id='word_1_196' title='bbox 2787 1810 3190 1866; x_wconf 89' lang='lat' dir='ltr'><strong>destructionis</strong></span> <span class='ocrx_word' id='word_1_197' title='bbox 3223 1813 3384 1867; x_wconf 83' lang='lat' dir='ltr'><strong>linem</strong></span> <span class='ocrx_word' id='word_1_198' title='bbox 3421 1815 3588 1869; x_wconf 79' lang='lat' dir='ltr'><strong>novi:</strong></span> 
     </span>
    </p>
   </div>
   <div class='ocr_carea' id='block_1_33' title="bbox 319 1897 1910 1986">
    <p class='ocr_par' dir='ltr' id='par_1_33' title="bbox 319 1912 1907 1986">
     <span class='ocr_line' id='line_1_33' title="bbox 319 1912 1907 1986; baseline -0.004 -15"><span class='ocrx_word' id='word_1_199' title='bbox 319 1933 437 1971; x_wconf 90' lang='grc' dir='ltr'>σου</span> <span class='ocrx_word' id='word_1_200' title='bbox 486 1915 755 1986; x_wconf 68' lang='grc' dir='ltr'><strong>σφόδρα·</strong></span> <span class='ocrx_word' id='word_1_201' title='bbox 797 1916 1145 1970; x_wconf 81' lang='grc' dir='ltr'>πλατύνουσα</span> <span class='ocrx_word' id='word_1_202' title='bbox 1195 1918 1254 1968; x_wconf 83' lang='grc' dir='ltr'>ὲν</span> <span class='ocrx_word' id='word_1_203' title='bbox 1288 1915 1624 1986; x_wconf 76' lang='grc' dir='ltr'>στενοχωρίᾳ</span> <span class='ocrx_word' id='word_1_204' title='bbox 1674 1912 1907 1980; x_wconf 73' lang='grc' dir='ltr'>Θλίψεως</span> 
     </span>
    </p>
   </div>
   <div class='ocr_carea' id='block_1_34' title="bbox 2020 1897 3594 1986">
    <p class='ocr_par' dir='ltr' id='par_1_34' title="bbox 2020 1904 3594 1975">
     <span class='ocr_line' id='line_1_34' title="bbox 2020 1904 3594 1975; baseline 0.001 -16"><span class='ocrx_word' id='word_1_205' title='bbox 2020 1904 2196 1974; x_wconf 80' lang='lat' dir='ltr'><strong>qualis</strong></span> <span class='ocrx_word' id='word_1_206' title='bbox 2247 1904 2509 1958; x_wconf 85' lang='lat' dir='ltr'><strong>nimirum</strong></span> <span class='ocrx_word' id='word_1_207' title='bbox 2561 1904 2754 1957; x_wconf 88' lang='lat' dir='ltr'><strong>mortis</strong></span> <span class='ocrx_word' id='word_1_208' title='bbox 2788 1904 2912 1958; x_wconf 80' lang='lat' dir='ltr'><strong>linis</strong></span> <span class='ocrx_word' id='word_1_209' title='bbox 2950 1905 3022 1960; x_wconf 88' lang='lat' dir='ltr'><strong>sit</strong></span> <span class='ocrx_word' id='word_1_210' title='bbox 3068 1905 3219 1970; x_wconf 90' lang='lat' dir='ltr'><strong>justo</strong></span> <span class='ocrx_word' id='word_1_211' title='bbox 3274 1908 3507 1975; x_wconf 84' lang='lat' dir='ltr'><strong>homini,</strong></span> <span class='ocrx_word' id='word_1_212' title='bbox 3540 1917 3594 1962; x_wconf 87' lang='lat' dir='ltr'><strong>et</strong></span> 
     </span>
    </p>
   </div>
   <div class='ocr_carea' id='block_1_35' title="bbox 315 2005 1904 2080">
    <p class='ocr_par' dir='ltr' id='par_1_35' title="bbox 315 2005 1904 2080">
     <span class='ocr_line' id='line_1_35' title="bbox 315 2005 1904 2080; baseline -0.003 -18"><span class='ocrx_word' id='word_1_213' title='bbox 315 2009 408 2062; x_wconf 82' lang='grc' dir='ltr'><strong>τὸν</strong></span> <span class='ocrx_word' id='word_1_214' title='bbox 447 2009 963 2080; x_wconf 70' lang='grc' dir='ltr'>ἐμπολιτευόμενον.</span> <span class='ocrx_word' id='word_1_215' title='bbox 1017 2008 1194 2078; x_wconf 83' lang='grc' dir='ltr'>Νόμον</span> <span class='ocrx_word' id='word_1_216' title='bbox 1235 2009 1293 2061; x_wconf 82' lang='grc' dir='ltr'>δὲ</span> <span class='ocrx_word' id='word_1_217' title='bbox 1342 2009 1454 2061; x_wconf 85' lang='grc' dir='ltr'>νόει</span> <span class='ocrx_word' id='word_1_218' title='bbox 1529 2007 1628 2070; x_wconf 79' lang='grc' dir='ltr'>τὰς</span> <span class='ocrx_word' id='word_1_219' title='bbox 1662 2005 1904 2066; x_wconf 80' lang='grc' dir='ltr'>ἐντολάς.</span> 
     </span>
    </p>
   </div>
   <div class='ocr_carea' id='block_1_36' title="bbox 319 2097 1904 2174">
    <p class='ocr_par' dir='ltr' id='par_1_36' title="bbox 319 2097 1904 2174">
     <span class='ocr_line' id='line_1_36' title="bbox 319 2097 1904 2174; baseline -0.004 -20"><span class='ocrx_word' id='word_1_220' title='bbox 319 2102 390 2154; x_wconf 86' lang='grc' dir='ltr'>Ἢ</span> <span class='ocrx_word' id='word_1_221' title='bbox 425 2102 674 2168; x_wconf 81' lang='grc' dir='ltr'><em>πλατεῖα,</em></span> <span class='ocrx_word' id='word_1_222' title='bbox 709 2102 787 2173; x_wconf 82' lang='grc' dir='ltr'>τῷ</span> <span class='ocrx_word' id='word_1_223' title='bbox 819 2104 895 2174; x_wconf 84' lang='grc' dir='ltr'>μὴ</span> <span class='ocrx_word' id='word_1_224' title='bbox 929 2103 1317 2172; x_wconf 87' lang='grc' dir='ltr'>στενοχωρεῖν,</span> <span class='ocrx_word' id='word_1_225' title='bbox 1355 2099 1492 2170; x_wconf 73' lang='grc' dir='ltr'>μηδὲ</span> <span class='ocrx_word' id='word_1_226' title='bbox 1521 2097 1904 2168; x_wconf 80' lang='grc' dir='ltr'><em>ταλαιπωρίαν</em></span> 
     </span>
    </p>
   </div>
   <div class='ocr_carea' id='block_1_37' title="bbox 316 2191 1893 2264">
    <p class='ocr_par' dir='ltr' id='par_1_37' title="bbox 316 2191 1893 2264">
     <span class='ocr_line' id='line_1_37' title="bbox 316 2191 1893 2264; baseline -0.004 -18"><span class='ocrx_word' id='word_1_227' title='bbox 316 2194 548 2262; x_wconf 74' lang='grc' dir='ltr'>ἐπάγειν</span> <span class='ocrx_word' id='word_1_228' title='bbox 602 2198 650 2249; x_wconf 77' lang='grc' dir='ltr'>εἰ</span> <span class='ocrx_word' id='word_1_229' title='bbox 693 2197 789 2248; x_wconf 75' lang='grc' dir='ltr'><strong>καὶ</strong></span> <span class='ocrx_word' id='word_1_230' title='bbox 830 2196 979 2248; x_wconf 86' lang='grc' dir='ltr'>δοκεῖ</span> <span class='ocrx_word' id='word_1_231' title='bbox 1034 2197 1147 2256; x_wconf 82' lang='grc' dir='ltr'>τοῖς</span> <span class='ocrx_word' id='word_1_232' title='bbox 1179 2193 1578 2264; x_wconf 75' lang='grc' dir='ltr'><strong>ῥᾳθυμοτέρως</strong></span> <span class='ocrx_word' id='word_1_233' title='bbox 1613 2191 1893 2251; x_wconf 80' lang='grc' dir='ltr'>ἐπίπονος.</span> 
     </span>
    </p>
   </div>
   <div class='ocr_carea' id='block_1_38' title="bbox 2009 1993 3590 2068">
    <p class='ocr_par' dir='ltr' id='par_1_38' title="bbox 2009 1993 3590 2068">
     <span class='ocr_line' id='line_1_38' title="bbox 2009 1993 3590 2068; baseline 0.001 -17"><span class='ocrx_word' id='word_1_234' title='bbox 2009 1998 2192 2068; x_wconf 86' lang='lat' dir='ltr'><strong>qualis</strong></span> <span class='ocrx_word' id='word_1_235' title='bbox 2213 1996 2516 2066; x_wconf 86' lang='lat' dir='ltr'><strong>peccatori.</strong></span> <span class='ocrx_word' id='word_1_236' title='bbox 2543 1993 2803 2065; x_wconf 87' lang='lat' dir='ltr'><strong>Sequitur</strong></span> <span class='ocrx_word' id='word_1_237' title='bbox 2843 1996 3070 2052; x_wconf 82' lang='lat' dir='ltr'><strong>:Latum</strong></span> <span class='ocrx_word' id='word_1_238' title='bbox 3091 2001 3402 2054; x_wconf 84' lang='lat' dir='ltr'><strong>mandatum</strong></span> <span class='ocrx_word' id='word_1_239' title='bbox 3440 2009 3590 2054; x_wconf 81' lang='lat' dir='ltr'><strong>tuum</strong></span> 
     </span>
    </p>
   </div>
   <div class='ocr_carea' id='block_1_39' title="bbox 2005 2089 3592 2157">
    <p class='ocr_par' dir='ltr' id='par_1_39' title="bbox 2005 2089 3592 2157">
     <span class='ocr_line' id='line_1_39' title="bbox 2005 2089 3592 2157; baseline 0.001 -15"><span class='ocrx_word' id='word_1_240' title='bbox 2005 2090 2179 2151; x_wconf 86' lang='lat' dir='ltr'><strong>valde,</strong></span> <span class='ocrx_word' id='word_1_241' title='bbox 2230 2089 2360 2157; x_wconf 86' lang='lat' dir='ltr'><strong>quia</strong></span> <span class='ocrx_word' id='word_1_242' title='bbox 2398 2103 2495 2142; x_wconf 90' lang='lat' dir='ltr'><strong>eos</strong></span> <span class='ocrx_word' id='word_1_243' title='bbox 2546 2104 2740 2143; x_wconf 74' lang='lat' dir='ltr'><strong>oinnes</strong></span> <span class='ocrx_word' id='word_1_244' title='bbox 2807 2100 3040 2156; x_wconf 88' lang='lat' dir='ltr'><strong>recreat,</strong></span> <span class='ocrx_word' id='word_1_245' title='bbox 3075 2101 3128 2145; x_wconf 88' lang='lat' dir='ltr'><strong>et</strong></span> <span class='ocrx_word' id='word_1_246' title='bbox 3181 2107 3370 2145; x_wconf 88' lang='lat' dir='ltr'><strong>eorum</strong></span> <span class='ocrx_word' id='word_1_247' title='bbox 3424 2098 3592 2146; x_wconf 75' lang='lat' dir='ltr'><strong>corna</strong></span> 
     </span>
    </p>
   </div>
   <div class='ocr_carea' id='block_1_40' title="bbox 2006 2180 3593 2252">
    <p class='ocr_par' dir='ltr' id='par_1_40' title="bbox 2006 2180 3593 2252">
     <span class='ocr_line' id='line_1_40' title="bbox 2006 2180 3593 2252; baseline 0 -15"><span class='ocrx_word' id='word_1_248' title='bbox 2006 2181 2336 2250; x_wconf 85' lang='lat' dir='ltr'><strong>dilatat,qui</strong></span> <span class='ocrx_word' id='word_1_249' title='bbox 2385 2180 2441 2233; x_wconf 88' lang='lat' dir='ltr'><strong>in</strong></span> <span class='ocrx_word' id='word_1_250' title='bbox 2488 2182 2758 2250; x_wconf 78' lang='lat' dir='ltr'><strong>angustiis</strong></span> <span class='ocrx_word' id='word_1_251' title='bbox 2798 2193 2965 2252; x_wconf 86' lang='lat' dir='ltr'><strong>atque</strong></span> <span class='ocrx_word' id='word_1_252' title='bbox 3032 2183 3420 2239; x_wconf 80' lang='lat' dir='ltr'><strong>aIIlictionihus</strong></span> <span class='ocrx_word' id='word_1_253' title='bbox 3471 2201 3593 2240; x_wconf 81' lang='lat' dir='ltr'><strong>ver-</strong></span> 
     </span>
    </p>
   </div>
   <div class='ocr_carea' id='block_1_41' title="bbox 316 2272 3596 2356">
    <p class='ocr_par' dir='ltr' id='par_1_41' title="bbox 316 2272 3596 2356">
     <span class='ocr_line' id='line_1_41' title="bbox 316 2272 3596 2356; baseline -0.004 -9"><span class='ocrx_word' id='word_1_254' title='bbox 316 2301 531 2347; x_wconf 87' lang='lat' dir='ltr'><strong>santur.</strong></span> <span class='ocrx_word' id='word_1_255' title='bbox 563 2288 667 2344; x_wconf 86' lang='lat' dir='ltr'><strong>Per</strong></span> <span class='ocrx_word' id='word_1_256' title='bbox 697 2289 1012 2342; x_wconf 90' lang='lat' dir='ltr'><strong>mandatum</strong></span> <span class='ocrx_word' id='word_1_257' title='bbox 1056 2300 1186 2339; x_wconf 81' lang='lat' dir='ltr'><strong>vero</strong></span> <span class='ocrx_word' id='word_1_258' title='bbox 1258 2286 1429 2356; x_wconf 82' lang='lat' dir='ltr'><strong>legem</strong></span> <span class='ocrx_word' id='word_1_259' title='bbox 1497 2284 1763 2354; x_wconf 78' lang='lat' dir='ltr'><strong>intellige.</strong></span> <span class='ocrx_word' id='word_1_260' title='bbox 1799 2281 1940 2336; x_wconf 79' lang='lat' dir='ltr'><strong>Vel:</strong></span> <span class='ocrx_word' id='word_1_261' title='bbox 1982 2276 2180 2330; x_wconf 82' lang='lat' dir='ltr'><strong>Latum</strong></span> <span class='ocrx_word' id='word_1_262' title='bbox 2250 2283 2332 2328; x_wconf 89' lang='lat' dir='ltr'><strong>est</strong></span> <span class='ocrx_word' id='word_1_263' title='bbox 2378 2272 2698 2328; x_wconf 88' lang='lat' dir='ltr'><strong>mandatmn</strong></span> <span class='ocrx_word' id='word_1_264' title='bbox 2763 2283 2942 2336; x_wconf 88' lang='lat' dir='ltr'><strong>tuum,</strong></span> <span class='ocrx_word' id='word_1_265' title='bbox 2993 2291 3059 2332; x_wconf 90' lang='lat' dir='ltr'><strong>co</strong></span> <span class='ocrx_word' id='word_1_266' title='bbox 3118 2278 3264 2345; x_wconf 86' lang='lat' dir='ltr'><strong>quod</strong></span> <span class='ocrx_word' id='word_1_267' title='bbox 3309 2282 3596 2348; x_wconf 76' lang='lat' dir='ltr'><strong>angustias</strong></span> 
     </span>
    </p>
   </div>
   <div class='ocr_carea' id='block_1_42' title="bbox 315 2366 3520 2450">
    <p class='ocr_par' dir='ltr' id='par_1_42' title="bbox 315 2366 3520 2450">
     <span class='ocr_line' id='line_1_42' title="bbox 315 2366 3520 2450; baseline -0.002 -17"><span class='ocrx_word' id='word_1_268' title='bbox 315 2392 371 2437; x_wconf 88' lang='lat' dir='ltr'><strong>et</strong></span> <span class='ocrx_word' id='word_1_269' title='bbox 423 2397 698 2435; x_wconf 70' lang='lat' dir='ltr'><strong>mrumnas</strong></span> <span class='ocrx_word' id='word_1_270' title='bbox 740 2380 922 2436; x_wconf 88' lang='lat' dir='ltr'><strong>nullas</strong></span> <span class='ocrx_word' id='word_1_271' title='bbox 970 2388 1217 2450; x_wconf 82' lang='lat' dir='ltr'><strong>praestat,</strong></span> <span class='ocrx_word' id='word_1_272' title='bbox 1247 2379 1462 2433; x_wconf 76' lang='lat' dir='ltr'><strong>tametsi</strong></span> <span class='ocrx_word' id='word_1_273' title='bbox 1501 2377 1778 2430; x_wconf 84' lang='lat' dir='ltr'><strong>inertibus</strong></span> <span class='ocrx_word' id='word_1_274' title='bbox 1833 2391 1898 2428; x_wconf 86' lang='lat' dir='ltr'><strong>ac</strong></span> <span class='ocrx_word' id='word_1_275' title='bbox 1937 2371 2105 2442; x_wconf 81' lang='lat' dir='ltr'><strong>pigris</strong></span> <span class='ocrx_word' id='word_1_276' title='bbox 2155 2366 2469 2421; x_wconf 90' lang='lat' dir='ltr'><strong>hominibus</strong></span> <span class='ocrx_word' id='word_1_277' title='bbox 2519 2367 2853 2420; x_wconf 82' lang='lat' dir='ltr'><strong>laboriosum</strong></span> <span class='ocrx_word' id='word_1_278' title='bbox 2939 2369 2991 2422; x_wconf 88' lang='lat' dir='ltr'><strong>id</strong></span> <span class='ocrx_word' id='word_1_279' title='bbox 3063 2385 3188 2424; x_wconf 87' lang='lat' dir='ltr'><strong>esse</strong></span> <span class='ocrx_word' id='word_1_280' title='bbox 3248 2373 3520 2426; x_wconf 79' lang='lat' dir='ltr'><strong>videatur.</strong></span> 
     </span>
    </p>
   </div>
   <div class='ocr_carea' id='block_1_43' title="bbox 402 2473 1905 2547">
    <p class='ocr_par' dir='ltr' id='par_1_43' title="bbox 402 2473 1905 2547">
     <span class='ocr_line' id='line_1_43' title="bbox 402 2473 1905 2547; baseline -0.003 -15"><span class='ocrx_word' id='word_1_281' title='bbox 402 2479 498 2544; x_wconf 85' lang='grc' dir='ltr'>Ὠς</span> <span class='ocrx_word' id='word_1_282' title='bbox 529 2475 823 2547; x_wconf 76' lang='grc' dir='ltr'>ἠγάπησα</span> <span class='ocrx_word' id='word_1_283' title='bbox 843 2477 950 2530; x_wconf 76' lang='grc' dir='ltr'><strong>τὸν</strong></span> <span class='ocrx_word' id='word_1_284' title='bbox 986 2479 1176 2547; x_wconf 79' lang='grc' dir='ltr'>νόμον</span> <span class='ocrx_word' id='word_1_285' title='bbox 1206 2495 1346 2543; x_wconf 86' lang='grc' dir='ltr'><em>σου,</em></span> <span class='ocrx_word' id='word_1_286' title='bbox 1367 2477 1542 2545; x_wconf 81' lang='grc' dir='ltr'>Κύριε</span> <span class='ocrx_word' id='word_1_287' title='bbox 1563 2476 1582 2528; x_wconf 91' lang='lat'><strong><em>!</em></strong></span> <span class='ocrx_word' id='word_1_288' title='bbox 1608 2475 1761 2542; x_wconf 81' lang='grc' dir='ltr'><strong>ὅλην</strong></span> <span class='ocrx_word' id='word_1_289' title='bbox 1790 2473 1905 2538; x_wconf 82' lang='grc' dir='ltr'>τὴν</span> 
     </span>
    </p>
   </div>
   <div class='ocr_carea' id='block_1_44' title="bbox 318 2565 1904 2639">
    <p class='ocr_par' dir='ltr' id='par_1_44' title="bbox 318 2565 1904 2639">
     <span class='ocr_line' id='line_1_44' title="bbox 318 2565 1904 2639; baseline -0.004 -15"><span class='ocrx_word' id='word_1_290' title='bbox 318 2569 551 2639; x_wconf 76' lang='grc' dir='ltr'>ἡμέραν</span> <span class='ocrx_word' id='word_1_291' title='bbox 575 2568 801 2637; x_wconf 82' lang='grc' dir='ltr'><strong>μελέτη</strong></span> <span class='ocrx_word' id='word_1_292' title='bbox 826 2567 947 2636; x_wconf 84' lang='grc' dir='ltr'><strong>μού</strong></span> <span class='ocrx_word' id='word_1_293' title='bbox 983 2568 1176 2622; x_wconf 79' lang='grc' dir='ltr'>ἐστιν,</span> <span class='ocrx_word' id='word_1_294' title='bbox 1202 2570 1339 2620; x_wconf 78' lang='grc' dir='ltr'>Λὶαν</span> <span class='ocrx_word' id='word_1_295' title='bbox 1387 2569 1655 2637; x_wconf 67' lang='grc' dir='ltr'>ἠγάπησα</span> <span class='ocrx_word' id='word_1_296' title='bbox 1687 2566 1779 2619; x_wconf 67' lang='grc' dir='ltr'>τὸν</span> <span class='ocrx_word' id='word_1_297' title='bbox 1816 2565 1904 2617; x_wconf 89' lang='grc' dir='ltr'>νό-</span> 
     </span>
    </p>
   </div>
   <div class='ocr_carea' id='block_1_45' title="bbox 325 2653 1900 2729">
    <p class='ocr_par' dir='ltr' id='par_1_45' title="bbox 325 2653 1900 2729">
     <span class='ocr_line' id='line_1_45' title="bbox 325 2653 1900 2729; baseline -0.001 -18"><span class='ocrx_word' id='word_1_298' title='bbox 325 2677 426 2729; x_wconf 84' lang='grc' dir='ltr'><strong>μον</strong></span> <span class='ocrx_word' id='word_1_299' title='bbox 455 2676 572 2721; x_wconf 83' lang='grc' dir='ltr'>σου,</span> <span class='ocrx_word' id='word_1_300' title='bbox 603 2658 700 2710; x_wconf 76' lang='grc' dir='ltr'><strong>καὶ</strong></span> <span class='ocrx_word' id='word_1_301' title='bbox 730 2657 858 2725; x_wconf 84' lang='grc' dir='ltr'>ὅλην</span> <span class='ocrx_word' id='word_1_302' title='bbox 894 2658 994 2726; x_wconf 83' lang='grc' dir='ltr'><strong>τὴν</strong></span> <span class='ocrx_word' id='word_1_303' title='bbox 1047 2656 1260 2727; x_wconf 78' lang='grc' dir='ltr'><strong>ἡμέραν</strong></span> <span class='ocrx_word' id='word_1_304' title='bbox 1303 2657 1590 2727; x_wconf 79' lang='grc' dir='ltr'>ὲμμελετῶ</span> <span class='ocrx_word' id='word_1_305' title='bbox 1617 2659 1675 2708; x_wconf 82' lang='grc' dir='ltr'>ὲν</span> <span class='ocrx_word' id='word_1_306' title='bbox 1712 2653 1864 2724; x_wconf 85' lang='grc' dir='ltr'><strong>αὖτῷ</strong></span> <span class='ocrx_word' id='word_1_307' title='bbox 1889 2671 1900 2683; x_wconf 89' lang='lat'><strong>&#39;</strong></span> 
     </span>
    </p>
   </div>
   <div class='ocr_carea' id='block_1_46' title="bbox 321 2747 1909 2821">
    <p class='ocr_par' dir='ltr' id='par_1_46' title="bbox 321 2747 1909 2821">
     <span class='ocr_line' id='line_1_46' title="bbox 321 2747 1909 2821; baseline -0.002 -19"><span class='ocrx_word' id='word_1_308' title='bbox 321 2749 570 2821; x_wconf 83' lang='grc' dir='ltr'>δηλονότι</span> <span class='ocrx_word' id='word_1_309' title='bbox 637 2747 761 2800; x_wconf 80' lang='grc' dir='ltr'>καθ’</span> <span class='ocrx_word' id='word_1_310' title='bbox 818 2748 1094 2816; x_wconf 78' lang='grc' dir='ltr'>ἑκάστην,</span> <span class='ocrx_word' id='word_1_311' title='bbox 1146 2748 1278 2800; x_wconf 81' lang='grc' dir='ltr'>ποτὲ</span> <span class='ocrx_word' id='word_1_312' title='bbox 1350 2750 1448 2818; x_wconf 87' lang='grc' dir='ltr'>μὲν</span> <span class='ocrx_word' id='word_1_313' title='bbox 1512 2747 1909 2817; x_wconf 83' lang='grc' dir='ltr'>ἀναγινώσκων</span> 
     </span>
    </p>
   </div>
   <div class='ocr_carea' id='block_1_47' title="bbox 324 2840 1744 2912">
    <p class='ocr_par' dir='ltr' id='par_1_47' title="bbox 324 2840 1744 2912">
     <span class='ocr_line' id='line_1_47' title="bbox 324 2840 1744 2912; baseline 0 -17"><span class='ocrx_word' id='word_1_314' title='bbox 324 2844 460 2896; x_wconf 74' lang='grc' dir='ltr'>αὐτὸ</span> <span class='ocrx_word' id='word_1_315' title='bbox 481 2883 496 2906; x_wconf 93' lang='grc'><em>,</em></span> <span class='ocrx_word' id='word_1_316' title='bbox 528 2846 661 2894; x_wconf 85' lang='grc' dir='ltr'>ποτὲ</span> <span class='ocrx_word' id='word_1_317' title='bbox 691 2840 747 2893; x_wconf 77' lang='grc' dir='ltr'>δὲ</span> <span class='ocrx_word' id='word_1_318' title='bbox 784 2842 1064 2912; x_wconf 84' lang='grc' dir='ltr'>πράττων,</span> <span class='ocrx_word' id='word_1_319' title='bbox 1094 2840 1226 2894; x_wconf 85' lang='grc' dir='ltr'>ποτὲ</span> <span class='ocrx_word' id='word_1_320' title='bbox 1258 2841 1314 2894; x_wconf 83' lang='grc' dir='ltr'>δὲ</span> <span class='ocrx_word' id='word_1_321' title='bbox 1341 2840 1744 2910; x_wconf 80' lang='grc' dir='ltr'>διανοούμενος.</span> 
     </span>
    </p>
   </div>
   <div class='ocr_carea' id='block_1_48' title="bbox 407 3022 1905 3093">
    <p class='ocr_par' dir='ltr' id='par_1_48' title="bbox 407 3022 1905 3093">
     <span class='ocr_line' id='line_1_48' title="bbox 407 3022 1905 3093; baseline 0.001 -18"><span class='ocrx_word' id='word_1_322' title='bbox 407 3023 578 3092; x_wconf 77' lang='grc' dir='ltr'>Ὑπὲρ</span> <span class='ocrx_word' id='word_1_323' title='bbox 607 3024 749 3089; x_wconf 76' lang='grc' dir='ltr'>τοὺς</span> <span class='ocrx_word' id='word_1_324' title='bbox 774 3023 1027 3093; x_wconf 77' lang='grc' dir='ltr'>ἐχθρούς</span> <span class='ocrx_word' id='word_1_325' title='bbox 1057 3041 1176 3092; x_wconf 82' lang='grc' dir='ltr'><strong>μου</strong></span> <span class='ocrx_word' id='word_1_326' title='bbox 1206 3023 1505 3092; x_wconf 69' lang='grc' dir='ltr'>ἑσόφισας</span> <span class='ocrx_word' id='word_1_327' title='bbox 1545 3040 1617 3093; x_wconf 85' lang='grc' dir='ltr'>με</span> <span class='ocrx_word' id='word_1_328' title='bbox 1647 3022 1762 3090; x_wconf 80' lang='grc' dir='ltr'>τὴν</span> <span class='ocrx_word' id='word_1_329' title='bbox 1808 3023 1905 3077; x_wconf 78' lang='grc' dir='ltr'><strong>ἐν-</strong></span> 
     </span>
    </p>
   </div>
   <div class='ocr_carea' id='block_1_49' title="bbox 329 3112 1905 3183">
    <p class='ocr_par' dir='ltr' id='par_1_49' title="bbox 329 3112 1905 3183">
     <span class='ocr_line' id='line_1_49' title="bbox 329 3112 1905 3183; baseline -0.003 -15"><span class='ocrx_word' id='word_1_330' title='bbox 329 3115 519 3180; x_wconf 77' lang='grc' dir='ltr'>τολήν</span> <span class='ocrx_word' id='word_1_331' title='bbox 548 3131 688 3178; x_wconf 88' lang='grc' dir='ltr'><em>σου,</em></span> <span class='ocrx_word' id='word_1_332' title='bbox 719 3114 809 3167; x_wconf 85' lang='grc' dir='ltr'><strong>ὅτι</strong></span> <span class='ocrx_word' id='word_1_333' title='bbox 841 3117 929 3180; x_wconf 81' lang='grc' dir='ltr'>εἰς</span> <span class='ocrx_word' id='word_1_334' title='bbox 957 3115 1066 3167; x_wconf 82' lang='grc' dir='ltr'><strong>τὸν</strong></span> <span class='ocrx_word' id='word_1_335' title='bbox 1089 3112 1276 3170; x_wconf 73' lang='grc' dir='ltr'><em>αἰῶνα</em></span> <span class='ocrx_word' id='word_1_336' title='bbox 1302 3114 1436 3182; x_wconf 81' lang='grc' dir='ltr'><strong>ἐμοί</strong></span> <span class='ocrx_word' id='word_1_337' title='bbox 1457 3115 1648 3168; x_wconf 75' lang='grc' dir='ltr'><em>ἐστιν.</em></span> <span class='ocrx_word' id='word_1_338' title='bbox 1687 3113 1905 3183; x_wconf 82' lang='grc' dir='ltr'>Ἐχθροὶ</span> 
     </span>
    </p>
   </div>
   <div class='ocr_carea' id='block_1_50' title="bbox 327 3203 1902 3279">
    <p class='ocr_par' dir='ltr' id='par_1_50' title="bbox 327 3203 1902 3279">
     <span class='ocr_line' id='line_1_50' title="bbox 327 3203 1902 3279; baseline -0.001 -19"><span class='ocrx_word' id='word_1_339' title='bbox 327 3207 438 3260; x_wconf 82' lang='grc' dir='ltr'>τῶν</span> <span class='ocrx_word' id='word_1_340' title='bbox 469 3208 855 3277; x_wconf 68' lang='grc' dir='ltr'><strong>φυλασσόντων</strong></span> <span class='ocrx_word' id='word_1_341' title='bbox 879 3208 972 3261; x_wconf 83' lang='grc' dir='ltr'>τὸν</span> <span class='ocrx_word' id='word_1_342' title='bbox 1003 3209 1188 3279; x_wconf 84' lang='grc' dir='ltr'>νόμον,</span> <span class='ocrx_word' id='word_1_343' title='bbox 1219 3209 1269 3260; x_wconf 86' lang='grc' dir='ltr'>οἱ</span> <span class='ocrx_word' id='word_1_344' title='bbox 1328 3208 1402 3278; x_wconf 83' lang='grc' dir='ltr'>μὴ</span> <span class='ocrx_word' id='word_1_345' title='bbox 1456 3203 1644 3259; x_wconf 72' lang='grc' dir='ltr'>τοῦτον</span> <span class='ocrx_word' id='word_1_346' title='bbox 1695 3207 1902 3276; x_wconf 89' lang='grc' dir='ltr'>φυλάσ-</span> 
     </span>
    </p>
   </div>
   <div class='ocr_carea' id='block_1_51' title="bbox 2078 2462 3596 2532">
    <p class='ocr_par' dir='ltr' id='par_1_51' title="bbox 2078 2462 3596 2532">
     <span class='ocr_line' id='line_1_51' title="bbox 2078 2462 3596 2532; baseline 0.001 -16"><span class='ocrx_word' id='word_1_347' title='bbox 2078 2464 2244 2518; x_wconf 73' lang='lat' dir='ltr'><strong>Vens.</strong></span> <span class='ocrx_word' id='word_1_348' title='bbox 2275 2463 2367 2516; x_wconf 87' lang='lat'><strong>97.</strong></span> <span class='ocrx_word' id='word_1_349' title='bbox 2396 2462 2569 2526; x_wconf 88' lang='lat' dir='ltr'><strong>Quam</strong></span> <span class='ocrx_word' id='word_1_350' title='bbox 2598 2463 2761 2516; x_wconf 82' lang='lat' dir='ltr'><strong>dilexi</strong></span> <span class='ocrx_word' id='word_1_351' title='bbox 2797 2463 2958 2532; x_wconf 86' lang='lat' dir='ltr'><strong>legem</strong></span> <span class='ocrx_word' id='word_1_352' title='bbox 2993 2471 3163 2528; x_wconf 85' lang='lat' dir='ltr'><strong>tuam,</strong></span> <span class='ocrx_word' id='word_1_353' title='bbox 3196 2463 3458 2518; x_wconf 79' lang='lat' dir='ltr'><strong>Domine!</strong></span> <span class='ocrx_word' id='word_1_354' title='bbox 3483 2476 3596 2518; x_wconf 88' lang='lat' dir='ltr'><strong>tota</strong></span> 
     </span>
    </p>
   </div>
   <div class='ocr_carea' id='block_1_52' title="bbox 2008 2553 3595 2628">
    <p class='ocr_par' dir='ltr' id='par_1_52' title="bbox 2008 2553 3595 2628">
     <span class='ocr_line' id='line_1_52' title="bbox 2008 2553 3595 2628; baseline 0 -18"><span class='ocrx_word' id='word_1_355' title='bbox 2008 2557 2092 2610; x_wconf 88' lang='lat' dir='ltr'><strong>die</strong></span> <span class='ocrx_word' id='word_1_356' title='bbox 2143 2556 2420 2610; x_wconf 72' lang='lat' dir='ltr'><strong>merlitatio</strong></span> <span class='ocrx_word' id='word_1_357' title='bbox 2451 2571 2566 2608; x_wconf 90' lang='lat' dir='ltr'><strong>mea</strong></span> <span class='ocrx_word' id='word_1_358' title='bbox 2595 2564 2694 2608; x_wconf 87' lang='lat' dir='ltr'><strong>est.</strong></span> <span class='ocrx_word' id='word_1_359' title='bbox 2753 2553 3167 2625; x_wconf 83' lang='lat' dir='ltr'><strong>Valde,inquit,</strong></span> <span class='ocrx_word' id='word_1_360' title='bbox 3209 2559 3383 2611; x_wconf 76' lang='lat' dir='ltr'><strong>amari</strong></span> <span class='ocrx_word' id='word_1_361' title='bbox 3426 2559 3595 2628; x_wconf 81' lang='lat' dir='ltr'><strong>legem</strong></span> 
     </span>
    </p>
   </div>
   <div class='ocr_carea' id='block_1_53' title="bbox 2015 2645 3602 2718">
    <p class='ocr_par' dir='ltr' id='par_1_53' title="bbox 2015 2645 3602 2718">
     <span class='ocr_line' id='line_1_53' title="bbox 2015 2645 3602 2718; baseline -0.001 -16"><span class='ocrx_word' id='word_1_362' title='bbox 2015 2664 2186 2710; x_wconf 89' lang='lat' dir='ltr'><strong>tuam,</strong></span> <span class='ocrx_word' id='word_1_363' title='bbox 2240 2658 2405 2714; x_wconf 88' lang='lat' dir='ltr'><strong>atque</strong></span> <span class='ocrx_word' id='word_1_364' title='bbox 2438 2645 2562 2700; x_wconf 84' lang='lat' dir='ltr'><strong>ideo</strong></span> <span class='ocrx_word' id='word_1_365' title='bbox 2627 2655 2737 2699; x_wconf 90' lang='lat' dir='ltr'><strong>tota</strong></span> <span class='ocrx_word' id='word_1_366' title='bbox 2779 2645 2866 2700; x_wconf 88' lang='lat' dir='ltr'><strong>die</strong></span> <span class='ocrx_word' id='word_1_367' title='bbox 2927 2648 3158 2701; x_wconf 82' lang='lat' dir='ltr'><strong>meditor</strong></span> <span class='ocrx_word' id='word_1_368' title='bbox 3207 2647 3262 2700; x_wconf 91' lang='lat' dir='ltr'><strong>in</strong></span> <span class='ocrx_word' id='word_1_369' title='bbox 3327 2664 3432 2703; x_wconf 87' lang='lat' dir='ltr'><strong>ea:</strong></span> <span class='ocrx_word' id='word_1_370' title='bbox 3465 2666 3602 2718; x_wconf 82' lang='lat' dir='ltr'><strong>qua-</strong></span> 
     </span>
    </p>
   </div>
   <div class='ocr_carea' id='block_1_54' title="bbox 2010 2739 3598 2810">
    <p class='ocr_par' dir='ltr' id='par_1_54' title="bbox 2010 2739 3598 2810">
     <span class='ocr_line' id='line_1_54' title="bbox 2010 2739 3598 2810; baseline -0.003 -12"><span class='ocrx_word' id='word_1_371' title='bbox 2010 2757 2230 2809; x_wconf 82' lang='lat' dir='ltr'><strong>eunquc</strong></span> <span class='ocrx_word' id='word_1_372' title='bbox 2280 2739 2490 2795; x_wconf 75' lang='lat' dir='ltr'><strong>scilicet</strong></span> <span class='ocrx_word' id='word_1_373' title='bbox 2574 2739 2684 2803; x_wconf 88' lang='lat' dir='ltr'><strong>die,</strong></span> <span class='ocrx_word' id='word_1_374' title='bbox 2746 2740 2906 2794; x_wconf 84' lang='lat' dir='ltr'><strong>modo</strong></span> <span class='ocrx_word' id='word_1_375' title='bbox 2978 2740 3125 2794; x_wconf 88' lang='lat' dir='ltr'><strong>illam</strong></span> <span class='ocrx_word' id='word_1_376' title='bbox 3175 2742 3383 2810; x_wconf 73' lang='lat' dir='ltr'><strong>legens,</strong></span> <span class='ocrx_word' id='word_1_377' title='bbox 3437 2742 3598 2794; x_wconf 82' lang='lat' dir='ltr'><strong>modo</strong></span> 
     </span>
    </p>
   </div>
   <div class='ocr_carea' id='block_1_55' title="bbox 2014 2829 3597 2901">
    <p class='ocr_par' dir='ltr' id='par_1_55' title="bbox 2014 2829 3597 2901">
     <span class='ocr_line' id='line_1_55' title="bbox 2014 2829 3597 2901; baseline 0.001 -14"><span class='ocrx_word' id='word_1_378' title='bbox 2014 2842 2200 2888; x_wconf 83' lang='lat' dir='ltr'><strong>mente</strong></span> <span class='ocrx_word' id='word_1_379' title='bbox 2232 2833 2640 2900; x_wconf 86' lang='lat' dir='ltr'><strong>contemplans,</strong></span> <span class='ocrx_word' id='word_1_380' title='bbox 2679 2829 2842 2885; x_wconf 87' lang='lat' dir='ltr'><strong>modo</strong></span> <span class='ocrx_word' id='word_1_381' title='bbox 2873 2832 3037 2885; x_wconf 88' lang='lat' dir='ltr'><strong>etiam</strong></span> <span class='ocrx_word' id='word_1_382' title='bbox 3091 2833 3352 2901; x_wconf 86' lang='lat' dir='ltr'><strong>operibus</strong></span> <span class='ocrx_word' id='word_1_383' title='bbox 3413 2837 3597 2888; x_wconf 85' lang='lat' dir='ltr'><strong>omnia</strong></span> 
     </span>
    </p>
   </div>
   <div class='ocr_carea' id='block_1_56' title="bbox 2015 2925 3095 2996">
    <p class='ocr_par' dir='ltr' id='par_1_56' title="bbox 2015 2925 3095 2996">
     <span class='ocr_line' id='line_1_56' title="bbox 2015 2925 3095 2996; baseline -0.004 -16"><span class='ocrx_word' id='word_1_384' title='bbox 2015 2926 2332 2996; x_wconf 74' lang='lat' dir='ltr'><strong>perlicieus.</strong></span> <span class='ocrx_word' id='word_1_385' title='bbox 2375 2940 2494 2994; x_wconf 63' lang='lat' dir='ltr'><strong>quin</strong></span> <span class='ocrx_word' id='word_1_386' title='bbox 2532 2925 2587 2977; x_wconf 91' lang='lat' dir='ltr'><strong>in</strong></span> <span class='ocrx_word' id='word_1_387' title='bbox 2638 2939 2700 2978; x_wconf 87' lang='lat' dir='ltr'><strong>ea</strong></span> <span class='ocrx_word' id='word_1_388' title='bbox 2743 2925 3095 2978; x_wconf 88' lang='lat' dir='ltr'><strong>mandantur.</strong></span> 
     </span>
    </p>
   </div>
   <div class='ocr_carea' id='block_1_57' title="bbox 2084 3017 3592 3086">
    <p class='ocr_par' dir='ltr' id='par_1_57' title="bbox 2084 3017 3592 3086">
     <span class='ocr_line' id='line_1_57' title="bbox 2084 3017 3592 3086; baseline 0.001 -14"><span class='ocrx_word' id='word_1_389' title='bbox 2084 3019 2249 3073; x_wconf 69' lang='lat' dir='ltr'><strong>Vens.</strong></span> <span class='ocrx_word' id='word_1_390' title='bbox 2283 3017 2372 3073; x_wconf 88' lang='lat'><strong>98.</strong></span> <span class='ocrx_word' id='word_1_391' title='bbox 2441 3018 2614 3086; x_wconf 84' lang='lat' dir='ltr'><strong>Super</strong></span> <span class='ocrx_word' id='word_1_392' title='bbox 2674 3018 2916 3072; x_wconf 84' lang='lat' dir='ltr'><strong>inimicos</strong></span> <span class='ocrx_word' id='word_1_393' title='bbox 2978 3033 3116 3071; x_wconf 85' lang='lat' dir='ltr'><strong>meos</strong></span> <span class='ocrx_word' id='word_1_394' title='bbox 3156 3017 3462 3072; x_wconf 71' lang='lat' dir='ltr'><strong>instruxisti</strong></span> <span class='ocrx_word' id='word_1_395' title='bbox 3511 3036 3592 3074; x_wconf 86' lang='lat' dir='ltr'><strong>me</strong></span> 
     </span>
    </p>
   </div>
   <div class='ocr_carea' id='block_1_58' title="bbox 2011 3111 3597 3181">
    <p class='ocr_par' dir='ltr' id='par_1_58' title="bbox 2011 3111 3597 3181">
     <span class='ocr_line' id='line_1_58' title="bbox 2011 3111 3597 3181; baseline 0.002 -14"><span class='ocrx_word' id='word_1_396' title='bbox 2011 3114 2263 3167; x_wconf 73' lang='lat' dir='ltr'><strong>nrandato</strong></span> <span class='ocrx_word' id='word_1_397' title='bbox 2305 3121 2417 3175; x_wconf 86' lang='lat' dir='ltr'><strong>tuo,</strong></span> <span class='ocrx_word' id='word_1_398' title='bbox 2459 3112 2580 3181; x_wconf 81' lang='lat' dir='ltr'><strong>quia</strong></span> <span class='ocrx_word' id='word_1_399' title='bbox 2628 3112 2684 3164; x_wconf 89' lang='lat' dir='ltr'><strong>in</strong></span> <span class='ocrx_word' id='word_1_400' title='bbox 2742 3111 2998 3165; x_wconf 61' lang='lat' dir='ltr'><strong>sa’culum</strong></span> <span class='ocrx_word' id='word_1_401' title='bbox 3043 3128 3214 3166; x_wconf 80' lang='lat' dir='ltr'><strong>meum</strong></span> <span class='ocrx_word' id='word_1_402' title='bbox 3254 3122 3354 3168; x_wconf 69' lang='lat' dir='ltr'><strong>est.</strong></span> <span class='ocrx_word' id='word_1_403' title='bbox 3387 3113 3597 3170; x_wconf 86' lang='lat' dir='ltr'><strong>Omnes</strong></span> 
     </span>
    </p>
   </div>
   <div class='ocr_carea' id='block_1_59' title="bbox 2011 3194 3595 3278">
    <p class='ocr_par' dir='ltr' id='par_1_59' title="bbox 2011 3194 3595 3278">
     <span class='ocr_line' id='line_1_59' title="bbox 2011 3194 3595 3278; baseline 0.003 -18"><span class='ocrx_word' id='word_1_404' title='bbox 2011 3208 2104 3276; x_wconf 86' lang='lat' dir='ltr'><strong>qui</strong></span> <span class='ocrx_word' id='word_1_405' title='bbox 2153 3207 2331 3278; x_wconf 81' lang='lat' dir='ltr'><strong>legem</strong></span> <span class='ocrx_word' id='word_1_406' title='bbox 2370 3224 2480 3262; x_wconf 89' lang='lat' dir='ltr'><strong>non</strong></span> <span class='ocrx_word' id='word_1_407' title='bbox 2537 3194 2855 3272; x_wconf 76' lang='lat' dir='ltr'><strong>observant,</strong></span> <span class='ocrx_word' id='word_1_408' title='bbox 2913 3208 3116 3262; x_wconf 89' lang='lat' dir='ltr'><strong>inimici</strong></span> <span class='ocrx_word' id='word_1_409' title='bbox 3175 3209 3393 3264; x_wconf 87' lang='lat' dir='ltr'><strong>illorum</strong></span> <span class='ocrx_word' id='word_1_410' title='bbox 3442 3219 3595 3276; x_wconf 89' lang='lat' dir='ltr'><strong>sunt,</strong></span> 
     </span>
    </p>
   </div>
   <div class='ocr_carea' id='block_1_60' title="bbox 332 3287 1910 3371">
    <p class='ocr_par' dir='ltr' id='par_1_60' title="bbox 332 3295 1908 3370">
     <span class='ocr_line' id='line_1_60' title="bbox 332 3295 1908 3370; baseline -0.002 -17"><span class='ocrx_word' id='word_1_411' title='bbox 332 3315 520 3364; x_wconf 86' lang='grc' dir='ltr'>σοντες</span> <span class='ocrx_word' id='word_1_412' title='bbox 541 3340 554 3355; x_wconf 95' lang='grc'><strong>.</strong></span> <span class='ocrx_word' id='word_1_413' title='bbox 599 3299 773 3370; x_wconf 77' lang='grc' dir='ltr'>Ὑπὲρ</span> <span class='ocrx_word' id='word_1_414' title='bbox 797 3299 1045 3361; x_wconf 78' lang='grc' dir='ltr'>τούτους,</span> <span class='ocrx_word' id='word_1_415' title='bbox 1098 3299 1285 3368; x_wconf 73' lang='grc' dir='ltr'>φησὶν,</span> <span class='ocrx_word' id='word_1_416' title='bbox 1311 3296 1620 3368; x_wconf 85' lang='grc' dir='ltr'>σοφώτερον</span> <span class='ocrx_word' id='word_1_417' title='bbox 1664 3295 1908 3361; x_wconf 81' lang='grc' dir='ltr'>ὲδίδαξάς</span> 
     </span>
    </p>
   </div>
   <div class='ocr_carea' id='block_1_61' title="bbox 2020 3287 3602 3371">
    <p class='ocr_par' dir='ltr' id='par_1_61' title="bbox 2020 3299 3602 3371">
     <span class='ocr_line' id='line_1_61' title="bbox 2020 3299 3602 3371; baseline 0.001 -17"><span class='ocrx_word' id='word_1_418' title='bbox 2020 3300 2112 3369; x_wconf 90' lang='lat' dir='ltr'><strong>qui</strong></span> <span class='ocrx_word' id='word_1_419' title='bbox 2139 3315 2258 3355; x_wconf 88' lang='lat' dir='ltr'><strong>eam</strong></span> <span class='ocrx_word' id='word_1_420' title='bbox 2293 3301 2610 3356; x_wconf 85' lang='lat' dir='ltr'><strong>observant.</strong></span> <span class='ocrx_word' id='word_1_421' title='bbox 2680 3299 2856 3370; x_wconf 87' lang='lat' dir='ltr'><strong>Super</strong></span> <span class='ocrx_word' id='word_1_422' title='bbox 2917 3317 3034 3365; x_wconf 84' lang='lat' dir='ltr'><strong>eos,</strong></span> <span class='ocrx_word' id='word_1_423' title='bbox 3080 3301 3298 3371; x_wconf 87' lang='lat' dir='ltr'><strong>inquit,</strong></span> <span class='ocrx_word' id='word_1_424' title='bbox 3356 3303 3602 3358; x_wconf 85' lang='lat' dir='ltr'><strong>docuisti</strong></span> 
     </span>
    </p>
   </div>
   <div class='ocr_carea' id='block_1_62' title="bbox 331 3387 1904 3461">
    <p class='ocr_par' dir='ltr' id='par_1_62' title="bbox 331 3387 1904 3461">
     <span class='ocr_line' id='line_1_62' title="bbox 331 3387 1904 3461; baseline -0.001 -19"><span class='ocrx_word' id='word_1_425' title='bbox 331 3407 402 3460; x_wconf 87' lang='grc' dir='ltr'><strong>με</strong></span> <span class='ocrx_word' id='word_1_426' title='bbox 428 3389 528 3461; x_wconf 84' lang='grc' dir='ltr'>τὴν</span> <span class='ocrx_word' id='word_1_427' title='bbox 554 3387 780 3461; x_wconf 73' lang='grc' dir='ltr'>ἐντολήν</span> <span class='ocrx_word' id='word_1_428' title='bbox 809 3405 926 3443; x_wconf 91' lang='grc' dir='ltr'>σου.</span> <span class='ocrx_word' id='word_1_429' title='bbox 958 3389 1102 3441; x_wconf 87' lang='grc' dir='ltr'>Διότι</span> <span class='ocrx_word' id='word_1_430' title='bbox 1130 3389 1216 3443; x_wconf 70' lang='grc' dir='ltr'><strong>ἀεὶ</strong></span> <span class='ocrx_word' id='word_1_431' title='bbox 1240 3389 1575 3459; x_wconf 77' lang='grc' dir='ltr'><strong>ἠγαπημένη</strong></span> <span class='ocrx_word' id='word_1_432' title='bbox 1613 3388 1703 3458; x_wconf 82' lang='grc' dir='ltr'><strong>μοι</strong></span> <span class='ocrx_word' id='word_1_433' title='bbox 1737 3389 1904 3441; x_wconf 78' lang='grc' dir='ltr'>ἐστιν.</span> 
     </span>
    </p>
   </div>
   <div class='ocr_carea' id='block_1_63' title="bbox 328 3478 1910 3550">
    <p class='ocr_par' dir='ltr' id='par_1_63' title="bbox 328 3478 1910 3550">
     <span class='ocr_line' id='line_1_63' title="bbox 328 3478 1910 3550; baseline -0.003 -14"><span class='ocrx_word' id='word_1_434' title='bbox 328 3482 494 3536; x_wconf 81' lang='grc' dir='ltr'>ὐοεν</span> <span class='ocrx_word' id='word_1_435' title='bbox 516 3484 715 3536; x_wconf 77' lang='grc' dir='ltr'>ἐκεῖνοι</span> <span class='ocrx_word' id='word_1_436' title='bbox 757 3481 856 3550; x_wconf 78' lang='grc' dir='ltr'>μὲν</span> <span class='ocrx_word' id='word_1_437' title='bbox 889 3481 1138 3534; x_wconf 83' lang='grc' dir='ltr'>ἀδικοῦσί</span> <span class='ocrx_word' id='word_1_438' title='bbox 1181 3497 1280 3550; x_wconf 71' lang='grc' dir='ltr'>με’</span> <span class='ocrx_word' id='word_1_439' title='bbox 1336 3478 1446 3550; x_wconf 78' lang='grc' dir='ltr'>ἐγὼ</span> <span class='ocrx_word' id='word_1_440' title='bbox 1499 3480 1555 3533; x_wconf 84' lang='grc' dir='ltr'>δὲ</span> <span class='ocrx_word' id='word_1_441' title='bbox 1584 3481 1782 3543; x_wconf 77' lang='grc' dir='ltr'>αὐτοὺς</span> <span class='ocrx_word' id='word_1_442' title='bbox 1808 3479 1910 3532; x_wconf 80' lang='grc' dir='ltr'><strong>οὐκ</strong></span> 
     </span>
    </p>
   </div>
   <div class='ocr_carea' id='block_1_64' title="bbox 329 3572 1660 3646">
    <p class='ocr_par' dir='ltr' id='par_1_64' title="bbox 329 3572 1660 3646">
     <span class='ocr_line' id='line_1_64' title="bbox 329 3572 1660 3646; baseline -0.002 -18"><span class='ocrx_word' id='word_1_443' title='bbox 329 3575 639 3639; x_wconf 83' lang='grc' dir='ltr'>ἁνταδικῶ,</span> <span class='ocrx_word' id='word_1_444' title='bbox 668 3573 976 3646; x_wconf 81' lang='grc' dir='ltr'>σοφώτερον</span> <span class='ocrx_word' id='word_1_445' title='bbox 1007 3572 1232 3626; x_wconf 78' lang='grc' dir='ltr'>ἐκείνων</span> <span class='ocrx_word' id='word_1_446' title='bbox 1254 3572 1660 3644; x_wconf 82' lang='grc' dir='ltr'><strong>δεδιδαγμένος.</strong></span> 
     </span>
    </p>
   </div>
   <div class='ocr_carea' id='block_1_65' title="bbox 411 3757 1909 3826">
    <p class='ocr_par' dir='ltr' id='par_1_65' title="bbox 411 3757 1909 3826">
     <span class='ocr_line' id='line_1_65' title="bbox 411 3757 1909 3826; baseline 0 -15"><span class='ocrx_word' id='word_1_447' title='bbox 411 3757 594 3826; x_wconf 78' lang='grc' dir='ltr'>’Υπὲρ</span> <span class='ocrx_word' id='word_1_448' title='bbox 631 3757 863 3824; x_wconf 77' lang='grc' dir='ltr'>πάντας</span> <span class='ocrx_word' id='word_1_449' title='bbox 908 3758 1050 3823; x_wconf 80' lang='grc' dir='ltr'>τοὺς</span> <span class='ocrx_word' id='word_1_450' title='bbox 1099 3757 1502 3822; x_wconf 70' lang='grc' dir='ltr'>διδάσκον-τάς</span> <span class='ocrx_word' id='word_1_451' title='bbox 1538 3771 1614 3826; x_wconf 81' lang='grc' dir='ltr'><strong>με</strong></span> <span class='ocrx_word' id='word_1_452' title='bbox 1643 3757 1909 3826; x_wconf 76' lang='grc' dir='ltr'><em>συνῆκα,</em></span> 
     </span>
    </p>
   </div>
   <div class='ocr_carea' id='block_1_66' title="bbox 326 3849 1912 3921">
    <p class='ocr_par' dir='ltr' id='par_1_66' title="bbox 326 3849 1912 3921">
     <span class='ocr_line' id='line_1_66' title="bbox 326 3849 1912 3921; baseline -0.001 -15"><span class='ocrx_word' id='word_1_453' title='bbox 326 3853 418 3906; x_wconf 82' lang='grc' dir='ltr'>ὅτι</span> <span class='ocrx_word' id='word_1_454' title='bbox 466 3852 538 3905; x_wconf 76' lang='grc' dir='ltr'>τὰ</span> <span class='ocrx_word' id='word_1_455' title='bbox 567 3849 864 3921; x_wconf 76' lang='grc' dir='ltr'>μαρτύριά</span> <span class='ocrx_word' id='word_1_456' title='bbox 893 3867 1010 3905; x_wconf 88' lang='grc' dir='ltr'>σου</span> <span class='ocrx_word' id='word_1_457' title='bbox 1037 3852 1262 3920; x_wconf 83' lang='grc' dir='ltr'>μελέτη</span> <span class='ocrx_word' id='word_1_458' title='bbox 1298 3852 1416 3919; x_wconf 84' lang='grc' dir='ltr'><strong>μού</strong></span> <span class='ocrx_word' id='word_1_459' title='bbox 1449 3853 1638 3904; x_wconf 78' lang='grc' dir='ltr'><em>ἐστιν.</em></span> <span class='ocrx_word' id='word_1_460' title='bbox 1671 3852 1782 3904; x_wconf 76' lang='grc' dir='ltr'>Καὶ</span> <span class='ocrx_word' id='word_1_461' title='bbox 1815 3852 1912 3917; x_wconf 70' lang='grc' dir='ltr'>αύ-</span> 
     </span>
    </p>
   </div>
   <div class='ocr_carea' id='block_1_67' title="bbox 325 3942 1912 4012">
    <p class='ocr_par' dir='ltr' id='par_1_67' title="bbox 325 3942 1912 4012">
     <span class='ocr_line' id='line_1_67' title="bbox 325 3942 1912 4012; baseline -0.003 -14"><span class='ocrx_word' id='word_1_462' title='bbox 325 3945 440 3998; x_wconf 84' lang='grc' dir='ltr'>τῶν</span> <span class='ocrx_word' id='word_1_463' title='bbox 464 3944 572 3997; x_wconf 82' lang='grc' dir='ltr'><strong>τῶν</strong></span> <span class='ocrx_word' id='word_1_464' title='bbox 593 3943 931 3996; x_wconf 77' lang='grc' dir='ltr'>διδασκάλων</span> <span class='ocrx_word' id='word_1_465' title='bbox 961 3945 1163 4012; x_wconf 81' lang='grc' dir='ltr'>γέγονα</span> <span class='ocrx_word' id='word_1_466' title='bbox 1198 3945 1588 4012; x_wconf 79' lang='grc' dir='ltr'>συνετώτερος,</span> <span class='ocrx_word' id='word_1_467' title='bbox 1621 3942 1757 3995; x_wconf 86' lang='grc' dir='ltr'>διότι</span> <span class='ocrx_word' id='word_1_468' title='bbox 1814 3959 1912 4012; x_wconf 87' lang='grc' dir='ltr'>με-</span> 
     </span>
    </p>
   </div>
   <div class='ocr_carea' id='block_1_68' title="bbox 324 4027 1909 4105">
    <p class='ocr_par' dir='ltr' id='par_1_68' title="bbox 324 4027 1909 4105">
     <span class='ocr_line' id='line_1_68' title="bbox 324 4027 1909 4105; baseline -0.003 -19"><span class='ocrx_word' id='word_1_469' title='bbox 324 4034 492 4103; x_wconf 82' lang='grc' dir='ltr'>λέτην</span> <span class='ocrx_word' id='word_1_470' title='bbox 528 4034 636 4105; x_wconf 81' lang='grc' dir='ltr'><strong>ἔχω</strong></span> <span class='ocrx_word' id='word_1_471' title='bbox 675 4036 871 4103; x_wconf 79' lang='grc' dir='ltr'>συνεχῆ</span> <span class='ocrx_word' id='word_1_472' title='bbox 904 4033 997 4086; x_wconf 69' lang='grc' dir='ltr'><strong>τὸν</strong></span> <span class='ocrx_word' id='word_1_473' title='bbox 1034 4033 1374 4104; x_wconf 47' lang='lat' dir='ltr'><strong>vaporata,</strong></span> <span class='ocrx_word' id='word_1_474' title='bbox 1407 4032 1464 4096; x_wconf 83' lang='grc' dir='ltr'>ὃς</span> <span class='ocrx_word' id='word_1_475' title='bbox 1517 4031 1775 4100; x_wconf 66' lang='grc' dir='ltr'>φωτίζειν</span> <span class='ocrx_word' id='word_1_476' title='bbox 1801 4027 1909 4083; x_wconf 77' lang='grc' dir='ltr'>οἶδε</span> 
     </span>
    </p>
   </div>
   <div class='ocr_carea' id='block_1_69' title="bbox 327 4121 1016 4198">
    <p class='ocr_par' dir='ltr' id='par_1_69' title="bbox 327 4121 1016 4198">
     <span class='ocr_line' id='line_1_69' title="bbox 327 4121 1016 4198; baseline 0.003 -20"><span class='ocrx_word' id='word_1_477' title='bbox 327 4125 426 4178; x_wconf 74' lang='grc' dir='ltr'>καὶ</span> <span class='ocrx_word' id='word_1_478' title='bbox 468 4124 710 4198; x_wconf 72' lang='grc' dir='ltr'>σοφίζειν</span> <span class='ocrx_word' id='word_1_479' title='bbox 745 4123 838 4180; x_wconf 77' lang='grc' dir='ltr'><strong>τὸν</strong></span> <span class='ocrx_word' id='word_1_480' title='bbox 865 4121 1016 4180; x_wconf 67' lang='grc' dir='ltr'><strong>νοῦν.</strong></span> 
     </span>
    </p>
   </div>
   <div class='ocr_carea' id='block_1_70' title="bbox 429 4213 1912 4290">
    <p class='ocr_par' dir='ltr' id='par_1_70' title="bbox 429 4213 1912 4290">
     <span class='ocr_line' id='line_1_70' title="bbox 429 4213 1912 4290; baseline -0.007 -14"><span class='ocrx_word' id='word_1_481' title='bbox 429 4224 596 4289; x_wconf 77' lang='grc' dir='ltr'>’Υπὲρ</span> <span class='ocrx_word' id='word_1_482' title='bbox 627 4220 1071 4290; x_wconf 72' lang='grc' dir='ltr'>πρεσϐυτέρους</span> <span class='ocrx_word' id='word_1_483' title='bbox 1103 4216 1367 4286; x_wconf 78' lang='grc' dir='ltr'><em>συνῆκα,</em></span> <span class='ocrx_word' id='word_1_484' title='bbox 1409 4215 1496 4268; x_wconf 85' lang='grc' dir='ltr'><strong>ὅτι</strong></span> <span class='ocrx_word' id='word_1_485' title='bbox 1529 4218 1634 4280; x_wconf 78' lang='grc' dir='ltr'>τὰς</span> <span class='ocrx_word' id='word_1_486' title='bbox 1661 4213 1912 4281; x_wconf 80' lang='grc' dir='ltr'>ἐντολάς</span> 
     </span>
    </p>
   </div>
   <div class='ocr_carea' id='block_1_71' title="bbox 331 4306 1914 4381">
    <p class='ocr_par' dir='ltr' id='par_1_71' title="bbox 331 4306 1914 4381">
     <span class='ocr_line' id='line_1_71' title="bbox 331 4306 1914 4381; baseline -0.006 -13"><span class='ocrx_word' id='word_1_487' title='bbox 331 4327 454 4368; x_wconf 74' lang='grc' dir='ltr'>σου</span> <span class='ocrx_word' id='word_1_488' title='bbox 491 4312 844 4381; x_wconf 76' lang='grc' dir='ltr'><strong>ἐξεζήτησα.</strong></span> <span class='ocrx_word' id='word_1_489' title='bbox 891 4311 1067 4380; x_wconf 79' lang='grc' dir='ltr'>’Υπὲρ</span> <span class='ocrx_word' id='word_1_490' title='bbox 1099 4308 1222 4372; x_wconf 81' lang='grc' dir='ltr'>τοὺς</span> <span class='ocrx_word' id='word_1_491' title='bbox 1253 4306 1645 4376; x_wconf 86' lang='grc' dir='ltr'>παλαιοτέρους</span> <span class='ocrx_word' id='word_1_492' title='bbox 1686 4323 1787 4376; x_wconf 83' lang='grc' dir='ltr'><strong>μου</strong></span> <span class='ocrx_word' id='word_1_493' title='bbox 1818 4309 1914 4358; x_wconf 70' lang='grc' dir='ltr'>καὶ</span> 
     </span>
    </p>
   </div>
   <div class='ocr_carea' id='block_1_72' title="bbox 329 4397 1912 4477">
    <p class='ocr_par' dir='ltr' id='par_1_72' title="bbox 329 4397 1912 4477">
     <span class='ocr_line' id='line_1_72' title="bbox 329 4397 1912 4477; baseline -0.005 -19"><span class='ocrx_word' id='word_1_494' title='bbox 329 4406 412 4477; x_wconf 82' lang='grc' dir='ltr'>τῷ</span> <span class='ocrx_word' id='word_1_495' title='bbox 447 4406 626 4477; x_wconf 82' lang='grc' dir='ltr'>χρόνῳ</span> <span class='ocrx_word' id='word_1_496' title='bbox 673 4403 1072 4473; x_wconf 75' lang='grc' dir='ltr'>προειληφότας</span> <span class='ocrx_word' id='word_1_497' title='bbox 1099 4414 1112 4427; x_wconf 90' lang='grc'><strong>·</strong></span> <span class='ocrx_word' id='word_1_498' title='bbox 1159 4400 1310 4469; x_wconf 80' lang='grc' dir='ltr'>δηλοῖ</span> <span class='ocrx_word' id='word_1_499' title='bbox 1346 4399 1404 4452; x_wconf 84' lang='grc' dir='ltr'>δὲ</span> <span class='ocrx_word' id='word_1_500' title='bbox 1437 4397 1533 4451; x_wconf 74' lang='grc' dir='ltr'>καὶ</span> <span class='ocrx_word' id='word_1_501' title='bbox 1577 4397 1666 4449; x_wconf 71' lang='grc' dir='ltr'>τὸν</span> <span class='ocrx_word' id='word_1_502' title='bbox 1716 4397 1912 4450; x_wconf 87' lang='grc' dir='ltr'>Σαούλ.</span> 
     </span>
    </p>
   </div>
   <div class='ocr_carea' id='block_1_73' title="bbox 336 4488 1921 4565">
    <p class='ocr_par' dir='ltr' id='par_1_73' title="bbox 336 4488 1921 4565">
     <span class='ocr_line' id='line_1_73' title="bbox 336 4488 1921 4565; baseline -0.006 -13"><span class='ocrx_word' id='word_1_503' title='bbox 336 4497 591 4560; x_wconf 84' lang='grc' dir='ltr'>Τοιοῦτος</span> <span class='ocrx_word' id='word_1_504' title='bbox 625 4491 815 4565; x_wconf 79' lang='grc' dir='ltr'>γέγονε</span> <span class='ocrx_word' id='word_1_505' title='bbox 843 4497 938 4548; x_wconf 75' lang='grc' dir='ltr'><strong>καὶ</strong></span> <span class='ocrx_word' id='word_1_506' title='bbox 966 4497 994 4548; x_wconf 82' lang='grc' dir='ltr'><strong>ὁ</strong></span> <span class='ocrx_word' id='word_1_507' title='bbox 1023 4493 1244 4564; x_wconf 82' lang='grc' dir='ltr'><em>Δανιὴλ,</em></span> <span class='ocrx_word' id='word_1_508' title='bbox 1277 4492 1458 4554; x_wconf 79' lang='grc' dir='ltr'>συνεὶς</span> <span class='ocrx_word' id='word_1_509' title='bbox 1486 4491 1585 4560; x_wconf 84' lang='grc' dir='ltr'>τὴν</span> <span class='ocrx_word' id='word_1_510' title='bbox 1610 4488 1792 4558; x_wconf 77' lang='grc' dir='ltr'>κρίσιν</span> <span class='ocrx_word' id='word_1_511' title='bbox 1819 4492 1921 4564; x_wconf 85' lang='grc' dir='ltr'><strong>τῆς</strong></span> 
     </span>
    </p>
   </div>
   <div class='ocr_carea' id='block_1_74' title="bbox 337 4581 1919 4660">
    <p class='ocr_par' dir='ltr' id='par_1_74' title="bbox 337 4581 1919 4660">
     <span class='ocr_line' id='line_1_74' title="bbox 337 4581 1919 4660; baseline -0.008 -16"><span class='ocrx_word' id='word_1_512' title='bbox 337 4591 632 4660; x_wconf 87' lang='grc' dir='ltr'>Σωσάννης</span> <span class='ocrx_word' id='word_1_513' title='bbox 685 4588 827 4658; x_wconf 80' lang='grc' dir='ltr'>ὑπὲρ</span> <span class='ocrx_word' id='word_1_514' title='bbox 851 4589 978 4650; x_wconf 82' lang='grc' dir='ltr'>τοὺς</span> <span class='ocrx_word' id='word_1_515' title='bbox 1012 4585 1412 4656; x_wconf 87' lang='grc' dir='ltr'>πρεσϐυτέρους</span> <span class='ocrx_word' id='word_1_516' title='bbox 1441 4583 1535 4636; x_wconf 80' lang='grc' dir='ltr'><strong>τοῦ</strong></span> <span class='ocrx_word' id='word_1_517' title='bbox 1558 4581 1712 4635; x_wconf 80' lang='grc' dir='ltr'><em>λαοῦ.</em></span> <span class='ocrx_word' id='word_1_518' title='bbox 1738 4581 1919 4635; x_wconf 78' lang='grc' dir='ltr'>Αἴτιον</span> 
     </span>
    </p>
   </div>
   <div class='ocr_carea' id='block_1_75' title="bbox 2019 3393 3600 3463">
    <p class='ocr_par' dir='ltr' id='par_1_75' title="bbox 2019 3393 3600 3463">
     <span class='ocr_line' id='line_1_75' title="bbox 2019 3393 3600 3463; baseline 0.003 -15"><span class='ocrx_word' id='word_1_519' title='bbox 2019 3409 2106 3448; x_wconf 87' lang='lat' dir='ltr'><strong>me</strong></span> <span class='ocrx_word' id='word_1_520' title='bbox 2160 3393 2479 3448; x_wconf 88' lang='lat' dir='ltr'><strong>mandatmn</strong></span> <span class='ocrx_word' id='word_1_521' title='bbox 2541 3401 2721 3460; x_wconf 89' lang='lat' dir='ltr'><strong>tuum,</strong></span> <span class='ocrx_word' id='word_1_522' title='bbox 2769 3395 2896 3463; x_wconf 88' lang='lat' dir='ltr'><strong>quia</strong></span> <span class='ocrx_word' id='word_1_523' title='bbox 2932 3394 3063 3447; x_wconf 85' lang='lat' dir='ltr'><strong>illud</strong></span> <span class='ocrx_word' id='word_1_524' title='bbox 3145 3408 3362 3463; x_wconf 85' lang='lat' dir='ltr'><strong>semper</strong></span> <span class='ocrx_word' id='word_1_525' title='bbox 3409 3395 3600 3453; x_wconf 80' lang='lat' dir='ltr'><strong>dilexi.</strong></span> 
     </span>
    </p>
   </div>
   <div class='ocr_carea' id='block_1_76' title="bbox 2018 3484 3604 3559">
    <p class='ocr_par' dir='ltr' id='par_1_76' title="bbox 2018 3484 3604 3559">
     <span class='ocr_line' id='line_1_76' title="bbox 2018 3484 3604 3559; baseline 0.004 -22"><span class='ocrx_word' id='word_1_526' title='bbox 2018 3484 2291 3551; x_wconf 80' lang='lat' dir='ltr'><strong>Quocirca</strong></span> <span class='ocrx_word' id='word_1_527' title='bbox 2343 3485 2417 3538; x_wconf 87' lang='lat' dir='ltr'><strong>illi</strong></span> <span class='ocrx_word' id='word_1_528' title='bbox 2463 3485 2688 3555; x_wconf 89' lang='lat' dir='ltr'><strong>quidem</strong></span> <span class='ocrx_word' id='word_1_529' title='bbox 2764 3501 2849 3539; x_wconf 92' lang='lat' dir='ltr'><strong>me</strong></span> <span class='ocrx_word' id='word_1_530' title='bbox 2902 3485 3100 3554; x_wconf 83' lang='lat' dir='ltr'><strong>injuria</strong></span> <span class='ocrx_word' id='word_1_531' title='bbox 3175 3486 3467 3554; x_wconf 77' lang='lat' dir='ltr'><strong>alliciunt;</strong></span> <span class='ocrx_word' id='word_1_532' title='bbox 3501 3504 3604 3559; x_wconf 75' lang='lat' dir='ltr'><strong>ego</strong></span> 
     </span>
    </p>
   </div>
   <div class='ocr_carea' id='block_1_77' title="bbox 2017 3577 3606 3648">
    <p class='ocr_par' dir='ltr' id='par_1_77' title="bbox 2017 3577 3606 3648">
     <span class='ocr_line' id='line_1_77' title="bbox 2017 3577 3606 3648; baseline 0.004 -17"><span class='ocrx_word' id='word_1_533' title='bbox 2017 3592 2148 3631; x_wconf 84' lang='lat' dir='ltr'><strong>vero</strong></span> <span class='ocrx_word' id='word_1_534' title='bbox 2200 3593 2295 3632; x_wconf 89' lang='lat' dir='ltr'><strong>eos</strong></span> <span class='ocrx_word' id='word_1_535' title='bbox 2328 3579 2578 3643; x_wconf 90' lang='lat' dir='ltr'><strong>minime,</strong></span> <span class='ocrx_word' id='word_1_536' title='bbox 2655 3577 2781 3646; x_wconf 87' lang='lat' dir='ltr'><strong>quia</strong></span> <span class='ocrx_word' id='word_1_537' title='bbox 2810 3581 3072 3648; x_wconf 63' lang='lat' dir='ltr'><strong>majorem</strong></span> <span class='ocrx_word' id='word_1_538' title='bbox 3129 3580 3341 3636; x_wconf 83' lang='lat' dir='ltr'><strong>scilicet</strong></span> <span class='ocrx_word' id='word_1_539' title='bbox 3371 3596 3400 3634; x_wconf 88' lang='lat' dir='ltr'><strong>a</strong></span> <span class='ocrx_word' id='word_1_540' title='bbox 3435 3591 3484 3636; x_wconf 88' lang='lat' dir='ltr'><strong>te</strong></span> <span class='ocrx_word' id='word_1_541' title='bbox 3514 3597 3606 3637; x_wconf 88' lang='lat' dir='ltr'><strong>sa-</strong></span> 
     </span>
    </p>
   </div>
   <div class='ocr_carea' id='block_1_78' title="bbox 2019 3670 2754 3740">
    <p class='ocr_par' dir='ltr' id='par_1_78' title="bbox 2019 3670 2754 3740">
     <span class='ocr_line' id='line_1_78' title="bbox 2019 3670 2754 3740; baseline 0.003 -18"><span class='ocrx_word' id='word_1_542' title='bbox 2019 3670 2282 3740; x_wconf 88' lang='lat' dir='ltr'><strong>pientiam</strong></span> <span class='ocrx_word' id='word_1_543' title='bbox 2319 3670 2550 3724; x_wconf 87' lang='lat' dir='ltr'><strong>edoctus</strong></span> <span class='ocrx_word' id='word_1_544' title='bbox 2609 3689 2754 3725; x_wconf 83' lang='lat' dir='ltr'><strong>sum.</strong></span> 
     </span>
    </p>
   </div>
   <div class='ocr_carea' id='block_1_79' title="bbox 2094 3761 3604 3832">
    <p class='ocr_par' dir='ltr' id='par_1_79' title="bbox 2094 3761 3604 3832">
     <span class='ocr_line' id='line_1_79' title="bbox 2094 3761 3604 3832; baseline 0.004 -16"><span class='ocrx_word' id='word_1_545' title='bbox 2094 3761 2264 3817; x_wconf 71' lang='lat' dir='ltr'><strong>Vens.</strong></span> <span class='ocrx_word' id='word_1_546' title='bbox 2300 3762 2390 3817; x_wconf 88' lang='lat'><strong>99.</strong></span> <span class='ocrx_word' id='word_1_547' title='bbox 2457 3762 2628 3832; x_wconf 86' lang='lat' dir='ltr'><strong>Super</strong></span> <span class='ocrx_word' id='word_1_548' title='bbox 2687 3780 2864 3818; x_wconf 78' lang='lat' dir='ltr'><strong>omnes</strong></span> <span class='ocrx_word' id='word_1_549' title='bbox 2913 3763 3155 3819; x_wconf 75' lang='lat' dir='ltr'><strong>docentes</strong></span> <span class='ocrx_word' id='word_1_550' title='bbox 3219 3784 3300 3821; x_wconf 86' lang='lat' dir='ltr'><strong>me</strong></span> <span class='ocrx_word' id='word_1_551' title='bbox 3349 3768 3604 3831; x_wconf 74' lang='lat' dir='ltr'><strong>intellexi,</strong></span> 
     </span>
    </p>
   </div>
   <div class='ocr_carea' id='block_1_80' title="bbox 2019 3852 3602 3923">
    <p class='ocr_par' dir='ltr' id='par_1_80' title="bbox 2019 3852 3602 3923">
     <span class='ocr_line' id='line_1_80' title="bbox 2019 3852 3602 3923; baseline 0.002 -17"><span class='ocrx_word' id='word_1_552' title='bbox 2019 3855 2146 3923; x_wconf 83' lang='lat' dir='ltr'><strong>quia</strong></span> <span class='ocrx_word' id='word_1_553' title='bbox 2174 3852 2472 3905; x_wconf 82' lang='lat' dir='ltr'><strong>testimonia</strong></span> <span class='ocrx_word' id='word_1_554' title='bbox 2519 3862 2611 3905; x_wconf 84' lang='lat' dir='ltr'><strong>tua</strong></span> <span class='ocrx_word' id='word_1_555' title='bbox 2647 3853 2923 3906; x_wconf 83' lang='lat' dir='ltr'><strong>meditatio</strong></span> <span class='ocrx_word' id='word_1_556' title='bbox 2958 3870 3071 3907; x_wconf 87' lang='lat' dir='ltr'><strong>mea</strong></span> <span class='ocrx_word' id='word_1_557' title='bbox 3100 3865 3200 3909; x_wconf 84' lang='lat' dir='ltr'><strong>est.</strong></span> <span class='ocrx_word' id='word_1_558' title='bbox 3260 3857 3399 3922; x_wconf 81' lang='lat' dir='ltr'><strong>Ipsis</strong></span> <span class='ocrx_word' id='word_1_559' title='bbox 3437 3859 3602 3910; x_wconf 82' lang='lat' dir='ltr'><strong>etiam</strong></span> 
     </span>
    </p>
   </div>
   <div class='ocr_carea' id='block_1_81' title="bbox 2019 3944 3604 4018">
    <p class='ocr_par' dir='ltr' id='par_1_81' title="bbox 2019 3944 3604 4018">
     <span class='ocr_line' id='line_1_81' title="bbox 2019 3944 3604 4018; baseline 0.003 -20"><span class='ocrx_word' id='word_1_560' title='bbox 2019 3945 2346 3998; x_wconf 88' lang='lat' dir='ltr'><strong>doctoribus</strong></span> <span class='ocrx_word' id='word_1_561' title='bbox 2409 3944 2546 3998; x_wconf 87' lang='lat' dir='ltr'><strong>meis</strong></span> <span class='ocrx_word' id='word_1_562' title='bbox 2606 3945 2906 4011; x_wconf 87' lang='lat' dir='ltr'><strong>sapientior</strong></span> <span class='ocrx_word' id='word_1_563' title='bbox 2986 3946 3212 4000; x_wconf 82' lang='lat' dir='ltr'><strong>eIIeetus</strong></span> <span class='ocrx_word' id='word_1_564' title='bbox 3271 3965 3417 4013; x_wconf 89' lang='lat' dir='ltr'><strong>sum,</strong></span> <span class='ocrx_word' id='word_1_565' title='bbox 3475 3951 3604 4018; x_wconf 87' lang='lat' dir='ltr'><strong>quia</strong></span> 
     </span>
    </p>
   </div>
   <div class='ocr_carea' id='block_1_82' title="bbox 2019 4034 3607 4109">
    <p class='ocr_par' dir='ltr' id='par_1_82' title="bbox 2019 4034 3607 4109">
     <span class='ocr_line' id='line_1_82' title="bbox 2019 4034 3607 4109; baseline 0.005 -21"><span class='ocrx_word' id='word_1_566' title='bbox 2019 4036 2237 4090; x_wconf 87' lang='lat' dir='ltr'><strong>assidue</strong></span> <span class='ocrx_word' id='word_1_567' title='bbox 2272 4034 2508 4088; x_wconf 89' lang='lat' dir='ltr'><strong>meditor</strong></span> <span class='ocrx_word' id='word_1_568' title='bbox 2533 4106 2536 4109; x_wconf 81' lang='lat'>_</span> <span class='ocrx_word' id='word_1_569' title='bbox 2565 4035 2738 4103; x_wconf 82' lang='lat' dir='ltr'><strong>legem</strong></span> <span class='ocrx_word' id='word_1_570' title='bbox 2775 4046 2943 4097; x_wconf 89' lang='lat' dir='ltr'><strong>tuam,</strong></span> <span class='ocrx_word' id='word_1_571' title='bbox 3001 4052 3122 4104; x_wconf 64' lang='lat' dir='ltr'><strong>qum</strong></span> <span class='ocrx_word' id='word_1_572' title='bbox 3183 4039 3493 4094; x_wconf 87' lang='lat' dir='ltr'><strong>illuminare</strong></span> <span class='ocrx_word' id='word_1_573' title='bbox 3522 4053 3607 4096; x_wconf 83' lang='lat' dir='ltr'><strong>at-</strong></span> 
     </span>
    </p>
   </div>
   <div class='ocr_carea' id='block_1_83' title="bbox 2016 4125 3186 4196">
    <p class='ocr_par' dir='ltr' id='par_1_83' title="bbox 2016 4125 3186 4196">
     <span class='ocr_line' id='line_1_83' title="bbox 2016 4125 3186 4196; baseline 0.002 -16"><span class='ocrx_word' id='word_1_574' title='bbox 2016 4143 2124 4196; x_wconf 92' lang='lat' dir='ltr'><strong>que</strong></span> <span class='ocrx_word' id='word_1_575' title='bbox 2159 4127 2433 4182; x_wconf 86' lang='lat' dir='ltr'><strong>instruere</strong></span> <span class='ocrx_word' id='word_1_576' title='bbox 2461 4125 2600 4179; x_wconf 87' lang='lat' dir='ltr'><strong>solet</strong></span> <span class='ocrx_word' id='word_1_577' title='bbox 2633 4137 2844 4180; x_wconf 78' lang='lat' dir='ltr'><strong>mentes</strong></span> <span class='ocrx_word' id='word_1_578' title='bbox 2880 4127 3186 4182; x_wconf 89' lang='lat' dir='ltr'><strong>hominum.</strong></span> 
     </span>
    </p>
   </div>
   <div class='ocr_carea' id='block_1_84' title="bbox 2090 4217 3610 4290">
    <p class='ocr_par' dir='ltr' id='par_1_84' title="bbox 2090 4217 3610 4290">
     <span class='ocr_line' id='line_1_84' title="bbox 2090 4217 3610 4290; baseline 0.007 -19"><span class='ocrx_word' id='word_1_579' title='bbox 2090 4217 2257 4271; x_wconf 70' lang='lat' dir='ltr'><strong>Vnus.</strong></span> <span class='ocrx_word' id='word_1_580' title='bbox 2288 4217 2411 4272; x_wconf 82' lang='grc'><strong>100.</strong></span> <span class='ocrx_word' id='word_1_581' title='bbox 2439 4217 2610 4284; x_wconf 84' lang='lat' dir='ltr'><strong>Super</strong></span> <span class='ocrx_word' id='word_1_582' title='bbox 2657 4235 2803 4271; x_wconf 84' lang='lat' dir='ltr'><strong>senes</strong></span> <span class='ocrx_word' id='word_1_583' title='bbox 2865 4220 3110 4274; x_wconf 72' lang='lat' dir='ltr'><strong>intellexi</strong></span> <span class='ocrx_word' id='word_1_584' title='bbox 3144 4262 3160 4287; x_wconf 94' lang='lat'><strong>,</strong></span> <span class='ocrx_word' id='word_1_585' title='bbox 3192 4223 3316 4290; x_wconf 79' lang='lat' dir='ltr'><strong>quia</strong></span> <span class='ocrx_word' id='word_1_586' title='bbox 3350 4227 3610 4282; x_wconf 85' lang='lat' dir='ltr'><strong>mandata</strong></span> 
     </span>
    </p>
   </div>
   <div class='ocr_carea' id='block_1_85' title="bbox 2023 4309 3610 4384">
    <p class='ocr_par' dir='ltr' id='par_1_85' title="bbox 2023 4309 3610 4384">
     <span class='ocr_line' id='line_1_85' title="bbox 2023 4309 3610 4384; baseline 0.005 -20"><span class='ocrx_word' id='word_1_587' title='bbox 2023 4324 2114 4365; x_wconf 88' lang='lat' dir='ltr'><strong>tua</strong></span> <span class='ocrx_word' id='word_1_588' title='bbox 2146 4311 2423 4380; x_wconf 77' lang='lat' dir='ltr'><strong>exquisivi.</strong></span> <span class='ocrx_word' id='word_1_589' title='bbox 2501 4309 2678 4381; x_wconf 90' lang='lat' dir='ltr'><strong>Super</strong></span> <span class='ocrx_word' id='word_1_590' title='bbox 2736 4312 3081 4380; x_wconf 81' lang='lat' dir='ltr'><strong>antiquiores</strong></span> <span class='ocrx_word' id='word_1_591' title='bbox 3149 4329 3256 4377; x_wconf 90' lang='lat' dir='ltr'><strong>me,</strong></span> <span class='ocrx_word' id='word_1_592' title='bbox 3307 4316 3506 4384; x_wconf 89' lang='lat' dir='ltr'><strong>inquit.</strong></span> <span class='ocrx_word' id='word_1_593' title='bbox 3554 4329 3610 4374; x_wconf 88' lang='lat' dir='ltr'><strong>et</strong></span> 
     </span>
    </p>
   </div>
   <div class='ocr_carea' id='block_1_86' title="bbox 2023 4403 3608 4476">
    <p class='ocr_par' dir='ltr' id='par_1_86' title="bbox 2023 4403 3608 4476">
     <span class='ocr_line' id='line_1_86' title="bbox 2023 4403 3608 4476; baseline 0.008 -21"><span class='ocrx_word' id='word_1_594' title='bbox 2023 4403 2262 4472; x_wconf 80' lang='lat' dir='ltr'><strong>majores</strong></span> <span class='ocrx_word' id='word_1_595' title='bbox 2292 4411 2488 4467; x_wconf 71' lang='lat' dir='ltr'><strong>tetate;</strong></span> <span class='ocrx_word' id='word_1_596' title='bbox 2550 4413 2602 4457; x_wconf 85' lang='lat' dir='ltr'><strong>et</strong></span> <span class='ocrx_word' id='word_1_597' title='bbox 2656 4403 2955 4458; x_wconf 89' lang='lat' dir='ltr'><strong>subnotare</strong></span> <span class='ocrx_word' id='word_1_598' title='bbox 2987 4403 3202 4464; x_wconf 64' lang='lat' dir='ltr'><strong>videtur</strong></span> <span class='ocrx_word' id='word_1_599' title='bbox 3242 4409 3417 4476; x_wconf 89' lang='lat' dir='ltr'><strong>ipsum</strong></span> <span class='ocrx_word' id='word_1_600' title='bbox 3453 4411 3608 4468; x_wconf 84' lang='lat' dir='ltr'><strong>Saul.</strong></span> 
     </span>
    </p>
   </div>
   <div class='ocr_carea' id='block_1_87' title="bbox 2026 4495 3663 4566">
    <p class='ocr_par' dir='ltr' id='par_1_87' title="bbox 2026 4495 3663 4566">
     <span class='ocr_line' id='line_1_87' title="bbox 2026 4495 3663 4566; baseline 0.005 -17"><span class='ocrx_word' id='word_1_601' title='bbox 2026 4497 2175 4551; x_wconf 84' lang='lat' dir='ltr'><strong>Talis</strong></span> <span class='ocrx_word' id='word_1_602' title='bbox 2214 4497 2377 4550; x_wconf 90' lang='lat' dir='ltr'><strong>etiam</strong></span> <span class='ocrx_word' id='word_1_603' title='bbox 2415 4495 2516 4549; x_wconf 79' lang='lat' dir='ltr'><strong>fuit</strong></span> <span class='ocrx_word' id='word_1_604' title='bbox 2563 4506 2617 4551; x_wconf 89' lang='lat' dir='ltr'><strong>et</strong></span> <span class='ocrx_word' id='word_1_605' title='bbox 2671 4496 2879 4559; x_wconf 87' lang='lat' dir='ltr'><strong>Daniel,</strong></span> <span class='ocrx_word' id='word_1_606' title='bbox 2927 4497 3022 4566; x_wconf 90' lang='lat' dir='ltr'><strong>qui</strong></span> <span class='ocrx_word' id='word_1_607' title='bbox 3085 4498 3350 4555; x_wconf 69' lang='lat' dir='ltr'><strong>Susanna:</strong></span> <span class='ocrx_word' id='word_1_608' title='bbox 3377 4517 3606 4557; x_wconf 82' lang='lat' dir='ltr'><strong>causam</strong></span> <span class='ocrx_word' id='word_1_609' title='bbox 3653 4524 3663 4534; x_wconf 73' lang='lat'>&#39;</span> 
     </span>
    </p>
   </div>
   <div class='ocr_carea' id='block_1_88' title="bbox 2028 4586 3608 4657">
    <p class='ocr_par' dir='ltr' id='par_1_88' title="bbox 2028 4586 3608 4657">
     <span class='ocr_line' id='line_1_88' title="bbox 2028 4586 3608 4657; baseline 0.004 -15"><span class='ocrx_word' id='word_1_610' title='bbox 2028 4604 2194 4657; x_wconf 79' lang='lat' dir='ltr'><strong>supra</strong></span> <span class='ocrx_word' id='word_1_611' title='bbox 2228 4603 2420 4642; x_wconf 89' lang='lat' dir='ltr'><strong>oumes</strong></span> <span class='ocrx_word' id='word_1_612' title='bbox 2462 4586 2646 4656; x_wconf 89' lang='lat' dir='ltr'><strong>populi</strong></span> <span class='ocrx_word' id='word_1_613' title='bbox 2685 4588 2932 4642; x_wconf 83' lang='lat' dir='ltr'><strong>seniores</strong></span> <span class='ocrx_word' id='word_1_614' title='bbox 2981 4589 3267 4646; x_wconf 59' lang='lat' dir='ltr'><strong>intellexit.</strong></span> <span class='ocrx_word' id='word_1_615' title='bbox 3304 4594 3398 4647; x_wconf 86' lang='lat' dir='ltr'><strong>Est</strong></span> <span class='ocrx_word' id='word_1_616' title='bbox 3427 4606 3608 4649; x_wconf 88' lang='lat' dir='ltr'><strong>autem</strong></span> 
     </span>
    </p>
   </div>
   <div class='ocr_carea' id='block_1_89' title="bbox 334 4665 1910 4750">
    <p class='ocr_par' dir='ltr' id='par_1_89' title="bbox 334 4676 1910 4750">
     <span class='ocr_line' id='line_1_89' title="bbox 334 4676 1910 4750; baseline -0.006 -14"><span class='ocrx_word' id='word_1_617' title='bbox 334 4681 396 4736; x_wconf 72' lang='grc' dir='ltr'>δὶ</span> <span class='ocrx_word' id='word_1_618' title='bbox 424 4683 522 4750; x_wconf 80' lang='grc' dir='ltr'><strong>τῆς</strong></span> <span class='ocrx_word' id='word_1_619' title='bbox 544 4680 790 4742; x_wconf 76' lang='grc' dir='ltr'>πλείονος</span> <span class='ocrx_word' id='word_1_620' title='bbox 814 4682 1084 4740; x_wconf 78' lang='grc' dir='ltr'>συνέσεως</span> <span class='ocrx_word' id='word_1_621' title='bbox 1129 4680 1163 4749; x_wconf 82' lang='grc' dir='ltr'>ἡ</span> <span class='ocrx_word' id='word_1_622' title='bbox 1194 4677 1490 4749; x_wconf 76' lang='grc' dir='ltr'>ἑκζήτησις</span> <span class='ocrx_word' id='word_1_623' title='bbox 1512 4676 1620 4729; x_wconf 81' lang='grc' dir='ltr'>τῶν</span> <span class='ocrx_word' id='word_1_624' title='bbox 1643 4677 1804 4729; x_wconf 85' lang='grc' dir='ltr'>Θεῐων</span> <span class='ocrx_word' id='word_1_625' title='bbox 1830 4676 1910 4727; x_wconf 83' lang='grc' dir='ltr'>ἐν·</span> 
     </span>
    </p>
   </div>
   <div class='ocr_carea' id='block_1_90' title="bbox 2020 4665 3614 4750">
    <p class='ocr_par' dir='ltr' id='par_1_90' title="bbox 2028 4681 3614 4750">
     <span class='ocr_line' id='line_1_90' title="bbox 2028 4681 3614 4750; baseline 0.003 -13"><span class='ocrx_word' id='word_1_626' title='bbox 2028 4682 2195 4750; x_wconf 84' lang='lat' dir='ltr'><strong>hujus</strong></span> <span class='ocrx_word' id='word_1_627' title='bbox 2241 4682 2463 4748; x_wconf 83' lang='lat' dir='ltr'><strong>majoris</strong></span> <span class='ocrx_word' id='word_1_628' title='bbox 2496 4681 2779 4750; x_wconf 69' lang='lat' dir='ltr'><strong>sapientia:</strong></span> <span class='ocrx_word' id='word_1_629' title='bbox 2825 4695 2988 4735; x_wconf 87' lang='lat' dir='ltr'><strong>causa</strong></span> <span class='ocrx_word' id='word_1_630' title='bbox 3032 4682 3342 4737; x_wconf 86' lang='lat' dir='ltr'><strong>divinorum</strong></span> <span class='ocrx_word' id='word_1_631' title='bbox 3378 4687 3614 4740; x_wconf 84' lang='lat' dir='ltr'><strong>manda-</strong></span> 
     </span>
    </p>
   </div>
   <div class='ocr_carea' id='block_1_91' title="bbox 335 4766 1920 4846">
    <p class='ocr_par' dir='ltr' id='par_1_91' title="bbox 335 4766 1920 4846">
     <span class='ocr_line' id='line_1_91' title="bbox 335 4766 1920 4846; baseline -0.006 -19"><span class='ocrx_word' id='word_1_632' title='bbox 335 4775 532 4841; x_wconf 79' lang='grc' dir='ltr'>στολῶν,</span> <span class='ocrx_word' id='word_1_633' title='bbox 563 4775 596 4845; x_wconf 78' lang='grc' dir='ltr'><strong>ἡ</strong></span> <span class='ocrx_word' id='word_1_634' title='bbox 633 4773 864 4846; x_wconf 82' lang='grc' dir='ltr'>ἀκριϐὴς</span> <span class='ocrx_word' id='word_1_635' title='bbox 924 4771 1122 4842; x_wconf 72' lang='grc' dir='ltr'>ἔρευνα</span> <span class='ocrx_word' id='word_1_636' title='bbox 1173 4771 1267 4825; x_wconf 72' lang='grc' dir='ltr'>καὶ</span> <span class='ocrx_word' id='word_1_637' title='bbox 1301 4771 1537 4840; x_wconf 80' lang='grc' dir='ltr'>φυλακή.</span> <span class='ocrx_word' id='word_1_638' title='bbox 1568 4769 1832 4821; x_wconf 79' lang='grc' dir='ltr'>Δύνανται</span> <span class='ocrx_word' id='word_1_639' title='bbox 1861 4766 1920 4818; x_wconf 80' lang='grc' dir='ltr'>δὲ</span> 
     </span>
    </p>
   </div>
   <div class='ocr_carea' id='block_1_92' title="bbox 335 4861 1922 4936">
    <p class='ocr_par' dir='ltr' id='par_1_92' title="bbox 335 4861 1922 4936">
     <span class='ocr_line' id='line_1_92' title="bbox 335 4861 1922 4936; baseline -0.006 -15"><span class='ocrx_word' id='word_1_640' title='bbox 335 4867 516 4922; x_wconf 82' lang='grc' dir='ltr'>ταῦτα</span> <span class='ocrx_word' id='word_1_641' title='bbox 543 4867 799 4936; x_wconf 63' lang='grc' dir='ltr'>λέγεσθαι</span> <span class='ocrx_word' id='word_1_642' title='bbox 833 4869 927 4919; x_wconf 72' lang='grc' dir='ltr'>καὶ</span> <span class='ocrx_word' id='word_1_643' title='bbox 954 4865 1062 4920; x_wconf 83' lang='grc' dir='ltr'><strong>ἀπὸ</strong></span> <span class='ocrx_word' id='word_1_644' title='bbox 1090 4863 1184 4918; x_wconf 81' lang='grc' dir='ltr'>τοῦ</span> <span class='ocrx_word' id='word_1_645' title='bbox 1215 4865 1336 4917; x_wconf 85' lang='grc' dir='ltr'>νέου</span> <span class='ocrx_word' id='word_1_646' title='bbox 1363 4863 1492 4917; x_wconf 81' lang='grc' dir='ltr'>λαοῦ</span> <span class='ocrx_word' id='word_1_647' title='bbox 1539 4878 1555 4894; x_wconf 88' lang='grc'><strong>·</strong></span> <span class='ocrx_word' id='word_1_648' title='bbox 1592 4861 1781 4914; x_wconf 86' lang='grc' dir='ltr'>τούτου</span> <span class='ocrx_word' id='word_1_649' title='bbox 1814 4861 1922 4927; x_wconf 77' lang='grc' dir='ltr'><strong>γὰρ</strong></span> 
     </span>
    </p>
   </div>
   <div class='ocr_carea' id='block_1_93' title="bbox 335 4954 1926 5032">
    <p class='ocr_par' dir='ltr' id='par_1_93' title="bbox 335 4954 1926 5032">
     <span class='ocr_line' id='line_1_93' title="bbox 335 4954 1926 5032; baseline -0.008 -16"><span class='ocrx_word' id='word_1_650' title='bbox 335 4961 530 5032; x_wconf 71' lang='grc' dir='ltr'>ἐχθροὶ</span> <span class='ocrx_word' id='word_1_651' title='bbox 562 4961 660 5032; x_wconf 82' lang='grc' dir='ltr'>μὲν</span> <span class='ocrx_word' id='word_1_652' title='bbox 708 4960 760 5013; x_wconf 88' lang='grc' dir='ltr'>οἱ</span> <span class='ocrx_word' id='word_1_653' title='bbox 807 4960 1071 5022; x_wconf 72' lang='grc' dir='ltr'>Ἰουδαῖοι,</span> <span class='ocrx_word' id='word_1_654' title='bbox 1120 4959 1194 5017; x_wconf 81' lang='grc' dir='ltr'><strong>ώς</strong></span> <span class='ocrx_word' id='word_1_655' title='bbox 1231 4957 1318 5009; x_wconf 83' lang='grc' dir='ltr'>διὰ</span> <span class='ocrx_word' id='word_1_656' title='bbox 1368 4958 1566 5018; x_wconf 82' lang='grc' dir='ltr'>παντὸς</span> <span class='ocrx_word' id='word_1_657' title='bbox 1611 4954 1926 5023; x_wconf 75' lang='grc' dir='ltr'>ἐχθραίνον-</span> 
     </span>
    </p>
   </div>
   <div class='ocr_carea' id='block_1_94' title="bbox 335 5047 1923 5121">
    <p class='ocr_par' dir='ltr' id='par_1_94' title="bbox 335 5047 1923 5121">
     <span class='ocr_line' id='line_1_94' title="bbox 335 5047 1923 5121; baseline -0.008 -12"><span class='ocrx_word' id='word_1_658' title='bbox 335 5073 433 5119; x_wconf 86' lang='grc' dir='ltr'><strong>τες</strong></span> <span class='ocrx_word' id='word_1_659' title='bbox 457 5073 470 5086; x_wconf 88' lang='grc'><strong>·</strong></span> <span class='ocrx_word' id='word_1_660' title='bbox 513 5053 825 5108; x_wconf 83' lang='grc' dir='ltr'>διδάσκαλοι</span> <span class='ocrx_word' id='word_1_661' title='bbox 853 5054 932 5118; x_wconf 83' lang='grc' dir='ltr'><strong>δὲ,</strong></span> <span class='ocrx_word' id='word_1_662' title='bbox 964 5053 1043 5115; x_wconf 76' lang='grc' dir='ltr'>ὡς</span> <span class='ocrx_word' id='word_1_663' title='bbox 1071 5051 1226 5104; x_wconf 71' lang='grc' dir='ltr'>αὐτοὶ</span> <span class='ocrx_word' id='word_1_664' title='bbox 1267 5050 1472 5121; x_wconf 83' lang='grc' dir='ltr'>πρῶτοι</span> <span class='ocrx_word' id='word_1_665' title='bbox 1505 5049 1573 5101; x_wconf 74' lang='grc' dir='ltr'>τά</span> <span class='ocrx_word' id='word_1_666' title='bbox 1607 5049 1738 5116; x_wconf 78' lang='grc' dir='ltr'>ἔθνη</span> <span class='ocrx_word' id='word_1_667' title='bbox 1791 5047 1923 5115; x_wconf 79' lang='grc' dir='ltr'>περὶ</span> 
     </span>
    </p>
   </div>
   <div class='ocr_carea' id='block_1_95' title="bbox 337 5137 1922 5219">
    <p class='ocr_par' dir='ltr' id='par_1_95' title="bbox 337 5137 1922 5219">
     <span class='ocr_line' id='line_1_95' title="bbox 337 5137 1922 5219; baseline -0.008 -17"><span class='ocrx_word' id='word_1_668' title='bbox 337 5149 438 5202; x_wconf 79' lang='grc' dir='ltr'>τοῦ</span> <span class='ocrx_word' id='word_1_669' title='bbox 465 5149 628 5219; x_wconf 85' lang='grc' dir='ltr'>μόνου</span> <span class='ocrx_word' id='word_1_670' title='bbox 656 5146 792 5200; x_wconf 84' lang='grc' dir='ltr'>Θεοῦ</span> <span class='ocrx_word' id='word_1_671' title='bbox 815 5147 1125 5211; x_wconf 79' lang='grc' dir='ltr'>διδάξαντες</span> <span class='ocrx_word' id='word_1_672' title='bbox 1149 5144 1243 5196; x_wconf 73' lang='grc' dir='ltr'>καὶ</span> <span class='ocrx_word' id='word_1_673' title='bbox 1271 5143 1369 5204; x_wconf 75' lang='grc' dir='ltr'>τὰς</span> <span class='ocrx_word' id='word_1_674' title='bbox 1399 5141 1616 5211; x_wconf 76' lang='grc' dir='ltr'>βίϐλους</span> <span class='ocrx_word' id='word_1_675' title='bbox 1639 5137 1922 5208; x_wconf 82' lang='grc' dir='ltr'>παρασχό-</span> 
     </span>
    </p>
   </div>
   <div class='ocr_carea' id='block_1_96' title="bbox 343 5232 1920 5312">
    <p class='ocr_par' dir='ltr' id='par_1_96' title="bbox 343 5232 1920 5312">
     <span class='ocr_line' id='line_1_96' title="bbox 343 5232 1920 5312; baseline -0.007 -19"><span class='ocrx_word' id='word_1_676' title='bbox 343 5257 540 5312; x_wconf 85' lang='grc' dir='ltr'>μενοι·</span> <span class='ocrx_word' id='word_1_677' title='bbox 577 5239 940 5309; x_wconf 89' lang='grc' dir='ltr'>πρεσϐύτεροι</span> <span class='ocrx_word' id='word_1_678' title='bbox 972 5237 1052 5299; x_wconf 81' lang='grc' dir='ltr'>δὲ,</span> <span class='ocrx_word' id='word_1_679' title='bbox 1079 5237 1154 5298; x_wconf 84' lang='grc' dir='ltr'>ὡς</span> <span class='ocrx_word' id='word_1_680' title='bbox 1176 5235 1392 5304; x_wconf 82' lang='grc' dir='ltr'>πρῶτος</span> <span class='ocrx_word' id='word_1_681' title='bbox 1423 5234 1570 5294; x_wconf 84' lang='grc' dir='ltr'>λαός.</span> <span class='ocrx_word' id='word_1_682' title='bbox 1625 5232 1759 5296; x_wconf 78' lang='grc' dir='ltr'>Υἱὸς</span> <span class='ocrx_word' id='word_1_683' title='bbox 1792 5233 1920 5300; x_wconf 81' lang='grc' dir='ltr'>γὰρ,</span> 
     </span>
    </p>
   </div>
   <div class='ocr_carea' id='block_1_97' title="bbox 342 5325 1925 5407">
    <p class='ocr_par' dir='ltr' id='par_1_97' title="bbox 342 5325 1925 5407">
     <span class='ocr_line' id='line_1_97' title="bbox 342 5325 1925 5407; baseline -0.008 -19"><span class='ocrx_word' id='word_1_684' title='bbox 342 5336 500 5407; x_wconf 68' lang='grc' dir='ltr'>φησὶ,</span> <span class='ocrx_word' id='word_1_685' title='bbox 556 5333 930 5402; x_wconf 83' lang='grc' dir='ltr'>πρωτότοκός</span> <span class='ocrx_word' id='word_1_686' title='bbox 968 5350 1086 5401; x_wconf 84' lang='grc' dir='ltr'><strong>μου</strong></span> <span class='ocrx_word' id='word_1_687' title='bbox 1153 5328 1418 5398; x_wconf 78' lang='grc' dir='ltr'><em>Ἰσραήλ.</em></span> <span class='ocrx_word' id='word_1_688' title='bbox 1472 5327 1644 5397; x_wconf 80' lang='grc' dir='ltr'>’Υπὲρ</span> <span class='ocrx_word' id='word_1_689' title='bbox 1702 5325 1925 5388; x_wconf 80' lang='grc' dir='ltr'>τούτους</span> 
     </span>
    </p>
   </div>
   <div class='ocr_carea' id='block_1_98' title="bbox 339 5417 1923 5495">
    <p class='ocr_par' dir='ltr' id='par_1_98' title="bbox 339 5417 1923 5495">
     <span class='ocr_line' id='line_1_98' title="bbox 339 5417 1923 5495; baseline -0.006 -15"><span class='ocrx_word' id='word_1_690' title='bbox 339 5427 438 5481; x_wconf 81' lang='grc' dir='ltr'><strong>οὖν</strong></span> <span class='ocrx_word' id='word_1_691' title='bbox 478 5425 845 5495; x_wconf 73' lang='grc' dir='ltr'>ὲσοφίσθημεν</span> <span class='ocrx_word' id='word_1_692' title='bbox 865 5417 960 5476; x_wconf 73' lang='grc' dir='ltr'><strong>τὸν</strong></span> <span class='ocrx_word' id='word_1_693' title='bbox 984 5427 1166 5493; x_wconf 87' lang='grc' dir='ltr'>νόμον,</span> <span class='ocrx_word' id='word_1_694' title='bbox 1207 5421 1513 5490; x_wconf 80' lang='grc' dir='ltr'>σοφώτερον</span> <span class='ocrx_word' id='word_1_695' title='bbox 1544 5419 1741 5482; x_wconf 76' lang='grc' dir='ltr'>αὐτῶν,</span> <span class='ocrx_word' id='word_1_696' title='bbox 1783 5418 1923 5470; x_wconf 74' lang='grc' dir='ltr'>κατὰ</span> 
     </span>
    </p>
   </div>
   <div class='ocr_carea' id='block_1_99' title="bbox 343 5510 1922 5588">
    <p class='ocr_par' dir='ltr' id='par_1_99' title="bbox 343 5510 1922 5588">
     <span class='ocr_line' id='line_1_99' title="bbox 343 5510 1922 5588; baseline -0.008 -15"><span class='ocrx_word' id='word_1_697' title='bbox 343 5521 408 5573; x_wconf 78' lang='grc' dir='ltr'>τὸ</span> <span class='ocrx_word' id='word_1_698' title='bbox 431 5519 838 5588; x_wconf 81' lang='grc' dir='ltr'>κεκρυμμένον,</span> <span class='ocrx_word' id='word_1_699' title='bbox 873 5515 1121 5578; x_wconf 79' lang='grc' dir='ltr'>νοοῦντες</span> <span class='ocrx_word' id='word_1_700' title='bbox 1146 5531 1158 5544; x_wconf 87' lang='grc'><strong>·</strong></span> <span class='ocrx_word' id='word_1_701' title='bbox 1179 5514 1312 5567; x_wconf 82' lang='grc' dir='ltr'>διότι</span> <span class='ocrx_word' id='word_1_702' title='bbox 1343 5513 1436 5565; x_wconf 77' lang='grc' dir='ltr'>καὶ</span> <span class='ocrx_word' id='word_1_703' title='bbox 1475 5513 1660 5587; x_wconf 74' lang='grc' dir='ltr'>πλεῖον</span> <span class='ocrx_word' id='word_1_704' title='bbox 1690 5510 1922 5578; x_wconf 81' lang='grc' dir='ltr'>ἀγαπῶ-</span> 
     </span>
    </p>
   </div>
   <div class='ocr_carea' id='block_1_100' title="bbox 352 5604 1924 5682">
    <p class='ocr_par' dir='ltr' id='par_1_100' title="bbox 352 5604 1924 5682">
     <span class='ocr_line' id='line_1_100' title="bbox 352 5604 1924 5682; baseline -0.008 -18"><span class='ocrx_word' id='word_1_705' title='bbox 352 5628 453 5682; x_wconf 89' lang='grc' dir='ltr'><strong>μεν</strong></span> <span class='ocrx_word' id='word_1_706' title='bbox 480 5609 634 5662; x_wconf 73' lang='grc' dir='ltr'>αύτά·</span> <span class='ocrx_word' id='word_1_707' title='bbox 665 5609 735 5663; x_wconf 84' lang='grc' dir='ltr'><strong>τά</strong></span> <span class='ocrx_word' id='word_1_708' title='bbox 750 5625 808 5660; x_wconf 90' lang='grc' dir='ltr'><strong>τε</strong></span> <span class='ocrx_word' id='word_1_709' title='bbox 841 5607 999 5672; x_wconf 78' lang='grc' dir='ltr'>ἄλλα,</span> <span class='ocrx_word' id='word_1_710' title='bbox 1031 5610 1127 5661; x_wconf 77' lang='grc' dir='ltr'>καὶ</span> <span class='ocrx_word' id='word_1_711' title='bbox 1160 5607 1235 5669; x_wconf 83' lang='grc' dir='ltr'>ὡς</span> <span class='ocrx_word' id='word_1_712' title='bbox 1260 5607 1326 5659; x_wconf 83' lang='grc' dir='ltr'><strong>τὰ</strong></span> <span class='ocrx_word' id='word_1_713' title='bbox 1357 5605 1484 5673; x_wconf 78' lang='grc' dir='ltr'>περὶ</span> <span class='ocrx_word' id='word_1_714' title='bbox 1516 5604 1753 5674; x_wconf 77' lang='grc' dir='ltr'>Χριστοῦ</span> <span class='ocrx_word' id='word_1_715' title='bbox 1789 5619 1924 5670; x_wconf 84' lang='grc' dir='ltr'>προ-</span> 
     </span>
    </p>
   </div>
   <div class='ocr_carea' id='block_1_101' title="bbox 356 5699 650 5770">
    <p class='ocr_par' dir='ltr' id='par_1_101' title="bbox 356 5699 650 5770">
     <span class='ocr_line' id='line_1_101' title="bbox 356 5699 650 5770; baseline 0.007 -20"><span class='ocrx_word' id='word_1_716' title='bbox 356 5699 650 5770; x_wconf 79' lang='grc' dir='ltr'>μηνύοντα.</span> 
     </span>
    </p>
   </div>
   <div class='ocr_carea' id='block_1_102' title="bbox 2029 4774 3618 4846">
    <p class='ocr_par' dir='ltr' id='par_1_102' title="bbox 2029 4774 3618 4846">
     <span class='ocr_line' id='line_1_102' title="bbox 2029 4774 3618 4846; baseline 0.003 -16"><span class='ocrx_word' id='word_1_717' title='bbox 2029 4785 2212 4830; x_wconf 89' lang='lat' dir='ltr'><strong>torum</strong></span> <span class='ocrx_word' id='word_1_718' title='bbox 2246 4775 2552 4846; x_wconf 85' lang='lat' dir='ltr'><strong>inquisitio,</strong></span> <span class='ocrx_word' id='word_1_719' title='bbox 2585 4774 2934 4844; x_wconf 77' lang='lat' dir='ltr'><strong>diligens;ue</strong></span> <span class='ocrx_word' id='word_1_720' title='bbox 2991 4775 3348 4844; x_wconf 72' lang='lat' dir='ltr'><strong>ianiigatio</strong></span> <span class='ocrx_word' id='word_1_721' title='bbox 3412 4788 3466 4833; x_wconf 92' lang='lat' dir='ltr'><strong>et</strong></span> <span class='ocrx_word' id='word_1_722' title='bbox 3512 4795 3618 4834; x_wconf 88' lang='lat' dir='ltr'><strong>cu-</strong></span> 
     </span>
    </p>
   </div>
   <div class='ocr_carea' id='block_1_103' title="bbox 2029 4866 3613 4940">
    <p class='ocr_par' dir='ltr' id='par_1_103' title="bbox 2029 4866 3613 4940">
     <span class='ocr_line' id='line_1_103' title="bbox 2029 4866 3613 4940; baseline 0.004 -20"><span class='ocrx_word' id='word_1_723' title='bbox 2029 4868 2228 4921; x_wconf 86' lang='lat' dir='ltr'><strong>stodia.</strong></span> <span class='ocrx_word' id='word_1_724' title='bbox 2261 4866 2494 4920; x_wconf 82' lang='lat' dir='ltr'><strong>Possunt</strong></span> <span class='ocrx_word' id='word_1_725' title='bbox 2540 4868 2701 4918; x_wconf 75' lang='lat' dir='ltr'><strong>ctiam</strong></span> <span class='ocrx_word' id='word_1_726' title='bbox 2749 4866 2861 4920; x_wconf 76' lang='lat' dir='ltr'><strong>luec</strong></span> <span class='ocrx_word' id='word_1_727' title='bbox 2896 4866 3056 4921; x_wconf 66' lang='lat' dir='ltr'><strong>verba</strong></span> <span class='ocrx_word' id='word_1_728' title='bbox 3117 4869 3220 4938; x_wconf 83' lang='lat' dir='ltr'><strong>legi</strong></span> <span class='ocrx_word' id='word_1_729' title='bbox 3257 4884 3321 4923; x_wconf 82' lang='lat' dir='ltr'><strong>ex</strong></span> <span class='ocrx_word' id='word_1_730' title='bbox 3377 4886 3613 4940; x_wconf 77' lang='lat' dir='ltr'><strong>persona</strong></span> 
     </span>
    </p>
   </div>
   <div class='ocr_carea' id='block_1_104' title="bbox 2034 4957 3614 5030">
    <p class='ocr_par' dir='ltr' id='par_1_104' title="bbox 2034 4957 3614 5030">
     <span class='ocr_line' id='line_1_104' title="bbox 2034 4957 3614 5030; baseline 0.005 -20"><span class='ocrx_word' id='word_1_731' title='bbox 2034 4959 2159 5012; x_wconf 63' lang='lat' dir='ltr'><strong>noxi</strong></span> <span class='ocrx_word' id='word_1_732' title='bbox 2210 4958 2416 5026; x_wconf 83' lang='lat' dir='ltr'><strong>populi,</strong></span> <span class='ocrx_word' id='word_1_733' title='bbox 2473 4957 2632 5026; x_wconf 87' lang='lat' dir='ltr'><strong>cujus</strong></span> <span class='ocrx_word' id='word_1_734' title='bbox 2709 4957 2913 5011; x_wconf 88' lang='lat' dir='ltr'><strong>inimici</strong></span> <span class='ocrx_word' id='word_1_735' title='bbox 2951 4968 3080 5012; x_wconf 85' lang='lat' dir='ltr'><strong>sunt</strong></span> <span class='ocrx_word' id='word_1_736' title='bbox 3125 4957 3296 5012; x_wconf 82' lang='lat' dir='ltr'><strong>Judaei</strong></span> <span class='ocrx_word' id='word_1_737' title='bbox 3326 4977 3341 5013; x_wconf 87' lang='lat'><strong>:</strong></span> <span class='ocrx_word' id='word_1_738' title='bbox 3376 4977 3441 5015; x_wconf 89' lang='lat' dir='ltr'><strong>eo</strong></span> <span class='ocrx_word' id='word_1_739' title='bbox 3465 4965 3614 5030; x_wconf 87' lang='lat' dir='ltr'><strong>quod</strong></span> 
     </span>
    </p>
   </div>
   <div class='ocr_carea' id='block_1_105' title="bbox 2037 5050 3617 5120">
    <p class='ocr_par' dir='ltr' id='par_1_105' title="bbox 2037 5050 3617 5120">
     <span class='ocr_line' id='line_1_105' title="bbox 2037 5050 3617 5120; baseline 0.003 -17"><span class='ocrx_word' id='word_1_740' title='bbox 2037 5051 2304 5104; x_wconf 79' lang='lat' dir='ltr'><strong>adversus</strong></span> <span class='ocrx_word' id='word_1_741' title='bbox 2363 5065 2460 5102; x_wconf 75' lang='lat' dir='ltr'><strong>eos</strong></span> <span class='ocrx_word' id='word_1_742' title='bbox 2502 5050 2727 5103; x_wconf 84' lang='lat' dir='ltr'><strong>inimico</strong></span> <span class='ocrx_word' id='word_1_743' title='bbox 2779 5059 2943 5120; x_wconf 87' lang='lat' dir='ltr'><strong>atque</strong></span> <span class='ocrx_word' id='word_1_744' title='bbox 2973 5051 3190 5105; x_wconf 75' lang='lat' dir='ltr'><strong>infenso</strong></span> <span class='ocrx_word' id='word_1_745' title='bbox 3241 5068 3458 5120; x_wconf 76' lang='lat' dir='ltr'><strong>Semper</strong></span> <span class='ocrx_word' id='word_1_746' title='bbox 3485 5064 3617 5108; x_wconf 87' lang='lat' dir='ltr'><strong>sunt</strong></span> 
     </span>
    </p>
   </div>
   <div class='ocr_carea' id='block_1_106' title="bbox 2032 5139 3616 5211">
    <p class='ocr_par' dir='ltr' id='par_1_106' title="bbox 2032 5139 3616 5211">
     <span class='ocr_line' id='line_1_106' title="bbox 2032 5139 3616 5211; baseline 0.003 -16"><span class='ocrx_word' id='word_1_747' title='bbox 2032 5143 2234 5195; x_wconf 87' lang='lat' dir='ltr'><strong>animo.</strong></span> <span class='ocrx_word' id='word_1_748' title='bbox 2295 5139 2408 5194; x_wconf 90' lang='lat' dir='ltr'><strong>Diei</strong></span> <span class='ocrx_word' id='word_1_749' title='bbox 2465 5143 2630 5195; x_wconf 90' lang='lat' dir='ltr'><strong>etiam</strong></span> <span class='ocrx_word' id='word_1_750' title='bbox 2687 5153 2918 5210; x_wconf 87' lang='lat' dir='ltr'><strong>possunt</strong></span> <span class='ocrx_word' id='word_1_751' title='bbox 2996 5140 3165 5195; x_wconf 67' lang='lat' dir='ltr'><strong>Judaei</strong></span> <span class='ocrx_word' id='word_1_752' title='bbox 3237 5143 3516 5211; x_wconf 74' lang='lat' dir='ltr'><strong>doctores,</strong></span> <span class='ocrx_word' id='word_1_753' title='bbox 3549 5162 3616 5200; x_wconf 83' lang='lat' dir='ltr'><strong>eo</strong></span> 
     </span>
    </p>
   </div>
   <div class='ocr_carea' id='block_1_107' title="bbox 2034 5232 3613 5302">
    <p class='ocr_par' dir='ltr' id='par_1_107' title="bbox 2034 5232 3613 5302">
     <span class='ocr_line' id='line_1_107' title="bbox 2034 5232 3613 5302; baseline 0.003 -16"><span class='ocrx_word' id='word_1_754' title='bbox 2034 5234 2179 5302; x_wconf 80' lang='lat' dir='ltr'><strong>quod</strong></span> <span class='ocrx_word' id='word_1_755' title='bbox 2241 5232 2401 5302; x_wconf 87' lang='lat' dir='ltr'><strong>primi</strong></span> <span class='ocrx_word' id='word_1_756' title='bbox 2471 5233 2576 5301; x_wconf 87' lang='lat' dir='ltr'><strong>ipsi</strong></span> <span class='ocrx_word' id='word_1_757' title='bbox 2648 5242 2834 5302; x_wconf 76' lang='lat' dir='ltr'><strong>gentes</strong></span> <span class='ocrx_word' id='word_1_758' title='bbox 2907 5233 3212 5286; x_wconf 87' lang='lat' dir='ltr'><strong>docuerunt</strong></span> <span class='ocrx_word' id='word_1_759' title='bbox 3268 5249 3392 5290; x_wconf 80' lang='lat' dir='ltr'><strong>esse.</strong></span> <span class='ocrx_word' id='word_1_760' title='bbox 3442 5253 3613 5291; x_wconf 88' lang='lat' dir='ltr'><strong>unum</strong></span> 
     </span>
    </p>
   </div>
   <div class='ocr_carea' id='block_1_108' title="bbox 2039 5324 3616 5392">
    <p class='ocr_par' dir='ltr' id='par_1_108' title="bbox 2039 5324 3616 5392">
     <span class='ocr_line' id='line_1_108' title="bbox 2039 5324 3616 5392; baseline 0.004 -16"><span class='ocrx_word' id='word_1_761' title='bbox 2039 5324 2231 5387; x_wconf 88' lang='lat' dir='ltr'><strong>Deum,</strong></span> <span class='ocrx_word' id='word_1_762' title='bbox 2273 5324 2548 5392; x_wconf 89' lang='lat' dir='ltr'><strong>primique</strong></span> <span class='ocrx_word' id='word_1_763' title='bbox 2603 5339 2774 5378; x_wconf 69' lang='lat' dir='ltr'><strong>sacrae</strong></span> <span class='ocrx_word' id='word_1_764' title='bbox 2818 5324 3114 5391; x_wconf 66' lang='lat' dir='ltr'><strong>Scriptum</strong></span> <span class='ocrx_word' id='word_1_765' title='bbox 3144 5326 3316 5379; x_wconf 86' lang='lat' dir='ltr'><strong>libros</strong></span> <span class='ocrx_word' id='word_1_766' title='bbox 3371 5329 3451 5380; x_wconf 87' lang='lat' dir='ltr'><strong>eis</strong></span> <span class='ocrx_word' id='word_1_767' title='bbox 3503 5340 3616 5382; x_wconf 84' lang='lat' dir='ltr'><strong>tra-</strong></span> 
     </span>
    </p>
   </div>
   <div class='ocr_carea' id='block_1_109' title="bbox 2036 5416 3612 5484">
    <p class='ocr_par' dir='ltr' id='par_1_109' title="bbox 2036 5416 3612 5484">
     <span class='ocr_line' id='line_1_109' title="bbox 2036 5416 3612 5484; baseline 0.003 -16"><span class='ocrx_word' id='word_1_768' title='bbox 2036 5417 2318 5472; x_wconf 85' lang='lat' dir='ltr'><strong>diderunt.</strong></span> <span class='ocrx_word' id='word_1_769' title='bbox 2354 5416 2764 5484; x_wconf 77' lang='lat' dir='ltr'><strong>Appellabimus</strong></span> <span class='ocrx_word' id='word_1_770' title='bbox 2801 5430 2894 5469; x_wconf 81' lang='lat' dir='ltr'><strong>eos</strong></span> <span class='ocrx_word' id='word_1_771' title='bbox 2926 5416 3090 5468; x_wconf 85' lang='lat' dir='ltr'><strong>etiam</strong></span> <span class='ocrx_word' id='word_1_772' title='bbox 3145 5418 3414 5482; x_wconf 87' lang='lat' dir='ltr'><strong>seniores,</strong></span> <span class='ocrx_word' id='word_1_773' title='bbox 3446 5419 3612 5472; x_wconf 86' lang='lat' dir='ltr'><strong>veluti</strong></span> 
     </span>
    </p>
   </div>
   <div class='ocr_carea' id='block_1_110' title="bbox 2037 5505 3614 5576">
    <p class='ocr_par' dir='ltr' id='par_1_110' title="bbox 2037 5505 3614 5576">
     <span class='ocr_line' id='line_1_110' title="bbox 2037 5505 3614 5576; baseline 0.003 -18"><span class='ocrx_word' id='word_1_774' title='bbox 2037 5509 2273 5576; x_wconf 85' lang='lat' dir='ltr'><strong>priorem</strong></span> <span class='ocrx_word' id='word_1_775' title='bbox 2314 5515 2475 5573; x_wconf 86' lang='lat' dir='ltr'><strong>atque</strong></span> <span class='ocrx_word' id='word_1_776' title='bbox 2506 5505 2871 5572; x_wconf 81' lang='lat' dir='ltr'><strong>antiquiorem</strong></span> <span class='ocrx_word' id='word_1_777' title='bbox 2909 5505 3168 5574; x_wconf 84' lang='lat' dir='ltr'><strong>populum</strong></span> <span class='ocrx_word' id='word_1_778' title='bbox 3195 5522 3210 5560; x_wconf 87' lang='lat'><strong>:</strong></span> <span class='ocrx_word' id='word_1_779' title='bbox 3238 5505 3412 5559; x_wconf 82' lang='lat' dir='ltr'><strong>Filius</strong></span> <span class='ocrx_word' id='word_1_780' title='bbox 3448 5525 3614 5570; x_wconf 83' lang='lat' dir='ltr'><strong>meus,</strong></span> 
     </span>
    </p>
   </div>
   <div class='ocr_carea' id='block_1_111' title="bbox 2040 5595 3617 5667">
    <p class='ocr_par' dir='ltr' id='par_1_111' title="bbox 2040 5595 3617 5667">
     <span class='ocr_line' id='line_1_111' title="bbox 2040 5595 3617 5667; baseline 0.003 -18"><span class='ocrx_word' id='word_1_781' title='bbox 2040 5598 2242 5667; x_wconf 85' lang='lat' dir='ltr'><strong>inquit,</strong></span> <span class='ocrx_word' id='word_1_782' title='bbox 2296 5597 2676 5666; x_wconf 79' lang='lat' dir='ltr'><strong>printoyenitus</strong></span> <span class='ocrx_word' id='word_1_783' title='bbox 2710 5595 2883 5649; x_wconf 83' lang='lat' dir='ltr'><strong>lsruel</strong></span> <span class='ocrx_word' id='word_1_784' title='bbox 2915 5596 3002 5649; x_wconf 79' lang='lat'><strong>&quot;‘.</strong></span> <span class='ocrx_word' id='word_1_785' title='bbox 3039 5595 3214 5667; x_wconf 87' lang='lat' dir='ltr'><strong>Super</strong></span> <span class='ocrx_word' id='word_1_786' title='bbox 3264 5599 3364 5654; x_wconf 73' lang='lat' dir='ltr'><strong>Iros</strong></span> <span class='ocrx_word' id='word_1_787' title='bbox 3398 5599 3617 5654; x_wconf 63' lang='lat' dir='ltr'><strong>Juilums</strong></span> 
     </span>
    </p>
   </div>
   <div class='ocr_carea' id='block_1_112' title="bbox 2045 5687 3618 5761">
    <p class='ocr_par' dir='ltr' id='par_1_112' title="bbox 2045 5687 3618 5761">
     <span class='ocr_line' id='line_1_112' title="bbox 2045 5687 3618 5761; baseline 0.003 -19"><span class='ocrx_word' id='word_1_788' title='bbox 2045 5691 2213 5758; x_wconf 79' lang='lat' dir='ltr'><strong>igitur</strong></span> <span class='ocrx_word' id='word_1_789' title='bbox 2240 5705 2338 5743; x_wconf 86' lang='lat' dir='ltr'><strong>nos</strong></span> <span class='ocrx_word' id='word_1_790' title='bbox 2370 5689 2422 5742; x_wconf 92' lang='lat' dir='ltr'><strong>iu</strong></span> <span class='ocrx_word' id='word_1_791' title='bbox 2470 5690 2585 5757; x_wconf 76' lang='lat' dir='ltr'><strong>lege</strong></span> <span class='ocrx_word' id='word_1_792' title='bbox 2643 5687 2836 5741; x_wconf 84' lang='lat' dir='ltr'><strong>melius</strong></span> <span class='ocrx_word' id='word_1_793' title='bbox 2896 5690 3151 5743; x_wconf 86' lang='lat' dir='ltr'><strong>instructi</strong></span> <span class='ocrx_word' id='word_1_794' title='bbox 3214 5708 3406 5747; x_wconf 40' lang='lat' dir='ltr'><strong>suuitts</strong></span> <span class='ocrx_word' id='word_1_795' title='bbox 3440 5709 3452 5745; x_wconf 88' lang='lat'><strong>:</strong></span> <span class='ocrx_word' id='word_1_796' title='bbox 3488 5695 3618 5761; x_wconf 74' lang='lat' dir='ltr'><strong>quia</strong></span> 
     </span>
    </p>
   </div>
   <div class='ocr_carea' id='block_1_113' title="bbox 279 5775 3615 5861">
    <p class='ocr_par' dir='ltr' id='par_1_113' title="bbox 279 5775 3615 5861">
     <span class='ocr_line' id='line_1_113' title="bbox 279 5775 3615 5861; baseline -0 -14"><span class='ocrx_word' id='word_1_797' title='bbox 279 5791 294 5800; x_wconf 82' lang='grc'><em>’</em></span> <span class='ocrx_word' id='word_1_798' title='bbox 356 5779 508 5848; x_wconf 74' lang='lat' dir='ltr'><strong>illam</strong></span> <span class='ocrx_word' id='word_1_799' title='bbox 556 5793 882 5861; x_wconf 86' lang='lat' dir='ltr'><strong>sapientius,</strong></span> <span class='ocrx_word' id='word_1_800' title='bbox 927 5791 1081 5860; x_wconf 78' lang='lat' dir='ltr'><strong>juxta</strong></span> <span class='ocrx_word' id='word_1_801' title='bbox 1127 5792 1461 5848; x_wconf 87' lang='lat' dir='ltr'><strong>occultiores</strong></span> <span class='ocrx_word' id='word_1_802' title='bbox 1503 5807 1702 5848; x_wconf 86' lang='lat' dir='ltr'><strong>sensus</strong></span> <span class='ocrx_word' id='word_1_803' title='bbox 1746 5787 2124 5859; x_wconf 80' lang='lat' dir='ltr'><strong>inlcll&#39;gimus.</strong></span> <span class='ocrx_word' id='word_1_804' title='bbox 2160 5775 2434 5852; x_wconf 74' lang='lat' dir='ltr'><strong>Quocirca</strong></span> <span class='ocrx_word' id='word_1_805' title='bbox 2475 5782 2651 5852; x_wconf 76' lang='lat' dir='ltr'><strong>magis</strong></span> <span class='ocrx_word' id='word_1_806' title='bbox 2707 5784 2872 5838; x_wconf 86' lang='lat' dir='ltr'><strong>etiam</strong></span> <span class='ocrx_word' id='word_1_807' title='bbox 2963 5800 3082 5839; x_wconf 85' lang='lat' dir='ltr'><strong>eam</strong></span> <span class='ocrx_word' id='word_1_808' title='bbox 3161 5803 3433 5852; x_wconf 85' lang='lat' dir='ltr'><strong>amamus,</strong></span> <span class='ocrx_word' id='word_1_809' title='bbox 3492 5806 3615 5846; x_wconf 78' lang='lat' dir='ltr'><strong>cum</strong></span> 
     </span>
    </p>
   </div>
   <div class='ocr_carea' id='block_1_114' title="bbox 438 5887 950 5951">
    <p class='ocr_par' dir='ltr' id='par_1_114' title="bbox 438 5887 950 5951">
     <span class='ocr_line' id='line_1_114' title="bbox 438 5887 950 5951; baseline 0 -10"><span class='ocrx_word' id='word_1_810' title='bbox 438 5889 509 5920; x_wconf 78' lang='grc'><strong>³¹⁶</strong></span> <span class='ocrx_word' id='word_1_811' title='bbox 541 5887 716 5943; x_wconf 76' lang='lat' dir='ltr'><strong>Exod.</strong></span> <span class='ocrx_word' id='word_1_812' title='bbox 749 5903 824 5951; x_wconf 75' lang='grc' dir='ltr'><strong>ιν,</strong></span> <span class='ocrx_word' id='word_1_813' title='bbox 859 5888 950 5942; x_wconf 73' lang='grc'><strong>52.</strong></span> 
     </span>
    </p>
   </div>
   <div class='ocr_carea' id='block_1_115' title="bbox 694 5973 1494 6041">
    <p class='ocr_par' dir='ltr' id='par_1_115' title="bbox 694 5973 1494 6041">
     <span class='ocr_line' id='line_1_115' title="bbox 694 5973 1494 6041; baseline -0.008 -1"><span class='ocrx_word' id='word_1_814' title='bbox 694 5981 966 6041; x_wconf 73' lang='grc' dir='ltr'>ΡΑΤιιοι..</span> <span class='ocrx_word' id='word_1_815' title='bbox 1013 5979 1132 6037; x_wconf 81' lang='lat' dir='ltr'><strong>Gn.</strong></span> <span class='ocrx_word' id='word_1_816' title='bbox 1163 5973 1494 6036; x_wconf 78' lang='lat' dir='ltr'><strong>CXXVIII.</strong></span> 
     </span>
    </p>
   </div>
   <div class='ocr_carea' id='block_1_116' title="bbox 3147 5973 3221 6033">
    <p class='ocr_par' dir='ltr' id='par_1_116' title="bbox 3147 5973 3221 6033">
     <span class='ocr_line' id='line_1_116' title="bbox 3147 5973 3221 6033; baseline -0.014 0"><span class='ocrx_word' id='word_1_817' title='bbox 3147 5973 3221 6033; x_wconf 87' lang='lat'><strong>37</strong></span> 
     </span>
    </p>
   </div>
  </div>
