4052 6420
426 340 577 406 1163

420 564 592 611 stum.

423 751 588 799 mos,
627 739 684 786 ut
711 725 1009 783 custodiam
1039 722 1196 777 verba
1258 732 1371 774 tua.
1431 715 1555 772 Feci
1627 715 1751 780 hoc,
1803 715 2001 785 inquit,

424 842 494 882 ne
528 821 783 877 mandata
842 826 933 870 tua
982 825 1328 884 spernerem,
1370 823 1494 880 qua:
1547 805 1895 876 hocjubent.

491 1005 657 1061 Vsus.
696 999 819 1054 102.
869 999 913 1051 Α
937 995 1161 1067 judiciis
1193 993 1299 1047 tuis
1343 1008 1449 1047 non
1479 990 1762 1054 declinavi,
1794 988 1922 1059 quia
1951 997 2007 1041 tu

424 1098 586 1166 legem
616 1089 858 1147 statuisti
901 1089 1050 1142 mihi.
1110 1085 1231 1140 Non
1275 1086 1461 1149 homo,
1491 1084 1583 1138 sed
1620 1082 1763 1137 Deus
1794 1098 1810 1135 :
1844 1097 2006 1151 quem

424 1203 549 1243 cum
581 1186 853 1250 timerem,
911 1195 1020 1234 non
1055 1177 1325 1234 declinavi
1364 1176 1431 1231 ab
1458 1175 1579 1246 ejus
1616 1173 1909 1229 mandatis.

501 1354 668 1411 Vens.
693 1354 815 1408 105.
860 1352 1033 1418 Quam
1070 1349 1249 1403 dulcia
1268 1349 1476 1420 gutturi
1504 1364 1618 1402 meo
1657 1347 1864 1418 eloquia
1894 1355 2008 1414 tua,

420 1468 587 1521 super
634 1448 845 1505 melori
900 1462 1035 1501 meo.
1097 1444 1329 1515 Eloquia
1375 1444 1520 1507 dico,
1591 1457 1715 1514 quae
1765 1440 2012 1511 corporis

430 1544 652 1614 quidem
687 1549 912 1611 gutture
942 1537 1321 1609 proferuntur,
1390 1536 1488 1592 sed
1532 1533 1783 1590 interiori
1815 1534 2014 1588 animze

428 1648 653 1715 gutture
701 1644 1013 1708 gustentur.
1055 1634 1207 1688 Illam
1259 1639 1440 1687 autem
1472 1630 1728 1702 intelligit
1759 1629 2014 1698 volupta-

432 1741 562 1797 tem,
596 1743 704 1798 qua
735 1740 929 1780 omnes
978 1724 1014 1778 ii
1048 1723 1332 1788 fruuntur,
1405 1721 1497 1792 qui
1548 1719 2015 1776 intellectualibus

431 1820 627 1876 animm
655 1818 916 1875 sensibus
961 1816 1189 1888 pollent.
1226 1814 1296 1870 lis
1341 1815 1543 1869 etenim
1579 1813 1670 1882 qui
1704 1812 2014 1867 invalidiori

416 1919 564 1968 sunt
614 1909 924 1973 stomacho,
990 1908 1196 1977 quique
1263 1906 1445 1960 cibum
1524 1904 1666 1959 male
1738 1903 2015 1973 digerunt,

420 2004 616 2074 ipsum
644 2002 814 2057 etiam
845 1998 951 2054 mel
981 2012 1228 2052 amarum
1256 1996 1499 2051 videtur.

503 2094 669 2149 Vens.
706 2093 831 2149 101.
863 2092 907 2143 Α
952 2090 1219 2145 mandatis
1251 2089 1359 2144 tuis
1424 2087 1681 2154 intellexi,
1739 2096 2013 2157 propterea

434 2188 522 2242 odi
553 2202 759 2241 omnem
786 2184 923 2240 viam
949 2183 1252 2252 injustititr.
1296 2182 1380 2237 Ab
1414 2182 1522 2249 his,
1561 2182 1760 2251 inquit,
1808 2181 2018 2237 instru-

416 2291 557 2337 ~ctus
607 2294 729 2335 sum
794 2286 848 2334 et
893 2276 1122 2333 eﬂ'ectus
1175 2276 1496 2346 sapientior.
1549 2277 1729 2347 Atque
1777 2277 1898 2333 ideo
1949 2275 2017 2331 ab

431 2364 691 2428 omnibus
736 2371 987 2442 malignis
1025 2368 1345 2425 hominibus
1370 2382 1597 2424 aversus
1623 2382 1770 2423 sum.

502 2464 671 2519 Vsus.
713 2462 836 2519 105.
868 2461 1111 2518 Lucerna
1140 2461 1359 2532 pedibus
1390 2462 1522 2514 meis
1563 2459 1649 2513 lea:
1691 2467 1808 2524 tua,
1842 2468 1892 2513 et
1930 2458 2018 2513 lu-

420 2571 553 2612 men
592 2556 795 2610 semitis
828 2556 978 2609 meis.
1010 2554 1263 2609 Luminis
1296 2553 1444 2608 enim
1475 2567 1541 2607 ac
1571 2552 1814 2606 lucernae
1846 2551 2020 2606 instar

434 2648 578 2703 lucis
619 2649 805 2703 radios
837 2648 1095 2702 emittens
1150 2645 1404 2700 semitam
1460 2643 1611 2696 illam
1669 2643 2017 2697 manifestam

421 2738 643 2804 “reddit,
685 2753 809 2808 quae
833 2739 899 2793 ad
938 2737 1192 2791 virtutem
1243 2734 1487 2789 deducit.
1534 2733 1593 2788 ln
1624 2742 1785 2789 nocte
1817 2734 2018 2789 etenim

422 2831 727 2902 praesentis
761 2831 906 2895 vitae,
959 2835 1124 2898 atque
1172 2826 1229 2881 in
1276 2825 1568 2881 all'cctuutn
1594 2836 1910 2882 nostrorum
1942 2835 2023 2882 te-

438 2923 645 2987 nebris,
680 2931 889 2978 rectam
926 2920 1087 2975 nobis
1127 2920 1213 2975 lex
1274 2919 1417 2973 viam
1452 2919 1519 2974 ad
1565 2920 1702 2974 bene
1756 2933 1820 2975 ac
1865 2920 2022 2976 beate

428 3016 729 3073 vivendum
765 3015 1129 3080 demonstrat,
1155 3027 1257 3069 nec
1286 3012 1398 3067 labi
1445 3027 1547 3067 nos
1571 3012 1699 3067 sinit
1738 3012 1793 3067 in
1823 3027 2016 3083 pecca-

422 3119 576 3168 tum.
617 3109 721 3165 Per
749 3110 915 3180 pedes
977 3111 1202 3175 etenim,
1251 3116 1457 3177 cuper
1499 3105 1746 3170 semitas,
1788 3107 1914 3160 vitae
1956 3120 2022 3161 ac

430 3203 877 3258 conversationis
916 3203 1137 3256 modum
1168 3199 1436 3269 intelligo.
1467 3196 1603 3252 Illud
1651 3197 1815 3252 etiam
1847 3198 2024 3253 scien-

422 3296 589 3363 dum,
640 3296 785 3366 quod
818 3296 906 3351 lex
958 3293 1196 3348 Mosaica
1235 3292 1393 3360 juxta
1437 3290 1680 3343 litteram
1714 3288 2020 3357 intellecta,

1633 330 2018 393 EUTHYMII
2061 329 2423 391 ZlGABENl

414 454 607 514 multis
659 454 726 511 de
790 452 999 513 causis.
1058 460 1170 505 tum
1239 448 1538 521 praecipue,
1627 448 1759 518 quia
1834 448 2019 502 omnia
2048 448 2209 502 nobis
2264 445 2658 518 praasignavit,

3536 317 3694 380 1164

2749 460 2872 516 quae
2966 444 3313 517 pertinerent
3363 442 3431 498 ad
3525 439 3697 498 (ἐι.τί-

491 641 661 700 Vens.
697 632 926 690 l0l.Ab
984 628 1127 683 omni
1196 627 1282 682 via
1343 623 1489 678 mala
1544 619 1791 692 prohibui
1848 622 2004 690 pedes

2190 630 2292 683 Ἐκ
2322 628 2530 697 πάσης
2558 627 2704 685 ὁδοῦ
2729 629 2996 698 πονηρᾶς
3025 627 3311 683 ἐκώλυσα
3339 626 3481 694 τοὺς
3502 626 3703 689 πόδας

2099 736 2242 790 μου,
2269 719 2428 786 ὅπως
2457 720 2534 775 ἂν
2559 721 2812 790 φυλάξω
2834 721 2973 789 τοὺς
3005 721 3229 790 λόγους
3251 735 3391 774 σου.
3432 718 3703 788 Ἐποίησα

2105 810 2284 877 τοῦτο,
2320 811 2411 867 ἴνα
2462 812 2539 884 μὴ
2584 813 2836 885 ἀθετήσω
2864 812 2965 878 τὰς
3021 812 3241 876 ἐντολάς
3281 829 3375 864 σου
3405 810 3566 864 τοῦτο
3599 828 3701 865 κε-

2105 901 2163 955 λε
2172 901 2394 965 υούσας.

2192 994 2325 1048 Ἀπὸ
2357 993 2477 1049 τῶν
2526 996 2824 1066 χριμάτων
2849 1013 2969 1052 σου
3005 998 3119 1052 οὐκ
3149 997 3457 1063 ἐξέκλινα,
3491 993 3583 1048 ὅτι
3610 992 3701 1046 σὺ

2108 1084 2554 1156 ὲνομοθέτησὰς
2581 1105 2679 1157 με.
2713 1088 2828 1141 Οὐκ
2861 1088 3172 1159 ἄνθρωπος,
3200 1088 3317 1144 ἀλλ’
3346 1090 3375 1141 ὁ
3434 1086 3589 1150 Θεὸς,
3635 1082 3700 1138 ὃν

2112 1177 2450 1249 φοϐούμενος
2478 1180 2579 1235 οὐκ
2608 1179 2879 1245 ἐξέκλινα.
2923 1181 3244 1253 ’Ᾱδιὰφορος
3280 1181 3338 1235 δὲ
3369 1181 3408 1252 ἡ
3437 1178 3699 1244 σύνταξις

2110 1271 2205 1326 τοῦ
2235 1273 2703 1342 ἐνομοθέτησας.

2196 1365 2295 1432 Ὧς
2318 1364 2545 1435 γλυκέα
2570 1365 2651 1431 τῷ
2677 1365 2933 1437 λάρυγγί
2944 1384 3065 1436 μου
3087 1363 3157 1419 τὰ
3187 1361 3363 1432 λότιά
3385 1375 3525 1425 σου,
3542 1364 3700 1428 ὑπερ

2106 1457 2249 1526 μέλι
2282 1455 2361 1522 τῷ
2394 1459 2651 1527 στόματί
2693 1476 2835 1528 μου.
2868 1458 2958 1528 Τῷ
3006 1458 3106 1530 μὲν
3149 1457 3246 1510 τοῦ
3284 1455 3558 1527 στόματος
3603 1452 3700 1506 λά-

2116 1567 2282 1622 ρυγγι
2340 1549 2432 1603 καὶ
2480 1550 2712 1620 στόματι
2746 1549 3094 1618 λαλούμενα,
3126 1548 3229 1619 ’τῷ
3277 1548 3334 1602 δὲ
3367 1547 3468 1617 τῆς
3518 1544 3704 1616 ψυχῆς

2115 1641 2405 1713 νοούμενα.
2447 1642 2732 1713 Ἐμφαίνει
2779 1641 2837 1695 δὲ
2869 1643 2967 1714 τὴν
2990 1640 3077 1695 ἐπ’
3109 1641 3293 1705 αὐτοῖς
3336 1639 3546 1711 ἡδονὴν,
3576 1639 3709 1707 ἥτις

2115 1732 2393 1801 ἐγγίνεται
2448 1734 2562 1797 τοῖς
2596 1731 2933 1804 ἐρρωμένοις
2967 1731 3033 1785 sit
3056 1730 3423 1802 αἰσθητήρια*
3449 1729 3561 1792 τοῖς
3589 1726 3706 1798 γὰρ

2117 1826 2449 1894 κακοσίτοις,
2480 1826 2636 1895 φασὶ,
2673 1826 2770 1881 καὶ
2795 1824 2856 1879 τὸ
2889 1824 3012 1897 μέλι
3043 1824 3262 1896 πικρόν.

2197 2092 2343 2148 Ἀπὸ
2394 2091 2517 2147 τῶν
2565 2092 2825 2148 ἐντολῶν
2882 2108 2998 2147 σου
3056 2089 3323 2159 συνῆκα,
3376 2086 3475 2143 διὰ
3522 2086 3711 2142 τοῦτο

2117 2185 2382 2256 ἐμίσησα
2411 2184 2622 2241 πᾶσαν
2652 2187 2799 2241 ὁδόν
2827 2185 3086 2251 ἀδικίας.
3150 2183 3291 2238 Ἀπὸ
3338 2180 3545 2235 τούτων
3579 2181 3712 2233 ἔσο-

2118 2280 2341 2354 φίσθην,
2368 2282 2460 2336 καὶ
2482 2281 2847 2353 συνετώτερος
2880 2279 3176 2352 ἐγενόμηνο
3205 2278 3284 2332 διὸ
3304 2277 3401 2332 καί
3429 2276 3710 2346 ἀπεστρά-

2119 2390 2227 2444 φην
2257 2375 2327 2429 τὰ
2357 2373 2592 2445 πονηρά.

2191 2467 2432 2536 Λύχνος
2459 2467 2586 2534 τοῖς
2614 2467 2764 2522 ποσί
2804 2484 2924 2537 μου
2956 2467 2990 2520 δ
3037 2482 3222 2536 νομος
3250 2478 3390 2532 σου,
3448 2461 3547 2517 καί
3576 2460 3714 2532 φῶς

2118 2559 2251 2626 ταῖς
2283 2560 2504 2628 τρίϐοις
2527 2576 2667 2629 μου.
2703 2552 2874 2624 Οὗτός
2907 2577 2974 2631 με
3016 2560 3205 2630 ὁδηγεῖ
3257 2558 3397 2628 πρὸς
3453 2556 3522 2611 τὰ
3560 2556 3714 2612 καλὰ

2119 2649 2277 2721 δίκην
2304 2650 2500 2721 λύχνου
2553 2651 2650 2705 καὶ
2696 2651 2894 2721 φωτὸς,
2932 2649 3302 2704 ὑποδεικνύων
3331 2649 3390 2703 ὲν
3418 2647 3575 2703 νυκτὶ
3607 2645 3708 2700 τοῦ

2124 2739 2239 2811 βίου
2279 2739 2373 2794 καὶ
2421 2742 2602 2795 σκότει
2626 2741 2735 2795 τῶν
2763 2741 2973 2808 παθῶν,
3007 2742 3101 2796 καὶ
3124 2741 3186 2795 ού
3217 2740 3517 2812 συγχωρῶν
3542 2754 3715 2809 προσ-

2122 2832 2351 2886 κόπτειν
2377 2835 2456 2896 εἰς
2506 2834 2805 2904 ἁμαρτίαν.
2846 2834 3021 2899 Πόδας
3049 2834 3106 2888 δὲ
3158 2834 3256 2888 καὶ
3292 2833 3515 2904 τρίϐους
3555 2831 3710 2902 λέγει

2122 2923 2222 2995 τὴν
2254 2923 2500 2994 πορείαν,
2540 2926 2640 2995 τὴν
2668 2925 2803 2999 πρὸς
2838 2926 3024 2981 αὐτόν.
3075 2925 3285 2990 ’Δλλως
3317 2940 3333 2955 ⁸
3367 2925 3396 2978 ὁ
3448 2926 3537 2979 διὰ
3572 2925 3711 2978 Mor

2125 3015 2265 3078 σέως
2298 3016 2483 3085 νόμος,
2522 3016 2852 3087 σωματικῶς
2889 3019 2989 3089 μὲν
3022 3017 3459 3088 λαμϐανόμενος,
3514 3014 3712 3087 λύχνος

2123 3106 2240 3159 ἐστὶ
2272 3109 2383 3170 τοῖς
2413 3108 2502 3162 διὰ
2537 3110 2849 3179 πρακτικῆς
2880 3111 3084 3182 ἀρετῆς
3115 3109 3391 3180 βαδίζουσι
3412 3126 3425 3141 ο
3459 3125 3711 3180 πνευμα-

2122 3199 2288 3263 τικῶς
2307 3200 2365 3254 δὲ
2390 3202 2513 3256 νοού
2520 3219 2703 3272 μενος,
2723 3203 2837 3272 φῶς
2866 3204 3117 3275 ὲστιτοϊς
3138 3202 3227 3258 διὰ
3246 3203 3343 3275 τῆς
3367 3200 3711 3276 θεωρητικῆς

2126 3293 2379 3361 γνώσεως
2417 3294 2795 3365 ἀναγομένοις.

434 3388 661 3443 lucerna
688 3389 755 3444 iis
783 3397 888 3451 est,
939 3386 1034 3456 qui
1090 3399 1187 3454 per
1232 3384 1381 3437 illam
1449 3382 1711 3438 virtutum
1766 3386 2021 3471 semitam
2056 3386 2339 3454 incedunt,
2373 3404 2497 3459 quae
2546 3389 2613 3444 ad
2659 3391 2909 3446 actiones
2987 3388 3248 3461 pertinet.
3333 3389 3717 3460 Spiritualiter

422 3496 566 3537 «ero
600 3482 901 3547 intellecta,
947 3480 1174 3535 lucerna
1212 3478 1324 3533 illis
1378 3485 1485 3542 est,
1526 3477 1621 3547 qui
1655 3491 1752 3546 per
1778 3482 2262 3551 contemplationis
2309 3484 2504 3539 callem
2536 3482 2787 3541 feruntur
2802 3487 2870 3541 ad
2897 3486 3087 3542 Deum.

512 3572 678 3627 Vsus.
720 3573 840 3626 106.
872 3570 1061 3625 Juravi
1086 3578 1135 3623 et
1174 3569 1341 3623 statui
1394 3566 1662 3621 custodire
1693 3568 1905 3635 judicia
1928 3568 2024 3638 ju-
2054 3580 2097 3638 ο

435 3667 600 3722 uitiae
632 3675 758 3721 tute.
802 3661 909 3719 Ubi
962 3662 1217 3717 utilitatis
1248 3661 1395 3714 illius
1428 3660 1822 3727 experientiam
1880 3662 2022 3731 cepi,

2207 3576 2458 3644 Ὠμοσα,
2514 3574 2612 3629 καὶ
2662 3577 2902 3647 ἐστησα
2928 3576 3036 3631 τοῦ
3063 3575 3451 3646 φυλάξασθαι
3478 3574 3551 3629 τὰ
3582 3576 3720 3643 κριο-

2119 3682 2278 3734 ματα
2326 3664 2438 3734 τῆς
2490 3668 2886 3736 δικαιοσύνης
2932 3684 3070 3724 σου.
3107 3670 3313 3738 Πεῖραν
3362 3667 3543 3722 λαϐὼν
3612 3667 3719 3737 τῆς

428 3773 561 3830 qua
615 3772 646 3811 a
688 3755 961 3811 mandatis
988 3755 1095 3809 tuis
1140 3752 1411 3823 provenit,
1467 3753 1652 3807 statim
1688 3752 1890 3823 jurari,
1925 3755 2022 3807 hoc

2125 3754 2392 3823 ὠφελείας
2422 3756 2531 3809 τῶν
2569 3757 2799 3812 ἐντολῶν
2835 3776 2929 3811 σου
2996 3758 3212 3830 ὤμοσα,
3245 3758 3526 3815 τουτέστιν
3575 3756 3721 3827 ἀλη-

438 3863 545 3919 est,
590 3851 868 3924 pollicitus
904 3864 1049 3914 sum,
1100 3857 1154 3901 ct
1218 3845 1384 3899 statui
1442 3847 1573 3900 mihi
1620 3846 1787 3901 veluti
1817 3844 2027 3901 incom-

2127 3844 2235 3909 θῶς
2261 3847 2581 3921 ὑπεσχόμην
2612 3849 2709 3904 καὶ
2736 3849 2940 3921 ἐστησα
2968 3852 3062 3906 τὸν
3091 3852 3253 3923 ὅρκον
3283 3851 3475 3905 τοῦτον
3506 3852 3716 3921 ἀμετα-

442 3948 709 4005 mutabile
738 3944 1142 4014 juramentum,
1170 3947 1229 3994 ut
1266 3954 1330 3995 ea
1363 3940 1741 3996 obServaretn.
1773 3940 2022 3998 Statuere

2125 3938 2364 4009 κίνητον,
2397 3942 2528 4014 περὶ
2568 3941 2660 3995 τοῦ
2700 3941 2939 4014 τηρῆσαι
2979 3943 3169 4006 αὑτάς.
3220 3943 3419 3997 Στάσιν
3448 3941 3507 3996 δὲ
3562 3938 3719 4009 λέγει

437 4041 581 4097 enim
614 4039 777 4102 dixit,
822 4054 920 4109 pro
953 4039 1239 4094 Stabilire.

510 4128 675 4185 Vens.
720 4128 842 4183 l07.
877 4127 1207 4182 Ilumiliatus
1238 4143 1354 4180 sum
1374 4140 1536 4195 usque
1560 4122 1738 4190 valde,
1757 4122 1980 4179 Domine
2009 4140 2027 4178 :

431 4223 647 4292 niviﬁca
699 4236 781 4276 me
811 4221 1100 4276 secundum
1158 4220 1369 4275 verbum
1408 4226 1582 4271 tuum.
1647 4215 1775 4280 Diu,
1825 4217 2026 4287 inquit,

437 4316 762 4371 humiliatus
799 4329 921 4369 sum
957 4328 988 4367 a
1027 4312 1363 4375 voluntaria,
1416 4325 1511 4364 seu
1568 4311 1732 4364 etiam
1774 4309 1843 4361 ab
1875 4309 2031 4362 invoo

2124 4037 2224 4104 τὴν
2251 4033 2536 4105 ἑδραίωσιν
2560 4035 2653 4089 τοῦ
2666 4036 2919 4091 ’τοιούτου
2945 4037 3132 4106 ὅρκου.

2205 4127 2642 4196 Ἐταπεινώθην
2688 4128 2801 4196 ἕως
2841 4128 3102 4198 σφόδρα,
3145 4128 3323 4197 Κύριε
3350 4144 3365 4158 ο
3400 4125 3589 4196 ζῆσόν
3636 4144 3722 4197 με

2132 4222 2285 4277 κατὰ
2320 4222 2428 4276 τὸν
2458 4224 2650 4292 λόγον
2672 4236 2812 4276 σου.
2843 4221 3253 4293 Ἐταπεινώθην
3291 4222 3385 4275 ἐπὶ
3425 4220 3562 4273 πολὺ
3595 4218 3718 4272 εἴτε

2128 4316 2241 4370 ἀπὸ
2264 4317 2365 4385 τῆς
2392 4314 2646 4367 ἑκουσίου
2678 4313 3085 4385 ταλαιπωρίας,
3119 4314 3230 4368 εἴτε
3260 4314 3372 4367 ἀπὸ
3401 4316 3503 4385 τῆς
3549 4312 3718 4365 ἑκου-

440 4409 674 4465 luntaria
734 4405 1050 4461 amictione.
1110 4402 1187 4458 De
1248 4402 1433 4457 verbis
1518 4407 1757 4454 autem:
1811 4398 2022 4466 Viviﬁca

2131 4409 2246 4461 σίου
2280 4407 2683 4471 κακοπαθείας.
2721 4408 2853 4476 Περὶ
2884 4407 2941 4461 δὲ
2974 4407 3071 4461 τοῦ
3118 4406 3327 4475 Ζῆσόν
3369 4422 3467 4477 με,
3498 4403 3723 4475 εἴρηται

372 4503 386 4518 ⁸
439 4516 540 4563 me,
571 4498 684 4569 jam
719 4496 975 4566 superius
1031 4495 1241 4549 dictum
1303 4501 1407 4557 est,
1448 4491 1523 4546 ibi
1562 4510 1575 4546 :
1612 4491 1849 4544 Adhwsit
1882 4491 2029 4558 pavi-

442 4601 621 4644 mento
654 4591 834 4643 anima
869 4604 1005 4652 mea,
1048 4596 1103 4642 ct
1130 4594 1351 4642 cetera.

516 4679 684 4734 Vens.
721 4679 845 4733 108.
892 4678 1213 4732 Voluntaria
1244 4680 1349 4731 oris
1402 4676 1504 4728 mei
1558 4673 1880 4739 beneplucita
1946 4671 2031 4741 fac

446 4774 689 4828 ﬂamine.
729 4770 1106 4838 Voluntarias,
1156 4770 1361 4838 inquit,
1406 4768 1803 4837 promissioqu
1857 4780 2027 4827 meas,

438 4880 580 4937 quas
607 4863 755 4917 nulla
790 4860 1138 4924 necessitate,
1175 4861 1268 4915 sed
1322 4870 1520 4930 sponte
1557 4872 1620 4911 ac
1656 4856 1861 4911 volenti
1902 4858 2025 4910 ani-

2132 4501 2421 4571 ἀνωτέρω,
2480 4498 2611 4553 ἔνθα
2649 4498 2731 4567 τὸ,
2761 4499 3106 4568 Ἐκολλήθη
3129 4497 3209 4565 τῷ
3234 4497 3443 4567 ἐδάφει
3471 4496 3512 4564 ’ἡ
3540 4496 3717 4567 ψυχή

2175 4610 2267 4647 Ου.

2175 4611 2267 4647 ου.

2126 4611 2171 4664 μ
2206 4684 2283 4737 Τὰ
2312 4684 2564 4738 ἑκούσια
2595 4682 2701 4737 τοῦ
2752 4682 3053 4753 στόματός
3085 4699 3205 4751 μου
3235 4681 3581 4751 εὐδόκησον
3611 4679 3721 4748 δὴ,

2133 4777 2330 4844 Κύριε.
2387 4776 2500 4839 1a,-
2558 4776 2845 4839 ἑκουσίους
2903 4775 3253 4846 ὑποσχέσεις.
3318 4774 3419 4838 τὰς
3472 4772 3533 4827 οὐ
3591 4774 3721 4828 κατ’

2131 4870 2403 4941 ἀνάγκην,
2471 4869 2613 4924 ἀλλὰ
2666 4869 2787 4923 κατ’
2850 4868 3278 4941 εὐγνωμοσύνην
3351 4867 3719 4936 ἐπαγγελίας,

443 4973 531 5012 ιιιο
575 4955 852 5026 pollicitus
891 4967 1035 5017 sum,
1085 4952 1331 5021 suscipe,
1382 4946 1607 5021 precor,
1661 4950 1952 5019 benignus,
1975 4959 2022 5002 et

2137 4931 2417 5029 ἀπνεϐεξαι,
2471 4961 2808 5017 κατεύθυνον
2839 4978 2853 4992 ·
2894 4931 3008 5015 οίον
3034 4931 3129 5032 ’ἦν
3166 4961 3194 5014 ὁ
3228 4931 3393 5033 ϐρκος
3421 4931 3720 5029 τοῦ-φυλά-

436 5052 635 5120 ilirige.
686 5045 1075 5119 llujuscemodi
1127 5053 1310 5098 autem
1368 5042 1467 5097 fuit
1502 5041 1798 5113 promissio
1820 5041 1932 5103 illa,
1962 5056 2025 5094 ac

432 5146 816 5216 juramentnm
843 5138 1172 5196 observandi
1204 5136 1485 5191 mandata.

510 5235 581 5291 Et
604 5235 818 5303 judicia
871 5241 961 5286 tua
997 5231 1123 5286 doce
1189 5245 1287 5284 me.
1353 5228 1603 5283 Dilﬁcilia
1677 5228 1820 5282 enim
1877 5236 2027 5290 sunt,

441 5338 605 5398 atque
640 5328 898 5382 obscura.
932 5323 1154 5379 Iudicia
1195 5322 1366 5388 enim,
1405 5321 1604 5392 inquit,
1659 5332 1773 5385 tua,
1809 5321 2030 5391 abyssus

440 5418 699 5474 multa".
735 5419 873 5475 Vel:
907 5417 1049 5474 Doce
1121 5430 1228 5482 me,
1280 5425 1340 5470 ut
1413 5412 1744 5484 profundius
1810 5428 1874 5467 ea
1932 5413 2030 5468 in-

442 5511 704 5580 telligam.

513 5600 677 5657 Vsus.
717 5602 838 5657 109.
904 5600 1098 5657 Anima
1138 5618 1252 5658 mea
1283 5602 1338 5656 in
1389 5601 1633 5656 ntanibus
1667 5599 1771 5654 tuis
1798 5612 2020 5668 semper,

522 5785 569 5819 ⁸³
598 5782 745 5841 Ρβοιη
772 5802 940 5854 xxxv,
978 5788 1030 5845 7.

2138 5057 2335 5121 ξασθαι
2368 5057 2467 5120 τὰς
2502 5058 2559 5109 ὲν
2573 5055 2726 5119 ωλάς
2760 5072 2878 5114 σου.

2202 5235 2312 5290 Kal
2376 5235 2449 5288 τὰ
2511 5233 2771 5304 χρίματὰ
2810 5250 2927 5287 σου
2975 5231 3229 5296 ὃὶδιιεόν
3262 5248 3362 5302 με.
3424 5228 3724 5284 Δυσκατά-

2128 5327 2312 5397 ληπτα
2352 5324 2501 5378 ὄντα.
2566 5325 2643 5377 Τὰ
2706 5324 2953 5395 κρίματα
3006 5324 3137 5392 γὰρ,
3191 5323 3358 5393 φησι,
3425 5321 3519 5375 τοῦ
3578 5320 3720 5374 Θεοῦ

2130 5419 2366 5481 ἄϐυσςος
2402 5418 2598 5487 πολλή.
2633 5415 2726 5483 Ἢ,
2765 5416 2987 5482 Δίδαξόν
3018 5434 3085 5485 με
3118 5416 3290 5470 ταῦτα
3321 5414 3643 5486 βαθύτερον.

2217 5600 2286 5655 Ἦ
2330 5599 2501 5670 ψυχή
2524 5618 2643 5670 μου
2679 5602 2746 5655 ἐν
2776 5600 2901 5667 ταῖς
2932 5600 3109 5670 χερσί
3145 5614 3264 5655 σου
3312 5597 3411 5652 διὰ
3461 5595 3696 5661 παντὸς
