4052 6452
322 427 471 493 1165

1485 412 1878 479 COMMENT.
1916 411 1996 472 IN
2040 410 2398 473 PSALMOS.

3439 400 3583 464 1166

317 538 415 594 καὶ
448 536 555 591 τοῦ
579 537 770 606 νόμου
817 550 937 591 σου
979 536 1092 590 οὐκ
1135 533 1542 603 ἐπελαθόμην.
1576 535 1689 603 Τὴν
1716 533 1896 603 ψυχήν

2018 539 2050 584 ιι
2077 530 2242 600 legem
2298 539 2443 583 luant
2485 546 2587 583 non
2640 546 2757 584 sum
2807 529 3025 585 oblitus.
3068 530 3344 594 Animam,
3379 528 3583 599 inquit,

323 628 425 694 μού
457 643 541 680 σοι
573 625 874 697 ἐγχειρίζω
925 626 1182 690 πάντοτε,
1223 625 1283 678 σὲ
1323 624 1567 696 φρουρὸν
1607 623 1894 693 ποιοῦμαι,

321 721 418 774 καὶ
470 719 914 790 ὑπερασπιστήν,
988 719 1085 772 καὶ
1144 717 1487 788 κυϐερνήτην
1554 717 1744 786 αὐτῆς.
1799 715 1898 768 Διὰ

321 810 482 866 τοῦτο
536 811 632 866 τοῦ
650 811 815 882 νόμου
841 810 945 865 οὐκ
987 809 1360 880 επελαθόμην,
1393 808 1480 861 ἵνα
1517 807 1592 880 μὴ
1613 806 1897 861 ἀποπέσω.

394 995 647 1048 Ἕθεντο
683 990 1022 1062 ἁμαρτωλοὶ
1060 989 1286 1059 παγίδα
1325 1007 1452 1060 μοι,
1513 989 1614 1043 καὶ
1673 988 1744 1041 ἐκ
1781 987 1902 1041 τῶν

321 1083 593 1138 ἐντολῶν
645 1098 764 1137 σου
827 1083 938 1136 οὐκ
996 1082 1375 1149 ἐπλανήθην.
1420 1079 1646 1133 Ἐθεντο
1698 1078 1902 1148 παγίδα

327 1193 440 1246 μοι,
470 1176 746 1246 θηρεῦσαί
797 1194 863 1247 με
897 1176 1244 1241 σπεύδοντες,
1295 1176 1390 1229 καὶ
1433 1175 1534 1228 οὐκ
1589 1175 1902 1244 ἐπλανήθην

323 1269 432 1322 τῶν
460 1268 700 1321 ἐντολῶν
722 1285 840 1332 σου,
861 1267 1049 1332 δεδιὼς
1076 1269 1150 1340 μὴ
1182 1268 1410 1336 ἐμπέσω
1439 1267 1689 1331 ταύταις.
1707 1269 1765 1321 Ὀ
1794 1269 1904 1339 γὰρ

325 1362 559 1435 βαδίζων
592 1363 652 1416 ἐν
677 1362 754 1432 τῷ
785 1363 938 1432 νόμῳ
967 1362 1062 1414 τοῦ
1121 1360 1257 1414 Θεοῦ
1313 1362 1524 1428 πάγαις
1586 1363 1689 1416 οὐκ
1741 1361 1904 1431 ἐμπί-

326 1471 471 1507 πτει.
515 1453 908 1526 ’Δμαρτωλοὺς
963 1454 1018 1507 δὲ
1053 1455 1178 1516 τοὺς
1217 1453 1505 1524 δαίμονας,
1555 1453 1589 1523 ἢ
1643 1453 1741 1506 καὶ
1778 1452 1903 1515 τοὺς

326 1545 679 1618 παρανόμους
706 1546 1060 1616 ἀνθρώπους.

399 1640 903 1708 Ἐκληρονόμησα
969 1639 1042 1693 τὰ
1101 1639 1399 1708 μαρτύριά
1466 1655 1584 1694 σου
1642 1641 1731 1704 εὶς
1799 1638 1903 1693 τὸν

325 1734 530 1796 αἰῶνα,
580 1732 671 1787 ὅτι
727 1731 1073 1802 dwell/qua
1125 1731 1235 1801 τῆς
1286 1732 1537 1802 καρδίας
1587 1733 1708 1801 μού
1762 1734 1902 1788 εισι.

328 1825 712 1896 κληρονομίαν
740 1825 916 1878 ταῦτα
951 1825 1156 1896 ἐθέμην
1183 1825 1431 1895 διηνεκῆ,
1470 1825 1564 1878 καὶ
1599 1824 1901 1894 ἀναφαίρε-

327 1934 422 1974 τον
476 1921 689 1991 κέρδος.
725 1921 1016 1991 Ἐμφαίνει
1065 1921 1121 1976 δέ
1182 1923 1211 1974 ό
1260 1921 1418 1990 λόγος
1472 1920 1571 1992 τὴν
1603 1920 1734 1992 περὶ
1765 1920 1907 1975 αὐτὰ

329 2011 572 2066 διάθεσιν
601 2012 793 2067 αὐτοῦ.
1683 2016 1692 2024 ’

403 2104 650 2157 Ἔκλινα
677 2104 791 2175 τὴν
815 2105 1068 2174 καρδίαν
1103 2123 1224 2175 μου
1275 2105 1384 2161 τοῦ
1417 2104 1666 2173 ποιῆσαι
1719 2107 1791 2160 τὰ
1823 2105 1910 2159 δι-

329 2191 633 2261 καιώματά
678 2210 796 2250 σου
853 2199 940 2264 εις
986 2197 1095 2251 τὸν
1157 2196 1345 2252 αἰῶνα
1399 2197 1475 2252 δι’
1525 2197 1906 2267 ἁντάμειψιν.

334 2288 576 2341 Ἔπεισα
623 2290 794 2361 αὐτὴν
854 2292 1218 2362 μετέστρεψα,
1272 2291 1410 2362 πρὸς
1456 2291 1515 2346 τὸ
1549 2291 1774 2361 ποιῆσαι
1813 2292 1910 2355 τὰς

329 2382 553 2444 ἐντολάς
595 2398 692 2436 σου
737 2386 823 2436 ἀει
850 2385 941 2438 διὰ
984 2386 1083 2455 τὴν
1117 2386 1492 2456 ἀποκειμένην
1523 2385 1760 2456 ἀμοιϐὴν
1797 2387 1909 2447 τοῖς

330 2473 692 2545 εὐαρεστοῦσί
720 2493 822 2529 σοι.

403 2655 797 2724 Παρανόμους
826 2657 1115 2727 ἐμίσησα,
1147 2657 1255 2711 τὸν
1284 2658 1353 2711 δὲ
1391 2661 1580 2727 νόμον
1614 2673 1733 2713 σου
1761 2659 1903 2726 ἠγά-

333 2759 524 2812 πησα.
555 2747 785 2816 Βοηθός
820 2766 941 2818 μου
994 2751 1092 2803 καὶ
1120 2747 1504 2818 ἀντιλήπτωρ
1526 2767 1648 2818 μου
1695 2745 1754 2802 εἷ
1809 2749 1913 2802 σύ·

329 2841 424 2906 εἰς
446 2840 590 2907 τοὺς
613 2843 837 2911 λόγους
863 2857 982 2896 σου
1002 2843 1341 2910 ἐπήλπισα.
1374 2844 1469 2907 Εἰς
1493 2843 1585 2898 τὸν
1623 2843 1791 2914 νόμον
1820 2861 1914 2896 σου

333 2931 618 3002 ἐπήλπισα
657 2933 752 2985 τὸν
795 2932 1110 2986 δικαιοῦντα
1157 2934 1286 2996 τοὺς
1338 2932 1687 3005 πληροῦντας
1724 2933 1913 2999 αὐτὸν,

333 3024 430 3076 καὶ
469 3025 651 3090 ἀγαθὰ
683 3025 896 3088 τούτοις
929 3026 1434 3097 ἐπαγγειλάμενον.

406 3116 765 3172 Ἐκκλίνατε
799 3118 900 3172 ἀπ’
933 3120 1106 3188 ἐμοῦ,
1141 3119 1636 3190 πονηρευόμενοι,
1669 3116 1765 3172 καὶ
1790 3116 1919 3182 ἑξε-

2005 638 2182 678 meam
2242 622 2296 677 in
2363 637 2560 677 manus
2627 630 2750 676 tuas
2801 638 3019 693 semper
3071 623 3250 683 trado.
3309 630 3470 690 teque
3527 633 3587 675 ut

2003 716 2150 770 illius
2186 716 2494 780 custodem,
2527 723 2912 786 protectorem,
2950 730 3012 768 ac
3038 717 3433 771 moderatorem
3466 729 3591 771 sus-

2003 807 2168 878 cipio.
2211 809 2390 879 Atque
2435 809 2559 863 ideo
2593 808 2728 879 legis
2781 817 2884 863 tuae
2911 808 3116 864 oblitus
3179 824 3288 862 non
3316 823 3462 873 sum,
3517 823 3590 862 ne

2004 901 2082 958 lor
2096 902 2261 958 lassis
2295 902 2570 956 caderem.

2079 994 2246 1050 Vens.
2302 995 2424 1050 110.
2475 994 2774 1050 Posuerunt
2808 1006 3101 1065 peccatores
3135 995 3378 1065 laqueum
3430 994 3588 1057 mihi,

2004 1098 2053 1144 et
2083 1087 2147 1143 de
2174 1090 2444 1144 mandatis
2493 1092 2596 1143 tuis
2641 1106 2742 1144 non
2774 1090 2968 1143 erravi.
2999 1087 3315 1142 Pnsuerunt
3344 1087 3476 1141 mihi
3509 1088 3591 1141 la-

2005 1197 2231 1253 queum,
2271 1190 2330 1235 nt
2362 1183 2896 1252 comprehenderent
2940 1197 3046 1248 me,
3089 1192 3143 1236 et
3174 1183 3436 1238 seductus
3477 1198 3589 1236 non

2007 1289 2128 1329 sum
2165 1290 2195 1328 a
2232 1275 2504 1329 mandatis
2529 1275 2660 1339 tuis,
2715 1276 2915 1330 timens
2973 1291 3042 1329 ne
3085 1274 3138 1328 in
3185 1275 3442 1343 laqueum
3502 1275 3592 1328 in-

2007 1368 2243 1422 ciderem
2290 1383 2532 1422 :vetum
2589 1368 2682 1438 qui
2746 1369 3033 1422 artubufant
3094 1367 3149 1420 in
3195 1367 3312 1435 ltge
3369 1365 3483 1429 Dei,
3535 1365 3593 1419 in

2006 1462 2234 1530 laqueos
2271 1462 2515 1516 incidere
2550 1477 2657 1516 non
2691 1473 2948 1532 possunt.
3010 1460 3338 1514 Poet-atores
3408 1468 3592 1513 autem

2007 1561 2170 1606 Vocat
2196 1551 2499 1614 daemones,
2535 1560 2630 1604 aut
2661 1553 2939 1620 antiquos_
2956 1550 3230 1604 homines.

2082 1641 2248 1698 Vens.
2293 1645 2415 1699 111.
2453 1641 2779 1697 ereditavi
2839 1642 3146 1696 testimonia
3181 1652 3273 1694 tua
3329 1640 3382 1694 in
3428 1656 3598 1694 seacu-

2010 1737 2120 1791 lum
2153 1753 2171 1790 :
2207 1737 2332 1807 quia
2384 1737 2675 1792 exsultatio
2705 1737 2880 1790 cordis
2917 1736 3019 1790 mei
3067 1745 3210 1789 sunt.
3265 1734 3594 1804 Perpetuam

2011 1828 2392 1885 haereditatem
2427 1844 2489 1882 ea
2514 1842 2635 1883 esse
2671 1827 2941 1897 reputavi,
2970 1837 3023 1882 et
3058 1827 3269 1880 lucrum
3293 1825 3594 1894 quoddam,

2011 1922 2158 1992 quod
2211 1920 2391 1991 perire
2444 1937 2551 1976 non
2623 1929 2832 1989 posset.
2911 1919 3026 1974 Hoc
3096 1931 3274 1975 autem
3340 1933 3598 1974 sermone

2010 2013 2265 2068 alfectmn
2310 2029 2470 2068 suum
2501 2011 2708 2066 iudicat
2759 2026 2888 2080 erga
2919 2011 3101 2066 divina
3131 2011 3410 2065 mandata.

2085 2102 2248 2159 Vens.
2301 2105 2423 2158 112.
2481 2103 2744 2158 Inclinavi
2788 2120 2879 2156 cor
2958 2118 3130 2155 meum
3186 2103 3254 2155 ad
3318 2103 3596 2170 faciendas

2002 2197 2422 2268 jnstiﬁcationes
2455 2206 2575 2248 tuas
2601 2197 2655 2248 in
2701 2195 2978 2258 sa'culum,
3017 2205 3233 2264 propter
3293 2193 3601 2248 retributio-

2011 2307 2153 2347 nem.
2213 2288 2497 2353 Persuasi,
2560 2288 2760 2356 inquit,
2822 2303 2919 2342 eor
2989 2304 3195 2354 meum,
3265 2287 3602 2342 ctconverti

2013 2384 2145 2438 illud
2170 2383 2236 2436 ad
2280 2381 2530 2437 facienda
2565 2395 2784 2450 semper
2817 2381 3070 2434 mandata
3107 2393 3196 2433 tua
3233 2396 3247 2432 :
3280 2387 3446 2448 atque
3470 2378 3597 2444 hoc,

2012 2477 2082 2529 ob
2110 2474 2401 2544 repositam
2463 2473 2532 2529 iis
2562 2473 2820 2528 omnibus
2857 2473 3298 2540 retributionem,
3335 2473 3450 2543 qui,
3477 2488 3602 2542 qua!

2014 2569 2114 2623 tibi
2139 2568 2342 2638 placita
2386 2579 2537 2633 sunt,
2570 2567 3010 2639 adimpleverint.

2085 2659 2254 2716 Vens.
2301 2661 2425 2721 113.
2465 2660 2588 2714 114.
2667 2658 2890 2727 Iniquos
2938 2661 3058 2713 odio
3087 2660 3270 2724 habui,
3331 2669 3380 2712 et
3437 2658 3599 2727 legem

2019 2764 2166 2808 tuam
2200 2752 2412 2807 dilexi.‘
2438 2751 2669 2817 Adjutor
2717 2763 2766 2805 et
2830 2750 3075 2820 defensor
3123 2767 3268 2804 meus
3321 2767 3374 2804 es
3417 2760 3471 2803 tu
3509 2751 3604 2802 :in

2018 2842 2173 2898 verba
2205 2853 2298 2895 tua
2340 2842 2723 2909 supersperavi.
2777 2839 2832 2896 In
2874 2841 3012 2912 lege,
3054 2841 3254 2911 inquit,
3321 2851 3410 2894 tua
3472 2855 3609 2895 con-

2020 2933 2153 2990 ﬁsus
2209 2951 2355 2998 sum,
2387 2951 2507 3004 quae
2557 2946 2611 2992 et
2644 2950 2741 2990 eos
2793 2935 3085 3004 justiﬁeat,
3131 2933 3224 3003 qui
3286 2932 3439 2986 illam
3497 2931 3604 2986 ob-

2021 3037 2268 3097 servant,
2295 3039 2347 3086 et
2378 3029 2523 3085 bona
2548 3030 2772 3098 insuper
2823 3031 2904 3085 eis
2937 3030 3249 3093 pollicetur.

2095 3125 2257 3178 Vsus.
2294 3123 2418 3178 115.
2464 3123 2738 3178 Declinate
2772 3139 2929 3186 ame,
2965 3123 3342 3192 malignantes,
3373 3131 3420 3175 et
3457 3137 3606 3174 scm-

327 3207 612 3277 ρευνήσω
652 3211 762 3276 τὰς
804 3210 1061 3278 ἐντολὰς
1089 3211 1196 3266 τοῦ
1233 3210 1381 3265 Θεοῦ
1405 3229 1546 3280 μου.
1584 3211 1647 3262 Di
1689 3210 1914 3281 πονηροὶ

2022 3215 2174 3270 tabor
2203 3214 2461 3270 mandata
2499 3215 2592 3270 Dei
2624 3217 2748 3270 mei.
2807 3204 3030 3285 Μειιίεηί
3089 3229 3326 3281 namque
3357 3214 3608 3267 homines

336 3296 450 3364 γὰρ
482 3296 763 3368 ἄνθρωποι
804 3301 898 3352 καὶ
936 3300 1193 3370 δαίμονες
1221 3300 1590 3371 ἐνοχλοῦντες,
1624 3315 1918 3372 παρεμπο-

333 3384 573 3450 δεζουσιν
603 3390 685 3451 εἰς
705 3387 886 3443 τοῦτο.
1372 3431 1390 3443 ,

406 3478 764 3534 Ἀντιλασοῦ
784 3499 905 3550 μου
939 3483 1090 3537 κατά
1123 3483 1189 3538 τὸ
1220 3484 1432 3555 λόγιόν
1453 3499 1594 3539 σου.
1627 3484 1791 3540 Κατὰ
1818 3485 1918 3556 τὴν

333 3569 634 3642 ὑπόσχεσιν
685 3589 781 3626 σου
807 3589 820 3603 ⁸
863 3574 1181 3646 ἐπηγγειλω
1226 3577 1337 3648 γὰρ
1381 3577 1441 3629 ἐν
1471 3576 1549 3648 τῷ
1603 3577 1776 3648 νόμῳ,
1815 3578 1917 3630 ὑπ-

337 3665 662 3733 ερασπὶςειν
717 3667 828 3720 τῶν
883 3668 1273 3736 φυλασσόντων
1307 3669 1494 3726 αὐτόν.
1526 3671 1600 3724 Ἢ
1631 3671 1729 3725 καὶ
1778 3669 1919 3724 κατὰ

337 3757 439 3826 τὴν
475 3756 665 3820 ἁπλῶς
695 3775 789 3812 σου
813 3759 1132 3831 ὑπόσχεσιν.

415 3939 524 3994 Kal
562 3939 753 4009 ζῆσόν
770 3960 866 4012 με.
897 3943 1230 4013 Προείρηται
1257 3945 1389 4016 περὶ
1419 3942 1635 3998 τούτου.

410 4035 518 4090 Καὶ
557 4035 643 4104 μὴ
675 4037 1096 4104 καταισχύνῃς
1143 4053 1221 4105 με
1245 4036 1366 4091 ἀπὸ
1400 4035 1513 4105 τῆς
1543 4035 1922 4104 προσδοκίας

335 4146 480 4198 μου.
507 4129 601 4199 Μὴ
654 4127 1122 4199 καταισχυνθῆναί
1181 4145 1249 4200 με
1281 4129 1538 4200 ποιήσῃς,
1575 4128 1923 4198 ἁποτυχόντα

335 4225 445 4294 τῆς
475 4226 568 4278 ἐπὶ
591 4225 676 4279 σοὶ
707 4225 927 4288 ἐλπίδος
964 4243 1088 4296 μου.

417 4317 738 4385 Βοήοησόν
773 4336 893 4388 μοι,
929 4320 1027 4372 καὶ
1051 4319 1426 4388 σωθήσομαι,
1473 4317 1572 4372 καὶ
1604 4318 1925 4387 μελετήσω

341 4410 415 4464 ἐν
447 4410 575 4476 τοῖς
632 4410 994 4479 δικαιώμασί
1031 4427 1148 4466 σου
1175 4412 1273 4466 διὰ
1314 4411 1562 4477 παντός.
1600 4411 1925 4484 Σωθήσομαι

342 4503 458 4559 ἀπὸ
485 4505 587 4574 τῆς
619 4503 915 4572 ἐπιϐουλῆς
943 4506 1050 4557 τῶν
1086 4505 1320 4576 ἐχθρῶν.

2019 3313 2076 3362 et
2101 3305 2380 3361 daemones
2429 3305 2673 3360 ﬁdelium
2737 3312 2904 3374 atque
2975 3306 3190 3373 piorum
3236 3303 3451 3358 animos
3479 3318 3607 3373 per-

2021 3397 2248 3453 turbant
2278 3408 2334 3453 et
2359 3397 2818 3468 impedin‘entum
2873 3397 2955 3451 eis
2991 3405 3277 3466 praestant.

2091 3487 2256 3546 Vens.
2282 3491 2405 3546 116.
2437 3491 2652 3560 Adjuva
2687 3507 2768 3545 me
2820 3490 3109 3545 secundum
3139 3489 3403 3560 eloquium
3432 3499 3604 3543 tuum.

2019 3578 2184 3635 Juxta
2215 3582 2644 3650 promissionem
2673 3591 2863 3635 tuam:
2901 3581 3180 3650 pollicitus
3237 3583 3383 3636 enim
3444 3597 3504 3637 es
3552 3580 3608 3635 in

2021 3673 2140 3744 lege
2181 3681 2236 3728 te
2292 3688 2390 3728 eos
2420 3688 2616 3729 omnes
2666 3672 3050 3735 defensurum,
3112 3672 3206 3742 qui
3239 3672 3385 3726 illam
3417 3689 3608 3728 serva-

2024 3765 2222 3822 verint.
2330 3762 2430 3822 Vel
2522 3763 3085 3839 simpliciterzluxta
3185 3768 3607 3837 promissionem

2022 3869 2196 3920 tuam.

2093 3952 2164 4006 ιιι
2190 3953 2398 4022 viviﬁca
2432 3968 2534 4006 me.
2566 3950 2642 4006 De
2671 3952 2776 4005 hoc
2799 3951 2914 4020 jam
2951 3952 3163 4006 dictum
3201 3961 3310 4006 est.

2102 4043 2169 4096 Et
2215 4061 2319 4097 non
2358 4042 2652 4114 confundas
2692 4059 2773 4096 me
2806 4042 2870 4095 ab
2909 4045 3303 4110 exspectatione
3333 4054 3470 4095 mea.
3529 4040 3611 4094 Ne

2025 4137 2288 4191 confundi
2359 4152 2446 4191 me
2500 4139 2808 4206 permittas,
2863 4144 2960 4189 aut
3019 4135 3274 4191 frustrari
3326 4149 3424 4206 spe
3471 4134 3527 4189 in
3560 4146 3613 4189 te

2027 4244 2171 4284 mea.

2104 4321 2269 4376 Vens.
2309 4319 2431 4374 117.
2472 4319 2682 4387 Adjura
2703 4334 2784 4373 me
2806 4329 2855 4372 et
2885 4318 3070 4374 salvus
3098 4335 3211 4383 ero,
3236 4327 3286 4371 et
3318 4317 3612 4372 meditabor

2027 4415 2082 4468 in
2098 4411 2578 4483 justiﬁcationibus
2618 4414 2723 4464 tuis
2757 4427 2983 4481 semper.
3025 4411 3106 4466 Ab
3141 4409 3491 4464 inimicorum
3527 4411 3614 4465 in.

2031 4506 2187 4560 sidiis
2217 4505 2490 4560 salvabor.

432 4596 892 4663 Ἐξουδέννωσας
953 4596 1188 4663 πάντας
1217 4598 1360 4663 τοὺς
1424 4597 1914 4663 ἁποστατοῦντας

2102 4597 2268 4652 Vsus.
2316 4595 2434 4649 H8.
2479 4593 2736 4664 Sprevisti
2778 4609 2957 4648 omnes
2989 4593 3314 4648 discedentes
3349 4611 3382 4646 a
3401 4593 3616 4662 justiﬁ-

342 4688 468 4744 ἀπὸ
509 4689 627 4742 τῶν
651 4688 1064 4757 δικαιωμάτων
1126 4706 1266 4753 σου,
1301 4689 1390 4742 ὅτι
1410 4688 1626 4742 ἄδικον
1654 4689 1718 4741 τὸ
1750 4689 1925 4742 ἐνθύ-

339 4797 515 4850 μημα
539 4779 759 4834 αὐτῶν.
815 4779 1168 4847 Ἐφαύλισας,
1218 4779 1425 4833 ἀπώσω
1476 4778 1551 4842 ὼς
1596 4780 1923 4849 ἀχρήστους.

360 4874 794 4944 Ἐνθυμούμενοι
822 4877 933 4944 γὰρ
964 4875 1332 4945 παρανομεῖν,
1367 4871 1775 4926 ἀποστατοῦσιν
1821 4873 1929 4925 ἀπὸ

343 4967 444 5020 τοῦ
479 4967 539 5020 νό
545 4985 649 5037 μου
681 4985 798 5022 σου.

421 5060 912 5126 Παραϐαἰνοντας
989 5055 1366 5126 ἐλογισάμην
1407 5056 1641 5123 πάντας
1695 5055 1840 5121 τοὺς
1864 5056 1932 5110 ἁ-

341 5151 704 5223 μαρτωλοὺς
720 5150 832 5220 τῆς
863 5149 975 5221 γῆς
997 5167 1012 5182 ·
1048 5149 1148 5204 διὰ
1171 5149 1349 5204 τοῦτο
1375 5150 1666 5220 ἠγάπησα
1693 5150 1765 5205 τὰ
1784 5167 1935 5219 μαρ-

347 5246 525 5315 τύριά
560 5261 698 5301 σου.
733 5245 1065 5316 Παραὸάτας
1091 5243 1186 5297 τοῦ
1215 5244 1380 5314 νόμου
1415 5243 1752 5312 ἐλογισάμην
1791 5243 1931 5297 πάν-

347 5356 452 5401 τας
483 5339 608 5400 τοὺς
642 5337 1082 5408 ἁμαρτάνοντας
1107 5335 1187 5388 διὸ
1210 5334 1476 5404 ἠγάπησα
1503 5334 1596 5386 τὸν
1628 5334 1790 5404 νόμον
1812 5351 1932 5399 σου,

356 5431 447 5484 ἶνα
477 5430 554 5501 μὴ
586 5431 682 5484 καὶ
717 5430 883 5491 αὐτὸς
915 5427 1242 5498 παραϐάτης
1269 5425 1534 5493 λογισθῶ.
1577 5425 1692 5495 Τῆς
1733 5427 1837 5495 γῆς
1871 5427 1930 5480 δὲ

349 5515 532 5587 εἶπεν,
564 5520 642 5582 ὡς
673 5521 738 5573 ἐκ
765 5519 863 5588 τῆς
911 5519 1017 5588 γῆς
1056 5519 1239 5583 ὄντας,
1267 5516 1302 5588 ἢ
1336 5516 1412 5576 ὡς
1437 5515 1494 5568 ἐν
1517 5517 1583 5586 τῇ
1627 5519 1698 5586 γῇ
1747 5517 1932 5586 ἁμαρ-

353 5616 645 5672 τὰνοντας.

426 5702 802 5768 Καθήλωσον
843 5703 913 5756 ὲκ
965 5700 1072 5755 τοῦ
1130 5701 1321 5770 φόϐου
1377 5699 1487 5764 τὰς
1520 5697 1753 5767 σάρκας
1779 5716 1932 5767 μου·

353 5799 482 5855 ἀπὸ
517 5798 628 5869 γὰρ
651 5795 771 5850 τῶν
801 5794 1099 5864 κριμιὶτων
1119 5810 1236 5848 σου
1275 5793 1603 5862 ἐφοϐήθην.
1662 5792 1794 5845 Ἀπὸ
1841 5791 1935 5846 τοῦ

2029 4690 2328 4744 cationibus
2358 4689 2487 4752 tuis,
2523 4688 2648 4755 quia
2671 4687 2876 4756 injnsta
2911 4687 3169 4755 cogitatio
3204 4702 3410 4740 eorum.
3462 4684 3615 4740 Tan-

2030 4799 2194 4853 quam
2228 4783 2453 4836 inutiles
2489 4780 2779 4850 neglexisti
2805 4788 2858 4836 et
2889 4779 3141 4847 repulisti
3173 4793 3291 4833 eos.
3325 4778 3613 4833 Becedunt

2032 4883 2216 4929 autem
2277 4891 2308 4928 a
2365 4873 2459 4928 Dei
2502 4873 2658 4944 lege,
2710 4873 2828 4942 qui,
2872 4887 2994 4941 quae
3053 4870 3240 4940 iniqua
3279 4878 3408 4925 sunt
3462 4867 3617 4940 cogi-

2033 4976 2175 5019 tant.
3531 4960 3542 4970 “

2105 5055 2270 5111 Vens.
2313 5055 2438 5109 119.
2482 5052 2925 5121 Transgressores
2961 5053 3200 5119 reputavi
3222 5067 3402 5104 omnes
3427 5067 3618 5119 pecca-

2035 5158 2172 5203 tores
2203 5154 2359 5199 terra:
2386 5160 2405 5198 :
2445 5143 2562 5197 ideo
2606 5144 2773 5197 dilexi
2821 5143 3130 5196 testimonia
3185 5152 3298 5195 tua.
3355 5141 3616 5210 Quisquis

2034 5237 2350 5308 deliquerit,
2398 5235 2611 5305 judicio
2665 5251 2808 5299 meo,
2869 5233 3006 5304 legis
3062 5243 3168 5289 tum
3231 5245 3616 5304 transgressor

2035 5331 2290 5387 eﬂlcitur.
2351 5328 2532 5398 Atque
2594 5328 2715 5383 ideo
2771 5328 2942 5396 legem
2980 5341 3083 5396 ego
3140 5337 3288 5382 tuam
3325 5327 3512 5392 dilexi,
3543 5343 3617 5381 ne

2037 5424 2204 5479 simili
2239 5422 2400 5477 modo
2437 5431 2786 5491 trangressor
2815 5419 3182 5474 existimarer.
3218 5419 3400 5474 Terra:
3426 5427 3611 5474 autem

2039 5525 2356 5584 peccatores
2389 5513 2548 5578 dixit,
2593 5512 2723 5581 quia
2774 5511 2843 5565 de
2892 5521 3041 5565 terra
3078 5523 3231 5578 sunt,
3266 5513 3352 5564 vel
3397 5513 3525 5580 quia
3559 5510 3613 5565 in

2038 5617 2182 5660 terra
2216 5615 2468 5674 peccant.

2109 5694 2275 5750 Vsus.
2320 5694 2450 5748 120..
2490 5693 2706 5762 Con/iga
2757 5693 2946 5746 timore
2997 5703 3086 5746 tuo
3139 5709 3322 5746 carnes
3377 5710 3546 5760 meas,
3581 5711 3613 5748 a

2031 5788 2254 5860 judiciis
2290 5788 2430 5841 enim
2460 5787 2563 5840 tuis
2591 5786 2763 5839 timui.
2818 5786 2952 5840 Dum
3003 5785 3212 5856 judicia
3243 5794 3359 5849 tua,
3412 5786 3614 5854 inquit,

355 5891 767 5962 ἀναγινώσκειν
809 5890 878 5944 τὰ
925 5887 1174 5959 κρίματα
1206 5903 1299 5940 σου
1357 5881 1635 5954 ἐφοϐήθην
1667 5883 1767 5954 μὲν
1799 5900 1914 5937 κατι

2043 5885 2184 5954 lego,
2225 5882 2281 5936 in
2331 5881 2517 5936 animo
2566 5879 2787 5950 quidem
2823 5878 3020 5935 timore
3065 5879 3334 5948 corripior
3380 5895 3395 5934 :
3434 5879 3612 5946 ipsum
