4112 6412
470 406 602 472 ll'li
1681 395 2067 457 EUTHYMII
2103 392 2468 454 ZIGABENI
3302 458 3306 463 ἢ
3592 373 3730 439 1172

463 518 652 591 populi
685 515 750 571 ad
783 512 956 569 Deum
988 509 1285 582 supplicat,
1320 515 1509 579 petens
1542 505 1687 559 mitti
1737 505 1844 560 sibi
1893 504 2039 558 hunc
2070 516 2087 571 Α

2108 537 2119 570 ι
2145 506 2331 574 τῆσαι.
2360 506 2430 558 Ἦ
2463 502 2559 557 καὶ
2582 499 2860 573 προσώπῳ
2884 495 2977 550 τοῦ
3020 494 3144 548 νέου
3171 492 3305 549 λαοῦ
3332 492 3571 545 ποιεῖται
3626 489 3732 559 τὴν

458 581 686 679 filium,
715 620 768 666 et
801 607 987 664 doceri
1023 581 1081 661 se
1102 581 1183 661 ab
1215 619 1283 661 eo
1318 600 1747 675 justificationes
1777 600 1935 671 legis.

2144 597 2349 668 δέησιν,
2379 594 2640 650 ἱκετεύων
2668 588 2987 646 ἀποστεῖλαι
3007 584 3155 656 αύτῷ
3166 585 3377 649 τοῦτον,
3402 584 3494 637 καὶ
3517 581 3732 648 διδάξαι

812 750 815 755 .
2145 689 2214 743 τὰ
2237 686 2571 756 εὐαγγελικὰ
2600 683 2970 752 δικαιώματα.

535 787 701 843 Vsus.
745 785 867 842 156.
930 784 1200 841 Decursus
1253 797 1517 854 aquarum
1577 779 1851 834 subierunt
1904 777 2046 832 oculi

2218 780 2538 847 Atefdb‘ovc
2601 777 2841 834 ὑδάτων
2898 772 3243 829 κατέδυσαν
3293 770 3349 824 οῑ
3430 764 3734 836 ὀφθαλμοί

463 881 589 942 mei,
622 881 749 949 quia
779 894 885 933 non
924 875 1297 931 custodierunt
1327 873 1487 944 legem
1520 883 1692 927 tuam.
1728 869 1834 926 Per
1871 884 2045 939 aqua-

2138 893 2281 945 μου,
2315 873 2445 928 ἐπεὶ
2472 873 2583 928 οὐκ
2614 870 2929 940 ἐφύλαξαν
2947 866 3054 921 τὸν
3077 866 3269 934 νόμον
3329 877 3467 915 σου.
3496 856 3737 921 Διέξοδοι

460 988 587 1028 rum
633 947 924 1038 decursus,
977 968 1279 1023 charadras
1327 977 1382 1022 et
1430 965 1600 1021 valles
1650 962 1926 1033 intelligit,
1978 974 2044 1016 ac

2150 967 2363 1023 ὑδάτων
2414 966 2470 1020 αἱ
2496 964 2768 1036 χαράδραι
2790 963 2885 1015 κοιλ⁸
2908 962 2979 1016 τὰ
3008 957 3326 1028 κοιλώματα
3348 970 3364 986 ·
3410 953 3575 1022 φησιν
3614 947 3737 1015 οῦν,

462 1068 583 1120 loca
616 1078 882 1129 concava,
919 1076 1017 1132 per
1049 1075 1172 1132 quae
1201 1074 1359 1130 aqua:
1396 1057 1568 1113 ﬂuere
1598 1057 1803 1111 solent.
1849 1054 2005 1110 Oculi
2027 1094 2044 1117 .

2150 1062 2233 1116 ὅτι
2259 1059 2597 1130 Κοιλώματα
2648 1054 3043 1126 ὲκοιλάνθησαν
3085 1052 3135 1105 oi
3184 1046 3456 1119 ὀφθαλμοί
3502 1062 3604 1114 μου
3639 1042 3735 1096 δα·

463 1159 672 1227 inquit,
708 1157 811 1211 mei
841 1153 1199 1226 lat-rymaudo
1230 1151 1456 1208 concavi
1501 1149 1678 1205 effecti
1730 1156 1883 1213 sunt,
1915 1148 2048 1204 eha«

2154 1154 2438 1228 κρύοντες,
2470 1154 2639 1223 ἤγουν
2663 1149 2961 1218 ὲτάκησαν.
2996 1144 3202 1213 πλῆθος
3246 1139 3503 1210 δακρύων
3552 1137 3738 1206 ἀπορ-

465 1250 758 1318 radraeque
804 1262 870 1303 ae
909 1245 1070 1303 vallis
1105 1243 1392 1314 cujusdam
1429 1243 1667 1313 speciem
1716 1241 2046 1307 subierunt;

2159 1248 2396 1319 ῥέοντες,
2429 1246 2565 1300 διότι
2581 1244 2682 1297 οὐκ
2723 1240 3000 1312 ἐφύλαξαν
3024 1240 3118 1292 τὸν
3153 1236 3321 1306 νόμον
3347 1249 3440 1286 σου
3472 1231 3523 1284 οί
3554 1244 3740 1298 παρα-

465 1345 555 1400 vel
594 1344 1003 1398 contabuerunt
1049 1339 1418 1409 lacrymarum
1468 1334 1624 1403 copia
1660 1376 1675 1396 ,
1708 1348 1875 1403 quam
1926 1331 2052 1386 ideo

2164 1338 2484 1410 νομοῦντεςο
2501 1337 2803 1407 παννύχιον
2826 1333 2937 1403 γὰρ
2957 1328 3341 1397 ἀπεκλαιόμην
3354 1325 3478 1387 τοὺς
3503 1322 3745 1382 ἀθλίους.

469 1437 651 1502 emisi,
689 1438 814 1506 quia
840 1445 1278 1503 transgressores
1311 1445 1420 1484 non
1453 1426 1842 1482 custodierunt
1873 1427 2049 1498 legem

2160 1436 2386 1489 Νοεῖται
2415 1434 2473 1488 δὲ
2519 1433 2680 1487 τοῦτο
2707 1430 2804 1485 καὶ
2830 1427 2960 1499 περὶ
2984 1425 3095 1479 τῶν
3136 1422 3431 1482 Ἰουδαίων,
3459 1418 3511 1472 οἳ
3548 1432 3734 1485 παρα-

467 1540 620 1584 tuam
652 1544 666 1583 :
703 1538 812 1584 tota
844 1526 1047 1582 etenim
1080 1534 1242 1581 nocte
1272 1523 1551 1577 miseriam
1577 1535 1678 1591 ego
1704 1519 1923 1575 illorum
1951 1520 2053 1575 de-

2165 1524 2459 1596 νομοῦντες
2496 1523 2708 1580 ἀνεῖλον
2756 1520 2849 1575 τδν
2905 1516 3145 1590 Χριστόν
3173 1530 3191 1548 ⁸
3223 1513 3456 1583 ἐδάκρυε
3504 1510 3614 1580 γὰρ
3643 1506 3747 1561 αύ-

469 1621 689 1675 ﬂebam.
732 1620 969 1689 Intelligi
999 1618 1165 1672 etiam
1200 1623 1431 1687 possunt
1469 1613 1584 1669 haec
1617 1613 1804 1679 verba,
1845 1623 1904 1669 ut
1934 1630 2053 1685 per-

1126 1633 1165 1671 m
1200 1623 1431 1687 possunt
1469 1613 1584 1669 haec
1617 1613 1804 1679 verba,
1845 1623 1904 1669 ut
1934 1630 2053 1685 per-
2160 1620 2309 1683 τοὺς,
2344 1619 2421 1683 ὡς
2449 1618 2750 1691 ὁμογενεῖς.

475 1718 685 1770 tineant
724 1713 791 1768 ad
831 1711 1066 1778 indutos,
1120 1710 1213 1780 qui
1263 1708 1453 1778 inique
1498 1716 1725 1779 agentes
1772 1706 2058 1763 Christum
2100 1709 2534 1781 interemerunt;
2566 1713 2904 1782 lacrymatus
2928 1705 3074 1761 enim
3115 1712 3204 1758 est
3251 1695 3520 1757 Dominus
3582 1697 3755 1762 super

472 1824 588 1874 eos,
621 1816 881 1877 tanquam
916 1820 1082 1874 super
1112 1811 1402 1873 cognatos,
1439 1815 1503 1856 ac
1541 1799 1789 1869 ejusdem
1842 1799 2059 1867 generis
2099 1800 2375 1858 homines.

551 1900 712 1954 Vens.
766 1899 887 1953 157.
930 1896 1123 1950 Justus
1165 1912 1242 1961 es,
1280 1892 1531 1959 Domine,
1574 1900 1624 1946 et
1657 1899 1802 1944 recta
1842 1889 2056 1960 judicia
2098 1911 2139 1966 Β

2126 1915 2139 1965 ι
2236 1897 2480 1962 Δίκαιος
2518 1890 2594 1960 εἴ,
2645 1894 2846 1962 Κύριε,
2881 1888 2982 1943 καὶ
3010 1883 3207 1951 εὐθεῖς
3230 1883 3291 1937 al
3314 1880 3546 1951 κρίσεις
3607 1890 3750 1931 σου’

482 2003 593 2048 tua.
629 1990 745 2046 Hoc
768 1990 991 2046 assidue
1023 1988 1290 2059 cogitare,
1326 1984 1531 2050 dicere,
1561 1982 1812 2039 credere.
1841 1992 1897 2038 et
1924 1998 2062 2037 con-

2165 1991 2337 2046 Τοῦτο
2360 1991 2457 2044 καὶ
2482 1991 2644 2056 νοεῖν,
2682 1988 2777 2041 καὶ
2797 1984 2980 2052 λέγειν
3004 1980 3094 2036 ἀεὶ
3116 1977 3304 2043 καλὸν,
3332 1974 3426 2030 καὶ
3448 1969 3752 2034 πιστεύειν,

480 2083 622 2137 literi
649 2084 916 2151 optimum
942 2091 1047 2136 est.

982 2091 1047 2133 εί·
2167 2087 2262 2140 καὶ
2299 2085 2606 2156 ὁμολογεῖν.

551 2173 721 2229 Vens.
759 2173 881 2229 l58.
913 2171 1191 2233 Mandasti
1210 2171 1487 2240 justitiam
1518 2166 1822 2222 testimonia
1869 2174 1984 2230 tua,
2016 2170 2069 2217 et

2253 2152 2565 2229 Ἑνετειλω
2589 2169 2992 2236 δικαιοσύνην
3028 2166 3102 2220 τὰ
3135 2159 3432 2234 μαρτύριὰ
3463 2175 3605 2222 σου,
3654 2152 3758 2209 καί

483 2269 761 2323 ueritatem
791 2277 937 2321 tuam
967 2265 1140 2320 valde.
1181 2262 1451 2318 Mandasti
1483 2277 1549 2316 ea
1575 2260 1754 2324 valde,
1795 2258 2066 2330 justitiam

2169 2266 2463 2334 ἀλήθειαν
2519 2261 2778 2333 σφόδρα.
2839 2257 3121 2312 Ἐνετεὶλω
3174 2253 3340 2315 αὐτὰ,
3400 2245 3758 2313 δικαιοσύνην

487 2362 747 2416 nimirum
776 2371 831 2415 et
864 2359 1174 2415 veritatem.
1201 2356 1321 2425 Vel,
1356 2354 1628 2412 mandasti
1661 2368 1724 2409 ea
1749 2350 2071 2408 testimonia

2170 2359 2515 2430 αὐτόχρημα,
2543 2357 2641 2410 καὶ
2679 2354 2939 2424 ἀλήθειαν
2981 2350 3148 2405 πάνυ.
3181 2349 3281 2412 Ἢ,
3316 2342 3569 2399 ὲνετείλω
3590 2337 3765 2402 αὐτὰ,

486 2456 791 2519 observari,
821 2465 882 2509 ut
904 2453 1062 2510 valde
1087 2452 1259 2523 justa,
1282 2462 1338 2507 et
1362 2448 1520 2506 valde
1549 2461 1700 2502 vera.
1730 2443 1838 2500 Lex
1866 2442 2072 2499 etenim

2172 2453 2359 2508 δίκαια
2410 2451 2507 2504 καὶ
2561 2448 2741 2518 ἁληθῆ
2783 2446 2950 2501 πάνυ.
2981 2443 3041 2496 ὐ
3063 2441 3229 2511 νόμος
3281 2454 3379 2490 σου
3408 2434 3518 2506 γὰρ
3536 2431 3765 2494 δικαίως

486 2558 618 2614 tua,
654 2548 802 2617 quod
842 2549 1053 2617 justum
1097 2556 1202 2610 est,
1250 2544 1508 2600 omnibus
1542 2540 1822 2604 retribuit,
1857 2548 1966 2592 tam
2006 2535 2075 2591 iis

2175 2542 2465 2615 ἀμείϐεται
2494 2543 2591 2595 καὶ
2646 2538 2738 2594 τὸν
2778 2535 3179 2607 κατορθοῦντα,
3210 2532 3313 2586 καὶ
3328 2529 3419 2582 τὸν
3451 2524 3768 2596 σφαλλόμε-

490 2641 585 2709 qui
625 2649 772 2696 recte
799 2648 990 2710 agunt,
1021 2654 1186 2709 quam
1226 2638 1293 2692 iis
1324 2635 1420 2706 qui
1452 2648 1562 2690 non
1611 2643 1799 2698 recte;
1824 2639 1881 2687 et
1910 2641 2077 2684 verax

1634 2643 1761 2687 “eele
1783 2648 1799 2698 ;
1824 2639 1881 2687 ει
1910 2641 2077 2684 Verax
2178 2653 2291 2701 vov,
2326 2635 2420 2689 καὶ
2441 2631 2697 2704 ἀληθεύει
2727 2634 2850 2694 ταῖς
2878 2627 3258 2698 ἐπαγγελίαις.

492 2735 657 2793 etiam
684 2741 771 2789 est
798 2733 852 2786 in
883 2729 1341 2801 promissionibus
1372 2726 1519 2782 suis.

564 2822 732 2878 Vsus.
765 2792 897 2877 139:
924 2818 1210 2874 Tabescere
1250 2833 1329 2870 me
1376 2816 1499 2885 fecit
1545 2813 1689 2868 zelus
1734 2827 1880 2867 meus
1904 2851 1920 2877 ,
1953 2809 2082 2881 quia

2262 2811 2546 2880 Ἐξέτηξέ
2571 2827 2649 2882 με
2681 2812 2714 2865 ὀ
2744 2808 2925 2878 ζῆλός
2953 2822 3092 2872 σου,
3125 2800 3602 2858 ὅτιέπελὰθοντο
3646 2792 3776 2848 τῶν

495 2917 647 2972 obliti
684 2924 806 2970 sunt
835 2913 992 2967 verba
1015 2920 1109 2966 tua
1140 2910 1346 2964 inimici
1370 2908 1493 2961 mei.
1524 2906 1689 2961 Zelus
1718 2920 1828 2975 quo
1859 2911 2082 2975 propter

2182 2911 2382 2978 λόγων
2437 2920 2554 2960 σου
2613 2905 2670 2957 οἱ
2715 2901 2919 2972 ἐχθροί
2971 2917 3111 2969 μου.
3166 2897 3225 2949 Ὀ
3275 2893 3416 2962 ὑπὲρ
3464 2889 3560 2943 σοῦ
3604 2887 3772 2957 ζῆλος

496 3020 551 3066 te
584 3008 880 3072 accendor,
915 3004 1063 3078 quod
1103 3005 1171 3060 ab
1201 3004 1280 3059 eis
1308 3000 1627 3073 spernaris;
1660 2999 1745 3053 vel
1796 2997 1944 3066 justa
1975 2996 2079 3060 ira,

2185 2996 2732 3072 καταφρονουμένου·
2769 2993 2973 3065 ἢὺπὲρ
3025 2989 3120 3044 σοῦ
3169 2987 3356 3042 δικαία
3402 2983 3578 3055 ὀργή·
3632 2979 3772 3078 διότι

498 3117 607 3172 qua
638 3117 738 3173 pro
767 3110 820 3156 te
850 3112 1224 3164 commoveor,
1257 3094 1405 3166 quod
1435 3092 1818 3148 mandatorum
1862 3101 2083 3146 tuorum

2186 3068 2513 3150 ἐπελάθοντο
2545 3068 2662 3146 τῶν
2720 3086 2953 3143 ἐντολῶν
3005 3101 3124 3149 σου,
3155 3083 3205 3135 οἱ
3254 3079 3346 3134 διὰ
3393 3075 3555 3130 τοῦτο
3583 3068 3778 3143 ἐχθροί

498 3194 658 3250 obliti
703 3203 852 3255 sunt.
894 3192 1152 3264 quodque
1182 3206 1212 3244 a
1246 3189 1420 3245 veteri
1453 3186 1807 3243 meditatione
1852 3199 1955 3239 sua
1992 3198 2082 3239 re-

1647 3186 1807 3242 ltione
1852 3199 1955 3239 sua
1992 3198 2082 3239 re-
2127 3261 2152 3264 _
2193 3207 2293 3261 μου
2314 3187 2655 3244 ἀποστάντες
2674 3182 2775 3254 τῆς
2804 3180 3037 3253 μελέτης
3066 3174 3271 3231 αὐτῶν.

500 3296 791 3344 cesserunt
818 3286 1026 3341 inimici
1059 3285 1136 3339 illi
1182 3283 1310 3349 mei,
1349 3281 1442 3351 qui
1490 3280 1563 3337 ob
1606 3280 1858 3335 ardorem
1910 3275 2081 3331 animi
2111 3261 2156 3322 (Ξ

500 3380 559 3432 in
589 3385 642 3432 te
673 3392 881 3442 meum,
918 3376 1051 3430 mihi
1080 3373 1285 3428 infensi
1321 3380 1473 3428 sunt.

474 3470 477 3471 ⁷
579 3468 744 3525 Vens.
781 3469 905 3524 140.
951 3466 1186 3538 Ignitum
1228 3464 1496 3534 eloquium
1545 3470 1692 3514 tuum
1736 3461 2084 3525 vehementer,

2254 3447 2696 3518 Πεπυρωμένον
2718 3444 2787 3498 τὸ
2817 3441 3028 3511 λόγιόν
3055 3452 3174 3494 σου
3196 3426 3566 3505 σφόδρα,καὶ
3586 3430 3618 3481 ό
3635 3423 3783 3480 δοῦ-

503 3573 554 3616 et
592 3577 770 3616 servus
803 3574 924 3613 tuus
946 3523 1134 3613 dilexit
1164 3523 1666 3615 illudJPurissima,
1695 3551 1894 3623 inquit,
1923 3523 2089 3618 atque

2185 3542 2296 3610 λός
2325 3557 2443 3596 σου
2476 3538 2797 3610 ἠγάπησεν
2830 3534 2998 3589 αὐτὸ.
3025 3523 3786 3600 Καθαρὼτατος,άμεμπτος“

506 3655 862 3711 immaculata
913 3662 991 3705 est
1042 3652 1130 3704 lex
1187 3659 1315 3711 tua,
1362 3645 1521 3716 quasi
1571 3660 1766 3699 aurum
1815 3642 2089 3713 quoddam

2191 3638 2220 3690 ὁ
2249 3637 2414 3705 νόμος
2448 3651 2544 3687 σου
2562 3650 2576 3664 ·
2605 3632 2847 3686 τοιοῦτον
2876 3630 2987 3699 γὰρ
3019 3627 3079 3680 τὸ
3111 3620 3507 3692 πεπυρωμένον
3532 3614 3784 3688 χρυσίον.

508 3746 744 3816 ignitum
780 3752 951 3813 atque
997 3743 1122 3811 igne
1153 3738 1551 3793 examinatum.
1594 3734 1839 3789 Similem
1871 3740 2092 3787 senten-

2198 3727 2430 3797 Εἴρηται
2453 3726 2512 3780 δὲ
2545 3725 2642 3778 καὶ⁵
2662 3727 2721 3777 ὲν
2747 3722 2825 3791 τῷ
2851 3717 2919 3775 ια’
2947 3716 3148 3789 ψαλμῷ
3171 3733 3186 3748 ⁸
3234 3715 3315 3772 Τὰ
3344 3712 3524 3782 λόγια
3552 3706 3781 3774 Κυρίου

683 3798 979 3893 habuiinus
1014 3798 1067 3888 iit
1115 3832 1326 3902 psalmo
1372 3827 1685 3893 undecimo,
1719 3826 1790 3881 ibi
1821 3844 1835 3881 :
1865 3825 2093 3896 Eloquia

2244 3817 2373 3890 γνὰ,
2398 3818 2684 3887 ἀργύριον
2708 3812 3157 3883 πεπυρωμένον·
3188 3810 3283 3865 καὶ
3310 3804 3597 3878 ἠγάπησεν
3648 3798 3791 3854 αὐτὸ
3855 3858 3864 3865 _

513 3929 752 3994 Domini,
796 3928 1007 3997 eloquia
1053 3932 1242 3989 casta,
1277 3928 1555 3993 argentum
1600 3917 1825 3989 ignitum
1878 3892 2090 3989 (eadem

2203 3912 2365 3984 μόνος
2396 3913 2424 3964 ὁ
2446 3909 2630 3974 δοῦλός
2670 3924 2789 3974 σου,
2841 3908 2895 3991 εί
2921 3904 3003 3970 τίς
3040 3908 3158 3958 ἐστι
3190 3899 3447 3971 θεράπων
3476 3911 3595 3959 σου,
3622 3892 3676 3945 εί
3698 3907 3788 3954 τις

512 4021 659 4074 enim
692 4019 865 4074 dictio
891 3986 1191 4085 utrobique
1221 3986 1307 4069 est
1343 3986 1407 4066 in
1442 3986 1635 4064 Grazca
1675 3986 1933 4072 lectione,
1970 4022 2093 4077 quae

1232 3986 1307 4069 est
1343 3986 1407 4066 in
1442 3986 1635 4064 ϐιᾶται
1675 3986 1933 4072 lectione,
1970 4022 2093 4077 quae
2203 4003 2343 4077 μετὰ
2365 4002 2534 4074 φόϐου
2562 3986 2856 4072 λατρεύει.¹

513 4124 569 4169 et
597 4113 821 4185 ignitum
846 4109 1136 4182 signiﬁcat,
1164 4117 1217 4161 et
1243 4106 1361 4176 igne
1384 4101 1796 4169 examinatum).
1825 4099 1939 4156 Hoc
1962 4076 2093 4155 vero
2131 4098 2413 4168 eloquium
2446 4112 2541 4151 seu
2582 4094 2899 4150 mandatum
2934 4076 3092 4146 tuum
3125 4089 3173 4146 is
3241 4087 3396 4144 solus
3455 4083 3656 4154 diligit,
3688 4080 3788 4150 qui

516 4226 710 4266 servus
743 4217 871 4262 tuus
897 4215 1006 4265 est.
1050 4204 1141 4273 qui
1178 4200 1277 4257 tibi
1328 4200 1533 4266 servit,
1570 4207 1624 4252 te
1663 4197 1796 4252 colit
1845 4204 1900 4251 et
1937 4210 2063 4251 cum
2100 4196 2298 4250 timore
2321 4199 2629 4250 veneratur.

589 4304 757 4359 Vsus.
792 4303 914 4356 Hi.
941 4269 1379 4355 Adolescentulns
1410 4311 1529 4349 sum
1550 4310 1642 4364 ego
1668 4301 1716 4347 et
1743 4300 2096 4359 contemptus,
2131 4295 2176 4349 υ

2169 4307 2176 4340 ι
2273 4287 2572 4355 Νεώτερός
2619 4288 2735 4355 ειμι
2769 4283 2886 4353 ἐγὼ
2918 4281 3017 4336 καὶ
3043 4275 3548 4346 ἐξουδενωμένος,
3593 4270 3671 4327 τὰ
3694 4269 3793 4324 ὄι-

509 4397 925 4470 justi/icatioues
958 4403 1078 4447 tuas
1111 4409 1215 4447 non
1239 4405 1353 4445 sum
1382 4387 1596 4442 oblitus.
1621 4381 1786 4438 Juxta
1813 4384 2097 4439 historiam

2201 4376 2507 4449 καιώματά
2521 4390 2638 4432 σου
2661 4374 3068 4444 ἐπελαθόμην.
3102 4368 3242 4424 Καθ’
3274 4367 3517 4438 ἱστορίαν
3548 4367 3577 4418 ὁ
3624 4364 3796 4417 Δαεὶδ

520 4491 716 4545 beatus
749 4486 916 4541 David
950 4480 1358 4539 adolescentior
1389 4488 1511 4533 erat
1547 4479 1694 4531 inter
1719 4483 1949 4528 caeteros
1989 4473 2102 4526 fra-

2200 4472 2464 4543 νεώτερος
2481 4467 2549 4542 ἦν
2561 4470 2672 4524 τῶν
2687 4465 3057 4536 ἀδελφῶν,καὶ
3074 4462 3409 4532 ὲξουδενωμέ
3417 4477 3506 4523 νος
3524 4459 3676 4527 παρὰ
3691 4454 3791 4510 τοῦ

520 4588 661 4645 tres,
689 4588 743 4632 et
774 4585 997 4646 propter
1027 4582 1250 4629 statura:
1283 4571 1584 4626 exilitatem
1623 4567 1725 4620 fuit
1757 4566 1923 4619 etiam
1966 4578 2102 4617 con-

2202 4566 2413 4636 πατρδς
2456 4563 2547 4618 διὰ
2594 4563 2694 4632 τὴν
2752 4559 3075 4633 βραχύτητα
3103 4558 3203 4627 τῆς
3246 4554 3488 4625 ἡλικίας,
3513 4551 3652 4605 ὅτεὸ
3690 4550 3796 4603 Σα-

523 4640 832 4738 temptus‘a
877 4640 1055 4736 patre,
1086 4663 1305 4735 quando
1338 4660 1559 4716 Samuel
1600 4658 1869 4729 propheta
1904 4665 2105 4709 unctu-

2207 4657 2380 4728 μουὴλ
2434 4655 2771 4723 παρεγένετο
2800 4654 3004 4724 χρίσων
3034 4650 3199 4704 αὐτὸν
3220 4650 3300 4711 εἰς
3334 4645 3583 4717 βασιλέα.
3630 4640 3797 4698 Ἀλλὰ

524 4773 624 4813 rus
655 4771 778 4811 eum
811 4734 1106 4824 iit—regem,
1141 4751 1385 4807 advenit.
1419 4747 1545 4802 Fuit
1571 4748 1735 4802 etiam
1766 4744 1955 4812 junior
1982 4745 2105 4813 ipso

2204 4749 2300 4802 καὶ
2331 4748 2424 4802 τοῦ
2471 4749 2647 4801 Σαοὺλ
2705 4745 2974 4816 νεώτερος
3014 4740 3105 4814 ἦν,
3135 4743 3233 4797 καὶ
3259 4739 3608 4807 ὲξουδενοῦτο
3654 4734 3794 4806 παρ’

527 4847 658 4905 Saul
687 4857 743 4903 et
771 4846 1053 4915 neglectus
1103 4843 1173 4898 ab
1215 4856 1304 4906 eo,
1335 4855 1458 4894 cum
1506 4834 1912 4907 persecutiones
1948 4833 2016 4887 ab
2043 4848 2111 4888 eo

2210 4838 2400 4901 αὐτοῦ,
2433 4837 2529 4890 καὶ
2554 4837 2832 4891 ἐδιώκετο·
2865 4836 2961 4890 καὶ
2984 4835 3134 4904 ὅμως
3166 4831 3310 4902 ὑπὲρ
3336 4832 3544 4892 πάντας
3568 4829 3799 4891 τούτους

528 4941 712 4998 varias
755 4940 1100 4996 sustineret:
1131 4942 1505 4989 verumtamen
1557 4930 1646 4983 hic
1691 4927 1880 4998 junior
1919 4935 1974 4981 et
2010 4941 2110 4980 ne-

2209 4926 2553 4997 ὲμνημόνευε
2575 4926 2675 4995 τῆς
2698 4925 2921 4995 ἐντολῆς
2937 4924 3030 4977 τοῦ
3056 4923 3214 4977 Θεοῦ.
3240 4922 3464 4975 Νοείται
3488 4920 3549 4973 δὲ
3591 4920 3620 4972 ὁ
3636 4917 3799 4985 λόγος

532 5040 742 5099 qlcctus
771 5047 937 5103 supra
971 5031 1072 5085 hos
1101 5042 1314 5091 omnes,
1360 5023 1674 5077 divinorum
1721 5020 2110 5075 mandatorum

2210 5019 2307 5073 καὶ
2339 5018 2619 5090 προσώπῳ
2670 5018 2764 5072 τοῦ
2819 5019 2942 5071 νέου
2987 5014 3144 5080 λαοῦ,
3205 5012 3639 5081 ὲξουδενωμένου
3695 5009 3800 5080 μὲν

576 5127 807 5181 -υιιιίῑιὶῐ,
853 5125 1155 5180 Possumus
1186 5120 1353 5174 etiam
1386 5115 1694 5184 intelligere
1742 5114 1856 5167 haec
1903 5112 2069 5166 verba
2094 5150 2109 5177 ,

2213 5112 2319 5167 ὑπὸ
2341 5111 2436 5166 τοῦ
2491 5111 2744 5177 παλαιοῦ,
2791 5109 2885 5164 τὸν
2915 5108 2976 5162 δὲ
3008 5109 3177 5178 νόμον
3231 5106 3377 5176 ὑπὲρ
3429 5104 3640 5158 ἐκεῖνον
3701 5101 3804 5155 καὶ

529 5232 591 5274 ιιι
622 5220 833 5289 prolata
855 5218 969 5275 sint
1003 5232 1067 5271 ex
1097 5227 1331 5286 persona
1358 5209 1485 5267 novi
1520 5207 1726 5279 populi,
1753 5205 1847 5276 qui
1875 5216 2117 5261 eontem-

1396 5209 1485 5267 ovi
1520 5207 1726 5279 populi,
1753 5205 1847 5276 qui
1875 5216 2117 5261 contem-
2212 5205 2463 5269 νοοῦντος
2497 5204 2596 5258 καὶ
2624 5202 3017 5273 φυλάσσοντος.

531 5283 660 5381 plus
681 5310 901 5380 quidem
924 5316 980 5364 et
1009 5283 1293 5379 neglectus
1322 5303 1423 5359 fuit
1454 5303 1523 5358 ab
1550 5301 1774 5381 antiquo
1798 5296 2113 5353 Judaeorum
2156 5299 2381 5369 populo,
2419 5307 2474 5353 et
2504 5308 2691 5355 tamen
2723 5309 2889 5365 supra
2921 5307 3049 5349 eum
3116 5290 3358 5345 divinam
3404 5287 3575 5357 legem
3630 5283 3804 5341 intel-

531 5407 670 5460 lexit
706 5413 871 5474 atque
902 5399 1232 5458 observavit.

605 5458 932 5548 Vsus-U2.
963 5488 1188 5544 Iustitia
1220 5497 1332 5554 tua,
1373 5486 1595 5556 justitia
1628 5485 1682 5537 in
1712 5481 1988 5538 swculum.
2021 5478 2116 5533 Βί-

2300 5474 2370 5530 Ἦ
2403 5474 2762 5541 δικαιοσύνη
2789 5487 2906 5527 σου
2948 5469 3310 5534 δικαιοσύνη
3346 5467 3434 5531 εις
3456 5458 3801 5518 τύναὶῶνα.

535 5586 667 5640 vina
702 5585 913 5655 jnstitia
946 5583 1164 5653 proprie
1192 5597 1256 5635 ac
1296 5595 1423 5634 vere
1448 5587 1535 5633 est
1561 5586 1614 5631 et
1649 5576 1852 5649 dicitur
1872 5573 2113 5642 iustitia;

2215 5568 2549 5649 Δικαιοσύνη
2580 5566 2822 5631 αἰώνιος,
2848 5562 3170 5631 δικαιοσύνη
3219 5556 3431 5630 κυρίως
3458 5571 3472 5586 ·
3505 5554 3565 5609 ὃν
3596 5552 3708 5623 γὰρ
3730 5550 3803 5607 ἂν

539 5691 926 5745 uucmcuuque
956 5676 1099 5729 cnim
1135 5675 1279 5728 Deus
1313 5667 1722 5741 justiﬁcaverit,
1755 5667 1803 5722 is
1846 5666 1996 5735 juste
2032 5671 2119 5716 at-

2215 5648 2471 5726 δικαιοῖς,
2534 5659 2770 5722 αἱωνίως
2812 5657 2909 5712 καὶ
2956 5654 3183 5717 δικαίως
3229 5652 3495 5713 δικαιοῖς·
3546 5645 3659 5718 ἠδὲ
3686 5643 3804 5697 τῶν

541 5782 648 5832 quo
668 5765 723 5816 in
750 5775 1010 5819 mteruum
1041 5765 1378 5835 justilicatur
1400 5782 1413 5817 :
1437 5762 1717 5818 hominum
1747 5774 1879 5813 vero
1899 5756 2121 5827 iustitia

2216 5756 2524 5824 ἀνθρώπων
2583 5753 2642 5804 οὐ
2694 5748 2942 5821 τοιαύτη,
3009 5744 3350 5816 πρόσκαιρός
3400 5759 3460 5796 τε
3512 5735 3647 5795 οὖσα
3704 5736 3807 5792 καὶ

547 5854 864 5926 huiusmodi
899 5872 1005 5911 non
1038 5867 1143 5924 est,
1179 5857 1270 5911 sed
1308 5855 1625 5926 temporalis
1659 5860 1713 5908 et
1749 5865 1987 5921 persaepe
2022 5847 2119 5902 fal—

1252 5857 1270 5910 l
1308 5855 1625 5926 temporalis
1659 5860 1713 5908 et
1749 5865 1987 5921 persaepe
2022 5847 2119 5902 fal-
2218 5844 2564 5917 σφαλλομένη
2596 5844 2660 5897 τὰ
2684 5840 2876 5901 πολλὰ.

548 5947 697 6003 htur.
