4112 6406
331 370 470 439 1173

1498 373 1887 441 COMMENT.
1944 379 2028 441 IN
2069 378 2431 441 PSALMOS.

3445 370 3587 437 ιιτε

395 491 506 547 Kal
535 492 570 547 ό
598 492 784 562 νόμος
804 507 923 549 σου
951 492 1226 564 ἀλήθεια.
1250 493 1591 567 Αὐτόχρημα
1620 493 1854 563 ἀλήθεια
1877 511 1893 527 ο

2074 493 2142 548 Ει
2183 493 2269 548 tea:
2309 502 2403 547 tua
2442 492 2661 547 ueritas.
2690 488 2804 546 Lex
2836 498 2929 546 tua
2965 488 3110 543 idem
3149 486 3261 543 fere
3289 495 3406 556 est,
3438 491 3585 561 quod

326 582 536 654 σφόδρα
557 583 844 655 ἀληθεύων
871 587 930 640 ἐν
951 587 1110 642 πᾶσι.
1142 586 1366 642 Νοεϊται
1386 586 1444 640 δὲ
1496 587 1725 657 ἀλήθεια
1756 587 1850 641 καὶ
1869 588 1907 658 ἠ

323 675 579 748 ὀρθότης,
650 677 792 732 κατά
845 679 928 741 τὸ,
961 678 1199 746 Δίκαιος
1240 680 1315 745 εἴ,
1349 679 1547 748 Κύριε,
1580 678 1904 746 καῑεῠθεῖς

324 771 385 824 al
415 770 648 838 κρίσεις
663 786 804 826 σου.
827 772 1056 843 Εἴρηται
1075 772 1133 825 δὲ
1152 774 1248 826 καὶ
1278 774 1336 826 ὲν
1366 773 1444 842 τῷ
1477 778 1553 837 ις’
1575 771 1798 843 ψαλμῷο
1825 770 1903 825 Τὰ

324 863 581 932 κρίματα
615 863 720 919 τοῦ
743 867 969 935 Κυρίον
1006 866 1292 935 (Lindie-ti,
1318 865 1755 935 δεδικαιωμένα
1801 865 1903 920 ἐπὶ

324 953 395 1008 τὸ
418 956 593 1011 αὐτό.

399 1051 650 1121 θλίψεις
687 1051 785 1108 καί
828 1052 1086 1124 ἀνάγκαι
1132 1053 1400 1123 εὕροσάν
1422 1070 1500 1124 με
1527 1068 1541 1083 ·
1584 1052 1645 1105 αἱ
1662 1049 1909 1104 ἐντολαί

326 1157 447 1197 σου
473 1143 696 1216 μελέτη
731 1163 872 1215 μου.
917 1147 1007 1200 Ἐν
1033 1148 1157 1210 ταῖς
1206 1146 1452 1217 θλίψεσιν
1479 1147 1537 1200 αἱ
1565 1141 1778 1198 ὲντολαί
1812 1158 1907 1195 σου

332 1234 533 1306 μελέτη
587 1255 691 1309 μου
720 1234 887 1310 ἦσαν,
917 1240 1360 1313 παρηγοροῦσαι,
1386 1240 1483 1295 καὶ
1512 1237 1572 1294 τὸ
1593 1238 1758 1307 ἄλγος
1786 1236 1907 1290 ἑπι-

326 1325 710 1397 κουφίζουσαι.

397 1510 760 1581 Δικαιοσύνη
816 1514 891 1568 τὰ
932 1513 1228 1585 μαρτύριά
1264 1527 1382 1569 σου
1418 1514 1507 1578 εις
1550 1509 1658 1564 τὸν
1698 1506 1907 1561 αἰῶνα.

325 1597 654 1673 Δικαιοσύνη
710 1603 933 1669 αίώνιος
963 1647 979 1671 ,
1029 1606 1109 1670 ὡς
1152 1606 1517 1678 προείρηται’
1578 1597 1911 1670 ἐνδιατρίϐει

324 1690 436 1761 γὰρ
469 1695 536 1765 τῇ
566 1694 865 1769 ὑμνολογίᾳ
892 1699 987 1752 τοῦ
1013 1699 1206 1769 νόμου.

395 1783 730 1841 Συνέτισόν
742 1805 844 1857 με,
868 1790 966 1844 καὶ
994 1788 1269 1860 ζήσομαι.
1292 1790 1401 1844 Καὶ
1432 1787 1672 1856 ζήσομαι
1704 1782 1901 1839 ὅντωςο

2010 588 2233 653 veritas,
2266 601 2391 643 cum
2431 586 2484 640 in
2517 585 2772 640 omnibus
2804 597 2931 637 vera
2978 581 3140 637 dicat.
3169 579 3267 636 Vel
3297 581 3580 636 veritatem

2008 678 2171 745 dixit,
2215 694 2314 749 pro
2358 676 2710 740 rectitudine,
2738 675 2893 745 juxta
2927 672 3102 728 illud:
3142 671 3332 727 Justus
3357 659 3443 739 ἐι,
3482 674 3586 729 Do-

2009 766 2170 826 mine.
2199 774 2250 821 et
2275 774 2419 820 recta
2437 763 2648 834 judicia
2676 771 2787 817 tua.
2810 762 2886 817 De
2921 762 3022 817 hoc
3051 760 3218 816 etiam
3253 760 3470 815 dictum
3499 771 3595 816 est

2011 855 2074 909 in
2096 854 2306 924 psalmo
2346 869 2502 916 xvul,
2533 853 2609 909 ibi
2638 869 2652 906 :
2687 850 2907 907 Iudicia
2948 850 3162 905 Domini
3194 865 3314 904 vera
3353 848 3586 904 simulet

1999 945 2333 1017 justiﬁcata.

2080 1038 2250 1094 Vens.
2288 1039 2414 1093 H5.
2453 1035 2838 1091 Tribulationes
2887 1043 2933 1089 et
2973 1035 3233 1105 angustia:
3276 1035 3583 1089 invenerunt

2009 1155 2090 1193 me
2119 1153 2138 1192 :
2172 1137 2428 1190 mandata
2458 1143 2549 1187 tua
2576 1131 2853 1188 meditatio
2878 1146 2993 1185 mea
3017 1139 3114 1185 est.
3145 1131 3294 1185 inter
3320 1137 3401 1184 tot
3438 1128 3585 1184 cala-

2009 1230 2227 1285 mitates
2258 1242 2409 1282 meas
2443 1226 2576 1281 illud
2606 1224 2741 1278 milii
2772 1223 2998 1278 unicum
3032 1220 3133 1275 iuit
3163 1221 3403 1277 solamen
3426 1260 3440 1284 ,
3472 1235 3583 1289 quo

2009 1322 2251 1378 dolorem
2286 1317 2535 1374 levabam
2564 1356 2580 1379 ,
2614 1314 2761 1387 quod
2796 1315 2850 1369 in
2884 1313 3158 1369 mandatis
3190 1312 3301 1367 tuis
3329 1310 3585 1368 assiduus

2011 1413 2340 1469 meditabar.

2079 1503 2247 1560 Vitas.
2287 1502 2411 1558 Ml.
2451 1498 2673 1556 Iustitia
2715 1497 3017 1553 testimonia
3059 1505 3153 1550 tua
3194 1498 3254 1551 in
3311 1494 3582 1552 sarculum.

2011 1595 2128 1652 lloc
2158 1604 2260 1662 est,
2291 1592 2509 1650 Iustitia
2543 1597 2770 1655 aeterna,
2801 1597 2861 1645 ut
2889 1587 3266 1660 praediximus.

2084 1769 2422 1826 Intellectum
2459 1768 2530 1823 da
2584 1767 2736 1832 mihi,
2785 1774 2836 1821 et
2884 1767 3074 1820 vivam.
3122 1763 3339 1829 (Graeca
3397 1760 3587 1821 dictio,

325 1873 379 1925 οί
401 1873 510 1945 γὰρ
546 1876 622 1948 μὴ
1442 1841 1638 1944 Edwin,
1669 1875 1743 1938 ὡς
1767 1870 1905 1943 (pati-

2023 1860 2314 1923 ςυνέτισον,
2365 1872 2473 1913 non
2531 1857 2709 1912 solum
2737 1855 3009 1928 significat
3028 1853 3348 1908 intellectum
3375 1852 3465 1914 da,
3494 1851 3607 1906 sed

323 1961 437 2026 λως
470 1964 688 2042 ζῶντες.

2015 1954 2180 2007 etiam
2234 1949 2545 2021 prudentem
2597 1946 2806 2019 facito.)
2853 1946 2910 2001 Si
2949 1946 3114 2018 igitur
3150 1944 3484 2000 intellectum
3534 1958 3591 2009 ει

332 2034 677 2124 οτιιάὲηιῑθηι
731 2065 863 2120 mihi
914 2067 1157 2133 dederis,
1207 2071 1407 2127 vivam,
1437 2076 1494 2123 ει
1544 2076 1675 2120 vere
1749 2057 1952 2111 vivam.
1990 2043 2126 2100 Nam
2196 2044 2287 2116 qui
2341 2042 2636 2114 prudentes
2688 2056 2795 2097 non
2840 2048 2993 2103 sunt,
3043 2054 3171 2093 vere
3221 2053 3328 2093 non
3378 2034 3588 2090 vivunt.

322 2161 515 2205 eorum
547 2155 752 2210 etenim
781 2157 890 2214 vita
918 2161 1099 2217 inanis
1137 2170 1242 2219 est.

399 2247 732 2317 Ἐκέκραξα
755 2253 824 2309 ἐν
855 2256 970 2325 ὅλῃ
994 2260 1209 2329 καρδίᾳ
1220 2280 1366 2330 μου,
1396 2256 1748 2315 ἐπάκουσόν
1762 2265 1904 2322 μου.

323 2340 524 2406 Κύριε,
558 2343 630 2397 τὰ
666 2345 1032 2418 δικαιώματά
1059 2369 1176 2408 σου
1195 2352 1524 2422 ἐκζητήσω.
1557 2354 1650 2405 Ἐν
1681 2350 1759 2421 τῷ
1788 2348 1905 2402 θλί-

325 2429 523 2485 ϐεσθαι
584 2452 653 2504 με
698 2438 977 2510 ἐκέκραξα
1009 2443 1147 2513 πρὸς
1173 2443 1235 2497 σέ
1255 2461 1269 2474 ·
1311 2446 1406 2497 καὶ
1433 2445 1531 2515 οὐχ
1550 2443 1761 2507 ἁπλῶς,
1791 2441 1908 2498 ἀλλ’

329 2524 392 2575 ὲν
421 2524 520 2597 ὅλῃ
553 2529 755 2602 καρδίᾳ
804 2549 907 2601 μου
946 2551 961 2565 υ
998 2534 1087 2588 διὰ
1115 2535 1275 2589 τοῦτο
1305 2536 1612 2591 ἔπάκουσὸν
1662 2551 1787 2606 μου’
1843 2532 1911 2586 τὰ

327 2616 682 2689 δικαιώματά
710 2640 807 2677 σου
837 2624 1152 2696 ὲκζητήσω,
1189 2631 1238 2682 εἰ
1274 2630 1608 2693 ὲπακούσεις
1635 2645 1759 2700 μου.

407 2706 740 2779 Ἐχέκραξά
767 2728 889 2779 σοι,
915 2716 1127 2771 σῶσόν
1146 2736 1238 2788 με,
1274 2721 1372 2773 καὶ
1400 2718 1654 2790 φυλάξω
1677 2718 1748 2773 τὰ
1771 2735 1917 2788 μαρ-

331 2801 507 2871 τύριά
547 2820 689 2861 σου.
732 2808 806 2861 Τὸ
843 2810 976 2865 αὐτὸ
1004 2810 1155 2881 λέγει
1186 2814 1284 2868 καὶ
1331 2815 1452 2877 νῦν,
1490 2814 1780 2868 ἐπιτείνων
1818 2813 1919 2883 τὴν

332 2895 543 2968 δέησιν,
578 2902 675 2954 καὶ
708 2900 948 2973 βεϐαιῶν
984 2905 1082 2977 τὴν
1106 2906 1426 2979 ὑπόσχεσιν.
1467 2907 1653 2961 Σῶσόν
1693 2924 1764 2977 με
1798 2924 1918 2961 κιν-

330 2990 646 3051 δυνεῠοντα.

404 3153 767 3225 Προέςοθασα
808 3155 881 3210 ἐν
908 3158 1112 3226 ἁωρίςι,
1149 3158 1245 3212 καί
1293 3158 1609 3228 ἐκέκραξα,
1653 3162 1739 3226 είς
1777 3161 1921 3225 τοὺς

333 3245 558 3314 λόγους
589 3262 709 3303 σου
748 3247 1082 3315 ἐπήλπισα.
1131 3251 1440 3321 Προὲλαὸον
1467 3251 1561 3305 τὸν
1609 3251 1829 3322 ὄρθρον,
1862 3253 1921 3305 ὲν

334 3336 520 3408 ἀωρίᾳ
572 3339 674 3409 τῆς
727 3341 969 3406 νυκτόςο
1014 3343 1184 3413 μήπω
1223 3345 1320 3413 τῆς
1374 3345 1526 3415 ὧρας
1581 3345 1919 3415 ἐπιστάσης,

336 3428 465 3482 καθ’
491 3429 559 3501 ῆν
585 3430 905 3485 ἀνίστανται
933 3435 982 3486 οἱ
1012 3433 1292 3496 ἄνθρωποι
1310 3451 1324 3466 ⁸
1364 3437 1457 3490 καὶ
1487 3436 1760 3506 ἐκέκραξα
1784 3436 1924 3508 πρὸς

338 3522 439 3575 σὲ·
468 3523 551 3587 είς
574 3525 702 3587 τοὺς
731 3524 924 3594 λόγους
969 3544 1064 3582 σου
1109 3529 1449 3602 τεθάρρηκα,
1505 3530 1601 3594 οὓς
1649 3532 1922 3602 ὲνήχησάς

341 3629 436 3682 μοι
480 3614 571 3668 διὰ
618 3614 716 3669 τοῦ
765 3617 924 3686 ἁγίου
974 3618 1316 3690 Πνεύματος.
1362 3619 1721 3689 Κεκράξεται
1771 3622 1924 3689 πρός

334 3721 436 3775 με,
461 3706 560 3761 καί
588 3707 1007 3779 ἐπακούσομαι
1042 3712 1250 3767 αὐτοῦ.

409 3800 815 3869 Προέφθασαν
834 3805 893 3857 ol
920 3804 1222 3874 ὀφθαλμοί
1243 3823 1362 3876 μου
1386 3805 1538 3875 πρὸς
1563 3807 1800 3876 ὄρθρον,
1815 3809 1924 3864 τοῦ

337 3889 602 3960 μελετᾶν
636 3892 708 3946 τὰ
732 3893 908 3963 λόγια
931 3911 1069 3949 σου.
1111 3895 1422 3965 Προέλαόον
1447 3898 1498 3950 oi
1530 3898 1797 3967 ὀφθαλμοί
1821 3914 1924 3968 μου

340 3979 442 4051 τὴν
462 3980 678 4053 ἡμέραν
710 3984 848 4055 πρὸς
899 3984 1092 4056 καιρὸν
1122 3985 1347 4056 δρθρου,
1384 3986 1527 4040 ὥστε
1563 3986 1801 4058 μελετᾷν
1832 3989 1926 4040 τὸν

341 4075 510 4146 νόμον
547 4093 668 4132 σου.
733 4080 821 4133 Ἐν
852 4078 1038 4151 ampla
1075 4079 1177 4149 μὲν
1208 4080 1319 4150 γὰρ
1359 4080 1743 4153 προσηύχετο’
1784 4082 1925 4137 κατά

342 4167 438 4222 τὸν
468 4168 668 4241 ὄρθρον
690 4169 747 4224 δὲ
777 4170 1012 4243 ἐμελέτα
1039 4170 1132 4226 τὸν
1169 4171 1355 4243 νόμον.

421 4466 536 4535 Τῆς
564 4466 771 4536 φωνῆς
793 4484 915 4538 μου
934 4467 1227 4535 ἄκουσον,
1258 4468 1455 4537 Κύριε,
1483 4467 1636 4522 κατὰ
1666 4468 1732 4522 τὸ
1754 4468 1930 4536 ἔλεός

344 4568 488 4613 σου.
526 4558 616 4611 Ἐν
655 4558 733 4629 τῷ
762 4558 904 4614 ἐλέει
928 4576 1046 4626 σου,
1076 4559 1153 4624 ὡς
1177 4560 1456 4630 ἐλεήμων.

416 4739 583 4797 Κατὰ
611 4739 679 4794 τὸ
723 4737 904 4810 κρῖμά
935 4755 1052 4795 σου
1085 4738 1276 4810 ζῆσόν
1311 4757 1411 4811 με.
1456 4740 1616 4795 Κατὰ
1638 4741 1732 4795 τὸν
1762 4743 1929 4811 νόμον

348 4849 446 4887 σου
479 4833 581 4904 ζῇν
608 4833 856 4905 ποίησον,
889 4834 1131 4905 ἐννόμως
1167 4834 1339 4904 βιοῦνι

420 4927 850 4997 Προσὴγγιααν
871 4931 927 4982 ot
954 4926 1425 4995 καταδιώκοντές
1442 4946 1520 4998 με
1548 4929 1787 4998 ἀνομία,
1806 4927 1926 4983 ἀπὸ

348 5016 421 5073 δὲ
460 5015 570 5070 τοῦ
596 5018 787 5087 νόμου
818 5033 936 5075 σου
966 5017 1452 5087 ἐμακρύνθησαν.
1492 5020 1656 5073 Ὅσον
1707 5019 1815 5091 γὰρ
1859 5020 1926 5089 τῇ

352 5105 559 5175 ἀνομίᾳ
605 5105 909 5173 ἐγγίζουσι,
958 5104 1214 5161 τοσοῦτον
1278 5107 1653 5177 μακρύνουσιν
1690 5101 1799 5159 ἀπὸ
1831 5105 1926 5159 τοῦ

354 5200 546 5268 νόμου.
583 5195 720 5251 Τινὰ
749 5196 808 5251 δὲ
856 5198 968 5251 τῶν
1007 5198 1360 5270 ἀντιγράφων
1418 5199 1652 5269 ἀνομίαν
1684 5198 1932 5269 γράφου-

352 5308 465 5355 σιν,
512 5290 592 5357 ὡς
648 5293 891 5347 νοεῖσθαι
930 5293 1015 5347 ὅτι
1061 5292 1492 5366 Προσεπέλασάν
1522 5311 1613 5366 μοι
1647 5293 1882 5365 ἀνομίαν
1912 5311 1930 5328 ο

352 5384 521 5454 ἐγγύς
565 5402 669 5457 μου
706 5386 915 5457 ἧγαγον
940 5387 1039 5459 τὴν
1064 5387 1297 5457 ἀνομίαν
1334 5386 1538 5454 αὐτῶν,
1584 5387 1719 5458 παρ’
1751 5386 1932 5455 ὀλίγον

351 5475 660 5558 ιϐᾒρευσάν
696 5495 784 5550 με,
806 5479 924 5533 ’ἀπὸ
948 5479 1005 5534 δὲ
1035 5480 1130 5535 τοῦ
1162 5482 1326 5552 νόμου
1364 5498 1456 5535 σου
1490 5479 1937 5556 ἐμακρὺνθησαν,

353 5571 582 5624 τοιαῦτα
611 5571 1035 5653 σκαιωροῢντες.

436 5841 484 5876 ’τ
517 5840 664 5899 Psal.
686 5858 774 5911 xc,
796 5844 882 5901 15.

2091 2229 2249 2285 Vens.
2284 2230 2408 2284 145.
2444 2228 2688 2284 Clamavi
2715 2229 2770 2282 in
2805 2236 2909 2281 toto
2935 2227 3091 2281 corde
3118 2242 3248 2285 meo.
3275 2225 3467 2280 exaudi
3494 2239 3601 2288 me,

2019 2322 2259 2385 Domine,
2289 2321 2707 2391 justiﬁcationes
2746 2320 2864 2374 tuas
2905 2319 3199 2383 exquiram.
3239 2317 3374 2370 Dum
3413 2316 3589 2370 tribu-

2016 2416 2182 2480 larer,
2220 2412 2418 2484 inquit,
2456 2412 2685 2466 clamavi
2718 2410 2785 2465 ad
2823 2418 2905 2475 te;
2959 2425 3057 2465 nec
3110 2408 3456 2477 simpliciter,
3496 2406 3609 2460 'sed'

2016 2510 2068 2561 in
2104 2515 2218 2563 toto
2248 2505 2411 2561 corde
2442 2518 2586 2564 meo.
2620 2503 2741 2558 ideo
2776 2501 2971 2558 exaudi
3022 2516 3107 2555 me
3133 2544 3149 2569 ,
3186 2515 3309 2556 nam
3342 2501 3387 2555 si
3427 2514 3595 2555 exau-

2018 2597 2247 2661 diveris,
2274 2595 2701 2665 iustiﬁcationes
2729 2603 2855 2648 tuas
2887 2593 3221 2663 perquiram.

2093 2690 2258 2745 Vens.
2294 2687 2418 2741 146.
2452 2685 2696 2741 Clamaui
2721 2685 2791 2738 ad
2824 2696 2891 2746 te,
2920 2684 3127 2739 salvum
3162 2699 3243 2738 me
3277 2682 3385 2752 fac,
3423 2691 3473 2737 et
3504 2697 3597 2734 cu-

2019 2780 2248 2834 stodiant
2279 2775 2536 2831 mandata
2566 2783 2680 2829 tua.
2710 2772 2969 2828 Eamdem
3002 2774 3200 2844 repetit
3228 2772 3559 2828 sententiam
3578 2810 3597 2835 ,

2022 2883 2213 2938 preces
2267 2878 2400 2924 suas
2450 2865 2626 2935 magis
2685 2864 3014 2931 intendens,
3072 2872 3127 2919 et
3176 2861 3597 2933 promissionem

2022 2957 2341 3021 conﬁrmari
2372 2957 2625 3026 cupiens.
2661 2954 2885 3010 Salvum
2916 2962 3099 3010 autem
3121 2951 3208 3008 fac
3239 2968 3347 3020 me,
3381 2951 3618 3022 pericli-.

1946 3047 1989 3105 C
2025 3059 2232 3106 tantem
2273 3048 2505 3105 scilicet.

2098 3143 2267 3201 Vens.
2302 3142 2424 3197 M7.
2457 3140 2698 3195 Praeveni
2732 3147 2854 3193 ante
2877 3147 3102 3207 tempus,
3127 3146 3176 3191 et
3202 3137 3450 3196 clamavi.
3473 3134 3601 3206 quia

2023 3236 2080 3290 in
2118 3233 2274 3288 verba
2306 3242 2400 3286 tua
2430 3230 2813 3299 supersperaui.
2844 3228 3113 3295 Praeveni,
3145 3228 3350 3296 inquit,
3384 3227 3602 3282 dilucu-

2024 3325 2136 3380 lum
2158 3366 2175 3393 ,
2210 3326 2264 3380 in
2295 3324 2413 3396 ipsa
2443 3323 2607 3378 etiam
2641 3323 2972 3391 intempesta
3010 3329 3192 3386 nocte,
3227 3336 3353 3374 cum
3384 3328 3601 3387 tempus

2024 3419 2204 3474 adhuc
2229 3431 2341 3472 non
2370 3426 2515 3472 esset
2544 3429 2652 3484 quo
2680 3429 2979 3484 exsurgere
3006 3414 3262 3467 homines
3293 3413 3474 3467 solent
3501 3427 3516 3464 :
3543 3420 3602 3465 et

2025 3509 2258 3566 clamavi
2291 3508 2358 3564 ad
2392 3516 2458 3562 te.
2492 3506 2774 3562 conlidens
2821 3506 2876 3558 in
2927 3504 3108 3560 verbis
3159 3503 3288 3568 tuis,
3338 3516 3461 3572 quae
3504 3516 3605 3571 per

2027 3611 2279 3659 sanctum
2306 3601 2436 3657 mihi
2452 3599 2716 3670 Spiritum
2742 3595 3128 3653 manifestasti.
3147 3594 3412 3651 Clamabit
3433 3593 3604 3658 enim,

2026 3696 2228 3765 inquit,
2260 3694 2331 3749 ad
2366 3710 2469 3753 me.
2497 3700 2548 3748 et
2586 3708 2680 3763 ego
2719 3689 3006 3745 exaudiam
3039 3705 3159 3743 eum
3194 3688 3263 3743 ".

2099 3789 2268 3845 Vsus.
2302 3786 2427 3842 148.
2480 3786 2858 3842 Ρνοευεηετυηι
2902 3783 3043 3838 oculi
3088 3783 3190 3838 mei
3234 3782 3497 3848 diluculo,
3548 3790 3607 3836 nt

2027 3882 2314 3936 meditarer
2350 3878 2564 3947 eloquia
2604 3885 2718 3930 tua.
2765 3874 2946 3943 ipsum
2988 3873 3152 3928 etiam
3200 3873 3344 3929 diem
3394 3887 3602 3943 praeoc-

2027 3980 2372 4043 cupaverunt
2397 3968 2700 4035 oculirnei,
2738 3966 2964 4021 diluculi
3012 3966 3270 4019 nimirum
3323 3972 3603 4034 tempore;

2028 4072 2196 4133 atque
2232 4063 2333 4117 hoc
2363 4072 2424 4115 ut
2451 4060 2630 4129 legem,
2669 4066 2820 4112 tuam
2847 4055 3167 4110 meditarer.
3195 4053 3401 4111 Orabat
3426 4064 3606 4109 autem

2030 4157 2223 4211 beatus
2249 4153 2420 4208 David
2447 4160 2574 4205 ante
2605 4159 2842 4220 tempus,
2873 4151 2975 4204 hoc
2996 4156 3101 4211 est,
3124 4156 3252 4203 ante
3279 4147 3605 4202 diluculum.

2030 4248 2086 4302 In
2110 4247 2232 4316 ipso
2256 4260 2385 4300 vero
2420 4243 2664 4298 diluculo
2702 4241 3153 4298 meditationibus
3176 4252 3339 4312 atque
3368 4250 3610 4296 contem-

1955 4380 2005 4440 υ
2033 4339 2366 4410 platlonibus
2400 4340 2650 4401 vacabat,

2102 4432 2270 4489 Vens.
2298 4432 2425 4488 M9.
2459 4430 2649 4486 Vocem
2684 4446 2853 4485 meam
2884 4427 3032 4493 audi,
3061 4429 3298 4490 Domine,
3322 4426 3610 4482 secundum

2029 4523 2458 4579 misericordiam
2504 4532 2670 4577 tuam.
2702 4521 2763 4577 In
2801 4530 2894 4576 tua
2933 4519 3144 4577 scilicet
3186 4518 3565 4575 misericordia
3592 4558 3607 4582 ,

2031 4633 2093 4670 ac
2130 4628 2391 4685 tanquam
2428 4615 2771 4671 misericors.

2099 4706 2403 4763 Secundum
2429 4708 2697 4777 judicium
2726 4716 2873 4760 tuum
2908 4703 3116 4769 vivi/ica
3155 4719 3258 4758 me.
3297 4702 3612 4759 Secundum

2029 4799 2202 4871 legem
2238 4811 2383 4854 tuam
2420 4799 2528 4866 fac,
2564 4808 2625 4853 ut
2651 4800 2848 4861 vivam,
2878 4805 3042 4868 atque
3063 4805 3123 4851 ut
3146 4797 3386 4866 legitime
3413 4796 3613 4851 vivam.

2106 4891 2275 4946 Vens.
2309 4889 2432 4947 150.
2483 4891 3053 4961 Appropinquaverunt
3104 4896 3467 4957 persequentes
3533 4902 3616 4939 me

2035 4984 2326 5054 iniquitati,
2353 5002 2384 5037 a
2422 4983 2529 5055 lege
2562 4992 2738 5038 autem
2769 4993 2862 5036 tua
2889 4981 3040 5051 longe
3064 4981 3195 5049 [acti
3217 4990 3359 5033 sunt.
3394 4977 3614 5044 Quanto

2037 5074 2118 5128 illi
2156 5073 2332 5146 magis
2368 5073 2649 5143 iniquitati
2681 5072 3158 5143 appropinquant,
3197 5079 3346 5124 tanto
3379 5067 3551 5137 magis
3583 5081 3614 5120 a

2037 5167 2154 5237 lege
2195 5174 2288 5220 tua
2322 5178 2383 5222 se
2415 5165 2697 5234 elongant.
2728 5164 2784 5218 In
2814 5165 3143 5234 quibusdam
3174 5177 3306 5218 vero
3334 5161 3616 5229 exempla-

2035 5260 2194 5315 ribus
2224 5259 2568 5329 iniquitatem
2605 5259 2658 5312 in
2689 5265 2891 5328 quarto
2921 5272 3053 5312 casu
3089 5256 3358 5326 scriptum
3403 5260 3509 5312 est.
3559 5260 3619 5305 ut

2036 5350 2111 5406 sit
2140 5362 2357 5413 sensus,
2415 5347 2561 5419 quod
2593 5349 2996 5415 Per-sequentes
3020 5361 3107 5400 me
3135 5343 3616 5416 appropinquave—

2036 5449 2166 5499 runt
2202 5442 2532 5512 iniquitatem
2581 5438 2736 5501 mihi.
2777 5439 2880 5493 hoc
2909 5446 3016 5505 est,
3064 5438 3409 5512 iniquitatem
3458 5448 3616 5489 suam

2038 5550 2207 5605 prope
2250 5507 2340 5590 me
2381 5533 2767 5597 adduxerunt,
2805 5546 2872 5586 ac
2903 5545 3045 5602 pene
3076 5507 3618 5600 corirprelronderunt

2044 5642 2153 5682 mc.
2187 5624 2514 5695 llujusmodi
2548 5640 2677 5681 vero
2701 5623 2954 5681 homines
2989 5632 3098 5679 tam
3125 5636 3292 5695 prava
3328 5627 3637 5692 operantes.

2046 5720 2206 5794 longe
2245 5719 2377 5778 facti
2412 5729 2540 5776 sunt
2571 5734 2598 5774 a
2628 5719 2748 5790 lege
2776 5725 2892 5775 tua.
