4112 6422
474 326 612 390 1175

451 539 621 604 Prope
661 550 737 591 est
789 538 1043 591 Dominus
1088 536 1330 591 omnibus
1378 537 1743 591 invocantibus
1798 553 1913 589 eum
1961 537 2028 587 ³³.

451 629 583 682 Item
627 627 753 683 alibi
791 630 1053 698 scriptum
1100 635 1184 682 est
1222 644 1235 680 :
1285 624 1420 681 Dens
1471 628 1899 696 appropinquans
1939 642 2031 695 ego

450 738 591 782 sum,
633 729 681 774 et
726 737 828 773 non
882 719 1018 772 Deus
1064 737 1094 772 a
1148 720 1298 790 longe
1332 720 1396 781 ³⁹.
1438 719 1591 788 juxta
1631 718 1805 771 illud:
1847 716 2032 769 Nonne

458 814 643 868 coelum
681 821 731 865 et
778 822 976 866 (errant
1007 828 1100 881 ego
1138 811 1368 880 impleo?
1421 811 1549 864 dicit
1589 810 1840 863 Dominus
1866 809 1933 860 “.
1966 807 2033 860 Et

452 921 641 961 l'lll'SllS
675 923 688 958 :
724 905 905 958 Adhuc
939 905 1181 975 loquente
1229 915 1275 958 te
1325 904 1524 970 dicam,
1554 904 1689 957 Ecce
1741 904 1929 958 adsum
1962 901 2027 956 “.

449 998 865 1069 Appropinquat
899 998 1065 1068 igitur
1095 999 1236 1053 Deus
1267 999 1333 1053 iis
1368 1000 1490 1069 qui,
1522 1015 1618 1068 per
1646 998 1948 1067 profectum
1978 1004 2033 1051 et

450 1111 766 1162 ascensura,
815 1096 863 1151 ei
922 1099 1130 1166 pariter
1171 1094 1637 1165 appropinquant.
1708 1091 2032 1145 Peccatores

450 1200 584 1239 vero
618 1186 945 1255 elongautur
973 1202 1002 1238 a
1050 1185 1180 1251 Deo,
1214 1185 1283 1239 de
1322 1185 1404 1239 eis
1434 1185 1579 1238 enim
1614 1181 1877 1252 scriptum
1910 1187 2027 1233 est:

456 1274 589 1330 Ecce
621 1278 709 1346 qui
743 1293 796 1331 se
828 1276 1182 1349 elongavermt
1213 1293 1243 1330 a
1274 1290 1342 1341 te,
1377 1275 1621 1345 peribunt
1656 1274 1721 1328 δ’.

526 1456 592 1510 Et
617 1473 795 1510 omnes
832 1457 929 1510 vite
968 1467 1072 1511 luce
1110 1458 1325 1511 veritas.
1360 1455 1481 1509 Tum
1518 1454 1699 1509 omnia
1746 1466 1874 1507 vera
1905 1457 2034 1506 sunt

451 1557 507 1603 et
548 1550 721 1602 ﬁrma.
755 1547 846 1603 Vel
879 1564 1069 1604 oumes
1093 1549 1459 1619 previdentiaa
1484 1556 1592 1603 tua:
1615 1547 1885 1611 rationes,
1912 1545 2036 1613 qui-

452 1643 556 1697 bus
590 1640 853 1694 mundum
888 1642 1185 1710 gubernas,
1225 1657 1368 1695 verar-
1399 1650 1570 1705 sunt,
1608 1648 1870 1706 tanquam
1905 1651 2034 1706 pro-

450 1734 690 1789 videntia
717 1744 809 1789 tua
838 1750 963 1789 vera
994 1735 1065 1789 sit
1096 1734 1464 1805 providentia.
1488 1732 1590 1789 Vel
1616 1732 1799 1787 omnia
1826 1730 2033 1801 judicia

453 1839 544 1881 tua
585 1842 712 1880 vera
751 1836 904 1889 sunt,
935 1834 1196 1897 tauquam
1228 1837 1341 1882 tuta
1378 1839 1431 1883 et
1462 1834 1634 1881 recta.

522 1916 689 1973 Vens.
717 1919 838 1973 152.
868 1917 1032 1972 Initio
1061 1921 1278 1985 cognoui
1310 1934 1375 1973 ea:
1399 1916 1869 1978 testimoniis‘tuis,
1895 1917 2031 1979 quod

446 2011 506 2064 in
536 2010 790 2065 sreculum
818 2010 1060 2081 fundasti
1090 2027 1173 2066 ea.
1207 2013 1248 2064 A
1294 2010 1586 2081 principio,
1616 2009 1818 2077 inquit,
1855 2021 1919 2061 ex
1948 2005 2033 2059 his

450 2103 708 2172 cognovi,
737 2102 883 2172 quod
917 2112 1122 2156 aeterna
1157 2103 1246 2155 illa
1277 2117 1401 2156 esse
1428 2100 1705 2156 stabiliSti.
1745 2098 1877 2151 Nam
1907 2111 2031 2151 cum

416 2202 419 2203 '
454 2209 518 2247 ea
554 2192 858 2262 intelligere
887 2193 1208 2262 inciperem,
1243 2193 1499 2262 cognovi,
1531 2193 1676 2262 quod
1707 2188 1885 2245 fecisti
1928 2188 2032 2241 im-

453 2286 673 2339 mobilia
719 2301 783 2340 ea
828 2301 972 2352 esse,
1025 2296 1191 2357 atque
1242 2284 1746 2350 incommutabilia,
1797 2290 1851 2337 et
1885 2280 2031 2350 quod

450 2377 635 2432 nullus
664 2393 726 2432 ea
755 2378 1064 2435 aboliturus
1088 2389 1253 2445 esset;
1282 2379 1428 2448 quod
1454 2378 1501 2433 si
1535 2378 1691 2447 plura
1726 2391 1791 2431 ex
1819 2374 1908 2429 bis
1939 2388 2033 2443 per

454 2471 809 2540 Evangelium
843 2472 1050 2527 aboleri
1089 2473 1364 2537 videntur,
1410 2488 1603 2529 revera
1657 2481 1837 2525 tamen
1876 2468 2031 2536 juxta

452 2552 965 2635 interiorem‘atque
1012 2566 1361 2621 reconditum
1396 2580 1619 2620 sensum
1652 2578 1765 2618 non
1808 2562 2034 2615 abolen-

454 2664 566 2715 tur,
624 2654 718 2707 sed
744 2653 902 2721 juxta
949 2654 1280 2710 exteriorem
1329 2653 1619 2723 quamdam
1658 2650 2033 2721 apparentiam

453 2754 507 2799 et
536 2746 713 2816 ipsius
736 2745 1234 2812 litterarumbram,
1263 2754 1323 2800 ut
1346 2748 1458 2816 jam
1492 2744 1830 2800 declaratum
1862 2750 1970 2797 est.

523 2860 694 2917 Vens.
730 2863 855 2917 155.
900 2861 1028 2917 Vide
1060 2862 1416 2916 humilitatem
1450 2878 1621 2915 nteant
1654 2869 1703 2914 et
1730 2859 1872 2926 eripe
1916 2875 2031 2923 me,

452 2953 579 3022 quia
608 2955 770 3024 legem
798 2965 944 3008 tuam
972 2971 1078 3008 non
1103 2971 1219 3008 sum
1248 2955 1465 3009 oblitus.
1493 2954 1649 3016 Vide,
1675 2954 1873 3024 inquit,
1903 2953 2036 3008 silli-

454 3046 690 3097 etionem
721 3059 920 3107 meam,
950 3053 1005 3098 et
1034 3060 1101 3099 ex
1127 3044 1443 3114 huiusmodi
1472 3061 1557 3099 me
1580 3046 1734 3114 eripe
1754 3043 2036 3098 calamita-

1710 330 2096 390 EUTIlYMll
2138 329 2508 389 ZlGABENI

519 445 682 498 Vens.
724 444 840 496 liii.
882 442 1047 511 Prope
1078 461 1127 497 cs
1162 443 1495 509 tu,Domiue.
1533 444 1674 497 Alibi
1712 444 1875 497 etiam
1908 442 1978 495 ait
2013 458 2025 492 :
2062 446 2105 498 Α

3577 327 3720 391 1176

2218 442 2431 511 Ἐξνγυς
2465 438 2521 495 εἷ
2542 440 2645 505 σὺ,
2680 442 2878 509 Κύριε.
2911 441 3021 495 Καὶ
3056 441 3293 512 ἀλλαχοῦ
3327 460 3537 513 φησιν·
3590 443 3723 509 Ἐγ-

2137 534 2245 601 γὺς
2299 535 2511 601 Κύριος
2556 533 2709 587 πᾶσι
2758 534 2881 600 τοῖς
2933 534 3437 601 ἐπικαλουμένοις
3494 537 3718 590 αὐτόν·

2136 627 2229 677 καὶ
2275 627 2332 677 ἐν
2364 626 2536 696 ἐτέρῳ
2576 625 2883 697 γέγραπται
2914 643 2927 657 ’
2978 626 3124 691 Θεὸς
3156 623 3399 695 ἑγγίζων
3428 626 3541 696 ἐγώ
3578 628 3721 695 ειμι,

2110 718 2233 779 λκαὶ
2266 720 2339 772 οὐ
2366 719 2512 783 Θεὸς
2537 718 2868 787 πόρρωθεν,
2890 718 3030 771 κατὰ
3058 718 3139 784 τέι,
3168 719 3311 785 Οὐχὶ
3335 719 3441 771 τὸν
3456 719 3726 786 οὐρανιῒν

2136 808 2234 861 καὶ
2284 808 2401 876 τὴν
2453 810 2573 879 γῆν
2626 809 2840 878 sumpto
2887 810 3146 879 Ktiproc;
3195 811 3289 864 καὶ
3324 810 3528 864 πάλιν·
3589 812 3725 865 Ἔτι

2135 900 2477 967 λαλοῦντός
2510 920 2633 956 σου
2664 901 2799 968 ἐρῶ,
2836 901 2992 956 Ἰδοὺ
3033 901 3294 972 πάρειμι.
3339 904 3580 972 Ἐγγίζει
3620 905 3725 972 μὲν

2135 990 2277 1047 οὗνὸ
2311 993 2464 1061 Θεὸς,
2501 994 2637 1049 ἀλλὰ
2670 998 2785 1058 τοῖς
2834 996 3185 1064 ἐγγίζουσιν·
3237 999 3285 1050 οἱ
3337 997 3439 1065 μὲν
3486 998 3596 1067 γὰρ
3641 997 3726 1049 δί-

2135 1104 2283 1139 καιοι
2353 1086 2663 1155 ἐγγίζουσιν
2709 1087 2859 1157 αὖτῷ
2927 1087 3015 1142 διὰ
3049 1089 3334 1160 προκοπῆς
3385 1090 3475 1142 καὶ
3509 1089 3724 1142 ἀναϐά-

2138 1194 2315 1241 σεως’
2355 1179 2407 1230 οἱ
2453 1178 2511 1232 δὲ
2558 1178 2876 1250 ἁμαρτωλοὶ
2939 1179 3315 1250 μακρὺνουσιν
3358 1180 3457 1233 ἀπ’
3510 1179 3675 1234 αὐτοῦ
3705 1197 3722 1212 ⁶

2139 1272 2271 1339 περὶ
2305 1263 2379 1324 ὧν
2411 1271 2627 1341 εἴρηται
2661 1284 2679 1298 ⁶
2734 1270 2889 1325 Ἰδοὺ
2916 1273 2971 1325 οἱ
3005 1272 3420 1340 μακρύνοντες
3460 1270 3727 1336 ἑαυτοὺς

2137 1362 2257 1414 ἀπὸ
2285 1361 2403 1416 σοῦ
2437 1362 2832 1417 ἀπολοῦνται.

2210 1453 2320 1506 Καὶ
2351 1451 2545 1509 πᾶσαι
2578 1456 2639 1508 αἱ
2669 1454 2801 1507 ddo!
2832 1471 2950 1508 σου
2988 1456 3267 1523 ἀλήθεια.
3317 1455 3505 1508 Πάντα
3548 1455 3617 1507 τὰ
3654 1456 3726 1507 σὲ

2138 1544 2367 1615 ἀληθινά
2385 1546 2479 1599 καὶ
2509 1545 2723 1615 βέϐαια,
2751 1547 2783 1618 ἦ
2815 1550 2991 1601 πᾶσαι
3024 1550 3078 1601 αἱ
3114 1548 3368 1620 πρόνοιαι
3390 1564 3483 1600 σου
3507 1547 3633 1600 καθ’
3654 1547 3725 1609 ἃς

2139 1640 2365 1703 διοικεῖς
2396 1641 2490 1693 τὸν
2533 1642 2760 1710 κόσμον,
2798 1641 3043 1712 ἀληθεῖς,
3090 1643 3178 1706 ὡς’
3198 1641 3369 1705 ὅντως
3420 1643 3667 1711 πρόνοιαι
3707 1658 3727 1674 ο

2138 1733 2171 1802 ἦ
2216 1734 2387 1786 πᾶσαι
2433 1734 2488 1786 αἱ
2521 1735 2733 1802 κρῐσεις
2783 1751 2879 1787 σου
2924 1734 3165 1806 ἀληθεῖς.
3198 1735 3274 1799 ὡς
3315 1734 3576 1805 ἀσφαλεῖς
3625 1735 3730 1790 καὶ

2138 1824 2316 1894 ὀρθαί.

2209 1920 2349 1973 Κατ’
2387 1920 2577 1989 ἀρχὰς
2614 1919 2806 1989 ἔγνων
2831 1921 2900 1973 ἐκ
2944 1918 3063 1974 τῶν
3078 1920 3423 1989 μαρτυρίων
3463 1936 3601 1980 σου.
3633 1919 3729 1973 ὅτι

2136 2015 2225 2077 εις
2248 2011 2354 2064 τὸν
2383 2010 2569 2063 αιῶνα
2612 2011 3017 2078 ἐθεμελίωσας
3048 2010 3219 2063 αὐτά.
3281 2010 3370 2062 Ἐν
3413 2008 3730 2077 προοιμίοις

2138 2104 2312 2173 ἔγνων
2344 2106 2408 2156 ἐκ
2444 2106 2551 2157 τῶν
2597 2104 2917 2175 μαρτυρίων
2962 2120 3077 2181 σου,
3111 2104 3194 2156 ὅτι
3242 2100 3434 2155 αἰώνια
3481 2102 3731 2172 ἤδρασας

2141 2197 2301 2251 αὐτά.
2350 2195 2957 2265 Ἀρξάμενοςισυνιέναι
3005 2195 3212 2258 ταῦτα,
3250 2194 3423 2265 ἔγνων
3469 2196 3552 2247 ὅτι
3596 2193 3728 2247 ἀσά-

2139 2290 2306 2344 λευτα
2331 2292 2643 2360 πεποίηκας
2675 2289 2835 2354 αὐτὰ,
2886 2290 2981 2342 καὶ
3015 2288 3191 2351 οὐδεὶς
3217 2287 3359 2340 αὐτὰ
3399 2284 3725 2340 καταλύσει.

2138 2382 2199 2435 Εἰ
2223 2382 2333 2453 γὰρ
2356 2383 2451 2435 καὶ
2479 2382 2701 2435 δοκοῦσι
2735 2382 2803 2435 τὰ
2832 2382 3004 2434 πλείω
3038 2380 3412 2451 καταλυθῆναι
3443 2378 3597 2450 παρὰ
3624 2378 3727 2431 τοῦ

2141 2476 2501 2544 Εὖαγγελὶου,
2537 2474 2655 2530 ἀλλ’
2684 2477 2745 2530 οὐ
2777 2477 2920 2530 κατὰ
2950 2476 3041 2529 τὸν
3088 2473 3541 2546 ἐγκεκρυμμένον
3570 2470 3722 2535 νοῦν,

2144 2567 2283 2622 ἀλλὰ
2319 2569 2462 2621 κατὰ
2505 2568 2566 2622 τὸ
2601 2568 2930 2638 φαινόμενον
2960 2567 3054 2622 καὶ
3087 2566 3336 2632 σκιῶδες,
3374 2566 3449 2630 ὡς
3484 2561 3730 2636 προδιει-

2139 2660 2366 2727 ληπται.

2214 2861 2327 2916 Ἴδε
2349 2862 2466 2929 τὴν
2485 2860 2848 2915 ταπείνωσὶν
2865 2880 3007 2928 μου,
3024 2860 3121 2915 καὶ
3138 2857 3352 2926 ἐξελοῦ
3370 2874 3469 2926 με,
3501 2856 3590 2910 ὅτι
3615 2855 3729 2910 τοῦ

2139 2956 2331 3026 νόμου
2382 2973 2500 3009 σου
2554 2957 2666 3009 οὐκ
2706 2955 3112 3024 ἐπελαθόμην.
3176 2953 3281 3006 Ἴδε
3334 2950 3431 3023 τὴν
3476 2947 3729 3003 κακοπά-

2142 3048 2295 3101 θειαν
2323 3065 2447 3117 μου,
2491 3047 2585 3103 καὶ
2614 3046 2798 3112 ἐξελοῦ
2831 3064 2900 3117 με
2935 3047 3044 3100 τῶν
3086 3042 3435 3114 πειρασμῶν,
3479 3042 3588 3107 ὅτι,
3634 3038 3728 3091 διὰ

454 3138 604 3193 tibus
640 3154 654 3191 :
688 3138 841 3206 quia,
874 3136 1002 3191 licet
1058 3148 1282 3207 propter
1331 3138 1502 3209 legem
1550 3148 1698 3191 tuam
1741 3135 2032 3206 alﬂigercr,

2141 3141 2230 3193 τὸν
2257 3141 2422 3209 νόμον
2468 3157 2564 3193 σου
2618 3139 2968 3209 κακοπαθῶν,
3010 3139 3109 3192 οὐκ
3146 3135 3494 3205 ἐπελαθόμην
3532 3130 3728 3194 αὐτοῦ,

454 3230 576 3298 ejus
606 3240 786 3284 tamen
822 3230 1028 3285 oblitus
1057 3246 1167 3284 non
1198 3245 1343 3295 sum,
1377 3246 1478 3285 nec
1503 3230 1745 3286 sustinui
1780 3230 2029 3299 iniquum

453 3320 663 3389 aliquid
696 3334 859 3389 agere
899 3328 995 3374 aut
1044 3320 1231 3375 odisse
1278 3320 1630 3376 insidiatores
1686 3335 1859 3376 meos.
1894 3319 2030 3384 Vel,

455 3410 587 3464 Vide
618 3410 944 3466 humilitatis
969 3426 1103 3466 mea:
1128 3412 1413 3475 virtutem,
1449 3423 1507 3468 et
1552 3412 1711 3482 eripe
1759 3425 1868 3477 me,
1901 3411 2034 3479 quia

451 3501 587 3571 legis
630 3513 736 3557 tute
779 3502 989 3557 oblitus
1033 3519 1144 3559 non
1184 3519 1304 3559 sum
1328 3547 1341 3565 .
1376 3504 1545 3569 illius,
1582 3504 1807 3574 inquam
1830 3543 1846 3568 ,
1876 3502 2034 3573 legis,

453 3584 576 3660 quai
610 3594 968 3648 humilitatem
1005 3594 1164 3663 jubet
1200 3611 1322 3651 esse
1352 3596 1698 3652 sectandam.

525 3704 695 3759 Vens.
722 3708 843 3761 154.
875 3707 1075 3761 Judica
1103 3708 1365 3777 judicium
1396 3724 1593 3770 meum,
1619 3720 1669 3762 et
1708 3712 1907 3764 redime
1932 3726 2033 3765 me.

452 3797 729 3851 Judicium
763 3814 943 3853 meum
1005 3801 1153 3857 dico.
1184 3801 1328 3869 quod
1371 3815 1498 3854 cum
1533 3800 1602 3855 iis
1638 3800 1766 3854 mihi
1801 3810 1906 3867 est,
1937 3801 2032 3870 qui

458 3905 545 3944 me
572 3903 914 3960 oppugnant.

525 4002 748 4074 Propter
783 4004 993 4059 t'erbum
1041 4016 1188 4057 tuum
1215 4003 1420 4073 viviﬁca
1457 4020 1555 4059 me.
1597 4004 1831 4075 Propter
1862 4005 2032 4074 legem

459 4107 629 4159 tuam,
663 4106 886 4166 propter
916 4112 1080 4168 quam
1118 4095 1172 4149 in
1206 4097 1401 4151 mortis
1429 4096 1675 4166 periculo
1700 4098 2035 4153 constitutus

457 4190 838 4250 sum,viviﬁca
873 4206 956 4243 me
988 4203 1016 4242 a
1045 4189 1368 4245 saevissimis
1400 4189 1653 4244 hostibus
1685 4204 2032 4259 oppressum.

528 4306 696 4365 Vens.
739 4309 860 4364 155.
885 4308 1056 4378 Longe
1080 4324 1113 4361 a
1135 4307 1501 4379 peccatoribus
1539 4308 1708 4371 salus,
1734 4310 1855 4378 quia
1870 4307 2038 4376 justi-

456 4402 727 4471 ﬁcationes
758 4413 877 4458 tuas
924 4419 1026 4457 non
1069 4404 1480 4472 exquisiverunt.
1526 4401 1713 4471 Longe
1754 4408 1840 4455 est
1884 4400 2036 4455 salus

2141 3230 2252 3285 οὐδ’
2287 3229 2600 3301 ἠνεσχόμην
2627 3230 3040 3301 παρανομῆσαι,
3067 3227 3188 3282 οὐδὲ
3219 3224 3567 3299 μιμήσασθαι
3597 3220 3729 3287 τοὺς

2141 3323 2617 3387 ἐπιϐουλεύοντας.
2673 3326 2767 3390 Ἦ,
2802 3323 2907 3377 Ἴδε
2947 3314 3047 3393 τὴν
3096 3323 3350 3391 ἐνάρετον
3395 3316 3729 3373 ταπείνωσίν

2142 3432 2268 3487 μου,
2304 3415 2400 3469 καὶ
2425 3413 2615 3481 ἐξελοῦ
2649 3432 2739 3486 με,
2766 3414 2848 3468 ὅτι
2872 3413 2970 3466 τοῦ
3000 3411 3164 3480 νόμου
3199 3428 3294 3465 σου
3335 3410 3439 3464 οὐκ
3462 3407 3731 3463 ἐπελαθό-

2143 3526 2273 3581 μην,
2298 3509 2391 3562 τοῦ
2433 3505 2751 3570 κελεύοντος
2781 3505 3259 3575 ταπεινοφρονεῖν.

2215 3714 2435 3782 Κρῖνον
2461 3713 2578 3779 τὴν
2620 3712 2823 3779 κρίσιν
2843 3728 2985 3778 μου,
3015 3707 3115 3762 καὶ
3155 3706 3466 3774 alumnum!
3483 3721 3583 3775 με.
3612 3703 3730 3774 Τὴν

2141 3806 2328 3872 κρίσιν
2360 3821 2462 3873 μου
2496 3802 2634 3871 μετὰ
2665 3801 2775 3854 τῶν
2807 3800 3192 3869 πολεμούντων
3225 3815 3339 3867 μοι.

2212 4005 2314 4059 Διά
2333 4006 2439 4058 τὸν
2466 4004 2656 4071 λόγον
2681 4016 2801 4057 σου
2828 4000 3018 4069 ζῆσόν
3034 4016 3130 4069 με.
3164 3998 3263 4051 Διά
3292 3997 3384 4051 τὸν
3429 3996 3593 4065 νόμον
3629 4012 3729 4049 σου

2143 4098 2482 4167 ζωοποίησόν
2518 4113 2609 4164 με,
2645 4095 2713 4148 δι’
2736 4095 2798 4148 ὃν
2825 4091 3123 4147 ἀποθανεῖν
3146 4089 3462 4155 κινδυνεύω,
3493 4089 3595 4161 ἤδη
3626 4105 3733 4143 κα-

2144 4189 2553 4258 ταπονούμενος
2584 4185 2690 4239 ὑπὸ
2718 4185 2827 4238 τῶν
2853 4183 3087 4254 ἐχθρῶν.

2216 4300 2466 4370 Μακρὰν
2515 4300 2637 4354 ἀπὸ
2669 4296 3035 4368 ἁμαρτωλῶν·
3077 4298 3362 4363 σωτηρία,
3403 4296 3493 4350 ὅτι
3523 4295 3595 4349 τὰ
3643 4295 3734 4349 δι-

2145 4394 2450 4465 καιώματά
2478 4409 2596 4448 σου
2637 4396 2748 4447 οὐκ
2789 4391 3178 4457 ἐξεζήτησαν.
3208 4390 3444 4460 Μακρὰν
3477 4389 3585 4442 ἀπὸ
3616 4389 3732 4441 τῶν

459 4498 527 4549 ab
558 4497 780 4566 iniquis.
814 4495 874 4550 In
907 4495 1148 4564 periculo
1167 4495 1496 4558 enimsunt,
1522 4494 1614 4562 qui
1644 4492 1906 4547 mandata
1940 4499 2031 4545 tua

2146 4486 2541 4559 παρανόμωνή
2575 4485 2821 4554 σωτηρῖα
2864 4496 2879 4511 ⁸
2902 4483 3275 4537 κινδυνεύουσι
3318 4482 3450 4552 γὰρ,
3498 4484 3582 4536 ὃτι
3619 4482 3733 4538 τῶν

459 4595 840 4649 contemnunt,
882 4601 1070 4641 verum
1103 4586 1240 4640 mihi
1270 4602 1333 4640 ea
1377 4586 1530 4642 salus
1593 4599 1759 4653 prope
1789 4592 1892 4638 est.
1938 4584 2033 4637 Li.

457 4679 694 4733 berabor
727 4679 928 4733 etenim
968 4679 1037 4733 ab
1073 4678 1289 4733 illorum
1333 4678 1575 4741 insidiis,
1613 4677 1739 4745 quia
1777 4678 2033 4732 mandata

460 4783 553 4824 tua
590 4786 691 4840 ego
721 4771 1015 4839 exquisivi.
1051 4768 1150 4825 Vel
1178 4770 1430 4826 decen-tis
1465 4785 1648 4825 sermo
1683 4778 1788 4833 est,
1821 4770 2037 4835 dicens,

460 4864 608 4931 quod
636 4861 770 4915 nulli
801 4870 1119 4930 peccatores
1150 4864 1530 4925 salvabuutur,
1574 4860 1791 4915 tametsi
1836 4863 1891 4915 in
1934 4862 2037 4916 hac

460 4953 571 5006 Vita
607 4951 871 5006 fortunati
906 4968 970 5007 ac
1004 4952 1192 5007 felices
1219 4967 1343 5007 esse
1373 4952 1683 5007 videantur.
1715 4949 1811 5007 Vel
1844 4966 2036 5022 pecca-

459 5052 629 5106 tores,
671 5058 701 5097 a
738 5044 848 5099 Deo
886 5044 1149 5098 auxilium
1182 5060 1289 5099 non
1326 5055 1754 5113 consequentur,
1791 5059 1857 5100 eo
1886 5043 2035 5114 quod

458 5135 606 5190 illius
632 5135 1064 5204 justilicationes
1102 5144 1579 5206 contempserunt.

528 5246 694 5302 Vens.
732 5248 856 5303 £56.
883 5247 1262 5302 Misericordia!
1287 5256 1392 5302 tua:
1426 5250 1624 5313 multae,
1673 5248 1913 5311 Domine,
1949 5263 2035 5301 se-

456 5341 687 5395 cundum
706 5342 973 5409 judicium
1002 5351 1152 5396 tuum
1182 5342 1389 5409 viviﬁca
1430 5358 1531 5396 me.
1559 5341 1639 5396 Tu
1672 5340 1831 5399 valde
1871 5342 2034 5396 misev

458 5433 636 5489 ricors
662 5449 742 5489 es.
777 5432 884 5491 Fac
916 5435 1086 5501 igitur
1122 5443 1184 5488 ut
1227 5434 1283 5489 in
1317 5435 1616 5489 universali
1658 5433 1869 5503 judicio
1906 5433 2033 5487 bea-

458 5531 573 5578 tam
599 5541 702 5595 ego
736 5506 902 5582 'vitam
944 5527 1146 5593 vivam,
1176 5528 1395 5598 quando
1421 5528 1551 5594 boui
1582 5542 1645 5581 ac
1674 5527 1809 5596 iusti
1856 5525 1909 5580 in
1949 5526 2032 5580 vi-

538 5761 581 5792 “
609 5761 750 5816 Psal.
782 5783 957 5827 cxuv.
994 5774 1080 5827 Μ.
1186 5777 1228 5806 ³⁹
1252 5774 1453 5829 Jerem.
1488 5773 1737 5836 xsmﬂ'é.

1816 5771 1860 5801 "°
1890 5772 2030 5826 Ibid.
2065 5771 2152 5826 9.4.
2235 5772 2274 5802 “
2308 5772 2409 5826 lsa.
2443 5787 2595 5838 um,
2627 5772 2678 5827 9.

2144 4581 2374 4634 ἐντολῶν
2404 4597 2495 4632 σου
2524 4578 2940 4648 κατεφρόνησαν
2965 4591 2980 4607 ο
3025 4576 3190 4646 ἐγγὺς
3215 4576 3271 4629 δὲ
3303 4577 3438 4646 ἐμοῦ
3468 4592 3483 4606 ⁸
3522 4576 3732 4649 ῥυσθή-

2146 4690 2311 4744 σομαι
2347 4671 2457 4741 γὰρ
2485 4671 2583 4740 τῆς
2608 4669 2904 4737 ἐπιϐουλῆς
2944 4668 3145 4733 αὐτῶν,
3169 4669 3255 4721 ὅτι
3286 4668 3427 4721 αὐτὰ
3460 4667 3731 4737 ἐξεζήτη-

2143 4786 2232 4822 σα.
2260 4768 2329 4819 Ἢ
2355 4766 2449 4817 καὶ
2482 4761 2863 4816 διδασκαλικὸς
2898 4764 2926 4815 ὁ
2955 4761 3132 4830 λόγος,
3181 4761 3265 4815 ὃτι
3294 4761 3354 4814 οὐ
3390 4762 3732 4829 σωθήσονται

2145 4863 2194 4912 οἱ
2241 4854 2578 4927 ἁμαρτωλοὶ,
2618 4854 2719 4906 κᾶν
2753 4853 3103 4923 εὐημερῶσιν
3139 4852 3373 4909 ἐνταῦθα
3400 4867 3415 4882 ο
3443 4854 3476 4922 ἢ
3517 4853 3599 4905 ὅτι
3629 4852 3733 4923 οἰχ

2144 4949 2332 5014 ἕξουσι
2364 4945 2515 5015 παρὰ
2544 4942 2678 4995 Θεοῦ
2713 4942 2984 5014 βοήθειαν,
3030 4945 3106 5008 ὡς
3147 4945 3454 5015 ὑπερόπται
3499 4944 3610 4996 τῶν
3649 4944 3735 4997 δι-

2144 5040 2481 5111 καιωμάτων
2504 5036 2692 5092 αὐτοῦ.

2218 5252 2281 5302 Ol
2315 5248 2602 5316 οἰκτιρμοί
2631 5267 2748 5303 σου
2777 5247 3019 5310 πολλοὶ,
3053 5247 3251 5314 Κύριεο
3290 5243 3440 5298 κατὰ
3472 5243 3541 5297 τὸ
3608 5240 3734 5310 κρῖ-

2134 5341 2221 5413 μά
2241 5359 2357 5396 σου
2397 5341 2585 5413 ζῆσόν
2612 5360 2710 5411 με.
2754 5341 3052 5404 Πολυέλεος
3084 5336 3151 5394 εἴ.
3191 5340 3349 5396 Κατὰ
3393 5339 3494 5409 τὴν
3543 5337 3733 5408 apio-na

2143 5452 2237 5488 σου
2289 5435 2389 5504 τὴν
2444 5434 2792 5506 παγκόσμιον
2828 5435 2928 5505 ζῇν
2957 5450 3024 5502 με
3056 5435 3281 5502 ποίησον
3320 5431 3417 5500 τὴν
3449 5429 3733 5501 μακαρίαν

2145 5527 2309 5600 ζωὴν,
2341 5530 2430 5581 ὅτε
2455 5528 2850 5582 ἀπελεύσονται
2876 5529 2926 5581 οἱ
2950 5525 3151 5579 δίκαιοι
3183 5526 3262 5591 εἰς
3293 5525 3439 5596 ζωὴν
3462 5523 3685 5578 αἰώνιον
3713 5535 3731 5552 ’

2761 5773 2804 5805 δ’
2837 5769 2981 5827 l’sal.
3044 5786 3216 5837 Lxxn,
3259 5770 3347 5825 Ξῖ.
