4112 6422
425 385 569 453 1179

1615 375 2004 443 EUTHYMII
2043 375 2411 439 ZIGABENI

3534 365 3674 433 1‘180

420 516 477 561 ut
500 507 594 576 qui
615 505 806 561 invenit
829 503 1001 576 spolia
1028 502 1217 558 multa.
1251 498 1751 569 Quemadmodum,
1794 498 1992 568 inqttit,

2118 510 2267 551 γκων
2307 495 2514 551 σκῦλα
2565 495 2784 551 πολλά.
2823 493 3035 564 Ὠσπερ
3073 491 3183 562 γὰρ
3231 490 3440 545 ἐκεῖνον
3461 487 3533 543 τὰ
3572 486 3675 544 λάσ

420 599 546 667 quis
574 597 730 656 dives
753 596 986 654 etlicitur
1018 595 1241 666 spoliis,
1278 594 1349 647 ita
1375 592 1594 662 eloquia
1628 601 1720 643 tua
1759 601 1993 643 mentem

420 689 813 754 illuminantia,
841 697 896 745 et
918 688 1165 744 scientia:
1189 686 1512 741 tlteSaurum
1540 683 1883 755 prazstantia,
1911 694 1999 736 me

421 779 645 834 divitem
678 781 911 836 faciunt.

492 871 653 926 Vsus.
700 871 822 926 l6'5.
868 871 1204 944 lnjustitiam
1230 870 1352 925 odio
1396 868 1560 923 habui
1586 875 1636 923 et
1660 866 1999 921 abominatus

421 978 561 1025 sum,
593 963 754 1034 legem
778 974 955 1017 autem
987 973 1136 1017 tuam
1163 964 1348 1017 dilexi.
1374 961 1491 1016 Non
1516 960 1844 1030 simpliciter
1873 957 2000 1011 odio

424 1052 613 1120 haltui,
642 1055 736 1111 sed
762 1055 925 1109 etiam
958 1055 1308 1110 abominatus
1339 1069 1482 1108 sum.
1518 1053 1612 1107 Est
1646 1060 1827 1105 autem
1866 1049 2001 1104 abo-

427 1142 658 1199 minatio
711 1144 890 1214 major
951 1144 1200 1214 quaedam
1263 1144 1375 1198 odii
1433 1142 1692 1196 intentio.
1751 1139 1824 1195 De
1872 1139 2002 1194 odio

421 1234 566 1288 enim
600 1235 712 1305 jam
751 1237 1011 1306 superius
1042 1233 1534 1305 dixeratzlniquos
1566 1233 1686 1289 odio
1727 1232 1912 1300 habui,
1950 1242 2002 1288 et

423 1329 586 1397 legem
623 1339 767 1384 tuam
794 1329 981 1383 dilexi.
2018 1390 2025 1397 ο

499 1422 667 1477 Vsus.
714 1421 835 1477 i64.
879 1421 1083 1491 Septies
1118 1423 1169 1477 in
1198 1421 1281 1475 die
1316 1412 1527 1475 laudem
1552 1419 1670 1473 dixi
1698 1417 1815 1485 tibi,
1845 1433 2007 1487 super

417 1512 630 1582 judicia
648 1514 879 1585 justitia:
902 1524 1027 1569 tuae.
1046 1544 1116 1555 —
1141 1513 1345 1585 Septies
1372 1514 1514 1584 apud
1550 1513 1809 1568 llebrteos
1829 1527 2006 1583 smpe-

426 1621 659 1660 numero
706 1607 931 1677 ponitur
960 1623 1060 1678 pro
1113 1606 1340 1661 Pluries.
1422 1605 1600 1676 Saepe.
1660 1605 1867 1675 inquit,
1948 1604 2004 1659 in

430 1697 520 1753 die
550 1698 765 1754 laudavi
805 1708 879 1766 te,
934 1709 1158 1771 propter
1188 1700 1394 1770 judicia
1423 1699 1661 1770 iustitia:
1717 1707 1850 1763 tum,
1904 1700 2008 1754 hoc

423 1794 536 1852 est,
572 1797 794 1858 propter
831 1789 1005 1860 legem
1037 1798 1213 1852 tuam,
1240 1790 1324 1846 vel
1378 1797 1603 1861 propter
1640 1790 2010 1860 dispensatio-

431 1893 531 1934 nes
589 1889 753 1950 atque
785 1882 1300 1938 administrationes
1323 1891 1469 1946 tuas,
1496 1899 1618 1953 qua:
1645 1899 1766 1936 cum
1792 1882 2008 1952 judicio

431 1978 540 2025 ate
584 1971 741 2037 liunt,
802 1989 927 2029 cum
982 1975 1127 2045 jusle
1176 1974 1364 2030 omnia
1396 1984 1451 2029 et
1502 1973 1766 2031 decenter
1812 1973 2003 2030 facias.

430 2060 593 2128 Quod
625 2063 671 2118 si
703 2066 894 2135 septies
927 2067 1120 2122 referri
1151 2067 1401 2122 dicamus
1427 2066 1494 2121 ad
1524 2083 1838 2136 numerum,
1861 2068 2007 2123 diem

432 2153 817 2227 liicintclliges
847 2159 1178 2226 perfectum,
1232 2161 1335 2215 hoc
1365 2167 1472 2225 est,
1510 2159 1654 2215 diem
1682 2169 1737 2215 et
1766 2169 2007 2216 noctem.

429 2244 500 2299 Et
523 2262 859 2304 connumera
891 2249 995 2307 hoc
1021 2262 1182 2321 pacto
1232 2253 1466 2307 mediam
1513 2262 1752 2314 noctem,
1795 2252 2012 2308 dilucu-

436 2337 573 2397 lum.
603 2355 781 2403 mane,
842 2344 1056 2398 tertiam
1123 2344 1340 2410 horam,
1390 2353 1626 2414 sextam,
1675 2360 1901 2412 nonam,
1955 2356 2013 2401 et

429 2442 708 2497 vesperas.

502 2524 665 2578 Vsus.
706 2524 830 2581 165.
868 2510 987 2581 Paa:
1019 2526 1191 2580 multa
1235 2528 1577 2599 diligentibus
1635 2529 1797 2600 legem
1839 2537 2008 2594 tuam,

430 2626 480 2669 et
515 2626 723 2671 nonest
755 2618 864 2673 illis
898 2620 1234 2674 scandalum.
1269 2619 1636 2690 Diligentibus
1666 2621 1838 2691 legem
1864 2629 2011 2675 tuam

435 2721 542 2771 pax
576 2716 683 2773 est,
722 2723 831 2763 nou
873 2724 999 2765 cum
1031 2710 1413 2766 invisibilibus
1444 2711 1711 2777 inimicis,
1761 2714 1858 2767 sed
1888 2726 2011 2766 eum

435 2795 590 2861 Deo;
626 2807 680 2853 et
729 2815 836 2855 non
870 2810 957 2857 est
1009 2801 1119 2857 illis
1169 2796 1562 2859 otl‘endiculum
1600 2804 1842 2874 aliquod.
1900 2803 2014 2858 Lex

434 2890 636 2947 etenim
704 2906 921 2949 omnem
970 2894 1079 2950 illis
1145 2894 1292 2948 viam
1361 2895 1587 2951 virtutis
1628 2897 1907 2961 explanat,
1957 2903 2017 2952 et

436 2997 600 3036 outne
648 2983 859 3052 peccati
892 2984 1349 3055 impedimentum
1392 2986 1596 3041 aufert.
1633 2985 1725 3042 Vel
1776 2985 1885 3041 illis
1931 2995 2015 3042 est

440 3088 544 3141 pax
596 3090 722 3129 eum
782 3075 852 3132 iis
887 3076 980 3148 qui
1026 3077 1276 3147 ejusdem
1315 3088 1445 3134 sunt
1480 3077 1639 3142 ﬁdei,
1701 3078 1921 3134 tametsi
1958 3078 2010 3133 lti

438 3177 820 3233 smpenumero
851 3181 1038 3236 pacem
1070 3168 1273 3223 habere
1304 3184 1428 3223 cum
1457 3168 1540 3224 eis
1575 3169 1773 3224 nolint.

504 3252 670 3309 Vsus.
716 3255 834 3310 l66.
862 3260 1247 3326 Exspectabam
1279 3259 1518 3312 salutare
1554 3267 1727 3326 tuum,
1770 3258 2015 3328 Domine,

434 3354 489 3399 et
517 3346 781 3401 mandata
817 3356 907 3402 tua
937 3349 1128 3403 dilexi.
1162 3349 1229 3403 Et
1262 3349 1433 3406 dilexi
1466 3364 1555 3414 ea,
1607 3360 1668 3405 ut
1722 3347 2018 3410 aditiveni-

440 3451 580 3503 rem,
611 3439 755 3510 quod
788 3443 1201 3509 exspectabam.
2010 3454 2013 3455 ⁷

508 3528 671 3585 Vens.
714 3529 838 3584 167.
883 3531 1182 3588 Custodivit
1208 3536 1391 3590 anima
1423 3553 1539 3592 mea
1564 3538 1869 3592 testimonia
1901 3547 2017 3601 tua.

437 3631 490 3675 et
512 3621 699 3676 dilexit
728 3638 794 3677 ea
818 3622 1162 3680 vehementer.
1187 3623 1305 3681 Non
1341 3628 1518 3683 solum
1558 3629 1887 3695 custodivit,
1920 3632 2015 3686 sed

438 3713 609 3768 etiam
632 3714 848 3783 dilexit;
880 3731 983 3772 nec
1013 3725 1229 3773 tantum
1258 3720 1475 3789 dilexit,
1506 3723 1600 3779 sed
1628 3722 1819 3779 dilexit
1850 3724 2022 3780 vehe-

444 3815 679 3864 menter.

521 3903 679 3960 Vens.
719 3904 842 3962 168.
867 3907 1087 3965 Servavi
1116 3911 1369 3990 mandata
1394 3921 1485 3968 tua
1503 3922 1553 3969 et
1579 3915 1882 3970 testimonia
1906 3925 2019 3972 tua.

443 3995 577 4064 Qua:
609 4002 869 4071 superius
897 4004 1105 4070 divisit,
1138 4021 1287 4063 nunc
1318 4009 1627 4079 eonjungit.

518 4092 659 4158 Quia
694 4112 871 4150 omnes
920 4098 1018 4153 vite
1058 4116 1186 4155 mea:
1226 4105 1282 4156 in
1319 4112 1601 4173 conspectu
1628 4113 1742 4169 tuo,
1774 4103 2022 4161 Domine.

440 4186 645 4252 Causa,
678 4189 878 4257 inquit,
928 4191 1096 4261 hujus
1137 4193 1546 4253 observationis
1596 4212 1733 4252 mea:
1783 4197 1908 4262 vite,
1966 4206 2024 4253 et

442 4279 626 4334 omnis
678 4281 824 4335 actio
862 4297 983 4338 mea
1024 4285 1079 4339 in
1116 4296 1418 4356 conspectu
1470 4297 1567 4342 tuo
1607 4287 1911 4356 perficitur,
1966 4298 2026 4345 et

443 4382 499 4426 te
532 4381 698 4438 teste,
730 4374 856 4430 vitae
887 4391 974 4431 me
1019 4377 1273 4432 semitam
1349 4379 1594 4436 ambulo.
1662 4377 2020 4435 Prwvidcbam

2100 606 2251 659 φυρα
2276 588 2462 641 ἐκεῖνα
2495 587 2899 652 πλουτίζουσιν,
2934 584 3081 640 οὕτω
3107 583 3253 654 κάμὲ
3284 582 3353 636 τὰ
3379 580 3537 648 λόγιά
3556 597 3675 643 σου,

2102 677 2411 748 φωτίζοντα
2461 693 2566 748 μου
2608 676 2702 730 τὸν
2762 675 2913 741 νοῦν,
2941 672 3039 728 καὶ
3092 668 3368 742 θησαυρὸν
3420 667 3677 736 γνώσεως

2100 769 2463 843 χαριζόμενα.

2186 863 2455 919 Ἀδικίαν
2489 862 2757 932 ἐμίσησα
2808 859 2909 915 καὶ
2975 856 3416 925 ἐϐδελυξάμην,
3477 851 3588 906 τὸν
3612 850 3682 904 δὲ

2102 961 2293 1028 ’νόμον
2321 975 2437 1013 σου
2467 955 2780 1026 ἠγάπησα.
2848 956 2960 1024 Οὐχ
3006 952 3196 1016 ἁπλῶς
3231 950 3494 1022 ἐμίσησα,
3543 946 3679 1000 ἀλλὰ

2105 1052 2198 1105 καὶ
2248 1050 2667 1120 ἐϐδελυξάμην·
2733 1047 2988 1109 ἐπίτασις
3027 1044 3086 1099 δὲ
3122 1042 3283 1097 τοῦτο
3306 1040 3403 1096 τοῦ
3465 1038 3681 1111 μῖσους.

2106 1141 2219 1194 Καὶ
2251 1139 2513 1210 ἀνωτέρω
2565 1139 2621 1192 δὲ
2647 1138 2838 1208 εἴρηκε
2863 1152 2878 1166 ·
2929 1136 3322 1204 Παρανόμους
3395 1129 3680 1200 ἐμίσησα,

2102 1230 2213 1284 τὸν
2260 1228 2329 1284 δὲ
2373 1229 2563 1301 νόμον
2601 1242 2721 1283 σου
2771 1227 3083 1296 ἠγάπησα.

2187 1424 2464 1491 Ἑπτάκις
2493 1422 2605 1492 τῆς
2625 1421 2850 1493 ἡμέρας
2879 1420 3076 1493 ᾖνεσά
3123 1435 3200 1475 σε
3226 1418 3325 1473 ἐπὶ
3362 1416 3435 1472 τὰ
3472 1418 3683 1486 alpina-

2106 1533 2180 1571 τα
2201 1514 2311 1584 τῆς
2337 1514 2731 1582 δικαιοσύνης
2763 1529 2903 1569 σου.
2934 1512 3009 1566 Τδ
3063 1508 3348 1575 Ἔπτάκις
3396 1508 3545 1561 ἔστιν
3593 1507 3684 1560 ὅτε

2112 1607 2241 1677 παρ’
2282 1606 2557 1678 Ἑϐραίοις
2609 1605 2670 1659 τὸ
2732 1604 3032 1672 πολλάκις
3079 1603 3248 1674 δηλοῖ.
3278 1602 3548 1664 Πολλάκις
3586 1598 3686 1669 τῆς

2108 1703 2345 1772 ἡμέρας,
2422 1702 2619 1772 φησὶν,
2684 1699 2913 1771 ὑμνήσω
2982 1716 3041 1752 σε
3117 1697 3206 1752 διὰ
3296 1696 3363 1751 τὰ
3441 1693 3690 1766 κρίματα

2111 1790 2212 1859 τῆς
2261 1790 2608 1862 δικαιοσύνης
2661 1807 2780 1857 σου,
2834 1788 2924 1844 διὰ
2990 1788 3083 1844 τὸν
3120 1787 3287 1859 νόμον
3336 1798 3471 1840 σου⁶
3532 1783 3688 1857 ῆδιὰ

2114 1881 2213 1946 τὰς
2261 1881 2400 1953 μετὰ
2446 1882 2777 1952 διακρίσεως
2815 1880 3133 1944 οἱκονομὶας
3170 1897 3285 1940 σου.
3335 1875 3430 1932 τοῦ
3461 1874 3688 1938 δικαίως

2114 1975 2294 2028 πάντα
2323 1976 2420 2030 καὶ
2446 1976 2769 2043 πρεπόντως
2805 1973 3110 2038 ποιοῦντος.
3143 1974 3206 2027 El
3225 1971 3282 2026 δὲ
3310 1969 3433 2025 κατ’
3456 1967 3692 2038 ἀριθμὸν

2112 2067 2345 2131 ἑπτάκις
2382 2067 2662 2139 λάϐοιμεν,
2695 2069 2911 2140 ἡμέραν
2942 2067 3041 2137 μὲν
3061 2066 3254 2137 νόησον
3302 2062 3365 2117 τὸ
3417 2059 3690 2134 ἡμερονύ-

2113 2174 2286 2216 κτιον.
2346 2159 2607 2233 ’Δριθμεϊ
2662 2162 2721 2236 δὲ
2784 2161 3164 2233 μεσονύκτιον,
3217 2156 3552 2230 καὶὸρϐρον,
3592 2153 3689 2208 καὶ

2116 2253 2285 2324 πρωῒ,
2320 2254 2413 2308 καὶ
2435 2254 2587 2326 ὥρας
2610 2255 2798 2323 γ’,καὶ
2823 2260 2900 2321 ς’,
2932 2254 3028 2307 καὶ
3059 2253 3126 2319 θ’,
3159 2253 3255 2306 καὶ
3285 2250 3549 2322 ἑσπέραν.

2188 2522 2412 2592 Εῑρήνη
2456 2525 2659 2594 πολ.ιή
2689 2524 2815 2593 τοῖς
2848 2522 3123 2597 ἀγαπῶσι
3176 2524 3288 2579 τὸν
3331 2525 3522 2593 νόμον
3548 2536 3690 2586 σου,

2115 2616 2213 2671 καὶ
2245 2619 2355 2672 οὐκ
2384 2619 2558 2673 ἐστιν
2576 2617 2779 2686 αὐτοῖς
2806 2616 3180 2673 σκάνδαλον.
3212 2616 3420 2688 Εἰρήνη
3446 2614 3508 2668 οὐ
3552 2613 3691 2685 πρὸς

2117 2710 2245 2773 τοὺς
2269 2711 2540 2782 ἅοράτους
2604 2711 2858 2783 ἐχθροὺς.
2891 2709 3028 2766 ἀλλὰ
3074 2709 3212 2782 πρὸς
3244 2709 3339 2763 τὸν
3387 2708 3521 2762 Θεὸν
3553 2723 3567 2735 ·
3598 2706 3695 2760 καὶ

2114 2802 2218 2855 οὐκ
2248 2801 2398 2883 ἔστιν
2462 2804 2652 2867 αὐτοῖς
2697 2805 3118 2875 πρόσκρουσμα.
3182 2800 3528 2872 Ἐξομαλίξει
3582 2798 3695 2869 γὰρ
3792 2799 3798 2803 ’

2116 2893 2332 2959 τούτοις
2365 2896 2394 2948 ὁ
2421 2895 2589 2967 νόμος
2613 2895 2714 2965 τὴν
2769 2894 2890 2948 ὁδὸν
2918 2894 3019 2965 τῆς
3053 2892 3283 2963 ἀρετῆς,
3336 2892 3447 2945 πᾶν
3496 2888 3697 2947 σκῦλον

2116 2989 2394 3061 ἁμαρτίας
2425 2988 2682 3059 ἐξαίρων.
2729 2989 2803 3043 Ἦ
2854 2988 3045 3060 εἰρήνη
3087 2986 3225 3058 πρδς
3256 2986 3385 3050 τοὺς
3441 2984 3544 3054 τῆς
3595 2981 3697 3037 αὕ-

2116 3081 2222 3151 τῆς
2253 3079 2493 3144 πίστεως
2546 3095 2562 3111 ο
2591 3079 2642 3133 el
2680 3079 2776 3134 xui.
2818 3078 3020 3134 ἐκεῖνοι
3073 3076 3339 3141 πολλάκις
3390 3075 3695 3149 εἰρηνεύειν

2036 3170 2083 3234 C
2117 3170 2253 3242 πρὸς
2278 3171 2505 3237 τούτους
2533 3172 2594 3226 οὐ
2624 3170 2929 3242 βούλονται.

2186 3263 2583 3332 Προσεδόκων
2609 3262 2677 3318 τὸ
2717 3262 3019 3332 σωτήριόν
3049 3278 3192 3328 σου,
3226 3262 3426 3330 Κύριε,
3458 3262 3559 3317 καὶ
3588 3261 3698 3329 τὰς

2122 3354 2379 3422 ἐντολάς
2404 3371 2523 3411 σου
2557 3355 2869 3434 ἠγάπησα.
2900 3358 3014 3413 Καὶ
3056 3355 3321 3430 ἠγάπησα
3351 3355 3576 3425 ταύτας,
3608 3355 3698 3409 ἴνα

2117 3448 2248 3520 ἔλθῃ
2280 3449 2340 3503 τὸ
2362 3450 2850 3521 προσδοκώμενον.

2189 3543 2542 3613 Ἐρύλαξεν
2578 3545 2619 3614 ἡ
2650 3546 2822 3616 ψυχή
2843 3562 2964 3615 μου
2990 3545 3063 3601 τὰ
3088 3545 3383 3617 μαρτύριὰ
3410 3559 3548 3611 σου,
3597 3543 3700 3599 καὶ

2117 3633 2445 3705 ἠγάπησεν
2479 3638 2632 3692 αὐτὰ
2657 3637 2915 3706 σφόδρα.
2941 3638 3016 3693 Οὐ
3057 3638 3224 3710 μόνον
3251 3636 3538 3708 ἐφύλαξεν,
3559 3637 3700 3695 ἀλλὰ

2115 3730 2213 3784 καὶ
2227 3727 2534 3800 ἠγάπησεν,
2548 3728 2644 3783 καὶ
2655 3729 2752 3799 οὐχ
2772 3729 2960 3794 ἅπλῶς
2975 3730 3283 3803 ἠγάπησεν,
3302 3729 3439 3785 ἀλλὰ
3459 3730 3552 3785 καὶ
3564 3730 3699 3800 σφό-

2113 3822 2241 3895 δρα.

2189 3895 2503 3986 Ἐςοὶὶλαξα
2546 3916 2653 3985 τὰς
2710 3917 2967 3985 ἐντολάς
3023 3933 3144 3973 σου
3181 3917 3283 3972 καὶ
3317 3916 3389 3972 τὰ
3408 3912 3707 3993 μαρτύριά

2121 4025 2261 4065 σου.
2292 4009 2361 4063 Ἀ
2388 4007 2677 4073 διέστειλε,
2713 4009 2811 4064 νῦν
2838 4010 3071 4081 ἥνωσεν.

2194 4100 2546 4159 Ὅτιπᾶσαι
2596 4105 2656 4157 al
2689 4103 2820 4159 ὁδοί
2864 4121 2984 4174 μου
3006 4102 3288 4159 ἐναντίον
3336 4117 3474 4165 σου,
3505 4102 3703 4170 Κύριε.

2121 4193 2305 4248 Αἴτιον
2358 4193 2416 4248 δὲ
2447 4194 2549 4264 τῆς
2576 4194 2827 4265 φυλακῆς
2855 4195 3084 4260 τούτων,
3135 4194 3222 4249 ὅτι
3292 4195 3464 4249 πᾶσαι
3503 4196 3559 4247 αἱ
3586 4193 3697 4248 ὁδοὶ

2130 4286 2232 4355 τῆς
2271 4285 2552 4350 πολιτείας
2599 4304 2700 4359 μου
2734 4288 2829 4341 καὶ
2889 4288 3043 4343 πᾶσα
3081 4287 3285 4358 πρᾶξίς
3320 4304 3420 4357 μου
3471 4285 3702 4339 ἐνώπιόν
3763 4269 3767 4272 ’
3817 4322 3821 4325 -

2128 4397 2225 4433 σου
2253 4379 2519 4447 τελεῖται,
2572 4381 2670 4435 καὶ
2710 4381 2816 4436 ὑπὸ
2852 4383 2934 4434 σοὶ
2963 4381 3206 4452 μάρτυρι
3233 4380 3404 4434 ὁδεύω
3434 4380 3525 4433 τὸν
3562 4380 3699 4450 βίον.

444 4462 615 4527 enim,
650 4465 849 4534 inquit,
906 4466 1186 4522 Dominum
1235 4469 1291 4522 in
1344 4481 1620 4539 conspectu
1655 4488 1768 4525 meo
1797 4488 2014 4540 semper.

2126 4472 2527 4543 Προεωρώμην
2568 4472 2700 4544 γὰρ,
2751 4490 2825 4544 φη
2836 4473 2909 4540 si,
2935 4474 3043 4529 τὸν
3067 4474 3291 4543 Κύρίον
3310 4474 3570 4530 ἐνώπιόν
3583 4491 3705 4543 μου

445 4551 607 4610 Unde
655 4556 857 4612 timens
898 4567 974 4622 te,
1021 4559 1113 4629 qui
1167 4561 1353 4614 omnia
1420 4576 1539 4616 mea
1574 4577 1795 4632 semper
1841 4561 2022 4630 vides,

444 4647 681 4701 observo
708 4648 874 4701 etiam
914 4650 1171 4705 mandata
1201 4659 1314 4711 tua.
1346 4659 1400 4706 et
1427 4652 1746 4708 testimonia
1779 4663 1892 4708 tua.

516 4737 680 4793 Vens.
724 4737 848 4794 169.
885 4740 1275 4810 Appropinquet
1321 4743 1625 4812 deprecatio
1661 4759 1779 4799 mea
1818 4747 1873 4799 in
1898 4761 2024 4800 eon-

446 4837 628 4901 spectu
661 4839 772 4895 tuo,
800 4831 1043 4889 Domine.
1083 4833 1200 4887 Non
1233 4843 1534 4898 avertatur,
1561 4851 1664 4892 nec
1699 4839 2023 4907 repudietur

449 4939 477 4974 a
511 4931 585 4989 tr,
617 4933 873 4993 tauquam
899 4940 1020 4995 quas
1069 4926 1410 4983 admittenda
1456 4944 1563 4984 non
1619 4930 1711 4986 sit.
1756 4930 2017 4998 Quaenam

449 5024 629 5069 autem
661 5014 825 5069 fuerit
855 5017 968 5072 haec
1007 5018 1345 5088 deprecatio,
1377 5021 1534 5075 audi.

518 5107 689 5162 Juxta
720 5108 984 5178 eloquium
1016 5120 1163 5165 tuum
1194 5110 1266 5165 da
1304 5112 1434 5165 mihi
1476 5112 1821 5169 intellectum.
1886 5112 2024 5170 Ecce

448 5200 728 5271 propheta:
790 5203 963 5257 nostri
1006 5202 1481 5274 deprecationem.
1530 5204 1660 5272 Fac,
1694 5205 1895 5275 inquit,
1937 5222 2025 5261 me

452 5310 562 5349 non
604 5295 763 5365 juxta
814 5295 1087 5351 humanas
1127 5306 1302 5360 artes,
1356 5306 1451 5352 aut
1507 5298 1700 5353 mundi
1753 5299 2024 5358 scientias

452 5403 669 5459 sapere,
698 5387 794 5443 sed
820 5387 973 5457 juxta
1008 5390 1280 5445 rationem
1320 5400 1491 5455 tuam,
1528 5401 1589 5446 ut
1638 5401 1693 5446 et
1736 5407 2028 5449 sermones

454 5488 580 5538 tuos
605 5482 934 5551 intelligam,
968 5491 1020 5537 et
1057 5484 1230 5554 legem
1262 5493 1412 5540 tuam
1448 5485 1516 5540 ad
1548 5485 1777 5555 plenum
1815 5499 2025 5555 cogno-

459 5585 630 5626 scam.

532 5660 695 5717 Vsus.
740 5664 860 5720 ΠΟ.
898 5664 1073 5718 Intret
1138 5666 1430 5735 postulatio
1476 5682 1594 5718 mea
1644 5666 1699 5718 in
1747 5673 2029 5731 conspectu

462 5759 575 5812 tuo,
611 5752 850 5808 Domine.
941 5755 1372 5812 Postulationem
1460 5756 1659 5825 Aquila
1719 5755 2034 5810 Orationem

466 5837 628 5905 dixit,
664 5849 719 5896 et
753 5844 1117 5910 Symmachus
1152 5845 1622 5915 Supplicationem.
1676 5846 1739 5901 Et
1778 5847 2036 5916 superius

2127 4562 2226 4617 διὰ
2253 4565 2513 4631 παντός-ζ·
2540 4565 2664 4618 ὅθεν
2688 4565 2800 4631 καὶ,
2819 4564 3157 4637 φοϐούμενός
3187 4583 3245 4620 σε
3259 4566 3328 4619 τὰ
3354 4566 3462 4636 ἐμὰ
3481 4565 3706 4636 βλέπον-

2125 4644 2217 4719 τα,
2250 4654 2510 4724 φυλάσσω
2537 4655 2638 4719 τὰς
2654 4656 2878 4721 ἐντολάς
2910 4675 3003 4712 σου
3052 4658 3146 4712 καὶ
3167 4658 3237 4712 τὰ
3278 4657 3558 4729 μαρτύριά
3583 4674 3702 4712 σου.

2196 4746 2523 4817 Ἐγγισάτω
2559 4748 2599 4816 ἠ
2629 4746 2842 4814 δέησίς
2861 4764 2982 4818 μου
3018 4748 3277 4802 ἐνώπιόν
3329 4762 3469 4811 σου,
3505 4748 3703 4814 Κύριε.

2126 4840 2219 4913 Μὴ
2248 4841 2655 4912 ἀποστραφεῑη,
2695 4839 2777 4908 ὥς
2831 4842 3220 4913 ἀπρόσδεκτος.
3255 4842 3353 4906 Τίς
3375 4840 3471 4909 δές
3532 4838 3707 4909 Αὕτη.

2204 5109 2369 5163 Κατὰ
2404 5107 2474 5161 τὸ
2513 5106 2727 5176 λόγιόν
2755 5119 2874 5161 σου
2894 5103 3336 5174 συνέτισόνμε.
3377 5100 3525 5171 Αὕτη
3564 5100 3717 5154 ἐστὶν

2132 5206 2168 5275 ή
2200 5202 2404 5272 δέησις,
2430 5202 2511 5255 ὅτι
2543 5199 2827 5254 Συνετισόν
2860 5217 2927 5269 με
2970 5198 3046 5268 μὴ
3103 5197 3244 5251 κατὰ
3275 5194 3470 5267 τέχνην
3505 5192 3715 5262 ἀνθρωο

2134 5296 2298 5367 stlqu
2327 5296 2361 5369 ἦ
2398 5295 2717 5365 ἐπιστήμην
2751 5290 3035 5363 βιωτικὴν,
3072 5289 3205 5344 ἀλλὰ
3247 5288 3390 5342 κατὰ
3418 5286 3510 5339 τὸν
3555 5284 3716 5351 λόγον

2140 5407 2261 5458 σου,
2288 5391 2376 5443 ἵνα
2432 5391 2577 5443 συνῶ
2626 5388 2755 5453 τοὺς
2807 5388 3001 5456 λόγους
3029 5402 3147 5451 σου,
3200 5382 3288 5438 ἵνα
3327 5382 3441 5453 γνῶ
3471 5375 3715 5452 ἀκριῦὦς

2136 5485 2230 5538 τδν
2260 5484 2424 5554 νόμον
2456 5502 2574 5538 σου.

2211 5662 2489 5716 Elei/100:
2526 5661 2594 5713 τὸ
2636 5659 2870 5728 ἀξίωμά
2893 5675 3012 5728 μου
3049 5652 3309 5711 ἐνώπιόν
3355 5667 3490 5714 σου,
3522 5650 3710 5715 Κύριε.

2148 5754 2222 5808 Τὸ
2261 5752 2482 5824 ἀξίωμα
2506 5754 2533 5806 ὁ
2556 5751 2656 5821 μὲν
2697 5749 2930 5813 Ἀκύλας
2970 5748 3191 5815 Δέησιν
3230 5744 3496 5813 ἐξέδωκεν
3525 5781 3541 5807 ,
3588 5738 3620 5791 ὁ
3662 5736 3717 5791 st

2149 5843 2449 5914 Σύμμαχος
2486 5840 2767 5898 Ἱκεσίην.
2783 5835 3069 5909 Ἀνωτέρω
3095 5835 3193 5907 μὲν
3213 5832 3306 5889 οὖν
3331 5828 3504 5897 εἶπεν,
