4112 6426
420 367 556 435 1181

1586 381 1734 440 CUM
1746 383 1973 443 MEN'l‘.
2023 383 2098 442 IN
2141 383 2502 445 PSALMOS.

3530 379 3674 444 1182

412 489 600 553 σὰτω,
637 487 731 541 νῦν
754 487 832 554 δὲ,
889 489 1204 546 Εὶσέλθοιο
1241 490 1338 544 ἐὰν
1372 491 1478 564 γὰρ
1520 493 1742 566 ἐγγεσῃ,
1778 495 1996 558 πάντως

2104 497 2328 566 quidem
2397 497 2535 550 dixit
2582 494 3014 565 Appropinquet,
3075 492 3240 548 modo
3270 509 3400 550 vero
3476 493 3675 552 Intret.

411 583 510 634 καὶ
533 579 934 634 εἰσελεύσεται.

485 668 646 722 Κατὰ
693 667 761 722 τὸ
804 667 1016 738 λόγιόν
1035 681 1154 723 σου
1205 669 1426 735 ἐξελοῦ
1457 690 1556 742 με.
1578 671 1737 726 Κατὰ
1765 673 1866 744 τὴν
1903 691 1992 727 σου

411 761 544 829 φίαν
597 778 692 814 σου
729 760 892 832 ῥῦσαί
949 779 1017 831 με
1057 763 1166 815 τῶν
1219 766 1567 835 πειρασμῶν,
1637 766 1671 836 ἢ
1729 766 1870 820 κατὰ
1897 767 1997 837 τὴν

410 854 708 923 ὑπόσχεσίν
737 871 854 917 σου,
897 854 1081 918 καθὼς
1124 857 1382 926 ἀνωτέρω
1420 858 1696 928 διαφόρως
1752 859 1995 929 εἴρηται.

411 948 524 1001 Καὶ
556 947 741 1012 ἰδικῶς
772 948 880 1018 γὰρ
912 948 1061 1018 αὺτῷ
1082 951 1110 1002 ὁ
1133 950 1264 1013 Θεὸς
1299 950 1669 1020 ἐπηγγείλατο
1713 951 1991 1022 βοήθειαν.

480 1209 935 1280 Ἐξερεύξαιντο
965 1210 1038 1264 τὰ
1059 1212 1234 1281 χειλη
1261 1230 1380 1282 μου
1418 1213 1629 1280 ὕμνον,
1668 1212 1813 1266 ὅταν
1831 1211 1995 1266 διδά-

413 1297 528 1365 ξῃς
545 1317 622 1367 με
650 1300 720 1353 τὰ
752 1299 1111 1370 δικαιώματὰ
1132 1320 1268 1356 σου.
1289 1302 1600 1368 Ἑξενέγκοι
1629 1303 1800 1373 ὕμνον
1827 1305 1993 1374 εὐχα-

411 1394 715 1461 ριστήριον,
743 1392 872 1444 ὅταν
893 1392 1111 1466 διδάξῃς
1139 1412 1205 1464 με
1231 1394 1296 1446 τὰ
1325 1394 1672 1463 δικαιώματά
1712 1411 1806 1467 σου
1837 1411 1992 1446 συνε-

405 1481 670 1552 τώτερον,
730 1483 901 1554 ὕμνον
957 1486 1141 1550 ίδικῶς
1195 1487 1641 1558 εὐχαριστήριον,
1688 1487 1828 1553 ὑπὲρ
1889 1486 1993 1556 τῆς

406 1576 734 1648 εὐεργεσίας
773 1579 1000 1651 ταύτης.
1028 1579 1268 1650 Εὕχεται
1292 1581 1347 1633 δὲ
1368 1580 1528 1634 τοῦτο
1563 1579 1661 1650 τὴν
1689 1579 1990 1649 ἐπιθυμίαν

407 1670 719 1736 ἐμφαίνων.

2098 589 2234 645 Nam
2270 589 2315 643 si
2345 588 2896 658 appropinquaverit,
2925 587 3154 642 omnino
3179 587 3346 642 etiam
3381 587 3636 642 intrabit.

2169 677 2469 732 Secundum
2491 675 2757 746 eloquium
2783 684 2929 728 tuum
2955 676 3096 742 eripe
3119 691 3222 729 me.
3265 672 3428 728 Juxta
3457 673 3678 743 sapien-

2099 771 2232 825 tiam
2291 779 2444 823 luam
2518 771 2693 824 libera
2751 783 2839 822 me
2888 768 2958 822 ab
3037 766 3452 822 amictionibus.
3524 764 3676 818 Vel:

2096 860 2258 916 Juxta
2297 862 2722 931 promissionem
2753 869 2927 922 tuam,
2973 859 3440 930 quemadmodum
3486 867 3542 911 et
3575 872 3676 909 su-

2100 952 2286 1018 perius
2311 951 2521 1006 dictum
2553 959 2660 1007 est.
2715 951 2848 1004 Nam
2877 950 3132 1020 privatim
3164 948 3428 1004 Dominus
3459 947 3508 1001 ei
3549 945 3673 1014 pol-

2099 1044 2282 1098 licitus
2317 1044 2518 1109 fuerat,
2551 1043 2819 1098 auxilium
2883 1051 3048 1112 atque
3098 1057 3255 1110 opem
3290 1055 3446 1096 suam
3503 1053 3564 1093 se
3594 1036 3674 1090 illi

2095 1133 2339 1202 praestita
2349 1148 2467 1186 rum
2499 1147 2643 1187 esse.

2162 1222 2332 1277 Vens.
2373 1223 2495 1276 171.
2532 1221 2792 1276 Eructeut
2822 1222 2970 1276 labia
2996 1238 3113 1275 mea
3140 1222 3391 1291 hymnum
3429 1233 3544 1271 cum
3573 1215 3676 1268 do-

2092 1315 2262 1367 cueris
2303 1331 2384 1367 me
2420 1315 2834 1384 justiﬁcaliones
2883 1329 3028 1369 tuas.
3062 1313 3236 1368 Simul
3291 1327 3356 1366 ac
3401 1307 3680 1379 justiﬁea'

2103 1405 2282 1462 tiones
2314 1417 2435 1464 tuas
2474 1409 2776 1477 sapientius
2817 1424 2900 1462 me
2933 1407 3218 1469 docueris.
3270 1405 3534 1476 hymnum
3575 1400 3679 1454 ali-

2100 1515 2262 1569 quem
2308 1501 2362 1553 in
2397 1500 2697 1570 gratiarum
2725 1500 3021 1566 actionem,
3069 1513 3190 1552 mea
3227 1496 3458 1550 efferant
3484 1493 3627 1548 labia
3660 1509 3678 1545 :

2099 1592 2387 1663 hymnum,
2430 1592 2553 1648 dico
2582 1593 2858 1662 privatum
2901 1591 3139 1660 aliquem
3193 1589 3286 1660 qui
3332 1602 3432 1657 pro
3482 1584 3685 1654 hujus-

2100 1681 2244 1736 modi
2275 1684 2521 1753 acceptis
2547 1682 2834 1738 beneﬁciis
2867 1681 2921 1735 in
2966 1679 3180 1734 laudem
3211 1688 3385 1740 tuam,
3417 1687 3584 1746 atque
3619 1675 3676 1727 in

404 1761 711 1829 gratiarum
767 1763 1042 1817 actionem
1093 1766 1448 1834 conscriptus
1485 1767 1581 1822 sit.
1639 1763 1756 1824 lloc
1804 1777 1990 1823 autem
2028 1773 2301 1829 orationis
2333 1785 2386 1829 et
2424 1789 2646 1846 precum
2685 1787 2886 1844 genere
2923 1786 3083 1825 suum
3153 1769 3428 1838 Propheta
3493 1763 3681 1820 omni-

404 1857 512 1911 bus
541 1856 990 1910 ardentissimum
1029 1859 1374 1912 demonstrat
1407 1861 1774 1916 desiderium.

479 1949 801 2019 Φθέγξοιτο
847 1951 886 2019 ἡ
925 1951 1177 2021 γλῶσσά
1220 1971 1340 2022 μου
1369 1957 1440 2008 τὰ
1479 1956 1654 2024 λόγια
1704 1973 1843 2012 σου.
1884 1957 1997 2011 Ἀεὶ

2169 1958 2338 2013 Vens.
2381 1958 2506 2010 172.
2547 1955 2875 2010 Pronuntiat
2903 1955 3088 2025 lingua
3143 1969 3256 2006 mea
3299 1949 3507 2018 eloquia
3561 1957 3681 2000 tua.

402 2041 580 2095 ταῦτα
641 2041 973 2111 φθέγξαιτο,
1014 2042 1173 2096 τοῦτο
1234 2045 1332 2114 μὲν
1393 2046 1697 2115 μελετῶσα,
1737 2047 1895 2100 τοῦτο
1940 2048 1998 2101 δὲ

403 2133 631 2203 ἑτέρους
665 2133 996 2188 διδάσκουσα
1023 2134 1121 2187 καὶ
1159 2136 1326 2205 μηδὲν
1347 2135 1536 2206 ἕτερον
1591 2137 1994 2208 ἀσχολουμένη.

476 2313 604 2368 Ὅτι
629 2311 821 2367 πᾶσαι
845 2315 904 2366 al
927 2312 1174 2367 ἑντολαί
1204 2331 1322 2368 σου
1352 2314 1735 2384 δικαιοσύνη.
1798 2315 1984 2369 Εὐθύ-

399 2423 505 2475 της
528 2405 833 2458 εὖθυνοῦσα
859 2406 950 2458 τὸν
983 2405 1119 2474 βίον,
1147 2407 1242 2459 καὶ
1277 2407 1622 2478 ῥυθμίζουσα
1648 2413 1741 2462 τὸν
1767 2409 1992 2480 ἄνθρω-

400 2514 528 2551 πον.
567 2499 677 2551 Καὶ
699 2498 992 2570 προλαϐὼν
1019 2499 1075 2553 δὲ
1106 2496 1251 2555 εἵπεο
1313 2503 1678 2571 Δικαιοσύνη
1730 2501 1802 2556 τὰ
1845 2520 1998 2573 μαρ-

399 2589 580 2658 τύριά
618 2605 760 2646 σου.

477 2771 756 2824 Γενέσθω
787 2773 826 2840 ἡ
850 2773 978 2840 χείρ
1007 2788 1125 2827 σου
1153 2773 1258 2828 τοῦ
1283 2774 1484 2828 σῶσαί
1511 2792 1612 2844 με,
1653 2775 1741 2829 ὅτι
1759 2777 1867 2842 τὰς
1900 2778 1998 2831 ἐν-

402 2863 595 2929 τολάς
619 2878 737 2916 σου
783 2863 1178 2931 ᾐρετισάμην.
1213 2866 1473 2918 Τοιοῦτόν
1514 2867 1632 2920 ἐστι
1671 2869 1768 2922 καὶ
1813 2868 1994 2938 τοῦτο,

401 2953 518 3010 οἷον
550 2957 720 3010 καὶτὸ
734 2955 895 3022 Γενῇ
909 2958 1114 3024 μοιέὶς
1133 2957 1282 3010 Θεὸν
1302 2961 1797 3028 ὑπερασπιστήν.
1817 2964 1997 3032 Παρα-

331 3109 334 3112 ,
401 3050 653 3119 γενέσθω
680 3051 776 3104 ἐπὶ
802 3050 880 3119 τῷ
917 3049 1090 3102 σῶσαί
1139 3067 1250 3119 με·
1320 3051 1567 3119 γενέσθω
1622 3054 1706 3116 εἰς
1757 3053 1817 3107 τὸ
1885 3055 1995 3109 σῶ-

403 3143 503 3196 σαί
533 3161 624 3211 με.

493 3237 879 3303 Ἐπεπόθησα
912 3236 975 3288 τὸ
997 3235 1299 3301 σωτήριόν
1349 3251 1487 3299 σου,
1553 3238 1752 3307 Κύριε,
1797 3240 1898 3294 καί
1961 3243 1997 3296 ὁ

400 3335 593 3399 νόμος
613 3345 730 3383 σου
755 3327 978 3396 μελέτη
1003 3329 1122 3396 μού
1143 3328 1301 3380 ἐστι.
1331 3305 1818 3401 Ἐπεπόθησατὴν
1844 3331 1996 3402 παρὰ
2019 3305 2064 3367 C

407 3422 510 3478 σοῦ
539 3421 842 3491 σωτηρίαν,
877 3419 939 3472 οὐ
973 3418 1072 3490 τὴν
1096 3419 1226 3488 παρ’
1253 3419 1548 3488 ἀνθρώπου
1594 3419 1873 3491 βοήθειαν.
1903 3423 1998 3476 Διὸ

404 3517 508 3570 καὶ
545 3516 574 3567 δ
598 3515 764 3582 νόμος
789 3529 883 3565 σου
920 3509 1122 3581 μελέτη
1159 3509 1260 3580 μού
1299 3512 1480 3575 ἐστιν,
1538 3512 1624 3564 ἵνα
1653 3512 1741 3565 διὰ
1790 3513 2000 3584 ταύτην

408 3609 556 3680 ῥύσῃ
575 3623 644 3675 με
665 3605 776 3658 τῶν
803 3603 1040 3673 ἐχθρῶν.
1061 3603 1224 3665 Ἴσως
1247 3603 1306 3655 δὲ
1328 3603 1425 3654 καὶ
1449 3621 1512 3654 πε
1523 3603 1575 3671 pl
1596 3604 1696 3669 τῆς
1719 3604 1998 3674 ὲνανθρω-

406 3702 634 3773 πήσιως
668 3696 762 3750 τοῦ
793 3696 1051 3765 Σωτῆρος
1081 3694 1233 3762 λέγει
1255 3712 1268 3725 ο
1298 3693 1441 3763 αὕτη
1473 3693 1580 3766 γὰρ
1606 3696 1878 3767 σωτήριον
1899 3697 1998 3750 τοῦ

407 3793 621 3861 κόσμου
657 3786 967 3860 παράὐτοῦ
989 3803 1003 3817 ·
1035 3785 1280 3856 Ἐτέχθη
1313 3786 1450 3855 γὰρ,
1485 3787 1674 3855 φησὶν,
1694 3789 1838 3856 ὑμῖν
1883 3788 1998 3855 σή..

405 3898 591 3951 μερον
623 3879 826 3946 Σωτήρ
856 3894 870 3908 ο
904 3879 1041 3946 ὅπερ
1063 3880 1332 3947 σωτήριον
1390 3878 1710 3948 ἐπεπόθησα
1741 3880 1998 3945 ίδεῖν,,ὡς

409 3976 505 4027 καὶ
526 3976 584 4026 ὲν
605 3972 794 4034 ἄλλοις
825 3971 1134 4041 εἰρήκαμεν
1152 3985 1166 3998 ·
1198 3971 1289 4021 καὶ
1332 3968 1396 4021 Ὀ
1430 3972 1617 4036 νόμος
1638 3986 1757 4024 σου
1768 3969 1993 4039 μελέτη

403 4067 525 4136 μού
558 4066 747 4130 ἐστιν,
777 4064 852 4126 ὡς
886 4063 956 4115 τὰ
991 4059 1240 4131 περὶτοῦ
1276 4061 1547 4129 σωτηρίου
1574 4062 1768 4114 τούτου
1831 4081 1994 4117 σκια-

407 4159 641 4230 γραφῶν
675 4158 771 4211 καὶ
792 4156 1266 4226 ὑπαινιττόμενος.

2103 2049 2340 2103 Assidue
2370 2064 2434 2103 ea
2472 2050 2753 2118 loquatur,
2807 2048 2883 2102 ita
2941 2054 3000 2100 ut
3046 2060 3263 2115 semper
3321 2041 3533 2101 eadem,
3585 2045 3684 2092 aut

2103 2141 2353 2206 mediter,
2415 2148 2513 2195 aut
2571 2141 2714 2195 alios
2765 2141 3013 2203 doceam,
3071 2145 3124 2191 et
3180 2135 3312 2189 nulli
3356 2134 3431 2187 rei
3460 2130 3554 2186 alii
3593 2144 3684 2182 va-

2101 2247 2244 2288 cem.
3440 2300 3444 2303 .

2175 2323 2314 2388 Quia
2345 2325 2521 2378 omnia
2551 2325 2811 2377 mandata
2861 2331 2952 2374 tua
2989 2319 3237 2390 justitia.
3273 2314 3384 2369 [loc
3433 2323 3540 2377 est,
3597 2326 3685 2366 re-

2101 2416 2336 2479 ctitudo,
2373 2432 2467 2471 seu
2502 2414 2772 2478 directio;
2805 2414 3085 2473 mandata,
3140 2410 3388 2478 inquam,
3426 2417 3516 2460 tua
3575 2403 3682 2456 bu-

2101 2523 2321 2562 manam
2353 2509 2522 2562 vitam
2555 2507 2917 2561 moderantia.
2967 2501 3294 2572 Huiusmodi
3343 2508 3526 2551 autem
3562 2510 3686 2550 ser-

2101 2616 2262 2654 mone
2293 2600 2548 2670 superius
2597 2601 2764 2654 etiam
2823 2612 2956 2653 usus
3009 2604 3118 2662 est,
3181 2587 3683 2648 dicens..ludicia,

2102 2695 2396 2748 testimonia
2434 2703 2546 2746 tua.

2177 2786 2343 2841 Vens.
2378 2787 2503 2841 175.
2551 2785 2671 2840 Fiat
2704 2801 2894 2838 manus
2947 2790 3062 2846 tua,
3118 2788 3174 2832 ut
3203 2778 3366 2833 solvet
3398 2791 3502 2838 me,
3559 2771 3687 2840 quia

2100 2883 2361 2934 mandata
2394 2887 2486 2930 tua
2520 2877 2674 2947 elegi.
2715 2874 3006 2938 Adveniat,
3034 2881 3094 2926 ut
3118 2871 3293 2926 salvet
3334 2885 3440 2921 me.
3478 2863 3688 2932 liuius-

2099 2972 2247 3028 modi
2302 2971 2435 3025 illud
2495 2978 2599 3036 est,
2635 2967 2782 3038 quod
2815 2966 2946 3021 alibi
2981 2965 3213 3035 legimus
3247 2980 3261 3016 :
3304 2960 3433 3014 Esto
3484 2957 3608 3011 mihi
3632 2957 3689 3009 in

2100 3065 2263 3122 Deum
2292 3061 2666 3132 Iprotectorem
2695 3058 2766 3113 “.
3532 3064 3545 3077 '

2165 3243 2496 3301 111335.171.
2552 3239 2840 3310 Concupivi
2906 3236 3145 3292 salutare
3207 3241 3377 3291 tuum,
3439 3225 3684 3286 Domine,

2097 3349 2146 3394 et
2177 3340 2262 3395 lea:
2301 3349 2391 3393 tua
2425 3337 2698 3392 meditatio
2735 3349 2850 3388 mea
2902 3327 3274 3385 estJSalutem
3328 3336 3447 3378 eam
3479 3333 3688 3374 concu-

2099 3431 2233 3502 pivi,
2285 3443 2406 3500 quae
2435 3444 2466 3482 a
2516 3436 2569 3482 te
2605 3434 2711 3490 est,
2741 3433 2798 3479 et
2835 3436 2943 3476 non
3000 3420 3304 3473 humanum
3341 3407 3562 3480 aliquod
3589 3421 3689 3459 au-

2099 3523 2292 3576 xilium
2330 3539 2346 3576 :
2383 3529 2546 3591 atque
2617 3517 2740 3572 ideo
2804 3515 2892 3569 lex
2932 3521 3026 3566 tua
3063 3506 3350 3563 meditatio
3395 3515 3518 3556 mea
3581 3505 3688 3562 est,

2103 3624 2166 3668 ut
2201 3628 2299 3684 per
2333 3626 2456 3668 eam
2510 3611 2579 3666 ab
2635 3608 2991 3663 inimicorum
3058 3599 3276 3657 insidiis
3336 3609 3423 3650 me
3460 3591 3686 3661 eripias.

2101 3706 2342 3762 Possunt
2369 3706 2484 3761 haec
2519 3705 2686 3760 etiam
2734 3700 2962 3777 intelligi
2998 3697 3143 3750 dicta
3178 3707 3303 3749 esse
3334 3689 3402 3744 de
3431 3687 3690 3742 Salvato-

2101 3801 2182 3854 ris
2225 3799 2402 3854 nostri
2455 3795 2858 3859 incarnatione,
2901 3807 3024 3862 qua:
3071 3786 3344 3859 quoddam
3377 3778 3564 3838 mundi
3599 3791 3692 3829 sa-

2099 3990 2178 4035 est
2211 3982 2385 4045 enim,
2437 3980 2639 4049 inquit,
2687 3977 2836 4033 nobis
2872 3974 3028 4028 hodie
3086 3969 3333 4024 Saluator
3387 3965 3486 4029 ⁸⁷),

2097 4074 2358 4138 salutare,
2411 4071 2683 4142 Propheta
2708 4079 2896 4125 noster
2937 4064 3124 4120 videre
3175 4059 3447 4130 optabat:
3492 4069 3692 4123 quum—

2098 4163 2394 4218 admodum
2479 4164 2608 4218 alibi
2686 4162 2963 4232 diximus.‘
3017 4155 3174 4211 Unde
3229 4152 3427 4206 merito
3457 4146 3688 4203 subdit:

409 4256 523 4310 Lex
549 4265 641 4309 tua
669 4253 946 4306 meditatio
967 4269 1079 4305 mea
1109 4261 1208 4312 est.
1240 4251 1546 4321 velutiqua:
1578 4253 1645 4307 de
1667 4253 1986 4322 huiusmodi
2029 4272 2409 4330 saepenumero
2457 4260 2708 4331 loquitur
2749 4257 2977 4316 salutari
3010 4272 3027 4311 :
3095 4251 3313 4308 tametsi
3371 4246 3692 4304 adumbrata

409 4357 575 4417 atque
619 4349 860 4401 obscure
892 4347 1184 4399 admodum
1222 4346 1354 4400 illud
1382 4345 1540 4400 nobis
1600 4347 1898 4417 signiticet.

481 4440 737 4507 Ζήσεται
765 4439 804 4505 ἠ
835 4437 1004 4505 ψυχή
1027 4457 1167 4506 μου,
1223 4441 1319 4493 καὶ
1353 4440 1579 4494 αἰνέσει
1627 4456 1722 4500 σε.
1755 4442 1852 4495 καὶ
1928 4444 2002 4498 τὰ

408 4529 668 4601 κρίματα
728 4544 847 4582 σου
899 4528 1207 4595 ,βοηθήσει
1254 4548 1382 4598 μοι.
1445 4532 1801 4603 Ζήσεταιτὴν
1831 4533 1999 4597 ὅντως

409 4623 582 4694 ζωὴν,
615 4622 705 4674 ὅτε
771 4618 1170 4672 ἀπελεύσονται
1203 4622 1253 4673 oi
1281 4621 1352 4675 τὰ
1411 4623 1594 4690 ἀγαθᾶ
1666 4626 1997 4694 ποιήσαντες

407 4719 492 4778 είς
522 4714 669 4783 ζωὴν
700 4711 946 4776 αἰώνιον,
999 4713 1096 4764 καὶ
1140 4714 1353 4766 αίνέσει
1385 4717 1506 4767 τότε
1560 4716 1898 4786 ὑψηλότερὼ
1934 4732 1994 4768 τε

408 4810 507 4860 καὶ
531 4806 869 4874 τελεώτερον
891 4820 904 4836 ’
939 4805 1035 4857 καὶ
1063 4805 1133 4857 τὰ
1161 4807 1412 4877 κρίματα
1442 4825 1534 4861 σου
1565 4809 1635 4862 τὰ
1675 4809 1842 4880 νοητά
1870 4810 1998 4880 βοη-

410 4899 570 4968 θήσει
603 4914 693 4965 μοι
729 4893 1030 4963 φυλάξαντι
1060 4894 1260 4957 ταῦτα,
1301 4897 1400 4948 καὶ
1429 4899 1748 4969 παρῤησίαν
1794 4900 1994 4968 προξε-

411 4991 592 5059 νήσει.
623 4986 760 5041 Τινὰ
791 4985 850 5038 δὲ
889 4983 1000 5037 τῶν
1014 4985 1393 5052 ἀντιγράφων,
1413 4986 1678 5053 (demto,
1698 4991 1998 5060 γράφουσι,

413 5083 508 5136 καὶ
533 5078 866 5146 βοηθῆσαι,
889 5077 1188 5147 εὐχομένου
1213 5078 1308 5130 τοῦ
1336 5083 1620 5149 προφήτου
1665 5082 1830 5150 ζῆσαι
1851 5084 1998 5154 ζωὴν

409 5174 672 5241 ἐνάρετον
694 5185 710 5200 ο
772 5168 914 5239 αὕτη
946 5169 1056 5240 γὰρ
1086 5168 1278 5235 κύριος
1305 5167 1443 5238 ζωὴο
1497 5171 1594 5224 καὶ
1659 5172 2000 5243 βοηθηθῆναι

412 5269 495 5330 είς
523 5265 682 5319 τοῦτο
710 5263 864 5336 παρὰ
890 5263 987 5317 τοῦ
1010 5267 1178 5332 νόμου
1221 5261 1521 5328 ἰθύνοντος,
1568 5266 1666 5318 καὶ
1703 5265 2001 5336 ρυθμίζον-

412 5376 506 5422 τος
537 5356 724 5421 αὑτὸν,
762 5355 837 5418 ὡς
871 5355 1230 5426 προείρηται.

483 5447 968 5516 Ἐπλανήθηνδώς
991 5447 1291 5514 πρόϐατον
1337 5449 1657 5519 ἀπολωλός
1680 5468 1696 5484 ο
1729 5451 1994 5520 ζήτησον

413 5542 524 5595 τὸν
542 5539 769 5594 δοῦλόν
797 5553 938 5602 σου,
961 5538 1051 5592 ὅτι
1076 5538 1182 5606 τὰς
1198 5539 1456 5606 ἐντολάς
1480 5557 1598 5598 σου
1629 5546 1740 5598 οὐκ
1772 5545 1994 5600 ἐπελα-

414 5635 629 5702 θόμην.
659 5631 1029 5703 Ἐπλανήθην,
1057 5631 1160 5686 οὐκ
1194 5631 1470 5698 ἀπολέσας
1507 5635 1605 5707 τὴν
1625 5635 1748 5692 ὁδὸν
1775 5637 1884 5692 τῶν
1908 5639 1994 5691 ἐν-

489 5809 538 5844 ⁸⁶
567 5807 713 5865 Psal.
741 5825 869 5874 xxx,
898 5809 952 5864 5.
1030 5811 1073 5842 ⁵⁷
1104 5809 1236 5866 Luc.
1264 5826 1322 5878 ιι,
1351 5811 1408 5866 ll

2179 4441 2501 4497 Vens.175.
2548 4440 2692 4494 Vivet
2725 4440 2909 4493 anima
2957 4455 3096 4503 mea,
3150 4445 3198 4488 et
3233 4429 3471 4487 laudabit
3525 4437 3592 4490 te,
3641 4427 3691 4479 et

2099 4535 2308 4605 judicia
2338 4542 2432 4584 tua
2464 4531 2790 4600 adjuvabunt
2825 4545 2924 4582 me.
2948 4529 3106 4584 Vivet
3149 4524 3329 4579 anima
3350 4533 3465 4574 mea
3499 4519 3686 4571 veram

2105 4630 2294 4691 vitam,
2326 4623 2546 4694 quando
2586 4622 2680 4693 qui
2731 4622 2875 4676 bona
2908 4621 3182 4680 fecerunt,
3239 4616 3395 4671 ibunt
3434 4615 3488 4665 in
3519 4609 3689 4663 vitam

2100 4733 2362 4775 arternatn
2393 4735 2407 4781 ;
2442 4725 2496 4770 et
2528 4713 2769 4770 laudabit
2793 4723 2845 4766 te
2881 4719 3018 4766 tunc
3052 4709 3348 4764 sublimius
3401 4713 3457 4758 et
3511 4699 3692 4772 perfe-

2100 4816 2266 4867 ctius.
2318 4812 2387 4866 Et
2420 4811 2625 4880 judicia
2688 4817 2780 4864 tua
2819 4805 3015 4875 legalia
3058 4801 3397 4869 adjuvabunt
3423 4813 3532 4860 tne,
3563 4792 3690 4864 quia

2102 4921 2164 4960 ea
2203 4905 2436 4968 servavi,
2479 4913 2667 4958 etnon
2705 4901 3041 4956 mediocrem
3081 4893 3213 4949 tuihi
3257 4891 3513 4946 ﬁduciam
3547 4901 3690 4956 prm-

2103 4997 2350 5052 stabuut.
2397 4996 2655 5064 Quadam
2685 5009 2822 5049 vero
2863 4987 3199 5060 exemplaria
3235 4984 3438 5039 habent
3493 4987 3692 5049 optan-

2106 5089 2177 5145 tis
2221 5090 2274 5142 in
2316 5089 2540 5142 modum
2578 5106 2593 5143 :
2651 5086 2803 5141 Vivat
2837 5093 2886 5138 et
2918 5083 3188 5150 adjacent,
3233 5077 3306 5130 ita
3340 5085 3398 5127 ut
3429 5079 3690 5144 precetur

2104 5180 2382 5252 Propheta
2420 5181 2782 5236 riverevitam
2819 5193 2888 5233 ex
2929 5177 3152 5241 virtute,
3199 5186 3320 5241 qua
3339 5167 3558 5238 prepric
3578 5165 3688 5218 vita

2107 5285 2192 5328 est
2220 5291 2233 5327 :
2266 5283 2321 5328 et
2349 5273 2600 5342 adjuvari
2638 5272 2706 5325 ad
2741 5271 2846 5323 hoc.
2894 5282 2922 5319 a
2956 5267 3096 5334 lege,
3149 5279 3270 5334 qua:
3323 5261 3529 5330 dirigat
3561 5269 3688 5312 eum

2105 5375 2160 5418 et
2195 5363 2537 5427 moderetur,
2573 5371 2633 5417 ut
2669 5360 2986 5430 praedictum
3011 5367 3114 5411 est.

2175 5450 2343 5508 Vens.
2377 5450 2501 5505 176.
2582 5449 2782 5504 Eri-avi
2850 5448 2984 5501 sicut
3040 5443 3150 5497 ovis
3215 5441 3422 5509 perdita
3459 5457 3478 5494 ε
3511 5451 3688 5506 qurere

2103 5559 2315 5596 servum
2355 5551 2523 5608 tuum,
2563 5543 2692 5612 quia
2723 5539 2976 5593 mandata
3017 5546 3109 5588 tua
3141 5547 3245 5584 non
3297 5546 3412 5584 sum
3467 5527 3685 5581 oblitus.

2108 5635 2328 5702 Erravi,
2366 5649 2478 5689 non
2508 5632 2792 5705 deperdita
2833 5640 2930 5686 aut
2961 5628 3154 5685 relicta
3181 5623 3264 5678 via
3295 5620 3681 5679 mandatorum
