4112 6424
429 374 571 441 1183

1633 388 1950 449 EUTHYM
1963 387 2020 446 II
2053 388 2421 448 ZlGABENI

3556 382 3691 449 1185

419 505 664 560 tuorum,
712 498 805 552 sed
836 500 1013 555 erravi
1050 502 1103 555 in
1164 502 1463 566 montibus,
1492 508 1867 583 errabundus
1894 507 1999 560 illic

2109 507 2280 561 τολῶν
2342 524 2459 569 σου,
2496 506 2613 562 ἀλλ’
2663 507 2722 560 ἐν
2749 508 2864 570 τοϊς
2914 505 3067 577 ὄρεσι
3092 504 3465 575 διαιρόμενος,
3488 505 3585 559 καὶ
3620 507 3688 576 τῇ

418 587 646 655 degens,
677 590 782 643 huc
816 602 976 660 atque
1010 594 1138 648 illuc
1189 597 1590 663 pertransicns,
1655 599 1786 653 dum
1820 614 2003 667 perse-

416 679 700 735 cutionem
744 686 1017 738 sustineo.
1088 686 1285 753 Quaere
1344 688 1515 756 igitur
1556 705 1663 753 me,
1717 700 1771 744 et
1807 693 2002 744 iterum

417 771 486 824 ad
517 773 760 841 priorem
821 774 1213 833 habitationem
1291 779 1563 845 rcducilo,
1618 792 2005 851 persecutores

417 878 573 919 meos
604 879 987 933 compescens,
1024 871 1152 940 quia
1187 873 1449 926 mandata
1492 883 1582 927 tua
1620 890 1728 927 non
1767 876 2002 945 neglexi.

416 953 516 1011 Vel
566 973 749 1013 sermo
772 971 855 1016 est
920 979 985 1018 ex
1038 968 1163 1019 novi
1215 968 1398 1036 populi
1463 983 1749 1038 persona:
1792 967 2004 1035 Errari,

414 1049 616 1118 inquit,
669 1057 826 1122 quasi
858 1057 979 1112 ovis
1034 1059 1247 1127 perdita
1308 1077 1404 1129 per
1458 1070 1665 1114 rectam
1718 1062 2005 1131 religionis

416 1143 671 1195 semitam
703 1162 810 1199 ltott
837 1147 1150 1214 ambulans,
1200 1150 1295 1204 sed
1326 1167 1422 1219 per
1455 1152 1709 1221 obliquas
1734 1153 2002 1222 quasdam

413 1242 581 1301 atque
607 1237 898 1305 ambiguas
942 1242 1079 1306 vias,
1130 1259 1249 1311 quae
1303 1242 1367 1296 ad
1404 1244 1766 1313 perdtionetu
1794 1245 2005 1300 ferunt.

414 1325 611 1391 Quaere
641 1344 860 1385 servum
897 1344 1048 1387 tuuttt
1080 1353 1093 1387 :
1122 1334 1316 1390 Omnia
1350 1338 1511 1399 enim,
1540 1338 1739 1405 inquit,
1773 1342 2006 1394 serviunt

418 1418 534 1485 tibi.
569 1420 761 1488 Quaere
788 1440 911 1479 eum
953 1426 1119 1495 igitur
1150 1440 1230 1491 tu,
1256 1445 1287 1483 ο
1311 1441 1502 1499 pastor
1544 1432 1706 1498 bone,
1736 1434 1827 1502 qui
1850 1434 2004 1503 juxta

417 1514 794 1581 evangelicum
827 1518 1126 1586 deperrlitre
1178 1521 1297 1575 ovis
1358 1524 1705 1591 parabolam,
1765 1526 2004 1579 animant

414 1606 649 1672 posuisti
683 1623 782 1676 pro
811 1609 1008 1664 ovibus
1037 1610 1168 1674 tuis,
1215 1620 1269 1666 et
1323 1629 1409 1668 me
1440 1615 1709 1683 perditam
1745 1632 1900 1671 ovem
1937 1616 2005 1670 ad

419 1696 562 1749 ovile
593 1705 744 1763 tuum
775 1715 1070 1772 congrega.
1128 1701 1329 1757 Verum
1386 1706 1532 1776 quod
1574 1709 1845 1778 Sequitur,
1912 1710 2006 1763 ad-

412 1791 620 1842 versari
654 1791 868 1845 videtur
903 1794 1031 1848 huic
1078 1797 1287 1851 sensui.
1332 1796 1522 1866 Neque
1580 1803 1724 1854 enitn
1752 1801 2004 1856 oblivisci

2106 602 2336 653 κάκεῖσε
2396 598 2765 670 μεταϐαίνων,
2800 599 2858 653 ἑν
2886 599 2964 669 τῷ
2996 597 3458 653 καταδιώκεσθαι.
3513 597 3693 670 Ζήτη-

2108 693 2201 747 σὸν
2226 711 2315 763 με,
2347 694 2445 747 καὶ
2478 690 2797 760 ἔπανάγαγε
2825 692 2905 755 είς
2942 691 3043 761 τὴν
3071 691 3349 762 προτέραν
3380 690 3690 755 κατοικίαν,

2107 785 2364 854 φιμώσας
2387 785 2515 848 τοὺς
2546 783 3009 849 καταδιώκοντας,
3044 781 3128 836 ὅτι
3157 782 3258 835 οὐκ
3284 782 3537 853 ἠμέλησα
3580 782 3691 836 τῶν

2106 874 2343 926 ἐντολῶν
2373 891 2489 928 σου.
2531 875 2603 926 Ἦ
2629 874 2724 927 καὶ⁵
2748 871 3029 944 προσώπῳ
3053 872 3148 925 τοῦ
3180 875 3304 927 νέου
3329 872 3461 926 λαοῦ
3516 876 3692 927 ποιεῖ-

2105 985 2197 1020 ται
2224 966 2315 1020 τὸν
2356 966 2514 1034 λόγον
2554 980 2569 995 ο
2590 964 2937 1036 Ἐπλανήθην
2961 965 3038 1028 ώς
3066 963 3343 1035 πρόϐατον
3376 964 3689 1030 ἀπολωλὸς,

2110 1059 2186 1130 μὴ
2218 1058 2315 1129 τὴν
2349 1059 2521 1131 ὀρθὴν
2558 1058 2749 1128 τρίϐον
2782 1058 2886 1127 τῆς
2909 1058 3202 1120 εὐσεϐείας
3231 1058 3490 1126 βαδίζων,
3549 1058 3690 1112 ἀλλά

2109 1152 2333 1215 σκολιάς
2391 1170 2545 1216 τινας
2575 1152 2672 1206 καὶ
2734 1152 3079 1224 πολυσχιδεῑς
3141 1152 3240 1205 καὶ
3290 1152 3567 1222 φερούσας
3608 1153 3690 1215 είς

2107 1246 2227 1299 δλεΘ
2240 1264 2330 1318 ρον
2347 1245 2570 1317 ἐμαυτῷ
2596 1245 2949 1317 τεμνόμενος.
2969 1247 3217 1317 Ζήτησον
3241 1246 3334 1299 τὸν
3357 1245 3545 1301 δοῦλόν
3565 1264 3689 1298 σου·

2114 1339 2188 1394 Τὰ
2206 1341 2530 1410 σύμπαντα
2550 1339 2677 1412 γὰρ,
2701 1340 2857 1411 φησι,
2877 1338 3073 1394 δοῦλα
3087 1338 3189 1393 σά.
3220 1340 3488 1410 Ζήτησον,
3516 1340 3544 1391 ὁ
3566 1355 3691 1391 ποι-

2113 1434 2220 1503 μὴν
2238 1437 2264 1486 ὁ
2288 1434 2476 1504 καλδς,
2504 1433 2531 1486 ὁ
2554 1433 2727 1497 τιθεὶς
2748 1433 2847 1504 τὴν
2874 1432 3056 1504 ψυχὴν
3085 1433 3225 1502 ὑπὲρ
3247 1433 3356 1485 τῶν
3373 1431 3691 1502 προϐάτων,

2096 1498 2251 1607 ﬁeri
2279 1498 2466 1596 r’qv’év
2498 1498 2857 1595 anyyskiovzq
2876 1498 3207 1598 παραϐολὴν
3229 1524 3324 1579 τοῦ
3350 1498 3694 1586 ἀπολωλότος

2110 1618 2410 1688 προϐάτου,
2435 1621 2528 1673 καὶ
2563 1620 2844 1687 συνάγαγε
2877 1619 2956 1681 είς
2981 1617 3081 1687 τὴν
3115 1618 3361 1687 μάνδραν
3390 1633 3506 1669 σου.
3536 1616 3609 1669 Τὸ
3635 1614 3695 1669 δὲ

2109 1713 2237 1783 ἑξῆς
2264 1712 2571 1781 ἀντιλέγειν
2603 1711 2773 1765 δοκεῖ.
2831 1710 3288 1765 Ἐπιλανϐάνεται
3335 1712 3446 1781 γὰρ
3499 1711 3598 1779 οὐχ
3663 1710 3694 1761 ὁ

2115 1807 2280 1875 μήπω
2300 1802 2488 1874 μαθὼν
2503 1804 2601 1868 τὰς
2624 1802 2866 1867 ἐντολὰς,
2898 1801 3013 1856 ἀλλ’
3031 1804 3058 1856 ὁ
3086 1803 3256 1857 πάλαι
3278 1803 3486 1866 ταύτας
3515 1819 3579 1872 με
3590 1819 3696 1870 μα·

416 1879 621 1933 dicitnr
654 1884 1042 1939 mandatorum
1090 1885 1180 1941 Dei
1217 1889 1263 1942 is
1291 1891 1382 1957 qui
1417 1892 1658 1946 nondum
1690 1909 1750 1947 ca
1787 1893 1999 1959 didicitI

2112 1896 2321 1965 Θηκὼς,
2372 1900 2421 1948 εί
2475 1897 2548 1968 μή
2585 1915 2664 1957 τις
2699 1895 3096 1968 ἀντιχρονικῶς
3125 1894 3408 1966 ὲρμηνεύῃ
3439 1894 3505 1947 τά
3529 1894 3693 1965 ῥητά.

412 1969 509 2025 sed
539 1973 632 2041 qui
685 1989 746 2028 ea
804 1976 933 2029 olim
978 1976 1206 2033 edoctus
1255 1991 1361 2046 est,
1418 1984 1522 2036 nisi
1586 1987 1710 2054 quis
1768 1986 2004 2041 fortasse

2114 1987 2229 2041 037.
2265 1986 2637 2057 ὲπελαϐύμην,
2667 1986 2784 2039 ἀντὶ
2816 1985 2934 2050 τοῦ,
2976 1985 3075 2039 οὐκ
3103 1986 3459 2055 ἐπιλήσομαι.

412 2073 632 2134 tempus
669 2067 772 2122 hoc
829 2069 883 2122 in
938 2070 1061 2124 loco
1118 2072 1360 2141 positum
1412 2092 1537 2132 esse
1598 2080 1742 2134 dicat
1804 2096 1902 2151 pro
1962 2090 2265 2150 tempore:
2314 2077 2430 2134 Non
2512 2096 2634 2135 sum
2709 2078 2953 2145 oblitus,
3018 2078 3124 2133 hoc
3194 2086 3302 2143 est,
3349 2078 3465 2132 Non
3552 2075 3699 2132 obli-

410 2159 618 2229 viscar.

874 2268 1151 2327 Canticum
1204 2292 1546 2331 accentuum.

976 2365 1301 2427 PSALMUS
1331 2369 1523 2424 CXIX.

479 2446 807 2515 Quindecim
855 2455 971 2512 haec
1010 2461 1229 2514 cantica
1283 2461 1533 2517 eamdem
1568 2461 2015 2523 prorsusinscri'

408 2542 648 2611 ptionem
667 2547 1146 2614 habent,videlicet
1162 2553 1442 2608 Canticum
1460 2572 1771 2610 accentuum
1791 2556 1873 2609 vel
1886 2555 2004 2623 jux-

411 2634 633 2688 taalium
657 2639 1039 2707 interpretem,
1066 2644 1352 2697 Canticum
1393 2647 1787 2700 ascensionum.
1811 2645 2010 2715 llnjus-

408 2726 555 2779 modi
571 2737 752 2783 autem
767 2729 1152 2799 incriptionem
1174 2735 1365 2791 sortita
1379 2738 1659 2806 sunl,qnia
1677 2740 1926 2805 captivos
1947 2739 2002 2793 in

408 2815 685 2888 Babylone
700 2820 922 2878 Judaeos
942 2842 1275 2883 ascensurus
1295 2845 1419 2885 esse
1439 2832 1742 2897 praedicunt
1768 2831 1820 2885 in
1852 2830 2008 2887 Jeru-

410 2911 907 2971 salem.Continent
925 2934 1161 2989 namque
1181 2920 1212 2974 lt
1223 2922 1496 2991 ujusmodi
1513 2924 1880 2989 tuateriam,et
1899 2933 2008 2979 tra-

408 3003 547 3057 dunt
563 3008 841 3074 quomodo
860 3009 932 3063 illi
947 3019 1077 3066 tunc
1092 3014 1145 3065 in
1171 3014 1488 3083 captivitate
1508 3017 1816 3078 constituti,
1834 3016 2001 3072 Deum

406 3101 744 3167 rogaverint,
777 3116 842 3155 ac
898 3104 1115 3159 tandem
1132 3107 1200 3160 ab
1218 3121 1284 3161 eo
1301 3108 1568 3173 exauditi,
1588 3127 1742 3165 suam
1767 3112 2000 3179 patriam

2516 2268 2652 2342 ’ῼδὴ
2701 2267 2819 2322 τῶν
2872 2266 3245 2336 ἀναϐαθμῶν.

2649 2361 2947 2417 ΨΑΛΜΟΣ
2975 2358 3121 2413 ΡΙΘ’.

2187 2455 2595 2511 Πεντεκαιδεκα
2629 2457 2728 2526 μὲν
2751 2448 2916 2509 αὗται
2953 2454 3184 2527 αἱῴδαί.
3222 2455 3370 2510 Μίαν
3412 2455 3470 2508 δὲ
3518 2458 3697 2508 πᾶσαι

2113 2547 2213 2619 τὴν
2235 2548 2553 2618 ἐπιγραφὴν
2600 2549 2824 2617 ἔχουσιν
2857 2563 2871 2578 ’
2918 2547 3055 2618 ’ῼδὴ
3098 2547 3214 2601 τῶν
3244 2549 3623 2618 ἀναϐαθμῶν,
3662 2549 3702 2622 ἢ

2115 2640 2237 2691 καθ’
2270 2638 2459 2709 ἕτερον
2502 2640 2877 2709 ἑρμηνευτὴν,
2936 2640 3078 2711 ’ῼδὴ
3126 2639 3247 2694 τῶν
3301 2642 3699 2697 ἁναϐάσεωνο

2114 2732 2262 2796 τινὲς
2310 2732 2367 2785 δὲ
2420 2732 2541 2786 τῶν
2601 2730 2961 2802 ἀναϐαθμῶν
3021 2734 3482 2803 ἀναγινώσκουσι,
3539 2751 3701 2805 περι-

2115 2825 2388 2890 σπῶντες.
2466 2826 2698 2896 Ἔλαχον
2721 2829 2778 2880 δὲ
2828 2827 2928 2899 τὴν
2988 2827 3160 2898 αὐτὴν
3212 2829 3555 2899 ἐπιγραφὴν,
3606 2829 3693 2885 ὅτι

2113 2919 2246 2988 περὶ
2302 2920 2405 2988 τῆς
2432 2920 2498 2973 ὲκ
2537 2921 2862 2985 Βαϐυλῶνος
2889 2920 3027 2993 πρὸς
3071 2919 3435 2992 Ἰερουσαλὴμ
3487 2921 3697 2975 ἀναϐά-

2115 3034 2256 3080 σεως
2286 3016 2397 3070 τῶν
2433 3020 2553 3071 ἐκεῖ
2590 3018 3046 3087 κατασχεθέντων
3094 3016 3461 3089 αἰχμαλώτων
3483 3035 3701 3089 προφη-

2111 3108 2365 3163 τεύουσι’
2409 3111 2528 3171 πῶς
2553 3112 2611 3163 ἐν
2636 3109 2813 3179 θλίψει
2865 3110 3021 3173 ὄντες
3071 3112 3361 3164 ἱκέτευσαν
3394 3108 3487 3164 τὸν
3522 3110 3658 3165 θεόν
3680 3126 3696 3142 -

408 3192 811 3259 t‘cceperint.Et
832 3196 1102 3266 incipiunt
1124 3200 1345 3269 quidem
1361 3216 1389 3254 a
1409 3202 1649 3259 clamore
1666 3214 1867 3273 atquea
1884 3219 1999 3273 pre-

2112 3203 2209 3255 καὶ
2243 3202 2694 3268 είσακουσθέντες
2727 3201 3003 3261 ἀπέλαϐον
3031 3201 3130 3275 τὴν
3163 3202 3373 3257 ἑαυτῶν
3430 3202 3693 3273 πατρίδα.

404 3282 588 3346 cibus,
608 3301 748 3353 quas
769 3286 836 3341 ad
861 3287 1027 3343 Deum
1080 3289 1407 3362 fundebant,
1426 3312 1554 3352 cum
1574 3312 1636 3351 ea
1687 3297 2005 3351 calamitate

404 3387 797 3443 premerentur
823 3400 836 3435 :
860 3381 1022 3435 [inrui
1050 3397 1181 3438 vero
1204 3385 1601 3457 habentquiad
1623 3386 1755 3457 illud
1785 3395 2004 3456 tempus

405 3472 663 3539 pertinet,
707 3492 819 3544 quo
846 3478 1057 3547 integre
1099 3480 1156 3535 in
1200 3481 1435 3547 patriam
1470 3481 1715 3535 restituti
1752 3480 1997 3537 fuerunt.

402 3563 471 3617 Et
514 3567 617 3621 hoc
663 3570 887 3636 quidem
912 3636 931 3643 ρ
953 3573 1260 3627 secundum
1338 3574 1651 3628 historiam.
1685 3572 1848 3628 Juxta
1871 3590 2008 3628 ana-

404 3668 583 3722 gogen
615 3672 764 3721 vero,
834 3660 1149 3727 huiusmodi
1205 3662 1626 3733 inscriptionem
1663 3665 1865 3720 habent
1891 3668 2005 3719 base

403 3748 649 3814 cantica,
713 3749 844 3818 quia
903 3753 1048 3806 inter
1122 3767 1349 3811 cteteros
1390 3757 1635 3824 psalmos
1688 3752 2001 3825 hujusmodi

404 3842 706 3910 pracipue,
769 3841 866 3897 Dei
925 3846 1192 3915 populum
1271 3864 1300 3901 a
1342 3849 1644 3918 Babylone.
1680 3850 1783 3905 hoc
1836 3859 2000 3917 est,a

401 3934 587 3987 saeculi
636 3936 802 4005 hujus
850 3939 1203 4006 confusione,
1248 3943 1338 3997 ubi
1393 3945 1447 3999 in
1482 3945 1807 4013 passionum
1834 3955 1999 4014 atque

402 4028 459 4080 in
510 4028 811 4084 affectuum
889 4033 1159 4089 servitute
1205 4036 1457 4105 captivus
1514 4034 1898 4103 detinebatur,
1930 4039 1999 4094 ad

402 4134 703 4191 supernam
758 4124 1042 4181 deducunt
1080 4126 1414 4184 Jerusalem.
1465 4129 1797 4201 Quicunque
1844 4136 1995 4189 enim

401 4211 599 4283 legerit
669 4225 839 4286 atque
908 4219 1272 4288 intellexerit,
1309 4235 1519 4293 quanto
1587 4226 1852 4295 antiquus
1906 4226 1999 4281 ille

400 4308 639 4377 populus
680 4311 965 4367 terrestris
1021 4312 1331 4369 Jerusalem
1371 4324 1657 4371 teneretur
1687 4318 1994 4384 desiderio,

399 4409 456 4454 et
489 4402 767 4468 quomodo
807 4403 1240 4473 latttcntabatur,
1289 4420 1347 4467 et
1438 4410 1632 4480 quales
1689 4411 1757 4465 ad
1824 4411 1994 4467 Deum

398 4495 684 4549 emittebat
746 4511 928 4563 voces,
977 4510 1228 4567 quaenam
1294 4503 1458 4558 etiam
1528 4504 1740 4560 diceret
1802 4503 1992 4568 verba,

2112 3296 2222 3348 Καὶ
2265 3297 2526 3366 ἄρχονται
2560 3295 2661 3367 μὲν
2684 3296 2793 3349 ἀπὸ
2825 3296 2923 3366 τῆς
2947 3298 3004 3349 ἐν
3030 3295 3107 3367 τῷ
3138 3295 3420 3350 θλίϐεσθαι
3445 3297 3697 3365 κραυγῆς

2110 3392 2205 3443 καὶ
2239 3389 2479 3460 δεήσεως
2505 3389 2641 3460 πρὸς
2667 3388 2798 3443 Θεόν
2820 3405 2833 3420 ·
2860 3389 3345 3461 συμπερατοὼται
3384 3390 3440 3443 δὲ
3471 3390 3564 3443 ἐπὶ
3592 3392 3698 3457 τὴν

2107 3481 2327 3545 τελείαν
2357 3483 2438 3539 εἰς
2465 3482 2564 3551 τὴν
2626 3482 2994 3552 Ἰερουσαλὴμ
3045 3482 3521 3537 ἀποκατάστασιν.
3579 3483 3698 3539 Καὶ

2107 3572 2251 3627 οὕτω
2279 3576 2378 3643 μὲν
2401 3574 2522 3628 καθ’
2547 3576 2785 3641 ἱστορίαν
2812 3590 2827 3605 ⁸
2886 3575 3028 3629 κατὰ
3062 3576 3118 3627 8‘;
3148 3575 3467 3645 ἀναγωγὴν,
3532 3575 3695 3646 ἔσχον

2106 3666 2369 3734 τοιαύτην
2398 3668 2736 3738 ἐπιγραφὴν,
2768 3668 2845 3734 ώς
2913 3668 3153 3736 μάλιστα
3201 3667 3312 3721 τῶν
3341 3668 3517 3722 ἄλλων
3553 3666 3698 3736 ψαλ-

2110 3758 2229 3827 μῶν
2258 3759 2559 3826 ἀνάγουσαι
2620 3759 2716 3813 τὸν
2775 3760 2903 3814 λαὸν
2945 3760 3037 3813 τοῦ
3093 3760 3233 3814 Θεοῦ
3287 3759 3396 3813 ἀπὸ
3442 3763 3538 3830 τῆς
3582 3760 3697 3812 Βα-

2106 3851 2372 3927 ϐυλῶνος,
2403 3853 2525 3919 ἦτοι
2558 3853 2659 3922 τῆς
2699 3853 2795 3907 τοῦ
2845 3854 3115 3924 παρόντος
3175 3852 3291 3924 βίον
3353 3852 3696 3924 συγχύσεως,

2104 3946 2472 4016 αἰχμάλωτον,
2509 3946 2591 4009 είς
2619 3947 2869 4001 δουλείαν
2894 3947 3004 4000 τῶν
3033 3947 3226 4003 παθῶν
3255 3945 3493 4002 ἐνταῦθα
3523 3962 3691 3999 κατε-

2104 4038 2358 4109 χόμενον,
2376 4040 2515 4111 πρὸς
2557 4039 2657 4103 τὴν
2687 4038 2802 4095 ἄνω
2841 4039 3224 4113 Ἰερουσαλήμ.
3275 4038 3699 4108 ’Δναγινώσκων

2102 4132 2210 4201 γὰρ
2235 4132 2438 4194 ταύτας
2466 4134 2560 4184 καὶ
2594 4131 2995 4201 διαγινώσκων,
3035 4128 3150 4187 οἷον
3185 4124 3346 4204 εἶχεν
3403 4135 3612 4196 ἐκεῖνος
3661 4134 3694 4185 ὁ

2103 4224 2231 4286 λαός
2265 4223 2445 4295 ἔρωτα
2469 4224 2569 4293 τῆς
2610 4225 2991 4296 Ἰερουσαλὴμ,
3013 4228 3109 4281 καὶ
3132 4227 3282 4290 ὅπως
3312 4226 3557 4297 ἐθρήνει,
3594 4225 3695 4277 καὶ

2101 4314 2216 4377 οἵας
2250 4313 2405 4383 ὴφίει
2444 4314 2583 4385 πρὸς
2610 4313 2746 4367 Θεὸν
2782 4317 2992 4384 φωνὰς,
3029 4316 3125 4369 καὶ
3149 4311 3242 4369 οἷα
3298 4314 3492 4383 ἔλεγεν
3555 4316 3691 4370 ἀνα-

2101 4406 2359 4476 γόμενος,
2382 4407 2476 4459 καὶ
2496 4407 2595 4460 ὃσα
2622 4407 2734 4460 τῶν
2768 4407 2923 4478 ᾠδῶν
2950 4408 3184 4471 τούτων,
3229 4407 3694 4480 διαθερμαίνεται

2101 4501 2197 4553 καὶ
2214 4500 2376 4565 αὐτὸς
2407 4501 2547 4572 πρὸς
2569 4500 2748 4572 ἔρωτα
2779 4502 3012 4575 σφοδρὸν
3047 4505 3148 4574 τῆς
3180 4502 3688 4574 ἄνωΊερουσαλήμ.

399 4600 525 4641 eum
560 4591 691 4643 illuc
737 4592 1120 4659 reduceretur,
1155 4606 1320 4665 atque
1370 4612 1435 4652 ea
1489 4598 1729 4667 denique
1785 4598 1992 4661 omnia,
2036 4611 2158 4665 qua:
2224 4596 2278 4649 in
2325 4595 2414 4650 his
2463 4595 2696 4650 canticis
2748 4597 3158 4653 continentur:
3213 4598 3497 4683 ardentior
3565 4613 3695 4669 pro-

400 4679 543 4732 fecto
595 4690 648 4730 et
695 4678 814 4746 ipse
891 4684 1172 4749 reddetur,
1229 4700 1281 4741 et
1347 4689 1748 4743 vehementiori
1787 4704 1975 4744 amore
2013 4685 2272 4757 ﬂagrabit
2296 4701 2549 4756 superate
2580 4701 2645 4741 ac
2677 4688 2921 4744 ctelestis
2955 4678 3285 4745 Jerusalem.

471 4770 636 4823 Vsus.
676 4770 726 4822 1.
755 4770 839 4824 Ad
879 4772 1159 4829 Dominum
1201 4794 1318 4832 cum
1367 4778 1673 4834 'tribularer
1730 4779 1983 4844 clamavi,

2106 4776 2109 4779 ’
2166 4782 2323 4847 Πρὸς
2354 4780 2575 4844 Κύριον
2600 4779 2671 4832 ἐν
2703 4776 2783 4844 τῷ
2814 4782 3132 4836 θλίϐεσθαι
3140 4798 3219 4850 με
3233 4781 3552 4849 ἐκέκραξα,
3585 4783 3686 4837 καί

397 4869 449 4915 σε
474 4864 748 4916 exaudivit
788 4879 889 4918 nte.
916 4866 974 4919 Itt
1004 4869 1341 4941 captivitatis
1391 4872 1606 4929 scilicet
1658 4873 1991 4937 calamitate,

397 4968 566 5021 quam
602 4955 655 5007 in
688 4954 966 5027 Babylone
1014 4960 1275 5015 sustinui.
1309 4964 1616 5020 Clamorem
1660 4975 1844 5020 autem
1875 4982 1985 5020 nou

399 5047 514 5100 oris
545 5048 824 5120 intelligit,
888 5050 983 5107 sed
1015 5054 1213 5108 anitnce
1260 5057 1420 5112 valde
1476 5057 1737 5122 dolentis,
1775 5069 1829 5114 et
1854 5076 1992 5114 con-

396 5145 566 5205 tritae,
600 5150 765 5211 atque
792 5144 863 5199 ad
914 5147 1092 5200 solum
1155 5144 1333 5205 Deum
1386 5150 1632 5215 intentae,
1694 5156 1788 5222 qui
1840 5155 1993 5209 solus

394 5234 616 5299 eripere
667 5235 943 5291 hominem
994 5250 1179 5308 potest
1241 5258 1268 5293 ιι
1328 5243 1612 5310 periculis.
1667 5244 1995 5313 Huiusmodi

397 5327 600 5380 ctenim
660 5331 856 5384 anima:
914 5332 1208 5389 clamorem
1262 5338 1448 5391 statim
1532 5340 1759 5397 exaudit
1820 5339 1988 5392 Deus.

394 5415 573 5473 Verba
617 5430 799 5477 autem
834 5425 948 5479 luec
1001 5442 1066 5480 ex
1104 5428 1349 5483 tideliuut
1371 5431 1537 5485 etiam
1574 5448 1813 5500 persona
1843 5432 1993 5486 dicta

394 5523 517 5563 esse
552 5524 802 5580 possunt.

467 5599 603 5657 VEB.
640 5607 693 5660 ε.
737 5609 979 5672 Domine,
1030 5614 1174 5680 eripe
1216 5615 1453 5667 animum
1501 5633 1673 5671 nteant
1727 5635 1759 5670 a
1825 5617 1980 5672 labiis

395 5690 639 5759 iniustis,
695 5709 743 5750 ct
779 5716 811 5751 a
842 5704 1024 5768 lingua
1062 5702 1270 5757 dolosa.
1329 5704 1441 5759 Hoc
1470 5716 1574 5771 est,
1609 5708 1755 5776 quod
1783 5723 1810 5761 a
1868 5707 1979 5763 Deo

397 5783 557 5853 petiit
589 5800 712 5841 cum
754 5791 1034 5847 clamaret.
1078 5793 1167 5849 Vel
1211 5797 1315 5852 hoc
1367 5814 1473 5853 una
1509 5815 1633 5853 cum
1683 5800 1979 5871 aliis,qua:

299 5910 304 5914 -
402 5873 636 5931 inferius
668 5881 978 5946 postulasse
1011 5900 1133 5939 cum
1190 5888 1516 5946 videbimus.
1558 5892 1659 5945 νοτ
1710 5893 1850 5948 labia
1877 5907 1975 5949 au-

2102 4871 2436 4939 είσήκουσέ
2464 4889 2607 4941 μου.
2676 4871 2765 4925 Ἐν
2806 4875 2872 4943 τῇ
2909 4871 3089 4944 ολίψει
3150 4875 3249 4946 τῆς
3305 4875 3692 4946 αἰχμαλωσίας

2102 4966 2318 5035 καὶτῆς
2347 4965 2557 5019 ἐκεῖθεν
2581 4965 2980 5031 κακοπαθείας.
3007 4968 3276 5041 Κραυγὴν
3305 4968 3362 5021 δὲ
3391 4969 3540 5037 λέγει
3584 4967 3686 5037 τὴν

2100 5061 2166 5112 ὲκ
2202 5058 2513 5117 κατωδύνου
2543 5057 2723 5131 ψυχῆς
2758 5061 2856 5113 καὶ
2891 5062 3375 5131 συντετριμμένης
3405 5063 3501 5117 καὶ
3522 5082 3690 5118 τετα-

2104 5150 2274 5221 μένης
2291 5150 2423 5221 πρὸς
2458 5152 2620 5220 μόνον
2648 5152 2740 5204 τὸν
2764 5151 3066 5220 δυνάμενον
3097 5153 3345 5220 ῥύεσθαι,
3384 5149 3450 5224 ἦς
3476 5154 3685 5220 εὐθέως

2099 5243 2362 5297 ἐπακούει
2380 5243 2532 5306 Θεὸς.
2559 5243 2841 5312 Προσώπῳ
2871 5243 2924 5301 δὲ
2943 5243 3037 5297 τοῦ
3056 5244 3450 5314 εύσεϐεστέρου
3483 5248 3687 5320 μέρους

2094 5335 2143 5386 οἱ
2178 5335 2348 5404 λόγοι.

2162 5617 2357 5685 (inpie,
2382 5618 2574 5685 ῥῦσαι
2603 5619 2720 5687 τὴν
2742 5622 2958 5690 ψυχήν
2979 5641 3094 5692 μοι.
3128 5625 3249 5680 ἀπὸ
3279 5612 3534 5694 χειλέων
3552 5626 3683 5682 ἀδί-

2093 5726 2215 5762 κων
2251 5711 2349 5763 καί
2410 5712 2531 5766 ἀπὸ
2582 5714 2877 5783 γλώσσης
2929 5715 3164 5782 (Saliae.
3212 5717 3449 5788 Κράζων
3518 5718 3685 5789 τοῦτο

2090 5798 2329 5869 ηὔξατοο
2369 5802 2401 5873 ἢ
2435 5804 2576 5872 μετά
2604 5804 2713 5858 τῶν
2762 5805 2939 5861 ἄλλων
2999 5808 3094 5861 καὶ
3129 5808 3310 5863 τοῦτο.
3383 5809 3554 5878 Χείλη
3606 5808 3665 5863 δὲ

2086 5892 2246 5946 eum
2291 5894 2360 5949 τὰ
2398 5896 2614 5953 ἀδικίαν
2653 5900 2731 5964 εἰς
2762 5899 2822 5953 τὸ
2855 5899 2987 5969 italae;
3010 5899 3303 5968 λαλοῦντα,
3323 5900 3400 5966 ὡς
3419 5904 3477 5957 ὲν
3500 5901 3578 5972 τῷ
3601 5900 3684 5973 οβ’
