4112 6408
356 373 493 442 1185

1523 371 1912 434 COMMENT.
1958 371 2042 433 IN
2080 370 2443 432 PSALMOS.

3467 369 3612 434 1186

351 490 555 563 ψαλμῷ
603 488 942 562 γέγραπται,
1005 489 1135 545 ἔνθα
1198 488 1261 543 τὸ
1289 489 1533 543 ’Δδικὶαν
1578 490 1660 552 εἰς
1710 487 1773 541 τὸ
1801 486 1934 557 ὕψος

2055 498 2149 539 .em
2196 483 2424 553 iniusta,
2478 496 2539 536 ea
2568 479 2842 551 intelligit,
2909 494 3032 550 qua:
3064 476 3391 547 injustitiam
3425 480 3481 536 in
3506 484 3619 537 alto

351 584 652 653 ιλάλησαν,
684 583 784 637 καὶ
806 582 877 637 τά
904 581 1017 637 τῶν
1038 581 1425 652 συκοφαντῶν,
1458 581 1556 633 καὶ
1609 578 1797 642 ἁπλῶς
1825 579 1933 633 τῶν

357 674 695 747 παρανόμων
724 674 966 729 πάντων.
995 672 1223 728 Γλῶσσα
1244 673 1305 728 δὲ
1329 673 1480 727 δολία
1509 670 1544 743 ἢ
1573 670 1758 725 αὐτῶν
1805 670 1934 725 τού-

356 784 485 831 των,
514 765 547 838 ἢ
562 765 673 819 τῶν
690 763 1187 819 ἐπιϐουλευόντων.

434 1031 496 1084 Τι’
513 1029 716 1099 δοθείη
734 1045 853 1094 σοι,
872 1029 973 1085 καὶ
994 1029 1055 1083 τί
1078 1030 1438 1096 προστεθείη
1454 1043 1552 1083 σοι
1570 1028 1721 1098 πρὸς
1740 1030 1939 1097 γλῶσ-

358 1139 479 1176 σαν
504 1121 756 1185 δο.ἰίιιν;
792 1120 1021 1191 Ἕτερος
1050 1122 1108 1175 δέ.
1142 1139 1310 1193 φησιν
1340 1121 1717 1193 ἑρμηνευτὴς,
1756 1123 1817 1176 Τί
1841 1120 1939 1176 60-

356 1211 609 1277 θήσεταί
678 1226 799 1273 σοι,
845 1212 945 1264 καὶ
995 1212 1057 1264 τι
1111 1212 1593 1279 προστεθήσεται
1633 1226 1734 1266 σοι
1790 1211 1940 1279 πρὸς

360 1304 651 1374 γλῶσσαν
674 1302 930 1366 dcitur;
957 1303 1103 1375 Πρδς
1130 1304 1239 1373 γὰρ
1268 1303 1358 1357 τὸν
1382 1304 1695 1358 ἱκετεύοντα
1722 1304 1751 1357 ὁ
1800 1320 1939 1371 προ-

362 1397 538 1466 φήτης
566 1395 921 1466 ἀποκρίνεται
954 1396 1363 1466 πυνθανόμενος
1396 1395 1462 1449 Τί
1521 1396 1808 1466 δοθήσεταί
1858 1414 1940 1449 σοι

360 1490 454 1542 καὶ
482 1489 990 1559 τίπροστεοήσεταί
1042 1506 1125 1541 σοι
1176 1489 1516 1559 ἀμυντήριον
1565 1486 1701 1559 πρὸς
1760 1488 1940 1556 γλῶσ-

362 1596 463 1632 σαν
484 1580 664 1634 δολίαν
692 1599 705 1649 ;
750 1582 1036 1651 Ἐμφαίνει
1065 1581 1123 1634 δὲ
1145 1582 1176 1634 ὁ
1206 1580 1364 1649 λόγος
1412 1580 1445 1651 ἦ
1477 1582 1560 1635 ὅτι
1587 1577 1941 1647 δυσκαταγώ-

360 1690 543 1737 νιστος
606 1673 746 1743 αῦτη
794 1673 881 1727 διὰ
948 1674 1213 1745 πονηρίας
1272 1671 1677 1743 ὑπερϐολὴν,ἢ
1730 1673 1812 1724 ὅτι
1881 1671 1942 1724 ού

361 1767 520 1835 γρεξα
581 1784 661 1820 σοι
709 1767 1087 1839 ἀμυντηρίου’
1126 1764 1265 1834 αῦτη
1318 1766 1428 1838 γὰρ
1474 1766 1507 1835 ὴ
1548 1762 1792 1835 δολιὸτης
1840 1762 1940 1834 ἀρ-

361 1856 534 1910 κοῦσαι
557 1857 653 1910 τοῦ
682 1856 857 1911 δολίου
888 1858 1154 1928 τιμωρία.

438 2041 516 2095 Τὰ
565 2038 724 2108 βέλη
791 2038 901 2095 τοῦ
953 2037 1217 2095 δυνατοῦ
1267 2037 1618 2108 ἠκονημένα
1648 2035 1776 2093 σὺο⁹
1822 2034 1951 2103 τοῖς

358 2130 613 2199 ἇνθραξι
647 2129 771 2196 τοῖς
821 2129 1144 2200 ἐρημικοῗς.
1198 2130 1335 2185 Καὶν
1351 2129 1512 2183 τοῦτο
1578 2130 1714 2200 πρὸς
1766 2145 1950 2199 παρη-

364 2222 557 2292 γορίαν
584 2220 680 2276 τοῦ
715 2222 1075 2289 ἱκετεύοντος,
1106 2222 1181 2293 μὴ
1239 2221 1473 2292 ἀθυμεῖν
1530 2221 1945 2291 ὑποτιθέμενον.

365 2317 481 2369 Kal.
512 2316 622 2387 γὰρ
658 2314 727 2369 τὰ
787 2315 915 2385 βέλη
962 2302 1066 2368 ’τοῦ
1120 2313 1351 2368 δυνατοῦ
1413 2313 1551 2367 Θεοῦ
1633 2315 1953 2386 ἠκονημένα

360 2406 508 2460 κατά
545 2406 877 2478 παρανόμων
934 2406 1031 2460 καὶ
1060 2405 1254 2459 δολίων
1305 2404 1446 2476 μετά
1497 2404 1787 2476 ἀνθράκων
1820 2408 1953 2478 ὲρη-

367 2500 651 2571 μοποιῶν,
684 2498 826 2553 ὥστε
855 2500 1096 2570 τέμνειν,
1128 2498 1226 2552 καὶ
1252 2499 1451 2565 καίειν,
1512 2499 1609 2553 καὶ
1668 2499 1953 2567 ἀφανίζειν

361 2591 587 2655 αὐτούς.
618 2592 757 2662 Βέλη
792 2591 853 2645 δὲ
910 2590 1008 2645 καὶ
1050 2591 1334 2663 ἄνθρακας
1383 2591 1482 2654 τὰς
1516 2590 1814 2662 διαφόρους
1868 2607 1954 2645 τι-

366 2684 585 2755 μωρίας
619 2682 923 2753 ώνόμασεν.
975 2684 1237 2754 Ἐνόησαν
1266 2682 1322 2737 δέ
1373 2698 1513 2747 τινες
1564 2682 1793 2737 δυνατὸν
1855 2682 1955 2754 μὲν

361 2779 465 2830 τὸν
502 2772 779 2843 διάϐολον,
825 2776 902 2839 ὡς
950 2777 1321 2846 κατισχύοντα
1370 2775 1479 2830 τῶν
1537 2774 1951 2847 ῥᾳθυμούντων·

369 2868 505 2941 βέλη
534 2869 588 2923 δὲ
620 2868 788 2924 αὐτοῦ
820 2868 1136 2939 ἠκονημένα
1168 2868 1285 2938 μετ’
1321 2866 1616 2938 ἀνθράκων
1660 2869 1953 2938 ἀφανιετι-

368 2961 490 3017 κῶν
536 2964 665 3026 τοὺς
716 2962 993 3031 ἐμπαθεῖς
1030 2961 1347 3034 λογισμοὺς,
1384 2960 1553 3026 ὀξέως
1587 2960 1954 3026 εἰσδύνοντας,

368 3057 473 3110 καὶ
495 3054 966 3127 ὲμπιμπρῶντας,
1016 3052 1111 3106 καὶ
1156 3051 1525 3121 ἀφανίζοντας
1582 3052 1683 3123 τὴν
1728 3052 1953 3122 ἀρετήν’

2036 576 2361 646 loquuntur,
2417 573 2883 643 quemadmodum
2930 574 2983 627 in
3055 586 3208 628 um
3240 573 3449 643 psalmo
3476 574 3618 631 acric-

2038 679 2192 739 ptum
2230 675 2353 734 est;
2388 665 2472 721 Vel
2532 666 3008 733 calumniantium,
3044 674 3099 721 et
3140 669 3459 736 iniquorum
3518 667 3622 721 bo-
3730 708 3754 721 θ

2038 760 2245 813 minam
2276 759 2437 814 labia.
2496 757 2763 827 Linguam
2805 760 2971 813 etiam
3021 761 3268 815 dol-Isam
3301 759 3621 815 eorumdem

2039 851 2278 922 linguam
2376 850 2631 921 appellat,
2723 850 2805 903 vel
2883 851 3168 920 speciatim
3235 850 3619 907 insidiatorum

2038 942 2283 1012 linguam
2566 926 2569 929 1

2116 1030 2285 1085 Vitas.
2316 1032 2369 1085 5.
2414 1030 2554 1096 Quid
2575 1030 2732 1085 detur
2755 1028 2850 1084 tibi
2867 1036 2915 1084 et
2941 1031 3070 1100 quid
3096 1041 3395 1100 apponatur
3426 1032 3523 1086 tibi
3553 1048 3623 1085 aa

2041 1122 2278 1193 linguam
2299 1123 2587 1180 dolosam!
2643 1124 2798 1181 Alius
2835 1123 3104 1193 interpres
3155 1125 3387 1179 reddidit
3425 1141 3441 1180 :
3478 1123 3622 1189 Quid

2041 1217 2259 1272 dabitur
2284 1219 2398 1284 tibi,
2420 1230 2468 1272 et
2490 1220 2617 1289 quid
2647 1228 2946 1287 apponatur
2965 1219 2990 1271 ?
3018 1218 3096 1272 Ad
3121 1218 3299 1286 ipsum
3324 1218 3471 1271 enim
3492 1231 3629 1286 sup-

2043 1310 2332 1380 plicantem
2352 1312 2617 1380 Propheta
2632 1326 2943 1367 sermonem
2960 1311 3235 1367 convenit
3250 1310 3623 1379 interrogans.

2044 1413 2293 1468 quamam
2326 1398 2375 1453 ei
2405 1398 2684 1463 defensio,
2716 1413 2812 1453 seu
2847 1414 3097 1467 quanam
3133 1399 3356 1454 dabitur
3384 1398 3627 1452 vindicta

2047 1488 2311 1543 adversus
2371 1487 2619 1543 dolosam
2670 1488 2916 1559 linguam
2970 1489 3139 1543 illam.
3190 1488 3256 1541 Et
3294 1487 3630 1558 .signiﬁcarc

2047 1581 2208 1637 nobis
2238 1581 2456 1636 videtur
2485 1581 2589 1636 hoc
2640 1596 2934 1645 sermone,
2980 1580 3065 1636 vel
3114 1582 3261 1652 quod
3311 1578 3631 1650 huiusmodi

2050 1674 2232 1747 lingua
2264 1674 2334 1729 ob
2360 1689 2632 1729 summam
2688 1688 2845 1737 suam
2876 1674 3273 1743 malignitatem
3313 1672 3633 1729 difﬁcillime

2051 1768 2251 1838 poterit
2276 1766 2567 1838 superari,
2608 1765 2692 1821 vel
2720 1764 2866 1836 quod
2896 1764 3045 1819 nulla
3078 1765 3126 1819 ei
3172 1763 3497 1819 defensione
3534 1776 3631 1819 aut

1976 1835 2021 1890 Β
2054 1859 2290 1914 vindicta
2329 1835 2604 1913 adversus
2638 1835 2803 1911 talem
2853 1857 3095 1926 linguam
3144 1870 3287 1927 Opus
3333 1852 3459 1911 cst‘:
3505 1869 3631 1910 cum

2052 1951 2247 2006 doloso
2274 1951 2479 2005 homini
2513 1950 2673 2004 dolus
2706 1949 2824 2019 ipse
2854 1949 2989 2003 satis
3018 1948 3198 2019 ampla
3229 1948 3301 2002 sit
3332 1961 3518 2016 poena.

2133 2042 2299 2099 Vna.
2332 2043 2388 2099 4.
2416 2042 2640 2113 Sagitta:
2679 2042 2904 2112 potentis
2948 2049 3120 2095 acuta:
3150 2056 3268 2094 cum
3315 2040 3632 2096 carbonibus

2052 2136 2413 2193 desolatoriis.
2450 2135 2566 2190 Hoc
2596 2138 2763 2190 etiam
2789 2149 2820 2189 a
2846 2134 3116 2204 Propheta
3147 2134 3214 2188 ad
3260 2135 3630 2205 supplicantis

2052 2229 2235 2300 pepuli
2261 2227 2697 2283 consolationem
2748 2227 2959 2282 dictum
3011 2234 3089 2282 est
3120 2267 3135 2290 ,
3188 2227 3278 2282 cui
3314 2227 3400 2282 his
3450 2228 3636 2284 verbis

2052 2320 2287 2375 suadere
2317 2320 2530 2384 nititur,
2569 2319 2900 2375 tristandum
2931 2318 2981 2373 ei
3011 2318 3237 2373 minime
3282 2334 3408 2374 esse
3429 2357 3446 2380 ,
3512 2335 3635 2373 cum

2055 2412 2294 2482 potentis
2326 2411 2421 2465 Dei
2467 2411 2679 2479 sagittae
2717 2417 2895 2464 acuta:
2946 2407 3157 2464 ell'eetae
3202 2410 3313 2465 sint
3367 2410 3639 2467 adversus

2056 2504 2279 2572 iniquos
2372 2510 2427 2556 et
2454 2500 2683 2556 dolosas
2708 2541 2722 2564 ,
2750 2509 2805 2555 et
2846 2514 2973 2555 cum
3027 2499 3381 2555 desolatorits
3426 2502 3639 2570 pariter

2056 2595 2390 2651 carbonibus
2417 2602 2644 2664 paratae,
2717 2593 2790 2645 ita
2823 2600 2884 2645 ut
2919 2591 3092 2661 iniqui
3149 2591 3293 2646 ferro
3350 2592 3593 2648 credendi
3621 2635 3636 2656 ,

2054 2696 2224 2759 atque
2248 2689 2373 2757 igne
2423 2684 2690 2742 exurendi
2717 2725 2733 2750 ,
2790 2692 2848 2740 et
2875 2669 3096 2754 penith
3124 2682 3342 2738 delendi
3370 2684 3500 2738 sint.
3524 2683 3641 2739 Per

2056 2780 2286 2850 sagittas
2317 2787 2496 2832 autem
2529 2784 2583 2830 et
2617 2775 2890 2830 carbones
2922 2774 3073 2829 varia
3109 2773 3510 2844 suppliciorum
3576 2789 3641 2829 c

2054 2884 2349 2942 ptenarum
2385 2881 2584 2939 genera
2614 2867 2889 2937 intelligit.
2930 2865 3171 2932 Quidam
3213 2880 3344 2921 vero
3396 2882 3492 2936 per
3540 2883 3640 2938 ρο·-

2059 2971 2266 3018 tentem
2301 2964 2405 3016 hoc
2432 2960 2486 3014 in
2524 2960 2645 3013 loco
2707 2957 2987 3012 diabolutn
3022 2957 3328 3028 significari
3360 2958 3645 3026 dixerunt,

2062 3065 2321 3124 tanquam
2348 3052 2773 3107 invalescentem
2796 3052 3062 3105 adversus
3084 3050 3418 3121 negligentes
3477 3065 3646 3122 atque

369 3145 472 3212 οὒς
528 3146 625 3200 καὶ
654 3148 681 3200 ὁ
726 3145 1057 3208 Ἀπόστολος
1102 3143 1233 3214 βέλη
1258 3145 1632 3216 πεπυρωμένα
1676 3144 1952 3198 ἐκάλεσεν.

2068 3150 2290 3212 inertes,
2310 3155 2366 3202 et
2390 3160 2485 3216 per
2506 3144 2732 3215 sagittas
2756 3157 2881 3198 cum
2905 3143 3242 3199 carbonibus
3261 3144 3633 3207 desolatoriis.

365 3235 512 3295 Εἶτα
528 3240 695 3295 πάλιν
723 3241 751 3293 ὁ
777 3238 934 3308 λόγος
953 3236 1063 3292 ἀπὸ
1093 3235 1188 3290 τοῦ
1208 3235 1569 3303 ἱκετεύοντος.

2068 3241 2429 3315 cogitationes
2482 3253 2844 3309 quascunque
2901 3238 3222 3308 passionum
3287 3247 3453 3307 atque
3516 3239 3649 3294 alie.

362 3341 562 3390 ctuum
593 3333 804 3404 plenas.
846 3335 1004 3388 -Nam
1034 3340 1089 3388 et
1118 3333 1231 3388 cito
1263 3335 1589 3405 sagittarum
1629 3335 1811 3392 instar
1859 3348 2170 3410 penetrant,
2199 3347 2254 3394 ει
2276 3338 2603 3401 carbonum,
2653 3339 2756 3392 hoc
2816 3343 2924 3401 est,
2981 3334 3291 3390 ardentium
3346 3351 3645 3403 prunarum

361 3427 550 3484 instar
576 3427 900 3493 incendunt,
929 3434 985 3482 et
1016 3426 1274 3481 virtutem
1301 3427 1485 3483 delent
1510 3446 1524 3482 :
1556 3445 1808 3501 quasque
1826 3431 1944 3503 ipse
1982 3434 2151 3488 etiam
2180 3431 2490 3503 Apostolus
2513 3430 2782 3486 carbones
2811 3427 2952 3498 ignis
2991 3427 3283 3498 appellavit
3314 3425 3385 3482 “.

3441 3426 3651 3483 Deinde

365 3538 568 3581 rursus
599 3535 782 3578 sermo
804 3530 889 3577 est
919 3535 987 3575 ex
1024 3535 1259 3591 persona
1305 3523 1669 3592 supplicantis
1722 3525 1910 3594 populi
1952 3523 2241 3594 (sequitur
2280 3521 2472 3585 enim)
2510 3537 2525 3577 :

447 3616 628 3686 αμοι,
651 3617 742 3671 ὅτι
784 3617 823 3686 ἡ
869 3617 1154 3685 παροικία
1194 3634 1317 3686 μου
1370 3618 1738 3687 ὲμακρύνθη.
1800 3619 1863 3673 Ἢ
1904 3619 1963 3673 ὲν

370 3707 689 3777 Βαϐυλῶνι,
732 3708 767 3781 ἢ
819 3709 880 3763 ὲν
936 3708 1325 3780 αἰχμαλωσίᾳο
1357 3708 1691 3781 ἀποδύρεται
1743 3712 1853 3782 γὰρ
1905 3710 1967 3765 τὸ

371 3801 644 3864 πολυετὲς
672 3801 868 3871 αὐτῆς.

452 3891 904 3961 Κατεσκήνωσα
932 3892 1083 3961 μετὰ
1121 3891 1241 3945 τῶν
1284 3894 1694 3963 σκηνωμάτων
1738 3894 1962 3963 Κηδὰρ.

373 3988 569 4045 Μέσον
593 3987 705 4040 τῶν
731 3987 1114 4055 σκηνωμάτων
1159 3986 1385 4056 Κηδὰρ’
1442 3987 1803 4041 ἀποκλαίεται
1856 3987 1965 4058 γὰρ

375 4080 482 4136 καὶ
531 4078 712 4133 τοῦτο.
744 4077 939 4148 Κηδάρ
981 4076 1038 4129 δὲ
1090 4074 1245 4147 χώρα
1291 4076 1373 4141 τίς
1423 4078 1540 4131 ἐστι
1582 4079 1964 4149 παρακειμένη

376 4174 778 4239 Βαϐυλωνίοις,
809 4173 1107 4243 οἰκήτορας
1144 4170 1346 4241 ἔχουσα
1399 4169 1723 4243 βδελυρούς·
1781 4172 1840 4223 ὲν
1887 4164 1969 4231 οἷς

378 4270 483 4325 καὶ
503 4268 703 4332 αὐτοὺς
731 4268 780 4321 οί
810 4264 1146 4320 Βαϐυλώνιοι
1182 4262 1421 4334 σκηνοῦν
1446 4264 1664 4330 ἔταξαν.
1706 4264 1863 4317 Ἐπεὶ
1906 4262 1966 4315 δὲ

381 4363 585 4434 Κηδάρ
613 4360 967 4430 σκοτασμὸς
990 4357 1384 4429 ἑρμηνεύεται,
1418 4357 1644 4420 εἰκότως
1676 4355 1973 4428 θρηνοῦσιν

379 4461 433 4514 ot
492 4453 962 4525 κατασκηνοῦντες
1026 4452 1085 4508 ἒν
1136 4453 1248 4515 τοῖς
1319 4450 1642 4521 σκηνώμασι
1697 4449 1791 4504 τοῦ
1843 4466 1972 4503 σκος

384 4549 626 4621 τασμοῦ.
659 4546 1005 4616 Σκηνώματα
1033 4544 1090 4597 δὲ
1118 4544 1430 4613 σκοτασμοῦ
1486 4545 1518 4615 ή
1548 4545 1607 4598 ὲν
1629 4545 1742 4607 τοϊς
1776 4543 1974 4599 πάθεσι

383 4643 666 4715 διατριϐὴ,
688 4643 799 4705 τοῖς
824 4638 1135 4704 σκοτίζουσι
1170 4637 1260 4692 τὸν
1280 4635 1442 4692 νοῦν.

464 4905 674 4960 Πολλὰ
695 4902 1060 4972 παρῴκησεν
1091 4902 1130 4971 ἢ
1184 4901 1355 4973 ψυχή
1409 4920 1553 4972 μου.
1618 4902 1801 4958 Πολλά
1856 4900 1976 4974 ἔτη,

393 4998 564 5052 πολὺν
591 4994 923 5067 παρῴκησεν
951 4994 1144 5067 καιρὸν
1180 4997 1238 5048 ὲν
1267 4996 1335 5066 τῇ
1363 4995 1738 5066 αἰχμαλωσίᾳ.

2142 3618 2306 3674 Vens.
2335 3618 2389 3673 5.
2415 3616 2530 3671 Heu
2561 3617 2710 3680 mihi,
2738 3613 2863 3685 quia
2887 3612 3244 3683 peregrinatio
3284 3629 3402 3667 mea
3438 3614 3656 3681 prolon-

2065 3719 2193 3785 gata
2220 3720 2321 3767 est.
2359 3710 2419 3766 ln
2454 3708 2734 3779 Babylone
2770 3706 3051 3769 nimirum,
3084 3720 3179 3761 seu
3207 3708 3261 3761 in
3315 3706 3653 3777 captivitate,

2067 3804 2225 3873 cujus
2248 3817 2397 3857 nunc
2430 3800 2849 3857 diuturnitatem
2877 3796 3150 3867 deplorat.

2139 3892 2395 3947 Habitari
2422 3907 2541 3946 cum
2582 3889 2939 3945 tabernaculis
2980 3885 3177 3943 Cedar.
3230 3886 3485 3943 Hahitavi
3516 3928 3533 3949 ,
3569 3887 3655 3942 in-

2071 3986 2212 4057 quit,
2239 3986 2293 4039 in
2326 3984 2510 4039 medio
2534 3982 3013 4038 tabernaculorum
3049 3978 3247 4034 Cedar.
3274 3978 3425 4035 llanc
3445 3980 3653 4035 etenim

2071 4076 2353 4133 miseriam
2385 4076 2546 4130 etiam
2573 4073 2845 4142 deplorat.
2879 4071 3059 4127 Cedar
3091 4079 3275 4125 autem
3323 4071 3476 4141 regio
3506 4086 3657 4142 quae-

2070 4169 2196 4222 dam
2223 4180 2308 4222 est
2357 4165 2617 4237 Babyloni
2649 4166 2920 4235 proxima,
2946 4177 3069 4229 quas
3089 4162 3435 4217 habitatores
3456 4178 3657 4231 pravos

2071 4260 2347 4327 habebat.
2366 4259 2515 4313 Inter
2565 4259 2666 4312 hos
2695 4270 2822 4311 vero
2849 4254 3133 4325 Babylonii
3155 4252 3376 4309 Judzeos
3401 4254 3651 4308 habitare

2074 4359 2402 4409 statuerant.
2429 4352 2493 4405 Et
2511 4349 2636 4421 quia
2653 4349 2829 4404 Cedar
2872 4348 3263 4415 interpretatur
3278 4345 3661 4410 obtenebralio,

2081 4446 2277 4500 merito
2308 4445 2344 4499 ii
2376 4443 2469 4500 aui
2506 4445 2646 4496 inter
2690 4442 3038 4496 tenebrarum
3093 4438 3451 4493 tabernacula
3507 4438 3665 4491 babi-

2082 4542 2223 4598 iant,
2258 4534 2649 4590 lamentantur.
2702 4533 3005 4586 Possumus
3065 4538 3248 4584 autem
3304 4528 3665 4583 tenebrarum

2081 4627 2496 4683 tabernaculum
2527 4610 2825 4695 appellare,
2861 4636 3072 4676 ntoram
3107 4621 3252 4675 illam
3282 4662 3297 4685 ,
3327 4635 3391 4675 ac
3434 4636 3671 4677 consuc-

2082 4721 2347 4784 tudinem,
2384 4734 2549 4789 quam
2585 4717 2710 4786 quis
2741 4717 2885 4771 inter
2929 4714 3099 4770 animi
3153 4714 3380 4770 affectus
3438 4721 3492 4768 et
3542 4730 3671 4784 pase

2084 4813 2271 4868 siones
2304 4811 2480 4874 ducit,
2514 4824 2638 4881 quae
2672 4815 2907 4863 mentem
2941 4807 3334 4863 obtenebrant.

2158 4902 2390 4957 Multum
2414 4903 2751 4972 peregrinata
2792 4907 2871 4954 est
2902 4900 3087 4953 anima
3105 4915 3246 4953 mea.
3278 4897 3463 4951 .‘llultis
3509 4895 3671 4949 annis

2083 5011 2151 5051 ac
2181 4997 2341 5066 longo
2366 5004 2612 5066 tempore
2649 4994 2702 5047 in
2731 4993 3050 5061 captivitate
3085 4990 3375 5061 peregrina
3407 4987 3533 5041 fuit.

472 5090 634 5145 Μετὰ
662 5088 783 5143 τῶν
801 5089 1149 5159 μισούντων
1169 5086 1282 5153 τὴν
1311 5087 1583 5156 εἰρήνην,
1614 5087 1779 5158 ἤμην
1820 5090 1951 5157 ειρη

2159 5087 2320 5142 Vens.
2346 5087 2400 5142 6.
2419 5085 2549 5143 Cum
2572 5087 2636 5139 iis
2653 5085 2745 5155 qui
2765 5084 2989 5138 oderant
3010 5095 3376 5150 pacem,¢rant
3395 5078 3670 5149 paciﬁcus.

392 5183 586 5249 νικός.
652 5182 811 5238 Μετὰ
853 5182 964 5236 τῶν
1014 5181 1334 5251 φιλονείκων
1390 5180 1643 5244 ἐκείνων,
1707 5179 1815 5235 τῶν
1880 5181 1945 5251 τῆ

2084 5179 2221 5237 Cum
2252 5179 2614 5235 eontentiosis
2632 5176 2741 5231 illis
2768 5174 3085 5229 hominibus
3111 5172 3307 5233 Cedar,
3330 5184 3519 5241 pacem
3545 5183 3677 5239 age-

396 5276 588 5347 Κηδάρ
648 5276 948 5346 εἰρήνευον,
995 5275 1098 5329 οὐκ
1140 5274 1537 5344 ἀνθιστάμενος
1600 5274 1785 5338 αὐτοῖς
1850 5290 1952 5347 περ

2087 5276 2233 5340 bam,
2262 5287 2366 5328 nec
2390 5286 2487 5342 pro
2515 5270 2789 5326 mundana
2834 5272 2930 5321 aut
2981 5262 3271 5334 temporali
3323 5277 3381 5316 re
3432 5260 3540 5315 ulla
3596 5266 3678 5315 ets

399 5365 656 5437 βιωτικοῦ
710 5381 856 5430 τινος
886 5366 1236 5438 πράγματος,
1288 5363 1428 5419 ἀλλὰ
1478 5365 1851 5437 παραχωρῶν,
1903 5364 1950 5418 ώ

2087 5356 2457 5423 adversabar:
2490 5364 2761 5435 qttinimo,
2794 5369 2853 5415 ut
2882 5357 3130 5428 captivus
3178 5353 3366 5410 omnia
3415 5352 3525 5407 illis
3552 5367 3678 5422 per-

362 5456 771 5533 _aixp.di.wco;.
803 5455 1057 5510 Παιδεύει
1085 5457 1140 5511 δὲ
1175 5456 1272 5511 καὶ
1305 5456 1454 5527 ἡμᾶς
1502 5455 1531 5509 ὁ
1577 5454 1733 5526 λόγος
1801 5454 1947 5509 τοιού

2091 5461 2398 5517 mittebam.
2433 5458 2699 5512 Doeemur
2721 5463 2905 5509 autem
2934 5452 3024 5507 his
3058 5448 3247 5505 verbis
3282 5447 3417 5503 tales
3471 5445 3583 5499 ﬁeri
3623 5453 3679 5498 et

399 5563 527 5613 τους
549 5550 819 5619 γίνεσθαι,
853 5551 948 5603 καὶ
974 5549 1112 5620 μετά
1144 5552 1364 5605 πάντων
1419 5546 1760 5621 εἰρηνεύειν*
1794 5548 1844 5600 εἰ
1875 5547 1945 5616 γά

2095 5565 2197 5606 nos
2225 5590 2240 5614 ,
2267 5564 2390 5605 cum
2422 5547 2679 5603 omnibus
2711 5543 2923 5601 scilicet
2953 5554 3141 5612 pacem
3191 5537 3413 5591 habere.
3457 5533 3593 5589 Nam
3630 5534 3679 5587 si

405 5641 676 5710 μετὰτῶν
733 5641 1037 5713 μισούντων
1087 5643 1188 5717 τὴν
1242 5643 1487 5716 εἰρήνην,
1548 5640 1728 5713 πολλῷ
1785 5641 1952 5713 μᾶλλο

2096 5657 2221 5699 cunt
2254 5640 2322 5697 iis
2352 5640 2542 5706 etiam,
2572 5638 2665 5710 qui
2700 5650 2890 5707 pacem
2920 5635 3095 5705 ipsam
3127 5629 3386 5694 oderunt,
3422 5625 3684 5692 pacilit-os

483 5824 529 5857 “
558 5820 721 5881 Rom.
768 5839 869 5890 χιι,
901 5823 992 5880 20.
