4112 6418
481 361 504 424 1
517 361 617 428 187

1703 359 2090 420 EUTHYMII
2143 359 2509 420 ZIGABENI

3592 362 3732 430 1188

473 491 576 532 nos
599 490 719 531 esse
749 475 928 539 decet,
948 483 1158 544 quanto
1190 473 1364 544 magis
1407 488 1534 528 cum
1583 475 1652 528 iis
1705 474 1799 544 qui
1852 490 2036 544 pacem

2151 480 2293 546 μετά
2322 479 2432 530 τῶν
2459 477 2802 545 ἀγαπώντων
2832 477 3026 548 αὐτήν.
3067 477 3334 548 Ἐσόμεθα
3364 479 3422 532 δὲ
3477 483 3732 547 τοιοῦτοι,

474 567 784 622 amaverint
817 569 829 619 ε
867 567 1080 622 Erimus
1111 573 1293 619 autem
1319 566 1460 620 tales
1480 607 1495 632 ,
1527 566 1572 621 si
1604 567 1768 620 veluti
1798 568 2036 636 hospites

2149 569 2246 622 ἐάν
2272 569 2348 632 ὡς
2371 569 2514 634 ξένοι
2551 569 2943 640 διατρίϐωμεν,
2987 571 3084 623 ἐὰν
3143 571 3220 633 ὡς
3267 572 3526 642 πάροικοι
3578 573 3734 626 πολι-

475 665 641 727 atque
664 659 833 712 exteri
867 657 920 711 in
949 658 1052 712 hoe
1105 657 1309 710 mundo
1358 658 1674 721 vixerimus,
1711 661 1754 714 si
1789 669 2046 727 tauquam

475 749 745 818 peregrini
792 750 1282 815 conversabimur,
1336 765 1448 803 non
1495 753 1896 804 contendentes
1946 765 2046 818 pro

2153 659 2465 730 τευώμεθα,
2503 661 2578 732 μὴ
2619 663 2829 732 σφόδρα
2879 664 2988 716 τῶν
3018 665 3304 735 παρόντων
3359 665 3731 734 ἀντεχόμενοι,

2153 753 2289 822 μηδ’
2324 752 2400 816 ὡς
2423 755 2805 824 παραμένουσι
2834 756 3264 826 προστρέχοντες
3295 756 3529 819 τούτοις.

475 841 830 910 praesentibus
863 841 1025 910 bujus
1057 841 1243 894 saeculi
1275 841 1461 906 rebus,
1501 856 1677 911 neque
1708 841 1951 894 animum
1990 843 2045 893 lu
2085 841 2166 896 eis
2199 845 2356 914 quasi
2387 845 2441 900 in
2470 845 2919 916 permanentibus
2983 863 3047 900 ac
3085 849 3361 917 perpetuis
3407 848 3570 904 rebus
3627 864 3731 919 po-

471 942 686 987 nentes.

537 1024 671 1078 Cum
723 1023 972 1091 loquebar
1020 1024 1154 1086 illis,
1197 1025 1575 1093 oppugnabant
1611 1040 1691 1078 me
1736 1025 1929 1092 gratis;
1977 1053 2043 1064 —

475 1121 654 1175 Gratis
680 1120 818 1174 dixit
845 1135 943 1189 pro
977 1121 1089 1174 sine
1128 1136 1295 1174 causa
1320 1160 1334 1185 ,
1368 1121 1575 1174 nullam
1630 1121 1890 1174 nimirum
1944 1136 2039 1175 oc-

463 1213 744 1267 casionem
775 1211 1061 1274 habentes,
1087 1212 1182 1267 sed
1218 1221 1420 1268 temere
1445 1213 1627 1267 omnia
1651 1215 2042 1267 administran-

2223 1025 2412 1105 Ὄταγ
2435 1023 2706 1078 ἐλάλουν
2729 1025 2957 1090 αὐτοις,
2991 1022 3334 1093 ἐπολέμουν
3370 1041 3447 1093 με
3477 1025 3730 1094 δωρεάν.

2150 1119 2322 1172 Ὀταν
2351 1118 2574 1170 ἐλάλουν
2593 1118 2776 1180 αὐτοῖς
2803 1117 3081 1187 εἰρηνικὰ,
3110 1117 3413 1186 ἐπολέμουν
3438 1134 3502 1186 με
3529 1118 3730 1187 μάτην,

2153 1213 2425 1284 μηδεμίαν
2456 1210 2710 1282 ἀφορμὴν
2748 1210 2986 1280 ἔχοντες,
3012 1210 3109 1264 καὶ
3141 1210 3261 1263 οὐδὲ
3293 1209 3411 1263 τότε
3434 1209 3729 1280 ἐφείδοντοο

466 1317 549 1360 tes
585 1320 600 1358 :
629 1302 776 1373 quod
807 1319 873 1358 ex
899 1318 964 1358 eo
1010 1305 1318 1374 perspicere
1363 1306 1528 1370 licet,
1579 1307 1724 1375 quod
1777 1321 1876 1360 nec
1912 1316 2036 1359 tunc

2148 1308 2264 1374 ἐγὼ
2297 1305 2353 1358 δὲ
2393 1304 2490 1357 καὶ
2518 1303 2692 1366 οὕτως
2719 1304 3025 1374 εἰρήνευον.

464 1396 762 1466 parcebant
803 1394 958 1459 mihi,
992 1395 1212 1465 quando
1245 1412 1346 1467 ego
1386 1399 1613 1468 pacilice
1634 1397 1864 1470 agebam
1910 1410 2037 1451 cum

466 1506 573 1546 ets.

929 1605 1212 1660 Canticum
1247 1623 1580 1662 ascensuum.

983 1716 1307 1775 PSALMUS
1347 1719 1512 1776 CXX.

2572 1593 2711 1667 ᾨδὶι
2742 1593 2851 1647 τῶν
2900 1591 3304 1662 Ἀναῦαθμῶν.

2714 1709 3012 1765 ΨΛΛΜΟΣ
3039 1710 3172 1764 PK’.

545 1827 702 1885 lens.
734 1833 788 1886 1.
819 1831 1007 1887 Levavi
1044 1832 1223 1888 oculos
1255 1851 1396 1888 meos
1429 1837 1482 1890 in
1519 1847 1719 1892 utentes
1744 1877 1758 1902 ,
1790 1838 1927 1892 unde
1959 1855 2036 1893 ve-

2219 1825 2375 1897 Ἦρα
2412 1826 2555 1892 τοὺς
2587 1824 2935 1892 ὀφθαῖιιούς
2956 1840 3076 1890 μου
3123 1821 3212 1886 εἰς
3270 1819 3344 1873 τὰ
3396 1820 3528 1888 ὄρη,
3590 1820 3733 1876 ὅθεν

460 1923 562 1976 niet
599 1923 858 1976 auxilium
899 1923 1049 1980 milii.
1095 1922 1209 1978 Hoc
1257 1926 1472 1980 cantico
1517 1941 1579 1980 ea
1617 1928 1784 1982 verba
1836 1928 2035 1997 praedi-

458 2024 658 2067 cuntur
686 2029 718 2068 a
754 2012 1024 2083 Propheta
1049 2053 1065 2078 ,
1109 2029 1231 2084 qua:
1280 2014 1486 2070 dicturi
1527 2026 1686 2071 erant
1717 2015 2032 2073 Iudaeorum

459 2104 707 2174 captivi,
741 2119 865 2157 cum
894 2119 958 2158 ex
1013 2103 1286 2174 Babylone
1331 2105 1635 2164 discessuri
1685 2118 1872 2162 essent
1905 2149 1923 2174 ,
1981 2117 2036 2164 et

455 2199 745 2253 ascensuri
775 2199 829 2252 iu
855 2197 1180 2254 Jerusalem.
1217 2197 1319 2254 Per
1373 2211 1586 2254 montes
1631 2211 1815 2256 autem
1860 2200 2034 2256 eteius

457 2288 751 2361 intelligit,
780 2289 852 2344 ob
874 2304 1144 2345 summam
1181 2290 1394 2357 scilicet
1427 2307 1618 2346 eorum
1663 2293 2033 2347 altitudinem.

2147 1924 2280 1992 ἣξει
2312 1921 2351 1987 ἡ
2373 1917 2625 1985 βοήθεὶὰ
2653 1934 2794 1985 μου.
2845 1912 2994 1982 Αὕτη
3054 1915 3088 1982 ἡ
3148 1911 3259 1984 ᾠδὴ
3304 1910 3638 1982 προφητεύει
3691 1911 3736 1966 ἃ.

2143 2017 2352 2084 ελεγον,
2380 2013 2679 2083 ἀρξάμενοι
2728 2007 3062 2062 ἀνασαὶνειν.
3108 2008 3246 2076 Ὀρη
3275 2007 3330 2058 δὲ
3401 2005 3548 2074 λέγει
3603 2006 3733 2068 τοὺς

2141 2107 2408 2178 οὐρανοὺς
2463 2103 2552 2156 διὰ
2584 2101 2644 2154 τὸ
2669 2101 2827 2168 ὕψος.
2870 2097 3114 2152 Ἐκεῖθεν
3143 2100 3253 2169 γὰρ
3275 2095 3506 2165 ἤλπιζον
3554 2095 3734 2149 ἐλθεῖν

2142 2201 2330 2261 αὐτοῖς
2414 2196 2514 2266 τὴν
2590 2194 2796 2264 συνήθη
2875 2192 3166 2262 βοήθειαν,
3247 2188 3733 2260 παραπέμπουσαν

2144 2286 2430 2347 ἀϐλαϐεῖς.
2471 2277 2624 2336 Ἐἶτα
2669 2283 2764 2335 καὶ
2794 2278 3199 2349 σαφηνίζειτὸν
3237 2276 3416 2342 λόγον.

457 2384 610 2442 llliuc
635 2385 836 2438 etenim
872 2383 1165 2454 sperabant
1186 2384 1553 2440 adventurum
1605 2388 1708 2442 sibi
1745 2403 1868 2443 esse
1895 2395 2223 2442 consuetum
2249 2383 2342 2437 Dei
2374 2379 2663 2441 auxilium,
2691 2391 2802 2446 quo
2861 2377 3100 2430 ducente
3160 2373 3314 2429 illaesi
3378 2373 3435 2428 in
3495 2369 3730 2442 patriam

461 2481 828 2552 pervenirent.
876 2477 1093 2553 Deinde
1134 2495 1444 2536 sermonem
1492 2497 1654 2537 suum
1713 2485 1887 2552 magis
1941 2483 2210 2549 declarat,
2242 2479 2434 2534 dicens
2469 2491 2488 2530 :

529 2571 696 2626 Vitas.
725 2572 782 2625 2.
811 2572 1089 2626 Auxilium
1117 2589 1287 2626 meum
1316 2591 1349 2628 a
1382 2575 1627 2643 Domino,
1651 2578 1740 2646 qui
1770 2577 1894 2647 fecit
1914 2594 2023 2632 cas-

457 2666 570 2718 lum
623 2675 673 2718 et
695 2673 912 2718 terram.
946 2664 1028 2718 Ab
1057 2679 1122 2719 eo
1149 2665 1243 2734 qui
1293 2681 1419 2721 vere
1458 2669 1726 2723 Dominus
1764 2679 1871 2724 est.
1898 2670 2036 2724 Pro-

458 2755 639 2825 prium
668 2755 813 2809 enim
843 2754 936 2808 Dei
976 2762 1096 2821 est,
1141 2763 1202 2810 ut
1251 2758 1498 2811 omnium
1545 2767 1765 2814 creator
1797 2762 2033 2826 dicatur,

459 2863 584 2902 eum
616 2848 733 2917 ipse
765 2847 922 2902 solus
953 2846 1047 2912 sit,
1087 2847 1183 2918 qui
1219 2848 1394 2918 possit
1418 2864 1627 2905 creare.
1665 2850 1732 2905 Et
1785 2867 1886 2907 nos
1933 2852 2038 2923 igi-

460 2951 548 2996 tur
578 2941 625 2993 si
650 2939 846 2994 anima:
871 2940 1062 2996 oculos
1097 2942 1148 2994 in
1188 2941 1389 2996 cmlum
1421 2943 1808 3008 levarerlmus,
1828 2961 2038 3015 eosque

457 3049 488 3086 a
516 3033 746 3087 terrenis
791 3031 955 3087 rebus
995 3033 1253 3089 omnibus
1307 3033 1739 3102 dimoverimus,
1788 3037 2036 3092 divinum

457 3126 624 3179 simili
659 3124 818 3180 modo
841 3139 1248 3195 consequemur
1283 3128 1575 3182 auxilium.

527 3238 692 3293 Vens.
726 3238 778 3292 ὅ.
820 3240 896 3292 Ne
933 3239 1023 3292 des
1070 3239 1123 3292 in
1173 3241 1575 3296 commotionem
1610 3242 1790 3306 pedem
1842 3253 2031 3311 tuum,

2226 2575 2298 2630 Ἦ
2319 2569 2579 2639 βοήθειά
2610 2587 2731 2639 μου
2756 2574 2918 2637 παρά
2947 2570 3172 2637 Κυρίου
3209 2567 3318 2623 τοῦ
3354 2567 3732 2641 ποιήσαντος

2143 2668 2254 2721 τὸν
2289 2666 2555 2730 οὐρανὸν
2582 2663 2681 2716 καὶ
2723 2663 2840 2730 τὴν
2892 2660 3030 2731 γῆν.
3075 2661 3186 2715 Τοῦ
3233 2662 3453 2733 ἀληθῶς
3498 2664 3727 2734 Κυρίου.

2149 2760 2310 2813 Ἷδιον
2339 2758 2448 2828 γὰρ
2480 2757 2542 2810 τὸ
2571 2757 2971 2826 δημιουργικὸν
2995 2757 3087 2808 τοῦ
3121 2755 3280 2809 Θεοῦ.
3313 2757 3424 2810 Καὶ
3453 2759 3586 2827 ἡμῖν
3611 2754 3727 2824 οὖν,

2146 2853 2243 2904 ἐὰν
2271 2853 2492 2922 ἄρωμεν
2519 2850 2648 2911 τοὺς
2679 2848 2996 2918 ὀφθαλμοὺς
3019 2849 3118 2917 τῆς
3151 2848 3333 2924 ψυχῆς
3361 2850 3442 2911 εις
3489 2850 3580 2902 τὸν
3634 2852 3728 2902 οὑ·-

2145 2944 2751 3017 ρανὸν,ἀποστήσαντες
2779 2943 2976 3004 αὐτοὺς
2998 2942 3108 2997 τῶν
3131 2945 3334 3014 γηΐνων
3359 2945 3724 3014 πραγμάτων,

2142 3039 2176 3108 ὴ
2208 3036 2435 3107 βοήθεια
2463 3034 2616 3106 παρά
2647 3034 2854 3104 Κυρίου
2891 3033 3068 3089 ἔσται.

2199 3237 2298 3305 Μὴ
2335 3234 2492 3304 eum
2519 3237 2606 3300 εις
2629 3234 2829 3288 σάλον
2842 3235 2948 3287 τὸν
2972 3235 3128 3288 πόδα
3154 3252 3292 3299 σου,
3318 3237 3474 3305 μηδὲ
3501 3237 3727 3292 νυστά-

455 3349 615 3402 neque
647 3331 894 3385 dormitet
922 3332 1012 3402 qui
1061 3335 1289 3386 custodit
1332 3343 1400 3388 te.
1448 3334 1563 3390 Hoc
1607 3336 1675 3390 ad
1727 3335 2032 3392 fraternum

2144 3331 2218 3396 ξῃ
2251 3333 2284 3383 ό
2313 3328 2658 3398 φυλάσσων
2686 3342 2782 3380 σε.
2821 3326 2994 3380 Τοῦτο
3057 3329 3435 3398 φιλαδελφίας,
3492 3332 3725 3384 ἕκαστον

455 3438 697 3477 amorem
735 3423 1005 3492 pertinet,
1040 3429 1099 3477 ut
1149 3425 1532 3495 unusquisque
1590 3441 1688 3495 pro
1732 3427 1906 3482 altero
1955 3429 2038 3483 ef-

457 3516 686 3571 fundere
721 3520 788 3569 ad
825 3517 992 3570 Deum
1023 3532 1214 3586 preces
1243 3518 1514 3574 addiscat.
1559 3519 1636 3574 Ne
1665 3519 1800 3584 des,
1835 3521 2034 3590 inquit,

456 3610 645 3678 pedem
676 3617 828 3662 tuum
866 3608 920 3662 in
952 3610 1404 3674 commotionem,
1431 3611 1536 3665 hoc
1568 3619 1672 3673 est,
1709 3612 1762 3664 in
1795 3612 1999 3666 liuetua

456 3701 659 3752 tionem
695 3716 709 3752 :
741 3715 918 3770 neque
946 3714 974 3752 a
1010 3710 1161 3755 recta
1199 3702 1466 3756 virtutum
1499 3704 1588 3756 via
1629 3705 1934 3767 avertatis,
1971 3721 2038 3759 ne

458 3791 664 3844 idcirco
704 3791 819 3860 ipse
854 3794 1020 3845 etiam
1062 3792 1202 3847 Deus
1225 3834 1239 3858 ,
1275 3793 1367 3862 qui
1399 3803 1451 3847 te
1477 3793 1759 3848 custodire
1793 3796 2039 3860 solebat,

455 3883 736 3946 dormitet,
781 3883 884 3937 hoc
913 3892 1019 3946 est,
1052 3898 1120 3937 ne
1151 3884 1269 3952 ipse
1318 3884 1484 3938 etiam
1535 3885 1821 3955 negligens
1866 3885 2038 3940 videri

457 3975 630 4043 possit
670 3974 722 4028 in
755 3975 823 4030 iis
857 3989 976 4044 quae
1013 3975 1080 4029 ad
1135 3976 1442 4031 custodiam
1490 3983 1642 4030 tuam
1697 3977 1981 4046 pertinent
2019 3993 2034 4030 :

451 4081 518 4120 eo
555 4065 698 4132 quod
731 4064 1146 4121 inadvertcnter
1181 4065 1260 4122 sis
1293 4066 1500 4137 lapsus.
1539 4065 1656 4133 Vel,
1687 4083 1755 4136 ne
1789 4069 1887 4123 des
1931 4067 2040 4123 iter

453 4167 605 4211 tuum
638 4159 690 4212 iu
723 4159 1046 4213 ﬂuctuantia
1087 4167 1141 4214 et
1175 4159 1385 4215 lubrica
1420 4160 1680 4230 negotia,
1716 4161 1812 4216 sed
1858 4171 2035 4216 tutam

455 4251 588 4322 legis
641 4266 705 4306 ac
753 4253 1135 4306 mandatorum
1192 4254 1444 4309 semitam
1525 4255 1873 4319 conscende,
1918 4271 2041 4326 qua:

455 4355 663 4400 rectum
696 4347 801 4401 iter
827 4347 1216 4403 incedentibus
1247 4357 1490 4420 praestat.

529 4457 692 4512 Vens.
736 4459 788 4512 4.
825 4458 960 4514 Ecce
985 4477 1092 4515 non
1118 4462 1452 4525 dormitabit,
1486 4479 1647 4533 neque
1677 4463 2038 4531 soporabilnr,

451 4549 541 4617 qui
565 4549 795 4602 custodit
845 4549 1046 4604 Israel.
1094 4550 1240 4607 Deus
1289 4568 1413 4607 eum
1467 4569 1575 4608 non
1619 4555 1848 4624 negliget
1878 4593 1894 4618 ,
1941 4569 2042 4610 nec

455 4637 789 4706 negligenter
819 4638 1029 4708 aliquid
1055 4655 1184 4710 erga
1211 4641 1365 4695 illum
1395 4651 1542 4711 aget,
1574 4643 1668 4711 qui
1709 4657 1806 4711 per
1837 4651 2032 4703 tutam.

2141 3421 2372 3476 ἑκάστου
2435 3419 2858 3490 ὑπερεύχεσθαι.
2898 3420 2987 3492 Μὴ
3030 3419 3172 3490 ὁῴης
3224 3424 3305 3485 εἰς
3368 3423 3726 3492 παρατροπὴν

2140 3514 2232 3566 τὸν
2273 3513 2408 3566 πόδα
2443 3529 2561 3578 σου,
2629 3512 2761 3582 μηδὲ
2821 3514 3242 3582 παρατραπειης
3313 3515 3413 3584 τῆς
3484 3515 3722 3578 εὐθείας,

2139 3605 2262 3674 ἥτις
2289 3605 2438 3657 ἐστὶν
2465 3606 2498 3674 ἡ
2530 3604 2784 3674 ἐνάρετος
2817 3604 2935 3666 ὁδός
2961 3621 2974 3634 ·
3007 3605 3145 3674 μηδέ
3189 3606 3278 3658 διά
3328 3606 3486 3659 τοῦτο
3527 3609 3727 3660 νυστάο

2143 3698 2233 3762 ξαι
2263 3698 2292 3748 ὁ
2318 3697 2609 3764 φυλάσσων
2651 3714 2710 3749 σε
2735 3697 2887 3758 Θεὸς,
2923 3697 3000 3766 μὴ
3055 3699 3142 3751 διὰ
3191 3699 3350 3751 τοῦτο
3406 3701 3725 3770 ῥᾳθυμήσαι

2144 3792 2274 3860 περὶ
2291 3789 2390 3861 τὴν
2413 3789 2664 3860 φυλακήν
2689 3805 2804 3852 σου,
2841 3789 2917 3850 ὡς
2951 3790 3008 3844 ἐξ
3037 3790 3374 3858 ἀπροσεξίας
3397 3791 3724 3861 ὀλισθῆσαν-

2141 3901 2255 3947 τος.
2283 3885 2376 3950 Ἢ,
2412 3884 2487 3954 μὴ
2513 3881 2656 3952 δώῃς
2681 3883 2759 3945 εἰς
2790 3882 3126 3952 σαλευόμενα
3146 3884 3239 3936 καὶ
3255 3884 3524 3952 ὀλισθηρὰ
3544 3886 3724 3954 πράγ-

2146 3993 2292 4044 ματα
2321 3977 2420 4047 τὴν
2446 3975 2671 4046 πορείαν
2702 3990 2818 4038 σου,
2841 3973 2971 4027 ἀλλ’
3006 3974 3306 4037 ἐπιδαίνοις
3330 3975 3520 4045 τρίϐου
3551 3978 3725 4043 ἀσφα-

2143 4068 2291 4132 λοῦς,
2351 4069 2476 4138 ἥτις
2529 4068 2678 4121 ἐστὶν
2724 4068 2759 4138 ἡ
2802 4067 3047 4137 ἔννομος,
3099 4067 3420 4138 εὐθυπορεῖν
3482 4085 3543 4122 σε
3614 4085 3725 4122 πα-

2145 4159 2590 4232 ρασκευάζουσα.

2211 4453 2370 4510 Ἰδοὺ
2412 4455 2484 4508 οὐ
2528 4453 2844 4517 νυστάξει,
2893 4454 3038 4507 οὐδὲ
3079 4453 3350 4510 ὑπνὼσει
3387 4457 3420 4509 ό
3485 4457 3726 4524 φυλάσ-

2142 4563 2270 4602 σων
2291 4547 2401 4600 τὸν
2421 4546 2690 4614 Ἰσραήλ.
2721 4547 2783 4599 Ei
2829 4547 3098 4616 ἀπέχεται
3135 4547 3381 4616 δαλονότι
3447 4548 3557 4600 τῶν
3601 4547 3720 4602 όλι-

2146 4639 2382 4709 σθηρῶν,
2424 4639 2472 4692 εἰ
2511 4638 2770 4707 ἀσφαλῶς
2796 4637 2993 4707 βαίνει,
3041 4637 3165 4691 οὔτε
3217 4639 3546 4712 ρᾳθυμήσει,
3595 4637 3722 4691 οὕτε.

453 4741 616 4793 quam
658 4726 919 4792 diximus,
955 4730 1099 4783 viam
1123 4731 1434 4800 incesserit,
1456 4743 1512 4788 et
1551 4749 1578 4785 a
1609 4733 1822 4788 lubrico
1849 4735 2036 4789 saeculi

2144 4731 2566 4801 ἀμελήσει(52).
2606 4732 2821 4801 Ἰσραὴλ
2843 4731 2900 4783 δὲ
2929 4732 3023 4784 καὶ
3070 4733 3233 4801 ἡμεῖς
3292 4732 3432 4796 νέος,
3465 4733 3538 4796 ὡς
3591 4732 3722 4784 πο).-

452 4817 590 4869 ralle
621 4817 972 4872 abstinuerit.
1004 4819 1308 4876 Possumus
1339 4832 1395 4877 et
1437 4838 1539 4878 nos
1571 4823 1757 4879 ﬁdeles
1798 4838 1991 4880 omnes
2020 4867 2035 4892 ,

453 4905 558 4958 dici
593 4919 767 4958 novus
807 4904 996 4969 Israel,
1031 4909 1494 4976 quemadmodum
1530 4926 1674 4981 saepe
1710 4912 1838 4966 alibi
1894 4913 2037 4968 dixi-

453 5015 594 5062 mus,
627 5002 902 5070 praecipue
939 4999 994 5054 in
1032 5001 1244 5071 psalmo
1265 5017 1419 5071 XLIII,
1447 5006 1523 5061 ibi
1553 5006 1852 5078 :Exsurge,
1873 5024 2036 5079 quare

451 5091 736 5158 obdormis,
775 5092 998 5149 Domine
1020 5096 1047 5151 1’

527 5205 692 5262 Vens.
724 5207 776 5260 5.
815 5208 1067 5264 Dominus
1098 5211 1356 5266 custodiet
1395 5219 1463 5277 te,
1498 5211 1754 5269 Dominus
1776 5211 2036 5284 protectio

2142 4825 2301 4888 λάκις
2329 4827 2653 4895 εἰρήκαμεν.
2699 4825 2943 4894 Ζήτησον
2987 4826 3082 4878 καὶ
3133 4829 3192 4878 ἐν
3237 4825 3316 4895 τῷ
3344 4825 3435 4896 μγ⁹
3493 4825 3720 4896 ψαλμῷ,

2149 4917 2544 4987 Ἐξεγέρίιητι,
2580 4917 2681 4970 ἵνα
2714 4918 2770 4971 τί
2793 4917 3034 4985 ὑπνοῖς,
3067 4919 3245 4986 Κύριε
3271 4934 3291 4981 ;

2213 5203 2426 5272 Κύριος
2454 5205 2714 5274 φυλάξει
2742 5221 2834 5268 σε,
2873 5206 3082 5273 Κύριος
3109 5206 3310 5274 σκέπη
3335 5221 3453 5272 σοι,
3481 5205 3580 5260 ἐπὶ
3603 5205 3724 5278 χεῖ.

455 5306 547 5348 Iua
603 5299 670 5347 ad
707 5313 922 5350 manum
968 5299 1244 5354 dexteram
1294 5311 1464 5358 tuam.
1528 5304 1791 5358 Dominus
1837 5313 1891 5356 te
1937 5305 2036 5357 hoc

2144 5315 2213 5366 pa
2238 5299 2444 5363 δεξιάν
2467 5315 2607 5353 σου.
2642 5299 2842 5365 Κύριος
2869 5298 3096 5368 φυλάξει
3129 5317 3186 5353 σε
3214 5300 3383 5364 οὕτως
3409 5301 3721 5372 βαδίζοντα,

458 5398 616 5452 pacto
673 5388 1012 5446 incedentem
1061 5394 1374 5462 custodiet,
1434 5394 1698 5451 Dominus
1773 5395 2040 5464 protectio

461 5475 556 5528 tibi
584 5479 708 5540 erit,
749 5479 905 5548 juxta
952 5499 1172 5538 manum
1223 5487 1501 5541 dexteram
1549 5499 1696 5542 tuam
1723 5527 1739 5553 ,
1770 5487 1875 5540 hoc
1915 5495 2037 5552 est,

2141 5395 2346 5463 Κύριος
2369 5395 2544 5465 σκέπη
2584 5411 2669 5447 σοι
2713 5396 2866 5464 παρά
2891 5394 2990 5466 τὴν
3017 5393 3200 5458 δεξιάν
3226 5412 3318 5447 σου
3371 5397 3549 5466 χεῖρα,
3599 5411 3725 5446 τουο

2141 5487 2294 5541 τέστι
2364 5489 2755 5560 παραστάτης,
2809 5489 3144 5560 σκεπαστὴς,
3199 5490 3419 5542 σκέπων
3457 5505 3516 5540 σε
3547 5482 3724 5558 πρατ-

1794 5660 1992 5724 Varie
2020 5660 2356 5724 lectiones.

532 5796 646 5866 (3:!)
683 5796 944 5858 Nimirum
973 5807 1124 5874 Θεὸς,
1157 5811 1204 5862 εἰ
1239 5811 1504 5880 ἀπέχετιι
1535 5811 1779 5885 Ἰσραήλ.
