4112 6416
389 340 526 406 1189

1561 347 1950 414 COMMENT.
1997 347 2077 407 IN
2138 347 2502 409 PSALMOS.

3486 355 3628 422 1190

382 470 544 507 τοντα
595 454 777 524 ἀγαθά
807 473 822 488 ο
857 455 913 530 ἦ,
952 459 1131 530 σκέπη
1197 475 1278 512 σοι
1326 458 1412 512 διὰ
1474 457 1703 530 πράξεις
1757 474 1849 509 σου
1887 455 1972 507 δε-

2077 453 2292 523 adjutor
2327 455 2422 509 tibi
2456 453 2562 509 erit
2591 453 2645 508 in
2675 453 2840 510 bello.
2860 455 3070 526 (Solent
3093 457 3257 524 enim,
3281 461 3372 530 qui
3402 463 3640 534 aliquem

384 547 524 613 ξιάς.

463 819 710 890 Ἡμέρας
741 825 774 876 ὀ
801 821 978 889 ἣλιος
1015 822 1086 874 οὐ
1118 820 1457 889 συγκαύσει
1483 834 1577 885 σε,
1607 818 1752 873 οὐδὲ
1779 818 1818 886 ἡ
1855 832 1963 871 σε-

382 913 544 980 λήνη
569 913 684 979 τὴν
705 913 915 966 νύκτα.
939 910 1224 983 Τοσαύτην
1254 928 1347 964 σου
1371 911 1657 982 ποιήσεται
1683 908 1962 980 πρόνοιαν,

382 1005 457 1067 ὡς
490 1005 625 1076 μηδὲ
653 1004 827 1058 ταῦτα
854 1006 1014 1058 ἐᾶται
1048 1003 1456 1076 παρενοχλῆσαί
1483 1020 1586 1055 σοι.
1618 1002 1759 1072 Πρὸς
1793 1000 1970 1068 ἔμφα-

387 1114 472 1150 σιν
504 1098 560 1150 δὲ
591 1095 753 1149 τοῦτο
791 1093 915 1149 εἷπε
972 1097 1073 1166 τῆς
1120 1097 1296 1167 ἄκρας
1338 1094 1676 1164 ἐπιμελείας.
1718 1092 1880 1154 Είκδς
1911 1090 1968 1143 δὲ

386 1189 586 1251 αὐτοὺς
643 1190 738 1244 καὶ
774 1189 1032 1260 τοιαύτης
1061 1189 1366 1242 ἀπολαῦσαι
1402 1188 1644 1257 χάριτος.
1672 1182 1967 1252 Συγκαίειν

386 1278 443 1331 δὲ
493 1280 716 1347 λέγουσι
773 1280 869 1333 καὶ
912 1280 1014 1350 τὴν
1059 1278 1293 1348 σελήνην
1327 1277 1397 1330 τὰ
1429 1277 1683 1346 σώματα,
1711 1276 1773 1328 οὐ
1813 1275 1974 1345 μόνον

391 1369 568 1441 ὑγρὰν
597 1366 786 1435 οὖσαν,
820 1369 959 1424 ἀλλὰ
1001 1369 1096 1423 καὶ
1126 1367 1379 1438 θερμήν·
1404 1367 1462 1437 ἢ,
1487 1369 1516 1420 ὁ
1553 1366 1704 1437 ἥλιος
1746 1365 1807 1418 οὗ
1837 1380 1972 1431 συγ·

390 1461 587 1516 καύσει
616 1481 697 1528 σε,
718 1463 841 1517 οὐδὲ
869 1465 902 1534 ἡ
938 1462 1158 1533 σελήνη,
1191 1459 1386 1531 βλάψει
1415 1459 1683 1528 δηλονότι.

2070 555 2360 614 protegunt
2397 545 2543 600 illius
2577 545 2816 601 dextera:
2840 548 3150 621 assistere.)
3188 551 3322 606 Vel:
3364 553 3644 611 Prmectio

2073 647 2162 690 tua
2191 637 2258 691 ad
2285 639 2539 691 dexteras
2577 639 2825 695 actiones
2856 648 2976 696 tuas
3017 657 3032 694 :
3065 651 3361 712 protegens
3385 646 3646 703 nimirum

2072 737 2125 782 te
2152 728 2294 782 bona
2319 743 2487 798 opera
2522 728 2832 791 facientem.

2149 814 2316 871 Vens.
2343 816 2396 871 6.
2431 816 2533 870 Per
2567 818 2705 871 diem
2733 819 2816 872 sol
2843 836 2943 875 non
2974 835 3087 877 uret
3123 834 3192 891 te,
3222 842 3384 896 neque
3405 828 3530 884 luna
3552 846 3647 900 per

2073 919 2298 962 noctem.
2335 908 2563 963 Tantam
2596 911 2672 964 tui
2723 927 2914 967 curam
2971 916 3208 983 habebit,
3236 929 3293 972 ut
3334 937 3513 992 neque
3556 940 3646 979 so—

2074 997 2202 1063 lem,
2235 1007 2331 1052 aut
2377 1000 2561 1054 lunam
2598 1001 2878 1070 permittat
2902 1004 3002 1058 tibi
3029 1009 3500 1073 perturbationem
3547 1014 3650 1066 ali-

2073 1105 2236 1158 quam
2269 1091 2473 1146 inferre
2515 1109 2530 1148 :
2562 1093 2706 1163 quod
2732 1093 2890 1160 dixit,
2915 1107 2974 1150 ut
3012 1113 3287 1154 summum
3323 1117 3449 1173 erga
3475 1104 3650 1158 homi-

2077 1198 2200 1236 nem
2240 1182 2330 1238 Dei
2372 1185 2615 1242 studium
2663 1203 2787 1242 esse
2839 1190 3269 1246 demonstraret.
3335 1193 3649 1253 Verisimile

2072 1283 2158 1330 est
2197 1285 2381 1330 autem
2435 1280 2722 1349 antiquum
2760 1282 3025 1348 populum
3078 1285 3340 1353 praedicto
3402 1296 3647 1356 tempore

2072 1365 2212 1420 hanc
2266 1369 2497 1435 gratiam
2541 1385 2570 1423 a
2626 1369 2737 1425 Deo
2777 1371 2950 1427 fuisse
3004 1383 3385 1429 consecutum.
3437 1373 3648 1431 Lunam

2077 1466 2262 1512 autem
2287 1476 2450 1515 urere
2483 1461 2642 1526 dixit,
2670 1463 2825 1531 juxta
2854 1465 3087 1535 aliquos,
3121 1483 3186 1522 eo
3215 1472 3361 1537 quod
3407 1486 3515 1524 non
3546 1471 3652 1525 liu-

391 1561 539 1615 mida
590 1563 662 1617 sit
714 1560 951 1628 tantum,
992 1559 1087 1615 sed
1137 1558 1302 1614 etiam
1349 1556 1547 1611 calida.
1593 1553 1692 1609 Vel
1738 1553 1820 1608 sol
1855 1567 1965 1606 non
2007 1561 2129 1608 uret
2163 1564 2235 1618 te,
2273 1572 2448 1627 neque
2474 1559 2634 1614 etiam
2659 1560 2789 1615 luna
2820 1561 2976 1617 laedet
3018 1572 3093 1618 te.
3159 1562 3327 1620 Urere
3361 1567 3506 1622 enim
3568 1569 3654 1623 dl-

391 1662 472 1715 xit
512 1674 612 1729 pro
643 1658 866 1714 laedere.

461 1753 677 1820 Κύριος
701 1751 958 1821 φυλάξει
987 1766 1061 1804 σε
1087 1748 1206 1803 ἀπὸ
1230 1747 1458 1814 παντὸς
1474 1745 1682 1814 κακοῦ,
1709 1743 1969 1815 φυλάξει

2151 1738 2317 1798 Vens.
2353 1743 2405 1795 7.
2443 1743 2698 1798 Dominus
2729 1747 2988 1799 custodiet
3019 1757 3065 1799 te
3096 1748 3159 1801 ab
3193 1753 3335 1802 omni
3366 1752 3524 1818 malo,
3553 1769 3652 1806 cu-

391 1841 510 1910 τὴν
538 1840 755 1910 ψυχήν
790 1857 909 1896 σου
940 1843 973 1894 ὁ
1003 1839 1246 1908 Κύριος.
1277 1838 1558 1902 Πολλάκις
1598 1837 1758 1891 τοῦτο
1795 1836 1968 1902 λέγει,

2079 1837 2270 1889 stodiet
2329 1838 2562 1889 animam
2599 1845 2744 1890 tuum
2797 1837 3078 1894 Dominus.
3141 1840 3398 1897 Eamdem
3444 1845 3650 1912 sapius

396 1934 632 2006 βεϐαιῶν
659 1934 750 1987 τὸν
798 1935 958 2004 λόγον
990 1933 1086 1986 καὶ
1115 1931 1562 2004 ύποτρεπόμενος
1585 1934 1664 1994 εἰς
1679 1930 1740 1983 τὸ
1767 1930 1972 2002 βαίνειν

390 2025 567 2096 ὀρθῶς
620 2025 773 2096 πόθῳ
821 2025 920 2096 τῆς
973 2025 1036 2078 ὲκ
1073 2023 1208 2078 Θεοῦ
1244 2023 1524 2094 φυλακῆς·
1555 2023 1615 2094 ἢ,
1647 2021 1874 2092 φυλάξει
1913 2020 1975 2073 τὸ

395 2117 559 2188 σῶμα
588 2134 683 2170 σου
713 2115 824 2171 ἀπὸ
845 2116 1050 2180 παντὸς
1072 2115 1342 2184 κινδύνου,
1375 2116 1467 2170 καὶ
1489 2116 1588 2187 τὴν
1605 2116 1784 2187 ψυχήν
1817 2131 1932 2168 σου.

464 2389 680 2458 Κύριος
703 2385 960 2458 φυλάξει
989 2384 1105 2456 τὴν
1131 2385 1377 2440 εἷσοδόν
1401 2400 1518 2440 σου
1575 2383 1675 2438 καί
1705 2383 1820 2453 τὴν
1847 2381 1976 2446 ἐξα·

392 2481 507 2536 ὃόν
528 2498 666 2536 σου.
704 2481 817 2551 Τὴν
858 2479 1210 2552 ἀναστροφήν
1243 2495 1364 2543 σου,
1394 2477 1494 2548 τὴν
1540 2475 1818 2529 πολιτείαν
1852 2490 1970 2540 σου,

391 2575 487 2627 τ“.ν
519 2573 633 2644 βίον
660 2589 752 2626 σου
777 2585 792 2601 ⁸
825 2572 858 2642 ἢ
886 2571 981 2627 καὶ
1014 2571 1216 2636 ἄλλως,
1249 2571 1352 2639 τήν
1387 2585 1447 2622 τε
1474 2570 1554 2632 είς
1588 2567 1678 2622 τὸν
1705 2566 1820 2637 βίον
1846 2566 1974 2619 τοῦ-

391 2682 485 2719 τον
513 2665 741 2727 εἴσοδον,
772 2662 868 2717 καὶ
899 2663 998 2735 τὴν
1027 2660 1086 2727 ἑξ
1115 2660 1278 2715 αὐτοῦ
1311 2659 1492 2727 ἔξοδον
1522 2675 1535 2688 ’
1579 2659 1612 2732 ἢ
1658 2659 1752 2713 καὶ
1795 2657 1976 2711 πάντα

390 2758 486 2811 τὸν
518 2757 655 2828 βίον.
699 2757 788 2812 Ἐν
818 2755 1044 2819 εἰσόδοις
1083 2754 1192 2826 γὰρ
1245 2749 1404 2817 οὗτος
1441 2752 1533 2806 καὶ
1575 2749 1777 2816 ἐξόδοις
1819 2750 1978 2803 καθο·

395 2852 580 2922 ρᾶται.

477 2943 612 2999 Ἀπὸ
657 2943 763 2998 τοῦ
790 2942 910 2998 νῦν
963 2941 1060 2998 καί
1102 2941 1214 3008 ἕως
1241 2939 1348 2994 τοῦ
1377 2937 1614 3003 αἰῶνος.
1647 2934 1758 2990 Καὶ
1805 2934 1886 2998 είς
1912 2933 1975 2986 τὸ

342 3093 347 3097 ,
392 3036 526 3109 ἑξῆς
548 3055 564 3069 ⁸
611 3037 645 3108 ἢ
677 3036 772 3091 καὶ
795 3036 900 3100 ἓως
931 3037 1024 3088 τοῦ
1060 3035 1258 3098 αἰῶνος
1290 3034 1388 3104 τῆς
1417 3031 1564 3102 ζωῆς
1600 3046 1718 3084 σου.

828 3128 968 3199 ’ῼδὴ
994 3125 1112 3182 τῶν
1141 3124 1544 3195 Ἀναϐαθμῶν.
1745 3131 1750 3134 ’

940 3221 1236 3275 ΨΑΛΜΟΣ
1264 3217 1442 3274 ΡΚΑ’.

466 3313 823 3384 Εὐφράνθητε
850 3312 948 3368 ἐπί
969 3314 1089 3379 τοῖς
1119 3314 1385 3382 εὶρηκόσι
1403 3327 1524 3383 μοι,
1543 3313 1648 3375 Εἰς
1671 3305 1840 3365 οἷκον
1857 3311 1974 3363 Κυ-

381 3409 526 3479 ρίου
543 3403 1159 3478 πορευσόμεθα.Τοῦτο
1180 3405 1367 3475 ελεγον
1385 3404 1686 3470 ὁδεύοντες,
1710 3403 1808 3457 καὶ
1833 3419 1972 3473 προ-

313 3537 329 3548 .
390 3503 690 3566 κόπτοντες
729 3499 870 3570 μετὰ
906 3497 1293 3570 περιχαρείας.
1403 3566 1405 3568 η

473 3701 770 3766 Ἓστῶτες
802 3716 967 3773 ησαν
991 3702 1044 3755 ol
1073 3699 1257 3766 πόδες
1295 3697 1468 3770 ἡμῶν
1497 3697 1568 3753 ἐν
1593 3697 1724 3764 ταῖς
1753 3696 1970 3762 αὐλαῖς

389 3811 532 3864 σου,
574 3795 994 3864 Ἰερουσαλήμ.
1021 3793 1180 3848 Ἀκου
1191 3794 1395 3847 σάντων
1412 3789 1591 3860 ἡμῶν,
1611 3790 1773 3851 εὐθὺς
1801 3789 1974 3841 ἑστῶ-

389 3910 483 3956 τες
508 3889 651 3964 ἦσαν
683 3891 741 3942 ἐν
769 3889 889 3948 ταῖς
933 3886 1124 3948 αὐλαῖς
1181 3901 1276 3938 σου
1319 3887 1386 3955 τῇ
1411 3885 1652 3954 δοκήσει’
1681 3882 1835 3946 ἔδοξα
1872 3881 1973 3951 μὲν

397 3987 510 4056 γὰρ
542 3983 766 4038 ἑστάναι
790 3981 847 4033 ὲν
873 3980 1088 4041 αὐταῖς,
1113 3975 1256 4031 οὕτω
1272 3976 1369 4046 τῆς
1400 3974 1637 4045 σφοδρᾶς
1670 3972 1970 4042 ἐπιθυμίας

396 4075 970 4151 παρασκευασθείσης.

473 4279 878 4352 Ἰερουσαλὴμ
930 4271 1399 4344 οικοδομουμένη
1493 4270 1575 4338 ὡς
1638 4269 1834 4336 πόλις.
1899 4263 1971 4321 Ὦ

404 4373 764 4448 Ἰερουσαλὴμ
813 4367 1248 4437 οἰκοδομουμένη
1325 4363 1401 4428 th;
1449 4362 1604 4424 πόλις
1648 4362 1820 4416 πάλαι
1867 4379 1967 4414 κυο

395 4470 544 4541 ρίως.

2080 1927 2268 1995 repezit
2294 1930 2645 1991 sententiam,
2672 1945 2976 1984 sermonem
2997 1932 3352 1995 confirmans,
3377 1946 3430 1988 et
3451 1937 3652 1992 divina:

2077 2018 2441 2086 protectionis
2483 2020 2760 2074 desiderio
2791 2037 2891 2076 nos
2938 2023 3260 2087 exhortans,
3313 2036 3372 2080 ut
3417 2043 3512 2096 per
3558 2043 3650 2084 re-

2075 2120 2242 2177 ctam,
2272 2125 2434 2180 quam
2461 2111 2720 2175 diximus,
2745 2112 3007 2167 virtutum
3031 2115 3284 2170 semitam
3306 2116 3646 2174 inet-damus.

2077 2201 2172 2256 Vel
2211 2221 2224 2256 :
2263 2202 2551 2259 Custodiet
2585 2219 2786 2274 corpus
2825 2216 2977 2259 tuum
3029 2215 3083 2262 et
3111 2207 3349 2262 animam
3391 2217 3540 2265 tuam
3581 2212 3655 2268 ab

2075 2295 2225 2347 omni
2265 2296 2528 2363 periculo.

2151 2387 2317 2442 Vens.
2353 2389 2408 2444 8.
2451 2391 2713 2446 Dominus
2753 2391 3009 2447 custodiet
3058 2394 3333 2448 introitum
3395 2406 3548 2450 tuum
3600 2408 3652 2453 et

2075 2482 2279 2534 exitum
2321 2491 2493 2535 tuum.
2530 2480 2645 2537 [loc
2697 2491 2801 2548 est,
2847 2489 3332 2541 conversationem
3391 2495 3445 2542 et
3481 2489 3650 2543 vitam

2079 2580 2250 2626 tuam.
2295 2571 2389 2626 Vel
2430 2572 2735 2642 ingressum
2779 2573 2836 2627 in
2877 2574 3016 2629 lianc
3053 2575 3238 2642 vitam,
3273 2586 3326 2630 et
3352 2578 3558 2632 exitum
3585 2595 3649 2632 ex

2077 2678 2164 2719 ea.
2204 2661 2297 2718 Vel
2331 2679 2548 2719 omnem
2595 2665 2789 2732 vitam,
2824 2681 2948 2736 qua:
2988 2667 3044 2721 in
3097 2666 3348 2737 ingressu
3399 2677 3558 2740 atque
3597 2672 3655 2728 in

2077 2756 2225 2812 exitu
2253 2756 2606 2828 perspicitur.

2145 2935 2232 2990 Ea:
2268 2953 2407 2991 nunc
2442 2947 2491 2992 et
2525 2953 2689 3010 usque
2713 2940 2768 2993 in
2785 2940 3059 2994 swculum.
3095 2940 3208 2996 Hoc
3231 2951 3315 2998 est
3347 2952 3400 2999 et
3429 2943 3480 2997 in
3507 2942 3654 3000 futu-

2075 3045 2195 3086 rum
2254 3031 2338 3085 vel
2371 3047 2546 3102 usque
2585 3032 2641 3086 in
2675 3035 2936 3087 saeculum
2977 3035 3099 3089 vitae
3127 3045 3256 3090 tuas.

2540 3124 2818 3179 Canticum
2854 3142 3189 3183 ascensuum.

2591 3217 2912 3273 PSALMUS
2943 3218 3031 3274 CX
3041 3219 3129 3274 X-l.

2151 3311 2315 3365 Vens.
2351 3312 2404 3365 1.
2440 3311 2678 3365 ιαἰαηιε
2700 3328 2813 3364 sum
2837 3313 2890 3364 in
2917 3313 3019 3374 his,
3041 3327 3158 3381 qua:
3185 3324 3328 3368 atcta
3353 3324 3472 3369 sunt
3502 3317 3654 3384 mihi,

2079 3403 2146 3458 In
2175 3404 2388 3458 domum
2420 3402 2633 3459 Domini
2673 3405 2886 3459 ibimus.
2935 3404 3260 3474 Hujusmodi
3301 3409 3460 3463 verba
3507 3411 3657 3465 dice-

2080 3499 2234 3557 bant,
2300 3511 2423 3550 cum
2485 3496 2825 3560 incederent,
2881 3505 2936 3551 et
2986 3497 3474 3566 proﬁciscerentur
3526 3517 3654 3556 cum

2080 3587 2301 3654 gaudio.
3243 3637 3266 3668 ‘

2155 3698 2317 3756 Vens.
2349 3702 2406 3756 9..
2444 3700 2659 3756 Stantes
2683 3713 2831 3756 erant
2870 3703 3024 3772 pedes
3059 3705 3228 3759 nostri
3261 3703 3312 3756 in
3358 3705 3499 3759 aulis
3525 3705 3657 3775 tuis,

2077 3791 2398 3848 Jerusalem.
2432 3793 2568 3848 Cum
2601 3796 2860 3862 praedicta
2892 3796 3246 3851 audissemus
3271 3795 3455 3860 verba,
3492 3796 3657 3866 pedes

2082 3883 2256 3938 nostri
2327 3884 2478 3937 illico
2537 3891 2748 3938 stantes
2801 3893 2959 3937 erant
3013 3883 3068 3936 in
3131 3883 3274 3936 aulis
3329 3881 3656 3949 Jerusalem,

2079 3978 2342 4046 opinione
2371 3975 2604 4040 scilicet,
2657 3991 2753 4030 seu
2806 3976 3152 4044 reputatione
3213 3983 3427 4028 nostra.
3496 3973 3657 4030 Visus

2078 4069 2225 4124 enim
2263 4069 2391 4122 mihi
2419 4083 2541 4123 sum
2581 4067 2694 4122 illic
2719 4069 3040 4132 consistere,
3070 4069 3147 4122 ita
3181 4067 3366 4122 animo
3390 4067 3657 4138 imagina-

2081 4169 2194 4224 tus,
2222 4160 2293 4214 ob
2324 4159 2623 4214 vehemens
2651 4157 2841 4226 patriae
2865 4155 3226 4212 desiderium.

2151 4266 2317 4322 Vens.
2354 4267 2407 4320 ὅ.
2452 4265 2752 4319 Jerusalem
2793 4263 3095 4332 testiﬁcata,
3141 4273 3196 4316 ut
3249 4262 3456 4317 civitas.
3488 4261 3533 4318 Ο
3564 4260 3656 4318 lc-

2078 4362 2356 4424 rusalem,
2415 4375 2536 4430 qua:
2600 4359 2772 4425 olim,
2831 4369 2890 4410 ut
2952 4372 3080 4412 vera
3134 4356 3332 4411 civitas
3390 4367 3650 4412 constru-

2078 4465 2163 4509 cta
2202 4469 2282 4509 es.

462 4579 570 4649 τΗς
604 4583 642 4650 ἡ
669 4577 898 4649 μετοχὴ
940 4573 1130 4642 αὐτῆς
1168 4572 1265 4625 ἐπὶ
1297 4571 1362 4624 τὸ
1395 4569 1563 4623 αὐτό.
1613 4566 1749 4621 Καθ’
1784 4565 1970 4634 ἓτερον

2105 4528 2323 4639 Ἕίιίυτ
2365 4566 2709 4638 participatio
2772 4565 2889 4635 ejus
2936 4565 2989 4620 in
3039 4565 3294 4632 ia'ipsum.
3351 4562 3448 4620 Vel
3495 4563 3655 4635 juxta

389 4677 448 4729 δὲ
479 4671 843 4745 ἐρμηνευτὴν,
875 4664 989 4732 Ἷις
1019 4667 1057 4733 ἡ
1103 4662 1409 4731 συνάφεια
1454 4657 1627 4728 ὁμοῦ,
1668 4658 1973 4721 τουτέστιν,

390 4760 499 4828 ’Ἦς
517 4765 587 4817 τὰ
622 4761 872 4832 μετόχια,
903 4758 974 4810 τὰ
998 4755 1215 4825 συναφῆ
1239 4752 1653 4822 οἰκοδομήματα
1691 4747 1850 4821 ὁμοῦ,
1885 4746 1974 4800 διὰ

391 4861 452 4914 τὸ
481 4857 690 4929 πλῆθος
715 4854 823 4908 τῶν
860 4851 1176 4906 οἰκούντων.

474 5144 638 5202 Ἐκεῖ
681 5143 791 5214 γὰρ
839 5141 1149 5207 ἀνέϐησαν
1178 5138 1238 5190 ai
1261 5135 1471 5206 φυλαί,
1505 5135 1693 5203 φυλαὶ
1728 5134 1971 5201 Κυρίου.

395 5239 568 5294 Τοῦτο
603 5237 862 5308 μέγιστον
897 5235 1173 5304 ἐγκώμιον
1211 5231 1376 5286 αὑτοῦ
1407 5233 1666 5283 ποιεῖται.
1696 5231 1807 5298 Οὐχ
1833 5228 1976 5282 οὕτω

397 5332 507 5404 γὰρ
557 5330 846 5399 ἐκοσμεῖτο
874 5327 952 5397 τῷ
985 5325 1211 5396 μεγέθει
1247 5324 1344 5377 καὶ
1373 5325 1483 5386 τοῖς
1524 5322 1972 5392 οἰκοδομήμασιν,

394 5426 471 5488 ὡς
499 5422 577 5493 τῷ
607 5423 789 5484 πάσας
812 5419 912 5483 τὰς
946 5418 1118 5487 φυλὰς
1147 5415 1370 5488 Ἰσραὴλ
1415 5415 1536 5486 τρὶς
1561 5416 1677 5468 ἐκεῖ
1713 5413 1972 5481 συλλέγε-

405 5517 531 5571 σθαι
585 5515 818 5569 ἑκάστου
875 5513 1030 5574 ἔτους
1071 5513 1129 5565 ὲν
1165 5512 1286 5572 ταῖς
1357 5507 1679 5579 δημοτελέσι
1729 5507 1974 5577 πανηγύ-

397 5624 571 5682 ρεσιν,
610 5608 669 5660 ὲν
707 5604 786 5678 τῷ
821 5606 1036 5674 Πάσχα,
1073 5603 1133 5655 ὲν
1161 5603 1228 5672 τῇ
1267 5601 1640 5669 Πεντηκοστῇ,
1683 5598 1778 5651 καὶ
1821 5599 1879 5651 ὲν
1907 5600 1973 5669 τῇ

396 5701 770 5770 Σκηνοπηγίᾳ.
790 5699 938 5751 Ἐκεῖ
959 5695 1088 5767 γὰρ,
1120 5711 1231 5764 φησ
1256 5711 1284 5747 ν
1308 5733 1322 5757 ,
1357 5691 1628 5761 ἀνέδησαν
1672 5690 1840 5743 πάλαι
1869 5690 1976 5760 πρὸ

397 5795 494 5864 τῆς
517 5791 895 5862 αἰχμαλωσίας
911 5825 930 5856 ,
952 5789 1068 5842 ἐκεῖ
1089 5786 1458 5855 συνελέγοντο.
1479 5783 1656 5848 Φυλὰς
1682 5783 1738 5837 δὲ
1760 5782 1970 5853 Κυρίου

2078 4664 2245 4717 alium
2279 4663 2631 4731 interpretem
2672 4676 2685 4712 :
2731 4658 2896 4727 Cujus
2946 4657 3268 4728 contiguitas
3329 4655 3498 4709 simul
3554 4667 3655 4721 est,

2079 4757 2182 4810 hoc
2211 4765 2315 4820 est,
2345 4753 2518 4822 Cujus
2576 4751 3048 4822 participationes-
3085 4761 3251 4818 atque
3283 4747 3659 4804 habitationes

2075 4852 2144 4905 ob
2177 4825 3043 4903 inltabitantium‘multitudinem
3080 4846 3353 4913 contigua:
3408 4841 3654 4911 atquein

2078 4955 2247 4993 unum
2284 4951 2546 4993 connexte
2577 4946 2732 4992 sunt.
2771 4935 2926 5006 (Nam
2968 4933 3113 5004 quod
3147 4935 3268 4987 ait:
3317 4932 3370 4984 in
3401 4932 3652 5000 idipsum,

2079 5031 2221 5086 idem
2255 5037 2368 5096 est,-
2392 5030 2537 5099 quod
2572 5045 2700 5094 una,
2743 5038 2838 5083 aut
2866 5027 3076 5092 simul.)

2151 5143 2318 5198 Vens.
2347 5142 2401 5198 4.
2435 5141 2578 5195 Illuc
2614 5142 2751 5194 enim
2815 5139 3168 5193 ascenderunt
3225 5139 3396 5191 tribus
3425 5175 3441 5200 ,
3483 5136 3655 5190 tribus

2081 5237 2314 5291 Domini.
2351 5235 2466 5289 Hoc
2495 5235 2562 5289 2d
2608 5234 2902 5287 maximam
2950 5230 3258 5286 Jerusalem
3311 5228 3525 5283 laudem
3565 5227 3652 5282 di-

2078 5337 2226 5384 ctum
2267 5335 2372 5381 est.
2409 5327 2601 5396 Neque
2629 5324 2776 5379 enim
2809 5324 2944 5377 adeo
2976 5321 3351 5391 magnitudine
3406 5317 3528 5383 sna,
3556 5327 3653 5373 aut

2078 5419 2435 5476 aediﬁciorum
2492 5418 2793 5472 structuris
2823 5422 3016 5470 ornata
3070 5425 3208 5474 erat.
3245 5421 3510 5480 quantum
3544 5426 3654 5464 una

2080 5515 2183 5568 hac
2209 5527 2289 5576 re,
2330 5510 2477 5582 quod
2508 5510 2779 5564 universa:
2815 5507 2996 5562 tribus
3029 5505 3213 5576 populi
3249 5505 3442 5567 Israel,
3479 5512 3563 5559 ter
3593 5503 3655 5559 in

2080 5622 2249 5672 anno,
2273 5605 2405 5659 illuc
2435 5601 2935 5672 congregabantur,
2966 5598 3190 5670 quando
3237 5605 3387 5652 totus
3418 5596 3655 5667 populus

2080 5699 2135 5753 in
2169 5711 2338 5751 unum
2384 5693 2796 5758 conveniebat;
2841 5691 2895 5745 in
2943 5690 3216 5747 Pascliate
3275 5689 3560 5746 nimirum.
3597 5688 3656 5741 in

2080 5791 2420 5851 Pentecoste,
2450 5794 2612 5855 atque
2645 5783 2699 5840 in
2734 5782 3119 5855 Scenopcgiis.
3157 5781 3285 5838 Illuc
3325 5781 3492 5853 igitur
3516 5779 3651 5835 olim
