4112 6418
486 394 626 462 1191

1703 384 2093 451 EUTHYMII
2130 381 2495 444 ZIGABENI

3601 368 3745 438 1192

477 524 607 569 ante
653 510 1030 581 captivitatem
1059 509 1434 567 ascenderunt
1476 505 1654 563 tribus
1684 504 1880 569 Israel,
1929 502 2062 558 illuc

2167 502 2372 565 ταύτας
2402 499 2712 570 ὠνόμασεν,
2750 497 2826 563 ὡς
2853 497 2983 553 λαὸν
3005 495 3171 551 αὐτοῦ
3197 538 3211 562 ,
3239 495 3313 559 ὡς
3342 494 3435 548 ὑπ’
3463 492 3631 550 αὑτοῦ
3656 510 3746 546 τε-

477 604 979 677 congregabantur.
1013 602 1229 658 Domini
1253 610 1438 656 autem
1468 599 1650 654 tribus
1680 612 1776 652 eas
1813 594 2058 666 appella-

474 697 578 761 vit,
611 705 869 765 tanquam
903 695 1233 764 peculiarem
1265 692 1358 748 Dei
1381 691 1668 763 populum,
1689 689 1774 744 vel
1798 699 2055 756 tauquam

480 789 655 844 tribus
686 804 716 842 a
754 786 862 842 Deo
900 785 1210 841 ordinatas.

551 880 930 937 Testimonium
958 881 1060 948 ipsi
1084 879 1283 935 Israel.
1304 876 1438 944 Quae
1473 891 1580 939 res,
1606 873 1806 944 inquit,
1831 872 2059 926 demon-

477 972 674 1032 stratio
727 971 977 1041 quaedam
1009 979 1098 1028 est
1157 985 1267 1025 non
1307 968 1553 1041 vulgaris
1592 966 1698 1036 ipsi
1756 961 2060 1017 lsraelitieo

442 1128 447 1131 _
476 1065 705 1136 populo,
739 1064 940 1120 divinae
979 1062 1388 1134 promissionis,
1413 1075 1536 1132 quae
1556 1059 1717 1113 linem
1750 1068 1914 1110 suum
1941 1052 2055 1121 jam

477 1166 563 1213 est
602 1164 922 1232 consecuta.
955 1155 1092 1210 Nam
1155 1161 1211 1210 et
1244 1152 1689 1222 multiplicatum
1748 1154 1831 1203 est
1870 1158 2057 1201 semen

479 1250 784 1314 Abraham,
822 1259 879 1305 et
926 1249 1315 1320 promissionis
1376 1253 1578 1301 terram
1631 1240 1891 1297 obtinuit.
1961 1234 2057 1290 Vel

480 1343 816 1399 contestatio
855 1342 971 1397 haec
999 1341 1101 1397 fuit
1132 1340 1332 1411 populo
1361 1336 1553 1393 Israel.
1587 1336 1942 1388 Contestatus
1968 1337 2059 1383 est

479 1447 665 1491 autem
701 1435 866 1503 Deus,
909 1434 1056 1506 quod
1078 1435 1404 1504 aliquando,
1433 1440 1487 1486 et
1517 1429 1687 1485 certis
1717 1422 2061 1495 temporibus

479 1528 592 1582 illic
606 1537 788 1584 essent
817 1526 1204 1598 congregandi.
1230 1524 1380 1597 Ordo
1401 1532 1521 1578 est:
1551 1521 1691 1575 Illuc
1721 1516 2064 1572 ascenderunt

2162 596 2467 665 ταγμένας.

2238 861 2578 931 Μηρτύριον
2618 857 2698 923 τῷ
2754 857 3013 925 Ἰσραήλ.
3062 853 3364 919 Ἀπόδειξις
3391 853 3471 925 τῷ
3498 852 3614 922 λαῷ
3641 854 3750 924 τῆς

2169 953 2586 1023 περαιωθείσης
2638 951 2991 1019 ὑποσχέσεως
3016 948 3108 1001 τοῦ
3139 945 3293 1012 λαοῦ,
3323 946 3405 1000 ὅτι
3432 945 3748 1017 ἐπληθῠνθη

2162 1044 2224 1097 τὸ
2252 1043 2474 1113 σπέρμα
2499 1040 2591 1094 τοῦ
2626 1038 2897 1109 ⁸ᾼ6ραὰμ,
2927 1037 3021 1091 καὶ
3040 1036 3140 1107 τὴν
3157 1034 3259 1105 γῆν
3288 1035 3385 1104 τῆς
3413 1030 3750 1102 ἐπαγγελίας

2162 1137 2628 1207 ἐκληρονόμησεν.
2669 1133 2739 1186 Ἢ
2771 1129 3140 1202 διαμαρτυρία
3163 1130 3241 1199 τῷ
3270 1128 3407 1198 λαῷ.
3442 1127 3750 1199 Διεμαρτύ-

2166 1246 2294 1302 ρατο
2326 1228 2433 1297 γὰρ
2465 1224 2611 1296 αὐτῷ
2632 1227 2659 1278 ὁ
2683 1225 2813 1286 Θεὸς
2845 1225 3023 1276 ἐκεῖσε
3072 1219 3429 1289 συλλέγεσθαι
3454 1221 3597 1274 κατὰ
3620 1222 3750 1283 τοὺς

2167 1326 2493 1396 εἰρημένους
2525 1318 2775 1390 καιρούς.
2820 1317 2888 1369 Ἦ
2928 1316 2984 1369 δὲ
3020 1314 3273 1381 σύνταξις
3316 1312 3491 1377 οὓτως
3520 1330 3533 1345 δ
3585 1309 3755 1365 Ἐκεῖ

2168 1414 2478 1478 ἀνέϐησαν
2507 1408 2716 1480 φυλαὶ,
2768 1403 3183 1477 περιττεύοντος
3211 1401 3306 1456 τοῦ
3337 1398 3472 1470 γάρ.
3524 1399 3714 1470 ’Δνέῦη

2175 1525 2299 1572 σαν,
2332 1506 2521 1575 φησὶν,
2546 1501 2633 1556 διὰ
2673 1498 2955 1570 μαρτύρια
3007 1496 3100 1550 καὶ
3129 1494 3401 1558 κέλευσιν,
3428 1491 3617 1563 ἤγουν,
3641 1508 3749 1543 κα-

479 1623 671 1685 tribus,
706 1629 762 1676 ct
821 1593 947 1690 [μιαί
973 1593 1329 1690 sequuntur,
1366 1619 1439 1671 ita
1501 1624 1559 1670 ut
1605 1612 1850 1669 abundet
1896 1608 2063 1663 dictio

2171 1601 2239 1655 τὰ
2269 1598 2519 1652 κέλευσιν
2560 1593 2731 1647 θείαν.
3106 1596 3109 1599 ’

474 1716 613 1768 enim
651 1676 729 1782 let
765 1676 908 1785 quod
941 1715 1017 1767 ait
1105 1676 1484 1767 Testimonium
1521 1709 1625 1780 ipsi
1658 1705 1854 1769 Israel,
1888 1698 2194 1757 delcctivus
2221 1701 2307 1749 cst
2369 1704 2580 1785 sermo.
2649 1681 3117 1785 Subititt-lligenda
3179 1680 3326 1735 enim
3401 1684 3495 1785 est
3553 1676 3749 1785 dictio.

466 1768 677 1876 juxta)‘,
718 1768 877 1859 ut'sit
912 1818 1134 1867 sensus,
1172 1802 1319 1874 quod
1349 1803 1479 1857 illuc
1508 1768 2054 1864 ascenderuntjuxta
2095 1782 2558 1842 contestatiouem
2590 1786 2644 1834 et
2670 1777 2917 1833 divinum
2955 1774 3299 1837 mandatum,
3364 1785 3396 1827 a
3430 1769 3540 1823 Deo
3611 1768 3750 1822 olim

476 1896 682 1951 factum
721 1896 825 1967 ipsi
863 1898 1086 1967 populo.

551 1991 632 2043 Ad
663 1988 1025 2058 conﬁtendum
1057 1987 1263 2041 nomini
1298 1985 1532 2042 Domini.
1589 1985 1708 2041 Hoc
1731 1994 1833 2048 est,
1868 1986 1928 2036 ut
1963 1992 2060 2050 per
2091 1977 2135 2033 B

476 2083 729 2138 divinant
787 2081 1001 2136 cultum
1034 2096 1061 2134 ιι
1093 2082 1213 2150 lege
1241 2080 1586 2145 ordinatum,
1615 2078 1919 2148 condignas
1954 2073 2064 2127 Deo

473 2176 683 2247 gratias
712 2183 959 2244 agerent.

549 2266 721 2323 Vens.
756 2267 808 2321 5.
855 2265 994 2331 Quia
1025 2266 1138 2320 illic
1190 2265 1469 2321 collocata:
1501 2274 1623 2319 sunt
1649 2263 1796 2318 sedes
1825 2263 1878 2316 in
1906 2260 2059 2332 judi-

475 2360 634 2414 cium.
679 2358 820 2415 Ecce
843 2360 951 2412 alia
988 2357 1108 2413 laus
1139 2358 1291 2413 urbis
1328 2357 1633 2412 Jerusalem
1667 2374 1679 2410 :
1715 2355 1832 2425 Illic
1858 2353 2058 2409 ctenim

477 2450 710 2506 stabiliti
748 2459 901 2516 sunt,
933 2450 1139 2521 inquit,
1176 2452 1391 2521 regales
1451 2450 1645 2503 throni
1686 2446 1755 2503 ad
1799 2446 2057 2517 pottulutu

472 2541 861 2610 iudicandum.

554 2631 719 2687 Sedes
774 2649 935 2699 super
962 2635 1179 2687 domum
1223 2632 1412 2686 David.
1475 2631 1590 2687 Hoc
1639 2641 1741 2694 est,
1785 2630 1842 2685 lu
1875 2632 2061 2697 domo,

480 2738 579 2780 seu
618 2725 671 2778 in
703 2726 901 2794 palatio
934 2724 1135 2791 David;
1174 2726 1257 2779 vel
1291 2728 1468 2794 primo
1503 2726 1625 2779 loco
1661 2726 1821 2780 sedes
1871 2740 2057 2781 sacer-

479 2816 673 2873 dotum
708 2818 867 2883 dixit,
902 2818 1150 2873 secundo
1183 2827 1366 2872 autem
1398 2818 1518 2873 loco
1556 2818 1735 2889 regias
1768 2818 1949 2873 sedes.

550 2910 716 2967 Vsus.
748 2910 801 2966 6.
846 2909 1185 2983 Interrogata
1231 2928 1351 2983 qua:
1379 2910 1447 2964 ad
1478 2927 1661 2980 pacem
1712 2920 1836 2965 sunt
1892 2911 2062 2979 ipsam

477 3003 799 3060 Jerusalem.
858 3006 939 3060 ΑιΙ
974 3006 1177 3075 ipsam,
1235 3006 1435 3074 inquit,
1473 3004 1776 3060 Jerusalem
1833 3004 2060 3073 pacitica

480 3097 773 3167 loquimini
804 3097 995 3153 verba.
1044 3096 1156 3151 Pax
1188 3098 1402 3154 scilicet
1423 3097 1495 3152 sit
1529 3097 1658 3163 tibi;
1693 3111 1795 3166 pas
1834 3095 2059 3165 populo.

481 3189 757 3259 Deinceps
777 3191 982 3244 etenim
1023 3190 1376 3253 immensum,
1416 3198 1603 3260 atque,
1659 3199 1718 3243 ut
1752 3188 1824 3241 ita
1853 3187 2059 3251 dicam,

482 3280 808 3352 profundam
842 3295 1031 3350 pacem
1093 3280 1317 3335 habebit
1348 3289 1403 3334 et
1436 3281 1718 3351 gaudium.
1744 3278 1901 3333 Alius
1930 3292 2061 3333 vero

477 3375 762 3444 interpres
795 3388 809 3425 :
843 3370 1090 3427 Salutate
1124 3388 1262 3436 eam,
1290 3372 1453 3427 dixit.
1525 3434 1529 3438 ν
1998 3432 2003 3437 _

558 3462 627 3517 Et
682 3463 1018 3517 abundantia
1057 3463 1403 3530 diligentibus
1460 3470 1545 3516 te.”
1582 3464 1648 3517 Et
1702 3464 2064 3519 abundabunt

486 3571 597 3609 non
636 3556 713 3608 tui
742 3564 955 3626 tantum
976 3554 1144 3619 cives,
1168 3558 1259 3611 sed
1292 3554 1490 3609 vicina!
1512 3556 1677 3609 etiam
1706 3565 1918 3624 gentes,
1941 3572 2065 3626 quae

487 3660 540 3701 te
568 3625 1197 3716 diliguntfPropbetiam
1218 3654 1399 3700 autem
1425 3650 1714 3702 continent
1737 3648 1853 3701 haec
1876 3650 2062 3704 verba.

556 3734 720 3792 Vsus.
749 3738 803 3791 7.
837 3737 957 3790 l'iat
982 3753 1089 3797 pax
1124 3738 1177 3790 in
1212 3738 1402 3791 virtute
1437 3747 1549 3791 tua.
1582 3738 1739 3793 Alius
1768 3748 1949 3794 autem
1985 3743 2068 3793 in-

484 3839 702 3899 terpres
730 3829 783 3882 in
816 3828 1006 3882 futuro
1040 3828 1200 3893 dixit,
1233 3828 1369 3883 Fiet.
1407 3826 1512 3884 Per
1565 3829 1825 3883 virtutem
1856 3840 2064 3896 autem,

480 3922 630 3991 ipsos
660 3918 877 3975 Iudaici
915 3922 1106 3990 populi
1145 3923 1348 3979 milites
1384 3923 1663 3994 intelligit,
1707 3923 1908 3989 quibus
1944 3940 2068 3979 cer-

462 4014 696 4072 tissima
728 4017 835 4070 erit
861 4030 986 4086 pax,
1020 4013 1064 4069 si
1092 4014 1316 4077 bellum,
1346 4025 1441 4068 aut
1477 4015 1691 4072 hostem
1726 4015 1936 4070 nullum
1970 4016 2067 4070 ba-

481 4106 725 4163 buerint.

552 4198 622 4252 Et
649 4200 981 4253 abundantia
1007 4199 1062 4253 in
1093 4200 1326 4254 turribus
1355 4201 1477 4254 tuis.
1508 4200 1660 4256 Alius
1694 4202 1856 4257 etiam
1892 4202 2063 4258 inter-

479 4306 634 4361 pres,
660 4290 726 4344 Et
754 4291 953 4346 divitia:
977 4291 1033 4344 in
1057 4293 1212 4362 regiis
1232 4294 1524 4359 tuis,dixit;
1553 4302 1606 4348 et
1635 4296 1800 4349 alius:
1819 4293 1884 4348 In
1901 4297 2063 4363 septis

481 4384 609 4438 tuis.
657 4381 791 4438 Illud
820 4383 985 4437 etiam
1014 4384 1300 4439 sciendum
1328 4395 1434 4448 cst,
1463 4387 1607 4454 quod
1647 4386 1700 4440 in
1736 4384 1923 4441 Graeca
1985 4389 2060 4440 le-

479 4475 686 4542 tztioue;
715 4490 822 4531 non
866 4476 923 4529 in
958 4476 1197 4529 turribus
1230 4477 1560 4544 simpliciter
1586 4476 1844 4546 legimus,
1876 4478 1970 4532 sed
2007 4476 2061 4532 in

481 4565 865 4636 πυργοϐάρεσι
897 4582 913 4622 :
951 4582 1055 4636 qua
1084 4567 1328 4621 dictione
1355 4568 1459 4621 hoc
1492 4568 1545 4621 in
1573 4570 1695 4623 loco
1720 4568 1922 4623 muenia
1947 4577 2063 4623 tur-

480 4656 639 4709 ribus
669 4656 1035 4725 cireumsepta
1067 4672 1132 4711 ac
1153 4657 1364 4712 munita
1394 4658 1776 4727 intelligimus.

555 4746 715 4801 Vens.
745 4747 793 4800 8.
837 4746 1061 4816 PrOpter
1082 4748 1277 4816 fratres
1319 4765 1480 4812 meos,
1506 4751 1566 4802 ἐι
1600 4750 1875 4818 proximos
1925 4767 2065 4806 meos

481 4835 735 4906 loquebar
790 4851 975 4903 pacem
1022 4836 1087 4890 de
1146 4846 1214 4890 te.
1265 4837 1551 4904 Propheta:
1596 4840 1762 4894 verba
1805 4851 1935 4895 sunt
1995 4843 2063 4895 ad

482 4933 653 4999 ipsam
689 4929 1019 4984 Jerusalem.
1058 4928 1287 4999 Propter
1312 4942 1600 5002 cognatos,
1657 4934 1857 5003 inquit,
1909 4949 2060 4989 meos

485 5022 783 5087 lsraclitas,
812 5030 868 5075 et
917 5030 1143 5091 propter
1190 5022 1368 5079 tribus
1425 5023 1670 5091 ejusdem
1724 5025 1929 5094 populi,
1969 5041 2061 5078 ro-

483 5115 676 5184 gabam
731 5129 920 5183 pacem
956 5129 1056 5186 pro
1110 5125 1215 5170 te:
1252 5124 1311 5170 ut
1378 5118 1455 5171 illi
1511 5118 1769 5172 nimirum
1826 5120 1880 5174 in
1934 5135 2068 5192 pace

481 5204 743 5274 degentes
774 5216 829 5260 et
863 5204 1035 5261 Deum
1071 5223 1234 5262 sumn
1273 5209 1543 5272 colerent,
1595 5219 1652 5264 et
1689 5225 1787 5280 pro
1824 5213 2069 5283 acceptis

484 5294 769 5353 beneﬁciis
793 5297 1101 5367 condignas
1129 5300 1181 5354 ei
1210 5302 1420 5368 gratias
1467 5309 1713 5371 agerent.

554 5387 723 5447 Vens.
754 5390 808 5445 9.
847 5388 1074 5461 Propter
1099 5392 1317 5447 domum
1342 5392 1554 5447 Domini
1579 5392 1677 5448 Dei
1703 5397 1891 5460 nostri,
1920 5412 2065 5466 quar-

484 5480 580 5532 siui
610 5479 748 5537 bona
788 5480 906 5536 tibi.
938 5481 1173 5555 Propter
1207 5500 1425 5539 sacrum
1462 5484 1553 5540 Dei
1599 5488 1883 5557 templum,
1916 5488 2063 5557 quod

490 5574 543 5627 in
627 5584 679 5631 te
728 5589 1115 5635 constructum
1183 5591 1308 5642 est,
1366 5581 1820 5652 tranquillitatem
1903 5594 2066 5655 atque

420 5702 427 5707 ι
488 5664 880 5722 abundantiam
920 5670 1019 5726 tibi
1073 5672 1321 5728 Studiose
1362 5674 1595 5742 quaesivi
1630 5691 1645 5729 :
1679 5684 1737 5729 ut
1781 5679 2064 5746 proprium

471 5790 475 5799 .
553 5755 701 5810 ilicet
735 5766 901 5827 atque
973 5765 1260 5832 antiquum
1306 5765 1565 5820 decorem
1611 5780 1968 5836 recuperares
2012 5779 2067 5825 ct

550 5846 730 5902 viuum
763 5847 969 5902 cultmn
994 5851 1109 5920 lege
1148 5852 1528 5907 constitutum.

2085 3324 2132 3387 Ο

2243 1963 2354 2019 Τοῦ
2405 1959 2974 2032 ἐξομολογήσασθαι
3036 1955 3117 2021 τῷ
3177 1954 3422 2023 ὀνόματι
3478 1953 3749 2022 Κυρίου.

2179 2054 2309 2112 Ἐπὶ
2366 2054 2445 2127 τῷ
2496 2053 2897 2126 ενῦχαριστῆσαι
2953 2050 3041 2104 διὰ
3096 2048 3195 2119 τῆς
3240 2043 3752 2117 νενομοθετημένης

2164 2148 2445 2221 λατρείας.

2238 2244 2370 2295 Ὅτι
2400 2238 2532 2294 ἐκεῖ
2571 2235 2862 2291 ἐκάθισαν
2892 2233 3086 2302 θρόνοι
3119 2233 3205 2296 εις
3231 2230 3451 2297 κρίσιν.
3495 2226 3628 2281 Ἰδοὺ
3653 2228 3752 2280 καὶ

2168 2333 2298 2388 ἄλλο
2319 2331 2418 2401 τῆς
2470 2326 2831 2398 Ἰερουσαλὴμ
2865 2322 3161 2392 ἐγκώμιον.
3206 2320 3357 2371 Ἐκεῖ
3384 2317 3514 2388 γὰρ,
3555 2318 3748 2386 φησιν,

2172 2423 2505 2495 ἱδρύνθησαν
2559 2420 2739 2490 θρόνοι
2790 2415 3088 2488 βασιλείας,
3158 2412 3237 2476 είς
3295 2411 3353 2465 τὸ
3404 2410 3611 2481 κρίνειν
3657 2409 3750 2461 τὸν

2169 2517 2318 2570 λαόν.

2243 2612 2453 2680 Θρόνοι
2480 2606 2573 2662 ἐπ’
2602 2600 2775 2661 οἷκον
2821 2600 3022 2658 Δαϐίδ.
3065 2603 3154 2657 Ἑν
3191 2600 3267 2672 τῷ
3298 2599 3431 2671 οἴκῳ
3472 2595 3657 2659 Δαεὶδ,
3690 2597 3748 2648 ἒν

2166 2707 2281 2767 τοῖς
2315 2701 2637 2773 ἀνακτόροις
2676 2699 2842 2753 Δαϐίδ
2869 2715 2884 2729 ·
2917 2696 2950 2770 ἣ
2994 2696 3054 2749 τὸ
3083 2695 3298 2767 πρῶτον
3330 2694 3431 2765 μὲν
3462 2693 3642 2763 θρόνοι
3674 2692 3752 2744 ἱε-

2170 2797 2330 2868 ρέων,
2362 2796 2422 2848 τὸ
2444 2794 2717 2863 δεύτερον
2745 2791 2801 2844 δὲ
2832 2791 3011 2860 θρόνοι
3048 2788 3337 2859 βασιλέων.

2251 2882 2623 2952 Ἐρωτήσατε
2652 2880 2728 2948 δὴ
2766 2880 2839 2934 τὰ
2867 2881 2955 2945 εἰς
2998 2877 3251 2948 εἰρήνην
3296 2878 3412 2946 τὴν
3456 2878 3746 2946 Ἰερουσα-

2166 2975 2311 3046 λήμ.
2363 2975 2851 3049 Προσαγορεύσατε
2902 2970 3073 3041 αὐτὴν
3099 2969 3352 3043 εἰρηνικὰ
3375 3008 3388 3032 .
3420 2970 3502 3023 ὅτι
3540 2969 3750 3041 Εἰρήνη

2170 3085 2272 3133 σοι,
2319 3068 2511 3135 εἰρήνη
2550 3065 2628 3134 τῷ
2674 3062 2790 3134 λαῷ
2824 3078 2917 3116 σου
2943 3079 2956 3094 ’
2987 3060 3080 3115 τοῦ
3131 3061 3319 3116 λοιποῦ
3363 3061 3472 3132 γὰρ
3523 3062 3749 3132 εἰρήνην

2166 3158 2277 3222 ’ἐξει
2308 3158 2535 3228 βαθεῖαν
2554 3154 2658 3210 ’καὶ
2682 3155 3122 3228 χαράν.⁸Ἐτερος
3145 3154 3202 3209 δὲ
3218 3156 3516 3227 ἑρμηνεὺς,
3533 3154 3752 3209 Ἀονπά-

2168 3253 2365 3307 σιισθε
2391 3250 2608 3319 αὐτὴν,
2642 3246 2788 3302 εἶπε.

2240 3436 2351 3492 Καὶ
2379 3438 2626 3505 εὐθηνία
2648 3436 2773 3501 τοῖς
2789 3433 3067 3507 ἀγαπῶσί
3091 3453 3186 3492 σε.
3231 3436 3339 3491 Καὶ
3362 3435 3754 3508 εὐθηνήσουσιν

2169 3532 2266 3601 οὐχ
2297 3532 2348 3583 ot
2380 3531 2598 3585 πολιταί
2630 3548 2724 3584 σου
2760 3532 2944 3601 μόνον,
2976 3530 3112 3585 ἀλλὰ
3143 3530 3367 3584 καὶτῶν
3393 3528 3554 3602 πέριξ
3582 3528 3753 3583 ξθνῶν

2169 3624 2223 3676 oi
2256 3624 2581 3691 ἀγαπῶντες
2623 3640 2705 3679 σε.
2736 3625 3052 3695 Προφητεία
3086 3624 3141 3678 δὲ
3173 3623 3266 3677 καὶ
3292 3623 3470 3678 τοῦτο.

2242 3716 2523 3770 Γενέσθω
2562 3716 2638 3784 δὴ
2689 3717 2898 3785 εἰρήνη
2936 3717 3008 3770 ἐν
3052 3716 3128 3784 τῇ
3166 3716 3417 3785 δυνάμει
3444 3731 3582 3771 σου.
3618 3713 3754 3770 Καθ’

2169 3808 2253 3859 ἒτε
2266 3823 2357 3878 ρον
2388 3809 2754 3879 ὲρμηνευτὴν,
2786 3808 3031 3863 ι’ἐνοιτο
3067 3810 3098 3878 ἢ
3130 3809 3471 3878 γενήσεται.
3507 3807 3751 3877 Δύναμιν

2169 3900 2225 3952 δὲ
2261 3899 2436 3970 αὐτῆς
2482 3900 2631 3969 λέγει
2691 3902 2821 3965 τοὺς
2849 3902 3188 3972 στρατιώτας
3223 3902 3416 3972 αὐτῆς,
3452 3894 3527 3957 ὧν
3554 3901 3749 3972 εἰρήνη

2168 3991 2230 4045 to
2259 3990 2334 4063 μὴ
2366 3994 2658 4063 μάχεσθαι,
2685 3993 2822 4065 μηδὲ
2855 3992 2999 4065 ἔχειν
3032 3993 3312 4063 πολέμιον.

2239 4215 2347 4271 Kal
2374 4216 2631 4285 εὐθηνία
2654 4217 2724 4270 ἐν
2754 4217 2878 4284 τοῖς
2911 4215 3319 4287 πυργοϐἀρεσί
3350 4232 3489 4272 σου.
3522 4217 3754 4284 Ἔτερες

2168 4312 2223 4366 δέ
2273 4328 2424 4384 φησι.
2478 4314 2588 4368 Καὶ
2642 4314 2904 4381 πλοῦτος
2944 4316 3015 4368 ἑν
3056 4314 3180 4380 τοῖς
3208 4314 3556 4380 βασιλείοις
3584 4329 3702 4368 σου
3731 4326 3750 4344 '

2167 4404 2326 4468 ἄλλος
2348 4407 2426 4472 δὲ,
2468 4405 2573 4460 Ἔν
2602 4406 2726 4472 τοῖς
2745 4408 3082 4475 περιϐόλοις
3104 4423 3242 4462 σου.
3274 4405 3621 4478 Πυργόϐαοις
3640 4405 3749 4477 γὰρ

2168 4496 2229 4549 τὸ
2246 4482 2597 4567 ’ὀχυρώτατον
2626 4498 2905 4569 τείχισμα.

2247 4760 2462 4813 Ἕνεκα
2515 4754 2635 4812 τῶν
2672 4755 2956 4829 ἀδελφῶν
3003 4776 3124 4829 μου
3190 4761 3438 4814 καὶτῶν
3472 4762 3757 4828 πλησίων

2167 4868 2289 4918 μου
2321 4850 2593 4905 ἐλάλουν
2619 4850 2695 4917 δὴ
2746 4851 2999 4919 εἰρήνην
3034 4852 3168 4921 περὶ
3227 4853 3366 4912 σοῦ.
3399 4852 3570 4907 Τοῦτο
3616 4851 3755 4925 πρὸς

2170 4943 2333 4996 αὑτὸν
2360 4944 2387 4995 ὁ
2404 4944 2690 5014 προφήτης
2716 4943 2903 5014 φησίν·
2938 4946 3020 4997 ὅτι
3049 4944 3151 4997 Διὰ
3175 4945 3302 5008 τοὺς
3337 4947 3619 5014 συγγενεῖς
3637 4962 3754 5014 μου

2171 5037 2296 5100 τοὺς
2344 5036 2706 5108 Ἰσραηλίτας,
2740 5036 2829 5092 διὰ
2859 5038 2961 5101 τὰς
2990 5036 3163 5106 φυλὰς
3194 5037 3289 5092 τοῦ
3321 5037 3557 5108 Ἰσραὴλ,
3592 5037 3759 5108 ηὐχό-

2159 5145 2282 5198 μην
2310 5128 2536 5199 εἰρήνην
2599 5128 2741 5199 ὑπὲρ
2787 5127 2884 5181 σοῦ
2910 5145 2925 5161 θ
2964 5130 3075 5192 ἵνα,
3102 5130 3160 5183 ἐν
3208 5129 3403 5201 εἰρήνῃ
3450 5129 3755 5197 διάγοντες,

2169 5220 2483 5292 λατρεύωσι
2516 5220 2611 5273 καὶ
2640 5219 3016 5290 εὐχαριστῶσι
3048 5219 3126 5291 τῷ
3156 5220 3298 5291 Θεῷ.

2248 5405 2472 5458 Ἕνεκα
2495 5405 2603 5458 τοῦ
2629 5403 2804 5457 οἶκου
2829 5403 3053 5470 Κυρίου
3079 5402 3185 5457 τοῦ
3220 5402 3370 5457 Θεοῦ
3399 5401 3570 5471 ἡμῶν
3619 5400 3755 5465 ἐξε-

2137 5555 2139 5557 .
2172 5495 2403 5564 ζήτησα
2436 5496 2631 5566 ἀγαθὰ
2651 5511 2772 5549 σοι.
2812 5495 2914 5549 Διὰ
2940 5496 3033 5549 τὸν
3067 5494 3193 5549 ναὸν
3235 5494 3329 5548 τὸν
3355 5496 3414 5547 ἐν
3455 5494 3541 5548 σοὶ
3567 5494 3754 5563 ἒξεςη-

2177 5593 2435 5661 τησά-μην
2473 5606 2557 5644 σοι
2587 5590 2836 5659 γαλήνην
2901 5590 2999 5643 καὶ
3054 5589 3365 5660 εὐετηρίαν·
3418 5588 3506 5640 ἵνα
3543 5587 3641 5657 τὴν
3671 5590 3755 5640 oi-

2171 5682 2330 5736 κείαν
2355 5682 2641 5754 ἀπολάϐῃς
2665 5683 3027 5753 εὐπρέπειαν,
3085 5682 3181 5736 καὶ
3227 5683 3624 5753 νενομισμένην
3658 5677 3755 5732 λα-

2170 5776 2382 5846 τρείαν.
