4112 6418
421 347 562 417 1193

1685 361 2069 422 EUTHYMII
2114 363 2475 425 ZIGABENI

3540 373 3682 439 120.)

408 469 706 540 utrobique
744 471 889 526 enim
924 471 1113 528 eadem
1142 472 1375 530 habetur
1421 474 1613 533 dictio.
1652 476 1769 544 Vel,
1810 477 1961 533 Facti
2004 494 2194 537 sumus
2242 484 2704 551 quemadmodum
2728 487 3019 557 consolati,
3088 488 3192 546 boc
3216 498 3320 559 cst,
3390 492 3445 547 in
3476 496 3679 564 gaudio

413 561 621 621 fuimus
656 575 824 634 atque
855 567 908 619 iu
948 566 1162 623 lmtitia.

485 658 649 714 Vens.
690 660 746 714 2.
784 659 928 713 Tunc
960 660 1217 729 repletum
1262 670 1343 717 est
1380 664 1578 734 gaudio
1630 683 1689 721 os
1721 677 1976 723 nostrum.

2167 666 2303 721 Τότε
2332 663 2615 730 ἐπλήσθη
2650 661 2840 732 χαρᾶς
2873 665 2937 717 τὸ
2967 666 3165 735 στόμα
3200 667 3387 735 ἡμῶν.
3447 669 3683 740 Χαρμο-

414 749 531 806 Hoc
546 760 648 815 est,
663 750 928 820 jucundis
947 767 1009 805 ac
1033 753 1172 809 laetis
1190 754 1396 820 verbis,
1426 771 1548 826 qua:
1582 772 1860 814 summum
1883 761 2001 815 ani-

412 858 515 897 tum
542 841 798 912 gaudium
829 844 1242 914 signiﬁcabant.

484 931 555 984 Et
616 933 800 1004 lingua
864 948 1048 988 nostra
1114 938 1494 993 exsultatione.
1560 938 1706 994 Idem
1764 943 1995 1012 repetit;

415 1022 671 1092 praedicit
712 1033 895 1080 autem
936 1043 1059 1083 uuae
1099 1028 1286 1085 futura
1323 1038 1482 1084 erant
1512 1069 1528 1095 ,
1568 1033 1732 1087 rcluti
1768 1034 1881 1103 jam
1911 1035 1995 1087 fa-

410 1126 519 1172 cta.

721 1166 754 1190 (Α

485 1214 633 1269 Tunc
657 1215 834 1267 dicent
862 1214 1000 1267 inter
1030 1222 1230 1283 gentes.
1261 1212 1416 1269 Tunc
1446 1214 1482 1269 ii
1520 1215 1615 1287 qui
1653 1218 1709 1271 in
1737 1216 1995 1287 gentibus

414 1315 571 1370 sunt,
627 1307 857 1371 dicent;
929 1304 1013 1359 vel
1078 1304 1426 1372 simpliciter,
1487 1316 1676 1374 gentes
1723 1308 1839 1362 visa
1899 1310 1999 1361 ad.

411 1396 666 1451 miranda
710 1397 896 1467 populi
940 1394 1294 1451 restitutione
1329 1408 1455 1448 cum
1508 1395 1877 1453 admiratione
1905 1399 1994 1454 di-

411 1499 537 1544 cent
563 1506 577 1543 :

485 1577 850 1649 Magni/ienuit
893 1578 1154 1634 Dominus
1190 1580 1365 1650 facere
1400 1598 1519 1635 cum
1573 1581 1667 1637 eis.
1707 1579 1832 1636 llarc
1863 1592 1994 1637 sunt

413 1670 577 1726 verba
611 1686 731 1741 quae
765 1671 1011 1726 ﬁnitima:
1064 1682 1257 1743 gentes
1313 1674 1519 1739 dicent,
1576 1673 1868 1744 loquentes
1924 1674 1993 1728 de

414 1763 572 1817 nobis
598 1760 802 1817 Judaeis
834 1779 847 1815 :
878 1762 1244 1833 Magniﬁcavit
1275 1763 1532 1818 Dominus
1551 1763 1724 1833 facere
1751 1780 1867 1817 cum
1890 1763 1989 1825 eis,

410 1870 477 1909 co
537 1854 683 1922 quod
741 1857 995 1923 magnam
1064 1856 1116 1908 in
1192 1857 1275 1909 eis
1339 1854 1466 1909 fecit
1528 1855 1986 1910 misericordiam.

411 1946 618 2000 Deinde
648 1945 845 2001 iterum
869 1960 1182 2001 sermonem
1212 1945 1419 2016 profert
1437 1962 1501 2000 ex
1525 1946 1708 2017 populi
1734 1960 1985 2015 persona,

412 2037 603 2092 dicens
638 2053 654 2090 :

482 2127 649 2183 Vsus.
680 2127 735 2181 5.
779 2124 1141 2196 Magni/ienuit
1194 2125 1452 2181 Dominus
1494 2128 1670 2198 facere
1693 2130 1983 2187 nobiscum.

409 2218 613 2276 Verum
657 2219 1052 2289 magniﬁcavit,
1092 2228 1148 2274 ut
1188 2219 1473 2287 diximus;
1535 2231 1619 2276 est
1663 2224 1829 2278 etiam
1857 2239 1985 2294 pro-

408 2309 590 2380 prium
626 2309 730 2361 hoc
761 2308 989 2362 idioma'
1017 2305 1301 2363 Hebraicm
1362 2309 1583 2380 lingua,
1611 2311 1792 2368 dicere
1824 2330 1838 2366 :
1877 2315 1984 2367 Do-

407 2400 584 2454 minus
618 2398 741 2468 fecit
774 2414 892 2452 cum
927 2398 1067 2463 illo;
1110 2399 1552 2471 subintelligitur
1580 2403 1726 2457 cnim
1790 2403 1981 2471 dictio,

406 2491 821 2546 misericordiam
833 2533 847 2546 .

480 2582 635 2637 Facti
665 2600 847 2636 sumus
877 2582 1137 2637 lwtantes.
1179 2582 1242 2638 Et
1266 2584 1394 2653 quia
1428 2586 1665 2640 restituti
1706 2601 1898 2641 sumus
1929 2587 1983 2641 in

406 2677 665 2749 patriam,
698 2685 746 2730 et
789 2674 919 2745 quia
956 2673 1052 2729 Dei
1091 2676 1337 2745 potentia
1374 2683 1504 2728 nota
1547 2674 1688 2729 facta
1722 2686 1805 2731 est
1849 2679 1982 2732 vici-

404 2769 493 2823 nis
519 2768 797 2836 gentibus.

475 2857 639 2915 Vuns.
669 2864 722 2914 4.
749 2860 1023 2926 Converte,
1051 2861 1289 2927 Domine,
1315 2861 1677 2931 captivitatem
1739 2869 1977 2917 nostram

2106 760 2280 814 σύνων
2312 757 2598 830 ῥημάτων,
2627 756 2930 828 δηλούντων
2955 757 3052 828 τὴν
3079 758 3256 830 χαρὰν
3283 761 3382 831 τῆς
3406 760 3605 834 ψυχῆςο

2171 936 2279 991 Καὶ
2329 937 2368 1003 ή
2430 932 2684 1005 γλῶσσα
2733 933 2902 1004 ἡμῶν
2941 933 3383 1005 αγαλλιάσεως.
3422 937 3494 991 Τὸ
3548 938 3685 993 αὐτὸ

2098 1028 2292 1097 λέγει·
2337 1026 2705 1099 προαγορεύει
2734 1026 2791 1078 δὲ
2841 1025 2910 1077 τὰ
2951 1026 3236 1094 μέλλοντα,
3278 1029 3353 1091 ὡς
3388 1028 3489 1101 ήδη
3527 1032 3682 1098 γενέ-

2100 1140 2257 1193 μενα.

2173 1216 2310 1269 Τότε
2338 1210 2587 1281 ἐροῦσιν
2612 1211 2681 1265 ἐν
2710 1210 2836 1276 τοῖς
2863 1210 3087 1265 ἔθνεσι.
3129 1210 3375 1282 Ἐροῦσιν
3402 1212 3450 1265 oi
3486 1215 3542 1265 ὲν
3568 1217 3681 1275 τοῖς

2096 1308 2330 1360 ἔθνεσιν.
2377 1305 2448 1358 Ἦ
2501 1305 2689 1367 ἁπλῶς
2719 1303 2905 1374 ἐροῦσι
2937 1304 3003 1357 τά
3033 1303 3158 1375 ἔθνη
3190 1345 3206 1370 ,
3267 1306 3550 1375 ἑωρακότα
3580 1310 3679 1364 τὶν

2098 1394 2406 1467 παράδοξον
2439 1396 2890 1450 ἀποκατάστασιν
2921 1396 3102 1466 ἡμῶν,
3151 1396 3248 1450 καὶ
3293 1397 3672 1468 θαυμάσαντα.

2110 1593 2114 1597 ·
2178 1573 2547 1643 Ἐμεγάλυνε
2597 1572 2816 1641 Κύριος
2868 1572 2975 1626 τοῦ
3006 1570 3259 1639 ποιῆσαι
3285 1574 3415 1641 μετ’
3449 1572 3671 1627 αὐτῶν.

2107 1665 2359 1736 Ἐροῦσιν
2408 1666 2491 1718 ὅτι
2540 1663 3107 1733 Ἐμεγαλούργησεν
3149 1665 3183 1717 ὁ
3240 1665 3405 1729 Θεὸς,
3438 1665 3535 1719 διὰ
3567 1667 3675 1719 τοῦ

2092 1754 2344 1826 ποιῆσαι
2374 1756 2549 1822 ἕλεος
2576 1756 2645 1810 ὲν
2666 1755 2874 1821 αὐτοῖς
2900 1772 2914 1784 ·
2948 1756 3075 1824 περὶ
3104 1754 3260 1824 ἡμῶν
3291 1754 3465 1809 ταῦτα
3486 1756 3675 1824 λέγον-

2090 1868 2181 1912 τες
2205 1865 2222 1881 ⁶
2246 1844 2368 1902 εἶτα
2401 1849 2594 1917 τρέπει
2627 1847 2721 1900 τὸν
2746 1847 2907 1915 λόγον
2946 1845 3228 1919 προσώπῳ
3256 1846 3367 1898 τῶν
3394 1847 3463 1899 τὰ
3496 1850 3676 1918 πρυρ-

2094 1942 2332 2013 ρηθέντα
2360 1940 2651 2008 λεγόντων.

2172 2032 2540 2104 Ἐμεγάλυνε
2587 2032 2801 2101 Κύριος
2836 2031 2943 2085 τοῦ
3000 2030 3252 2098 ποιῆσαι
3296 2032 3427 2101 μεθ’
3479 2030 3671 2100 ἡμῶν.

2095 2128 2302 2190 Ὄντως
2330 2125 2836 2196 ὲμεγαλούργησεν,
2872 2123 2948 2186 ὡς
2992 2124 3328 2195 εἰρήκαμενσ
3369 2123 3565 2192 ἰδίωμα
3611 2122 3671 2174 δὲ

2087 2219 2248 2274 τοῦτο
2277 2217 2378 2287 τῆς
2436 2217 2740 2287 Ἐϐραῖδος,
2771 2216 2834 2267 τὸ
2882 2215 3067 2281 λέγειν
3092 2232 3106 2246 ·
3143 2216 3474 2283 Ἐποίησαν
3517 2221 3671 2286 μετὰ

2088 2314 2194 2367 τοῦ
2224 2310 2428 2378 δεῖνος
2456 2326 2469 2340 ·
2504 2309 2686 2362 λείπει
2714 2309 2823 2379 γὰρ
2852 2308 2912 2361 τὺ
2936 2307 3133 2374 ἕλεος.

2172 2600 2572 2670 Ἐγενήθημεν
2601 2597 3074 2666 εὐφραινόμενοι.
3114 2596 3237 2648 Ὀτι
3289 2593 3672 2662 ἀποκατέστη-

2090 2710 2188 2762 μεν
2237 2694 2317 2754 εἰς
2372 2691 2472 2760 τὴν
2508 2688 2764 2757 πατρίδα,
2812 2688 2910 2740 καὶ
2937 2687 3021 2739 ὃτι
3073 2684 3319 2755 ἐγνώσθη
3356 2688 3469 2749 τοῖς
3507 2686 3669 2757 πέριξ

2089 2783 2299 2837 ἔθνεσιν
2330 2782 2363 2851 ἡ
2411 2779 2504 2832 τοῦ
2542 2778 2680 2831 Θεοῦ
2710 2777 2960 2846 δύναμις.

2167 2872 2590 2939 Ἐπίστρεψον,
2639 2869 2833 2937 Κύριε,
2865 2868 2979 2936 τὴν
3012 2868 3430 2937 αἰχμαλωσίαν
3472 2868 3664 2936 ἡμῶν,

402 2951 541 3006 sicut
580 2960 835 3007 torrentes
863 2953 917 3006 in
953 2955 1174 3007 Austro.
1205 2953 1532 3025 Supplicant
1569 2955 1834 3025 deinceps
1878 2973 1976 3026 pro

2083 2960 2163 3026 ὠς
2179 2956 2537 3029 χειμάρῤους
2564 2956 2634 3008 ἐν
2664 2955 2744 3021 τῷ
2767 2956 2952 3027 Νότῳ.
2978 2959 3111 3027 Περὶ
3138 2958 3243 3010 τῶν
3271 2958 3664 3026 ὲναπομεινάν-

402 3044 470 3098 iis
498 3043 591 3114 qui
625 3044 681 3099 in
710 3045 1031 3114 captivitate
1064 3055 1484 3115 remanserant;
1540 3050 1698 3103 multi
1734 3050 1882 3104 enim
1925 3052 1976 3104 in

2083 3069 2191 3105 των
2239 3053 2304 3120 τῇ
2358 3048 2710 3119 αἰχμαλωσίᾳ
2765 3049 2951 3100 λοιπὸν
2996 3050 3029 3117 ἠ
3086 3048 3291 3119 δέησις.
3341 3049 3531 3101 Πολλοὶ
3554 3050 3662 3117 γὰρ

400 3132 675 3205 Babylone
707 3134 881 3189 relicti
912 3135 1149 3201 fuerant,
1177 3138 1376 3207 quibus
1405 3140 1522 3209 pari
1551 3140 1714 3195 modo
1743 3141 1976 3196 reditqu

2086 3142 2524 3211 ὑπελείφθησαν,
2557 3140 2651 3204 οὒς
2677 3140 2772 3195 καὶ⁵
2802 3140 3001 3203 αὐτοὺς
3037 3141 3355 3195 ἐπανελθεῖν
3389 3141 3663 3194 ίκετεύου-

402 3226 458 3280 in
524 3226 760 3295 patriam
819 3230 1071 3296 prtestari
1135 3238 1378 3299 petunt:
1422 3229 1714 3295 Converte,
1778 3232 1973 3301 inquit,

2084 3252 2168 3289 σιν
2196 3252 2209 3267 ⁸
2259 3232 2643 3304 Ἐπίστρεψον,
2668 3231 2864 3303 Κύριε,
2885 3232 2985 3304 τὴν
3007 3232 3425 3302 ὑπολειφθεῖσαν
3460 3234 3663 3300 αίχμα-

401 3316 631 3371 Domine
660 3356 676 3381 ,
709 3317 971 3388 reliquias
1026 3329 1232 3374 nostra:
1274 3320 1637 3390 captivitatis,
1690 3322 1976 3392 ipsamque

2082 3327 2289 3381 λωσίαν
2328 3326 2511 3397 ἡμῶν,
2559 3324 2734 3387 οὔτως
2763 3324 2923 3378 ὠθῶν
2950 3326 3044 3378 καὶ
3091 3326 3434 3392 κατεπείγων
3467 3325 3658 3396 αὐτὴν,

398 3408 774 3478 captivitatem
845 3424 979 3478 urge
1036 3418 1200 3480 atque
1248 3412 1485 3481 impelle,
1539 3427 1648 3467 non
1700 3427 1863 3468 secus
1912 3427 1976 3468 ac

2088 3418 2162 3481 ὡς
2195 3417 2323 3480 τοὺς
2376 3417 2714 3489 χειμάρρους
2774 3416 2864 3470 διὰ
2908 3416 3003 3469 τοῦ
3042 3416 3239 3470 Νότου.
3293 3410 3462 3479 Οὗτος
3500 3418 3607 3487 γὰρ
3631 3419 3662 3469 ό

399 3516 595 3570 urgere
648 3509 815 3570 atque
868 3500 1149 3571 impellere
1192 3501 1337 3557 soles
1383 3510 1679 3559 torrentem
1736 3518 1833 3574 per
1860 3504 1974 3559 Au-

399 3603 597 3645 strum.
629 3591 780 3647 Solet
811 3593 957 3647 enim
992 3593 1082 3646 hic
1152 3602 1382 3659 ventus,
1416 3595 1645 3663 disjecta
1706 3610 1770 3651 ac
1808 3596 1979 3665 lique-

399 3680 537 3736 facta
564 3680 790 3736 nubium
844 3682 1131 3746 densitate,
1162 3683 1400 3751 pluviam
1442 3684 1733 3750 adducere,
1771 3693 1826 3740 et
1858 3696 1973 3738 tor-

400 3781 584 3838 rentes
623 3786 820 3842 magno
843 3786 969 3829 cum
1000 3773 1207 3842 impetu
1257 3788 1497 3829 movere.
1528 3773 1626 3829 Vel
1656 3775 1972 3844 ltujusmodi

398 3861 717 3931 metaphora
746 3876 884 3917 usus
926 3871 1033 3929 est,
1065 3873 1262 3932 optans
1288 3863 1685 3934 captivitatem,
1711 3866 1973 3921 torrentis

396 3954 598 4018 instar,
629 3954 740 4009 cito
789 3952 944 4017 ferri,
987 3953 1063 4007 ita
1094 3962 1154 4008 ut
1183 3970 1349 4023 quam
1383 3957 1622 4025 primum
1682 3965 1881 4022 cesset,
1917 3965 1973 4012 et

395 4052 507 4099 tota
538 4059 769 4115 prorsus
795 4051 1114 4112 evacuetur,
1143 4043 1457 4102 Judaeorum
1480 4047 1698 4105 nemine
1718 4048 1773 4103 in
1802 4048 1973 4121 Baby-

394 4137 519 4190 loue
563 4135 799 4204 amplius
829 4135 1045 4192 relicto.
1090 4135 1214 4192 Cito
1245 4137 1447 4192 etenim
1480 4139 1831 4196 exsiccantur
1861 4149 1973 4195 tor-

390 4235 597 4283 rentes.
631 4225 729 4282 Vel
762 4244 857 4297 pcr
887 4227 1181 4296 Austrum,
1209 4244 1309 4285 seu
1351 4227 1576 4297 Notum,
1607 4231 1782 4302 ipsam
1808 4232 1970 4287 intel-

390 4322 510 4391 ligil
538 4318 867 4385 Jerusalem,
907 4320 1015 4376 hoc
1049 4322 1273 4376 nomine
1302 4338 1332 4375 a
1376 4322 1663 4393 prophetis
1721 4339 1963 4394 persmpe

2087 3505 2291 3576 ἄνεμος
2321 3507 2509 3577 τήκων
2530 3507 2630 3570 τὰς
2656 3505 2976 3577 παχύτητας
3001 3507 3110 3559 τὼν
3131 3506 3331 3573 νεφῶν,
3362 3508 3455 3559 καὶ
3469 3506 3662 3568 ὑετοὺς

2087 3596 2367 3664 κατάγων,
2401 3599 2543 3650 κινεῖ
2565 3599 2693 3658 τοὺς
2708 3613 2790 3665 χει
2799 3597 3044 3667 μάρρους
3066 3596 3206 3666 μετὰ
3250 3595 3451 3664 πολλῆς
3476 3595 3661 3665 ῥύμης

2085 3685 2183 3738 καὶ
2213 3685 2605 3755 σφοδρότητος.
2640 3686 2711 3738 Ἢ
2743 3686 2818 3748 ὼς
2844 3687 3181 3756 χειμάρρους
3214 3680 3393 3751 εἶπεν,
3425 3686 3657 3755 εὐχόμε-

2074 3790 2164 3837 νος
2221 3774 2550 3844 χειμάρροις
2606 3773 2779 3843 αὐτὴν
2806 3771 3075 3842 φέρεσθαι
3101 3772 3523 3842 παραπλησίως.
3568 3772 3658 3822 ἵνα

2073 3867 2169 3920 καὶ
2194 3866 2403 3937 ταχέως
2433 3864 2640 3937 παυθῇ,
2678 3866 2829 3918 πᾶσα
2856 3864 3249 3931 ὲκκενωθεῖσα,
3304 3862 3534 3934 μηδενὸς
3571 3862 3654 3915 ἔτι

2074 3956 2495 4026 ὑπολειφθέντος
2550 3957 2609 4010 ὲν
2660 3955 2944 4010 Βαϐυλῶνι
2975 3972 2989 3986 ο
3039 3956 3251 4025 ταχέως
3309 3956 3419 4025 γὰρ
3468 3955 3519 4007 οἱ
3545 3955 3658 4023 χεί-

2075 4050 2278 4123 μαρροι
2304 4048 2672 4120 ξηραίνονται.
2708 4048 2778 4101 Ἢ
2828 4047 3002 4103 Νότον
3046 4046 3196 4115 λέγει
3245 4044 3345 4116 τὴν
3383 4046 3655 4115 Ἰερουσα-

2075 4142 2211 4211 λὴμ,
2260 4139 2403 4194 οὕτω
2464 4138 2725 4203 πολλάκις
2778 4137 2884 4191 ὑπὸ
2941 4136 3239 4208 προφητῶν
3284 4136 3650 4206 καλουμένην,

2070 4232 2147 4296 ὡς
2180 4232 2237 4285 ὲν
2265 4230 2344 4302 τῷ
2374 4231 2533 4302 Νότῳ
2577 4231 2862 4301 κειμένην.
2906 4227 3265 4299 Ἐπίστρεψον
3298 4228 3503 4298 αὐτὴν,
3551 4244 3656 4297 φη.

2069 4325 2178 4391 σίν,
2209 4326 2267 4378 ἐν
2292 4323 2371 4393 τῷ
2391 4324 2569 4393 Νότῳ,
2609 4323 2777 4393 ῆγουν
2803 4322 2884 4386 είς
2927 4320 3299 4389 Ἰεροσόλυμα.

389 4412 518 4467 alibi
552 4412 901 4482 appellatam,
930 4420 1191 4484 tanquam
1223 4411 1333 4466 situ
1364 4425 1467 4467 suo
1517 4421 1831 4482 vergentem
1863 4411 1931 4467 ad
1969 4413 2253 4468 Austrum.
2280 4412 2572 4480 Converte,
2600 4413 2797 4484 inquit,
2824 4427 2945 4467 eam
2977 4411 3349 4482 captivitatem
3416 4412 3472 4465 in
3534 4411 3648 4463 Au"

359 4498 525 4568 ’διε-ο,
569 4504 673 4558 boc
703 4507 811 4567 est,
839 4502 893 4556 in
923 4499 1255 4557 Jerusalem.

459 4595 627 4649 Vnus.
663 4594 718 4648 5.
753 4593 861 4658 Qui
892 4595 1150 4647 sentinam
1186 4592 1241 4646 in
1294 4590 1566 4662 lacrymis,
1621 4593 1678 4646 in
1726 4593 1963 4647 exsulta-

2146 4594 2213 4646 Οί
2270 4591 2625 4658 σπείροντες
2674 4588 2745 4642 ἐν
2796 4587 3096 4656 δάκρυσιν
3149 4588 3221 4642 ἐν
3288 4588 3651 4658 ἀγαλλιάσει

390 4691 529 4749 tione
559 4696 769 4763 metent.
804 4682 911 4752 Qui
937 4686 1214 4743 seminant
1243 4699 1395 4755 spem
1449 4684 1645 4738 salutis
1682 4686 1735 4738 ln
1761 4685 1966 4740 oratio-

388 4795 521 4834 num
556 4777 842 4848 lacrymis,
882 4772 1200 4844 huiusmodi
1230 4774 1348 4843 spei
1385 4773 1627 4828 fructum
1665 4781 1879 4829 metent
1909 4774 1963 4829 in

385 4869 787 4926 exsultatione.
842 4863 1085 4920 Fructus
1115 4871 1299 4918 autem
1336 4863 1443 4918 erit
1477 4863 1733 4919 liberatio
1760 4879 1789 4917 a
1816 4881 1968 4935 pres-

386 4977 539 5019 sura.
588 4958 762 5016 Totus
808 4964 991 5031 autem
1021 4954 1109 5009 hic
1136 4968 1318 5009 sermo
1365 4954 1435 5010 iis
1484 4953 1757 5026 congruit,
1788 4955 1879 5025 qui
1910 4956 1964 5009 in

385 5049 787 5109 tentationibus
818 5056 969 5104 sunt.

456 5144 621 5199 Vens.
668 5142 722 5196 6.
760 5135 961 5195 Euntes
1005 5137 1175 5204 ibant,
1205 5144 1255 5191 et
1290 5137 1510 5208 ﬂebant,
1569 5140 1836 5193 mittentes
1885 5154 1967 5192 sco

384 5236 530 5290 mina
569 5249 691 5288 sua.
737 5230 821 5287 Ab
851 5227 1263 5285 universalihus
1302 5227 1371 5282 ad
1427 5226 1782 5297 particularia
1842 5242 1965 5296 per-

384 5326 624 5393 transiit,
652 5325 719 5381 de
743 5324 813 5381 iis
836 5322 1085 5393 loquens,
1108 5320 1274 5391 quiin
1305 5318 1621 5389 captivitate
1648 5318 1885 5383 fuerant,
1909 5325 1963 5372 et

385 5418 521 5474 dicit
559 5418 729 5490 quod,
761 5429 886 5471 cum
923 5415 1069 5469 irent
1102 5413 1157 5466 in
1210 5412 1613 5482 captivitatem,
1669 5410 1724 5463 in
1767 5409 1963 5463 itinere

386 5512 561 5576 ibant,
612 5520 668 5565 et
698 5509 925 5573 ﬂebant,
962 5520 1115 5576 spem
1152 5505 1297 5560 illam
1324 5505 1683 5569 seminantcs,
1719 5512 1773 5557 ut
1813 5503 1957 5558 disi-

387 5616 531 5655 tuus.

467 5690 738 5744 Venientes
772 5700 948 5745 autem
986 5690 1190 5744 venient
1214 5689 1267 5743 in
1296 5688 1678 5753 exsultatione,
1711 5687 1954 5743 tollentes

386 5780 687 5851 manipulos
734 5796 876 5834 suos.
910 5779 1114 5837 Verum
1157 5781 1211 5836 in
1243 5795 1436 5836 eorum
1495 5781 1677 5838 reditu
1746 5782 1963 5839 venient

2073 4684 2359 4754 θεριοῦσι.
2393 4682 2457 4736 0i
2485 4681 2807 4751 σπείροντες
2837 4680 3030 4733 ἐλπίδα
3060 4679 3336 4751 σωτηρίας
3368 4681 3425 4733 ὲν
3445 4680 3648 4751 δάκρυ-

2073 4794 2158 4829 σιν
2207 4775 2417 4838 ἱκεσίας
2477 4774 2537 4826 ὲν
2592 4771 2913 4840 ἀγαλλιάσει
2972 4770 3217 4841 θεριοῦσι
3275 4771 3370 4823 τὸν
3433 4772 3648 4842 καρπὸν

2069 4866 2261 4936 αὐτῆς,
2297 4867 2448 4928 ὅστις
2499 4864 2650 4917 ἐστὶν
2679 4864 2712 4933 ἡ
2743 4862 3032 4933 ἀπαλλαγὴ
3067 4860 3162 4915 τοῦ
3198 4860 3499 4926 πιέζοντος.
3538 4863 3652 4914 Κα-

2069 4956 2282 5018 οολικὸς
2309 4955 2367 5008 δὲ
2418 4956 2446 5008 ό
2473 4953 2653 5023 λόγος,
2697 4954 2834 5006 πᾶσι
2857 4955 2969 5016 τοῖς
3004 4954 3062 5006 ὲν
3105 4954 3436 5023 πειρασμοῖς
3469 4954 3649 5024 ἁρμό·-

2068 5044 2099 5107 ζ
2103 5060 2198 5097 ων.

2142 5139 2543 5208 Πυρευόμενοι
2572 5136 2961 5204 ἐπορεύοντο,
2989 5135 3088 5189 καί
3112 5134 3645 5201 ἕκλαιονβάλλον-

2067 5252 2159 5300 τες
2195 5233 2267 5287 τὰ
2294 5232 2608 5301 σπέρματα
2630 5230 2849 5284 αὐτῶν.
2896 5229 3028 5282 Ἀπὸ
3051 5229 3144 5283 τοῦ
3172 5230 3453 5283 κοοολικοῦ
3511 5232 3648 5301 πρὸς

2065 5326 2127 5378 τὸ
2193 5326 2419 5396 μερικδν
2472 5321 2698 5394 μετέϐη,
2756 5321 3032 5394 περὶτῶν
3080 5321 3141 5374 ὲν
3190 5324 3255 5392 τῇ
3297 5320 3645 5391 αίχμαλωσίᾳ.

2068 5417 2273 5486 λέγων,
2300 5416 2409 5481 ὅτι,
2437 5414 2799 5485 πορευόμενοι
2830 5418 2910 5476 εἰς
2950 5414 3049 5483 τὴν
3080 5413 3481 5483 αἰχμαλωσίαν,
3518 5414 3646 5465 ἐπο-

2068 5508 2317 5580 ρεύοντο,
2357 5509 2451 5562 καὶ
2485 5506 2725 5575 ἔκλαιον,
2781 5507 3119 5578 σπείροντες,
3151 5506 3227 5569 ὡς
3259 5507 3497 5578 εἴρηται,
3544 5506 3644 5575 τὴν

2063 5601 2275 5657 ἐλπίδα.

2134 5691 2480 5760 Ἐρχόμενοι
2502 5688 2563 5742 δὲ
2587 5688 2848 5757 ἥξουσιν
2869 5688 2939 5741 ἐν
2960 5688 3343 5759 ἀγαλλιάσει,
3365 5687 3639 5753 αἴροντες

2071 5784 2144 5837 τὰ
2169 5782 2475 5852 δράγματα
2494 5782 2713 5838 αὐτῶν.
2739 5782 3056 5854 Ἐρχὸμενοι
3082 5781 3135 5834 δὲ
3166 5781 3397 5845 ἐκεῖθεν,
3416 5779 3638 5843 ἥξουσιν
