4112 6424
423 388 556 448 12°01

1613 385 1822 446 COMM
1837 383 2004 443 ENT.
2034 384 2115 445 IN
2154 384 2288 444 PSA
2299 384 2519 444 LMOS.

3464 409 3470 415 -
3530 372 3682 439 1202

420 496 479 547 ἐν
517 495 865 564 ἀγαλλιάσει,
923 497 1282 570 κομιζόμενοι
1313 500 1373 554 τὸ
1408 500 1590 570 Θέρος,
1640 501 1764 570 ἦτοι
1792 502 1884 552 τὸν
1916 501 1984 551 εἰ·

2100 495 2252 549 illinc
2297 497 2657 560 exsultantes,
2686 506 2738 550 et
2767 510 3025 560 messem,
3084 494 3187 551 hoc
3237 504 3339 560 est,
3391 495 3676 549 seminata:

421 586 660 654 ρημένον
690 586 903 657 καρπὸν
921 588 1017 657 τῆς
1052 587 1493 659 καταϐληθείσης
1508 588 1746 653 ἐλπίδος.
1779 589 1993 657 Ὠσπερ

418 676 525 746 γὰρ
556 676 615 728 τὸ
655 677 882 748 σπέρμα
911 679 1006 731 τοῦ
1048 679 1196 733 σίτου
1235 680 1408 735 δεῖται
1434 682 1631 748 ὑετῶν,
1663 680 1839 746 οὕτως
1897 681 1993 734 καὶ

418 768 481 820 τὸ
515 768 738 837 σπέρμα
765 771 865 839 τῆς
895 769 1111 834 ἐλπίδος
1140 772 1337 844 χρῄζει
1367 773 1623 843 δακρύων
1656 774 1736 839 είς
1782 789 1994 844 καρπο-

420 856 628 922 γονίαν.
666 859 774 912 Καὶ
814 860 1068 931 καθάπερ
1113 862 1322 934 ἄρουρα
1360 866 1551 935 χρείαν
1600 864 1715 935 ἔχει
1755 863 1851 917 τοῦ
1900 864 1991 918 τὲ-

422 947 679 1018 μνεσθαι,
706 952 803 1005 καὶ
820 954 1290 1024 ἀναῤῥήγνυσθαι,
1315 955 1461 1010 οὕτω
1474 959 1616 1029 καὶὴ
1649 956 1797 1028 ψυχὴ
1816 956 1991 1011 δεῖται

419 1041 744 1114 πειρασμῶν
805 1045 901 1098 καὶ⁸
934 1043 1193 1114 θλίψεων,
1231 1046 1321 1100 ἵνα
1373 1047 1627 1119 μαλαχθῇ
1654 1049 1715 1102 τὸ
1757 1049 1992 1119 σκληρὸν

417 1133 612 1203 αὐτῆς,
649 1133 747 1187 καὶ⁸
794 1136 870 1207 μὴ
920 1135 1202 1210 βλαστήσῃ
1241 1140 1487 1207 ἀκάνθας
1540 1143 1635 1196 καὶ
1683 1142 1991 1214 τριϐόλους,

420 1225 514 1280 καὶ
539 1225 800 1292 τοιαύτας
842 1226 1119 1300 βλαόεράς
1154 1228 1409 1301 βοτάνας.

996 1499 1138 1571 ’ῼδὴ
1169 1502 1404 1570 ὁμοίως.

937 1592 1232 1648 mmo}:
1270 1595 1463 1663 PKq'.

488 1674 631 1731 Ἐὰν
660 1679 743 1748 μὴ
779 1682 998 1750 Κύριος
1035 1686 1412 1758 οίκοδομήσῃ
1447 1685 1637 1754 οἷκον,
1659 1691 1744 1757 είς
1789 1692 1994 1763 μάτην

413 1771 755 1829 duca/war
785 1779 1341 1849 οῑοῑκοδομοῦντες.
1388 1783 1812 1851 Ἐπανελθόντες
1850 1790 1899 1842 oi
1933 1791 1992 1841 ἐν

413 1866 785 1941 αἰχμαλωσίᾳ,
823 1872 917 1923 καὶ
941 1872 1246 1942 οἰκοδομεῖν
1277 1874 1575 1947 ἀρξάμενοι
1599 1878 1692 1933 τὸν
1720 1879 1846 1934 ναὸν
1896 1883 1992 1937 καὶ

412 1957 515 2026 τὴν
558 1957 715 2013 πόλιν
762 1961 966 2028 αὐτῶν,
1001 1964 1307 2022 ἐκωλύοντο
1355 1971 1511 2040 παρὰ
1568 1970 1679 2025 τῶν
1732 1973 1992 2041 γειτόνων

412 2047 607 2117 ἐθνῶν,
630 2050 975 2120 φθονούντων
1001 2056 1116 2126 ἅμα
1145 2059 1241 2112 καὶ
1261 2059 1582 2116 δεδοικότων
1603 2064 1702 2136 τὴν
1726 2064 1809 2131 είς
1832 2066 1990 2132 αὖθις

411 2137 717 2230 εὐημερίαν
753 2145 956 2199 αὐτῶν.
994 2148 1104 2201 Καὶ
1137 2150 1308 2216 πολὺς
1369 2154 1563 2225 ἐτρίὸη
1607 2158 1821 2225 χρόνος,
1858 2158 1989 2230 ἄχρι

409 2227 507 2281 καὶ
532 2233 947 2303 τεσσαράκοντα
1008 2237 1167 2302 ὲτῶν,
1209 2240 1316 2295 τῶν
1372 2242 1473 2312 μὲν
1532 2246 1832 2317 προθύμως
1869 2227 1990 2303 ἐπι-

413 2320 748 2391 χειρούντων
804 2325 1030 2392 κτίζειν,
1063 2330 1174 2383 τῶν
1226 2330 1284 2385 δὲ
1324 2334 1465 2388 πᾶσι
1510 2339 1734 2407 τρόποις
1764 2339 1990 2408 ἐμποδι-

408 2410 614 2474 ζόντων
655 2429 671 2448 ο
703 2415 799 2481 οὓς
866 2420 1140 2476 παιδεύων
1194 2424 1223 2476 ὁ
1277 2427 1566 2498 προφήτης
1618 2430 1713 2483 ἐπὶ
1739 2430 1831 2484 τὸν
1854 2432 1987 2487 θεὸν

407 2505 800 2594 καταφεύγειν,
865 2512 959 2565 καὶ
1022 2514 1189 2569 αὐτὸν
1248 2517 1637 2575 ἐπικαλεῖσθαι
1698 2526 1989 2594 συνεργὸν,

407 2591 578 2687 ταύτα
611 2596 864 2664 διέξεισιν
902 2618 916 2634 ο
960 2604 1089 2659 Ἐὰν
1127 2605 1203 2678 μὴ
1231 2608 1441 2679 Κύριος
1470 2612 1803 2687 οἰκοδομήσει]
1830 2591 1986 2669 οἶκον

404 2683 496 2778 διὰ
519 2689 812 2758 συνεργίας
843 2693 947 2763 τῆς
978 2699 1107 2767 παρ’
1145 2699 1334 2765 αὑτοῦ,
1362 2703 1446 2767 είς
1474 2683 1661 2778 μάτην
1680 2683 1986 2764 ἐκο-πίασαν

405 2775 455 2827 οί
484 2778 918 2850 οίκοδομοῦντες.
940 2786 1291 2845 Ἀνεὸἀλλετο
1313 2793 1369 2846 δὲ
1427 2796 1488 2850 ὲν
1518 2775 1797 2864 τοσούτοις
1836 2802 1983 2857 ἔτεσι

407 2865 508 2935 τὴν
535 2872 851 2943 συνεργίαν,
899 2875 984 2930 ἴνα
1016 2880 1157 2933 κατὰ
1187 2884 1383 2952 μικρὸν
1414 2887 1855 2957 ἀφυπνίζωνται,
1889 2898 1985 2948 καὶ

409 2958 484 3057 μὴ
532 2964 595 3032 τῇ
644 2965 825 3021 ἀνέσει
887 2968 1250 3042 ρᾳθυμότεροι
1302 2978 1595 3047 γένωνται,
1683 2985 1778 3037 καὶ
1845 2988 1983 3057 πρὸς

403 3053 503 3148 τὴν
541 3059 815 3131 προτέραν
864 3064 1028 3117 πάλιν
1077 3066 1399 3140 δρομήσωσι
1454 3077 1743 3146 πονηρίαν.
1784 3081 1852 3148 τῇ
1883 3053 1980 3134 τα-

2102 589 2218 658 spei
2250 592 2489 643 fructum
2519 587 2757 644 ferentes
2792 605 2805 642 :
2844 603 3005 658 quem
3042 588 3172 641 ideo
3199 588 3252 640 in
3291 586 3551 657 lacrymis
3583 599 3674 638 se.

2102 682 2427 746 minarunt,
2477 681 2607 751 quia
2661 682 3126 753 quemadmodum
3171 679 3430 734 frumenti
3484 691 3676 734 semen

2103 772 2309 842 indiget
2337 771 2562 842 pluviis,
2603 773 2678 827 ita
2720 783 2773 828 et
2824 772 3143 842 hujusmodi
3193 772 3310 843 spei
3367 786 3556 829 semen
3607 769 3679 824 ad

2105 864 2359 920 ferendos
2391 864 2605 921 fructus
2641 865 3147 937 indigetlacrymis
3176 882 3189 917 :
3216 873 3273 919 et
3305 863 3672 934 quemadmo—

2103 955 2235 1010 dum
2298 964 2559 1014 terrenus
2615 959 2734 1029 ipse
2761 971 2890 1028 ager
2920 959 3091 1015 aratri
3133 957 3279 1014 [erro
3328 957 3556 1025 indiget.
3614 963 3675 1009 ιιι

2103 1059 2365 1103 concreta
2429 1059 2575 1104 terra
2629 1050 2918 1105 scindatur
2955 1058 3118 1118 atque
3164 1049 3459 1114 incidatur,
3515 1048 3587 1101 ita
3619 1054 3679 1100 et

2102 1140 2284 1195 anima
2343 1140 2735 1197 amictionibus
2769 1142 2978 1212 indiget
3013 1152 3068 1195 et
3096 1139 3518 1202 tentationibus,
3551 1152 3676 1207 qua:

2102 1231 2296 1298 majori
2327 1233 2561 1302 quadam
2599 1232 2805 1288 duritie
2828 1232 2978 1289 illius
3010 1231 3268 1287 duritiem
3294 1229 3566 1293 molliant,
3604 1242 3674 1280 ne

2100 1323 2289 1392 spinas
2309 1324 2638 1394 germinent,
2658 1332 2753 1379 aut
2776 1323 3032 1387 tribulos,
3065 1330 3158 1377 aut
3197 1319 3513 1392 hujusmodi
3537 1319 3677 1374 alias

2101 1415 2293 1471 noxias
2325 1415 2547 1472 herbas.

2563 1505 2842 1561 Canticum
2870 1521 3212 1563 ascensuum.

2588 1596 2815 1653 PSALM
2825 1597 2910 1654 US
2938 1596 3176 1656 CXXVI.

2154 1689 2318 1744 Vsus.
2348 1691 2397 1743 i.
2431 1689 2546 1744 Nisi
2572 1689 2828 1744 Dominus
2861 1688 3207 1758 aediﬁcaverit
3240 1686 3479 1754 domum,
3508 1688 3560 1741 in
3581 1702 3675 1742 va-

2100 1797 2223 1834 num
2265 1780 2659 1849 laboraverunt,
2698 1781 2788 1851 qui
2815 1781 3085 1849 aediﬁcant
3115 1797 3255 1835 eam.
3289 1778 3425 1834 Cum
3463 1777 3669 1835 reversi

2092 1883 2281 1931 essent
2315 1873 2491 1930 Judaei
2523 1889 2593 1929 ex
2622 1873 2962 1943 captivitate,
3000 1874 3377 1940 templumque
3422 1881 3479 1926 et.
3531 1871 3669 1926 civi-

2095 1972 2258 2018 tatem
2287 1976 2510 2017 rursum
2537 1962 2810 2017 aediﬁcare
2860 1961 3181 2032 ccepissent,
3233 1962 3668 2031 prohibebantur

2093 2068 2122 2106 a
2156 2052 2356 2109 vicinis
2381 2053 2637 2124 gentibus
2664 2051 2734 2108 ob
2762 2052 3029 2108 invidiam
3084 2053 3292 2123 pariter
3314 2062 3366 2107 et
3391 2053 3666 2115 timorem,

2091 2159 2161 2199 ne
2192 2158 2381 2199 eorum
2415 2159 2504 2199 res
2535 2158 2797 2216 prospere
2837 2158 2903 2198 ac
2933 2143 3167 2199 feliciter
3192 2144 3571 2200 succederent.
3602 2143 3666 2196 lit

2090 2236 2325 2291 multum
2382 2235 2604 2306 quidem
2660 2236 2926 2304 temporis
2989 2236 3111 2303 fuit,
3170 2250 3440 2292 annorum
3495 2235 3668 2291 ferme

2089 2328 2476 2401 quadraginta,
2519 2343 2629 2400 quo
2659 2336 2714 2385 et
2736 2327 2908 2384 Judrei
2941 2328 3236 2393 aediﬁcare,
3269 2338 3323 2383 et
3362 2329 3440 2382 illi
3473 2335 3666 2383 contra

2088 2424 2268 2481 modis
2291 2423 2546 2482 omnibus
2578 2422 2844 2493 impedire
2869 2438 2965 2479 eos
2995 2423 3332 2479 nitebantur.
3366 2421 3474 2477 Hos
3496 2421 3674 2491 igitur.

2088 2516 2349 2572 erudiens
2394 2514 2661 2585 Propheta
2689 2526 2874 2572 noster
2901 2515 3082 2577 docet,
3116 2522 3174 2567 ut
3216 2516 3280 2568 ad
3308 2506 3484 2567 Deum
3522 2527 3661 2565 con-

2090 2610 2325 2680 fugiant.
2344 2617 2401 2664 et
2431 2609 2806 2681 coadjulorem
2833 2608 3047 2675 incepto
3084 2606 3237 2675 operi
3271 2606 3548 2669 invocent,
3574 2612 3660 2659 at-

2086 2719 2194 2774 que
2226 2704 2281 2756 in
2312 2702 2453 2756 hanc
2486 2700 2799 2771 prorumpit
2827 2698 3157 2754 sententiam
3190 2713 3205 2752 :
3241 2696 3355 2750 Nisi
3395 2695 3661 2750 Dominus

2086 2795 2475 2864 cooperatione
2525 2809 2624 2848 sua
2677 2792 2937 2856 astiterit,
2975 2800 3029 2846 et
3079 2791 3301 2846 domum
3354 2789 3472 2857 ipse
3526 2803 3661 2841 con-

2085 2884 2402 2941 struendam
2439 2881 2817 2944 aediﬁcaverit,
2845 2880 3047 2935 frustra
3087 2895 3277 2934 omnes
3325 2877 3661 2934 aediﬁcantes

2084 2978 2359 3032 laborant.
2388 2973 2686 3029 Distulerat
2712 2982 2887 3025 autem
2914 2972 3124 3039 aliquot
3147 2970 3307 3025 annis
3333 2968 3474 3023 Deus
3497 2983 3658 3022 suum

2082 3069 2286 3125 .Indteis
2321 3066 2588 3122 auxilium
2633 3062 2966 3132 impendere,
3003 3072 3058 3116 ut
3093 3061 3353 3131 paulatim
3382 3076 3410 3113 a
3441 3075 3659 3123 somno,

405 3146 568 3240 χίστῃ
597 3150 707 3203 τῶν
735 3155 923 3209 κακῶν
952 3158 1240 3231 ἀπαλλαγῇ
1270 3179 1285 3193 ⁶
1319 3162 1480 3218 ἔλαϐε
1514 3166 1614 3235 μὲν
1636 3166 1731 3221 οἷν
1760 3173 1788 3223 ὀ
1822 3146 1979 3238 λόγος

2089 3171 2147 3217 ιιι
2184 3164 2258 3215 ita
2293 3161 2497 3223 dicam,
2554 3156 2953 3219 excitarentur,
2983 3166 3038 3208 et
3071 3170 3138 3209 ne
3187 3155 3447 3208 diuturna
3476 3153 3659 3222 quiete

404 3236 558 3305 οὗτος
577 3243 677 3312 τὴν
699 3247 877 3318 ἀρχὴν
908 3250 1015 3303 ἀπὸ
1038 3252 1134 3322 τῆς
1160 3253 1474 3320 ὑποθέσεως
1498 3258 1727 3331 ταύτης.
1755 3236 1981 3333 Εἴρηται

2089 3254 2384 3310 inertiores
2430 3252 2639 3312 tierent,
2667 3256 2831 3317 atque
2861 3249 2927 3303 ad
2961 3247 3200 3317 priorem
3257 3247 3495 3300 redirent
3529 3259 3657 3313 pra-

403 3333 461 3386 δὲ
517 3337 971 3413 καθολικωτέρως
1021 3346 1115 3399 ἐπὶ
1185 3350 1351 3402 πᾶσιν
1415 3350 1675 3424 ἁρμόζων
1725 3354 1980 3424 λέγεσθαι

406 3427 749 3500 πράγμασιν.

485 3699 726 3771 Ἐὰνμή
746 3704 959 3774 Κύριος
975 3709 1222 3779 φυλάξῃ
1241 3714 1446 3779 πόλιν,
1473 3717 1561 3781 εἰς
1575 3717 1776 3786 μάτην
1790 3720 1977 3789 ήγρύυ

401 3806 643 3859 πνησεν
696 3797 732 3849 ὁ
773 3798 1138 3866 φυλάσσων.
1188 3804 1301 3858 Καὶ⁵
1338 3806 1392 3859 τί
1413 3806 1558 3877 λέγω
1607 3811 1738 3883 περὶ
1774 3813 1979 3868 οἰκοδο-

405 3883 552 3952 μῆςς
591 3886 732 3940 Ἀλλ’
760 3889 882 3944 οὐδὲ
931 3894 1378 3965 οἰκοδομηθεῖσαν
1424 3901 1519 3953 καὶ
1541 3902 1976 3970 ἀπαρτισθεϊσαν

401 3974 556 4029 πόλιν
579 3979 818 4047 φυλάξαι
845 3982 1136 4056 δυνήσεταί
1158 4004 1262 4053 τις,
1298 3989 1375 4060 μὴ
1416 3992 1806 4062 συνεργοῦντος
1831 3998 1978 4052 ὲκεί-

399 4083 518 4120 νου.
1092 4107 1101 4114 .

468 4161 574 4227 Eii;
618 4162 818 4231 μάτην
872 4166 1018 4235 ὑμῖν
1055 4167 1189 4224 ἐστι
1216 4170 1285 4224 τὸ
1314 4172 1602 4241 ὀρθρίζειν
1625 4190 1641 4207 ο
1669 4175 1975 4247 ἐγείρεσθε

396 4251 546 4313 μετὰ
590 4252 660 4307 τὸ
706 4256 1006 4326 καθῆσθαι
1039 4265 1094 4317 οι
1152 4263 1462 4331 ἐσθίοντες
1510 4266 1696 4335 ἄρτον
1725 4269 1971 4338 ὀδύνης.

393 4349 626 4418 Λοιπὸν,
680 4340 724 4401 ὧ
770 4350 1042 4417 ἐσθίοντες
1092 4354 1258 4425 ἄρτον
1306 4355 1538 4427 ὀδύνης.
1600 4359 1651 4412 oi
1701 4361 1837 4432 μηδὲ
1879 4362 1973 4418 τὸν

396 4439 563 4508 ἄρτον
593 4440 764 4513 χωρὶς
813 4441 1008 4514 ὀδύνης
1072 4443 1365 4508 ἐσθίοντες,
1391 4445 1440 4499 oi
1467 4445 1673 4510 ζῶντες
1701 4449 1760 4500 ἐν
1788 4447 1964 4518 θλίψει

2086 3346 2344 3401 vitatem,
2386 3339 2552 3394 veluti
2624 3352 2766 3407 quos
2807 3337 3059 3391 celeriter
3121 3350 3184 3390 ac
3230 3335 3298 3387 de
3331 3335 3476 3387 lacili
3515 3332 3657 3387 Deos

2085 3438 2373 3491 liberasset
2412 3447 2441 3486 a
2470 3431 2649 3486 inalis.
2690 3429 2747 3484 ln
2789 3430 3109 3486 universum
3154 3429 3443 3483 etiam’liic
3474 3442 3657 3482 sermo

2082 3529 2272 3584 multis
2320 3534 2501 3597 potest
2557 3524 2780 3581 casibus
2855 3538 2919 3579 ac
2992 3521 3287 3593 pmpositis
3348 3532 3658 3575 accommo-

2080 3623 2221 3679 deri.

2152 3714 2276 3770 Nisi
2300 3713 2553 3769 Dominus
2578 3710 2885 3768 custodierit
2910 3710 3193 3772 ciuitatem,
3217 3709 3418 3777 frustra
3473 3704 3655 3773 vigilat

2078 3809 2168 3878 qui
2194 3807 2423 3861 custodit
2443 3821 2581 3860 eam.
2614 3803 2720 3860 Sed
2752 3801 2884 3873 quid
2907 3804 3057 3866 dico,
3083 3800 3285 3870 inquit,
3312 3799 3380 3853 de
3415 3794 3656 3851 civitatis

2077 3896 2467 3959 aediﬁcatione,
2504 3909 2633 3949 cum
2665 3908 2846 3963 neque
2879 3898 3259 3947 constructam
3293 3903 3357 3942 ac
3389 3886 3501 3954 jam
3534 3899 3659 3952 per-

2078 3986 2275 4041 fectam
2332 3984 2614 4040 civitatem
2670 3980 2977 4045 custodire,
3012 3990 3107 4034 aut
3139 3989 3471 4033 conservare
3528 3972 3653 4040 quis

2075 4077 2274 4148 possit,
2305 4076 2513 4145 absque
2536 4075 2682 4129 illius
2705 4072 2956 4128 auxilio?

2147 4167 2315 4224 Vsus.
2348 4168 2404 4222 2.
2445 4166 2646 4221 Vanum
2668 4174 2747 4219 est
2777 4165 2917 4219 vobis
2943 4173 3064 4218 ante
3082 4163 3248 4220 lucem
3275 4166 3509 4235 vigilare,
3530 4185 3653 4222 sur-

2073 4261 2176 4330 gite
2214 4269 2491 4329 postquam
2519 4256 2752 4322 sedistis,
2775 4257 2866 4326 qui
2894 4255 3229 4311 manducetis
3260 4272 3452 4324 panem
3497 4262 3652 4314 dolo-

2073 4350 2495 4416 ris.'Cazterum,
2545 4349 2747 4418 inquit,
2795 4363 2917 4414 vos,
2963 4362 2998 4402 0
3038 4347 3237 4414 Judaei,
3287 4349 3382 4418 qui
3439 4351 3650 4408 doloris

2074 4459 2271 4516 panem
2298 4440 2665 4503 manducetis,
2700 4442 2805 4496 hoc
2832 4449 2936 4505 est,
2974 4440 3067 4509 qui
3096 4455 3199 4495 nec
3227 4455 3420 4508 panem
3470 4442 3646 4511 ipsum

396 4543 503 4592 σιν,
547 4530 629 4592 είς
678 4526 860 4599 μάτην
902 4530 1031 4599 ὑμῖν
1064 4529 1275 4597 γίνεται
1329 4532 1391 4585 τὸ
1445 4534 1724 4604 ὀρθρίζειν
1753 4538 1835 4600 είς
1873 4537 1972 4609 τὴν

2089 4535 2289 4604 absque
2325 4532 2517 4587 dolore
2568 4530 2879 4595 comeditis,
2922 4530 3017 4599 qui
3055 4530 3109 4584 in
3142 4531 3529 4586 aﬂlictionilms
3566 4533 3648 4586 vi-

390 4617 709 4688 οίκοδομὴν.
732 4621 827 4673 καὶ
854 4619 1170 4690 ἐγείρεσθαι
1198 4621 1381 4687 εὐθὺς,
1419 4624 1558 4693 μετὰ
1583 4627 1646 4678 τδ
1671 4626 1966 4697 καθῆσθαι,

2069 4635 2178 4682 tam
2210 4624 2437 4689 ducitis,
2470 4623 2767 4685 admoneo,
2801 4621 3010 4678 frustra
3053 4624 3104 4678 id
3144 4611 3172 4677 a
3209 4624 3366 4679 vobis
3400 4625 3538 4691 ﬁeri,
3591 4637 3650 4679 ut

391 4710 489 4764 καὶ
506 4709 765 4782 ταχύνειν
795 4712 880 4776 εἰς
915 4714 980 4766 τδ
1007 4713 1195 4784 ἔργον,
1220 4714 1316 4768 καὶ
1352 4715 1490 4785 μήτε
1520 4716 1583 4775 ὲν,
1611 4716 1767 4771 νυκτὶ
1797 4715 1968 4772 ὕπνου

2089 4727 2196 4773 mte
2222 4718 2398 4772 lucem
2429 4731 2645 4770 summo
2688 4730 2850 4770 mane
2888 4716 3041 4785 operi
3089 4727 3250 4784 atque
3299 4701 3649 4772 aediﬁcationi

389 4799 778 4868 κορέννυσοαι,
845 4802 983 4872 μήτε
1032 4804 1090 4856 ὲν
1140 4805 1326 4875 ἡμέρᾳ
1366 4803 1664 4859 ἀπολαύειν
1704 4805 1967 4870 ἀνέσεως.

2089 4809 2420 4864 ncnmbatis.
2458 4807 2687 4863 Frustra
2720 4809 2888 4862 etiam
2920 4822 2947 4861 a
2981 4808 3138 4863 vobis
3164 4807 3220 4862 ﬁt
3256 4816 3334 4871 ut,
3358 4816 3645 4878 postquam

402 4891 729 4962 Ὀδυνηροὺς
757 4892 814 4947 δὲ
867 4892 1068 4957 αὐτοὺς
1093 4889 1217 4947 εἶπε
1247 4893 1336 4947 διά
1361 4910 1424 4947 τε
1462 4894 1637 4949 ταῦτα
1657 4936 1673 4961 ,
1711 4896 1803 4949 καὶ
1831 4896 1966 4949 διότι

2089 4897 2313 4960 ιθάἱειίε,
2348 4896 2533 4952 statim
2579 4898 2647 4951 ad
2690 4896 3114 4951 accelerandum
3141 4895 3317 4964 ipsum
3350 4911 3489 4966 Opus
3521 4911 3649 4948 sur-

386 4982 449 5034 ού
476 4982 641 5052 μόνον
657 4984 898 5038 ἐκοπίων
920 4984 1118 5053 οὕτως,
1143 4985 1281 5038 ἀλλὰ
1304 4986 1399 5040 καὶ
1422 4986 1559 5057 πρὸς
1582 4987 1706 5050 τοὺς
1731 4987 1963 5059 ἐχθροὺς

2089 4990 2232 5059 ςαιὶε,
2262 4988 2367 5044 hoc
2396 4997 2501 5053 est,
2531 4989 2676 5059 quod
2712 4996 2768 5043 et
2800 4997 2967 5044 noctu
3004 5003 3202 5044 somno
3258 5003 3365 5051 non
3414 4986 3643 5051 vacatis,

388 5073 695 5143 ἐμάχοντοο
729 5075 826 5128 καὶ
864 5074 1177 5146 ᾠκοδόμουν
1207 5075 1568 5146 ὡπλισμένοι,
1603 5077 1697 5131 καὶ
1748 5076 1964 5142 ἔκτιζον

2089 5087 2127 5134 :t
2166 5078 2405 5133 interdiu
2443 5080 2593 5134 nulla
2645 5079 2894 5135 iruimini
2944 5079 3146 5148 quiete.
3193 5076 3407 5142 Quibus
3460 5078 3646 5131 verbis

386 5161 527 5233 ἅμα,
570 5164 666 5217 καὶ
700 5164 1003 5236 ἐπολέμουν
1053 5167 1167 5230 τοῖς
1217 5164 1602 5232 διακωλύουσι,
1632 5165 1728 5221 καὶ
1765 5166 1964 5239 διπλῆν

2089 5170 2264 5226 lolore
2300 5171 2424 5227 illos
2454 5180 2621 5240 atque
2675 5172 2947 5241 angustiis
2982 5170 3174 5240 plenos
3210 5185 3334 5224 esse
3380 5168 3643 5229 ostendit.

385 5252 688 5321 ὑφίσταντο
708 5255 1114 5325 ταλαιπωρίαν.
1948 5312 1951 5315 ,

2089 5276 2137 5318 ea
2165 5262 2428 5317 nimirum
2462 5264 2698 5327 ratione.
2726 5263 2854 5333 quia
2896 5277 3004 5316 non
3038 5261 3216 5317 solum
3272 5261 3646 5331 fatigabantur

384 5344 708 5414 laborando,
757 5349 852 5405 sed
881 5349 1047 5405 etiam
1075 5348 1339 5406 adversus
1384 5351 1573 5409 hostes
1599 5354 1681 5410 eis
1711 5356 2064 5426 pugnandum
2126 5362 2266 5411 erat.
2302 5355 2512 5412 Armati
2579 5358 2782 5414 etenim
2850 5356 3051 5412 mrenia
3105 5357 3521 5417 construebant,
3588 5363 3644 5410 et

385 5439 650 5495 adversus
684 5440 1044 5508 impedientes
1069 5444 1275 5512 pariter
1307 5445 1507 5500 bellum
1542 5449 1826 5518 gerebant,
1854 5448 2128 5518 duplicem
2157 5449 2261 5504 hoc
2296 5457 2457 5519 pacto
2486 5464 2787 5505 aerumnam
2819 5447 3179 5505 sustinentes.

456 5533 645 5587 Ὅταν
680 5531 765 5599 δῷ
789 5535 916 5600 τοῖς
941 5535 1274 5604 ἀγαπητοῖς
1291 5538 1479 5593 αὐτοῦ
1501 5538 1721 5594 ὕπνον.
1744 5539 1892 5594 Ἰδοὺ
1920 5541 1961 5611 η

2142 5538 2310 5596 Vens.
2341 5541 2395 5596 3.
2434 5542 2564 5597 Cum
2592 5540 2797 5594 dederit
2818 5540 3024 5594 dilectis
3072 5540 3186 5595 suis
3231 5555 3496 5606 somnum,
3525 5557 3645 5597 ecce

384 5624 756 5692 κληρονομία
814 5625 1061 5693 Κυρίου,
1125 5626 1265 5681 υιοί.
1302 5627 1473 5681 Ὅταν
1520 5629 1549 5680 ὁ
1593 5627 1725 5691 Θεὸς
1750 5628 1826 5697 δῷ
1847 5633 1961 5694 τοῖς

2089 5630 2354 5685 nereditas
2384 5633 2626 5698 Homini,
2641 5631 2765 5697 ﬁlii.
2794 5630 2930 5686 Cum
2960 5628 3175 5685 dilectis
3202 5631 3317 5685 suis
3342 5628 3483 5686 Deus
3509 5646 3643 5686 sua-

383 5714 693 5786 ἀγαπητοῖς
715 5716 880 5771 αὐτοῦ
911 5715 1081 5770 ὕπνον
1108 5719 1262 5789 ἡδὺν,
1283 5718 1454 5773 ὕπνον
1475 5720 1758 5791 φροντίδος
1784 5721 1962 5792 ἀπηλ-

2089 5737 2189 5777 ιειιι
2214 5737 2466 5778 somnum
2493 5723 2728 5787 dederit,
2772 5737 3026 5778 somnum
3081 5721 3208 5776 dico
3240 5723 3393 5777 curis
3427 5738 3491 5776 ac
3521 5725 3639 5777 sol-

386 5806 680 5879 λαγμὲνον,
714 5809 887 5880 ἧγουν
904 5808 1089 5865 ἄνεσιν
1114 5812 1206 5866 καὶ
1224 5812 1536 5884 ἐλευθερίαν
1555 5812 1662 5868 τῶν
1678 5814 1959 5886 ἐνοχλούν·

2089 5812 2444 5870 icitudiuibus
2500 5828 2778 5881 vacuum,
2834 5813 2939 5869 hoc
2982 5821 3089 5875 est,
3150 5828 3272 5868 cum
3310 5812 3553 5883 quietem
3607 5829 3636 5865 a
