4112 6472
393 335 414 391 1
428 333 524 394 £07

378 532 680 587 Dominum.
701 534 1086 605 Hujuscemodi
1111 537 1290 593 divina
1307 541 1683 597 benedictione
1710 543 1942 600 l‘ruetur.

375 623 477 679 Per
503 625 931 684 benedictionem
961 643 1091 684 vero
1118 632 1351 700 gratiam
1405 643 1459 688 et
1488 634 1811 691 beneﬁcium
1865 636 1948 691 in-

375 717 592 789 telligit,
631 727 886 790 tanquam
919 721 1082 777 laude
1111 722 1359 794 dignum,
1396 733 1448 780 et
1475 724 1544 782 de
1579 742 1688 798 quo
1711 727 1850 782 bene
1880 729 1946 783 ab

376 809 632 868 omnibus
656 811 944 869 dicendum
980 816 1073 873 sit.
1109 815 1266 881 Quod
1314 817 1362 873 si
1412 818 1536 888 quis
1585 820 1944 889 quaestionem

376 910 614 969 moveat,
645 904 858 970 dicens,
892 905 1177 972 Quomodo
1208 908 1277 963 iis
1295 910 1385 978 qui
1413 911 1605 966 timent
1627 909 1819 977 Deum,
1840 928 1946 965 non

378 994 584 1065 majora
616 997 1007 1066 promittantur
1040 1002 1204 1069 bona,
1247 1001 1344 1056 sed
1374 1003 1487 1058 haec
1539 1011 1752 1058 tantum
1808 1012 1950 1057 tem-

377 1086 608 1154 poralia,
659 1087 792 1143 illud
819 1089 873 1143 in
902 1092 1093 1159 primis
1145 1093 1435 1148 dicendum
1478 1105 1582 1158 est,
1620 1093 1946 1164 Prophetam

375 1178 443 1234 ad
477 1195 574 1254 eos
606 1196 916 1238 sermonem
948 1200 1108 1240 suum
1143 1185 1379 1257 dirigere
1406 1227 1421 1250 ,
1473 1189 1565 1256 qui
1619 1188 1806 1242 talium
1855 1189 1952 1244 bo-

375 1284 570 1324 norum
599 1285 786 1326 amore
820 1273 1137 1328 detinentur
1172 1293 1186 1330 :
1219 1277 1414 1331 deinde
1453 1277 1590 1332 illud
1645 1278 1810 1333 etiam
1850 1279 1950 1332 ad-

376 1363 591 1424 demus.
625 1365 769 1434 quod
803 1381 866 1421 ex
901 1367 1200 1421 abundanti
1232 1407 1248 1432 ,
1301 1367 1569 1438 Propheta
1621 1369 1736 1423 haec
1786 1369 1952 1423 etiam

378 1455 520 1509 bona
558 1457 863 1526 pollicetur,
895 1459 1061 1512 veluti
1095 1473 1196 1512 una
1233 1474 1356 1514 cum
1384 1460 1603 1514 aeternis
1632 1457 1792 1514 bonis
1811 1457 1953 1514 Deus

381 1547 497 1601 haec
527 1549 845 1616 temporalia
881 1550 1041 1603 etiam
1075 1549 1147 1603 sit
1193 1551 1542 1620 praestiturus
1577 1565 1591 1613 ;
1646 1549 1951 1604 secundum

379 1637 523 1706 quod
553 1638 678 1693 alibi
711 1640 976 1710 scriptum
1011 1641 1239 1711 legimus
1268 1659 1282 1696 :
1324 1641 1558 1708 Quazrite
1615 1643 1846 1710 primum
1869 1657 1955 1694 re-

377 1727 535 1798 gnum
579 1729 694 1795 Dei,
735 1741 783 1784 et
811 1733 922 1786 ha'c
949 1732 1125 1786 omnia
1161 1732 1478 1802 adjicientur
1502 1734 1645 1788 vobis
1698 1734 1764 1788 δ’.
1794 1731 1956 1788 Juxta

1575 335 1958 400 EUTIIYMIl
2006 341 2368 402 ZIGABENI

447 441 607 495 Vens.
653 441 708 497 ι.
740 441 872 497 Ecce
922 447 996 499 sic
1045 445 1373 501 benedicatur
1433 449 1621 518 homo,
1671 453 1760 521 qui
1805 453 1946 506 timet
1977 457 2023 513 Α

3500 342 3633 406 1Ξο3

2133 452 2292 506 Ἰδοὺ
2340 453 2524 518 οὕτως
2557 450 3028 519 εὐλογηθήσεται
3079 452 3410 520 ἅνθρωπος,
3454 455 3489 507 ὁ
3532 471 3634 522 φο-

2053 545 2347 613 ϐούμενος
2369 544 2476 597 τὸν
2508 548 2744 611 Κύριον.
2772 543 3042 612 Τοιαύτης
3077 542 3330 612 εὐλογίας
3385 544 3632 596 ἀπολαύ-

2055 652 2136 688 σει
2169 635 2318 706 παρά
2350 634 2507 688 Θεοῦ.
2541 635 2774 702 Εὐλογία
2798 635 2856 686 δὲ
2886 632 2981 687 νῦν
3013 633 3109 702 τὴν
3131 635 3292 703 χάριν
3325 635 3501 691 καλεῖ.
3532 635 3632 703 τὴν

2053 727 2395 800 εὐεργεσίαν,
2429 727 2504 789 ὡς
2535 725 2816 796 εὐφημίας
2861 724 3037 790 ἀξίαν.
3066 725 3131 778 Τί
3185 725 3387 795 λέγεις.
3450 727 3635 780 τοιαύ-

2050 835 2145 886 τη,
2180 818 2398 890 χάριτος
2432 818 2769 884 (imitation;
2801 818 2932 883 Ναὶ,
2973 818 3127 886 φησὶ,
3170 818 3307 890 πρὸς
3337 821 3445 889 γόρ
3467 820 3635 886 ἐρῶν-

2051 929 2148 974 τας
2207 911 2288 963 ἔτι
2339 911 2600 964 τοιούτων
2649 911 2872 981 ἀγαθῶν
2928 911 3278 980 διαλέγομαι.
3314 913 3522 971 ’Ἄλλως
3576 930 3633 964 τε

2052 1001 2108 1054 δὲ
2170 1003 2263 1054 καὶ
2291 1004 2355 1054 ἐκ
2402 1003 2723 1072 περιουσίας
2754 1005 2780 1056 ό
2804 1001 2980 1071 λόγος,
3007 1003 3090 1056 ὅτι
3120 1002 3256 1071 μετά
3307 1000 3420 1054 τῶν
3448 1003 3455 1009 ’
3488 1001 3635 1053 tam

2056 1091 2279 1157 ἀγαθῶν
2340 1092 2436 1144 καὶ
2485 1092 2660 1145 ταῦτα
2709 1094 2871 1147 δώσει
2905 1112 2919 1124 ο
2974 1093 3215 1160 Ζητεῐτε
3260 1092 3389 1162 γὰρ,
3446 1094 3630 1161 φησὶν,

2055 1182 2170 1251 τὴν
2190 1183 2521 1246 ,βασιλείαν
2551 1185 2667 1238 τῶν
2699 1186 2991 1254 οὐρανῶν.
3032 1187 3129 1238 καί
3187 1185 3373 1237 ταῦτα
3436 1184 3633 1237 πάντα

2055 1274 2531 1341 προστεθήσεται
2554 1275 2717 1345 ὑμῖν,
2747 1275 2906 1329 Κατὰ
2931 1277 2984 1328 δὲ
3019 1276 3313 1342 ἀναγωγὴν
3369 1274 3503 1343 γυνὴ
3537 1275 3637 1341 μὲν

2053 1363 2149 1416 τοῦ
2184 1363 2470 1428 θεοσεϐοῦς
2519 1367 2551 1436 ἡ
2590 1366 2824 1434 σύζυγος
2854 1367 2998 1438 ψυχὴ
3045 1366 3275 1435 κομῶσα
3328 1366 3449 1426 ταῖς
3511 1365 3638 1434 ἀρε-
3729 1387 3738 1394 ·

2056 1456 2176 1518 ταῖς
2202 1457 2259 1508 ἐν
2287 1456 2365 1526 τῷ
2397 1455 2613 1526 σώματι
2651 1472 2664 1487 ‘
2701 1459 2807 1511 υἱοὶ
2835 1457 2890 1510 δὲ
2922 1455 3088 1510 αὐτοῦ
3136 1457 3184 1508 oi
3247 1454 3490 1524 μαθηταὶ
3545 1455 3638 1505 καὶ

2061 1549 2320 1619 μιμηταὶ,
2348 1550 2442 1602 καὶ
2484 1549 2720 1622 διάδοχοι
2749 1553 2848 1619 τῆς
2886 1549 3190 1610 εὐσεϐείας,
3245 1547 3532 1607 θάλλοντες
3582 1547 3640 1597 ὲν

2058 1641 2289 1712 αὐξήσει
2312 1643 2690 1713 πνευματικῆς
2723 1641 2958 1711 ἡλικίας,
3012 1639 3106 1692 καὶ
3155 1637 3486 1696 κυκλοῦντες
3539 1636 3642 1687 αὑ.

2056 1733 2149 1787 τὸν
2182 1733 2525 1798 διδάσκοντα,
2554 1734 2650 1788 καὶ
2680 1732 2946 1787 ἑστιῶντα
2975 1733 3172 1794 αὐτοὺς
3221 1729 3486 1798 ἐδέσμασι
3540 1728 3637 1779 λοε-

387 1834 664 1891 anagogen
699 1836 851 1888 vero,
885 1838 1018 1877 uxor
1050 1823 1122 1892 pii
1149 1838 1212 1878 ae
1245 1823 1483 1893 religiosi
1511 1823 1613 1878 viri
1636 1833 1721 1879 est
1752 1823 1958 1891 anima,
1992 1823 2032 1879 Β
2061 1826 2261 1893 γικοῖς.

382 1932 503 1987 qua:
535 1917 787 1988 conjugis
823 1919 1002 1973 instar
1039 1919 1253 1988 corpori
1292 1920 1581 1988 coajuncta
1605 1959 1620 1982 ,
1657 1917 1952 1975 virtutibus
1995 1919 2060 1974 iis
2091 1921 2416 1987 delectatur,
2447 1937 2568 1994 quae
2593 1923 2808 1994 corpori
2844 1923 3029 1976 insunt
3059 1938 3073 1986 ;
3147 1920 3241 1975 lilii
3296 1933 3427 1972 vero
3495 1917 3646 1969 illius

383 2011 601 2076 animae,
635 2011 891 2082 discipuli
924 2026 1071 2074 sunt,
1103 2021 1158 2067 et
1188 2013 1430 2082 ejusdem
1500 2014 1780 2084 religionis
1846 2014 2174 2081 imitatores,
2248 2033 2344 2073 seu
2393 2027 2788 2083 successores;
2834 2017 2926 2087 qui
2979 2017 3141 2071 etiam
3234 2017 3287 2070 in
3342 2012 3648 2084 spiritualis

383 2105 560 2160 aetatis
584 2113 881 2175 augmento
915 2103 1132 2167 ﬂorent,
1168 2120 1231 2159 ac
1267 2110 1452 2176 vigent
1482 2146 1496 2171 ,
1528 2117 1578 2160 ct
1611 2108 1789 2176 ipsum
1858 2105 2136 2164 doctorem
2215 2111 2584 2178 circumdant,
2653 2108 3015 2165 rationalibus
3082 2122 3177 2162 eos
3223 2106 3362 2163 cibis
3416 2117 3650 2174 pascen-

387 2204 517 2251 tem.

459 2307 625 2364 Vens.
655 2308 706 2363 5.
748 2305 1100 2364 Benedicatte
1121 2312 1376 2366 Dominus
1426 2327 1490 2366 ea:
1542 2312 1694 2368 Sion.
1746 2311 1955 2368 Laudet

385 2409 461 2464 te,
487 2409 540 2457 et
562 2401 768 2473 gratias
793 2401 954 2457 etiam
1001 2401 1096 2456 tibi
1158 2402 1382 2457 tribuat.
1435 2401 1606 2468 Quem
1643 2403 1787 2457 enim
1840 2417 1959 2457 sus-

387 2495 519 2564 cipit
585 2494 729 2552 Deus
755 2535 772 2560 ,
827 2509 950 2551 eum
1000 2496 1161 2550 etiam
1192 2495 1421 2562 laudat,
1451 2505 1504 2550 et
1535 2512 1696 2566 quem
1727 2495 1913 2550 laudat
1944 2537 1958 2559 ,

389 2586 637 2642 eumdem
665 2587 855 2658 gratiis
882 2602 945 2641 ac
977 2585 1138 2642 donis
1188 2587 1583 2656 multiplicibus
1605 2588 1742 2642 solet
1765 2601 1962 2640 cumu-

389 2680 504 2734 lare
545 2697 558 2733 :
605 2679 884 2732 Dominum
919 2694 1050 2734 vero
1078 2679 1218 2733 dixit
1245 2695 1310 2736 et
1334 2677 1465 2733 Sion
1492 2716 1506 2740 ,
1549 2693 1647 2748 pro
1699 2677 1806 2742 Qui
1852 2677 1952 2730 ba-

2134 2315 2484 2381 Εὐλογήσαι
2508 2328 2583 2367 σε
2611 2312 2824 2380 Κύριος
2851 2309 2918 2364 ἐκ
2936 2308 3109 2364 Σιών.
3173 2302 3512 2366 Ἐπαινέσαι,
3546 2319 3672 2372 χοι--

2067 2406 2322 2477 ριτώσαιο
2359 2405 2418 2458 ὃν
2457 2406 2566 2475 γὰρ
2588 2404 2937 2474 ἀποδέχεται,
2959 2401 3174 2454 ἐπαινοῖ
3198 2416 3212 2428 °
3245 2400 3340 2452 καὶ
3390 2397 3448 2450 ὃν
3490 2397 3650 2448 ὲπαι-

2068 2500 2170 2562 νοΐ,
2199 2501 2432 2569 χαριτοῖ.
2464 2497 2665 2568 Κύριος
2692 2497 2749 2550 δὲ
2770 2500 2797 2550 ὁ
2836 2498 2894 2549 ὲν
2921 2495 3059 2549 Σιὼν
3083 2492 3272 2556 οἰκῶν,
3310 2493 3366 2544 ὲν
3394 2487 3470 2558 τῷ
3514 2489 3653 2556 οίκῳ

2071 2587 2148 2658 τῷ
2170 2589 2228 2641 ὲν
2255 2587 2416 2644 Σιών.
2462 2589 2673 2642 Ἐκεῖσε
2699 2589 2816 2660 ,γὰρ
2836 2590 3006 2642 οίκεῖν
3046 2587 3286 2655 ἐλέγετο,
3326 2581 3412 2637 διὰ
3441 2581 3502 2634 1:5
3529 2581 3653 2648 ὁμι-

2062 2677 2176 2732 λεῖν
2208 2682 2265 2733 ὲν
2298 2680 2376 2750 τῷ
2403 2680 2517 2751 ναῷ
2540 2682 2652 2742 τοῖς
2677 2681 2907 2750 ἱερεῦσι.

392 2773 528 2828 bitat
562 2773 614 2828 in
649 2772 804 2837 Sion,
840 2773 944 2827 hoc
968 2782 1074 2837 est,
1107 2773 1162 2827 in
1192 2786 1256 2828 ea
1288 2773 1472 2838 domo,
1511 2787 1604 2828 seu
1647 2771 1701 2824 in
1733 2770 1953 2841 templo,
1996 2773 2143 2841 quod
2176 2781 2264 2829 est
2293 2774 2348 2829 in
2377 2773 2534 2830 Sion.
2606 2773 2725 2828 Illic
2791 2774 2997 2826 etenim
3049 2770 3306 2826 habitare
3357 2766 3655 2823 dicebatur

394 2864 537 2920 Deus
563 2902 578 2927 ,
613 2879 680 2919 eo
739 2864 884 2935 quod
937 2863 1134 2919 ibidem
1184 2862 1562 2919 sacerdotibus
1630 2876 1954 2932 responsum
1992 2861 2180 2932 dabat,
2213 2877 2376 2936 atque
2409 2865 2478 2920 ad
2509 2882 2602 2922 eos
2642 2865 2992 2936 loquebatur.

463 2977 530 3031 Et
550 2975 722 3030 videas
749 2976 880 3030 bona
903 2975 1203 3032 Jerusalem
1223 2975 1462 3031 omnibus
1486 2975 1668 3030 diebus
1691 2975 1812 3030 vitae
1841 2982 1965 3030 tuae.

393 3069 540 3124 Bona
565 3069 784 3138 quidem
812 3067 1090 3124 inferioris
1106 3083 1168 3122 ac
1187 3067 1465 3123 terrestris
1485 3066 1650 3137 hujus
1661 3064 1965 3121 Jerusalem

2147 2979 2257 3034 Kal
2299 2978 2452 3045 ἴδοις
2501 2981 2574 3033 τὰ
2603 2980 2794 3049 ἀγαθὰ
2845 2977 3236 3048 Ἰερουσαλὴμ
3293 2974 3496 3038 πάσας
3550 2973 3660 3039 τὰς

2077 3069 2302 3139 ἡμέρας
2340 3069 2450 3137 τῆς
2475 3069 2624 3139 ζὶυῆς
2656 3084 2792 3124 σου.
2841 3067 3046 3136 Ἀγαθά
3080 3067 3182 3136 τῆς
3220 3066 3319 3136 μὲν
3364 3065 3515 3119 κάτω
3555 3065 3658 3116 Ἰε-

394 3164 510 3217 haec
541 3169 668 3217 sunt
694 3179 709 3214 :
741 3175 894 3230 opes,
930 3159 1135 3214 divitiae
1162 3203 1178 3227 ,
1215 3160 1455 3230 potentia
1475 3197 1491 3225 ,
1523 3159 1803 3215 exercitus
1829 3199 1844 3224 ,
1885 3161 1966 3212 vi-

2075 3160 2356 3233 ρουσιλὴμ
2391 3161 2617 3223 πλοῦτος
2659 3164 2717 3214 ὲν
2774 3163 3047 3231 χρήμασι,
3097 3159 3330 3227 δύναμις
3365 3159 3422 3209 ὲν
3487 3172 3657 3226 στρα-

395 3254 566 3307 ctoria
597 3252 663 3306 de
694 3251 951 3314 inimicis,
982 3250 1156 3318 gloria
1188 3250 1330 3319 apud
1365 3263 1557 3305 omnes
1585 3290 1600 3316 ,
1637 3260 1802 3320 atque
1859 3248 1966 3302 alia

391 3342 708 3411 huiusmodi
745 3361 758 3397 :
798 3344 939 3399 bona
969 3358 1100 3399 vero
1132 3357 1386 3412 supernae
1413 3357 1476 3397 ac
1525 3342 1768 3398 caelestis
1813 3341 1973 3396 Jeru-

397 3438 567 3492 salem
603 3451 668 3492 ea
721 3444 852 3491 sunt
879 3477 892 3502 ,
924 3451 1042 3506 quae
1068 3451 1158 3489 nec
1189 3435 1372 3490 oculus
1398 3436 1530 3490 vidit
1551 3477 1565 3501 ,
1617 3451 1781 3504 neque
1823 3439 1974 3490 auris

416 3529 640 3593 audivit,
673 3537 728 3584 et
751 3543 872 3598 qua:
897 3527 952 3582 in
989 3543 1080 3581 cor
1109 3527 1335 3583 hominis
1361 3544 1466 3582 non
1515 3531 1863 3584 ascenderunt
1903 3529 1972 3583 ⁸³.

470 3640 635 3695 Vens.
671 3639 724 3694 6.
750 3637 819 3692 Et
843 3638 1017 3693 videas
1047 3638 1188 3706 ﬁlios
1229 3638 1468 3706 ﬁliorum
1520 3646 1756 3691 tuorum.
1809 3635 1974 3690 Juxta

399 3730 684 3787 historiam
724 3729 944 3798 quidem
971 3727 1186 3798 generis
1240 3727 1318 3782 tui
1375 3742 1774 3791 successores;
1823 3726 1977 3793 juxta

401 3835 682 3891 anagogen
715 3833 843 3874 vero
873 3832 968 3889 per
999 3818 1141 3874 lllios
1181 3817 1440 3882 liliorum,
1475 3818 1722 3872 haeredes
1747 3832 1811 3873 ac
1847 3830 1978 3872 sue-

400 3929 649 3971 ccssores
680 3913 739 3967 in
770 3911 1034 3982 religione
1086 3925 1150 3964 ac
1209 3912 1410 3980 pietate
1459 3911 1716 3978 intelligit
1748 3928 1763 3966 :
1802 3919 1854 3965 te
1894 3910 1978 3963 ni-

403 4007 600 4060 mirum
631 4019 726 4061 eos
755 4004 1009 4066 docente,
1044 4012 1098 4058 et
1133 4003 1499 4073 spiritualiter
1551 4011 1833 4072 regnante.

471 4117 592 4172 Pax
625 4132 782 4183 super
831 4115 1024 4171 Israel.
1083 4115 1409 4186 Hujusmodi
1441 4115 1602 4171 etiam
1653 4117 1817 4172 verba
1879 4116 1977 4168 ha~

398 4211 620 4265 buimus
652 4208 706 4262 in
745 4207 957 4277 psalmo
994 4220 1176 4260 cxxw.
1211 4203 1316 4259 Per
1368 4205 1622 4260 lsraelem
1665 4218 1793 4259 vero
1818 4243 1832 4266 ,
1867 4217 1976 4256 non

401 4303 576 4357 solum
607 4300 890 4369 antiquum
928 4298 1213 4370 populum,
1243 4296 1337 4352 sed
1369 4312 1570 4351 novum
1610 4296 1771 4369 etiam
1812 4294 1976 4348 intel-

402 4396 643 4465 ligimus,
673 4399 730 4446 ut
761 4389 889 4445 alibi
917 4405 1060 4461 saepe
1092 4389 1302 4443 dictum
1341 4396 1450 4442 est.
1481 4387 1638 4453 Quod
1686 4387 1730 4442 si
1763 4399 1864 4454 pax
1897 4386 1980 4438 in-

2075 3254 2334 3336 τεύμασι,
2369 3256 2490 3324 νίκη
2516 3257 2636 3307 κατ’
2664 3254 2895 3325 ἐχθρῶν,
2927 3253 3055 3318 δόξα
3085 3254 3234 3321 παρὰ
3285 3252 3445 3314 πᾶσι,
3476 3249 3572 3302 καὶ
3588 3247 3659 3302 τὰ

2073 3347 2319 3401 τοιαῦτα·
2344 3349 2458 3410 τοῖς
2489 3346 2546 3400 δὲ
2579 3347 2710 3411 ἄνω,
2737 3345 2774 3400 d
2803 3346 2940 3400 οὔτε
2977 3341 3284 3414 ὀφθαλμὸς
3309 3339 3490 3403 εἶδεν,
3517 3341 3658 3395 οὔτε

2075 3438 2183 3506 οὗς
2219 3438 2511 3508 ἤκουσεν,
2539 3439 2678 3493 οὔτε
2705 3436 2805 3491 ἐπὶ
2837 3437 3088 3506 καρδίαν
3108 3435 3424 3505 ἀνθρώπου
3444 3432 3657 3499 ἀνέϐη.

2148 3646 2257 3702 Kal
2293 3645 2443 3712 ἴδοις
2498 3645 2670 3711 υἱοὺς
2696 3642 2816 3698 τῶν
2843 3641 2990 3698 υἱῶν
3026 3655 3166 3696 σου.
3222 3637 3503 3706 Δίσθητῶς
3563 3635 3665 3706 μὲν

2076 3737 2352 3806 διαδόχους
2401 3734 2592 3804 γένους
2627 3751 2721 3788 σου
2787 3750 2804 3764 ⁸
2857 3732 3216 3802 ἀναγωγικῶς
3272 3729 3330 3783 δὲ
3381 3726 3660 3798 διαδόχους

2079 3827 2365 3892 εὐσεϐείας
2395 3840 2409 3858 ⁶
2437 3825 2663 3889 τούτους
2683 3825 2893 3879 ἐκείνου
2925 3824 3269 3884 διδάσκοντος
3293 3821 3388 3876 καὶ
3411 3835 3658 3888 πνευμα-

2078 3917 2246 3982 τικῶς
2275 3917 2702 3988 ἀναγεννῶντος.

2151 4118 2378 4188 Ειρήνη
2417 4119 2515 4172 ἐπὶ
2547 4117 2656 4173 τόν
2685 4116 2957 4187 Ἰσραήλ.
2987 4115 3159 4172 Τοῦτο
3205 4111 3327 4168 εἷπε
3371 4111 3468 4168 καὶ
3496 4113 3554 4165 ὲν
3581 4109 3663 4182 τῷ

2079 4211 2224 4265 τέλει
2269 4211 2365 4265 τοῦ
2399 4209 2508 4281 ρκδ¹
2538 4208 2781 4279 ψαλμοῦ.
2824 4207 3044 4280 Ἰσραὴλ
3079 4207 3136 4260 δὲ
3167 4206 3229 4259 οὐ
3262 4203 3429 4275 μόνον
3462 4205 3491 4257 ὁ
3554 4219 3664 4253 πα-

2079 4303 2231 4366 λαιὸς
2262 4303 2410 4366 λαὸς.
2439 4302 2576 4356 ἀλλὰ
2605 4304 2697 4354 καὶ
2735 4303 2763 4354 ὁ
2791 4301 2932 4366 νέος,
2993 4301 3068 4360 ὡς
3118 4298 3389 4368 διαφόρως
3440 4296 3668 4366 εἰρήκα-

2086 4410 2210 4465 μεν.
2243 4393 2306 4446 El
2345 4393 2404 4446 δὲ
2431 4392 2660 4462 διεκόπη
2690 4394 2757 4447 τά
2792 4393 2891 4462 τῆς
2918 4391 3164 4462 είρήνης,
3190 4388 3325 4442 ἀλλά
3365 4387 3517 4458 παρά
3563 4385 3665 4454 τὴν

403 4487 606 4544 tercisa
634 4494 719 4540 est
747 4482 1084 4552 aliquando,
1142 4480 1198 4535 id
1240 4480 1456 4534 illorum
1505 4478 1680 4550 gratia
1724 4477 1966 4532 ell‘ectum

2084 4485 2265 4539 αἰτίαν
2290 4484 2398 4539 τῶν
2429 4485 2707 4554 φανέντων
2739 4482 2976 4550 ἀναξίων
3003 4481 3175 4550 αὐτῆς
3211 4497 3225 4512 ·
3262 4480 3356 4563 καί
3379 4478 3488 4548 γὰρ
3541 4474 3669 4530 οὐτε

401 4583 531 4639 est,
579 4573 674 4643 qui
707 4588 767 4628 se
819 4571 1076 4639 indignos
1136 4569 1532 4639 praestiterunt.
1584 4566 1775 4638 Neque
1825 4566 1974 4622 enim

401 4666 774 4721 comminante
808 4662 921 4716 Deo
977 4660 1378 4731 desperandum
1411 4660 1574 4714 nobis
1607 4667 1727 4723 est,
1757 4659 1846 4713 sed
1887 4675 1984 4730 per

405 4754 784 4828 paenitentiam
816 4753 1211 4817 conﬁtendum,
1258 4758 1318 4805 ut
1362 4750 1508 4805 illius
1551 4763 1579 4803 a
1632 4749 1787 4804 nobis
1846 4748 1980 4803 iram

404 4855 718 4905 avertamus
746 4885 762 4911 ,
813 4845 975 4899 sicuti
1011 4842 1259 4898 fecerunt
1295 4832 1551 4896 Ninivitae
1584 4857 1598 4896 :
1636 4856 1736 4895 nec
1787 4856 1981 4896 rursus

405 4947 596 5003 eodem
626 4943 737 5001 Deo
786 4943 930 4999 bona
979 4941 1310 5012 pollicente,
1357 4938 1516 4994 nobis
1560 4939 1980 5008 pigrescendum

405 5047 492 5096 est
524 5055 539 5094 :
570 5037 820 5109 quinimo
851 5033 1048 5105 majori
1082 5040 1211 5087 tunc
1239 5030 1421 5086 studio
1458 5031 1617 5085 nobis
1642 5039 1726 5084 est
1765 5038 1986 5085 conten-

404 5129 666 5195 dendum,
703 5135 760 5182 ut
792 5124 1190 5199 promissiones
1226 5122 1376 5176 illius
1403 5121 1472 5176 ad
1510 5121 1672 5176 linem
1713 5121 1982 5191 perduca-

407 5237 550 5277 mus.
588 5218 872 5289 Siquidem
905 5225 960 5272 et
989 5214 1144 5270 ludas
1177 5213 1466 5269 Dominum
1511 5211 1832 5282 promisisse
1883 5225 1978 5265 no-

403 5313 586 5370 vimus
615 5311 762 5382 quod
801 5311 964 5367 simul
1001 5323 1125 5365 cum
1156 5308 1278 5364 aliis
1310 5305 1574 5376 apostolis
1615 5321 1983 5361 consessurus

408 5416 554 5463 esset
574 5422 739 5478 super
763 5406 1044 5470 thronum,
1067 5401 1487 5470 ctjudicaturus
1498 5398 1786 5453 duodecim
1807 5398 1984 5453 tribus

2085 4575 2436 4638 ἀπειλοῦντος
2478 4573 2574 4629 τοῦ
2600 4573 2734 4628 Θεοῦ
2779 4573 2886 4644 χρὴ
2913 4558 3354 4640 (Ιιπογινιῖισκειν,⁵
3397 4567 3532 4621 ἀλλά
3579 4566 3670 4620 διὰ

2096 4670 2388 4739 μετάνοιαν
2431 4668 2532 4737 τὴν
2594 4666 2769 4737 ὀργὴν
2825 4664 3252 4735 ἀποκρούεσθαι,
3317 4660 3568 4729 καθάπερ
3618 4658 3667 4710 oi

2092 4760 2415 4814 Νινευῗται·
2445 4757 2571 4813 οὐτε
2624 4757 2806 4826 ἀγαθά
2867 4753 3340 4824 ἐπαγγελλομένου
3399 4751 3670 4820 προσήκει

2093 4849 2445 4912 ἀναπίπτειν,
2491 4847 2587 4900 καὶ
2624 4846 2911 4918 ῥᾳθυμεῖν,
2967 4845 3103 4898 ἀλλὰ
3148 4843 3333 4896 πλεῖον
3382 4838 3672 4910 ἐπιμελείᾳ

2095 4938 2210 5009 βίου
2268 4940 2348 5003 είς
2375 4938 2538 5009 ἔργον
2591 4938 2987 5010 προκαλεῖσθαι
3013 4937 3110 4999 τὰς
3141 4933 3502 5003 ἐπαγγελίας.
3557 4931 3671 4983 Καὶ

2094 5030 2204 5102 γὰρ
2259 5030 2354 5084 καὶ
2409 5032 2501 5084 τὸν
2566 5029 2769 5083 Ἰούδαν
2798 5030 2826 5082 δ
2863 5026 3098 5097 Χριστὸς
3147 5022 3538 5094 ἐπηγγείλατο,
3587 5020 3710 5073 ὅτι·

2092 5127 2362 5180 καθιεϊται
2394 5125 2485 5178 ἐπὶ
2512 5124 2725 5194 Θρόνου,
2761 5123 2854 5174 καὶ
2885 5121 3048 5183 αὐτὸς
3079 5117 3218 5189 μετά
3268 5117 3378 5169 τῶν
3423 5113 3674 5184 ἀμώμων

2096 5218 2352 5288 μαθητῶν
2399 5217 2494 5271 καὶ
2521 5217 2698 5284 κρινεῖ
2730 5214 2827 5276 s'u;
2853 5213 3061 5266 δώδεκα
3087 5210 3262 5281 φυλὰς
3283 5207 3375 5263 τοῦ
3417 5204 3632 5276 Ἰσραήλ
3651 5219 3668 5236 ·

2092 5310 2206 5363 ἀλλ’
2229 5311 2386 5374 αὐτὸς
2417 5311 2772 5382 διεκρούσατο
2816 5309 2915 5381 τὴν
2943 5305 3272 5376 ἐπαγγελίαν
3323 5300 3546 5367 ἀνάξιον
3569 5298 3672 5354 αὐ-

2095 5401 2194 5470 τῆς
2217 5401 2410 5454 ἑαυτὸν
2438 5401 2878 5473 παρασχόμενος.

407 5497 573 5554 Israel
605 5516 619 5553 :
653 5507 1025 5554 verumtamen
1055 5495 1473 5567 promissionem
1507 5491 1822 5563 hujusmodi
1891 5491 2104 5548 tandem
2173 5496 2392 5566 repulit,
2423 5505 2562 5553 etse
2613 5513 2675 5553 ea
2728 5496 3008 5568 indignum
3051 5510 3172 5551 esse
3217 5492 3476 5549 omnibus
3541 5502 3672 5559 pro-

410 5593 578 5648 bavit.

484 5768 528 5800 "
553 5764 743 5820 Matth.
769 5777 844 5830 vt,
879 5765 964 5820 55.
1047 5766 1090 5795 ⁵³
1125 5765 1228 5819 lsa.
1256 5780 1398 5831 utr,
1425 5763 1493 5832 4;
1546 5762 1562 5817 Ι
1595 5763 1724 5819 Cor.
1756 5779 1814 5830 ιι,
1851 5763 1903 5819 9.
