  <div class='ocr_page' id='page_1' title='image "/cluster/home/n/w/nwhite01/storage/ocr_20150623/128:no.1/coo.31924054870336/612.png"; bbox 0 0 4112 6448; ppageno 0'>
   <div class='ocr_carea' id='block_1_1' title="bbox 342 402 480 469">
    <p class='ocr_par' dir='ltr' id='par_1_1' title="bbox 342 402 480 469">
     <span class='ocr_line' id='line_1_1' title="bbox 342 402 480 469; baseline 0.014 -2"><span class='ocrx_word' id='word_1_1' title='bbox 342 402 480 469; x_wconf 69' lang='grc'><strong>1209</strong></span> 
     </span>
    </p>
   </div>
   <div class='ocr_carea' id='block_1_2' title="bbox 466 513 1340 587">
    <p class='ocr_par' dir='ltr' id='par_1_2' title="bbox 466 513 1340 587">
     <span class='ocr_line' id='line_1_2' title="bbox 466 513 1340 587; baseline -0.003 -18"><span class='ocrx_word' id='word_1_2' title='bbox 466 513 479 523; x_wconf 83' lang='grc'><strong>’</strong></span> <span class='ocrx_word' id='word_1_3' title='bbox 932 515 1075 587; x_wconf 81' lang='grc' dir='ltr'><strong>ᾭδὴ</strong></span> <span class='ocrx_word' id='word_1_4' title='bbox 1104 515 1340 585; x_wconf 81' lang='grc' dir='ltr'>ὁμοίως.</span> 
     </span>
    </p>
   </div>
   <div class='ocr_carea' id='block_1_3' title="bbox 861 606 1389 662">
    <p class='ocr_par' dir='ltr' id='par_1_3' title="bbox 861 606 1389 662">
     <span class='ocr_line' id='line_1_3' title="bbox 861 606 1389 662; baseline 0.002 -1"><span class='ocrx_word' id='word_1_5' title='bbox 861 606 1161 661; x_wconf 78' lang='grc' dir='ltr'><strong>ΨΔΛΜΟΣ</strong></span> <span class='ocrx_word' id='word_1_6' title='bbox 1207 606 1389 662; x_wconf 79' lang='grc' dir='ltr'>ΡΚΗ’.</span> 
     </span>
    </p>
   </div>
   <div class='ocr_carea' id='block_1_4' title="bbox 405 695 1917 768">
    <p class='ocr_par' dir='ltr' id='par_1_4' title="bbox 405 695 1917 768">
     <span class='ocr_line' id='line_1_4' title="bbox 405 695 1917 768; baseline -0.001 -13"><span class='ocrx_word' id='word_1_7' title='bbox 405 697 741 765; x_wconf 80' lang='grc' dir='ltr'>Πλεονάκις</span> <span class='ocrx_word' id='word_1_8' title='bbox 770 695 1171 767; x_wconf 76' lang='grc' dir='ltr'>ἐπυλέμησάν</span> <span class='ocrx_word' id='word_1_9' title='bbox 1193 713 1273 766; x_wconf 81' lang='grc' dir='ltr'><strong>με</strong></span> <span class='ocrx_word' id='word_1_10' title='bbox 1302 697 1372 751; x_wconf 80' lang='grc' dir='ltr'>ἐκ</span> <span class='ocrx_word' id='word_1_11' title='bbox 1430 697 1719 766; x_wconf 82' lang='grc' dir='ltr'>νεότητός</span> <span class='ocrx_word' id='word_1_12' title='bbox 1774 717 1917 768; x_wconf 83' lang='grc' dir='ltr'>μου.</span> 
     </span>
    </p>
   </div>
   <div class='ocr_carea' id='block_1_5' title="bbox 338 789 1915 864">
    <p class='ocr_par' dir='ltr' id='par_1_5' title="bbox 338 789 1915 864">
     <span class='ocr_line' id='line_1_5' title="bbox 338 789 1915 864; baseline -0.002 -17"><span class='ocrx_word' id='word_1_13' title='bbox 338 792 623 864; x_wconf 84' lang='grc' dir='ltr'>Προσώπῳ</span> <span class='ocrx_word' id='word_1_14' title='bbox 656 791 752 845; x_wconf 89' lang='grc' dir='ltr'><strong>τοῦ</strong></span> <span class='ocrx_word' id='word_1_15' title='bbox 790 790 925 846; x_wconf 89' lang='grc' dir='ltr'>λαοῦ</span> <span class='ocrx_word' id='word_1_16' title='bbox 961 793 1057 844; x_wconf 70' lang='grc' dir='ltr'>καὶ</span> <span class='ocrx_word' id='word_1_17' title='bbox 1086 789 1284 854; x_wconf 89' lang='grc' dir='ltr'>ταῦτα,</span> <span class='ocrx_word' id='word_1_18' title='bbox 1345 790 1613 855; x_wconf 84' lang='grc' dir='ltr'>πολλάκις</span> <span class='ocrx_word' id='word_1_19' title='bbox 1668 791 1915 861; x_wconf 85' lang='grc' dir='ltr'>πολεμη-</span> 
     </span>
    </p>
   </div>
   <div class='ocr_carea' id='block_1_6' title="bbox 336 882 1920 954">
    <p class='ocr_par' dir='ltr' id='par_1_6' title="bbox 336 882 1920 954">
     <span class='ocr_line' id='line_1_6' title="bbox 336 882 1920 954; baseline -0.001 -17"><span class='ocrx_word' id='word_1_20' title='bbox 336 885 523 947; x_wconf 81' lang='grc' dir='ltr'>θέντος</span> <span class='ocrx_word' id='word_1_21' title='bbox 554 883 708 954; x_wconf 81' lang='grc' dir='ltr'>παρὰ</span> <span class='ocrx_word' id='word_1_22' title='bbox 738 882 849 937; x_wconf 92' lang='grc' dir='ltr'><strong>τῶν</strong></span> <span class='ocrx_word' id='word_1_23' title='bbox 885 882 1285 954; x_wconf 81' lang='grc' dir='ltr'><strong>πλησιοχώρων</strong></span> <span class='ocrx_word' id='word_1_24' title='bbox 1351 882 1544 945; x_wconf 72' lang='grc' dir='ltr'>ἐθνῶν,</span> <span class='ocrx_word' id='word_1_25' title='bbox 1595 883 1672 948; x_wconf 84' lang='grc' dir='ltr'>ὡς</span> <span class='ocrx_word' id='word_1_26' title='bbox 1726 883 1920 953; x_wconf 81' lang='grc' dir='ltr'>προεί-</span> 
     </span>
    </p>
   </div>
   <div class='ocr_carea' id='block_1_7' title="bbox 337 972 1916 1047">
    <p class='ocr_par' dir='ltr' id='par_1_7' title="bbox 337 972 1916 1047">
     <span class='ocr_line' id='line_1_7' title="bbox 337 972 1916 1047; baseline -0.002 -18"><span class='ocrx_word' id='word_1_27' title='bbox 337 994 521 1047; x_wconf 77' lang='grc' dir='ltr'>ρηται,</span> <span class='ocrx_word' id='word_1_28' title='bbox 556 974 876 1029; x_wconf 81' lang='grc' dir='ltr'><strong>κωλυόντων</strong></span> <span class='ocrx_word' id='word_1_29' title='bbox 920 975 1022 1043; x_wconf 80' lang='grc' dir='ltr'>τὴν</span> <span class='ocrx_word' id='word_1_30' title='bbox 1053 975 1374 1044; x_wconf 82' lang='grc' dir='ltr'>οἰκοδομήν.</span> <span class='ocrx_word' id='word_1_31' title='bbox 1400 974 1653 1044; x_wconf 85' lang='grc' dir='ltr'>Νεότητα</span> <span class='ocrx_word' id='word_1_32' title='bbox 1681 973 1737 1027; x_wconf 72' lang='grc' dir='ltr'>δὲ</span> <span class='ocrx_word' id='word_1_33' title='bbox 1767 972 1916 1042; x_wconf 75' lang='grc' dir='ltr'>λέγει</span> 
     </span>
    </p>
   </div>
   <div class='ocr_carea' id='block_1_8' title="bbox 336 1062 1917 1139">
    <p class='ocr_par' dir='ltr' id='par_1_8' title="bbox 336 1062 1917 1139">
     <span class='ocr_line' id='line_1_8' title="bbox 336 1062 1917 1139; baseline -0.003 -19"><span class='ocrx_word' id='word_1_34' title='bbox 336 1068 438 1139; x_wconf 84' lang='grc' dir='ltr'>τὴν</span> <span class='ocrx_word' id='word_1_35' title='bbox 492 1067 670 1138; x_wconf 86' lang='grc' dir='ltr'>ἀρχὴν</span> <span class='ocrx_word' id='word_1_36' title='bbox 722 1067 826 1136; x_wconf 85' lang='grc' dir='ltr'>τῆς</span> <span class='ocrx_word' id='word_1_37' title='bbox 878 1066 988 1119; x_wconf 80' lang='grc' dir='ltr'><strong>ἀπὸ</strong></span> <span class='ocrx_word' id='word_1_38' title='bbox 1038 1065 1362 1128; x_wconf 74' lang='grc' dir='ltr'>Βαϐυλῶνος</span> <span class='ocrx_word' id='word_1_39' title='bbox 1409 1064 1673 1118; x_wconf 68' lang='grc' dir='ltr'>ἐπανόδου</span> <span class='ocrx_word' id='word_1_40' title='bbox 1700 1079 1717 1096; x_wconf 78' lang='lat'><strong><em>°</em></strong></span> <span class='ocrx_word' id='word_1_41' title='bbox 1750 1063 1800 1116; x_wconf 78' lang='lat' dir='ltr'><strong>si</strong></span> <span class='ocrx_word' id='word_1_42' title='bbox 1858 1062 1917 1116; x_wconf 78' lang='grc' dir='ltr'>δὲ</span> 
     </span>
    </p>
   </div>
   <div class='ocr_carea' id='block_1_9' title="bbox 335 1150 1912 1228">
    <p class='ocr_par' dir='ltr' id='par_1_9' title="bbox 335 1150 1912 1228">
     <span class='ocr_line' id='line_1_9' title="bbox 335 1150 1912 1228; baseline -0.004 -18"><span class='ocrx_word' id='word_1_43' title='bbox 335 1158 466 1228; x_wconf 76' lang='grc' dir='ltr'>περὶ</span> <span class='ocrx_word' id='word_1_44' title='bbox 511 1157 607 1211; x_wconf 86' lang='grc' dir='ltr'><strong>τοῦ</strong></span> <span class='ocrx_word' id='word_1_45' title='bbox 658 1156 767 1209; x_wconf 89' lang='grc' dir='ltr'><strong>τῶν</strong></span> <span class='ocrx_word' id='word_1_46' title='bbox 815 1155 1092 1225; x_wconf 76' lang='grc' dir='ltr'>δαιμόνων</span> <span class='ocrx_word' id='word_1_47' title='bbox 1138 1153 1380 1224; x_wconf 83' lang='grc' dir='ltr'>πολέμου</span> <span class='ocrx_word' id='word_1_48' title='bbox 1412 1152 1588 1224; x_wconf 74' lang='grc' dir='ltr'>λάϐῃς</span> <span class='ocrx_word' id='word_1_49' title='bbox 1616 1152 1677 1206; x_wconf 77' lang='grc' dir='ltr'>τὸ</span> <span class='ocrx_word' id='word_1_50' title='bbox 1726 1150 1912 1222; x_wconf 76' lang='grc' dir='ltr'>ῥητὸν.</span> 
     </span>
    </p>
   </div>
   <div class='ocr_carea' id='block_1_10' title="bbox 331 1240 1916 1320">
    <p class='ocr_par' dir='ltr' id='par_1_10' title="bbox 331 1240 1916 1320">
     <span class='ocr_line' id='line_1_10' title="bbox 331 1240 1916 1320; baseline -0.006 -15"><span class='ocrx_word' id='word_1_51' title='bbox 331 1251 562 1320; x_wconf 80' lang='grc' dir='ltr'>νεότητα</span> <span class='ocrx_word' id='word_1_52' title='bbox 587 1248 803 1320; x_wconf 77' lang='grc' dir='ltr'>νοήσεις</span> <span class='ocrx_word' id='word_1_53' title='bbox 835 1247 933 1319; x_wconf 81' lang='grc' dir='ltr'>τὴν</span> <span class='ocrx_word' id='word_1_54' title='bbox 966 1247 1091 1300; x_wconf 82' lang='grc' dir='ltr'>καθ’</span> <span class='ocrx_word' id='word_1_55' title='bbox 1127 1246 1350 1317; x_wconf 78' lang='grc' dir='ltr'>ἠλικίαν</span> <span class='ocrx_word' id='word_1_56' title='bbox 1376 1260 1391 1275; x_wconf 75' lang='grc'><strong><em>⁸</em></strong></span> <span class='ocrx_word' id='word_1_57' title='bbox 1438 1244 1603 1309; x_wconf 82' lang='grc' dir='ltr'>εὐθὺς</span> <span class='ocrx_word' id='word_1_58' title='bbox 1657 1245 1722 1298; x_wconf 72' lang='grc' dir='ltr'>ἐκ</span> <span class='ocrx_word' id='word_1_59' title='bbox 1760 1240 1916 1313; x_wconf 83' lang='grc' dir='ltr'>πρώ-</span> 
     </span>
    </p>
   </div>
   <div class='ocr_carea' id='block_1_11' title="bbox 329 1339 1239 1412">
    <p class='ocr_par' dir='ltr' id='par_1_11' title="bbox 329 1339 1239 1412">
     <span class='ocr_line' id='line_1_11' title="bbox 329 1339 1239 1412; baseline -0.007 -16"><span class='ocrx_word' id='word_1_60' title='bbox 329 1361 434 1407; x_wconf 82' lang='grc' dir='ltr'><strong>της</strong></span> <span class='ocrx_word' id='word_1_61' title='bbox 463 1342 682 1412; x_wconf 85' lang='grc' dir='ltr'>ήλικίας</span> <span class='ocrx_word' id='word_1_62' title='bbox 713 1339 1057 1411; x_wconf 72' lang='grc' dir='ltr'><strong>ἐπιθεμένων</strong></span> <span class='ocrx_word' id='word_1_63' title='bbox 1084 1341 1239 1407; x_wconf 84' lang='grc' dir='ltr'>ήμῖν.</span> 
     </span>
    </p>
   </div>
   <div class='ocr_carea' id='block_1_12' title="bbox 1554 358 2460 462">
    <p class='ocr_par' dir='ltr' id='par_1_12' title="bbox 1554 358 2460 462">
     <span class='ocr_line' id='line_1_12' title="bbox 1554 358 2460 462; baseline 0 -2"><span class='ocrx_word' id='word_1_64' title='bbox 1554 398 1943 462; x_wconf 68' lang='lat' dir='ltr'><strong>cannam.</strong></span> <span class='ocrx_word' id='word_1_65' title='bbox 1979 398 2059 460; x_wconf 86' lang='lat' dir='ltr'><strong>lN</strong></span> <span class='ocrx_word' id='word_1_66' title='bbox 2096 398 2460 461; x_wconf 78' lang='lat' dir='ltr'><strong>PSALMOS.</strong></span> 
     </span>
    </p>
   </div>
   <div class='ocr_carea' id='block_1_13' title="bbox 1960 522 2008 576">
    <p class='ocr_par' dir='ltr' id='par_1_13' title="bbox 1960 522 2008 576">
     <span class='ocr_line' id='line_1_13' title="bbox 1960 522 2008 576; baseline 0 0"><span class='ocrx_word' id='word_1_67' title='bbox 1960 522 2008 576; x_wconf 79' lang='grc' dir='ltr'>Α</span> 
     </span>
    </p>
   </div>
   <div class='ocr_carea' id='block_1_14' title="bbox 3480 390 3620 458">
    <p class='ocr_par' dir='ltr' id='par_1_14' title="bbox 3480 390 3620 458">
     <span class='ocr_line' id='line_1_14' title="bbox 3480 390 3620 458; baseline 0 -3"><span class='ocrx_word' id='word_1_68' title='bbox 3480 390 3620 458; x_wconf 74' lang='lat'><strong>1210</strong></span> 
     </span>
    </p>
   </div>
   <div class='ocr_carea' id='block_1_15' title="bbox 2501 490 3164 566">
    <p class='ocr_par' dir='ltr' id='par_1_15' title="bbox 2501 490 3164 566">
     <span class='ocr_line' id='line_1_15' title="bbox 2501 490 3164 566; baseline -0.006 0"><span class='ocrx_word' id='word_1_69' title='bbox 2501 509 2783 566; x_wconf 85' lang='lat' dir='ltr'><strong>Canticum</strong></span> <span class='ocrx_word' id='word_1_70' title='bbox 2830 490 3164 564; x_wconf 48' lang='lat' dir='ltr'><strong>accentuum.</strong></span> 
     </span>
    </p>
   </div>
   <div class='ocr_carea' id='block_1_16' title="bbox 2492 600 3145 661">
    <p class='ocr_par' dir='ltr' id='par_1_16' title="bbox 2492 600 3145 661">
     <span class='ocr_line' id='line_1_16' title="bbox 2492 600 3145 661; baseline -0.005 -1"><span class='ocrx_word' id='word_1_71' title='bbox 2492 603 2817 661; x_wconf 70' lang='lat' dir='ltr'><strong>PSALMUS</strong></span> <span class='ocrx_word' id='word_1_72' title='bbox 2855 600 3145 658; x_wconf 78' lang='lat' dir='ltr'><strong>CXXVIII.</strong></span> 
     </span>
    </p>
   </div>
   <div class='ocr_carea' id='block_1_17' title="bbox 2098 693 3619 766">
    <p class='ocr_par' dir='ltr' id='par_1_17' title="bbox 2098 693 3619 766">
     <span class='ocr_line' id='line_1_17' title="bbox 2098 693 3619 766; baseline -0.001 -14"><span class='ocrx_word' id='word_1_73' title='bbox 2098 697 2267 753; x_wconf 70' lang='lat' dir='ltr'><strong>Vsus.</strong></span> <span class='ocrx_word' id='word_1_74' title='bbox 2308 698 2360 763; x_wconf 84' lang='lat' dir='ltr'><strong>I,</strong></span> <span class='ocrx_word' id='word_1_75' title='bbox 2390 697 2448 752; x_wconf 76' lang='grc'>2.</span> <span class='ocrx_word' id='word_1_76' title='bbox 2490 696 2637 762; x_wconf 73' lang='grc' dir='ltr'>δωρε</span> <span class='ocrx_word' id='word_1_77' title='bbox 2677 703 3109 766; x_wconf 76' lang='lat' dir='ltr'><strong>oppugnaverunt</strong></span> <span class='ocrx_word' id='word_1_78' title='bbox 3153 709 3235 749; x_wconf 81' lang='lat' dir='ltr'><strong>me</strong></span> <span class='ocrx_word' id='word_1_79' title='bbox 3275 710 3307 748; x_wconf 92' lang='lat' dir='ltr'><strong>a</strong></span> <span class='ocrx_word' id='word_1_80' title='bbox 3345 693 3619 764; x_wconf 73' lang='lat' dir='ltr'><strong>juventu&#39;e</strong></span> 
     </span>
    </p>
   </div>
   <div class='ocr_carea' id='block_1_18' title="bbox 2025 785 3612 873">
    <p class='ocr_par' dir='ltr' id='par_1_18' title="bbox 2025 785 3612 873">
     <span class='ocr_line' id='line_1_18' title="bbox 2025 785 3612 873; baseline -0.001 -24"><span class='ocrx_word' id='word_1_81' title='bbox 2025 812 2165 873; x_wconf 75' lang='lat' dir='ltr'><strong>mea.</strong></span> <span class='ocrx_word' id='word_1_82' title='bbox 2215 785 2339 848; x_wconf 62' lang='lat' dir='ltr'><strong>lliec</strong></span> <span class='ocrx_word' id='word_1_83' title='bbox 2393 794 2560 849; x_wconf 88' lang='lat' dir='ltr'><strong>verba</strong></span> <span class='ocrx_word' id='word_1_84' title='bbox 2605 793 2769 849; x_wconf 89' lang='lat' dir='ltr'><strong>etiam</strong></span> <span class='ocrx_word' id='word_1_85' title='bbox 2818 808 2884 847; x_wconf 78' lang='lat' dir='ltr'><strong>ex</strong></span> <span class='ocrx_word' id='word_1_86' title='bbox 2944 792 3127 862; x_wconf 88' lang='lat' dir='ltr'><strong>populi</strong></span> <span class='ocrx_word' id='word_1_87' title='bbox 3175 806 3407 861; x_wconf 82' lang='lat' dir='ltr'><strong>persona</strong></span> <span class='ocrx_word' id='word_1_88' title='bbox 3465 793 3612 848; x_wconf 85' lang='lat' dir='ltr'><strong>dicta</strong></span> 
     </span>
    </p>
   </div>
   <div class='ocr_carea' id='block_1_19' title="bbox 2023 882 3612 954">
    <p class='ocr_par' dir='ltr' id='par_1_19' title="bbox 2023 882 3612 954">
     <span class='ocr_line' id='line_1_19' title="bbox 2023 882 3612 954; baseline -0.003 -14"><span class='ocrx_word' id='word_1_89' title='bbox 2023 892 2175 949; x_wconf 84' lang='lat' dir='ltr'><strong>sunt,</strong></span> <span class='ocrx_word' id='word_1_90' title='bbox 2209 884 2297 938; x_wconf 88' lang='lat' dir='ltr'><strong>cui</strong></span> <span class='ocrx_word' id='word_1_91' title='bbox 2340 898 2736 954; x_wconf 64' lang='lat' dir='ltr'><strong>smpenumero,</strong></span> <span class='ocrx_word' id='word_1_92' title='bbox 2764 890 2824 938; x_wconf 90' lang='lat' dir='ltr'><strong>ut</strong></span> <span class='ocrx_word' id='word_1_93' title='bbox 2853 882 3117 948; x_wconf 80' lang='lat' dir='ltr'><strong>diximus,</strong></span> <span class='ocrx_word' id='word_1_94' title='bbox 3152 883 3363 938; x_wconf 90' lang='lat' dir='ltr'><strong>bellum</strong></span> <span class='ocrx_word' id='word_1_95' title='bbox 3402 883 3612 938; x_wconf 88' lang='lat' dir='ltr'><strong>illatmu</strong></span> 
     </span>
    </p>
   </div>
   <div class='ocr_carea' id='block_1_20' title="bbox 2023 975 3617 1046">
    <p class='ocr_par' dir='ltr' id='par_1_20' title="bbox 2023 975 3617 1046">
     <span class='ocr_line' id='line_1_20' title="bbox 2023 975 3617 1046; baseline 0.002 -19"><span class='ocrx_word' id='word_1_96' title='bbox 2023 982 2108 1028; x_wconf 91' lang='lat' dir='ltr'><strong>est</strong></span> <span class='ocrx_word' id='word_1_97' title='bbox 2130 988 2159 1027; x_wconf 91' lang='lat' dir='ltr'><strong>a</strong></span> <span class='ocrx_word' id='word_1_98' title='bbox 2186 975 2434 1031; x_wconf 80' lang='lat' dir='ltr'><strong>ﬁnitimis</strong></span> <span class='ocrx_word' id='word_1_99' title='bbox 2466 976 2573 1031; x_wconf 86' lang='lat' dir='ltr'><strong>illis</strong></span> <span class='ocrx_word' id='word_1_100' title='bbox 2600 976 2876 1046; x_wconf 69' lang='lat' dir='ltr'><strong>gentibus,</strong></span> <span class='ocrx_word' id='word_1_101' title='bbox 2909 990 3030 1045; x_wconf 70' lang='lat' dir='ltr'><strong>quae</strong></span> <span class='ocrx_word' id='word_1_102' title='bbox 3072 986 3126 1030; x_wconf 90' lang='lat' dir='ltr'><strong>et</strong></span> <span class='ocrx_word' id='word_1_103' title='bbox 3158 975 3343 1045; x_wconf 89' lang='lat' dir='ltr'><strong>templi</strong></span> <span class='ocrx_word' id='word_1_104' title='bbox 3395 984 3448 1029; x_wconf 92' lang='lat' dir='ltr'><strong>et</strong></span> <span class='ocrx_word' id='word_1_105' title='bbox 3482 976 3617 1030; x_wconf 80' lang='lat' dir='ltr'><strong>civi-</strong></span> 
     </span>
    </p>
   </div>
   <div class='ocr_carea' id='block_1_21' title="bbox 2026 1065 3614 1136">
    <p class='ocr_par' dir='ltr' id='par_1_21' title="bbox 2026 1065 3614 1136">
     <span class='ocr_line' id='line_1_21' title="bbox 2026 1065 3614 1136; baseline 0.001 -18"><span class='ocrx_word' id='word_1_106' title='bbox 2026 1065 2156 1121; x_wconf 88' lang='lat' dir='ltr'><strong>tatis</strong></span> <span class='ocrx_word' id='word_1_107' title='bbox 2189 1066 2646 1124; x_wconf 81' lang='lat' dir='ltr'><strong>instaurationem</strong></span> <span class='ocrx_word' id='word_1_108' title='bbox 2693 1067 2959 1136; x_wconf 91' lang='lat' dir='ltr'><strong>impedire</strong></span> <span class='ocrx_word' id='word_1_109' title='bbox 3005 1068 3336 1121; x_wconf 84' lang='lat' dir='ltr'><strong>nitebantur.</strong></span> <span class='ocrx_word' id='word_1_110' title='bbox 3393 1066 3495 1122; x_wconf 89' lang='lat' dir='ltr'><strong>Per</strong></span> <span class='ocrx_word' id='word_1_111' title='bbox 3521 1067 3614 1136; x_wconf 84' lang='lat' dir='ltr'><strong>ju-</strong></span> 
     </span>
    </p>
   </div>
   <div class='ocr_carea' id='block_1_22' title="bbox 2020 1157 3651 1230">
    <p class='ocr_par' dir='ltr' id='par_1_22' title="bbox 2020 1157 3651 1230">
     <span class='ocr_line' id='line_1_22' title="bbox 2020 1157 3651 1230; baseline 0 -19"><span class='ocrx_word' id='word_1_112' title='bbox 2020 1166 2304 1214; x_wconf 87' lang='lat' dir='ltr'><strong>ventutem</strong></span> <span class='ocrx_word' id='word_1_113' title='bbox 2374 1174 2548 1224; x_wconf 89' lang='lat' dir='ltr'><strong>vero,</strong></span> <span class='ocrx_word' id='word_1_114' title='bbox 2591 1161 2696 1215; x_wconf 85' lang='lat' dir='ltr'><strong>hoc</strong></span> <span class='ocrx_word' id='word_1_115' title='bbox 2750 1160 2807 1214; x_wconf 91' lang='lat' dir='ltr'><strong>iu</strong></span> <span class='ocrx_word' id='word_1_116' title='bbox 2861 1161 2985 1215; x_wconf 86' lang='lat' dir='ltr'><strong>loco</strong></span> <span class='ocrx_word' id='word_1_117' title='bbox 3031 1157 3303 1230; x_wconf 84' lang='lat' dir='ltr'><strong>Pr0pheta</strong></span> <span class='ocrx_word' id='word_1_118' title='bbox 3371 1160 3651 1229; x_wconf 29' lang='lat' dir='ltr'><strong>primum.</strong></span> 
     </span>
    </p>
   </div>
   <div class='ocr_carea' id='block_1_23' title="bbox 2024 1247 3610 1321">
    <p class='ocr_par' dir='ltr' id='par_1_23' title="bbox 2024 1247 3610 1321">
     <span class='ocr_line' id='line_1_23' title="bbox 2024 1247 3610 1321; baseline 0.003 -21"><span class='ocrx_word' id='word_1_119' title='bbox 2024 1247 2159 1302; x_wconf 90' lang='lat' dir='ltr'><strong>illud</strong></span> <span class='ocrx_word' id='word_1_120' title='bbox 2191 1259 2408 1320; x_wconf 89' lang='lat' dir='ltr'><strong>tempus</strong></span> <span class='ocrx_word' id='word_1_121' title='bbox 2440 1251 2716 1321; x_wconf 73' lang='lat' dir='ltr'><strong>intelligit,</strong></span> <span class='ocrx_word' id='word_1_122' title='bbox 2751 1267 2862 1321; x_wconf 86' lang='lat' dir='ltr'><strong>quo</strong></span> <span class='ocrx_word' id='word_1_123' title='bbox 2893 1250 3126 1321; x_wconf 86' lang='lat' dir='ltr'><strong>populus</strong></span> <span class='ocrx_word' id='word_1_124' title='bbox 3166 1265 3198 1305; x_wconf 88' lang='lat' dir='ltr'><strong>e</strong></span> <span class='ocrx_word' id='word_1_125' title='bbox 3253 1250 3525 1321; x_wconf 80' lang='lat' dir='ltr'><strong>Babylone</strong></span> <span class='ocrx_word' id='word_1_126' title='bbox 3558 1252 3610 1304; x_wconf 91' lang='lat' dir='ltr'><strong>in</strong></span> 
     </span>
    </p>
   </div>
   <div class='ocr_carea' id='block_1_24' title="bbox 2025 1340 3616 1409">
    <p class='ocr_par' dir='ltr' id='par_1_24' title="bbox 2025 1340 3616 1409">
     <span class='ocr_line' id='line_1_24' title="bbox 2025 1340 3616 1409; baseline 0.001 -16"><span class='ocrx_word' id='word_1_127' title='bbox 2025 1341 2254 1408; x_wconf 89' lang='lat' dir='ltr'><strong>patriam</strong></span> <span class='ocrx_word' id='word_1_128' title='bbox 2285 1357 2543 1398; x_wconf 84' lang='lat' dir='ltr'><strong>reversus</strong></span> <span class='ocrx_word' id='word_1_129' title='bbox 2580 1352 2686 1397; x_wconf 90' lang='lat' dir='ltr'><strong>est.</strong></span> <span class='ocrx_word' id='word_1_130' title='bbox 2716 1341 2872 1409; x_wconf 86' lang='lat' dir='ltr'><strong>Quod</strong></span> <span class='ocrx_word' id='word_1_131' title='bbox 2905 1344 2952 1399; x_wconf 86' lang='lat' dir='ltr'><strong>si</strong></span> <span class='ocrx_word' id='word_1_132' title='bbox 2986 1343 3100 1397; x_wconf 68' lang='lat' dir='ltr'><strong>haec</strong></span> <span class='ocrx_word' id='word_1_133' title='bbox 3124 1340 3290 1398; x_wconf 85' lang='lat' dir='ltr'><strong>verba</strong></span> <span class='ocrx_word' id='word_1_134' title='bbox 3318 1342 3386 1396; x_wconf 92' lang='lat' dir='ltr'><strong>de</strong></span> <span class='ocrx_word' id='word_1_135' title='bbox 3414 1342 3616 1395; x_wconf 68' lang='lat' dir='ltr'><strong>daemO&#39;</strong></span> 
     </span>
    </p>
   </div>
   <div class='ocr_carea' id='block_1_25' title="bbox 329 1426 3612 1503">
    <p class='ocr_par' dir='ltr' id='par_1_25' title="bbox 329 1426 3612 1503">
     <span class='ocr_line' id='line_1_25' title="bbox 329 1426 3612 1503; baseline -0.001 -14"><span class='ocrx_word' id='word_1_136' title='bbox 329 1426 461 1489; x_wconf 78' lang='lat' dir='ltr'><strong>num</strong></span> <span class='ocrx_word' id='word_1_137' title='bbox 496 1433 908 1503; x_wconf 79' lang='lat' dir='ltr'><strong>impugnatione</strong></span> <span class='ocrx_word' id='word_1_138' title='bbox 938 1429 1290 1501; x_wconf 85' lang='lat' dir='ltr'><strong>intelligenda</strong></span> <span class='ocrx_word' id='word_1_139' title='bbox 1318 1444 1443 1486; x_wconf 90' lang='lat' dir='ltr'><strong>esse</strong></span> <span class='ocrx_word' id='word_1_140' title='bbox 1476 1428 1629 1485; x_wconf 86' lang='lat' dir='ltr'><strong>dicas</strong></span> <span class='ocrx_word' id='word_1_141' title='bbox 1651 1469 1666 1496; x_wconf 94' lang='lat'><strong>,</strong></span> <span class='ocrx_word' id='word_1_142' title='bbox 1692 1441 1791 1498; x_wconf 91' lang='lat' dir='ltr'><strong>per</strong></span> <span class='ocrx_word' id='word_1_143' title='bbox 1815 1426 2160 1497; x_wconf 75' lang='lat' dir='ltr'><strong>iuventutem</strong></span> <span class='ocrx_word' id='word_1_144' title='bbox 2188 1448 2432 1503; x_wconf 80' lang='lat' dir='ltr'><strong>expones</strong></span> <span class='ocrx_word' id='word_1_145' title='bbox 2459 1435 2691 1491; x_wconf 75' lang='lat' dir='ltr'><strong>primam</strong></span> <span class='ocrx_word' id='word_1_146' title='bbox 2757 1443 2975 1490; x_wconf 82' lang='lat' dir='ltr'><strong>aetatem</strong></span> <span class='ocrx_word' id='word_1_147' title='bbox 3005 1453 3021 1503; x_wconf 91' lang='lat'><strong>;</strong></span> <span class='ocrx_word' id='word_1_148' title='bbox 3082 1434 3138 1490; x_wconf 91' lang='lat' dir='ltr'><strong>in</strong></span> <span class='ocrx_word' id='word_1_149' title='bbox 3208 1448 3273 1488; x_wconf 87' lang='lat' dir='ltr'><strong>ea</strong></span> <span class='ocrx_word' id='word_1_150' title='bbox 3336 1433 3540 1490; x_wconf 91' lang='lat' dir='ltr'><strong>etenim</strong></span> <span class='ocrx_word' id='word_1_151' title='bbox 3581 1448 3612 1486; x_wconf 90' lang='lat' dir='ltr'><strong>a</strong></span> 
     </span>
    </p>
   </div>
   <div class='ocr_carea' id='block_1_26' title="bbox 328 1522 1625 1583">
    <p class='ocr_par' dir='ltr' id='par_1_26' title="bbox 328 1522 1625 1583">
     <span class='ocr_line' id='line_1_26' title="bbox 328 1522 1625 1583; baseline -0.005 0"><span class='ocrx_word' id='word_1_152' title='bbox 328 1527 670 1583; x_wconf 66' lang='lat' dir='ltr'><strong>denmuibus</strong></span> <span class='ocrx_word' id='word_1_153' title='bbox 703 1525 886 1582; x_wconf 84' lang='lat' dir='ltr'><strong>statim</strong></span> <span class='ocrx_word' id='word_1_154' title='bbox 930 1524 1090 1579; x_wconf 90' lang='lat' dir='ltr'><strong>nobis</strong></span> <span class='ocrx_word' id='word_1_155' title='bbox 1122 1523 1322 1577; x_wconf 90' lang='lat' dir='ltr'><strong>bellum</strong></span> <span class='ocrx_word' id='word_1_156' title='bbox 1370 1522 1625 1578; x_wconf 82' lang='lat' dir='ltr'><strong>infertur.</strong></span> 
     </span>
    </p>
   </div>
   <div class='ocr_carea' id='block_1_27' title="bbox 396 1618 1912 1690">
    <p class='ocr_par' dir='ltr' id='par_1_27' title="bbox 396 1618 1912 1690">
     <span class='ocr_line' id='line_1_27' title="bbox 396 1618 1912 1690; baseline -0.004 -15"><span class='ocrx_word' id='word_1_157' title='bbox 396 1622 631 1676; x_wconf 72' lang='grc' dir='ltr'>ειπάτω</span> <span class='ocrx_word' id='word_1_158' title='bbox 657 1621 735 1689; x_wconf 80' lang='grc' dir='ltr'>δὴ</span> <span class='ocrx_word' id='word_1_159' title='bbox 761 1620 999 1690; x_wconf 79' lang='grc' dir='ltr'>Ἰσραήλ</span> <span class='ocrx_word' id='word_1_160' title='bbox 1024 1638 1040 1655; x_wconf 76' lang='grc' dir='ltr'><strong>ο</strong></span> <span class='ocrx_word' id='word_1_161' title='bbox 1070 1619 1375 1686; x_wconf 76' lang='grc' dir='ltr'>Πολλάκις</span> <span class='ocrx_word' id='word_1_162' title='bbox 1404 1618 1798 1688; x_wconf 77' lang='grc' dir='ltr'>ἐπολέμησάν</span> <span class='ocrx_word' id='word_1_163' title='bbox 1834 1631 1912 1685; x_wconf 80' lang='grc' dir='ltr'><strong>με</strong></span> 
     </span>
    </p>
   </div>
   <div class='ocr_carea' id='block_1_28' title="bbox 2099 1602 3614 1684">
    <p class='ocr_par' dir='ltr' id='par_1_28' title="bbox 2099 1602 3614 1684">
     <span class='ocr_line' id='line_1_28' title="bbox 2099 1602 3614 1684; baseline -0.003 -13"><span class='ocrx_word' id='word_1_164' title='bbox 2099 1614 2256 1671; x_wconf 88' lang='lat' dir='ltr'><strong>Dicat</strong></span> <span class='ocrx_word' id='word_1_165' title='bbox 2311 1631 2442 1671; x_wconf 85' lang='lat' dir='ltr'><strong>sane</strong></span> <span class='ocrx_word' id='word_1_166' title='bbox 2473 1614 2669 1679; x_wconf 78' lang='lat' dir='ltr'><strong>Israel,</strong></span> <span class='ocrx_word' id='word_1_167' title='bbox 2711 1602 2862 1684; x_wconf 75' lang='lat' dir='ltr'><strong>Swpe</strong></span> <span class='ocrx_word' id='word_1_168' title='bbox 2895 1621 3328 1683; x_wconf 80' lang='lat' dir='ltr'><strong>oppugnaverunt</strong></span> <span class='ocrx_word' id='word_1_169' title='bbox 3350 1629 3431 1667; x_wconf 83' lang='lat' dir='ltr'><strong>me</strong></span> <span class='ocrx_word' id='word_1_170' title='bbox 3466 1630 3497 1666; x_wconf 91' lang='lat' dir='ltr'><strong>a</strong></span> <span class='ocrx_word' id='word_1_171' title='bbox 3513 1610 3614 1681; x_wconf 76' lang='lat' dir='ltr'><strong>ju-</strong></span> 
     </span>
    </p>
   </div>
   <div class='ocr_carea' id='block_1_29' title="bbox 328 1704 1912 1785">
    <p class='ocr_par' dir='ltr' id='par_1_29' title="bbox 328 1709 1904 1785">
     <span class='ocr_line' id='line_1_29' title="bbox 328 1709 1904 1785; baseline -0.007 -14"><span class='ocrx_word' id='word_1_172' title='bbox 328 1718 399 1771; x_wconf 76' lang='grc' dir='ltr'>ὲκ</span> <span class='ocrx_word' id='word_1_173' title='bbox 449 1717 737 1784; x_wconf 82' lang='grc' dir='ltr'>νεότητός</span> <span class='ocrx_word' id='word_1_174' title='bbox 787 1732 931 1785; x_wconf 82' lang='grc' dir='ltr'>μου.</span> <span class='ocrx_word' id='word_1_175' title='bbox 1002 1712 1227 1767; x_wconf 79' lang='grc' dir='ltr'>Εἰπάτω</span> <span class='ocrx_word' id='word_1_176' title='bbox 1282 1712 1349 1783; x_wconf 83' lang='grc' dir='ltr'>δὴ</span> <span class='ocrx_word' id='word_1_177' title='bbox 1379 1711 1543 1766; x_wconf 78' lang='grc' dir='ltr'>τοῦτο</span> <span class='ocrx_word' id='word_1_178' title='bbox 1583 1709 1904 1782; x_wconf 62' lang='grc' dir='ltr'>διαρρήδην,</span> 
     </span>
    </p>
   </div>
   <div class='ocr_carea' id='block_1_30' title="bbox 2017 1704 3613 1785">
    <p class='ocr_par' dir='ltr' id='par_1_30' title="bbox 2023 1704 3613 1776">
     <span class='ocr_line' id='line_1_30' title="bbox 2023 1704 3613 1776; baseline -0.001 -18"><span class='ocrx_word' id='word_1_179' title='bbox 2023 1716 2230 1762; x_wconf 80' lang='lat' dir='ltr'><strong>oentute</strong></span> <span class='ocrx_word' id='word_1_180' title='bbox 2268 1723 2407 1762; x_wconf 82' lang='lat' dir='ltr'><strong>mea.</strong></span> <span class='ocrx_word' id='word_1_181' title='bbox 2435 1708 2639 1776; x_wconf 81' lang='lat' dir='ltr'><strong>Aperte</strong></span> <span class='ocrx_word' id='word_1_182' title='bbox 2664 1705 2767 1760; x_wconf 87' lang='lat' dir='ltr'><strong>hoc</strong></span> <span class='ocrx_word' id='word_1_183' title='bbox 2795 1716 2848 1759; x_wconf 89' lang='lat' dir='ltr'><strong>et</strong></span> <span class='ocrx_word' id='word_1_184' title='bbox 2871 1706 3049 1774; x_wconf 82' lang='lat' dir='ltr'><strong>palam</strong></span> <span class='ocrx_word' id='word_1_185' title='bbox 3076 1704 3244 1770; x_wconf 85' lang='lat' dir='ltr'><strong>dicat,</strong></span> <span class='ocrx_word' id='word_1_186' title='bbox 3271 1715 3330 1757; x_wconf 93' lang='lat' dir='ltr'><strong>ut</strong></span> <span class='ocrx_word' id='word_1_187' title='bbox 3350 1704 3613 1758; x_wconf 89' lang='lat' dir='ltr'><strong>omnibus</strong></span> 
     </span>
    </p>
   </div>
   <div class='ocr_carea' id='block_1_31' title="bbox 328 1798 1915 1875">
    <p class='ocr_par' dir='ltr' id='par_1_31' title="bbox 328 1798 1915 1875">
     <span class='ocr_line' id='line_1_31' title="bbox 328 1798 1915 1875; baseline -0.006 -15"><span class='ocrx_word' id='word_1_188' title='bbox 328 1809 478 1870; x_wconf 82' lang='grc' dir='ltr'>ὅπως</span> <span class='ocrx_word' id='word_1_189' title='bbox 535 1807 705 1874; x_wconf 84' lang='grc' dir='ltr'>γνῶσι</span> <span class='ocrx_word' id='word_1_190' title='bbox 756 1806 959 1869; x_wconf 80' lang='grc' dir='ltr'>πάντες</span> <span class='ocrx_word' id='word_1_191' title='bbox 1017 1805 1114 1875; x_wconf 79' lang='grc' dir='ltr'><strong>ἀφ’</strong></span> <span class='ocrx_word' id='word_1_192' title='bbox 1151 1803 1282 1858; x_wconf 84' lang='grc' dir='ltr'>οἴων</span> <span class='ocrx_word' id='word_1_193' title='bbox 1327 1801 1593 1858; x_wconf 80' lang='grc' dir='ltr'>κινδύνων</span> <span class='ocrx_word' id='word_1_194' title='bbox 1641 1798 1915 1871; x_wconf 72' lang='grc' dir='ltr'>ἐρρύσατο</span> 
     </span>
    </p>
   </div>
   <div class='ocr_carea' id='block_1_32' title="bbox 336 1896 723 1971">
    <p class='ocr_par' dir='ltr' id='par_1_32' title="bbox 336 1896 723 1971">
     <span class='ocr_line' id='line_1_32' title="bbox 336 1896 723 1971; baseline 0 -20"><span class='ocrx_word' id='word_1_195' title='bbox 336 1900 481 1971; x_wconf 81' lang='grc' dir='ltr'>ήμᾶς</span> <span class='ocrx_word' id='word_1_196' title='bbox 507 1901 535 1951; x_wconf 85' lang='grc' dir='ltr'><strong>δ</strong></span> <span class='ocrx_word' id='word_1_197' title='bbox 568 1896 723 1961; x_wconf 84' lang='grc' dir='ltr'>Θεός.</span> 
     </span>
    </p>
   </div>
   <div class='ocr_carea' id='block_1_33' title="bbox 401 1973 1916 2056">
    <p class='ocr_par' dir='ltr' id='par_1_33' title="bbox 401 1973 1916 2056">
     <span class='ocr_line' id='line_1_33' title="bbox 401 1973 1916 2056; baseline -0.009 -13"><span class='ocrx_word' id='word_1_198' title='bbox 401 1988 512 2043; x_wconf 80' lang='grc' dir='ltr'><strong>Καὶ</strong></span> <span class='ocrx_word' id='word_1_199' title='bbox 543 1988 654 2056; x_wconf 81' lang='grc' dir='ltr'>γὰρ</span> <span class='ocrx_word' id='word_1_200' title='bbox 683 1988 796 2042; x_wconf 78' lang='grc' dir='ltr'>οὐκ</span> <span class='ocrx_word' id='word_1_201' title='bbox 832 1983 1235 2055; x_wconf 74' lang='grc' dir='ltr'>ἠδυνήθησὰν</span> <span class='ocrx_word' id='word_1_202' title='bbox 1254 2000 1377 2053; x_wconf 87' lang='grc' dir='ltr'>μοι.</span> <span class='ocrx_word' id='word_1_203' title='bbox 1427 1982 1540 2037; x_wconf 75' lang='grc' dir='ltr'>Οὐκ</span> <span class='ocrx_word' id='word_1_204' title='bbox 1569 1973 1916 2051; x_wconf 78' lang='grc' dir='ltr'><strong>ἠδυνήθησαν</strong></span> 
     </span>
    </p>
   </div>
   <div class='ocr_carea' id='block_1_34' title="bbox 327 2070 1914 2153">
    <p class='ocr_par' dir='ltr' id='par_1_34' title="bbox 327 2070 1914 2153">
     <span class='ocr_line' id='line_1_34' title="bbox 327 2070 1914 2153; baseline -0.008 -18"><span class='ocrx_word' id='word_1_205' title='bbox 327 2082 388 2135; x_wconf 76' lang='grc' dir='ltr'>ἰν</span> <span class='ocrx_word' id='word_1_206' title='bbox 423 2081 580 2153; x_wconf 70' lang='grc' dir='ltr'>ἐμοί’</span> <span class='ocrx_word' id='word_1_207' title='bbox 616 2081 678 2134; x_wconf 74' lang='grc' dir='ltr'>οὗ</span> <span class='ocrx_word' id='word_1_208' title='bbox 720 2077 1061 2150; x_wconf 72' lang='grc' dir='ltr'>κατίσχυσαν</span> <span class='ocrx_word' id='word_1_209' title='bbox 1097 2093 1199 2148; x_wconf 85' lang='grc' dir='ltr'><strong>μου</strong></span> <span class='ocrx_word' id='word_1_210' title='bbox 1230 2076 1446 2139; x_wconf 82' lang='grc' dir='ltr'>τέλεον,</span> <span class='ocrx_word' id='word_1_211' title='bbox 1475 2072 1635 2128; x_wconf 87' lang='grc' dir='ltr'>τοῦτο</span> <span class='ocrx_word' id='word_1_212' title='bbox 1654 2070 1750 2126; x_wconf 89' lang='grc' dir='ltr'><strong>τοῦ</strong></span> <span class='ocrx_word' id='word_1_213' title='bbox 1777 2070 1914 2125; x_wconf 77' lang='grc' dir='ltr'>Θεοῦ</span> 
     </span>
    </p>
   </div>
   <div class='ocr_carea' id='block_1_35' title="bbox 328 2162 1915 2241">
    <p class='ocr_par' dir='ltr' id='par_1_35' title="bbox 328 2162 1915 2241">
     <span class='ocr_line' id='line_1_35' title="bbox 328 2162 1915 2241; baseline -0.008 -15"><span class='ocrx_word' id='word_1_214' title='bbox 328 2172 406 2241; x_wconf 79' lang='grc' dir='ltr'>μὴ</span> <span class='ocrx_word' id='word_1_215' title='bbox 431 2170 865 2241; x_wconf 76' lang='grc' dir='ltr'>συγχωροῦντος.</span> <span class='ocrx_word' id='word_1_216' title='bbox 894 2168 990 2221; x_wconf 82' lang='grc' dir='ltr'><strong>Διὸ</strong></span> <span class='ocrx_word' id='word_1_217' title='bbox 1022 2167 1116 2221; x_wconf 77' lang='grc' dir='ltr'>καὶ</span> <span class='ocrx_word' id='word_1_218' title='bbox 1166 2166 1558 2236; x_wconf 70' lang='grc' dir='ltr'>συνεχέστερον</span> <span class='ocrx_word' id='word_1_219' title='bbox 1612 2162 1915 2232; x_wconf 75' lang='grc' dir='ltr'>ἐπολέμουν</span> 
     </span>
    </p>
   </div>
   <div class='ocr_carea' id='block_1_36' title="bbox 329 2259 1310 2336">
    <p class='ocr_par' dir='ltr' id='par_1_36' title="bbox 329 2259 1310 2336">
     <span class='ocr_line' id='line_1_36' title="bbox 329 2259 1310 2336; baseline -0.005 -18"><span class='ocrx_word' id='word_1_220' title='bbox 329 2282 420 2335; x_wconf 88' lang='grc' dir='ltr'><strong>με,</strong></span> <span class='ocrx_word' id='word_1_221' title='bbox 445 2262 699 2336; x_wconf 68' lang='grc' dir='ltr'>ἐκτρῖψαι</span> <span class='ocrx_word' id='word_1_222' title='bbox 756 2279 825 2332; x_wconf 87' lang='grc' dir='ltr'><strong>με</strong></span> <span class='ocrx_word' id='word_1_223' title='bbox 852 2259 1310 2331; x_wconf 81' lang='grc' dir='ltr'>φιλονεικοῦντες.</span> 
     </span>
    </p>
   </div>
   <div class='ocr_carea' id='block_1_37' title="bbox 408 2428 1910 2502">
    <p class='ocr_par' dir='ltr' id='par_1_37' title="bbox 408 2428 1910 2502">
     <span class='ocr_line' id='line_1_37' title="bbox 408 2428 1910 2502; baseline -0.005 -13"><span class='ocrx_word' id='word_1_224' title='bbox 408 2434 537 2491; x_wconf 71' lang='grc' dir='ltr'><strong>Ἐπὶ</strong></span> <span class='ocrx_word' id='word_1_225' title='bbox 573 2434 682 2488; x_wconf 81' lang='grc' dir='ltr'>τὸν</span> <span class='ocrx_word' id='word_1_226' title='bbox 705 2431 899 2487; x_wconf 84' lang='grc' dir='ltr'>νῶτόν</span> <span class='ocrx_word' id='word_1_227' title='bbox 925 2450 1046 2502; x_wconf 84' lang='grc' dir='ltr'><strong>μου</strong></span> <span class='ocrx_word' id='word_1_228' title='bbox 1103 2430 1449 2485; x_wconf 80' lang='grc' dir='ltr'>ἐτέκταινον</span> <span class='ocrx_word' id='word_1_229' title='bbox 1472 2431 1528 2483; x_wconf 80' lang='grc' dir='ltr'><strong>οι</strong></span> <span class='ocrx_word' id='word_1_230' title='bbox 1551 2428 1910 2497; x_wconf 75' lang='grc' dir='ltr'>ἁμαρτωλοί.</span> 
     </span>
    </p>
   </div>
   <div class='ocr_carea' id='block_1_38' title="bbox 325 2520 1907 2594">
    <p class='ocr_par' dir='ltr' id='par_1_38' title="bbox 325 2520 1907 2594">
     <span class='ocr_line' id='line_1_38' title="bbox 325 2520 1907 2594; baseline -0.006 -14"><span class='ocrx_word' id='word_1_231' title='bbox 325 2527 383 2579; x_wconf 75' lang='grc' dir='ltr'><em>Ἐ</em></span> <span class='ocrx_word' id='word_1_232' title='bbox 397 2526 453 2580; x_wconf 75' lang='grc' dir='ltr'>πὶ</span> <span class='ocrx_word' id='word_1_233' title='bbox 482 2526 573 2580; x_wconf 81' lang='grc' dir='ltr'>τὸν</span> <span class='ocrx_word' id='word_1_234' title='bbox 602 2524 772 2579; x_wconf 86' lang='grc' dir='ltr'>νῶτόν</span> <span class='ocrx_word' id='word_1_235' title='bbox 803 2541 906 2594; x_wconf 88' lang='grc' dir='ltr'><strong>μου</strong></span> <span class='ocrx_word' id='word_1_236' title='bbox 939 2520 1346 2587; x_wconf 80' lang='grc' dir='ltr'>κατεσκεύαζον</span> <span class='ocrx_word' id='word_1_237' title='bbox 1367 2523 1434 2575; x_wconf 73' lang='grc' dir='ltr'>τὰ</span> <span class='ocrx_word' id='word_1_238' title='bbox 1469 2520 1618 2575; x_wconf 78' lang='grc' dir='ltr'>κακά</span> <span class='ocrx_word' id='word_1_239' title='bbox 1675 2520 1724 2573; x_wconf 77' lang='grc' dir='ltr'>οἱ</span> <span class='ocrx_word' id='word_1_240' title='bbox 1778 2520 1907 2573; x_wconf 85' lang='grc' dir='ltr'>ἀσε-</span> 
     </span>
    </p>
   </div>
   <div class='ocr_carea' id='block_1_39' title="bbox 327 2609 1909 2689">
    <p class='ocr_par' dir='ltr' id='par_1_39' title="bbox 327 2609 1909 2689">
     <span class='ocr_line' id='line_1_39' title="bbox 327 2609 1909 2689; baseline -0.004 -18"><span class='ocrx_word' id='word_1_241' title='bbox 327 2622 462 2682; x_wconf 71' lang='grc' dir='ltr'>ϐεῖς,</span> <span class='ocrx_word' id='word_1_242' title='bbox 495 2619 544 2672; x_wconf 81' lang='lat' dir='ltr'><strong>0i</strong></span> <span class='ocrx_word' id='word_1_243' title='bbox 603 2617 829 2689; x_wconf 75' lang='grc' dir='ltr'>πονηροί</span> <span class='ocrx_word' id='word_1_244' title='bbox 863 2633 879 2648; x_wconf 93' lang='grc'><strong>·</strong></span> <span class='ocrx_word' id='word_1_245' title='bbox 913 2617 1222 2679; x_wconf 84' lang='grc' dir='ltr'>τουτέστιν,</span> <span class='ocrx_word' id='word_1_246' title='bbox 1251 2614 1314 2669; x_wconf 80' lang='grc' dir='ltr'>οὐ</span> <span class='ocrx_word' id='word_1_247' title='bbox 1373 2614 1533 2685; x_wconf 86' lang='grc' dir='ltr'>μόνον</span> <span class='ocrx_word' id='word_1_248' title='bbox 1593 2609 1909 2683; x_wconf 77' lang='grc' dir='ltr'>ἔμπροσθέν</span> 
     </span>
    </p>
   </div>
   <div class='ocr_carea' id='block_1_40' title="bbox 329 2701 1910 2780">
    <p class='ocr_par' dir='ltr' id='par_1_40' title="bbox 329 2701 1910 2780">
     <span class='ocr_line' id='line_1_40' title="bbox 329 2701 1910 2780; baseline -0.005 -18"><span class='ocrx_word' id='word_1_249' title='bbox 329 2728 453 2780; x_wconf 82' lang='grc' dir='ltr'>μου,</span> <span class='ocrx_word' id='word_1_250' title='bbox 515 2710 650 2763; x_wconf 83' lang='grc' dir='ltr'>ἀλλὰ</span> <span class='ocrx_word' id='word_1_251' title='bbox 684 2708 780 2763; x_wconf 78' lang='grc' dir='ltr'>καὶ</span> <span class='ocrx_word' id='word_1_252' title='bbox 818 2709 1063 2773; x_wconf 70' lang='grc' dir='ltr'>ὄπισθεν,</span> <span class='ocrx_word' id='word_1_253' title='bbox 1112 2709 1172 2761; x_wconf 85' lang='grc' dir='ltr'>οὐ</span> <span class='ocrx_word' id='word_1_254' title='bbox 1234 2706 1419 2776; x_wconf 74' lang='grc' dir='ltr'>μόνον,</span> <span class='ocrx_word' id='word_1_255' title='bbox 1451 2704 1724 2775; x_wconf 88' lang='grc' dir='ltr'>φανερῶς,</span> <span class='ocrx_word' id='word_1_256' title='bbox 1772 2701 1910 2756; x_wconf 82' lang='grc' dir='ltr'><strong>ἀλλά</strong></span> 
     </span>
    </p>
   </div>
   <div class='ocr_carea' id='block_1_41' title="bbox 328 2792 1910 2867">
    <p class='ocr_par' dir='ltr' id='par_1_41' title="bbox 328 2792 1910 2867">
     <span class='ocr_line' id='line_1_41' title="bbox 328 2792 1910 2867; baseline -0.001 -19"><span class='ocrx_word' id='word_1_257' title='bbox 328 2799 421 2850; x_wconf 75' lang='grc' dir='ltr'>καὶ</span> <span class='ocrx_word' id='word_1_258' title='bbox 452 2797 675 2867; x_wconf 77' lang='grc' dir='ltr'>ἀφανῶς</span> <span class='ocrx_word' id='word_1_259' title='bbox 721 2796 1109 2867; x_wconf 84' lang='grc' dir='ltr'>μηχανώμενοι</span> <span class='ocrx_word' id='word_1_260' title='bbox 1143 2814 1157 2829; x_wconf 71' lang='grc' dir='ltr'><strong>ι</strong></span> <span class='ocrx_word' id='word_1_261' title='bbox 1188 2795 1221 2866; x_wconf 83' lang='grc' dir='ltr'>ἢ</span> <span class='ocrx_word' id='word_1_262' title='bbox 1261 2794 1540 2866; x_wconf 86' lang='grc' dir='ltr'>σύνεγγύς</span> <span class='ocrx_word' id='word_1_263' title='bbox 1579 2811 1703 2866; x_wconf 88' lang='grc' dir='ltr'>μου,</span> <span class='ocrx_word' id='word_1_264' title='bbox 1750 2792 1783 2864; x_wconf 79' lang='grc' dir='ltr'>ἢ</span> <span class='ocrx_word' id='word_1_265' title='bbox 1814 2792 1910 2847; x_wconf 74' lang='grc' dir='ltr'>καὶ</span> 
     </span>
    </p>
   </div>
   <div class='ocr_carea' id='block_1_42' title="bbox 324 2886 1393 2960">
    <p class='ocr_par' dir='ltr' id='par_1_42' title="bbox 324 2886 1393 2960">
     <span class='ocr_line' id='line_1_42' title="bbox 324 2886 1393 2960; baseline -0.001 -16"><span class='ocrx_word' id='word_1_266' title='bbox 324 2890 507 2944; x_wconf 80' lang='grc' dir='ltr'>αὐτῶν</span> <span class='ocrx_word' id='word_1_267' title='bbox 547 2889 844 2960; x_wconf 81' lang='grc' dir='ltr'>ἁπτόμενοι</span> <span class='ocrx_word' id='word_1_268' title='bbox 874 2889 982 2942; x_wconf 89' lang='grc' dir='ltr'><strong>τῶν</strong></span> <span class='ocrx_word' id='word_1_269' title='bbox 1009 2886 1232 2959; x_wconf 82' lang='grc' dir='ltr'>σαρκῶν</span> <span class='ocrx_word' id='word_1_270' title='bbox 1266 2905 1393 2958; x_wconf 87' lang='grc' dir='ltr'>μου.</span> 
     </span>
    </p>
   </div>
   <div class='ocr_carea' id='block_1_43' title="bbox 2024 1795 3609 1870">
    <p class='ocr_par' dir='ltr' id='par_1_43' title="bbox 2024 1795 3609 1870">
     <span class='ocr_line' id='line_1_43' title="bbox 2024 1795 3609 1870; baseline -0.003 -16"><span class='ocrx_word' id='word_1_271' title='bbox 2024 1799 2357 1867; x_wconf 83' lang='lat' dir='ltr'><strong>innotescat,</strong></span> <span class='ocrx_word' id='word_1_272' title='bbox 2397 1814 2427 1853; x_wconf 90' lang='lat' dir='ltr'><strong>a</strong></span> <span class='ocrx_word' id='word_1_273' title='bbox 2463 1797 2689 1870; x_wconf 81' lang='lat' dir='ltr'><strong>quantis</strong></span> <span class='ocrx_word' id='word_1_274' title='bbox 2731 1812 2830 1852; x_wconf 90' lang='lat' dir='ltr'><strong>nos</strong></span> <span class='ocrx_word' id='word_1_275' title='bbox 2862 1795 3008 1852; x_wconf 90' lang='lat' dir='ltr'><strong>Deus</strong></span> <span class='ocrx_word' id='word_1_276' title='bbox 3040 1797 3296 1852; x_wconf 84' lang='lat' dir='ltr'><strong>liberavit</strong></span> <span class='ocrx_word' id='word_1_277' title='bbox 3321 1797 3609 1852; x_wconf 77' lang='lat' dir='ltr'><strong>periculis.</strong></span> 
     </span>
    </p>
   </div>
   <div class='ocr_carea' id='block_1_44' title="bbox 2098 1973 3605 2046">
    <p class='ocr_par' dir='ltr' id='par_1_44' title="bbox 2098 1973 3605 2046">
     <span class='ocr_line' id='line_1_44' title="bbox 2098 1973 3605 2046; baseline -0.001 -15"><span class='ocrx_word' id='word_1_278' title='bbox 2098 1976 2309 2032; x_wconf 80' lang='lat' dir='ltr'><strong>Etenim</strong></span> <span class='ocrx_word' id='word_1_279' title='bbox 2350 1992 2456 2030; x_wconf 87' lang='lat' dir='ltr'><strong>non</strong></span> <span class='ocrx_word' id='word_1_280' title='bbox 2490 1983 2771 2046; x_wconf 85' lang='lat' dir='ltr'><strong>potuerunt</strong></span> <span class='ocrx_word' id='word_1_281' title='bbox 2806 1975 2957 2030; x_wconf 82' lang='lat' dir='ltr'><strong>mihi.</strong></span> <span class='ocrx_word' id='word_1_282' title='bbox 3010 1973 3065 2029; x_wconf 89' lang='lat' dir='ltr'><strong>In</strong></span> <span class='ocrx_word' id='word_1_283' title='bbox 3106 1989 3195 2029; x_wconf 89' lang='lat' dir='ltr'><strong>me</strong></span> <span class='ocrx_word' id='word_1_284' title='bbox 3246 1974 3452 2045; x_wconf 89' lang='lat' dir='ltr'><strong>aliquid</strong></span> <span class='ocrx_word' id='word_1_285' title='bbox 3497 1991 3605 2030; x_wconf 91' lang='lat' dir='ltr'><strong>non</strong></span> 
     </span>
    </p>
   </div>
   <div class='ocr_carea' id='block_1_45' title="bbox 2024 2062 3600 2140">
    <p class='ocr_par' dir='ltr' id='par_1_45' title="bbox 2024 2062 3600 2140">
     <span class='ocr_line' id='line_1_45' title="bbox 2024 2062 3600 2140; baseline -0.004 -18"><span class='ocrx_word' id='word_1_286' title='bbox 2024 2073 2458 2140; x_wconf 89' lang='lat' dir='ltr'><strong>potuerunt,seu</strong></span> <span class='ocrx_word' id='word_1_287' title='bbox 2486 2080 2594 2118; x_wconf 92' lang='lat' dir='ltr'><strong>non</strong></span> <span class='ocrx_word' id='word_1_288' title='bbox 2620 2078 2847 2132; x_wconf 89' lang='lat' dir='ltr'><strong>prorsus</strong></span> <span class='ocrx_word' id='word_1_289' title='bbox 2878 2062 3278 2133; x_wconf 73' lang='lat' dir='ltr'><strong>praevaluerunt</strong></span> <span class='ocrx_word' id='word_1_290' title='bbox 3309 2063 3600 2117; x_wconf 81' lang='lat' dir='ltr'><strong>adversum</strong></span> 
     </span>
    </p>
   </div>
   <div class='ocr_carea' id='block_1_46' title="bbox 2024 2152 3604 2223">
    <p class='ocr_par' dir='ltr' id='par_1_46' title="bbox 2024 2152 3604 2223">
     <span class='ocr_line' id='line_1_46' title="bbox 2024 2152 3604 2223; baseline -0.003 -11"><span class='ocrx_word' id='word_1_291' title='bbox 2024 2172 2136 2223; x_wconf 89' lang='lat' dir='ltr'><strong>me,</strong></span> <span class='ocrx_word' id='word_1_292' title='bbox 2177 2156 2292 2210; x_wconf 85' lang='lat' dir='ltr'><strong>Deo</strong></span> <span class='ocrx_word' id='word_1_293' title='bbox 2313 2154 2521 2209; x_wconf 85' lang='lat' dir='ltr'><strong>scilicet</strong></span> <span class='ocrx_word' id='word_1_294' title='bbox 2554 2153 2690 2208; x_wconf 88' lang='lat' dir='ltr'><strong>illud</strong></span> <span class='ocrx_word' id='word_1_295' title='bbox 2723 2169 2829 2208; x_wconf 91' lang='lat' dir='ltr'><strong>non</strong></span> <span class='ocrx_word' id='word_1_296' title='bbox 2862 2153 3238 2222; x_wconf 86' lang='lat' dir='ltr'><strong>permittente.</strong></span> <span class='ocrx_word' id='word_1_297' title='bbox 3266 2152 3447 2223; x_wconf 83' lang='lat' dir='ltr'><strong>Atque</strong></span> <span class='ocrx_word' id='word_1_298' title='bbox 3478 2153 3604 2209; x_wconf 87' lang='lat' dir='ltr'><strong>ideo</strong></span> 
     </span>
    </p>
   </div>
   <div class='ocr_carea' id='block_1_47' title="bbox 2022 2241 3657 2315">
    <p class='ocr_par' dir='ltr' id='par_1_47' title="bbox 2022 2241 3657 2315">
     <span class='ocr_line' id='line_1_47' title="bbox 2022 2241 3657 2315; baseline -0.001 -15"><span class='ocrx_word' id='word_1_299' title='bbox 2022 2244 2364 2315; x_wconf 81' lang='lat' dir='ltr'><strong>frequentius</strong></span> <span class='ocrx_word' id='word_1_300' title='bbox 2398 2257 2484 2299; x_wconf 83' lang='lat' dir='ltr'><strong>me</strong></span> <span class='ocrx_word' id='word_1_301' title='bbox 2522 2242 2917 2314; x_wconf 80' lang='lat' dir='ltr'><strong>impugnabant</strong></span> <span class='ocrx_word' id='word_1_302' title='bbox 2945 2241 3348 2297; x_wconf 82' lang='lat' dir='ltr'><strong>contendentes</strong></span> <span class='ocrx_word' id='word_1_303' title='bbox 3378 2243 3603 2299; x_wconf 85' lang='lat' dir='ltr'><strong>subver-</strong></span> <span class='ocrx_word' id='word_1_304' title='bbox 3652 2270 3657 2277; x_wconf 85' lang='grc'><strong>·</strong></span> 
     </span>
    </p>
   </div>
   <div class='ocr_carea' id='block_1_48' title="bbox 2020 2345 2156 2391">
    <p class='ocr_par' dir='ltr' id='par_1_48' title="bbox 2020 2345 2156 2391">
     <span class='ocr_line' id='line_1_48' title="bbox 2020 2345 2156 2391; baseline 0.007 -1"><span class='ocrx_word' id='word_1_305' title='bbox 2020 2345 2156 2391; x_wconf 81' lang='lat' dir='ltr'><strong>tere.</strong></span> 
     </span>
    </p>
   </div>
   <div class='ocr_carea' id='block_1_49' title="bbox 2093 2423 3602 2494">
    <p class='ocr_par' dir='ltr' id='par_1_49' title="bbox 2093 2423 3602 2494">
     <span class='ocr_line' id='line_1_49' title="bbox 2093 2423 3602 2494; baseline -0.003 -12"><span class='ocrx_word' id='word_1_306' title='bbox 2093 2426 2261 2482; x_wconf 76' lang='lat' dir='ltr'><strong>Vens.</strong></span> <span class='ocrx_word' id='word_1_307' title='bbox 2296 2428 2348 2482; x_wconf 78' lang='lat'><strong>5.</strong></span> <span class='ocrx_word' id='word_1_308' title='bbox 2386 2424 2561 2494; x_wconf 85' lang='lat' dir='ltr'><strong>Supra</strong></span> <span class='ocrx_word' id='word_1_309' title='bbox 2585 2427 2805 2479; x_wconf 78' lang='lat' dir='ltr'><strong>dorsum</strong></span> <span class='ocrx_word' id='word_1_310' title='bbox 2836 2440 3010 2478; x_wconf 86' lang='lat' dir='ltr'><strong>meum</strong></span> <span class='ocrx_word' id='word_1_311' title='bbox 3051 2423 3450 2492; x_wconf 80' lang='lat' dir='ltr'><strong>fabricarerunt</strong></span> <span class='ocrx_word' id='word_1_312' title='bbox 3479 2439 3602 2493; x_wconf 73' lang='lat' dir='ltr'><strong>pec-</strong></span> 
     </span>
    </p>
   </div>
   <div class='ocr_carea' id='block_1_50' title="bbox 2015 2516 3600 2588">
    <p class='ocr_par' dir='ltr' id='par_1_50' title="bbox 2015 2516 3600 2588">
     <span class='ocr_line' id='line_1_50' title="bbox 2015 2516 3600 2588; baseline -0.003 -13"><span class='ocrx_word' id='word_1_313' title='bbox 2015 2528 2247 2576; x_wconf 83' lang='lat' dir='ltr'><strong>catores.</strong></span> <span class='ocrx_word' id='word_1_314' title='bbox 2287 2519 2470 2588; x_wconf 85' lang='lat' dir='ltr'><strong>Impii.</strong></span> <span class='ocrx_word' id='word_1_315' title='bbox 2525 2519 2745 2588; x_wconf 89' lang='lat' dir='ltr'><strong>inquit,</strong></span> <span class='ocrx_word' id='word_1_316' title='bbox 2794 2530 2860 2571; x_wconf 89' lang='lat' dir='ltr'><strong>ac</strong></span> <span class='ocrx_word' id='word_1_317' title='bbox 2911 2517 3063 2585; x_wconf 75' lang='lat' dir='ltr'><strong>pravi</strong></span> <span class='ocrx_word' id='word_1_318' title='bbox 3117 2516 3368 2569; x_wconf 84' lang='lat' dir='ltr'><strong>homines</strong></span> <span class='ocrx_word' id='word_1_319' title='bbox 3431 2516 3600 2571; x_wconf 88' lang='lat' dir='ltr'><strong>multa</strong></span> 
     </span>
    </p>
   </div>
   <div class='ocr_carea' id='block_1_51' title="bbox 2016 2607 3701 2678">
    <p class='ocr_par' dir='ltr' id='par_1_51' title="bbox 2016 2607 3701 2678">
     <span class='ocr_line' id='line_1_51' title="bbox 2016 2607 3701 2678; baseline -0.006 -10"><span class='ocrx_word' id='word_1_320' title='bbox 2016 2613 2154 2668; x_wconf 87' lang='lat' dir='ltr'><strong>mala</strong></span> <span class='ocrx_word' id='word_1_321' title='bbox 2188 2610 2483 2666; x_wconf 84' lang='lat' dir='ltr'><strong>machinati</strong></span> <span class='ocrx_word' id='word_1_322' title='bbox 2517 2620 2643 2665; x_wconf 88' lang='lat' dir='ltr'><strong>sunt</strong></span> <span class='ocrx_word' id='word_1_323' title='bbox 2678 2624 2843 2678; x_wconf 87' lang='lat' dir='ltr'><strong>supra</strong></span> <span class='ocrx_word' id='word_1_324' title='bbox 2877 2609 3103 2662; x_wconf 83' lang='lat' dir='ltr'><strong>dorsum</strong></span> <span class='ocrx_word' id='word_1_325' title='bbox 3125 2621 3327 2670; x_wconf 65' lang='lat' dir='ltr'><strong>meum,</strong></span> <span class='ocrx_word' id='word_1_326' title='bbox 3359 2607 3464 2662; x_wconf 89' lang='lat' dir='ltr'><strong>boc</strong></span> <span class='ocrx_word' id='word_1_327' title='bbox 3488 2616 3597 2671; x_wconf 84' lang='lat' dir='ltr'><strong>est,</strong></span> <span class='ocrx_word' id='word_1_328' title='bbox 3694 2672 3701 2678; x_wconf 28' lang='grc' dir='ltr'><strong>θ</strong></span> 
     </span>
    </p>
   </div>
   <div class='ocr_carea' id='block_1_52' title="bbox 2020 2687 3609 2770">
    <p class='ocr_par' dir='ltr' id='par_1_52' title="bbox 2020 2687 3609 2770">
     <span class='ocr_line' id='line_1_52' title="bbox 2020 2687 3609 2770; baseline -0.004 -9"><span class='ocrx_word' id='word_1_329' title='bbox 2020 2722 2132 2761; x_wconf 88' lang='lat' dir='ltr'><strong>non</strong></span> <span class='ocrx_word' id='word_1_330' title='bbox 2155 2716 2363 2760; x_wconf 81' lang='lat' dir='ltr'><strong>tantum</strong></span> <span class='ocrx_word' id='word_1_331' title='bbox 2392 2718 2577 2758; x_wconf 88' lang='lat' dir='ltr'><strong>coram</strong></span> <span class='ocrx_word' id='word_1_332' title='bbox 2612 2717 2718 2765; x_wconf 83' lang='lat' dir='ltr'><strong>me.</strong></span> <span class='ocrx_word' id='word_1_333' title='bbox 2759 2709 2924 2769; x_wconf 85' lang='lat' dir='ltr'><strong>atque</strong></span> <span class='ocrx_word' id='word_1_334' title='bbox 2954 2701 3008 2755; x_wconf 87' lang='lat' dir='ltr'><strong>in</strong></span> <span class='ocrx_word' id='word_1_335' title='bbox 3032 2708 3326 2770; x_wconf 86' lang='lat' dir='ltr'><strong>conspectu</strong></span> <span class='ocrx_word' id='word_1_336' title='bbox 3355 2716 3476 2755; x_wconf 86' lang='lat' dir='ltr'><strong>meo</strong></span> <span class='ocrx_word' id='word_1_337' title='bbox 3513 2687 3609 2755; x_wconf 65' lang='lat' dir='ltr'><strong>au‘</strong></span> 
     </span>
    </p>
   </div>
   <div class='ocr_carea' id='block_1_53' title="bbox 2019 2790 3598 2868">
    <p class='ocr_par' dir='ltr' id='par_1_53' title="bbox 2019 2790 3598 2868">
     <span class='ocr_line' id='line_1_53' title="bbox 2019 2790 3598 2868; baseline -0.003 -18"><span class='ocrx_word' id='word_1_338' title='bbox 2019 2797 2222 2868; x_wconf 83' lang='lat' dir='ltr'><strong>palam,</strong></span> <span class='ocrx_word' id='word_1_339' title='bbox 2249 2796 2345 2849; x_wconf 88' lang='lat' dir='ltr'><strong>sed</strong></span> <span class='ocrx_word' id='word_1_340' title='bbox 2374 2803 2523 2849; x_wconf 87' lang='lat' dir='ltr'><strong>retro</strong></span> <span class='ocrx_word' id='word_1_341' title='bbox 2544 2792 2711 2848; x_wconf 90' lang='lat' dir='ltr'><strong>etiam</strong></span> <span class='ocrx_word' id='word_1_342' title='bbox 2735 2801 2790 2846; x_wconf 90' lang='lat' dir='ltr'><strong>et</strong></span> <span class='ocrx_word' id='word_1_343' title='bbox 2810 2791 2975 2853; x_wconf 87' lang='lat' dir='ltr'><strong>clam,</strong></span> <span class='ocrx_word' id='word_1_344' title='bbox 3010 2807 3075 2847; x_wconf 89' lang='lat' dir='ltr'><strong>ac</strong></span> <span class='ocrx_word' id='word_1_345' title='bbox 3097 2791 3333 2845; x_wconf 85' lang='lat' dir='ltr'><strong>latenter</strong></span> <span class='ocrx_word' id='word_1_346' title='bbox 3360 2790 3598 2860; x_wconf 86' lang='lat' dir='ltr'><strong>plurima</strong></span> 
     </span>
    </p>
   </div>
   <div class='ocr_carea' id='block_1_54' title="bbox 2021 2883 3605 2954">
    <p class='ocr_par' dir='ltr' id='par_1_54' title="bbox 2021 2883 3605 2954">
     <span class='ocr_line' id='line_1_54' title="bbox 2021 2883 3605 2954; baseline -0.004 -11"><span class='ocrx_word' id='word_1_347' title='bbox 2021 2889 2076 2943; x_wconf 87' lang='lat' dir='ltr'><strong>in</strong></span> <span class='ocrx_word' id='word_1_348' title='bbox 2110 2904 2199 2943; x_wconf 87' lang='lat' dir='ltr'><strong>me</strong></span> <span class='ocrx_word' id='word_1_349' title='bbox 2236 2886 2409 2940; x_wconf 90' lang='lat' dir='ltr'><strong>moliti</strong></span> <span class='ocrx_word' id='word_1_350' title='bbox 2445 2894 2573 2939; x_wconf 85' lang='lat' dir='ltr'><strong>sunt</strong></span> <span class='ocrx_word' id='word_1_351' title='bbox 2611 2885 2735 2939; x_wconf 83' lang='lat' dir='ltr'><strong>:vel</strong></span> <span class='ocrx_word' id='word_1_352' title='bbox 2776 2885 2910 2938; x_wconf 89' lang='lat' dir='ltr'><strong>mihi</strong></span> <span class='ocrx_word' id='word_1_353' title='bbox 2951 2883 3453 2954; x_wconf 80' lang='lat' dir='ltr'><strong>appmpinquantes</strong></span> <span class='ocrx_word' id='word_1_354' title='bbox 3478 2898 3605 2939; x_wconf 88' lang='lat' dir='ltr'><strong>cor-</strong></span> 
     </span>
    </p>
   </div>
   <div class='ocr_carea' id='block_1_55' title="bbox 2021 2975 3520 3050">
    <p class='ocr_par' dir='ltr' id='par_1_55' title="bbox 2021 2975 3520 3050">
     <span class='ocr_line' id='line_1_55' title="bbox 2021 2975 3520 3050; baseline 0 -19"><span class='ocrx_word' id='word_1_355' title='bbox 2021 2981 2136 3050; x_wconf 86' lang='lat' dir='ltr'><strong>pori</strong></span> <span class='ocrx_word' id='word_1_356' title='bbox 2165 2993 2287 3033; x_wconf 91' lang='lat' dir='ltr'><strong>meo</strong></span> <span class='ocrx_word' id='word_1_357' title='bbox 2311 2986 2366 3032; x_wconf 89' lang='lat' dir='ltr'><strong>et</strong></span> <span class='ocrx_word' id='word_1_358' title='bbox 2395 2978 2658 3032; x_wconf 88' lang='lat' dir='ltr'><strong>carnibus</strong></span> <span class='ocrx_word' id='word_1_359' title='bbox 2683 2975 2823 3030; x_wconf 87' lang='lat' dir='ltr'><strong>meis</strong></span> <span class='ocrx_word' id='word_1_360' title='bbox 2855 2975 3020 3030; x_wconf 76' lang='lat' dir='ltr'><strong>etiazu</strong></span> <span class='ocrx_word' id='word_1_361' title='bbox 3059 2990 3166 3029; x_wconf 86' lang='lat' dir='ltr'><strong>non</strong></span> <span class='ocrx_word' id='word_1_362' title='bbox 3207 2983 3520 3043; x_wconf 87' lang='lat' dir='ltr'><strong>parcentes.</strong></span> 
     </span>
    </p>
   </div>
   <div class='ocr_carea' id='block_1_56' title="bbox 409 3059 1912 3164">
    <p class='ocr_par' dir='ltr' id='par_1_56' title="bbox 409 3059 1907 3133">
     <span class='ocr_line' id='line_1_56' title="bbox 409 3059 1907 3133; baseline -0.002 -15"><span class='ocrx_word' id='word_1_363' title='bbox 409 3062 791 3133; x_wconf 79' lang='grc' dir='ltr'>Ἐμάκρυναν</span> <span class='ocrx_word' id='word_1_364' title='bbox 817 3059 935 3127; x_wconf 81' lang='grc' dir='ltr'>τὴν</span> <span class='ocrx_word' id='word_1_365' title='bbox 960 3061 1220 3130; x_wconf 75' lang='grc' dir='ltr'>ἀνομίαν</span> <span class='ocrx_word' id='word_1_366' title='bbox 1246 3060 1466 3115; x_wconf 83' lang='grc' dir='ltr'>αὐτῶν.</span> <span class='ocrx_word' id='word_1_367' title='bbox 1512 3060 1638 3114; x_wconf 75' lang='grc' dir='ltr'><strong>Ἐπὶ</strong></span> <span class='ocrx_word' id='word_1_368' title='bbox 1700 3059 1907 3133; x_wconf 76' lang='grc' dir='ltr'>μακρὸν</span> 
     </span>
    </p>
   </div>
   <div class='ocr_carea' id='block_1_57' title="bbox 2017 3059 3602 3164">
    <p class='ocr_par' dir='ltr' id='par_1_57' title="bbox 2091 3066 3602 3147">
     <span class='ocr_line' id='line_1_57' title="bbox 2091 3066 3602 3147; baseline -0.003 -22"><span class='ocrx_word' id='word_1_369' title='bbox 2091 3069 2553 3141; x_wconf 23' lang='lat' dir='ltr'><strong>Prolongaeerunt&#39;</strong></span> <span class='ocrx_word' id='word_1_370' title='bbox 2575 3068 2908 3138; x_wconf 72' lang='lat' dir='ltr'><strong>iniquitatem</strong></span> <span class='ocrx_word' id='word_1_371' title='bbox 2940 3066 3322 3147; x_wconf 36' lang='lat' dir='ltr'><strong>suamaDum</strong></span> <span class='ocrx_word' id='word_1_372' title='bbox 3364 3068 3456 3123; x_wconf 92' lang='lat' dir='ltr'><strong>diu</strong></span> <span class='ocrx_word' id='word_1_373' title='bbox 3499 3067 3602 3122; x_wconf 89' lang='lat' dir='ltr'><strong>sci-</strong></span> 
     </span>
    </p>
   </div>
   <div class='ocr_carea' id='block_1_58' title="bbox 325 3152 1058 3225">
    <p class='ocr_par' dir='ltr' id='par_1_58' title="bbox 325 3152 1058 3225">
     <span class='ocr_line' id='line_1_58' title="bbox 325 3152 1058 3225; baseline -0.003 -18"><span class='ocrx_word' id='word_1_374' title='bbox 325 3155 519 3225; x_wconf 73' lang='grc' dir='ltr'>χρόνον</span> <span class='ocrx_word' id='word_1_375' title='bbox 547 3154 676 3206; x_wconf 89' lang='grc' dir='ltr'>πολε</span> <span class='ocrx_word' id='word_1_376' title='bbox 686 3152 914 3223; x_wconf 80' lang='grc' dir='ltr'>μοῦντές</span> <span class='ocrx_word' id='word_1_377' title='bbox 946 3169 1058 3220; x_wconf 84' lang='grc' dir='ltr'>μοι.</span> 
     </span>
    </p>
   </div>
   <div class='ocr_carea' id='block_1_59' title="bbox 400 3244 1909 3316">
    <p class='ocr_par' dir='ltr' id='par_1_59' title="bbox 400 3244 1909 3316">
     <span class='ocr_line' id='line_1_59' title="bbox 400 3244 1909 3316; baseline -0.007 -15"><span class='ocrx_word' id='word_1_378' title='bbox 400 3247 616 3316; x_wconf 79' lang='grc' dir='ltr'>Κύριος</span> <span class='ocrx_word' id='word_1_379' title='bbox 661 3245 914 3312; x_wconf 82' lang='grc' dir='ltr'>δίκαιος.</span> <span class='ocrx_word' id='word_1_380' title='bbox 973 3246 1185 3308; x_wconf 88' lang='grc' dir='ltr'>Ὄντως</span> <span class='ocrx_word' id='word_1_381' title='bbox 1234 3244 1466 3309; x_wconf 81' lang='grc' dir='ltr'>δίκαιος,</span> <span class='ocrx_word' id='word_1_382' title='bbox 1516 3245 1618 3316; x_wconf 79' lang='grc' dir='ltr'><strong>ἐμὲ</strong></span> <span class='ocrx_word' id='word_1_383' title='bbox 1667 3246 1768 3313; x_wconf 78' lang='grc' dir='ltr'>μὲν</span> <span class='ocrx_word' id='word_1_384' title='bbox 1804 3247 1909 3301; x_wconf 76' lang='grc' dir='ltr'><strong>πά-</strong></span> 
     </span>
    </p>
   </div>
   <div class='ocr_carea' id='block_1_60' title="bbox 327 3337 1907 3410">
    <p class='ocr_par' dir='ltr' id='par_1_60' title="bbox 327 3337 1907 3410">
     <span class='ocr_line' id='line_1_60' title="bbox 327 3337 1907 3410; baseline 0 -19"><span class='ocrx_word' id='word_1_385' title='bbox 327 3356 481 3409; x_wconf 84' lang='grc' dir='ltr'>σχειν</span> <span class='ocrx_word' id='word_1_386' title='bbox 528 3337 903 3409; x_wconf 84' lang='grc' dir='ltr'>παραχωρῶν,</span> <span class='ocrx_word' id='word_1_387' title='bbox 965 3337 1055 3390; x_wconf 86' lang='grc' dir='ltr'>ἴνα</span> <span class='ocrx_word' id='word_1_388' title='bbox 1126 3338 1572 3409; x_wconf 74' lang='grc' dir='ltr'>σωφρονέστερος</span> <span class='ocrx_word' id='word_1_389' title='bbox 1638 3340 1907 3410; x_wconf 79' lang='grc' dir='ltr'>γένωμαι,</span> 
     </span>
    </p>
   </div>
   <div class='ocr_carea' id='block_1_61' title="bbox 325 3428 1914 3498">
    <p class='ocr_par' dir='ltr' id='par_1_61' title="bbox 325 3428 1914 3498">
     <span class='ocr_line' id='line_1_61' title="bbox 325 3428 1914 3498; baseline 0 -15"><span class='ocrx_word' id='word_1_390' title='bbox 325 3430 572 3494; x_wconf 71' lang='grc' dir='ltr'>ἰκείνους</span> <span class='ocrx_word' id='word_1_391' title='bbox 599 3430 655 3484; x_wconf 78' lang='grc' dir='ltr'>δὲ</span> <span class='ocrx_word' id='word_1_392' title='bbox 680 3428 949 3494; x_wconf 76' lang='grc' dir='ltr'>κολάζων,</span> <span class='ocrx_word' id='word_1_393' title='bbox 981 3428 1059 3493; x_wconf 86' lang='grc' dir='ltr'><strong>ῶς</strong></span> <span class='ocrx_word' id='word_1_394' title='bbox 1107 3428 1310 3493; x_wconf 80' lang='grc' dir='ltr'>ἀδίκως</span> <span class='ocrx_word' id='word_1_395' title='bbox 1356 3429 1740 3498; x_wconf 73' lang='grc' dir='ltr'>ἐπιθεμένους,</span> <span class='ocrx_word' id='word_1_396' title='bbox 1810 3431 1914 3485; x_wconf 79' lang='grc' dir='ltr'>καὶ</span> 
     </span>
    </p>
   </div>
   <div class='ocr_carea' id='block_1_62' title="bbox 330 3522 632 3593">
    <p class='ocr_par' dir='ltr' id='par_1_62' title="bbox 330 3522 632 3593">
     <span class='ocr_line' id='line_1_62' title="bbox 330 3522 632 3593; baseline 0.003 -17"><span class='ocrx_word' id='word_1_397' title='bbox 330 3522 632 3593; x_wconf 78' lang='grc' dir='ltr'>φθονερῶς.</span> 
     </span>
    </p>
   </div>
   <div class='ocr_carea' id='block_1_63' title="bbox 406 3613 1915 3686">
    <p class='ocr_par' dir='ltr' id='par_1_63' title="bbox 406 3613 1915 3686">
     <span class='ocr_line' id='line_1_63' title="bbox 406 3613 1915 3686; baseline -0.001 -17"><span class='ocrx_word' id='word_1_398' title='bbox 406 3614 761 3684; x_wconf 71' lang='grc' dir='ltr'>Συνέκοψεν</span> <span class='ocrx_word' id='word_1_399' title='bbox 806 3613 1069 3684; x_wconf 82' lang='grc' dir='ltr'>αὐχένας</span> <span class='ocrx_word' id='word_1_400' title='bbox 1104 3614 1490 3686; x_wconf 74' lang='grc' dir='ltr'>ἁμαρτωλῶν.</span> <span class='ocrx_word' id='word_1_401' title='bbox 1552 3614 1781 3685; x_wconf 70' lang='grc' dir='ltr'>Διέκοψε</span> <span class='ocrx_word' id='word_1_402' title='bbox 1813 3613 1915 3686; x_wconf 83' lang='grc' dir='ltr'>τὴν</span> 
     </span>
    </p>
   </div>
   <div class='ocr_carea' id='block_1_64' title="bbox 328 3706 1909 3779">
    <p class='ocr_par' dir='ltr' id='par_1_64' title="bbox 328 3706 1909 3779">
     <span class='ocr_line' id='line_1_64' title="bbox 328 3706 1909 3779; baseline 0 -20"><span class='ocrx_word' id='word_1_403' title='bbox 328 3706 666 3777; x_wconf 77' lang='grc' dir='ltr'>ὑψαυχενίαν</span> <span class='ocrx_word' id='word_1_404' title='bbox 705 3706 816 3761; x_wconf 86' lang='grc' dir='ltr'><strong>τῶν</strong></span> <span class='ocrx_word' id='word_1_405' title='bbox 847 3707 1150 3777; x_wconf 81' lang='grc' dir='ltr'>πολεμίων,</span> <span class='ocrx_word' id='word_1_406' title='bbox 1187 3708 1379 3778; x_wconf 82' lang='grc' dir='ltr'>ἀφεῖλε</span> <span class='ocrx_word' id='word_1_407' title='bbox 1399 3706 1501 3778; x_wconf 79' lang='grc' dir='ltr'>τὴν</span> <span class='ocrx_word' id='word_1_408' title='bbox 1553 3707 1787 3779; x_wconf 76' lang='grc' dir='ltr'>ἔπαρσιν</span> <span class='ocrx_word' id='word_1_409' title='bbox 1817 3707 1909 3761; x_wconf 84' lang='grc' dir='ltr'><strong>αὑ·</strong></span> 
     </span>
    </p>
   </div>
   <div class='ocr_carea' id='block_1_65' title="bbox 329 3799 1482 3870">
    <p class='ocr_par' dir='ltr' id='par_1_65' title="bbox 329 3799 1482 3870">
     <span class='ocr_line' id='line_1_65' title="bbox 329 3799 1482 3870; baseline -0.001 -15"><span class='ocrx_word' id='word_1_410' title='bbox 329 3800 459 3865; x_wconf 87' lang='grc' dir='ltr'>τῶν,</span> <span class='ocrx_word' id='word_1_411' title='bbox 504 3799 1008 3870; x_wconf 73' lang='grc' dir='ltr'>ἐπικρατεστέρους</span> <span class='ocrx_word' id='word_1_412' title='bbox 1039 3800 1188 3870; x_wconf 82' lang='grc' dir='ltr'>ἡμᾶς</span> <span class='ocrx_word' id='word_1_413' title='bbox 1220 3802 1482 3869; x_wconf 85' lang='grc' dir='ltr'>ποιήσας.</span> 
     </span>
    </p>
   </div>
   <div class='ocr_carea' id='block_1_66' title="bbox 391 3887 1913 3959">
    <p class='ocr_par' dir='ltr' id='par_1_66' title="bbox 391 3887 1913 3959">
     <span class='ocr_line' id='line_1_66' title="bbox 391 3887 1913 3959; baseline 0 -16"><span class='ocrx_word' id='word_1_414' title='bbox 391 3887 932 3959; x_wconf 78' lang='grc' dir='ltr'>Αῑσχυνθήτωσαν,</span> <span class='ocrx_word' id='word_1_415' title='bbox 957 3889 1057 3943; x_wconf 75' lang='grc' dir='ltr'><strong>καὶ</strong></span> <span class='ocrx_word' id='word_1_416' title='bbox 1087 3888 1660 3959; x_wconf 67' lang='grc' dir='ltr'>ἁποστραφήτωσαν</span> <span class='ocrx_word' id='word_1_417' title='bbox 1688 3889 1913 3956; x_wconf 80' lang='grc' dir='ltr'>πάντες</span> 
     </span>
    </p>
   </div>
   <div class='ocr_carea' id='block_1_67' title="bbox 326 3981 1911 4052">
    <p class='ocr_par' dir='ltr' id='par_1_67' title="bbox 326 3981 1911 4052">
     <span class='ocr_line' id='line_1_67' title="bbox 326 3981 1911 4052; baseline -0.002 -14"><span class='ocrx_word' id='word_1_418' title='bbox 326 3986 383 4039; x_wconf 78' lang='lat' dir='ltr'><strong>ci</strong></span> <span class='ocrx_word' id='word_1_419' title='bbox 406 3982 734 4052; x_wconf 84' lang='grc' dir='ltr'>μισοῦντες</span> <span class='ocrx_word' id='word_1_420' title='bbox 759 3981 934 4036; x_wconf 83' lang='grc' dir='ltr'>Σιών.</span> <span class='ocrx_word' id='word_1_421' title='bbox 960 3981 1030 4034; x_wconf 83' lang='grc' dir='ltr'><em>Ἦ</em></span> <span class='ocrx_word' id='word_1_422' title='bbox 1053 3981 1345 4047; x_wconf 80' lang='grc' dir='ltr'>εὐκτικῶς,</span> <span class='ocrx_word' id='word_1_423' title='bbox 1381 3982 1504 4035; x_wconf 64' lang='grc' dir='ltr'><strong>ἀντὶ⁸</strong></span> <span class='ocrx_word' id='word_1_424' title='bbox 1529 3983 1622 4034; x_wconf 86' lang='grc' dir='ltr'><strong>τοῦ</strong></span> <span class='ocrx_word' id='word_1_425' title='bbox 1646 3985 1911 4049; x_wconf 74' lang='grc' dir='ltr'>Αἰσχυν-</span> 
     </span>
    </p>
   </div>
   <div class='ocr_carea' id='block_1_68' title="bbox 326 4072 1906 4147">
    <p class='ocr_par' dir='ltr' id='par_1_68' title="bbox 326 4072 1906 4147">
     <span class='ocr_line' id='line_1_68' title="bbox 326 4072 1906 4147; baseline -0.002 -18"><span class='ocrx_word' id='word_1_426' title='bbox 326 4076 606 4142; x_wconf 76' lang='grc' dir='ltr'>οείησαν,</span> <span class='ocrx_word' id='word_1_427' title='bbox 639 4073 673 4147; x_wconf 77' lang='grc' dir='ltr'>ἢ</span> <span class='ocrx_word' id='word_1_428' title='bbox 699 4072 1058 4144; x_wconf 76' lang='grc' dir='ltr'>προφητικῶς</span> <span class='ocrx_word' id='word_1_429' title='bbox 1089 4075 1212 4127; x_wconf 74' lang='grc' dir='ltr'>ἀντὶ</span> <span class='ocrx_word' id='word_1_430' title='bbox 1244 4072 1341 4127; x_wconf 85' lang='grc' dir='ltr'><strong>τοῦ</strong></span> <span class='ocrx_word' id='word_1_431' title='bbox 1355 4074 1906 4142; x_wconf 72' lang='grc' dir='ltr'>Αἰσχυνθήσονται,</span> 
     </span>
    </p>
   </div>
   <div class='ocr_carea' id='block_1_69' title="bbox 327 4153 1908 4234">
    <p class='ocr_par' dir='ltr' id='par_1_69' title="bbox 327 4153 1908 4234">
     <span class='ocr_line' id='line_1_69' title="bbox 327 4153 1908 4234; baseline 0.001 -18"><span class='ocrx_word' id='word_1_432' title='bbox 327 4153 420 4216; x_wconf 70' lang='grc' dir='ltr'><strong>καὶ</strong></span> <span class='ocrx_word' id='word_1_433' title='bbox 445 4164 510 4217; x_wconf 82' lang='grc' dir='ltr'>τὰ</span> <span class='ocrx_word' id='word_1_434' title='bbox 550 4163 675 4234; x_wconf 78' lang='grc' dir='ltr'><strong>ἑξῆς</strong></span> <span class='ocrx_word' id='word_1_435' title='bbox 706 4164 928 4233; x_wconf 78' lang='grc' dir='ltr'>ὁμοίως.</span> <span class='ocrx_word' id='word_1_436' title='bbox 961 4162 1288 4234; x_wconf 77' lang='grc' dir='ltr'>Ἀρμόζουσι</span> <span class='ocrx_word' id='word_1_437' title='bbox 1338 4164 1397 4218; x_wconf 71' lang='grc' dir='ltr'>δὲ</span> <span class='ocrx_word' id='word_1_438' title='bbox 1449 4167 1520 4217; x_wconf 80' lang='grc' dir='ltr'>τὰ</span> <span class='ocrx_word' id='word_1_439' title='bbox 1570 4164 1664 4216; x_wconf 86' lang='grc' dir='ltr'><strong>τοῦ</strong></span> <span class='ocrx_word' id='word_1_440' title='bbox 1689 4163 1908 4233; x_wconf 78' lang='grc' dir='ltr'>ψαλμοῦ</span> 
     </span>
    </p>
   </div>
   <div class='ocr_carea' id='block_1_70' title="bbox 326 4255 1908 4328">
    <p class='ocr_par' dir='ltr' id='par_1_70' title="bbox 326 4255 1908 4328">
     <span class='ocr_line' id='line_1_70' title="bbox 326 4255 1908 4328; baseline -0.001 -18"><span class='ocrx_word' id='word_1_441' title='bbox 326 4256 564 4310; x_wconf 80' lang='grc' dir='ltr'>νοεῖσθαι</span> <span class='ocrx_word' id='word_1_442' title='bbox 596 4257 692 4310; x_wconf 79' lang='grc' dir='ltr'>καὶ</span> <span class='ocrx_word' id='word_1_443' title='bbox 724 4255 977 4326; x_wconf 85' lang='grc' dir='ltr'>λέγεσθαι</span> <span class='ocrx_word' id='word_1_444' title='bbox 1006 4256 1104 4309; x_wconf 59' lang='grc' dir='ltr'><strong>καὶ⁵</strong></span> <span class='ocrx_word' id='word_1_445' title='bbox 1144 4256 1274 4327; x_wconf 62' lang='grc' dir='ltr'><strong>περὶ¹</strong></span> <span class='ocrx_word' id='word_1_446' title='bbox 1318 4257 1418 4328; x_wconf 80' lang='grc' dir='ltr'>τῆς</span> <span class='ocrx_word' id='word_1_447' title='bbox 1465 4257 1591 4323; x_wconf 83' lang='grc' dir='ltr'>νέας</span> <span class='ocrx_word' id='word_1_448' title='bbox 1621 4255 1760 4311; x_wconf 86' lang='grc' dir='ltr'>Σιὼν</span> <span class='ocrx_word' id='word_1_449' title='bbox 1805 4260 1908 4328; x_wconf 82' lang='grc' dir='ltr'>τῆς</span> 
     </span>
    </p>
   </div>
   <div class='ocr_carea' id='block_1_71' title="bbox 324 4343 1467 4416">
    <p class='ocr_par' dir='ltr' id='par_1_71' title="bbox 324 4343 1467 4416">
     <span class='ocr_line' id='line_1_71' title="bbox 324 4343 1467 4416; baseline 0.003 -16"><span class='ocrx_word' id='word_1_450' title='bbox 324 4343 659 4416; x_wconf 78' lang='grc' dir='ltr'>Ἐκκλησίας</span> <span class='ocrx_word' id='word_1_451' title='bbox 688 4345 798 4400; x_wconf 84' lang='grc' dir='ltr'><strong>τῶν</strong></span> <span class='ocrx_word' id='word_1_452' title='bbox 824 4345 1058 4401; x_wconf 87' lang='grc' dir='ltr'>πιστῶν.</span> <span class='ocrx_word' id='word_1_453' title='bbox 1465 4366 1467 4371; x_wconf 61' lang='lat'><em>‘</em></span> 
     </span>
    </p>
   </div>
   <div class='ocr_carea' id='block_1_72' title="bbox 2022 3163 2647 3233">
    <p class='ocr_par' dir='ltr' id='par_1_72' title="bbox 2022 3163 2647 3233">
     <span class='ocr_line' id='line_1_72' title="bbox 2022 3163 2647 3233; baseline -0.005 -15"><span class='ocrx_word' id='word_1_454' title='bbox 2022 3164 2150 3218; x_wconf 81' lang='lat' dir='ltr'><strong>licet</strong></span> <span class='ocrx_word' id='word_1_455' title='bbox 2179 3179 2265 3217; x_wconf 89' lang='lat' dir='ltr'><strong>me</strong></span> <span class='ocrx_word' id='word_1_456' title='bbox 2305 3163 2647 3233; x_wconf 76' lang='lat' dir='ltr'><strong>impugnant.</strong></span> 
     </span>
    </p>
   </div>
   <div class='ocr_carea' id='block_1_73' title="bbox 2092 3250 3603 3321">
    <p class='ocr_par' dir='ltr' id='par_1_73' title="bbox 2092 3250 3603 3321">
     <span class='ocr_line' id='line_1_73' title="bbox 2092 3250 3603 3321; baseline -0.002 -12"><span class='ocrx_word' id='word_1_457' title='bbox 2092 3255 2259 3309; x_wconf 72' lang='lat' dir='ltr'><strong>Vens.</strong></span> <span class='ocrx_word' id='word_1_458' title='bbox 2292 3254 2344 3307; x_wconf 75' lang='grc'>4.</span> <span class='ocrx_word' id='word_1_459' title='bbox 2382 3252 2640 3306; x_wconf 80' lang='lat' dir='ltr'><strong>Dominus</strong></span> <span class='ocrx_word' id='word_1_460' title='bbox 2663 3250 2868 3321; x_wconf 77' lang='lat' dir='ltr'><strong>justus.</strong></span> <span class='ocrx_word' id='word_1_461' title='bbox 2902 3250 3044 3307; x_wconf 79' lang='lat' dir='ltr'><strong>Vere</strong></span> <span class='ocrx_word' id='word_1_462' title='bbox 3095 3251 3279 3320; x_wconf 80' lang='lat' dir='ltr'><strong>iustus</strong></span> <span class='ocrx_word' id='word_1_463' title='bbox 3321 3259 3406 3307; x_wconf 89' lang='lat' dir='ltr'><strong>est</strong></span> <span class='ocrx_word' id='word_1_464' title='bbox 3439 3289 3455 3315; x_wconf 90' lang='lat'><strong>,</strong></span> <span class='ocrx_word' id='word_1_465' title='bbox 3515 3264 3603 3306; x_wconf 87' lang='lat' dir='ltr'><strong>me</strong></span> 
     </span>
    </p>
   </div>
   <div class='ocr_carea' id='block_1_74' title="bbox 2017 3342 3602 3416">
    <p class='ocr_par' dir='ltr' id='par_1_74' title="bbox 2017 3342 3602 3416">
     <span class='ocr_line' id='line_1_74' title="bbox 2017 3342 3602 3416; baseline -0.001 -17"><span class='ocrx_word' id='word_1_466' title='bbox 2017 3347 2241 3416; x_wconf 79' lang='lat' dir='ltr'><strong>quidem</strong></span> <span class='ocrx_word' id='word_1_467' title='bbox 2278 3344 2389 3414; x_wconf 89' lang='lat' dir='ltr'><strong>pati</strong></span> <span class='ocrx_word' id='word_1_468' title='bbox 2423 3344 2780 3413; x_wconf 77' lang='lat' dir='ltr'><strong>permittens,</strong></span> <span class='ocrx_word' id='word_1_469' title='bbox 2814 3355 2872 3398; x_wconf 92' lang='lat' dir='ltr'><strong>ut</strong></span> <span class='ocrx_word' id='word_1_470' title='bbox 2911 3343 3243 3398; x_wconf 78' lang='lat' dir='ltr'><strong>moderatior</strong></span> <span class='ocrx_word' id='word_1_471' title='bbox 3278 3342 3401 3396; x_wconf 86' lang='lat' dir='ltr'><strong>fiam</strong></span> <span class='ocrx_word' id='word_1_472' title='bbox 3430 3380 3446 3405; x_wconf 90' lang='lat'><strong>,</strong></span> <span class='ocrx_word' id='word_1_473' title='bbox 3477 3342 3602 3398; x_wconf 87' lang='lat' dir='ltr'><strong>illos</strong></span> 
     </span>
    </p>
   </div>
   <div class='ocr_carea' id='block_1_75' title="bbox 2017 3433 3601 3505">
    <p class='ocr_par' dir='ltr' id='par_1_75' title="bbox 2017 3433 3601 3505">
     <span class='ocr_line' id='line_1_75' title="bbox 2017 3433 3601 3505; baseline 0 -16"><span class='ocrx_word' id='word_1_474' title='bbox 2017 3451 2147 3492; x_wconf 75' lang='lat' dir='ltr'><strong>vero</strong></span> <span class='ocrx_word' id='word_1_475' title='bbox 2188 3435 2397 3504; x_wconf 83' lang='lat' dir='ltr'><strong>injuste</strong></span> <span class='ocrx_word' id='word_1_476' title='bbox 2427 3433 2485 3488; x_wconf 92' lang='lat' dir='ltr'><strong>in</strong></span> <span class='ocrx_word' id='word_1_477' title='bbox 2546 3449 2633 3489; x_wconf 89' lang='lat' dir='ltr'><strong>me</strong></span> <span class='ocrx_word' id='word_1_478' title='bbox 2677 3433 2958 3492; x_wconf 89' lang='lat' dir='ltr'><strong>irruentes</strong></span> <span class='ocrx_word' id='word_1_479' title='bbox 2984 3473 3001 3501; x_wconf 87' lang='lat'><strong>,</strong></span> <span class='ocrx_word' id='word_1_480' title='bbox 3062 3442 3337 3505; x_wconf 85' lang='lat' dir='ltr'><strong>tanquam</strong></span> <span class='ocrx_word' id='word_1_481' title='bbox 3382 3433 3601 3489; x_wconf 70' lang='lat' dir='ltr'><strong>invidos</strong></span> 
     </span>
    </p>
   </div>
   <div class='ocr_carea' id='block_1_76' title="bbox 2016 3528 2316 3596">
    <p class='ocr_par' dir='ltr' id='par_1_76' title="bbox 2016 3528 2316 3596">
     <span class='ocr_line' id='line_1_76' title="bbox 2016 3528 2316 3596; baseline -0.003 -14"><span class='ocrx_word' id='word_1_482' title='bbox 2016 3528 2316 3596; x_wconf 71' lang='lat' dir='ltr'><strong>castigans.</strong></span> 
     </span>
    </p>
   </div>
   <div class='ocr_carea' id='block_1_77' title="bbox 2086 3617 3602 3687">
    <p class='ocr_par' dir='ltr' id='par_1_77' title="bbox 2086 3617 3602 3687">
     <span class='ocr_line' id='line_1_77' title="bbox 2086 3617 3602 3687; baseline -0.001 -14"><span class='ocrx_word' id='word_1_483' title='bbox 2086 3618 2330 3673; x_wconf 82' lang='lat' dir='ltr'><strong>Concidit</strong></span> <span class='ocrx_word' id='word_1_484' title='bbox 2361 3618 2583 3673; x_wconf 79' lang='lat' dir='ltr'><strong>cervices</strong></span> <span class='ocrx_word' id='word_1_485' title='bbox 2612 3628 2974 3687; x_wconf 79' lang='lat' dir='ltr'><strong>peccatorum.</strong></span> <span class='ocrx_word' id='word_1_486' title='bbox 2996 3619 3178 3674; x_wconf 89' lang='lat' dir='ltr'><strong>Elatas</strong></span> <span class='ocrx_word' id='word_1_487' title='bbox 3202 3617 3444 3674; x_wconf 88' lang='lat' dir='ltr'><strong>hostium</strong></span> <span class='ocrx_word' id='word_1_488' title='bbox 3477 3632 3602 3673; x_wconf 88' lang='lat' dir='ltr'><strong>cer-</strong></span> 
     </span>
    </p>
   </div>
   <div class='ocr_carea' id='block_1_78' title="bbox 2015 3710 3598 3781">
    <p class='ocr_par' dir='ltr' id='par_1_78' title="bbox 2015 3710 3598 3781">
     <span class='ocr_line' id='line_1_78' title="bbox 2015 3710 3598 3781; baseline -0.001 -16"><span class='ocrx_word' id='word_1_489' title='bbox 2015 3710 2187 3776; x_wconf 82' lang='lat' dir='ltr'><strong>vices,</strong></span> <span class='ocrx_word' id='word_1_490' title='bbox 2221 3711 2327 3766; x_wconf 81' lang='grc' dir='ltr'>Ιιοο</span> <span class='ocrx_word' id='word_1_491' title='bbox 2364 3719 2471 3773; x_wconf 83' lang='lat' dir='ltr'><strong>ost,</strong></span> <span class='ocrx_word' id='word_1_492' title='bbox 2505 3713 2885 3779; x_wconf 78' lang='lat' dir='ltr'><strong>arrogantiam</strong></span> <span class='ocrx_word' id='word_1_493' title='bbox 2923 3719 2978 3766; x_wconf 88' lang='lat' dir='ltr'><strong>et</strong></span> <span class='ocrx_word' id='word_1_494' title='bbox 3021 3710 3340 3781; x_wconf 78' lang='lat' dir='ltr'><strong>superbiam</strong></span> <span class='ocrx_word' id='word_1_495' title='bbox 3384 3710 3598 3765; x_wconf 91' lang='lat' dir='ltr'><strong>illorum</strong></span> 
     </span>
    </p>
   </div>
   <div class='ocr_carea' id='block_1_79' title="bbox 2014 3801 3241 3871">
    <p class='ocr_par' dir='ltr' id='par_1_79' title="bbox 2014 3801 3241 3871">
     <span class='ocr_line' id='line_1_79' title="bbox 2014 3801 3241 3871; baseline 0.002 -16"><span class='ocrx_word' id='word_1_496' title='bbox 2014 3803 2260 3865; x_wconf 79' lang='lat' dir='ltr'><strong>abstulit,</strong></span> <span class='ocrx_word' id='word_1_497' title='bbox 2296 3801 2426 3856; x_wconf 88' lang='lat' dir='ltr'><strong>dum</strong></span> <span class='ocrx_word' id='word_1_498' title='bbox 2459 3802 2569 3857; x_wconf 90' lang='lat' dir='ltr'><strong>illis</strong></span> <span class='ocrx_word' id='word_1_499' title='bbox 2608 3819 2709 3858; x_wconf 87' lang='lat' dir='ltr'><strong>nos</strong></span> <span class='ocrx_word' id='word_1_500' title='bbox 2741 3803 3057 3871; x_wconf 86' lang='lat' dir='ltr'><strong>superiores</strong></span> <span class='ocrx_word' id='word_1_501' title='bbox 3090 3803 3241 3858; x_wconf 89' lang='lat' dir='ltr'><strong>facit.</strong></span> 
     </span>
    </p>
   </div>
   <div class='ocr_carea' id='block_1_80' title="bbox 2090 3892 3597 3963">
    <p class='ocr_par' dir='ltr' id='par_1_80' title="bbox 2090 3892 3597 3963">
     <span class='ocr_line' id='line_1_80' title="bbox 2090 3892 3597 3963; baseline 0 -15"><span class='ocrx_word' id='word_1_502' title='bbox 2090 3892 2256 3948; x_wconf 72' lang='lat' dir='ltr'><strong>Vens.</strong></span> <span class='ocrx_word' id='word_1_503' title='bbox 2285 3892 2338 3948; x_wconf 80' lang='grc'>5.</span> <span class='ocrx_word' id='word_1_504' title='bbox 2375 3893 2787 3961; x_wconf 81' lang='lat' dir='ltr'><strong>Confundantur</strong></span> <span class='ocrx_word' id='word_1_505' title='bbox 2818 3906 2866 3948; x_wconf 79' lang='lat' dir='ltr'><strong>at</strong></span> <span class='ocrx_word' id='word_1_506' title='bbox 2894 3904 3268 3950; x_wconf 76' lang='lat' dir='ltr'><strong>convertantur</strong></span> <span class='ocrx_word' id='word_1_507' title='bbox 3285 3905 3597 3963; x_wconf 75' lang='lat' dir='ltr'><strong>retmrsum,</strong></span> 
     </span>
    </p>
   </div>
   <div class='ocr_carea' id='block_1_81' title="bbox 2013 3985 3599 4056">
    <p class='ocr_par' dir='ltr' id='par_1_81' title="bbox 2013 3985 3599 4056">
     <span class='ocr_line' id='line_1_81' title="bbox 2013 3985 3599 4056; baseline 0.001 -18"><span class='ocrx_word' id='word_1_508' title='bbox 2013 4001 2190 4038; x_wconf 78' lang='lat' dir='ltr'><strong>omnes</strong></span> <span class='ocrx_word' id='word_1_509' title='bbox 2214 3987 2303 4046; x_wconf 79' lang='lat' dir='ltr'><strong>qui</strong></span> <span class='ocrx_word' id='word_1_510' title='bbox 2335 3987 2556 4039; x_wconf 79' lang='lat' dir='ltr'><strong>oderunt</strong></span> <span class='ocrx_word' id='word_1_511' title='bbox 2592 3985 2744 4041; x_wconf 85' lang='lat' dir='ltr'><strong>Sion.</strong></span> <span class='ocrx_word' id='word_1_512' title='bbox 2775 3985 3030 4054; x_wconf 88' lang='lat' dir='ltr'><strong>Optantis</strong></span> <span class='ocrx_word' id='word_1_513' title='bbox 3063 3995 3193 4040; x_wconf 83' lang='lat' dir='ltr'><strong>sunt</strong></span> <span class='ocrx_word' id='word_1_514' title='bbox 3227 3989 3388 4041; x_wconf 87' lang='lat' dir='ltr'><strong>verba</strong></span> <span class='ocrx_word' id='word_1_515' title='bbox 3430 3995 3599 4056; x_wconf 82' lang='lat' dir='ltr'><strong>(Iam-</strong></span> 
     </span>
    </p>
   </div>
   <div class='ocr_carea' id='block_1_82' title="bbox 2010 4074 3596 4145">
    <p class='ocr_par' dir='ltr' id='par_1_82' title="bbox 2010 4074 3596 4145">
     <span class='ocr_line' id='line_1_82' title="bbox 2010 4074 3596 4145; baseline 0 -16"><span class='ocrx_word' id='word_1_516' title='bbox 2010 4078 2141 4140; x_wconf 80' lang='lat' dir='ltr'><strong>etsi,</strong></span> <span class='ocrx_word' id='word_1_517' title='bbox 2180 4083 2240 4129; x_wconf 88' lang='lat' dir='ltr'><strong>ut</strong></span> <span class='ocrx_word' id='word_1_518' title='bbox 2271 4090 2336 4129; x_wconf 78' lang='lat' dir='ltr'><strong>ex</strong></span> <span class='ocrx_word' id='word_1_519' title='bbox 2368 4074 2556 4130; x_wconf 66' lang='lat' dir='ltr'><strong>Graeca</strong></span> <span class='ocrx_word' id='word_1_520' title='bbox 2591 4076 2827 4130; x_wconf 86' lang='lat' dir='ltr'><strong>lectione</strong></span> <span class='ocrx_word' id='word_1_521' title='bbox 2869 4076 3157 4130; x_wconf 80' lang='lat' dir='ltr'><strong>manifeste</strong></span> <span class='ocrx_word' id='word_1_522' title='bbox 3208 4077 3551 4145; x_wconf 82' lang='lat' dir='ltr'><strong>dignoscitur</strong></span> <span class='ocrx_word' id='word_1_523' title='bbox 3579 4118 3596 4142; x_wconf 92' lang='lat'><strong>,</strong></span> 
     </span>
    </p>
   </div>
   <div class='ocr_carea' id='block_1_83' title="bbox 2013 4162 3600 4235">
    <p class='ocr_par' dir='ltr' id='par_1_83' title="bbox 2013 4162 3600 4235">
     <span class='ocr_line' id='line_1_83' title="bbox 2013 4162 3600 4235; baseline 0.001 -15"><span class='ocrx_word' id='word_1_524' title='bbox 2013 4165 2337 4235; x_wconf 86' lang='lat' dir='ltr'><strong>imperantis</strong></span> <span class='ocrx_word' id='word_1_525' title='bbox 2369 4166 2594 4219; x_wconf 87' lang='lat' dir='ltr'><strong>modum</strong></span> <span class='ocrx_word' id='word_1_526' title='bbox 2629 4162 2935 4233; x_wconf 78' lang='lat' dir='ltr'><strong>habeant).</strong></span> <span class='ocrx_word' id='word_1_527' title='bbox 2971 4166 3067 4220; x_wconf 81' lang='lat' dir='ltr'><strong>Vel</strong></span> <span class='ocrx_word' id='word_1_528' title='bbox 3095 4167 3416 4235; x_wconf 83' lang='lat' dir='ltr'><strong>prophetico</strong></span> <span class='ocrx_word' id='word_1_529' title='bbox 3446 4180 3600 4221; x_wconf 82' lang='lat' dir='ltr'><strong>more</strong></span> 
     </span>
    </p>
   </div>
   <div class='ocr_carea' id='block_1_84' title="bbox 2011 4257 3595 4327">
    <p class='ocr_par' dir='ltr' id='par_1_84' title="bbox 2011 4257 3595 4327">
     <span class='ocr_line' id='line_1_84' title="bbox 2011 4257 3595 4327; baseline 0.002 -18"><span class='ocrx_word' id='word_1_530' title='bbox 2011 4257 2522 4327; x_wconf 84' lang='lat' dir='ltr'><strong>imperativomodo</strong></span> <span class='ocrx_word' id='word_1_531' title='bbox 2547 4272 2684 4312; x_wconf 90' lang='lat' dir='ltr'><strong>usus</strong></span> <span class='ocrx_word' id='word_1_532' title='bbox 2714 4265 2821 4322; x_wconf 82' lang='lat' dir='ltr'><strong>est,</strong></span> <span class='ocrx_word' id='word_1_533' title='bbox 2842 4272 2946 4327; x_wconf 82' lang='lat' dir='ltr'><strong>pro</strong></span> <span class='ocrx_word' id='word_1_534' title='bbox 2965 4258 3171 4324; x_wconf 91' lang='lat' dir='ltr'><strong>futuro,</strong></span> <span class='ocrx_word' id='word_1_535' title='bbox 3195 4272 3256 4310; x_wconf 90' lang='lat' dir='ltr'><strong>ac</strong></span> <span class='ocrx_word' id='word_1_536' title='bbox 3278 4259 3323 4311; x_wconf 89' lang='lat' dir='ltr'><strong>si</strong></span> <span class='ocrx_word' id='word_1_537' title='bbox 3344 4257 3553 4312; x_wconf 73' lang='lat' dir='ltr'><strong>diceret</strong></span> <span class='ocrx_word' id='word_1_538' title='bbox 3579 4273 3595 4312; x_wconf 89' lang='lat'><strong>:</strong></span> 
     </span>
    </p>
   </div>
   <div class='ocr_carea' id='block_1_85' title="bbox 2010 4347 3601 4419">
    <p class='ocr_par' dir='ltr' id='par_1_85' title="bbox 2010 4347 3601 4419">
     <span class='ocr_line' id='line_1_85' title="bbox 2010 4347 3601 4419; baseline 0.002 -19"><span class='ocrx_word' id='word_1_539' title='bbox 2010 4347 2435 4403; x_wconf 86' lang='lat' dir='ltr'><strong>Coufundentur</strong></span> <span class='ocrx_word' id='word_1_540' title='bbox 2467 4357 2523 4403; x_wconf 88' lang='lat' dir='ltr'><strong>et</strong></span> <span class='ocrx_word' id='word_1_541' title='bbox 2551 4357 2965 4414; x_wconf 83' lang='lat' dir='ltr'><strong>convertentur,</strong></span> <span class='ocrx_word' id='word_1_542' title='bbox 3001 4364 3165 4418; x_wconf 88' lang='lat' dir='ltr'><strong>quam</strong></span> <span class='ocrx_word' id='word_1_543' title='bbox 3228 4350 3485 4419; x_wconf 83' lang='lat' dir='ltr'><strong>loquendi</strong></span> <span class='ocrx_word' id='word_1_544' title='bbox 3538 4349 3601 4403; x_wconf 84' lang='lat' dir='ltr'><strong>li-</strong></span> 
     </span>
    </p>
   </div>
   <div class='ocr_carea' id='block_1_86' title="bbox 324 4440 3599 4512">
    <p class='ocr_par' dir='ltr' id='par_1_86' title="bbox 324 4440 3599 4512">
     <span class='ocr_line' id='line_1_86' title="bbox 324 4440 3599 4512; baseline 0.002 -16"><span class='ocrx_word' id='word_1_545' title='bbox 324 4457 514 4512; x_wconf 73' lang='lat' dir='ltr'><strong>gurem</strong></span> <span class='ocrx_word' id='word_1_546' title='bbox 552 4440 607 4496; x_wconf 91' lang='lat' dir='ltr'><strong>in</strong></span> <span class='ocrx_word' id='word_1_547' title='bbox 641 4444 1000 4512; x_wconf 85' lang='lat' dir='ltr'><strong>sequentibus</strong></span> <span class='ocrx_word' id='word_1_548' title='bbox 1020 4445 1187 4500; x_wconf 87' lang='lat' dir='ltr'><strong>etiam</strong></span> <span class='ocrx_word' id='word_1_549' title='bbox 1220 4443 1563 4500; x_wconf 84' lang='lat' dir='ltr'><strong>observabis.</strong></span> <span class='ocrx_word' id='word_1_550' title='bbox 1597 4442 1900 4501; x_wconf 83' lang='lat' dir='ltr'><strong>Possumus</strong></span> <span class='ocrx_word' id='word_1_551' title='bbox 1939 4443 2107 4499; x_wconf 83' lang='lat' dir='ltr'><strong>etiam</strong></span> <span class='ocrx_word' id='word_1_552' title='bbox 2146 4444 2295 4500; x_wconf 85' lang='lat' dir='ltr'><strong>hunc</strong></span> <span class='ocrx_word' id='word_1_553' title='bbox 2320 4443 2593 4500; x_wconf 77' lang='lat' dir='ltr'><strong>psalmum</strong></span> <span class='ocrx_word' id='word_1_554' title='bbox 2628 4445 2698 4500; x_wconf 90' lang='lat' dir='ltr'><strong>de</strong></span> <span class='ocrx_word' id='word_1_555' title='bbox 2725 4459 2868 4502; x_wconf 86' lang='lat' dir='ltr'><strong>nova</strong></span> <span class='ocrx_word' id='word_1_556' title='bbox 2937 4445 3070 4501; x_wconf 87' lang='lat' dir='ltr'><strong>Sion</strong></span> <span class='ocrx_word' id='word_1_557' title='bbox 3101 4485 3118 4511; x_wconf 91' lang='lat'><strong>,</strong></span> <span class='ocrx_word' id='word_1_558' title='bbox 3184 4455 3239 4502; x_wconf 89' lang='lat' dir='ltr'><strong>et</strong></span> <span class='ocrx_word' id='word_1_559' title='bbox 3288 4449 3357 4502; x_wconf 89' lang='lat' dir='ltr'><strong>de</strong></span> <span class='ocrx_word' id='word_1_560' title='bbox 3412 4446 3599 4504; x_wconf 83' lang='lat' dir='ltr'><strong>futura</strong></span> 
     </span>
    </p>
   </div>
   <div class='ocr_carea' id='block_1_87' title="bbox 325 4534 1196 4608">
    <p class='ocr_par' dir='ltr' id='par_1_87' title="bbox 325 4534 1196 4608">
     <span class='ocr_line' id='line_1_87' title="bbox 325 4534 1196 4608; baseline 0.003 -19"><span class='ocrx_word' id='word_1_561' title='bbox 325 4534 566 4590; x_wconf 77' lang='lat' dir='ltr'><strong>ﬁdelium</strong></span> <span class='ocrx_word' id='word_1_562' title='bbox 598 4534 840 4589; x_wconf 86' lang='lat' dir='ltr'><strong>Ecclesia</strong></span> <span class='ocrx_word' id='word_1_563' title='bbox 869 4536 1196 4608; x_wconf 77' lang='lat' dir='ltr'><strong>intelligere.</strong></span> 
     </span>
    </p>
   </div>
   <div class='ocr_carea' id='block_1_88' title="bbox 394 4618 1912 4699">
    <p class='ocr_par' dir='ltr' id='par_1_88' title="bbox 394 4625 1912 4699">
     <span class='ocr_line' id='line_1_88' title="bbox 394 4625 1912 4699; baseline 0.007 -20"><span class='ocrx_word' id='word_1_564' title='bbox 394 4625 850 4693; x_wconf 82' lang='grc' dir='ltr'>Γενηθήτωσαν</span> <span class='ocrx_word' id='word_1_565' title='bbox 902 4626 1045 4681; x_wconf 74' lang='grc' dir='ltr'>ὡσεὶ</span> <span class='ocrx_word' id='word_1_566' title='bbox 1079 4627 1295 4697; x_wconf 82' lang='grc' dir='ltr'>χόρτος</span> <span class='ocrx_word' id='word_1_567' title='bbox 1344 4627 1649 4698; x_wconf 79' lang='grc' dir='ltr'>δωμάτων.</span> <span class='ocrx_word' id='word_1_568' title='bbox 1703 4626 1797 4699; x_wconf 82' lang='grc' dir='ltr'><strong>Μὴ</strong></span> <span class='ocrx_word' id='word_1_569' title='bbox 1842 4626 1912 4690; x_wconf 83' lang='grc' dir='ltr'><strong>ὡς</strong></span> 
     </span>
    </p>
   </div>
   <div class='ocr_carea' id='block_1_89' title="bbox 2017 4618 3603 4699">
    <p class='ocr_par' dir='ltr' id='par_1_89' title="bbox 2094 4618 3603 4694">
     <span class='ocr_line' id='line_1_89' title="bbox 2094 4618 3603 4694; baseline 0.002 -20"><span class='ocrx_word' id='word_1_570' title='bbox 2094 4618 2265 4675; x_wconf 69' lang='lat' dir='ltr'><strong>Vens.</strong></span> <span class='ocrx_word' id='word_1_571' title='bbox 2295 4621 2349 4676; x_wconf 89' lang='lat'><strong>6.</strong></span> <span class='ocrx_word' id='word_1_572' title='bbox 2382 4620 2546 4676; x_wconf 78' lang='lat' dir='ltr'><strong>Fiant</strong></span> <span class='ocrx_word' id='word_1_573' title='bbox 2577 4623 2711 4676; x_wconf 81' lang='lat' dir='ltr'><strong>sicut</strong></span> <span class='ocrx_word' id='word_1_574' title='bbox 2738 4622 2900 4677; x_wconf 79' lang='lat' dir='ltr'><strong>herba</strong></span> <span class='ocrx_word' id='word_1_575' title='bbox 2926 4632 3205 4679; x_wconf 75' lang='lat' dir='ltr'><strong>tectorum.</strong></span> <span class='ocrx_word' id='word_1_576' title='bbox 3233 4622 3348 4678; x_wconf 83' lang='lat' dir='ltr'><strong>Non</strong></span> <span class='ocrx_word' id='word_1_577' title='bbox 3388 4622 3603 4694; x_wconf 79' lang='lat' dir='ltr'><strong>simpli-</strong></span> 
     </span>
    </p>
   </div>
   <div class='ocr_carea' id='block_1_90' title="bbox 330 4715 1917 4789">
    <p class='ocr_par' dir='ltr' id='par_1_90' title="bbox 330 4715 1917 4789">
     <span class='ocr_line' id='line_1_90' title="bbox 330 4715 1917 4789; baseline -0.009 -4"><span class='ocrx_word' id='word_1_578' title='bbox 330 4715 525 4786; x_wconf 72' lang='grc' dir='ltr'>χ”ρτο;</span> <span class='ocrx_word' id='word_1_579' title='bbox 564 4715 774 4780; x_wconf 76' lang='grc' dir='ltr'>ἀπλῶςο</span> <span class='ocrx_word' id='word_1_580' title='bbox 802 4715 921 4770; x_wconf 79' lang='grc' dir='ltr'>ἀλλ’</span> <span class='ocrx_word' id='word_1_581' title='bbox 952 4717 1028 4780; x_wconf 85' lang='grc' dir='ltr'><strong>ὡς</strong></span> <span class='ocrx_word' id='word_1_582' title='bbox 1074 4717 1269 4789; x_wconf 85' lang='grc' dir='ltr'>χόρτος</span> <span class='ocrx_word' id='word_1_583' title='bbox 1318 4719 1412 4772; x_wconf 75' lang='grc' dir='ltr'><strong>ἐπὶ</strong></span> <span class='ocrx_word' id='word_1_584' title='bbox 1462 4718 1733 4788; x_wconf 79' lang='grc' dir='ltr'>δωμάτων</span> <span class='ocrx_word' id='word_1_585' title='bbox 1785 4717 1917 4787; x_wconf 81' lang='grc' dir='ltr'>φυό-</span> 
     </span>
    </p>
   </div>
   <div class='ocr_carea' id='block_1_91' title="bbox 332 4803 1915 4881">
    <p class='ocr_par' dir='ltr' id='par_1_91' title="bbox 332 4803 1915 4881">
     <span class='ocr_line' id='line_1_91' title="bbox 332 4803 1915 4881; baseline 0.003 -22"><span class='ocrx_word' id='word_1_586' title='bbox 332 4824 496 4876; x_wconf 87' lang='grc' dir='ltr'>μενος</span> <span class='ocrx_word' id='word_1_587' title='bbox 520 4824 535 4840; x_wconf 79' lang='grc' dir='ltr'><strong>ο</strong></span> <span class='ocrx_word' id='word_1_588' title='bbox 562 4808 1038 4880; x_wconf 79' lang='grc' dir='ltr'>εὐμαραντὸτερος</span> <span class='ocrx_word' id='word_1_589' title='bbox 1095 4809 1206 4881; x_wconf 81' lang='grc' dir='ltr'>γὰρ</span> <span class='ocrx_word' id='word_1_590' title='bbox 1247 4803 1423 4878; x_wconf 77' lang='grc' dir='ltr'>οὗτος,</span> <span class='ocrx_word' id='word_1_591' title='bbox 1470 4810 1569 4865; x_wconf 80' lang='grc' dir='ltr'>καὶ</span> <span class='ocrx_word' id='word_1_592' title='bbox 1601 4810 1741 4880; x_wconf 80' lang='grc' dir='ltr'>ταχὺ</span> <span class='ocrx_word' id='word_1_593' title='bbox 1796 4809 1915 4863; x_wconf 74' lang='grc' dir='ltr'>διαο</span> 
     </span>
    </p>
   </div>
   <div class='ocr_carea' id='block_1_92' title="bbox 2014 4711 3603 4786">
    <p class='ocr_par' dir='ltr' id='par_1_92' title="bbox 2014 4711 3603 4786">
     <span class='ocr_line' id='line_1_92' title="bbox 2014 4711 3603 4786; baseline 0.004 -21"><span class='ocrx_word' id='word_1_594' title='bbox 2014 4712 2150 4767; x_wconf 84' lang='lat' dir='ltr'><strong>citer</strong></span> <span class='ocrx_word' id='word_1_595' title='bbox 2174 4712 2346 4778; x_wconf 82' lang='lat' dir='ltr'><strong>dixit,</strong></span> <span class='ocrx_word' id='word_1_596' title='bbox 2371 4711 2522 4769; x_wconf 86' lang='lat' dir='ltr'><strong>Sicut</strong></span> <span class='ocrx_word' id='word_1_597' title='bbox 2544 4713 2730 4776; x_wconf 84' lang='lat' dir='ltr'><strong>herba;</strong></span> <span class='ocrx_word' id='word_1_598' title='bbox 2754 4715 2846 4770; x_wconf 87' lang='lat' dir='ltr'><strong>sed</strong></span> <span class='ocrx_word' id='word_1_599' title='bbox 2868 4754 2885 4777; x_wconf 87' lang='lat'><strong><em>.</em></strong></span> <span class='ocrx_word' id='word_1_600' title='bbox 2917 4715 3072 4771; x_wconf 89' lang='lat' dir='ltr'><strong>Sicut</strong></span> <span class='ocrx_word' id='word_1_601' title='bbox 3104 4715 3272 4770; x_wconf 89' lang='lat' dir='ltr'><strong>herba</strong></span> <span class='ocrx_word' id='word_1_602' title='bbox 3298 4728 3417 4781; x_wconf 70' lang='lat' dir='ltr'><strong>qua:</strong></span> <span class='ocrx_word' id='word_1_603' title='bbox 3437 4731 3603 4786; x_wconf 83' lang='lat' dir='ltr'><strong>supra</strong></span> 
     </span>
    </p>
   </div>
   <div class='ocr_carea' id='block_1_93' title="bbox 2017 4800 3604 4860">
    <p class='ocr_par' dir='ltr' id='par_1_93' title="bbox 2017 4800 3604 4860">
     <span class='ocr_line' id='line_1_93' title="bbox 2017 4800 3604 4860; baseline 0.002 -5"><span class='ocrx_word' id='word_1_604' title='bbox 2017 4800 2217 4856; x_wconf 88' lang='lat' dir='ltr'><strong>domos</strong></span> <span class='ocrx_word' id='word_1_605' title='bbox 2245 4800 2300 4854; x_wconf 90' lang='lat' dir='ltr'><strong>in</strong></span> <span class='ocrx_word' id='word_1_606' title='bbox 2334 4802 2495 4856; x_wconf 89' lang='lat' dir='ltr'><strong>tectis</strong></span> <span class='ocrx_word' id='word_1_607' title='bbox 2535 4803 2802 4858; x_wconf 86' lang='lat' dir='ltr'><strong>nascitur.</strong></span> <span class='ocrx_word' id='word_1_608' title='bbox 2835 4803 3092 4858; x_wconf 77' lang='lat' dir='ltr'><strong>Tabescit</strong></span> <span class='ocrx_word' id='word_1_609' title='bbox 3131 4804 3279 4860; x_wconf 85' lang='lat' dir='ltr'><strong>enim</strong></span> <span class='ocrx_word' id='word_1_610' title='bbox 3325 4805 3442 4860; x_wconf 60' lang='lat' dir='ltr'><strong>haec</strong></span> <span class='ocrx_word' id='word_1_611' title='bbox 3468 4804 3604 4859; x_wconf 80' lang='lat' dir='ltr'><strong>faci-</strong></span> 
     </span>
    </p>
   </div>
   <div class='ocr_carea' id='block_1_94' title="bbox 329 4891 1912 4972">
    <p class='ocr_par' dir='ltr' id='par_1_94' title="bbox 329 4899 1912 4972">
     <span class='ocr_line' id='line_1_94' title="bbox 329 4899 1912 4972; baseline 0.001 -18"><span class='ocrx_word' id='word_1_612' title='bbox 329 4899 711 4970; x_wconf 73' lang='grc' dir='ltr'>φθειρόμενος.</span> <span class='ocrx_word' id='word_1_613' title='bbox 749 4901 1150 4972; x_wconf 73' lang='grc' dir='ltr'>Γενηθήτωσαν</span> <span class='ocrx_word' id='word_1_614' title='bbox 1206 4904 1649 4969; x_wconf 80' lang='grc' dir='ltr'>εὐκατάπτωτοι,</span> <span class='ocrx_word' id='word_1_615' title='bbox 1697 4902 1912 4972; x_wconf 83' lang='grc' dir='ltr'>ὠκύμο-</span> 
     </span>
    </p>
   </div>
   <div class='ocr_carea' id='block_1_95' title="bbox 2017 4891 3600 4972">
    <p class='ocr_par' dir='ltr' id='par_1_95' title="bbox 2017 4891 3600 4964">
     <span class='ocr_line' id='line_1_95' title="bbox 2017 4891 3600 4964; baseline 0.004 -20"><span class='ocrx_word' id='word_1_616' title='bbox 2017 4891 2140 4956; x_wconf 80' lang='lat' dir='ltr'><strong>lius,</strong></span> <span class='ocrx_word' id='word_1_617' title='bbox 2175 4899 2229 4945; x_wconf 90' lang='lat' dir='ltr'><strong>et</strong></span> <span class='ocrx_word' id='word_1_618' title='bbox 2260 4891 2430 4947; x_wconf 80' lang='lat' dir='ltr'><strong>citius</strong></span> <span class='ocrx_word' id='word_1_619' title='bbox 2461 4892 2801 4962; x_wconf 87' lang='lat' dir='ltr'><strong>deperditur.</strong></span> <span class='ocrx_word' id='word_1_620' title='bbox 2855 4892 3022 4949; x_wconf 84' lang='lat' dir='ltr'><strong>Fiant</strong></span> <span class='ocrx_word' id='word_1_621' title='bbox 3060 4894 3231 4964; x_wconf 73' lang='lat' dir='ltr'><strong>igitur</strong></span> <span class='ocrx_word' id='word_1_622' title='bbox 3289 4894 3485 4956; x_wconf 86' lang='lat' dir='ltr'><strong>caduci</strong></span> <span class='ocrx_word' id='word_1_623' title='bbox 3544 4903 3600 4950; x_wconf 88' lang='lat' dir='ltr'><strong>et</strong></span> 
     </span>
    </p>
   </div>
   <div class='ocr_carea' id='block_1_96' title="bbox 325 4985 1913 5065">
    <p class='ocr_par' dir='ltr' id='par_1_96' title="bbox 325 4985 1913 5065">
     <span class='ocr_line' id='line_1_96' title="bbox 325 4985 1913 5065; baseline 0.003 -23"><span class='ocrx_word' id='word_1_624' title='bbox 325 5007 434 5060; x_wconf 88' lang='grc' dir='ltr'>ροι,</span> <span class='ocrx_word' id='word_1_625' title='bbox 469 4990 730 5060; x_wconf 78' lang='grc' dir='ltr'>ἄκαρποι.</span> <span class='ocrx_word' id='word_1_626' title='bbox 781 4985 913 5046; x_wconf 75' lang='grc' dir='ltr'>Εἶτα</span> <span class='ocrx_word' id='word_1_627' title='bbox 953 4991 1274 5061; x_wconf 74' lang='grc' dir='ltr'>ἐνδιατρίϐει</span> <span class='ocrx_word' id='word_1_628' title='bbox 1320 4999 1386 5065; x_wconf 68' lang='grc' dir='ltr'>τῇ</span> <span class='ocrx_word' id='word_1_629' title='bbox 1419 4993 1587 5048; x_wconf 75' lang='grc' dir='ltr'>εικόνι</span> <span class='ocrx_word' id='word_1_630' title='bbox 1615 4991 1711 5047; x_wconf 90' lang='grc' dir='ltr'><strong>τοῦ</strong></span> <span class='ocrx_word' id='word_1_631' title='bbox 1733 4991 1913 5047; x_wconf 67' lang='lat' dir='ltr'><strong>rotati-</strong></span> 
     </span>
    </p>
   </div>
   <div class='ocr_carea' id='block_1_97' title="bbox 321 5081 1834 5156">
    <p class='ocr_par' dir='ltr' id='par_1_97' title="bbox 321 5081 1834 5156">
     <span class='ocr_line' id='line_1_97' title="bbox 321 5081 1834 5156; baseline 0.004 -19"><span class='ocrx_word' id='word_1_632' title='bbox 321 5099 419 5137; x_wconf 85' lang='grc' dir='ltr'><strong>του</strong></span> <span class='ocrx_word' id='word_1_633' title='bbox 455 5081 673 5154; x_wconf 81' lang='grc' dir='ltr'>χόρτου,</span> <span class='ocrx_word' id='word_1_634' title='bbox 699 5082 1040 5153; x_wconf 80' lang='grc' dir='ltr'>καταλέγων,</span> <span class='ocrx_word' id='word_1_635' title='bbox 1081 5084 1182 5138; x_wconf 83' lang='grc' dir='ltr'>ὅσα</span> <span class='ocrx_word' id='word_1_636' title='bbox 1210 5084 1386 5155; x_wconf 78' lang='grc' dir='ltr'>τούτῳ</span> <span class='ocrx_word' id='word_1_637' title='bbox 1415 5085 1834 5156; x_wconf 81' lang='grc' dir='ltr'>παρακολουθεῖ.</span> 
     </span>
    </p>
   </div>
   <div class='ocr_carea' id='block_1_98' title="bbox 392 5255 1904 5333">
    <p class='ocr_par' dir='ltr' id='par_1_98' title="bbox 392 5255 1904 5333">
     <span class='ocr_line' id='line_1_98' title="bbox 392 5255 1904 5333; baseline 0.004 -24"><span class='ocrx_word' id='word_1_638' title='bbox 392 5257 492 5323; x_wconf 86' lang='grc' dir='ltr'>Ὃς</span> <span class='ocrx_word' id='word_1_639' title='bbox 542 5256 657 5324; x_wconf 78' lang='grc' dir='ltr'>πρὸ</span> <span class='ocrx_word' id='word_1_640' title='bbox 690 5255 798 5312; x_wconf 85' lang='grc' dir='ltr'><strong>τοῦ</strong></span> <span class='ocrx_word' id='word_1_641' title='bbox 843 5257 1265 5328; x_wconf 66' lang='grc' dir='ltr'>ἐωπασθῆναι</span> <span class='ocrx_word' id='word_1_642' title='bbox 1310 5259 1636 5329; x_wconf 78' lang='grc' dir='ltr'>ἐξηράνθη.</span> <span class='ocrx_word' id='word_1_643' title='bbox 1691 5262 1904 5333; x_wconf 74' lang='grc' dir='ltr'>Ἀωρος</span> 
     </span>
    </p>
   </div>
   <div class='ocr_carea' id='block_1_99' title="bbox 321 5349 1907 5425">
    <p class='ocr_par' dir='ltr' id='par_1_99' title="bbox 321 5349 1907 5425">
     <span class='ocr_line' id='line_1_99' title="bbox 321 5349 1907 5425; baseline 0.004 -25"><span class='ocrx_word' id='word_1_644' title='bbox 321 5349 619 5420; x_wconf 69' lang='grc' dir='ltr'>ἐξηράνθη.</span> <span class='ocrx_word' id='word_1_645' title='bbox 663 5349 724 5404; x_wconf 83' lang='grc'>⁸0</span> <span class='ocrx_word' id='word_1_646' title='bbox 750 5349 858 5420; x_wconf 70' lang='grc' dir='ltr'><strong>γὰρ</strong></span> <span class='ocrx_word' id='word_1_647' title='bbox 894 5350 1058 5414; x_wconf 76' lang='grc' dir='ltr'>ἄλλος</span> <span class='ocrx_word' id='word_1_648' title='bbox 1079 5351 1274 5422; x_wconf 84' lang='grc' dir='ltr'>χόρτος</span> <span class='ocrx_word' id='word_1_649' title='bbox 1321 5352 1457 5422; x_wconf 85' lang='grc' dir='ltr'>μετά</span> <span class='ocrx_word' id='word_1_650' title='bbox 1496 5351 1560 5405; x_wconf 80' lang='grc' dir='ltr'>τὸ</span> <span class='ocrx_word' id='word_1_651' title='bbox 1621 5368 1907 5425; x_wconf 80' lang='grc' dir='ltr'>καρποφο-</span> 
     </span>
    </p>
   </div>
   <div class='ocr_carea' id='block_1_100' title="bbox 324 5440 1389 5515">
    <p class='ocr_par' dir='ltr' id='par_1_100' title="bbox 324 5440 1389 5515">
     <span class='ocr_line' id='line_1_100' title="bbox 324 5440 1389 5515; baseline 0.003 -20"><span class='ocrx_word' id='word_1_652' title='bbox 324 5444 491 5513; x_wconf 71' lang='grc' dir='ltr'>ρῆσαι</span> <span class='ocrx_word' id='word_1_653' title='bbox 519 5442 862 5515; x_wconf 71' lang='grc' dir='ltr'>ξηραίνεται,</span> <span class='ocrx_word' id='word_1_654' title='bbox 900 5440 1021 5496; x_wconf 81' lang='grc' dir='ltr'>εἶτα</span> <span class='ocrx_word' id='word_1_655' title='bbox 1049 5443 1389 5498; x_wconf 78' lang='grc' dir='ltr'>ἀνασπᾶται.</span> 
     </span>
    </p>
   </div>
   <div class='ocr_carea' id='block_1_101' title="bbox 399 5611 1883 5691">
    <p class='ocr_par' dir='ltr' id='par_1_101' title="bbox 399 5611 1883 5691">
     <span class='ocr_line' id='line_1_101' title="bbox 399 5611 1883 5691; baseline 0.002 -19"><span class='ocrx_word' id='word_1_656' title='bbox 399 5611 484 5675; x_wconf 80' lang='grc' dir='ltr'><strong>Οὔ</strong></span> <span class='ocrx_word' id='word_1_657' title='bbox 523 5619 634 5673; x_wconf 80' lang='grc' dir='ltr'>οὐκ</span> <span class='ocrx_word' id='word_1_658' title='bbox 655 5618 976 5688; x_wconf 80' lang='grc' dir='ltr'>ἐπλήρωσε</span> <span class='ocrx_word' id='word_1_659' title='bbox 996 5620 1114 5689; x_wconf 80' lang='grc' dir='ltr'>τὴν</span> <span class='ocrx_word' id='word_1_660' title='bbox 1152 5621 1321 5691; x_wconf 83' lang='grc' dir='ltr'>χεῖρα</span> <span class='ocrx_word' id='word_1_661' title='bbox 1358 5621 1545 5677; x_wconf 86' lang='grc' dir='ltr'>αὐτοῦ</span> <span class='ocrx_word' id='word_1_662' title='bbox 1582 5623 1617 5676; x_wconf 86' lang='grc' dir='ltr'><em>ό</em></span> <span class='ocrx_word' id='word_1_663' title='bbox 1644 5620 1883 5690; x_wconf 78' lang='grc' dir='ltr'>θερίζων</span> 
     </span>
    </p>
   </div>
   <div class='ocr_carea' id='block_1_102' title="bbox 329 5711 1792 5788">
    <p class='ocr_par' dir='ltr' id='par_1_102' title="bbox 329 5711 1792 5788">
     <span class='ocr_line' id='line_1_102' title="bbox 329 5711 1792 5788; baseline 0.002 -22"><span class='ocrx_word' id='word_1_664' title='bbox 329 5712 560 5782; x_wconf 82' lang='grc' dir='ltr'>Ἢγουν,</span> <span class='ocrx_word' id='word_1_665' title='bbox 588 5711 650 5767; x_wconf 80' lang='grc' dir='ltr'>ὃν</span> <span class='ocrx_word' id='word_1_666' title='bbox 674 5713 775 5767; x_wconf 80' lang='grc' dir='ltr'>οὐν</span> <span class='ocrx_word' id='word_1_667' title='bbox 808 5713 1027 5787; x_wconf 77' lang='grc' dir='ltr'>ὲθέρισέ</span> <span class='ocrx_word' id='word_1_668' title='bbox 1058 5730 1165 5783; x_wconf 88' lang='grc' dir='ltr'>τις,</span> <span class='ocrx_word' id='word_1_669' title='bbox 1184 5714 1260 5781; x_wconf 81' lang='grc' dir='ltr'>ὡς</span> <span class='ocrx_word' id='word_1_670' title='bbox 1284 5714 1792 5788; x_wconf 72' lang='grc' dir='ltr'>προδιαφθαρέντα.</span> 
     </span>
    </p>
   </div>
   <div class='ocr_carea' id='block_1_103' title="bbox 2021 4981 3603 5055">
    <p class='ocr_par' dir='ltr' id='par_1_103' title="bbox 2021 4981 3603 5055">
     <span class='ocr_line' id='line_1_103' title="bbox 2021 4981 3603 5055; baseline 0.001 -18"><span class='ocrx_word' id='word_1_671' title='bbox 2021 4981 2212 5037; x_wconf 86' lang='lat' dir='ltr'><strong>faciles</strong></span> <span class='ocrx_word' id='word_1_672' title='bbox 2242 4982 2310 5036; x_wconf 87' lang='lat' dir='ltr'><strong>ad</strong></span> <span class='ocrx_word' id='word_1_673' title='bbox 2352 4983 2567 5038; x_wconf 88' lang='lat' dir='ltr'><strong>ruinam</strong></span> <span class='ocrx_word' id='word_1_674' title='bbox 2593 4999 2607 5048; x_wconf 88' lang='lat'><strong>;</strong></span> <span class='ocrx_word' id='word_1_675' title='bbox 2643 4986 2755 5040; x_wconf 88' lang='lat' dir='ltr'><strong>cito</strong></span> <span class='ocrx_word' id='word_1_676' title='bbox 2783 4988 2948 5040; x_wconf 84' lang='lat' dir='ltr'><strong>etiam</strong></span> <span class='ocrx_word' id='word_1_677' title='bbox 2981 4994 3231 5055; x_wconf 87' lang='lat' dir='ltr'><strong>pereant,</strong></span> <span class='ocrx_word' id='word_1_678' title='bbox 3254 5000 3321 5041; x_wconf 89' lang='lat' dir='ltr'><strong>ac</strong></span> <span class='ocrx_word' id='word_1_679' title='bbox 3340 4986 3460 5041; x_wconf 89' lang='lat' dir='ltr'><strong>sine</strong></span> <span class='ocrx_word' id='word_1_680' title='bbox 3486 4986 3603 5038; x_wconf 79' lang='lat' dir='ltr'><strong>fru-</strong></span> 
     </span>
    </p>
   </div>
   <div class='ocr_carea' id='block_1_104' title="bbox 2019 5071 3596 5153">
    <p class='ocr_par' dir='ltr' id='par_1_104' title="bbox 2019 5071 3596 5153">
     <span class='ocr_line' id='line_1_104' title="bbox 2019 5071 3596 5153; baseline 0.001 -25"><span class='ocrx_word' id='word_1_681' title='bbox 2019 5082 2136 5128; x_wconf 87' lang='lat' dir='ltr'><strong>ctu.</strong></span> <span class='ocrx_word' id='word_1_682' title='bbox 2170 5071 2376 5127; x_wconf 88' lang='lat' dir='ltr'><strong>Deinde</strong></span> <span class='ocrx_word' id='word_1_683' title='bbox 2405 5074 2460 5127; x_wconf 89' lang='lat' dir='ltr'><strong>in</strong></span> <span class='ocrx_word' id='word_1_684' title='bbox 2491 5075 2592 5129; x_wconf 88' lang='lat' dir='ltr'><strong>hac</strong></span> <span class='ocrx_word' id='word_1_685' title='bbox 2628 5075 2811 5130; x_wconf 81' lang='lat' dir='ltr'><strong>herbae</strong></span> <span class='ocrx_word' id='word_1_686' title='bbox 2841 5077 3204 5133; x_wconf 86' lang='lat' dir='ltr'><strong>similitudine</strong></span> <span class='ocrx_word' id='word_1_687' title='bbox 3250 5076 3596 5153; x_wconf 78' lang='lat' dir='ltr'><strong>immoratur,</strong></span> 
     </span>
    </p>
   </div>
   <div class='ocr_carea' id='block_1_105' title="bbox 2015 5168 2917 5234">
    <p class='ocr_par' dir='ltr' id='par_1_105' title="bbox 2015 5168 2917 5234">
     <span class='ocr_line' id='line_1_105' title="bbox 2015 5168 2917 5234; baseline 0.002 -15"><span class='ocrx_word' id='word_1_688' title='bbox 2015 5179 2253 5220; x_wconf 86' lang='lat' dir='ltr'><strong>narrans</strong></span> <span class='ocrx_word' id='word_1_689' title='bbox 2281 5180 2532 5234; x_wconf 57' lang='lat' dir='ltr'><strong>quanam</strong></span> <span class='ocrx_word' id='word_1_690' title='bbox 2565 5168 2613 5220; x_wconf 90' lang='lat' dir='ltr'><strong>ei</strong></span> <span class='ocrx_word' id='word_1_691' title='bbox 2642 5168 2917 5222; x_wconf 79' lang='lat' dir='ltr'><strong>accidant.</strong></span> 
     </span>
    </p>
   </div>
   <div class='ocr_carea' id='block_1_106' title="bbox 2087 5253 3594 5327">
    <p class='ocr_par' dir='ltr' id='par_1_106' title="bbox 2087 5253 3594 5327">
     <span class='ocr_line' id='line_1_106' title="bbox 2087 5253 3594 5327; baseline 0.002 -19"><span class='ocrx_word' id='word_1_692' title='bbox 2087 5253 2220 5327; x_wconf 75' lang='lat' dir='ltr'><strong>Qua:</strong></span> <span class='ocrx_word' id='word_1_693' title='bbox 2242 5255 2552 5325; x_wconf 72' lang='lat' dir='ltr'><strong>priusquam</strong></span> <span class='ocrx_word' id='word_1_694' title='bbox 2588 5255 2863 5320; x_wconf 77' lang='lat' dir='ltr'><strong>eucllatur,</strong></span> <span class='ocrx_word' id='word_1_695' title='bbox 2890 5256 3124 5310; x_wconf 70' lang='lat' dir='ltr'><strong>exaruit.</strong></span> <span class='ocrx_word' id='word_1_696' title='bbox 3159 5255 3480 5320; x_wconf 81' lang='lat' dir='ltr'><strong>Itnmatura,</strong></span> <span class='ocrx_word' id='word_1_697' title='bbox 3504 5265 3594 5311; x_wconf 88' lang='lat' dir='ltr'><strong>at-</strong></span> 
     </span>
    </p>
   </div>
   <div class='ocr_carea' id='block_1_107' title="bbox 2011 5344 3591 5420">
    <p class='ocr_par' dir='ltr' id='par_1_107' title="bbox 2011 5344 3591 5420">
     <span class='ocr_line' id='line_1_107' title="bbox 2011 5344 3591 5420; baseline 0.003 -21"><span class='ocrx_word' id='word_1_698' title='bbox 2011 5359 2121 5415; x_wconf 90' lang='lat' dir='ltr'><strong>que</strong></span> <span class='ocrx_word' id='word_1_699' title='bbox 2150 5344 2534 5415; x_wconf 86' lang='lat' dir='ltr'><strong>intempestiva</strong></span> <span class='ocrx_word' id='word_1_700' title='bbox 2562 5348 2800 5401; x_wconf 75' lang='lat' dir='ltr'><strong>exaruit.</strong></span> <span class='ocrx_word' id='word_1_701' title='bbox 2852 5346 2986 5402; x_wconf 72' lang='lat' dir='ltr'><strong>Aliae</strong></span> <span class='ocrx_word' id='word_1_702' title='bbox 3026 5349 3228 5403; x_wconf 76' lang='lat' dir='ltr'><strong>etenim</strong></span> <span class='ocrx_word' id='word_1_703' title='bbox 3280 5365 3393 5404; x_wconf 88' lang='lat' dir='ltr'><strong>non</strong></span> <span class='ocrx_word' id='word_1_704' title='bbox 3434 5350 3591 5420; x_wconf 87' lang='lat' dir='ltr'><strong>prius</strong></span> 
     </span>
    </p>
   </div>
   <div class='ocr_carea' id='block_1_108' title="bbox 2005 5437 3592 5512">
    <p class='ocr_par' dir='ltr' id='par_1_108' title="bbox 2005 5437 3592 5512">
     <span class='ocr_line' id='line_1_108' title="bbox 2005 5437 3592 5512; baseline 0.004 -20"><span class='ocrx_word' id='word_1_705' title='bbox 2005 5447 2285 5504; x_wconf 88' lang='lat' dir='ltr'><strong>arescunt,</strong></span> <span class='ocrx_word' id='word_1_706' title='bbox 2314 5455 2478 5508; x_wconf 89' lang='lat' dir='ltr'><strong>quam</strong></span> <span class='ocrx_word' id='word_1_707' title='bbox 2512 5437 2752 5493; x_wconf 76' lang='lat' dir='ltr'><strong>fructum</strong></span> <span class='ocrx_word' id='word_1_708' title='bbox 2783 5437 3036 5494; x_wconf 88' lang='lat' dir='ltr'><strong>dederint</strong></span> <span class='ocrx_word' id='word_1_709' title='bbox 3061 5481 3076 5505; x_wconf 90' lang='lat'><strong>,</strong></span> <span class='ocrx_word' id='word_1_710' title='bbox 3113 5448 3169 5497; x_wconf 86' lang='lat' dir='ltr'><strong>et</strong></span> <span class='ocrx_word' id='word_1_711' title='bbox 3229 5450 3356 5512; x_wconf 85' lang='lat' dir='ltr'><strong>post</strong></span> <span class='ocrx_word' id='word_1_712' title='bbox 3401 5442 3592 5499; x_wconf 89' lang='lat' dir='ltr'><strong>datum</strong></span> 
     </span>
    </p>
   </div>
   <div class='ocr_carea' id='block_1_109' title="bbox 2017 5528 2634 5583">
    <p class='ocr_par' dir='ltr' id='par_1_109' title="bbox 2017 5528 2634 5583">
     <span class='ocr_line' id='line_1_109' title="bbox 2017 5528 2634 5583; baseline 0.002 -2"><span class='ocrx_word' id='word_1_713' title='bbox 2017 5528 2260 5582; x_wconf 80' lang='lat' dir='ltr'><strong>fructum</strong></span> <span class='ocrx_word' id='word_1_714' title='bbox 2296 5529 2634 5583; x_wconf 81' lang='lat' dir='ltr'><strong>evelluntur.</strong></span> 
     </span>
    </p>
   </div>
   <div class='ocr_carea' id='block_1_110' title="bbox 2112 5616 3593 5691">
    <p class='ocr_par' dir='ltr' id='par_1_110' title="bbox 2112 5616 3593 5691">
     <span class='ocr_line' id='line_1_110' title="bbox 2112 5616 3593 5691; baseline 0.003 -21"><span class='ocrx_word' id='word_1_715' title='bbox 2112 5616 2278 5674; x_wconf 73' lang='lat' dir='ltr'><strong>Vsus.</strong></span> <span class='ocrx_word' id='word_1_716' title='bbox 2314 5618 2366 5671; x_wconf 85' lang='lat'><strong>7.</strong></span> <span class='ocrx_word' id='word_1_717' title='bbox 2395 5617 2470 5672; x_wconf 79' lang='lat' dir='ltr'><strong>De</strong></span> <span class='ocrx_word' id='word_1_718' title='bbox 2504 5636 2601 5689; x_wconf 80' lang='lat' dir='ltr'><strong>qua</strong></span> <span class='ocrx_word' id='word_1_719' title='bbox 2635 5637 2738 5675; x_wconf 88' lang='lat' dir='ltr'><strong>non</strong></span> <span class='ocrx_word' id='word_1_720' title='bbox 2775 5620 3008 5691; x_wconf 79' lang='lat' dir='ltr'><strong>impleuit</strong></span> <span class='ocrx_word' id='word_1_721' title='bbox 3062 5635 3278 5675; x_wconf 85' lang='lat' dir='ltr'><strong>manum</strong></span> <span class='ocrx_word' id='word_1_722' title='bbox 3307 5634 3463 5674; x_wconf 81' lang='lat' dir='ltr'><strong>suam</strong></span> <span class='ocrx_word' id='word_1_723' title='bbox 3499 5618 3593 5690; x_wconf 78' lang='lat' dir='ltr'><strong>qui</strong></span> 
     </span>
    </p>
   </div>
   <div class='ocr_carea' id='block_1_111' title="bbox 2011 5709 3595 5784">
    <p class='ocr_par' dir='ltr' id='par_1_111' title="bbox 2011 5709 3595 5784">
     <span class='ocr_line' id='line_1_111' title="bbox 2011 5709 3595 5784; baseline 0.004 -22"><span class='ocrx_word' id='word_1_724' title='bbox 2011 5710 2180 5762; x_wconf 79' lang='lat' dir='ltr'><strong>metit.</strong></span> <span class='ocrx_word' id='word_1_725' title='bbox 2218 5709 2275 5763; x_wconf 88' lang='lat' dir='ltr'><strong>Id</strong></span> <span class='ocrx_word' id='word_1_726' title='bbox 2306 5717 2413 5774; x_wconf 88' lang='lat' dir='ltr'><strong>est,</strong></span> <span class='ocrx_word' id='word_1_727' title='bbox 2442 5725 2606 5780; x_wconf 88' lang='lat' dir='ltr'><strong>quatn</strong></span> <span class='ocrx_word' id='word_1_728' title='bbox 2645 5728 2807 5768; x_wconf 85' lang='lat' dir='ltr'><strong>nemo</strong></span> <span class='ocrx_word' id='word_1_729' title='bbox 2838 5714 3014 5780; x_wconf 86' lang='lat' dir='ltr'><strong>metit,</strong></span> <span class='ocrx_word' id='word_1_730' title='bbox 3042 5726 3109 5770; x_wconf 81' lang='lat' dir='ltr'><strong>eo</strong></span> <span class='ocrx_word' id='word_1_731' title='bbox 3137 5711 3284 5783; x_wconf 82' lang='lat' dir='ltr'><strong>quod</strong></span> <span class='ocrx_word' id='word_1_732' title='bbox 3325 5711 3441 5784; x_wconf 81' lang='lat' dir='ltr'><strong>jam</strong></span> <span class='ocrx_word' id='word_1_733' title='bbox 3493 5727 3595 5769; x_wconf 83' lang='lat' dir='ltr'><strong>an-</strong></span> 
     </span>
    </p>
   </div>
   <div class='ocr_carea' id='block_1_112' title="bbox 2018 5799 2317 5861">
    <p class='ocr_par' dir='ltr' id='par_1_112' title="bbox 2018 5799 2317 5861">
     <span class='ocr_line' id='line_1_112' title="bbox 2018 5799 2317 5861; baseline 0 -9"><span class='ocrx_word' id='word_1_734' title='bbox 2018 5806 2101 5852; x_wconf 81' lang='lat' dir='ltr'><strong>tea</strong></span> <span class='ocrx_word' id='word_1_735' title='bbox 2138 5799 2317 5861; x_wconf 83' lang='lat' dir='ltr'><strong>periit.</strong></span> 
     </span>
    </p>
   </div>
  </div>
