4112 6462
311 2947 359 2975 "‘t

332 3000 366 3087 ξ.

352 3744 357 3747 .
382 3753 405 3776 Α.

190 3826 197 3835 .
254 3817 269 3835 ι
376 3817 390 3827 ν’

193 3850 199 3868 ί

428 397 571 467 1915
1663 403 2048 466 EUTHYMH
2081 401 2446 481 ZIGABENI

430 523 640 591 aliqua,
697 528 795 576 aut
829 519 1122 576 temeraria
1172 516 1587 575 existimatione
1617 534 1634 587 ;
1672 531 1851 586 ncqtte
1875 514 2019 569 oculi

2129 515 2326 584 χᾶσθαι
2385 517 2497 579 τοῖς
2550 516 2977 588 κατορθώμασιν
2999 530 3012 547 ’
3046 514 3177 569 ὅταν
3212 514 3288 585 μὴ
3314 513 3384 567 δι’
3412 512 3727 579 ἐπὶδειξιν..

426 615 533 669 mei
565 614 842 684 superbia:
892 614 1089 668 morbo
1151 611 1350 668 elevati
1401 618 1552 667 sunt.
1598 610 1707 665 Sed
1734 609 1881 665 dicet
1918 608 2016 661 ali-

2134 605 2274 659 ἀλλά
2300 605 2370 660 δι’
2402 606 2674 675 ὠφέλειαν
2698 608 2809 662 τῶν
2844 607 3222 680 ἀκροωμένων
3244 606 3307 660 τὸ
3345 606 3582 676 πρᾶγμα
3612 606 3703 672 γί-

424 706 551 776 quis
580 724 596 761 :
625 705 821 761 Nonne
856 706 959 761 hoc
992 705 1044 759 in
1077 705 1199 759 loco
1228 704 1503 775 Propheta
1533 701 1838 774 gloriatur?
1869 699 2017 769 quod

2129 715 2297 763 νεται,
2349 698 2488 767 πρὸς
2532 699 2769 770 μίμησιν
2800 701 2996 769 ἐνάγον
3028 698 3246 762 αὐτούς.
3304 695 3488 751 Εἰπὼν
3519 698 3578 751 δὲ
3616 697 3707 749 ὅτι

422 798 681 856 elationis
698 813 762 855 ac
782 798 1052 869 superbia:
1075 800 1270 854 vitium
1302 806 1408 853 εει.
1450 796 1703 852 Profecto
1725 784 2013 866 gloriatur.

2129 793 2239 861 ῡὺχ
2289 791 2501 860 ὑψώθη
2555 792 2593 860 ἡ
2641 791 2856 861 καρδία
2882 809 3023 862 μου,
3081 790 3178 845 καὶ
3231 790 3513 861 προσθεὶς,
3546 786 3706 842 Οὐδὲ

425 889 650 958 Verum,
703 891 955 963 exigente
979 892 1032 946 id
1090 902 1364 961 tempore,
1420 888 1649 960 gloriari
1710 886 1876 941 etiam
1915 897 2017 938 nos

2129 888 2621 954 μετεωρίσθησαν
2641 887 2697 938 ol
2723 884 3026 954 ὀφθαλμοί
3048 901 3194 954 μου,
3225 880 3429 956 ἔδειξεν
3455 882 3540 935 ὅτι
3566 877 3707 932 ταύ-

426 982 585 1038 decet
611 983 681 1040 de
733 985 939 1040 virtute
972 1003 987 1040 :
1019 985 1240 1055 quando
1286 982 1549 1037 nimirum
1576 995 1685 1036 non
1735 978 1800 1033 ad
1829 984 2019 1033 osten-

2129 992 2219 1045 της
2248 974 2472 1046 πρῶτον
2515 975 2830 1047 ὑψουμένης
2853 1016 2869 1040 ,
2899 970 3022 1029 εἶτα
3061 972 3208 1029 οῦτοι
3243 972 3700 1043 μετεωρίζωνται.

426 1075 688 1131 tationem
736 1077 1060 1144 gloriamur,
1113 1076 1208 1131 sed
1254 1075 1321 1130 ad
1353 1074 1690 1130 audientium
1750 1066 2263 1128 commodum,hoc
2318 1075 2426 1130 est,
2474 1070 2696 1140 quando
2759 1070 2837 1123 illi
2903 1068 3286 1138 hujuscemodi
3350 1064 3701 1135 gloriatione.

424 1170 493 1225 ad
538 1172 798 1225 virtutum
831 1171 1192 1226 imitationem
1244 1171 1565 1227 invitantur.
1594 1170 1663 1224 Et
1690 1184 1814 1223 cum
1840 1164 2078 1219 dixerit:
2115 1160 2238 1217 Non
2299 1165 2599 1219 exaltatum
2655 1176 2734 1220 est
2771 1181 2864 1220 cor
2903 1182 3099 1228 meum,
3158 1170 3326 1234 atque
3384 1161 3701 1217 addiderit:

426 1258 611 1331 Neque
653 1261 842 1315 elevati
908 1270 1031 1315 sunt
1091 1260 1233 1315 oculi
1294 1260 1415 1326 mei,
1471 1260 1727 1315 docuisse
1777 1257 1996 1313 videtur
2033 1253 2179 1322 quod
2213 1253 2306 1310 ubi
2338 1255 2579 1326 primum
2648 1270 2745 1312 cor
2795 1256 3093 1312 exaltatum
3142 1255 3200 1309 in
3268 1253 3435 1308 nobis
3511 1250 3701 1309 fuerit.

426 1351 572 1406 oculi
623 1351 786 1406 etiam
823 1351 1085 1421 deinceps
1116 1351 1422 1405 elevantur.

501 1444 686 1517 Neque
735 1445 1003 1499 ambulavi
1039 1445 1094 1498 in
1128 1445 1356 1512 magnis,
1399 1458 1560 1514 neque
1591 1442 1647 1496 in
1682 1439 2020 1496 mirabilibus

2192 1434 2348 1491 Οὐδέ
2376 1435 2716 1503 ἐπορεύθην
2738 1435 2810 1490 ἐν
2827 1434 3121 1505 μεγάλοις
3142 1472 3157 1496 ,
3187 1430 3331 1488 οὺδέ
3370 1429 3442 1486 ἐν
3480 1435 3708 1500 θαυμα-

429 1520 587 1606 super
619 1554 719 1591 me.
766 1535 886 1590 Non
930 1535 1230 1603 ambulavi,
1260 1534 1461 1606 inquit.
1519 1550 1643 1589 cum
1699 1533 2020 1589 hominibus

2129 1528 2276 1594 γίοις
2328 1526 2484 1594 ὑπὲρ
2539 1526 2666 1597 ἐμέ.
2723 1524 2862 1582 Ούδέ
2915 1525 3223 1599 ἐπορεύθην
3284 1524 3424 1594 μετά
3484 1524 3705 1593 ἀνδρῶν

430 1630 759 1701 majoribus,
793 1637 848 1684 et
901 1644 1064 1698 supra
1086 1644 1173 1684 me
1209 1628 1571 1683 admirandis.
1637 1627 1773 1683 Cum
1824 1626 2022 1697 hujus-

2129 1619 2378 1683 ιειζόνων
2392 1619 2486 1672 καὶ
2508 1618 2980 1689 θαυμασιωτέρων
3002 1635 3105 1688 μου
3121 1633 3137 1649 ·
3161 1616 3224 1671 ού
3252 1617 3706 1685 συνανεστράφην

429 1723 641 1778 cemodi
691 1721 835 1776 enim
860 1722 996 1777 viris
1028 1728 1386 1777 conversatus
1412 1737 1521 1776 non
1552 1736 1698 1786 sum,
1732 1719 2017 1787 indignum

2129 1711 2227 1772 toi;
2256 1708 2398 1777 ὑπὲρ
2433 1708 2559 1778 ἐμὲ,
2590 1708 2812 1775 ἀνάξιον
2845 1707 3075 1762 ἐκείνων
3103 1704 3348 1776 ἐμαυτὸν
3375 1703 3705 1775 ἡγούμενος·

429 1830 517 1870 me
552 1814 772 1869 illorum
810 1815 1233 1870 conversatione
1281 1829 1407 1869 esse
1464 1825 1768 1883 reputans;
1800 1811 1909 1867 nisi
1941 1810 2018 1863 illi

2129 1802 2166 1856 εί
2195 1801 2269 1872 μή
2300 1817 2404 1852 που
2443 1798 2646 1854 ἄκοντα
2702 1800 3154 1870 κατηνάγκασαν.
3190 1795 3264 1849 Ἦ
3296 1794 3572 1866 μεγάλους
3612 1794 3712 1847 καὶ

429 1908 682 1963 fortassis
724 1922 809 1962 me
846 1907 1077 1962 invitum
1146 1908 1480 1978 coegissent.
1546 1903 1638 1960 Vel
1673 1920 1770 1974 per
1790 1916 2018 1973 magnos

2129 1895 2466 1965 θαυμασίους
2521 1894 2675 1960 λέγει
2730 1891 2861 1954 τοὺς
2913 1889 3214 1952 δοκοῦντας
3262 1887 3541 1952 τοιούτους
3574 1883 3710 1958 παρ’

426 2009 482 2057 et
510 1999 890 2067 admirandos,
923 2014 1020 2054 eos
1070 1997 1215 2054 forte
1267 1997 1546 2077 intelligit,
1600 1997 1693 2066 qui
1734 1996 1840 2050 sibi
1883 1996 2018 2066 ipsis

2129 1987 2363 2051 ἑαυτοῖς,
2428 1987 2548 2057 ἦτοι
2606 1985 2735 2046 τοὺς
2790 1981 3138 2054 ἐπηρμένους
3187 1981 3284 2034 καὶ
3367 1978 3709 2050 ὑψαύχενας,

3558 399 3704 464 19.16

428 2091 613 2162 magni
661 2099 827 2160 atque
870 2089 1226 2145 admirabiles
1289 2103 1414 2145 esse
1492 2088 1843 2152 videbantur,
1915 2087 2019 2140 hoc

427 2190 534 2246 est,
583 2183 678 2251 qui
724 2181 912 2235 animo
941 2180 1069 2235 elati
1128 2189 1333 2247 essent,
1366 2189 1421 2234 et
1463 2178 1711 2249 superbi.
1758 2178 1836 2233 Ac
1862 2179 1907 2235 si
1938 2177 2020 2231 ui-

430 2282 582 2329 ceret
623 2288 638 2326 :
680 2272 802 2326 Non
866 2279 1078 2326 tantum
1143 2287 1245 2343 ego
1291 2269 1605 2340 superbiam
1652 2268 1879 2334 evitari,
1920 2267 2015 2323 sed

432 2377 559 2417 cum
611 2360 926 2416 hominibus
965 2375 1033 2416 eo
1081 2361 1213 2417 vitio
1268 2358 1652 2417 laborantibus
1711 2359 1879 2415 etiam
1910 2374 2019 2413 non

428 2454 820 2509 conversabar.

506 2546 669 2602 Vens.
691 2548 747 2601 2.
783 2546 841 2602 Si
871 2563 973 2602 non
1007 2546 1279 2601 humiliter
1341 2545 1653 2613 sentiebam,
1693 2542 1785 2599 sed
1811 2543 2021 2599 exalta-

430 2640 481 2692 υἱ
527 2639 763 2692 animam
796 2655 988 2704 meam,
1024 2641 1156 2691 sicut
1187 2638 1486 2691 ablactatus
1523 2637 1577 2690 in
1606 2645 1827 2690 matrem
1846 2651 2020 2698 suam,

431 2733 510 2784 ita
561 2731 817 2785 retribues
857 2730 1051 2784 anima:
1082 2746 1231 2784 mete.
1288 2728 1346 2783 Si
1375 2728 1626 2794 humilia,
1683 2727 1884 2797 inquit,
1912 2740 2022 2779 non

431 2838 554 2877 sum
605 2830 874 2886 sectatus,
949 2822 1046 2877 sed
1123 2822 1308 2876 animo
1384 2822 1626 2876 elevatus
1691 2834 1836 2883 sum,
1899 2834 2020 2873 cum

433 2913 654 2968 humilis
722 2923 904 2969 tamen
963 2920 1127 2982 atque
1196 2913 1445 2982 ahjectus
1490 2927 1689 2976 essem,
1749 2920 1804 2964 et
1857 2908 2023 2963 veluti

432 3002 638 3066 infans,
697 3005 791 3073 qui
842 3019 871 3058 a
927 3003 1122 3059 matris
1170 3002 1369 3073 papilla
1421 3001 1710 3056 abstinuit.
1744 2999 1864 3064 Vel,
1896 3002 2025 3071 quia

366 3092 381 3115 "
439 3092 625 3148 Graeca
662 3095 852 3159 dictio,
877 3094 976 3160 ὡς,
1012 3110 1121 3149 non
1155 3095 1333 3151 solum
1382 3095 1482 3159 ita,
1517 3094 1613 3149 sed
1646 3093 1799 3148 valde
1859 3095 2031 3159 etiam,

2120 2078 2328 2131 ὡσανεὶ
2357 2077 2535 2146 λέγων
2555 2116 2569 2140 ,
2602 2075 2684 2129 δτι
2715 2075 2776 2127 οὐ
2811 2075 2972 2144 μόνον
3002 2072 3237 2141 ἔφευγον
3267 2072 3332 2125 τδ
3361 2071 3579 2141 νόσημα
3606 2069 3715 2139 τῆς

2127 2168 2674 2243 ὑπερηφανίας,ἀλλ’
2701 2167 2825 2222 οὐδὲ
2853 2164 3294 2236 συνεδιαιτὼμην
3316 2166 3429 2228 τοῖς
3455 2163 3710 2218 νοσοῦσιν

2122 2260 2275 2315 αὑτό.

2192 2545 2264 2599 El
2281 2542 2368 2613 μὴ
2404 2542 2979 2613 ἐταπεινοφρόνουν,
3003 2542 3164 2598 ἀλλὰ
3188 2542 3410 2612 ὕψωσα
3439 2539 3557 2607 τὴν
3588 2546 3712 2610 ψυ-

2122 2634 2245 2707 χήν
2268 2654 2412 2705 μου,
2479 2637 2561 2702 ὡς
2596 2637 2663 2690 τὸ
2697 2635 3381 2706 ἁπογεγαλακτισμένον
3447 2635 3551 2688 ἐπὶ
3596 2634 3719 2703 τὴν

2117 2729 2347 2800 μητέρα
2376 2729 2585 2795 αὐτοῦ,
2622 2729 2704 2795 ὠς
2727 2728 3186 2793 ἀνταποδώσεις
3216 2728 3315 2782 ἐπὶ
3342 2730 3463 2797 τὴν
3490 2728 3711 2797 ψυχήν

2120 2839 2260 2893 μου.
2308 2821 2372 2874 Ei
2431 2820 2507 2890 μὴ
2548 2820 3084 2891 ἐταπεινοφρόνουν,
3138 2819 3276 2874 ἀλλὰ
3330 2819 3584 2889 ἐπήρθην
3636 2819 3716 2881 ὡς

2125 2915 2407 2978 ταπεινὸς,
2436 2914 2533 2968 καὶ
2559 2914 2635 2977 ὡς
2659 2914 2720 2967 τὸ
2743 2913 2942 2986 νήπιον
2968 2913 3133 2976 εὐθὺς
3156 2913 3220 2967 τὸ
3244 2912 3622 2983 ἀποσχόμενον
3648 2911 3715 2980 δὴ

2126 3004 2230 3075 τῆς
2263 3004 2440 3074 θηλῆς
2471 3003 2626 3074 παρὰ
2652 3005 2719 3075 τῇ
2757 3003 2930 3074 μητρὶ
2961 3002 3154 3066 αὐτοῦ,
3186 3000 3364 3065 οὕτως
3392 3000 3719 3054 ἀνταποδώ-

2128 3116 2268 3162 σεις.
2302 3098 2374 3152 Ἦ
2422 3097 2547 3151 λίαν
2593 3095 3006 3160 ἁνταποδώσεις
3060 3096 3143 3158 si;
3188 3094 3288 3165 τὴν
3339 3092 3527 3164 ψυχήν
3557 3109 3716 3161 -μου.

435 3185 735 3255 signiﬁcat,
772 3185 883 3239 alio
916 3185 1077 3239 modo
1130 3200 1346 3255 expone
1398 3202 1411 3238 :
1456 3182 1536 3239 Tu
1568 3186 1722 3240 valde
1751 3186 2022 3241 retribues

2129 3190 2397 3244 Μέλλοντι
2429 3189 2487 3242 δέ
2520 3187 2799 3258 ἐχρήσατο
2842 3187 3109 3254 εὐκτικὴν
3168 3184 3350 3253 ἔχοντι
3391 3184 3675 3253 σημασίαν
3697 3199 3713 3213 ο

433 3276 631 3330 anima:
684 3292 840 3332 meae.
888 3276 1073 3332 Utitur
1104 3277 1268 3330 etiam
1320 3276 1513 3331 hocin
1567 3276 1686 3331 loco
1747 3276 2022 3349 Propheta

2129 3282 2301 3335 πολλά
2333 3281 2446 3353 γὰρ
2477 3279 2708 3335 τοιαῦτα
2729 3281 2844 3343 τοῖς
2877 3278 3160 3340 παλαιοῖς.
3186 3278 3256 3331 Ἦ
3293 3276 3467 3339 ὅντως
3494 3274 3714 3329 ἀποδώ-

441 3368 632 3424 l'uturo
693 3368 1000 3434 indicativi,
1068 3383 1170 3438 pro
1230 3368 1495 3439 Optativo,
1560 3369 2022 3437 quemadmodum

2129 3393 2240 3439 σεις
2294 3373 2532 3445 ἀμοιϐὴν
2587 3372 2689 3441 τῆς
2768 3370 3177 3441 ὑπερηφανίας.
3235 3367 3395 3431 Τινὲς
3447 3366 3506 3420 δὲ
3568 3365 3719 3419 οὕτω

434 3476 579 3530 saepe
617 3461 1004 3530 hujuscemodi
1059 3462 1267 3517 abusus
1306 3461 1447 3531 apud
1483 3460 1826 3530 Scripturam
1863 3478 2025 3531 repe-

2129 3464 2498 3518 συνὰπτουσιν
2523 3480 2537 3496 ο
2565 3466 2635 3518 El
2651 3464 2738 3532 μὴ
2761 3461 3334 3530 ἐταπεινοφρόνουν,
3366 3457 3535 3525 ὡστὸ
3562 3458 3715 3513 ἀπο-

431 3548 627 3603 rimus.
680 3547 773 3604 Vel
811 3564 938 3604 vere
1001 3550 1293 3611 retribues,
1355 3550 1774 3604 retributionem
1813 3551 2025 3606 scilicet

2129 3552 2685 3622 γεταλακτισμένον
2704 3551 2803 3605 ἐπὶ
2835 3552 2950 3619 τὴν
2965 3552 3196 3620 μητέρα
3221 3548 3432 3605 αὐτοῦ.

433 3641 969 3710 superbiae.Quidam
999 3660 1129 3700 vero
1156 3646 1229 3699 ita
1260 3653 1591 3700 construunt
1626 3665 1639 3701 :
1676 3644 1737 3701 Si
1768 3664 1871 3700 non
1907 3648 2179 3702 Immiliter
2241 3651 2554 3713 sentiebam,
2604 3658 2863 3720 tanquam
2938 3649 3242 3704 ablactatus
3297 3663 3424 3718 erga
3494 3652 3716 3700 matrem

431 3745 608 3795 suam,
639 3740 744 3787 etc.

438 3790 671 3875 th-Jtts.
702 3821 755 3875 5.
793 3819 980 3889 Sperat
1042 3819 1218 3875 Israel
1255 3822 1307 3875 in
1371 3818 1595 3875 Domino
1641 3839 1705 3878 ex
1766 3841 1925 3890 nunc,
1970 3834 2020 3879 et

2214 3822 2553 3879 Ἐλπισὰτω
2584 3824 2821 3892 Ἰσραὴλ
2852 3824 2953 3878 ἐπὶ
3002 3824 3110 3878 τὸν
3162 3824 3381 3893 Κύριον
3434 3823 3554 3878 ἀπὸ
3607 3820 3719 3876 τοῦ

434 3928 600 3982 usque
626 3913 683 3966 in
728 3914 1011 3968 arculum.
1065 3913 1150 3969 Me
1181 3913 1393 3970 scilicet
1425 3916 1669 3972 imitatus
1702 3919 1793 3986 qui
1843 3920 1894 3972 in
1931 3934 2025 3975 ca-

2129 3919 2249 3974 νῦν
2282 3917 2384 3973 καί
2420 3916 2531 3984 ἕως
2560 3918 2668 3972 τοῦ
2697 3917 2936 3984 αἰῶνος.
2985 3915 3116 3987 Ἐμέ
3145 3917 3481 3988 μιμούμενος
3509 3918 3607 3968 τὸν
3634 3915 3727 3966 ἐν»

436 4003 796 4068 lamitatibus,
832 4004 887 4059 in
934 4008 1046 4058 otio
1073 4014 1128 4060 et
1187 4006 1392 4074 quiete,
1423 4015 1477 4071 et
1515 4010 1567 4062 iu
1603 4011 1749 4063 omni
1788 4011 2024 4082 denique

2135 4009 2319 4080 θλίψει
2356 4008 2452 4063 καὶ
2514 4010 2572 4061 ἐν
2595 4008 2800 4085 ἀνέσει,
2825 4009 2920 4064 καί
2955 4009 3093 4063 κατά
3117 4009 3295 4061 πάντα
3325 4007 3536 4075 καιρὸν,
3569 4003 3723 4057 ἐλπί-

434 4103 680 4165 tempore
706 4096 761 4151 in
799 4095 963 4151 Deum
1015 4114 1198 4168 spero.
1242 4101 1509 4170 Congruit
1563 4105 1727 4156 etiam
1764 4105 1850 4159 hic
1881 4105 2028 4175 psal-

435 4201 560 4243 mus
592 4202 736 4241 novo
778 4191 979 4258 populo
1044 4192 1229 4246 Israel.
1303 4192 1558 4248 Fortasse
1613 4195 1775 4249 etiam
1834 4197 2026 4254 beatus

436 4275 608 4333 David
640 4289 695 4334 et
725 4292 1045 4349 praesentem
1077 4293 1132 4338 et
1170 4286 1414 4352 proxime
1448 4285 1845 4354 praecedentem
1879 4290 2024 4357 psal-

438 4384 591 4424 mum
634 4386 700 4425 ex
758 4386 948 4426 eorum
984 4389 1217 4444 persona
1279 4378 1634 4447 conscripsit,
1700 4379 1815 4449 qui,
1882 4381 2028 4436 inter

436 4475 695 4519 reversos
741 4478 773 4519 e
829 4464 1158 4535 Babylonica
1242 4469 1576 4538 captivitate,
1626 4469 1697 4539 pii
1743 4470 1920 4539 magis
1972 4479 2028 4526 et

436 4553 679 4623 religiosi
712 4564 868 4610 erant
907 4574 922 4615 :
981 4571 1210 4613 narrans
1270 4560 1483 4615 scilicet
1519 4575 1658 4629 quas
1689 4560 1832 4615 inter
1888 4562 2028 4615 allii-

2135 4100 2300 4165 ζοντα
2340 4101 2435 4153 ἐπὶ
2467 4099 2699 4172 Κύριον.
2771 4101 3036 4170 Ἀρμόζει
3066 4101 3122 4153 δὲ
3148 4100 3243 4153 καὶ
3272 4093 3429 4160 οὗτος
3459 4100 3488 4150 ὁ
3507 4096 3723 4166 ψαλμὸς

2134 4192 2213 4262 τῷ
2240 4193 2345 4262 νέῳ
2379 4193 2620 4262 Ἰσραήλ.
2669 4190 2829 4255 Ἴσως
2860 4192 2916 4246 δὲ
2948 4192 3046 4244 καὶ
3072 4191 3164 4245 τὸν
3202 4190 3549 4262 προλαϐόντα
3581 4187 3722 4255 ψαλ-

2129 4282 2229 4352 μὸν
2262 4285 2359 4336 καὶ
2420 4281 2514 4335 τὸν
2556 4284 2802 4353 παρόντα
2838 4281 3121 4354 προσώπῳ
3182 4280 3279 4334 τοῦ
3324 4278 3721 4349 εὐσεϐεστέρου

2128 4374 2332 4445 μέρους
2359 4373 2472 4428 τῶν
2497 4373 2931 4439 ἐπανελθόντων,
2968 4373 3316 4445 συνέγραψεν
3344 4374 3372 4426 ὁ
3400 4373 3720 4442 Προφήτης,

2125 4462 2443 4528 διεξιόντος,
2475 4461 2569 4518 οἷα
2598 4463 2698 4535 μὲν
2724 4465 3068 4536 προσηύχετο
3125 4466 3184 4519 ἐν
3214 4467 3571 4537 πειρασμοῖς,
3599 4462 3721 4515 οἵαν

2123 4558 2184 4611 δὲ
2218 4557 2692 4629 μετριοφροσύνην
2719 4554 2867 4629 εἶχεν
2924 4559 2982 4612 ἐν
3035 4558 3327 4630 ἀπαλλαγῇ
3364 4554 3712 4629 πειρασμῶν,

439 4643 654 4698 ctiones
689 4646 1005 4701 emitterent
1053 4647 1119 4702 ad
1181 4646 1349 4702 Deum
1406 4664 1622 4719 preces.
1671 4655 1726 4705 et
1782 4651 2025 4718 qualem,

2134 4652 2215 4714 εἰς
2243 4649 2517 4719 ὠφέλειαν
2539 4649 2634 4703 καὶ
2657 4650 2951 4704 παίδευσιν
2985 4651 3145 4722 ἡμῶν
3165 4649 3278 4704 τῶν
3298 4652 3363 4704 ἐκ
3392 4650 3494 4720 τῆς
3516 4650 3725 4719 αἰχμα-

440 4745 732 4803 postquam
763 4735 831 4790 ab
858 4736 939 4792 cis
992 4737 1207 4792 liberati
1252 4746 1400 4805 sunt,
1474 4739 1645 4794 animi
1696 4741 2032 4796 moderatio-

2135 4741 2338 4804 λωσίας
2373 4742 2482 4794 τῶν
2506 4741 2781 4813 δαιμόνων
2808 4742 3239 4797 ἐπανελθόντων.

437 4842 563 4883 nem
613 4825 917 4883 baberent:
951 4839 1114 4898 atque
1177 4831 1282 4886 hoc
1326 4833 1393 4887 ad
1439 4832 1731 4888 utilitatem
1783 4841 1839 4889 et
1889 4831 2257 4890 eruditionem
2326 4841 2575 4889 nostram
2636 4832 2732 4903 qui
2798 4847 2829 4887 a
2896 4833 3110 4889 szeviori
3164 4833 3473 4890 daemonum
3540 4831 3722 4903 capti-

436 4918 608 4974 vitate
639 4916 855 4974 liberati
891 4930 1106 4975 sumus.

908 5006 1190 5064 Canticum
1230 5027 1614 5097 ascensuum.’

946 5102 1274 5159 PSALMUS
1300 5103 1535 5162 CXXXI.

509 5194 678 5250 Vens.
747 5195 798 5259 1,
853 5192 1140 5261 Memento,
1199 5194 1440 5260 Domine,
1503 5195 1696 5262 David,
1743 5205 1793 5251 et
1858 5198 2030 5252 omnis

439 5283 867 5340 mansuetudinis
885 5285 1024 5356 ejus.
1060 5283 1219 5339 Hunc
1242 5286 1406 5339 etiam
1441 5285 1713 5355 psalmum
1754 5286 2024 5353 Propheta

441 5391 508 5430 ex
537 5376 723 5447 pepuli
769 5391 1003 5446 persona
1070 5375 1394 5446 conscripsit
1442 5377 1803 5446 supplicantis
1834 5379 2023 5448 templi

442 5467 913 5522 constructionem
994 5480 1311 5537 exsurgere,
1402 5477 1568 5537 atque
1622 5467 1676 5523 id
1733 5469 2031 5539 impetrare

440 5560 709 5623 optantis,
758 5559 805 5614 si
837 5575 945 5612 non
995 5572 1217 5629 propter
1263 5573 1341 5624 se,
1379 5560 1573 5617 saltem
1617 5570 1842 5630 propter
1895 5560 2031 5615 illud

443 5650 715 5716 studium,
747 5651 892 5721 quod
907 5667 1096 5706 eorum
1125 5653 1441 5723 progenitor
1462 5651 1627 5709 David
1649 5669 1740 5709 rex
1773 5653 1828 5707 in
1860 5653 2033 5708 Deum

446 5741 715 5797 habuisse
775 5745 1158 5814 perspicitur:
1194 5754 1383 5816 utpote
1454 5746 1551 5816 qui
1617 5755 1744 5802 ante
1801 5748 2035 5816 primam

457 5831 644 5905 templi
682 5835 1175 5905 constructionem,
1210 5835 1391 5893 locum
1444 5837 1498 5895 ei
1562 5838 1817 5895 idoneum
1867 5839 2036 5895 multa

2724 5012 2867 5084 ’ῼόὴ
2897 5012 3115 5082 ὁμοίως

2672 5104 2973 5159 ΨΔΛΜΟΣ
3011 5104 3186 5158 PAA'.

2206 5196 2544 5266 Μνήσθητι,
2569 5198 2769 5267 Κύριε,
2812 5197 2919 5253 τοῦ
2968 5196 3169 5262 Δαϐἒδ,
3200 5193 3299 5249 καί
3359 5192 3564 5260 πάσης
3613 5187 3725 5258 τῆς

2138 5293 2470 5359 πραότητος
2514 5290 2725 5346 αὐτοῦ.
2769 5289 3058 5361 Προσώπῳ
3106 5288 3205 5343 τοῦ
3272 5287 3534 5359 ῥηθέντος
3586 5284 3719 5339 λαοῦ

2138 5382 2234 5436 καὶ
2278 5382 2370 5437 τὸν
2423 5384 2668 5455 παρόντα
2713 5383 2931 5454 ψαλμὸν
2988 5382 3295 5454 ἀνέγραψε,
3353 5380 3719 5444 ἱκετεύοντος,

2140 5477 2443 5545 ἀναστῆναι
2468 5477 2560 5530 τὸν
2588 5474 2720 5530 ναόν
2742 5492 2755 5506 ο
2792 5477 2841 5528 εί
2872 5478 2965 5529 καὶ
2998 5476 3072 5545 μὴ
3106 5475 3172 5528 δι’
3204 5474 3440 5540 αὐτοὺς,
3480 5473 3618 5527 ἀλλά
3653 5488 3720 5538 γε

2131 5563 2219 5617 διά
2246 5565 2345 5633 τὴν
2370 5564 2630 5635 σπουδὴν,
2658 5564 2728 5636 ἢν
2752 5559 2870 5634 εἶχε
2910 5566 2939 5617 ὁ
2965 5564 3154 5628 Δαὸὶδ,
3191 5565 3220 5618 ὁ
3263 5565 3535 5635 πρόγονος
3558 5563 3715 5631 βασι·

2131 5657 2259 5717 λεὺς
2290 5657 2491 5723 αὐτῶν,
2527 5655 2775 5725 ἐκζητῶν
2812 5656 2918 5725 πρὸ
2948 5656 3047 5725 τῆς
3079 5654 3374 5725 οἰκοδομῆς
3407 5655 3501 5707 τὸν
3552 5654 3720 5707 τόπον

2135 5747 2231 5801 τοῦ
2261 5749 2508 5802 τοιούτου
2540 5747 2672 5803 ναοῦ
2695 5748 2995 5816 ἐπιμελῶς.
3023 5748 3315 5818 Πραότητα
3336 5748 3392 5800 δὲ
3410 5746 3570 5814 λέγει
3618 5744 3720 5814 τὴν

2140 5839 2517 5908 ἀνεξικακίαν,
2576 5841 2641 5911 ἢν
2708 5838 3047 5893 ἐνεδείκνυτο
3107 5840 3185 5903 είς
3233 5839 3324 5895 τὸν
3391 5838 3587 5900 Σαοὺλ,
3626 5837 3719 5890 καὶ
