4112 6408
313 362 449 427 1217
1492 369 1885 431 COMMENT.

2044 374 2177 433 PSA
2187 374 2408 436 LMOS.
3450 383 3593 448 1218

303 485 430 545 τοὺς
465 482 595 553 περὶ
651 482 851 535 αὐτόν’
890 482 968 536 ἔτι
1019 484 1074 536 δὲ
1134 485 1228 538 καὶ
1275 485 1353 549 εἰς
1384 486 1474 538 τὸν
1526 487 1745 556 Σεμεεὶ,
1796 487 1889 540 τόν

2008 504 2117 542 :um
2149 490 2436 562 diligentia
2519 495 2862 564 perquisivit.
2917 497 3024 552 Per
3109 500 3589 554 mansuetudinem

307 573 604 644 ὑϐρίζοντα
632 575 818 638 αὐτὸν,
855 575 947 628 καὶ
982 577 1062 639 είς
1095 576 1328 640 πολλοὺς
1360 576 1576 643 ἄλλους.
1613 578 1748 648 Περὶ
1781 577 1883 647 μό-

2008 589 2158 640 iero,
2215 578 2536 646 patientiam
2607 584 2900 654 intelligit,
2954 599 3120 654 quam
3167 587 3359 642 beatus
3424 589 3594 644 David

305 682 403 732 νης
446 665 502 717 δὲ
529 666 626 734 τῆς
660 667 978 736 πραότητος
1022 667 1189 722 αὑτοῦ
1244 668 1521 737 λέγουσιν,
1561 671 1638 733 ὡς
1685 669 1895 740 ταύτην

2008 684 2119 739 :rga
2150 668 2370 726 Saulem
2425 683 2480 726 et
2514 674 2718 738 socios,
2755 691 2884 747 erga
2932 677 3114 734 Semei
3157 680 3252 750 qui
3306 691 3596 737 contume-

307 756 680 827 διαφερόντως
727 757 1216 828 κατορθώσαντος·
1263 761 1296 828 ἢ
1339 762 1432 814 καὶ
1455 761 1530 825 ὡς
1573 761 1661 815 διὰ
1691 761 1896 830 ταύτης

2015 761 2065 813 ia
2125 775 2250 816 eum
2293 761 2575 828 all‘ecerat,
2614 774 2778 833 atque
2823 783 2948 838 erga
3003 784 3197 826 omnes
3225 770 3364 828 alios
3394 773 3594 828 hostes

303 846 659 916 δηλουμένων
691 848 784 900 καὶ
823 850 932 901 τῶν
968 849 1195 904 λοιπῶν.
1247 851 1532 923 Μνήσοητι
1561 851 1654 904 τοῦ
1700 842 1887 916 Δαϐλδ,

1996 868 2129 907 suos
2161 869 2434 909 summam
2486 859 2755 913 ostendit.
2820 859 3006 916 Solius
3065 871 3248 916 autem
3278 875 3598 919 mansuetu-

307 937 404 990 τοῦ
440 941 781 1010 πραοτάτου,
812 941 908 994 τοῦ
966 943 1054 996 διὰ
1107 943 1206 1014 τῆς
1242 945 1552 1015 πραότητος
1601 945 1903 1013 εὐαρεστή-

2008 942 2147 997 diuis
2179 945 2451 1008 meminit,
2503 947 2632 1017 quia
2691 949 2745 1003 in
2813 951 2916 1004 hac
2973 952 3176 1008 virtute
3211 970 3322 1023 prae
3383 956 3596 1009 eat-teris

309 1039 408 1083 σαν
420 1031 504 1094 τός
541 1049 645 1085 σοι.

1997 1034 2281 1089 excelluit.
2331 1034 2429 1090 Vel
2465 1053 2560 1105 per
2606 1040 2747 1095 hanc
2801 1041 3061 1096 virtutem
3109 1052 3338 1100 caeteras
3366 1062 3597 1116 quoque

311 1123 605 1178 intellexit.
668 1125 966 1190 Memento,
1027 1124 1223 1197 inquit,
1280 1125 1445 1180 David
1507 1126 1786 1180 mitissimi
1822 1125 2082 1192 hominis,
2146 1135 2314 1196 atque
2389 1128 2461 1183 ob
2515 1131 3001 1188 mansuetudinem
3067 1149 3224 1188 suam
3286 1136 3381 1190 tibi
3464 1137 3598 1194 olim

312 1215 651 1270 charissimi.

391 1311 490 1375 Ὠς
519 1310 719 1380 ὤμοσε
759 1309 841 1376 τῷ
881 1312 1076 1380 Κιιρίῳ
1095 1353 1110 1378 ,
1142 1310 1372 1376 ηὔξατο
1397 1311 1478 1376 τῷ
1506 1310 1629 1376 Θεῷ
1667 1310 1895 1365 Ἰακώϐ.

311 1400 600 1471 Μνήσοητι
629 1401 798 1455 αὑτοῦ
832 1402 949 1465 πῶς
982 1403 1256 1473 ὲνώμοτος
1295 1403 1562 1472 ὑπέσχετο
1593 1403 1784 1473 Κυρίῳ
1817 1403 1897 1473 τῷ

308 1492 431 1563 Θεῷ
459 1493 526 1546 τὰ
550 1493 926 1565 ῥηθησόμενα.

376 1671 446 1723 El
496 1671 925 1741 εἰσελεύσομαι
970 1689 1057 1737 εις
1092 1688 1386 1740 σκηνωμα
1443 1671 1618 1725 οἴκου
1665 1689 1809 1740 μου,
1847 1673 1900 1725 εί

311 1760 694 1830 ἀναϐήσομαι
729 1762 828 1815 ἐπὶ
862 1763 1083 1829 κλίνης
1122 1762 1448 1830 στρωμνῆς
1479 1780 1620 1830 μου,
1649 1765 1699 1815 εὶ
1726 1761 1902 1815 δώσω

313 1852 511 1904 ὕπνον
538 1853 663 1919 τοῖς
688 1854 1022 1922 ὀφθαλμοῖς
1072 1871 1216 1922 μου,
1283 1853 1379 1907 καί
1413 1853 1537 1919 τοῖς
1559 1853 1899 1922 βλεφάροις

307 1963 428 2016 μου
465 1946 838 2013 νυσταγμὸν,
875 1943 973 1997 καὶ
1005 1945 1356 1999 ἀνάπαυσιν
1402 1943 1528 2010 τοῖς
1577 1943 1898 2012 κροτάφοις

308 2057 449 2106 μου,
481 2037 589 2103 ἕως
619 2033 690 2092 οὗ
720 2037 873 2104 εὕρω
906 2037 1095 2089 τόπον
1128 2033 1208 2100 τῷ
1237 2035 1453 2103 Κυρίῳ,
1494 2035 1787 2103 σκήνωμα
1822 2033 1900 2098 τῷ

318 2129 439 2194 Θεῷ
478 2128 686 2183 Ἰακώϐ
710 2129 844 2198 (55).
896 2121 1017 2192 Πῶς
1061 2144 1190 2180 ποτε
1223 2126 1474 2196 ζηλώσας
1509 2127 1649 2196 ὑπὲρ
1680 2125 1772 2179 τοῦ
1807 2127 1900 2194 φέ-

318 2222 512 2292 ρεσθαι
538 2222 668 2293 τῇδε
699 2223 925 2274 κάκεῖσε
977 2221 1077 2289 τὴν
1143 2220 1398 2284 κιϐωτὸν,
1436 2220 1727 2290 ἐνωμότως
1776 2218 1903 2271 ὑπέ-

319 2331 498 2384 σχετο,
535 2314 615 2366 ὅτι
649 2313 725 2366 Οὐ
782 2314 996 2383 ποιήσω
1042 2312 1075 2382 ἦ
1113 2311 1233 2364 τόδε
1269 2313 1301 2382 ἢ
1333 2312 1449 2365 τόδε
1476 2353 1491 2377 ,
1535 2311 1640 2374 ἕως
1669 2307 1729 2364 οὗ
1755 2309 1904 2382 εὕρω

317 2407 410 2458 τὸν
439 2405 604 2458 τόπον
656 2403 729 2474 τῷ
762 2404 954 2474 Κυρίῳ
985 2403 1156 2468 ἄξιον,
1191 2404 1361 2472 ῆγουν
1411 2404 1749 2474 οἰκητήριον,
1783 2419 1907 2454 του·

2080 1309 2242 1366 Vens.
2285 1310 2340 1364 2.
2385 1311 2663 1376 Quomodo
2689 1313 2897 1382 juravit
2949 1314 3195 1381 Domino,
3245 1327 3293 1372 et
3327 1319 3459 1372 vovit
3490 1319 3602 1375 Deo

2001 1403 2189 1458 Jacob.
2233 1401 2505 1458 Memento
2550 1403 2692 1473 ejus,
2724 1405 2923 1475 inquit,
2957 1409 3424 1474 quemadmodum
3475 1425 3601 1465 cum

1999 1493 2317 1564 iuramento
2351 1510 2413 1547 ea
2460 1493 2571 1549 Deo
2632 1496 2913 1563 pollicitus
2948 1497 3042 1564 sit,
3077 1514 3201 1568 quae
3230 1499 3464 1556 inferius
3517 1501 3605 1556 di-

2003 1595 2218 1640 ccnlur.

2083 1677 2249 1731 Vnus.
2281 1677 2396 1731 5-5.
2453 1677 2513 1732 Si
2556 1678 2786 1732 introibo
2849 1679 2903 1732 in
2965 1681 3367 1735 tabernaculum
3411 1683 3604 1739 domus

2007 1784 2156 1833 meae,
2185 1768 2244 1846 ,εἰ
2276 1767 2560 1821 ascendam
2604 1783 2759 1835 super
2805 1768 2995 1821 lectum
3047 1769 3212 1823 strati
3243 1770 3361 1832 mei,
3391 1773 3437 1823 si
3463 1771 3603 1824 dabo
3662 1759 3670 1765 ’

2004 1874 2251 1911 somnum
2301 1858 2468 1910 oculis
2535 1861 2684 1920 meis,
2718 1867 2764 1909 et
2789 1857 3074 1928 palpebris
3107 1860 3234 1912 meis
3256 1859 3603 1913 dormitatio-

2003 1965 2142 2012 nent,
2189 1958 2238 2001 et
2272 1948 2502 2016 requiem
2547 1947 2868 2016 temporibus
2912 1950 3064 2014 meis,
3135 1949 3300 2004 donec
3356 1950 3604 2005 invenero

2001 2044 2179 2097 locum
2224 2038 2469 2102 Domino,
2505 2039 2910 2092 tabernaculum
2933 2039 3038 2092 Deo
3071 2037 3263 2094 Jacob.
3301 2039 3600 2106 Metuento,

2005 2131 2211 2198 inquit,
2298 2129 2760 2200 quemadmodum
2822 2131 2938 2200 ipse
2996 2132 3126 2185 olim
3185 2134 3303 2187 zelo
3361 2133 3600 2202 quodam

2003 2232 2294 2293 correptus
2345 2232 2449 2288 est,
2483 2237 2607 2276 cum
2664 2222 2880 2276 Domini
2925 2238 3108 2278 arcam
3145 2225 3249 2278 huc
3278 2234 3443 2295 atque
3475 2225 3606 2282 illuc

2001 2316 2374 2372 errabundam
2399 2330 2462 2370 ac
2492 2331 2686 2386 vagam
2731 2317 3081 2372 circumferri
3119 2318 3352 2382 videret,
3387 2326 3442 2372 et
3475 2334 3604 2372 cum

1997 2407 2312 2476 iuramento
2357 2408 2636 2476 pollicitus
2673 2408 2767 2470 sit,
2823 2409 3015 2464 dicens
3051 2427 3064 2462 :
3112 2409 3229 2463 Non
3266 2409 3462 2465 faciam
3497 2425 3603 2477 ego

317 2496 466 2549 τέστι
501 2497 665 2550 τόπον
693 2494 822 2548 ναοῦ
867 2511 882 2525 ’
916 2495 1012 2548 καὶ
1043 2495 1142 2548 οὐκ
1174 2495 1542 2560 ἀνεπαύσατο,
1592 2495 1697 2558 ἕως
1727 2495 1908 2564 εὑρεῖν

2008 2501 2136 2564 hoc,
2189 2516 2366 2572 neque
2401 2501 2558 2567 illttd,
2607 2503 2782 2556 donec
2838 2502 3100 2557 invenero
3129 2503 3308 2556 locum
3374 2503 3606 2558 Domino

318 2587 453 2658 ώςή
491 2587 672 2656 βίϐλος
719 2586 827 2639 τῶν
855 2585 1156 2640 Βασιλειῶν
1203 2587 1235 2656 ἡ
1270 2586 1466 2656 πρώτη
1517 2586 1907 2656 διαλαμϐάνει.

320 2683 396 2736 Τὸ
425 2685 476 2736 ει
518 2681 682 2758 δὲ,-τδ
708 2683 780 2736 οὐ
816 2681 1099 2752 σημαίνει,
1152 2681 1227 2744 ὼς
1262 2682 1356 2734 καὶ
1383 2683 1437 2734 ὲν
1463 2681 1644 2745 ἄλλοις
1679 2683 1906 2752 εἰρήκα-

323 2793 446 2847 μεν.
478 2777 751 2847 Σκήνωμα
779 2776 834 2828 δὲ
871 2776 964 2828 καὶ
997 2770 1146 2838 οἶκος
1178 2773 1274 2828 τοῦ
1305 2774 1441 2828 Θεοῦ
1473 2775 1707 2842 λέγοιτο,
1733 2774 1822 2827 διὰ
1848 2776 1908 2828 τὸ

321 2870 534 2923 ἐκεῖοεν
567 2868 934 2938 χρηματίζειν
967 2869 1062 2922 καὶ
1093 2868 1306 2938 ὁμιλεῖν
1328 2868 1442 2930 τοῖς
1486 2867 1686 2934 ἀξίοις,
1714 2867 1789 2931 ὡς
1814 2868 1909 2922 καὶ

323 2961 686 3032 προλαϐόντες
718 2962 1050 3030 εἰρήκαμεν.

2007 2591 2260 2660 dignum,
2303 2594 2405 2647 hoc
2433 2604 2539 2659 est,
2603 2595 2784 2648 locum
2842 2595 3054 2663 templi,
3104 2605 3159 2649 et
3209 2596 3604 2651 habitationem

2008 2701 2153 2742 arca:
2184 2701 2247 2740 ac
2287 2686 2648 2741 tabernaculi.
2697 2685 2762 2740 Et
2793 2703 2982 2740 revera
3022 2689 3182 2740 etiam
3218 2704 3326 2742 non
3368 2689 3606 2758 quievit,

2009 2781 2186 2834 donec
2232 2779 2384 2832 illum
2447 2779 2739 2844 invenerit,
2797 2779 3261 2847 quemadmodum
3330 2780 3384 2833 in
3431 2779 3607 2848 prino

2010 2869 2222 2940 Regum
2263 2871 2403 2924 libro
2465 2871 2727 2925 traditur.
2781 2870 2957 2922 Dictio
3032 2881 3217 2924 autem
3280 2871 3346 2933 si,
3383 2873 3488 2940 huc
3553 2872 3607 2922 in

2012 2938 2158 3024 loco,
2195 2959 2340 3015 idem
2401 2960 2678 3030 signiﬁcat
2736 2961 2884 3028 quod
2939 2977 3042 3013 non
3075 2999 3090 3021 ,
3141 2938 3606 3029 quemadmodum

326 3071 472 3125 saepe
514 3056 641 3110 alibi
707 3055 972 3109 diximus.
1037 3051 1476 3108 Tabernaculum
1531 3067 1662 3107 vero
1693 3063 1743 3106 et
1783 3053 1984 3107 domus
2025 3053 2139 3118 Dei,
2193 3053 2482 3106 dicebatur
2541 3053 2699 3108 locus
2781 3053 2895 3117 ille,
2957 3051 3050 3106 ubi
3118 3068 3382 3122 responsa
3443 3062 3610 3122 atque

325 3151 547 3206 oracula
605 3153 877 3206 dabantur
916 3167 944 3204 a
1004 3151 1152 3216 Deo;
1205 3149 1296 3203 ubi
1343 3149 1509 3203 etiam
1583 3150 1650 3202 ad
1705 3148 1907 3216 probos
1947 3156 2001 3202 et
2032 3149 2099 3203 ad
2139 3149 2342 3204 virtute
2373 3149 2636 3218 praditos
2687 3149 2938 3202 homines
3004 3149 3347 3218 loquebatur,
3429 3159 3489 3203 ut
3557 3151 3607 3202 in

323 3241 704 3310 superioribus
766 3242 1028 3296 diximus.
1082 3239 1238 3312 (Nam
1295 3240 1496 3308 alioqui
1561 3239 1706 3293 Deus
1764 3239 1912 3293 nulla
1953 3239 2293 3295 habitatione
2341 3254 2436 3294 seu
2479 3240 2640 3294 domo
2698 3239 2924 3306 indiget,
2993 3247 3088 3292 aut
3138 3240 3539 3308 tabeinaculn.)

397 3332 544 3386 Ἰδοὺ
583 3333 936 3402 ἠκούσαμεν
979 3333 1176 3398 αὐτὴν
1227 3331 1298 3384 ἐν
1341 3329 1648 3398 Εὐφραοᾱ.
1693 3329 1912 3402 Ἐπειδὴ
1941 3335 1984 3392 C

331 3424 488 3493 παρὰ
539 3423 648 3475 τῶν
703 3423 1202 3492 πατέρωνοήμῷν,
1261 3422 1293 3484 ἢ
1352 3423 1504 3490 παρὰ
1553 3421 1661 3473 τῶν
1715 3420 1914 3490 βίϐλων

321 3517 641 3584 ἠκούσαμεν
678 3516 966 3587 ἐνεχθῆναι
1017 3516 1115 3585 τὴν
1148 3513 1404 3582 κιϐωτὸν,
1453 3516 1514 3566 ὲν
1545 3513 1622 3583 τῷ
1651 3513 1801 3584 τόπῳ
1833 3513 1915 3582 τῷ

323 3608 650 3679 καλουμένῳ
709 3609 992 3679 Εὑφραθᾶ.
1048 3609 1157 3662 Καὶ
1214 3607 1312 3680 τὴν
1347 3607 1552 3678 Ῥαχὴλ
1606 3607 1662 3660 δὲ
1715 3606 1912 3660 Οάπτει

336 3697 533 3751 Ἰακὼϐ
595 3702 654 3752 ὲν
705 3699 784 3770 τῷ
845 3698 1169 3770 ἱπποδρόμῳ
1216 3697 1313 3752 τοῦ
1368 3698 1666 3768 Εὑφραοἇ”
1704 3699 1910 3765 Αὕτη,

325 3790 516 3858 φησιν,
551 3790 686 3844 ἐστὶ
721 3789 994 3860 Βηθλεέμ
1015 3807 1028 3820 ·
1064 3790 1228 3860 ἔφερε
1259 3791 1368 3860 γὰρ
1397 3792 1425 3842 ὁ
1457 3792 1624 3852 τόπος
1654 3786 1749 3842 τοῦ
1773 3804 1908 3858 προ-

325 3881 560 3952 κατόχου
587 3883 647 3934 τὸ
674 3882 872 3954 ὄνομα.

2090 3329 2261 3385 Vens.
2296 3330 2350 3386 6.
2405 3330 2540 3384 Ecce
2570 3331 2868 3383 audivimus
2898 3347 3015 3384 eam
3046 3332 3100 3383 in
3142 3331 3403 3398 Eplirata.
3462 3332 3611 3398 Quo-

2019 3422 2188 3487 niam,
2219 3423 2421 3493 inquit.
2452 3437 2482 3475 a
2531 3422 2780 3490 patribus
2813 3423 3039 3487 nostris,
3074 3423 3154 3476 vel
3183 3423 3347 3476 etiam
3385 3423 3610 3479 aliunde

2017 3530 2081 3570 ex
2123 3515 2300 3570 sacris
2330 3513 2517 3570 Libris
2568 3513 2880 3567 audivimus
2913 3529 3058 3575 eam,
3100 3529 3284 3566 arcam
3347 3516 3606 3569 nimirum

2021 3605 2079 3660 in
2115 3604 2372 3676 Ephratae
2450 3606 2630 3658 locum
2705 3604 2938 3658 delatam
3014 3604 3206 3657 fuisse.
3270 3604 3362 3658 Est
3423 3616 3606 3659 autem

2017 3697 2258 3766 Ephrata
2292 3699 2508 3760 eadem,
2558 3710 2678 3764 qua:
2735 3702 2789 3748 et
2837 3693 3135 3749 Bethleem.
3176 3695 3434 3765 Legimus
3459 3700 3606 3752 enim

2020 3787 2151 3840 alibi
2183 3786 2326 3854 apud
2356 3785 2699 3853 Scripturam
2728 3802 2741 3837 :
2767 3783 3031 3838 Bethleem
3061 3785 3251 3838 domus
3275 3785 3513 3853 Ephrala
3538 3787 3608 3844 ⁸⁸.

2014 3878 2147 3932 Item
2200 3877 2375 3932 Jacob
2419 3892 2646 3931 uxorem
2680 3875 2891 3929 Rachel
2923 3876 3177 3945 sepelivit
3204 3877 3258 3931 in
3293 3877 3609 3946 Hippodro-

325 3988 417 4024 mo
473 3973 723 4043 Ephrata:
758 3993 772 4029 :
811 3974 965 4042 Haec,
1001 3973 1199 4043 inquit,
1275 3985 1353 4028 est
1404 3971 1690 4027 Bethleem.
1745 3971 2140 4043 Appellabatur
2191 3986 2428 4039 namque
2491 3970 2620 4024 olim
2671 3969 2826 4023 locus
2897 3967 2989 4022 ille
3032 3967 3194 4035 primi
3266 3971 3609 4039 possessoris

326 4079 568 4119 llUlIllllC.

401 4158 673 4226 Εὗρομεν
718 4158 914 4226 αὐτὴν
947 4158 1165 4225 ἐντοῖς
1213 4159 1446 4225 πεδίοις
1498 4159 1605 4213 τοῦ
1651 4159 1906 4229 δρυμοῦ.

325 4248 580 4320 Εὖρομεν
621 4250 794 4321 αὐτὴν
825 4251 934 4304 ἀπὸ
962 4251 1072 4304 τῶν
1103 4249 1416 4324 εἰρημένων
1439 4267 1452 4280 °
1505 4250 1658 4319 παρὰ
1695 4251 1906 4304 τούτων

325 4341 607 4412 ἐμάθομεν
641 4344 812 4413 αὐτὴν
867 4343 1235 4414 αὑλιζομένην
1282 4346 1340 4396 ἐν
1377 4346 1489 4406 τοῖς
1548 4343 1754 4406 πεδίοις
1811 4341 1906 4395 τοῦ

325 4432 558 4504 δρυμοῦ,
623 4437 927 4497 τουτέστιν,
981 4429 1082 4488 ὦδε
1144 4435 1371 4488 κάκεῖσε
1437 4432 1905 4505 περιφερομένην,

326 4527 482 4596 παρὰ
511 4525 571 4580 τὸ
600 4527 676 4599 μὴ
704 4527 852 4598 ἔχειν
881 4527 1047 4580 τόπον
1079 4527 1489 4598 ἀφωρισμένον.
1537 4525 1724 4580 Ταῦτα
1745 4525 1802 4578 δὲ
1829 4525 1910 4578 λέ-

2088 4153 2393 4210 Invenimus
2434 4167 2548 4204 eum
2582 4150 2634 4203 in
2666 4151 2869 4216 campis
2903 4150 3074 4204 silvm.
3113 4149 3427 4204 Invenimus
3459 4166 3606 4205 eam.

2014 4247 2118 4299 hoc
2143 4252 2247 4306 est,
2279 4257 2344 4295 eo
2395 4244 2557 4294 modo
2595 4239 2912 4302 didicimus,
2955 4250 3012 4294 ut
3053 4255 3220 4308 supra
3253 4240 3460 4293 dictum
3490 4251 3600 4304 est,

2013 4353 2043 4390 a
2091 4335 2396 4403 majoribus
2426 4333 2681 4385 nimirum
2715 4335 2945 4394 nostris,
3011 4347 3109 4387 seu
3157 4348 3223 4386 ex
3273 4331 3477 4387 divinis
3536 4334 3608 4386 li-

2013 4429 2127 4483 bris
2154 4445 2168 4480 :
2201 4425 2530 4492 didicimus,
2593 4425 2842 4493 inquam,
2870 4440 2989 4479 eam
3017 4434 3408 4478 commoratam
3439 4425 3611 4479 fuisse

2014 4520 2069 4574 in
2110 4519 2319 4588 campis
2374 4517 2548 4582 silva,
2619 4517 2724 4571 hoc
2754 4527 2860 4580 est,
2901 4517 3004 4570 huc
3036 4526 3199 4584 atque
3265 4516 3394 4570 illuc
3421 4531 3613 4570 erran-

326 4631 487 4682 γουσι
550 4617 916 4680 συνιστῶντες
947 4617 1028 4670 ὅτι
1081 4616 1402 4683 ἀναγκαίαις
1436 4615 1734 4686 ἐζήλωσεν,
1766 4615 1908 4684 ὑπὲρ

2016 4614 2085 4668 tis
2117 4615 2170 4666 in
2203 4627 2410 4666 morem
2470 4612 2813 4673 circumlata,
2859 4617 3049 4680 utpote
3112 4626 3234 4680 quae
3299 4619 3510 4664 certum
3546 4627 3610 4666 ac

327 4704 501 4774 αὐτῆς
531 4708 556 4759 ὁ
583 4707 767 4772 Δαϐὶδ,
810 4709 904 4761 καὶ
937 4707 1042 4778 τὸν,
1068 4707 1232 4759 τόπον
1290 4697 1472 4777 εὗρεν,
1520 4707 1660 4776 ὑπὲρ
1706 4701 1768 4762 οὗ
1808 4705 1907 4760 καὶ

330 4793 431 4846 νῦν
470 4796 832 4852 ἱκετεύουσιν.

2010 4705 2343 4759 destinatum
2375 4703 2554 4757 locum
2578 4702 2817 4772 aliquem
2855 4717 2962 4755 non
2994 4701 3241 4755 haberet.
3283 4701 3396 4756 Hoc
3423 4711 3606 4755 autem

2010 4796 2225 4861 dicunt,
2277 4794 2662 4850 demonstrare
2712 4793 3137 4877 contendentes,
3199 4793 3348 4862 quod
3415 4792 3609 4848 beatus

329 4888 499 4942 David
539 4895 853 4948 necessario
898 4892 1191 4948 admodum
1240 4908 1339 4963 pro
1383 4909 1447 4949 ea
1481 4891 1595 4947 rclo
1623 4897 1912 4961 correptus
1951 4899 2054 4956 εει,
2090 4901 2150 4944 ut
2189 4890 2369 4946 locum
2401 4891 2554 4944 illum
2577 4889 2872 4950 inveniret,
2909 4901 3009 4956 pro
3042 4900 3152 4955 quo
3187 4886 3288 4970 ipsi
3357 4885 3411 4937 in
3475 4899 3608 4953 ιιι-ευ-

331 4982 505 5037 sentia
537 4984 602 5038 ad
637 4984 803 5039 Deum
837 4987 1170 5057 supplicant.

397 5073 883 5143 Είσελευσόμεθα
945 5078 1032 5140 είς
1101 5075 1174 5128 τὰ
1248 5074 1613 5144 σκηνώματα
1681 5072 1909 5137 αὐτοῦ,

327 5164 856 5236 προσκυνήσωμεν
899 5170 988 5234 είς
1019 5169 1127 5221 τὸν
1159 5168 1368 5232 τόπον,
1413 5163 1485 5222 οὗ
1543 5168 1820 5232 ἔστησαν
1858 5166 1912 5217 οἱ

328 5254 515 5320 πόδες
575 5258 785 5311 αὑτοῦ.
836 5258 1025 5311 Ταύτα
1082 5257 1363 5328 προσώπῳ
1422 5257 1535 5310 τῶν
1598 5259 1656 5308 ὲν
1720 5258 1912 5318 αὐτοῖς

336 5348 534 5414 ἁγίων,
589 5351 1051 5419 προφητευόντων
1086 5353 1291 5414 αὐτοῖς,
1343 5351 1425 5402 ὅτι
1477 5350 1845 5418 ἀναστήσεται
1885 5349 1913 5399 ό

331 5439 483 5502 ναὸς,
521 5443 615 5494 καὶ
649 5443 1051 5494 εἰσελεύσονται
1085 5443 1176 5495 καὶ
1210 5443 1650 5496 ποοσκυνίκσουσι
1685 5442 1777 5492 καὶ
1815 5437 1911 5490 λα·

431 5617 650 5676 ⁸Μίι·ιι.
711 5635 738 5672 ν
810 5621 863 5672 Ξ.

2083 5067 2309 5123 Vansﬂ.
2344 5067 2680 5122 Introeamus
2729 5067 2786 5120 in
2832 5060 3176 5118 tabernacula
3225 5057 3363 5125 ejus,
3417 5055 3608 5109 adore-

2015 5179 2130 5216 mus
2166 5162 2392 5222 inloco,
2443 5162 2532 5212 ubi
2583 5166 2839 5213 steterunt
2882 5155 3037 5223 pedes
3084 5152 3222 5221 ejus.
3262 5148 3384 5202 Haec
3441 5151 3604 5201 verba

2013 5271 2080 5309 ex
2113 5263 2433 5310 sanctorum
2492 5264 2732 5321 persona
2763 5248 2910 5302 dicta
2951 5253 3105 5306 sunt,
3164 5240 3257 5307 qui
3295 5239 3498 5308 populo
3535 5253 3600 5288 ex

2012 5348 2328 5415 captivitate
2359 5345 2413 5398 in
2479 5344 2710 5412 patriam
2777 5337 3038 5392 restituto
3087 5334 3338 5387 aderant.
3394 5326 3603 5380 Praedi-

2013 5439 2162 5491 citur
2193 5443 2378 5491 autem
2441 5435 2529 5491 his
2579 5429 2784 5495 verbis,
2834 5422 3294 5499 quemadmodum
3335 5418 3600 5488 templum

1691 5706 1889 5772 Variae
1915 5704 2247 5770 lectiones.

403 5818 510 5888 (53)
537 5815 741 5887 Snpple
777 5815 1087 5888 Μνήσθητι.
