4112 6408
355 380 485 453 122]

1523 395 1910 460 COMMEN’I‘.
1944 398 2025 461 IN
2063 399 2422 463 PSALMOS.

3451 402 3595 471 1222

335 506 549 576 θρόνου
579 521 717 562 σου.
764 506 889 560 Ἐπὶ
936 506 1029 560 τοῦ
1090 505 1283 578 θρόνου
1328 507 1425 580 τῆς
1475 508 1755 583 βασιλείας
1787 529 1907 568 σου.

2022 512 2134 569 lloc
2161 522 2266 578 est,
2313 516 2368 569 in
2415 515 2634 579 throno,
2663 525 2827 586 atque
2870 515 2924 571 in
2961 515 3093 573 sede
3126 517 3278 590 regni
3339 520 3442 576 tui.
3481 521 3598 575 Nec

337 598 446 652 Καὶ
470 600 530 652 ού
566 600 720 654 τοῦτο
745 601 928 671 μόνον,
957 599 1095 654 ἀλλὰ
1118 599 1212 653 καλ⁵
1236 598 1423 670 ἕτερα.
1448 603 1591 657 Τίνα
1624 604 1681 659 δὲ
1706 604 1907 671 ταῦτα,

337 693 584 745 ἄκουσον.

404 783 550 837 Ἐὰν
603 783 991 852 φυλάξωνται
1034 789 1091 841 al
1148 788 1268 843 υἱοί
1303 804 1422 844 σου
1454 788 1572 862 τὴν
1615 789 1913 859 διαθήκην

337 892 472 942 μου,
524 874 622 928 καὶ
664 875 736 928 τὰ
789 876 1085 949 μαρτύριά
1124 896 1269 948 μου.
1308 877 1346 932 ἆ
1373 878 1596 947 διδάξω
1657 881 1908 948 αὐτοὺς,

338 966 434 1020 καὶ
462 970 514 1020 οὶ
545 967 663 1021 vlol
693 964 893 1021 αὐτῶν
917 968 1031 1035 ἕως
1071 970 1178 1024 τοῦ
1206 969 1422 1038 αἰῶνος
1444 972 1791 1028 καθιοῦνται
1814 974 1913 1028 ἐπὶ

338 1059 444 1113 τοῦ
484 1060 703 1126 θρόνου
751 1074 891 1114 σου.
956 1060 1083 1114 Ἐὰν
1118 1062 1406 1133 τηρήσωσι
1456 1064 1550 1117 τὸν
1583 1063 1746 1134 νόμον
1804 1082 1913 1135 μου

338 1152 388 1205 οἱ
426 1151 537 1205 υῑοί
570 1169 688 1218 σου,
742 1155 805 1205 ἐκ
851 1152 1105 1223 διαδοχῆς
1139 1153 1519 1224 βασιλεύοντες
1543 1171 1559 1187 ο
1588 1156 1778 1210 τοῦτον
1806 1139 1915 1229 γὰρ

340 1241 569 1296 ἐκάλεσε
590 1242 860 1312 διαθήκην
881 1260 896 1275 ⁸
939 1242 1021 1297 ἔτι
1042 1243 1098 1297 δὲ
1126 1245 1221 1299 καὶ
1246 1244 1552 1318 μαρτύρια,
1593 1247 1671 1312 ὡς
1719 1251 1779 1303 ὲν
1837 1250 1915 1321 τῷ

342 1330 448 1403 ριη’
471 1332 696 1406 ψαλμῷ,
725 1333 1340 1405 πολλάκις’δεδήλωται.
1374 1335 1561 1391 Ταῦτα
1613 1338 1690 1403 δὲ,
1726 1342 1912 1410 φησὶν,

340 1421 376 1478 ἃ
408 1423 606 1489 διδάξω
636 1424 835 1488 αὐτοὺς
896 1424 984 1478 διὰ
1034 1425 1137 1496 τῆς
1168 1424 1533 1495 ἀναγνώσεως
1574 1428 1774 1494 αὐτῶν,
1815 1431 1917 1485 οὐκ

342 1515 499 1567 αὐτοὶ
555 1516 719 1585 μόνον
787 1515 1228 1585 βασιλεύσουσιν,
1283 1518 1420 1572 ἀλλὰ
1470 1520 1565 1573 καὶ
1602 1521 1653 1573 οἱ
1709 1519 1917 1575 τούτων

341 1604 450 1656 υἱοὶ
480 1605 566 1658 ἀεὶ
594 1604 979 1675 βασιλεύσουσι
1045 1608 1189 1662 κατὰ
1213 1608 1486 1681 διαδοχήν.
1553 1609 1790 1666 Τοιαῦτα
1817 1611 1918 1682 μὲν

341 1693 413 1748 τὰ
441 1696 542 1766 τῆς
590 1696 979 1767 ἐπαγγελίαςοι
1021 1701 1145 1753 ἐπεὶ
1174 1700 1232 1755 δὲ
1268 1701 1370 1755 οὐκ
1410 1702 1705 1771 ἐφύλαξαν,
1728 1703 1920 1770 ἐξέπε-

349 1804 467 1841 σον.
531 1787 720 1841 Ταῦτα
777 1789 836 1842 δὲ
892 1790 1148 1860 λέγουσιν
1200 1794 1250 1847 οἱ
1295 1793 1675 1858 δυσωποῦντες
1728 1795 1917 1866 ὥσπερ

342 1877 863 1950 ἀναμιμνήσκοντες
878 1851 981 1935 τὸν·
993 1882 1127 1937 Θεὸν
1148 1883 1249 1953 τῆς
1276 1884 1541 1956 τοιαύτης
1562 1851 1918 1955 ἐπαγγελίαέ,
1948 1851 1995 1911 Β

343 1973 443 2027 καὶ
472 1974 555 2037 εἰς
593 1974 993 2046 ἀποπλήρωσιν
1038 1977 1212 2047 αὐτῆς
1261 1978 1737 2050 παρακαλοῦντες,
1767 1981 1799 2053 ἢ
1828 1977 1924 2031 καὶ

342 2064 610 2137 ἀλλήλους
661 2067 1180 2137 παραμυθούμενοι,
1222 2069 1319 2123 καὶ
1382 2069 1459 2140 τῷ
1516 2068 1629 2137 λαῷ
1679 2068 1926 2144 χρηστὰς

343 2156 569 2221 ἐλπίδας
595 2158 919 2222 ὲντιθέντες.
953 2156 1088 2214 Εἶτα
1142 2159 1239 2215 καὶ
1269 2160 1340 2214 τὰ
1364 2160 1492 2230 ἑξῆς
1522 2161 1924 2214 ἐπισυνάπτου-

344 2265 455 2314 σιν,
509 2248 588 2313 ὡς
632 2249 731 2304 καὶ
785 2250 928 2304 αὐτὰ
982 2250 1134 2320 παρὰ
1186 2250 1281 2305 τοῦ
1329 2251 1469 2305 Θεοῦ
1515 2251 1639 2305 τότε
1689 2250 1926 2322 ρηθέντα

344 2340 485 2412 πρὸς
506 2341 600 2395 τὸν
627 2341 814 2396 Δασίδ.

2017 612 2228 666 tantum
2292 607 2395 665 hoc
2440 606 2614 674 dixit,
2661 608 2757 665 sed
2814 616 2868 667 et
2921 609 3025 663 alia
3066 625 3191 680 qua:
3259 623 3594 681 sequuntur.

2085 775 2254 833 Vens.
2304 778 2391 833 12.
2425 776 2485 833 Si
2537 779 2880 835 eustodierint
2938 783 3038 852 ﬁlii
3091 784 3168 835 tui
3222 792 3599 838 testamentum

2016 887 2211 937 meum,
2238 879 2289 926 et
2333 871 2633 926 testimonia
2669 889 2782 927 mea
2817 873 2947 936 Iiwc,
2993 890 3111 942 quia
3154 874 3345 929 docebo
3386 891 3497 939 eos,
3550 887 3600 930 et

2013 960 2113 1029 ﬁlii
2141 976 2323 1014 eorum
2344 961 2408 1013 in
2439 960 2693 1014 sweuhcm
2726 961 2912 1015 sa'cidi
2946 965 3196 1016 sedebant
3245 979 3402 1031 super
3441 967 3590 1017 thro-

2015 1068 2139 1106 num
2175 1061 2343 1105 tuum.
2378 1050 2435 1105 Si
2471 1053 2564 1106 ﬁlii
2594 1054 2692 1115 tui,
2718 1052 2923 1122 inquit,
2954 1053 3046 1123 qui
3078 1069 3175 1123 per
3210 1056 3597 1109 successiones

2018 1145 2350 1214 reguabunt,
2373 1143 2549 1214 legem
2579 1159 2757 1200 meam
2785 1146 3217 1200 observaverint.
3266 1147 3369 1201 Per
3424 1160 3594 1201 ιοκιιι-

2016 1245 2262 1290 mentum
2295 1237 2442 1291 enim
2476 1244 2532 1291 et
2563 1251 2662 1306 per
2686 1238 3011 1292 testimonia
3037 1276 3053 1300 ,
3087 1236 3259 1307 legem
3291 1239 3464 1307 ipsam
3517 1239 3601 1291 in-

2018 1328 2235 1397 telligit,
2271 1328 2739 1399 quemadmodum
2768 1337 2824 1383 et
2854 1344 2997 1399 sarpe
3027 1331 3181 1397 alibi,
3207 1329 3507 1401 prmsertim
3548 1332 3602 1383 in

2015 1421 2226 1491 psalmo
2260 1435 2452 1485 cxvm,
2487 1419 2580 1474 ubi
2607 1420 2771 1475 etiam
2796 1420 3058 1477 diximus.
3088 1422 3142 1476 Si
3166 1423 3603 1488 observaverint,

2017 1512 2216 1580 inquit.
2250 1510 2584 1574 testimonia,
2614 1525 2736 1580 qua:
2761 1525 2862 1580 ego
2893 1526 2988 1567 eos
3015 1513 3240 1576 docebo,
3276 1514 3321 1569 si
3360 1514 3482 1568 lecti
3508 1518 3603 1571 mi.

2016 1605 2155 1675 legis
2190 1619 2321 1658 mea:
2350 1603 2666 1659 vacaverint
2690 1642 2706 1667 ,
2740 1617 2849 1657 non
2885 1603 2989 1673 ipsi
3039 1604 3214 1659 solum
3249 1606 3557 1672 regnabunt
3584 1647 3600 1670 ,

2018 1696 2113 1752 sed
2142 1694 2359 1749 illorum
2405 1694 2570 1749 etiam
2602 1692 2699 1748 lilii
2730 1702 3051 1764 perpetuam
3090 1695 3241 1765 regni
3289 1697 3599 1750 successio—

2022 1803 2144 1843 nem
2172 1794 2600 1856 consequentur.
2631 1784 2698 1838 Et
2726 1786 2841 1840 haec
2869 1785 3087 1852 quidem
3120 1802 3152 1839 ιι
3186 1787 3295 1841 Deo
3347 1786 3430 1841 cis
3475 1802 3603 1855 pro-

2024 1879 2189 1934 missa
2221 1887 2351 1932 sunt
2382 1893 2396 1930 :
2431 1891 2619 1931 verum
2666 1885 2953 1946 postquam
2993 1877 3095 1947 ipsi
3140 1889 3296 1947 pacta
3334 1894 3442 1933 non
3498 1881 3599 1931 oli-

2026 1980 2420 2031 servaverunt,
2465 1968 2592 2033 jure
2632 1968 2796 2022 etiam
2838 1984 2868 2022 a
2916 1970 3205 2038 promissis
3262 1971 3603 2027 deciderunt.

2023 2059 2263 2116 Possunt
2297 2059 2459 2113 etiam
2489 2059 2604 2115 huic
2633 2061 2801 2114 verba
2846 2061 3109 2130 intelligi,
3140 2071 3199 2115 ut
3233 2064 3300 2115 ab
3342 2063 3421 2116 eis
3455 2063 3602 2117 dicta

2025 2153 2159 2217 sint,
2192 2166 2256 2205 ea
2285 2152 2499 2205 ratione
2528 2160 2588 2205 ut
2623 2149 2789 2207 Deum
2837 2151 2942 2207 sibi
2990 2153 3164 2225 magis
3195 2155 3557 2209 coinciliarent
3586 2193 3602 2215 ,

2024 2253 2348 2300 revocantes
2383 2245 2432 2299 ei
2478 2244 2537 2298 in
2586 2245 2904 2299 memoriam
2940 2249 3200 2313 antiquas
3250 2247 3605 2317 pollicitatio-

2024 2353 2142 2402 nes,
2186 2345 2239 2392 et
2276 2345 2532 2406 rogantes
2568 2336 2969 2404 quodammodo
3003 2348 3060 2390 ut
3090 2351 3186 2393 eas
3231 2339 3557 2408 adimpleret
3585 2381 3602 2405 ,

341 2434 426 2490 vel
462 2446 522 2490 ut
552 2444 742 2491 mutuo
768 2450 888 2492 sese
913 2435 1355 2502 consolarentur,
1388 2443 1445 2491 et
1472 2450 1667 2492 nonam
1697 2434 1905 2506 populo
1945 2446 2098 2502 spem
2131 2436 2479 2501 praestarent.
2529 2425 2733 2482 Deinde
2822 2427 3032 2484 addunt
3074 2431 3238 2486 etiam
3312 2432 3605 2503 sequentia

345 2526 530 2591 verba,
561 2528 727 2583 veluti
758 2537 813 2583 et
840 2543 961 2598 quae
1009 2543 1041 2582 a
1084 2526 1193 2584 Deo
1224 2528 1354 2582 olim
1381 2528 1527 2583 dicta
1555 2527 1720 2583 etiam
1772 2526 2011 2582 fuissent
2038 2523 2104 2579 ad
2132 2523 2349 2579 beatum
2380 2521 2578 2591 David.

413 2621 545 2674 Ὀτι
574 2621 902 2687 ἐξελέξατο
951 2624 1169 2693 Κύριος
1197 2623 1314 2692 τὴν
1371 2623 1546 2688 Σιὼν,
1603 2623 1924 2693 ᾐρετίσατο

341 2714 541 2783 αὐτὴν
563 2717 651 2782 εἰς
679 2716 997 2771 κατοικίαν
1034 2714 1249 2781 ἐαυτῷ.
1313 2715 1673 2781 Καθιοῦνται,
1733 2713 1921 2784 φησὶν,

341 2807 439 2861 ἐπὶ
467 2806 561 2860 τοῦ
586 2806 782 2878 θρόνου
840 2823 958 2875 σου,
999 2807 1137 2861 διότι
1165 2809 1260 2861 καὶ
1285 2808 1389 2880 τὴν
1422 2808 1564 2861 Σιὼν
1588 2810 1648 2861 ὲν
1678 2802 1712 2882 ᾖ
1743 2807 1772 2859 ό
1797 2805 1926 2878 θρό-

343 2915 437 2962 νος
463 2899 563 2969 τῆς
588 2897 876 2970 βασιλείας
908 2914 1003 2951 σου
1030 2897 1318 2965 ἐξελέξατο
1339 2902 1367 2952 ὁ
1390 2899 1617 2971 Κύριος,
1672 2898 1701 2951 ό
1750 2897 1926 2951 ταῦτα

341 2989 840 3061 ἐπαγγελλόμενος,
873 2989 1042 3061 ἤγουν
1077 2989 1212 3059 ἐγώ.

411 3173 569 3241 Αὕτη
605 3173 643 3242 ἡ
669 3170 1054 3239 κατάπαυσίς
1073 3188 1193 3242 μου
1241 3173 1329 3239 εις
1360 3170 1545 3226 αἰῶνα
1567 3169 1802 3239 αἰῶνος.
1846 3171 1913 3225 'Il

342 3266 598 3325 κατοικία
625 3284 751 3338 μου.

419 3354 554 3415 Ὧδε
606 3358 966 3427 κατοικήσω,
1017 3357 1108 3412 ὅτι
1150 3356 1524 3428 ᾐρετισὰμην
1567 3355 1781 3425 αὐτήν.
1810 3357 1921 3411 Καὶ

341 3453 517 3507 ταῦτα
548 3452 738 3507 καὶτὰ
786 3451 915 3523 ἑξῆς
945 3451 1198 3520 λέγουσιν
1262 3451 1338 3515 ὡς
1387 3450 1781 3523 ἐπαγγηλμένα
1824 3452 1921 3505 καὶ

342 3542 506 3597 αὐτὰ.

425 3632 548 3701 Τὴν
585 3631 779 3700 θήραν
810 3629 1001 3701 αὐτῆς
1041 3629 1315 3702 εὐλογῶν
1342 3630 1685 3702 εὐλογήσω.
1732 3631 1920 3704 Θήραν

342 3723 595 3796 ὠνόμασε
621 3725 716 3779 τὸν
741 3726 1016 3795 πορισμὸν
1070 3725 1164 3779 καὶ
1186 3724 1285 3797 τὴν
1311 3724 1647 3795 συγκομιδὴν
1670 3725 1768 3792 τῆς
1800 3741 1825 3774 τ
1836 3740 1923 3793 po-

345 3819 472 3888 φῆς.
530 3818 784 3886 Εύλογῶν
853 3817 1162 3889 εὐλογήσω,
1213 3819 1462 3879 τουτέστι
1513 3816 1804 3889 χαριτώσω
1842 3818 1922 3878 εἰς

342 3908 628 3979 δαψίλειαν
666 3910 765 3962 καὶ
804 3909 1088 3975 ἀφθονίαν.
1514 3892 1521 3899 ’

418 3998 561 4065 Τοὺς
611 4000 890 4070 πτωχοὺς
928 3997 1117 4068 αὐτῆς
1157 3997 1433 4069 χορτάσω
1483 3999 1698 4067 ἄρτων.
1743 3997 1921 4051 Πλου-

342 4095 411 4164 τή
423 4112 518 4149 σω.

420 4186 570 4252 Τοὺς
602 4185 775 4257 lapsi;
815 4184 1010 4256 αὐτῆς
1052 4184 1289 4241 ἐνδύσω
1313 4186 1634 4254 σωτηρίαν.
1675 4183 1916 4255 Ὑγείαν,

343 4279 672 4347 ἀσφάλειαν.

415 4368 525 4424 Καὶ
553 4373 608 4423 οι
628 4356 786 4424 ὅσιοι
815 4369 1007 4439 αὐτῆς
1032 4369 1390 4441 ἀγαλλιάσει
1422 4367 1917 4439 ἀγαλλιάσονται.

345 4460 582 4534 Εἴρηται
621 4463 753 4534 περὶ
781 4461 889 4516 τῶν
913 4463 1098 4517 ὁσίων.
1133 4462 1206 4516 Τὸ
1229 4461 1287 4515 δὲ
1318 4459 1694 4533 Ἀγαλλιάσει
1735 4460 1922 4531 dral-

2038 2622 2045 2625 ’
2097 2621 2270 2677 Vens.
2316 2620 2403 2675 l5.
2440 2621 2705 2687 Quoniam
2750 2621 2908 2691 elegit
2951 2622 3210 2677 Dominus
3245 2622 3372 2678 Sion
3401 2663 3415 2684 ,
3450 2622 3606 2695 elegit

2024 2733 2141 2772 eam
2171 2718 2226 2771 in
2254 2717 2632 2773 habitationem
2656 2717 2772 2774 sibi.
2813 2716 3114 2779 Sedebunl,
3158 2717 3365 2786 inquit,
3401 2717 3496 2771 lilii
3525 2717 3605 2773 tui

2026 2808 2080 2863 in
2114 2809 2311 2864 throno
2345 2821 2461 2873 tuo,
2513 2810 2770 2878 quoniam
2828 2807 3094 2865 Dominus
3132 2809 3296 2874 elegit
3342 2809 3514 2875 Sion,
3550 2810 3602 2864 in

2024 2912 2132 2966 qua
2157 2899 2316 2954 sedes
2341 2908 2428 2953 est
2458 2901 2608 2968 regni
2649 2901 2749 2952 tui.
2778 2899 2894 2963 Ille,
2922 2900 3165 2969 inquam,
3199 2899 3481 2966 Dominus,
3509 2903 3604 2971 qui

2029 2989 2147 3043 haec
2197 2988 2290 3043 tibi
2334 3004 2481 3045 nunc
2521 2991 2765 3060 loquitur
2789 2990 2954 3045 verba
2990 3008 3004 3044 :
3042 2989 3153 3065 Ego
3202 2990 3460 3046 videlicet
3507 2993 3605 3062 qui

2030 3080 2293 3136 Dominus
2326 3094 2470 3135 sum.

2104 3168 2264 3224 Vsus.
2296 3170 2379 3224 l4.
2412 3170 2538 3226 Ilwc
2583 3171 2786 3240 requies
2834 3188 2949 3231 mea
2995 3173 3053 3228 in
3101 3172 3360 3228 suculam
3399 3171 3607 3229 swculi.

1945 3247 1988 3302 C
2024 3261 2136 3318 Hoc
2166 3271 2270 3326 est,
2298 3265 2423 3318 ﬂare
2454 3263 2721 3319 habitatio
2750 3280 2891 3321 mea.

2093 3354 2197 3408 llic
2226 3355 2497 3417 habitabo,
2523 3357 2775 3427 quoniam
2802 3357 2934 3430 elegi
2957 3374 3094 3413 eam.
3121 3356 3247 3413 "me
3278 3365 3332 3414 et
3363 3372 3607 3430 sequen-

2023 3446 2093 3500 tia
2129 3447 2321 3501 dicunt
2353 3458 2612 3518 tanquam
2655 3450 2819 3503 etiam
2859 3450 2964 3505 sibi
2998 3450 3289 3520 promissa.

2099 3629 2261 3685 Vens.
2299 3629 2383 3685 l5.
2419 3628 2753 3684 Venationem
2783 3628 2897 3698 ejus
2929 3626 3235 3683 benedirens
3271 3627 3612 3685 benedicam.

2024 3726 2129 3780 Per
2158 3723 2531 3788 venationem,
2557 3723 2808 3779 ciborum
2839 3733 3005 3792 atque
3046 3721 3354 3777 eduliorum
3397 3736 3602 3793 suppe-

2023 3817 2342 3873 ditationein
2389 3814 2665 3885 intelligit.
2700 3814 2845 3879 llaec,
2892 3814 3093 3885 inquit,
3129 3812 3464 3869 benedicens
3508 3815 3605 3870 be-

2024 3915 2294 3978 nedicam,
2325 3913 2429 3970 hoc
2449 3924 2552 3976 est,
2581 3910 2857 3965 Praestabo
2881 3925 3075 3981 magna
3097 3926 3221 3968 cum
3243 3912 3600 3968 abundantia.

2095 4005 2363 4073 Pauperes
2389 4005 2503 4074 ejus
2530 4002 2787 4057 saturabo
2814 4003 3064 4073 panibus.
3107 4001 3221 4059 lloc
3247 4015 3330 4060 est
3356 4045 3374 4071 ,
3404 4006 3604 4061 dintes

2023 4097 2272 4157 reddam.

2099 4184 2260 4240 Vens.
2289 4183 2378 4242 16.
2401 4183 2710 4242 Sacerdotes
2743 4186 2858 4258 ejus
2881 4188 3104 4244 induam
3129 4185 3322 4242 salute.
3358 4186 3470 4244 lloc
3495 4199 3605 4257 θεῖ,

2026 4278 2346 4341 securitate,
2389 4292 2453 4331 ac
2491 4278 2633 4333 bona
2665 4279 2997 4333 valetudine.

2101 4366 2166 4421 Et
2209 4367 2382 4422 sancti
2410 4366 2522 4435 ejus
2554 4367 2908 4422 exsultatione
2948 4366 3314 4422 exsultabant.
3363 4366 3599 4435 Quinam

2026 4460 2138 4517 sint
2177 4464 2350 4516 sancti
2397 4459 2511 4526 Dei,
2550 4462 2662 4532 jam
2707 4476 2849 4530 sa‘pe
2890 4461 3019 4514 alibi
3064 4461 3269 4527 dit-tum
3310 4472 3416 4515 est.
3445 4457 3603 4525 Quod

344 4553 684 4620 λιάσονται,
712 4557 806 4610 καὶ
841 4554 901 4608 τὸ
931 4554 1220 4626 Εὑλογῶν
1244 4556 1583 4625 εὐλογήσω,
1597 4552 1694 4608 καὶ
1716 4553 1785 4613 sit
1813 4569 1921 4606 τοι·

2026 4560 2208 4606 autem
2229 4552 2324 4605 ait:
2346 4549 2714 4605 Exsultatione
2728 4549 3225 4614 exsultabantﬁlem
3248 4566 3262 4602 :
3284 4547 3602 4603 Benedicens

345 4644 510 4711 αῦτα,
544 4647 687 4712 τινὲς
716 4646 814 4718 μὲν
847 4646 1042 4717 ἰδίωμα
1087 4647 1223 4716 φασὶ
1256 4647 1354 4720 τῆς
1398 4646 1646 4718 Γραφῆς,
1693 4645 1838 4708 τινὲς
1865 4642 1921 4696 δὲ

344 4737 595 4793 ἐπίτασιν
625 4741 935 4810 ἐμφαίνειν,
974 4739 1008 4811 ἢ
1045 4738 1357 4810 βεϐαίωσιν.

2030 4642 2351 4705 benedictum,
2379 4650 2434 4694 et
2471 4640 2572 4695 alia
2610 4640 2951 4710 huiusmodi,
2980 4639 3204 4712 quidam
3247 4641 3451 4694 idioma
3479 4655 3611 4694 esse

2026 4735 2217 4789 dicunt
2255 4732 2532 4789 liebraica:
2576 4734 2811 4803 linguas;
2844 4733 3066 4804 quidam
3102 4749 3231 4788 vero
3286 4732 3611 4801 huiusmodi.

343 4845 601 4888 sermone
633 4834 709 4887 uti
752 4831 942 4887 dicunt
983 4830 1369 4902 Scripturam,
1416 4830 1485 4885 ad
1535 4828 1795 4899 majorem
1831 4827 2229 4893 inlensionem,
2282 4836 2337 4885 et
2363 4829 2429 4880 ad
2495 4826 2813 4881 validiorem
2878 4826 3161 4882 sententiis
3233 4825 3611 4880 conﬁrmatio-

344 4941 491 4981 nem.

428 5019 592 5072 Ἐκεῖ
619 5015 960 5079 ἐξανατελῶ
989 5014 1171 5085 κέρας
1196 5014 1276 5079 τῷ
1306 5015 1504 5072 Δαϐἰδ.
1524 5017 1614 5071 Ἑν
1652 5019 1719 5088 τῇ
1744 5014 1916 5078 Σιὼντ

344 5115 412 5164 ἐκ
437 5111 531 5165 τοῦ
557 5112 747 5178 γένους
766 5110 858 5162 τοῦ
882 5108 1048 5162 Δαδιδ
1084 5107 1233 5178 αὐτῷ
1270 5108 1516 5167 ἀνα-τελῶ
1543 5108 1730 5179 κέρας,
1762 5108 1918 5178 ὕψος,

344 5203 532 5274 τιμὴν,
562 5200 908 5272 δοξαζομένῳ
937 5200 1091 5271 παρὰ
1116 5200 1225 5253 τῶν
1250 5200 1569 5272 μετέπειτα,
1603 5202 1701 5257 καὶ
1738 5199 1825 5254 διὰ
1859 5200 1921 5255 τὸ

346 5292 639 5367 βασιλεῦον
672 5293 761 5347 ἀεὶ
790 5291 943 5363 γένος
979 5290 1170 5347 αὐτοῦ.

432 5387 766 5456 Ἦτοιμασα
795 5386 1031 5453 λύχνον
1072 5384 1152 5450 τῷ
1187 5381 1415 5452 χριστῷ
1438 5398 1576 5452 μου.
1612 5381 1918 5451 Ἥτοίμασα

346 5478 539 5551 λύχνον
558 5479 637 5551 τῷ
662 5477 878 5550 βασιλεῖ
907 5475 1010 5549 μοῦ
1039 5476 1224 5530 Δαὸὶδ.
1253 5477 1596 5538 Οἰκειωσεως
1621 5474 1678 5531 δὲ
1701 5474 1759 5527 τὸ
1800 5474 1919 5545 μοῦ

346 5571 628 5626 κάνταῦθα
647 5588 662 5602 ο
703 5568 911 5640 Λύχνον
929 5569 985 5622 δὲ
1013 5567 1163 5637 λέγει
1202 5565 1301 5639 τὴν
1325 5565 1575 5621 εὔκλειαν
1613 5563 1709 5619 τοῦ
1737 5565 1920 5638 σπέρ-

347 5678 519 5735 ματος
582 5661 770 5728 αὑτοῦ,
829 5661 988 5732 δίκην
1036 5660 1233 5732 λύχνου
1269 5658 1590 5731 μηνύουσαν
1625 5658 1799 5713 ἅπασι
1823 5659 1921 5727 τὴν

346 5756 508 5822 δόξαν
535 5755 726 5821 αὑτοῦ,
750 5756 845 5809 καὶ
867 5755 1069 5826 τρόπον
1103 5754 1281 5822 φωτὸς
1309 5751 1775 5811 ύποδεικνύουσαν
1802 5754 1923 5813 ταῖς

345 5848 548 5919 ἑφεξῆς
578 5851 797 5918 γενεαῖς
829 5848 922 5902 τὸν
970 5848 1238 5918 πρόγονον
1286 5845 1384 5900 τοῦ
1417 5845 1661 5899 τοιούτου
1690 5844 1880 5913 γένους
1902 5860 1917 5874 υ

2100 5012 2259 5069 Vens.
2304 5011 2385 5066 l7.
2420 5010 2543 5065 Illic
2571 5010 2705 5064 oriri
2735 5009 2935 5082 faciam
2966 5025 3128 5062 rornu
3172 5008 3277 5078 ipsi
3322 5008 3511 5062 David.
3546 5007 3611 5062 ln-

2027 5103 2158 5160 Sion
2204 5103 2434 5170 scilicet,
2470 5103 2523 5158 in
2556 5119 2659 5175 qua
2702 5103 2834 5157 oriri
2889 5102 2939 5157 ei
2993 5101 3181 5154 iaciam
3226 5100 3455 5171 gloriam
3483 5141 3496 5164 ,
3538 5116 3608 5156 ac

2023 5195 2407 5251 celsitudinem
2440 5212 2505 5249 ex
2539 5211 2736 5264 genere
2779 5193 2969 5258 David,
3015 5193 3140 5261 quia
3185 5200 3240 5246 et
3284 5207 3313 5245 a
3364 5194 3603 5261 posteris

2025 5288 2443 5358 gloriﬁcabitur,
2484 5297 2538 5343 et
2573 5287 2719 5342 illius
2755 5285 3033 5356 generatio
3065 5299 3283 5353 semper
3319 5286 3597 5353 regnavit.

2095 5381 2295 5438 Paravi
2337 5381 2605 5435 lucernam
2650 5379 2844 5433 cltrt'sto
2879 5393 3012 5432 meo.
3070 5376 3293 5431 Clu-isto
3325 5391 3465 5440 meo,
3496 5378 3603 5430 hoc

2026 5484 2132 5540 est,
2170 5472 2282 5541 regi
2311 5487 2434 5527 meo
2478 5471 2670 5526 David.
2718 5470 2895 5526 Meum
2940 5478 3122 5524 autem
3164 5469 3287 5523 ideo
3321 5466 3492 5532 dixit,
3539 5475 3604 5520 ut

2024 5566 2460 5623 benevolentiam
2494 5579 2647 5621 suam
2680 5579 2809 5633 erga
2841 5576 2965 5617 eum
2995 5559 3333 5624 ostenderet,
3361 5568 3421 5612 ut
3458 5559 3604 5612 dixi-

2024 5672 2168 5712 mus.
2204 5658 2308 5712 Per
2348 5656 2628 5711 lucernam
2663 5670 2792 5709 vero
2834 5654 3062 5725 gloriam
3100 5660 3445 5721 posterorum
3479 5650 3603 5719 ejus

2025 5750 2301 5820 intelligit,
2333 5765 2475 5818 quae,
2495 5748 2732 5802 lucernae
2758 5747 2955 5811 instar,
2982 5747 3168 5815 gloria:
3194 5743 3316 5812 eius
3344 5743 3601 5812 splendo-

2025 5857 2139 5897 rem
2175 5841 2432 5896 omnibus
2467 5841 2845 5907 demonstrat,
2875 5846 2929 5894 et
2956 5835 3337 5907 hujuscemodi
3368 5847 3601 5906 genera-
