4112 6418
373 317 400 336 ’”
468 353 607 419 1223

1702 351 2086 414 EUTlIYMII
2120 354 2294 414 ZIGA
2304 356 2478 418 BEN!

3588 358 3730 428 ιεει

471 472 636 527 tionis
670 470 1095 540 progenitorem,
1129 464 1295 520 veluti
1324 463 1598 534 quoddam
1627 463 1808 517 lumen
1844 462 2036 518 futuris

2149 465 2180 534 ἢ
2208 464 2401 534 λύχνον
2457 466 2557 538 τὴν
2587 468 2954 539 λαμπρότητα
2989 469 3083 523 τοῦ
3120 469 3314 541 γένους
3345 470 3536 536 αὐτοῦ,
3583 472 3729 540 λάμ-

467 562 912 635 geuerationibus
944 560 1168 614 illucere
1210 557 1360 612 facit.
1417 555 1513 610 Vel
1557 571 1654 625 per
1710 556 2037 618 lucernam,

469 656 688 723 generis
719 655 801 708 sui
826 652 1170 722 splendorem
1193 649 1318 704 ideo
1344 647 1621 718 intelligit,
1644 647 1772 718 quia
1796 646 2046 716 splendet

2150 571 2358 610 πουσαν
2408 559 2466 612 ἐν
2504 560 2619 623 τοῖς
2663 558 2900 616 ἔθνεσιν.
2955 561 3118 614 Ἀλλὰ
3164 562 3340 616 ταῦτα
3391 563 3590 626 πάντα,
3631 562 3730 616 ἐὰν

2153 648 2498 716 φυλάξωνται
2529 650 2630 721 τὴν
2658 649 3032 721 δικαιοσύνην,
3059 653 3134 715 ὡς
3161 654 3386 725 εῐρηται
3422 678 3425 682 ·

468 751 612 804 inter
641 756 846 818 gentes.
887 746 1083 800 Verum
1111 744 1227 801 haec
1253 743 1438 800 omnia
1477 757 1539 799 ea
1567 741 1882 798 conditione
1916 740 2027 796 illis
2069 742 2342 811 promissa
2369 751 2536 808 sunt,
2583 743 2632 800 si
2672 752 3065 800 testamentum
3140 746 3236 801 Dci
3305 743 3730 802 custodiverinto

467 850 525 896 ut
551 842 756 897 dictant
785 849 890 897 est.

539 935 700 990 Vens.
737 935 822 988 18.
877 933 1126 990 Inimicos
1165 932 1279 1003 ejus
1309 933 1532 986 induam
1570 931 1896 1001 confusione.
1933 929 2043 984 lni-

469 1029 642 1082 micos
682 1027 893 1082 scilicet
928 1025 1093 1080 David
1113 1020 1224 1081 ‘aut
1251 1024 1467 1095 generis
1499 1025 1643 1093 ejus.

539 1121 710 1188 Super
741 1111 912 1188 ipsum
950 1128 1124 1172 autent
1155 1118 1401 1189 eﬂlorebit
1433 1116 1788 1185 sanctiﬁcatio
1829 1131 2040 1169 mea.—

467 1209 636 1280 Super
667 1214 838 1279 ipsum
877 1211 1064 1276 David,
1106 1227 1202 1264 seu
1231 1225 1396 1280 super
1431 1209 1554 1278 ejus
1603 1223 1814 1262 semen.
1861 1206 2039 1277 Super

467 1303 638 1371 ipsum
671 1311 878 1362 autem.
917 1302 1019 1355 hoc
1059 1309 1163 1365 est,
1219 1310 1460 1370 tempore
1506 1299 1678 1369 ipsius
1721 1299 1910 1362 David,
1952 1298 2040 1353 vel

470 1403 713 1461 tempore
740 1392 966 1446 seminis
993 1393 1129 1459 ejus.
1161 1407 1268 1460 quo
1288 1401 1532 1459 tempore
1564 1393 1825 1460 templum
1856 1407 2034 1446 meum

468 1498 683 1536 sutntno
713 1499 835 1536 cum
889 1481 1177 1552 Splendore
1224 1482 1464 1548 ﬂorebit,
1528 1483 1630 1536 hoc
1685 1490 1792 1545 est,
1836 1497 1900 1536 eo
1959 1496 2043 1536 re-

469 1584 694 1643 gnante.
729 1573 959 1638 Quidam
997 1588 1124 1626 vero
1161 1588 1256 1642 per
1283 1588 1476 1638 cornu,
1505 1581 1559 1627 et
1599 1588 1695 1642 per
1731 1573 2005 1627 lucernam
2027 1612 2042 1640 ,

2223 924 2377 990 Τοὺς
2431 922 2687 994 ἐχθροὺς
2726 923 2912 978 αὑτοῦ
2943 923 3184 976 ἐνδύσω
3225 931 3552 992 αισχυνην.
3587 923 3729 988 Τοίις

2151 1018 2382 1090 δχθροὺς
2409 1017 2600 1080 αὑτοῦ,
2633 1017 2752 1086 ἦτοι
2782 1015 2877 1069 τοῦ
2907 1018 3096 1084 γένους
3127 1014 3318 1069 αὐτοῦ.

2230 1110 2362 1164 Ἐπὶ
2403 1109 2473 1162 δὲ
2534 1108 2726 1164 αὑτὸν
2786 1108 3111 1174 ἐξανθήσει
3167 1107 3235 1160 τὸ
3277 1107 3540 1177 ἁγιασμά
3579 1124 3722 1175 μου.

2159 1199 2283 1254 Ἐπὶ
2317 1200 2501 1266 Δαὸὶδ,
2531 1201 2699 1271 ἦγουν
2734 1201 2826 1253 ἐπὶ
2854 1200 2916 1252 τὸ
2943 1201 3168 1272 σπέρμα
3203 1200 3367 1252 αὐτοῦ
3389 1199 3724 1270 φαιδρυνθή-

2149 1309 2300 1345 σεται
2346 1290 2556 1344 θάλλων
2584 1293 2612 1345 ὁ
2642 1291 2766 1354 ναός
2811 1309 2934 1364 μου.
2983 1293 3056 1345 Τὸ
3097 1291 3221 1345 Ἐπ’
3253 1293 3439 1345 αὑτὸν
3483 1293 3562 1355 δὲ,
3603 1292 3726 1342 ἀντὶ

2147 1383 2240 1436 τοῦ
2267 1383 2403 1436 Κατ’
2430 1381 2620 1446 αὑτὸν,
2659 1383 2778 1452 ἦτοι
2843 1383 2985 1434 κατὰ.
3040 1382 3138 1451 τὴν
3181 1381 3376 1450 γενεὰν
3427 1379 3614 1445 αὐτοῦ,
3666 1383 3724 1432 ὲν

2143 1477 2210 1544 τῇ
2247 1473 2498 1544 βασιλείᾳ
2563 1473 2753 1528 αὐτοῦ.
2797 1472 2954 1536 Τινὲς
2982 1473 3037 1526 δὲ
3061 1473 3230 1543 κέρας
3267 1473 3362 1526 καὶ
3396 1472 3586 1542 λύχνον
3631 1473 3723 1523 τὸν

2145 1567 2454 1638 Ζοροϐάϐελ
2491 1566 2628 1635 φασί
2656 1581 2670 1595 ⁶
2733 1566 2828 1619 καὶ⁸
2856 1566 3050 1619 τούτου
3079 1566 3300 1634 λέγουσι
3339 1567 3462 1628 τοὺς
3495 1565 3724 1635 ἐχθροὺς

467 1680 646 1734 regem
694 1665 1002 1735 intelligunt
1053 1665 1398 1730 Zorobabel,
1447 1665 1606 1734 cujus
1658 1665 1842 1719 hostes
1888 1666 2036 1719 aiunt

2143 1665 2523 1736 αἰσχυνθῆναι,
2567 1662 2663 1716 καὶ
2707 1663 2800 1715 ἐπὶ
2831 1662 2929 1728 τῆς
2965 1661 3241 1732 βασιλείας
3273 1659 3438 1714 αὐτοῦ
3490 1659 3724 1726 ὲξανθῆ-

468 1755 637 1809 fuisse
669 1755 954 1819 confusos,
982 1764 1036 1808 et
1069 1771 1180 1825 quo
1221 1764 1482 1825 regnante
1514 1756 1776 1826 templum
1804 1755 2040 1819 Domini,

2145 1775 2235 1809 σαι
2266 1757 2357 1810 τὸν
2390 1755 2846 1826 ἀπομαρανθέντα
2872 1754 3041 1809 πάλαι
3073 1753 3199 1806 ναόν
3229 1770 3244 1785 ο
3273 1753 3453 1822 ἕτεροι
3478 1752 3535 1804 δὲ
3563 1750 3727 1803 πάλιν

463 1847 608 1915 quod
647 1847 738 1900 diu
773 1847 902 1900 olim
936 1847 1317 1917 profanatum,
1354 1849 1621 1911 dirutum,
1656 1857 1817 1914 atque
1847 1848 1930 1919 (ut
1967 1849 2036 1901 ita

2145 1849 2200 1900 τὸ
2229 1851 2317 1902 ὅτι
2351 1847 2677 1913 ἐξελέξατο
2708 1848 2923 1915 Κύριος
2953 1847 3070 1916 τὴν
3101 1846 3272 1912 Σιὼν,
3308 1847 3405 1902 καὶ
3427 1847 3496 1899 τὰ
3525 1846 3728 1915 ἑφεξῆς

466 1935 670 2007 dicam)
733 1936 1064 1990 labefactum
1100 1937 1296 2001 fuerat,
1323 1937 1578 1992 cﬂloruit.
1617 1937 1848 2002 Quidam
1877 1937 2038 1991 etiam

469 2031 632 2085 verba
665 2031 756 2084 illa
792 2049 806 2084 :
841 2030 980 2095 Quia
1003 2029 1158 2098 elegit
1193 2028 1450 2082 Dominus
1495 2029 1661 2094 Sion,
1705 2037 1760 2082 et
1793 2045 1914 2098 qua:
1949 2044 2040 2083 se-

466 2133 712 2192 quuntur
748 2124 931 2177 omnia
962 2163 978 2187 ,
1009 2123 1349 2193 pr0phetiam
1387 2122 1672 2176 continere
1711 2121 1938 2185 dicunt,
1973 2119 2042 2175 de

466 2216 534 2270 iis
564 2216 655 2284 qui
686 2215 739 2268 in
776 2213 1086 2269 Judazorutn
1121 2215 1321 2284 populo
1357 2212 1505 2284 digni
1543 2214 1785 2276 fuerunt,
1813 2220 1872 2266 ut
1901 2226 2042 2282 pro-

467 2306 734 2376 pheticum
809 2306 1037 2374 gratiam
1093 2313 1586 2373 consequerentur.
1649 2301 1717 2355 Et
1776 2302 2038 2372 quoniam

457 2397 616 2464 juxta
654 2397 899 2451 historiae
930 2411 1154 2450 sensum
1204 2394 1473 2464 psalmum
1518 2395 1631 2464 jam
1659 2394 2039 2465 exposuimus,

463 2500 637 2543 restat
677 2500 736 2544 ut
763 2492 1046 2544 tradamus
1081 2491 1244 2544 etiam
1277 2505 1619 2558 quaecunque
1649 2489 1717 2543 de
1758 2489 2041 2543 Salvatore

464 2589 653 2632 no.~tro
681 2579 734 2633 in
776 2594 840 2634 eo
875 2588 1207 2632 tractantur.
1239 2577 1609 2642 Introibimus,
1648 2577 1850 2647 inquit,
1875 2578 1927 2630 in
1960 2587 2043 2630 ta-

463 2669 746 2722 bernacula
783 2671 936 2734 eius,
993 2671 1335 2724 adorabimus
1385 2673 1439 2724 in
1487 2671 1598 2723 loco
1649 2672 1736 2723 ubi
1783 2681 2039 2726 steterunt

463 2761 616 2825 pedes
644 2761 795 2830 ejns;
839 2763 957 2815 hazc
1008 2763 1174 2816 verba
1219 2778 1286 2817 ex
1341 2762 1576 2816 fidelium
1628 2777 1860 2831 persona
1914 2778 2040 2832 pro-

466 2853 680 2921 phetice
707 2855 850 2906 dicta
879 2862 1027 2919 sunt,
1052 2854 1143 2922 qui
1179 2861 1372 2907 mutuo
1394 2854 1533 2906 inter
1557 2868 1676 2907 sese
1701 2855 2036 2917 consaltant,

461 2945 718 3013 quidnam
764 2942 960 2998 facturi
998 2945 1129 2998 sint.
1157 2944 1223 2998 Et
1261 2960 1356 3013 per
1386 2945 1762 3010 tabernacula,
1796 2946 1914 3001 loca
1951 2946 2037 2999 in-

463 3032 735 3100 telligunt,
781 3046 902 3099 qua:
930 3030 984 3084 in
1011 3030 1304 3085 Palmstina
1337 3042 1485 3096 sunt,
1526 3033 1616 3086 ubi
1649 3032 1920 3088 habitavit
1943 3045 2037 3089 aut

461 3133 817 3176 conversatus
866 3128 949 3176 est
987 3119 1265 3177 Christus.
1317 3121 1420 3178 Per
1469 3123 1644 3177 locum
1720 3132 1902 3179 autem
1950 3127 2037 3178 ubi

2146 1939 2366 1993 ἅπαντα
2398 1939 2556 2012 ῥητὰ,
2605 1939 2942 2009 προφητείαν
2980 1935 3122 1991 εἶναι
3150 1939 3369 1997 λέγουσι
3416 1937 3526 1990 τῶν
3556 1939 3616 1989 ἐν
3647 1936 3728 2006 τῷ

2143 2028 2434 2098 δηλωθέντι
2462 2028 2577 2100 ναῷ
2607 2028 2954 2098 προφητικοῦ
2989 2029 3332 2098 χαρίσματος
3380 2027 3725 2097 ἠξιωμένων.

2157 2121 2309 2173 Ἐπεὶ
2333 2119 2391 2174 δὲ
2425 2120 2544 2172 καθ’
2577 2119 2817 2188 ἱστορίαν
2839 2120 2868 2172 ὁ
2887 2119 3101 2188 ψαλμὸς
3146 2121 3486 2190 ἡρμήνευται
3509 2161 3522 2182 ,
3557 2135 3726 2187 μετα-

2144 2210 2448 2282 χειριστέον
2484 2211 2584 2282 ἤδη
2647 2213 2742 2264 καὶ
2783 2211 2884 2264 ὅσα
2938 2211 3131 2263 τούτου
3181 2213 3309 2281 περὶ
3337 2211 3430 2264 τοῦ
3471 2209 3727 2280 Σωτῆρος

2149 2301 2310 2372 ἡμῶν
2349 2301 2592 2372 Χριστοῦ
2653 2301 3112 2372 διαλαμόἁνουσιν
3139 2316 3155 2332 ⁸
3209 2302 3724 2370 Εἱσελευσόμεθα,

2144 2395 2332 2463 φησιν,
2352 2395 2439 2459 εις
2475 2393 2546 2448 τὰ
2574 2395 2939 2463 σκηνώματα
2962 2394 3169 2455 αὐτοῦ,
3199 2393 3726 2462 προσκυνήσωμεν

2141 2485 2228 2549 εἰς
2280 2484 2468 2538 τόπον
2514 2481 2587 2540 οὗ
2639 2485 2912 2553 ἔστησαν
2974 2489 3028 2540 οἱ
3092 2487 3275 2551 πόδες
3329 2484 3536 2539 αὑτοῦ.
3585 2469 3737 2554 Προ-’

2141 2575 2340 2644 φητεία
2409 2574 2564 2628 τοῦτο
2649 2577 2775 2647 περὶ
2851 2575 2961 2630 τῶν
3038 2577 3406 2648 Χριστιανῶν,
3473 2574 3726 2644 ἀλλήλοις

2143 2664 2314 2719 ταῦτα
2335 2666 2834 2736 συμϐουλευόντων,
2863 2669 2956 2722 καὶ
2985 2671 3251 2740 σκήνωμα
3279 2669 3379 2738 μὲν
3408 2668 3678 2736 λεγόντων
3700 2684 3735 2741 Ἰ

2147 2758 2274 2820 τοὺς
2304 2758 2362 2811 ὲν
2394 2757 2732 2830 Παλαιστίνῃ
2771 2760 2996 2827 τόπους,
3034 2759 3164 2812 ἔνθα
3205 2760 3591 2828 ἀνεστρέφετο,
3634 2757 3724 2810 καὶ

2143 2847 2384 2918 κατῴκει
2412 2865 2426 2878 °
2467 2851 2632 2902 τόπον
2683 2849 2738 2904 δὲ
2788 2853 2923 2905 ὅπου
2978 2852 3217 2922 ἔστησαν
3252 2853 3298 2904 οἱ
3334 2851 3491 2913 πόδες
3532 2848 3718 2912 αὐτοῦ,

2143 2939 2175 3010 ἢ
2205 2941 2347 2994 αὐτὰ
2387 2941 2455 2994 τὰ
2485 2942 2821 3012 σκηνώματα
2851 2943 2978 2996 ἔνθα
3007 2943 3347 3010 περιεπάτει,
3372 2941 3404 3011 ἢ
3440 2941 3530 2994 τὸν
3559 2957 3724 2994 σταυ-

2145 3033 2254 3103 ρὸν,
2277 3025 2320 3099 ᾧ
2344 3033 2782 3104 προσηλώθησαν
2806 3035 2857 3087 oi
2882 3035 3040 3098 πόδες
3059 3078 3064 3090 .
3083 3035 3268 3100 αὑτοῦ,
3293 3035 3350 3087 ὃν
3374 3035 3468 3088 καὶ
3492 3034 3723 3089 ὑποπό-

2141 3123 2275 3177 διον
2307 3124 2592 3195 ὠνόμασεν
2639 3126 2698 3180 ἐν
2729 3125 2805 3194 τῷ
2836 3125 2944 3194 υιη¹
2971 3125 3193 3196 ψαλμῷ.
3228 3125 3334 3179 Kal.
3369 3124 3553 3195 μέντοι
3585 3141 3724 3177 πανο

461 3221 716 3265 stelerunt
747 3211 900 3281 pedes
925 3212 1062 3282 ejus,
1089 3213 1174 3268 vel
1198 3213 1390 3269 eadem
1419 3215 1661 3285 intelligo
1687 3216 2036 3272 tabernacula

2141 3217 2372 3285 ταχόθεν
2448 3217 2777 3288 συρρέοντες
2825 3219 3172 3290 είσέρχονται
3226 3221 3307 3282 εἰς
3365 3219 3492 3280 τοὺς
3521 3217 3722 3282 τόπους

459 3313 517 3358 et
563 3305 678 3360 loca
712 3307 766 3359 in
805 3306 1006 3376 quibus
1051 3305 1314 3362 Dominus
1361 3308 1693 3375 ambulavit;
1727 3311 1810 3365 vel
1861 3313 2036 3380 ipsam

459 3411 704 3460 crucem.
735 3398 823 3451 cui
849 3397 1051 3454 Clu-isti
1091 3400 1256 3467 pedes
1286 3400 1485 3456 conﬁxi
1517 3410 1668 3466 sunt,
1697 3411 1750 3458 et
1771 3419 1956 3473 quam,
1983 3405 2037 3458 in

2143 3306 2412 3374 ἐκείνους,
2449 3309 2544 3360 καὶ
2597 3309 3004 3376 προσκυνοῦσιν
3040 3309 3323 3362 ἑκάστοτε.
3376 3308 3721 3376 Ἀνάστηθι,

2142 3398 2296 3466 φησὶ,
2345 3399 2544 3466 Κύριε,
2595 3401 2681 3463 εις
2736 3399 2853 3466 τὴν
2887 3399 3239 3456 ἀνάπαυσιν
3277 3418 3416 3466 σου,
3458 3400 3540 3454 σὺ
3569 3400 3720 3469 καὶὴ

458 3488 672 3557 psalmo
708 3504 902 3552 xcvm,
939 3491 1225 3545 scabeltam
1253 3495 1440 3558 pedum
1467 3495 1583 3562 ejus
1615 3496 1922 3565 appellavit.
1959 3494 2036 3550 Ex

2142 3487 2390 3553 κιϐωτὸς
2446 3489 2552 3542 τοῦ
2595 3489 2965 3559 ἁγιάσματός
3001 3507 3147 3546 σουι
3180 3490 3479 3558 ἀνάστηθι
3529 3493 3595 3546 ἐκ
3624 3508 3724 3545 νε-

460 3578 732 3635 universis
766 3581 1042 3650 siquidem
1077 3583 1266 3636 mundi
1299 3583 1549 3651 partibus
1579 3584 1709 3638 illuc
1751 3585 2036 3641 conﬂuunt

2141 3578 2319 3646 κρῶν,
2349 3580 2447 3632 καὶ
2477 3579 2729 3649 ἀνάϐηθι
2759 3585 2844 3648 εἰς
2871 3583 2979 3635 τὸν
3018 3585 3236 3650 θρόνον
3260 3583 3367 3650 τῆς
3388 3585 3456 3636 ἐν
3483 3581 3720 3652 οἶιρανῷ

465 3668 735 3738 homines,
768 3682 931 3742 atque
970 3674 1023 3726 in
1063 3689 1126 3728 ea
1159 3689 1344 3729 saneta
1381 3677 1496 3730 loca
1542 3676 1948 3747 ingrediuntur,
1982 3687 2036 3734 et

2141 3671 2462 3736 βασιλείας
2487 3688 2626 3736 σου,
2649 3674 2730 3727 σὺ
2749 3677 2780 3728 ὁ
2805 3676 2973 3742 Θεὸς,
2993 3677 3168 3730 καὶτὸ
3189 3677 3555 3746 πρόσλημμά
3577 3692 3719 3734 σου.

465 3763 692 3819 adorant
726 3765 838 3820 illic
886 3765 1200 3820 Dominum.
1256 3766 1514 3837 Exsurge,
1547 3769 1757 3838 inquit,
1795 3770 2035 3836 Domine,

465 3858 518 3910 in
541 3859 765 3926 requiem
800 3867 967 3923 tuam,
994 3867 1047 3910 tu
1074 3867 1124 3911 et
1160 3875 1286 3912 arca
1311 3861 1751 3928 sanctiﬁcationis
1776 3871 1900 3927 tum,
1935 3863 2039 3917 hoc

460 3956 564 4016 est,
615 3959 723 4005 tua:
774 3936 1082 4006 divinitatis
1134 3953 1573 4019 tabernaculum,
1625 3964 1779 4008 tuum
1828 3955 2038 4011 scilicet

459 4041 898 4097 sacratissimum
937 4059 1159 4113 corpus.
1203 4043 1675 4110 Quemadmodum
1711 4046 1858 4101 enim
1908 4061 2035 4104 arca

459 4130 546 4186 illa
581 4143 773 4188 sancta
811 4135 901 4189 Dei
934 4151 998 4190 ex
1045 4135 1561 4206 incorruptibilibns
1588 4137 1746 4206 lignis
1772 4138 2035 4194 fabricata

457 4235 598 4288 erat,
626 4234 679 4280 et
716 4227 1011 4294 purissimo
1049 4228 1277 4298 insuper
1302 4245 1436 4284 auro
1463 4231 1737 4295 inaurata,
1775 4232 1846 4285 ita
1869 4232 2034 4288 etiam

463 4323 742 4379 assumpta
802 4314 1008 4368 Christi
1058 4315 1370 4373 humanitas
1423 4334 1488 4372 ex
1541 4321 1859 4392 incorrupto
1913 4323 2034 4391 ejus

458 4413 686 4468 corpore
713 4412 829 4456 erat
859 4413 1163 4473 compacta,
1196 4421 1261 4461 ex
1295 4407 1523 4479 ipsaque
1551 4427 1678 4465 vera
1709 4425 1773 4466 ac
1800 4415 2034 4470 sanctis-

459 4490 596 4544 sima
633 4491 920 4548 divinitate
957 4495 1039 4565 (ut
1096 4497 1171 4550 ita
1221 4497 1424 4570 dicam)
1463 4511 1582 4556 erat
1617 4503 1892 4569 deiﬁcata,
1937 4520 2034 4574 per

461 4583 714 4636 unionem
753 4587 1010 4640 nimirum
1051 4588 1196 4642 illam
1251 4591 1578 4647 ineffabilem
1631 4595 1744 4650 veri
1779 4596 1894 4651 Dei.
1929 4595 2033 4652 Sa-

457 4673 692 4728 cerdotes
726 4677 802 4728 tui
835 4676 1381 4750 induenturjustitia,
1407 4684 1722 4752 evangelica
1750 4686 2030 4754 nimirum,

456 4765 538 4817 νοι
575 4766 721 4818 οηιηὶ
751 4767 1014 4822 virtutum
1040 4787 1240 4842 genere
1261 4775 1646 4840 ornabuntur;
1675 4785 1725 4829 et
1755 4781 1927 4832 sancti
1958 4783 2034 4835 tui

453 4855 826 4922 exsultabant,
865 4868 920 4913 et
959 4863 1273 4930 quicunque
1307 4879 1431 4917 cum
1467 4865 1848 4921 sacerdotibus
1880 4882 2035 4922 ama-

457 4957 604 5003 tores
637 4947 840 5004 l‘uerint
880 4952 1172 5018 virtutum,
1205 4955 1509 5024 angelicam
1551 4967 1869 5028 peragenles
1903 4974 2036 5014 con-

457 5042 844 5106 versationem.
873 5043 1090 5099 illorum
1117 5045 1282 5100 etiam
1318 5063 1467 5101 more
1492 5050 1866 5104 exsultabunt.
1899 5051 2036 5106 Pro-

453 5141 568 5200 pter
601 5131 768 5188 David
806 5151 1012 5189 servum
1055 5147 1227 5202 tuum,
1259 5154 1321 5190 ne
1365 5150 1574 5193 avertas
1614 5141 1802 5210 facient
1837 5143 2032 5198 Clu-isti

455 5226 556 5279 tui.
605 5223 660 5278 Si
704 5227 913 5281 nullam
956 5229 1122 5283 aliam
1166 5229 1236 5284 ob
1263 5246 1514 5295 causam,
1547 5244 1769 5304 propter
1805 5253 1889 5291 nte
1919 5237 2030 5292 sal-

455 5324 561 5368 tem
595 5331 816 5371 servum
847 5329 1001 5373 tuum
1027 5359 1041 5384 ,
1075 5337 1285 5391 quaso,
1320 5339 1387 5378 ne
1418 5322 1622 5378 Christi
1671 5328 1748 5380 tui
1782 5344 2028 5398 prasen-

459 5407 584 5458 tiam
609 5417 851 5477 avertas,
881 5413 971 5481 qui
1004 5429 1100 5482 per
1131 5415 1568 5470 incarnationem
1603 5433 1758 5473 suam
1794 5421 2030 5476 homini-

455 5493 558 5549 bus
595 5485 910 5568 apparebit;
945 5503 1192 5572 quinitno
1231 5521 1360 5576 rogo
1393 5517 1443 5561 te
1487 5517 1545 5562 ut
1581 5509 1690 5563 cito
1744 5522 2027 5580 appareat.

455 5581 670 5641 Veritas
702 5589 866 5643 etiam
903 5609 1022 5658 qua:
1049 5593 1236 5662 jurata
1269 5594 1370 5651 fuit
1399 5597 1502 5666 ipsi
1535 5599 1704 5654 David
1734 5601 1879 5670 quod
1909 5604 2030 5672 ejus

465 5687 645 5728 semen
696 5693 1087 5736 consessurum
1140 5696 1285 5740 esset
1337 5704 1505 5758 super
1565 5690 1819 5745 thronum
1877 5695 2027 5762 regni

450 5764 498 5833 ej
514 5779 596 5828 us,
627 5768 691 5820 ad
721 5769 895 5837 ipsum
919 5774 1082 5828 etiam
1110 5777 1385 5834 Christum
1412 5783 1670 5851 pertinet.
1701 5781 1797 5838 Hic
1824 5786 2024 5840 ctenim

2141 3760 2312 3816 Τοῦτο
2359 3763 2468 3834 γὰρ
2525 3764 2758 3828 κιὸωτὺς
2788 3766 2886 3836 τῆς
2915 3769 3250 3836 ἁγιωσύνης,
3293 3771 3413 3840 ἤτοι
3451 3771 3722 3839 σκήνωμα

2139 3857 2239 3926 τῆς
2283 3855 2533 3925 θεότητος
2555 3871 2569 3887 ο
2612 3857 2803 3929 ὥσπερ
2843 3859 2950 3930 γὰρ
2985 3861 3017 3929 ὴ
3069 3859 3299 3923 meum;
3326 3862 3390 3914 ὲκ
3415 3861 3585 3925 ξύλων
3619 3863 3724 3933 μὲν

2145 3948 2409 4010 ἀσήπτων
2436 3950 2870 4015 κατεσκεύαστο,
2905 3953 3220 4022 κεχρύσωτο
3245 3953 3301 4007 δὲ
3337 3953 3562 4024 καθαρῷ
3587 3973 3721 4026 χρυ-

2142 4041 2239 4111 σῷ,
2259 4040 2402 4095 οὕτω
2420 4043 2514 4096 καὶ
2535 4041 2596 4096 τὸ
2615 4043 2947 4114 πρόσλημμα
2968 4045 3030 4097 ἐκ
3063 4043 3316 4114 σώματος
3335 4047 3435 4116 μὲν
3462 4047 3720 4117 ἀδιαφθόο

2141 4149 2236 4202 ρου
2277 4133 2663 4205 συμπέπηκτο.
2682 4134 2973 4188 Ἑτεθέωτο
3001 4135 3058 4188 δὲ
3090 4137 3155 4189 ἐκ
3183 4136 3437 4208 θεότητος
3459 4139 3716 4208 φυσικῆς,

2143 4223 2347 4296 κυρίως
2379 4225 2653 4298 θεότητος,
2699 4228 2867 4297 ἣγουν
2913 4230 2976 4281 ὲκ
3007 4229 3107 4298 τῆς
3141 4228 3392 4294 ἑνώσεως
3420 4231 3514 4284 τοῦ
3548 4231 3720 4295 δντως

2139 4315 2294 4370 Θεοῦ.
2353 4319 2418 4370 Oi
2449 4318 2648 4386 ἱερεῖς,
2693 4318 2881 4388 φησὶν,
2931 4320 3295 4374 ἐνδύσονται
3319 4322 3722 4391 δικαιοσύνην

2137 4406 2237 4478 τὴν
2270 4408 2413 4462 κατὰ
2453 4409 2514 4462 τὸ
2539 4410 2897 4479 Εὐαγγέλιον,
2927 4412 3045 4482 ἤτοι
3074 4413 3518 4484 κοσμηθήσονται
3549 4417 3720 4486 ἀρετῇ

2140 4501 2312 4572 πάσῃ·
2336 4501 2433 4556 καὶ
2463 4505 2516 4556 οἱ
2541 4502 2700 4556 ὅσιοί
2728 4519 2844 4557 σου
2864 4505 3358 4574 ἀγαλλιάσονται·
3383 4509 3477 4561 καὶ
3497 4511 3546 4562 oi
3579 4511 3720 4580 μετὰ

2137 4592 2265 4657 τοὺς
2294 4595 2462 4666 ἱερεῖς
2477 4611 2568 4647 σου
2593 4595 2881 4666 φιλὰρετοι
2899 4597 3718 4672 ἀγαλλιὰσονται,πολιτευόμε-

2136 4699 2218 4736 νοι
2248 4685 2579 4753 ἁγγελικῶς.
2608 4687 2887 4754 Ἕνεκεν,
2918 4689 3074 4759 φησὶ,
3125 4691 3302 4745 Δαϐὶδ
3331 4693 3436 4748 τοῦ
3483 4693 3715 4750 δούλου

2136 4794 2272 4842 σου,
2323 4777 2410 4848 μὴ
2442 4778 2839 4849 ἀποστρέψης
2865 4782 2932 4835 τὸ
2958 4785 3284 4851 πρόσωπον
3315 4787 3422 4842 τοῦ
3455 4791 3718 4856 Χριστοῦ

2135 4884 2273 4924 σου.
2331 4871 2391 4923 Ei
2457 4871 2553 4923 καὶ
2606 4875 2681 4942 μὴ
2731 4873 2797 4926 δι’
2847 4875 2975 4928 ἄλλο
3019 4895 3094 4941 τι,
3143 4877 3280 4933 ἀλλὰ
3301 4897 3364 4948 γε
3395 4881 3462 4934 δι’
3496 4883 3596 4952 ἐμὲ
3623 4900 3718 4938 τον

2136 4961 2326 5014 δοῦλόν
2356 4979 2474 5027 σου,
2507 4963 2581 5034 μὴ
2613 4964 2960 5036 ἁποστρέψῃς
2982 4967 3081 5037 τὴν
3106 4971 3428 5038 ἐπιφάνειαν
3456 4973 3550 5028 τοῦ
3578 4977 3716 5045 Χρι-

2140 5049 2263 5102 στοῦ
2289 5069 2406 5115 σου,
2477 5053 2762 5122 μέλλοντος
2793 5055 3136 5127 ἐπιφανῆναι
3166 5063 3276 5123 τοῖς
3306 5062 3615 5133 ἀνθρώποις
3645 5067 3717 5119 δι’

2135 5143 2612 5214 ὲνανθρωπήσεως
2641 5160 2654 5173 ·
2693 5145 2808 5199 ἀλλ’
2864 5148 3205 5220 ὲπιφανήτω.
3244 5151 3308 5204 Ἦ
3334 5155 3628 5224 ὀμοσθεὶσα
3657 5159 3716 5213 δὲ

2132 5231 2210 5301 τῷ
2266 5233 2432 5286 Δαὸὶδ
2485 5234 2739 5304 ἀλήθεια,
2803 5238 2923 5308 ἦτοι
2957 5239 3018 5292 τὸ
3066 5244 3130 5294 ὲκ
3177 5245 3494 5316 σπέρματος
3543 5252 3712 5304 αὑτοῦ

2135 5325 2360 5377 καθίσαι
2419 5329 2499 5388 εἰς
2552 5327 2644 5380 τὸν
2697 5328 2887 5400 θρόνον
2912 5334 3010 5402 τῆς
3061 5335 3343 5405 βασιλείας
3400 5344 3587 5408 αὑτοῦ,
3618 5347 3712 5400 τὸν

2134 5415 2373 5488 Χριστὸν
2419 5418 2685 5488 ᾐνίττετο.
2718 5419 2890 5486 Οὗτος
2921 5427 3030 5496 γάρ
3079 5428 3228 5482 ἐστιν
3255 5435 3282 5485 ό
3322 5436 3530 5504 κυρίως
3559 5438 3717 5508 βασι-

2134 5508 2261 5572 λεὺς
2303 5511 2399 5563 τοῦ
2443 5512 2687 5585 Ἰσραὴλ,
2718 5517 2782 5568 ὲκ
2811 5517 3130 5590 σπέρματος
3163 5525 3258 5578 τοῦ
3285 5528 3451 5582 Δαόὶδ
3482 5531 3582 5600 μὲν
3611 5532 3710 5599 ὢν,

2135 5601 2278 5694 κατα
2330 5602 2429 5674 τὴν
2493 5608 2708 5678 μητέρα
2755 5611 2820 5662 ἐκ
2865 5612 3059 5679 γένους
3105 5617 3269 5671 Δαϐὶδ
3300 5625 3710 5694 καταγομένην,

2137 5693 2388 5762 βασιλεὺς
2411 5695 2466 5748 δὲ
2511 5699 2650 5751 κατὰ
2674 5701 2734 5752 τὸ
2762 5704 3073 5772 νομοθετεῖν
3093 5713 3206 5774 τοῖς
3226 5712 3489 5782 ὑπηκόοις
3518 5693 3709 5781 αὑτοῦ,

2134 5790 2232 5843 καὶ
2266 5789 2580 5860 ῥυθμίζειν,
2612 5796 2704 5848 καὶ
2729 5797 3035 5870 περιέπειν,
3069 5804 3166 5857 καὶ
3197 5804 3715 5880 ὑπεραποθνήσκειν
