4112 6470
388 445 528 511 3925

1572 444 1662 500 (ἷο
1675 444 1719 499 Μ
1735 444 1779 499 li
1799 443 1964 502 ENT.
2010 440 2085 499 1N
2132 443 2263 500 PSA
2278 444 2496 501 LMOS.

3499 448 3634 514 1226

380 561 581 625 αὑτῶν,
614 561 647 615 ἃ
696 562 928 631 μάλιστα
965 561 1434 633 χέερτικθηρίζουτι
1482 561 1568 611 τὴν
1598 560 1814 626 άληθῶς
1853 559 1951 627 βα-

2072 573 2186 612 vere
2216 575 2278 612 ae
2315 560 2531 627 proprie
2565 558 2710 613 illius
2745 575 2932 615 semen
2975 562 3112 629 fuit;
3147 564 3274 634 quia
3304 581 3372 620 ex
3421 570 3636 626 semine

381 654 556 707 σιλὲα.
606 655 748 707 Ἐὰν
775 654 1186 722 φυλάξωνται,
1251 655 1438 724 φησὶν,
1466 656 1517 708 οἱ
1550 656 1663 707 vlol
1693 654 1806 721 τὴν
1833 654 1959 705 δια·

378 749 575 816 θήκην
606 763 723 801 σου
753 750 857 817 τὴν
892 746 1277 816 εὐαγγελικὴν,
1302 747 1397 799 καὶ
1429 747 1499 800 τὰ
1526 746 1818 814 μαρτύριά
1839 764 1958 813 μου

377 840 590 904 ταῦτα,
626 840 663 892 ἂ
687 839 908 903 διδάξω
929 838 1152 905 αὐτοὺς
1180 839 1266 893 διὰ
1298 838 1412 892 σοῦ.
1467 837 1600 892 Ἀπὸ
1628 836 1719 891 τοῦ
1748 838 1958 906 [ἰατρὸς

381 931 438 984 δὲ
470 933 497 983 ὁ
552 930 711 1009 λόγος
744 930 880 1002 πρὸς
918 932 1010 985 τὸν
1070 934 1134 984 ὲκ
1190 930 1355 983 Δαϐιδ
1391 931 1650 999 Χριστὸν.
1678 930 1769 982 τὶν
1800 947 1959 997 μονο-

383 1024 519 1091 γενῆ
551 1022 702 1088 Υἱὸν,
747 1024 876 1091 περὶ
910 1023 1018 1074 τῶν
1049 1022 1313 1093 μαθητῶν
1362 1025 1457 1076 καὶ
1507 1022 1839 1082 ἀποστόλων,
1868 1020 1961 1083 οὓς

382 1113 569 1164 τεκνία
605 1117 659 1165 ἐν
690 1116 802 1174 τοῖς
839 1114 1191 1181 Εὑαγγελίοις
1229 1113 1540 1181 ὠνόμασεν,
1576 1115 1649 1175 ὡς
1689 1115 1754 1167 ἐκ
1811 1113 1959 1165 δεδι-

387 1206 619 1267 σκαλίας
692 1206 788 1258 καὶ
848 1208 1085 1267 πίστεως
1126 1206 1536 1267 υἱοθετγ,θέντας
1569 1206 1757 1267 αὐτῷ·
1835 1207 1961 1258 Ἐὰν

383 1297 545 1350 τοῦτο
601 1302 923 1371 ποιήσωσιν,
985 1299 1086 1352 οὐκ
1136 1299 1295 1352 αὐτοὶ
1356 1299 1536 1368 μόλον,
1580 1299 1716 1351 ἀλλὰ
1774 1300 1866 1350 καὶ
1913 1300 1963 1350 οί

692 1206 788 1258 καὶ
848 1208 1085 1270 πίστεως
1126 1206 1536 1273 υἱοθετηθέντας
1569 1205 1719 1274 αὐτῷ
1745 1222 1757 1235 ·

386 1392 594 1446 τούτων
632 1390 785 1453 αὖθις
816 1392 1057 1461 μοιϐ-ητα)⁵
1084 1392 1177 1444 καὶ
1237 1396 1473 1462 μιμηταὶ
1507 1391 1823 1445 καθιοῦνται
1873 1393 1963 1445 ἐπὶ

384 1485 482 1539 τοῦ
543 1485 735 1555 θρόνου
793 1485 887 1536 τοῦ
940 1485 1301 1555 ποιμαντικοῦ
1371 1488 1467 1538 καὶ
1547 1485 1961 1538 διδασκαλ.ικοῦ.

386 1578 805 1642 Καταστήσας
858 1578 988 1647 γάρ,
1032 1578 1216 1647 φησέν,
1254 1577 1480 1643 αὐτοὺς
1532 1576 1831 1645 ἄρχοντας
1863 1578 1963 1631 ἐπὶ

386 1668 595 1724 πᾶσαν
624 1666 770 1737 τῆν’
822 1668 852 1735 ἢ
915 1669 1006 1722 ἐπὶ
1032 1669 1130 1738 τῆς
1162 1668 1524 1733 ἀναπαύσεως
1593 1670 1687 1721 καὶ
1722 1671 1962 1723 dmuti-

390 1775 528 1820 σεως
560 1757 656 1827 τῆς
692 1757 944 1827 οὐρανίου
1001 1758 1281 1829 βασιλείας
1319 1776 1445 1812 σου’
1492 1760 1519 1812 ὃ
1551 1760 1613 1832 δὴ
1666 1763 1758 1813 καὶ
1790 1762 1966 1833 πέρας

388 1848 681 1919 λαμϐάνει,
715 1848 1094 1917 φυλαξάντων,
1142 1849 1217 1913 ὡς
1250 1850 1485 1921 εἴρηται.
1522 1851 1881 1914 Κατάπαυσις
1909 1852 1966 1905 δὲ

387 1939 480 1992 τοῦ
510 1939 645 1992 Θεοῦ
679 1939 922 2004 αἰώνιος,
960 1943 991 2010 ἡ
1036 1941 1358 2011 Ἐκκλησία,
1391 1938 1465 2011 ἧς
1499 1943 1685 1996 πύλαι
1712 1943 1861 2011 ᾅδου
1895 1949 1966 1997 οὐ

390 2031 836 2098 κατισχύσουσι
858 2048 871 2062 ·
911 2030 1055 2101 θήρα
1106 2030 1163 2084 δὲ
1208 2032 1406 2103 αὐτῆς,
1441 2035 1473 2103 ἡ
1506 2035 1715 2103 σαγήνη
1742 2032 1832 2086 τοῦ
1867 2051 1966 2101 κη-

394 2122 698 2193 ρύγματος,
754 2122 821 2175 δι’
875 2118 942 2195 ἦς
998 2123 1221 2193 θηρεύει
1272 2126 1399 2186 τοὺς
1455 2127 1853 2195 ἐννηχομένους
1902 2128 1966 2196 τῇ

391 2214 540 2286 ἅλμῃ
604 2217 700 2285 τῆς
752 2215 988 2286 πλάνηςο
1026 2218 1060 2286 ἡ
1090 2215 1370 2285 θήρευσις,
1421 2217 1545 2269 καθ’
1596 2219 1663 2287 ῆν
1710 2218 1759 2270 oi
1799 2218 1969 2281 ἁλιεῖς

389 2307 683 2360 ἀπόστολοι
731 2306 1002 2377 ἐξὴγρουν
1054 2308 1121 2361 τὰ
1150 2308 1351 2379 πλήθη.
1392 2310 1605 2379 Πτωχοὶ
1634 2310 1690 2362 δὲ
1718 2310 1888 2379 αὐτῆς
1919 2310 1970 2362 οἱ

390 2400 599 2468 πτωχοὶ
629 2398 707 2468 τῷ
742 2400 1037 2469 πνεύματι,
1062 2400 1155 2463 οὓς
1180 2394 1451 2471 χορτάσει
1482 2403 1647 2471 ἄρτου
1676 2403 1932 2470 οὐρανίου
1952 2418 1968 2437 σ

390 2488 512 2557 ἤτοι
535 2486 633 2554 τῆς
666 2487 945 2556 βασιλείας
971 2488 1083 2541 τῶν
1110 2489 1357 2559 οὐρανῶν
1387 2505 1400 2518 ·
1428 2488 1551 2551 τοὺς
1586 2491 1749 2560 ἱερεῖς
1779 2490 1834 2543 δὲ
1877 2491 1974 2544 αὖ·

388 2580 488 2646 τῆς
512 2577 720 2631 ἐνδόσει
757 2579 1031 2649 σωτηρίαν
1078 2580 1332 2632 αἰώνιον·
1373 2579 1774 2651 ὲνδυσαμένους
1817 2584 1972 2652 πρῶ-

388 2686 481 2722 τον
510 2669 883 2741 δικαιοσύνην,
917 2671 993 2734 ὠς
1030 2671 1375 2743 προείρηται,
1406 2666 1472 2742 ἦς
1500 2676 1554 2727 οἱ
1589 2673 1768 2739 ὅσιοι,
1792 2675 1977 2743 ἀγαλ-

388 2760 588 2815 λιάσει
619 2763 826 2830 ιιὶωνίᾳ
868 2763 1361 2832 ἀῖθαυιιιάσονται,
1401 2765 1542 2834 μετὰ
1577 2767 1674 2836 τὴν
1725 2768 1974 2820 ἐντεῦθεν

390 2852 659 2925 ἐκδημίαν
713 2855 954 2925 δηλαδή·
1013 2855 1281 2908 κάκείνων
1336 2856 1689 2925 ὲνδυομένων,
1743 2860 1976 2914 καὶτῶν

390 2944 564 3009 οὕτως
592 2946 1044 3016 ἀγαλλιωμένων.
1100 2949 1189 3000 Ἐν
1212 2950 1278 3018 τῇ
1324 2947 1629 3019 Ἐκκλησία
1674 2950 1727 3002 δὲ
1754 2950 1975 3015 ἐξανέσ-

2061 650 2278 718 quidem
2310 649 2408 703 luit
2437 651 2713 716 Davidicn,
2747 661 2971 722 propter
2997 664 3249 723 matrem,
3273 672 3393 728 quae
3420 673 3448 712 a
3475 660 3638 715 beato

2061 740 2230 795 David
2263 758 2433 811 genus
2482 742 2737 797 ducebat.
2800 743 2934 799 Fuit
2982 747 3151 801 etiam
3200 765 3327 803 vere
3388 765 3519 817 rex,
3572 768 3639 807 eo

2062 832 2206 898 quod
2253 832 2494 887 subditis
2552 833 2669 887 suis
2722 832 2972 890 fidelibus
3019 838 3188 906 legem
3246 841 3539 911 imposuit,
3586 852 3640 897 et

2064 938 2330 975 summam
2367 938 2556 977 eorum
2595 938 2785 977 curam
2819 926 3049 992 habens,
3088 930 3198 982 veri
3246 933 3388 1001 regis
3420 941 3473 988 ct
3497 934 3643 989 dirc-

2063 1014 2232 1067 ctoris
2272 1029 2513 1068 amorem
2561 1023 2726 1083 atque
2756 1014 2989 1069 cilicium
3022 1017 3229 1083 docuit,
3260 1038 3382 1075 cum
3420 1039 3522 1094 pro
3560 1028 3640 1080 eis

2066 1118 2316 1159 mortuus
2360 1105 2476 1159 sit:
2519 1122 2640 1176 quae
2683 1108 2865 1161 Omnia
2914 1111 3024 1162 veri
3071 1111 3214 1178 regis
3262 1114 3637 1170 characterem

2066 1211 2125 1249 ac
2158 1195 2385 1264 figuram
2418 1198 2770 1263 exprimunt:
2809 1195 2866 1250 Si
2896 1201 3261 1267 custodieriul,
3289 1204 3503 1273 inquit,
3534 1208 3639 1274 ﬁlii

2065 1289 2177 1357 ejus
2212 1298 2579 1342 tcstmneiuum
2625 1307 2832 1356 meum,
2885 1294 3274 1363 Evangelicum
3329 1300 3587 1352 nimirum
3624 1319 3639 1354 :

2065 1390 2112 1431 et
2141 1379 2443 1431 testimonia
2471 1395 2607 1440 mea,
2634 1386 2767 1447 lure,
2813 1398 2930 1450 quis
2968 1385 3163 1439 dorebo
3188 1402 3302 1450 eos;
3349 1398 3403 1442 te
3432 1391 3645 1444 scilicet

2069 1470 2421 1541 przedicaute.
2470 1472 2564 1524 Est
2596 1474 2795 1527 etenim
2836 1475 2924 1528 hic
2961 1488 3144 1529 sermo
3174 1492 3239 1531 ex
3274 1493 3509 1548 persona
3538 1481 3644 1553 Pa-

2070 1564 2169 1617 ttis
2203 1564 2268 1615 ad
2302 1562 2581 1619 Christum
2618 1573 2806 1619 uatum
2840 1581 2904 1620 ex
2938 1568 3148 1623 semine
3182 1568 3351 1624 David
3401 1575 3649 1643 unigeni-

2071 1664 2182 1709 tum
2215 1653 2445 1720 Filium;
2480 1670 2681 1719 sertuo,
2725 1657 2971 1725 inquam,
3006 1659 3073 1713 de
3101 1663 3365 1730 apoStolis
3395 1672 3449 1717 et
3472 1666 3646 1731 disci-

2071 1748 2234 1816 pulis,
2264 1763 2402 1817 quos
2431 1748 2486 1801 in
2519 1749 2812 1819 Evangelia
2839 1752 3001 1805 etiam
3030 1752 3289 1809 Christus
3326 1754 3468 1811 ﬁlios
3510 1771 3642 1813 suos

2075 1843 2390 1911 appellavit,
2441 1855 2701 1913 tanquam
2741 1859 2835 1912 per
2871 1845 3178 1900 doctrinam
3219 1857 3274 1901 et
3326 1850 3484 1904 ﬁdem
3533 1852 3640 1906 sibi

2075 1934 2381 2014 adeptatos.
2419 1933 2476 1989 Si
2520 1936 2691 2005 igitur
2720 1936 2774 1989 bi
2805 1936 2898 1990 lilii
2940 1938 3017 1991 tui
3064 1939 3179 1995 haec
3224 1940 3474 2005 fecerint,
3524 1958 3648 2013 qua:

2072 2024 2219 2091 dico,
2259 2043 2365 2080 non
2402 2027 2504 2096 ipsi
2540 2037 2774 2092 tantum,
2818 2031 2914 2083 sed
2956 2046 3145 2084 eorum
3193 2032 3354 2085 etiam
3391 2034 3647 2104 discipuli

2073 2117 2338 2173 sedebunt
2367 2133 2530 2185 super
2558 2120 2817 2173 thronum
2850 2129 3031 2179 tuum.
3074 2122 3241 2190 super
3277 2123 3536 2179 thronum
3566 2127 3651 2177 in-

2073 2226 2234 2278 quam
2285 2214 2522 2278 pastoris
2566 2223 2620 2266 et
2667 2213 2910 2268 doctoris
2943 2229 2957 2266 :
2988 2213 3290 2269 Constitues
3345 2217 3490 2271 enim
3536 2233 3649 2281 eoa,

2074 2302 2272 2370 inquit,
2299 2304 2560 2371 principes
2586 2318 2739 2370 super
2762 2320 2967 2359 omnem
3000 2313 3198 2359 terram
3220 2307 3286 2360 ".
3318 2305 3411 2361 Vel
3435 2310 3489 2361 in
3515 2309 3650 2364 frui-

2075 2393 2225 2448 tione
2264 2404 2319 2448 ct
2351 2395 2541 2463 requie
2573 2397 2762 2451 αξιοι-ιιί
2812 2398 2990 2467 regni.
3024 2396 3160 2463 Quae
3188 2401 3484 2467 promissio
3514 2417 3651 2457 sane

2078 2495 2208 2540 tunc
2241 2486 2462 2540 demum
2500 2488 2915 2556 adimplebitur,
2949 2488 2994 2542 si
3031 2491 3403 2545 custodierint
3440 2492 3611 2561 legem
3636 2534 3650 2555 ,

2078 2586 2136 2631 ut
2163 2578 2368 2633 dictum
2399 2589 2503 2634 est.
2530 2582 2659 2634 Hrcc
2688 2579 2890 2650 requies
2916 2595 3032 2635 mea
3062 2580 3121 2632 iu
3143 2581 3393 2634 iaculum
3425 2582 3607 2636 seculi
3633 2599 3652 2636 :

2075 2682 2277 2728 aeterna
2311 2672 2405 2727 Dei
2456 2675 2679 2744 requies
2732 2674 2979 2731 Ecclesia
3027 2686 3111 2730 est
3153 2674 3425 2743 ﬁdelium,
3462 2677 3654 2750 inqua

2079 2765 2224 2822 Deus
2273 2766 2541 2834 quiescit;
2592 2766 2775 2822 Porta:
2824 2768 2997 2831 enim,
3051 2768 3245 2836 inquit,
3292 2770 3488 2840 inferni
3549 2788 3656 2828 non

2076 2858 2428 2925 prtia-valebunt
2462 2859 2738 2913 adversum
2762 2875 2879 2913 eam
2904 2860 2970 2912 ⁸⁸.
2995 2858 3099 2913 Per
3120 2864 3444 2916 venationem
3471 2866 3655 2919 auteni

2078 2951 2219 3017 ejus,
2242 2958 2360 3019 (seu
2390 2959 2446 3004 ut
2470 2948 2659 3004 Graeca
2676 2950 2846 3005 dictio
2867 2949 3035 3021 θήρα,
3063 2952 3222 3007 aliter
3243 2954 3536 3021 signiﬁcat,
3561 2966 3659 3023 per

392 3044 593 3094 tstJer
608 3041 786 3110 ὕψος,
809 3040 905 3094 καὶ
936 3041 1115 3110 τιμὴν
1136 3039 1215 3107 τῷ
1234 3041 1433 3104 Δαΰὶὸ,
1458 3043 1863 3115 εὐφημουμένῳ
1884 3045 1969 3097 καὶ

2076 3043 2407 3112 capturum.)
2448 3042 2858 3111 praedicationis
2900 3057 3163 3112 sagenam
3197 3059 3261 3097 ac
3297 3055 3414 3099 rete
3454 3047 3657 3101 intelli-

388 3130 757 3203 δοξαζομένῳ,
794 3133 868 3197 ὡς
899 3133 1155 3203 προγόνῳ
1174 3132 1265 3186 τοῦ
1294 3134 1539 3204 Χριστοῦ
1568 3151 1581 3165 '
1622 3133 1655 3204 ἢ
1692 3135 1784 3188 καὶ
1823 3137 1879 3187 ὲν
1908 3139 1969 3207 τῇ

2080 3148 2195 3202 ges.
2233 3149 2326 3202 per
2356 3148 2518 3202 quam
2565 3134 2818 3189 Christus
2846 3144 3079 3189 venatur
3121 3142 3179 3189 et
3221 3137 3370 3205 capit
3418 3150 3515 3192 eos
3561 3137 3657 3206 qui

394 3226 536 3279 Σιὼν
565 3220 872 3290 ἐξανέτειλε
912 3226 1081 3299 κέρας
1120 3226 1400 3298 βασιλείας
1443 3226 1520 3298 τῷ
1548 3227 1735 3291 Δαϐὶδ,
1768 3228 1969 3300 ὑψηλόν

2079 3223 2132 3277 in
2167 3224 2268 3277 hac
2294 3233 2502 3290 natant,
2536 3226 2608 3279 ita
2635 3233 2695 3279 ut
2727 3224 2931 3289 dicam,
2972 3227 3180 3283 erroris
3206 3228 3501 3299 salsugine.
3541 3228 3660 3289 Vel.

393 3333 457 3372 τε
504 3320 596 3371 καὶ
653 3318 897 3389 ίσχυρὸν,
953 3319 1241 3390 κερατίζον
1273 3320 1365 3373 καὶ
1397 3319 1735 3373 καταδάλλον
1766 3321 1974 3384 πάντας

393 3410 522 3474 τοὺς
557 3410 987 3479 ἀνθισταμένους
1018 3410 1187 3481 αὐτῷ,
1220 3412 1247 3464 ὃ
1281 3412 1434 3463 ἐστιν
1474 3412 1508 3482 ἡ
1562 3411 1811 3482 βασιλεία
1830 3394 1974 3481 ¹Χρισ-

397 3499 549 3555 στοῦ.
582 3502 794 3572 Λύχνος
845 3501 901 3555 δὲ
940 3502 1292 3572 ἐτοιμασθεὶς
1340 3502 1420 3572 τῷ
1464 3504 1687 3573 Χριστῷ
1730 3505 1766 3573 ἡ
1805 3521 1970 3556 κατα-

396 3592 771 3646 σκευασθεῖσα
823 3593 976 3663 αὐτῷ
1031 3593 1274 3661 παναγία
1310 3593 1469 3664 σὰρξ,
1512 3596 1545 3665 ἡ
1601 3595 1841 3665 φωτεινὴ
1887 3595 1975 3649 διὰ

393 3685 495 3756 τὴν
552 3684 918 3754 λαμπρότητα
957 3686 1057 3753 τῆς
1103 3687 1520 3757 ἀναμαρτησίας
1545 3702 1558 3715 ·
1601 3687 1634 3756 ἢ
1701 3687 1760 3741 τὸ
1792 3688 1975 3755 Εὐαγ-

394 3777 577 3851 γέλιον
606 3775 842 3844 φωτίζον
866 3777 995 3840 τοὺς
1029 3779 1086 3829 ὲν
1120 3778 1302 3831 σκότει
1331 3778 1568 3849 πλάνης,
1629 3780 1724 3832 καὶ
1742 3780 1975 3851 ὁδηγοῦν

396 3869 475 3927 είς
505 3867 729 3936 ἀρετήν’
766 3867 1012 3935 Λύχνος
1032 3867 1163 3937 γὰρ,
1197 3869 1384 3938 φησὶν,
1436 3869 1562 3937 τοῖς
1591 3871 1743 3923 ποσί
1766 3888 1886 3940 μου
1943 3874 1977 3925 ό

395 3958 579 4024 νόμος
603 3974 742 4025 σου,
783 3957 816 4028 ἢ
863 3961 890 4011 ὁ
927 3958 1243 4029 Πρόδρομος
1268 3974 1283 3989 ’
1333 3960 1600 4028 Ἐκεῖνος
1634 3962 1759 4030 γὰρ,
1787 3962 1974 4032 φησὶν,

393 4040 474 4121 ἦν
498 4052 531 4103 ό
561 4051 793 4119 λύχνος
819 4052 851 4103 ό
884 4050 1239 4117 καιόμενος·
1271 4050 1457 4120 ἐχθροὶ
1482 4050 1539 4102 δὲ
1574 4052 1740 4104 αὐτοῦ
1778 4053 1827 4104 οί
1860 4052 1978 4104 δαί-

399 4156 586 4209 μονες,
615 4141 709 4193 καὶ
744 4142 945 4202 πάντες
976 4139 1234 4209 οίὲχθροὶ
1250 4141 1347 4209 τῆς
1409 4141 1686 4211 ἀληθείας,
1745 4140 1794 4193 οἳ
1841 4142 1979 4211 σύμ-

398 4247 603 4294 παντες
678 4231 1164 4303 αίσχυνθήσονται,
1224 4234 1319 4287 καὶ
1396 4234 1630 4302 μάλιστα
1682 4234 1823 4289 κατὰ
1878 4236 1977 4305 τὴν

400 4324 750 4392 παγκόσμιον
836 4326 1136 4378 ἀνάστασιν
1201 4340 1215 4354 '
1291 4328 1371 4389 εἰς
1443 4327 1607 4380 αὐτὸν
1679 4327 1733 4379 δὲ
1825 4328 1977 4392 ἐξαν-

395 4417 555 4486 θησει
587 4420 618 4487 ἡ
654 4418 784 4486 ἁγία
840 4418 1156 4489 Ἐκκλησία,
1198 4419 1233 4490 ἠ
1282 4419 1588 4489 ἁγιάζουσα
1614 4422 1739 4484 τοὺς
1799 4421 1977 4490 ὀρθῶς

2078 3318 2425 3379 venationem
2462 3327 2515 3373 et
2549 3328 2836 3388 capturam
2873 3319 3043 3382 illam,
3074 3319 3230 3388 juxta
3264 3335 3428 3389 quam
3474 3320 3657 3389 pisca-

2080 3418 2230 3463 tores
2266 3409 2523 3477 apostoli,
2557 3424 2665 3464 non
2695 3410 2938 3479 amplius
2975 3411 3130 3465 vivos
3155 3411 3340 3480 pisces
3370 3411 3662 3481 capiebant

2079 3513 2136 3557 ut
2165 3500 2507 3565 acciderent,
2541 3504 2634 3556 sed
2663 3510 2911 3557 mortuos
2952 3505 3193 3571 peccatis
3223 3503 3477 3560 homines
3522 3506 3664 3560 irre-

2078 3595 2283 3648 tiebant
2302 3602 2360 3647 ut
2384 3594 2744 3650 viviﬁcarent.
2768 3594 2871 3650 Per
2894 3611 3165 3665 pauperes
3191 3598 3358 3651 etiam
3383 3598 3506 3667 ejus
3528 3611 3666 3666 pauo

2077 3699 2235 3753 peres
2266 3685 2461 3754 spiritu
2495 3686 2755 3756 intellige,
2802 3701 2941 3755 quos
2990 3686 3121 3741 cceli
3173 3701 3334 3756 pane,
3386 3688 3492 3742 hoc
3539 3698 3662 3745 est:

2079 3774 2287 3830 caelesti
2322 3790 2525 3845 regno,
2557 3771 2813 3833 Christus
2845 3785 2966 3831 erat
2992 3786 3365 3831 saturaturus.
3395 3777 3666 3832 Sacerdo-

2080 3877 2161 3922 tes
2199 3875 2383 3922 autem
2414 3868 2557 3936 ejus.
2587 3877 2791 3923 reterns
2826 3868 3082 3924 Christus
3125 3877 3261 3923 tunc
3297 3869 3517 3924 demum
3574 3872 3663 3923 in—

2078 3957 2211 4011 duet
2249 3958 2451 4024 salute,
2491 3959 2537 4014 si
2584 3968 2745 4012 antea
2790 3959 3005 4028 justitia
3083 3959 3261 4013 induti
3312 3960 3539 4024 fuerint.
3607 3973 3664 4012 ut

2080 4050 2399 4118 praedictum
2433 4060 2535 4105 cst.
2572 4050 2700 4119 Ejus
2723 4051 2888 4106 etiam
2913 4051 3083 4107 sancti
3105 4051 3466 4105 exsultatione
3488 4052 3666 4104 etstat-

2081 4143 2290 4205 tabunt,
2324 4152 2449 4209 post
2475 4142 2778 4197 discessum
2810 4142 3028 4197 scilicet
3075 4155 3142 4196 es
3180 4142 3284 4196 hac
3328 4142 3481 4198 vita:
3534 4150 3665 4195 tunc

2079 4234 2280 4288 etenim
2318 4242 2373 4288 et
2409 4233 2731 4289 sacerdotes
2766 4234 2838 4287 ita
2874 4234 3057 4289 induti.
3076 4242 3278 4296 erunt,
3309 4242 3370 4287 ut
3401 4233 3663 4296 diximus,

2079 4337 2132 4382 et
2163 4328 2339 4383 sancti
2369 4325 2747 4383 exsultabunt.
2797 4323 2854 4378 ln
2889 4325 3137 4380 Ecclesia
3176 4326 3343 4378 etiam
3369 4324 3505 4378 oriri
3540 4324 3665 4392 fecit

2075 4435 2247 4475 cornu
2269 4420 2369 4488 ipsi
2408 4417 2599 4481 David,
2632 4417 2734 4472 hoc
2764 4425 2869 4481 est,
2903 4416 3158 4486 gloriam.
3189 4422 3357 4484 atque
3390 4417 3662 4469 honorem

397 4511 871 4581 προσερχομένους
907 4527 925 4544 °
983 4513 1147 4565 αὑτὸν
1229 4512 1341 4576 ἔξει
1398 4513 1557 4575 ἄνθος
1622 4514 1717 4565 καὶ
1781 4512 1980 4584 εὐπρέο

395 4616 467 4652 πε
474 4618 578 4657 ιαν.

2083 4509 2329 4564 Davidici
2391 4508 2631 4563 nominis
2688 4507 2978 4574 celebrari,
3026 4516 3190 4576 atque
3232 4505 3497 4571 exaltari,
3535 4504 3665 4558 dum

2013 4585 2059 4638 Ῑ)
2092 4603 2349 4658 laudatur
2382 4600 2597 4656 scilicet
2624 4608 2678 4656 et
2715 4600 3054 4670 gloriﬁcatur
3102 4600 3173 4655 ab
3218 4599 3509 4663 omnibus,
3545 4606 3665 4653 tan.

374 4674 561 4768 iquam
592 4696 908 4768 progenitor
953 4697 1184 4754 Christi.
1217 4698 1313 4755 Vel
1353 4699 1484 4756 oriri
1522 4698 1671 4766 fecit,
1727 4697 1970 4753 validum
2012 4707 2068 4752 et
2104 4699 2339 4754 sublime
2370 4711 2543 4752 cornu
2570 4696 2721 4767 regni
2754 4694 2860 4765 ipsi
2897 4693 3092 4759 David,
3126 4694 3180 4748 in
3220 4692 3395 4758 Sion,
3462 4690 3668 4745 feriens

362 4783 379 4883 ρ
398 4791 634 4857 scilicet,
675 4800 843 4861 atque
873 4791 1138 4861 dejiciens
1156 4808 1519 4863 quoscunque
1549 4792 1653 4848 sibi
1685 4793 2067 4847 adversantes.
2098 4790 2213 4846 Hoc
2239 4799 2421 4847 autem
2456 4799 2541 4847 est
2613 4804 2842 4860 regnum
2909 4787 3140 4843 Christi.
3186 4784 3440 4841 Lucerna
3503 4797 3660 4847 vero.

398 4899 523 4953 quae
545 4884 768 4940 Christo
804 4886 908 4941 fuit
938 4896 1147 4957 parata,
1183 4903 1313 4945 caro
1343 4888 1436 4943 illa
1468 4889 1943 4965 sanctissima'est
1968 4930 1983 4955 ,
2026 4902 2149 4958 qua:
2177 4904 2207 4941 a
2238 4889 2347 4944 Deo
2378 4888 2669 4953 fabricata,
2732 4899 2786 4943 et
2837 4888 3119 4943 divinitati
3163 4887 3271 4942 iuit
3313 4888 3611 4956 conjuncta
3642 4899 3660 4938 :

398 4991 525 5046 qua:
564 4976 947 5033 lucentissima
999 4990 1153 5045 erat,
1206 4992 1432 5050 propter
1480 4982 1605 5036 vitm
1654 4980 2004 5052 splendorem
2046 4979 2172 5051 (fuit
2194 4982 2394 5036 etenim
2427 4982 2550 5037 sine
2583 4983 2852 5050 peccato).
2886 4990 2941 5036 et
2970 4983 3100 5051 quia
3128 4985 3183 5035 in
3225 4993 3289 5034 ea
3349 4976 3656 5047 requievit,

398 5072 776 5143 septemplicis
831 5073 979 5128 illius
1026 5074 1442 5144 fulgentissima:
1493 5075 1734 5130 lucernae
1782 5076 1978 5137 instar,
2023 5073 2401 5131 lucentissima
2425 5076 2807 5144 septemplicis
2830 5076 3058 5146 spiritus
3088 5075 3356 5144 potentia.
3408 5075 3502 5130 Vel
3567 5090 3663 5144 per

400 5164 708 5227 lucernam,
745 5166 1101 5236 Evangelium
1140 5168 1402 5238 iutellige,
1432 5183 1528 5238 per
1578 5167 1726 5238 quod
1776 5182 1969 5225 omnes
2008 5167 2104 5236 qui
2131 5167 2418 5223 constituti
2451 5178 2612 5222 erant
2646 5168 2700 5222 in
2728 5168 2992 5232 tenebris,
3031 5167 3326 5221 illuminati
3402 5175 3558 5229 sunt,
3598 5178 3655 5221 et

399 5260 469 5311 ad
503 5256 865 5312 clarissimam
920 5259 1140 5313 deducti
1188 5262 1466 5314 virtutem.
1516 5258 1760 5314 Lucerna
1783 5261 1974 5323 enim,
2056 5260 2267 5329 inquit,
2350 5258 2569 5328 pedibus
2608 5259 2736 5313 meis
2771 5257 2984 5312 verbum
3038 5268 3190 5312 tuum
3233 5257 3300 5311 “.
3332 5256 3433 5313 Vel
3480 5261 3659 5328 ipsum

399 5356 563 5410 etiam
598 5352 812 5407 Domini
848 5352 1285 5416 Praecursorem,
1321 5351 1387 5405 de
1420 5366 1529 5421 quo
1562 5354 1827 5422 scriptum
1863 5360 1946 5407 est
1975 5369 1989 5405 :
2015 5352 2114 5407 Ille
2153 5361 2267 5406 erat
2302 5352 2517 5404 lucerna
2559 5352 2752 5405 ardens
2799 5348 2865 5400 θ’.
2903 5348 3116 5405 Inimici
3188 5362 3318 5404 vero
3388 5348 3664 5405 daemone‘

400 5457 555 5510 sunt,
589 5454 642 5501 et
671 5444 864 5515 reliqui
898 5458 1088 5498 omnes
1116 5443 1364 5498 veritatis
1388 5444 1597 5497 inimici
1635 5460 1649 5497 :
1679 5446 1773 5513 qui
1797 5445 1963 5498 etiam
2006 5458 2201 5498 omnes
2237 5443 2444 5512 pariter
2479 5444 2914 5502 confunduntur,
2979 5439 3079 5495 sed
3123 5442 3397 5510 praecipue
3446 5439 3501 5495 in
3572 5439 3664 5494 die

402 5538 828 5593 resurrectionis
879 5536 1148 5591 universae
1195 5536 1377 5589 carnis
1412 5553 1424 5587 :
1465 5546 1519 5590 ct
1574 5553 1740 5606 super
1792 5538 1970 5606 ipsum
2011 5537 2248 5606 denique
2274 5534 2540 5591 eﬂlorebit
2577 5536 2726 5590 illius
2796 5532 3183 5598 sanctiﬁcatio,
3226 5541 3418 5587 sancta
3494 5532 3664 5586 nimi-

404 5648 526 5687 rum
556 5633 822 5696 Ecclesia,
851 5647 971 5702 quu:
1001 5646 1194 5687 omnes
1223 5633 1288 5686 ad
1330 5647 1389 5686 se
1418 5632 1741 5686 accedentes
1779 5631 2114 5693 sanctificat,
2160 5647 2393 5702 quaeque
2466 5630 2645 5699 ipsum
2712 5628 2991 5684 Christum
3051 5637 3313 5698 tanquam
3368 5626 3652 5682 ﬂorentis-

403 5724 601 5781 simam
626 5738 887 5779 coronam
920 5724 977 5778 in
1011 5722 1288 5791 decorem,
1317 5733 1478 5794 atque
1506 5726 1560 5778 in
1591 5733 1977 5782 ornamentum
2023 5735 2141 5781 erat
2182 5726 2455 5780 habitura.

473 5907 520 5939 "
552 5903 698 5961 Psat.
733 5919 882 5969 xciv,
925 5903 1012 5958 l7.
1091 5905 1136 5936 ⁸ο
1169 5896 1359 5961 Matth.
1394 5924 1502 5971 τινι,
1542 5908 1627 5962 l8.
1705 5905 1746 5938 ⁶¹
1780 5907 1922 5961 Psal.
1958 5920 2152 5973 cxvm,
2190 5905 2310 5960 l05.
2395 5903 2438 5936 “
2487 5905 2623 5961 Joan
2681 5923 2736 5965 ".

645 5998 924 6058 PLTIOL.
971 5997 1089 6059 Ca.
1132 5999 1475 6062 CXXVIII.
3143 5998 3223 6061 39
