4112 6412
1608 321 1994 383 EUTllYMll
2042 317 2406 379 ZIGABENI
3581 306 3720 372 1223

927 447 1205 504 Canticum
1242 458 1578 498 ascensuum.
2070 444 2114 498 Α

934 537 1257 595 PSALMUS
1295 532 1556 591 CXXXII.

525 635 672 693 Vsus
706 634 759 688 1.
794 631 927 686 Ecce
960 646 1088 684 sane
1127 626 1252 698 quid
1284 625 1500 689 bonum,
1546 631 1637 676 aut
1678 619 1801 692 quid
1845 620 2038 686 iucun-

2225 618 2378 673 Ἰδοὺ
2399 617 2474 684 δή
2506 635 2560 671 τι
2589 617 2800 681 καλὸν,
2834 617 2873 686 ἢ
2896 617 2954 670 τί
2973 614 3258 684 τερπνὸν,
3274 614 3467 683 ἀλλ’ἢ
3494 615 3560 669 τὸ
3591 632 3732 668 κατα

454 732 604 797 dum,
645 743 805 797 quam
839 725 1082 779 habitare
1115 722 1310 791 fratres
1343 720 1398 774 in
1425 732 1610 772 unum.
1645 713 1920 784 lntegram
1952 718 2037 764 at-

2165 710 2330 766 nxsir
2369 710 2675 780 ἀδελφοὺς
2705 710 2803 764 ἐπὶ
2828 709 2894 763 τὸ
2923 709 3104 775 αὐτός
3135 709 3249 779 Τὴν
3299 709 3512 762 τελείαν
3549 709 3731 762 αὐτῶν

457 839 567 895 que
599 822 814 892 plenam
846 817 1190 888 captivorum
1239 811 1648 868 restitutionem
1694 804 2039 877 prospiciens

2165 803 2597 859 ιποκατάστασιν
2617 801 2854 874 προϊδὼν
2871 805 2898 856 ὁ
2922 803 3108 870 Δαϐἱδ,
3138 802 3290 865 ὅπως
3317 800 3730 870 ἀπαλλαγέντες

457 892 652 972 beatus
690 909 882 974 David,
909 917 964 962 et
987 905 1264 974 quomodo
1287 920 1318 958 a
1346 900 1856 973 perturbationibus
1877 906 2043 967 atque

2165 895 2256 950 τῶν
2276 896 2642 967 ἐνοχλούντων
2673 894 3041 966 ᾠκοδόμησαν
3075 893 3174 948 καὶ
3202 893 3295 947 τὸν
3323 893 3474 958 ναὸν,
3504 893 3604 946 καὶ
3632 892 3732 962 τὴν

459 333 588 400 1227

2709 431 2851 502 ᾨδὴ
2917 431 3155 500 ὁμοίως.

2702 525 3002 579 ΨΔΛΜΟΣ
3043 523 3213 576 ΡΛΒ’.

459 1008 528 1062 ab
563 1004 828 1060 :erumnis
863 1000 1076 1056 liberati
1101 1038 1116 1063 ,
1147 996 1410 1067 templum
1441 1005 1494 1050 et
1524 993 1802 1050 civitatem
1840 991 2039 1045 iterum

457 1096 780 1155 mdilieaturi
811 1103 990 1158 erant,
1018 1099 1074 1146 et
1098 1091 1203 1146 sub
1229 1103 1339 1144 uno
1371 1087 1621 1158 principe
1646 1084 1811 1139 vitam
1838 1081 2040 1144 acturi,

459 1187 719 1244 admonet
751 1200 870 1251 eos,
913 1196 982 1237 ne
1020 1196 1215 1238 rursus
1240 1179 1578 1242 dividantur,
1611 1191 1680 1231 ne
1711 1174 1764 1230 in
1793 1175 2042 1230 diversas

461 1295 527 1333 ac
548 1277 736 1333 varias
768 1274 1096 1332 scindantur
1123 1280 1328 1342 partes,
1363 1280 1422 1324 ut
1465 1277 1654 1333 antea,
1691 1264 1913 1336 quando
1945 1265 2045 1320 de-

461 1387 581 1428 cem
617 1373 796 1424 tribus
832 1369 1112 1440 proprium
1143 1365 1418 1420 habebant
1448 1362 1641 1416 ducem
1671 1401 1686 1427 ,
1729 1369 1784 1416 et
1820 1359 2048 1430 reliquae

465 1457 588 1512 dua:
622 1457 856 1510 alterum
889 1456 1275 1523 imperatorem
1309 1467 1323 1504 :
1361 1467 1482 1521 quae
1523 1465 1612 1505 res
1647 1449 2048 1518 transgressio-

465 1564 596 1603 num
627 1549 762 1618 legis
809 1545 1361 1614 contentionumque,
1403 1550 1460 1598 et
1509 1542 1892 1596 calamitatum
1925 1556 2050 1610 pero

466 1657 610 1712 sa‘pe
645 1640 754 1696 illis
792 1654 963 1693 causa
998 1638 1122 1692 fuit.
1169 1636 1445 1690 Admonet
1476 1635 1640 1704 igitur
1669 1647 1783 1696 eos,
1814 1641 1873 1685 ut
1905 1645 2048 1697 una,

466 1739 629 1800 atque
660 1732 766 1784 sub
816 1729 1009 1785 eodem
1056 1724 1259 1798 degant
1312 1723 1584 1794 principe,
1630 1721 1872 1776 dicens:
1914 1719 2053 1773 Ecce

2148 989 2332 1052 πόλιν,
2367 990 2463 1042 καὶ
2497 989 2588 1057 ὑφ’
2626 988 2724 1042 ἕνα
2757 989 3002 1060 ἀρχηγὸν
3033 987 3435 1052 ἐπολιτεύοντο,
3470 987 3736 1057 παραινεῖ

2151 1083 2228 1154 μὴ
2287 1081 2698 1154 διασχισθῆναι,
2753 1082 3009 1150 καθάπερ
3043 1082 3104 1136 τὸ
3135 1081 3403 1153 πρότερον
3424 1098 3438 1111 ·
3471 1081 3638 1150 ἡνίκα
3675 1081 3733 1133 αἱ

2149 1175 2282 1228 δέκα
2315 1175 2416 1244 μὲν
2452 1175 2621 1242 φυλαὶ
2648 1174 2780 1228 ῐδιον
2814 1170 2962 1244 εἶχον
2992 1173 3271 1245 ἡγεμόνα·
3303 1174 3359 1226 αἱ
3407 1172 3502 1226 δύο
3531 1172 3589 1225 δὲ
3627 1172 3736 1226 πά-

2148 1267 2238 1321 λαι
2272 1267 2425 1332 ῐδιον,
2451 1267 2479 1320 ὃ
2502 1266 2703 1337 πολλῆς
2724 1265 2908 1329 αὐτοῖς
2935 1266 3308 1335 παρανομίας,
3339 1264 3432 1319 καὶ
3464 1264 3732 1325 στάσεως.

2151 1363 2250 1416 καὶ
2275 1361 2582 1433 συμφορῶν
2614 1362 2796 1414 αἴτιον
2834 1361 3089 1428 ἐγένετο·
3131 1359 3252 1415 ἀλλ’
3276 1358 3412 1430 ὁμοῦ
3462 1358 3738 1412 κατοικεῖν

2151 1454 2249 1510 καὶ
2281 1455 2374 1524 ὑφ’
2406 1455 2504 1508 ἕνα
2557 1455 2804 1524 ἡγεμόνα
2828 1451 3150 1508 τάττεσθαι.
3183 1453 3315 1506 Ἰδοὺ
3358 1451 3444 1522 δὴ,
3473 1452 3530 1503 τί
3549 1451 3736 1516 καλόν,

2152 1545 2186 1616 ἢ
2217 1546 2268 1598 τί
2293 1546 2526 1617 τερπνὸν
2559 1545 2756 1610 οὕτως,
2789 1547 2838 1599 εί
2873 1545 2950 1616 μὴ
2981 1546 3263 1598 κατοικεῖν
3279 1543 3546 1613 ἀδελφοὺς
3578 1542 3735 1614 ἄμας

2151 1638 2185 1708 ἦ
2219 1637 2298 1708 τῷ
2327 1639 2478 1709 τόπῳ
2511 1639 2543 1708 ἢ
2575 1641 2643 1709 τῇ
2676 1637 2907 1710 ὁμονοία
2943 1653 2958 1668 ·
2991 1637 3161 1691 πολλά
3193 1637 3304 1706 γὰρ
3351 1636 3496 1688 καλά
3525 1636 3646 1704 μὲν,
3673 1635 3739 1688 οὐ

2153 1732 2366 1799 τερπνὰ
2401 1731 2459 1784 δέ
2487 1747 2501 1762 ·
2537 1731 2632 1784 καὶ
2663 1727 2824 1794 αὖθις
2862 1729 3078 1801 τερπνά
3112 1730 3233 1800 μὲν,
3259 1729 3321 1782 οὐ
3349 1727 3492 1782 καλά
3541 1727 3597 1780 δέ
3625 1743 3638 1758 ·
3703 1728 3738 1797 ἡ

465 1836 599 1875 sane
625 1821 756 1892 quid
792 1831 900 1875 tam
929 1821 1155 1885 bonum,
1181 1826 1273 1871 aut
1303 1815 1435 1886 quid
1463 1825 1572 1870 tam
1606 1813 1914 1885 jucundum
1943 1821 2047 1879 est,

2165 1822 2210 1875 is
2273 1823 2580 1894 όμοσκηνὶα
2635 1825 2730 1878 καὶ
2762 1825 2994 1894 ὁμόνοια
3026 1821 3138 1875 τῶν
3167 1820 3416 1890 ἀδελφῶν
3450 1820 3742 1890 ἀμφότερα

465 1929 630 1984 quam
668 1919 724 1966 ut
751 1911 949 1967 fratres
983 1909 1176 1967 eodem
1209 1909 1457 1964 habitent
1481 1907 1536 1960 in
1573 1906 1718 1973 loco,
1747 1915 1910 1976 atque
1937 1907 2045 1960 eis-

2165 1915 2444 1984 κέκτηται,
2476 1918 2622 1989 ἆπερ
2681 1917 2818 1988 ὁμοῦ
2857 1916 3138 1970 συνελθεῖν
3207 1916 3284 1979 ὡς
3338 1915 3545 1983 σφόδρα
3577 1911 3744 1965 εὔπο-

467 2005 589 2058 dem
615 2002 841 2067 animis,
866 2016 1081 2058 summa
1099 2016 1224 2055 cum
1255 1999 1553 2054 concordia
1581 2007 1637 2054 et
1661 2001 1964 2055 consensu?
1985 1999 2050 2056 Et

2165 2024 2278 2080 ρον.
2331 2002 2465 2062 Εἶτα
2525 2009 2684 2063 τοῦτο
2737 2009 2800 2062 τὸ
2851 2008 3057 2076 ἀγαθὸν
3098 2005 3431 2078 παρεικάζει
3478 2002 3746 2074 παραδεί-

469 2097 637 2150 multa
663 2097 884 2166 quidem
921 2097 1064 2151 bona
1097 2103 1244 2160 sunt,
1273 2107 1395 2164 qua:
1416 2107 1526 2147 non
1552 2091 1966 2161 suntjucundn,
1995 2101 2050 2149 et
2161 2115 2356 2168 γματι,

469 2204 690 2244 rursum
729 2187 971 2259 jucunda
1025 2187 1216 2250 multa,
1267 2201 1390 2255 quae
1433 2199 1541 2239 non
1593 2184 1776 2239 bona:
1819 2184 2046 2240 fratrum
2105 2199 2288 2244 autem
2367 2193 2664 2248 concordia
2737 2203 2792 2248 et
2837 2192 3150 2248 communis
3209 2203 3401 2245 eorum
3455 2187 3745 2250 habitatio,

472 2294 768 2353 utrumque
807 2283 910 2338 hoc
941 2283 997 2338 in
1030 2296 1089 2338 se
1126 2282 1330 2336 bonum
1360 2279 1628 2333 continet.
1651 2278 1870 2332 Nemini
1899 2279 2046 2334 enim
2081 2281 2306 2338 dubium
2334 2300 2458 2340 esse
2485 2294 2638 2355 puto,
2671 2285 2816 2356 quod
2883 2284 3132 2340 fraterno
3180 2280 3475 2337 consensui
3533 2288 3748 2333 utrum-

468 2392 575 2446 que
627 2375 733 2430 hoc
771 2374 1061 2430 conveniat
1113 2373 1337 2427 bonum.
1403 2369 1610 2425 Deinde
1665 2368 2047 2439 hujuscemodi
2078 2371 2690 2459 bonuiii,sitiiilittidine
2712 2377 3174 2448 atqueexemplo
3230 2375 3469 2443 quodam
3531 2373 3750 2430 descri-

469 2473 570 2536 bit,
599 2475 791 2528 dicens
821 2489 836 2524 :

541 2569 710 2625 Vens.
744 2570 800 2623 2.
826 2567 977 2623 Sicut
1011 2574 1332 2636 unguentum
1363 2566 1417 2617 in
1445 2566 1638 2632 capite,
1671 2565 1810 2632 quod
1844 2563 2059 2618 descen-

473 2663 549 2715 dit
585 2661 639 2713 in
667 2657 925 2722 barbam,
970 2657 1194 2711 barbam
1223 2659 1429 2710 Aaron.
1467 2654 1581 2709 Iloc
1615 2653 1760 2722 quod
1795 2653 2059 2721 diximus,

473 2749 612 2804 adeo
642 2749 845 2803 bonum
879 2757 963 2803 est
993 2756 1048 2801 et
1068 2745 1398 2816 jucundum,
1425 2745 1570 2800 sicut
1601 2745 1771 2815 legale
1799 2744 1927 2798 illud
1958 2761 2061 2798 un-

473 2849 762 2911 guentum,
825 2855 934 2910 quo
999 2839 1319 2894 sacerdotes
1369 2838 1736 2906 ungehantur,
1799 2835 2060 2905 quodque

473 2947 642 3002 super
669 2947 857 2986 eormn
888 2931 1067 3000 capita
1101 2929 1307 2986 effundi
1342 2929 1572 2984 solebat.
1615 2927 1749 2981 Nam
1789 2927 2059 2998 quemad-

472 3027 695 3082 modum
726 3025 1097 3095 hujuscemodi
1124 3032 1463 3094 unguentum
1490 3023 1696 3077 bonum
1731 3030 1836 3089 est,
1864 3028 2058 3091 utpote
2102 3039 2107 3042 ·

475 3129 748 3183 sanctum,
780 3129 836 3175 et
870 3118 1178 3187 jucundum
1211 3117 1375 3172 etiam
1403 3157 1419 3183 ,
1456 3115 1624 3170 veluti
1659 3114 2000 3170 odoriferum
2041 3131 2054 3167 :

2245 2569 2344 2635 Ὠς
2396 2572 2596 2640 μύρον·
2645 2571 2748 2624 ἐπὶ
2804 2567 3082 2638 κεφαλῆς
3143 2569 3206 2622 τὸ
3242 2568 3606 2622 καταϐαῖνον
3645 2568 3750 2622 ἐπὶ

2167 2662 2442 2732 πώγωνα,
2475 2663 2584 2716 τὸν
2610 2663 2864 2732 πώγωνα
2894 2663 3002 2715 τὸν
3025 2662 3272 2729 Ἀαρών.
3323 2660 3510 2724 Οὕτως
3542 2662 3658 2715 ἐστὶ
3688 2661 3751 2714 τὸ

2168 2755 2401 2824 πρᾶγμα
2436 2753 2602 2807 καλὸν
2664 2754 2758 2806 καὶ
2809 2753 3063 2822 τερπνὶν,
3099 2752 3174 2814 ὡς
3205 2751 3266 2804 τὸ
3291 2752 3518 2819 νομικὸν
3570 2752 3749 2804 ἐκεῖνο

2167 2844 2363 2915 μύρον,
2397 2845 2462 2897 τὸ
2517 2843 2673 2915 χρίον
2709 2845 2836 2907 τοὺς
2892 2846 3060 2914 ἱερεῖς
3083 2882 3098 2907 ,
3158 2842 3219 2896 τὸ
3249 2843 3344 2896 ἐ.πὶ
3379 2841 3621 2912 κεφαλῆς
3651 2842 3749 2896 τοῦ

2167 2935 2360 3004 ἱερέως
2410 2934 2695 3003 χεόμενον.
2743 2933 3018 3002 Καθάπερ
3053 2931 3216 2986 τοῦτο
3246 2931 3409 2986 καλὸν
3457 2932 3556 3002 μέν
3602 2933 3751 2985 ἐστιν

2165 3025 2241 3088 ὼς
2287 3025 2464 3091 ἅγιον,
2492 3024 2732 3096 τερπνὸν
2761 3024 2818 3078 δὲ
2843 3024 2918 3087 ὡς
2959 3023 3180 3089 εὑῶδες,
3216 3022 3363 3077 οὕτω
3401 3025 3496 3076 καὶ
3531 3023 3749 3076 ἐκεῖνο·

2168 3116 2333 3170 καλὸν
2353 3118 2474 3186 μὲν,
2527 3117 2604 3180 ὼς
2651 3116 2813 3184 φύσει
2844 3117 2940 3170 καὶ
2968 3117 3117 3186 νόμῳ
3147 3116 3579 3186 ἀπαιτούμενον·
3619 3133 3751 3186 τερ-

475 3210 550 3266 ita
582 3218 637 3266 ει
663 3211 754 3265 illa
785 3211 1096 3266 communis
1133 3209 1364 3264 fratrum
1399 3208 1687 3271 habitatio,
1720 3218 1885 3278 atque
1917 3221 2050 3261 con-

2165 3211 2294 3263 πνδν
2335 3209 2414 3272 δὲ,
2454 3209 2530 3272 ὡς
2555 3208 2854 3279 ὠφέλιμον·
2903 3209 3027 3261 ἐπεὶ
3047 3209 3102 3262 δὲ
3128 3209 3236 3262 ἀπὸ
3261 3210 3360 3278 τῆς
3385 3212 3628 3279 κεφαλῆς
3658 3207 3756 3262 ἐπὶ

474 3303 683 3367 cordia,
713 3317 988 3357 summum
1016 3302 1292 3372 quoddam
1325 3305 1532 3356 bonum
1558 3311 1662 3364 est,
1695 3300 1860 3354 veluti
1886 3298 2056 3369 quod,

475 3403 530 3448 et
565 3405 756 3448 natura
790 3394 930 3464 ipsa,
965 3401 1020 3449 et
1054 3395 1172 3464 lege
1204 3393 1371 3449 etiam
1409 3392 1593 3446 divina
1619 3392 2059 3447 commendatur.

477 3485 543 3542 Et
565 3486 871 3555 jucundum
903 3488 1103 3542 bonmn
1131 3494 1237 3552 est,
1265 3501 1332 3541 eo
1370 3486 1498 3556 quia
1529 3485 1662 3540 utile
1694 3491 1801 3550 est,
1833 3491 1888 3540 et
1919 3499 2064 3539 com-

479 3580 720 3634 modum.
750 3578 816 3633 Et
851 3580 1113 3648 quoniam
1156 3594 1186 3632 a
1218 3576 1567 3633 sacerdotum
1601 3577 1783 3646 capite
1810 3590 2062 3646 unguen-

479 3677 593 3722 tum
638 3669 693 3723 in
753 3669 978 3724 barbam
1033 3668 1442 3732 descendebat,
1483 3666 1694 3722 addidit
1731 3682 1748 3720 :
1786 3667 1942 3732 Quod
1974 3667 2065 3720 de-

477 3760 678 3814 scendit
714 3761 768 3814 in
802 3759 1044 3826 barbam,
1081 3771 1136 3816 et
1162 3759 1361 3815 deinde
1382 3799 1397 3823 ,
1433 3760 1484 3813 in
1513 3757 1808 3827 cuiusnam
1837 3756 2059 3811 barbam

477 3851 873 3936 descenderet,
931 3852 1204 3922 expressit
1253 3851 1448 3906 dicens
1478 3867 1492 3904 :
1532 3848 1599 3904 In
1635 3849 1857 3903 barbam
1889 3849 2058 3912 ipsius

2165 3301 2258 3352 τὸν
2284 3298 2527 3368 πώγωνα
2549 3300 2608 3353 τὸ
2637 3299 2809 3370 μύρον
2833 3300 3151 3364 κατέϐαινε,
3173 3301 3327 3370 φησι,
3369 3300 3430 3352 τὸ
3464 3299 3755 3354 Καταϐαῖ-

2168 3409 2282 3445 νον
2345 3391 2444 3445 ἐπὶ
2474 3391 2754 3461 πώγωνα,
2805 3389 2925 3444 εἶτα
2956 3393 3306 3463 προστίθησι,
3332 3394 3429 3445 καὶ
3456 3394 3601 3456 τίνος
3632 3394 3752 3444 πώ-

2169 3501 2343 3552 γωνα·
2374 3485 2480 3552 ὅτι,
2507 3485 2617 3538 τόν
2639 3483 2746 3538 τοῦ
2777 3484 3014 3552 Ἀαρών.
3042 3479 3208 3547 Οὗτος
3229 3487 3338 3555 γὰρ
3367 3484 3581 3557 πρῶτος
3603 3483 3754 3554 αὐτῷ

2173 3573 2428 3644 ὲχρὶσθη.
2481 3575 2551 3626 Ἦ
2570 3575 2669 3627 καὶ
2696 3573 2916 3644 Ἀαρὼν
2943 3575 3115 3644 λέγει,
3146 3576 3326 3628 πάντα
3362 3577 3533 3646 ἱερέα,
3569 3575 3644 3638 ὡς
3689 3577 3754 3629 ἐκ

2170 3661 2267 3715 τοῦ
2313 3663 2528 3733 Ἀαρὼν
2575 3664 2988 3732 καταγόμενον·
3055 3665 3179 3718 ἱ.πεὶ
3238 3665 3297 3718 δὲ
3358 3667 3465 3719 ἀπ’)
3495 3666 3590 3719 τοῦ
3640 3665 3753 3717 πώο

2170 3753 2492 3818 γωνος,καὶ
2545 3753 2639 3805 ἐπὶ
2663 3751 2765 3823 τὴν
2798 3751 2912 3806 ὢαν
2967 3754 3063 3807 τοῦ
3122 3755 3402 3825 ἱερατικοῦ
3454 3757 3756 3826 ἐνδύματος

2168 3840 2326 3906 αὖθις
2364 3843 2526 3897 τοῦτο
2551 3845 2901 3910 κατέϐαινεν,
2936 3847 3184 3918 ἐπήγαγε
3218 3849 3516 3916 καὶτοῦτο,
3554 3849 3751 3918 λέγων.

477 3947 678 4002 Aaron.
706 3944 804 4003 Hic
825 3948 1025 4003 etenim
1059 3945 1408 4003 sacerdotum
1440 3945 1688 4001 omnium
1725 3946 1954 4016 primus,
1980 3949 2260 4012 unguento
2293 3950 2494 3995 unctus
2519 3951 2625 3996 est.
2659 3940 2751 3996 Vel
2811 3956 2906 4009 per
2954 3943 3162 4009 Aaron,
3222 3959 3604 4015 quemcunque
3666 3959 3758 3999 Sa-

477 4041 752 4098 cerdotem
787 4043 1064 4113 intelligit,
1098 4051 1362 4112 tanquam
1409 4057 1602 4096 omnes
1638 4041 1707 4095 ab
1767 4055 1834 4095 co
1866 4035 2296 4099 descenderent,
2343 4044 2398 4088 et
2445 4035 2704 4104 quoniam
2783 4045 3128 4105 unguentum
3184 4037 3289 4092 hoc
3364 4053 3394 4092 a
3445 4036 3614 4092 barba
3697 4039 3754 4092 in

477 4135 834 4192 sacerdotalis
882 4135 1190 4189 indumenti
1247 4148 1399 4188 oram
1447 4148 1643 4189 rursus
1670 4133 2065 4193 descendebat,
2099 4130 2300 4183 iterum
2334 4127 2567 4194 addidit,
2594 4128 2782 4182 dicens
2813 4147 2827 4182 :

551 4227 705 4294 Quod
755 4227 1023 4280 descendit
1070 4227 1124 4279 in
1166 4242 1321 4279 oram
1372 4227 1668 4281 uestimenti
1713 4225 1850 4296 ejus.
1898 4224 2063 4280 Oram

478 4335 576 4375 seu
625 4318 926 4386 marginem
983 4317 1317 4381 vestimenti,
1362 4317 1556 4388 reliqui
1607 4317 1938 4384 interpretes
1991 4313 2064 4369 0.9

479 4411 775 4466 uestimenti
827 4407 1206 4462 reddiderunt.
1261 4408 1336 4462 Eo
1400 4425 1574 4477 usque
1639 4409 1782 4463 enim
1833 4409 2067 4460 descen-

481 4505 665 4561 debat.

555 4595 718 4649 Vens.
739 4595 794 4648 5.
828 4592 981 4648 Sicut
1008 4609 1095 4646 ros
1136 4591 1390 4654 Ermon,
1417 4592 1508 4662 qui
1530 4589 1798 4645 descendit
1823 4593 1876 4645 in
1909 4608 2028 4644 mon
2047 4625 2059 4632 -

485 4697 559 4741 tes
591 4684 742 4741 Sion.
785 4683 1016 4738 .‘Ermon
1053 4699 1210 4738 inons
1273 4691 1359 4739 est
1411 4681 1620 4737 Libano
1656 4682 1938 4751 adjacens,
1973 4684 2064 4736 ubi

486 4777 655 4830 multa
693 4775 902 4829 nivium
927 4774 1084 4844 copia
1116 4783 1501 4836 conservatur,
1533 4772 1681 4828 unde
1713 4786 1942 4844 vapores
1971 4788 2069 4844 ge-

485 4876 774 4934 nerantur,
833 4868 925 4937 qui
981 4881 1163 4921 aerem
1213 4871 1484 4921 montium
1540 4865 1672 4920 Sion
1733 4866 2062 4922 crassiorem

484 4970 648 5030 atque
682 4959 1018 5014 hebetiorem
1060 4957 1318 5024 reddunt,
1365 4972 1430 5012 ac
1459 4972 1642 5012 rorem
1686 4959 1892 5014 aestatis
1930 4968 2070 5013 tem-

485 5067 615 5121 pore
651 5066 757 5106 non
793 5050 1070 5111 modicum
1105 5047 1350 5104 efﬁciunt
1373 5065 1388 5102 ε
1415 5061 1577 5118 quem
1609 5047 1816 5104 bonum
1847 5051 2066 5119 quidem

484 5157 607 5200 esse
642 5144 913 5206 dicemus,
943 5143 1112 5197 veluti
1145 5151 1307 5196 terrae
1349 5140 1623 5196 arescentl
1652 5141 2026 5196 necessarium
2051 5183 2066 5206 ,

479 5233 786 5304 jucundum
845 5250 975 5289 vero
1019 5250 1085 5287 eo
1118 5233 1261 5301 quod
1314 5230 1658 5302 aequabiliter
1685 5243 1740 5286 et
1796 5247 1922 5286 cum
1974 5235 2069 5286 de-

489 5329 783 5380 lectatione
814 5341 1052 5395 superne
1080 5326 1133 5378 in
1185 5335 1386 5379 terram
1421 5322 1686 5378 defertur.
1733 5324 1872 5391 Quia
1903 5325 2070 5396 igitur

490 5435 574 5472 ros
609 5420 714 5473 iste
742 5434 964 5473 causam
1003 5428 1168 5486 atque
1217 5417 1486 5487 originem
1549 5418 1710 5472 habet
1766 5435 1832 5473 ex
1885 5427 2070 5472 monte

489 5508 743 5574 Airtuon,
779 5511 988 5564 idcirco
1018 5509 1451 5565 roremAﬁrmon
1489 5526 1614 5562 eum
1646 5511 1960 5578 appellavit.

563 5603 829 5666 Quoniam
880 5601 991 5654 illi:
1038 5603 1311 5654 mandarit
1347 5599 1608 5656 Dominus
1637 5602 2068 5656 benedictionem.

489 5687 626 5752 Illic,
660 5690 712 5742 id
747 5699 853 5755 est,
877 5692 930 5744 in
966 5692 1243 5744 communi
1278 5691 1636 5755 habitatione,
1667 5693 1721 5746 in
1746 5693 2068 5758 concordia,

491 5780 546 5836 in
601 5794 790 5834 amore
847 5783 1106 5845 h'atelno,
1163 5791 1327 5851 atque
1383 5783 1435 5834 in
1476 5783 1788 5850 dilectione,
1835 5793 2069 5853 quaeest

2095 4457 2147 4515 D

2247 4221 2325 4275 Τὸ
2388 4223 2756 4278 καταϐαῖνον
2794 4224 2894 4278 ἐπὶ
2939 4225 3056 4293 τὴν
3093 4224 3218 4279 (bar
3267 4225 3376 4280 τοῦ
3424 4225 3760 4298 ἐνδύματος

2171 4314 2384 4368 αὐτοῦ.
2419 4315 2532 4384 Τὴν
2559 4316 2674 4368 ῶοιν
2703 4318 2750 4369 οἱ
2778 4316 2928 4370 ἄλλοι
2964 4317 3321 4388 ὲρμηνευταὶ,
3357 4319 3552 4386 στόμα
3585 4319 3760 4374 ἐνδύ-

2167 4422 2376 4473 ματος,
2411 4407 2685 4472 ἐξέδωκαν
2708 4423 2722 4437 ·
2759 4408 2887 4478 ἄχρι
2917 4408 3026 4479 γὰρ
3055 4409 3249 4462 τούτου
3281 4411 3608 4480 κατήρχετο.

2255 4592 2350 4657 ’.Ως
2397 4591 2620 4661 δρόσος
2657 4593 2936 4662 Ἀερμὼν,
2969 4595 3008 4659 ἠ
3058 4594 3512 4647 καταϐαίνουσα
3548 4593 3647 4646 ἐπὶ
3688 4595 3762 4646 τὰ

2174 4683 2282 4750 ὄρη
2341 4684 2512 4739 Σιών.
2585 4685 2833 4754 Ἀερμὼν
2876 4685 2998 4755 ὅρος
3044 4687 3182 4748 ἐστὶ,
3240 4685 3648 4756 παρακείμενον
3679 4687 3760 4754 τῷ

2173 4775 2416 4845 Λιϐάνῳ,
2455 4777 2612 4846 χιόνα
2647 4776 2852 4846 πολλὴν
2904 4778 3163 4843 συνάγον,
3207 4777 3302 4830 καὶ
3335 4777 3627 4844 φυλάττον,
3663 4777 3760 4844 ἀφ’

2173 4863 2242 4939 ἧς
2295 4869 2466 4937 ἀτμοὶ
2514 4867 2891 4939 ἀναδιδόμενοι
2926 4868 3021 4922 καὶ
3058 4871 3148 4922 τὸν
3179 4872 3318 4930 ἀέρα
3347 4870 3439 4922 τὸν
3501 4868 3757 4937 ὑπεράνω

2175 4961 2272 5030 τῆς
2297 4960 2434 5012 Σιὼν
2464 4961 2813 5032 παχύνοντες,
2854 4963 3046 5032 δρόσον
3070 4963 3427 5017 ἀποτελοῦσιν
3457 4963 3513 5015 ὲν
3584 4960 3756 5030 θέρει.

2176 5051 2352 5122 καλὴν
2401 5052 2521 5122 μὲν,
2555 5053 2632 5117 ὡς
2688 5055 2998 5123 ἀναγκαίαν
3023 5057 3086 5126 τῇ
3123 5059 3194 5127 γῇ
3227 5096 3241 5119 ,
3273 5053 3514 5125 τερπνὴν
3546 5053 3625 5120 δὲ,
3685 5053 3762 5115 ὡς

2177 5146 2350 5214 ἡδέως
2375 5147 2467 5199 καὶ
2496 5147 2714 5215 ὁμαλῶς
2741 5150 3198 5220 καταφερομένην
3259 5149 3413 5201 Ἐπεὶ
3439 5147 3535 5200 οὖν
3565 5149 3597 5217 ἡ
3633 5145 3762 5214 δρό-

2181 5255 2272 5299 σος
2322 5239 2458 5308 αὕτη
2494 5241 2556 5291 ἐκ
2609 5241 2703 5292 τοῦ
2753 5239 3007 5312 Ἀερμὼν
3039 5241 3151 5310 ἔχει
3177 5241 3278 5310 τὴν
3329 5241 3531 5296 αἰτίαν.
3571 5238 3761 5310 δρόσον

2178 5327 2272 5380 τοῦ
2318 5330 2570 5400 Ἀερμὼν
2600 5331 2768 5400 αὐτὴν
2799 5334 3080 5386 ἐκάλεσεν.

2251 5610 2380 5661 Ὅτι
2427 5609 2557 5662 ἐκεῖ
2609 5608 2952 5662 ἐνετείλατο
3013 5609 3228 5677 Κύριος
3283 5608 3400 5678 τὴν
3455 5609 3759 5679 εὐλογίαν.

2190 5698 2356 5750 Ἐκεῖ·
2383 5696 2522 5765 ποῦ;
2571 5699 2660 5749 Ἐν
2685 5697 3097 5768 τῇόμοσκηνίᾳ,
3131 5700 3187 5748 ὲν
3221 5701 3286 5766 τῇ
3326 5697 3668 5766 φιλαδελφίᾳ,
3706 5695 3765 5747 ἐν

2181 5793 2246 5859 τῇ
2271 5789 2482 5860 ἀγάπη.
2514 5791 2633 5854 ἥτις
2678 5790 2798 5842 ἐστὶ
2824 5787 2883 5841 τὸ
2919 5789 3216 5859 κεφάλαιον
3248 5790 3356 5844 τῶν
3388 5789 3598 5859 ἀρετῶν
3620 5804 3633 5820 ·
3663 5788 3778 5859 εὐ-Δ
