4112 6460
398 394 544 458 ῙΞΞθ

1563 392 1712 450 COM
1722 391 1877 450 ΜΕΝ
1884 390 1952 449 Τ.
1991 389 2071 448 IN
2106 391 2241 448 PSA
2253 391 2470 451 LMOS.

3527 395 3664 458 1930

393 515 552 581 Αογῖα
603 512 662 564 δὲ
706 511 856 580 παρὰ
901 509 1038 564 Θεοῦ
1079 511 1176 580 μὲν
1204 509 1282 567 εἰς
1331 507 1659 578 ἀνθρώπους
1715 509 1748 573 ἠ
1797 506 1978 575 χάρις,

2091 508 2348 560 virtutum
2383 508 2629 560 omnium
2664 516 2848 577 caput.
2883 507 3157 584 Caeterum
3208 510 3300 564 Dei
3351 511 3660 565 benedict‘u

395 606 548 674 παρὰ
578 604 635 656 δὲ
669 601 971 673 ἀνθρώπων
997 603 1076 663 εἰς
1106 599 1238 652 Θεὸν
1269 600 1302 669 ἡ
1335 599 1632 669 ὑμνολογία
1662 600 1755 650 καὶ
1802 598 1975 665 εὐφη-

397 697 514 768 μία,
549 697 700 765 παρὰ
729 696 787 749 δὲ
820 692 1128 766 ἀνθρώπων
1154 695 1230 757 εἰς
1253 693 1574 764 ἀνθρώπους
1619 693 1652 762 ὴ
1681 690 1820 761 ὑπὲρ
1848 691 1975 742 τού-

397 805 508 842 των
535 788 692 858 εὐχή.

471 1062 646 1131 Ζωὴν
669 1063 782 1127 ἕως
805 1061 912 1114 τοῦ
935 1041 1172 1126 αἰῶνος.
1200 1061 1307 1113 Καὶ
1337 1058 1490 1122 αὖθις
1513 1059 1631 1112 ἐκεῖ
1656 1060 1983 1129 ἐνετείλατο,

397 1157 493 1210 καὶ
544 1153 836 1209 ἀπέστειλε
884 1153 1028 1224 ζωὴν
1075 1153 1293 1223 μακρὰν
1349 1151 1454 1214 ἕως
1519 1149 1618 1203 τοῦ
1675 1149 1983 1220 ὡρισμένου

397 1250 598 1313 αἰῶνος
627 1288 642 1314 ,
703 1249 840 1318 παρ’
903 1247 1024 1300 ὅλον
1091 1245 1183 1298 τὸν
1249 1245 1790 1314 ἀποκεκληρωμένον
1849 1244 1984 1313 βίον.

399 1343 618 1411 Ὠσπερ
651 1341 760 1411 γὰρ
791 1343 823 1410 ἡ
867 1341 1057 1402 στάσις
1089 1338 1353 1400 θανάτους
1381 1334 1701 1406 ἐργάζεται,
1741 1336 1912 1400 οὕτως
1952 1337 1986 1406 ἡ

398 1437 594 1504 εἰρήνη
639 1432 809 1502 ζωὴν,
837 1431 962 1485 οὔτε
989 1430 1254 1500 ἀλλήλους
1285 1428 1678 1501 ἀναιρούντων,
1709 1427 1834 1481 οὔτε
1853 1429 1984 1500 παρ’

401 1525 614 1594 ἐχθρῶν
669 1524 1070 1593 φθειρομένων,
1132 1522 1220 1575 διὰ
1283 1522 1344 1574 τὸ
1410 1521 1841 1591 συμπεφράχθαι
1888 1521 1982 1574 καὶ

398 1617 756 1687 ὠχυρῶσθαι.
817 1615 1073 1685 ’Λρμὸζει
1109 1615 1164 1668 δὲ
1200 1614 1292 1668 καὶ
1322 1616 1451 1684 ἡμῖν
1479 1617 1507 1666 6
1531 1615 1767 1683 ψαλμός.

2086 613 2216 668 erga
2238 599 2487 655 homines
2510 599 2653 654 idem
2687 610 2791 666 est,
2806 603 2950 670 quod
2965 603 3146 657 divina
3165 603 3355 673 gratia,
3372 613 3423 658 et
3441 604 3661 660 bent-di-

2083 695 2193 746 etio
2215 691 2285 746 ab
2308 692 2622 749 hominibus
2644 693 2698 748 in
2737 696 2903 749 Deum
2936 695 3118 749 divina
3145 695 3380 758 lausest,
3399 712 3497 751 seu
3535 713 3664 765 gra-

2085 787 2281 840 tiarum
2306 789 2470 840 actio.
2494 785 2810 842 Benedictio
2830 803 2958 842 vero
2983 790 3049 843 ab
3071 789 3386 844 hominibus
3409 790 3462 844 in
3485 787 3664 843 homi-

2084 894 2200 941 nes,
2241 879 2474 932 humaua
2515 895 2640 934 esse
2679 880 2884 933 dicitur
2915 881 2979 933 ad
3011 881 3180 934 Deum
3211 881 3408 944 oratio,
3441 881 3662 950 quando

2084 970 2344 1024 nimirum
2376 986 2472 1038 pro
2501 971 2622 1025 aliis
2655 986 2844 1040 preces
2865 971 3194 1027 eﬂ‘undimus
3229 973 3293 1026 ad
3327 974 3516 1026 Deum.

2171 1058 2348 1114 Vitam
2380 1078 2540 1131 usque
2585 1063 2639 1114 in
2687 1063 2967 1118 saeculum.
3026 1063 3091 1116 Et
3144 1080 3342 1120 rursus
3397 1064 3664 1118 Dominus

2091 1153 2371 1206 mandavit
2397 1163 2451 1207 et
2481 1154 2629 1210 misit
2659 1155 2710 1209 in
2747 1156 3054 1211 concordes
3075 1157 3326 1212 homines
3343 1157 3660 1211 diuturnam

2091 1242 2255 1294 vitam
2286 1258 2460 1312 usque
2489 1244 2558 1298 ad
2595 1246 2860 1300 saeculum
2895 1247 2965 1301 ab
2987 1263 3052 1301 co
3085 1246 3530 1307 determinatum.
3557 1247 3664 1302 hoc

2089 1340 2196 1397 est,
2239 1348 2334 1400 per
2373 1336 2716 1402 universum,
2747 1351 2812 1390 ac
2845 1347 3216 1406 praestitutum
3249 1339 3375 1392 vita:
3424 1347 3662 1407 tempus.

2088 1423 2222 1478 Nam
2275 1428 2736 1497 quemadmodum
2784 1431 3063 1486 contentio
3116 1441 3320 1486 mortes
3386 1440 3665 1501 operatur,

2090 1521 2162 1574 ita
2193 1530 2248 1576 et
2299 1537 2404 1590 pax
2439 1521 2624 1588 vitam,
2653 1538 2776 1576 cum
2824 1523 3134 1590 unanimes,
3194 1539 3258 1577 ac
3315 1523 3530 1592 paciﬁci
3570 1523 3670 1576 ho-

2091 1615 2267 1668 mines
2296 1629 2473 1682 neque
2513 1625 2703 1669 mutuo
2749 1630 2873 1669 sese
2917 1616 3192 1676 occidant,
3233 1629 3412 1683 neque
3455 1614 3524 1667 ab
3575 1617 3672 1667 ho-

398 1711 578 1766 stibus
614 1709 733 1762 laedi
772 1710 1009 1780 possint,
1044 1711 1175 1778 quia
1226 1708 1512 1777 conjuncti
1563 1718 1715 1773 sunt,
1751 1717 1806 1764 ct
1885 1707 2102 1765 immiti.
2171 1707 2438 1779 Congruit
2468 1709 2631 1764 etiam
2663 1709 2754 1763 hic
2805 1709 3050 1778 psalmus
3107 1707 3356 1762 ﬁdelibus
3406 1707 3667 1761 omnibus

400 1803 756 1860 Christianis.

969 1899 1114 1971 ’ῼδὴ
1171 1903 1407 1971 ὁμοίως.

933 1994 1233 2048 ΨΑΛΜΟΣ
1283 1995 1452 2049 PAF'.

480 2085 640 2140 Ἰδοὺ
676 2087 982 2157 εὐλογεῖτε
1015 2089 1120 2142 τὸν
1151 2091 1392 2156 Κύριον,
1427 2089 1650 2156 πάντες
1685 2091 1738 2142 οι
1775 2087 1982 2143 δοῦλοι

397 2178 641 2243 Κυρίου.
699 2177 964 2231 Ἐνταῦθα
996 2179 1258 2233 κατέλυσε
1294 2179 1392 2242 τὰς
1436 2180 1580 2250 ᾠδὰς
1616 2179 1724 2233 τῶν
1771 2179 1984 2234 ἀναδά-

402 2271 568 2340 θρων,
609 2273 642 2342 ἦ
694 2272 1047 2342 ἀναϐαθμῶν,
1095 2275 1174 2336 εἰς
1219 2273 1572 2345 εὐχαριστίαν
1619 2273 1984 2336 κατακλεῖσας

401 2361 494 2414 τὸν
537 2361 716 2430 λόγον.
767 2364 1000 2416 Κελεύει
1047 2363 1156 2432 γὰρ
1200 2365 1545 2434 εὐχαριστεῖν
1587 2363 1662 2433 τῷ
1709 2364 1849 2432 Θεῷ,
1885 2364 1982 2431 τῆς

405 2456 786 2526 αῐχμαλωσίας
819 2457 1219 2524 ἁπαλλάξαντι,
1275 2460 1366 2511 καὶ
1396 2459 1483 2511 διὰ
1511 2457 1782 2511 τοσούτων
1812 2457 1982 2510 ἐθνῶν

403 2548 665 2612 ὰῦλασείς
718 2551 1041 2603 ἐπανελθεῖν
1093 2554 1176 2614 εις
1223 2551 1322 2621 τὴν
1355 2550 1590 2621 πατρίδα
1625 2551 1982 2621 παρασκευά-

405 2655 581 2702 σαντι,
615 2639 710 2692 καὶ
756 2639 851 2692 τοῦ
885 2641 1144 2710 συνεχοῦς
1182 2641 1420 2710 πολέμου
1449 2641 1557 2693 τῶν
1587 2641 1982 2712 πλησιοχώρων

401 2729 858 2802 ἐλευθερώσαντι,
891 2735 1100 2787 καὶτὸν
1129 2735 1256 2787 ναὸν
1287 2736 1382 2787 καὶ
1407 2735 1507 2804 τὴν
1534 2733 1684 2786 πόλιν
1715 2733 1984 2786 ἀνοικοδοο

406 2826 578 2892 μῆσαι
607 2823 771 2887 δόντι,
801 2827 897 2878 καὶ
927 2829 1207 2879 κατοικεῖν
1234 2826 1403 2890 ἀδεῶς
1423 2825 1548 2898 ἤδη,
1581 2827 1677 2880 καὶ
1700 2825 1979 2879 πολιτεύε-

404 2915 531 2970 σθαι
585 2919 968 2988 χαρισαμὲνῳ.
1010 2919 1215 2972 Λοιπὸν
1261 2921 1660 2990 εὐχαριστεῖτε,
1712 2918 1899 2988 φησιν,
1929 2919 1980 2971 οῖ

400 3008 602 3075 δοῦλοι,
635 3011 685 3062 οἱ
715 3011 1066 3080 θεράποντες.
1096 3009 1293 3074 Δοῦλος
1325 3011 1383 3064 δὲ
1437 3010 1571 3064 Θεοῦ
1600 3013 1630 3065 6
1660 3012 1980 3082 πειθόμενος

401 3103 514 3163 τοῖς
543 3103 964 3173 προστάγμασιν
998 3103 1190 3166 αὑτοῦ,
1223 3104 1316 3157 καὶ
1352 3103 1673 3172 θεραπεύων
1705 3103 1890 3158 αὐτόν.

2551 1900 2831 1956 Canticum
2869 1919 3204 1958 ascensuum.

2444 1997 2857 2053 PSALMUS
2917 2000 3303 2057 CXXXIII.

2158 2088 2322 2145 Vens.
2362 2092 2409 2146 l.
2447 2089 2582 2144 Ecce
2628 2109 2756 2145 sane
2809 2092 3096 2147 benedicite
3150 2095 3434 2149 Dominum
3485 2113 3663 2150 omne:

2083 2183 2218 2235 servi
2266 2180 2497 2235 Domini.
2549 2182 2770 2235 Cantica
2825 2186 3234 2252 ascensionum,
3269 2203 3365 2242 seu
3407 2191 3486 2257 (ut
3523 2189 3665 2244 dir-

2086 2273 2226 2342 lllllS)
2249 2290 2574 2328 ascensuum
2594 2277 2644 2328 in
2664 2277 2763 2331 hoc
2785 2279 2992 2346 psalmo
3010 2280 3168 2332 linem
3187 2282 3482 2352 accipiunt:
3503 2301 3662 2354 quem

2091 2364 2360 2433 Propheta
2395 2367 2446 2418 in
2481 2368 2777 2437 gratiarum
2837 2370 3112 2423 actionem
3160 2371 3413 2426 desinere
3468 2375 3658 2431 voluit.

2087 2456 2252 2511 Jubct
2282 2461 2426 2510 cnim
2480 2459 2566 2512 hic
2599 2461 2900 2529 condignas
2934 2460 3043 2516 Deo
3077 2464 3284 2530 gratias
3319 2465 3426 2532 agi,
3477 2468 3570 2534 qui
3609 2477 3664 2520 (ιι

2089 2550 2408 2618 captivitate
2438 2551 2695 2619 populum
2735 2551 3086 2627 liberaverat,
3122 2564 3177 2608 et
3233 2558 3279 2610 ei
3334 2559 3665 2624 prazstitera'.

2090 2649 2147 2695 ut
2180 2657 2276 2711 per
2308 2651 2390 2696 tot
2421 2642 2674 2698 inimicas
2701 2653 2890 2711 gentes
2939 2645 3144 2700 illzusus
3199 2659 3365 2717 atque
3409 2658 3560 2705 tutus
3609 2651 3662 2704 is:

2088 2737 2323 2806 patriam
2358 2737 2588 2804 rediret,
2632 2746 2685 2791 ct
2720 2739 2791 2792 ab
2839 2740 3078 2795 assiduis
3128 2741 3488 2798 ﬁnitimarum
3532 2760 3665 2816 gen-

2087 2827 2224 2882 tium
2285 2828 2444 2883 bellis
2499 2829 2845 2899 quiesceret;
2907 2832 2999 2900 qui
3059 2833 3223 2888 etiam
3279 2835 3555 2890 civitatem
3610 2849 3665 2894 ct

2091 2917 2351 2988 templum
2381 2934 2602 2974 rursum
2652 2919 2908 2975 aediﬁcari
2956 2925 3298 2992 permiserat,
3348 2926 3665 2998 feceratque

2090 3019 2150 3064 ut
2175 3012 2356 3067 securi
2378 3011 2489 3081 jam
2525 3027 3007 3082 conversarentur,
3044 3027 3210 3085 atque
3246 3019 3558 3076 habitarent
3607 3022 3661 3075 in

2085 3108 2287 3176 patria.
2346 3107 2419 3162 De
2475 3117 2676 3164 extero
2724 3111 2896 3178 enim,
2955 3113 3157 3184 inquit,
3189 3130 3285 3169 vos
3326 3130 3360 3170 ο
3411 3117 3554 3171 servi
3609 3129 3666 3171 et

403 3200 647 3253 cultores
677 3197 792 3263 Dei,
825 3195 1128 3267 condignas
1177 3197 1290 3252 Deo
1322 3197 1531 3267 gratias
1573 3196 1736 3264 agite.
1775 3196 1980 3253 Servus
2012 3206 2194 3254 autem
2274 3199 2372 3256 Dei
2439 3202 2665 3266 dicitur,
2719 3204 2814 3274 qui
2875 3221 2996 3260 eum
3059 3208 3208 3274 colit,
3263 3218 3428 3280 atque
3513 3209 3666 3266 illius

402 3306 556 3359 paret
583 3292 874 3347 mandatis.

477 3390 540 3444 Οἱ
590 3381 853 3449 ἑστῶτες
879 3383 950 3436 ἐν
977 3382 1126 3451 οἴκῳ
1171 3383 1419 3452 Κυρίου,
1460 3383 1530 3437 ἐν
1560 3383 1777 3450 αὐλαῖς
1809 3383 1981 3438 οικου

2159 3383 2265 3450 Qui
2293 3383 2448 3438 statis
2479 3383 2535 3436 in
2572 3385 2728 3437 donto
2776 3383 3015 3450 Domini,
3042 3387 3095 3439 in
3138 3387 3278 3441 aulis
3331 3388 3518 3442 domus
3567 3389 3668 3444 Del

409 3481 558 3534 Θεοῦ
607 3476 794 3547 ἡμῶν.
851 3477 913 3528 Οἱ
962 3475 1152 3529 λοιπὸν
1183 3476 1420 3538 ἑστῶτες
1443 3475 1502 3530 ὲν
1528 3477 1607 3548 τῷ
1635 3475 1770 3546 ναῷ,
1799 3479 1848 3530 οἱ
1877 3477 1986 3530 ἀπὸ

403 3567 500 3621 τοῦ
531 3565 625 3618 νῦν
659 3564 1032 3636 εἰσερχόμενοι
1057 3565 1472 3633 ἀπαρτισθέντι,
1511 3568 1607 3618 καὶ
1653 3566 1986 3621 ἀπολαϐόντι

406 3658 504 3714 καὶ
533 3657 631 3727 τὴν
666 3656 1006 3726 εὐπρέπειαν
1033 3657 1128 3711 καὶ
1159 3657 1259 3719 τὴν
1289 3656 1551 3726 λατρείαν
1585 3655 1772 3710 αὑτοῦ.

494 3847 591 3900 Ἐν
645 3843 776 3911 ταῖς
817 3843 998 3910 νυξὶν
1028 3844 1290 3913 ἐπάρατε
1333 3843 1442 3909 τὰς
1479 3844 1684 3912 χεῖρας
1710 3842 1878 3913 ὑμῶν
1901 3843 1991 3910 εις

409 3937 482 3990 τὰ
524 3937 681 4008 ἅγια,
714 3936 816 3990 καὶ
875 3935 1184 4003 εὐλογεῖτε
1214 3935 1322 3987 τὸν
1362 3937 1606 4003 Κύριον.
1651 3934 1746 4004 Μὴ
1777 3936 1876 4004 τὴν
1898 3936 1988 3987 νύ-

413 4050 516 4085 κτα
544 4035 726 4086 πᾶσαν
753 4033 832 4093 εἰς
859 4027 1030 4083 ῦπνον
1062 4025 1368 4092 δαπανᾶτε,
1401 4027 1538 4082 ἀλλὰ
1574 4031 1670 4082 καὶ
1713 4029 1771 4078 ὲν
1816 4027 1990 4096 ταύτῃ

412 4125 654 4195 ἐπάρατε
687 4126 782 4187 τὰς
813 4125 1002 4192 χεῖρας
1035 4120 1189 4191 ὑμῶν
1245 4121 1325 4185 εἰς
1351 4121 1420 4174 τὰ
1453 4119 1629 4188 Ἀγια
1662 4119 1771 4170 τῶν
1795 4117 1987 4184 ἁγίων,

412 4217 548 4267 ὅπου
587 4215 614 4265 ὁ
645 4214 776 4276 θεὸς
813 4215 1096 4271 κατοικεῖν
1123 4210 1345 4282 ἐλέγετο
1363 4211 1452 4265 διὰ
1476 4211 1573 4281 τὴν
1602 4211 1781 4262 ἐκεῖσε
1805 4209 1985 4278 χάριν·

417 4306 508 4363 καὶ
535 4306 835 4379 εὐφημεῖτε
873 4307 962 4360 τὸν
987 4306 1142 4372 Θεὸν,
1166 4307 1222 4359 ἐν
1247 4308 1369 4366 ταῖς
1399 4303 1518 4369 νυξὶ
1543 4301 1760 4370 μᾶλλον,
1779 4303 1867 4353 ὃῖε
1899 4302 1989 4352 καὶ

415 4403 749 4472 κουφότερος
783 4405 810 4454 ὁ
841 4401 988 4465 νοῦς.
1045 4400 1139 4453 καὶ
1187 4397 1390 4450 πλείων
1429 4397 1460 4466 ἡ
1517 4394 1713 4464 σχολή*
1746 4393 1795 4446 εἰ
1846 4392 1903 4445 δὲ
1934 4394 1992 4444 ὲν

415 4497 572 4548 νυκτὶ
628 4493 1034 4560 παραγίνεσθαι
1103 4490 1241 4560 πρὸς
1301 4487 1392 4541 τὸν
1453 4487 1580 4540 ναὸν
1636 4485 1846 4540 κελεύει
1893 4485 1992 4555 τῆς

413 4582 603 4651 κλίνης
634 4582 1054 4648 ἀνισταμένους,
1099 4580 1257 4641 ποίας
1298 4575 1548 4640 τεύξεται
1599 4575 1929 4646 συγγνώμης
1964 4575 1992 4626 6

421 4671 559 4742 μηδὲ
591 4673 733 4725 οἴκοι
753 4672 894 4724 κατὰ
924 4671 1016 4723 τὸν
1045 4672 1239 4738 καιρὸν
1269 4672 1460 4725 τοῦτον
1493 4670 1658 4740 εὐχὰς
1688 4666 1988 4732 inirem»);

416 4760 551 4818 Εἶτα
585 4764 948 4835 ὑπερεύχεται
979 4763 1076 4816 τοῦ
1105 4763 1258 4819 λαοῦ.

490 5044 837 5112 εὐλογῆσαι
869 5058 942 5096 σε
970 5041 1184 5108 Κύριος
1211 5039 1278 5092 ἐκ
1317 5038 1490 5102 Σιὼν,
1531 5040 1564 5091 ό
1591 5035 1854 5103 ποιήσας
1885 5033 1992 5087 τὸν

419 5137 680 5204 οὐρανὸν
716 5136 816 5188 καὶ
861 5137 974 5203 τὴν
998 5132 1134 5204 γῆν.
1169 5131 1399 5201 Εἴρηται
1434 5129 1566 5200 περὶ
1604 5127 1794 5180 τούτου
1824 5129 1882 5178 ὲν
1913 5125 1990 5194 τῷ

423 5229 541 5300 ρκζν
599 5228 823 5300 ψαλμῷ,
893 5229 988 5282 καὶ
1046 5220 1202 5290 οὗτος
1262 5225 1318 5278 δὲ
1372 5225 1402 5276 6
1462 5221 1676 5292 ψαλμὸς
1735 5219 1992 5290 ἁρμόδιος

418 5322 576 5376 πᾶσι.

1022 5411 1410 5477 Ἀλληλούὶα.

949 5504 1243 5558 ΨΑΛΜΟΣ
1309 5500 1477 5555 ΡΛΔ’.

492 5601 814 5674 Εῖρήκαμεν
836 5597 1198 5670 προλαϐόντες
1223 5598 1306 5650 ὅτι
1332 5595 1462 5663 εὐχα
1475 5591 1741 5664 ριστὴριοι
1763 5584 1993 5658 ψαλμοὶ,

418 5695 678 5770 τοιαύτην
700 5697 858 5767 ἔσχον
892 5693 1229 5764 ἐπιγραφήν.

2025 4747 2072 4802 D

2090 3475 2284 3529 nostri.
2328 3471 2457 3539 Vos,
2497 3473 2744 3543 inquam,
2784 3475 2893 3530 Deo
2927 3477 3254 3540 benedicite,
3302 3479 3396 3548 qui
3443 3483 3668 3538 assidue

2090 3564 2145 3616 in
2200 3563 2403 3632 templo
2455 3565 2904 3631 connnoramini,
2967 3567 3056 3636 qui
3114 3569 3374 3636 templum
3422 3585 3452 3624 a
3505 3574 3667 3627 modo

2090 3655 2414 3726 perlectum,
2447 3672 2660 3727 suoque
2727 3658 2927 3713 decore
2978 3669 3034 3714 et
3082 3660 3233 3714 cultu
3283 3661 3396 3730 jam
3445 3675 3670 3736 recepto

2090 3748 2469 3818 ingredimini.

2168 3842 2410 3897 \‘sas.2.
2447 3840 2510 3896 In
2542 3843 2780 3897 noctibus
2829 3844 3064 3899 extollit:
3115 3863 3305 3901 manus
3355 3859 3554 3904 vestras
3612 3856 3668 3904 in

2091 3941 2298 3997 sancta,
2325 3941 2373 3985 et
2403 3933 2690 3986 benedicite
2730 3934 3034 3987 Dominum.
3065 3932 3266 3999 Nolite,
3295 3938 3494 4006 inquit,
3543 3940 3670 3992 uni-

2093 4039 2306 4077 versam
2341 4033 2560 4078 noctem
2597 4039 2792 4080 somno
2826 4026 3080 4094 perdere,
3120 4028 3214 4083 sed
3250 4029 3304 4082 in
3344 4045 3432 4094 ea,
3475 4046 3668 4085 manus

2093 4129 2304 4170 vestras
2333 4115 2398 4168 ad
2438 4113 2636 4171 Saneta
2670 4128 2987 4172 sanctorum
3009 4121 3276 4183 cxtollite,
3315 4122 3409 4176 ubi
3445 4133 3670 4192 propter

2092 4208 2335 4262 divinam
2399 4210 2543 4262 illam
2603 4210 2863 4280 gratiam,
2917 4228 3035 4281 quae
3085 4213 3200 4282 illic
3224 4225 3365 4279 erat,
3417 4214 3669 4269 habitare

2094 4298 2235 4354 Deus
2267 4300 2550 4356 dicebatur
2587 4319 2602 4368 ;
2632 4311 2796 4372 atque
2826 4304 2881 4357 in
2919 4305 3176 4358 noctibus
3199 4306 3468 4375 prmcipue
3497 4305 3665 4360 Deum

2096 4395 2335 4460 laudate,
2367 4394 2589 4464 quando
2636 4411 2791 4452 mens
2820 4412 2847 4450 a
2901 4397 3373 4454 sollicitudinibus
3419 4409 3474 4452 et
3520 4399 3671 4452 curis

2096 4485 2269 4556 magis
2299 4500 2469 4538 vacua
2507 4492 2611 4550 est,
2638 4486 2861 4554 quando
2897 4487 3052 4541 vobis
3085 4488 3260 4558 majus
3290 4489 3463 4543 otium
3491 4490 3669 4545 adest.

2097 4573 2255 4641 Quod
2293 4573 2338 4630 si
2368 4587 2536 4628 noctu
2559 4588 2654 4628 eos
2677 4573 2832 4642 jubet
2864 4590 2894 4630 e
2936 4575 3079 4630 lecto
3107 4593 3356 4645 surgere,
3391 4588 3557 4649 atque
3617 4583 3670 4632 in

2097 4665 2358 4734 templum
2413 4666 2699 4732 accedere,
2753 4681 3048 4736 quamnam
3111 4685 3352 4739 unquam
3386 4671 3600 4725 veniam
3638 4671 3674 4725 ii

2101 4767 2508 4829 consequentur
2538 4759 2630 4828 qui
2672 4771 2921 4828 tempore
2963 4761 3077 4826 illo,
3116 4777 3294 4831 neque
3333 4763 3498 4818 etiam
3527 4762 3672 4816 domi

2101 4847 2169 4901 ad
2204 4862 2418 4917 preces,
2439 4861 2620 4916 neque
2651 4848 2716 4902 ad
2737 4850 3042 4905 orationem
3071 4850 3451 4921 consurgunt?
3477 4849 3677 4908 Deinde

2100 4950 2253 5010 rogat
2283 4955 2382 5009 pro
2417 4940 2619 5009 papula
2661 4942 2850 4996 dicens
2884 4957 2900 4998 :

2169 5029 2339 5086 Vsus.
2373 5033 2427 5085 '5.
2463 5030 2746 5086 Benedicat
2802 5035 2899 5086 tibi
2948 5033 3208 5088 Dominus
3257 5047 3322 5085 ea:
3375 5031 3528 5098 Sion,
3585 5037 3676 5102 qui

2098 5125 2223 5192 fecit
2258 5125 2443 5177 caelum
2480 5135 2526 5177 et
2569 5134 2787 5178 terram.
2828 5126 2900 5179 De
2929 5125 3305 5194 hujuscemodi
3336 5127 3515 5180 verbis
3545 5127 3672 5181 alibi

2100 5218 2266 5270 etiam
2307 5218 2513 5270 dictum
2564 5230 2670 5284 cst,
2721 5219 3052 5273 videlicctin
3092 5221 3302 5288 psalmo
3338 5235 3540 5272 cxxvu.
3579 5219 3674 5274 llic

2102 5309 2346 5377 psalmus
2373 5318 2634 5377 praetcrea
2667 5311 2926 5364 omnibus
2959 5317 3141 5378 potest
3171 5309 3601 5364 accommodari.

2755 5401 3009 5454 Alleluia.

2567 5490 2888 5547 PSALMUS
2923 5491 3212 5547 CXXXIV.

2172 5589 2291 5643 Jam
2327 5589 2379 5641 in
2431 5586 2807 5654 superioribus
2839 5583 3048 5639 dictum
3096 5593 3203 5651 est,
3255 5584 3402 5655 quod
3452 5585 3670 5655 psalmi,

2105 5681 2198 5750 qui
2237 5676 2625 5747 hujuscemodi
2661 5675 2868 5730 habent
2917 5675 3337 5746 inscriptionem
3366 5674 3671 5747 gratiarum

2075 5765 2352 5828 actiones
2381 5770 2689 5825 continent.
