4112 6414
429 351 560 417 1231

1668 352 2053 413 EUTllYMll
2086 353 2446 413 ZlGABENI

3548 348 3691 416 1232

490 463 658 518 Vsus.
703 464 754 517 l.
799 463 1041 518 Laudate
1063 477 1248 516 nomen
1276 458 1508 522 Domini.
1558 460 1799 525 laudate,
1841 461 1992 516 serui.

2174 461 2404 515 Αἰνεῖτε
2435 468 2493 515 τὸ
2527 462 2711 530 ὄνομα
2757 462 2997 529 Κυρίου,
3038 461 3277 526 (κινεῖτε,
3304 461 3535 527 δοῦλοι,
3576 466 3699 520 Κύ-

418 559 724 613 Dominum.
756 557 828 612 De
860 557 945 612 his
976 555 1158 617 verbis
1184 554 1425 607 diximus
1460 552 1516 605 in
1551 554 1761 622 psalmo
1793 567 1888 605 cn.

493 652 661 706 Vnus.
702 649 759 703 2.
802 648 903 714 Qui
932 649 1088 703 statis
1122 649 1174 701 in
1200 646 1356 700 duino
1391 645 1624 709 Domini,
1656 646 1707 698 in
1740 644 1881 700 aulis
1907 645 1974 697 do

419 759 535 797 mus
572 742 667 796 Dei
701 742 891 796 nostri.
945 722 1071 795 llazc
1122 739 1285 793 verba
1328 738 1395 791 ad
1441 751 1676 807 unguem
1728 736 2002 791 habentur

421 837 475 889 in
511 836 760 905 proxime
785 831 1113 904 priecedenti
1130 831 1365 900 psalmo,
1390 829 1479 882 ubi
1510 843 1572 883 ea
1602 828 2001 898 exposuimus:

419 944 609 983 verum
668 926 758 980 hic
811 941 920 979 non
980 926 1305 980 universum
1364 922 1628 992 populum
1700 922 2005 990 alloquitur

342 1018 347 1024 ’
420 1020 716 1090 Propheta,
772 1019 864 1073 sed
917 1032 1013 1071 eos
1065 1018 1158 1086 qui
1223 1017 1277 1069 in
1331 1014 1595 1084 templum
1656 1011 2005 1083 frequentius

335 1122 341 1129 ‘
420 1112 775 1187 accedebant.
817 1111 947 1177 Vos,
984 1094 1181 1178 inquit,
1220 1108 1313 1178 qui
1345 1112 1503 1162 statis
1537 1108 1591 1160 in
1637 1106 1862 1175 templo,
1889 1105 2007 1158 lau-

419 1207 546 1260 date
587 1206 791 1284 υοιιιιι.ι
833 1202 904 1258 lis
936 1203 1164 1264 etenim.
1200 1201 1293 1271 qui
1329 1202 1383 1253 in
1426 1199 1630 1269 templo
1663 1213 1771 1252 non
1810 1212 2002 1252 mane—

420 1299 574 1362 bant,
610 1314 718 1353 non
752 1278 950 1352 licebat
981 1295 1147 1351 Deum
1181 1294 1429 1355 laudare,
1459 1304 1641 1359 neque
1666 1289 1776 1343 alio
1804 1290 1858 1343 in
1883 1289 2005 1343 loco

2006 600 2009 607 .
2098 570 2253 621 pler.
2295 555 2521 622 Εἴρηται
2556 556 2684 623 περὶ
2716 555 2904 607 τούτου
2960 550 3016 607 ἔν
3042 554 3119 624 τῷ
3152 553 3232 625 ρβ¹
3262 554 3485 625 ψαλμῷ.

2173 648 2238 697 01
2279 643 2538 711 ἑστῶτες
2584 645 2653 698 ἐν
2687 644 2832 712 οἴκῳ
2876 645 3120 713 Κυρίου,
3163 650 3230 699 ἐν
3272 647 3491 713 αὐλαῖς
3525 649 3699 704 οἴκου

2108 736 2257 789 Θεοῦ
2308 735 2496 805 ἡμῶν.
2560 737 2789 806 Εἴρηται
2844 738 2902 789 ἐν
2954 736 3032 806 τῷ
3072 738 3402 806 προ)αδόντι
3450 739 3694 811 ψαλμῷ’

2108 828 2247 880 ἀλλὰ
2280 829 2373 880 καὶ
2401 829 2497 880 νῦν
2527 846 2590 881 πε
2601 829 2654 899 pi.
2681 830 2791 881 τῶν
2830 829 3092 881 ἑκάστοτε
3127 831 3440 900 φοιτώντων
3486 835 3567 895 είς
3606 834 3699 885 τὸν

2109 919 2235 970 νειὸν
2293 918 2672 987 διαλαμϐάνει.
2701 920 2933 983 Αἰνεῖτε,
2969 919 3155 988 φησιν,
3179 920 3228 972 οἱ
3257 920 3495 983 ἑστῶτες
3535 923 3593 973 ἐν
3618 923 3697 992 τῷ

2108 1009 2219 1079 ναῷ
2252 1026 2263 1037 ·
2296 1014 2411 1074 τοῖς
2439 1013 2548 1082 γάρ
2577 1011 2651 1081 μὴ
2685 1011 2915 1065 ἑστῶσιν
2944 1013 3002 1063 ὲν
3036 1011 3213 1082 τούτῳ
3244 1014 3343 1065 οὐκ
3375 1011 3501 1082 ἐξῆν
3531 1014 3702 1083 ὑμνο-

2109 1103 2289 1173 λογεῖν
2341 1104 2530 1170 αὑτὸν,
2579 1104 2704 1157 οὐδὲ
2737 1104 2910 1173 ἑτέρῳ
2945 1103 3099 1174 τόπῳ
3147 1104 3569 1176 προσεύχεσθαι,
3612 1108 3701 1160 ἵνα

2107 1198 2201 1251 τὸν
2235 1198 2365 1251 ναὸν
2417 1201 2510 1252 καὶ
2529 1200 2596 1253 τὰ
2624 1202 2682 1253 ἐν
2705 1200 2857 1271 αὐτῷ
2881 1199 3191 1285 βλέποντες,
3230 1200 3304 1271 μὴ
3333 1200 3699 1255 ἐπιλάθωνται

2110 1304 2245 1340 ποτε
2275 1288 2369 1342 τοῦ
2404 1289 2567 1343 Θεοῦ.

422 1394 486 1448 ad
522 1394 689 1447 Deum
726 1405 927 1445 orare:
971 1403 1036 1443 ea
1084 1388 1343 1442 nimirum
1382 1386 1596 1439 ratione
1640 1391 1701 1437 ut
1736 1380 2003 1451 templum
2029 1390 2343 1447 cernentes,
2393 1390 2559 1453 atque
2603 1398 2666 1438 ea
2728 1400 2851 1456 qua:
2901 1395 3060 1443 erant
3106 1387 3161 1441 in
3226 1388 3449 1458 templo,
3501 1385 3702 1441 divinae

420 1486 730 1559 maiestatis
757 1499 1038 1555 nunquam
1072 1483 1563 1538 obliviscerentur.

492 1582 658 1637 Vens.
698 1580 752 1633 5.
794 1575 1037 1647 Laudale
1069 1574 1374 1639 Dominum,
1411 1572 1666 1643 quoniam
1713 1572 1878 1624 bonus
1925 1578 2002 1623 est

432 1674 702 1729 Dominus.
749 1669 1020 1735 Quoniam
1059 1667 1403 1732 misericors,
1449 1679 1511 1718 ac
1559 1660 2001 1719 beneficentissi-

422 1784 542 1820 mus
568 1775 653 1819 est
685 1763 738 1816 in
774 1775 1005 1815 omnes:
1046 1758 1143 1814 sed
1176 1758 1230 1811 in
1267 1758 1393 1811 illos
1419 1756 1722 1826 praesertim
1752 1753 1846 1822 qui
1871 1767 1997 1809 eum

419 1857 665 1912 laudant.

486 1946 719 2001 Psallite
745 1942 946 1999 nomini
983 1942 1118 2011 ejus,
1143 1938 1397 2011 quoniam
1426 1936 1707 2007 pulchrum
1733 1944 1834 1990 est.
1868 1933 1988 1989 Pul-

417 2040 612 2094 chrum
656 2048 741 2091 est
774 2032 827 2089 ei
872 2022 1134 2104 psallere.
1165 2030 1241 2084 Ex
1280 2031 1508 2101 psalmis
1538 2018 1741 2083 etenim
1772 2034 1828 2082 et
1868 2041 2000 2081 can-

416 2129 564 2194 ticis,
605 2124 917 2181 divinorqu
965 2113 1281 2193 dogmatum
1325 2118 1705 2176 excellentiam
1760 2115 1998 2172 addisci-

416 2238 561 2277 mus.
609 2218 812 2274 Psalmi
845 2217 1012 2272 etiam
1043 2223 1097 2271 et
1143 2215 1357 2270 cantica
1392 2211 1754 2284 psallentium
1787 2218 1998 2264 mentes

417 2312 753 2385 protendunt
783 2310 849 2363 ad
908 2309 1104 2374 Deum,
1164 2308 1441 2360 humanos
1496 2302 1729 2359 aﬂcctus
1776 2299 1993 2365 sedant,

414 2408 656 2460 animam
694 2414 861 2458 cantu
890 2402 1189 2463 delectant,
1219 2407 1274 2454 et
1307 2413 1433 2452 cum
1464 2395 1835 2451 delectatione
1863 2408 1996 2449 con-

410 2501 656 2570 junctam
687 2510 908 2567 quoque
939 2493 1227 2547 utilitatem
1260 2486 1675 2545 aﬂ'et'uut.Vide
1696 2504 1818 2559 qua:
1848 2488 1996 2542 dicta

413 2590 524 2643 sint
550 2589 602 2641 in
638 2586 846 2657 psalmo
871 2600 926 2639 ix
958 2584 1013 2637 in
1048 2598 1114 2638 eo
1146 2574 1458 2638 versiculo:
1506 2580 1749 2635 Psallam
1794 2578 1997 2633 nomini

415 2694 525 2742 tuo,
558 2677 861 2733 Altissime.

486 2792 649 2847 Vnus.
690 2791 744 2844 4.
803 2787 1064 2853 Quoniam
1119 2785 1285 2840 Jarob
1335 2785 1494 2858 elegit
1546 2786 1650 2839 sibi
1704 2783 1993 2838 Dominus.

412 2885 680 2951 Quoniam
716 2881 981 2936 Dominus
1011 2896 1080 2936 ex
1105 2879 1365 2936 omnibus
1425 2876 1746 2933 nationibus
1774 2875 1996 2932 Israeli-

410 2974 581 3034 ticuiu
614 2976 718 3032 sibi
752 2974 1017 3046 populum
1051 2974 1236 3049 elegit,
1288 2988 1352 3041 ac
1380 2971 1486 3028 sibi
1518 2972 1787 3042 reposuit,
1822 2967 1994 3024 veluti

409 3084 533 3126 eum
563 3054 820 3139 populum
854 3082 883 3120 a
912 3082 1022 3137 quo
1053 3066 1175 3121 solo
1208 3066 1504 3121 coleretur.

480 3182 661 3247 Israel
707 3183 759 3247 in
794 3181 1057 3251 peculium
1089 3180 1215 3235 sibi.
1250 3178 1522 3248 Populum
1552 3175 1870 3234 Iudaeorum
1900 3179 1995 3236 de-

407 3277 765 3333 scendentem
797 3294 861 3331 ex
907 3272 1101 3342 Jacob,
1157 3272 1362 3342 duplici
1412 3273 1638 3328 nomine
1676 3273 1993 3343 appellavit.

404 3368 577 3424 Jacob
593 3369 852 3423 nimirum
875 3377 927 3423 et
954 3366 1125 3421 Israel
1149 3383 1164 3421 :
1195 3365 1658 3435 quemadmodum
1689 3366 1808 3435 ipse
1827 3367 1992 3422 etiam

407 3464 720 3533 patriarcha
764 3460 932 3518 Jacob
969 3472 1203 3530 utroque
1240 3462 1344 3516 hoc
1398 3462 1621 3515 nomine
1662 3460 1766 3516 fuit
1798 3464 1991 3533 appel-

408 3557 571 3611 latus.
620 3553 911 3621 Eumdem,
945 3552 1145 3621 inquit,
1180 3552 1442 3621 populum
1491 3552 1658 3623 elegit
1708 3544 1815 3609 sibi
1846 3554 1989 3609 Deus

407 3648 464 3702 in
498 3648 895 3710 lmreditatem,
926 3654 1093 3713 atque
1129 3644 1184 3697 in
1217 3653 1465 3708 sortem;
1497 3655 1546 3699 et
1587 3645 1710 3698 ideo
1740 3646 1984 3713 peculia-

412 3755 523 3792 rem
559 3739 819 3809 populum
874 3736 1025 3790 illum
1060 3750 1306 3805 persaepe
1342 3736 1659 3805 appellarit,
1708 3752 1770 3792 ea
1824 3730 1988 3792 nimi-

2174 1563 2408 1619 Ᾱινεῖτε
2442 1566 2550 1619 τὸν
2600 1564 2841 1634 Κύριον,
2904 1565 2991 1619 ὅτι
3023 1567 3244 1637 ἀγαθὸς
3290 1567 3522 1632 Κύριος.
3574 1566 3698 1621 Ὅτι

2107 1658 2515 1730 φιλάνθρωπος,
2547 1658 2626 1712 ὅτι
2647 1659 3169 1730 εύεργετικώτατος,
3197 1662 3293 1714 καὶ
3324 1659 3561 1729 μάλιστα
3584 1662 3698 1722 τοῖς

2107 1750 2357 1805 αἰνοῦσιν
2387 1751 2572 1805 αὐτόν.

2182 1930 2422 1990 Ψὰλατε
2448 1936 2527 2002 τῷ
2554 1937 2802 2013 ὀνόματι
2823 1918 3034 2004 αὐτοῦ,
3069 1938 3160 1993 ὅτι
3195 1938 3406 1993 καλόν.
3443 1939 3563 1992 Ὅτι
3596 1956 3698 1991 κα-

2107 2026 2197 2081 λὸν
2230 2027 2290 2081 τὸ
2320 2028 2548 2098 ψάλλειν
2573 2029 2723 2101 αὐτῷ
2744 2045 2759 2061 ⁸
2809 2030 3130 2085 παιδεύουσι
3171 2031 3280 2101 γὰρ
3309 2031 3367 2085 αί
3405 2030 3542 2100 ᾠδαὶ
3571 2031 3698 2099 δογ-

2105 2120 2293 2187 μάτων
2322 2120 2637 2199 ἁκρίϐειαν,
2672 2122 2765 2177 καὶ
2793 2110 3033 2178 τείνουσι
3058 2126 3152 2178 τὶν
3180 2125 3304 2179 νοῦν
3338 2124 3434 2179 τοῦ
3461 2125 3698 2195 ψάλλον-

2103 2230 2191 2277 τος
2235 2213 2372 2283 πρδς
2409 2214 2503 2268 τὸν
2536 2214 2692 2281 Θεὸν,
2752 2216 2848 2270 καὶ
2898 2216 3211 2288 κοιμίζουσι
3265 2224 3332 2273 τὰ
3388 2218 3562 2291 πάθη,
3599 2219 3697 2272 καὶ

2098 2302 2357 2375 ἡδύνουσι
2416 2308 2517 2378 τὴν
2547 2306 2727 2381 ψυχὴν
2756 2307 2834 2379 τῷ
2885 2309 3067 2379 μέλει,
3102 2311 3197 2363 καὶ
3228 2311 3366 2381 μετὰ
3394 2311 3496 2381 τῆς
3546 2310 3696 2380 ὠφε-

2097 2393 2250 2458 λείας
2300 2395 2486 2467 ἔχουσι
2509 2399 2605 2452 καὶ
2635 2397 2698 2451 τὸ
2740 2401 2998 2469 τερπνόν.
3036 2402 3282 2472 Ζήτησον
3328 2402 3422 2456 καὶ
3454 2404 3513 2456 ἐν
3546 2401 3622 2472 τῷ
3651 2403 3697 2454 (ι’

2095 2484 2297 2558 ψαλμῷ
2327 2490 2422 2559 τὴν
2466 2490 2730 2562 ἐξήγησιν
2774 2491 2892 2559 τοῦ,
2927 2491 3109 2547 Ψαλὼ
3144 2492 3226 2559 τῷ
3257 2478 3505 2564 όνόμὶιτι
3549 2512 3691 2560 σου,

2101 2579 2122 2599 ⁸
2138 2580 2384 2648 Υψιστε.

2178 2785 2304 2840 Ὅτι
2336 2786 2443 2841 τὸν
2500 2786 2715 2863 Ἰακὼβ
2757 2788 3085 2854 ἐξελέξατο
3130 2788 3324 2854 ἐαυτῷ
3358 2792 3391 2844 ὀ
3437 2788 3677 2858 Κύριος.

2102 2878 2227 2939 Ὀτι
2286 2878 2379 2932 τὸν
2444 2879 2790 2952 ’ῐσραηλίτην
2838 2881 2970 2935 λαὸν
3000 2883 3064 2935 ὲκ
3104 2882 3325 2936 πάντων
3354 2882 3465 2936 τῶν
3518 2883 3693 2938 ἐθνῶν

2097 2969 2408 3045 ἐξελέξατο,
2443 2973 2535 3025 καὶ
2561 2971 2834 3043 ἀνέθηκεν
2878 2973 3061 3044 ἑαυτῷ
3091 2972 3170 3037 ὡς
3210 2972 3375 3044 μόνον
3401 2974 3552 3045 αύτῷ
3585 2975 3685 3028 λα-

2096 3080 2189 3135 τρε
2200 3064 2385 3120 ύονται

2184 3179 2428 3250 Ἰσραὴλ
2452 3182 2543 3245 εις
2572 3180 3056 3252 περιουσιασμόν
3092 3181 3307 3249 ἐαυτῷ.
3346 3181 3450 3237 Τὸν
3476 3182 3534 3249 ἐξ
3582 3183 3691 3237 Ἰαο

2100 3272 2216 3326 κὼὸ
2241 3272 2370 3326 λαὸν
2404 3268 2565 3325 καλεῖ
2587 3272 2690 3324 καὶ
2738 3272 2957 3343 Ἰσραήλ
2979 3288 2992 3304 ο
3023 3274 3311 3345 ἀμφότερα
3342 3268 3453 3345 γὰρ
3495 3275 3525 3327 ὁ
3584 3275 3689 3329 Ἰαε-

2102 3365 2221 3421 κὼσ
2271 3362 2613 3434 ὠνομάζετο.
2689 3364 2792 3418 Τὸν
2835 3365 3020 3433 αὑτὸν,
3062 3366 3247 3439 φησῖν,
3286 3363 3569 3433 ἐξελέξατο
3611 3369 3690 3430 τίς

2101 3455 2539 3529 περιουσιασμὸν
2573 3456 2776 3527 ἑαυτῷ,
2802 3460 2882 3521 εἰς
2910 3450 3115 3529 κλῆρον
3136 3477 3149 3490 ·
3179 3451 3260 3513 διδ
3307 3459 3402 3513 καὶ
3431 3459 3557 3513 λαὸν
3589 3472 3691 3512 πεο

2101 3550 2342 3620 ριούσιον
2360 3551 2807 3621 προσηγόρευσεν
2829 3551 3014 3614 αὑτὸν,
3043 3536 3213 3622 ἤγουν
3243 3551 3318 3616 ὡς
3341 3550 3693 3624 περιουσίαν,

2097 3641 2174 3705 ὥς
2202 3641 2433 3695 πλοῦτον
2459 3641 2837 3710 λογιζόμενον,
2870 3642 2966 3694 καὶ
3005 3644 3395 3713 στερνόιιενον,
3424 3638 3521 3698 καὶ
3567 3640 3686 3696 ἔπι·

2103 3734 2326 3804 μελείας
2356 3732 2510 3796 ἁξιού
2518 3748 2701 3801 μενον.

410 3847 529 3887 rum
560 3832 792 3894 ratione,
828 3827 1114 3898 quodnon
1164 3841 1327 3883 secus
1356 3827 1506 3881 illum
1568 3834 1805 3893 amaret,
1883 3820 2215 3898 summoque
2262 3822 2451 3880 studio
2503 3822 2836 3889 custodiret.
2907 3816 3072 3894 quam
3122 3812 3343 3881 divitias
3423 3812 3689 3896 quasdam

407 3924 823 3994 nonvulgarcs.
873 3930 929 3976 et
986 3919 1259 3991 peculium
1315 3919 1591 3990 quoddam
1645 3920 2132 4003 pretiosissimum.

476 4040 645 4095 Vens.
686 4039 739 4093 5.
785 4036 1053 4102 Quoniam
1088 4050 1181 4106 ego
1225 4039 1443 4106 cognovi
1474 4036 1614 4103 quod
1646 4052 1868 4108 magnus
1915 4048 1989 4115 est

406 4135 688 4191 Dominus.
734 4129 876 4187 Ecce
923 4129 1070 4200 quod
1104 4126 1266 4184 aliam
1300 4130 1502 4185 divinae
1553 4130 1732 4185 laudis
1760 4146 1986 4187 causam

408 4223 657 4295 apponit,
708 4220 945 4276 dicens:
988 4222 1262 4288 Quoniam
1291 4235 1392 4292 ego
1429 4222 1668 4292 amplius
1700 4238 1863 4292 quam
1895 4238 1991 4277 vos

405 4316 677 4389 cognovi;
711 4315 816 4380 vel,
846 4314 973 4385 quia
1009 4314 1060 4367 id
1087 4312 1443 4369 exactissime
1477 4314 1628 4377 novi,
1677 4314 1822 4384 quod
1876 4312 1988 4366 Do-

404 4412 587 4465 minus
621 4423 853 4478 magnus
881 4417 989 4461 est.
1021 4405 1267 4476 Cugnovi
1300 4417 1485 4460 autem
1516 4404 1566 4460 id
1596 4420 1625 4460 a
1658 4406 1842 4459 divina
1863 4416 1987 4475 gra-

406 4503 500 4565 tia,
533 4511 585 4555 ct
615 4499 743 4570 quia
774 4499 919 4553 illius
951 4496 1141 4569 opera,
1172 4498 1341 4551 multa
1373 4490 1497 4552 cuin
1537 4496 1830 4565 prudentia
1856 4510 1989 4548 con-

404 4592 661 4648 sideravi.

478 4706 544 4760 Et
567 4691 825 4760 Dominus
853 4714 1029 4759 noster
1081 4720 1190 4773 pra:
1215 4692 1458 4757 omnibus
1493 4703 1618 4756 diis.
1659 4700 1757 4756 llic
1796 4702 1841 4756 si
1869 4704 1992 4773 qui-

403 4802 525 4856 dem
574 4808 707 4864 est;
742 4798 818 4852 illi
866 4812 997 4853 vero
1049 4788 1156 4850 non
1190 4804 1338 4850 sunt.
1376 4780 1472 4848 llic
1504 4795 1669 4850 etiam
1712 4810 1839 4849 vere
1880 4780 1989 4849 Do-

404 4872 618 4961 mi‘nus;
652 4892 727 4946 illi
761 4878 944 4945 autem
982 4903 1089 4943 non
1123 4904 1251 4943 vere
1286 4888 1379 4959 dii.
1415 4886 1550 4942 Nam
1581 4900 1635 4943 et
1669 4889 1717 4944 sl
1764 4903 1988 4959 compa-

404 4987 639 5040 rationis
681 4984 868 5047 verba,
925 4982 1041 5038 haec
1095 4995 1221 5035 esse
1269 4966 1581 5046 videantur,
1634 4995 1745 5035 non
1798 4988 1982 5036 tamen

405 5080 572 5133 falsos
602 5068 735 5131 deos
767 5090 897 5131 vero
935 5075 1047 5131 Deo
1085 5060 1428 5142 comparant,
1464 5074 1559 5127 sed
1597 5087 1663 5127 ex
1689 5073 1983 5143 dispensa-

401 5171 549 5224 tione
576 5169 810 5238 quadam
839 5154 1060 5238 propter
1092 5167 1276 5236 populi
1305 5149 1686 5221 liebetudinem
1715 5163 1985 5237 PrOplteta

401 5260 479 5317 sic
518 5248 792 5330 loquitur:
829 5260 1033 5330 quippe
1060 5258 1151 5326 qui
1186 5246 1314 5312 alibi
1349 5254 1516 5311 Deum
1548 5259 1777 5311 deorum
1804 5258 1989 5328 appoi-

402 5351 497 5417 lat,
546 5362 602 5405 et
634 5340 780 5406 nunc
828 5340 992 5405 etiam
1047 5351 1361 5431 auditorem
1415 5349 1750 5419 pedetentim
1802 5351 1985 5420 erigit,

403 5442 743 5499 mirabilium
792 5459 973 5500 rerum
1007 5444 1188 5514 ipsum
1238 5444 1405 5499 Deum
1461 5453 1811 5513 Operatorem
1862 5456 1987 5496 esse

400 5535 808 5603 demonstrans,
845 5550 908 5591 ac
940 5518 1197 5607 deinceps
1229 5537 1389 5608 paulo
1417 5545 1542 5606 post
1574 5534 1816 5606 gentium
1850 5534 1987 5591 deos

401 5617 768 5685 Subsannaus.
815 5630 1027 5685 Dictum
1086 5638 1170 5685 est
1218 5630 1384 5684 etiam
1439 5630 1494 5683 in
1551 5628 1765 5697 psalmo
1819 5642 1981 5683 ιονιξ

403 5713 582 5768 Nimis
606 5702 873 5773 excitatus
900 5736 953 5773 cs
978 5714 1136 5788 super
1164 5736 1341 5775 omnes
1385 5720 1551 5785 deos;
1597 5720 1668 5774 ibi
1702 5718 1819 5774 vide
1853 5734 1953 5790 qua

400 5809 457 5865 in
487 5807 825 5878 expositione
849 5810 1113 5865 diximus.

2172 4038 2304 4092 Ὅτι
2332 4038 2450 4108 ἐγὼ
2473 4039 2728 4107 ἔγνωκα,
2760 4040 2856 4095 ὅτι
2892 4041 3082 4112 μέγ-ας
3105 4046 3138 4096 ὁ
3161 4042 3396 4111 Κύριος.
3425 4044 3559 4101 Ἰδοὺ
3592 4047 3689 4100 καὶ

2094 4128 2265 4212 ἄλλην
2314 4129 2498 4183 αἰτίαν
2539 4130 2633 4184 τοῦ
2680 4134 2850 4185 αἰνεῖν
2894 4130 3134 4205 τίθησιν·
3178 4134 3324 4202 Ὀτι,
3355 4137 3544 4207 φησιν,
3575 4137 3688 4206 ἐγὼ

2094 4220 2258 4274 πλέον
2292 4221 2449 4291 ὑμῶν
2503 4220 2743 4290 ἔγνωκα,
2775 4222 2808 4294 ἢ
2842 4224 3097 4295 ἀκριϐῶς
3128 4224 3365 4294 ἔγνωκα,
3396 4227 3478 4281 ὅτι
3512 4229 3686 4299 μέγας

2094 4312 2123 4363 ὁ
2152 4313 2376 4382 Κύριος·
2400 4313 2507 4367 ἀπό
2524 4331 2580 4366 τε
2607 4317 2707 4386 τῆς
2739 4316 2890 4379 θείας
2921 4317 3175 4388 χάριτος,
3199 4316 3306 4371 ἀπό
3332 4336 3393 4371 τε
3415 4319 3508 4372 τοῦ
3531 4337 3686 4373 συνεο

2096 4398 2203 4467 τῶς
2234 4406 2369 4476 ὁρᾷν
2400 4406 2467 4458 τὰ
2493 4406 2633 4476 ἔργα
2673 4404 2864 4472 αὐτοῦ,
2899 4410 3056 4463 τοῦτο
3088 4411 3272 4476 γνούς.

2168 4704 2278 4761 Kal
2305 4706 2337 4758 ὁ
2367 4706 2584 4773 Κύριος
2616 4705 2784 4776 ἡμῶν
2824 4709 2982 4778 παρὰ
3006 4706 3238 4778 πάντας
3278 4713 3471 4780 θεούς.
3492 4714 3549 4768 Ὀ
3581 4717 3685 4787 μὲν

2096 4796 2205 4868 γάρ
2232 4798 2406 4861 ἐστιν,
2462 4799 2511 4850 οἱ
2537 4797 2592 4851 δὲ
2622 4799 2722 4852 οὐκ
2752 4800 2880 4853 εἰσί.
2920 4801 3032 4854 Καὶ
3060 4803 3088 4854 6
3119 4803 3220 4872 μὲν
3259 4788 3465 4876 Κύριος
3488 4806 3681 4875 ὅντως,

2093 4890 2146 4943 οἱ
2183 4889 2239 4942 δὲ
2290 4888 2404 4943 θεοὶ
2437 4890 2539 4944 ούκ
2598 4889 2789 4955 ὅντως.
2816 4894 2979 4945 Δοκεί
3024 4893 3081 4947 δὲ
3125 4895 3284 4949 τοῦτο
3328 4900 3682 4968 συγκριτικὸν

2093 4981 2459 5052 οἰκονομικῶς
2512 4982 2600 5036 διὰ
2631 4983 2730 5071 τὴν
2764 4985 3057 5057 παχύτητα
3087 4984 3183 5040 τοῦ
3216 4987 3344 5041 λαοῦ
3378 5004 3393 5021 ο
3444 4990 3680 5061 ἀλλαχοῦ

2091 5071 2201 5143 γάρ
2259 5071 2395 5127 Θεὸν
2440 5072 2546 5126 τῶν
2583 5073 2722 5128 θεῶν
2768 5075 3026 5146 ὀνομάζει
3073 5075 3305 5130 τοῦτον
3354 5079 3448 5131 καὶ
3482 5078 3579 5132 νῦν
3623 5081 3683 5134 δὲ

2097 5156 2239 5217 κατὰ
2273 5163 2471 5237 μικρὸν
2501 5165 2721 5235 ἀνάγων
2750 5167 2877 5231 τοὺς
2915 5164 3215 5239 ἀκροατὰς,
3250 5171 3493 5242 ἐργάτην
3518 5172 3683 5225 αὑτὸν

2095 5255 2341 5309 δείκνυσι
2369 5254 2717 5327 θαυμασίων,
2754 5260 2851 5312 καὶ
2897 5259 3105 5330 προῖὼν
3138 5262 3193 5314 δὲ
3235 5262 3680 5332 διαμυκτηρίζει,

2093 5352 2186 5401 καὶ
2211 5348 2463 5417 φαυλίξει
2488 5350 2617 5413 τοὺς
2666 5350 2823 5425 θεοὺς
2854 5350 2965 5405 τῶν
2989 5352 3161 5407 ἐθνῶν
3186 5370 3199 5384 ·
3250 5354 3465 5424 εἴρηται
3500 5352 3557 5405 δὲ
3586 5354 3683 5404 καὶ

2091 5440 2150 5491 ὲν
2195 5438 2272 5510 τῷ
2322 5444 2419 5508 kg'
2483 5440 2686 5512 ψαλμῷ
2724 5458 2739 5474 ·
2794 5442 3034 5513 Σφόδρα
3074 5444 3479 5513 ὑπερυψώθης
3526 5442 3682 5510 ὑπὲρ

2093 5531 2323 5617 πάντας
2377 5534 2523 5601 τοὺς
2581 5536 2753 5601 θεοὺς
2783 5552 2797 5567 ⁸
2851 5537 2945 5590 καὶ
2988 5536 3227 5609 Cinna»;
3273 5537 3371 5607 τὴν
3418 5534 3682 5607 ἐξήγησιν

2094 5626 2229 5679 ἐκεῖ.
