4112 6418
437 465 574 535 1233

1578 468 1961 537 COMMENT.
1987 470 2071 533 IN
2114 472 2356 535 PSALM
2366 472 2482 535 OS.

3571 472 3707 537 123i

508 586 715 647 Πάντα
753 585 870 651 ὅσα
921 586 1229 655 ἠθέλησεν
1260 586 1553 653 ἐποίησεν
1589 589 1658 641 ὲν
1684 587 1766 654 τῷ
1792 590 2020 659 οὐρανῷ

2201 595 2369 651 Vens.
2409 594 2463 648 6.
2510 592 2707 648 Omnia
2737 609 3061 664 quacunque
3092 593 3279 659 voluit,
3308 593 3428 664 fecit
3477 595 3531 648 in
3577 595 3707 649 calo

437 679 539 739 καὶ
568 677 638 733 ἐν
672 676 747 745 τῇ
920 673 1059 731 Eine
1094 677 1256 735 τοῦτο
1309 678 1407 732 καὶ
1429 679 1490 731 ὲν
1518 677 1597 749 τῷ
1627 677 1731 751 ριγ’
1769 678 1974 750 ψαλμῴ
2002 695 2016 710 ⁸

450 770 512 833 ὀ
566 768 637 824 δὲ
676 769 821 836 Θεὸς
872 768 1041 839 ἡμῶν
1083 769 1155 824 ἐν
1221 766 1302 835 τῷ
1324 768 1562 838 οὐρανῷ
1608 772 1709 825 και
1749 770 1915 840 arcti
1944 770 2023 842 τῇ

436 858 635 915 πάντα
659 861 779 916 ὅσα
810 860 1119 930 ἠθέλησεν
1143 861 1456 928 ἐποίησεν.

522 951 625 1006 Ἐν
645 949 776 1017 ταῖς
804 952 1157 1019 θαλάσσαις
1197 954 1297 1008 καὶ
1326 953 1397 1008 ἐν
1426 953 1654 1020 πάσαις
1683 955 1813 1022 ταῖς
1836 955 2024 1010 ἀσύσ-

439 1058 596 1108 σοις.
632 1042 921 1108 Θαλάσσας
954 1045 1053 1115 μὲν
1082 1045 1232 1114 λέγει
1270 1045 1399 1110 τοὺς
1425 1046 1717 1119 διαφόρους
1747 1046 1983 1111 κόλπους
2005 1063 2017 1077 ·

437 1132 508 1184 τὰ
552 1135 879 1204 συστήματα
924 1137 1033 1207 γὰρ
1059 1137 1170 1190 τῶν
1201 1137 1411 1191 ὑδάτων
1449 1137 1678 1192 ἐκάλεσε
1720 1139 2020 1203 θαλάσσας,

436 1222 713 1289 ἀϐύσσους
736 1226 794 1289 δὲ
810 1265 826 1290 ,
848 1227 918 1282 τὰ
943 1227 1204 1287 ὑποκάτω
1230 1229 1329 1298 τῆς
1356 1229 1480 1298 γῆς,
1500 1232 1568 1284 τὰ
1600 1230 2020 1301 ἁνεξερεύνητα,

437 1314 496 1379 ἐν
554 1309 634 1376 οἷς
685 1318 821 1381 πᾶσι
877 1319 1058 1379 πάντα
1096 1320 1198 1375 ὅσα
1257 1319 1523 1390 ἠθέλησεν
1556 1321 1813 1394 εποίησεν
1843 1339 1857 1354 ο
1901 1318 2024 1375 εἶτα

438 1403 600 1471 ὑμνεί
628 1404 722 1458 τοῦ
769 1405 907 1459 Θεοῦ
949 1407 1087 1477 ἔργα
1114 1408 1237 1462 τινὰ
1263 1408 1700 1481 ἀξιοθαύμαστα,
1731 1412 2022 1483 παραδρα-

440 1492 559 1562 μὼν
586 1495 655 1549 τὰ
684 1496 930 1566 μείζονα,
993 1499 1083 1553 ἵνα
1141 1501 1237 1555 καὶ
1265 1501 1374 1556 ἀπὸ
1401 1503 1510 1555 τῶν
1538 1502 1841 1557 ἐλαττόνων
1870 1502 2023 1576 δείξῃ

434 1587 497 1639 τὸ
525 1587 816 1654 μεγαλεῖον
842 1590 933 1644 καὶ
970 1591 1305 1662 ἁξιύμνητον
1334 1593 1524 1648 αὑτοῦ.

518 1678 776 1748 Ἇνὰγων
803 1682 1067 1750 νεφέλας
1106 1684 1176 1748 ἐξ
1215 1685 1495 1757 ἐσχάτων
1525 1687 1640 1755 τῆς
1684 1687 1821 1758 γῆς.
1874 1689 1935 1741 '0
1965 1687 2022 1753 ἐξ

436 1766 605 1822 αὐτοῦ
627 1769 723 1823 τοῦ
747 1773 1065 1827 κατωτάτου
1103 1774 1304 1845 βάθους
1333 1780 1433 1847 τῆς
1464 1778 1570 1849 γῆς
1601 1780 1824 1848 ἀνάγων
1862 1781 2023 1848 νεφέ-

440 1857 559 1924 λας’
586 1861 683 1916 καὶ
711 1865 965 1921 τοσοῦτον
995 1868 1170 1932 αὑτὰς
1196 1870 1550 1944 μετεωρίζων
1570 1872 1797 1945 βαρείας
1829 1871 2018 1940 οὔσας,

436 1951 534 2005 καὶ
561 1952 620 2006 τὸ
642 1956 967 2027 κατωφερὲς
1001 1957 1168 2031 ὑγρὸν
1203 1960 1318 2017 ἄνω
1348 1964 1619 2035 φέρεσθαι
1650 1964 1842 2019 ποιῶν.

518 2140 849 2210 Ἀστραπὰς
862 2145 950 2210 εἰς
964 2144 1142 2202 ὑετὸν
1166 2148 1479 2217 ἐποίησεν.
1563 2152 1658 2216 Et;
1712 2153 1902 2225 καιρὸν
1931 2156 2022 2209 ὗε-

434 2232 529 2315 sn?)
557 2251 571 2264 '
602 2234 636 2305 ἢ
663 2235 721 2289 ἐν
745 2234 824 2306 τῷ
847 2236 1009 2308 ὑετῷ,
1036 2239 1133 2293 καὶ
1158 2241 1226 2294 δι’
1283 2241 1542 2314 ἀλλήλων
1570 2244 1823 2310 ἀϐλαϐῶς
1856 2247 2023 2317 φέρε-

437 2323 563 2378 σθαι
586 2326 655 2378 τὰ
682 2326 962 2398 φθαρτικὰ
1012 2329 1259 2402 ἀλλήλων
1298 2335 1737 2403 παρεσκεύασεν,
1764 2337 1842 2400 ὡς
1882 2342 2021 2409 μήτε

434 2416 534 2486 τὴν
599 2419 888 2492 ἀστραπὴν
934 2423 1370 2497 πυρωδεστάτην
1397 2426 1565 2481 οὖσαν
1611 2429 1928 2483 ἀναλίσκειν
1963 2430 2023 2485 τὸ

435 2508 615 2563 ὕὲτιον
678 2510 843 2582 ὕδωρ,
906 2512 1034 2583 μήτ’
1073 2512 1140 2568 ἂν
1194 2514 1354 2570 τοῦτο
1403 2518 1661 2588 ῥαγδαῖον
1719 2522 2022 2592 φερόμενον

438 2601 719 2657 σϐεννύειν
744 2603 987 2671 ἐκείνην.

518 2786 580 2840 '0
608 2788 842 2858 ἐξάγων
890 2790 1152 2860 ἀνέμους
1185 2793 1254 2847 ἐκ
1301 2796 1626 2864 θησαυρῶν
1678 2798 1887 2854 αὐτοῦ.
1912 2797 2021 2869 Θη-

436 2879 669 2950 σαυροὺς
691 2878 858 2934 αὐτοῦ
873 2878 1132 2951 νῦνλέγει
1148 2882 1274 2946 τοὺς
1291 2883 1648 2955 ἀποκρύφους
1662 2888 1880 2954 τόπους,
1898 2889 2022 2942 ὅθεν

435 2967 772 3040 ἐξέρχονται·
803 2973 1189 3040 κεκρυμμένος
1215 2972 1373 3045 γὰρὸ
1404 2975 1705 3047 θησαυρὸς,
1737 2979 1799 3033 τὸ
1837 2981 2021 3048 ἄγνω-

437 3076 562 3129 στον
631 3060 731 3130 τῆς
788 3063 1057 3131 γενέσεως
1125 3065 1305 3120 αὐτῶν
1338 3084 1352 3098 ο
1390 3067 1424 3138 ἢ
1453 3067 1668 3138 ἐξάγων
1694 3070 1932 3141 ἀνέμους
1955 3074 2020 3128 ἐκ

432 3149 729 3224 Θησαυρῶν
760 3154 953 3222 αὐτοῦ,
972 3155 1048 3220 ὡς
1078 3157 1334 3219 ἐντεῦθεν
1382 3159 1678 3230 δηλοῦσθαι
1704 3161 1766 3216 τὸ
1794 3164 2020 3234 εὐχερὲς

2128 696 2179 742 et
2207 689 2261 741 in
2301 695 2462 741 terra.
2492 683 2692 740 Eadem
2725 683 2893 739 verba
2929 683 3202 739 habentur
3232 685 3285 738 in
3317 685 3527 754 psalmo
3550 699 3706 745 cant.

2126 779 2236 835 ibi.
2281 777 2424 833 Deus
2457 786 2635 832 autem
2676 787 2854 831 uoster
2903 777 2959 830 in
2984 777 3112 831 coelo
3157 785 3210 832 et
3264 777 3320 831 in
3358 785 3502 831 terra
3527 779 3707 832 omnia

2127 885 2449 942 quacunque
2471 869 2633 925 uoluit
2654 869 2797 939 fecit.

2198 962 2262 1017 In
2295 963 2537 1017 maribus
2592 971 2643 1018 et
2680 962 2921 1017 omnibus
2973 965 3202 1033 abyssis.
3253 961 3426 1017 Maria
3479 961 3700 1032 quidem

2125 1055 2307 1111 varios
2331 1055 2500 1110 maris
2521 1055 2679 1110 sinus
2697 1055 2969 1126 appellat:
3003 1055 3469 1124 Congregationes,
3503 1055 3700 1123 inquit,

2126 1163 2385 1218 aquarum
2417 1147 2701 1216 appellavit
2749 1147 2926 1201 maria
2973 1146 3037 1199 ⁸³.
3071 1136 3317 1216 Abyssos
3348 1155 3532 1200 autem
3565 1132 3704 1199 sub-

2124 1248 2377 1293 terranea
2416 1236 2560 1301 loca,
2587 1252 2710 1306 quae
2736 1235 3237 1305 imperscrutabilia
3267 1245 3436 1290 sunt:
3486 1235 3541 1289 in
3573 1235 3701 1304 qui-

2127 1332 2232 1387 hus
2270 1337 2454 1385 tamen
2493 1328 2626 1383 fecit
2662 1328 2848 1382 omnia
2877 1327 3047 1391 Deus,
3084 1338 3209 1398 quae
3240 1326 3438 1381 voluit.
3495 1325 3706 1381 Deinde

2124 1425 2342 1496 privata
2377 1423 2628 1494 quaedam
2663 1420 2757 1476 Dei
2791 1434 2957 1490 opera
2990 1420 3362 1475 admiratione
3384 1420 3549 1491 digna
3579 1418 3703 1473 lau-

2125 1517 2235 1575 dat.
2262 1516 2467 1585 majora
2495 1512 2836 1583 praeteriens,
2864 1519 2924 1565 ut
2938 1526 3005 1567 ex
3020 1510 3349 1573 minoribus,
3375 1508 3708 1579 nmguitudi'

2125 1623 2247 1663 nem
2268 1608 2387 1679 ejus
2404 1605 2635 1662 summis
2667 1619 2791 1661 esse
2811 1603 3063 1659 laudibus
3104 1602 3321 1671 dignem
3368 1603 3701 1658 ostenderet.

2197 1698 2366 1755 Vens.
2406 1700 2462 1753 7.
2507 1697 2749 1752 Educens
2793 1695 2953 1750 nubes
3004 1695 3070 1749 ab
3101 1705 3338 1751 extremo
3377 1703 3555 1748 term.
3598 1693 3702 1759 Qui

2125 1803 2192 1844 ex
2221 1789 2339 1858 ipsa
2381 1787 2629 1843 inferiori
2662 1795 2824 1841 terrae
2854 1784 3227 1854 profunditate
3275 1783 3450 1838 nubes
3492 1784 3701 1841 educit.

2126 1893 2334 1949 easque
2368 1877 2591 1932 tametsi
2632 1891 2826 1948 graves
2861 1875 2995 1940 sint,
3043 1874 3097 1929 in
3157 1872 3328 1927 altum
3376 1872 3614 1935 extollit,
3648 1883 3703 1927 et

2127 1970 2344 2024 illarum
2381 1969 2694 2031 humorem,
2725 1968 2818 2037 qui
2857 1975 3057 2021 natura
3088 1980 3186 2021 sua
3210 1963 3467 2020 deorsum
3501 1962 3700 2026 l‘ertur,

2125 2063 2180 2117 in
2214 2062 2449 2117 sublime
2478 2060 2684 2116 elevari
2720 2059 2875 2114 facit.

2196 2151 2438 2223 Fulgura
2470 2153 2524 2206 iu
2553 2152 2788 2220 pluviam
2816 2151 2963 2218 fecit.
2995 2150 3053 2206 in
3086 2159 3304 2222 tempus
3336 2140 3547 2207 scilicet
3576 2150 3702 2218 plu-

2126 2246 2245 2309 viae,
2269 2246 2354 2300 vel
2384 2245 2439 2297 in
2472 2244 2675 2314 pluvia.
2714 2242 3017 2313 Edecitque
3047 2252 3109 2297 ut
3134 2257 3256 2312 quae
3287 2249 3482 2312 suapte
3511 2250 3703 2295 natura

2122 2345 2320 2392 mutuo
2347 2351 2468 2392 sese
2505 2334 2766 2406 perdunt,
2798 2349 2932 2398 una,
2970 2349 3035 2389 ac
3066 2334 3277 2404 pariter
3303 2334 3425 2388 sine
3471 2331 3703 2387 alterius

2125 2428 2349 2483 laesione
2381 2425 2677 2495 conjuncta
2704 2424 3044 2487 deferantur,
3083 2423 3157 2477 ita
3194 2432 3256 2477 ut
3283 2437 3463 2492 neque
3494 2420 3700 2491 fulgur,

2123 2519 2268 2587 quod
2301 2527 2498 2572 natura
2544 2516 2777 2586 ignitum
2810 2522 2919 2578 est,
2978 2512 3275 2584 pluvialem
3325 2516 3527 2582 aquam
3566 2525 3699 2566 con-

2124 2621 2329 2674 sumat,
2368 2626 2543 2680 ncque
2577 2624 2718 2679 aqua
2748 2622 2975 2663 rursum
3005 2621 3201 2676 magna
3234 2605 3283 2660 vi
3312 2605 3492 2661 delata
3519 2602 3706 2674 fulgur

2122 2706 2454 2775 exstinguat.

2198 2797 2303 2863 Qui
2332 2797 2509 2852 educit
2545 2807 2720 2849 ventos
2749 2792 2813 2847 de
2845 2793 3107 2847 thesauris
3139 2790 3276 2845 suis.
3327 2789 3433 2845 Per
3482 2787 3707 2843 thesau-

2124 2906 2217 2945 ros
2250 2889 2368 2954 Dei,
2407 2889 2508 2941 hoc
2541 2888 2595 2940 iu
2625 2887 2744 2940 loco
2778 2882 3047 2952 Propheta
3080 2880 3298 2936 occulta
3330 2879 3419 2934 illa
3453 2878 3574 2935 loca
3612 2878 3704 2933 in-

2123 2981 2339 3051 telligit.
2380 2977 2527 3033 unde
2556 2985 2761 3031 exeunt
2815 2974 2986 3029 venti.
3046 2971 3317 3028 Occultus
3372 2970 3519 3026 enim
3580 2984 3706 3025 esse

2123 3074 2330 3129 dicitur
2383 3071 2717 3126 thesaurus:
2750 3084 2815 3123 co
2866 3066 3013 3136 quod
3048 3076 3102 3122 et
3134 3065 3416 3138 generatio
3461 3070 3516 3119 et
3546 3063 3704 3119 locus

2124 3166 2244 3236 ejus
2278 3165 2584 3234 ignoratur.
2621 3160 2895 3216 Thesauri
2952 3160 3179 3215 nomine
3237 3164 3528 3227 praeterea,
3591 3169 3703 3210 non

434 3242 535 3345 τῆς
558 3243 847 3345 ἐξαγωγῆς
896 3249 1096 3313 αὐτῶν,
1140 3251 1234 3305 καὶ
1268 3253 1583 3325 πρόχειρον,
1610 3256 1700 3308 ὅτε
1736 3254 2013 3324 βούλεταιο

2125 3268 2334 3312 tantum
2365 3255 2612 3326 pecuniae
2637 3253 2959 3309 autocculta
2986 3253 3090 3306 alia
3120 3252 3260 3307 bona
3286 3249 3697 3320 intelliguntur.

435 3338 754 3405 θαυμαστὸν
784 3343 895 3413 γὰρ
923 3341 986 3395 τὸ
1017 3342 1112 3397 νῦν
1161 3344 1261 3413 μὲν
1284 3344 1480 3398 τοῦτον
1525 3344 1794 3416 εὐχερῶς,
1830 3346 1928 3401 νῦν
1962 3348 2017 3402 δὲ

2125 3348 2224 3404 sed
2253 3359 2306 3404 et
2332 3348 2449 3417 ipsa
2475 3348 2642 3401 etiam
2667 3346 2808 3410 loca,
2842 3346 2933 3399 ubi
2965 3336 3207 3400 thesauri
3242 3341 3468 3397 recondi
3502 3340 3702 3396 solent.

437 3431 646 3484 ἐκεῖνον
676 3432 1044 3504 ἐπιπέμπειν,
1071 3435 1263 3498 ἄλλοτε
1289 3437 1349 3493 δὲ
1376 3437 1568 3493 τοῦτον
1589 3440 1845 3494 κάκεῖνον
1875 3441 2016 3511 ἅμα.

2128 3442 2227 3499 Vel
2259 3441 2359 3512 qui
2387 3439 2571 3494 educit
2595 3450 2786 3494 ventos
2814 3445 3077 3508 tanquam
3107 3451 3138 3491 e
3162 3434 3440 3490 thesauris
3470 3431 3609 3490 suis.
3644 3442 3705 3486 ut

441 3522 595 3577 Ἔστι
616 3522 661 3576 δ’
685 3524 777 3578 ὅτε
806 3526 902 3580 καὶ
955 3527 1206 3593 πλείονας
1265 3530 1325 3584 ἐν
1372 3532 1577 3601 ταύτῷ,
1625 3534 1721 3587 καί¹
1754 3532 2018 3596 πολλάκις

2125 3531 2567 3601 subintelligatur
2593 3530 2765 3584 dictio
2795 3530 2910 3592 illa,
2937 3528 3237 3598 Tanquam,
3259 3525 3364 3591 vel,
3391 3525 3549 3597 quasi
3576 3539 3589 3554 ο
3630 3523 3704 3578 ita

435 3613 649 3668 οὐδένα·
672 3620 770 3671 καὶ
825 3619 1004 3674 πάντα
1047 3622 1194 3677 κατὰ
1217 3622 1434 3694 χρείαν,
1481 3625 1573 3678 καὶ
1603 3624 1755 3678 οὐδὲν
1784 3625 2018 3693 ἀλόγως,

2130 3637 2191 3682 ut
2230 3642 2298 3681 ex
2334 3625 2421 3680 his
2464 3622 2647 3679 verbis
2678 3622 2943 3678 educendi
2996 3621 3238 3676 facilitas
3286 3620 3600 3682 denotetur,
3655 3628 3709 3671 et

437 3706 692 3778 καθάπερ
722 3711 779 3763 ἐν
829 3709 1128 3783 θησαυροῖς
1157 3732 1269 3769 τισι
1316 3716 1897 3787 κατακεκλεισμένων,
1925 3721 2020 3771 καὶ

2130 3716 2276 3786 quod
2307 3729 2404 3772 eos
2438 3713 2582 3770 Deus
2612 3728 2826 3783 semper
2857 3714 2913 3767 in
2948 3720 3204 3782 promptu
3239 3709 3425 3775 habet,
3454 3723 3576 3765 cum
3611 3722 3710 3761 vo—

437 3800 675 3871 ὁπηνὶκα
720 3802 993 3873 βούλεται,
1035 3808 1130 3861 καὶ
1163 3808 1365 3881 ῥαδίως
1392 3809 1773 3881 ἐξαγομένων.

2129 3805 2313 3864 luerit.
2343 3805 2481 3861 Illud
2519 3813 2702 3860 autem
2734 3817 2901 3874 quam
2932 3801 3171 3857 maxime
3193 3799 3578 3856 admirandum
3602 3806 3707 3860 est,

438 3891 586 3960 quod
618 3892 782 3961 modo
821 3896 994 3963 hunc,
1027 3899 1192 3953 modo
1224 3900 1380 3955 illum
1419 3899 1564 3956 Deus
1602 3910 1831 3957 ventum
1893 3901 2136 3964 emittat,
2203 3907 2260 3954 et
2309 3897 2607 3966 aliquando
2655 3910 2764 3949 una
2838 3900 3167 3960 utrumque;
3232 3905 3473 3960 persaepe
3542 3890 3705 3943 etiam

445 3986 630 4049 plures
657 4002 770 4042 uno
801 3999 965 4058 atque
992 3990 1186 4047 eodem
1234 4000 1527 4062 tempore;
1570 4008 1817 4064 persaepe
1850 3994 2016 4048 etiam
2050 3992 2263 4046 nullum
2297 3992 2563 4059 prorsus;
2596 3997 2761 4056 atque
2818 3988 2932 4041 ha‘c
2984 3986 3171 4040 omnia
3227 3999 3290 4039 ex
3342 3983 3598 4049 utilitate,
3654 3981 3709 4039 οι

440 4080 581 4139 nihil
615 4083 737 4138 sine
786 4083 1022 4155 ratione,
1079 4073 1192 4141 illis
1245 4085 1458 4143 scilicet
1502 4087 1712 4144 interea
1765 4088 2023 4153 inclusis,
2049 4086 2223 4141 veluti
2265 4086 2321 4140 in
2353 4083 2684 4155 quibusdam
2734 4082 3054 4137 thesauris:
3113 4087 3281 4150 atque
3345 4081 3495 4135 illinc
3570 4095 3707 4151 quo-

441 4175 544 4227 ties
578 4171 686 4228 Deo
735 4175 976 4241 libuerit,
1014 4177 1251 4231 maxima
1282 4193 1410 4234 cum
1444 4177 1712 4235 facilitate
1740 4179 1976 4235 eductis.

515 4271 622 4334 Ὃς
647 4269 909 4336 ἐπάταξε
926 4272 1012 4326 τὰ
1056 4274 1402 4342 πρωτότοκα
1434 4275 1738 4344 Αίγύπτου
1767 4277 1886 4332 ἀπὸ
1914 4276 2020 4331 ἀν-

2205 4271 2368 4327 Vzns.
2412 4269 2468 4323 8.
2514 4269 2620 4335 Qui
2682 4267 2950 4337 percussit
2986 4266 3340 4335 primogenita
3390 4264 3614 4337 Ἐφυριὶ
3643 4269 3707 4320 ab

438 4361 674 4426 θρώπου
721 4361 835 4427 ἕως
900 4362 1184 4431 κτήνους.
1209 4365 1438 4437 Εἴρηται
1473 4369 1530 4420 ὲν
1564 4366 1643 4438 τῷ
1670 4366 1748 4432 οζ’
1776 4367 1981 4438 ψαλμῷ
2006 4382 2019 4397 ⁸

2127 4363 2337 4418 homine
2361 4376 2528 4429 usque
2556 4361 2624 4412 ad
2657 4374 2838 4429 pecus.
2881 4357 2953 4412 De
2980 4356 3086 4412 hoc
3121 4354 3362 4409 diximus
3398 4356 3455 4410 in
3491 4359 3707 4428 psalmo

440 4453 541 4506 καὶ
594 4454 833 4523 ζήτησον
886 4456 1005 4509 ἐκεῖ
1050 4457 1153 4526 τὴν
1181 4456 1445 4528 ἐξήγησιν
1496 4459 1611 4521 τοῦ,
1665 4459 2020 4529 Ὧδοποίησε

2126 4471 2338 4513 num.
2379 4454 2518 4509 Vide
2549 4451 2647 4515 ibi,
2685 4452 2738 4504 in
2779 4447 3099 4505 versiculo:
3146 4448 3289 4504 Fecit
3318 4449 3565 4502 semitam
3610 4451 3706 4503 im-

438 4548 643 4614 τρίϐον
668 4546 749 4617 τῇ,
767 4546 917 4617 ὀργῇ
934 4549 1144 4608 αὐτοῦ.
1171 4550 1318 4615 Ἕως
1340 4551 1398 4605 δὲ
1429 4553 1681 4624 κτήνους,
1718 4554 1799 4617 είς
1824 4554 2020 4607 ἐπίτα-

2125 4564 2258 4604 sure.
2298 4576 2368 4588 —-
2413 4543 2586 4615 Usque
2619 4543 2688 4597 ad
2715 4556 2872 4611 pecus
2897 4555 3027 4596 vero
3055 4539 3215 4605 dixit,
3244 4547 3303 4593 ut
3337 4540 3704 4596 calamitatem

442 4658 528 4693 σιν
563 4642 663 4711 τῆς
694 4646 1005 4714 συμφορᾶς.

2126 4652 2371 4711 augeret.

523 4732 949 4805 Ἑξαπέστειλε
968 4735 1192 4804 σημεῖα
1219 4736 1316 4791 καί
1343 4738 1561 4808 τέρατα
1584 4741 1654 4791 ἐν
1687 4747 1855 4809 μέσῳ
1879 4755 2019 4808 σου,

2200 4732 2370 4786 Vens.
2412 4730 2469 4786 9.
2514 4729 2708 4784 Emisit
2736 4732 2888 4798 signa
2924 4739 2974 4782 et
3012 4728 3253 4799 prodigia
3305 4729 3359 4782 in
3393 4730 3562 4783 medio
3608 4731 3706 4793 tui,

432 4823 715 4894 Αἴγυπτε,
766 4825 835 4878 ἐν
887 4826 1098 4894 Φαραὼ
1143 4827 1245 4882 καὶ
1275 4828 1347 4882 ἐν
1395 4829 1547 4884 πᾶσι
1590 4830 1714 4897 τοῖς
1780 4831 2020 4895 δούλοις

2127 4825 2371 4896 ιΕᾳῃριο,
2427 4824 2481 4875 in
2534 4820 2889 4887 Pharaonem,
2933 4832 2982 4876 et
3027 4822 3085 4874 in
3134 4837 3314 4875 omnes
3366 4837 3540 4875 seruos
3569 4821 3704 4888 ejus.

438 4915 648 4969 αὐτοῦ.
682 4915 912 4988 Εἴρηται
938 4918 1290 4988 περὶτούτων
1328 4923 1449 4975 ἐκεῖ
1471 4939 1484 4953 ·
1524 4924 1808 4988 Ὃςὲθετο
1826 4924 2007 4977 ἐνΑἰ-

2128 4918 2330 4973 [bidem
2353 4916 2516 4969 etiam
2548 4914 2756 4968 dictum
2793 4924 2897 4974 est.
2951 4914 3099 4984 quod
3145 4913 3323 4984 posuit
3370 4911 3425 4964 in
3473 4910 3707 4982 .Egypto

440 5010 645 5077 τύπτω
672 5009 745 5063 τὰ
772 5009 987 5079 (repsit:
1013 5013 1226 5077 αὑτοῦ,
1265 5015 1363 5071 καί
1394 5015 1467 5070 τὰ
1499 5015 1714 5085 τέρατα
1746 5019 1934 5072 αὐτοῦ
1953 5019 2020 5072 ἐν

2128 5012 2300 5082 signa,
2340 5017 2391 5062 et
2410 5007 2658 5077 prodigia
2701 5024 2801 5062 sua
2851 5008 2906 5061 in
2946 5021 3128 5073 campo
3180 5004 3383 5059 Taneos
3415 5017 3435 5055 :
3474 5016 3707 5071 cumque

440 5100 627 5166 πεδίῳ
654 5103 877 5171 Teirst
896 5123 910 5137 ·
935 5108 1315 5176 μνημονεύσας
1341 5109 1397 5162 δὲ
1418 5110 1516 5177 τῆς
1548 5110 1854 5181 βαρυτέρας
1881 5114 2019 5183 πλη-

2125 5101 2464 5176 gravissima:
2518 5102 2764 5159 omnium
2823 5101 2996 5170 plagae
3043 5095 3378 5158 meminerit,
3429 5093 3703 5149 collectim

440 5191 567 5261 γῆς,
607 5188 727 5248 εἶτα
754 5195 1056 5267 συλλήϐδην
1092 5195 1236 5263 εἷπε,
1269 5203 1468 5269 σημεῖα
1495 5203 1590 5256 καὶ
1615 5202 1838 5271 τέρατα.

2127 5198 2477 5269 ptstmodum
2511 5195 2668 5265 signa
2691 5193 2847 5256 dixit,
2870 5199 2924 5245 et
2955 5188 3225 5258 prodigia.

517 5288 623 5352 ’ος
643 5286 945 5352 ἐπάταξεν
963 5290 1107 5357 ἔθνη
1132 5292 1353 5345 πολλοὶ.
1377 5292 1500 5345 Είτε
1518 5294 1586 5346 τὰ
1608 5294 2020 5366 ἀποτειχίζοντα

2201 5289 2368 5345 Vens.
2404 5289 2494 5346 £0.
2537 5287 2642 5355 Qui
2683 5283 2940 5355 percussit
2978 5288 3154 5351 gentes
3186 5279 3404 5333 multas.
3446 5276 3573 5333 Sive
3608 5291 3707 5334 eas

440 5377 554 5439 τοῖς
582 5378 863 5441 Ἰουδαίοις
890 5379 990 5450 τὴν
1021 5381 1255 5451 πάροδον
1275 5423 1291 5448 ,
1327 5381 1439 5435 εἴτε
1465 5382 1534 5436 τὰ
1554 5384 1614 5437 ἐν
1643 5386 1977 5459 Παλαιστίνῃ
2001 5406 2014 5418 ·

2130 5399 2251 5453 quae
2287 5381 2585 5439 transitum
2637 5378 2841 5435 Iudaeis
2902 5370 3295 5444 prohibebant,
3369 5385 3466 5459 seu
3515 5366 3705 5438 gentes

440 5466 724 5539 ὲπιτόμως
752 5468 811 5524 δὲ
839 5470 1025 5526 πάντα
1051 5472 1222 5541 λέγει,
1254 5474 1349 5527 καὶ
1380 5475 1523 5528 κατὰ
1555 5456 1975 5549 παραδρομὴν.--

2128 5491 2249 5546 qum
2273 5475 2327 5530 in
2359 5473 2655 5529 Palaestina
2689 5477 2868 5526 erant.
2901 5466 2959 5521 In
2991 5462 3320 5535 compendio
3349 5456 3552 5518 etenim
3583 5477 3706 5518 om-

2125 5571 2216 5623 nia
2245 5577 2435 5623 narrat
2472 5576 2527 5621 et
2555 5564 2788 5620 cursim.

2204 5657 2278 5712 Et
2314 5658 2507 5713 occidit
2542 5671 2685 5725 reges
2728 5653 2913 5723 fortes.
2949 5649 3175 5704 illarum
3209 5647 3419 5704 scilicet
3461 5646 3705 5718 gentium

2131 5750 2324 5808 duces.

514 5653 622 5707 Kal
651 5652 967 5710 ἀπέκτεινε
997 5657 1281 5726 ,Βασιλεῖς
1323 5661 1660 5727 κραταιούς.
1698 5661 1837 5725 Τοὺς
1896 5663 2024 5733 ἡγε-

448 5743 617 5812 μόνας
648 5746 851 5801 αὐτῶν.

524 5923 574 5957 ⁸³
601 5923 738 5982 Gen.
776 5941 815 5992 ι,
846 5926 934 5981 10.
