4112 6436
411 490 549 557 1235

1646 492 2033 555 EUTHYMII
2075 488 2440 552 ZIGABENI

3528 480 3677 548 1236

484 601 647 656 Vsus.
692 602 775 655 ll.
820 599 957 656 Seon
992 610 1162 671 regem
1188 598 1619 654 Autarrhteorttm
1652 610 1701 654 et
1728 599 1807 671 ()g
1823 616 1990 670 regem

2166 595 2282 648 Τὸν
2325 594 2493 663 Σηὼν
2531 596 2801 661 ,βασιλέα
2854 598 2974 652 τῶν
3022 595 3397 667 Ἀμορῤαίων,
3435 595 3535 649 καὶ
3566 596 3678 649 τὸν

412 692 617 747 Busan.
652 691 796 748 Seon
847 690 1068 759 quidem
1119 706 1237 752 rex,
1275 689 1485 744 divitiis
1519 704 1583 743 ac
1625 689 1860 743 militum
1889 703 1985 744 co-

413 787 519 854 piis
569 794 690 839 erat
740 783 1165 849 celeberrimus;
1217 780 1298 852 Og
1339 796 1473 836 vero
1510 781 1889 852 magnitudine
1919 795 1985 835 ac

412 876 735 931 fortitudine
774 877 1025 944 corporis
1050 875 1410 944 conspicuus,
1440 874 1495 929 in
1524 875 1766 929 omnium
1801 873 1983 927 homi-

410 984 541 1022 num
575 984 672 1024 ore
716 968 1016 1023 ferebatur.
1066 969 1239 1023 Aiunt
1287 969 1434 1023 enim
1480 982 1606 1022 eum
1651 967 1788 1021 lecto
1821 980 1981 1020 usum

411 1060 583 1116 fuisse
615 1060 818 1125 ferreo,
870 1077 1062 1115 novem
1109 1060 1417 1116 cubitorum
1456 1060 1510 1114 in
1540 1057 1898 1129 longitudine,
1931 1064 1988 1111 et

407 1153 650 1223 quinque
681 1152 735 1206 itt
774 1152 1084 1208 latitudine.

482 1243 554 1297 Et
610 1244 792 1298 omnia
838 1261 999 1315 regna
1050 1244 1327 1299 Chanaan.
1390 1241 1500 1297 Hoc
1551 1252 1637 1296 est
1681 1240 1986 1295 Pulmstinas

412 1334 750 1403 provinciae:
786 1332 944 1402 cujus
979 1333 1159 1404 pupuli
1199 1336 1372 1403 magis
1420 1332 1825 1401 particulariter
1877 1345 1987 1400 pro:

413 1426 626 1480 t-teteris
656 1426 948 1482 Chanauaei
965 1427 1308 1482 dicebautur.

490 1519 655 1574 Vens.
697 1519 781 1572 12.
825 1516 893 1570 Et
942 1515 1084 1569 dedit
1137 1525 1333 1570 terram
1374 1532 1554 1570 eorum
1605 1515 1984 1579 hereditatem,

413 1613 775 1670 hereditatem
825 1608 1001 1663 Israel
1049 1608 1243 1675 populo
1293 1624 1408 1662 suo.
1464 1607 1556 1662 Bis
1613 1609 1986 1664 hmrcditatem

412 1708 570 1771 dixit,
610 1714 664 1759 ut
702 1703 849 1758 illius
903 1702 1197 1772 provincia
1242 1703 1548 1757 ubertatem
1585 1702 1894 1767 denotaret,
1925 1717 1989 1757 ac

413 1801 458 1852 si
494 1798 746 1854 diceret:
789 1795 1205 1862 llatreditatcm,
1242 1794 1388 1859 dico,
1422 1809 1486 1848 ac
1518 1809 1643 1849 vere
1693 1794 1986 1849 haeredita-

417 1901 544 1944 tetu.

2092 689 2195 757 ’Ὡτ
2234 686 2504 751 βασιλέα
2541 688 2652 758 τῆς
2707 688 2936 743 Βασάν.
2969 690 3124 761 Σηὼν
3158 689 3261 759 μὲν
3292 687 3404 757 γὰρ
3454 687 3676 756 πλούτῳ

2091 782 2190 835 καὶ
2250 782 2646 854 στρατοπέδοις
2694 782 3021 851 περιϐόητος
3050 776 3151 851 ἦν’
3218 780 3321 848 ’Ὣγ
3343 778 3402 832 δὲ
3452 778 3677 847 μεγέθει

2089 877 2184 930 καὶ
2222 876 2383 950 ῥώμῃ
2434 875 2689 946 σώματος
2711 875 3194 946 πολυθρύλλητος*
3243 874 3380 943 φασὶ
3441 871 3542 942 γὰρ
3573 873 3678 924 αὐ.

2086 970 2178 1021 τὸν
2199 971 2292 1022 καὶ
2329 968 2487 1038 κλίνῃ
2540 969 2738 1039 σιδηρᾷ
2791 966 3116 1040 κεχρῆσθαι,
3158 963 3314 1020 ὶννέα
3357 964 3458 1035 μὲν
3485 964 3678 1033 πηχῶν

2063 1061 2149 1114 ’τὸ
2180 1061 2375 1130 μῆκος,
2401 1059 2564 1114 πέντε
2591 1060 2648 1113 δὲ
2675 1061 2737 1114 τὸ
2765 1056 2925 1129 εὖρος
2969 1058 3192 1129 ἐχούσῃ.

2160 1242 2268 1298 Καὶ
2307 1243 2512 1308 πάσας
2537 1242 2642 1309 τὰς
2670 1242 3002 1308 βασιλείας
3034 1238 3300 1294 Χαναὰν.
3332 1238 3448 1308 Τῆς
3475 1235 3683 1290 Παλαι-

2090 1334 2279 1405 στίνης
2303 1338 2360 1388 ὲν
2463 1335 2616 1398 ἔθνος
2669 1333 2855 1397 ιδικῶς
2914 1333 3066 1405 παρὰ
3131 1330 3317 1386 τ’ἄλλα
3373 1330 3676 1383 Χαναναῖοι

2090 1423 2458 1491 καλούμενον.
3346 1438 3351 1441 ‘

2162 1515 2273 1568 Kal
2293 1514 2482 1569 ἔδωκε
2498 1514 2615 1581 τὴν
2639 1512 2756 1584 γῆν
2776 1513 2977 1567 αὐτῶν
2991 1512 3429 1580 κληρονομίαν,
3455 1514 3678 1579 alapa-

2088 1608 2308 1677 νομὶαν
2358 1606 2614 1675 Ἰσραὴλ
2635 1605 2763 1672 λαῷ
2779 1605 2988 1660 αὑτοῦ.
3009 1605 3101 1667 Δὶς
3125 1600 3246 1657 εἶπε
3275 1602 3676 1672 κληρονομίαν,

2088 1698 2150 1750 τὸ
2201 1698 2435 1771 δαψιλὲς
2473 1698 2646 1766 αὐτῆς
2702 1695 3011 1767 ἐμφαίνων,
3075 1692 3469 1765 κληρονομίαν,
3509 1677 3707 1756 ὅντως⁵

2098 1791 2499 1862 κληρονομίαν.

3700 1433 3711 1471 ἰ

3699 1484 3707 1523 l

490 1979 655 2034 Vens.
697 1978 787 2034 15.
828 1977 1075 2042 Domine,
1124 1992 1312 2030 nomen
1347 1987 1495 2029 tuum
1550 1978 1603 2029 in
1634 1977 1906 2039 swculum,
1936 1984 1986 2031 et

2167 1975 2363 2043 Κύριε,
2401 1974 2467 2028 τὸ
2527 1973 2719 2043 ὄνομά
2778 1989 2896 2027 σου
2947 1975 3037 2039 εἰς
3081 1972 3189 2026 τὸν
3209 1971 3419 2038 αἰῶνα,
3462 1970 3560 2024 καὶ
3615 1970 3684 2024 τὸ

420 2069 723 2125 memoriale
762 2077 911 2122 tuum
966 2068 1018 2120 in
1059 2068 1450 2137 generationem
1483 2077 1533 2119 et
1578 2069 1990 2137 generationem.

419 2165 738 2232 Propterea,
785 2159 986 2229 inquit,
1035 2173 1232 2214 nomen
1270 2168 1442 2224 tuum,
1494 2174 1559 2212 ac
1592 2159 1858 2213 memoria
1899 2165 1994 2212 tua

420 2256 473 2307 in
506 2255 767 2311 saeculum
799 2267 968 2327 atque
1003 2257 1057 2310 in
1089 2271 1282 2312 omnes
1318 2258 1708 2325 generationes
1732 2264 1993 2325 perpetua

418 2348 556 2400 erit:
595 2348 736 2416 apud
769 2363 864 2403 eas
895 2348 1183 2414 nimirum,
1216 2349 1307 2418 qui
1340 2348 1713 2419 hujuscemodi
1750 2362 1780 2401 a
1814 2356 1867 2401 te
1903 2350 1996 2402 be-

421 2440 633 2495 neﬁciis
658 2440 846 2496 donati
878 2453 1023 2496 sunt.

492 2528 656 2585 Vens.
698 2531 786 2586 Η.
814 2531 952 2597 Quia
976 2532 1245 2601 jadicabit
1270 2534 1525 2589 Dominus
1543 2535 1791 2604 populum
1816 2549 1991 2587 suum.

422 2646 490 2658 -ο
527 2618 798 2675 ludicabit
847 2638 968 2677 cum
1020 2639 1119 2691 pro
1150 2623 1466 2679 Ulciscetur
1499 2639 1647 2690 eum,
1678 2627 1896 2697 quoties
1930 2626 1999 2680 ab

423 2713 666 2769 inimicis
705 2714 871 2769 lassus
910 2714 1091 2780 fuerit,
1132 2717 1235 2772 hoc
1286 2724 1393 2781 est,
1439 2718 1649 2787 justum
1707 2719 1757 2773 ei
1810 2718 2002 2773 reddet

421 2804 717 2873 judicium.

497 2891 567 2945 Et
599 2893 653 2944 in
680 2893 844 2947 servis
882 2895 994 2949 suis
1024 2896 1354 2952 exorabitur.
1399 2898 1511 2954 Hoc
1541 2909 1646 2957 est.
1673 2901 1738 2956 ad
1777 2910 2002 2957 orantes

426 2990 480 3037 et
511 2983 798 3052 placantes
824 3000 947 3039 cum
994 2994 1185 3042 servos
1233 3004 1363 3043 suos
1403 2988 1672 3045 ﬂectetur.
1709 2992 1800 3045 Vel
1833 3008 2002 3062 pupu-

425 3075 535 3126 lum
568 3075 789 3143 quidem
822 3086 1139 3144 peccantetn
1171 3079 1469 3149 judicabit,
1516 3092 1570 3136 et
1605 3098 1796 3152 pmnas
1831 3085 1903 3139 ab
1937 3101 2003 3140 eo

423 3165 624 3233 exiget,
657 3181 687 3219 a
736 3168 1131 3235 paenitentibus
1167 3185 1294 3227 vero
1340 3174 1682 3242 exorabitur,
1717 3185 1879 3246 atque
1906 3193 2003 3234 eos

427 3256 732 3325 adiuvabit.

500 3347 791 3406 Vens.15.
845 3349 999 3406 Idola
1054 3356 1284 3424 gentium
1339 3368 1617 3427 argentum
1685 3372 1735 3414 et
1784 3376 2001 3423 aurum,
2034 3350 2074 3404 (ἶ

426 3456 583 3505 opera
617 3457 870 3495 manuum
893 3442 1184 3496 hominum.
1218 3443 1603 3514 llujusccmodi
1637 3450 1799 3503 verba
1833 3450 2000 3503 habes

424 3534 589 3586 etiam
629 3534 686 3588 in
736 3532 944 3603 psalmo
973 3551 1126 3591 CXIII.
1156 3535 1482 3606 Atquiapnd
1533 3554 1632 3594 nos
1665 3550 1795 3594 snnt
1835 3542 1999 3594 etiam

426 3633 746 3678 sanctorum
777 3623 1070 3694 imagines,
1097 3640 1220 3694 quae
1265 3633 1320 3680 et
1348 3642 1567 3694 aurum,
1614 3637 1776 3697 atque
1807 3642 2004 3702 argen-

429 3721 542 3764 tum
557 3718 753 3765 suntet
768 3725 935 3780 opera
961 3726 1221 3766 manuum
1270 3712 1586 3779 hominum;
1617 3730 1801 3771 verum
1827 3719 2002 3771 enim-

432 3816 562 3855 vero
600 3801 744 3855 idola
797 3815 906 3854 non
941 3811 1106 3857 sunt:
1150 3803 1409 3871 quoniam
1453 3804 1725 3861 idolorum
1756 3808 2005 3878 quidem,

433 3889 624 3956 prima:
654 3892 893 3957 species,
945 3906 1009 3944 ac
1056 3891 1235 3959 prima
1262 3905 1452 3944 eorum
1485 3904 1839 3963 argumenta,
1871 3896 2008 3952 falsa

430 3993 558 4032 sunt
584 3999 597 4033 :
627 3978 822 4034 fabulae
854 3979 1137 4045 nimirum,
1171 3996 1293 4051 quae
1320 3982 1470 4036 nulla
1504 3984 1580 4037 rei
1614 3986 1843 4042 veritate
1874 3990 2008 4043 sub-

432 4071 658 4128 sistunt.
716 4071 854 4127 Deos
906 4072 1109 4126 etenim
1158 4073 1261 4128 sibi
1314 4075 1604 4130 ascribunt
1648 4088 1859 4147 gentes,
1915 4082 2009 4151 qui

430 4167 516 4222 dei
571 4181 677 4220 non
712 4174 866 4231 sunt,
903 4165 996 4219 sed
1024 4165 1302 4220 daemones
1351 4168 1489 4222 falso
1520 4168 1625 4224 sibi
1665 4170 2010 4228 divinitatem

2092 2069 2496 2139 μνημόσυνόν
2543 2084 2661 2121 σου
2724 2069 2809 2132 εἶς
2861 2067 3079 2136 γενεὰν
3133 2064 3232 2118 καὶ
3286 2049 3524 2133 γενεάν.
3584 2063 3683 2117 Διὰ

2096 2161 2293 2223 ταῦτα,
2325 2160 2482 2231 φησι,
2524 2160 2586 2213 τὸ
2629 2159 2806 2229 ὄνομα
2839 2175 2934 2212 σου
2972 2159 3117 2225 καὶὴ
3155 2160 3345 2228 μνήμη
3378 2172 3473 2210 σου
3534 2156 3685 2209 ἀΐδια

2099 2252 2339 2316 ἔσονται,
2369 2252 2451 2313 εἰς
2480 2252 2574 2304 τὸν
2601 2250 2798 2313 αἰῶνα,
2830 2251 2925 2304 καὶ
2953 2251 3031 2312 εἰς
3058 2250 3237 2312 πάοας
3289 2249 3505 2317 γενεὰς,
3532 2246 3686 2317 παρὰ

2098 2346 2211 2407 τοῖς
2224 2344 2399 2416 τούτῳ
2426 2344 2898 2415 εὐεργετηθεῖσιν.

2171 2531 2306 2585 “Ott
2363 2529 2555 2599 κρινεῖ
2614 2529 2830 2597 Κύριος
2851 2527 2957 2581 τὸν
3019 2527 3173 2581 λαὸν
3222 2525 3429 2580 αὐτοῦ.
3493 2524 3688 2592 Κρινεῖ

2101 2623 2283 2690 αὑτὸν,
2316 2623 2484 2692 ἧγουν
2513 2623 2792 2694 ἐκδικήσει
2818 2621 3196 2693 βλαπτόμενον
3220 2621 3350 2693 παρ’
3374 2618 3611 2694 ἔχθροις.

2166 2896 2277 2951 Kal
2307 2895 2419 2950 ini
2462 2897 2590 2961 τοῖς
2631 2896 2876 2961 δούλοις
2912 2896 3098 2950 αὑτοῦ
3130 2895 3683 2962 παρακληθήσεται.

2116 2988 2441 3057 ἰλουμένοις
2480 2988 2664 3049 αὐτὸν,
2719 2986 3300 3056 ὲπικαμςρθήτεταιοῆ
3336 2988 3513 3055 κρινεῖ
3584 2985 3688 3054 μὲν

2102 3081 2195 3134 τὸν
2253 3081 2384 3135 λαὸν
2430 3081 2844 3150 ἁμαρτάνοντα.
2903 3081 2997 3133 καὶ
3061 3080 3285 3143 δικαίως
3347 3079 3687 3147 ἀπαιτήσειο

2110 3174 2502 3246 μετανοοῦντος
2527 3175 2586 3228 δὲ
2646 3173 3156 3245 παρακληθήσεται,
3208 3175 3302 3226 καὶ
3337 3172 3688 3244 ἀντιλήψεται

2105 3267 2312 3323 αὐτῶν.

2191 3359 2273 3414 Τὰ
2301 3360 2521 3414 εἴδωλα
2549 3359 2668 3413 τῶν
2721 3361 2913 3417 ἐθνῶν
2933 3363 3218 3430 ἀργύριον
3252 3362 3351 3416 καὶ
3406 3358 3686 3430 χρυσίον,

2110 3449 2256 3518 ἔργα
2280 3449 2497 3520 χειρῶν
2517 3451 2865 3520 ἀνθρώπων.
2897 3449 3032 3507 Eine
3056 3452 3219 3507 τοῦτο
3264 3455 3360 3507 καὶ
3391 3454 3448 3505 ὲν
3479 3451 3554 3521 τῷ
3582 3448 3688 3521 ριγ⁹

2109 3540 2346 3610 ψαλμῷο
2382 3543 2477 3595 καὶ
2539 3543 2645 3614 μὴν
2686 3545 2777 3597 καὶ
2832 3546 2889 3598 αἱ
2946 3546 3075 3615 παρ’
3111 3547 3244 3615 ἡμῖν
3287 3546 3439 3612 ἅγιαι
3476 3543 3691 3604 εἰκόνες

2109 3632 2373 3702 ἀργύριον
2432 3636 2524 3687 καὶ
2604 3636 2846 3705 χρυσίον,
2904 3636 3041 3705 ἔργα
3112 3637 3310 3707 χειρῶν
3363 3632 3689 3704 ἀνθρώπων,

2112 3725 2229 3776 ἀλλ’
2282 3726 2383 3776 οὐκ
2446 3725 2665 3787 εῐδωλα,
2723 3728 2805 3780 ὅτι
2857 3729 3085 3799 ἐκείνων
3119 3727 3218 3796 μὲν
3257 3729 3325 3780 τὰ
3360 3725 3692 3795 πρωτότυπα

2110 3813 2463 3867 ἀνυπόστατα
2515 3816 2612 3867 καὶ
2663 3816 2858 3885 ψευδῆ.
2888 3818 3059 3880 Θεοὺς
3087 3819 3195 3888 γὰρ
3223 3818 3562 3888 ἐπεφήμιζον
3588 3818 3691 3869 οὐκ

2111 3905 2296 3967 ὖντας.
2358 3906 2496 3960 ἀλλὰ
2547 3907 2806 3978 δαίμονας
2854 3909 3224 3980 ψευδομένους
3266 3912 3366 3981 τὴν
3419 3909 3690 3978 θεότητα·

2112 3999 2224 4051 τῶν
2253 3998 2310 4053 δὲ
2344 4002 2475 4070 παρ’
2494 4003 2628 4070 ἡμῖν
2682 4002 2909 4056 εἰκόνων
2938 4003 3004 4056 τὰ
3047 4003 3383 4073 πρωτότυπα
3410 4000 3562 4062 ὄντα,
3597 3998 3695 4052 καὶ

2112 4089 2474 4159 ἀληθεύοντα,
2508 4091 2536 4145 ὅ
2556 4093 2853 4148 καλοῦνται
2887 4110 2903 4125 ⁸
2938 4094 3170 4146 κάκεῖνα
3204 4093 3300 4161 μὲν
3333 4089 3531 4144 εἴδωλα
3559 4106 3692 4160 tua-

2120 4182 2250 4252 ρῶν,
2273 4183 2444 4238 ταῦτα
2483 4184 2568 4253 δὲ,
2607 4186 2815 4248 εἰκόνες
2843 4185 3035 4254 ἁγίων.

430 4267 784 4325 arrogantes;
813 4271 1003 4312 verum
1030 4267 1348 4315 sanctorum
1382 4270 1699 4319 nostrorum
1730 4263 2003 4336 imagines
2042 4273 2249 4341 primas
2280 4292 2411 4333 suas
2446 4280 2659 4348 species
2688 4294 2847 4335 veras
2874 4280 3097 4345 habent,
3152 4294 3218 4333 ac
3252 4278 3426 4349 prima
3494 4286 3686 4330 eorum

432 4361 774 4420 argumenta,
808 4366 937 4407 vera
966 4358 1135 4406 sunt:
1167 4351 1429 4421 quoniam
1477 4355 1780 4410 secundum
1808 4372 1997 4411 veram
2037 4376 2220 4417 rerum
2243 4366 2553 4429 historiam,
2575 4382 2702 4422 vere
2756 4367 2808 4420 id
2840 4366 3063 4422 inerunt
3113 4368 3263 4438 quod
3322 4365 3687 4438 appellantur,

433 4453 488 4497 rt
531 4457 657 4498 vera
699 4444 866 4498 etiam
927 4457 1274 4513 quaecunque
1328 4444 1397 4499 de
1437 4445 1657 4501 illorum
1709 4449 1822 4502 vita
1868 4463 1935 4503 ac
1977 4456 2403 4513 conversatione
2452 4459 2767 4515 traduntur.
2827 4459 2983 4516 Unde
3028 4461 3174 4516 idola
3212 4460 3575 4516 scelestorum
3629 4468 3695 4507 ac

433 4541 898 4612 uequissimoruttt
934 4540 1217 4595 hominum
1253 4548 1348 4595 aut
1377 4542 1687 4597 daemonum
1760 4551 1895 4597 sunt
1942 4543 2284 4606 siuutlacra:
2344 4564 2550 4611 nostrae
2589 4565 2794 4620 autem,
2854 4565 3174 4611 sanctorum
3239 4564 3296 4611 et
3355 4552 3695 4612 clarissimo-

435 4653 555 4691 rum
588 4637 899 4700 hominum,
929 4637 1218 4708 imagines.

504 4735 673 4789 Vstts.
717 4734 804 4798 16,
847 4734 938 4791 l7.
975 4733 1048 4790 Os
1072 4735 1259 4790 habent
1281 4745 1330 4789 et
1358 4753 1463 4791 non
1498 4737 1798 4807 loquentur,
1831 4740 2000 4795 oculo:

2186 4745 2385 4813 Στόμιι
2401 4743 2642 4812 ἔχουσι,
2681 4741 2779 4795 καὶ
2808 4741 2882 4794 οὐ
2904 4738 3318 4805 λαλήσουσιν,
3345 4735 3699 4808 ὀφθαλμοὺς

435 4830 623 4882 habent
650 4838 697 4881 et
725 4842 828 4881 non
856 4826 1124 4892 videbunt,
1161 4845 1316 4883 aures
1339 4815 1532 4884 habent
1551 4840 1601 4885 et
1632 4848 1734 4885 non
1764 4831 2006 4888 audient.

435 4922 561 4977 "me
596 4923 757 4976 verba
790 4920 906 4988 pari
940 4918 1103 4973 modo
1134 4919 1245 4972 illic
1275 4923 1441 4975 etiam
1480 4922 1773 4992 habentur,

506 5012 693 5081 Neque
720 5012 861 5068 enim
885 5020 966 5065 est
996 5010 1219 5079 spiritus
1243 5010 1298 5063 in
1329 5027 1419 5065 ore
1448 5027 1648 5066 eorum.
1685 5013 1885 5070 Reddit
1916 5031 2005 5069 ra-

436 5108 643 5162 tionem
673 5104 973 5174 Propheta,
1004 5112 1058 5157 et
1088 5101 1266 5165 docet,
1317 5105 1597 5172 quomodo
1629 5106 1775 5161 idola
1822 5109 2006 5163 omnia

436 5198 698 5252 sensibus
748 5201 997 5251 careant.
1049 5193 1116 5248 Et
1159 5193 1492 5259 delectatur,
1537 5195 1668 5250 dum
1722 5199 1777 5253 in
1816 5215 2005 5253 eorum

434 5287 790 5343 accusatione
837 5296 999 5354 atque
1029 5284 1463 5353 reprehensione
1493 5301 1799 5343 sermonem
1847 5304 2006 5345 suum

438 5381 613 5449 magis
642 5378 914 5434 extendit.

510 5472 674 5527 Vsus.
716 5472 806 5527 l8.
849 5471 1061 5527 Similes
1079 5472 1212 5539 ﬁant
1228 5473 1328 5539 eis,
1359 5474 1448 5542 qui
1478 5474 1779 5542 faciuntea,
1812 5487 1859 5529 et
1896 5494 2006 5529 om-

440 5580 527 5618 nes
557 5566 646 5633 qui
674 5565 947 5634 conﬁdunt
980 5565 1035 5616 in
1075 5564 1168 5617 eis.
1199 5563 1408 5618 Ibidem
1432 5565 1596 5619 etiam
1635 5566 2013 5632 hujuscemodi

443 5652 711 5707 habentur
742 5657 923 5709 verba.

517 5745 677 5799 Vens.
722 5744 812 5811 l9,
850 5747 942 5802 ΞΟ.
984 5747 1183 5801 Domus
1230 5747 1407 5802 Israel
1433 5747 1719 5802 benedicite
1767 5747 2014 5808 Domino.

442 5836 629 5889 domus
655 5834 836 5887 Aaron
874 5835 1162 5892 benedicite
1196 5837 1445 5902 Domino,
1471 5840 1659 5894 domus
1694 5839 1819 5894 Levi
1862 5841 2013 5895 bene-

447 5928 604 5981 dicite
629 5923 853 5980 Domino
878 5940 894 5977 :
923 5928 1012 5996 qui
1039 5930 1235 5983 timetis
1267 5930 1547 5987 Dominum
1584 5934 1868 5987 benedicite
1908 5933 2012 5987 υο·

2115 4833 2354 4904 ἔχουσι,
2412 4832 2510 4887 καὶ
2569 4833 2683 4886 οὐκ
2739 4830 3017 4900 ἅψονται,
3047 4825 3172 4884 ὦτα
3196 4829 3434 4898 ἔχουσι,
3461 4828 3558 4882 καὶ
3583 4828 3698 4881 οὐκ

2115 4922 2646 4990 ὲνωτισθήσονται.
2685 4918 2823 4974 Eine
2852 4923 2947 4975 καὶ
2976 4920 3151 4974 ταῦτα
3174 4920 3312 4973 ἐκεῖ.

2189 5016 2345 5071 Οὐδὲ
2374 5014 2486 5085 γάρ
2529 5016 2663 5069 ἐστι
2695 5013 2936 5083 πνεῦμα
2959 5014 3031 5066 ἐν
3070 5009 3151 5077 τῷ
3191 5013 3441 5080 στόματι
3472 5008 3690 5064 αὐτῶν.

2117 5108 2289 5163 Τοῦτο
2337 5108 2486 5161 αἰτία
2542 5109 2640 5178 τῆς
2668 5106 3058 5175 ἀναισθησίας·
3123 5104 3501 5175 ὲμφιλοχωρετ
3539 5102 3594 5156 δὲ
3624 5103 3692 5171 τῇ

2118 5201 2403 5275 κωμῳδίᾳ,
2434 5204 2720 5255 ἐπιτείνων
2748 5200 2849 5270 τὴν
2887 5199 3143 5270 διαϐολὴν
3174 5198 3380 5251 αὐτῶν.

2190 5480 2422 5548 ’Ὅμοιοι
2476 5477 2680 5542 αὐτοῖς
2736 5476 3007 5545 γένοιντο
3048 5477 3103 5528 ol
3158 5474 3474 5537 ποιοῦντες
3517 5470 3691 5534 αὐτὰ,

2118 5570 2216 5624 καὶ
2267 5570 2491 5635 πάντες
2516 5572 2571 5622 οι
2620 5571 2972 5631 πεποιθότες
3022 5566 3114 5618 ἐπ’
3144 5565 3369 5632 αὐτοῖς.
3423 5563 3569 5618 Ἐκεῖ
3598 5564 3695 5616 καὶ

2118 5662 2288 5716 ταῦτα
2320 5664 2378 5714 ὲν
2412 5661 2489 5729 τῷ
2520 5667 2623 5729 ριγν
2643 5659 2866 5730 ψαλμῷ.

2191 5750 2365 5818 Οἶκος
2392 5752 2666 5819 Ἰσραὴλ,
2702 5750 3083 5819 εὐλογήσατε
3106 5750 3213 5803 τὸν
3236 5750 3458 5817 Κύριον
3482 5766 3495 5777 ’
3528 5743 3693 5812 οἶκος

2115 5848 2367 5915 Ἀαρὼν,
2380 5846 2755 5917 εὐλογήσατε
2774 5846 3130 5913 τόνΚύριον’
3149 5841 3315 5911 οἶκος
3332 5843 3494 5909 Ava,
3515 5844 3691 5895 εὐλο-

2122 5940 2347 6009 γήσατε
2392 5938 2495 5992 τὸν
2516 5938 2733 6006 Κύριον
2768 5952 2779 5965 ·
2824 5940 2878 5991 ol
2907 5936 3267 6007 φοϐούμενοι
3300 5937 3409 5989 τὸν
3450 5935 3691 6003 Κύριον,
