4112 6416
2307 276 2337 306 δ

441 470 584 536 1237
1610 474 1999 535 COMMENT.
2033 474 2035 479 ⁴

2150 475 2505 538 PSALMOS.
2780 492 2803 505 ‘
3574 485 3711 550 1238

437 585 815 655 edim-ﬂown
853 586 961 642 τὸν
988 587 1229 658 Κύριον.
1298 588 1386 641 Ἐν
1445 589 1643 659 ἐκείνῳ
1677 592 1771 642 καὶ
1821 589 2027 660 ταύτην

2142 589 2298 646 mino.
2330 592 2445 648 Illic
2478 593 2647 649 etiam
2681 596 3063 666 huiuscemodi
3093 600 3353 657 ordinum
3383 601 3709 662 divisionem

440 680 739 749 ἐποιήσατο
799 680 898 748 τὴν
969 680 1241 747 διαίρεσιν
1300 680 1409 733 τῶν
1473 683 1841 753 πραγμάτιον.
1917 683 2030 738 Καὶ

2142 682 2290 746 fecit,
2339 686 2431 739 ubi
2468 686 2617 753 vide,
2669 705 2792 759 qua:
2822 707 2918 761 per
2948 707 3051 748 nos
3098 692 3154 748 in
3184 694 3533 764 expositione
3563 697 3709 752 dicta

441 771 685 843 ζήτησον
731 772 830 845 τὴν
853 775 969 825 ἐκεῖ
1002 773 1258 844 ῥηθεῖσαν
1279 773 1541 846 ἐξήγησιν
1560 793 1574 808 ο
1615 775 1731 829 ἀλλ’
1765 778 1883 829 ἐκεῖ
1909 776 2028 847 μὲν,

444 867 705 920 Ἦλπισε
736 867 1069 935 γέγραπται,
1108 866 1340 920 ἐνταῦθα
1365 868 1442 932 δὲ,
1480 869 1896 937 Εὐλογήσατε,
1943 868 2031 922 διὰ

440 958 541 1021 τὰς
565 958 903 1029 δηλωθείσας
938 958 1281 1028 εὐεργεσίας,
1353 959 1536 1011 Εἰπὼν
1581 959 1639 1012 δὲ
1670 962 1761 1012 τὸν
1791 958 2027 1031 Ἀαρὼν,

443 1051 748 1121 ἀνέδραμεν
769 1053 847 1114 είς
878 1053 969 1103 τὸν
1006 1051 1302 1121 φύλαρχον,
1331 1051 1763 1123 καθολικώτερον
1798 1054 1889 1106 καὶ
1927 1070 2030 1121 φα-

445 1142 754 1213 νερώτερον
778 1144 869 1197 τὸν
899 1143 1058 1212 λόγον
1092 1145 1286 1197 ποιῶν.
1880 1136 1881 1139 ¹

515 1322 864 1391 Εὐλογητὸς
891 1325 1105 1392 Κύριος
1139 1324 1208 1378 ἐκ
1246 1326 1420 1379 Σιὼν.
1468 1324 1700 1398 Εἴρηται
1739 1328 1832 1381 καὶ
1868 1329 1927 1382 ὲν
1956 1328 2030 1398 τῷ

447 1411 570 1480 px?
604 1411 830 1481 ψαλμῷ.

527 1502 593 1558 '0
655 1503 952 1558 κατοικῶν
1014 1507 1439 1577 Ἰερουσαλήμ.
1513 1508 1601 1561 Ἐν
1656 1509 1732 1579 τῷ
1784 1510 1897 1582 ναῷ
1934 1512 2030 1581 τῆς

455 1592 838 1666 Ἰερουσαλήμ.
1198 1654 1201 1655 ,

1047 1689 1423 1759 Ἀλληλούϊα.

971 1779 1267 1835 ΨΑΛΜΟΣ
1313 1783 1397 1835 ΡΛ
1407 1783 1483 1836 E'.

519 1868 626 1921 Kal
643 1862 796 1933 οὗτος
820 1873 847 1923 ὁ
870 1871 1081 1941 ψαλμδς
1112 1873 1189 1944 τῷ
1225 1875 1331 1944 πρὸ
1360 1874 1527 1929 αὑτοῦ
1553 1876 1816 1947 συνᾴδων,
1838 1877 2029 1949 ὁμοίαν

449 1956 562 2029 ἔχει
601 1959 701 2031 τὴν
737 1964 1075 2034 ἐπιγραφήν.

519 2144 1023 2216 Ἐξομολογεῖσθε
1080 2149 1160 2216 τῷ
1193 2154 1409 2220 Κυρίῳ,
1433 2154 1521 2207 ὅτι
1546 2156 1791 2225 ἀγαθὸς,
1821 2156 1911 2211 ὅτι
1940 2162 2027 2226 εἰς

446 2239 558 2293 τὸν
580 2239 767 2293 αἰῶνα
798 2241 867 2294 τὸ
918 2241 1094 2309 ἔλεος
1149 2244 1361 2300 αὑτοῦ.
1438 2247 1828 2317 Εὐχαριστεῖτε
1878 2251 2028 2322 αὐτῷ

451 2332 590 2401 ὑπὲρ
606 2330 715 2384 τῶν
747 2332 952 2401 ὁμοίων
969 2335 1323 2404 εὐεργεσιῶν.
1361 2337 1762 2409 Ἐρμηνεύεται
1791 2341 1847 2394 δὲ
1874 2337 2028 2407 οὗτος

449 2425 476 2475 ὁ
506 2424 687 2493 στίχος
733 2426 830 2479 καὶ
866 2428 924 2479 ὲν
983 2430 1047 2497 τῇ
1083 2429 1231 2500 ἀρχῇ
1284 2428 1378 2483 τοῦ
1447 2430 1521 2501 ρε¹
1562 2432 1781 2503 ψαλμοῦ
1830 2436 2030 2505 τρόπον

448 2514 659 2585 ἕτερον,
717 2515 814 2568 καὶ
873 2518 929 2569 ἐν
974 2518 1117 2581 ὅλοις
1162 2518 1219 2571 δὲ
1253 2522 1367 2583 τοῖς
1396 2521 1599 2591 ἐφεξῆς
1628 2524 1835 2594 στίχοις
1866 2526 2035 2594 ἀκρο-

451 2604 721 2662 τελεύτιον
753 2609 833 2674 τὸ,
885 2612 965 2663 ὅτι
999 2613 1102 2676 Εἰς
1127 2610 1234 2665 τὸν
1283 2611 1469 2666 αἰῶνα
1499 2614 1567 2667 τὸ
1606 2613 1780 2682 ἕλεος
1822 2618 2031 2683 αὐτοῦ,

452 2700 588 2771 πρὸς
622 2702 876 2756 ἐπίτασιν
910 2704 1004 2756 τοῦ
1037 2702 1210 2774 ὕμνου
1242 2704 1335 2758 τοῦ
1369 2705 1614 2761 τοιούτου
1632 2708 1840 2772 ἐλέους,
1873 2708 1908 2778 ἢ
1942 2712 2035 2764 καὶ

451 2792 589 2862 πρὸς
619 2792 903 2864 ἔκπληξιν.

526 3067 1022 3139 Ἐξομολογεῖσθε
1042 3068 1122 3134 τῷ
1154 3070 1277 3135 Θεῷ
1311 3071 1430 3126 τῶν
1464 3072 1636 3129 θεῶν.
1676 3074 1799 3129 Τῶν
1830 3076 2038 3146 ψευδω-

456 3159 669 3229 νύμωνο
696 3162 745 3214 εἰ
781 3161 890 3233 γὰρ
922 3163 1014 3215 καὶ
1032 3164 1375 3234 ἠτιμωμένοι
1407 3167 1502 3219 καὶ
1531 3169 2038 3238 προσκεκρουκότες

2134 786 2284 833 sunt.
2317 778 2647 850 Quanquam
2682 782 2756 837 ibi
2784 784 3062 853 Propheta
3112 800 3341 856 sperare
3387 785 3583 856 jussit,
3623 788 3713 844 hic

2133 877 2319 924 autem
2392 871 2758 938 benedicere,
2818 883 3043 945 propter
3118 876 3378 945 praedicta
3448 877 3709 934 nimirum

2135 960 2419 1015 beneﬁcia.
2466 962 2687 1017 Etcum
2736 962 2922 1019 Aaron
2951 966 3284 1029 meminerit,
3330 966 3593 1037 deinceps
3640 969 3708 1023 ad

2133 1053 2310 1123 ipsius
2342 1053 2601 1110 Levitieze
2638 1057 2816 1112 tribus
2852 1059 3156 1127 principem
3215 1061 3586 1130 patriarcbam
3622 1076 3710 1116 re-

2132 1147 2331 1211 currit,
2361 1155 2421 1201 ut
2456 1164 2769 1205 sermonem
2803 1165 2966 1205 suum
3012 1152 3302 1208 clariorem
3354 1153 3629 1222 redderet,
3658 1163 3714 1209 et

2135 1243 2310 1307 magis
2342 1244 2741 1299 universalem.

2204 1333 2369 1390 Vens.
2405 1336 2497 1389 2|.
2540 1336 2852 1391 Benedictus
2887 1336 3141 1392 Dominus
3198 1339 3252 1392 iu
3295 1337 3445 1393 Sion.
3496 1338 3711 1393 Dictum

2133 1436 2219 1479 est
2256 1426 2309 1479 in
2344 1426 2555 1496 psalmo
2583 1443 2788 1482 cxxvn.

2205 1518 2311 1581 Qui
2336 1518 2541 1571 habitat
2580 1519 2634 1571 iu
2657 1519 2985 1575 Jerusalem.
3030 1518 3142 1576 Hoc
3173 1529 3283 1587 est,
3318 1522 3373 1576 in
3401 1523 3606 1593 templo
3638 1524 3716 1578 ci-

2135 1608 2321 1663 vitatis
2349 1606 2679 1665 Jerusalem.

2800 1704 3055 1759 Alleluia.
3232 1736 3243 1757 κ

2596 1796 2921 1854 PSALMUS
2992 1795 3256 1851 CXXXV.

2208 1892 2307 1945 Hic
2335 1891 2580 1962 psalmus
2610 1891 2779 1945 multa
2818 1889 3065 1960 proxime
3105 1886 3435 1959 praecedenti
3466 1900 3715 1943 consona

2133 1985 2364 2050 habens,
2395 1984 2633 2041 similem
2664 1984 2831 2038 etiam
2869 1981 3106 2037 sortitus
3146 1988 3232 2037 est
3265 1979 3711 2051 inscriptionem.

2208 2163 2376 2219 Vens.
2419 2163 2470 2218 l.
2517 2161 2861 2232 Con/itemini
2908 2159 3157 2223 Domino,
3228 2156 3480 2228 quoniam
3529 2154 3717 2218 bonus,

2132 2257 2387 2326 quoniam
2431 2255 2487 2309 in
2528 2254 2784 2309 statutum
2827 2250 3194 2305 misericordia
3233 2250 3370 2319 ejus.
3421 2246 3642 2303 Gratias
3668 2243 3719 2299 ei

2135 2348 2281 2417 agite
2309 2361 2410 2416 pro
2443 2343 2946 2400 innumerabilibus
2997 2342 3306 2397 beneﬂciis.
3365 2341 3488 2395 Alio
3538 2348 3719 2393 autem

2137 2439 2302 2493 modo
2335 2437 2484 2492 hunc
2532 2435 2867 2491 versiculum
2920 2433 3279 2505 exposuimus
3338 2432 3393 2485 in
3450 2429 3720 2501 principio

2136 2530 2333 2602 psalmi
2380 2544 2465 2584 ev.
2504 2526 2777 2597 Apposuit
2822 2525 2986 2579 etiam
3039 2523 3311 2593 Propheta
3344 2523 3512 2576 verba
3562 2520 3716 2574 lucc:

2139 2622 2405 2688 Quoniam
2444 2621 2501 2673 in
2540 2618 2792 2673 swculum
2846 2616 3216 2669 misericordia
3264 2613 3405 2682 ejus,
3458 2611 3722 2667 omnibus

2141 2710 2615 2781 subsequentibus
2685 2707 2998 2772 versiculis,
3071 2714 3130 2759 ut
3196 2703 3459 2773 majorem
3527 2701 3721 2755 divinae

2141 2801 2525 2870 huiuscemodi
2556 2798 2950 2855 misericordiae
2981 2796 3196 2851 laudem
3229 2809 3355 2850 esse
3386 2796 3721 2849 demonstra-

2141 2904 2245 2958 ret,
2297 2894 2379 2947 vel
2408 2896 2576 2947 etiam
2627 2900 2686 2945 ut
2733 2891 2999 2945 lectorem
3052 2890 3105 2941 in
3157 2886 3604 2950 admirationem,
3663 2900 3722 2940 ac

2142 2996 2426 3052 stuporem
2478 2985 2679 3038 divinae
2712 2982 3019 3050 maiestatis
3052 2978 3371 3033 adduceret.

2220 3077 2385 3131 Vens.
2421 3076 2477 3130 2.
2519 3074 2860 3144 Conﬁtemini
2896 3073 3000 3127 Deo
3023 3073 3276 3136 deorum;
3308 3071 3582 3142 quoniam,
3617 3077 3724 3123 etc.

2146 3171 2427 3229 Falsorum
2463 3168 2674 3223 scilicet
2714 3168 2963 3231 deorum,
3003 3168 3083 3219 vel
3119 3165 3346 3219 deorum
3387 3164 3509 3219 falsi
3548 3165 3725 3218 nomi-

452 3256 503 3306 οἱ
588 3254 864 3324 δαίμονες,
918 3255 1053 3310 ἀλλὰ
1125 3255 1301 3310 δοῦλοι
1373 3259 1469 3312 καὶ
1517 3259 1928 3324 ὑποκύπτοντες
1982 3261 2035 3328 ἐξ

2148 3262 2257 3318 nis.
2286 3261 2508 3314 illorum
2543 3258 2744 3313 etenim
2776 3258 2941 3312 etiam
2968 3257 3111 3312 Deus
3135 3267 3240 3311 est.
3272 3254 3405 3309 Nam
3432 3255 3532 3311 etsi
3558 3271 3585 3309 a
3617 3255 3728 3311 Deo

452 3347 725 3419 ἀνάγκης.

527 3623 1025 3695 Ἐξομολογεῖσθε
1086 3626 1166 3693 τῷ
1220 3631 1415 3698 Κυρίῳ
1473 3631 1592 3686 τῶν
1636 3635 1880 3702 κυρίων.
1918 3636 2041 3689 Τῶν

454 3716 812 3788 προσκαίρων
853 3719 1061 3788 κυρίων
1082 3737 1095 3751 ο
1128 3721 1159 3790 ἢ
1194 3723 1548 3795 προσκαίρως
1590 3725 1699 3780 τῶν
1741 3728 1842 3780 οὐκ
1872 3728 2038 3792 ὅντως

455 3807 660 3877 κυρίων
685 3823 700 3837 ’
718 3807 784 3863 '0
803 3812 1113 3879 Βασιλεὺς
1142 3813 1254 3883 γὰρ
1290 3814 1410 3869 τῶν
1426 3817 1907 3886 βασιλευόντων,
1943 3822 2043 3876 καί

455 3899 670 3967 Κύριος
695 3898 814 3953 τῶν
837 3904 1261 3969 κυριευόντων.

525 4178 613 4246 Τῷ
665 4181 992 4247 ποιήσαντι
1072 4181 1379 4252 θαυμάσια
1444 4185 1683 4255 μεγάλα
1727 4188 1913 4255 μόνῳ.
1966 4166 2042 4243 Τὸ

460 4272 640 4336 Μόνῳ
697 4273 835 4344 πρὸς
888 4274 1296 4345 ἅντιδιαστολὴν
1348 4280 1523 4331 κεῖται
1588 4279 1696 4333 τῶν
1744 4279 2038 4350 δαιμόνων.

455 4362 660 4433 Κύριον
687 4364 796 4435 γὰρ
822 4364 971 4433 λέγει
1016 4366 1108 4418 τὸν
1137 4367 1195 4419 ἐν
1222 4367 1372 4437 τρισὶ
1403 4368 1716 4436 πρὸσώποις
1745 4371 1841 4424 ἕνα
1876 4372 2030 4425 Θεόν.

532 4545 618 4612 Τῷ
646 4547 969 4613 ποιήσαντι
1021 4548 1163 4616 τοὺς
1191 4551 1492 4619 οὐρανοὺς
1523 4552 1593 4605 ἐν
1641 4552 1915 4609 συνέσει.
1953 4555 2042 4607 Ἐν

2148 3352 2466 3408 inhonorati
2496 3361 2625 3406 sunt
2649 3351 2949 3414 daemones,
2984 3348 3199 3418 ipsique
3236 3349 3343 3402 Deo
3377 3348 3581 3417 pariter
3626 3347 3728 3401 ad-

2144 3452 2458 3508 versentur,
2497 3449 2876 3497 verumtamen
2916 3448 2969 3495 et
3002 3435 3149 3494 illius
3191 3440 3333 3494 servi
3365 3444 3515 3504 sunt,
3545 3447 3598 3491 et
3631 3452 3729 3493 vo-

2144 3536 2344 3591 luntati
2369 3536 2489 3605 ejus
2522 3534 2838 3589 necessario
2866 3531 3257 3587 succumbunt.

2216 3626 2382 3683 Vens.
2420 3627 2475 3680 5.
2522 3624 2865 3694 Conﬁtemiui
2910 3622 3137 3677 Domino
3173 3621 3535 3686 dominorum,
3582 3635 3727 3689 quo-

2143 3720 2312 3783 niam,
2342 3725 2451 3772 etc.
2490 3716 2848 3770 Dominorum
2896 3715 3022 3768 dico
3055 3713 3219 3782 hujus
3266 3711 3473 3776 sreculi,
3522 3710 3617 3781 qui
3661 3709 3729 3763 ad

2144 3809 2420 3863 modicum
2472 3816 2689 3876 tempus
2740 3813 2978 3869 tantum,
3029 3809 3085 3858 et
3140 3816 3251 3857 non
3297 3810 3569 3872 perpetuo
3606 3808 3731 3856 sunt

2143 3899 2383 3964 domini;
2415 3907 2582 3967 atque
2619 3898 2742 3952 ideo
2775 3912 2905 3951 vere
2942 3893 3153 3949 domini
3184 3908 3291 3947 non
3326 3901 3478 3957 sunt,
3513 3888 3729 3945 tametsi

2144 3994 2219 4047 ita
2268 3993 2653 4063 appellentur:
2682 3988 2793 4043 Rea:
2837 3988 3007 4053 enim,
3037 3985 3239 4055 inquit.
3281 3984 3640 4055 regnantium,
3681 3990 3730 4036 et

2141 4084 2399 4139 Dominus
2425 4082 2813 4137 dominantium
2843 4079 2910 4136 “.

2214 4176 2385 4233 Vens.
2413 4177 2468 4231 4.
2500 4175 2564 4228 Ei
2588 4175 2677 4244 qui
2713 4174 2836 4243 fecit
2869 4169 3145 4225 mirabilia
3178 4184 3373 4239 magna
3404 4166 3573 4232 solus,
3601 4183 3733 4238 quo-

2146 4272 2313 4336 niam,
2336 4279 2446 4325 etc.
2481 4268 2669 4325 Solum
2705 4265 2866 4330 dixit,
2897 4265 2962 4319 ad
2992 4264 3264 4319 idolorum
3295 4260 3729 4316 distinctionem.

2145 4363 2277 4418 Nam
2311 4363 2517 4433 alioqui
2565 4376 2661 4431 per
2712 4358 3006 4413 Dominum
3041 4366 3167 4412 enm
3218 4353 3494 4424 intelligit,
3529 4352 3624 4424 qui
3674 4352 3732 4407 in

2149 4456 2321 4510 tribus
2351 4453 2603 4526 personis
2633 4468 2777 4507 unus
2811 4453 2956 4506 Deus
2987 4457 3090 4505 est.

2218 4551 2382 4606 Vens.
2413 4549 2467 4603 5.
2502 4547 2569 4600 Ei
2608 4546 2699 4616 qui
2745 4545 2867 4616 fecit
2915 4543 3071 4597 certos
3101 4541 3157 4595 in
3194 4537 3566 4609 intelligentia,
3606 4552 3737 4607 quo-

460 4637 622 4710 σοφίᾳ
641 4654 658 4670 ο
685 4644 1110 4711 προσμαρτυρεῖ
1138 4641 1197 4693 δὲ
1213 4641 1290 4712 τῷ
1311 4642 1433 4714 Θεῷ
1453 4643 1541 4696 διὰ
1589 4643 1698 4696 τῶν
1730 4644 2035 4715 εἰρημένων

2151 4646 2318 4713 uiam,
2355 4653 2465 4700 etc.
2497 4643 2556 4697 in
2595 4640 2866 4711 sapientia
2897 4639 3179 4693 nimirum.
3218 4636 3323 4692 Per
3350 4635 3609 4706 pradicet
3641 4646 3739 4687 au-

456 4729 792 4800 άγαθότητα,
818 4732 913 4784 καὶ
934 4732 1335 4802 ἐλεημοσύνην,
1355 4734 1451 4787 καὶ
1476 4733 1776 4804 κυριότητα
1794 4731 2039 4799 πάντων,

456 4823 553 4877 κοιλ⁸
577 4823 833 4894 δύναμιν,
869 4824 967 4877 καὶ
991 4824 1209 4893 σοφίαν.

530 5006 614 5072 Τῷ
634 5006 1034 5074 στερεώσαντι
1059 4962 1174 5075 rip.
1195 5006 1314 5076 γῆν
1327 5008 1426 5062 ἐπὶ
1451 5009 1568 5064 τῶν
1593 5009 1850 5067 ὑδάτων.
1876 5012 2047 5081 Εἴρη-

455 5115 547 5151 ται
586 5100 680 5153 καὶ
735 5100 791 5151 ὲν
819 5099 898 5168 τῷ
933 5099 1019 5168 κγ’
1050 5099 1252 5170 ψαλμῷ
1288 5116 1302 5130 ο
1343 5101 1538 5167 Αὐτὸς
1570 5101 1669 5155 ἐπὶ
1701 5103 2042 5158 θαλασσῶν

456 5187 854 5258 ἐθεμελίωσεν
893 5188 1110 5257 αὐτήν.
1140 5191 1248 5245 Καὶ
1281 5191 1438 5261 ζήτει
1474 5192 1574 5262 τὴν
1612 5194 1731 5246 ἐκεῖ
1755 5193 2041 5265 ἐξήγησιν.

537 5374 620 5440 Τῷ
668 5373 989 5440 ποιήσαντι
1039 5374 1206 5444 φῶτα
1244 5374 1481 5445 μεγάλα
1505 5378 1693 5445 μόνῳ,
1721 5376 1831 5431 τὸν
1866 5378 2047 5445 ἣλιον

459 5471 544 5535 εἰς
578 5468 875 5533 ἐξουσίαν
892 5468 1001 5537 τῆς
1022 5468 1400 5538 ἡμέρας,τήν
1422 5470 1723 5539 σελήνην,
1760 5473 1858 5525 καί
1902 5473 2045 5540 τοὺς

460 5560 739 5629 ἀστέρας,
773 5565 859 5627 εἰς
908 5561 1204 5625 ἐξουσίαν
1220 5560 1331 5630 τῆς
1367 5565 1609 5627 νυκτός.
1648 5564 1760 5618 Καὶ
1791 5566 2040 5636 ἐποίησε,

461 5655 648 5725 φησιν,
684 5657 712 5708 ὁ
762 5655 896 5719 Θεὸς
939 5656 1067 5719 τοὺς
1097 5655 1192 5709 δύο
1232 5656 1528 5726 φωστῆρας
1558 5656 1688 5717 τοὺς
1732 5658 2003 5726 μεγάλους
2026 5675 2039 5688 ·

460 5745 554 5799 τὸν
624 5749 891 5818 φωστῆρα
948 5749 1039 5801 τὸν
1113 5749 1286 5817 μέγαν
1328 5750 1409 5812 εἰς
1456 5747 1632 5819 ἀρχὰς
1682 5749 1781 5820 τῆς
1825 5750 2043 5822 ἡμέρας

536 5934 582 5965 ⁸⁵
610 5933 763 5988 Deut.
812 5948 868 5999 ι,
909 5931 1013 6001 l7;
1060 5930 1249 5988 iTim.
1276 5947 1351 5999 vr,
1389 5930 1493 5999 l5;
1530 5931 1700 6003 Apoc.
1735 5946 1851 6001 xu,
1886 5931 1971 5988 16.

2148 4745 2284 4803 tem,
2331 4748 2604 4791 summam
2663 4733 2772 4786 Deo
2791 4744 2919 4786 esse
2972 4736 3268 4784 attestatur
3316 4726 3637 4809 bonitatem,
3681 4728 3736 4777 et

2152 4824 2617 4886 misericordiam,
2644 4836 2941 4892 rerumque
2970 4819 3219 4875 omnium
3259 4818 3566 4873 dominium
3608 4827 3734 4871 cum

2152 4932 2366 4975 summa
2407 4916 2650 4987 potentia
2676 4923 2734 4970 et
2762 4912 3031 4985 sapientia
3059 4913 3109 4967 ei
3138 4909 3426 4966 adscribit.

2226 5009 2392 5067 Vsus.
2433 5009 2487 5064 6.
2528 5008 2595 5062 Ei
2640 5008 2733 5078 qui
2783 5007 3041 5063 stabilivit
3087 5015 3285 5059 terram
3335 5017 3493 5071 super
3542 5012 3733 5068 aquas,

2146 5106 2419 5173 quoniam,
2453 5112 2562 5158 etc.
2612 5101 2672 5156 In
2720 5102 2935 5171 psalmo
2982 5112 3117 5151 xxm
3206 5094 3345 5147 dixit
3396 5090 3561 5147 etiam
3602 5088 3737 5143 Pro-

2149 5197 2309 5267 pheta
2347 5215 2360 5251 :
2398 5195 2522 5264 Ipse
2563 5208 2721 5262 super
2757 5191 2930 5245 maria
2972 5185 3216 5259 fundauit
3253 5200 3394 5238 eam.
3438 5180 3574 5236 Vide
3612 5190 3736 5249 qua!

2146 5290 2259 5344 illic
2283 5289 2427 5344 dicta
2463 5295 2613 5341 sunt.

2226 5381 2386 5437 Vsus.
2423 5381 2542 5437 7-9.
2577 5377 2646 5432 Ei
2694 5377 2785 5447 qui
2828 5375 2948 5445 fecit
2996 5369 3289 5426 luminaria
3334 5381 3530 5436 magna
3561 5363 3732 5424 solus.

2154 5475 2445 5545 quoniam,
2506 5481 2615 5527 etc.
2675 5469 2851 5526 Solem
2906 5468 2960 5521 iu
3018 5470 3327 5534 potestatem
3396 5458 3537 5523 diei,
3602 5470 3734 5525 quo-

2155 5571 2323 5635 niam,
2357 5580 2460 5625 etc.
2512 5567 2718 5621 Lunam
2750 5574 2800 5618 et
2858 5562 3040 5617 stellas
3079 5559 3136 5612 in
3180 5562 3494 5627 potestatem
3543 5548 3735 5607 noctis.

2154 5662 2430 5735 quoniam,
2462 5673 2569 5715 etc.
2595 5687 2667 5698 —-
2698 5654 2766 5709 Et
2797 5654 2941 5725 fecit,
2980 5648 3181 5721 inquit,
3207 5644 3347 5700 Deus
3377 5642 3483 5696 duo
3510 5639 3741 5735 lumina.

2156 5756 2240 5810 ria
2272 5769 2502 5824 magna:
2538 5751 2802 5807 luminare
2837 5760 3085 5817 magnum
3130 5742 3183 5796 in
3217 5737 3565 5809 praefecturas
3610 5729 3736 5793 diei,
