4112 6468
437 456 581 521 1⁵2ί3

1667 459 2057 525 EUTHYMII
2104 465 2471 529 ZIGABENI

3569 474 3710 541 1244

435 570 738 625 deciderint
769 570 838 627 ab
881 570 985 640 eis,
1022 580 1084 627 ut
1113 586 1309 628 rursus
1347 571 1412 627 ad
1455 586 1646 628 eorum
1678 572 2017 629 desiderium

2147 594 2248 642 τους
2276 577 2387 631 τῶν
2425 577 2759 649 εὐεργεσιῶν
2813 579 2895 645 είς
2933 578 3291 656 συναίσθησιν
3319 583 3505 642 αὐτῶν
3548 587 3709 657 ἄγειν

436 674 945 719 commoverentur.
981 664 1093 719 lloc
1147 671 1309 736 pacto
1340 667 1487 720 enim
1544 665 1684 721 solet
1737 667 1906 732 Deus,
1949 667 2015 722 ad

2147 668 2216 720 ῑιὰ
2244 667 2344 734 τῆς
2360 667 2714 733 ἐκπτώσεως.

437 776 684 827 sensum,
718 769 884 830 atque
926 763 993 816 ad
1039 763 1429 834 cogitationem
1463 778 1560 817 eos
1590 778 1877 829 revocare,
1911 765 2007 834 qui
2035 763 2303 819 beneﬁcia
2354 764 2412 819 in
2463 781 2523 821 se
2555 766 2754 823 collata
2797 771 3162 843 neglexerint,
3202 782 3310 829 aut.
3349 789 3457 830 non
3503 789 3713 847 cogno-

437 854 619 907 verint
649 871 662 906 :
701 854 829 908 dum
864 854 987 910 illos
1012 855 1273 910 nimirum
1309 872 1338 910 a
1370 857 1652 912 concessis
1701 856 1861 912 donis
1898 857 2162 926 permittit
2200 858 2479 914 decidere.

510 940 681 998 Vsus.
716 944 769 1000 2.
795 944 858 998 In
888 945 1141 1000 salicibus
1170 948 1226 1000 in
1257 946 1430 1001 medio
1474 947 1591 1016 ejus
1651 946 2019 1016 sttspendimus

2210 950 2344 1004 Ἐπὶ
2372 950 2505 1017 ταῖς
2536 952 2722 1020 ἱτέαις
2751 953 2822 1008 ἐν
2843 953 3013 1024 μέσῳ
3065 956 3256 1025 αὐτῆς
3294 956 3715 1029 ἑκρεμάσαμεν

442 1050 646 1105 organa
676 1045 883 1089 nostra.
917 1037 976 1092 In
1019 1037 1290 1094 salicibus
1323 1039 1561 1103 scilicet,
1605 1054 1731 1108 quae
1759 1041 1814 1093 in
1870 1039 2021 1094 illius

2147 1038 2202 1093 τὰ
2232 1041 2458 1111 ὄργανα
2487 1041 2678 1113 ἡμῶν.
2717 1044 2840 1097 Ἐπὶ
2870 1048 2993 1110 ταῖς
3037 1047 3232 1111 ίτέαις,
3263 1051 3387 1112 ταῖς
3419 1050 3565 1103 κατὰ
3608 1050 3712 1113 τὰς

440 1126 689 1196 regionis
725 1127 934 1193 medio,
968 1144 1129 1184 secus
1159 1128 1449 1185 ﬂuminum
1476 1130 1625 1200 ripas
1651 1138 1810 1185 erant
1831 1130 2021 1201 dispoo

2132 1129 2300 1199 ὄχθας
2340 1131 2453 1185 τῶν
2515 1132 2809 1204 ποταμῶν,
2849 1133 2957 1187 τῶν
2990 1136 3047 1188 ὲν
3072 1135 3223 1206 μέσῳ
3251 1136 3353 1208 τῆς
3384 1137 3568 1209 χώρας
3609 1140 3713 1208 τῆς

447 1218 592 1273 sitae.
622 1218 729 1274 Per
783 1234 993 1290 organa
1046 1232 1254 1285 autem,
1283 1225 1489 1278 musica
1534 1224 1623 1276 illa
1658 1223 2026 1278 instrumenta

2147 1221 2476 1284 Βαϐυλῶνος.
2539 1224 2790 1295 Ὄργανα
2846 1224 2904 1278 δὲ
2966 1225 3186 1296 λέγουσι
3235 1227 3306 1280 τὰ
3368 1227 3480 1281 τῶν
3532 1227 3713 1299 ᾠδῶν,

445 1310 722 1382 intelligit,
751 1329 875 1368 cum
901 1315 1107 1384 quibus
1132 1330 1329 1371 canere
1352 1315 1604 1370 solebant
1632 1317 1871 1377 cantica.
1905 1316 1990 1370 vel
2008 1342 2024 1355 ι

447 1405 527 1457 uti
604 1407 950 1474 psalterium,
1008 1407 1304 1472 citharam,
1363 1415 1458 1462 aut
1523 1408 1628 1462 alia
1689 1407 2024 1477 huiusmodi.

444 1497 757 1553 Attulerant
786 1499 936 1556 enim
982 1514 1045 1554 ea
1093 1499 1481 1567 instrumenta,
1542 1500 1611 1555 ad
1659 1500 2028 1557 eoncinendas

448 1589 668 1646 divinas
709 1592 920 1657 laudes,
956 1609 1147 1648 verum
1185 1608 1311 1649 cum
1366 1609 1427 1649 ea
1482 1593 1536 1648 in
1590 1593 1856 1650 salicibus
1899 1609 2027 1650 sns-

451 1681 769 1750 pendissent
792 1683 1011 1738 attoniti
1033 1699 1274 1747 rursum,
1302 1698 1367 1740 ac
1391 1684 1571 1740 moesti
1595 1699 1657 1739 ea
1680 1683 2027 1754 spectabant,

2130 1308 2263 1380 οἷον,
2286 1314 2615 1387 ψαλτήριον,
2642 1316 2903 1386 κιθάραν,
2927 1318 3023 1373 καὶ
3041 1317 3110 1372 τὰ
3139 1318 3391 1374 τοιαῦτα.
3442 1320 3556 1373 Καὶ
3606 1319 3717 1388 γὰρ

2140 1407 2482 1478 ὑπεφέροντο
2509 1410 2682 1463 ταῦτα
2710 1410 2848 1481 πρὸς
2876 1411 3188 1482 ὑπόμνησιν
3229 1410 3570 1475 θεοσεϐείας,
3622 1412 3721 1465 καὶ

2140 1497 2419 1562 πολιτείας
2445 1499 3021 1570 ὗπομιμνησκόμενοι.
3068 1499 3142 1552 Ἦ
3179 1498 3567 1567 ἀναγωγικῶς,
3624 1497 3721 1550 ἐπὶ

2137 1591 2204 1659 τῇ
2257 1588 2428 1660 ἀργίᾳ
2455 1604 2471 1621 ·
2543 1589 2633 1643 διὰ
2696 1588 2806 1660 γὰρ
2870 1588 3271 1660 ὀλιγοκάρπων,
3312 1589 3410 1644 καὶ
3451 1588 3721 1660 ἀκάρπων

2142 1680 2300 1734 ίτεῶν
2331 1683 2392 1735 τὸ
2420 1683 2478 1735 ἐν
2505 1680 2672 1753 ᾠδαῖς
2697 1682 2981 1753 ἄπρακτον
2997 1681 3290 1753 ἐδήλωσεν.

448 1786 612 1846 atque
648 1778 1000 1833 occasionem
1059 1780 1212 1834 illinc
1251 1779 1711 1834 lamentationum
1761 1792 2015 1849 magnam
2042 1775 2358 1839 sumebant.
2386 1785 2699 1846 repetentes
2731 1776 2993 1832 memoria
3051 1775 3311 1830 divinum
3379 1774 3610 1839 cultum,
3666 1780 3724 1828 et

448 1875 926 1930 conversationem
964 1875 1111 1929 illam
1140 1876 1306 1932 laude
1337 1876 1581 1947 dig'nam,
1618 1891 1784 1946 quam
1815 1876 2130 1931 habuerant
2177 1875 2235 1928 in
2271 1872 2429 1929 Sion.
2480 1873 2643 1931 Juxta
2689 1889 3007 1945 anagogen,
3052 1875 3109 1929 in
3154 1872 3421 1928 salicibus
3489 1884 3726 1941 expone,
3826 1909 3841 1913 -

448 1982 550 2037 pro
593 1968 646 2022 in
686 1970 824 2026 otio.
864 1966 970 2026 Per
1004 1972 1203 2030 salices
1242 1973 1429 2039 enim,
1491 1987 1615 2043 quas
1691 1969 2051 2027 infructuosae
2127 1971 2357 2027 arbores
2412 1980 2584 2036 sunt,
2642 1972 3016 2027 cessationem
3078 1984 3107 2025 a
3170 1967 3430 2024 cantibus
3498 1963 3720 2037 signiﬁ-

450 2062 619 2117 cavit.

522 2157 688 2214 Vsns.
715 2161 769 2215 5.
802 2159 943 2227 Quia
973 2162 1085 2216 illic
1112 2163 1578 2236 interregaverunt
1610 2176 1727 2230 nos,
1749 2162 1840 2232 qui
1870 2161 2037 2232 captio

2151 2178 2169 2215 ς
2220 2158 2350 2212 Ὅτι
2384 2154 2517 2211 ἐκεῖ
2545 2152 2949 2224 ἐπηρώτησαν
2998 2147 3158 2219 ἡμᾶς
3220 2150 3278 2201 ol
3323 2143 3734 2215 αἰχμαλωτεύ-

456 2261 651 2305 narunt
684 2268 802 2317 nos,
857 2257 1011 2309 verba
1058 2257 1406 2325 canticorum,
1446 2268 1497 2310 et
1549 2259 1642 2329 qui
1697 2256 2034 2314 abduxerunt

454 2358 572 2409 nos,
613 2344 885 2414 hymnum.
924 2346 1415 2421 lntcrrogaverunt
1446 2366 1579 2417 nos,
1630 2360 1690 2405 ut
1738 2351 2037 2422 responde-

454 2447 643 2488 remus
680 2437 849 2490 verba
909 2438 1279 2504 canticorum,
1320 2450 1585 2510 prmterea
1620 2451 1675 2497 et
1718 2444 1982 2512 hymnum
2015 2458 2032 2508 ;

456 2523 563 2578 hoc
593 2532 699 2589 est,
729 2525 1021 2595 jusserunt
1051 2544 1153 2584 nos
1187 2544 1409 2594 canere,
1446 2530 1735 2601 cupientes
1773 2530 2035 2585 nimirum

459 2622 628 2670 cantu
664 2622 858 2671 nostro
886 2617 1173 2684 delectari,
1207 2620 1292 2675 vel
1338 2623 1504 2675 etiam
1559 2620 1794 2676 irridere
1825 2636 1888 2675 ca
1937 2635 2037 2675 vo-

459 2706 677 2771 lentes,
719 2722 841 2776 quae
883 2724 986 2764 nos
1028 2711 1213 2765 divina
1251 2726 1316 2767 ac
1358 2711 1666 2766 veneranda
1705 2726 1829 2766 esse
1868 2712 2039 2767 duce-

460 2803 678 2854 hamus.

531 2891 759 2948 Cantate
799 2894 947 2953 nobis
988 2895 1053 2951 de
1092 2898 1319 2952 canticis
1360 2897 1511 2952 Sion.
1569 2897 1835 2953 Dicebant
1889 2898 2041 2953 scili-

459 2992 543 3038 cet
555 3021 569 3036 .

534 3072 701 3130 Vsus.
736 3075 790 3130 4.
826 3076 1102 3142 Quomodo
1141 3080 1478 3136 cantabimus
1506 3083 1773 3136 canticum
1805 3081 2039 3149 Domini,

460 3165 513 3217 in
545 3174 692 3220 terra
729 3169 952 3222 aliena?
987 3169 1391 3239 Respondimus
1420 3174 1641 3229 scilicet
1678 3192 1693 3230 :
1726 3172 2041 3239 Quomodo,

463 3258 710 3326 inquam,
745 3262 1113 3326 cantabimus,
1143 3265 1323 3317 divina
1379 3266 1496 3335 lege
1549 3266 1605 3321 id
1668 3265 2046 3334 prohibente?

468 3348 603 3401 Vide
635 3350 1105 3417 quemadmodum
1163 3355 1453 3423 captivitas
1487 3356 1609 3410 illos
1638 3356 1752 3426 jam
1788 3357 2044 3412 meliores

463 3435 812 3492 reddidisset.
842 3439 976 3494 Nam
1001 3457 1123 3496 cum
1155 3443 1208 3498 in
1238 3446 1455 3514 propria
1487 3446 1707 3501 civitate
1731 3462 1796 3502 ac
1820 3447 2043 3520 regione

464 3527 639 3597 legem
673 3540 862 3586 essent
895 3536 1254 3604 transgressi,
1294 3538 1458 3592 modo
1493 3538 1546 3591 in
1579 3538 1755 3594 aliena
1791 3553 1910 3594 eam
1945 3540 2044 3595 ob-

465 3629 716 3674 servant.
770 3622 875 3679 Per
911 3624 1148 3680 alienam
1198 3629 1362 3682 etiam
1405 3638 1630 3695 terram,
1675 3631 2044 3701 quodcunque

467 3711 767 3767 humanum
806 3729 905 3768 cor
939 3727 1119 3785 potest
1164 3719 1422 3788 intelligi,
1461 3719 1609 3788 quod
1643 3734 1671 3774 a
1700 3722 1853 3775 cultu
1880 3731 2044 3792 atque

467 3820 497 3854 a
526 3802 789 3873 religione
824 3805 917 3859 Dei
953 3807 1194 3862 alienum
1231 3809 1324 3863 sit.
1373 3809 1437 3863 Et
1464 3824 1712 3866 consona
1743 3822 1875 3867 sunt
1915 3810 2045 3867 huic

465 3893 617 3948 dicto
669 3894 759 3948 illa
793 3895 1004 3951 Domini
1039 3900 1201 3953 verba
1245 3918 1258 3953 :
1301 3899 1486 3955 Nolite
1511 3911 1698 3957 sancta
1720 3904 1851 3959 dare
1893 3908 2046 3961 cani-

466 3985 583 4051 bus,
621 3995 670 4042 et
712 3991 1033 4057 margaritas
1063 3994 1226 4047 nolite
1264 3996 1526 4065 projicere
1563 4008 1687 4052 ante
1723 4013 1909 4067 porcos
1940 4000 2008 4054 ".

539 4076 708 4139 Vsus,
738 4080 790 4134 5.
823 4079 880 4135 Si
903 4083 1096 4137 oblitus
1120 4084 1271 4153 fuero
1305 4088 1405 4151 tui,
1434 4085 1765 4156 Jerusalem,
1796 4090 2049 4145 oblivioni

467 4173 623 4228 dctur
652 4175 871 4230 dextera
907 4193 1040 4232 mea.
1080 4177 1195 4234 Hoc
1230 4191 1335 4243 est,
1373 4184 1639 4252 potentia,
1670 4200 1767 4241 seu
1806 4185 2045 4240 eﬂicacia

466 4280 611 4319 mea.
656 4266 1025 4338 Paralytieus,
1057 4269 1263 4339 inquit,
1302 4274 1523 4335 reddar,
1560 4277 1639 4330 vel
1682 4287 1900 4353 arescat
1933 4291 2050 4329 ma-

470 4372 573 4412 nus
608 4374 754 4425 mea,
793 4360 866 4415 ita
907 4371 967 4416 ut
1002 4363 1053 4418 in
1085 4379 1148 4419 ea
1177 4365 1314 4419 nihil
1344 4368 1586 4437 amplius
1618 4384 1823 4424 sensus
1884 4367 2051 4423 relin-

468 4457 688 4518 quatur.

540 4540 705 4598 Vsus.
741 4543 795 4597 6.
826 4544 1107 4600 Adhwreat
1132 4548 1312 4619 lingua
1338 4566 1453 4604 mea
1473 4553 1682 4621 gutturi
1709 4569 1842 4616 meo,
1874 4554 1923 4606 si
1947 4568 2051 4605 non

469 4636 757 4689 meminero
781 4636 879 4689 tui.
924 4635 1249 4694 Detineatur
1273 4656 1376 4696 vox
1415 4657 1560 4709 mea,
1586 4653 1753 4713 atque
1780 4643 2053 4714 impedia-

2141 2264 2366 2315 σαντες
2394 2248 2573 2318 ἡμᾶς,
2608 2248 2831 2317 λόγους
2851 2242 3040 2309 ᾠδῶν,
3069 2240 3169 2295 καὶ
3214 2241 3269 2294 ol
3310 2237 3730 2307 ἀπαγαγόντες

2144 2343 2325 2414 ἡμᾶς,
2380 2341 2620 2408 κῧμνον.
2681 2335 3081 2409 Ἐπηρὼτησαν
3147 2332 3295 2404 ἡμᾶς
3358 2325 3729 2396 ἀποκριθῆναι

2146 2438 2370 2509 ῥήματα
2403 2432 2579 2504 ᾠδῶν,
2607 2430 2688 2484 ἔτι
2722 2429 2778 2482 δὲ
2809 2427 2900 2482 καὶ
2926 2426 3132 2496 ὓμνων·
3162 2423 3467 2484 τουτέστιν,
3502 2417 3729 2509 Ensicu-

2147 2506 2246 2584 σαν
2268 2524 2420 2601 ᾆσαι,
2449 2523 2758 2597 τερφθῆναι
2791 2518 2983 2582 ἁπλῶς
3019 2514 3360 2588 βουλόμενοι,
3388 2511 3422 2581 ἢ
3480 2506 3578 2563 καὶ
3610 2506 3734 2561 δια-

2146 2621 2379 2692 γελᾶσαι
2413 2619 2495 2671 τάκ
2514 2617 2690 2687 σεμνὰ
2717 2612 2897 2685 ἡμῶν.

2222 2901 2445 2968 ’ᾼσατε
2477 2892 2621 2963 ἡμῖν
2642 2891 2709 2945 ἐκ
2742 2888 2861 2943 τῶν
2893 2885 3062 2955 ᾠδῶν
3100 2883 3277 2939 Σιών.
3320 2879 3584 2944 Λέγοντες
3634 2876 3735 2947 δη-

2150 3179 2351 3247 τρίας;
2406 3170 2820 3243 Ἀπεκρίθημεν
2872 3163 3164 3236 δηλονότι’
3222 3157 3346 3222 Πῶς
3397 3155 3737 3247 ᾄσομεν-τὴν

2150 3244 2333 3343 ᾦδὴν,
2383 3265 2687 3324 κωλύοντος
2744 3260 2893 3331 ἡμᾶς
2948 3254 3045 3310 τοῦ
3105 3252 3272 3322 νόμου
3358 3249 3502 3343 Ὅρα
3535 3244 3739 3343 Δπόσον

2151 3338 2481 3417 έϐελτίωσεν
2521 3355 2725 3416 αὐτοὺς
2773 3354 2808 3423 ὴ
2857 3344 3231 3419 αίχμαλωσία.
3285 3338 3739 3409 Παραϐαίνοντες

2158 3455 2268 3524 γὰρ
2304 3452 2397 3506 τὸν
2425 3450 2591 3520 νόμον
2641 3446 2736 3498 ἐπὶ
2760 3443 2857 3513 τῆς
2892 3440 3030 3501 ιδίας
3061 3436 3189 3505 γῆς,
3236 3431 3597 3524 φυλάττουσιν
3638 3427 3741 3524 αὖ·

2157 3519 2252 3602 τὸν
2276 3547 2373 3599 ἐπὶ
2401 3519 2502 3612 τῆς
2560 3537 2851 3609 ἀλλοτρίας
2882 3548 2897 3564 ο
2930 3532 3004 3601 γῆ
3042 3528 3099 3582 δὲ
3142 3524 3401 3596 ἀλλοτρία
3449 3522 3543 3575 xui.
3585 3519 3740 3573 πᾶσα

2152 3639 2368 3710 καρδία
2411 3611 2667 3705 ἀλλοτρία
2732 3624 3045 3685 θεοσεϐείας
3074 3637 3088 3653 ο
3149 3619 3225 3681 ὡς
3288 3614 3591 3710 συμϐαῖνον
3644 3611 3737 3710 ἐν.

2151 3702 2327 3781 ταθθα
2380 3726 2442 3778 τὸ
2500 3702 2598 3790 Mi;
2644 3719 2794 3773 δῶτε
2831 3716 2905 3771 τὰ
2931 3714 3069 3783 ἅγια
3093 3710 3217 3778 τοῖς
3242 3707 3411 3773 κυσὶ,
3439 3702 3596 3802 unde
3642 3703 3741 3802 ξί-

2155 3831 2331 3872 πτετε
2389 3816 2534 3884 τοὺς
2575 3810 2944 3884 μαργαρίτας
2993 3803 3163 3874 ὑμῶν
3223 3798 3568 3871 ἔμπροσθεν
3617 3798 3741 3846 τῶν

2155 3913 2395 3982 χοίρων.

2239 4094 2381 4150 Ἐὰν
2441 4087 2817 4158 ἐπιλάθωμαι
2865 4098 3007 4150 σου,
3046 4075 3471 4149 Ἰερουσαλὴμ,
3532 4074 3745 4139 exun-

2155 4189 2326 4255 σθείη
2351 4187 2390 4254 ’ἠ
2418 4183 2585 4249 δεξιά
2611 4199 2750 4252 μου.
2812 4179 2880 4233 Ἠ
2917 4173 3146 4245 δύναμίς
3202 4189 3341 4243 μου,
3401 4171 3436 4240 ὴ
3484 4163 3742 4255 ἐνέργειά

2159 4298 2261 4351 μου
2290 4254 2584 4331 ’τουτέστι
2614 4267 2993 4342 παραλυτικὸς
3025 4263 3293 4335 γενοίμην
3323 4278 3339 4293 ⁸
3372 4261 3403 4331 ἢ
3439 4254 3738 4328 ξηρανθείη

2154 4373 2190 4441 ἡ
2228 4367 2377 4433 δεξιά
2410 4383 2535 4436 μου,
2570 4364 2643 4426 ὡς
2673 4360 2748 4431 μὴ
2781 4353 3208 4413 ἑπαισθάνεσθαί
3236 4368 3303 4423 με
3328 4350 3520 4418 αὐτῆς.

2229 4545 2566 4613 Κολληθείῃ
2597 4543 2636 4611 ἡ
2665 4537 2916 4610 γλῶσσά
2936 4553 3059 4606 μου
3092 4533 3175 4600 τῷ
3190 4530 3450 4602 λάρυτγί
3459 4546 3601 4600 μου,
3632 4526 3743 4581 ἐὰν

2151 4641 2239 4713 μὴ
2277 4655 2397 4695 σου
2421 4633 2699 4708 μνησθῶ.
2737 4627 3086 4701 Ἐπισχεθείη
3120 4628 3156 4698 ἡ
3199 4625 3351 4713 φωνή
3389 4639 3525 4693 μου·
3562 4620 3735 4713 ἦγουν

470 4730 561 4776 tur
591 4741 605 4778 :
639 4725 726 4779 vel
752 4726 936 4782 omnis
965 4744 994 4784 a
1024 4746 1113 4786 me
1149 4733 1512 4802 operationis,
1559 4742 1615 4788 et
1645 4736 1917 4792 sermonis
1948 4751 2037 4806 μοι

2154 4711 2519 4803 ἀφαιρεθείην
2549 4728 2644 4781 καὶ
2662 4724 2885 4797 πρᾶξιν,
2920 4722 3018 4777 uati.
3066 4711 3350 4815 λόγον,
3388 4715 3451 4769 τὸ
3498 4715 3599 4815 μὲν
3642 4712 3745 4815 ’διὰ

473 4815 644 4873 tentia
680 4815 983 4874 auferatur.
1019 4821 1224 4877 Horum
1258 4824 1405 4879 enim
1453 4826 1683 4882 alterum
1719 4842 1817 4895 per
1860 4827 2037 4885 dexte-

2156 4827 2255 4894 τῆς
2283 4822 2499 4895 δεξιᾶς..
2518 4819 2579 4872 τὸ
2606 4817 2665 4872 δὲ
2694 4816 2785 4870 διὰ
2823 4813 2923 4882 τῆς
2953 4811 3209 4881 γλώσσης
3238 4807 3499 4911 ὲδήλιρσε.
3544 4806 3745 4911 ’Ταῦτα

469 4919 610 4969 ram,
628 4914 683 4961 et
699 4907 933 4963 alterum
953 4925 1052 4980 per
1079 4911 1321 4980 linguam
1346 4914 1694 4985 significavit.
1727 4916 1854 4974 Haec
1880 4920 2037 4973 etiam

2151 4918 2210 4972 δὲ
2237 4917 2331 4970 καὶ
2365 4915 2525 4983 ἡμεῖς
2543 4909 2838 4980 ὀφείλομεν
2865 4907 3049 4975 λέγειν
3078 4904 3209 4975 περὶ
3231 4902 3331 4999 της
3365 4900 3482 4999 ixi-to
3521 4898 3747 4999 ιίερρυ-

470 5011 502 5052 a
523 4999 683 5054 nobis
704 5000 933 5055 dicenda
961 5009 1088 5058 sunt
1119 5003 1185 5059 de
1209 5019 1448 5074 superna
1477 5005 1808 5064 Jerusalem.
1828 5006 1927 5065 Vel
1958 5025 2037 5080 pet

2154 5006 2355 5075 σαλήμ.
2393 5003 2466 5057 Ἦ
2478 5001 2661 5066 δεξιὰν
2687 4999 2785 5070 μὲν
2811 4996 2964 5068 λέγει
3022 4995 3121 5067 τὴν
3152 4992 3356 5062 πρᾶξιν
3386 4991 3486 5061 τῆς
3510 4991 3744 5061 ἀρετῆς,

470 5089 753 5147 dexteram
808 5095 1055 5164 quidem,
1119 5112 1283 5167 opera
1338 5097 1556 5155 virtutis
1609 5100 1886 5171 intelligit;
1953 5117 2037 5174 pel

2152 5101 2408 5167 γλῶσσαν
2439 5098 2523 5165 δὲ,
2551 5097 2653 5167 τὴν
2678 5093 2916 5163 θεωρίαν
2945 5092 3045 5163 τῆς
3082 5089 3360 5159 γνώσεως.
3414 5085 3483 5138 Ἦ
3515 5084 3616 5155 μὲν
3636 5080 3747 5174 γὰρ

471 5182 717 5254 linguam
747 5198 901 5249 vero,
954 5188 1202 5244 scientiae
1252 5170 1810 5260 contemplationem:
1835 5170 2037 5265 Lingua

2154 5192 2375 5263 γλῶσσα
2433 5190 2595 5257 λόγου
2635 5186 2930 5257 σύμϐολον,
2987 5185 3017 5236 ὁ
3065 5181 3125 5236 δὲ
3160 5179 3345 5247 λόγος,
3384 5170 3749 5267 θεεορίαςΑκαλ

469 5279 675 5333 ctenim
719 5294 1031 5336 sermonem
1089 5282 1323 5353 profert,
1359 5291 1413 5339 et
1448 5300 1629 5340 sermo
1674 5286 1964 5342 scientiam
1998 5300 2037 5344 el

2160 5261 2438 5352 γνώσεως,
2497 5278 2753 5347 λάρυγγα
2808 5274 2891 5337 δὲ,
2950 5272 3014 5325 τὸ
3050 5270 3181 5341 περὶ
3212 5269 3305 5322 τδν
3327 5261 3526 5336 λαιμὸν
3548 5261 3744 5326 πάθος,

471 5373 961 5441 contemplationis
989 5390 1187 5432 sensus
1211 5378 1477 5446 explicat.
1515 5378 1618 5433 Per
1642 5389 1833 5450 guttur
1863 5380 2026 5434 etiam

2159 5377 2282 5449 ἤτοι
2332 5372 2432 5446 τὴν
2450 5370 2665 5440 ἡδονήν.
2709 5363 3066 5436 Ἐπιλησθείη
3119 5379 3231 5432 μοι,
3284 5359 3474 5430 φησιν,
3604 5370 3749 5450 πρα-

472 5465 609 5532 gnlae
634 5466 860 5523 allectus
900 5469 1202 5541 intelligere
1228 5487 1520 5541 possumus
1559 5473 1660 5527 hoc
1684 5473 2037 5536 cst,ciboruir

2163 5444 2326 5535 πίτικὴ
2364 5444 2464 5537 μὲν
2500 5461 2756 5532 ἐνέργεια
2776 5460 2844 5529 τῇ
2868 5457 3072 5528 ἀργίᾳ”
3123 5453 3235 5523 ἡδὲ
3269 5447 3585 5541 θεωρητικὴ
3618 5444 3749 5499 κολ-⁸

473 5555 836 5624 vnluptntezn.
881 5539 1179 5625 Oblivioni,
1214 5539 1418 5631 inquit,
1476 5564 1640 5618 detur
1693 5564 1873 5618 omnis
1936 5579 2037 5619 me:

2164 5559 2353 5631 ληθείη
2415 5558 2483 5627 τῇ
2540 5554 2702 5625 ἠδονῇ
2763 5551 2872 5604 τῶν
2919 5546 3270 5620 βρωμάτων,
3336 5541 3433 5597 καὶ
3490 5539 3750 5606 ἀκίνητος

475 5646 739 5711 operandi
776 5653 1040 5716 potentia,
1073 5664 1236 5722 atque
1260 5654 1364 5708 hoc
1408 5670 1506 5724 per
1543 5655 1716 5725 ipsam
1754 5656 2028 5725 ignaviam

2161 5654 2377 5722 γένοιτο
2406 5647 2542 5719 πρὸς
2569 5646 2667 5716 τὴν
2694 5641 2889 5713 ἡδονὴν
2919 5640 3028 5694 τῶν
3056 5637 3216 5692 θείων
3254 5633 3533 5737 γνώσεῶν.

477 5734 541 5787 Et
567 5736 746 5789 omnis
789 5739 1041 5796 similiter
1091 5716 1500 5815 contemplandi
1556 5716 2046 5810 Virlll5,vcii)0l‘tlm
2090 5744 2369 5797 adhaereat
2399 5736 2687 5806 voluptati,
2715 5734 2789 5789 ita
2813 5742 2873 5787 ut
2919 5731 2988 5787 ad
3034 5729 3240 5786 divina:
3284 5725 3533 5783 scientiae
3602 5716 3749 5773 ἀειθ-

477 5833 799 5896 nationem,
829 5836 896 5889 de
944 5846 1145 5894 caetero
1171 5840 1469 5898 immobilis
1509 5843 1623 5908 liat,
1657 5852 1712 5898 et
1745 5843 1798 5897 in
1826 5860 1888 5899 ea
1930 5860 2037 5913 aml

2147 5857 2168 5895 s
2194 5855 2299 5895 non
2340 5843 2608 5892 versetur.

551 5929 593 5957 ⁵⁷
629 5926 819 5978 Matth.
866 5943 956 5993 vn,
994 5930 1045 5983 6.
