4112 6504
406 376 543 444 1251

1637 363 2019 427 EUI‘HYMII
2063 359 2429 422 ZIGABENI

3526 353 3669 418 12.32

401 504 505 560 gnc
535 503 599 541 ac
631 484 881 542 studiose
929 480 1141 552 respice
1171 478 1236 533 ad
1275 493 1394 540 nos,
1439 491 1509 531 ne
1552 475 1827 546 despicias
1875 489 1978 527 nos

2094 471 2374 541 ἱπίϐλεψον
2399 469 2485 540 ἐφ’
2533 468 2680 539 ἡμᾶς
2750 464 2981 537 εὐμενὲς
3014 464 3110 516 καὶ
3154 463 3538 551 κηδεμονικὸν,
3571 469 3673 518 καὶ

401 579 543 634 dura
570 590 869 648 oppressos
894 571 1208 646 tyrannide,
1262 585 1325 623 ac
1379 567 1608 639 jamjam
1675 568 1974 637 perituros.

406 670 504 727 Vel
539 689 555 725 :
589 669 711 726 Non
754 667 1027 739 despicias
1077 679 1179 721 nos
1208 672 1462 734 rogantes
1509 671 1674 731 atque
1723 662 1980 716 invocan-

402 773 489 821 tes
519 772 596 818 te.

892 847 1143 907 Psalmus
1169 847 1274 919 ipsi
1312 846 1505 901 David.

835 940 1165 1001 PSALMUS
1204 937 1547 997 CXXXVIII.

474 1039 648 1097 Vens.
682 1040 735 1096 1.
770 1037 1016 1103 Domine,
1062 1032 1303 1104 probasti
1333 1047 1436 1095 me,
1471 1038 1522 1084 et
1564 1022 1852 1098 cognovisti
1878 1038 1978 1076 me.

406 1131 662 1189 Probasti
692 1146 805 1194 me,
837 1129 1042 1198 inquit,
1078 1124 1472 1187 tentationum,
1507 1129 1671 1191 atque
1698 1115 1982 1174 calamita-

404 1234 521 1280 tum
557 1222 902 1291 probatione.
932 1217 1047 1273 Nec
1078 1228 1256 1272 tamen
1282 1216 1385 1269 hoc
1417 1212 1552 1268 dicit
1572 1212 1765 1266 beatus
1792 1206 1980 1270 David,

404 1316 564 1388 quasi
587 1326 715 1370 ante
745 1314 893 1368 hanc
929 1311 1314 1384 probationem
1347 1308 1490 1362 Deus
1524 1320 1648 1361 eum
1676 1304 1974 1372 ignoraret.

406 1407 569 1464 Novit
597 1407 800 1462 etenim
833 1406 981 1460 Deus
999 1401 1207 1465 omnia,
1231 1399 1397 1455 etiam
1418 1404 1715 1467 antequam
1748 1395 1883 1450 Iiant
1910 1393 1978 1449 ⁷⁸.

410 1498 522 1555 Sed
569 1497 841 1567 probasti,
889 1493 1092 1565 inquit,
1135 1500 1196 1546 ut
1236 1490 1306 1545 ab
1336 1490 1405 1545 iis
1443 1490 1538 1559 qui
1572 1503 1659 1542 me
1690 1487 1980 1557 probatum

405 1600 531 1641 esse
561 1584 907 1655 ignorabant,
948 1594 1335 1653 cognoscerer,
1364 1586 1529 1649 atque
1564 1585 1624 1633 ut
1656 1577 1979 1633 exsisterent

409 1679 494 1731 eis
547 1678 603 1731 in
636 1677 945 1746 exemplum
971 1656 1333 1728 'l'ortitudinis
1387 1686 1403 1726 :
1451 1680 1506 1726 et
1549 1669 1850 1741 cognovisti
1897 1684 1984 1723 me

406 1765 774 1831 exactissime,
796 1765 975 1834 qualis
993 1779 1135 1819 sum.
1162 1761 1260 1819 Vel
1280 1760 1542 1831 probasti,
1566 1771 1618 1816 et
1652 1760 1980 1831 Cognovisti,

2085 564 2161 635 μὴ
2193 563 2430 636 παρίδῃς
2468 566 2963 634 τυραννουμένους,
3007 560 3104 618 καὶ
3145 557 3559 629 ἀπολλυμένους
3585 573 3599 589 ⁸
3633 556 3672 627 ἢ

2081 653 2176 707 καὶ
2205 652 2517 723 δεομένους,
2539 653 2635 708 καὶ
2664 652 3132 723 ἐπικαλουμένους
3159 668 3242 706 σε.

2561 834 2810 903 Ψαλμος
2861 833 2942 899 τῷ
2985 831 3186 887 Δαϐίδ.

2616 924 2913 979 ΨΑΑΜΟΣ
2949 925 3134 979 PAH'.

2156 1019 2356 1089 Κύριε,
2402 1016 2774 1088 ἐδοκίμασάς
2799 1033 2900 1086 με,
2928 1016 3032 1071 καὶ
3083 1015 3276 1086 ἔγνως
3319 1032 3419 1086 με.
3462 1014 3673 1071 Ἐδοκί-

2089 1112 2265 1183 μασάς
2330 1129 2398 1181 με
2431 1109 2510 1181 τῷ
2553 1109 2787 1180 δοκιμίῳ
2842 1109 2952 1161 τῶν
3005 1108 3372 1180 πειρασμῶν,
3438 1108 3536 1179 οὐχ
3589 1109 3671 1174 ὡς

2085 1204 2295 1270 ἀγνοῶν
2339 1220 2407 1274 με
2458 1202 2565 1276 πρὸ
2615 1204 2836 1273 πείρας·
2868 1202 2989 1264 πῶς
3031 1203 3162 1275 γὰρ,
3219 1205 3248 1256 ὁ
3277 1203 3459 1257 πάντα
3504 1202 3666 1266 εἰδὼς

2088 1298 2217 1368 πρὶν
2251 1296 2519 1365 γενέσεως
2541 1295 2752 1359 αὐτῶνς
2778 1294 2895 1349 ἀλλ’
2919 1294 3007 1350 ἶνα
3037 1294 3269 1364 γνωσθῶ
3294 1298 3406 1359 τοῖς
3436 1293 3669 1363 ἀγνοοῦ-

2088 1390 2142 1444 σί
2164 1407 2232 1461 με
2261 1390 2504 1459 δόκιμος,
2532 1388 2628 1442 καὶ
2657 1387 2904 1459 γένωμαι
2935 1386 3149 1452 τούτοις
3191 1389 3491 1461 καρτερίας
3533 1386 3672 1441 ὑπό-

2085 1482 2306 1551 δειγμα·
2340 1480 2438 1535 καὶ
2487 1480 2658 1548 ἔγνως
2703 1496 2771 1551 με
2804 1480 2938 1550 πρὸς
2982 1479 3298 1551 ἀκρίϐειαν,
3360 1472 3474 1542 οἷός
3507 1479 3626 1547 εἶμι
3653 1494 3668 1509 ⁸

2085 1573 2145 1644 ἢ.
2185 1571 2602 1641 Ἐδοκίμασας,
2654 1571 2750 1624 καὶ
2804 1572 3035 1640 Ἕτνως
3085 1589 3182 1640 με,
3237 1573 3362 1625 ἀντὶ
3394 1569 3671 1638 Ἀκρισῶς

2087 1659 2256 1728 οἶδάς
2285 1679 2385 1733 με.
2416 1664 2577 1717 Καὶὸ
2618 1663 2945 1726 Ἀπόστολος
2993 1664 3125 1737 γὰρ,
3154 1664 3330 1734 λέγων
3362 1665 3445 1719 ὅτι
3475 1664 3673 1735 ἐρευνᾷ

2089 1756 2186 1821 τὰς
2211 1757 2462 1830 καρδίας,
2494 1758 2596 1811 οὐκ
2619 1757 2843 1825 ἄγνοιαν
2895 1757 3157 1829 ἐμφαίνει
3203 1757 3313 1831 πρὸ
3354 1762 3455 1831 τῆς
3512 1756 3674 1830 ἐρεύ-

405 1873 507 1929 pm
576 1856 874 1927 Diligenter
921 1856 1083 1910 nosti.
1131 1854 1264 1910 Nam
1309 1863 1364 1910 et
1413 1853 1708 1925 Apostolus
1763 1852 1991 1916 dicens,

2096 1868 2214 1922 νης,
2240 1850 2354 1904 ἀλλ’
2379 1850 2585 1921 ἀκριϐῆ
2613 1851 2835 1920 γνῶσιν,
2872 1853 2969 1906 καὶ
2992 1854 3163 1924 σαφῆ.

404 1956 550 2028 (μιοά
585 1954 721 2008 Deus
771 1962 1047 2008 scrutatur
1083 1955 1248 2008 corda
1281 1954 1350 2017 7’,
1386 1969 1494 2008 non
1527 1949 1839 2021 signiﬁcare
1889 1949 2066 2004 voluit
2128 1950 2298 2004 Deum
2361 1949 2647 2020 ignorasse
2706 1948 3026 2019 aliquando,
3099 1959 3392 2021 antequam
3454 1958 3675 2006 scruta-

404 2058 582 2110 retur,
619 2043 714 2099 sed
740 2045 1092 2099 exactissime
1115 2056 1280 2114 atque
1302 2045 1652 2116 apertissime
1686 2044 1834 2097 illum
1862 2042 2043 2096 omnia
2076 2055 2260 2096 nosse.

479 2141 642 2194 Vens.
667 2140 721 2195 2.
760 2139 844 2193 Tu
871 2141 1161 2209 cognovisti
1186 2140 1492 2195 cathedram
1518 2155 1713 2204 meam,
1733 2150 1780 2194 et
1804 2155 1991 2194 surre-

2161 2135 2246 2191 Σὺ
2278 2137 2467 2206 ἔγνως
2497 2137 2611 2206 τὴν
2655 2137 2954 2206 καθέδραν
2989 2158 3130 2209 μου,
3163 2141 3259 2195 καὶ
3286 2140 3402 2209 τὴν
3428 2141 3675 2225 ἔγερσιν

405 2235 629 2289 ctionem
666 2247 856 2286 meam.
889 2230 1003 2286 Hoc
1028 2243 1133 2299 est,
1155 2232 1320 2287 vitam
1357 2247 1529 2286 meam
1556 2246 1888 2286 universam.
1934 2228 1990 2284 In

2094 2246 2223 2295 μου.
2285 2229 2568 2295 Τυυτέστι,
2626 2229 2718 2284 τὸν
2777 2231 2893 2301 βίον
2955 2249 3080 2302 μου·
3110 2233 3177 2288 ἐν
3246 2235 3458 2299 τούτοις
3514 2234 3675 2306 γὰρὸ

411 2325 501 2380 bis
527 2324 730 2379 etenim
750 2323 990 2378 humana
1018 2324 1125 2377 vita
1155 2322 1432 2390 consistit,
1452 2323 1507 2377 in
1525 2323 1707 2392 quiete
1727 2322 1988 2377 nimirum

2088 2321 2225 2391 βίος,
2249 2323 2308 2374 ἐν
2328 2322 2562 2394 ἠρεμίᾳ,
2599 2323 2695 2376 καὶ
2716 2324 2953 2394 κινήσει,
2971 2324 3030 2378 ὲν
3068 2322 3256 2397 σχολῇ,
3298 2326 3393 2381 καὶ
3418 2326 3673 2399 ἀσχολίᾳ,

410 2423 577 2485 atque
604 2415 659 2468 in
697 2421 877 2477 motu,
909 2414 964 2469 in
1010 2415 1122 2472 otio
1155 2414 1403 2486 atquein
1438 2414 1677 2485 negotio,
1712 2414 1766 2469 in
1800 2416 1988 2485 requie

2094 2418 2142 2468 ὲν
2203 2416 2405 2486 ἡσυχίᾳ
2449 2416 2543 2468 καὶ
2571 2413 2845 2487 ἐνεργείᾳ.

410 2513 463 2564 et
496 2508 550 2562 in
581 2506 919 2577 operatione.

480 2597 643 2652 Vens.
676 2601 730 2653 5.
759 2596 801 2650 T
803 2615 838 2651 ιι
867 2598 1178 2653 intellexisti
1201 2600 1545 2669 cogitationes
1566 2615 1708 2653 meas
1728 2598 1793 2652 de
1816 2597 1987 2667 longe.

409 2687 491 2742 Ne
523 2687 649 2755 quis
690 2687 926 2741 fortasse
966 2686 1133 2741 Deum
1166 2690 1549 2757 suspicaretur
1580 2703 1677 2757 per
1704 2687 1991 2755 experien-

414 2780 542 2832 tiam
573 2793 637 2832 ac
666 2777 1042 2847 probationem
1076 2777 1354 2832 hominum
1386 2779 1600 2834 animos
1633 2793 1987 2849 cognoscere,

415 2884 729 2924 sermonem
760 2885 919 2924 suum
946 2869 1256 2939 castigavit.
1291 2869 1424 2924 Nam
1460 2874 1551 2941 qui
1594 2871 1864 2925 humanas
1893 2882 1990 2922 co-

416 2960 707 3031 gitationes
733 2961 903 3025 novit,
939 2969 1066 3015 ante
1097 2976 1283 3015 earum
1310 2972 1516 3017 motum
1542 2979 1557 3029 ;
1590 2964 1700 3015 imo
1734 2975 1864 3016 vero
1894 2958 1989 3029 qui

415 3052 584 3104 multo
616 3059 864 3120 tempore
904 3060 1060 3106 antea
1110 3068 1205 3106 cas
1257 3053 1524 3121 praevidit,
1560 3052 1704 3106 nulla
1740 3048 1989 3120 proiecto

413 3144 789 3211 experientia,
853 3151 949 3198 aut
1031 3144 1354 3214 probatione
1412 3146 1658 3216 indigere
1718 3138 2067 3213 putandusc

412 3242 518 3288 cst.

485 3325 741 3380 Semitam
781 3342 972 3393 meam,
1015 3336 1063 3381 et
1096 3328 1393 3397 funiculum
1435 3346 1606 3384 meum
1641 3332 1980 3406 inrestigasti.

413 3417 639 3472 Omnem
659 3419 784 3473 vitae
807 3433 939 3472 mea:
964 3418 1255 3482 rationem,
1287 3436 1352 3474 ac
1379 3423 1623 3487 modum,
1651 3434 1707 3478 tu
1739 3440 1993 3494 perscru-

419 3517 567 3563 tatus
613 3523 695 3573 es,
732 3517 999 3579 quantum
1036 3510 1248 3565 scilicet
1299 3513 1422 3567 vitae
1452 3524 1666 3584 tempus
1694 3531 1993 3585 praecesse-

416 3599 510 3664 rit,
540 3609 595 3654 et
627 3609 895 3670 quantum
938 3601 1009 3656 sit
1037 3602 1334 3669 reliquum.
1386 3602 1555 3658 anis
1604 3617 1787 3661 autem
1850 3609 1990 3675 apud

417 3689 705 3762 Egyptios
737 3701 901 3762 atque
932 3694 1076 3763 apud
1108 3693 1307 3747 Persas
1343 3695 1557 3750 itineris
1591 3711 1850 3752 mensura
1882 3709 1991 3763 est,

414 3789 471 3833 et
506 3780 645 3835 idem
682 3780 814 3846 fere,
840 3780 984 3849 quod
1017 3780 1161 3850 apud
1192 3797 1291 3835 nos
1314 3782 1510 3836 dicitur
1539 3784 1993 3840 stadiumJ'erlia

420 3877 604 3925 autem
649 3868 901 3926 Probasti
934 3877 988 3927 et
1040 3872 1412 3943 Investigasti,
1449 3873 1504 3927 in
1556 3874 1669 3929 Deo
1702 3891 1883 3932 veram
1940 3888 1996 3934 et

416 3972 621 4018 certam
648 3962 956 4031 scientiam,
991 3971 1045 4019 et
1066 3966 1435 4037 cognitionem
1475 3968 1752 4023 denotant.

496 4052 656 4109 Vens.
689 4054 745 4109 4.
779 4053 849 4108 Ει
877 4072 1055 4112 omnes
1085 4058 1196 4112 vias
1222 4074 1364 4113 meas
1393 4061 1706 4128 pravidisti.
1737 4062 1997 4119 Actiones

424 4159 574 4199 meas
602 4162 816 4212 omnes,
843 4148 1014 4204 bonas
1046 4158 1100 4204 et
1123 4151 1312 4207 malas.
1347 4149 1412 4204 Et
1439 4168 1545 4207 non
1583 4152 1743 4221 dixit,
1770 4152 1997 4220 Vidisti,

417 4238 514 4293 scd
544 4238 879 4306 Prtevidisti,
916 4250 1209 4313 antequam
1239 4243 1449 4300 scilicet
1476 4244 1689 4302 tierent.

488 4412 643 4480 Quod
699 4433 804 4472 non
833 4425 913 4472 est
943 4418 1099 4473 dolus
1127 4420 1195 4489 :in
1243 4419 1426 4491 lingua
1454 4437 1593 4477 mea.
1640 4420 1757 4479 Hoc
1779 4438 1999 4494 quoque

2156 2590 2238 2641 Σὺ
2272 2588 2550 2657 συνῆκας
2578 2590 2719 2657 τοὺς
2788 2591 3223 2664 διαλογισμούς
3278 2613 3392 2661 μου
3418 2596 3539 2651 ἀπὸ
3560 2612 3677 2665 μα-

2089 2681 2325 2746 κρόθεν.
2385 2680 2501 2733 ’Ὶνα
2528 2682 2601 2751 μὴ
2636 2699 2721 2745 τις
2776 2684 3037 2738 ὑπολάϐοι
3096 2686 3260 2738 αὑτὸν
3307 2687 3675 2757 δοκιμάζοντα

2091 2772 2402 2838 γινώσκειν,
2442 2771 2777 2842 ἐθεράπευσε
2866 2775 2956 2828 τὸν
3023 2775 3202 2845 λόγον.
3258 2778 3318 2830 '0
3381 2778 3490 2849 γὰρ
3547 2781 3675 2843 τοὺς

2092 2862 2478 2934 διαλογισμοὺς
2529 2864 2707 2930 εἰδὼς,
2748 2868 2842 2920 καὶ
2866 2868 3090 2931 τούτους
3116 2870 3224 2938 πρὸ
3253 2869 3344 2923 τοῦ
3382 2871 3675 2940 κινηθῆναι

2096 2955 2312 3021 αὐτοὺς,
2381 2957 2582 3025 μᾶλλον
2624 2958 2682 3011 δὲ
2736 2960 2841 3030 πρὸ
2890 2959 3089 3013 πολλοῦ
3159 2962 3377 3033 χρόνου,
3439 2962 3557 3026 πῶς
3608 2962 3679 3017 ἂν

2094 3048 2311 3119 δεηθείη
2358 3050 2685 3120 δοκιμασίας
2708 3069 2722 3113 ;

2170 3307 2291 3376 Τὴν
2318 3309 2521 3377 τρίϐον
2545 3328 2666 3380 μου
2693 3312 2794 3366 καὶ
2839 3313 2955 3381 τὴν
3007 3314 3266 3384 σχοῖνον
3292 3333 3413 3386 μου
3441 3316 3525 3371 σὺ
3558 3315 3680 3381 ἐξι-

2101 3402 2383 3470 χνίασας.
2413 3403 2524 3475 Τὴν
2550 3403 2667 3459 ὁδὸν
2684 3404 2777 3458 τοῦ
2801 3405 2916 3475 βίου
2928 3424 3031 3476 μου
3053 3409 3256 3473 πᾶσαν,
3282 3410 3448 3464 καὶτὸ
3475 3412 3677 3483 μέτρον

2095 3495 2289 3565 αὐτῆς,
2318 3496 2443 3548 ὅσον
2486 3495 2588 3566 μὲν
2644 3497 2875 3568 προέϐη,
2909 3499 3035 3552 ὅσον
3065 3500 3124 3553 δὲ
3153 3500 3423 3566 λείπεται,
3459 3503 3523 3555 σὺ
3548 3502 3677 3557 λίαν

2096 3588 2408 3642 ἐπίστασαι.
2439 3588 2660 3658 Σχοίνος
2689 3589 2793 3661 γὰρ
2815 3592 3013 3661 μὲτρος
3030 3591 3151 3644 ὁδοῦ
3180 3592 3316 3663 παρ’
3351 3595 3674 3662 Αἰγυπτίοις

2099 3681 2195 3733 καὶ¹
2223 3680 2489 3749 Πέρσαις.
2557 3682 2625 3734 ’Ὀ
2675 3681 2785 3753 γάρ
2828 3684 2946 3735 ἐστι
3002 3684 3136 3752 παρ’
3179 3687 3312 3756 ἡμῖν
3347 3685 3409 3739 τὸ
3441 3686 3679 3750 στάδιον,

2096 3768 2255 3823 τοῦτο
2282 3769 2414 3841 παρ’
2467 3770 2722 3835 ἐκείνοις,
2765 3773 2799 3842 ἡ
2832 3775 3062 3840 σχοῖνος.
3107 3774 3180 3826 Τὸ
3223 3773 3283 3826 δὲ
3318 3773 3683 3843 Ἐδοκίμασας

2100 3862 2194 3915 καὶ
2218 3862 2529 3934 ἐξιχνίασας
2562 3864 2656 3918 ἐπὶ
2682 3862 2820 3918 Θεοῦ
2859 3866 2960 3935 τὴν
2999 3865 3216 3938 ἀσφαλῆ
3244 3866 3447 3936 γνῶσιν
3487 3869 3684 3939 ἐμφαί-

2098 3972 2272 4011 νουσι.

2169 4045 2282 4100 Καὶ
2311 4047 2512 4113 πάσας
2539 4045 2645 4114 τὰς
2676 4047 2855 4116 ὁδούς
2888 4067 3010 4117 μου
3041 4052 3337 4121 προεῖδες.
3365 4053 3552 4117 Πάσας
3583 4053 3681 4115 τὰς

2100 4139 2329 4210 πράξεις
2377 4159 2505 4211 μου,
2560 4142 2660 4205 τὰς
2728 4143 2938 4210 ἀγαθὰς
3002 4144 3100 4199 καὶ
3148 4147 3246 4208 τὰς
3271 4148 3535 4217 πονηράς.
3558 4142 3673 4201 Οὐκ

2100 4229 2259 4285 εἶπεν
2294 4235 2379 4288 ὅτι
2409 4229 2606 4299 Εἶδες,
2635 4234 2753 4289 ἀλλ’
2772 4235 2857 4289 ὅτι
2880 4236 3160 4305 Προεῖδες
3175 4239 3284 4310 πρὸ
3306 4238 3401 4293 τοῦ
3422 4239 3678 4309 γενέσθαι

2098 4326 2289 4388 αὑτάς.

2178 4417 2304 4470 Ὅτι
2334 4418 2449 4472 οὐκ
2489 4416 2625 4471 ἔστι
2651 4417 2835 4485 δόλος
2860 4421 2932 4474 ἐν
2958 4422 3212 4493 γλώσσῃ
3258 4440 3404 4494 μου.
3464 4425 3681 4494 "Erum;

414 4508 581 4563 simul
618 4523 743 4563 cum
791 4510 1006 4567 ceteris
1049 4487 1498 4569 omnibus'bene
1521 4514 1668 4570 nosti
1694 4552 1710 4577 ,
1752 4487 1991 4585 quod-in

2105 4508 2200 4563 καὶ
2225 4507 2405 4573 τοῦτο,
2469 4509 2609 4579 μετὰ
2649 4510 2758 4563 τῶν
2791 4511 2990 4578 ἄλλων,
3009 4513 3094 4567 ὅτι
3112 4514 3216 4568 οὐκ
3255 4515 3373 4570 ἐστι
3405 4517 3574 4571 κακία
3617 4519 3680 4570 ἐν

418 4599 770 4656 sermonibus
815 4601 951 4656 meis
988 4601 1201 4657 nullum
1232 4603 1422 4658 vitium
1453 4612 1574 4671 est,
1606 4605 1755 4659 nulla
1782 4620 2008 4675 perver-

417 4691 590 4755 sitas,
641 4693 853 4746 nullum
896 4694 1100 4749 scelus.
1143 4693 1350 4752 Deinde
1394 4696 1571 4767 magis
1618 4695 2006 4754 universaliter

417 4778 571 4833 dicit:
1480 4852 1484 4856 ‘

491 4871 655 4925 Vsus.
683 4869 737 4924 5.
769 4866 905 4922 Ecce
936 4878 1024 4936 tu,
1059 4856 1316 4940 Domine,
1348 4874 1633 4946 cognouisti
1655 4875 1871 4942 omnia,
1911 4892 2007 4931 no-

418 4959 667 5024 tissima,
714 4966 766 5010 et
815 4956 1052 5028 antiqua.
1113 4957 1316 5013 Ultima
1360 4971 1416 5014 et
1470 4963 1680 5032 prima.
1724 4963 1828 5019 hoc
1860 4972 1994 5031 est,

416 5052 598 5105 omnia
632 5064 897 5120 prorsus:
936 5058 991 5105 et
1024 5049 1159 5103 nihil
1191 5051 1562 5121 cognitionem
1600 5036 1749 5108 tuam
1784 5055 1996 5127 eli'ugit.

417 5142 566 5197 Nosti
598 5143 804 5209 omnia,
836 5156 956 5212 qua
988 5141 1170 5197 futura
1198 5151 1347 5205 sunt,
1379 5151 1433 5198 et
1464 5157 1584 5214 qua:
1612 5146 1852 5203 fuerunt.

490 5322 569 5377 Tu
606 5324 857 5391 formasti
917 5343 1028 5392 me,
1077 5340 1123 5382 et
1175 5328 1401 5394 posuisti
1450 5345 1606 5398 super
1647 5345 1725 5383 me
1782 5346 1994 5384 manum

421 5425 587 5469 tuam.
634 5416 753 5472 Non
787 5420 965 5473 solum
1001 5418 1252 5474 formasti
1280 5458 1295 5485 ,
1329 5422 1425 5476 sed
1463 5437 1758 5477 conservas
1787 5425 1949 5478 etiam
1976 5461 1993 5488 ,

418 5517 472 5560 et
507 5512 675 5565 tueris
698 5549 713 5574 ,
744 5513 818 5565 ita
856 5521 914 5566 ut
968 5513 1202 5568 alterum
1252 5514 1471 5585 quidem
1517 5515 1584 5568 ad
1619 5516 1950 5573 creationem
1978 5555 1994 5582 ,

420 5595 648 5652 alterum
681 5616 809 5655 vero
845 5604 910 5656 ad
940 5605 1333 5673 providentiam
1365 5607 1654 5676 pertineat.

499 5777 544 5810 "
573 5777 709 5832 Dan.
750 5794 867 5847 xui,
907 5782 1001 5837 42.
1075 5784 1123 5817 ⁷⁷
1152 5780 1314 5839 Rom.
1346 5799 1465 5853 rm,
1498 5786 1587 5841 27.

2102 4603 2217 4663 τοῖς
2254 4600 2435 4667 λόγοις
2470 4617 2598 4670 μου,
2628 4602 2731 4657 οὐκ
2768 4602 2884 4658 ἐστι
2925 4607 3235 4678 πανουργία
3272 4607 3306 4678 ἢ
3349 4609 3634 4681 σκολιότης
3660 4623 3676 4641 ⁶

2106 4689 2226 4751 εἶτα
2253 4692 2400 4761 λέγει
2440 4693 2894 4769 καθολικωτέρως
2916 4711 2931 4727 ⁸

2189 4873 2374 4942 Ἰδοὺ,
2429 4875 2666 4943 Κύριος,
2729 4876 2812 4931 σὺ
2854 4878 3044 4948 ἔγνως
3080 4878 3279 4935 πάντα
3325 4880 3399 4935 τὰ
3425 4881 3679 4950 ἔσχατα,

2100 4962 2200 5016 καὶ
2233 4963 2306 5015 τὰ
2325 4962 2564 5031 ἀρχαῖα.
2598 4965 2681 5018 Τὰ
2713 4966 3019 5035 τελευταῖα,
3050 4970 3147 5024 καὶ
3174 4970 3243 5023 τὰ
3272 4970 3488 5041 πρῶτα,
3528 4986 3684 5024 10.1-

2104 5054 2222 5108 ἐστι
2257 5054 2575 5123 σύμπαντα,
2631 5058 2953 5130 συλλήϐδην,
2982 5061 3078 5115 καὶ
3128 5062 3285 5115 οὐδὲν
3331 5062 3556 5131 διέφυγε
3582 5062 3685 5134 τὴν

2103 5146 2203 5217 σὴν
2233 5147 2454 5216 γνῶσιν·
2512 5149 2706 5218 ἔγνως,
2766 5152 2923 5222 φησι,
2984 5154 3162 5209 πάντα
3194 5157 3265 5209 τε
3312 5155 3681 5226 γενησόμενα,

2101 5240 2231 5293 τάτε
2264 5242 2545 5309 γεγονότα.

2174 5333 2259 5388 Σὺ
2297 5333 2574 5400 ἐπλασάς
2605 5352 2704 5404 με,
2739 5336 2841 5390 καὶ
2860 5337 3082 5405 ἔθηκας
3111 5340 3206 5393 ἐπ’
3234 5340 3341 5410 ἐμὲ
3373 5341 3490 5410 τὴν
3513 5339 3685 5411 χεῖρά

2103 5441 2241 5480 σου.
2274 5426 2348 5479 Οὐ
2378 5427 2542 5497 μόνον
2576 5428 2839 5497 ἔπλασας,
2874 5432 3013 5486 ἀλλὰ
3063 5436 3160 5488 καὶ
3216 5435 3559 5505 διακρατετς,
3587 5435 3686 5490 καὶ

2105 5517 2352 5581 σκέπεις,
2410 5516 2487 5581 ὡς
2517 5513 2660 5572 εἶναι
2696 5519 2758 5572 τὸ
2802 5522 2901 5591 μὲν
2958 5522 3060 5595 τῆς
3117 5524 3508 5595 δημιουργίας,
3542 5523 3683 5580 τοδὶ

2106 5607 2206 5677 τῆς
2230 5606 2488 5679 προνοίας
2516 5608 2837 5680 δηλωτικόν.
