4112 6442
423 324 558 391 1253

1587 332 1982 397 COMMENT.
2021 336 2104 397 IN
2128 336 2489 397 PSAIMOS.

3555 342 3696 413 1254

495 443 956 514 Ἐθαυμαστὼθη
1006 443 1046 511 ὴ
1084 443 1304 515 γνῶσις
1327 459 1444 498 σου
1472 443 1541 510 ἐξ
1565 445 1733 516 ἐμοῦ.
1766 448 1840 501 Τὸ
1865 448 1993 516 γνιῖ-

2187 450 2353 506 Vens.
2380 451 2432 506 6.
2476 449 2736 504 Mirabilis
2767 453 2914 530 [aeta
2954 460 3031 505 est
3062 454 3292 522 cognitio
3333 465 3424 508 tua
3450 495 3465 520 ,
3493 473 3558 510 ex
3594 475 3697 512 me.

409 539 499 592 val
523 555 606 603 σε,
661 536 1012 607 ἐμεγαλύνθη
1068 539 1208 609 ὑπὲρ
1268 538 1367 608 ἐμέ
1403 553 1416 564 ·
1451 538 1596 592 οὕτω
1653 540 1762 612 γὰρ
1809 541 1996 612 ἕτερος

419 632 692 702 ἑρμηνεὺς
724 630 1008 694 ἐξέδωκενο
1044 631 1186 701 ὑπὲρ
1219 631 1316 702 τὴν
1344 629 1484 702 ἐμὴν
1514 633 1709 700 γέγονε
1753 635 1995 704 κατάλην

411 723 526 792 ψιν.
581 724 647 776 Ὃ
669 721 765 776 καὶ
793 722 881 776 διὰ
920 721 1014 776 τοῦ
1075 721 1276 793 ἑφεξῆς
1333 723 1632 794 ὲσαφήνισε
1659 725 1872 797 στίχου,
1912 726 1996 780 λέ-

413 831 528 882 γων
564 831 580 846 ·

496 905 895 975 Ἐκραταιώθη
921 948 936 974 ,
993 908 1066 960 οὐ
1117 905 1204 976 μὴ
1260 906 1525 976 δύνωμαι
1575 909 1728 976 πρὸς
1782 907 1998 975 αὐτήν.

423 999 772 1069 Ὶσχυροτέρα
813 998 1060 1068 γέγονεν,
1111 999 1144 1069 ἢ
1205 998 1346 1052 ὥστε
1403 998 1820 1069 καταληφθῆναι
1885 1003 1999 1064 τοῖς

413 1092 566 1159 ἐμοῖς
612 1091 918 1162 λογισμοῖςο
946 1092 1006 1146 οὐ
1073 1092 1147 1161 μὴ
1183 1092 1388 1162 ἰσχύσω
1424 1093 1563 1163 πρὸς
1615 1093 1810 1164 αὐτὴν,
1855 1093 1997 1148 ὥστε

413 1183 846 1254 περιδράξασθαι
901 1183 1096 1254 αὐτῆς.
1160 1183 1366 1238 Γνῶσιν
1399 1185 1455 1236 δὲ
1491 1184 1665 1252 λέγει,
1718 1185 1819 1256 τὴν
1854 1188 1994 1240 κατὰ

412 1273 596 1342 φύσιν,
629 1275 829 1345 ὅτιμὲν
858 1277 966 1346 γάρ
1001 1276 1167 1344 ἐστινι
1196 1276 1375 1344 ῖσμεψ
1419 1277 1478 1328 τδ
1496 1275 1552 1328 δὲ
1581 1277 1634 1328 τι
1667 1276 1767 1349 τὴν
1787 1277 1997 1344 οὐσίαν,

409 1365 741 1436 ἀγνοοῦμεν⁹
783 1365 923 1420 ἀλλὰ
957 1365 1053 1419 καὶ
1078 1367 1160 1418 ὃτι
1193 1366 1294 1435 μὲν
1333 1365 1615 1436 πανταχοῦ
1650 1369 1790 1430 ἐστι,
1833 1367 1999 1437 γινώ-

411 1477 636 1530 σκομεν.
671 1460 744 1512 Τὸ
766 1459 826 1513 δὲ
864 1457 1008 1524 πῶς,
1042 1459 1142 1511 οὐκ
1168 1458 1353 1528 ἴσμεν,
1395 1460 1491 1513 καὶ
1520 1461 1603 1512 δτι
1632 1460 1734 1528 μὲν
1770 1459 1995 1528 ἀγαθὸς,

409 1552 504 1603 καὶ
567 1551 972 1621 φιλάνθρωπος.
1011 1553 1105 1603 καὶ
1138 1549 1323 1618 σοφὸς,
1359 1553 1455 1604 καὶ
1493 1552 1731 1616 συνετὸς,
1780 1552 1876 1606 καὶ
1930 1553 2000 1605 τὰ

407 1643 654 1706 τοιαῦτα,
688 1644 931 1714 οῐδαμεν.
973 1645 1048 1698 Τὸ
1079 1644 1136 1697 δὲ
1187 1646 1376 1710 πόσον,
1401 1645 1501 1698 οὐκ
1527 1645 1773 1715 οἴδαμεν.
1809 1645 1998 1716 Τούτῳ

403 1732 462 1786 δὲ
487 1733 702 1804 συνᾴδει
727 1735 820 1786 καὶ
843 1735 872 1787 ὁ
914 1733 1352 1804 Ἐκκλησιαστὴς
1387 1733 1564 1802 λέγων
1585 1749 1599 1764 °
1638 1731 1795 1789 ΕῙπα
1832 1748 1850 1768 δ
1888 1739 2000 1789 Σο-

2105 541 2350 613 Cognitio
2379 552 2470 596 tua
2491 584 2506 609 ,
2541 542 2718 613 inquit
2743 584 2758 608 ,
2787 560 2980 613 magna
3007 544 3155 612 facta
3190 557 3266 599 est
3295 563 3452 616 super
3481 564 3559 601 me
3600 551 3698 621 (ita

2102 635 2249 690 enim
2278 636 2423 689 alius
2454 635 2726 706 interpres
2754 635 2954 707 reddit)
2986 637 3088 692 hoc
3121 647 3204 693 cst
3227 675 3242 701 ,
3280 639 3454 708 Super
3479 642 3699 710 capaci-

2101 734 2270 782 tatem
2324 727 2634 783 intellectus
2682 729 2784 782 mei
2840 728 2983 783 facta
3046 739 3149 785 est.
3189 729 3346 796 Quod
3407 733 3573 788 etiam
3631 750 3698 790 cx

2103 817 2466 886 sequentibus
2501 819 2670 887 magis
2703 818 3022 883 declaravit,
3059 820 3254 877 dicens
3287 838 3303 876 :

2133 907 2428 974 \Invaluit,
2453 919 2502 962 et
2541 926 2646 963 non
2677 919 2857 977 potero
2887 912 2956 964 ad
2990 928 3131 966 eam.
3158 912 3377 968 Fortior
3404 930 3468 969 ac
3503 926 3699 986 poten-

2104 995 2214 1052 tior
2241 996 2383 1051 facta
2430 1007 2546 1060 est,
2578 1013 2740 1068 quam
2774 1009 2830 1052 ut
2859 1001 3250 1069 comprehendi
3295 1006 3509 1072 possit,
3539 1007 3693 1076 cogi-

2103 1088 2308 1144 tatione
2341 1105 2404 1144 ac
2454 1089 2898 1145 consideratione
2959 1106 3076 1146 mea
3121 1113 3134 1147 :
3164 1102 3218 1146 et
3257 1108 3364 1147 non
3397 1106 3583 1164 potero
3617 1097 3685 1150 ad

2103 1197 2222 1236 eam
2249 1222 2264 1247 ,
2298 1183 2740 1253 appropinquare
2772 1183 3030 1238 nimirum
3054 1223 3072 1249 ,
3108 1185 3180 1240 ita
3220 1195 3280 1240 ut
3327 1192 3692 1256 comprehen-

2104 1272 2248 1328 dam.
2282 1273 2385 1328 Per
2425 1275 2789 1344 cognitionem
2822 1288 3004 1331 autem
3034 1276 3151 1342 Dei,
3187 1279 3321 1332 nihil
3348 1280 3492 1334 aliud
3529 1281 3700 1351 signi-

2103 1362 2267 1419 ﬁcare
2291 1364 2501 1431 voluit,
2534 1381 2699 1433 quam
2733 1367 2877 1421 scire
2905 1377 2958 1421 et
2990 1383 3326 1436 cognoscere
3360 1386 3485 1424 cum
3517 1373 3698 1440 qualis

2105 1467 2320 1510 natura
2374 1457 2467 1510 sit.
2509 1453 2644 1509 Nam
2689 1459 2829 1526 quod
2867 1459 2937 1512 sit
2969 1458 3144 1525 Deus,
3188 1463 3292 1515 hoc
3334 1463 3698 1530 proculdubio

2103 1547 2309 1601 scimus
2339 1587 2353 1612 ,
2380 1546 2510 1616 quid
2541 1556 2719 1601 autem
2750 1587 2764 1612 ,
2800 1560 2892 1602 aut
2917 1551 3095 1616 qualis
3129 1551 3201 1605 sit
3240 1551 3390 1607 illius
3429 1553 3696 1608 substan-

2102 1637 2219 1702 tia,
2260 1638 2598 1707 ignoramus.
2653 1638 2916 1694 Similiter
2970 1642 3115 1712 quod
3173 1643 3487 1714 ubicunque
3553 1645 3696 1700 Deus

2101 1737 2188 1784 est
2214 1769 2228 1794 ,
2265 1731 2520 1788 novimus
2547 1773 2562 1793 ,
2605 1733 2880 1802 quomodo
2916 1742 3096 1789 autem
3135 1735 3187 1790 id
3223 1737 3336 1790 ﬁeri
3366 1739 3558 1806 possit.
3596 1756 3696 1794 ne-

405 1823 808 1893 ςρισθήσομαι,
843 1824 942 1877 καὶ
966 1823 1118 1891 αὐτὴ
1149 1824 1495 1892 ὲμακρύνθη
1520 1823 1622 1877 ἀπ’
1639 1824 1810 1892 ἐμοῦ,
1840 1823 1993 1890 ὑπὲρ

2102 1820 2329 1874 scimus.
2361 1819 2484 1874 Pari
2515 1823 2678 1875 etiam
2708 1822 2870 1877 modo
2897 1824 3171 1891 novimus,
3203 1829 3348 1895 quod
3380 1827 3559 1884 bonus
3585 1839 3690 1894 cst,

406 1914 438 1967 ὃ
467 1910 548 1984 ἧν
575 1933 589 1946 ·
629 1916 727 1968 καὶ
763 1915 926 1980 ,ϐαθὺ
952 1914 1168 1981 βάθος,
1203 1916 1294 1981 τίς
1338 1915 1588 1984 εὑρήσει
1630 1916 1868 1983 minii»;
1900 1916 1994 1967 καὶ

402 2009 432 2060 ὀ
456 2005 666 2070 Παῦλος
699 2008 755 2060 δέ
781 2025 966 2078 φησιν,
1000 2008 1062 2059 Ὢ
1100 2005 1297 2071 βάθος
1324 2007 1594 2059 πλούτου
1619 2004 1718 2058 καὶ
1746 2005 1992 2074 σοφίας,

404 2096 502 2148 καὶ
527 2095 802 2165 γνώσεως
835 2096 1003 2150 Θεοῦ·
1038 2095 1117 2160 ὡς
1139 2093 1581 2162 ἀνεξερεύνητα
1609 2092 1686 2146 τὰ
1739 2095 1995 2162 κρίματα

404 2188 612 2251 αὺτοῦ,
661 2189 758 2241 καὶ
822 2188 1280 2256 ἀνεξιχνίαστοι
1312 2189 1374 2240 al
1408 2186 1535 2239 ὁδοὶ
1578 2185 1790 2240 αὑτοῦ.
1833 2187 1992 2248 Τινὲς

405 2279 488 2341 δὲ,
513 2280 606 2331 καὶ
630 2279 774 2331 οὕτω
804 2280 1150 2348 νενοήκασινο
1182 2277 1586 2348 ἐθαυμαστώθη
1621 2279 1653 2348 ἡ
1686 2278 1848 2346 σοφία
1896 2293 1990 2330 σου

405 2373 470 2425 ἐκ
502 2375 600 2442 τῆς
633 2373 776 2442 ἐμῆς
823 2372 1190 2434 διαπλάσεως,
1254 2374 1317 2425 ὲκ
1352 2373 1452 2441 τῆς
1483 2373 1618 2442 ἐμῆς
1645 2373 1991 2442 κατασκευῆς

404 2463 774 2533 ὲκραταιώθη,
799 2465 858 2515 οὐ
889 2464 962 2535 μὴ
985 2464 1232 2534 δύνωμαι
1258 2463 1391 2533 πρὸς
1414 2463 1604 2530 αὐτὴν,
1636 2463 1777 2516 time
1809 2464 1983 2535 ὑμνῆ-

409 2573 498 2608 σαι
535 2555 705 2624 αὐτὴν
736 2556 923 2619 ἀξίως.
956 2557 1096 2609 Ἀλλ’
1130 2559 1180 2609 ει
1217 2557 1292 2626 μὴ
1323 2554 1470 2620 οἶδας
1500 2557 1667 2626 αὐτὴν
1723 2557 1990 2627 ἀκριϐῶς,

408 2648 525 2711 πῶς
559 2649 858 2718 θαυμάζεις
894 2651 1064 2720 αὑτήν
1099 2667 1112 2714 ;
1158 2651 1237 2701 Δι’
1275 2649 1408 2702 αὐτὸ
1449 2650 1609 2701 τοῦτο
1639 2650 1878 2711 πάντως,
1911 2652 1992 2703 ὅτι

405 2740 810 2810 ἀκατάληπτος.
866 2743 974 2795 Καὶ
1014 2741 1111 2811 τὴν
1146 2742 1378 2812 ἡλιακὴν
1417 2742 1525 2811 γὰρ
1566 2743 1762 2795 ἀκτῖνα
1799 2742 1874 2814 μὴ
1901 2745 1994 2798 δυ-

405 2834 629 2902 νάμενοι
657 2834 1016 2903 καταμαθεῖν,
1059 2837 1125 2888 δι’
1143 2835 1274 2887 αὐτὸ
1303 2835 1462 2887 τοῦτο
1501 2836 1739 2904 μάλιστα
1777 2837 1995 2907 θαυμά-

407 2925 594 2997 ζομεν.
636 2924 790 2992 Εἶτα,
819 2928 914 2979 καὶ
941 2927 1134 2998 ἑτέραν
1169 2927 1438 2997 θαυμάζει
1479 2928 1709 2998 δύναμιν
1739 2929 1832 2981 τοῦ
1856 2929 1991 2982 Θεοῦ

406 3018 465 3068 τὸ
517 3016 794 3086 πανταχοῦ
859 3018 1140 3084 παρεῖναι,
1186 3018 1250 3084 τῇ
1281 3014 1529 3084 δυνάμει,
1584 3015 1679 3067 καὶ
1743 3013 1989 3085 προνοίᾳ,

406 3105 504 3158 καὶ
561 3107 742 3161 πάντα
763 3106 927 3158 τόπον
957 3106 1062 3176 πλη
1075 3105 1226 3172 ροῦν.

2104 1910 2250 1980 quod
2315 1911 2676 1979 misericors,
2729 1905 2876 1983 quod
2939 1914 3162 1983 sapiens
3216 1925 3269 1970 et
3317 1925 3550 1985 potens,
3596 1919 3694 1972 ενα

2105 1999 2391 2067 bonitatis,
2419 2001 2837 2067 misericordia,
2870 2004 3152 2074 sapientiae
3186 2007 3401 2072 modus,
3428 2016 3523 2061 aut
3558 2024 3696 2078 qua-

2105 2095 2232 2149 litas
2269 2110 2299 2148 a
2334 2106 2523 2150 nostra
2556 2096 2871 2166 cognitione
2912 2098 3104 2166 procul
3157 2109 3260 2154 est.
3315 2101 3413 2154 His
3449 2117 3693 2156 consona

2105 2195 2252 2250 sunt,
2282 2203 2403 2256 qua:
2433 2189 2704 2242 habentur
2737 2189 2878 2259 apud
2911 2190 3285 2246 Ecclesiasten
3324 2209 3339 2245 :
3380 2191 3508 2246 Dixi
3539 2209 3557 2247 :
3588 2192 3694 2247 Sa-

2105 2279 2249 2348 piens
2283 2280 2497 2348 eﬁiciar,
2526 2291 2574 2334 et
2624 2281 2739 2348 ipsa
2785 2281 2988 2351 longius
3019 2281 3163 2350 facta
3196 2295 3272 2336 est
3303 2301 3334 2336 a
3368 2301 3448 2338 me
3478 2326 3491 2348 ,
3529 2286 3695 2353 magis

2106 2387 2262 2440 quam
2299 2384 2411 2424 erat
2441 2413 2454 2434 ,
2496 2381 2545 2425 et
2599 2372 2863 2440 profunda
2894 2375 3235 2442 profunditas
3264 2414 3278 2438 ,
3311 2378 3429 2445 quis
3470 2377 3694 2430 inveniet

2103 2479 2218 2516 eam
2254 2464 2298 2494 ⁷⁸
2332 2463 2355 2516 ?
2419 2464 2622 2518 Paulus
2668 2466 2831 2519 etiam
2867 2481 2882 2518 :
2934 2465 2978 2520 Ο
3019 2467 3340 2533 profundum
3382 2467 3694 2520 divitiarum

2102 2555 2375 2622 sapientia:
2418 2565 2464 2608 et
2509 2557 2740 2608 scientiae
2790 2557 2885 2610 Dei
2936 2558 3108 2621 dixit;
3165 2574 3324 2625 quam
3375 2560 3694 2626 imperscru-

2104 2648 2290 2701 tabilia
2315 2659 2434 2702 sunt
2457 2648 2665 2716 judicia
2691 2650 2825 2716 ejus.
2848 2659 2896 2702 et
2926 2650 3308 2719 investigabiles
3335 2652 3428 2704 uite
3459 2650 3571 2720 ejus
3598 2651 3690 2702 “’9?

2103 2740 2334 2805 Quidam
2372 2754 2498 2794 vero
2550 2740 2619 2792 ita
2656 2741 3085 2794 intellexerunt:
3123 2741 3384 2795 Mirabilis
3419 2741 3560 2794 facta
3609 2751 3695 2795 est

2102 2832 2330 2886 scientia
2353 2873 2366 2895 ,
2399 2847 2460 2886 ac
2508 2832 2776 2899 sapientia
2809 2841 2897 2884 tua
2938 2847 3001 2885 ex
3045 2833 3323 2887 creatione
3351 2873 3365 2897 ,
3395 2840 3450 2886 et
3491 2833 3694 2886 forma-

2103 2923 2251 2976 tione
2297 2937 2459 2976 mea:
2493 2930 2546 2976 et
2597 2923 2668 2974 ita
2715 2922 2979 2987 invaluit,
3032 2933 3091 2975 ut
3141 2937 3267 2976 vere
3319 2939 3693 2994 cognoscam,

2104 3015 2249 3084 quod
2297 3032 2405 3070 non
2452 3024 2641 3084 potero
2689 3017 2754 3068 ad
2807 3031 2923 3068 eum
2971 3017 3260 3084 pervenire
3310 3025 3367 3069 ut
3407 3018 3695 3087 condignis

2100 3121 2218 3160 eam
2278 3107 2530 3160 laudibus
2578 3106 2870 3161 celebrem.
2939 3103 3142 3160 Verum
3202 3107 3248 3162 si
3309 3108 3465 3176 plene
3526 3120 3692 3176 atque

405 3208 596 3253 exacte
631 3213 737 3252 non
765 3199 918 3254 novit
946 3213 1066 3251 eam
1105 3201 1296 3251 beatus
1331 3197 1535 3261 David,
1567 3197 1843 3267 quomodo
1909 3212 2029 3251 eam
2069 3197 2415 3250 admiratur?
2469 3194 2550 3251 Ob
2620 3196 2722 3250 hoc
2771 3197 2983 3265 ipsum,
3029 3196 3243 3266 inquit,
3299 3213 3511 3252 summe
3569 3215 3688 3252 eam

407 3294 672 3359 admiror,
711 3295 839 3364 quia
883 3292 1460 3363 incomprehensibilis
1511 3302 1616 3348 est.
1697 3292 1833 3347 Nam
1901 3303 1954 3344 et
2024 3294 2236 3347 solares
2293 3293 2479 3351 radios
2535 3293 2776 3355 intueri,
2829 3303 2994 3362 atque
3069 3296 3532 3362 comprehendere
3579 3312 3688 3349 non

406 3387 650 3442 valemus
676 3428 691 3455 ,
720 3399 882 3456 atque
909 3388 979 3442 ob
1004 3389 1108 3441 hoc
1144 3389 1322 3456 ipsum
1361 3402 1457 3442 eos
1488 3387 1782 3457 plurimmn
1814 3387 2176 3444 admiramur.
2239 3387 2444 3442 Deinde
2512 3389 2672 3440 aliam
2736 3386 2828 3442 Dei
2898 3391 3196 3456 potentiam
3257 3391 3692 3445 admirabundus

405 3488 626 3546 narrat,
659 3482 806 3548 quod
839 3481 1190 3550 providentia
1225 3481 1483 3534 nimirum
1521 3497 1582 3532 ac
1606 3482 1850 3549 potentia
1884 3496 1978 3536 sua
2007 3521 2022 3544 ,
2055 3478 2198 3535 Deus
2223 3481 2424 3549 ubique
2458 3481 2631 3541 adest,
2668 3490 2828 3546 atque
2855 3496 3070 3534 omnem
3111 3481 3294 3549 implet
3321 3482 3518 3536 locum.

475 3573 601 3627 Ποῦ
618 3573 890 3640 πορευθῶ
906 3574 1023 3626 ἀπὸ
1054 3573 1160 3627 τοῦ
1191 3575 1534 3642 πνεύματός
1573 3588 1728 3638 σου;
1761 3574 1861 3628 καὶ
1881 3575 1993 3629 ἀπὸ

2179 3571 2346 3627 Vsus.
2382 3572 2412 3625 7
2439 3613 2452 3638 ,
2487 3572 2540 3626 8.
2587 3573 2702 3638 Quo
2729 3573 2815 3625 ibo
2849 3592 2878 3624 ο
2903 3575 3096 3641 spiritu
3132 3577 3259 3629 tua?
3303 3586 3350 3628 et
3407 3593 3508 3644 quo
3554 3576 3692 3646 facie

404 3666 513 3718 τοῦ
529 3665 854 3734 προσώπου
877 3681 994 3720 σου
1026 3665 1144 3720 ποῦ
1157 3667 1326 3737 φύγω
1348 3667 1528 3732 ;⁹Εὰν
1557 3667 1757 3722 ἀλναόῶ
1775 3670 1862 3733 εις
1891 3667 1993 3720 τὸν

2101 3679 2190 3720 tua
2248 3669 2494 3736 fugiam?
2548 3669 2594 3719 si
2637 3669 2923 3720 ascendere
2966 3667 3018 3720 in
3067 3669 3254 3720 coelum
3282 3679 3337 3721 tu
3368 3669 3479 3722 illic
3517 3686 3571 3722 es
3607 3672 3694 3734 ,si

410 3756 699 3823 οὐρανὸν,
727 3756 809 3809 σὺ
849 3756 978 3810 ἐκεῖ
995 3753 1086 3812 εἷ·
1119 3758 1231 3811 ἐὰν
1281 3757 1515 3812 καταϐῶ
1554 3761 1640 3824 εις
1670 3759 1777 3813 τὸν
1818 3759 1994 3827 ᾅδην,

407 3850 599 3918 πάρει.
640 3845 865 3918 Πνεῦμα
895 3851 990 3901 καὶ
1019 3851 1313 3920 πρόσωπον
1351 3850 1511 3913 Θεοῦ,
1548 3851 1640 3903 τὸν
1674 3851 1808 3904 Θεὸν
1843 3851 1995 3919 λέγει

406 3941 549 3995 κατὰ
582 3942 933 4012 περίφρασιν,
965 3942 997 4012 ἢ
1036 3941 1256 4012 πνεῦμα
1322 3943 1422 4012 μὲν
1454 3943 1645 4006 αὐτοῦ,
1679 3943 1739 3994 τὸ
1769 3944 1994 4012 Πνεῦμα

405 4032 468 4085 τὸ
495 4033 675 4101 ἅγιον,
718 4033 1014 4102 πρόσωπον
1057 4032 1115 4084 δὲ
1152 4031 1342 4095 αὑτοῦ,
1383 4033 1474 4086 τὸν
1510 4031 1662 4098 Υἱδν,
1696 4033 1772 4095 ὡς
1807 4033 1993 4087 εἰκόνα

405 4125 502 4180 τοῦ
545 4126 780 4196 Πατρῦς,
823 4126 916 4178 καὶ
942 4125 1269 4196 χαρακτῆρα
1298 4125 1395 4194 τῆς
1417 4125 1773 4187 ὑποστάσεως
1797 4125 1989 4180 αὑτοῦ.

415 4215 481 4269 '0
509 4215 778 4285 ἑωρακὼς
808 4215 940 4284 γὰρ,
967 4215 1153 4285 φησὶν,
1186 4213 1310 4283 ἐμὲ,
1334 4215 1559 4282 ἑώρακε
1586 4216 1694 4268 τὸν
1717 4215 1971 4282 Πατέρα.

410 4306 511 4358 Διὰ
535 4305 636 4375 μὲν
668 4303 762 4359 τοῦ
825 4303 1080 4375 οὐρανοῦ,
1133 4305 1224 4358 τὸν
1273 4303 1548 4375 ἀνώτερον
1581 4305 1872 4375 δεδήλωκε,
1905 4306 1993 4358 διὰ

409 4397 468 4450 δὲ
495 4398 594 4450 τοῦ
648 4396 810 4469 ᾅδου,
844 4397 907 4449 τὸ
948 4396 1284 4451 κατώτατον.
1336 4392 1471 4450 Εἶτα
1526 4396 1696 4464 λέγει,
1756 4398 1849 4452 καὶ
1893 4401 1992 4466 τὴν

409 4489 668 4551 ἄϐυσσον,
735 4490 829 4542 καὶ
877 4490 966 4542 τὸν
1011 4487 1264 4558 πυθμένα
1310 4487 1410 4558 τῆς
1464 4487 1760 4559 θαλάσσης·
1818 4489 1886 4542 δι’
1915 4479 1991 4543 ὧν

407 4583 669 4635 ἁπάντων
711 4581 890 4634 πάντα
941 4582 1110 4634 τόπον
1159 4579 1360 4634 ἄϐατον
1412 4579 1734 4650 ἀνθρώπους
1777 4597 1992 4651 συμπε-

414 4673 689 4744 ριέϐαλεν.

492 4765 634 4818 Ἐὰν
693 4763 1047 4833 ἀναλάϐοιμι
1076 4764 1184 4830 τὰς
1212 4763 1513 4833 πτέρυγάς
1543 4781 1664 4832 μου
1719 4764 1848 4817 κατ’
1889 4763 1988 4831 ὅρα

409 4862 572 4923 θρον,
626 4855 724 4909 καὶ
777 4855 1226 4921 κατασκηνώσω
1256 4858 1344 4921 εἰς
1369 4857 1440 4908 τὰ
1464 4856 1696 4924 ἔσχατα
1726 4854 1838 4923 τῆς
1885 4857 1987 4908 θα-

2097 3758 2413 3811 descendero
2442 3759 2494 3810 in
2529 3758 2793 3827 infernum
2823 3797 2836 3822 ,
2869 3757 3017 3812 ades.
3048 3756 3151 3811 Per
3185 3758 3438 3825 spiritum
3471 3757 3563 3812 Dei
3593 3798 3607 3819 ,
3635 3768 3691 3812 ct

2098 3865 2195 3918 per
2233 3849 2423 3903 faciem
2460 3846 2590 3914 Dei,
2647 3847 2814 3901 Deum
2866 3850 3046 3917 ipsum
3082 3848 3558 3916 circumloquitur.
3591 3843 3689 3901 γει

2097 3953 2194 4006 per
2220 3939 2475 4008 spiritum
2531 3939 2660 4003 Dei,
2699 3949 2949 3991 structum
3005 3937 3270 4006 Spiritum
3300 3939 3559 4007 intellige.
3587 3940 3692 3993 Per

2095 4028 2289 4083 faciem
2325 4046 2472 4093 vero,
2501 4031 2678 4099 ipsum
2708 4029 2904 4084 Filium
2935 4071 2948 4094 ,
3000 4039 3262 4098 tanquam
3296 4046 3474 4084 veram
3517 4035 3688 4101 patris

2098 4120 2324 4189 ﬁguram
2348 4159 2362 4184 ,
2397 4128 2452 4176 et
2481 4123 2853 4176 certissimum
2886 4121 3036 4174 illius
3073 4121 3272 4175 divinae
3303 4130 3514 4176 naturae
3556 4123 3689 4175 cha-

2097 4220 2360 4266 racterem
2406 4229 2419 4265 :
2453 4211 2558 4276 Qui
2591 4211 2736 4265 enim
2763 4253 2778 4276 ,
2817 4211 3027 4280 inquit,
3055 4211 3182 4264 vidit
3210 4228 3290 4264 me
3310 4251 3323 4276 ,
3348 4213 3478 4266 vidit
3501 4222 3549 4266 et
3583 4230 3684 4281 pa-

2097 4309 2226 4354 trem
2256 4317 2428 4355 meum
2470 4302 2538 4357 '°.
2595 4301 2697 4356 Per
2734 4303 2932 4356 coelum
2966 4313 3145 4355 autem
3179 4319 3420 4372 superna
3447 4342 3463 4368 ,
3505 4313 3560 4358 et
3589 4321 3686 4372 ρει·

2095 4394 2411 4456 infernum,
2453 4392 2667 4447 inferna
2718 4392 2841 4448 loca
2890 4393 3188 4448 denotavit.
3260 4394 3464 4450 Deinde
3521 4395 3683 4449 etiam

2094 4487 2356 4556 abyssum
2415 4484 2583 4546 dicit,
2629 4491 2684 4539 et
2741 4484 3074 4554 profundum
3143 4486 3314 4540 maris
3365 4502 3380 4540 :
3433 4500 3530 4555 per
3567 4503 3690 4558 qua:

2094 4577 2277 4632 omnia
2313 4577 2596 4630 inaccessa
2643 4576 2961 4631 hominibus
2995 4577 3113 4631 loca
3140 4576 3507 4648 subsignavit.

2163 4752 2336 4809 Vens.
2372 4755 2405 4809 9
2435 4795 2450 4820 ,
2486 4754 2573 4808 10.
2627 4752 2687 4807 Si
2729 4770 3065 4823 assumpsere
3109 4754 3226 4807 alas
3264 4771 3406 4809 meas
3429 4755 3686 4817 diluculo,

2093 4855 2139 4900 et
2180 4847 2483 4902 habitavere
2517 4849 2571 4900 in
2599 4849 2846 4902 extremis
2877 4850 3042 4902 maris
3078 4864 3096 4902 :
3123 4850 3314 4902 etenim
3341 4849 3472 4902 illuc
3501 4866 3686 4902 uiantis

406 4921 676 5014 λάσσης,
712 4946 809 4999 καὶ
846 4945 954 5015 γὰρ
978 4945 1110 4998 ἐκεῖ
1149 4947 1188 5012 ἡ
1219 4948 1348 5014 χείρ
1401 4964 1519 5000 σου
1544 4921 1867 5014 Πόδηγήσει
1895 4962 1991 5013 με,

2101 4951 2194 4992 tua
2227 4939 2447 4994 deducet
2511 4955 2627 5004 me,
2663 4949 2712 4993 et
2755 4939 2946 4992 tenebit
3008 4955 3089 4992 me
3138 4939 3357 4992 dextera
3412 4951 3525 4992 tua.
3587 4940 3688 4992 Per

409 5041 508 5094 καὶ
540 5039 774 5103 καθέξει
815 5054 892 5106 με
929 5037 966 5103 ἡ
1014 5036 1184 5100 δεξιά
1233 5052 1372 5091 σου.
1435 5039 1712 5106 Πτέρυγες
1743 5035 1929 5102 αὐτοῦ,
1961 5038 1994 5105 ἠ

409 5135 668 5204 κινητική
715 5132 946 5200 δύναμις
999 5129 1092 5181 τοῦ
1140 5129 1255 5182 νοῦ.
1313 5130 1442 5181 Ἐὰν
1497 5131 1619 5190 ταῖς
1644 5127 1873 5205 πτέρυξι
1903 5125 1996 5179 τοῦ

413 5228 506 5278 νοῦ
580 5241 706 5293 μου,
769 5223 954 5291 φησὶν,
1009 5221 1336 5289 καταντήσω
1359 5221 1437 5282 εἰς
1484 5219 1581 5290 τὴν
1607 5220 1842 5272 ἄϐυσσον
1897 5220 2000 5288 τῆς

411 5318 710 5386 θαλάσσης,
767 5315 907 5368 ὥστε
960 5314 1066 5368 κᾶν
1117 5315 1233 5365 ἐκεῖ
1269 5312 1530 5365 δύνασθαι
1591 5309 1862 5380 κρυϐῆναι
1893 5309 2002 5362 ἀπὸ

413 5408 531 5473 σοῦ,
559 5408 739 5476 ἐκεῖή
797 5404 1025 5474 δύναμίς
1083 5420 1178 5455 σου
1234 5402 1493 5472 ὁδηγήσει
1539 5415 1628 5469 με,
1683 5400 1779 5453 καὶ
1834 5397 1991 5461 αὖθις

411 5497 630 5564 καθέξει
665 5515 730 5567 με
752 5515 766 5528 ο
825 5497 1128 5561 τουτέστιν,
1164 5494 1286 5548 οὐδὲ
1317 5495 1434 5547 ἐκεῖ
1485 5494 1616 5547 ἄνευ
1651 5491 1824 5563 αὐτῆς
1852 5492 1991 5544 ἀπε-

407 5589 696 5660 λεύσομαι,
763 5587 899 5642 ἀλλὰ
949 5583 1394 5658 προπορεύσεταί
1429 5601 1554 5655 μου,
1581 5580 1860 5636 ἐνδιδοῦσα
1891 5597 1989 5634 πο-

485 5777 530 5809 "
561 5775 738 5830 Eccle.
775 5789 868 5843 vn,
901 5773 990 5826 24.
1069 5774 1112 5804 τ’
1148 5771 1303 5826 Rom.
1346 5787 1420 5836 xl,
1457 5771 1543 5824 53.

2097 5031 2212 5085 alas
2243 5072 2257 5097 ,
2287 5032 2586 5100 potentiam
2620 5031 2763 5085 illam
2797 5031 2998 5086 mentis
3030 5031 3312 5101 intelligit,
3349 5045 3455 5100 qua
3489 5033 3685 5085 huma-

2097 5137 2200 5177 nus
2231 5122 2542 5178 intellectus
2566 5133 2837 5178 movetur.
2867 5121 2921 5175 Si
2949 5122 3081 5188 alis,
3118 5122 3331 5208 i‘uquit,
3373 5123 3683 5178 intellectus

2101 5216 2202 5268 mei
2252 5215 2308 5268 in
2359 5213 2613 5284 abyssum
2657 5216 2825 5269 maris
2870 5229 3191 5283 pervenero,
3239 5229 3305 5268 eo
3348 5215 3580 5269 consilio
3623 5223 3683 5270 ut

2102 5305 2212 5360 illic
2239 5307 2429 5360 saltem
2460 5306 2665 5375 possim
2702 5321 2728 5359 a
2761 5315 2816 5359 te
2842 5304 3102 5360 abscondi
3131 5345 3146 5370 ,
3193 5307 3430 5376 potentia
3479 5316 3569 5361 tua
3599 5308 3682 5360 ni-

2099 5397 2400 5453 hilominus
2440 5398 2570 5453 illuc
2603 5399 2764 5453 etiam
2800 5413 2888 5452 me
2921 5397 3152 5454 deducet
3181 5439 3196 5465 ,
3233 5407 3287 5452 et
3321 5413 3512 5454 rursus
3538 5400 3683 5454 deti-

2097 5489 2248 5546 nebit
2277 5505 2401 5556 me;
2445 5491 2547 5545 hoc
2572 5498 2691 5545 est:
2724 5487 2911 5559 Neque
2942 5490 3068 5545 illuc
3103 5490 3269 5543 etiam
3301 5489 3421 5546 sine
3451 5500 3539 5544 tua
3577 5506 3678 5560 pn-

2095 5583 2268 5638 tentia
2301 5582 2592 5649 accedam;
2647 5582 2896 5653 quinimo
2929 5583 3019 5638 illa
3075 5583 3288 5654 praeibit
3324 5597 3431 5652 me,
3460 5582 3552 5640 illa
3581 5584 3683 5639 iter

1618 5768 1662 5799 θ’
1703 5764 1863 5819 Joan.
1892 5780 2002 5832 xw,
2042 5765 2095 5820 9.
