4112 6488
428 410 565 477 1255
1684 408 2070 470 EUTHYMII
2108 408 2465 467 ZlGABENl

421 526 730 592 concedet,
765 533 930 598 atque
981 525 1090 582 illic
1142 527 1306 583 etiam
1356 541 1440 581 me
1486 522 1785 590 detinebit,
1819 527 1893 580 ita
1949 534 2009 580 ut

2119 525 2387 596 ρεύεσοαι,
2428 526 2519 577 καὶ
2547 524 2766 590 καθέξει
2793 518 2950 586 αὖΟις
2977 524 3031 576 ἐν
3068 520 3317 591 ἀφύκτῳ,
3356 521 3475 573 κατ’
3496 520 3719 591 ὄρθρον

426 620 579 673 illinc
609 617 841 674 evadere
882 634 987 671 non
1019 619 1253 674 valeam.
1317 616 1418 673 Per
1448 617 1745 672 diluculum
1775 614 1954 673 autem
1983 660 1995 681 ,

2119 617 2161 669 Ξὲ
2219 614 2366 681 εἷπε,
2424 615 2599 686 δηλῶν
2653 616 2744 667 τὸν
2798 613 2991 684 καιρὸν
3020 616 3111 667 ὅτε
3141 614 3377 681 μάλιστα
3410 611 3712 679 νηφαλέος

423 705 558 758 illud
606 714 822 775 tempus
871 705 1171 776 intelligit,
1210 723 1317 776 quo
1354 708 1701 777 potissimum
1757 709 1995 762 humana

2119 709 2254 760 ἐστὶν
2294 711 2320 759 ὀ
2348 707 2493 771 νοῦς.
2548 707 2812 777 Περιττὸν
2849 706 2906 758 δὲ
2953 705 3014 757 τὸ
3047 704 3178 773 γάρ.
3217 705 3375 768 Τινὲς
3405 704 3460 756 δὲ
3493 704 3720 775 ὄρθρον

425 812 581 851 mens
613 797 797 851 sobria
827 812 949 852 esse
984 799 1143 853 solet.
1173 798 1460 868 Superllua
1490 810 1572 854 est
1603 800 1766 854 etiam
1804 798 1993 865 dictio,

2119 801 2207 869 μὲν
2236 800 2335 869 τὴν
2363 799 2629 869 ἀνατολήν
2655 798 2907 868 ἐνόησαν·
2935 797 3138 866 ἔσχατα
3169 795 3225 848 δὲ
3255 796 3355 864 τῆς
3387 795 3717 867 θαλάσσης,

423 888 604 944 Enim.
652 887 886 954 Quidam
938 897 1204 959 praeterea
1231 906 1327 961 per
1365 891 1690 959 diluculum,
1726 891 1995 949 orientem

2119 890 2205 959 τὴν
2232 889 2404 944 δύσιν·
2437 885 2549 943 οἷον
2607 889 2702 943 ἐὰν
2753 887 3115 958 πτερύξωμαι
3148 887 3229 958 τῷ
3291 887 3368 959 νῷ
3422 905 3525 954 μου
3551 889 3724 942 κατὰ

421 979 851 1046 intellexerunt;
889 978 1150 1034 occasum
1179 995 1331 1046 vero,
1371 996 1466 1050 per
1508 988 1752 1035 extrema
1792 980 1961 1035 maris
1987 1019 2002 1046 ,

2119 986 2205 1050 τὴν
2234 981 2525 1053 ἀνατολήν,
2577 983 2674 1036 καὶ
2714 983 3043 1052 καταντήσω
3093 982 3174 1043 είς
3214 983 3314 1052 τὴν
3369 980 3544 1044 δύσιν,
3600 980 3723 1034 καὶ

422 1082 482 1125 ut
508 1075 577 1124 sit
617 1086 820 1129 sensus
868 1090 882 1128 :
942 1073 999 1128 Si
1036 1074 1319 1129 intellectu
1360 1088 1502 1138 meo,
1545 1072 1709 1128 veluti
1739 1073 1842 1129 alis
1884 1072 2007 1143 qui-

2119 1076 2184 1137 ιξς
2207 1074 2303 1143 τὴν
2348 1073 2637 1143 ἀνατολὴν,
2666 1075 2699 1143 ἡ
2728 1073 2960 1143 δύναμίς
3018 1090 3109 1126 σου
3142 1073 3402 1143 ὁδηγήσει
3438 1089 3506 1141 με
3562 1088 3718 1123 πτε-

420 1164 648 1219 busdam
720 1167 1006 1233 munitus,
1056 1167 1110 1221 in
1166 1168 1376 1222 oriente
1422 1167 1666 1221 elevatus
1717 1166 1895 1232 luero,
1951 1174 2006 1220 et

2119 1164 2464 1234 ρυσσόμενον,
2496 1164 2590 1218 καὶ
2618 1165 2698 1227 εἰς
2726 1164 2824 1234 τὴν
2864 1164 3019 1217 δύσιν
3047 1164 3404 1218 καταντῶντα
3450 1162 3589 1232 αὐτή
3633 1179 3718 1232 με

419 1271 722 1325 pervenero
754 1274 933 1326 usque
992 1258 1049 1312 in
1112 1259 1493 1321 occidentem,
1546 1258 1786 1327 potentia
1824 1267 2004 1312 tamen
2107 1256 2351 1321 καθέξει.

418 1360 511 1402 tua
547 1351 636 1403 illa
670 1352 817 1414 erit,
844 1348 965 1419 quae
995 1360 1047 1405 et
1072 1351 1123 1404 in
1158 1352 1366 1405 oriente
1396 1349 1505 1403 dux
1534 1350 1667 1403 mihi
1694 1350 1846 1415 erit,
1881 1349 2009 1404 dum
2049 1349 2234 1404 elevor
2267 1368 2278 1401 :
2331 1358 2386 1403 et
2434 1350 2490 1404 in
2529 1348 2819 1405 occidente
2896 1364 2982 1404 me
3062 1348 3523 1419 comprehendet,
3573 1361 3717 1401 cum

419 1448 551 1504 illuc
579 1465 894 1517 pervenero.

490 1540 657 1596 Vens.
695 1543 780 1597 ll.
815 1541 880 1595 El
914 1543 1053 1607 dixi,
1080 1539 1348 1612 Numquid
1373 1540 1595 1596 tenebrw
1623 1541 2004 1596 conculcabunt

421 1630 548 1684 me?
597 1638 644 1684 et
692 1646 795 1685 noro
852 1631 1173 1685 illuminatio
1226 1632 1278 1684 in
1309 1631 1511 1685 deliciis
1563 1632 1710 1686 meis.
1759 1631 2006 1702 Cogitavi

421 1723 562 1776 intra
600 1738 723 1787 me,
780 1723 1043 1791 numquid
1100 1723 1144 1777 si
1202 1722 1457 1777 tenebras
1498 1723 1781 1791 ingressus
1826 1721 2003 1789 lucro,

420 1813 592 1867 latere
624 1821 817 1881 potero
851 1814 923 1865 ita
974 1820 1033 1867 ut
1085 1812 1154 1866 ab
1187 1812 1297 1868 illis
1345 1813 1655 1868 abscondar
1686 1812 1708 1864 ?
1761 1812 1833 1867 ita
1858 1816 2004 1868 enim

420 1906 727 1975 signiﬁcare
760 1905 1028 1959 voluntea
1058 1904 1222 1958 verba
1262 1921 1276 1958 :
1312 1903 1583 1974 Numquid
1617 1904 1842 1958 tenebrae
1882 1920 2008 1956 con-

421 1997 705 2050 culcabunt
732 2000 856 2052 me?
886 1997 1032 2066 quod
1082 1997 1455 2065 metaphorice
1484 1996 1688 2051 dictum
1724 2006 1826 2051 est.
1868 1995 2003 2052 Nam

418 2088 454 2141 ii
481 2088 573 2158 qui
607 2090 783 2142 solum
811 2088 1042 2157 pedibus
1066 2087 1396 2142 conculcant
1425 2127 1441 2154 ,
1471 2087 1727 2157 obtegere
1756 2086 1887 2141 illud
1922 2095 2007 2141 at-

418 2196 528 2250 que
595 2180 934 2235 abscondere
1016 2179 1420 2250 quodammodo
1491 2182 1657 2234 etiam
1730 2180 2005 2234 videntur.

420 2271 628 2326 Deinde
659 2273 901 2335 intellexi
931 2272 1076 2341 quod
1109 2272 1223 2342 ipsa
1253 2272 1415 2326 etiam
1460 2287 1570 2325 nux
1602 2271 1656 2324 in
1688 2270 1796 2327 Deo
1826 2271 2004 2326 lucida

418 2370 542 2428 est,
603 2362 1010 2416 huneetenim
1076 2362 1240 2416 Deum
1295 2360 1566 2430 Propheta
1608 2360 1831 2416 delicias
1878 2378 2007 2417 suas

416 2452 742 2522 appellavit,
773 2450 929 2520 cujus
955 2450 1038 2506 vel
1069 2451 1240 2505 solam
1272 2451 1593 2505 memoriam
1629 2452 2006 2507 oblectamen-

417 2558 530 2599 tum
581 2546 684 2600 sibi
726 2560 1000 2598 summmn
1046 2560 1168 2599 esse
1212 2545 1529 2598 arbitratur.
1586 2542 1792 2598 Memor
1823 2547 2001 2613 enim,
2039 2547 2252 2618 inquit.
2292 2548 2374 2618 fui
2405 2548 2532 2613 Dei,
2561 2557 2612 2602 et
2642 2548 2932 2603 delectatus
2955 2565 3072 2603 sum
3102 2547 3168 2604 ⁸¹.

2037 1962 2084 2020 Β

2196 1535 2305 1590 Kal
2359 1529 2518 1588 εἶπα·
2554 1498 2701 1601 Ἀρά
2757 1536 2979 1599 σκότος
3028 1532 3446 1603 καταπατήλσει
3469 1551 3565 1604 με,
3599 1534 3715 1589 καὶ

2113 1630 2228 1693 νὺξ
2257 1628 2559 1698 φωτισμὸς
2585 1627 2653 1680 ἐν
2682 1626 2756 1695 τῇ
2787 1625 2985 1696 τρυφῇ
3001 1643 3145 1694 μου.
3184 1627 3554 1698 Ἐλογισάμην
3586 1623 3719 1697 ἄρα

2116 1722 2341 1783 σκότους
2397 1718 2877 1790 ὑποδυσκρυϐῆναι
2931 1719 3284 1791 δυνήσομαι,
3336 1717 3445 1790 ἆρα
3511 1719 3721 1782 σκότος

2114 1811 2452 1881 κατακρύψει
2511 1826 2599 1881 με,
2645 1806 2778 1865 εἶπα
2823 1812 2883 1863 ἐν
2942 1810 3213 1881 etnon};
3254 1810 3416 1865 τοῦτο
3458 1812 3592 1881 γὰρ,
3645 1812 3717 1863 τὸ

2114 1903 2550 1973 καταπατήσει,
2573 1903 2767 1972 δηλοῖ·
2813 1903 3048 1973 κρύπτει
3081 1901 3191 1973 γὰρ
3221 1903 3283 1956 τὸ
3310 1903 3509 1972 ἔδαφος
3539 1904 3567 1955 ὁ
3597 1920 3719 1956 ποι-

2112 1995 2221 2049 τῶν
2251 1997 2403 2052 αὑτό.
2454 1991 2589 2051 Εἶτα
2629 1997 2879 2060 συνεῖκα,
2931 1996 3026 2050 καὶ
3075 1998 3107 2066 ή
3138 1995 3234 2061 νὺξ
3266 1994 3426 2066 αὑτὴ,
3464 1995 3714 2063 φωτεινή

2112 2088 2282 2152 ἐστιν,
2311 2090 2369 2141 ἐν
2392 2089 2471 2157 τῷ
2518 2086 2660 2157 Θεῷ,
2724 2089 2845 2159 ἦτοι
2901 2088 3054 2158 παρά
3081 2087 3157 2159 τῷ
3181 2088 3303 2160 Θεῷ
3323 2105 3338 2119 ’
3393 2088 3552 2142 τοῦτο
3589 2089 3717 2157 γὰρ

2114 2180 2291 2247 λέγει,
2335 2180 2548 2251 τρυφὴν
2607 2179 2809 2234 ἑαυτοῦ
2836 2198 2850 2213 ·
2880 2176 2942 2234 οὗ
2973 2182 3067 2234 καὶ
3132 2185 3229 2251 τήν
3258 2181 3485 2252 μνήμην
3518 2181 3711 2251 μόνον,

2111 2269 2459 2340 εὐφροσύνην
2490 2273 2730 2340 ἡγεῖται·

2806 2269 3160 2339 Ἐμνήσθην
3195 2270 3328 2339 γὰρ,
3379 2270 3535 2339 φησὶ,
3593 2267 3717 2321 τοῦ

2119 2362 2291 2429 Θεοῦ,
2345 2363 2445 2416 καὶ
2490 2361 2875 2431 ηὐφράνθην,
2930 2360 3105 2429 ἔγνων
3132 2362 3214 2417 ὅτι
3261 2361 3474 2415 οὐδὲτὸ
3510 2360 3717 2422 σκότος

2119 2455 2327 2527 κρύψαι
2359 2474 2426 2527 με
2462 2456 2572 2510 ἀπὸ
2593 2455 2689 2508 τοῦ
2717 2455 2854 2509 Θεοῦ
2879 2454 3126 2509 δύναται.

3234 2546 3473 2619 Cognovi
3542 2545 3717 2616 igitur

418 2638 564 2706 quod
598 2652 698 2691 nec
731 2638 862 2705 ipsae
898 2636 1137 2690 tenebrae
1178 2637 1520 2691 abscondere
1562 2652 1649 2690 me
1685 2647 1944 2707 poterunt
1979 2653 2009 2691 a
2046 2639 2175 2695 Deo.

488 2729 657 2783 Vens.
690 2729 775 2782 12.
821 2729 959 2794 Quia
1004 2728 1227 2782 tenebrae
1275 2746 1378 2783 non
1419 2731 1844 2784 obscurabuntur
1880 2750 1912 2786 a
1940 2740 2010 2787 te.

417 2850 488 2862 --
516 2822 558 2873 A
587 2828 634 2873 te
659 2861 673 2884 ,
705 2819 846 2872 dixit
899 2836 995 2891 pro
1028 2820 1186 2891 Apud
1238 2831 1320 2886 te,
1374 2823 1838 2892 quemadmodum
1871 2825 2014 2881 alius

418 2915 585 2969 etiam
620 2914 890 2981 interpres
928 2912 1188 2967 reddidit.
1223 2911 1358 2966 Num
1387 2929 1509 2983 quae
1562 2914 1705 2983 apud
1740 2928 1843 2970 nos
1879 2923 2012 2971 sunt

420 3007 683 3067 tenebrae,
707 3004 848 3071 apud
884 3011 936 3057 te
966 3003 1206 3057 tenebrae
1227 3018 1334 3057 non
1365 3020 1491 3058 sum
1516 3021 1529 3072 ;
1552 3004 1647 3059 tibi
1673 3007 1872 3061 etenim
1895 3021 2013 3062 om-

420 3100 509 3150 nia
544 3096 752 3150 lucent.
790 3095 999 3149 Deinde
1042 3097 1214 3165 magis
1255 3094 1517 3160 declarat,
1548 3096 1741 3152 dicens
1773 3114 1791 3151 :

495 3187 562 3242 Et
592 3187 864 3242 uox‘sicut
893 3186 1002 3241 dies
1033 3185 1448 3242 illuminabitur.
1473 3189 1629 3258 Apud
1667 3197 1722 3244 te
1747 3188 1977 3245 scilicet.

489 3367 636 3424 Sicut
670 3367 893 3422 tenebrw
920 3366 1034 3438 ejus
1061 3406 1076 3432 ,
1109 3366 1185 3420 ita
1219 3376 1267 3420 et
1294 3366 1386 3420 lux
1416 3366 1552 3436 ejus.
1590 3368 1744 3422 Sicut
1776 3371 2014 3424 tenebrat

2197 2738 2317 2789 Ὅτι
2340 2738 2565 2802 σκότος
2584 2738 2656 2790 οὐ
2684 2736 3154 2802 σκοτισθήσεται
3178 2736 3297 2790 ἀπο
3315 2735 3453 2790 σοῦ.
3477 2736 3712 2805 Ἥγουν,

2120 2829 2287 2898 Παρὰ
2319 2830 2439 2884 σοι·
2472 2828 2617 2882 οὕτω
2646 2831 2755 2899 γὰρ
2808 2829 2999 2898 ἕτερος
3046 2829 3333 2897 ἐξέδωκεν,
3371 2829 3452 2881 ὅτι
3483 2829 3544 2881 τὸ
3574 2833 3712 2899 παρ’

2120 2921 2252 2990 ήμίν
2282 2919 2501 2986 σκότος,
2556 2919 2659 2973 οὐκ
2707 2920 2793 2991 εἴη
2850 2922 3044 2983 σκότος
3099 2923 3250 2988 παρὰ
3287 2921 3369 2974 σοί
3394 2938 3407 2952 ο
3434 2918 3571 2975 ἀλλὰ
3610 2921 3713 2972 καὶ

2118 3013 2255 3067 αὐτὸ
2281 3013 2464 3082 φαίνει
2489 3030 2502 3045 ο
2546 3008 2668 3067 εἷτα
2697 3012 2989 3086 σαφηνίζει
3016 3014 3108 3066 τὸν
3132 3013 3313 3081 λόγον.

2190 3192 2299 3246 Kal
2329 3192 2447 3258 νὺξ
2485 3192 2567 3259 ὡς
2616 3191 2808 3262 ἡμέρα
2867 3191 3332 3262 φωτισθήσεται.
3397 3193 3558 3263 Παρὰ
3621 3197 3712 3249 σοὶ

2117 3284 2386 3354 δηλονότι.

2203 3379 2301 3446 Ὦς
2329 3381 2396 3435 τὸ
2424 3381 2647 3445 σκότος
2670 3378 2884 3449 αὐτῆς,
2918 3379 3073 3434 οὕτω
3097 3380 3195 3434 καὶ
3236 3380 3306 3435 τὸ
3330 3381 3459 3450 φῶς
3492 3378 3708 3450 αὐτῆς.

417 3462 539 3531 ejus
587 3461 769 3515 noctis
800 3458 996 3513 lucidas
1038 3469 1168 3514 sunt
1221 3458 1362 3529 apud
1397 3470 1447 3513 te
1471 3500 1484 3524 ,
1533 3458 1613 3513 sic
1640 3460 1805 3513 etiam
1835 3468 1889 3515 et
1912 3460 2005 3515 lux

2126 3470 2215 3532 Ὠς
2247 3472 2308 3524 τὸ
2338 3472 2528 3535 σκότος
2560 3471 2658 3542 τῆς
2721 3471 2915 3533 νυκτὸς
2945 3471 3099 3541 παρὰ
3131 3470 3214 3524 σοὶ
3244 3473 3530 3540 φωτεινὸν,
3562 3472 3709 3529 οὕτω

420 3554 549 3620 diei,
582 3552 685 3606 hoc
714 3560 799 3608 est
824 3551 933 3606 duo
958 3552 1072 3605 haec
1094 3567 1248 3614 aeque
1279 3566 1338 3604 se
1363 3552 1565 3606 habent
1586 3553 1729 3622 apud
1758 3560 1830 3617 te,
1861 3568 2018 3623 aeque

418 3648 628 3708 lucent,
653 3659 807 3713 atque
835 3643 1231 3713 splendescunt
1255 3659 1271 3707 ;
1302 3643 1457 3711 juxta
1504 3643 1605 3698 hoc
1624 3683 1639 3708 ,
1668 3658 1875 3699 sensus
1901 3656 2015 3710 est,

426 3736 573 3807 quod
598 3735 782 3789 omnia
813 3733 953 3801 apud
992 3735 1159 3787 Deum
1191 3733 1481 3787 manifesta
1518 3742 1670 3787 sunt.
1697 3733 2017 3805 lnlelligun-

427 3838 518 3882 tur
550 3828 712 3881 etiam
754 3824 869 3878 haec
894 3822 1061 3878 verba
1098 3824 1255 3893 juxta
1291 3822 1456 3876 alium
1510 3838 1734 3878 sensum
1771 3841 1785 3878 :
1817 3823 2019 3878 Tenta-

424 3921 664 3984 tionum,
699 3916 900 3987 inquit,
930 3924 1095 3985 atque
1126 3912 1477 3981 alllictiouum
1505 3915 1746 3970 tenebris
1778 3915 2019 3986 stipatus

416 4013 532 4066 dixi
570 4028 586 4065 :
620 4010 764 4081 quod
799 4008 1136 4062 tentation‘es
1162 4004 1394 4061 forsitan
1421 4008 1526 4062 mei
1558 4007 2018 4077 dominabuntur,

424 4119 616 4158 vi-rum
649 4112 701 4156 te
730 4101 802 4154 ita
834 4099 1187 4170 postmodum
1218 4097 1453 4164 volente,
1491 4113 1597 4153 nox
1630 4098 1720 4153 illa
1755 4100 2017 4171 nigroris,

420 4187 751 4249 illuminatio
795 4190 999 4247 laetitia:
1029 4192 1160 4245 mihi
1189 4190 1378 4246 ell‘ecta
1404 4201 1508 4246 est.
1568 4191 1799 4263 Reliqua
1850 4196 2017 4249 etiam

418 4294 833 4355 consequenter
866 4283 1146 4354 praedictis
1177 4282 1595 4355 interpretanda
1615 4295 1767 4340 sunt.
1807 4284 2019 4356 Grego-

422 4382 543 4434 rius
570 4395 703 4435 vero
746 4378 1064 4448 Theologus
1096 4378 1258 4433 aliter
1301 4378 1403 4432 hoc
1450 4378 1662 4434 dictum
1710 4381 1966 4450 exposuit
2002 4396 2017 4434 :

424 4472 543 4538 Me,
585 4472 798 4542 inquit,
834 4472 1051 4527 deliciis
1087 4479 1354 4539 vacante,
1391 4486 1502 4527 nox
1531 4473 1625 4528 illa
1661 4473 2018 4542 deliciarum,

422 4576 547 4634 quae
600 4574 841 4619 mentem
886 4564 1247 4628 obtenebrat,
1292 4564 1409 4619 visa
1456 4565 1593 4620 mihi
1643 4574 1730 4622 est
1769 4557 2018 4637 quaedam

421 4670 548 4710 esse
578 4655 907 4709 illuminatio
938 4672 951 4708 :
980 4670 1087 4709 nox
1124 4657 1271 4711 enim
1294 4694 1310 4722 ,
1346 4654 1561 4725 inquit,
1603 4656 1850 4727 undique
1883 4659 2019 4714 mihi

429 4750 635 4804 misero
665 4757 824 4812 erat,
854 4757 912 4801 et
941 4747 1283 4819 ignorabam.
1336 4748 1662 4806 Arbitrabar
1694 4750 1841 4805 enim
1881 4751 2018 4807 deli-

424 4841 541 4896 cias
569 4842 748 4896 lucem
776 4855 919 4894 esse.

498 4934 662 4989 Vsus.
694 4932 782 4987 15.
815 4930 1080 4996 Quoniam
1109 4939 1164 4984 tu
1192 4933 1464 5001 possedisti
1484 4950 1660 4990 omnes
1682 4953 1829 4992 renes
1860 4954 2021 4997 meos.

425 5028 531 5082 Per
575 5040 737 5081 renes
763 5039 929 5089 suos,
975 5024 1220 5093 seipsum
1274 5024 1583 5094 Propheta,
1641 5027 2020 5099 Chrysostomi

419 5120 736 5184 sententia,
789 5117 1272 5188 circumloquitur,
1317 5117 1488 5173 veluti
1546 5135 1577 5175 a
1631 5132 1789 5191 parte
1842 5131 2018 5178 totum

419 5218 766 5271 duscribens.
817 5212 1087 5281 Quoniam
1142 5223 1199 5269 tu
1231 5252 1245 5281 ,
1280 5215 1487 5284 inquit,
1540 5218 1835 5287 possedisti
1890 5235 2016 5288 me,

420 5310 530 5365 hoc
557 5319 672 5374 est,
709 5308 1117 5378 possessionem
1158 5319 1306 5364 tuam
1347 5324 1435 5366 me
1474 5309 1705 5383 effecisti
1738 5330 1753 5367 :
1783 5312 2012 5383 dignum

419 5403 683 5456 nimirum
716 5411 807 5456 tua
829 5401 1197 5472 providentia.
1223 5403 1357 5457 Nam
1388 5403 1482 5474 qui
1507 5403 1716 5474 aliquid
1747 5407 2014 5474 possidet,

420 5495 573 5548 illius
599 5497 767 5550 etiam
796 5511 985 5551 curam
1024 5496 1208 5553 habet.

494 5586 760 5656 Adjum'slt'
816 5605 898 5643 me
935 5590 998 5643 de
1030 5599 1208 5645 ventre
1249 5593 1437 5648 matris
1472 5609 1625 5649 mete.
1693 5592 1753 5649 ln
1789 5601 2015 5663 septua-

417 5681 630 5750 gesimo
662 5682 827 5736 etiam
856 5683 1066 5752 psalmo
1097 5684 1236 5740 dixit
1283 5703 1297 5739 :
1353 5684 1429 5741 De
1453 5694 1628 5744 centre
1659 5687 1845 5753 ma}ris
1886 5702 2014 5742 mea:

492 5859 711 5914 “Psal.
762 5875 945 5926 um,
1005 5862 1061 5914 4.

2121 3571 2214 3619 καὶ
2234 3565 2423 3634 τὸεφῶς
2451 3565 2546 3634 τῆς
2569 3565 2674 3634 ήμέ
2685 3580 2802 3634 ρας·
2827 3566 3108 3618 τουτέστιν
3126 3559 3217 3618 ἶσα
3238 3567 3389 3633 παρὰ
3413 3568 3495 3619 σοὶ
3517 3565 3706 3636 ἄμφω,

2122 3656 2217 3707 καὶ
2251 3658 2453 3726 ὁμοίως
2516 3658 2777 3724 φωτεινὰ.
2850 3658 3039 3711 Ταῦτα
3095 3659 3194 3727 μὲν
3248 3663 3378 3729 περὶ
3402 3659 3496 3713 τοῦ
3531 3662 3711 3713 πάντα

2125 3748 2338 3817 φανερὰ
2365 3742 2505 3800 εἶναι
2534 3749 2687 3817 παρὰ
2707 3748 2827 3816 Θεῷ
2853 3766 2866 3778 ·
2920 3749 3173 3802 νοοῦνται
3202 3750 3260 3803 δὲ
3299 3753 3393 3803 καὶ
3434 3751 3556 3805 καθ’
3590 3751 3712 3804 ὲτέ-

2127 3854 2227 3907 ραν
2286 3837 2549 3904 διάνοιαν,
2615 3841 2700 3892 ὃτι
2756 3842 3188 3911 περιστοιχιθεὶς
3250 3843 3328 3912 τῷ
3362 3846 3545 3897 σκότει
3598 3844 3711 3897 τῶν

2125 3929 2474 3998 πειρασμῶν,
2527 3925 2660 3982 εἶπα
2709 3929 2828 3984 καθ’
2857 3933 3050 3985 ἑαυτόν
3071 3948 3084 3962 ·
3115 3934 3258 4003 Ἀρα
3285 3936 3712 4007 κατακυριεύσει

2126 4039 2195 4093 με
2227 4038 2244 4089 ;
2281 4018 2400 4076 εἶτα
2442 4023 2538 4076 σοῦ
2570 4024 2920 4095 θελήσαντος,
2955 4027 3049 4078 καὶ
3092 4028 3124 4098 ή
3158 4028 3256 4091 νὺξ
3313 4029 3413 4093 τῆς
3442 4030 3714 4099 ¹ἀθυμίας

2125 4116 2407 4186 φωτισμὸς
2459 4116 2801 4187 εὐφροσύνης
2868 4120 3091 4187 ἐγένετο
3116 4136 3131 4151 ο
3191 4120 3504 4184 ἀκολούθως
3534 4122 3591 4175 δὲ
3618 4124 3712 4176 καὶ

2122 4207 2190 4261 τὰ
2248 4207 2380 4278 ἑξῆς
2433 4209 2824 4280 ἑρμηνευτέον.
2885 4212 2943 4264 Ὀ
2990 4212 3046 4264 δὲ
3091 4212 3355 4281 Θεολόγος
3406 4214 3710 4285 Γρηγόριο;

2124 4300 2332 4372 ἑτέρως
2366 4303 2682 4371 ἡρμήνευσε
2717 4303 2778 4355 τὸ
2811 4304 2997 4373 ῥητὸν,
3024 4304 3109 4356 ὅτι
3156 4307 3475 4376 τρυφῶντος
3511 4323 3640 4377 μου,
3671 4309 3704 4376 ή

2122 4394 2221 4457 νὺξ
2270 4396 2372 4464 τῆς
2430 4396 2645 4467 τρυφῆς
2676 4398 2708 4467 ἡ
2751 4398 3078 4461 σκοτίζουσα
3116 4399 3207 4452 τὸν
3244 4399 3396 4464 νοῦν,
3430 4400 3712 4471 φωτισμὸς

2123 4486 2298 4540 ἐδόκει
2343 4503 2466 4558 μοι·
2497 4488 2594 4551 νὺξ
2625 4488 2732 4559 γὰρ
2768 4484 2857 4556 ἦν,
2898 4491 3055 4559 φησι,
3113 4489 3242 4558 περὶ
3301 4490 3403 4559 ἐμὲ
3446 4492 3538 4544 τὸν
3602 4490 3712 4544 δεί-
3806 4508 3811 4513 “

2123 4580 2297 4646 λιιον,
2359 4581 2451 4634 καὶ
2506 4582 2780 4652 ἠγνόουνο
2838 4580 3121 4652 φωτισμὸν
3178 4579 3319 4635 εἶναι
3347 4581 3445 4653 τήν
3497 4583 3708 4654 τρυφήν

2124 4675 2153 4726 ὑ
2165 4673 2300 4728 πελά
2307 4674 2533 4745 μὸανον.

2199 4948 2330 4999 Ὀτι
2394 4944 2477 4999 σὺ
2533 4943 2771 5009 ἐκτήσω
2825 4942 2968 5010 τοὺς
3030 4944 3295 5013 νεφρούς
3342 4959 3481 5013 μου.
3538 4942 3706 5011 Φησ¹ιν

2121 5043 2151 5094 ὁ
2182 5039 2597 5108 Χρυσόστομος,
2635 5038 2718 5090 ὅτι
2774 5037 3014 5106 νεφροὺς
3044 5035 3286 5090 ἐνταῦθα
3334 5038 3361 5089 ὁ
3411 5037 3706 5106 προφήτης

2119 5135 2242 5189 ὅλον
2273 5131 2659 5208 ἑαυτδνθλέγει,
2688 5131 2797 5184 ἀπὸ
2825 5132 3028 5203 μέρους
3062 5130 3123 5183 τὸ
3152 5130 3260 5183 πᾶν
3283 5144 3296 5160 ο
3322 5129 3408 5182 ὅτι
3442 5129 3507 5182 σὺ
3539 5129 3634 5181 sic:
3647 5129 3709 5197 ή-

2117 5245 2198 5281 σω
2235 5244 2324 5297 με,
2378 5227 2469 5279 σὺν
2513 5224 2704 5295 κτῆμα
2731 5223 3069 5294 πεποίηκας,
3109 5223 3206 5276 καὶ
3231 5222 3490 5292 προνοίας
3511 5220 3702 5289 ἀξιοῖς

2118 5323 2146 5374 ὁ
2176 5320 2287 5391 γὰρ
2316 5316 2595 5389 κτώμενός
2617 5335 2691 5383 τι,
2713 5318 2809 5372 καὶ
2836 5318 3151 5388 προνοεῖται
3186 5314 3382 5371 αὺτοῦ.

2188 5592 2541 5649 Ἀνταλάὸου
2557 5608 2679 5662 μου
2698 5590 2767 5644 ἐκ
2787 5588 3048 5659 γαστρὸς
3079 5586 3478 5657 μητρόςμουι
3507 5584 3617 5638 Καὶ
3644 5583 3702 5635 ἐν

2120 5687 2197 5760 τῷ
2242 5687 2284 5741 o'
2332 5686 2537 5758 ψαλμῷ
2574 5680 2730 5739 εἷπεν
2753 5697 2767 5713 ο
2811 5684 2907 5735 Ἐκ
2940 5681 3175 5744 κοιλίας
3202 5677 3429 5748 μητρός
3462 5675 3544 5731 σύ
3583 5688 3700 5746 μου
