4112 6424
406 371 541 435 1257

1566 376 1955 439 εοΜΜΕΝΤ.
2016 376 2093 439 ΙΝ
2131 378 2490 440 PSALMOS.

3534 388 3669 451 1258

396 502 447 537 ει
474 485 848 550 σκεπαστής·
876 484 931 551 ἐξ
990 484 1169 539 αὐτῶν
1203 484 1311 539 τῶν
1346 486 1700 557 σπαργάνων,
1734 487 1798 540 ὲκ
1826 484 1961 557 πρώ·

2082 493 2137 539 ιιι
2168 503 2221 540 es
2255 498 2513 556 protector
2545 505 2685 543 meus
2706 532 2719 555 ,
2773 503 2838 545 ex
2878 490 3012 562 ipsis
3054 492 3315 551 nimirum
3344 498 3636 556 cunabulis
3656 542 3673 568 ,

396 595 497 646 της
528 579 763 649 ἡλικίας.

482 671 1044 741 Ἐξομολυγήσομαι
1101 689 1222 738 σοι,
1290 672 1382 726 ὅτι
1427 672 1691 742 φοϐερῶς
1725 672 1982 742 ἐθαυμα-

390 763 656 831 στώθης.
695 764 871 819 Πολλὰ
904 763 1282 836 θαυμάζομεν,
1311 765 1429 819 ἀλλ’
1479 766 1540 818 οὐ
1592 766 1733 836 μετὰ
1765 766 1935 833 φόϐου
1961 782 1975 794 ’

394 850 529 920 οἷον,
582 854 755 924 κάλλη
786 856 881 909 καὶ
924 857 1130 927 μεγέθη
1160 857 1454 927 σωμάτων,
1484 858 1578 910 καὶ
1607 858 1981 927 οἰκοδομημά-

395 961 525 1006 των,
559 945 656 999 καὶ
680 947 876 1015 σοφίαν
926 949 1157 1020 τεχνῶν,
1208 950 1305 1003 καὶ
1333 949 1401 1002 τὰ
1431 948 1679 1004 τοιαῦτα’
1722 951 1803 1013 είς
1830 950 1886 1004 δὲ
1919 950 1980 1003 τὸ

395 1028 558 1101 βάθος
593 1036 691 1107 τῆς
721 1037 1003 1110 Θαλάσσης
1034 1040 1474 1110 κατακόψαντες,
1511 1043 1611 1113 οὐχ
1634 1042 1822 1106 ἁπλῶς
1848 1043 1980 1097 αὐτὸ

386 1126 771 1198 θαυμάζομεν,
793 1132 928 1187 ἀλλὰ
956 1133 1094 1203 μετὰ
1120 1134 1312 1202 φόϐου.
1360 1134 1566 1188 Λοιπὸν
1588 1132 1687 1190 οὖν
1707 1139 1735 1190 ὁ
1758 1140 1978 1207 προφή-

390 1236 492 1288 της
535 1222 616 1284 είς
641 1223 703 1275 τὸ
740 1225 940 1293 ἀχανὲς
969 1225 1232 1294 πέλαγος,
1268 1228 1364 1280 καὶ
1402 1227 1495 1280 τὸν
1532 1228 1763 1302 ἄπειρον
1817 1229 1980 1299 βυθὸν

387 1313 492 1381 τῆς
526 1314 621 1367 τοῦ
653 1316 789 1369 Θεοῦ
819 1318 1107 1389 δυνάμεως
1137 1320 1236 1373 καὶ
1268 1319 1486 1388 σοφίας,
1528 1323 1622 1373 καὶ
1662 1323 1980 1393 οἰκονομίας

392 1407 744 1479 παρακύψας,
775 1411 868 1464 καὶ
903 1412 1235 1480 ἰλιγγιάσας,
1268 1412 1361 1464 καὶ
1391 1413 1530 1481 μετὰ
1564 1413 1733 1482 φόϐου
1767 1412 1981 1483 θαυμά-

330 1536 343 1546 .
389 1515 514 1564 σας,
560 1502 912 1574 ἀνεχώρησεν
962 1507 1098 1575 πρὸς
1138 1505 1354 1569 ἑαυτὸν,
1399 1504 1497 1558 καὶ
1543 1507 1846 1577 ἀνεϐόησεν
1870 1508 1973 1572 ὅτι,

388 1592 725 1665 Εὐχάριστῶ
748 1614 830 1650 σοι
858 1598 1032 1668 μόνῳ.

460 1778 773 1847 Θαυμάσιά
818 1780 890 1834 τὰ
910 1779 1055 1852 ἔργα
1094 1798 1234 1838 σου.
1289 1785 1477 1840 Πάντα
1510 1786 1641 1857 γὰρ,
1693 1784 1880 1856 φησὶν,
1917 1787 1976 1839 εν

388 1869 553 1938 σοφίᾳ
585 1871 876 1941 ἐποίησας.
1874 1882 1875 1885 ¹

459 1961 569 2015 Καὶ
602 1964 641 2031 ή
669 1965 840 2033 ψυχή
890 1984 1011 2035 μου
1061 1968 1344 2039 γινώσκει
1382 1969 1644 2039 σφόδρα.
1702 1969 1969 2024 Γινώσκει

382 2047 469 2104 ὅτι
494 2055 789 2125 θαυμαστὰ
816 2058 1012 2115 ταῦτα.

449 2149 574 2202 Οὐκ
601 2149 824 2221 ἐκρύϐη
851 2155 918 2207 τὸ
949 2156 1178 2212 ὀστοῦν
1192 2176 1310 2226 μου
1339 2159 1459 2213 ἀπὸ
1505 2158 1646 2221 σοῦ,
1674 2158 1706 2212 ὃ
1762 2159 1968 2226 ἐποίη-

378 2249 501 2301 σας
538 2238 852 2310 ἐνκρυρῇ.
905 2244 1121 2315 Φανερά
1173 2263 1258 2300 σοι
1315 2249 1409 2301 καὶ
1440 2248 1471 2318 ἡ
1504 2247 1798 2311 διάπλασις
1850 2246 1963 2298 τῶν

378 2327 588 2382 ὀστέων
654 2349 779 2401 μου,
819 2332 855 2387 ἃ
888 2336 1157 2406 ἐποίησας
1189 2339 1370 2409 ἀφανῆ
1400 2338 1868 2408 ὑποκεκρυμμένα
1899 2338 1965 2406 τῇ

382 2424 571 2493 σαρκί.
586 2426 697 2478 Καὶ
731 2426 926 2492 ἄλλως
949 2430 1144 2484 ὀστοῦν
1161 2434 1194 2502 ἡ
1214 2433 1375 2503 γυνη,
1400 2435 1490 2486 ὅτε
1518 2432 1722 2501 ἔφαγεν
1741 2431 1849 2484 ἀπὸ
1866 2427 1962 2483 τοῦ

382 2513 581 2579 ξύλου·
645 2519 837 2573 ὀστοῦν
888 2523 999 2593 γὰρ
1036 2525 1176 2595 αὑτὴ
1208 2524 1305 2578 τοῦ
1355 2525 1549 2595 Ἀδὰμ,
1593 2524 1810 2593 tinctae
1866 2521 1971 2588 τῆς

381 2606 625 2678 πλευρᾶς
675 2610 841 2663 αὐτοῦ
900 2613 1441 2687 πλαστουργηθεῖσα,
1480 2618 1546 2688 ἢν
1595 2614 1861 2685 ἐποίησας
1906 2613 1966 2664 ὲν

382 2701 869 2768 κρυφῇ,ἔκστασιν
924 2705 1206 2761 ἐπιϐαλὼν
1229 2708 1308 2779 τῷ
1348 2709 1541 2777 Ἀδάμ.

2085 586 2249 647 atque
2276 593 2308 632 a
2340 578 2516 649 prima
2544 590 2597 636 et
2625 590 2815 637 tenera
2847 592 3029 638 aztate.

2160 671 2323 726 Vens.
2368 673 2456 727 14.
2516 673 2809 743 Conﬁtebor
2857 678 2990 744 tibi,
3050 682 3297 746 quoniam
3372 687 3679 743 terribiliter

2082 765 2452 834 magniﬁcatus
2478 784 2551 821 es.
2593 767 2759 822 Multa
2795 785 2939 840 saape
2969 772 3230 830 admirari
3263 776 3505 835 solemus
3529 820 3545 847 ,
3575 782 3674 836 sed

2082 859 2291 929 absque
2355 859 2468 914 ullo
2524 860 2966 927 timore,veluti
3033 868 3551 939 pulchritudinem,
3609 890 3677 929 ac

2087 950 2524 1021 magnitudinem
2583 968 2915 1023 corporum,
2970 958 3330 1016 aedificiorum
3382 965 3588 1033 etiam,
3623 975 3678 1021 et

2082 1043 2285 1097 artium
2316 1044 2646 1108 scientiam,
2675 1056 2841 1116 atque
2863 1049 2969 1102 alia
3004 1050 3320 1122 bujusmodi
3344 1069 3360 1121 ';
3410 1073 3598 1112 verum
3630 1061 3677 1113 si

2083 1136 2248 1191 maris
2280 1136 2711 1206 profunditatem
2738 1140 3039 1210 intuemur,
3083 1158 3190 1200 non
3224 1148 3545 1218 simpliciter
3575 1152 3677 1205 ad-

2085 1230 2371 1295 miramur,
2403 1230 2498 1285 sed
2528 1246 2652 1287 cum
2693 1235 2908 1291 timore.
2956 1235 3224 1307 PrOplteta
3258 1241 3421 1311 igitur
3456 1255 3673 1301 vastum

2082 1322 2307 1393 pelagus
2349 1333 2511 1393 atque
2560 1326 2882 1380 immensum
2934 1328 3132 1385 divina:
3167 1332 3449 1398 sapientiae
3480 1340 3676 1405 poten-

2083 1412 2284 1481 tiaeque
2314 1422 2368 1467 et
2394 1414 2891 1471 administrationis
2921 1419 3252 1489 profundum
3282 1424 3514 1481 intuitus
3545 1469 3560 1493 ,
3594 1438 3677 1482 at-

2080 1516 2187 1568 que
2246 1502 2532 1558 oculorum
2598 1506 2918 1577 vertiginem
2968 1525 3205 1579 passus,
3280 1529 3403 1568 cum
3472 1516 3677 1572 timore

2080 1601 2245 1661 atque
2292 1594 2659 1651 admiratione
2708 1597 2765 1651 in
2798 1599 3038 1668 seipsum
3090 1616 3346 1658 reversus
3373 1644 3390 1670 ,
3417 1605 3676 1661 clamavit

2079 1684 2270 1741 dicens
2304 1702 2317 1738 :
2345 1684 2563 1743 Gratias
2597 1689 2692 1745 tibi
2725 1690 2825 1746 soli
2857 1707 3035 1763 agam.

2157 1779 2432 1836 Mirabilia
2464 1799 2625 1851 opera
2658 1792 2771 1838 tua.
2821 1783 3014 1840 Omnia
3042 1787 3219 1853 enim,
3245 1788 3447 1860 inquit,
3489 1793 3542 1847 in
3579 1809 3672 1850 sa-

2004 1872 2047 1927 B
2080 1871 2283 1941 pientia
2314 1873 2516 1929 iecisti.

2153 1963 2221 2017 Et
2268 1965 2451 2019 anima
2509 1982 2626 2020 mea
2666 1968 2927 2039 cognoscit
2973 1968 3145 2024 naida.
3186 1969 3480 2043 Cognoscit
3523 1978 3671 2046 quod

2080 2056 2195 2111 limo
2227 2057 2552 2113 admiranda
2587 2069 2738 2114 sunt.

2150 2145 2314 2201 Vens.
2365 2146 2451 2200 15.
2492 2144 2616 2201 Non
2645 2157 2722 2202 est
2763 2150 3083 2204 occultatum
3124 2167 3182 2206 os
3232 2168 3407 2207 nteum
3453 2157 3544 2209 ab:
3583 2162 3631 2210 te
3657 2196 3672 2220 ,

2071 2244 2216 2309 quod
2236 2241 2406 2309 fecisti
2436 2242 2491 2295 in
2525 2242 2853 2298 abscondito.
2894 2245 3033 2301 Nota
3072 2262 3136 2302 ac
3178 2250 3470 2305 manifesta
3502 2252 3669 2306 etiam

2074 2330 2174 2384 tibi
2229 2341 2313 2386 est
2361 2333 2569 2388 ossium
2637 2351 2886 2391 meorum
2953 2338 3231 2405 formatio,
3289 2357 3385 2396 seu
3438 2345 3669 2399 creatio.

2071 2419 2147 2474 Ea
2178 2422 2379 2476 etenim
2411 2423 2581 2480 latere
2619 2426 2838 2492 fecisti,
2872 2439 3037 2500 atque
3081 2431 3198 2500 ipsa
3228 2447 3395 2488 carne
3424 2436 3665 2504 contegi.

2075 2508 2172 2564 Vel
2202 2511 2359 2566 aliter
2384 2528 2399 2567 :
2443 2511 2535 2580 Os,
2570 2516 2674 2570 hoc
2704 2529 2808 2583 est,
2836 2521 3033 2575 mulier
3062 2522 3201 2591 ipsa,
3231 2538 3339 2577 non
3370 2534 3454 2579 est
3480 2527 3672 2579 occul-

2076 2610 2226 2666 tata,
2285 2605 2507 2673 quando
2564 2608 2800 2662 comedit
2856 2609 2925 2664 de
2970 2610 3137 2679 ligno.
3193 2614 3301 2668 Eva
3348 2615 3550 2669 etenim
3605 2631 3671 2671 os

2076 2694 2277 2750 dicitur
2324 2696 2428 2750 viri
2488 2698 2573 2752 sui
2634 2697 2851 2768 Adam,
2883 2716 2949 2756 eo
3001 2704 3147 2773 quod
3201 2719 3267 2759 ex
3319 2706 3465 2761 illius
3515 2717 3670 2763 costa

373 2802 561 2845 creata
608 2803 731 2859 est,
769 2796 923 2863 juxta
988 2799 1169 2856 illud:
1206 2799 1321 2854 Hoc
1376 2817 1514 2854 nunc
1561 2817 1619 2854 os
1665 2816 1730 2854 ea:
1759 2798 1961 2853 ossibus

2067 2788 2129 2843 eis
2158 2788 2205 2820 ⁸²
2243 2826 2259 2853 ,
2294 2803 2459 2858 quam
2505 2789 2558 2843 in
2613 2791 2830 2849 occulto
2905 2794 3030 2851 ideo
3078 2795 3276 2854 fecisse
3333 2796 3477 2853 Deus
3535 2799 3673 2855 dici-

381 2898 486 2950 tur,
525 2891 652 2958 quia
688 2893 948 2946 exstasim
986 2907 1116 2949 tunc
1151 2896 1378 2951 immisit
1412 2897 1552 2951 Deus
1588 2897 1641 2950 in
1672 2898 1867 2954 Adam.

448 2981 613 3048 Καὶή
651 2984 992 3049 ὑπόστασις
1040 3003 1159 3054 μου
1190 2986 1260 3039 ἐν
1286 2987 1411 3053 τοῖς
1434 2988 1793 3056 κατωτάτοις
1857 2990 1968 3059 τῆς·

2152 2997 2217 3052 Et
2255 3000 2554 3055 substantia
2603 3016 2716 3056 mea
2773 3004 2827 3055 in
2874 3004 3213 3074 inferioribus
3260 3016 3434 3062 terror.
3488 3007 3669 3065 Mani”

375 3068 509 3139 γῆς.
544 3074 761 3144 Φανερά
788 3093 871 3129 σοι
896 3078 991 3130 καὶ
1020 3079 1054 3146 ἡ
1087 3079 1249 3131 οὐσία
1277 3078 1373 3131 τοῦ
1410 3080 1659 3150 σώματός
1689 3100 1813 3153 μου,
1840 3084 1872 3154 ή
1905 3086 1961 3137 ἐν

2071 3087 2211 3143 festa
2258 3092 2422 3145 etiam
2470 3092 2569 3146 tibi
2601 3103 2682 3147 est
2735 3096 2986 3164 corporis
3024 3096 3125 3150 mei
3158 3098 3464 3154 substantia
3494 3141 3508 3166 ,
3545 3117 3668 3171 quae

376 3162 455 3232 τῷ
496 3162 652 3232 βάθει
701 3164 805 3233 τῆς
845 3166 950 3235 γῆς
1003 3167 1383 3238 κρυπτομένη,
1429 3169 1522 3222 καὶ
1548 3169 1787 3241 λυομένη
1819 3173 1961 3242 μετὰ

2067 3190 2193 3250 post
2237 3195 2465 3239 mortem
2498 3200 2673 3239 meam
2725 3184 2781 3240 in
2814 3162 2975 3241 terra:
3014 3186 3386 3258 profunditate
3424 3193 3664 3249 abscon—

376 3255 469 3307 τὸν
502 3256 756 3310 Θάνατον·
778 3257 1029 3311 τουτέστι
1054 3261 1147 3314 καὶ
1177 3260 1647 3330 συμπηγνύμενον
1678 3265 1739 3332 τῇ
1758 3265 1961 3336 γαστρὶ

2067 3274 2225 3329 detur
2271 3284 2435 3345 atque
2486 3276 2838 3346 dissolvetur,
2885 3255 3173 3347 hoc—eSt,
3224 3292 3278 3338 ct
3321 3298 3662 3356 compactum

375 3344 479 3417 τῆς
532 3348 739 3417 μητρὸς
766 3350 901 3421 ὁρᾷς
928 3369 1018 3420 με,
1050 3354 1146 3406 καὶ
1193 3353 1456 3422 λυόμενον
1505 3348 1663 3417 αὖθις
1692 3355 1750 3407 ἐν
1781 3357 1961 3430 κοιλίᾳ

369 3440 474 3507 τῆς
505 3440 630 3509 γῆς.
663 3441 728 3493 'll
753 3445 845 3496 καὶ
872 3445 1098 3515 ἑτέρως’
1134 3445 1352 3516 Φανερά
1390 3464 1493 3511 σοι,
1527 3450 1622 3501 καὶ
1653 3447 1959 3515 ὑπόστασὶς

378 3530 506 3601 ptio,
541 3534 572 3602 ἡ
607 3533 810 3598 πλάσις
855 3553 957 3604 μου
980 3553 993 3567 ·
1017 3540 1073 3607 ἡ,
1110 3537 1303 3609 ὥσπερ
1355 3541 1415 3593 ἐν
1460 3544 1572 3604 τοῖς
1614 3545 1959 3608 κατωτάτοις

371 3623 476 3693 τῆς
528 3626 655 3696 γῆς,
707 3629 765 3680 ἐν
804 3630 918 3693 τοῖς
973 3631 1231 3699 ἐγκάτοις
1277 3633 1380 3703 τῆς
1436 3637 1716 3708 μητρικῆς
1765 3640 1959 3711 νηδύος

372 3716 737 3787 ὑφαινομένη.
1112 3744 1120 3751 ’

448 3808 518 3862 Τὸ
548 3810 998 3880 ἀκατέργαστόν
1018 3834 1139 3884 μου
1158 3814 1325 3873 εἶδον
1377 3822 1431 3875 ot
1461 3821 1763 3893 ὀφθαλμοί
1814 3839 1956 3882 σου.

375 3900 446 3954 Ἢ
474 3902 537 3955 τὸ
565 3903 658 3956 τοῦ
706 3905 951 3976 ἑμϐρύου
995 3909 1374 3966 ἀδιατύπωτον
1401 3913 1572 3982 λέγει,
1619 3918 1792 3985 μήπω
1812 3916 1955 3981 ἐξει-

369 3994 713 4057 κονισθέντος
737 3996 794 4047 ἐν
825 3996 903 4067 τῷ
963 3998 1321 4071 ἐργαστηρίῳ
1375 4005 1475 4074 τῆς
1513 4005 1731 4075 φύσεως
1751 4024 1766 4039 °
1794 4006 1827 4076 ἢ
1853 4008 1954 4079 τὴν

366 4081 463 4137 τοῦ
493 4084 613 4148 νοὸς
662 4086 827 4155 ἀτελῆ
877 4086 1112 4158 κίνησιν.
1175 4085 1365 4157 Οἶδας,
1392 4096 1584 4162 φησὶν,
1623 4096 1793 4165 κάμὲ,
1844 4098 1954 4166 πρὸ

366 4175 465 4229 τοῦ
502 4177 957 4252 διαμορφωθῆναί
1000 4196 1091 4249 με’
1126 4183 1226 4237 καὶ
1267 4186 1395 4248 τοὺς
1448 4184 1746 4257 λογισμούς
1823 4207 1951 4259 μου,

368 4266 478 4336 πρὸ
501 4266 598 4320 τοῦ
630 4270 925 4341 κινηθῆναι
956 4273 1179 4337 αὐτούς.
1211 4269 1378 4339 Οἶδας
1414 4277 1593 4332 πάντα
1637 4280 1746 4351 πρὸ
1792 4282 1951 4350 γενέ-

371 4374 511 4423 σεως
545 4362 751 4416 αὐτῶν.

2065 3383 2150 3421 me
2194 3367 2380 3423 vidisti
2441 3370 2494 3423 in
2550 3380 2707 3426 utero
2745 3372 2933 3427 matris
2993 3389 3169 3440 meae,
3219 3383 3277 3431 et
3332 3377 3659 3435 dissolutqu

2065 3471 2260 3515 rursus
2295 3460 2506 3517 videbis
2534 3462 2585 3516 in
2620 3471 2776 3519 utero
2806 3475 2986 3521 terra.
3020 3464 3118 3521 Vel
3148 3468 3309 3522 aliter
3339 3487 3353 3524 :
3386 3469 3522 3526 Nota
3562 3474 3661 3537 tibi

2064 3559 2148 3606 est
2175 3552 2537 3609 subsistentia
2571 3571 2687 3611 mea
2708 3598 2722 3622 ,
2749 3565 2803 3612 et
2834 3557 3089 3614 formatio
3122 3576 3273 3624 mea,
3310 3577 3430 3632 qua:
3464 3566 3517 3619 in
3551 3583 3667 3621 ma-

2062 3645 2202 3698 terni
2239 3645 2376 3700 uteri
2406 3646 2713 3704 visceribus
2736 3689 2750 3715 ,
2790 3649 2957 3705 veluti
2996 3649 3053 3705 in
3088 3659 3249 3710 terra:
3280 3655 3659 3725 inferioribus,

2060 3742 2317 3788 contexta
2348 3744 2455 3790 est.

2134 3822 2299 3879 Vens.
2339 3827 2424 3882 lti.
2458 3828 2832 3900 Imperfectum
2866 3850 2948 3888 me
2984 3833 3224 3891 viderunt
3245 3838 3386 3893 acati
3416 3841 3514 3895 tui.
3550 3841 3662 3895 Aut

2058 3916 2397 3973 embrionem
2437 3919 2729 3976 informem
2758 3922 3014 3992 intelligit
3040 3963 3055 3987 ,
3089 3927 3183 3995 qui
3214 3928 3269 3982 in
3302 3938 3514 3985 natura:
3545 3933 3662 3985 oili-

2058 4008 2180 4061 cina
2213 4009 2440 4079 figuram
2493 4014 2676 4070 adhuc
2712 4020 2919 4074 nullam
2953 4035 3240 4094 acceperat
3266 4067 3280 4091 ,
3318 4033 3411 4080 aut
3445 4024 3655 4097 imper-

2060 4096 2277 4153 fectum-
2297 4104 2499 4159 mentis
2522 4115 2753 4163 motum.
2784 4107 2961 4175 Nosti,
2986 4112 3185 4184 inquit,
3225 4132 3310 4171 me
3335 4096 3652 4189 priusquam

2060 4182 2350 4258 formarer,
2383 4202 2437 4248 et
2486 4194 2848 4265 cogitationes
2884 4218 3035 4259 meas
3090 4206 3413 4278 priusquam
3468 4226 3658 4266 move-

2059 4289 2272 4347 rentur,
2316 4284 2419 4340 ltoc
2469 4296 2597 4354 est,
2650 4293 2795 4346 nosti
2850 4296 3076 4361 omnia,
3136 4306 3431 4369 antequam
3499 4304 3654 4359 ﬁant.

2059 4374 2216 4433 Unde
2246 4378 2388 4434 alius
2420 4381 2690 4453 interpres
2722 4386 2959 4443 reddidit
2991 4407 3005 4445 :
3046 4387 3347 4461 Informem
3388 4412 3467 4450 me
3505 4398 3654 4451 vide-

2056 4481 2181 4525 runt
2216 4473 2354 4527 oculi
2383 4477 2480 4529 tui.

439 4539 549 4593 Kal
579 4540 678 4594 ἐπὶ
708 4542 776 4596 τὸ
795 4544 1043 4608 βιϐλίον
1084 4565 1203 4603 σου
1242 4550 1471 4618 πάντες
1506 4553 1945 4622 τραφήσονται.

2127 4566 2193 4619 In
2245 4566 2380 4622 libro
2425 4578 2514 4623 tuo
2571 4588 2749 4627 omnes
2806 4575 3124 4633 scribentur.
3191 4579 3359 4636 Liber
3414 4581 3507 4639 Dei
3567 4596 3656 4640 cst

364 4628 581 4685 Βιϐλίαν
613 4635 751 4689 Θεοῦ
790 4638 822 4707 ή
861 4639 1099 4711 ἀκριϐὴς
1124 4641 1347 4709 γνῶσιςο
1384 4644 1574 4716 Γραφὴ
1601 4645 1659 4699 δὲ
1694 4648 1886 4717 αὑτοῦ,
1913 4653 1946 4722 ἡ

364 4722 620 4794 διηνεκὴς
654 4729 865 4800 μνήμη.
912 4731 1000 4785 Ἐν
1031 4734 1133 4802 μὲν
1154 4734 1246 4788 οὖν
1265 4737 1345 4806 τῷ
1396 4728 1586 4810 βιϐλίῳ
1635 4742 1737 4811 τῆς
1770 4744 1947 4816 ἁπλῆς

362 4817 621 4883 γνώσεως
657 4819 958 4888 γράφονται
1001 4826 1190 4891 ἁπλῶς
1245 4830 1467 4897 πάντες,
1507 4836 1601 4889 καὶ
1623 4836 1825 4892 δεκαιοι
1852 4840 1947 4895 καὶ

2058 4675 2272 4715 summa
2319 4662 2440 4731 ejus
2497 4663 2769 4732 scientia;
2824 4665 3109 4738 Scriptura
3175 4686 3326 4734 vero.
3388 4685 3650 4745 perpetua

2056 4755 2338 4807 memoria.
2383 4754 2441 4809 in
2476 4755 2616 4811 libro
2666 4758 2833 4827 igitur
2885 4761 3083 4817 divinae
3128 4765 3373 4821 scientiae
3400 4806 3417 4830 ,
3457 4783 3651 4824 omnes

2056 4844 2392 4908 scribentur,
2438 4856 2544 4901 tam
2576 4849 2710 4915 justi
2742 4864 2907 4919 quam
2944 4863 3284 4922 peccatores.
3315 4857 3518 4913 Verum
3560 4860 3651 4915 hic

366 4908 684 4979 ἁμαρτωλοί
711 4926 724 4940 ·
776 4912 833 4963 ἐν
868 4911 924 4965 δὲ
958 4914 1034 4984 τῷ
1066 4916 1165 4984 τῆς
1217 4921 1342 4973 κατ’
1377 4925 1656 4979 οἰκείωσιν
1688 4931 1945 4996 γνώσεως

2067 4933 2254 4988 iivinae
2313 4936 2558 4992 scientiae
2608 4939 2768 5006 liber,
2822 4943 2998 5013 magis
3036 4954 3121 4999 est
3170 4948 3521 5001 universalis.
3551 4948 3651 5003 Est

363 4998 669 5067 γράφονται
698 5000 851 5071 μόνοι
874 5004 923 5055 οἱ
949 5004 1170 5061 δίκαιοι.

2044 5028 2245 5083 etenim
2279 5027 2421 5083 alius
2448 5028 2590 5084 liber
2632 5032 2877 5087 scientiae
2925 5034 3018 5088 Dei
3054 5039 3226 5107 magis
3258 5038 3502 5106 privatus
3528 5079 3544 5103 ,
3581 5041 3638 5096 in

365 5111 478 5164 quo
505 5098 605 5152 soli
634 5099 769 5167 justi
797 5102 1120 5156 scribuntur
1147 5120 1240 5159 :ea
1276 5108 1510 5175 ratione,
1536 5116 1681 5183 quod
1723 5135 1817 5176 eos
1847 5133 2058 5182 tantum
2092 5143 2464 5200 cognoscere,
2504 5129 2607 5187 boc
2638 5141 2759 5196 est,
2781 5134 3085 5202 approbare
3123 5132 3361 5199 dicitur;
3399 5133 3554 5203 juxta
3584 5132 3638 5187 id

359 5194 501 5262 quod
531 5194 796 5264 scriptum
838 5206 916 5252 est
947 5215 960 5251 :
987 5194 1150 5252 Novit
1187 5199 1446 5255 Dominus
1465 5206 1574 5259 vias
1595 5208 1855 5273 iustorum
1876 5216 1944 5271 ⁸³.

444 5283 688 5352 Ἡμέρας
716 5288 1204 5357 πλασθήσονται,
1237 5292 1335 5347 καὶ
1361 5295 1564 5362 οὐδεὶς
1592 5300 1664 5353 ἐν
1710 5305 1938 5373 αὐτοῖς.

372 5376 462 5429 Ἐν
525 5379 664 5445 φωτὶ
706 5380 800 5432 τοῦ
869 5383 1027 5449 ἁγίου
1077 5383 1418 5454 ῐινεύματος,
1487 5389 1940 5463 πλασθήσονται,

2127 5309 2225 5363 Die
2270 5310 2663 5379 formabuntur,
2700 5322 2749 5367 et
2794 5330 2944 5368 nemo
2995 5316 3051 5368 in
3093 5318 3186 5371 eis.
3238 5316 3644 5371 Formabuntur

2040 5389 2101 5454 in
2132 5402 2252 5457 luce
2304 5406 2478 5460 sancti
2512 5404 2751 5475 Spiritus
2773 5444 2790 5468 ,
2825 5405 3151 5462 formatione
3196 5409 3454 5462 nimirum
3486 5409 3633 5476 opti-

360 5466 557 5521 πλάσιν
588 5468 686 5539 τὴν
714 5472 947 5543 ἀρίστην
990 5491 1048 5527 νε
1082 5476 1177 5528 καὶ
1228 5477 1659 5552 καθαρωτάτην,
1702 5488 1797 5540 καὶ
1840 5490 1941 5559 τῆς

2067 5509 2131 5549 ua
2192 5502 2248 5549 et
2313 5496 2720 5565 mundissima,
2777 5514 2899 5570 qua:
2953 5499 3271 5555 formationi
3335 5500 3633 5564 materiali,

358 5563 700 5631 νυκτερινῆς,
735 5568 828 5618 καὶ
858 5568 1183 5637 σωματικῆς
1216 5570 1517 5626 ἀντίθετον·
1547 5578 1641 5630 καὶ
1668 5580 1726 5632 ἐν
1753 5580 1940 5646 αὐτοῖς

356 5652 467 5714 τοίς
498 5651 577 5716 ὡς
607 5656 821 5728 εἴρηται
849 5662 1241 5732 γραφομένοις,
1272 5664 1447 5731 οὐδείς
1480 5670 1650 5736 ἐστιν,
1686 5671 1761 5736 ὡς
1788 5673 1940 5747 3-313-

432 5838 477 5871 ⁸³
510 5837 643 5896 Gen.
689 5857 751 5904 ll,
778 5841 869 5895 25.
947 5843 994 5876 ⁸³
1037 5845 1182 5901 l‘sal.
1227 5864 1264 5911 I,
1292 5845 1345 5902 6.

684 5940 961 6004 ΡΑτιιοι..
1004 5943 1123 6005 Gn.
1170 5944 1510 6008 CXXVIII.

2044 5598 2229 5659 atque,
2265 5598 2322 5644 ut
2352 5590 2424 5644 ita
2457 5590 2659 5658 dicam,
2697 5602 2983 5649 nocturna:
3016 5603 3101 5649 εει
3135 5594 3409 5649 contraria
3442 5610 3458 5648 :
3494 5602 3549 5648 et
3575 5593 3633 5648 in

2038 5680 2118 5736 eis
2142 5723 2155 5749 ,
2184 5683 2278 5752 qui
2311 5684 2362 5738 in
2394 5698 2460 5741 eo
2487 5685 2626 5742 libro
2666 5688 2859 5758 scripti
2894 5700 3045 5754 sunt,
3077 5697 3137 5743 ut
3170 5687 3409 5743 diximus
3432 5728 3446 5754 ,
3480 5701 3642 5743 nemo

3190 5963 3265 6024 ιο
