4112 6426
360 372 507 467 Ὡς]

1525 398 1681 459 COM
1697 398 1930 460 MENT.
1976 392 2060 453 1N
2092 397 2462 459 PSALMOS.

3490 403 3627 471 126!

375 518 566 584 φησιν,
632 512 669 580 ἡ
736 511 832 583 γῆ.
893 510 1163 566 Μενοῦσιν
1204 509 1442 581 ἄκαρποι
1509 512 1588 574 ei;
1642 514 1844 584 ἀρετὴν
1903 515 1953 565 οἱ

2062 510 2276 567 Domini
2322 511 2491 575 enim,
2538 510 2749 582 inquit,
2789 523 2867 569 est
2916 522 3057 571 terra
3107 515 3176 569 ⁸⁸.
3227 514 3633 575 Permauebunt

374 606 632 660 τοιοῦτοι.

450 785 598 853 Οὐχὶ
630 783 771 849 τοὺς
795 783 1134 853 μισοῦντας
1166 801 1263 850 σε,
1293 787 1494 854 Κύριε,
1527 785 1818 856 ἐμίσησα,
1855 785 1952 840 καὶ

371 875 471 929 ἐπὶ
498 876 640 942 τοὺς
677 876 933 946 ἐχθρούς
979 894 1096 931 σου
1125 875 1500 947 ἐξετηκόμην
1529 893 1548 942 ;
1594 877 1831 932 Τέλειον
1860 877 1957 947 μῖ-

372 981 489 1031 σος
516 965 775 1033 ἐμίσουν
796 967 1022 1032 αὐτοὺς
1043 1008 1057 1031 ,
1090 968 1178 1033 εις
1211 968 1464 1036 ἐχθροὺς
1500 968 1787 1037 ἐγένοντό
1825 986 1951 1036 μοι.

376 1054 563 1108 Εἰπὼν
595 1057 892 1128 ἀνωτέρω*
938 1059 1092 1127 Ἐμοὶ
1114 1059 1182 1112 δὲ
1207 1059 1354 1113 λίαν
1373 1060 1748 1129 ἐτιμήθησαν
1772 1061 1827 1113 οἱ
1855 1060 1954 1129 φί-

372 1152 473 1201 λοι
501 1164 645 1215 σου,
676 1150 709 1203 ό
740 1148 885 1214 Θεός
914 1166 925 1177 ·
963 1150 1200 1205 ἐνταῦθά
1253 1167 1451 1223 φησιν·
1489 1152 1638 1220 Οὐχὶ
1688 1150 1827 1217 τοὺς
1856 1170 1955 1221 μια-

373 1238 639 1308 σοῦντάς
670 1254 765 1306 σε,
815 1242 1017 1309 Κύριε,
1041 1242 1308 1311 ἐμίσησα
1331 1260 1349 1306 ;
1376 1244 1540 1297 κάκεῖ
1568 1243 1688 1314 μεθ’
1720 1243 1957 1316 ὑπερδο-

372 1331 475 1400 λῆς
502 1334 536 1401 ἡ
566 1334 703 1402 τιμή
727 1349 739 1362 ’
778 1335 931 1387 Δίαν
961 1334 1073 1405 γάρ
1096 1350 1111 1365 ο
1162 1333 1441 1389 κάνταῦθα
1490 1335 1611 1405 μεθ’
1642 1334 1955 1406 ὕπερδο).ἦς

374 1427 437 1477 τὸ
491 1428 682 1494 μῖσοςο
722 1424 1075 1492 Ἐξετήκετο
1097 1427 1229 1500 γὰρ,
1268 1428 1438 1498 ἤγουν
1486 1428 1847 1500 ἑπυρπολεῑτο
1878 1426 1955 1497 τῷ

373 1517 498 1570 κατ’
528 1518 707 1571 αὐτῶν
742 1517 918 1589 Θυμῷ.

443 1693 790 1762 Δοκίμασόν
815 1712 916 1764 με,
948 1698 980 1749 ὁ
1007 1695 1175 1761 Θεὸς,
1201 1697 1298 1750 καὶ
1338 1697 1518 1767 γνῶθι
1546 1699 1663 1766 τὴν
1700 1697 1956 1766 καρδίαν

367 1801 509 1853 μου.
542 1786 652 1840 Καὶ
689 1786 795 1858 μὴν
830 1790 952 1841 κατ’
985 1788 1160 1859 ἀρχὰς
1208 1784 1331 1842 εἰπε
1357 1803 1371 1818 ⁸
1405 1790 1645 1859 Κύριος,
1677 1789 1955 1860 ἐδοκίμα-

370 1875 493 1942 σάς
527 1893 621 1946 με,
657 1857 968 1948 καὶέγνως
991 1857 1089 1948 lie.
1110 1879 1269 1934 Ἀλλὰ
1304 1883 1398 1934 καὶ
1430 1857 1507 1935 ἔτι
1532 1857 1950 1953 δοκιμασθῆναι,
1985 1857 2027 1913 Β

374 1970 515 2036 πρὸς
548 1970 775 2025 πλείονα
832 1971 1236 2046 πληροφορίαν,
1268 1974 1425 2045 ζητεῖ
1471 1974 1579 2029 τῶν
1613 1975 1955 2043 ἀγνοούντων

370 2060 441 2113 αὑ
453 2060 558 2116 τόν.

448 2332 719 2387 Ἓτασόν
749 2350 846 2403 με,
903 2336 1000 2388 καὶ
1042 2336 1220 2404 γνῶθι
1258 2336 1362 2403 τὰς
1395 2338 1630 2405 τρίϐους
1675 2356 1815 2403 μου,
1855 2338 1956 2393 καὶ

379 2422 489 2486 ἴδε,
522 2426 577 2483 ει
600 2426 743 2491 ὁδὸς
769 2428 1018 2496 ἀνομίας
1046 2428 1118 2482 ἐν
1144 2429 1296 2499 ἐμοὶ,
1326 2431 1423 2484 καὶ
1452 2428 1762 2500 ὀΰήγησόν
1784 2449 1861 2500 με
1885 2431 1954 2484 ἐν

376 2514 496 2580 ὁδῷ
526 2516 755 2582 altaria.
787 2518 860 2571 Τὸ
895 2518 1028 2572 αὐτὸ
1062 2520 1216 2587 λέγει
1245 2521 1339 2574 καὶ
1372 2521 1505 2574 νῦν·
1546 2522 1578 2591 ἢ
1610 2522 1812 2584 τοίνυν,
1866 2521 1955 2576 διὰ

371 2606 501 2667 τοὺς
558 2606 881 2675 ἀδικοῦντας
909 2612 1076 2665 αὑτὸν
1109 2616 1136 2667 ὀ
1166 2613 1348 2682 λόγος,
1391 2614 1650 2684 βεϐαιῶν,
1690 2615 1772 2668 ὅτι
1800 2615 1953 2670 οὐδὲν

373 2698 569 2755 αὐτοὺς
601 2702 851 2766 ἐκείνους
915 2704 1198 2775 ἠδίκησεν,
1225 2708 1258 2781 ﬁ
1290 2707 1383 2761 καὶ
1434 2709 1515 2761 ἔτι
1550 2709 1952 2781 δοκιμασθῆναι

373 2794 547 2861 ζητεῖ.
580 2793 689 2858 ινα,
724 2798 774 2849 ei
814 2796 893 2867 μὴ
931 2797 1107 2862 οὕτως
1134 2798 1274 2869 ἔχων
1300 2799 1556 2872 ἐλεγχθῇ,
1592 2801 1951 2873 διορθώσεται

372 2882 570 2938 ἑαυτὸν
606 2884 986 2958 πλανώμενον.
1074 2890 1081 2895 ’

866 2980 1117 3050 Ψαλμὸς
1152 2981 1232 3049 τῷ
1263 2983 1460 3039 Δαϐίδ.

900 3075 1198 3131 ΨΑΛΜΟΣ
1238 3077 1405 3134 ΡΛΘν.

2058 601 2207 656 enim
2244 600 2623 670 hujuscemodi
2657 603 2908 659 homines
2949 604 3279 661 infructuosi
3318 616 3375 664 et
3414 608 3631 665 steriles

2059 691 2127 747 ad
2163 694 2445 750 virtutem.

2130 783 2297 839 Vens.
2323 784 2413 849 21,
2438 785 2527 841 22.
2566 786 2752 843 Nonne
2795 806 2883 845 eos
2906 791 2997 860 qui
3027 801 3075 846 te
3102 792 3348 859 oderant,
3387 793 3628 861 Domine,

2059 877 2310 940 oderam,
2346 888 2395 932 et
2437 878 2494 933 in
2542 879 2781 935 inimicos
2819 891 2937 937 tuos
2979 882 3350 943 tabescebant.’
3390 885 3631 958 Perfecto

2057 968 2178 1022 odio
2207 967 2424 1024 oderam
2448 970 2567 1026 illos
2599 989 2616 1026 :
2649 973 2852 1027 inimici
2881 975 3011 1043 facti
3040 988 3163 1031 sunt
3188 978 3336 1033 mihi.
3366 980 3504 1035 Cum
3533 996 3632 1035 su-

2058 1057 2244 1124 perius
2277 1058 2477 1114 dixerit
2515 1075 2528 1112 :
2571 1059 2614 1113 Λ
2664 1075 2744 1115 me
2791 1072 2969 1116 autem
3009 1063 3161 1119 valde
3217 1064 3464 1121 honorati
3510 1079 3630 1123 sunt

2058 1150 2215 1202 amici
2252 1151 2350 1216 tui,
2386 1150 2549 1216 Deus,
2576 1168 2724 1207 nunc
2753 1153 2883 1217 dicit
2916 1171 2930 1209 :
2975 1155 3164 1211 Nonne
3193 1174 3279 1215 eos
3307 1159 3397 1227 qui
3426 1168 3475 1213 te
3504 1158 3633 1214 ode.

2057 1252 2199 1306 rant,
2232 1241 2473 1306 Domine.
2506 1244 2641 1297 odi?
2674 1245 2742 1300 Et
2786 1247 2899 1303 illic
2942 1246 3167 1303 honoris
3196 1249 3630 1319 magnitudinem

2057 1336 2400 1405 signiﬁcans,
2436 1336 2621 1397 Valde.
2650 1340 2810 1408 dixit;
2845 1339 2935 1394 hic
2959 1341 3123 1396 etiam
3151 1341 3269 1412 pari
3297 1343 3456 1398 modo
3480 1359 3636 1401 sum-

2055 1425 2206 1481 iuum
2237 1427 2422 1483 odium
2469 1431 2779 1500 exprimere
2813 1432 3027 1500 volens,
3082 1434 3162 1489 ait
3196 1452 3209 1487 :
3241 1433 3592 1490 Tabescebatn
3617 1475 3633 1499 ,

2058 1508 2161 1572 hoc
2190 1526 2296 1584 est,
2326 1517 2704 1589 indignatione
2735 1520 2973 1574 maxima
3010 1520 3279 1576 adversus
3312 1536 3410 1577 eos
3433 1533 3636 1578 aestua-

1990 1622 1997 1625 '
2057 1596 2180 1670 ham
2222 1608 2651 1679 quodammodo,
2688 1618 2742 1665 et
2771 1612 3161 1667 consumcbar.

2129 1701 2296 1759 Vens.
2345 1703 2438 1767 9'5,
2485 1702 2576 1757 24.
2624 1703 2799 1758 Proba
2829 1720 2934 1770 me,
2973 1704 3132 1771 Deus,
3163 1712 3214 1760 et
3256 1722 3505 1776 cognosce
3540 1723 3635 1761 cor

2058 1813 2248 1850 meum.
2297 1796 2458 1865 Atqui
2495 1797 2549 1851 in
2582 1796 2855 1866 principio
2893 1797 3087 1868 psalmi
3144 1797 3284 1853 dixit
3320 1817 3335 1854 :
3387 1798 3633 1861 Domine,

2057 1888 2295 1959 probasti
2334 1904 2432 1953 me,
2466 1898 2514 1941 et
2543 1889 2832 1958 cognouisti
2867 1905 2966 1945 me.
3004 1888 3199 1945 Verum
3236 1890 3431 1947 melius
3454 1890 3635 1947 adhuc

2059 1979 2279 2049 probari
2329 1990 2383 2033 et
2419 1962 2678 2050 cognosci
2735 1979 2921 2051 cupit,
2957 1992 3071 2033 non
3107 1987 3166 2033 ut
3196 1978 3339 2033 Deus
3371 1979 3487 2047 ipse
3516 1994 3633 2032 me-

2058 2071 2166 2126 lius
2198 2085 2326 2126 eum
2358 2078 2680 2137 cognoscat,
2717 2072 2809 2142 qui
2841 2069 3026 2126 omnia
3055 2070 3231 2135 novit,
3263 2068 3357 2126 sed
3390 2081 3446 2123 ut
3475 2069 3510 2124 ii
3539 2070 3630 2139 qui

2056 2160 2342 2231 Prophetas
2369 2162 2638 2228 animum,
2665 2176 2730 2217 ac
2762 2172 3000 2221 mentem
3030 2178 3141 2218 non
3174 2172 3459 2228 noverant,
3488 2161 3631 2216 illius

2057 2251 2233 2323 magis
2267 2253 2531 2309 certiores
2562 2252 2889 2309 reddantur.

2129 2344 2397 2399 Examina
2434 2362 2536 2409 me,
2565 2356 2615 2401 et
2648 2353 2898 2417 cognosce
2924 2347 3140 2401 semitas
3176 2362 3339 2413 meas,
3362 2356 3411 2402 et
3446 2345 3560 2401 vide
3587 2345 3633 2399 si

2054 2436 2139 2490 via
2167 2436 2444 2506 injustitia:
2483 2438 2537 2492 in
2567 2454 2646 2495 me
2682 2446 2783 2507 est,
2813 2448 2864 2494 et
2900 2438 3069 2494 deduc
3101 2456 3180 2494 me
3209 2439 3263 2493 in
3299 2440 3381 2495 via
3407 2448 3632 2494 (eterna.

2057 2526 2315 2583 Eamdem
2346 2528 2541 2598 repetit
2577 2529 2942 2592 sententiam,
2980 2539 3075 2583 aut
3115 2538 3339 2600 propter
3390 2536 3489 2586 e05
3534 2529 3630 2600 qui

2057 2617 2167 2673 sibi
2200 2618 2460 2691 injuriam
2494 2622 2817 2689 intulerant,
2851 2622 3192 2678 conﬁrmans
3228 2619 3380 2677 nulla
3431 2635 3491 2677 se
3537 2635 3636 2677 eos

2058 2711 2311 2767 atl'ecisse
2347 2710 2554 2782 injuria
2598 2731 2613 2769 :
2648 2721 2741 2770 aut
2777 2714 2941 2769 etiam
2993 2713 3230 2784 amplius
3276 2713 3495 2783 probari
3537 2729 3635 2768 cu-

2058 2805 2157 2873 pit,
2189 2814 2247 2860 ut
2282 2805 2328 2858 si
2364 2805 2652 2862 convictus
2680 2805 2866 2871 interit,
2894 2807 3056 2860 talem
3084 2806 3327 2860 animum
3356 2816 3450 2860 aut
3481 2821 3638 2860 meno

2056 2907 2163 2952 tem
2200 2914 2306 2953 non
2348 2897 2574 2964 habere,
2604 2899 2882 2955 emendari
2914 2915 3112 2955 rursus
3135 2901 3332 2970 possit,
3358 2914 3421 2953 ac
3451 2898 3635 2969 dirigi.

2542 2991 2792 3047 Psalmus
2826 2991 2928 3061 ipsi
2964 2990 3152 3045 David.

2514 3082 2834 3140 PSALMUS
2875 3082 3165 3141 CXXXIX.

457 3167 708 3232 ‘ECsJoii
760 3186 860 3240 με,
921 3171 1117 3240 Κύριε,
1168 3170 1240 3237 ἐξ
1291 3172 1610 3241 ἀνθρώπου
1651 3172 1944 3243 πονηροῦ.

2122 3176 2291 3232 Vens.
2326 3172 2381 3232 2.
2425 3175 2586 3247 Eripe
2627 3195 2730 3245 me,
2755 3178 3002 3247 Domine,
3038 3180 3103 3235 ab
3134 3181 3342 3235 nomine
3379 3178 3634 3249 maligno.

376 3257 725 3329 Κακούργου.
753 3261 999 3333 Πονηρδν
1037 3261 1092 3316 δὲ
1123 3264 1156 3334 ἡ
1187 3265 1379 3331 κακία,
1417 3265 1494 3329 ὡς
1532 3264 1700 3319 πόνον
1730 3266 1824 3319 καὶ
1854 3266 1955 3319 κὰ-

2062 3267 2177 3324 lloc
2208 3275 2317 3332 est,
2366 3267 2619 3324 scelesto.
2653 3268 2670 3323 l
2683 3284 2845 3340 psum
2881 3271 3084 3326 etenim
3120 3271 3304 3327 scelus
3335 3268 3635 3339 malignum

376 3368 548 3419 μίτον
595 3354 932 3424 ἐπιφέρουσα
976 3355 1056 3428 τῷ
1084 3357 1436 3429 κεκτημένῳ.
1484 3354 1618 3413 Εἶτα
1658 3358 1953 3429 σαφηνίζει

2060 3375 2184 3416 esse
2211 3357 2343 3429 quid
2371 3359 2573 3415 dicitur
2606 3377 2624 3414 :
2654 3375 2722 3416 eo
2748 3361 2902 3439 quod
2932 3362 3074 3416 mala
3106 3369 3275 3432 atque
3306 3360 3633 3417 atllictioncs

370 3442 494 3496 τινα
520 3444 672 3515 λέγει
703 3448 961 3518 πονηρόν.

2059 3452 2267 3507 auctori
2311 3465 2411 3506 suo
2440 3460 2684 3522 praestat.
2714 3453 2903 3523 (Eripe
2939 3469 3046 3521 me,
3088 3454 3287 3526 inquit,
3318 3468 3429 3509 non
3464 3465 3495 3505 a
3524 3450 3635 3504 dae-

371 3543 597 3608 moniis,
637 3558 746 3597 non
785 3558 818 3596 a
861 3542 1013 3610 ieris,
1054 3557 1148 3601 aut
1176 3545 1534 3615 draconibus,
1576 3549 1675 3605 sed
1723 3564 1753 3604 a
1787 3550 2028 3621 maligno
2064 3550 2313 3606 homine.
2365 3547 2589 3620 Maligni
2650 3547 2852 3604 etenim
2919 3548 3173 3603 homines
3221 3546 3333 3604 illis
3378 3544 3634 3603 omnibus

370 3636 673 3693 deteriores
700 3642 848 3691 sunt.
884 3633 1019 3690 Nam
1046 3647 1099 3692 et
1135 3635 1278 3692 feras
1308 3638 1506 3694 multas
1534 3637 1793 3707 legimus,
1820 3656 1943 3711 quas
1982 3650 2206 3697 sanctos
2235 3641 2386 3696 virus
2410 3653 2683 3696 veneratae
2711 3650 2864 3704 sunt,
2888 3639 3091 3709 quibus
3149 3648 3342 3696 contra
3402 3636 3634 3710 maligni

376 3729 624 3784 homines
693 3728 1121 3785 innumerabilia
1163 3727 1467 3783 intulerunt
1515 3729 1679 3783 mala.
1742 3730 1896 3788 Ferae
1955 3740 2219 3804 praterea
2251 3737 2439 3800 aperte
2459 3744 2524 3785 ac
2548 3729 2723 3801 palam
2754 3728 3143 3800 malignitatem
3175 3744 3331 3785 suam
3353 3735 3633 3787 exercent.

372 3836 537 3896 atque
572 3832 633 3878 ut
663 3825 739 3881 ita
775 3826 996 3891 dicam,
1041 3827 1308 3897 ingenue:
1344 3827 1599 3885 homines
1637 3842 1769 3884 vero
1814 3831 1955 3883 clam
1998 3827 2052 3881 id
2082 3825 2314 3892 iaciunt,
2345 3831 2509 3895 atque
2553 3826 2607 3880 in
2636 3824 2870 3888 occulto,
2929 3833 2985 3879 et
3024 3824 3272 3881 subdole.
3346 3826 3630 3882 Daemones

372 3920 505 3972 item
544 3926 739 3973 sancto
789 3918 974 3973 crucis
1023 3917 1181 3988 signo
1226 3919 1512 3987 fugantur,
1558 3928 1615 3975 et
1658 3919 1879 3989 quoties
1911 3933 1941 3973 a
1982 3918 2191 3975 sanctis
2253 3917 2389 3972 viris
2443 3916 2712 3986 increpati
2760 3914 2997 3981 fuerint,
3062 3916 3333 3971 secedunt
3373 3934 3391 3972 :
3457 3919 3623 3976 homo

373 4025 504 4065 vero
544 4008 818 4080 malignus
867 4008 973 4079 ipsi
1021 4011 1187 4064 etiam
1246 4008 1357 4065 Deo
1405 4009 1754 4065 adversatur.
1803 4006 1939 4062 Nam
1968 4010 2095 4063 cum
2123 4008 2318 4078 iubeat
2348 4007 2491 4063 Deus
2515 4006 2768 4061 inimicos
2790 4006 2956 4061 etiam
2987 4008 3188 4072 amari,
3257 4009 3351 4067 ille
3393 4020 3636 4084 ,θρίω-ι,

373 4118 481 4158 non
508 4100 765 4156 inimicos
793 4109 1030 4167 tantum,
1056 4103 1150 4159 sed
1182 4102 1334 4173 ipsos
1367 4102 1532 4159 etiam
1563 4101 1942 4158 benefactores
1978 4101 2118 4157 odit.
2169 4100 2370 4156 Beatus
2446 4100 2612 4155 etiam
2667 4097 2878 4154 Paulus
2947 4099 3065 4155 solo
3123 4100 3292 4156 verbo
3352 4101 3631 4158 daunones

372 4195 620 4264 expulit:
646 4196 946 4252 Alexandri
976 4205 1156 4251 autem
1189 4195 1328 4252 fabri
1366 4196 1759 4268 malignitatem
1786 4209 2051 4267 superare
2087 4210 2199 4251 non
2237 4191 2459 4265 potuit.)
2516 4191 2722 4248 Deinde
2779 4191 3022 4249 declarat
3093 4208 3385 4264 quemnam
3468 4196 3625 4253 dicat

376 4286 696 4355 malignum.
1448 4294 1459 4303 ’

458 4378 600 4431 Ἀπὸ
655 4376 877 4447 ἀνδρὸς
924 4377 1137 4433 ἀδίκου
1197 4377 1386 4447 ῥῦσαι
1436 4396 1535 4449 με.
1598 4380 1949 4453 Παρανέμου.

2127 4376 2167 4432 Α
2205 4375 2317 4433 viro
2360 4375 2560 4447 injusto
2607 4376 2746 4446 eripe
2794 4393 2899 4433 nte.
2935 4375 2981 4431 Α
3025 4377 3162 4448 legis
3207 4384 3636 4451 transgressore.

386 4468 543 4522 Ἐπεὶ
577 4470 686 4539 γὰρ
738 4468 982 4532 τοιοῦτος
1035 4470 1326 4540 ἄνθρωπος
1363 4470 1768 4540 δυσφύλακτος,
1801 4474 1955 4526 καλεί

2059 4465 2237 4522 Vocat
2271 4475 2454 4522 autem
2493 4465 2662 4522 Deum
2707 4466 2983 4538 PrOpbeta
3020 4467 3076 4523 in
3107 4466 3440 4538 adiutorium
3462 4508 3479 4534 ,
3505 4472 3635 4541 quia

372 4562 467 4615 τὸν
530 4560 665 4615 Θεὸν
728 4562 809 4624 εις
866 4561 1220 4633 ἐπικουρίαν⁸
1284 4560 1521 4633 ζήτησον
1586 4562 1681 4615 καὶ
1739 4563 1797 4616 ἐν
1864 4563 1947 4633 τῷ

376 4652 465 4723 μβ¹
494 4652 695 4726 ψαλμῷ
722 4652 821 4724 τὴν
852 4652 1115 4726 ἐξήγησιν
1146 4652 1266 4720 τοῦ.
1296 4652 1441 4711 Ἀπὸ
1464 4652 1685 4723 ἀνδρὸς
1706 4654 1943 4718 ἀδίκου.

373 4747 473 4801 καὶ
530 4747 739 4801 δολίου
785 4746 974 4814 pocae
1015 4762 1114 4816 με.
1160 4744 1251 4801 Ἔν
1305 4746 1384 4818 τῷ
1440 4745 1769 4818 προλαϐόντι
1816 4743 1949 4815 γοῦν

368 4838 576 4910 ψαλμῷ
627 4838 834 4891 εἰπών’
864 4837 1121 4906 Ἄνδρες
1178 4836 1463 4908 αἱμάτων,
1502 4838 1822 4893 emam
1846 4837 1949 4893 ἀπ’

374 4931 522 5001 ἐμοῦ
548 4946 564 4962 ·
621 4932 679 4984 ιν
706 4928 783 4999 τῷ
826 4933 881 4994 ς’
937 4929 995 4982 δὲ
1039 4931 1241 4999 φήσας,
1285 4930 1617 5001 Ἀπόστητε
1648 4932 1750 4986 ἀπ’
1776 4932 1945 5002 ἐμοῦ,

375 5025 599 5090 πάντες
632 5025 688 5077 οι
728 5020 1109 5093 ἐργαζὶξμενοι
1150 5021 1266 5088 τὴν
1295 5022 1576 5092 ἀνομίαν,
1617 5025 1714 5078 καὶ
1738 5023 1951 5079 οἴκοθεν

375 5115 758 5187 ἀποστραφεὶς
806 5115 901 5169 καὶ
951 5112 1140 5183 φυγὼν
1173 5114 1394 5177 αὐτοὺς,
1439 5114 1535 5167 νῦν
1564 5116 1661 5171 καὶ
1696 5115 1789 5169 τὸν
1819 5117 1953 5170 Θεὸν

378 5206 723 5260 ἐπικαλεῖται
777 5204 1078 5276 συνεργόν·
1138 5204 1247 5276 χρὴ
1292 5203 1404 5276 γὰρ
1432 5204 1666 5259 ἔκαστον
1709 5204 1771 5260 τὸ
1822 5208 1956 5275 παρ’

381 5295 580 5351 ἑαυτοῦ
610 5296 857 5365 εἰσάγειν
882 5295 1170 5367 πρότερον,
1207 5292 1325 5350 εἶτα
1358 5298 1455 5350 καὶ
1485 5296 1577 5351 τὸν
1612 5297 1744 5352 Θεὸν
1776 5314 1956 5369 παρει-

380 5393 588 5447 καλεῖν.
620 5392 760 5445 Οὔτε
802 5394 912 5464 γὰρ
940 5394 969 5446 ὁ
997 5390 1130 5455 Θεὸς
1161 5393 1417 5462 συνεργεῖ
1451 5407 1546 5445 σου
1603 5392 1682 5464 μὴ
1714 5392 1953 5446 σπουδᾶη

381 5486 586 5550 ζοντος,
632 5484 755 5538 οὔτε
798 5486 862 5539 σὺ
918 5483 1244 5549 σπουδάζων
1295 5485 1541 5552 ἀνύσεις,
1601 5487 1811 5540 ἐκείνου
1875 5484 1951 5558 μὴ

382 5579 889 5651 συνεφαπτομένου.

451 5852 497 5885 ’⁸
550 5849 697 5906 P.al.
728 5862 885 5913 xxm,
921 5847 973 5905 Ι.

2063 4559 2443 4617 ᾶὶαὶοἰιιίιιιιιηι
2463 4568 2549 4617 est
2579 4560 2648 4617 ab
2674 4559 3054 4632 hujuscemodi
3077 4572 3274 4617 cavere
3297 4561 3634 4620 hominibus.

2064 4651 2204 4708 Vide
2230 4653 2285 4708 in
2323 4651 2536 4723 psalmo
2565 4667 2679 4708 xw
2710 4650 3109 4722 expositionem
3146 4652 3299 4710 illius
3328 4656 3590 4712 versiculi
3618 4672 3635 4711 :

2060 4743 2106 4799 Δ
2137 4746 2248 4800 viro
2293 4745 2494 4816 injuste
2522 4754 2571 4799 et
2602 4742 2787 4801 doloso
2818 4744 2959 4813 eripe
3003 4761 3105 4805 me.
3139 4743 3208 4801 Et
3240 4762 3365 4803 cum
3408 4748 3464 4804 in
3496 4765 3639 4819 pm-

2059 4835 2276 4892 cedenti
2307 4836 2520 4906 psalmo
2557 4835 2761 4893 dixerit
2800 4854 2814 4889 :
2853 4835 2972 4891 Viri
3002 4838 3342 4909 sanguineum,
3373 4828 3636 4897 declinata

2060 4946 2094 4983 a
2121 4945 2224 4995 nte,
2270 4928 2398 4986 item
2431 4928 2487 4983 in
2532 4930 2744 4999 psalmo
2774 4946 2862 4992 xc,
2910 4929 3176 4987 Discedite
3210 4948 3246 4985 a
3292 4948 3372 4986 me
3413 4947 3433 4986 :
3458 4948 3636 4988 omnes

2059 5023 2151 5093 qui
2174 5022 2467 5092 operamini
2491 5022 2849 5093 iniquitatem,
2889 5031 2942 5078 et
2974 5030 3170 5093 sponte
3207 5037 3332 5087 sua.
3362 5038 3463 5093 pro
3496 5024 3636 5080 viri-

2062 5112 2163 5168 bus
2184 5126 2247 5167 se
2272 5112 2341 5167 ab
2361 5111 2444 5167 eis
2464 5114 2747 5175 averterit,
2771 5126 2918 5167 nunc
2938 5112 3109 5167 Deum
3142 5110 3446 5181 adjutorem
3470 5129 3633 5171 suum

2060 5205 2298 5259 invocat.
2338 5199 2566 5273 Oportet
2592 5203 2793 5258 etenim
2818 5219 3273 5274 unumquemque
3291 5213 3454 5260 antea
3487 5208 3633 5262 vires

2060 5308 2194 5351 suas
2246 5293 2484 5361 adferre,
2525 5302 2693 5363 atque
2739 5293 2817 5348 ita
2868 5294 3089 5349 demum
3134 5293 3305 5350 Deum
3351 5295 3630 5352 invocare.

2059 5385 2253 5458 Neque
2283 5386 2428 5442 Deus
2459 5384 2557 5442 tibi
2584 5384 2997 5456 cooperabitur,
3034 5386 3141 5442 nisi
3167 5394 3233 5442 tu
3257 5401 3480 5458 quoque
3508 5396 3633 5444 stu-

2058 5480 2209 5536 dium
2243 5479 2565 5536 adhibueris
2595 5487 2651 5535 et
2673 5479 3047 5550 diligentiam:
3072 5480 3169 5536 sed
3200 5495 3301 5536 nec
3330 5488 3390 5534 tu
3425 5480 3631 5545 studio,

2056 5581 2153 5627 aut
2180 5573 2464 5644 diligentia
2495 5585 2587 5630 tua
2631 5574 2838 5644 aliquid
2888 5574 3177 5647 perﬁcies,
3204 5573 3309 5631 nisi
3345 5573 3436 5629 ille
3477 5588 3631 5629 suam

2057 5665 2093 5719 ti
2103 5666 2153 5720 hi
2181 5682 2338 5737 opem
2376 5666 2699 5738 porrexerit.
