4112 6446
446 354 586 422 1263

1652 343 2037 404 EUTHYMH
2084 340 2451 405 ZIGABENI

2884 320 2913 337 Ι

3559 338 3704 410 12⁸4

512 466 678 521 Vtilis.
720 463 772 518 ’5.
805 460 911 528 Qui
954 460 1314 530 cogitaverunt
1364 454 1687 526 injustitimn
1734 450 1788 506 in
1837 453 2012 510 corde.

2196 453 2425 519 (Πτινες
2477 452 2843 522 ἐλογίσαντο
2900 450 3145 506 ἀδικίαν
3207 452 3279 506 ἐν
3341 454 3580 523 καρδία.
3638 463 3705 513 Ui

439 551 627 617 Tales,
673 550 872 622 inquit,
921 546 1125 619 injusta
1181 556 1234 602 et
1281 546 1445 603 noxia
1495 545 1899 616 cogitaverunt,
1954 560 2016 599 ac

2135 544 2377 607 τοιοῦτοι,
2406 544 2598 615 φησὶν,
2632 538 2972 617 ἐμελέτησαν
3002 540 3186 611 ἄδικα,
3219 547 3536 620 παράνομα,
3571 548 3699 622 βλαο

479 658 724 699 ρι’νεηιι.
1126 688 1130 692 Α

479 661 724 699 errersa.
1126 688 1130 692 Α

439 661 476 717 Ρ
513 737 650 792 Τυια
670 735 755 791 die
776 732 1107 790 instruebant
1135 732 1347 800 prwlia.
1379 730 1438 786 In
1467 737 1581 785 tota
1613 729 1723 784 vita
1753 744 1852 783 sua
1874 728 2016 783 bella

441 836 811 900 paraverunt,
845 826 1008 880 modo
1042 823 1305 878 adversus
1357 823 1526 889 hunc,
1560 821 1725 876 modo
1756 820 2019 875 adversus

2122 635 2284 706 ϐερά.

2194 729 2384 794 Ὅλην
2433 727 2547 795 τὴν
2588 727 2821 797 ἡμέραν
2869 728 3336 798 παρετάσσοντο
3375 729 3708 800 πολέμους.

2134 818 2228 873 Ἐν
2275 820 2382 890 ὅλῳ
2428 819 2507 891 τῷ
2545 820 2647 892 βίῳ
2681 819 2898 884 αὐτῶν,
2951 820 3354 892 ἣύτρεπίζοντο
3408 821 3706 892 πολέμους,

439 922 630 976 alium.
662 919 1037 974 lnveteratum
1061 918 1204 971 enim
1235 916 1426 969 vitium
1460 915 1751 984 quiescere
1788 927 1883 967 eos
1912 926 2017 964 non

2135 911 2219 965 νῦν
2264 909 2366 982 μὲν
2417 911 2560 966 κατὰ
2609 912 2857 980 τούτων,
2893 908 2990 966 νῦν
3048 912 3105 966 δέ
3159 912 3283 967 κατ’
3316 914 3575 969 ἐκείνων
3628 914 3709 984 μὴ

439 1016 688 1080 sinebat;
742 1014 876 1082 quin
913 1011 1027 1065 imo
1093 1007 1457 1079 pet-suadebat
1507 1007 1706 1076 magis,
1751 1014 1810 1060 ut
1858 1005 2020 1060 modo

437 1107 602 1173 clam,
634 1105 801 1161 modo
840 1104 1018 1174 palam
1063 1109 1396 1171 pugnarent.
1431 1097 1531 1152 Per
1583 1096 1768 1167 praelia
1810 1103 2018 1161 autem,

437 1199 549 1255 doli
569 1201 735 1254 etiam
767 1197 1156 1267 intelliguntur
1184 1200 1350 1261 atque
1377 1190 1619 1252 insidiae,
1653 1198 1708 1243 et
1733 1189 2023 1259 quodcun-

440 1306 547 1362 que
614 1289 761 1343 aliud
831 1285 1159 1344 olfensionis
1215 1298 1413 1354 genus,
1460 1280 1607 1352 quod
1661 1282 2020 1351 cogitatione.

435 1386 608 1439 verbo
646 1390 742 1438 aut
768 1396 936 1453 opere
966 1378 1235 1435 committi
1268 1376 1464 1447 possit.

511 1476 676 1531 Vens.
708 1473 761 1528 4.
805 1473 1075 1526 Acuerunt
1107 1469 1344 1538 linguam
1377 1481 1530 1521 suam
1556 1466 1713 1533 quasi
1742 1464 2021 1535 serpentis.

441 1566 747 1621 incitarunt
794 1576 938 1626 eam,
990 1569 1050 1614 ut
1097 1558 1324 1613 exitiale
1368 1571 1638 1611 venenum
1691 1556 1969 1609 emitteret
2007 1570 2022 1608 :

441 1656 666 1711 noxium
697 1651 952 1707 nimirum
992 1666 1057 1705 ac
1091 1651 1435 1722 pestilentem
1471 1663 1805 1704 sermonem.

522 1747 786 1802 Venenum
819 1744 1062 1813 aspidum
1101 1743 1196 1796 sub
1228 1742 1387 1799 labiis
1421 1757 1627 1797 eorum.
1674 1739 1790 1797 lloc
1824 1752 1929 1808 est,
1966 1744 2023 1798 in

2126 1004 2527 1076 συγχωρούσης
2551 1006 2736 1070 αὐτοῖς
2771 1005 2872 1076 τῆς
2903 1006 3106 1070 κακίας
3140 1006 3549 1079 ἠρεμεῖν,ἁλλὰ
3573 1008 3709 1062 ποτέ

2128 1096 2250 1166 μὲν,
2277 1094 2503 1163 ἀσαφῶς
2535 1095 2881 1151 ἐπιτίθεσθαι
2929 1096 3252 1169 πειθούσης,
3289 1098 3421 1153 ποτὲ
3452 1098 3508 1151 δέ
3540 1114 3711 1169 φανε-

2128 1186 2260 1258 ρῶς.
2302 1186 2545 1258 Πόλεμος
2600 1187 2658 1242 δέ
2707 1188 2937 1253 νοεῖται,
2970 1188 3069 1244 καὶ
3102 1191 3130 1242 ὀ
3158 1190 3311 1253 δόλος
3335 1229 3352 1256 ,
3395 1191 3488 1245 καὶ
3519 1194 3551 1260 ἡ
3580 1192 3708 1244 ἐπι-

2127 1279 2316 1349 ϐουλὴ,
2351 1282 2445 1334 καὶ
2485 1280 2640 1334 πᾶσα
2670 1281 2907 1352 ἐπήρεια
2943 1283 2999 1335 ἐν
3030 1282 3243 1352 διανοίᾳ
3287 1284 3384 1337 καὶ
3428 1284 3578 1357 ἔργῳ
3611 1283 3713 1339 καὶ

2010 1428 2019 1436 ,
2125 1371 2270 1443 λόγῳ
2298 1372 2676 1445 θεωρουμένη.

2208 1470 2560 1536 Ἠκόνησαν
2584 1470 2880 1539 γλῶσσαν
2910 1468 3129 1532 αὐτῶν.
3154 1472 3232 1539 ὡς
3257 1472 3713 1542 ὄφεως-,Ὦξοναν

2079 1621 2087 1629 _
2128 1558 2327 1628 αὐτὴν,
2382 1564 2463 1625 είς
2514 1561 2574 1615 τὸ
2632 1563 2834 1617 ἐνιέναι
2870 1562 2949 1616 ίδν
2982 1556 3331 1633 φθοροποιὸν,
3384 1566 3445 1628 ὃς
3473 1565 3622 1619 ἐστιν
3660 1567 3715 1619 οἱ

2128 1649 2291 1722 βλαδε
2301 1652 2384 1721 pol.
2415 1653 2588 1719 λόγοι.

2215 1744 2331 1810 Ἰός
2356 1745 2639 1801 ἀσπίδων
2666 1747 2790 1803 ὑπὸ
2822 1747 2896 1802 τὰ
2926 1748 3103 1818 χείλη
3147 1746 3369 1803 αὐτῶν.
3407 1750 3614 1819 Ἤγουν
3656 1751 3719 1804 ἐν

436 1842 627 1911 lingua
677 1848 844 1908 atque
894 1839 950 1892 in
998 1852 1096 1892 ore
1152 1853 1368 1893 eorum.
1418 1834 1775 1891 Perniciosus
1834 1843 2020 1891 autem

2135 1837 2196 1907 τῇ
2234 1836 2461 1910 γλώσσῃ
2491 1836 2696 1902 αὐτῶν,
2720 1840 2777 1892 ἐν
2807 1840 2884 1909 τῷ
2923 1837 3158 1910 στόματι
3188 1839 3374 1894 αὐτῶν
3410 1839 3570 1909 λόγος
3595 1841 3719 1894 ὀλέ-

436 1945 623 1986 sermo
674 1929 885 1999 aspidis
938 1941 1155 1983 veneno
1209 1936 1585 1998 comparatur,
1647 1925 1816 1980 veluti
1869 1924 2027 1980 valde

2135 1927 2304 2000 θριος,
2361 1928 2426 1999 ίῷ
2454 1929 2682 1995 ἀσπίδος
2728 1931 2951 1996 ἐοικὼς,
2994 1932 3140 1985 κατὰ
3191 1932 3253 1987 τὺ
3303 1930 3602 2000 βλαπτικόν
3653 1949 3719 1989 τι

434 2038 673 2089 noeuus,
709 2031 874 2092 atque
906 2021 972 2075 ad
1005 2021 1343 2091 perdendum
1378 2018 1823 2075 ellleaeissimus.
1856 2017 2025 2075 Vides

2135 2022 2226 2072 καὶ
2257 2019 2591 2093 δραστήριον
2616 2024 2698 2085 είς
2714 2023 3015 2077 ἀπώλειαν.
3052 2020 3218 2094 Ὁρᾷς
3250 2023 3371 2086 πῶς
3393 2024 3475 2087 είς
3502 2022 3717 2093 θηριω·

435 2116 629 2185 igitur,
662 2130 773 2185 quo
805 2122 967 2185 pacto
994 2114 1189 2167 vitium
1249 2113 1303 2167 in
1332 2112 1708 2181 hujuscemodi
1753 2109 2024 2168 feritatem

2135 2109 2250 2163 δίαν
2280 2109 2506 2175 τούτους
2537 2114 2570 2184 ἡ
2599 2113 2768 2167 κακία
2809 2114 3173 2187 μετέστησεν,
3204 2115 3268 2168 οὐ
3298 2115 3399 2186 τὴν
3428 2114 3593 2184 φύσιν
3617 2115 3723 2167 αὖ·

437 2208 693 2262 ιιοιηίιιεε
729 2205 1062 2265 immutavit.
1092 2202 1250 2271 Quod
1296 2204 1340 2259 si
1369 2219 1560 2260 eorum
1597 2214 1820 2268 natura,
1852 2217 2027 2273 quan-

2135 2200 2261 2266 τῶν,
2302 2202 2441 2257 ἀλλὰ
2475 2204 2575 2277 τὴν
2609 2206 2937 2277 προαίρεσιν
2992 2209 3074 2271 είς
3115 2207 3520 2277 ἀπανθρωπίαν
3551 2224 3725 2262 κατα-

436 2306 552 2352 tum
601 2299 886 2369 corporeis
928 2296 1110 2353 oculis
1141 2295 1293 2351 cerni
1329 2303 1554 2366 potest,
1586 2295 1879 2349 immutata
1914 2307 2023 2347 non
2134 2293 2402 2363 γαγοῦσα.

436 2394 674 2458 videtur,
706 2391 1063 2446 immutatum
1094 2397 1179 2445 est
1208 2399 1389 2444 tamen
1426 2387 1800 2459 propositum,
1825 2387 2116 2441 immutata
2154 2397 2240 2444 est
2268 2406 2469 2450 mens:
2533 2409 2643 2465 quo
2688 2394 2895 2451 factum
2940 2401 3063 2460 est,
3132 2402 3196 2450 ut
3264 2393 3333 2450 ad
3413 2395 3717 2454 auaritiam.

436 2492 602 2555 atque
630 2482 695 2537 ad
728 2482 1125 2537 immanitatem
1162 2481 1271 2536 sint
1309 2479 1552 2535 deducti.

510 2575 678 2630 Vens.
707 2574 762 2628 5.
788 2572 1009 2628 Custodi
1028 2587 1131 2638 me,
1163 2571 1405 2637 Domine,
1430 2572 1493 2624 de
1523 2585 1685 2623 manu
1711 2567 2025 2640 peccatoris,

437 2669 587 2726 etab
628 2666 930 2722 hominibus
983 2665 1200 2733 iujustis
1250 2669 1393 2732 eripe
1446 2679 1549 2728 me,
1590 2663 1721 2729 Qua:
1774 2661 2029 2732 superius

438 2764 587 2816 dicta
632 2767 807 2824 sunt,
842 2773 1040 2813 rursus
1087 2756 1324 2827 repetit,
1359 2755 1669 2810 orationem
1711 2753 2027 2810 intendens.

439 2854 705 2910 l’eccator
733 2861 940 2915 autem,
977 2857 1143 2918 atque
1174 2848 1436 2919 injustus,
1471 2846 1793 2920 quicunque
1829 2845 2030 2901 intelli-

438 2944 649 3015 gendus
675 2953 779 3005 est,
800 2942 893 3012 qui
929 2939 1218 3008 delinquit,
1241 2946 1408 3009 atque
1429 2937 1633 3008 injuria
1655 2937 1736 2991 vel
1759 2936 2033 3006 seipsum,

438 3037 523 3090 vel
555 3035 793 3090 alienum
844 3031 1034 3087 allicit.
1092 3030 1344 3102 Seipsum
1382 3030 1528 3086 enim
1573 3028 1777 3099 injuria
1816 3026 2038 3082 allicere

386 3134 389 3137 λ
437 3128 563 3195 quis
594 3127 820 3191 dicitur,
846 3125 1351 3196 quomodocunque
1394 3123 1519 3194 quis
1553 3130 1772 3193 peccet;
1801 3122 2037 3175 alterum

2207 2570 2496 2636 Φύλαξόν
2535 2590 2634 2642 με,
2707 2576 2908 2642 Κύριε,
2970 2573 3043 2628 ἐκ
3091 2574 3294 2645 χειρὸς
3343 2573 3720 2642 άμαρτωλοῦ,

2136 2663 2257 2718 ἀπὸ
2294 2664 2625 2732 ἀνθρώπιον
2653 2663 2879 2721 ἀδίκων
2903 2666 3121 2733 ἐξελοῦ
3144 2682 3240 2737 με.
3265 2665 3348 2720 Τὰ
3376 2665 3724 2738 προλαϐόντα

2136 2755 2287 2826 λέγει
2323 2758 2513 2826 πάλιν,
2548 2760 2838 2813 ἐπιτείνων
2861 2757 2961 2833 τὴν
3000 2760 3190 2830 δέησιν
3212 2775 3227 2791 ⁸
3260 2757 3584 2830 ἁμαρτωλὸς
3608 2758 3722 2828 γὰρ

2137 2849 2233 2902 καί
2257 2849 2464 2915 ἄδικος,
2491 2852 2600 2915 πᾶς
2629 2847 2741 2915 οἶος
2769 2852 2973 2921 δήποτε
3007 2850 3343 2921 ἁμαρτάνων
3372 2850 3469 2904 καὶ
3516 2849 3725 2905 ἀδικῶν

2136 2938 2355 3006 ἑαυτὸν,
2391 2943 2423 3012 ἦ
2448 2942 2638 3014 ἕτερον
2662 2961 2675 2975 ·
2716 2943 2910 2999 ἑαυτὸν
2939 2944 3038 3014 μὲν
3070 2946 3181 3016 γὰρ
3206 2944 3268 2996 ἐν
3300 2942 3451 3015 πάσῃ
3476 2942 3728 3014 ἁμαρτίᾳ

2137 3033 2361 3097 πάντως
2417 3032 2617 3102 ἀδικεῖ,
2675 3034 2867 3104 ἓτερον
2931 3033 2989 3087 δὲ
3035 3035 3097 3087 οὐ
3158 3032 3380 3097 πάντως
3432 3033 3491 3086 ἐν
3543 3032 3722 3104 πάσῃ.

2139 3126 2357 3199 Ὠσπερ
2385 3125 2442 3179 δὲ
2469 3126 2736 3191 πολλάκις
2760 3125 3119 3198 δικαιοσύνην
3150 3128 3183 3197 ή
3226 3125 3423 3197 Γραφὴ
3449 3124 3552 3196 τὴν
3584 3124 3725 3177 καθ-

440 3228 577 3270 vero
607 3228 715 3268 non
761 3228 997 3283 semper.
1036 3210 1105 3265 Et
1152 3211 1617 3282 quemadmodum
1656 3224 2036 3280 saepenumero

2139 3217 2262 3272 όλου
2292 3216 2498 3291 ἀρετὴν
2527 3217 2970 3291 ὀνομάζει,οὖτω
2996 3220 3092 3274 καὶ
3113 3217 3332 3274 ἀδικίαν
3360 3217 3457 3288 τὴν
3485 3215 3726 3271 καθόλου

442 3308 732 3377 ὃιτίῃιιιιτι
765 3307 1039 3377 justitiam
1092 3305 1146 3359 in
1185 3305 1507 3359 universum
1554 3317 1655 3374 pro
1706 3315 2035 3374 quacunque

2144 3310 2367 3366 κακίαν.

445 3401 699 3470 intelligit
738 3401 982 3460 virtute,
1023 3398 1103 3452 sic
1147 3406 1365 3460 contra,
1413 3395 1740 3464 injustitiam
1794 3409 2038 3467 persaepe

443 3492 601 3563 ponit
632 3503 732 3560 pro
761 3490 909 3543 omni
947 3488 1107 3542 vitio.

517 3587 625 3653 Qui
658 3588 1018 3656 cogitaverunt
1053 3582 1404 3653 supplantare
1429 3594 1643 3652 gressus
1678 3594 1842 3634 meos.
1872 3578 2037 3648 Cogi-

447 3687 708 3734 taverunt
763 3677 1214 3742 impedimentum
1251 3681 1517 3743 praestare
1551 3671 1763 3736 itineri,
1797 3680 1852 3724 et
1903 3685 2036 3725 con-

449 3767 752 3827 versationi
789 3780 944 3831 meae,
977 3778 1140 3834 quam
1171 3780 1239 3820 ex
1266 3765 1386 3835 lege
1418 3765 1700 3819 moderor.

521 3953 684 4009 Vsus.
714 3953 769 4008 6.
797 3951 1202 4006 Absconderuut
1237 3948 1451 4017 superbi
1481 3946 1732 4019 laqueum
1760 3945 1909 4002 mihi.
1935 3944 2039 4001 Su-

447 4048 650 4114 perbus
712 4052 797 4100 est
843 4044 1079 4114 quilibet
1125 4043 1261 4113 legis
1301 4052 1701 4112 transgressor,
1751 4041 1914 4094 veluti
1946 4038 2037 4110 qui

446 4142 623 4209 legem
655 4138 907 4208 despicit,
935 4144 993 4191 ut
1016 4151 1161 4206 saepe
1179 4135 1439 4191 diximus.
1468 4134 1629 4207 Legis
1654 4142 2037 4190 autemtrans-

449 4248 670 4305 gressor
700 4240 805 4298 est,
847 4231 1105 4303 quisquis
1137 4230 1431 4300 delinquit.

522 4328 589 4383 Et
613 4327 826 4397 funibus
848 4324 1193 4379 extenderunt
1223 4321 1465 4392 laqueum
1485 4319 1704 4390 pedibus
1727 4320 1874 4374 meis.
1899 4318 2043 4373 Mulv-

454 4421 759 4492 tiplieibus,
791 4432 857 4473 ac
878 4412 1240 4472 clandestinis
1271 4411 1510 4478 insidiis,
1538 4427 1600 4467 ac
1628 4413 1824 4483 plagis,
1859 4420 2041 4465 teten-

456 4515 657 4569 derunt
689 4511 822 4566 mihi
859 4510 1106 4580 laqueos.

524 4603 693 4658 Juxta
734 4603 837 4655 iter
864 4598 1123 4654 scandala
1163 4606 1452 4669 posuerunt
1480 4596 1630 4650 mihi.
1674 4592 1793 4649 Hoc
1834 4598 1944 4655 est,
1981 4591 2036 4645 in
2075 4623 2118 4676 υ

453 4695 523 4749 iis
569 4692 704 4747 locis
744 4704 866 4760 quae
898 4690 1154 4759 contigua
1201 4697 1359 4743 erant
1406 4686 1511 4758 ipsi
1553 4686 1677 4749 vim,
1725 4696 1820 4737 seu
1871 4696 2043 4751 prope

456 4790 626 4841 viam.
662 4784 779 4840 lloc
814 4792 998 4838 autem
1034 4782 1319 4849 fecerunt,
1352 4791 1411 4835 ut
1453 4779 1583 4834 dum
1623 4777 1880 4831 incautus
1910 4776 2042 4829 illuc

456 4877 680 4941 incedo,
714 4878 768 4931 in
798 4891 866 4932 ea
897 4875 1159 4932 scandala
1204 4874 1531 4929 inciderem.
1565 4870 1674 4923 Per
1718 4869 2038 4924 scandalum

457 4978 638 5022 autent
666 4965 1059 5021 ollendieulum
1096 4962 1372 5033 intelligit.
1409 4959 1649 5014 Enarrat
1679 4957 1844 5016 etiam
1875 4968 1930 5013 et
1959 4959 2044 5014 di-

455 5060 593 5113 latat
634 5057 905 5128 Propheta
939 5069 1249 5113 sermonem
1294 5054 1363 5108 de
1394 5052 1614 5107 insidiis
1660 5067 1675 5105 :
1721 5052 2043 5106 Abscontle-

452 5159 585 5203 rant
624 5150 798 5215 enim,
850 5148 1053 5217 inquit,
1108 5145 1358 5209 insidias,
1412 5154 1467 5198 et
1524 5143 1891 5198 extenderunt
1947 5156 2043 5196 eas

455 5243 618 5296 etiam
641 5243 798 5313 juxta
820 5242 1098 5307 semitam;
1130 5254 1241 5311 quo
1265 5252 1544 5301 sermone,
1572 5246 1625 5292 et
1653 5252 1819 5307 prava
1846 5248 2039 5290 eorum

457 5335 640 5388 stuzlia
674 5334 939 5388 denotare
967 5332 1160 5391 voluit,
1194 5339 1249 5384 et
1280 5330 1510 5385 scelera.

528 5422 697 5479 Vens.
727 5423 781 5479 7.
810 5422 939 5475 Dixi
965 5421 1187 5475 Domino
1209 5436 1229 5474 :
1263 5419 1401 5473 Deus
1429 5435 1573 5472 nteus
1603 5434 1656 5472 es
1677 5414 1825 5472 tu.ln
1851 5416 2046 5486 hujus-

454 5516 668 5568 cemodi
718 5512 983 5584 periculis
1034 5513 1333 5576 exsistens,
1379 5520 1433 5566 et
1472 5510 1591 5580 capi
1649 5509 1880 5580 jamjam
1938 5523 2042 5563 ex-

457 5614 738 5674 spectans,
764 5604 948 5660 omnia
972 5604 1076 5658 alia
1107 5604 1312 5659 auxilia
1341 5603 1525 5667 omisi,
1551 5603 1844 5671 solumque
1871 5599 2039 5655 Deum

457 5695 731 5759 invocavi,
763 5695 999 5752 dicens:
1039 5695 1181 5754 Deus
1222 5711 1380 5752 meus
1422 5711 1483 5751 es
1529 5703 1623 5762 tu,
1671 5710 1739 5751 ne
1764 5693 2042 5764 despicias

458 5797 769 5845 creaturam
807 5797 978 5844 tuam.

2214 3580 2446 3648 Οἵτινες
2513 3581 2939 3653 διελογίσαντο
2995 3580 3105 3637 τοῦ
3180 3581 3591 3637 ὑποσκελίσαι
3651 3580 3729 3635 τὰ

2138 3673 2476 3742 διαδήματά
2526 3692 2669 3743 μου.
2719 3669 3055 3742 Ἑσκέψαντο
3102 3671 3397 3742 ἐμποδίσαι
3455 3674 3524 3744 τῇ
3580 3671 3732 3724 κατὰ

2139 3766 2304 3833 νόμον
2329 3765 2528 3835 πορείᾳ
2565 3782 2668 3834 μου
2697 3781 2708 3794 ·
2756 3764 3014 3835 περιττὸν
3050 3762 3162 3835 γὰρ
3199 3764 3296 3819 νῦν
3331 3762 3393 3816 τὸ
3426 3761 3544 3832 τοῦ,
3596 3760 3726 3816 καθ’

2152 3855 2210 3909 Ἐ
2220 3855 2446 3926 ϐραῖκὸν
2479 3857 2705 3928 ἰδίωμα.

2218 3952 2540 4021 Ἔκρυψαν
2566 3950 2947 4023 ὑπερήφανοι
2978 3948 3203 4022 παγίδα
3227 3970 3353 4022 μοι.
3394 3951 3726 4024 Ὑπερήφα-

2140 4061 2253 4108 νος,
2307 4045 2417 4108 πᾶς
2472 4042 2821 4116 παράνομος,
2878 4042 2953 4108 ὡς
3016 4042 3338 4114 ὑπερόπτης
3385 4041 3481 4096 τοῦ
3534 4043 3728 4112 νόμον,

2141 4136 2328 4201 καθὼς
2378 4137 2686 4208 εἰρήκαμεν
2749 4135 3057 4201 πολλάκις·
3108 4134 3429 4207 παράνομος
3496 4134 3554 4190 δὲ
3616 4137 3726 4201 πᾶς

2143 4227 2489 4299 ἁμαρτωλός.

2216 4313 2324 4376 Kal
2346 4321 2648 4390 σχοινίοις
2678 4319 2980 4375 διέτειναν
3005 4319 3231 4390 παγίδα
3259 4319 3385 4386 τοῖς
3408 4318 3559 4374 ποσί
3580 4335 3724 4387 μου.

2144 4412 2518 4477 Πολυπλόκοις
2584 4412 2902 4476 ἐπιϐουλαῖς
2931 4452 2946 4478 ,
3016 4412 3315 4484 θηράτροις
3388 4410 3724 4483 λαθραίοις,

2141 4505 2408 4577 ἦπλωσαν
2449 4505 2659 4575 παγίδα
2703 4521 2815 4576 μοι.
3530 4496 3533 4499 ’

2233 4601 2528 4669 Ἐχόμενα
2560 4599 2764 4668 τρίϐου
2799 4595 3122 4652 σκάνδαλα
3152 4595 3361 4652 ἕθεντό
3380 4614 3508 4668 μοι.
3532 4595 3731 4651 Ἀπτό-

2148 4715 2284 4767 μενα
2335 4695 2436 4766 τῆς
2486 4693 2631 4759 ὀδοῦ,
2680 4691 2714 4764 ἢ
2773 4690 2959 4761 ἔγγιον
2998 4688 3193 4760 αὐτῆς,
3236 4687 3380 4743 ὥστε
3436 4688 3730 4760 βαδίζοντα

2145 4789 2471 4860 περιπεσεῖν
2528 4787 2713 4850 αὐτοῖς
2765 4782 3100 4854 ἀφυλάκτως
3118 4797 3144 4837 ³.
3194 4782 3500 4837 σκάνδαλον
3557 4781 3613 4836 δὲ
3664 4781 3731 4836 τὸ

2145 4882 2508 4952 πρόσκομμα.
2547 4876 2936 4946 Ἐπεξηγεῖται
2962 4873 3020 4927 δὲ
3050 4872 3146 4926 καὶ
3177 4872 3441 4929 πλατύνει
3474 4874 3565 4927 τὸν
3594 4872 3731 4943 περ)⁸

2143 4950 2241 5044 τῆς
2299 4968 2593 5040 ἐπιϐουλῆς
2633 4968 2831 5039 λόγον⁹
2884 4964 3174 5039 Ἔκρυψαν
3232 4964 3366 5035 γὰρ,
3418 4964 3575 5034 φησὶ,
3629 4950 3759 5017 καὶη

2142 5067 2410 5120 διέτειναν
2442 5064 2536 5118 καὶ
2566 5061 2805 5133 ἐχόμενα
2832 5058 3020 5132 τρίόου
3045 5098 3062 5125 ,
3111 5059 3200 5112 ἵνα
3253 5055 3405 5129 δείξῃ
3444 5054 3507 5108 τὸ
3556 5046 3760 5107 σπον-Δ

2142 5160 2293 5213 δαῖον
2329 5155 2427 5212 καὶ
2460 5155 2777 5227 πανοῦργον
2806 5153 2910 5224 τῆς
2942 5151 3369 5223 κακομηχανιας
3397 5146 3601 5201 αὐτῶν.

2215 5415 2373 5475 Εῒπα
2402 5415 2482 5483 τῷ
2517 5418 2713 5486 Κυρίῳ
2734 5431 2748 5447 ο
2790 5415 2936 5482 Θεός
2961 5431 3082 5485 μου
3109 5408 3163 5469 εἶ
3187 5412 3293 5468 σύ.
3338 5412 3429 5466 Ἐν
3461 5412 3732 5479 τοιούτοις

2148 5512 2420 5575 κινδύνοις
2445 5508 2760 5580 γενόμενος,
2796 5509 2956 5579 μόνον
2988 5508 3079 5562 τδν
3110 5505 3242 5560 Θεὸν
3271 5504 3730 5576 ἐπεκαλεσάμην,

2147 5607 2339 5675 εἰπὼν,
2372 5607 2506 5672 Θεός
2543 5622 2645 5678 μου
2681 5599 2733 5659 εἷ
2756 5603 2820 5658 σύ
2845 5617 2858 5633 ·
2896 5603 2973 5676 μὴ
2997 5601 3229 5675 παρίδῃς
3251 5600 3313 5656 τὸ
3339 5599 3733 5675 δημιούργημά

2151 5716 2268 5759 σου.
