4112 6412
457 350 596 411 1267

1656 368 2054 429 EUTHYMII
2098 370 2463 436 ZIGABENI

3573 381 3714 449 2268

452 462 631 518 tur".
668 463 732 520 Et
756 467 1016 538 quoniam
1049 481 1340 532 venatores
1374 491 1624 551 perstepe
1669 480 1842 551 aliqui
1900 490 2022 536 sunt

2132 497 2331 540 ovatr.
2377 487 2531 541 Ἐπεὶ
2586 488 2643 542 δὲ
2679 489 2941 554 πολλάκις
2974 489 3275 562 θηρεύεται
3304 508 3389 555 τις
3412 491 3491 556 είς
3527 509 3708 563 σωτηο

450 558 517 614 ad
550 559 811 626 salutem,
862 561 965 617 hoc
1018 575 1103 621 est
1151 569 1244 637 qui
1287 568 1437 627 feras
1498 573 1747 644 capiunt,
1808 590 1921 629 non
1968 581 2031 629 ut

452 651 704 719 perdant,
728 654 824 708 sed
857 664 913 709 ut
938 667 1185 726 servent,
1210 669 1499 733 prepterea
1535 664 1766 729 addidit.
1799 664 1865 720 In
1888 668 2028 722 inte-

454 738 638 810 ritum,
688 743 795 799 hoc
820 753 927 811 est,
962 746 1021 801 in
1062 750 1454 818 perditionem.
1505 754 1647 811 Sunt
1682 765 1864 813 autem
1916 759 2030 812 haec

453 834 617 889 verba
673 835 922 893 doctrina
952 853 1014 892 ac
1045 856 1212 897 sensu
1244 844 1445 901 referta
1471 863 1580 902 non
1609 850 1846 920 vulgari.

527 926 695 986 Vens.
728 932 815 987 i5.
852 931 1084 1004 Cognovi
1124 938 1264 1008 quod
1297 939 1456 1011 faciet
1484 941 1743 998 Dominus
1758 942 2026 1016 judicium

448 1016 684 1086 inopum,
709 1028 760 1075 et
783 1036 1001 1076 causam
1035 1041 1350 1097 pauperum.
1378 1028 1533 1088 Licet
1578 1034 1769 1089 tardus
1801 1034 1874 1089 sit
1926 1034 2029 1088 aii-

447 1114 668 1184 quando
700 1115 966 1174 Dominus
997 1118 1066 1175 ad
1105 1136 1298 1176 eorum
1325 1123 1643 1193 vindictam,
1663 1127 1753 1196 qui
1774 1125 2023 1197 oppressi

447 1216 600 1270 sunt,
634 1213 692 1262 et
718 1223 863 1278 quos
913 1210 1021 1265 hoc
1067 1211 1123 1266 in
1177 1214 1299 1268 loco
1349 1216 1575 1285 inopum
1622 1224 1679 1272 et
1722 1232 2025 1289 pauperum

446 1296 671 1352 nomine
699 1299 960 1368 appellat,
986 1310 1226 1358 attamen
1253 1306 1403 1370 novi,
1440 1306 1640 1376 inquit,
1665 1309 1812 1379 quod
1838 1318 1932 1364 aut
1964 1309 2019 1364 in

449 1386 710 1459 praesenti
767 1398 863 1443 aut
921 1390 977 1445 in
1033 1390 1213 1447 futura
1259 1395 1386 1460 vita,
1448 1395 1611 1452 faciet
1665 1397 1929 1457 Dominus
1970 1409 2026 1458 et

442 1464 719 1545 judicium
768 1488 821 1535 et
857 1496 1080 1537 causam
1126 1500 1339 1552 eorum,
1404 1486 1510 1543 hoc
1566 1496 1676 1555 est,
1734 1494 1883 1563 quod
1926 1508 2024 1550 eos

449 1569 771 1626 ulciscetur.
826 1571 943 1628 Hoc
987 1586 1173 1631 autem
1226 1578 1388 1645 dixit,
1431 1590 1492 1635 ut
1537 1582 1737 1652 injuria
1801 1584 2025 1642 aﬂ‘ectos

447 1650 813 1731 quoscunque
861 1664 1114 1723 homines
1149 1670 1559 1739 consolaretur,
1610 1675 1907 1747 simulque,
1965 1688 2026 1733 ut

446 1756 598 1825 ipsos
626 1755 884 1823 iniuriam
918 1756 1218 1816 inferentes
1261 1770 1617 1832 perterreret,
1667 1777 1722 1821 et
1769 1766 2024 1824 modera-

440 1847 615 1901 tiores
642 1844 931 1902 redderet.-

515 1935 684 1993 Vsns.
717 1937 803 1993 Η.
847 1937 1221 1997 Verumtamen
1240 1943 1380 2014 justi
1403 1947 1800 2018 conﬁtebuntur
1822 1951 2024 2006 nomini

446 2037 559 2085 tuo.
606 2027 811 2084 Verum
842 2039 920 2097 te,
964 2032 1167 2104 inquit,
1204 2035 1488 2105 tardante,
1517 2040 1654 2110 justi
1716 2057 1824 2098 non
1868 2058 2025 2098 scan-

446 2119 862 2186 dalizabuntur,
914 2124 1008 2180 sed
1054 2126 1264 2196 gratias
1320 2139 1508 2199 agent,
1560 2132 1829 2201 scientes,
1878 2135 2022 2204 quod

444 2214 628 2265 omnia
665 2228 788 2267 cum
829 2215 1045 2271 ratione
1085 2214 1224 2275 facis
1249 2258 1264 2283 ,
1307 2229 1363 2277 et
1399 2221 1468 2277 ad
1510 2232 1760 2280 nostram
1806 2218 2039 2280 utilita?

449 2312 581 2356 tem.

519 2398 590 2449 Et
637 2395 951 2453 habitabant
1000 2402 1132 2456 recti
1168 2419 1286 2457 cum
1342 2406 1488 2460 vultu
1536 2416 1645 2462 tuo.
1690 2409 1794 2463 Per
1839 2421 2021 2466 rectos

450 2502 668 2541 rursum
717 2488 905 2557 justos
951 2490 1230 2564 intelligit,
1286 2496 1383 2564 qui
1424 2495 1780 2565 habitabunt,
1822 2501 2020 2571 inquit,

445 2587 653 2643 tecum,
692 2580 796 2635 hoc
821 2590 923 2650 cst,
954 2597 1078 2637 cum
1099 2585 1179 2639 tui
1211 2589 1474 2643 memoria
1513 2605 1527 2643 :
1556 2605 1682 2645 cum
1710 2606 1773 2646 ea
1808 2606 2025 2662 semper

448 2667 833 2733 exsistentes,
897 2686 1003 2726 nec
1060 2688 1303 2743 unquam
1363 2676 1709 2735 recedentes.
1762 2678 1885 2747 Vel,
1930 2698 2026 2751 per

445 2767 631 2815 rectos
661 2762 904 2831 quidem,
951 2766 1235 2833 apostolos
1291 2767 1605 2838 signiﬁcat;
1670 2785 1767 2837 per
1826 2771 2022 2827 faciem

441 2864 576 2903 vero
630 2850 748 2917 Dei,
778 2840 1090 2919 Christum,
1120 2856 1309 2925 veluti
1344 2858 1493 2914 illius
1531 2862 1858 2918 substantiae,
1892 2865 2021 2919 clla-

443 2949 737 2997 ractcrem.
768 2943 892 2998 Volo
922 2948 1092 3012 enim,
1114 2947 1312 3019 inquit,
1341 2959 1400 3005 ut
1435 2952 1528 3006 ubi
1551 2970 1644 3024 ego
1676 2972 1820 3021 sum,
1843 2969 1889 3012 et
1915 2959 2021 3029 ipsi

446 3032 553 3084 sint
586 3049 789 3087 mecum
811 3034 880 3088 ⁸⁷.
925 3035 1165 3092 Possunt
1207 3040 1371 3095 etiam
1400 3051 1454 3098 et
1481 3043 1665 3110 aliter,
1706 3046 1843 3116 justi
1900 3050 2024 3119 qui-

2134 575 2280 649 ρίαν,
2308 579 2672 651 προσέθηκεν,
2730 583 2834 647 δτι,
2866 584 2970 649 Εἷς
3029 583 3383 654 διαφθορὰν,
3456 585 3577 658 ἦτοι
3627 586 3712 649 είς

2133 670 2445 727 ἀπώλειαν·
2481 673 2810 745 Γνωμικὰδὲ
2839 674 3038 744 ταῦτα,
3070 676 3169 730 καὶ⁸
3195 676 3575 733 διδασκαλικά.

2206 939 2442 1010 Ἕγνων
2481 941 2571 998 ὅτι
2620 943 2864 1011 ποιήσει
2908 945 3126 1013 Κύριος
3174 944 3294 1012 τὴν
3341 947 3547 1016 κρίσιν
3589 946 3715 1002 τῶν·

2131 1030 2406 1103 πτωχῶν,
2433 1035 2531 1089 καὶ
2563 1037 2680 1103 τὴν
2724 1036 2908 1105 δίκην
2965 1035 3088 1092 τῶν
3136 1037 3435 1106 πενήτων.
3498 1040 3563 1094 Et
3610 1042 3709 1093 καὶ

2131 1123 2384 1195 βραδύνει
2431 1126 2694 1191 πολλάκις
2732 1127 2766 1194 ἡ
2788 1128 3067 1200 ἐκδίκησις
3082 1129 3192 1183 τῶν
3212 1131 3711 1199 καταπονουμένων

2130 1217 2226 1270 καὶ
2242 1217 3129 1291 καταδυναστευομένων,τούτους
3149 1221 3260 1290 γὰρ
3283 1218 3432 1290 λέγει
3446 1220 3544 1274 νῦν
3559 1236 3709 1274 πτω-

2127 1311 2257 1381 χοὺς
2296 1311 2394 1366 καὶ
2426 1312 2688 1383 πένητας,
2719 1312 2838 1366 ἀλλ’
2863 1313 3014 1384 ὅμως
3044 1309 3104 1366 εὖ
3145 1308 3242 1366 οἷδ’
3270 1314 3353 1366 ὅτι
3380 1313 3414 1383 ἢ
3437 1312 3579 1366 κατά
3613 1312 3709 1364 τδν

2127 1405 2379 1478 παρόντα
2410 1404 2550 1475 βίον,
2587 1405 2620 1476 ἢ
2650 1406 2794 1459 κατά
2832 1404 2933 1476 τὴν
2954 1405 3259 1487 μέλλουσαν
3290 1403 3457 1476 ζωὴν,
3489 1407 3711 1489 ποιήσει

2129 1497 2336 1566 Κύριος
2371 1497 2473 1570 τὴν
2499 1498 2681 1569 κρίσιν
2750 1497 2955 1564 αὐτῶν,
3002 1497 3144 1551 κατά
3162 1496 3264 1568 τὴν
3292 1497 3450 1566 δίκην
3480 1495 3663 1549 αὐτῶν
3688 1508 3706 1525 ο

2127 1587 2164 1642 ἀ
2195 1589 2291 1642 καὶ
2307 1586 2496 1658 ἄμφω,
2530 1587 2631 1654 τὴν
2648 1587 2926 1657 ἐκδίκησιν
2949 1586 3197 1659 δηλοῦσι.
3221 1586 3394 1641 Τοῦτο
3434 1587 3491 1641 δὲ
3521 1583 3705 1649 εἶπεν,

2129 1680 2246 1750 ἅμα
2277 1682 2376 1752 μὲν
2404 1680 2532 1742 τοὺς
2570 1679 2967 1745 ἀδικουμένους
3016 1678 3543 1752 παραμυθούμενος,
3590 1676 3711 1747 ἅμα

2125 1771 2183 1825 δὲ
2209 1770 2334 1835 τοὺς
2363 1769 2686 1835 ἀδικοῦντας
2725 1770 3088 1839 ἐκδειματῶν,
3130 1771 3225 1826 καὶ
3254 1770 3633 1843 σωφρονίζων.

2195 1953 2370 2021 Πλὴν
2384 1953 2602 2007 δίκαιοι
2614 1950 3165 2022 ἐξομολογήσηται
3183 1947 3263 2014 τῷ
3285 1945 3537 2019 ὀνόματί
3561 1959 3705 2002 σου.

2128 2044 2278 2114 Πλὴν
2310 2045 2407 2097 καὶ
2452 2044 2555 2112 τῆς
2588 2042 2927 2111 ἐκδικήσεως
2969 2038 3368 2111 βραδυνούσης,
3400 2038 3450 2091 οἱ
3501 2036 3708 2090 δίκαιοι

2124 2140 2186 2192 οὐ
2223 2135 2804 2205 σκανδαλισθήσονται,
2832 2133 2947 2186 ἀλλ’
2970 2132 3451 2203 εύχαριστήσουσι,
3485 2127 3581 2183 καὶ
3604 2124 3705 2181 οὔ·

2123 2241 2235 2288 τως
2266 2224 2471 2287 εἰδότες
2494 2223 2580 2277 ὅτι
2614 2224 2798 2277 πάντα
2833 2222 2933 2277 σὺν
2960 2221 3105 2293 λόγῳ
3129 2222 3326 2284 ποιεῖς,
3356 2220 3455 2273 καὶ
3474 2219 3614 2292 πρδς
3641 2217 3709 2272 τδ

2127 2313 2427 2385 συμφέρον.

2199 2405 2305 2459 Καί
2342 2404 2824 2473 κατοικήσουσιν
2874 2402 3073 2469 εὐθεῖς
3120 2403 3244 2456 σὺν
3272 2401 3353 2469 τῷ
3407 2398 3717 2470 προσώπῳ

2125 2517 2264 2554 σου.
2294 2498 2513 2570 Εύοεῖς,
2545 2500 2675 2560 τοὺς
2707 2498 2954 2560 δικαίους
3002 2498 3154 2565 λέγει
3186 2495 3372 2558 πάλιν,
3400 2495 3482 2549 ὅτι
3512 2509 3706 2547 κατοι-

2125 2594 2357 2656 κήσουσι
2388 2590 2486 2643 σὺν
2521 2589 2604 2643 σοί
2623 2605 2638 2622 ⁶
2675 2589 2868 2659 ῆγουν,
2899 2590 2996 2642 σὺν
3014 2590 3081 2659 τῇ
3111 2588 3302 2659 μνήμῃ
3328 2602 3446 2653 σου,
3467 2585 3709 2639 πάντοτε

2126 2685 2382 2746 συνόντες
2408 2677 2701 2753 αὐτῇζκαὶ
2722 2681 2980 2735 οὐδέποτε
3039 2679 3249 2752 ταύτης
3311 2678 3703 2748 ἀφιστάμενοι.

2130 2779 2200 2830 Ἢ
2249 2776 2445 2842 suat-27¢
2491 2777 2641 2844 λέγει
2685 2775 2816 2839 τοὺς
2870 2772 3205 2837 ἀποστόλους
3239 2788 3254 2804 ·
3295 2771 3627 2840 πρόσωπον
3643 2768 3705 2821 δὲ

2127 2870 2301 2934 Θεοῦ,
2328 2868 2420 2922 τὸν
2450 2867 2709 2939 Χριστὸν,
2751 2866 2827 2930 ὡς
2853 2865 3186 2938 χαρακτῆρα
3207 2865 3307 2934 τῆς
3346 2860 3706 2923 ὑποστάσεως

2125 2962 2316 3018 αὺτοῦ.
2373 2962 2537 3017 Θέλω
2559 2961 2691 3031 γὰρ,
2718 2960 2908 3031 φησὶν,
2937 2959 3043 3012 ἵνα
3071 2957 3226 3012 ὅπου
3256 2957 3373 3023 εἰμί
3408 2955 3545 3025 ἐγὼ,
3601 2953 3707 3008 καὶ

2125 3054 2293 3108 αὐτοὶ
2316 3047 2429 3106 ὦσι
2445 3050 2576 3121 μετ’
2618 3050 2788 3120 ἐμοῦ.
2848 3044 2978 3102 Εἶεν
3004 3048 3120 3103 δ’ἃν
3167 3047 3264 3102 καὶ
3292 3046 3469 3109 ἄλλως
3499 3045 3706 3100 δίκαιοι

434 3125 566 3177 'dem
603 3124 640 3179 ii
680 3124 810 3193 diei,
848 3128 941 3197 qui
978 3145 1075 3199 per
1114 3132 1365 3189 actiones
1414 3139 1672 3192 virtutem
1697 3151 2022 3208 operantur,

2129 3148 2254 3218 μὲν,
2284 3148 2335 3201 ei
2371 3146 2471 3219 τὴν
2498 3145 2818 3215 πρακτικὴν
2842 3142 3265 3213 κατορθοῦντες,
3300 3142 3481 3206 εὐθεῖς
3513 3138 3592 3206 δὲ,
3646 3139 3705 3192 οε

443 3217 577 3272 rccti
614 3233 765 3279 vero,
810 3222 904 3291 qui
946 3238 1043 3291 per
1065 3229 1618 3299 contemplationem;
1660 3234 1747 3287 vel
1786 3234 1923 3304 justi
1977 3238 2014 3291 ii

440 3308 535 3376 qui
570 3306 896 3379 simpliciter
925 3316 1180 3371 virtutem
1214 3321 1646 3390 amplectuntur,
1696 3327 1832 3381 recti
1887 3343 2018 3384 vero

440 3400 531 3468 qui
570 3415 695 3455 cum
723 3402 934 3471 judicio
976 3414 1034 3461 et
1062 3409 1304 3466 ratione.
1334 3413 1402 3467 Et
1431 3417 1702 3484 quoniam
1735 3417 1825 3473 hic
1867 3421 2018 3488 psal-

440 3506 567 3546 mus
599 3494 664 3548 de
696 3491 883 3551 futuro
907 3498 1119 3562 judicio
1154 3512 1479 3572 pertractat,
1506 3507 1575 3563 dc
1604 3508 1931 3582 Christoque
1963 3519 2020 3568 et

439 3585 509 3640 de
548 3588 836 3656 apostolis,
870 3590 1083 3647 idcirco
1106 3594 1330 3663 quidam
1363 3598 1412 3650 ei
1444 3598 1871 3669 inscriptionem
1920 3618 2017 3675 ap-

443 3684 753 3743 posuerunt
787 3696 799 3732 :
830 3678 897 3731 In
947 3679 1129 3747 ﬁnem,
1161 3682 1401 3748 psalmus
1437 3686 1540 3755 ipsi
1572 3688 1767 3744 David.

917 3769 1168 3826 Psalmus
1196 3774 1302 3840 ipsi
1335 3774 1531 3831 David.

974 3860 1301 3919 PSALMUS
1324 3865 1483 3921 CXL.

509 3948 677 4007 Vens.
721 3951 774 4005 i.
823 3951 1061 4019 Domine,
1093 3954 1348 4022 Domine,
1371 3959 1602 4014 clamavi
1637 3962 1706 4015 ad
1737 3971 1808 4031 te,
1823 3969 2018 4022 exaudi

438 4059 541 4095 me.
579 4043 846 4111 Clamavi,
875 4045 1076 4115 inquit,
1105 4048 1171 4101 ad
1202 4058 1274 4116 te,
1312 4051 1561 4108 clamore
1589 4056 1832 4125 quodam
1858 4060 2014 4130 igniti

422 4145 607 4204 .atque
678 4135 1069 4193 ardentissimi
1141 4141 1354 4198 cordis.
1432 4143 1552 4210 Quo
1629 4148 1902 4215 clamore,
1963 4163 2018 4208 et

436 4225 657 4296 Moyses
691 4243 818 4282 cum
877 4238 1083 4286 taceret
1114 4247 1142 4284 a
1171 4234 1286 4289 Deo
1343 4237 1694 4304 audiebatur,
1756 4253 1814 4297 et
1854 4242 2015 4299 Anna

398 4334 401 4337 ·
434 4315 601 4371 etiam
625 4318 764 4373 nihil
798 4320 1077 4390 loquens;
1108 4338 1219 4379 non
1257 4335 1437 4383 autem
1469 4330 1584 4386 oris
1614 4332 1877 4399 clamore,
1905 4351 2015 4406 quo

436 4407 610 4465 Judaei
645 4412 939 4479 petitiones
959 4426 1015 4471 et
1046 4432 1238 4486 preces
1263 4436 1397 4476 suas
1417 4424 1875 4496 multiplicantes,
1903 4445 2014 4484 non

439 4502 829 4569 audiebantur,
864 4508 961 4563 sed
1008 4508 1250 4590 clamore
1303 4515 1521 4571 anima).
1572 4515 1710 4571 Nam
1749 4522 2017 4590 quemad-
2051 4503 2095 4554 Π

443 4596 690 4661 modum,
740 4596 838 4667 qui
876 4615 976 4656 ore
1005 4589 1233 4668 clamat,
1291 4614 1467 4660 totum
1514 4623 1748 4677 prorsus
1812 4625 2015 4681 corpus

2125 3241 2226 3311 τὴν
2256 3238 2601 3309 θεωρητικὴν
2621 3254 2634 3268 ·
2667 3237 2701 3308 ἢ
2733 3236 2934 3291 δίκαιοι
2975 3235 3099 3306 μὲν,
3125 3235 3174 3287 οἱ
3213 3233 3403 3296 ἁπλῶς
3429 3230 3530 3303 τὴν
3572 3230 3708 3300 ἀρε-

2125 3332 2226 3403 τὴν
2268 3331 2569 3402 μετιόντες,
2603 3328 2781 3392 εὐθεῖς
2811 3327 2891 3395 δὲ,
2929 3329 2978 3381 oi
3030 3326 3170 3397 μετά
3194 3324 3380 3394 λόγου.
3432 3321 3592 3376 Ἐπεὶ
3637 3320 3701 3375 δὲ

2125 3442 2193 3479 πε
2203 3425 2256 3496 pi
2278 3423 2380 3496 τῆς
2403 3421 2708 3494 μελλούσης
2730 3419 2995 3493 κρίσεως,
3016 3418 3096 3473 ἔτι
3118 3418 3175 3471 δὲ
3196 3418 3329 3487 περὶ
3343 3414 3436 3469 τοῦ
3459 3412 3703 3486 Χριστοῦ

2126 3521 2222 3571 καὶ
2274 3515 2384 3569 τῶν
2446 3514 2764 3569 ἀποστόλων
2795 3514 2824 3567 ὁ
2850 3511 3069 3583 ψαλμὺς
3104 3509 3493 3579 διαλαμϐάνει,
3555 3505 3704 3571 τινὲς

2126 3610 2440 3678 ἐπιγραφὴν
2474 3606 2649 3675 τούτῳ
2683 3604 3017 3671 τεθείκασιν,
3068 3604 3173 3669 Et;
3198 3602 3263 3657 τὸ
3316 3600 3493 3668 τέλος
3539 3599 3705 3668 ψολο

2121 3702 2234 3770 μός
2264 3699 2343 3765 τῷ
2375 3698 2574 3752 Δαϐίδ.

2615 3788 2862 3858 Ψαλμὸς
2893 3788 2973 3853 τῷ
3003 3785 3204 3841 Δοϐίδ.

2700 3880 2990 3935 ΨΑΛΜΟΣ
3018 3877 3157 3935 ΡΜ’.

2195 3977 2396 4045 Κύριε,
2458 3971 2754 4042 ἐκέκραξα
2797 3970 2948 4040 πρὸς
2999 3969 3097 4033 σὲ,
3156 3966 3528 4023 εισάκουσόν
3558 3981 3707 4036 μου.

2138 4068 2448 4138 Ἐκέκραξα
2474 4069 2695 4136 κραυγῇ
2729 4064 2954 4134 καρδίας
2987 4060 3427 4131 πεπυρωμένης,
3460 4057 3584 4113 καθ’
3633 4059 3706 4129 ἢν

2125 4161 2221 4213 καὶ
2256 4158 2450 4226 σιγῶν,
2507 4156 2742 4227 ἠκούετο
2799 4156 3064 4226 Μωῦσῆς,
3089 4153 3186 4207 καὶ
3252 4151 3422 4224 μηδὲν
3466 4149 3706 4218 φθεγγο-

2128 4251 2264 4318 μένη
2301 4250 2334 4316 ἡ
2376 4248 2584 4301 Ἀνναο
2609 4248 2672 4300 ού
2726 4247 2947 4317 κραυγῇ
3001 4243 3274 4313 στόματος
3320 4240 3445 4295 καθ’
3501 4242 3574 4310 ἢν
3597 4240 3697 4293 καὶ

2127 4338 2496 4409 πληθύνοντες
2546 4336 2649 4409 τὴν
2697 4335 2884 4409 δέησιν
2932 4335 3208 4400 Ἰουδαῖοι,
3266 4332 3367 4386 οὐκ
3413 4332 3702 4402 ἠκούοντο.

2125 4430 2400 4502 Καθάπερ
2420 4430 2529 4501 γὰρ
2548 4431 2577 4484 ὁ
2607 4428 2836 4498 στόματι
2860 4427 2999 4498 βοῶν
3022 4428 3144 4482 ὅλον
3167 4427 3231 4481 τὸ
3256 4424 3418 4493 σῶμα
3439 4422 3706 4478 κατατεί-

2126 4539 2226 4588 νει,
2260 4519 2404 4575 ούτω
2421 4522 2516 4576 καὶ
2547 4524 2576 4575 ὀ
2602 4520 2802 4593 καρδίᾳ
2824 4519 3067 4591 κράζων,
3098 4518 3231 4587 ὅλην
3269 4516 3569 4587 συστρέφει
3589 4514 3695 4584 τὴν

2124 4614 2303 4684 ψυχὴν
2356 4614 2456 4669 καὶ
2484 4613 2577 4667 τὸν
2600 4614 2726 4667 νοῦν
2747 4630 2761 4643 ·
2796 4613 2893 4665 καὶ
2918 4612 3077 4677 ἄξιός
3103 4613 3261 4665 ἐστιν
3286 4607 3700 4664 είσακούεσθαι.

436 4689 713 4745 intendit:
744 4692 826 4746 sic
856 4701 910 4746 et
942 4697 1035 4764 qui
1065 4698 1233 4752 corde
1264 4698 1491 4763 clamat,
1536 4708 1702 4754 totam
1760 4703 2001 4757 animam
2029 4713 2083 4760 et
2127 4719 2364 4763 tuentem
2415 4709 2481 4763 ad
2548 4706 2718 4763 Deum
2773 4705 3084 4772 convertit;
3162 4715 3329 4775 atque
3383 4704 3488 4759 hoc
3539 4711 3703 4775 pacto

436 4781 635 4850 dignus
666 4780 926 4847 efﬁcitur,
962 4785 1457 4853 quiexaudiatur.’

510 4875 731 4929 Intende
753 4878 863 4930 voci
880 4878 1138 4933 orationis
1163 4894 1314 4944 metu,
1335 4879 1463 4934 dum
1484 4881 1658 4936 clamo
1677 4887 1745 4937 ad
1772 4893 1840 4940 te.
1876 4887 2010 4942 Dum

434 4967 635 5030 clamo,
674 4968 878 5037 inquit,
921 4977 982 5021 ut
1019 4967 1229 5025 dictum
1259 4978 1367 5033 est,
1392 4973 1552 5040 quasi
1587 4975 1630 5029 si
1664 4991 1773 5030 non
1803 4977 1877 5033 ita
1902 4979 2015 5032 cla-

437 5057 691 5124 maverit,
725 5058 792 5112 ad
816 5074 1007 5115 vocem
1032 5061 1446 5129 deprecationis
1466 5077 1578 5117 suae
1606 5065 1745 5122 Deus
1780 5078 2015 5125 mentem

434 5151 786 5207 adhibiturus
818 5168 930 5212 non
961 5155 1056 5208 sit.

507 5242 671 5299 Vnus.
696 5245 750 5298 2.
796 5243 1075 5317 Dirigatur
1106 5249 1280 5303 oratio
1309 5265 1446 5313 mea,
1480 5250 1613 5304 sicut
1643 5251 1934 5316 incensum,
1963 5253 2025 5307 in»

435 5346 716 5404 conspectu
741 5346 852 5400 tuo,
882 5338 1106 5393 elevatio
1138 5356 1394 5394 manuunt
1423 5357 1660 5395 mearum
1690 5344 2016 5412 sacri/icium

433 5431 811 5497 vespertinum.
846 5428 964 5487 Duo
1017 5432 1209 5487 altaria
1269 5433 1398 5488 olim
1455 5443 1615 5490 erant
1672 5437 1726 5489 in
1784 5437 2012 5505 templo,

412 5533 659 5593 aureum
697 5524 919 5592 quidem
956 5526 1215 5592 alterum,
1277 5527 1423 5581 intra
1483 5527 1629 5582 adita
1687 5529 1742 5583 in
1794 5526 2014 5585 Sanctis

434 5619 788 5680 sanctorum;
835 5616 1066 5672 alterum
1103 5632 1239 5673 vero
1289 5634 1529 5686 aeneum,
1579 5620 1725 5688 quod
1764 5620 2010 5678 exterius

503 5788 550 5821 ⁸⁸
575 5788 738 5844 Micli.
776 5795 953 5859 \‘tt,‘.’..
1029 5796 1073 5827 ⁸⁷
1129 5797 1282 5851 Joan.
1337 5811 1471 5862 χιιι,
1532 5795 1624 5850 2!.

2184 4889 2458 4961 Πρόσχες
2510 4883 2586 4953 τῇ
2626 4883 2799 4954 φωνεῖ
2844 4881 2952 4952 τῆς
2978 4880 3249 4950 δεήσεώς
3296 4898 3442 4950 μου,
3495 4881 3566 4935 ἐν
3618 4880 3704 4946 τῷ

2117 4977 2472 5048 κεκραγέναι
2518 4991 2596 5044 με
2625 4973 2770 5042 πρὸς
2804 4972 2898 5027 σέ.
2951 4972 3039 5025 Ἐν
3066 4970 3145 5041 τῷ
3194 4969 3557 5041 κεκραγέναι,
3621 4969 3701 5033 ὡς

2119 5072 2363 5141 εἴρηται,
2393 5070 2469 5131 ὡς
2502 5066 2665 5133 τοῦγε
2702 5065 2776 5136 μὴ
2805 5064 2949 5119 οὕτω
2971 5063 3292 5134 κράζοντος,
3326 5064 3390 5117 οὐ
3442 5062 3705 5133 προσέξει

2119 5167 2185 5233 τῇ
2215 5163 2368 5233 φωνῇ
2418 5160 2517 5229 τῆς
2540 5159 2806 5228 δεήσεως.

2200 5248 2665 5316 Κατευθυνθήτω
2690 5250 2728 5317 ή
2762 5247 3076 5317 προσευχαὶ
3127 5264 3247 5316 μου
3301 5245 3383 5311 ὡς
3438 5246 3708 5315 θυμίαμα

2126 5344 2389 5397 ἐνώπιόν
2435 5356 2589 5396 σουο
2638 5341 2895 5408 ἔπαρσις
2939 5336 3059 5392 τῶν
3108 5336 3327 5406 χειρῶν
3366 5352 3488 5406 μου
3516 5336 3705 5390 θυσία

2124 5432 2434 5504 ἑσπερινή.
2458 5432 2565 5485 Δύο
2593 5431 2768 5503 βωμοὶ
2791 5431 2960 5484 πάλαι
2992 5425 3135 5501 ἦσαν
3169 5430 3229 5481 ἐν
3260 5427 3338 5498 τῷ
3362 5426 3495 5497 ναῷ·
3533 5429 3563 5480 ὀ
3598 5425 3701 5497 μὲν

2123 5527 2383 5600 χρυσοῦς,
2431 5526 2581 5581 ἔνδον
2638 5526 2748 5580 τῶν
2772 5524 2984 5579 ἀδύτων
3037 5524 3096 5576 ὲν
3150 5524 3263 5587 τοῖς
3320 5520 3526 5587 Ἀγίοις
3586 5519 3702 5572 τῶν

2121 5622 2314 5688 ἁγίων,
2368 5619 2416 5672 ὁ·
2451 5618 2507 5673 δὲ
2566 5617 2799 5690 χαλκοῦς
2863 5616 2966 5683 ἔξω
3017 5613 3294 5684 κείμενος.
3346 5609 3461 5664 Καὶ
3517 5612 3546 5664 ὁ
3600 5606 3701 5681 μιν
