4112 6454
428 443 571 510 19.73

1608 440 1758 503 COM
1769 433 2002 501 MENT.
2039 431 2124 495 ΙΝ
2160 435 2521 505 PSALMOS.

3555 453 3694 519 1974

505 559 890 615 ’ἀκούσονται
917 560 992 616 τὰ
1017 558 1259 630 ῥήματά
1304 577 1444 630 μου,
1480 559 1572 615 ὅτι
1614 559 1982 628 ἡδύνθησαν.

2177 553 2338 611 Vens.
2377 558 2432 624 7,
2456 557 2510 614 8.
2545 558 2776 614 Audieut
2813 561 2968 616 verba
3002 578 3138 628 mea,
3172 565 3417 635 quoniam
3451 567 3693 635 jucunda

436 653 496 708 '0
512 653 568 708 δὲ
591 655 916 724 Σύμμαχος,
934 653 984 707 Ἀ
995 655 1324 708 κούσονται
1335 654 1555 722 ῥήσεις
1571 672 1692 724 μου
1725 655 2005 722 ἡδίστας.

423 744 851 812 Παραδέξονται,
900 746 1086 814 φησιν,
1117 744 1167 798 οἱ
1218 746 1433 800 συνετοὶ
1481 745 1550 798 τὰ
1599 744 1823 814 ῥηματά
1877 761 2005 815 μου,

420 837 577 899 διότι,
629 838 762 908 ἡδέα
793 837 969 893 ταῦτα
1019 840 1132 902 τοῖς
1156 837 1465 904 εὐσεϐέσιν,
1518 837 1596 903 ὡς
1650 837 1852 910 ἀληθῆ,
1907 836 2006 892 κατ⁸

419 928 694 998 ὠφέλιμα.

500 1023 663 1077 Ὠσεὶ
692 1022 889 1090 πάχος
913 1020 1026 1091 τῆς
1041 1022 1263 1092 ἐῤῥάγη
1294 1021 1392 1076 ἐπὶ
1425 1021 1536 1092 τῆς
1565 1022 1698 1093 γῆς,
1729 1023 2004 1092 διεσκορ-

418 1115 606 1183 πίσθη
648 1115 718 1168 τὰ
744 1113 896 1169 ὀστᾶ
919 1113 1119 1168 αὐτῶν
1142 1114 1304 1182 παρὰ
1347 1114 1460 1168 τὸν
1501 1114 1678 1182 ᾅδην.
1730 1114 2003 1186 Καθάπερ

419 1209 594 1279 πάχος
639 1208 742 1278 γῆς
791 1208 1010 1280 ἀρότρῳ
1072 1208 1517 1278 διατεμνὸμενον,
1588 1208 1859 1280 ῥήγνυται
1906 1209 2002 1262 καὶ

418 1301 777 1372 σκορπίζεται
801 1302 895 1354 ἐπὶ
917 1302 1016 1370 τῆς
1048 1302 1418 1373 ὑποκειμένης
1439 1302 1567 1370 γῆς,
1589 1300 1735 1356 οὕτω
1765 1301 1834 1355 τὰ
1863 1301 1999 1355 ὀστᾶ

415 1392 599 1446 αὐτῶν
632 1393 1225 1465 διασκορπισθήσονται
1268 1396 1324 1447 ἐν
1369 1392 1448 1464 τῷ
1482 1393 1661 1464 τάφῳ.
1694 1394 1867 1447 Τοῦτο
1889 1395 1999 1464 γὰρ

415 1484 704 1556 ὠνόμασεν
740 1485 896 1558 ᾅδην.

486 1581 607 1633 Ὅτι
645 1581 795 1647 πρὸς
830 1581 927 1644 σὲ,
953 1581 1150 1649 Κύριε,
1204 1581 1404 1651 Κύριε,
1449 1584 1505 1637 οἱ
1531 1583 1832 1652 ὀφθαλμοί
1853 1598 1994 1653 μου·

411 1672 511 1727 ἐπὶ
536 1673 638 1728 σοὶ
688 1673 948 1742 ἤλπισα,
975 1675 1062 1745 μὴ
1107 1677 1452 1745 ἀντανέλῃς
1484 1675 1832 1747 τὴνψυχήν
1849 1693 1993 1746 μου.

410 1765 504 1835 Μὴ
531 1765 742 1838 ἀφέλῃς
771 1766 870 1836 τὴν
897 1766 1079 1838 ψυχήν
1135 1786 1238 1837 μου
1294 1768 1776 1838 καταδιωκομένου
1837 1767 1993 1839 παρὰ

406 1858 522 1912 τῶν
551 1858 787 1928 ἐχθρῶν,
824 1861 919 1912 καὶ
948 1859 1194 1932 σφοδρῶς
1233 1860 1746 1930 ἐπιϐουλευομένου.

478 1949 765 2013 Φύλαξόν
797 1967 873 2020 με
913 1950 1030 2005 ἀπὸ
1089 1951 1362 2022 παγίδος,
1401 1945 1475 2022 ἧς
1514 1951 1990 2019 συνεστήσαντό

397 2058 498 2111 με,
538 2041 638 2096 καὶ
688 2042 810 2097 ἀπὸ
854 2042 1224 2098 σκανδάλων
1265 2043 1386 2099 τῶν
1411 2043 1818 2115 ἐργαζομένων
1872 2043 1990 2112 τὴν

403 2133 684 2201 ἀνομίαν.
711 2132 997 2190 Σκάνδαλα
1019 2134 1110 2188 καὶ
1136 2130 1294 2200 αὖθις
1323 2135 1424 2208 τὴν
1456 2136 1662 2206 παγίδα
1686 2135 1858 2206 λέγει,
1886 2135 1987 2191 καὶ

404 2223 505 2292 τὴν
530 2223 848 2295 ἐπιϐουλήν.
1741 2283 1765 2304 δ

478 2314 815 2371 Πεσοῦνται
845 2317 918 2370 ἐν
956 2318 1387 2388 ἀμφιϐλήστρῳ
1409 2320 1610 2374 αὐτῶν
1637 2323 1692 2375 οἱ
1722 2322 1988 2390 ἁμαρτω-

403 2408 526 2466 λοί.
565 2408 965 2478 Ἐμπεσοῢνται
991 2410 1067 2479 τῷ
1097 2410 1300 2482 δικτύῳ
1321 2412 1524 2478 αὐτῶν,
1557 2414 1694 2484 ὅπερ
1725 2412 1986 2482 ἥπλωσαν

405 2501 528 2554 κατ’
575 2500 734 2569 ἐμοῦ,
763 2501 1271 2573 σαγηνευθήσονται
1294 2507 1362 2575 τῇ
1399 2505 1508 2576 ἰδίᾳ
1550 2509 1800 2579 σαγήνῃ·
1835 2505 1869 2578 ἢ
1925 2507 1985 2560 ἐν

402 2592 810 2666 ἀμφιϐλήστρῳ
834 2594 1023 2660 αὐτοῦ,
1050 2596 1294 2669 δηλονότι
1311 2600 1406 2652 τοῦ
1427 2597 1586 2653 Θεοῦ.

465 2777 864 2846 Καταμμόνας
892 2780 1009 2848 ειμι
1032 2780 1183 2850 ἐγὼ,
1248 2780 1361 2848 ἕως
1392 2780 1471 2835 ἂν
1503 2783 1802 2852 παρέλθω.
1869 2786 1985 2840 Με-

399 2871 720 2941 μονωμένος
771 2871 866 2924 ἀπ’
926 2873 1115 2926 αὐτῶν
1172 2875 1312 2944 εἰμι,
1349 2876 1541 2947 πόρρω
1598 2877 1698 2946 τῆς
1755 2856 1982 2950 γνώμης

395 2959 608 3014 τούτων
640 2960 882 3015 ἐλαύνων
904 2977 919 2992 ⁸
953 2963 1050 3017 καὶ
1085 2963 1147 3016 ού
1180 2965 1436 3018 τοσοῦτον
1458 2965 1743 3020 διαστάσει
1772 2969 1976 3034 τόπων,

395 3054 520 3106 ὅσον
582 3053 962 3125 ἀλλοτριότητι
1019 3058 1400 3128 προαιρέσεως
1457 3060 1980 3130 ἀποκεχωρισμένος

394 3146 598 3211 αὐτῶν,
632 3147 738 3211 ἕως
767 3148 836 3200 ἂν
856 3148 1138 3204 ἀποθάνω.

2017 1897 2064 1956 Β

2113 648 2354 717 fuerunt.
2387 650 2754 722 Symmachus
2783 662 2966 709 autem
3000 655 3258 721 reddidit,
3291 658 3520 712 Audient
3543 659 3691 712 locu-

2112 739 2285 792 tiones
2355 756 2503 795 meas
2561 741 3008 810 iucundissimas.
3074 745 3430 818 Suscipiunt,
3488 749 3688 818 inquit,

2109 831 2389 900 sapientes
2420 831 2522 886 viri
2545 833 2710 888 verba
2751 851 2891 900 mea,
2927 837 3186 906 quoniam
3218 839 3322 906 piis
3347 853 3409 893 ac
3438 838 3689 894 ﬁdelibus

2107 924 2226 978 haec
2254 925 2660 994 jucundissima
2696 936 2848 991 sunt,
2885 928 3052 983 veluti
3080 931 3233 984 utilia
3265 946 3328 986 ac
3353 947 3504 986 vera.

2179 1017 2331 1074 Sicut
2355 1021 2656 1075 crassitudo
2701 1031 2858 1076 terra
2897 1033 3084 1092 erupta
3132 1035 3211 1078 est
3255 1041 3416 1094 super
3463 1037 3682 1092 terram,

2105 1112 2345 1180 dispersa
2381 1122 2504 1166 sunt
2538 1131 2662 1168 ossa
2693 1131 2875 1169 eorum
2912 1117 3055 1186 apud
3089 1119 3375 1187 infernum.
3409 1120 3685 1186 Quemad-

2104 1206 2328 1262 modum
2362 1215 2522 1262 terra:
2561 1210 2879 1264 crassitudo
2906 1219 3093 1266 aratro
3119 1212 3350 1267 discissa
3385 1217 3683 1282 rumpitur,

2103 1307 2157 1354 et
2220 1299 2278 1354 in
2341 1299 2650 1370 proximam
2703 1308 2907 1355 terram
2967 1303 3270 1372 spargitur,
3321 1305 3402 1358 sic
3449 1312 3503 1358 et
3552 1319 3680 1360 ossa

2101 1405 2293 1446 eorum
2362 1391 2752 1460 dispergentur
2808 1391 2865 1446 in
2922 1392 3228 1460 sepultura.
3280 1391 3430 1448 Hanc
3476 1395 3678 1449 etenim

2099 1483 2376 1538 infernum
2403 1483 2715 1552 appellavit.

2170 1577 2310 1642 Quia
2349 1577 2490 1642 apud
2527 1586 2596 1640 te,
2632 1575 2876 1640 Domine,
2907 1575 3156 1642 Domine,
3187 1577 3330 1632 oculi
3359 1577 3463 1631 mei
3492 1593 3512 1632 :
3543 1578 3595 1631 iu
3631 1586 3680 1631 te

2096 1671 2324 1735 speravi,
2376 1686 2438 1723 ne
2487 1674 2707 1737 auferas
2761 1669 3000 1722 animam
3062 1685 3252 1724 meam.
3308 1668 3387 1724 Ne
3437 1669 3678 1737 auferas,

2097 1761 2296 1830 inquit,
2328 1761 2567 1814 animam
2615 1775 2814 1819 meam,
2844 1757 2975 1813 dum
3024 1758 3378 1815 inimicorum
3413 1775 3679 1830 persecu-

2096 1853 2323 1916 tionem,
2359 1859 2414 1906 et
2444 1850 2711 1904 maximas
2745 1848 2978 1904 insidias
3001 1848 3281 1904 sustineo:

2166 1945 2333 2000 Vens.
2367 1945 2423 2001 9.
2453 1943 2681 2000 Custodi
2709 1959 2788 1997 me
2828 1959 2859 1996 a
2904 1943 3114 2012 laqueo,
3173 1959 3327 2012 quem
3381 1943 3674 1998 constitue-

2095 2049 2216 2092 runt
2246 2037 2392 2099 mihi,
2427 2045 2478 2091 et
2526 2053 2558 2090 a
2601 2034 2874 2091 scandulis
2931 2037 3262 2102 operantium
3315 2035 3672 2105 iniquitatem.

2095 2133 2199 2187 Per
2233 2130 2496 2187 scandala
2530 2135 2586 2185 et
2621 2144 2720 2203 per
2742 2128 2994 2198 laqueos,
3025 2127 3254 2184 insidias
3278 2143 3475 2185 rursus
3507 2129 3676 2184 intel-

2093 2226 2234 2296 ligil.

2167 2319 2332 2374 Vens.
2367 2317 2453 2373 l0.
2487 2316 2689 2372 Cadent
2709 2315 2766 2371 in
2793 2322 2902 2370 rete
2923 2331 3076 2369 suum
3108 2323 3430 2382 peccatores.
3463 2313 3522 2369 In
3546 2329 3650 2386 pro

2092 2414 2296 2486 prium,
2325 2413 2526 2484 inquit,
2559 2421 2674 2466 rete
2717 2408 2981 2473 incident,
3037 2404 3183 2478 quod
3233 2407 3525 2463 adversum
3585 2422 3674 2462 me

2095 2507 2472 2570 tetenderunt,
2501 2512 2558 2559 et
2585 2501 2810 2573 pr0pria
2851 2499 3393 2568 comprehendantur
3445 2511 3672 2568 sagena.

2091 2598 2191 2653 Vel
2219 2598 2373 2670 juxta
2395 2597 2560 2652 aliam
2591 2596 2832 2651 litteram
2871 2613 2886 2650 :
2924 2592 3128 2648 Cadent
3158 2592 3213 2646 in
3247 2599 3356 2645 rete
3378 2590 3518 2661 ejus,
3562 2592 3670 2648 hoc

2089 2703 2192 2760 est,
2229 2695 2352 2764 ejus
2377 2692 2494 2749 Dei.
2752 2680 2755 2682 ’

2161 2786 2470 2859 Singularis
2504 2800 2622 2838 sum
2653 2799 2768 2854 ego,
2798 2799 3066 2856 usquequo
3119 2792 3410 2839 transeam.
3464 2778 3666 2848 chre—
3711 2789 3724 2800 ·

2091 2889 2252 2953 gntus
2290 2879 2551 2934 nimirum
2582 2878 2650 2932 ab
2678 2880 2778 2943 eis,
2833 2877 3062 2930 eﬂ'ectus
3090 2877 3264 2940 solus,
3294 2883 3346 2930 et
3379 2871 3568 2943 procul
3601 2869 3673 2924 al)

2087 2989 2278 3031 eorum
2344 2970 2615 3028 sententia
2677 2987 2692 3023 :
2743 2984 2846 3024 nec
2899 2976 3112 3023 tantum
3169 2969 3291 3022 loco
3347 2971 3668 3035 separatus,

2087 3075 2352 3138 quantum
2389 3078 2418 3116 a
2450 3062 2754 3132 proposito,
2795 3069 2849 3115 et
2881 3059 3116 3115 consilio
3176 3073 3367 3112 eorum
3430 3055 3670 3110 alienus.

2089 3162 2389 3229 Separatus
2416 3163 2596 3209 autem
2626 3155 2694 3207 ab
2724 3153 2828 3215 eis,
2867 3167 3156 3222 usquequo
3191 3149 3415 3204 moriar.

390 3237 702 3306 Συνέσεως
741 3238 821 3305 τῷ
852 3240 1051 3307 Δασὶδ,
1111 3242 1182 3296 ἐν
1245 3241 1325 3307 τῷ
1375 3239 1530 3299 εἶναι
1578 3244 1766 3300 αὑτὸν
1795 3247 1863 3300 ἐν
1890 3245 1971 3312 τῷ

2088 3250 2449 3322 intelligentia:
2522 3247 2625 3316 ipsi
2707 3244 2919 3311 David,
2979 3262 3097 3300 cum
3173 3252 3306 3299 esset
3391 3258 3552 3297 orans
3607 3241 3667 3296 in

745 3334 1035 3401 σπηλαίῳ
1083 3337 1599 3405 προσευχόμενον.

914 3427 1208 3482 ΨΑΛΜΟΣ
1265 3430 1448 3484 PMA’.

460 3516 528 3569 Τί
573 3517 672 3588 μὲν
703 3518 857 3589 δηλοῖ
918 3520 979 3572 τὸ
1019 3522 1352 3589 Συνέσεως,
1384 3525 1444 3579 ἐν
1476 3525 1757 3597 διαφόροις
1788 3526 1977 3590 ἄλλαις

391 3609 731 3680 ἐπιγραφαῖς
801 3609 1300 3681 παραδεδώκαμεν.
1340 3614 1617 3684 Σπήλαιον
1650 3616 1707 3670 δὲ
1739 3617 1888 3685 λέγει
1915 3617 1977 3670 τὸ

386 3701 632 3765 διπλοῦν,
664 3704 720 3755 ἐν
753 3696 797 3772 ᾧ
833 3704 995 3758 Δαόὶδ
1022 3705 1306 3776 ηὐλίσατο,
1366 3707 1588 3778 φεύγων
1621 3709 1715 3763 τὸν
1759 3710 1933 3764 Σαούλ
1958 3725 1974 3742 ⁸

389 3795 516 3852 ἐπεὶ
545 3794 654 3868 γάρ
689 3795 849 3860 αὐτὸς
886 3798 987 3868 μὲν
1039 3798 1310 3870 ἐνδοτέρω
1345 3800 1684 3872 ἐκέκρυπτο,
1713 3805 1888 3857 Σαοὺλ
1919 3804 1977 3858 δὲ

387 3889 806 3962 παρερχόμενος
829 3891 889 3942 ἐν
919 3889 997 3960 τῷ
1013 3891 1268 3966 ἐξωτέρῳ
1289 3895 1737 3965 κατεσκήνωσεν,
1764 3897 1977 3964 ἀγνοῶν

385 3980 449 4034 τὸ
478 3983 734 4054 πρᾶγμαο
761 3983 924 4050 γνοὺς
959 3985 988 4036 ὁ
1014 3984 1180 4037 Δαὸὶδ
1205 3985 1288 4038 ὅτι
1317 3986 1762 4055 συγκέκλεισται,
1805 4003 1974 4058 προσ-ο

386 4075 594 4146 ηύξατο
627 4076 827 4131 ταῦτα.

459 4255 634 4325 Φωνῇ
686 4274 806 4326 μου
852 4255 1003 4328 πρὸς
1058 4255 1283 4324 Κύριον
1319 4254 1637 4324 ἐκέκραξα,
1661 4253 1834 4324 φωνῇ
1853 4272 1976 4325 μου

386 4349 541 4418 πρὸς
589 4350 807 4418 Κύριον
856 4347 1134 4417 ἐδεήθην.
1195 4348 1307 4402 Καὶ
1339 4349 1447 4419 μὴν
1469 4349 1571 4403 ούκ
1597 4348 1829 4420 ἠδύνατο
1868 4364 1979 4418 φω-

388 4445 522 4506 νεῖν,
557 4441 588 4509 ῆ
625 4440 876 4512 κράζειν,
912 4441 999 4495 ἵνα
1027 4441 1103 4511 μὴ
1132 4442 1398 4508 γνωσθεὶς
1425 4441 1628 4496 αὐτίκα
1667 4439 1972 4511 συλληφθῇ.

385 4534 592 4594 Λοιπὸν
616 4531 712 4587 οὖν
752 4533 937 4605 φωνὴν
964 4533 1280 4604 κράζουσαν
1320 4535 1473 4603 λέγει
1507 4535 1624 4597 νῦν,
1661 4535 1758 4606 τὴν
1781 4551 1971 4587 συντε-

383 4625 628 4697 ταμένην
655 4625 898 4680 διάθεσιν
917 4625 1018 4696 τῆς
1047 4626 1298 4696 καρδίας,
1317 4625 1604 4698 ἀλαλήτως
1630 4623 1968 4697 κραζούσης,

383 4722 479 4773 καὶ
510 4718 718 4790 νοερῶς
747 4717 1244 4791 καθικετευούσης.

465 4991 684 5064 Ἐκκεῶ
713 4989 969 5047 ἐνώπιον
993 4989 1184 5046 αὐτοῦ
1220 4991 1338 5060 τὴν
1373 4992 1593 5060 δέησίν
1644 5011 1789 5064 μου,
1829 4997 1969 5064 Προ.

382 5090 556 5162 θήσω.

457 5183 583 5251 Τὴν
635 5179 850 5247 θλίψιν
889 5195 1010 5249 μου
1062 5175 1320 5230 ἐνώπιον
1366 5178 1554 5234 αὐτοῦ
1618 5181 1962 5253 ἀπαγγελῶ.

383 5277 459 5331 Τὸ
499 5275 636 5328 αὐτὸ
691 5272 843 5341 λέγει
886 5271 1070 5326 πάλιν.
1117 5269 1236 5338 Τὴν
1287 5271 1503 5338 θλίψιν
1538 5273 1670 5326 ἀντὶ
1698 5275 1962 5345 δεήσεως,

384 5366 784 5440 προὸαλοῦμαι,
817 5364 1035 5434 κάμψαι
1065 5363 1205 5434 πρὸς
1245 5362 1532 5434 ἀντίληψιν
1591 5365 1684 5420 τὸν
1738 5367 1965 5440 Κύριον,

381 5459 715 5531 δυναμένην.
749 5456 898 5527 Αὕτη
925 5457 1035 5526 γὰρ
1073 5458 1135 5510 οὺ
1180 5456 1342 5527 μόνον
1386 5457 1840 5531 σπουδαιοτέρους
1869 5465 1966 5517 καὶ

382 5551 927 5624 προσεκτικωτέρους
993 5548 1152 5603 εἴωθε
1210 5551 1406 5615 ποιεῖν,
1433 5550 1573 5604 ἀλλὰ
1605 5553 1702 5607 καὶ
1748 5556 1965 5627 παρρη-

383 5649 508 5700 σίαν
561 5646 623 5699 οὑ
676 5643 882 5715 μικρὰν
939 5643 1078 5714 πρὸς
1132 5641 1288 5708 Θεὸν,
1335 5642 1413 5712 τῷ
1463 5645 1583 5714 μετ’
1612 5645 1966 5719 εὐχαριστίας

380 5739 604 5807 φέροντι
650 5737 962 5806 χαρίζεται.
1017 5736 1127 5792 Καὶ
1187 5734 1350 5810 μέγα,
1387 5734 1690 5809 δικαίωμα,
1717 5741 1854 5812 πρὸς
1905 5743 1965 5799 τὸ

379 5828 804 5901 εἰσακουσθῑψαι
833 5829 1065 5898 γίνεται.

2738 3339 3012 3406 spelunca.

2597 3428 2922 3485 PSALMUS
2951 3426 3134 3484 CXLI.

2148 3526 2292 3594 Quid
2346 3523 2624 3596 signiﬁcet
2657 3521 2952 3592 inscriptio
3012 3519 3411 3590 Intelligentiw,
3473 3515 3664 3572 multis

2079 3621 2133 3676 in
2172 3620 2308 3674 locis
2363 3615 2793 3673 declaravimus.
2830 3614 2934 3669 Per
2997 3612 3317 3683 speluncam
3352 3623 3480 3665 vero
3511 3608 3661 3662 illam

2078 3709 2353 3780 intelligit,
2388 3709 2441 3763 in
2482 3720 2591 3778 qua
2649 3705 2845 3761 beatus
2903 3702 3074 3756 David
3140 3702 3323 3764 latuit,
3361 3700 3488 3754 dum
3519 3699 3664 3752 Sau-

2081 3805 2184 3860 lem
2221 3803 2453 3870 lugeret.
2503 3799 2641 3854 Cum
2707 3809 2888 3854 autem
2936 3811 3001 3852 eo
3049 3796 3162 3851 illic
3217 3794 3468 3849 latitante
3497 3793 3664 3848 adve-

2077 3897 2253 3952 nisset
2300 3893 2455 3960 Saul,
2494 3879 2546 3946 et
2589 3891 2716 3946 facti
2750 3890 2980 3960 ignarus
3030 3900 3278 3942 exterius
3327 3894 3666 3950 moraretur,

2077 3987 2328 4042 resciens
2388 3981 2584 4045 David,
2627 3995 2686 4034 se
2718 3979 2835 4034 illic
2889 3978 2957 4033 ab
3009 3977 3171 4032 hoste
3231 3973 3662 4040 circumdatum,

2078 4095 2142 4133 ac
2202 4094 2343 4149 pene
2401 4075 2730 4131 conclusum
2805 4088 2956 4140 esse,
3027 4073 3333 4126 orationem
3389 4069 3535 4123 hanc
3593 4072 3663 4120 ad

2081 4169 2254 4224 Deum
2282 4167 2538 4240 protulit.

2150 4263 2317 4320 Vens.
2352 4261 2409 4317 2.
2456 4259 2589 4316 Voce
2644 4275 2760 4314 mea
2809 4257 2881 4313 ad
2914 4256 3198 4311 Dominum
3235 4255 3482 4320 clamavi,
3544 4271 3664 4309 voce

2078 4373 2195 4411 mea
2234 4355 2304 4410 ad
2357 4353 2645 4408 Dominum
2680 4360 2932 4421 precatus
2968 4365 3107 4405 sum.
3165 4348 3329 4419 Atqui
3363 4363 3463 4403 nec
3512 4347 3661 4416 loqui

2078 4456 2316 4516 poterat,
2351 4461 2454 4502 nec
2496 4446 2760 4510 clamare,
2813 4459 2882 4498 ne
2912 4443 3170 4512 cognitus
3227 4441 3440 4496 scilicet
3473 4440 3658 4495 statim

2079 4539 2668 4612 comprehenderetur,
2739 4544 2794 4594 et
2851 4536 3078 4607 periret.
3122 4533 3316 4590 Restat
3372 4533 3542 4603 igitur
3599 4541 3663 4586 ut

2077 4652 2174 4706 per
2223 4649 2410 4690 vocem
2462 4641 2516 4688 et
2559 4631 2884 4694 clamorem,
2945 4629 3222 4683 intensum
3279 4628 3464 4684 cordis
3529 4626 3664 4681 alle-

2073 4738 2224 4783 ctum
2270 4725 2668 4796 intelligamus.
2725 4722 2906 4778 Corde
2960 4719 3165 4776 etenim
3233 4729 3288 4774 et
3340 4735 3449 4774 non
3527 4733 3663 4774 voce

2074 4820 2404 4884 clamabat,
2476 4817 2710 4888 ipsaque
2784 4821 2970 4870 mente
3052 4812 3121 4867 ad
3198 4813 3370 4868 Deum
3471 4826 3662 4882 preces

2073 4910 2364 4966 efferebat.

2145 5001 2315 5058 Vens.
2347 5000 2402 5055 3.
2435 4999 2728 5069 Effundam
2783 4997 2838 5050 in
2880 5003 3162 5066 conspectu
3207 4992 3323 5064 ejus
3365 4992 3659 5046 orationem

2075 5111 2270 5151 meam.
2303 5091 2418 5148 Hoc
2448 5100 2535 5148 est
2561 5104 2886 5162 proponam.

2148 5185 2560 5243 Tribulationeru
2609 5199 2780 5239 meam
2839 5193 2962 5238 ante
3040 5183 3214 5249 ipsum
3280 5181 3654 5252 pronuntiabo.

2075 5281 2335 5336 Eamdem
2393 5295 2588 5336 rursus
2664 5280 2993 5335 sententiam
3055 5280 3271 5348 repetit.
3321 5275 3657 5332 Trlbulatio—

2077 5391 2228 5438 nem,
2286 5373 2488 5443 inquit,
2547 5387 2722 5427 meam
2759 5387 2880 5440 quae
2914 5371 2983 5426 ad
3040 5371 3306 5426 auxilium
3359 5369 3528 5424 Deum
3563 5369 3658 5424 ﬂe-

2077 5480 2229 5525 ctere
2273 5466 2499 5536 poterit,
2569 5479 2666 5534 pro
2719 5465 2975 5520 oratione
3044 5465 3094 5519 ei
3151 5479 3472 5535 proponam.
3534 5462 3657 5530 ipsa

2078 5557 2353 5629 siquidem
2391 5556 2678 5612 tribulatio
2735 5539 2844 5609 non
2887 5555 3066 5610 solum
3119 5555 3444 5611 attentiores
3479 5554 3659 5609 homi-

2076 5664 2175 5704 nes
2211 5648 2442 5704 reddere
2470 5648 2612 5704 solet
2682 5661 2807 5702 cum
2885 5655 3167 5711 narratur,
3233 5647 3329 5703 sed
3394 5647 3654 5703 ﬁduciam

2074 5743 2240 5799 etiam
2274 5743 2322 5797 ei
2357 5748 2585 5813 praestat
2638 5755 2747 5796 non
2788 5741 3094 5807 minimam,
3129 5741 3226 5812 qui
3285 5755 3410 5796 cum
3457 5743 3660 5812 gratia-

2073 5852 2196 5892 rum
2279 5835 2500 5889 actione
2593 5849 2716 5889 eam
2799 5832 3113 5903 protulerit.
3191 5832 3344 5889 Unde
3416 5834 3653 5888 maxima

2075 5929 2398 6004 justiﬁeatio
2431 5928 2700 6003 edicitur,
2729 5929 2826 6007 ad_
2855 5927 2984 5998 hoc,
3019 5935 3078 5986 ut
3126 5927 3253 6002 quis
3299 5927 3650 5987 esaudiam.
