4112 6450
417 422 555 486 ΞΞἹἹ

1575 429 1962 489 COMMENT.
2009 429 2088 488 IN
2117 429 2488 498 PS:\LMOS.

3527 440 3665 506 1278

488 534 628 604 Ἐμὲ
666 536 1040 601 ὑπομενοῦσι
1085 536 1322 599 δίκαιοι.
1369 537 1481 604 ἕως
1528 535 1600 596 οὗ
1627 540 1953 607 ἁνταποδῷι

2152 540 2580 598 Muus‘tinebunt
2596 546 2755 615 justi,
2791 549 2953 602 donec
2977 548 3236 604 retribuas
3279 551 3425 607 mibi.
3466 551 3664 623 Aquila

397 643 523 694 μοι.
574 627 636 680 ’0
683 627 739 681 δὲ
781 629 1015 692 ’Δκύλας
1040 647 1054 660 ο
1124 630 1262 699 Ἐμὲ
1298 633 1686 700 περιμενοῦσι
1739 633 1981 698 δίκαιοι,

401 722 513 788 ἓως
535 719 608 779 οὗ
635 725 982 794 ἀμείψομαι.
1025 728 1382 799 Ἀναμενοῦσί
1406 749 1497 800 με,
1531 734 1720 798 φησὶν,
1747 731 1980 801 προσδο-

403 813 630 878 κῶντες,
680 818 1066 888 ἀπαλλαγῆναι
1124 821 1223 890 μὲν
1277 822 1386 877 τῶν
1447 822 1662 889 δεινῶν,
1697 822 1979 876 καὶτοῦτο

405 907 756 974 ποιήσουσιν,
806 911 912 975 ἕως
943 908 1003 966 οὗ
1033 913 1242 986 ἀμείψῃ
1271 933 1336 983 με
1365 917 1528 987 χάριν
1570 917 1674 984 τῆς
1719 916 1977 984 τοιαύτης

399 1004 799 1067 κακοπαθείας.
854 1007 950 1058 καὶ
993 1006 1399 1071 ταπεινώσεως.
1455 1009 1718 1063 Τοιαῦται
1767 1008 1878 1080 γὰρ
1917 1013 1973 1062 αἱ

396 1094 507 1148 τῶν
539 1096 711 1162 ἁγίων
765 1098 958 1168 ψυχαὶ,
1009 1099 1104 1152 καὶ
1147 1101 1261 1160 τοῖς
1312 1101 1499 1163 κακῶς
1544 1101 1816 1171 πάσχουσι
1845 1119 1972 1154 συν-

395 1186 681 1254 αλγοῦσαι,
715 1191 944 1253 καὶτοῖς
981 1191 1316 1262 εὐημεροῦσι
1351 1194 1764 1264 συγχαίρουσαι.

400 1370 458 1423 Ψ
455 1368 648 1438 ιιλμὸς
674 1368 756 1434 τῷ
785 1370 991 1431 Δαόὶδ,
1009 1371 1108 1424 ὅτε
1137 1372 1500 1426 κατεδίωκεν
1521 1374 1712 1430 αὑτὸν
1751 1376 1968 1432 Ἀσσα-

799 1537 804 1542 _
883 1463 1012 1532 λὼμ
1043 1468 1075 1517 ό
1109 1464 1242 1530 υίὸς
1269 1465 1479 1520 αὑτοῦ.

931 1557 1225 1612 ΨΑΛΜὈΣ
1259 1559 1440 1612 PMB’.

475 1646 566 1699 Ἐν
623 1645 844 1708 πολλοῖς
903 1647 1002 1717 μὲν
1059 1650 1441 1720 ἀντιγράφοις,
1499 1652 1880 1725 ἀνεπίγραφος
1940 1659 1971 1711 ὀί

387 1738 586 1808 παρὼν
605 1738 841 1808 ψαλμῦς,
867 1741 1127 1810 ἁρμόζων
1177 1745 1290 1806 τοῖς
1317 1742 1731 1813 ἐξεταζομένοις
1761 1749 1819 1812 ὲν
1849 1767 1966 1802 πει·

389 1832 642 1898 ρασμοῖς.
681 1830 778 1883 Ἐν
825 1847 934 1884 τισι
981 1831 1036 1883 δὲ
1086 1832 1527 1902 ἐπιγέγραπται,
1588 1837 1663 1898 ὡς
1708 1839 1965 1909 ἀνωτέρω

359 1921 635 1990 ιεῖρηται,
655 1922 901 1992 ψαλμὸς
921 1922 1000 1986 τῷ
1026 1923 1226 1989 Δαὸὶδ,
1259 1924 1359 1978 ὅτε
1391 1926 1750 1980 κατεδίωκεν
1773 1929 1964 1982 αὐτὸν

398 2013 714 2081 Ἀσσαλὼμ
760 2017 793 2068 ό
839 2015 969 2080 υίὸς
1002 2015 1210 2070 αὐτοῦ.
1257 2016 1316 2070 Ὀ
1351 2018 1450 2086 μέν
1478 2035 1560 2072 τοι
1595 2019 1779 2089 τρίτος
1819 2019 1960 2087 ψαλ-

391 2105 488 2172 μδς
523 2106 719 2175 ἑτέραν
749 2105 910 2176 ἔσχεν
951 2108 1270 2178 ἐπιγραφήν
1296 2123 1310 2138 ⁸
1350 2111 1596 2178 Ψαλμδς
1635 2110 1714 2174 τῷ
1759 2111 1957 2174 Δαϐὶὸ,

383 2198 483 2250 ὅτε
517 2185 962 2266 ἀπεδίδρασκεν
982 2200 1102 2256 ἀπὸ
1137 2199 1462 2270 προσώπου
1496 2201 1812 2272 Ἀϐσαλὼμ
1851 2204 1958 2259 τοῦ

381 2291 519 2344 υἱοῦ
556 2292 765 2345 αὐτοῦ.

454 2383 1030 2449 Κύριε,είσάιιουσον
1041 2382 1151 2452 τῆς
1165 2399 1396 2452 προσευ
1400 2383 1514 2452 χῆς
1521 2403 1641 2453 μου
1651 2427 1664 2449 ,
1679 2385 1958 2440 ὲνώτισιιι

381 2472 496 2538 τὴν
529 2472 748 2534 δέησίν
767 2492 886 2542 μου
916 2475 988 2529 ἐν
1013 2475 1086 2542 τῇ
1123 2475 1378 2542 ἀληθείᾳ
1415 2493 1556 2529 σου.
1606 2475 1691 2538 Ὠς
1721 2475 1952 2546 ἀληθής.

395 2563 739 2633 Ἐπηγγείλω
773 2565 908 2637 γὰρ,
943 2569 1254 2628 εἰσακούειν
1285 2569 1396 2621 τῶν
1447 2568 1625 2639 ὀρθῶς
1656 2569 1955 2622 ἐπικαλου-

383 2655 561 2723 μένων
587 2673 647 2710 σε
673 2673 687 2687 ’
725 2659 896 2730 κάμοὶ
918 2659 976 2714 δὲ
1010 2659 1172 2713 πάλιν
1197 2659 1284 2714 διὰ
1316 2660 1477 2716 τοῦτο
1510 2661 1886 2730 καθυπέσχον.

449 2832 843 2888 Εὶσάκουσόν
865 2853 942 2904 με
973 2837 1044 2890 ἐν
1067 2838 1140 2906 τῇ
1163 2839 1526 2909 δικαιοσύνῃ
1565 2857 1705 2895 σου.
1755 2841 1848 2904 Ὠς
1876 2841 1955 2896 δί-

383 2941 537 2988 καιος
570 2926 664 2978 καὶ
691 2926 768 2996 μὴ
793 2918 1135 2996 ’ἀνεχόμενος
1176 2929 1482 2982 ἀδικεῖσθαι
1534 2930 1609 3002 μὴ
1652 2932 1814 3000 μόνον
1847 2951 1954 2985 πα-

377 3016 544 3086 τέρας
577 3017 681 3070 ὑπὸ
714 3018 943 3078 τέκνον,
989 3019 1106 3072 ἀλλ’
1138 3020 1259 3073 οὐδὲ
1306 3021 1396 3072 τὸν
1427 3022 1656 3092 τυχόντα
1687 3025 1837 3094 ποιρά
1865 3043 1950 3078 τι-

376 3125 491 3170 νος.
525 3109 584 3160 Ὀ
610 3108 667 3160 δὲ
698 3110 1088 3180 Χρυσὸστομος
1119 3111 1379 3180 ἀλήθειαν
1397 3098 1505 3181 ’μὲν
1535 3114 1767 3167 ἐνταῦθα
1799 3115 1949 3182 ὶέγει

2088 649 2216 688 vero
2250 635 2482 690 reddidit
2519 654 2534 694 :
2573 638 2654 693 Me
2690 641 3062 708 exspectabant
3086 643 3225 708 justi
3265 642 3428 697 donec
3484 661 3664 698 remu-

2083 735 2303 782 neratus
2343 728 2511 797 fueris
2574 747 2673 785 me.
2731 733 3116 797 Sustinebunt,
3203 735 3401 804 inquit,
3467 752 3662 806 exspe-

2078 826 2298 874 ctantes
2323 821 2624 882 me,donec
2651 837 2716 876 ex
2731 824 3136 879 calamitatibus
3159 825 3427 880 liberatus
3455 825 3609 880 fuero
3641 844 3656 881 :

2079 923 2246 981 atque
2281 911 2388 967 hoc
2434 927 2500 968 eo
2534 928 2712 983 usque
2744 915 2971 980 facient,
3019 919 3194 972 donec
3244 928 3303 972 tu.
3333 933 3431 988 pro
3462 918 3661 987 hujus-

2077 1003 2291 1058 cemodi
2328 1004 2622 1060 aﬂlictione
2653 1014 2818 1076 atque
2859 1007 3167 1062 humilitate
3226 1024 3370 1074 mea,
3422 1010 3654 1079 gratiam

2079 1097 2211 1151 mihi
2243 1097 2588 1154 retribuet-is.
2625 1097 2788 1153 Tales
2829 1115 2962 1152 vero
2995 1108 3126 1156 sunt
3179 1109 3502 1157 sanctorum
3535 1101 3658 1164 ani—

2076 1203 2176 1242 ma.-
2212 1205 2228 1253 ;
2288 1204 2415 1243 nam
2453 1199 2508 1243 et
2553 1206 2681 1243 cum
2736 1191 2957 1248 aﬂlictis
2990 1193 3154 1248 simul
3184 1194 3390 1258 dolent,
3444 1201 3496 1247 ct
3528 1206 3653 1248 cum

2074 1281 2440 1350 gaudentibus
2474 1281 2747 1338 laetantur.

2073 1372 2322 1428 Psalmus
2350 1373 2450 1442 ipsi
2497 1372 2686 1435 David,
2738 1391 2854 1427 cum
2896 1385 3304 1445 persequeretur
3349 1392 3469 1430 eum
3504 1376 3652 1444 filius

2657 1467 2769 1534 ejus
2804 1469 3062 1522 Absalon.

2570 1556 2890 1614 PSALSIUS
2944 1559 3149 1615 CXLII.

2141 1651 2560 1707 Accommodar-i
2607 1660 2784 1721 potest
2815 1653 2899 1704 hic
2935 1652 3174 1720 psalmus
3211 1650 3274 1705 iis
3314 1652 3404 1721 qui
3435 1667 3527 1721 per
3557 1666 3656 1706 ca-

2070 1739 2353 1798 lamitates
2371 1744 2747 1814 explorantur.
2778 1742 2834 1796 lu
2871 1742 3054 1798 multis
3074 1743 3478 1813 exemplaribus
3504 1743 3649 1798 hunc

2071 1835 2335 1902 psalmum
2391 1835 2600 1905 absque
2633 1836 2744 1888 ulla
2795 1835 3151 1898 insenintione
3198 1835 3524 1904 reperimus,
3563 1844 3647 1887 ta-

2067 1929 2226 1982 metsi
2275 1927 2326 1980 in
2375 1927 2648 1997 aliquibus
2691 1943 2755 1982 ea
2803 1927 3086 1997 inscriptio
3140 1926 3428 1991 habeatur,
3477 1940 3645 1995 quatn

2066 2021 2482 2090 praeposuimus.
2515 2020 2868 2075 Consimilem
2918 2034 3053 2087 pene
3084 2019 3497 2086 inscriptionem
3542 2017 3644 2070 ha-

2065 2113 2155 2166 bet
2193 2112 2386 2166 tertius
2417 2112 2687 2181 psalmus,
2721 2114 2813 2182 qtti
2855 2109 3177 2165 inscribitur
3209 2123 3223 2161 :
3262 2107 3505 2162 Psalmus
3540 2107 3644 2179 ipsi

2065 2203 2259 2268 David,
2295 2221 2413 2258 cum
2445 2204 2647 2275 fugeret
2681 2221 2713 2257 a
2740 2203 2879 2274 {acie
2904 2201 3182 2257 Absalonis
3216 2201 3315 2271 ﬁlii
3358 2201 3463 2257 sui.

2132 2381 2302 2437 Vens.
2333 2381 2382 2438 1.
2416 2383 2653 2447 Domine,
2676 2381 3176 2436 exaudiat-titionem
3213 2396 3400 2444 meam,
3424 2379 3643 2434 auribus.

2044 2476 2263 2542 percipe
2303 2474 2717 2528 obsecrationem
2748 2491 2937 2536 meam,
2971 2474 3022 2524 in
3051 2473 3266 2526 veritate
3295 2483 3407 2525 tua.
3435 2471 3640 2524 Exaudi

2059 2575 2320 2636 tanquam
2355 2581 2540 2620 verax.
2569 2565 2854 2619 Pollicitus
2888 2564 3032 2618 enim
3070 2582 3131 2618 es
3165 2573 3216 2616 te
3245 2562 3634 2616 exautlitttrum

2057 2674 2152 2713 eos
2183 2658 2278 2727 qui
2329 2675 2524 2710 nomen
2576 2665 2730 2710 tuum
2755 2667 2921 2710 recte
2957 2654 3367 2719 invocaverint;
3405 2662 3458 2708 ct
3502 2652 3638 2709 mihi

2060 2765 2254 2804 rursus
2287 2749 2540 2818 privatim
2577 2749 2719 2803 idem
2748 2750 2914 2803 etiam
2948 2747 3277 2817 promisisti.

2131 2843 2343 2896 Exaudi
2398 2859 2477 2895 me
2527 2842 2579 2895 in
2633 2842 2847 2911 jus-tilia
2891 2858 3026 2895 mea.
3084 2838 3262 2894 Veluti
3316 2840 3536 2909 justus,
3587 2849 3642 2892 ct

2056 2933 2149 3003 qtti
2200 2950 2305 2988 non
2338 2933 2584 2987 sustines
2618 2947 2948 3000 quemquam
2985 2930 3053 2983 ab
3086 2930 3260 2983 altero
3291 2928 3432 2982 at‘lici
3487 2928 3635 2996 inju-

2055 3025 2134 3078 ria
2172 3043 2185 3079 :
2219 3040 2319 3078 nec
2355 3032 2564 3076 tantum
2598 3032 2854 3091 parentes
2891 3032 3042 3074 vetas
3093 3035 3120 3073 a
3166 3020 3287 3073 [iliis
3343 3018 3487 3084 laedi,
3537 3019 3632 3072 St'd

2056 3132 2155 3169 nec
2203 3130 2532 3184 quemquam
2562 3115 2630 3167 ab
2675 3123 2957 3168 extraneo.
3015 3112 3443 3182 Chrysostomus
3499 3123 3632 3163 vero

375 3201 466 3256 τὸν
497 3201 674 3270 ἀληθῆ
710 3201 882 3267 ἔλεον,
918 3203 1265 3274 δικαιοσύνην
1288 3205 1344 3258 δὲ
1370 3205 1467 3277 τὴν
1499 3205 1912 3276 φιλανθρωπίαν
1933 3225 1946 3240 ·

2057 3223 2154 3276 pro
2187 3210 2415 3261 veritate
2451 3207 2574 3272 hic,
2614 3204 3054 3261 misericordiam
3103 3203 3384 3271 intelligit,
3434 3209 3486 3255 et
3534 3215 3633 3270 pro

379 3293 543 3358 μόνος
583 3293 692 3362 γὰρ
723 3295 752 3347 ὁ
779 3294 919 3357 Θεὸς,
960 3295 1177 3366 ἀληθῶς
1206 3297 1365 3361 ἐλεεῖ,
1419 3299 1512 3351 καὶ
1573 3299 1710 3370 μόνη
1763 3301 1795 3370 ἡ
1849 3300 1944 3352 τοῦ

371 3382 509 3437 Θεοῦ
560 3385 876 3454 δικαιοσύνη
917 3387 1299 3460 φιλανθρωπίᾳ
1330 3390 1663 3461 κεκέρασται
1693 3409 1707 3422 ·
1744 3395 1805 3447 τὸ
1837 3395 1948 3465 γὰρ

371 3475 504 3541 παρ’
531 3477 848 3545 ἀνθρώποις
871 3478 1104 3540 δίκαιον,
1137 3482 1513 3552 ἀπεστέρηται
1540 3487 1632 3538 τοῦ
1669 3487 1873 3550 ἐλέους.

441 3568 550 3622 Καὶ
579 3568 665 3637 μὴ
708 3572 988 3638 εἰσέλθῃς
1033 3575 1122 3638 είς
1163 3575 1370 3642 κρίσιν
1401 3577 1549 3644 μετὰ
1580 3579 1682 3630 τοῦ
1721 3580 1947 3632 δούλου

369 3674 506 3712 σου.
541 3659 630 3729 Μὴ
666 3660 1079 3733 δικαιολογηθῇς
1109 3664 1229 3732 μετ’
1266 3665 1425 3733 ἐμοῦ.
1460 3667 1812 3739 Δικαιωθήσῃ
1837 3669 1947 3739 γὰρ

371 3751 427 3800 ἐν
455 3751 567 3810 τοῖς
597 3749 778 3817 λόγοις
814 3769 928 3805 σου.
967 3755 1074 3806 Καὶ
1102 3757 1348 3824 νικήσεις
1382 3758 1440 3809 ὲν
1463 3756 1540 3828 τῷ
1571 3757 1854 3830 κρίνεσθαί
1887 3775 1947 3812 σε

373 3842 512 3910 μετὰ
550 3841 643 3894 τοῦ
683 3844 873 3897 δούλου
908 3863 1026 3897 σου.

441 4023 571 4076 Ὀτι
599 4025 671 4076 οὐ
701 4022 1165 4090 δικαιωθήσεται
1215 4025 1476 4079 ἐνώπιόν
1504 4043 1622 4081 σου
1653 4026 1771 4094 πᾶς
1812 4029 1943 4090 ζῶν.

371 4115 484 4169 Οὐκ
517 4111 671 4168 εἶπεν
715 4117 799 4168 ὅτι
832 4118 916 4169 Οὺ
957 4115 1417 4183 δικαιωθήσεται
1462 4118 1672 4184 ἁπλῶς,
1705 4121 1820 4174 ἀλλ’
1861 4123 1944 4175 ὅτι

369 4207 625 4261 ἐνώπιόν
665 4224 805 4273 σου,
862 4208 1139 4270 τουτέστι,
1193 4207 1329 4278 πρὸς
1375 4209 1473 4279 τὴν
1524 4212 1622 4280 σὴν
1655 4213 1944 4282 ἀκρίϐειαν

367 4298 784 4370 ἐξεταζόμενος,
823 4299 855 4370 ἢ
888 4300 1027 4370 πρὸς
1061 4301 1158 4362 τὰς
1211 4300 1307 4364 σὰς
1341 4301 1690 4373 εὐεργεσίας,
1732 4305 1764 4374 ἢ
1807 4308 1943 4376 προς

363 4393 465 4455 τὰς
504 4392 598 4452 σὰς
633 4392 875 4456 ἐντολάς.
912 4394 1005 4445 Διὸ
1033 4395 1127 4446 καὶ
1162 4396 1190 4447 ὁ
1243 4395 1514 4464 μακάριος
1558 4395 1678 4448 Ἰὼϐ
1719 4397 1903 4466 ἔλεγεν
1927 4416 1940 4428 ·

378 4487 715 4554 Ἕφσύλισα
759 4487 1045 4555 ἐμαυτὸν,
1099 4488 1195 4541 καὶ
1269 4488 1517 4556 ἐτάκην,
1585 4490 1808 4560 ἥγημαι
1876 4493 1944 4546 δὲ

363 4577 647 4644 ἐμαυτὸν,
694 4577 812 4648 γῆν
859 4579 958 4632 καὶ
1015 4580 1288 4635 σποδόνο
1331 4583 1499 4651 χεῖρα
1543 4582 1708 4650 θήσω
1735 4585 1832 4638 ἐπὶ
1862 4583 1940 4651 τῷ

363 4671 618 4738 στόματί
645 4688 786 4739 μου.
823 4674 1068 4743 Ζήτησον
1112 4675 1208 4726 καὶ
1253 4677 1311 4728 ὲν
1340 4675 1416 4744 τῷ
1449 4676 1566 4746 ρκο¹
1600 4678 1806 4748 ψαλμῷ
1840 4680 1939 4749 τὴν

362 4763 626 4831 ἐξήγησιν
659 4764 774 4825 τοῦ,
801 4764 945 4818 Ἐὰν
965 4767 1221 4834 ἀνομίας
1251 4769 1719 4838 παρατηρήσεις,
1741 4774 1936 4841 Κύριε,

364 4855 560 4921 Κύριε,
599 4856 689 4920 τίς
718 4856 1167 4923 estconiuncta;
1221 4858 1344 4926 Πᾶς
1391 4861 1460 4913 δὲ
1494 4860 1624 4925 ζῶν,
1675 4865 1792 4935 ἤτοι
1833 4867 1940 4928 πᾶς

361 4945 663 5014 ἅνθρωπως
690 4946 836 5014 ζωῆς
871 4948 1180 5017 μετασχὼν,
1213 4951 1388 5020 ζήσας
1413 4957 1506 5006 καὶ
1535 4956 1938 5024 πολιτευσάμε-

361 5054 471 5101 νος,
491 5036 630 5089 ὥστε
658 5041 798 5090 κατὰ
826 5038 913 5090 τὸν
931 5040 1276 5108 Ἀπὸστολον,
1305 5047 1695 5115 Δικαιούμεθα
1713 5049 1938 5115 δωρεὰν

359 5126 637 5196 τῇαῠτοῦ
664 5130 877 5199 χάριτι,
913 5131 1013 5184 διὰ
1040 5131 1301 5199 πίστεως·
1341 5137 1544 5204 Ἰησοῦ
1577 5143 1860 5207 Χριστοῦ.

430 5394 561 5447 Ὀτι
584 5396 944 5459 κατεδίωξεν
973 5401 1006 5451 ό
1043 5397 1259 5468 ἐχθρὸς
1293 5399 1410 5468 τὴν
1435 5403 1655 5474 ψυχήν
1675 5425 1817 5474 μου.
1859 5409 1934 5462 ΤΒ

363 5485 463 5554 μὲν
502 5487 771 5556 προλαόὸν
829 5488 1225 5555 αἰτιολογικόν·
1259 5491 1418 5546 τοῦτο
1468 5493 1546 5557 δὲ,
1602 5495 1932 5568 διηγηματιο

344 5573 478 5627 ’κόν.
503 5573 728 5643 Ἕγθρὸν
763 5575 820 5627 δὲ
853 5575 978 5628 καθ’
1010 5577 1255 5648 ἱστορίαν
1301 5579 1448 5649 λέγει
1486 5582 1576 5638 τὸν
1615 5583 1931 5658 Ἀἶσα).ιὶ)μ,

362 5663 504 5718 κατὰ
527 5663 583 5720 δὲ
615 5665 908 5737 ἀναγωγὴν
941 5666 1032 5721 τὸν
1064 5667 1332 5722 6ta'60‘mv.

431 5869 475 5900 ⁸³
510 5867 634 5923 Job.
665 5887 788 5937 xxx,
831 5870 936 5940 19;
986 5890 1167 5944 suis,
1198 5876 1288 5934 5-1.

2048 3299 2283 3369 justitia,
2319 3298 2733 3366 benignitatem.
2773 3295 2935 3350 Solus
2961 3295 3106 3349 enim
3134 3295 3279 3349 Deus
3311 3308 3437 3348 vere
3468 3294 3627 3346 mise-

2054 3396 2226 3449 retur,
2255 3396 2308 3442 et
2344 3389 2459 3441 sola
2486 3387 2579 3440 Dei
2608 3387 2821 3454 justitia
2862 3387 3199 3454 benignitate
3225 3393 3308 3438 est
3342 3382 3628 3454 permista.

2051 3477 2298 3531 Humana
2335 3480 2479 3530 enim
2511 3478 2725 3546 justitia
2763 3485 2913 3530 caret
2941 3474 3343 3561 ntise{icordia.
3439 3479 3444 3482 ’

2119 3568 2289 3624 Vens.
2317 3570 2370 3623 ‘2.
2403 3569 2467 3624 Et
2502 3586 2602 3622 non
2626 3570 2790 3623 intres
2815 3571 2868 3623 in
2892 3570 3159 3636 judicium
3193 3583 3312 3620 cum
3341 3581 3488 3619 servo
3514 3575 3626 3618 tuo.

2039 3651 2167 3714 Non
2200 3663 2363 3729 cupio
2389 3701 2402 3723 ,
2437 3661 2651 3730 inquit,
2685 3660 2896 3732 judicio
2933 3669 3110 3714 tecum
3148 3658 3476 3727 disceptare.
3508 3653 3630 3710 Noli

2051 3749 2219 3819 igitur
2250 3760 2307 3806 et
2359 3764 2451 3819 tu,
2497 3767 2707 3821 quaeso,
2750 3752 2960 3820 judicio
3014 3765 3228 3806 mecum
3274 3749 3630 3803 contendere.

2047 3842 2450 3899 Justiiicaberis
2493 3845 2639 3898 enim
2669 3844 2723 3898 in
2770 3843 3124 3898 sermonibus
3169 3842 3303 3908 tuis,
3347 3848 3402 3896 et
3442 3842 3631 3896 vinces

2048 3939 2260 4008 quoties
2290 3953 2413 3991 cum
2449 3953 2531 3990 me
2555 3953 2714 3992 servo
2744 3947 2833 3990 tuo
2862 3935 3144 4005 judicatus
3186 3935 3378 3990 fueris.

2120 4030 2258 4095 Quia
2299 4030 2803 4099 nnujustiﬁcabitur
2834 4031 2887 4082 in
2917 4037 3198 4098 conspectu
3223 4035 3312 4080 tuo
3349 4023 3518 4080 omnis
3554 4024 3633 4079 vi—
3682 4061 3691 4068 -

2049 4139 2189 4176 rens.
2222 4121 2337 4175 Non
2370 4123 2505 4176 dixit
2542 4124 2866 4191 simpliciter
2917 4122 3042 4176 Non
3074 4119 3498 4190 justiﬁcabitur,
3530 4118 3625 4172 sed

2049 4214 2113 4268 In
2145 4223 2426 4283 conspectu
2460 4225 2548 4268 tuo
2583 4232 2686 4268 non
2718 4215 3127 4283 justiﬁcabitur,
3164 4213 3264 4267 hoc
3304 4222 3382 4265 est
3408 4249 3422 4272 ,
3459 4209 3512 4265 Si
3547 4211 3616 4264 ad

2047 4323 2315 4361 summam
2343 4290 2609 4376 justitiam
2640 4318 2784 4361 tuam
2811 4317 3180 4374 comparetur,
3207 4313 3258 4360 ct
3276 4304 3432 4374 juxta
3467 4303 3620 4360 ilfam

2047 4397 2364 4466 exquiratur
2388 4415 2402 4460 ;
2428 4397 2531 4460 vel,
2563 4396 2618 4450 Si
2655 4397 3028 4451 consideratio
3057 4396 3320 4450 habeatur
3361 4394 3426 4447 ad
3459 4395 3628 4448 bene-

2051 4489 2168 4543 ficia
2202 4497 2290 4542 tua
2316 4530 2330 4554 ,
2377 4499 2470 4543 aut
2505 4491 2569 4543 ad
2610 4489 2863 4542 mandata
2898 4498 2989 4541 tua
3023 4487 3229 4541 omnia.
3269 4487 3448 4555 Atque
3494 4485 3626 4540 ideo

2051 4583 2242 4634 beatus
2273 4582 2436 4635 etiam
2469 4577 2572 4635 Job
2607 4580 2824 4634 dicebat
2859 4596 2873 4632 :
2918 4576 3180 4642 Vilipendi
3215 4594 3295 4630 me
3331 4578 3500 4647 ipsum
3525 4617 3543 4637 ,
3573 4584 3630 4630 et

2046 4673 2312 4734 contabui,
2347 4683 2641 4741 terramque
2669 4689 2749 4724 me
2780 4678 2830 4724 et
2872 4673 3100 4724 cinerem
3142 4671 3368 4735 putavi;
3407 4685 3626 4722 manum

2043 4779 2232 4830 ponant
2269 4761 2350 4815 ori
2379 4777 2490 4813 meo
2510 4761 2580 4812 ".
2617 4757 2755 4812 Vide
2786 4761 2950 4813 etiam
2983 4759 3036 4812 in
3066 4759 3277 4828 psalmo
3317 4775 3480 4814 cxxrx
3525 4773 3632 4814 ex-

2043 4856 2363 4924 positionem
2399 4853 2546 4907 illius
2580 4852 2833 4905 versiculi
2870 4866 2884 4902 :
2931 4850 2988 4906 Si
3022 4854 3328 4922 iniquitates
3358 4851 3629 4905 observa-

2041 4949 2197 5010 veris,
2223 4945 2461 5004 Domine,
2486 4945 2723 5010 Domine,
2745 4945 2858 5013 quis
2873 4946 3174 5000 sustinebit?
3196 4944 3350 5010 Quod
3369 4960 3495 4998 vero
3516 4943 3634 4997 ait:

2045 5040 2228 5096 Omnis
2276 5039 2448 5091 vivens
2481 5078 2496 5102 ,
2539 5037 2681 5091 idem
2730 5046 2830 5099 est,
2874 5039 3017 5106 quod
3066 5037 3256 5090 Omnis
3301 5035 3461 5090 homo
3497 5033 3627 5090 vita

2046 5130 2340 5200 particeps.
2388 5127 2770 5196 Verumjuxta
2803 5128 3126 5197 Apostolutn
3187 5143 3201 5177 :
3259 5125 3322 5180 In
3368 5125 3470 5179 hac
3511 5129 3615 5182 vita

2036 5221 2404 5290 justiﬁcamur
2432 5219 2600 5289 gratis
2639 5222 2812 5288 gratia
2859 5215 2958 5270 Dei
2982 5255 2996 5279 ,
3033 5231 3148 5286 quae
3191 5229 3265 5270 est
3307 5232 3411 5285 'per
3457 5217 3622 5285 ﬁdem

2043 5313 2078 5368 J
2083 5331 2172 5368 esu
2205 5312 2420 5368 Christi.

2115 5409 2276 5462 Vsus.
2311 5409 2363 5462 '5.
2396 5406 2535 5473 Quia
2586 5413 2886 5476 persecutus
2943 5413 3022 5456 est
3069 5403 3322 5456 inimicus
3380 5401 3621 5455 animum

2041 5517 2230 5554 meam.
2257 5498 2624 5568 Dictio,quia,
2655 5497 2709 5550 in
2739 5492 3315 5564 superioriversiculo
3344 5492 3620 5546 rationem

2023 5585 2222 5647 ‘retldit
2254 5608 2268 5645 :
2301 5591 2353 5645 in
2387 5585 3104 5660 przescntivcromarrantis
3135 5585 3188 5638 in
3217 5583 3436 5637 modum
3453 5582 3624 5652 poni-

2045 5693 2154 5738 tur.
2181 5683 2284 5738 Per
2311 5682 2589 5736 inimicmn
2615 5681 2778 5734 etiam
2793 5679 2947 5749 juxta
2977 5677 3264 5730 historiam
3284 5675 3624 5730 Absaloncm

2037 5779 2340 5852 intelliges;
2371 5779 2524 5850 juxta
2561 5790 2842 5847 anagogen
2891 5789 3022 5830 vero
3061 5772 3238 5843 ipsum
3289 5770 3626 5830 diemonem-
