4112 6418
529 401 667 466 1279

523 608 719 664 stravit
751 621 838 659 me
875 606 1130 660 inimicus
1160 604 1215 657 in
1245 613 1446 658 terram
1474 642 1488 665 ,
1518 618 1626 658 non
1667 610 1881 657 tantum
1911 616 1975 656 ea
2009 616 2103 656 ra—

523 701 698 764 tione,
733 698 879 768 quod
910 698 1289 752 calamitatum
1327 696 1568 766 pondere
1601 694 1902 764 depressus
1937 708 2059 748 sum
2085 732 2102 758 ,

524 792 617 845 sed
655 793 781 860 quia
815 792 991 859 ipsam
1026 790 1191 843 etiam
1237 788 1462 840 humum
1508 802 1605 854 pro
1657 787 1788 840 sede
1830 799 1896 839 ac
1927 791 2103 838 strato

525 900 646 938 meo
676 883 880 944 habui,
921 883 1128 943 veluti,
1175 882 1264 950 qui
1301 880 1456 934 exsul
1515 894 1664 934 eram
1715 894 1746 931 a
1795 876 1989 945 patria,
2035 891 2100 929 ac

521 992 736 1045 semper
773 976 828 1029 in
859 976 1015 1045 fuga.
1041 973 1207 1029 Juxta
1244 988 1550 1042 anagogen,
1584 969 1880 1024 invisibilis
1915 967 2101 1021 inimi-

519 1082 619 1120 cus
659 1071 724 1120 ad
756 1075 977 1121 terrena
1015 1083 1099 1120 me
1132 1067 1349 1134 negotia
1379 1062 1619 1124 deﬂexit,
1651 1075 1772 1114 cum
1801 1074 1829 1112 a
1861 1057 2103 1113 etnlesti-

523 1159 624 1213 bns
659 1175 744 1213 me
781 1169 941 1213 antea
968 1161 1324 1213 extraxisset.
1354 1155 1560 1211 Nomen
1590 1168 1715 1208 vero
1750 1151 2096 1214 humilitatis,

521 1259 581 1304 ιιι
621 1267 767 1321 εεῐιῃθ
793 1251 1056 1316 diximus,
1091 1253 1244 1320 plura
1278 1249 1573 1319 significat.
1603 1247 1788 1315 Neque
1811 1247 1958 1299 enim
1991 1243 2101 1297 vir-

520 1344 654 1395 tutis
692 1353 904 1412 tantum
946 1359 1143 1397 nomen
1179 1351 1282 1404 est,
1325 1342 1417 1395 sed
1454 1355 1551 1409 pro
1580 1353 1642 1393 ea
1679 1338 1844 1391 etiam
1875 1336 2100 1406 ponitur

523 1435 846 1496 humilitate,
881 1452 999 1505 qua}
1031 1450 1061 1488 a
1107 1434 1513 1488 calamitatibus
1541 1432 1816 1500 provenit,
1874 1439 2040 1500 atque
2069 1444 2099 1484 a

519 1531 784 1595 pect-atis.
831 1531 1113 1598 Aeeipitur
1168 1529 1333 1582 etiam
1391 1526 1673 1582 humilitas
1723 1538 1823 1594 pro
1858 1523 2095 1592 quodam

1758 394 2143 455 EUTHYMII
2180 395 2543 459 ZIGABENI

597 513 906 570 llumiliavit
937 513 989 566 in
1026 521 1167 565 terra
1208 510 1370 564 vitam
1403 525 1595 565 meam.
1638 509 1846 578 Deiecit
1871 523 1934 564 ac
1970 524 2097 579 pro-
2128 511 2174 567 A

3653 407 3792 474 1280

2284 511 2728 593 Ἑταπείνωσεν
2752 515 2839 580 εἰς
2864 513 2984 585 γῆν
3019 513 3134 584 τὴν
3160 513 3316 584 ζωήν
3338 535 3474 585 μου.
3511 520 3727 576 Κατέκσ
3739 542 3798 592 μ·

2212 603 2282 672 ψὲ
2326 621 2393 672 με
2428 608 2509 669 εἰς
2541 605 2668 674 γῆν,
2717 607 2778 660 οὐ
2846 607 3008 677 μόνον
3042 609 3122 673 είς
3153 609 3260 679 γῆν
3293 613 3682 681 συγκεκυφὸτα
3705 615 3798 668 διὰ

2209 698 2272 750 τὸ
2300 696 2469 767 βάρος
2497 697 2609 751 τῶν
2642 699 2964 769 συμφορῶν,
2991 701 3129 756 ἀλλὰ
3158 703 3255 755 καὶ
3296 703 3404 772 γῆν
3429 704 3622 774 ἔχοντα
3655 708 3796 761 καθα

2212 787 2378 858 ἐδραν
2409 791 2504 842 καὶ
2533 790 2846 862 στρωμνὴν,
2884 792 2960 852 ὡς
2991 793 3228 861 φυγάδα.
3273 793 3332 848 '0
3366 795 3467 865 μέν
3488 814 3570 850 τοι
3601 798 3794 868 νοητὸς
3818 817 3846 840 οε

2209 880 2405 950 ἐχθρὸς
2423 920 2439 944 ,
2473 883 2794 952 κατέκαμψέ
2819 902 2886 954 με
2910 886 2994 949 εἰς
3023 886 3090 940 τὰ
3116 887 3282 957 γήϊνα
3317 889 3621 958 πράγματα
3654 891 3794 943 καθ-

2209 969 2450 1035 ελκύσας
2503 971 2613 1025 ἀπὸ
2665 975 2774 1028 τῶν
2821 975 3112 1044 οὐρανίων.
3167 975 3698 1048 Πολυσήμαντονὸὲ,
3728 980 3792 1032 τὸ

2205 1063 2307 1132 τῆς
2334 1063 2722 1130 ταπεινώσεως
2755 1066 2928 1137 ὄνομα
2955 1085 2970 1099 ο
3001 1068 3154 1138 δηλοῖ
3179 1068 3288 1138 γὰρ
3309 1070 3370 1123 οὐ
3403 1070 3563 1139 μόνον
3601 1070 3702 1141 τὴν
3726 1072 3790 1135 ἐξ

2207 1155 2433 1224 ἀρετῆς,
2463 1155 2602 1209 ἀλλὰ
2643 1157 2738 1210 καὶ
2781 1156 2880 1228 τὴν
2911 1158 3020 1211 ἀπὸ
3055 1159 3378 1228 συμφορῶν,
3409 1159 3505 1212 καὶ
3549 1159 3647 1229 τὴν
3681 1160 3792 1212 ἀπὸ

2205 1249 2650 1319 ἁμαρτημάτων,
2718 1251 2812 1304 καί
2842 1253 2941 1320 τὴν
2990 1252 3047 1318 ἐξ
3100 1252 3413 1320 ἐπάρσεως,
3457 1252 3552 1304 καὶ
3591 1251 3688 1322 τὴν
3728 1251 3788 1317 ἐξ

2191 1339 2537 1408 ἀπληστίας,
2579 1341 2703 1411 ἥτις
2738 1343 2835 1395 καὶ
2897 1343 2990 1396 τὸν
3041 1343 3231 1397 ὀϐολὸν
3278 1344 3422 1413 μέγα
3451 1361 3505 1397 τι
3549 1342 3786 1412 νομίζει,

2207 1431 2306 1483 καὶ
2337 1429 2406 1483 τὰ
2437 1430 2632 1500 εὐτελῆ
2657 1432 3124 1502 περισπούδαστα,
3146 1433 3401 1506 καθάπερ
3422 1434 3492 1487 τὰ
3527 1433 3792 1502 παιδάρια

2205 1521 2307 1586 τὰς
2341 1523 2600 1593 σφαίρας,
2635 1525 2728 1577 καὶ
2761 1525 2886 1586 τοὺς
2917 1525 3320 1594 ἀστραγάλους.

497 1621 672 1684 'vitio,
702 1624 846 1690 quod
878 1639 943 1677 ex
981 1622 1210 1676 avaritia
1247 1622 1512 1682 nascitur,
1545 1628 1640 1673 aut
1669 1635 1697 1673 a
1727 1617 2203 1688 pttsillanimitate.
2241 1615 2418 1670 Veluti
2451 1631 2578 1671 cum
2647 1618 2772 1687 quis
2830 1618 3052 1676 obolum
3096 1619 3279 1688 magni
3345 1617 3616 1684 aestimat,
3686 1617 3788 1672 aut

515 1733 635 1783 qua:
665 1719 845 1772 tenuia
876 1733 939 1773 ac
981 1718 1105 1771 vilia
1145 1725 1316 1783 sunt,
1350 1717 1516 1786 digna
1563 1715 1746 1773 studio
1783 1731 1799 1768 :
1832 1711 2296 1784 quemadmodum
2333 1712 2488 1785 pueri
2515 1710 2751 1777 faciunt,
2776 1713 2871 1785 qui
2921 1714 3086 1786 pilas,
3144 1723 3240 1770 aut
3300 1714 3462 1782 talos,
3512 1728 3637 1769 esse
3688 1713 3792 1772 ali-

513 1811 642 1880 quid
673 1827 927 1883 magnum
964 1813 1309 1866 existimant.

585 1908 752 1962 Vens.
787 1909 839 1962 4.
877 1908 1166 1964 CoHoravit
1195 1925 1275 1961 me
1313 1909 1368 1961 in
1403 1905 1639 1961 obscuris
1668 1904 1807 1959 sicut
1852 1911 2088 1958 mortuos
2121 1909 2164 1965 Β

511 2002 712 2054 srrcnli.
747 2001 803 2055 In
829 2003 1142 2057 amictionis
1170 2002 1422 2056 tenebras
1448 2017 1535 2055 me
1564 1998 1813 2054 immisit.
1845 2008 1899 2052 et
1930 2011 2088 2052 men-

509 2104 619 2146 tem
659 2109 830 2148 meam
877 2096 1044 2150 veluti
1087 2095 1321 2167 caligine
1350 2097 1586 2165 quadam
1636 2090 1884 2148 obduxit.
1931 2089 2089 2156 Quod

511 2202 639 2240 vero
673 2187 766 2250 ait,
795 2187 1031 2244 Mortuos
1077 2191 1281 2253 sceculi,
1315 2189 1453 2244 dixit
1497 2187 1565 2242 ad
1596 2186 2088 2243 demonstrandam

510 2280 860 2334 tenebrarum
909 2283 1364 2354 magnitudinem.
1415 2281 1601 2351 Neque
1641 2281 1788 2334 enim
1839 2285 2088 2332 mortuos

509 2371 852 2440 simpliciter,
882 2373 976 2430 sed
1007 2376 1189 2430 saeculi
1217 2383 1461 2430 mortuos
1484 2375 1646 2439 dixit,
1678 2374 1780 2428 hoe
1810 2382 1914 2435 est,
1949 2368 2088 2422 anti-

505 2479 642 2532 quos
672 2480 768 2519 seu
806 2467 1110 2537 antiqttitus
1151 2475 1422 2529 mortuos,
1459 2482 1661 2537 augere
1696 2463 1959 2519 nimirum
1995 2475 2092 2516 vo-

2275 1900 2558 1956 Ἕκάθισέ
2573 1917 2650 1971 με
2679 1900 2750 1955 ἐν
2771 1897 3133 1966 σκοτεινοῖς,
3161 1897 3244 1964 ὡς
3262 1897 3520 1968 νεκροὺς
3541 1897 3785 1964 αἰῶνος.

2205 1993 2462 2047 Ἐνέϐαλέ
2496 2011 2565 2064 με
2592 1994 2776 2047 σκότει
2808 1993 3064 2063 θλίψεως,
3088 1994 3338 2060 ὲζόφωσε
3372 1993 3466 2046 τὸν
3497 1990 3623 2045 νοῦν
3651 2007 3782 2061 μου.

2195 2087 2270 2140 Τὸ
2318 2087 2396 2154 δὲ,
2464 2089 2560 2154 Ὠς
2619 2088 2878 2157 νεκροὺς
2923 2087 3163 2156 αἰῶνος,
3219 2086 3471 2150 ὲπίτασίς
3519 2087 3636 2139 ἐστι
3680 2086 3782 2155 τῆς

2197 2181 2517 2245 σκοτίσεως.
2552 2182 2689 2236 Οὐδὲ
2747 2183 2858 2253 γὰρ
2921 2182 3110 2247 ἁπλῶς
3163 2181 3395 2252 νεκροὺς
3449 2175 3625 2246 εἶπεν,
3664 2179 3789 2234 dar

2195 2272 2416 2337 αίῶνος,
2447 2274 2568 2344 ἤτοι
2592 2274 2884 2339 παλαιοὺς,
2931 2274 3180 2344 ὀγκῶσαι
3223 2274 3396 2328 θέλων
3423 2273 3524 2343 τὴν
3554 2288 3774 2344 τραγῳν·

2196 2364 2350 2417 δίαν·
2386 2361 2538 2420 οὗτοι
2587 2367 2721 2438 γὰρ,
2771 2368 2832 2422 ὲν
2884 2368 3039 2440 βαθεί
3089 2369 3302 2423 κεῖνται
3349 2366 3555 2434 σκότει,
3597 2363 3783 2437 πολλῷ

2196 2459 2417 2530 φορυτῷ
2457 2462 2860 2533 καταχώμενοι.

505 2557 626 2614 lens
663 2563 992 2616 sententiam
1020 2603 1036 2628 ,
1069 2579 1236 2633 quam
1283 2561 1489 2634 profert
1525 2559 1856 2623 sublimiori,
1896 2563 2084 2624 atque,
2126 2562 2190 2608 ut
2225 2553 2295 2608 ita
2325 2556 2528 2620 dicam,
2562 2559 2770 2627 tragico
2809 2558 3050 2629 quodam
3125 2573 3404 2616 sermone.
3451 2555 3496 2614 Ii
3575 2555 3796 2613 etenim

507 2669 644 2723 quos
669 2657 856 2710 saeculi
891 2666 1138 2712 mortuos
1160 2659 1313 2724 dicit,
1346 2657 1399 2710 in
1431 2652 2088 2726 profundissimisjacent
2121 2649 2390 2716 tenebris,
2425 2652 2591 2706 multa
2629 2655 2889 2708 nimirum
2922 2655 3092 2710 humo
3121 2655 3330 2710 obruti.

584 2747 648 2800 Et
673 2750 1019 2802 contristatus
1050 2761 1122 2803 est
1142 2750 1288 2802 inme
1307 2749 1526 2816 spiritus
1547 2765 1713 2803 meus.
1747 2746 1944 2800 Anima
1971 2759 2091 2800 mea

505 2839 696 2895 dolore
725 2839 914 2894 all'ecta
955 2849 1059 2901 est,
1096 2841 1165 2895 ob
1198 2855 1465 2895 summam
1499 2839 1872 2894 aliiictionem.

577 2931 642 2988 In
672 2949 750 2986 me
787 2933 1054 2986 turbatum
1082 2942 1157 2986 est
1183 2949 1274 2988 cor
1305 2949 1497 2987 meum.
1529 2931 1950 2986 Tumttltuatum
1978 2937 2086 2996 est,

504 3024 706 3093 inquit,
743 3039 840 3081 cor
875 3042 1057 3082 meum
1091 3027 1144 3080 in
1196 3041 1282 3083 me
1321 3035 1376 3082 et
1425 3023 1766 3086 torsionibus
1824 3020 2086 3078 affectum

503 3126 612 3173 (⁵81.

563 3207 730 3262 Vsus.
759 3209 807 3263 5.
842 3207 1047 3263 Memor
1071 3209 1149 3278 fui
1179 3211 1385 3263 dierum
1412 3210 1777 3279 antiquorum.
1801 3210 1861 3263 ln
1885 3209 2092 3280 quibus

505 3296 614 3354 Deo
643 3307 832 3369 gratus
859 3316 1033 3366 eram,
1066 3310 1121 3355 et
1163 3317 1423 3370 prospero
1455 3309 1654 3356 eventu
1687 3316 1772 3356 res
1806 3316 1939 3356 mea:
1969 3317 2088 3356 om-

2269 2745 2377 2800 Kal
2399 2747 2739 2815 ἠκηδίασεν
2761 2748 2854 2801 ἐπ’
2873 2748 2983 2818 ἐμὲ
3010 2749 3079 2804 τὸ
3108 2746 3347 2818 πνεῦμὰ
3373 2766 3514 2818 μου.
3534 2746 3782 2817 Ἢθύμη-

2201 2851 2291 2887 σεν
2326 2837 2384 2888 ἐν
2433 2837 2558 2905 ἐμοὶ
2590 2837 2622 2906 ἡ
2652 2836 2799 2908 ψυχή
2837 2855 2939 2906 μου
2971 2841 3035 2910 τῇ
3063 2839 3340 2910 ὑπερϐολῇ
3379 2838 3482 2908 τῆς
3514 2837 3780 2906 θλίψεως.

2267 2929 2372 2981 Ἐν
2407 2928 2536 2998 ἐμοὶ
2565 2928 2861 3000 ἐταράχθη
2897 2929 2935 3000 ἠ
2976 2930 3191 3001 καρδία
3206 2948 3350 3001 μου.
3377 2929 3781 3002 Θορυϐηθεῖσε,

2193 3023 2289 3076 καὶ
2321 3023 2733 3099 στρωϐηθεῖσα.

2265 3209 2622 3282 Ἐμνήσσην
2640 3210 2878 3282 ἡμερῶν
2905 3209 3190 3281 ἀρχαίων.
3216 3209 3310 3265 Ἐν
3343 3206 3430 3276 αἷς
3460 3211 3780 3282 εὖαρεστῶν

2195 3306 2314 3377 Θεῷ
2368 3305 2554 3370 καλῶς
2583 3305 2862 3376 ἐφερόμην
2886 3321 2900 3336 ·
2932 3305 2965 3376 ἢ
2996 3307 3056 3358 ὲν
3089 3298 3178 3370 αἷς
3213 3306 3262 3358 ot
3319 3306 3558 3376 πατέρες
3617 3306 3779 3375 ἡμῶν

506 3406 602 3444 nes
636 3392 1024 3460 procedebant.
1062 3392 1156 3447 γει
1207 3408 1417 3447 memor
1475 3392 1552 3446 fui
1605 3392 1824 3448 dierum
1883 3393 2085 3464 quibus

2193 3398 2521 3463 εὒωδοῦντο,
2549 3398 2648 3451 καὶ
2680 3395 2987 3467 κατόρθουν
3013 3413 3027 3428 ·
3059 3395 3091 3466 ἢ
3117 3395 3456 3461 τούναντῐον,
3490 3397 3585 3448 καὶ
3615 3397 3779 3450 αὐτοὶ

503 3483 742 3554 majores
783 3486 994 3552 nostri,
1028 3495 1082 3541 et
1117 3486 1355 3541 secunda
1391 3488 1689 3540 utebantur
1725 3485 1944 3540 fortuna
1978 3526 1994 3551 ,
2027 3495 2083 3542 et

505 3575 800 3632 virtutibus
828 3579 1191 3634 excellebant.
1237 3577 1330 3632 Vel
1359 3577 1572 3631 dierum
1605 3579 1806 3647 quibus
1841 3595 1938 3648 per
1962 3589 2083 3636 ten-

2197 3493 2511 3562 συμφοραῖς
2539 3488 2636 3542 καὶ
2670 3489 3004 3558 πειρασμοῖς
3052 3485 3399 3555 ἐξητάζοντο.
3442 3487 3606 3555 Φέρει
3665 3485 3778 3557 γὰρ

2192 3587 2255 3638 οὐ
2286 3573 2653 3655 μικράντινα
2685 3581 3043 3651 παράκλησιν
3084 3581 3117 3650 ἠ
3149 3578 3376 3650 τοιαύτη
3413 3581 3627 3650 μνήμη.

502 3666 743 3720 tationes
801 3675 854 3721 et
882 3667 1226 3722 calamitates
1269 3666 1725 3735 exquirebantur.
1757 3665 1908 3723 Solet
1934 3671 2081 3728 enim
2124 3673 2504 3746 hujuscemodi
2538 3673 2801 3728 memoria
2844 3687 2956 3727 non
3023 3671 3309 3728 minimum
3364 3672 3560 3729 afferre
3629 3673 3780 3732 sola-

506 3777 670 3816 men.

577 3855 864 3910 Meditatus
903 3872 1020 3911 sum
1060 3856 1117 3910 in
1147 3857 1393 3911 omnibus
1444 3858 1689 3927 operibus
1735 3859 1859 3914 tuis.
1892 3857 2089 3916 Revol-

501 3964 635 4003 vens
682 3963 893 4002 mecum
947 3949 1218 4004 mirabilia
1254 3960 1369 4014 tua,
1417 3958 1473 4004 et
1517 3965 1711 4006 omnes
1754 3966 1849 4007 eos
1896 3954 2084 4011 animo

502 4055 818 4102 recensens,
863 4040 958 4110 qui
1005 4040 1324 4097 admirande
1375 4057 1404 4096 a
1453 4051 1508 4099 te
1556 4058 1623 4101 ex
1672 4045 2081 4104 calamitatibus

501 4132 724 4187 liberati
753 4141 904 4188 sunt.

570 4225 634 4280 In
664 4225 819 4296 factis
854 4241 1108 4280 manuum
1155 4234 1365 4279 tuarum
1415 4226 1732 4282 meditabar.
1778 4227 2077 4297 Memoria,

502 4319 996 4388 inquit,,versabar
1042 4318 1096 4372 in
1138 4318 1412 4372 universis
1453 4318 1688 4388 opiﬁciis
1729 4319 1864 4386 tuis,
1901 4336 2077 4389 eaque

497 4425 714 4464 summa
747 4410 1089 4478 providentia
1121 4419 1210 4464 tua
1241 4411 1398 4480 plena
1420 4427 1545 4466 esse
1576 4412 1887 4478 inveniens,
1919 4430 2074 4484 spem

500 4496 696 4550 bonam
730 4499 943 4568 accepi,
969 4498 1114 4567 quod
1150 4513 1257 4553 non
1295 4499 1567 4568 despicies
1596 4515 1704 4568 me,
1736 4510 1822 4558 tot
1847 4503 2080 4559 calami-

501 4587 710 4643 tatibus
737 4603 1080 4657 oppressum,
1114 4604 1178 4646 ac
1210 4592 1470 4646 miseriis.

573 4677 740 4733 Vens.
783 4680 837 4733 6.
873 4679 1119 4746 Easpandi
1166 4683 1234 4735 ad
1285 4689 1334 4736 te
1387 4699 1576 4738 manus
1632 4701 1798 4740 meas.
1853 4686 2077 4758 Rogans

502 4771 738 4834 scilicet,
773 4778 828 4825 et
859 4773 1196 4841 supplicans.
1450 4788 1453 4791 '

574 4861 767 4914 Anima
795 4877 908 4914 mea
937 4863 1074 4914 sicut
1113 4873 1260 4918 terra
1292 4866 1551 4934 inaquosa
1583 4868 1698 4921 tibi.
1726 4868 1922 4923 Anima
1955 4884 2074 4923 mea

501 4955 566 5013 ad
607 4964 657 5008 te
689 4961 800 5008 tota
833 4954 1092 5022 respicit,
1125 4965 1274 5008 tuum
1315 4971 1420 5010 non
1470 4972 1628 5012 secus
1680 4961 1942 5018 auxilium
1997 4962 2075 5016 si-

501 5049 668 5112 tiens,
703 5055 869 5116 atque
895 5046 1164 5116 inaquosa
1207 5055 1350 5101 terra
1393 5058 1450 5104 et
1495 5049 1776 5106 sitibunda
1832 5053 2071 5122 pluviam

498 5139 795 5195 desiderat.

573 5231 739 5287 Vens.
770 5235 822 5287 7.
858 5231 1114 5287 Velociler
1145 5234 1336 5288 exaudi
1366 5234 1719 5303 me,l)omine,
1751 5237 1940 5307 defecit
1963 5241 2075 5310 spi-

499 5327 635 5380 ritus
677 5344 842 5380 utens.
875 5326 1103 5395 Deiecit,
1138 5329 1212 5382 ita
1245 5337 1303 5382 ut
1331 5345 1612 5399 nunquam
1644 5331 1799 5386 adeo.
1830 5331 2073 5387 Dimittct

497 5425 680 5472 autem
707 5432 794 5472 me
825 5418 1075 5486 spiritus,
1108 5419 1212 5474 nisi
1247 5427 1304 5473 tu
1335 5419 1446 5474 cito
1473 5421 1844 5476 exaudiveris.

569 5507 653 5561 Ne
682 5519 888 5564 avertas
919 5511 1109 5579 facient
1145 5522 1292 5565 tuam
1321 5530 1353 5566 a
1395 5529 1474 5568 me
1497 5551 1512 5576 ,
1546 5521 1598 5569 σε
1635 5513 1828 5567 similis
1856 5529 1945 5568 ero
1979 5515 2072 5569 de-

497 5597 855 5654 scendentibus
884 5603 941 5655 in
975 5601 1177 5656 locum.
1213 5603 1286 5656 Ne
1309 5604 1660 5673 derelinquas
1693 5620 1779 5659 me
1806 5613 1859 5658 ct
1882 5607 2068 5661 statim

499 5688 724 5742 moriar.
755 5691 954 5748 Morini
990 5696 1139 5750 enim
1185 5707 1314 5751 sunt
1341 5734 1356 5759 ,
1400 5697 1493 5766 qui
1525 5698 1578 5750 in
1629 5699 1810 5752 lacum
1842 5697 2072 5754 descen-

499 5776 660 5830 dunt.
691 5777 803 5834 Hoc
835 5794 992 5850 pacto
1026 5789 1191 5840 etiam
1241 5796 1493 5844 mortuus
1526 5789 1765 5854 videtur,
1801 5799 2066 5860 quantum

506 5867 573 5921 ad
607 5867 822 5925 virtutis
861 5887 1047 5941 opera,
1086 5877 1172 5932 ilic
1205 5879 1298 5949 qui
1331 5880 1535 5937 auxilio
1567 5891 1657 5938 tuo
1688 5881 1933 5952 privatus
1961 5890 2064 5939 cst.

2259 3861 2638 3931 Ἐμελέτησα
2665 3857 2734 3913 ἐν
2759 3855 2912 3914 πᾶσι
2947 3856 3074 3922 τοῖς
3109 3857 3307 3928 ἔργοις
3348 3874 3486 3914 σου.
3533 3859 3777 3914 Ἀνελῖτ-

2184 3974 2295 4011 των
2330 3955 2462 4026 παρ’
2509 3953 2735 4026 ἐμαυτῷ
2762 3954 2832 4008 τὰ
2871 3953 3158 4025 θαυμάσια
3194 3971 3286 4008 σου
3312 3993 3328 4018 ,
3358 3955 3454 4008 καὶ
3480 3953 3776 4023 λογιζόμε-

2185 4067 2275 4114 νος
2307 4049 2434 4111 τοὺς
2460 4047 2784 4116 παραδόξως
2839 4045 2948 4100 τῶν
2979 4045 3281 4118 συμφορῶν
3326 4045 3770 4115 ἀπαλλαγέντας.

2252 4230 2354 4284 Ἕν
2398 4228 2691 4298 ποιήμασι
2741 4227 2861 4284 τῶν
2902 4228 3122 4299 χειρῶν
3164 4246 3283 4284 σου
3327 4229 3648 4298 ἐμελέτων.
3673 4228 3771 4284 Ἐν

2182 4325 2298 4385 τοῖς
2326 4321 2786 4393 δημιουργήμασί
2850 4338 2944 4374 σου
2989 4321 3294 4392 ὲδιέτριϐον
3319 4325 3385 4394 τῇ
3425 4323 3640 4394 μνήμη,
3673 4324 3771 4376 καὶ

2183 4405 2460 4484 εὑρίσκων
2527 4413 2670 4467 αὐτὰ
2736 4413 3002 4482 προνοίας
3059 4416 3160 4482 τῆς
3191 4415 3345 4485 παρά
3401 4414 3498 4467 σοῦ
3554 4417 3771 4486 τυγχά-

2182 4523 2369 4569 νοντα,
2395 4504 2644 4576 χρηστὰς
2677 4503 2990 4574 ἐλάμϐανον
3024 4504 3274 4569 ἐλπίδας,
3311 4506 3386 4570 ὠς
3419 4506 3482 4560 οὐ
3526 4509 3768 4580 περιόψη

2186 4613 2254 4666 με
2282 4596 2514 4650 τοιαῦτα
2535 4597 2820 4668 πάσχοντα
2852 4596 2948 4650 καὶ
2981 4596 3534 4669 ταλαιπωρούμενον.

2255 4687 2590 4742 Δτεπέτασα
2635 4688 2788 4758 πρὸς
2830 4686 2908 4742 σὲ
2935 4689 3039 4754 τὰς
3064 4689 3272 4759 χεῖράς
3315 4707 3461 4759 μου.
3495 4692 3767 4764 Παρακα-

2182 4782 2311 4845 λῶν,
2339 4782 2432 4836 καὶ
2459 4782 2740 4853 δεόμενος.

2263 4875 2335 4930 ἸΙ
2363 4875 2532 4943 ψυχή
2562 4893 2682 4943 μου
2709 4875 2789 4941 ὡς
2824 4875 2900 4945 γῆ
2938 4875 3208 4945 ἆνυδρὰς
3237 4893 3357 4930 σοι.
3389 4877 3453 4929 Ἦ
3476 4876 3623 4947 ψυχή
3659 4895 3764 4946 μου

2182 4967 2322 5037 πρδς
2383 4967 2442 5019 σὲ
2477 4966 2690 5036 διψῶσα
2747 4967 3024 5038 βοηθείας,
3087 4969 3164 5035 ὡς
3216 4969 3290 5040 γῆ
3335 4969 3567 5043 ἄνυδρος
3625 4971 3764 5043 πρὸς

2183 5059 2338 5114 ὑετὸν
2378 5057 2591 5130 διψῶσα
2621 5057 2842 5125 ὓδατος.

2255 5238 2410 5307 Ταχὺ
2470 5239 2844 5294 είσὰκουσόν
2902 5258 3062 5309 μου,
3113 5244 3330 5311 Κύριε,
3387 5245 3635 5309 ἐξέλιπε
3688 5248 3758 5302 τὸ

2161 5332 2416 5404 ,πνεῦμὰ
2441 5351 2584 5402 μου.
2615 5333 2918 5399 Ἐξέλιπεν,
2976 5337 3101 5390 ὅσον
3133 5337 3324 5404 οῠπω,
3371 5339 3553 5409 ἀφῆκέ
3587 5357 3676 5411 με,
3705 5343 3757 5395 εἰ

2181 5425 2258 5495 μὴ
2291 5425 2502 5492 ταχέως
2530 5423 2879 5488 εἰσακούσεις
2912 5443 3038 5497 μου.

2246 5516 2346 5585 Μὴ
2381 5517 2778 5585 ἀποστρέψῃς
2824 5518 2891 5572 τὸ
2938 5521 3267 5589 πρόσωπόν
3305 5538 3421 5577 σου
3451 5525 3551 5578 ἀπ’
3580 5524 3757 5594 ἐμοῦ,

2169 5607 2270 5662 καὶ
2325 5608 2767 5677 ὁμοιωθήσομαι
2799 5609 2923 5676 τοῖς
2958 5613 3434 5667 καταϐαίνουσιν
3469 5617 3558 5680 εἰς
3602 5616 3753 5670 λάκ-

2171 5716 2307 5752 κον.
2344 5699 2436 5768 Μὴ
2469 5700 2845 5772 ἑγκαταλίπῃς
2872 5720 2962 5772 με,
2982 5705 3078 5756 καὶ
3101 5705 3304 5760 αὐτίκα
3337 5708 3746 5778 ἀποθανοῦμαι.

2179 5789 2386 5860 Νεκροὶ
2448 5791 2558 5860 γὰρ
2613 5793 2664 5845 οἱ
2725 5795 3155 5860 καταϐαίνοντες
3207 5800 3289 5862 εἰς
3347 5800 3589 5877 λάκκονο
3651 5803 3750 5858 καὶ

2178 5881 2348 5946 ὅντως
2388 5883 2603 5954 νεκρὸς,
2632 5887 2658 5938 ὁ
2684 5886 2782 5958 τῆς
2819 5887 2970 5962 παρὰ
3016 5890 3109 5944 σοῦ
3142 5891 3397 5964 βοηθείας
3437 5895 3746 5966 ὲστερημὲη
