4112 6422
327 347 461 415 ιειδι

1509 345 1896 407 (ῘΟΜΜΕΝΤ.
1947 341 2025 400 ΙΝ
2071 340 2438 402 PSALMOS.

3445 339 3587 404 1232

314 480 427 525 νος.
488 459 854 531 Ἀποστρέφει
903 457 959 514 δὲ
995 457 1056 512 τδ
1113 456 1430 526 πρόσωπον,
1484 459 1604 528 ἦτοι
1640 456 1738 525 τὴν
1772 456 1897 507 sm-

2018 452 2214 506 Avcrtit
2259 461 2441 506 autem
2471 450 2614 506 Deus
2640 449 2862 515 faciem,
2888 448 2994 505 hoc
3037 456 3143 517 est,
3176 451 3578 520 protectiouem

319 551 533 621 σκοπὴν
563 550 672 606 ἀπὸ
705 553 815 602 τῶν
851 548 1128 620 πονηρῶν·
1162 549 1432 616 Καθαρὸς
1465 548 1574 618 γὰρ
1604 550 1637 601 ὁ
1668 548 1898 616 ὀφθαλ-

227 677 234 680 -
312 643 431 711 μός
453 657 592 706 σου,
620 641 729 695 τοῦ
758 641 844 710 μὴ
883 639 1032 708 ὀρᾷν
1074 640 1328 708 πονηρά.

389 734 717 790 Ἀκουστὸν
738 735 1003 800 ,ποίησόν
1038 751 1139 802 μοι
1169 734 1236 787 τὸ
1266 733 1419 800 πρωϊ
1443 732 1510 787 τὸ
1547 733 1724 800 ἔλεός
1759 747 1900 800 σου,

321 825 410 878 ὅτι
449 824 546 878 ἐπὶ
581 823 681 877 σοὶ
717 824 973 892 ἤλπισα.
1030 823 1272 892 Μήνισὸν
1332 840 1420 892 μοι
1463 823 1603 893 ταχὺ
1649 822 1710 875 τὸ
1754 820 1904 886 ἔλεός

322 934 460 979 σου,
544 917 630 969 ἵνα
683 917 780 968 καὶ
828 916 934 986 πρὸ
999 913 1102 982 τῆς
1157 915 1354 984 πείρας
1389 955 1404 981 ,
1459 917 1526 984 τῇ
1593 913 1904 982 ἐπαγγελίᾳ

319 1008 737 1079 ψυχαγωγηθῶ.
783 1006 926 1062 Εἶτα
961 1011 1117 1078 καὶὴ
1152 1006 1493 1074 δικαιολογέα
1543 1006 1634 1059 τοῦ
1693 1008 1902 1076 τυχεῖν,

322 1101 406 1152 ὅτι
442 1102 536 1154 ἐπὶ
587 1100 672 1154 σο)⁸
729 1099 969 1172 ἧλπισα·
1030 1099 1191 1153 τοῦτο
1220 1101 1328 1169 γὰρ
1360 1095 1502 1152 οἶδεν
1557 1097 1904 1151 ἐπισπᾶσθαι

321 1192 416 1246 τὸν
447 1191 602 1248 Θεόν.

394 1371 711 1442 Γνώρισόν
733 1392 834 1443 μοι
859 1414 874 1439 ,
913 1373 1092 1444 Κύριε
1117 1414 1132 1440 ,
1171 1369 1319 1428 ὁδὸν
1353 1371 1424 1428 ἐν
1451 1366 1492 1444 ᾖ
1515 1373 1907 1444 πορεύσομαι,

286 1473 292 1477 ’
324 1468 417 1521 ὅτι
451 1468 602 1537 πρὸς
643 1467 718 1522 σὲ
741 1463 857 1538 ᾔρα
893 1466 1007 1536 τὴν
1033 1467 1250 1536 ψυχήν
1275 1486 1418 1538 μου.
1451 1469 1563 1522 Καὶ
1597 1469 1706 1538 μὴν
1748 1469 1842 1520 καὶ
1879 1467 1909 1518 6

327 1561 560 1628 φυσικὸς
600 1559 789 1628 νόμος,
841 1561 937 1619 καὶ
981 1558 1011 1611 ὁ
1049 1558 1296 1629 γραπτδς
1343 1558 1659 1612 διδάσκουσι
1693 1559 1792 1631 τὴν
1822 1558 1911 1612 εῦ-

327 1653 479 1708 θεῖαν
513 1651 655 1706 ὀδόν.
689 1653 759 1705 ’Ἡ
787 1652 973 1705 τοίνυν
1008 1651 1189 1717 τοῦτο,
1218 1651 1414 1723 φησιν,
1448 1653 1776 1724 κατεχώσθη
1806 1671 1910 1723 μου

325 1747 388 1799 τὸ
417 1746 668 1808 συνειδὸς
727 1745 833 1799 ὑπὸ
863 1743 964 1815 τῆς
991 1744 1293 1816 ἁμαρτίας,
1343 1745 1375 1814 ἢ
1433 1746 1516 1798 ὅτι
1580 1745 1752 1800 πολλὰ
1797 1749 1910 1811 τοῖς

330 1836 649 1906 ἀνθρώποις
681 1837 975 1908 ἠγνόηται.
1005 1836 1096 1889 Διδ
1119 1835 1215 1889 καὶ
1239 1835 1451 1900 Παῦλος
1484 1837 1639 1904 ἔλεγε
1658 1853 1670 1868 ·
1704 1838 1774 1894 Τὸ
1797 1839 1908 1907 γὰρ

326 1929 388 1982 τί
423 1928 934 1999 προσευξώμεθα,
974 1931 1074 1984 καὶ
1123 1929 1272 1985 καθὸ
1321 1929 1434 1995 δεῖ,
1485 1933 1595 1986 οὐκ
1639 1931 1907 2001 οἴδαμεν.

328 2019 478 2091 Πρὸς
511 2022 594 2086 σὲ,
647 2021 806 2092 φησι,
853 2021 1082 2092 κέχηνα,
1144 2020 1414 2093 γνώρισον
1467 2039 1559 2094 μοι
1594 2021 1736 2088 ὁδὸν,
1781 2025 1839 2078 ὲν
1875 2016 1910 2099 ᾗ

331 2113 540 2184 βαδίσω
573 2115 710 2185 πρδς
744 2114 827 2168 σέ.

414 2205 665 2270 Ἐξελοῦ
709 2223 786 2276 με
815 2207 884 2260 ἐκ
923 2205 1042 2260 τῶν
1082 2205 1314 2276 ἐχθρῶν
1331 2226 1488 2278 μου,
1521 2211 1716 2278 Κύριε,
1761 2211 1912 2278 πρὸς

329 2295 408 2349 σὲ
431 2296 774 2366 κατέφυγον
794 2313 808 2328 ·
849 2296 1101 2360 δίδαξον
1125 2316 1202 2368 με
1226 2299 1332 2355 τοῦ
1361 2301 1556 2355 ποιεῖν
1587 2302 1653 2354 τὸ
1684 2302 1914 2372 θέλημά

330 2405 470 2453 σου,
507 2390 596 2442 ὅτι
626 2389 707 2443 σὺ
735 2385 793 2444 εἷ
815 2393 848 2444 ό
881 2392 1025 2456 Θεός
1052 2408 1192 2460 μου.
1226 2392 1341 2446 Οὐκ
1388 2389 1544 2447 εἶπεν
1579 2394 1802 2459 Δίδαξόν
1842 2413 1912 2464 με

332 2483 396 2535 τὸ
420 2481 634 2550 θέλημά
671 2498 787 2547 σου,
820 2482 959 2536 ἀλλὰ
993 2481 1098 2536 Τοῦ
1131 2486 1326 2538 ποιεῖν.
1357 2483 1643 2555 Μακάριος
1675 2485 1784 2556 γὰρ
1814 2487 1913 2557 οὐχ

331 2577 362 2630 ὁ
395 2573 550 2638 εἰδὼς
584 2574 766 2645 μόνον,
808 2575 927 2628 ἀλλ’
953 2577 981 2629 ὁ
1013 2575 1110 2629 καὶ
1168 2577 1342 2632 ποιῶν
1372 2578 1528 2633 αὑτό.
1568 2581 1677 2632 Καὶ
1713 2579 1822 2652 γὰρ
1851 2578 1913 2633 τδ

337 2666 439 2736 μὲν
494 2666 719 2728 εἰδέναι,
763 2665 970 2737 ῥᾴδιον,
1015 2665 1077 2719 τὸ
1135 2667 1194 2720 δὲ
1248 2669 1426 2722 ποιεῖν
1460 2669 1763 2741 δυσχερές·
1816 2670 1914 2724 καὶ

335 2757 578 2826 μάλιστα
634 2757 734 2826 τῆς
788 2756 1004 2811 ἄνωθεν
1065 2757 1444 2826 διδασκαλίας,
1503 2763 1602 2816 καὶ
1657 2760 1916 2835 βοηθείας

329 2848 611 2917 δεόμενον.

409 2941 479 2995 Τὸ
511 2940 751 3007 πνεῦμα
800 2941 868 2993 τὸ
918 2940 1148 3009 ἀγαθὸν
1185 2941 1473 3010 ὁδηγήσει
1497 2958 1577 3013 με
1604 2943 1674 3000 ἐν
1708 2943 1786 3016 γῆ
1812 2947 1914 3001 εὐ-

332 3033 488 3100 θείᾳ.
519 3031 612 3086 Ἐν
641 3033 746 3103 ὁδῷ
771 3034 928 3104 ὀρθῇ,
957 3034 1051 3086 καὶ
1079 3034 1283 3104 ὀμαλῇ.
1321 3035 1562 3104 Τοιαύτη
1601 3037 1678 3102 δὲ,
1729 3040 1760 3107 ἡ
1814 3039 1915 3107 τῆς

2003 551 2060 596 et
2099 544 2406 598 custodiam
2440 559 2593 598 suam
2625 545 2692 597 ab
2737 543 3054 597 hominibus
3091 545 3271 613 pravis
3301 559 3315 596 :
3351 541 3589 600 Mundus

2003 635 2172 695 enim,
2201 634 2398 704 inquit,
2433 643 2510 688 est
2540 635 2722 688 oculus
2753 646 2871 688 tuus
2908 651 2968 688 ne
2998 634 3168 688 uideat
3192 651 3356 704 prava
3385 635 3453 691 “.

2077 729 2245 784 Vens.
2284 726 2338 782 8.
2373 729 2626 781 Auditum
2669 729 2759 794 [ac
2799 727 2927 780 mihi
2960 743 3113 780 mane
3157 729 3586 782 misericordiam

2006 829 2177 885 tuam,
2211 821 2337 890 quia
2363 821 2414 873 in
2450 828 2495 873 te
2522 819 2751 889 speravi.
2774 817 3031 889 Signiﬁca
3064 819 3219 884 mihi,
3247 820 3447 889 inquit,
3476 822 3588 874 cito

2006 913 2438 968 misericordiam
2482 925 2654 974 tuam,
2707 921 2764 967 ut
2811 922 2939 967 ante
2983 912 3404 982 experientiam,
3457 929 3585 982 pro-

2010 1007 2271 1061 missione
2308 1014 2401 1058 tua
2436 1005 2743 1074 refrigerer.
2778 1004 2980 1058 Deinde
3012 1005 3279 1058 rationem
3324 1006 3587 1075 apponit,

2007 1114 2108 1154 cur
2141 1099 2451 1169 praestanda
2487 1099 2534 1152 ei
2565 1099 2637 1152 sit
2674 1097 3079 1153 misericordia.
3123 1097 3259 1163 Quia
3294 1098 3501 1152 scilicet
3530 1098 3586 1151 in

2009 1201 2062 1246 ιο
2095 1193 2327 1259 speravi.
2359 1189 2751 1259 Ilujuscemodi
2792 1190 2940 1245 enim
2973 1205 3102 1260 spes
3128 1206 3462 1261 magnopere
3501 1205 3594 1244 so-

2012 1285 2087 1339 Ict
2123 1282 2290 1336 Deum
2320 1282 2641 1337 conciliare.

2085 1372 2285 1430 Notam
2319 1375 2408 1444 fac
2432 1375 2578 1440 mihi,
2604 1372 2847 1440 Domine,
2883 1373 3046 1441 viam,
3073 1373 3131 1427 in
3152 1388 3256 1440 qua
3287 1371 3590 1437 ambulubo,

2013 1471 2139 1542 quia
2176 1470 2246 1523 ad
2277 1479 2323 1522 te
2351 1468 2519 1522 levavi
2547 1469 2782 1521 animam
2816 1483 3010 1520 meam.
3044 1465 3208 1535 Atqui
3231 1505 3245 1527 ,
3280 1476 3389 1519 tam
3435 1475 3596 1520 natu-

2014 1565 2147 1619 ralis
2175 1563 2261 1618 lex
2297 1577 2462 1632 quam
2500 1562 2703 1631 scripta
2737 1597 2752 1624 ,
2784 1560 2986 1614 docent
3032 1565 3241 1613 rectam
3281 1559 3444 1612 viam.
3485 1557 3594 1613 Vc-

2016 1673 2136 1712 rum
2166 1671 2331 1720 nunc,
2355 1653 2439 1710 vel
2471 1654 2604 1708 illud
2636 1653 2819 1710 dicere
2845 1652 3098 1716 intendit,
3131 1651 3279 1722 quod
3305 1653 3596 1706 conscien-

2018 1748 2092 1801 tia
2120 1761 2220 1802 sua
2260 1744 2496 1814 peccatis
2527 1755 2669 1800 esset
2700 1744 2986 1814 inquinata
3016 1758 3032 1796 :
3063 1741 3146 1797 vel
3175 1742 3320 1813 quod
3358 1743 3595 1812 plurima

2017 1838 2086 1893 ab
2113 1835 2432 1892 hominibus
2465 1836 2812 1906 ignorantur.
2844 1835 3021 1904 Atque
3054 1832 3178 1890 ideo
3208 1833 3417 1888 Paulus
3448 1833 3598 1888 dice-

2014 1930 2109 1985 bat
2150 1943 2167 1984 :
2206 1929 2360 1994 Quod
2410 1945 2643 1992 oremus,
2677 1937 2726 1981 et
2754 1925 3199 1995 quemadmodum
3231 1934 3458 1994 oportet,
3503 1943 3596 1980 ne-

2013 2023 2211 2078 scimus
2242 2024 2312 2076 ⁹⁸.
2339 2022 2420 2077 Ad
2450 2032 2499 2077 te
2522 2021 2712 2091 igitur,
2740 2018 3354 2090 inquit,'oscitabundus
3380 2029 3594 2089 specto,

2014 2117 2201 2172 indica
2237 2115 2369 2170 mihi
2407 2113 2549 2168 viam
2584 2129 2682 2183 per
2711 2127 2876 2183 quam
2910 2112 3184 2167 ambulem
3222 2111 3289 2165 ad
3326 2121 3399 2168 te.

2086 2207 2252 2264 Vens.
2278 2209 2333 2265 9.
2360 2207 2516 2275 Eripe
2547 2224 2627 2261 me
2653 2206 2718 2260 de
2750 2205 2978 2260 inimicis
3001 2204 3151 2270 meis,
3180 2202 3419 2268 Domine,
3447 2201 3517 2256 ad
3549 2212 3600 2258 te

2014 2302 2252 2371 confugi,
2278 2302 2404 2354 doce
2436 2317 2515 2353 me
2541 2299 2717 2369 facere
2750 2298 3069 2352 voluntatem
3105 2306 3271 2359 tuam,
3309 2298 3432 2366 quia
3459 2296 3598 2351 Deus

2015 2414 2162 2450 meus
2209 2411 2262 2449 es
2308 2404 2386 2450 tu.
2458 2392 2577 2449 Non
2643 2393 2825 2448 dixit:
2875 2391 3020 2446 Doce
3082 2407 3171 2446 me
3229 2390 3595 2454 voluntatem,

2025 2490 2121 2545 sed
2159 2489 2306 2544 Doce
2341 2497 2399 2542 ut
2433 2485 2629 2541 faciam
2659 2499 2802 2540 eam.
2833 2482 3034 2539 Beatus
3064 2482 3244 2547 enim,
3274 2482 3471 2552 inquit,
3503 2482 3597 2552 qui

2015 2598 2126 2636 non
2159 2582 2308 2635 novit
2337 2589 2570 2644 tantum,
2609 2577 2705 2633 scd
2725 2577 2872 2648 ~facit
2905 2591 3048 2631 eam.
3075 2575 3422 2644 Cognoscere
3451 2577 3598 2629 enim

2017 2674 2239 2730 [acilius
2271 2682 2378 2736 est,
2413 2671 2632 2742 operari
2673 2683 2806 2725 vero
2838 2667 3138 2732 difﬁcilius,
3183 2667 3251 2721 iis
3295 2665 3600 2736 praesertim

2016 2765 2112 2838 qui
2151 2779 2388 2836 superna
2414 2763 2668 2818 doctrina
2709 2769 2874 2832 atque
2913 2774 3018 2831 ope
3045 2759 3315 2829 indigent.

2089 2942 2259 2999 Vens.
2291 2943 2380 2998 {0.
2415 2939 2647 3011 Spiritus
2687 2947 2808 2992 tuus
2840 2937 3006 2991 bonus
3034 2936 3254 2990 deducet
3282 2951 3364 2989 me
3402 2951 3457 2989 tn
3499 2944 3606 2990 ter-

2019 3054 2136 3092 ram
2162 3044 2381 3090 rectam.
2415 3034 2472 3086 In
2499 3033 2642 3086 viam
2674 3039 2875 3085 rectam
2916 3039 2970 3084 et
3024 3031 3264 3099 planam,
3290 3029 3469 3098 qualis
3517 3037 3605 3083 est

332 3124 560 3196 ἀρετῆς,
609 3123 744 3195 ὀρθὴ
798 3126 919 3193 μὲν,
958 3125 1032 3187 ὡς
1065 3123 1338 3195 ἀπλανὴς,
1364 3125 1544 3196 ὁμαλὴ
1583 3127 1660 3192 δὲ,
1702 3128 1776 3191 ὡς
1802 3130 1906 3182 ἁπ-

2027 3131 2110 3183 via
2142 3127 2384 3184 virtutis.
2439 3123 2610 3179 Recta
2653 3125 2916 3193 quidem,
2961 3122 3126 3177 veluti
3187 3123 3305 3176 sine
3362 3137 3599 3182 errore:

333 3215 657 3287 ηλλαγμένη
728 3216 980 3281 σκὼλων,
1046 3217 1144 3270 καὶ
1211 3220 1699 3290 προσκομμάτων·
1770 3223 1916 3290 ἅπερ

330 3309 442 3362 εἰσὶ
459 3308 529 3362 τὰ
563 3308 708 3378 παθη
736 3307 833 3376 τῆς
865 3309 1160 3380 ἁμαρτίας.

409 3400 664 3454 Ἕνεκεν
695 3400 802 3454 τοῦ
840 3399 1137 3469 ὀνόματός
1186 3414 1328 3468 σου,
1359 3402 1559 3469 Κύριε,
1590 3401 1790 3471 ζήσεις
1817 3422 1914 3474 με.

333 3496 411 3549 Οὐ
445 3494 534 3546 διὰ
567 3492 664 3564 τὴν
701 3493 840 3564 ἐμὴν
903 3493 1131 3564 ἀρετὴν,
1162 3493 1300 3548 ἀλλὰ
1331 3495 1419 3548 διὰ
1452 3495 1515 3548 τὸ
1556 3495 1730 3567 ὄνομά
1782 3516 1875 3551 σου
1899 3514 1914 3529 ·

335 3588 734 3659 φιλάνθρωπος
781 3588 892 3658 γὰρ
939 3587 1209 3658 ὀνομάζη,
1238 3588 1334 3642 καὶ¹
1359 3589 1632 3659 ἐλεήμων.
1686 3591 1918 3663 Εἴρηται

331 3682 391 3736 δὲ
426 3682 520 3735 καὶ
568 3683 625 3733 ὲν
655 3680 732 3750 τῷ
765 3678 870 3750 ριγ⁹
899 3679 1101 3750 ψαλμῷ
1130 3722 1146 3746 ,
1205 3679 1301 3747 Μὴ
1353 3681 1518 3750 ἡμῖν,
1576 3683 1780 3753 Κύριε,
1830 3686 1918 3755 μὴ

329 3771 500 3842 ἡμῖν,
524 3773 664 3826 ἀλλ’
695 3771 730 3839 ἢ
767 3767 847 3837 τῷ
890 3772 1141 3842 ὀνόματι
1166 3787 1284 3827 σου
1306 3774 1412 3839 δὸς
1436 3773 1648 3839 δόξαν.

417 3865 518 3918 Ἐν
559 3861 633 3931 τῇ
685 3863 1046 3933 δικαιοσύνῃ
1092 3881 1212 3920 σου
1259 3865 1501 3934 ἐξάξεις
1541 3867 1610 3922 ἐκ
1657 3870 1922 3937 θλίψεως

331 3954 451 4023 τὴν
497 3956 714 4024 ψυχήν
760 3972 904 4023 μου,
945 3954 1045 4008 καὶ
1104 3957 1176 4010 ἐν
1207 3956 1288 4022 τῷ
1337 3959 1494 4012 ἐλέει
1543 3976 1661 4013 σου
1710 3961 1922 4025 ἐξολοο

333 4051 617 4117 θρεύσεις
656 4047 799 4111 τοὺς
828 4046 1086 4116 ἐχθρούς
1105 4065 1248 4116 μου,
1290 4049 1388 4101 καὶ
1417 4049 1667 4115 ἀπολεῖς
1687 4051 1921 4120 πάντας

333 4138 479 4206 τοὺς
511 4140 834 4204 θλίϐοντας
863 4138 982 4206 τὴν
1011 4139 1230 4208 ψυχήν
1261 4157 1406 4208 μου.
1436 4139 1655 4212 Ἦνπερ
1680 4139 1834 4196 εἶπεν
1862 4147 1921 4199 ἐν

335 4233 482 4302 ἀρχῇ
544 4229 640 4284 τοῦ
701 4229 920 4301 ψαλμοῦ
957 4229 1336 4300 δικαιοσύνην,
1378 4229 1585 4302 ταύτην
1619 4231 1770 4300 λέγει
1825 4234 1921 4288 καὶ

337 4319 457 4388 νῦν,
515 4321 610 4374 καὶ
663 4319 732 4390 ἦν
785 4321 1045 4373 ἐκάλεσεν
1107 4318 1372 4390 ἀλήθειαν
1433 4322 1570 4388 ἐκεῖ,
1634 4322 1921 4394 ὠνόμασεν

339 4413 576 4468 ἐνταῦθα
608 4413 796 4476 ἔλεος·
848 4412 1225 4484 ὲξολόθρευσις
1271 4413 1334 4466 δὲ
1385 4413 1480 4466 καὶ
1528 4415 1775 4468 ἀπώλεια
1811 4416 1918 4470 τῶν

336 4508 547 4576 νοητῶν
601 4507 842 4579 ἐχθρῶν,
893 4507 928 4576 ἡ
974 4505 1243 4568 ἀπέλασις
1276 4505 1459 4560 αὐτῶν
1483 4545 1498 4569 ,
1535 4509 1629 4560 καὶ
1658 4511 1686 4561 ὁ
1719 4508 1916 4575 ἀφανι-

339 4605 498 4670 σμὸς,
532 4601 656 4653 ὅσον
681 4599 818 4670 πρὸς
845 4599 938 4653 τὸν
966 4596 1144 4652 ταῦτα
1189 4597 1452 4667 λέγοντα·
1493 4599 1554 4651 τὸ
1605 4597 1661 4651 δὲ
1695 4599 1920 4667 Ζήσεις

339 4691 435 4745 καὶ
488 4687 751 4754 ἐξάξεις,
817 4687 1296 4755 ἐξολοθρεύσεις,
1346 4689 1440 4742 καὶ
1489 4688 1762 4756 ἀπολεῖς,
1813 4691 1920 4743 εἰσὶ

341 4781 467 4851 μὲν,
503 4779 600 4834 καὶ
628 4778 983 4850 προφητικοῦ
1023 4779 1224 4846 τύπου,
1257 4780 1352 4832 κοιλ⁵
1381 4778 1660 4834 εύκτικοῦ.

411 4958 544 5013 Ὀτι
563 4957 680 5028 ἐγὼ
709 4956 932 5023 δοῦλός
948 4973 1064 5010 σου
1089 4959 1234 5027 ειμι.
1258 4959 1479 5023 Δοῦλος,
1499 4959 1572 5023 ὡς
1593 4961 1920 5032 θεραπεύειν

346 5049 731 5120 ἔπειγόμενος,
782 5048 876 5102 καὶ
924 5047 1224 5116 φυλάττειν
1269 5051 1338 5104 τὰ
1397 5051 1698 5105 δεσποτικὰ
1753 5069 1923 5124 προσο

344 5145 627 5216 τάγματα.
1375 5214 1380 5220 ἑ

597 5236 844 5306 Ψαλμὸς
875 5234 954 5300 τῷ
981 5233 1159 5289 Δαϐὶδ
1196 5235 1348 5302 πρὸς
1374 5234 1620 5291 romae.

878 5328 1173 5381 ΨΑΛΜΟΣ
1213 5325 1390 5383 ΡΜΓ¹.

421 5417 560 5476 Τινᾶ
585 5420 694 5474 τῶν
721 5420 1102 5490 ἀντιγράφων,
1155 5421 1258 5474 οὐκ
1290 5419 1473 5492 ἔχουσι
1528 5421 1592 5475 τὸ
1634 5423 1789 5492 Πρὸς
1818 5401 1948 5479 τὸν,

347 5513 594 5569 Γολιάθ.
637 5511 803 5565 Οὐδὲν
827 5511 884 5563 δὲ
913 5509 1117 5563 κωλύει
1147 5512 1242 5565 καὶ
1268 5511 1430 5564 τοῦτο
1464 5514 1793 5583 προκεῖσθαι
1824 5514 1920 5570 τοῦ

347 5599 593 5673 ψαλμοῦ,
649 5602 788 5672 μετά
833 5617 897 5670 γε
947 5601 1008 5654 τὸ
1059 5601 1178 5671 μετ’
1222 5603 1436 5656 ἐκείνου
1485 5604 1772 5678 τρόπαιον,
1827 5609 1922 5662 καὶ

423 5787 474 5822 ’⁸
500 5787 704 5844 llabac.
732 5804 770 5857 ι,
808 5787 894 5844 I5.
968 5788 1015 5821 ’⁸
1054 5788 1212 5846 Rom.
1246 5787 1484 5856 rnt,9.6.

2022 3219 2183 3290 plana
2216 3229 2367 3282 vero,
2404 3223 2666 3283 tanquam
2701 3210 2962 3283 periculis
2990 3221 3041 3265 et
3075 3211 3351 3265 scandalis
3387 3212 3600 3265 libera:

2019 3325 2140 3382 quae
2181 3308 2364 3363 dicere
2401 3321 2696 3379 possumus
2725 3320 2850 3360 esse
2881 3303 3141 3373 peccandi
3178 3302 3430 3357 alfectus.

2091 3403 2309 3470 Propter
2339 3414 2525 3454 nomen
2561 3407 2736 3462 tuum,
2759 3395 2996 3461 Domine,
3033 3395 3320 3463 viviﬁcabis
3343 3409 3442 3447 me.
3482 3391 3602 3448 Non

2019 3496 2087 3549 oh
2120 3507 2292 3546 meam
2329 3491 2584 3544 virtutem
2611 3528 2627 3552 ,
2662 3488 2758 3544 sed
2787 3497 3009 3558 propter
3035 3495 3190 3540 tuum
3235 3501 3454 3542 nomen.
3495 3484 3600 3538 Mi-

2021 3588 2260 3643 sericors
2291 3584 2492 3640 etenim
2533 3581 2846 3651 appellaris,
2881 3588 2939 3633 ut
2974 3581 3180 3634 dictum
3213 3586 3320 3643 est,
3367 3578 3422 3632 in
3455 3576 3607 3647 psal-

2021 3693 2110 3733 mo
2135 3690 2288 3742 cxnt,
2323 3675 2396 3729 ibi
2429 3691 2444 3727 :
2478 3669 2601 3725 Non
2626 3671 2794 3736 nobis,
2818 3668 3066 3736 Domine,
3092 3668 3382 3733 nonnobis,
3407 3670 3495 3722 sed
3513 3683 3609 3720 no-

2023 3771 2154 3825 mini
2180 3778 2268 3822 tuo
2293 3767 2362 3820 da
2386 3765 2636 3835 gloriam.

2094 3863 2258 3917 Vens.
2279 3861 2365 3928 il,
2384 3859 2474 3913 21.
2501 3856 2566 3911 1η
2590 3855 2807 3925 justitia
2828 3864 2939 3919 tua,
2958 3853 3144 3908 educes
3171 3849 3235 3906 de
3266 3850 3612 3906 tribulatione

2023 3956 2260 4009 animum
2303 3966 2499 4012 meam,
2527 3959 2572 4002 et
2615 3949 2669 4000 in
2707 3945 3076 4000 misericordia
3110 3953 3202 3998 tua
3230 3946 3609 3999 exterminabis

2021 4045 2262 4099 inimicos
2281 4057 2441 4104 meos,
2477 4049 2524 4092 et
2557 4037 2738 4107 perdes
2769 4053 2946 4090 omnes
2969 4037 3060 4106 qui
3090 4035 3347 4089 tribulant
3371 4035 3608 4088 animam

2021 4153 2215 4191 meam.
2246 4136 2418 4202 Quam
2455 4132 2566 4186 illic
2589 4131 2858 4200 justitiam
2890 4129 2977 4183 hic
3005 4125 3504 4199 quoqueiustitiam
3526 4125 3612 4180 di-

2021 4230 2121 4294 cit,
2145 4237 2199 4284 ct
2229 4242 2396 4298 quam
2422 4225 2533 4280 illic
2560 4224 2843 4278 veritatem
2862 4221 3021 4286 dixit,
3053 4233 3201 4276 nunc
3233 4218 3367 4273 dicit
3393 4217 3613 4272 miscri-

2023 4322 2290 4378 cordiam.
2330 4315 2736 4373 Exterminabis
2770 4323 2952 4369 autem
2983 4323 3034 4367 et
3063 4312 3260 4383 perdes
3309 4309 3612 4365 invisibiles

2025 4412 2303 4475 inimicos,
2347 4411 2451 4464 hoc
2478 4418 2587 4470 est,
2616 4406 2856 4477 expelles
2881 4416 2933 4459 ct
2962 4403 3172 4460 delebis
3193 4402 3310 4464 eos.
3340 4409 3608 4472 quantum

2025 4506 2234 4560 scilicet
2266 4503 2502 4572 pertinet
2531 4501 2594 4555 ad
2630 4500 2832 4569 ipsum,
2859 4498 2952 4569 qui
2986 4497 3090 4552 hoc
3120 4495 3274 4566 petit.
3299 4495 3455 4560 Quod
3482 4510 3614 4549 vero

2027 4599 2102 4652 ait
2140 4614 2155 4650 :
2199 4595 2519 4666 Vini/iratis,
2549 4591 2942 4655 exterminabis,
2968 4598 3016 4644 et
3040 4589 3242 4657 perdes,
3270 4604 3376 4643 non
3400 4595 3615 4642 tantum

2028 4692 2082 4745 in
2119 4705 2182 4744 eo
2223 4705 2390 4744 sensu
2443 4686 2674 4757 intelligi
2733 4693 2956 4756 potest,
2991 4693 3047 4736 ut
3083 4681 3246 4736 verba
3290 4679 3460 4734 futuri
3506 4679 3618 4732 sint

2029 4784 2314 4854 temporis,
2366 4789 2420 4834 et
2462 4779 2802 4850 prophetiam
2849 4775 3192 4838 contineant,
3241 4773 3334 4828 sed
3385 4769 3616 4840 intelligi

2025 4877 2194 4931 etiam
2225 4881 2482 4944 possunt,
2513 4883 2574 4925 ut
2609 4873 2662 4924 in
2699 4869 2942 4939 optantis
2975 4866 3196 4923 modum
3231 4865 3342 4920 sint
3368 4865 3532 4919 dicta.

2102 4967 2242 5034 Quia
2273 4983 2364 5037 ego
2399 4981 2579 5020 servus
2615 4973 2736 5017 tuus
2783 4979 2926 5017 sum.
2967 4959 3042 5016 Eo
3076 4961 3222 5030 quod
3261 4967 3314 5012 et
3353 4957 3616 5010 in~crsire

2029 5055 2128 5110 tibi
2163 5055 2384 5117 festino,
2416 5062 2470 5108 et
2500 5062 2771 5123 praecepta
2799 5063 2912 5118 tua,
2946 5060 3200 5119 tanquam
3225 5045 3441 5125 Domini
3461 5045 3614 5116 iussa

2031 5147 2325 5203 observare
2359 5153 2568 5215 satago.

2247 5237 2495 5292 Psalmus
2528 5239 2630 5305 ipsi
2665 5236 2835 5292 David
2866 5233 3120 5289 adversus
3161 5231 3394 5292 Goliuth.

2555 5325 2876 5382 PSALBIUS
2921 5323 3150 5380 CXLIII.

2105 5419 2364 5491 Quadam
2397 5421 2728 5491 exemplaria
2762 5433 2871 5472 non
2907 5418 3110 5472 habent
3143 5414 3308 5471 verba
3340 5415 3469 5470 illa:
3502 5413 3612 5468 Ad-

2030 5533 2210 5572 versus
2241 5515 2481 5572 Gotiath.
2515 5513 2661 5567 Nihil
2703 5521 2884 5567 tamen
2933 5510 3325 5580 impedimento
3355 5519 3440 5563 est
3477 5509 3610 5578 quin

2029 5611 2221 5668 adesse
2255 5609 2471 5682 possint
2507 5624 2520 5662 :
2554 5607 2716 5681 quasi
2746 5603 3086 5678 compositus
3131 5601 3295 5658 fuerit
3325 5600 3417 5657 hic
3459 5601 3610 5676 psal-
