4112 6416
492 339 627 402 1287

1705 331 2091 394 ΕΠΤΠΥΜΙΙ
2110 328 2485 392 ZIGABENI

3598 324 3740 397 1288

493 458 697 516 ﬁcitur.
754 452 800 507 si
862 452 1107 523 quinque
1154 449 1403 523 corporis
1444 465 1665 518 sensus,
1714 460 1770 506 et
1822 453 2065 521 quinque

2174 451 2334 503 πέντε
2366 448 2461 502 τοῦ
2502 447 2756 519 σώματος
2784 448 3088 520 αἰσθήσεις,
3132 448 3223 502 καὶ
3265 448 3363 513 τὰς
3392 449 3553 503 πέντε
3581 451 3747 504 δυνά·

492 547 659 601 animi
693 545 987 616 potentias,
1021 546 1077 600 in
1118 560 1179 601 se
1221 556 1348 615 apte
1396 553 1561 615 atque
1624 544 1898 599 concinne
1951 545 2067 600 dis-

490 640 703 709 positas
769 637 1041 693 habuerit.
1112 637 1341 703 Quoties
1404 638 1570 708 igitur
1639 636 1835 691 oculus
1914 646 2065 691 recta

492 730 665 792 videt,
694 739 748 784 et
778 730 926 783 auris
958 730 1346 799 spiritualibus
1372 744 1611 799 superne
1658 728 1890 783 intendit
1917 729 2068 782 voci—

491 821 629 887 bus,
693 829 748 874 ct
804 821 996 889 reliqui
1064 836 1257 876 omnes
1322 837 1386 873 ac
1451 819 1651 890 singuli
1706 835 1944 881 sensus,
2005 828 2063 874 et

493 911 753 980 potentia:
806 911 1083 981 prmdicta:
1145 911 1727 981 irreprehensibiliter,
1783 919 1838 965 et
1902 910 2067 980 digne

493 1002 629 1065 Deo,
685 1003 737 1055 id
790 1015 1117 1071 (sperantur,
1171 1005 1317 1073 quod
1358 1006 1514 1058 decet
1555 1020 1568 1056 :
1610 1013 1739 1057 tunc
1793 1002 1846 1055 in
1900 1003 2067 1057 deca-

493 1096 701 1150 ('lIOI‘dO
739 1098 1002 1165 psalterio
1050 1097 1156 1150 Deo
1190 1099 1464 1159 cauimus.
1518 1097 1677 1166 eique
1712 1095 1918 1165 gratias
1946 1096 2065 1167 agi-

494 1201 635 1247 mus,
669 1198 719 1238 et
759 1187 909 1240 illius
943 1202 1141 1240 nomen
1173 1186 1567 1255 gloriﬁcamus.

561 1273 732 1330 Vens.
765 1277 851 1330 10.
886 1275 987 1341 Qui
1022 1277 1118 1330 das
1149 1278 1373 1330 salutem
1409 1277 1638 1346 regibus.
1689 1274 1877 1345 Neque
1918 1276 2064 1331 enim

487 1368 787 1428 exercitus,
836 1378 930 1420 aut
978 1366 1228 1420 humanae
1263 1367 1425 1429 vires,
1474 1367 1688 1422 salvare
1731 1383 1826 1422 eos
1860 1369 2065 1431 solent,

489 1456 583 1509 sed
618 1455 707 1510 Dei
738 1461 996 1526 potentia.

568 1554 676 1619 Qui
733 1553 947 1607 redimis
982 1553 1155 1607 David
1195 1568 1401 1607 servum
1434 1562 1582 1607 tuum
1621 1554 1686 1609 de
1727 1555 1908 1625 gladio
1946 1573 2067 1609 ma-

488 1651 650 1716 ligno.
700 1646 775 1701 Ex
818 1647 971 1717 gravi
1013 1648 1226 1702 scilicet
1277 1649 1487 1716 prmlio,
1550 1656 1718 1719 atque
1770 1665 1837 1703 ex
1867 1650 2065 1704 acerba

488 1745 685 1792 morte.

558 1832 723 1888 Vens.
760 1834 852 1888 ll.
884 1832 1040 1901 Eripe
1068 1849 1170 1896 me,
1203 1843 1251 1888 et
1277 1849 1399 1888 erue
1427 1850 1506 1888 me
1533 1833 1598 1888 de
1625 1850 1784 1887 manu
1828 1834 2063 1903 ﬁliorum

487 1927 807 1990 alienorum,
856 1943 1081 1995 quorum
1135 1944 1191 1979 os
1241 1927 1479 1980 locutum
1526 1937 1604 1981 est
1647 1928 1959 1991 vanitatem,
2015 1937 2064 1979 et

486 2020 701 2073 dextera
724 2035 907 2071 eorum
938 2019 1154 2072 dextera
1187 2019 1487 2087 injustitiw.
1528 2017 1653 2073 llam
1695 2019 1858 2073 verba
1897 2019 2063 2073 etiam

487 2118 743 2179 superius
803 2111 952 2165 dicta
998 2120 1148 2175 sunt,
1184 2126 1372 2165 verum
1431 2111 1620 2166 eadem
1676 2127 1821 2165 nunc
1870 2112 2066 2180 repetit

485 2200 777 2270 Propheta,
800 2202 1105 2256 orationem
1131 2218 1193 2256 ac
1213 2218 1404 2271 preces
1424 2204 1738 2273 suasmagis
1753 2203 2064 2258 intendens.

562 2291 728 2347 Vens.
764 2294 849 2346 12.
881 2296 1121 2359 Quorum
1153 2296 1257 2364 ﬁlii
1280 2311 1461 2348 eorum
1493 2296 1631 2348 sicut
1668 2296 1885 2349 nouella:
1910 2295 2066 2363 plan-

488 2387 735 2450 taliones,
781 2387 1034 2439 stabilita:
1092 2387 1146 2440 in
1208 2387 1480 2455 juventule
1530 2404 1648 2441 sua.
1724 2386 2063 2443 Felicitatem

486 2494 675 2531 eorum
739 2478 1048 2543 describit,
1103 2488 1156 2533 et
1210 2480 1457 2535 divitias.
1517 2481 1802 2547 Quorum,
1861 2480 2063 2549 inquit,

488 2569 583 2620 lilii
633 2567 894 2622 ﬂorentes
955 2578 1108 2633 sunt,
1158 2578 1325 2639 atque
1383 2572 1436 2625 iu
1484 2573 1689 2643 vigore,
1745 2573 1915 2627 veluti
1968 2588 2066 2627 no.

488 2659 641 2711 vellae
676 2659 874 2726 planta:
908 2669 1079 2714 aucta:
1119 2661 1172 2713 in
1224 2660 1511 2729 iuventute
1557 2678 1678 2717 sua.

559 2748 717 2802 Filia
740 2766 917 2803 eorum
945 2750 1211 2820 eleganter
1245 2754 1545 2820 compositae
1569 2796 1586 2821 ,
1635 2764 1792 2823 atque
1831 2764 2065 2815 ornatae.

490 2851 546 2894 ut
571 2841 865 2895 similitudo
894 2844 1089 2911 temp'i.
1128 2842 1239 2897 lloc
1256 2854 1363 2907 est,
1405 2855 1611 2899 ornata:
1641 2847 1814 2901 instar
1835 2846 2019 2915 templi
2049 2863 2063 2911 ;

489 2933 572 2987 vel
619 2932 755 2985 adeo
784 2944 1010 2996 ornatae,
1042 2942 1097 2986 ut
1139 2935 1208 2988 ob
1237 2950 1507 2990 summam
1532 2938 1878 3007 elegantiam,
1902 2945 2067 3005 atque

487 3032 887 3086 ornamentum,
922 3022 1105 3093 templi
1139 3022 1440 3078 similitudo
1471 3024 1778 3081 videantur.

2173 559 2296 612 μεις
2357 542 2457 611 τῆς
2509 542 2709 611 ψυχῆς.
2759 542 2927 594 Ὅταν
2961 537 3052 595 οὖν
3091 544 3119 595 ὁ
3172 542 3269 611 μὲν
3300 540 3577 611 ὀφθαλμὸς
3610 541 3749 610 ὀρθὰ

2169 635 2429 705 βλέπῃ,ή
2468 634 2525 688 δὲ
2568 635 2706 703 ἀκοὴ
2741 634 3144 704 πνευματικοὺς
3201 635 3479 703 ἐνηχεῖται
3530 633 3746 700 λόγους,

2169 728 2265 780 καὶ
2295 727 2503 796 ἑκάστη
2563 726 2672 778 τῶν
2718 726 3030 796 εἰρημένων
3074 725 3385 796 αἰσθήσεων
3440 727 3535 778 καὶ
3585 726 3749 779 δυνά-

2171 836 2338 888 μεων,
2371 818 2676 887 ἀμέμπτως
2704 818 2800 871 καὶ
2832 818 3095 887 Θεοφιλῶς
3119 820 3318 887 ἐνεργῇ
3349 818 3415 872 τὰ
3440 819 3745 888 πρέποντα,

2166 912 2288 964 τότε
2316 912 2404 963 διὰ
2430 911 2540 963 τῶν
2568 911 2699 963 δέκα
2733 911 2961 976 τούτων,
3021 912 3096 974 ὡς
3161 912 3293 964 δέκα
3338 912 3576 982 χορδαῖς,
3628 911 3747 983 ᾅδει

2166 1021 2270 1071 τις,
2307 1004 2398 1057 καὶ
2425 1006 2761 1074 εὐχαριστεῖ,
2808 1004 2900 1057 καὶ
2926 1004 3138 1068 δοξάζει
3167 1004 3257 1058 τὸν
3284 1005 3437 1059 Θεόν.

2246 1276 2329 1342 Τῷ
2357 1275 2583 1329 διδόντι
2614 1276 2729 1345 τὴν
2774 1279 3077 1346 σωτηρίαν
3105 1280 3229 1344 τοῖς
3256 1277 3611 1344 βασιλεῦσι.
3666 1282 3744 1334 Οὐ

2167 1368 2275 1436 γὰρ
2308 1369 2690 1437 στρατόπεδαι,
2719 1371 2812 1423 καὶ
2834 1372 3076 1425 τοιαῦται
3106 1372 3384 1443 δυνάμεις,
3435 1373 3605 1443 ἀλλ’ἢ
3650 1372 3744 1425 τοῦ

2166 1461 2302 1514 Θεοῦ
2335 1463 2498 1533 ῥοπή.

2244 1550 2333 1617 Τῷ
2360 1552 2747 1622 λυτρουμένῳ
2778 1554 2977 1615 Δαόὶδ,
3020 1554 3129 1608 τὸν
3159 1554 3387 1610 δοῦλον
3424 1557 3634 1622 αὐτοῦ,
3675 1558 3747 1612 ἐκ

2166 1643 2462 1713 ῥομφαίας
2484 1643 2771 1713 πονηρᾶς.
2800 1646 2896 1699 Ἐκ
2929 1646 3167 1716 πολέμου
3217 1647 3416 1713 δεινοῦ,
3446 1652 3541 1703 καὶ
3580 1650 3746 1704 Gavi-

2168 1754 2263 1789 του
2291 1736 2515 1806 πικροῦ.

2251 1831 2463 1885 Ῥῦσαί
2478 1822 2582 1900 με,
2607 1832 2705 1886 καί
2731 1832 2947 1897 ἐξελοῦ
2970 1851 3046 1902 με
3074 1834 3143 1887 ἐκ
3177 1835 3376 1904 χειρὸς
3438 1836 3585 1890 υἱῶν
3638 1821 3748 1892 ἀλ-

2166 1924 2442 1991 λοτρίων,
2466 1920 2553 1977 ὧν
2582 1924 2649 1977 τὸ
2679 1927 2874 1993 στόμα
2902 1925 3175 1992 ἐλάλησε
3208 1928 3595 1996 ματαιότητα,
3645 1930 3747 1983 καί

2168 2014 2204 2080 ή
2252 2016 2420 2078 δεξιὰ
2452 2015 2669 2081 αὐτῶν,
2710 2016 2881 2081 δοξιὰ
2919 2017 3173 2081 ἀδικίας.
3227 2014 3359 2070 Eine
3396 2019 3591 2085 ταῦτα,
3651 2021 3748 2074 καὶ

2167 2105 2427 2177 ἀνωτέρω
2448 2124 2463 2139 υ
2492 2106 2789 2174 διττο).ογεί
2814 2108 2895 2173 δὲ,
2924 2108 3023 2179 τὴν
3065 2108 3252 2178 δέησιν
3291 2110 3599 2163 δπιτείνων.

2240 2279 2356 2342 Ὠν
2399 2289 2454 2341 oi
2482 2287 2601 2342 υἱοί
2632 2286 2833 2342 αὐτῶν
2862 2289 2942 2353 ὡς
2968 2288 3231 2356 νεόφυτα
3259 2287 3545 2355 ἱδρυμένα
3572 2286 3641 2339 ἐν
3670 2280 3745 2353 τῇ

2168 2381 2405 2447 νεότητι
2434 2378 2653 2435 αὐτῶν.
2685 2381 2797 2449 Τὴν
2832 2382 3133 2451 εὐημερίαν
3179 2379 3363 2432 αὐτῶν
3409 2380 3741 2449 ὑπογράγει,

2169 2475 2267 2528 καὶ
2295 2475 2386 2528 τὸν
2414 2473 2665 2527 πλοῦτονο
2698 2469 2774 2527 ὧν
2803 2475 2851 2527 oi
2879 2474 3006 2538 υἱοὶ,
3034 2474 3227 2543 φησιν,
3260 2472 3534 2539 εὐθαλεῖς,
3563 2472 3747 2540 ἀκμά-

2168 2566 2355 2629 ζοντες
2389 2567 2465 2629 ὼς
2489 2566 2722 2635 νεόφυτα
2752 2565 3059 2636 ηὑξάμενα,
3094 2566 3153 2617 ὲν
3180 2568 3245 2636 τῇ
3280 2565 3496 2635 νεότητι
3537 2563 3740 2618 αὐτῶν.

2232 2747 2300 2799 Αἱ
2332 2743 2650 2811 θυγατέρες
2678 2744 2877 2799 αὐτῶν
2899 2743 3485 2813 κεκαλλωπισμέναι,
3513 2761 3749 2811 περικε-

2169 2835 2654 2904 κοσμημέναιὼς
2687 2838 2951 2906 ὁμοίωμα
3002 2838 3174 2892 ναοῦ.
3243 2837 3532 2907 Ὀμοίωμα
3586 2836 3740 2903 ναοῦ,

2168 2929 2201 2998 ἦ
2233 2928 2309 2991 ὡς
2340 2929 2518 2982 δοκεῖν
2556 2930 2810 3000 ὁμοίωμα
2866 2930 3019 2997 ναοῦ,
3063 2930 3206 2983 κατὰ
3238 2931 3464 2999 κόσμον,
3515 2932 3609 2984 καὶ
3653 2931 3747 2984 τὸν

2170 3021 2577 3089 καλλωπισμόν.

564 3110 729 3166 Vens.
764 3112 851 3167 l3.
881 3111 1266 3181 Promptuaria
1295 3132 1475 3169 eorum
1514 3118 1670 3187 plena
1692 3157 1707 3181 ,
1761 3124 2061 3178 eructantia

2245 3113 2320 3165 Τὰ
2377 3110 2585 3179 ταμεῖα
2646 3111 2845 3166 αὐτῶν
2900 3112 3125 3182 πλήρη,
3185 3116 3620 3185 ἐξερευγόμενα
3676 3112 3748 3166 ἐκ

484 3221 550 3258 ex
574 3204 670 3257 hoc
698 3206 749 3257 in
774 3204 887 3259 ltoc.
920 3207 1027 3261 Hoc
1048 3217 1150 3271 est,
1188 3208 1259 3263 ob
1286 3210 1508 3264 multam
1534 3213 1940 3270 reconditorum
1967 3217 2065 3271 ho-

491 3308 683 3345 norum
720 3294 954 3363 copiam.
998 3298 1051 3350 in
1080 3298 1230 3352 aliud
1265 3302 1698 3371 promptuarium
1750 3314 2011 3359 evacuata
2047 3323 2061 3360 :

489 3384 644 3450 quasi
674 3384 843 3452 prima
878 3386 967 3438 illa
1003 3391 1379 3458 promptuaria
1407 3401 1592 3446 essent
1623 3401 1878 3462 angusta,
1903 3404 2066 3463 atque

485 3475 611 3527 ideo
639 3476 813 3530 delata
846 3480 911 3531 ail
942 3481 1145 3550 majora
1195 3485 1567 3553 promptuaria
1598 3500 1615 3551 ;
1650 3486 1825 3556 juxta
1877 3487 2011 3543 illud
2047 3504 2064 3545 :

487 3565 769 3621 Destruam
796 3571 987 3625 horrea
1019 3588 1155 3636 mea,
1183 3584 1231 3627 et
1257 3576 1465 3644 majora
1499 3577 1779 3646 aediﬁcabo
1809 3580 1879 3633 ⁸ο.

557 3657 724 3713 Vens.
756 3660 845 3713 14.
876 3661 1010 3716 Oves
1033 3679 1213 3717 eorum
1241 3664 1513 3733 fecundte,
1562 3668 1976 3737 multiplicantes
2013 3674 2069 3723 in

487 3753 778 3820 egressibus
809 3755 942 3817 suis,
980 3757 1128 3811 boves
1157 3774 1338 3811 eorum
1362 3760 1601 3830 pingues.
1644 3759 1747 3815 Per
1788 3775 2066 3829 egressus,

487 3850 584 3895 aut
611 3850 798 3912 partus
834 3843 1138 3916 intelligere
1165 3849 1425 3905 debemus
1454 3892 1469 3917 ,
1499 3860 1595 3905 aut
1637 3851 1818 3907 exitus
1853 3851 1921 3907 ad
1974 3868 2070 3923 pa-

486 3947 640 3988 scua.

559 4023 682 4078 Non
707 4035 783 4080 est
822 4029 978 4082 ruina
1002 4030 1245 4084 maceria:
1273 4068 1289 4093 ,
1345 4047 1504 4102 neque
1535 4034 1794 4090 transitus
1825 4074 1842 4101 ,
1901 4054 2067 4108 neque

487 4116 689 4170 clamor
714 4117 766 4170 in
794 4118 983 4185 plateis
1009 4136 1213 4176 eorum.
1238 4121 1353 4176 Non
1380 4131 1591 4178 tantum
1612 4140 1803 4181 eorum
1853 4138 2067 4199 segetes

486 4216 543 4260 et
571 4210 747 4278 campi
806 4209 1021 4276 ﬂorent,
1062 4222 1116 4268 et
1142 4214 1349 4281 vineae;
1374 4217 1468 4271 sed
1505 4218 1731 4275 stabiles
1753 4222 1915 4276 etiam
1942 4232 2070 4278 sunt

485 4313 673 4354 eorum
718 4304 984 4358 maceriae.
1032 4305 1132 4361 Per
1188 4310 1487 4363 maceriam
1540 4313 1707 4366 etiam
1739 4353 1754 4379 ,
1808 4329 1903 4369 seu
1962 4314 2069 4386 [ut

486 4392 668 4461 potius
700 4392 888 4447 Graeca
914 4394 1083 4450 dictio
1114 4399 1368 4468 φραγμδς
1389 4401 1716 4473 signiﬁcat].
1739 4419 1835 4472 per
1856 4420 2062 4475 sepem,

2168 3203 2385 3258 τούτου
2409 3207 2495 3270 είς
2526 3204 2720 3259 τοῦτο.
2768 3205 3173 3261 ’Δποκενοῦντα
3200 3210 3281 3272 εις
3311 3207 3501 3280 ἕτερον
3550 3206 3638 3260 διὰ
3682 3207 3746 3259 τὸ

2169 3298 2626 3367 στενοχωρεῖσθαι
2658 3297 2738 3367 τῷ
2788 3298 2985 3369 πλήθει
3030 3299 3140 3353 τῶν
3199 3298 3741 3370 τεθησαυρισμένων.

2170 3390 2242 3442 Ἦ
2270 3394 2359 3444 καὶ
2384 3391 2551 3461 φοροῦ
2560 3408 2696 3461 μενα
2716 3394 2797 3455 είς
2828 3392 3071 3461 μείζονα,
3105 3394 3247 3447 κατὰ
3276 3394 3337 3446 τὸ
3362 3391 3601 3447 Καθελῶ
3618 3408 3742 3461 μου

2167 3481 2274 3547 τὰς
2312 3481 2652 3548 ἀποθήκας,
2675 3482 2772 3535 καί
2798 3481 3080 3553 μείζονας
3104 3483 3502 3551 οἰκοδομήσω.

2246 3664 2321 3717 Τὰ
2350 3666 2615 3731 πρόϐατα
2650 3663 2849 3719 αὐτῶν
2897 3665 3223 3729 πολύτοκα,
3256 3664 3645 3731 πληθύν-οντα
3672 3660 3745 3713 ἐν

2170 3754 2299 3821 ταῖς
2330 3755 2564 3820 ἐξόδοις
2594 3755 2815 3810 αὐτῶν*
2850 3759 2906 3810 bl
2929 3757 3081 3822 ,βόες
3107 3754 3309 3809 αὐτῶν
3331 3754 3569 3823 παχεῖς.
3591 3753 3743 3817 Ἐξό-

2169 3847 2294 3909 δους
2326 3847 2359 3916 ἢ
2390 3848 2487 3909 τὰς
2518 3848 2803 3918 γεννήσεις
2831 3847 3083 3917 νοοῦμεν,
3113 3845 3268 3921 ἣτάς
3297 3848 3391 3901 ἐπὶ
3434 3847 3532 3909 τὰς
3571 3845 3744 3915 νομὰς

2172 3940 2462 4010 προόδους.

2236 4032 2360 4083 Οὐκ
2389 4030 2524 4084 ἐστι
2560 4030 2919 4099 κατάπτωμα
2942 4030 3242 4100 φραγμοῦ,
3276 4030 3420 4085 οὐδὲ
3447 4030 3743 4095 διέξοδος,

2170 4123 2313 4177 οὐδέ
2341 4124 2575 4192 κραυγὴ
2600 4123 2672 4176 ἐν
2703 4123 2834 4189 ταῖς
2866 4124 3181 4188 πλατείαις
3208 4125 3426 4179 αὐτῶν.
3466 4126 3541 4178 Οὐ
3584 4125 3746 4193 μόνον

2169 4213 2417 4282 κομῶσιν
2441 4214 2620 4266 αὐτῶν
2645 4214 2714 4266 τὰ
2741 4214 2869 4283 λήῖα
2896 4215 2988 4267 καὶ
3004 4216 3050 4266 οί
3078 4214 3425 4285 ἀμπελῶνες,
3451 4215 3567 4268 ἀλλ’
3590 4216 3749 4269 ἑστᾶ-

2174 4320 2224 4356 σι
2252 4304 2347 4357 καὶ
2367 4307 2415 4357 οί
2446 4305 2653 4358 τούτων
2687 4305 2955 4375 φραγμοίο
2985 4306 3241 4377 φραγμὸς
3269 4306 3325 4359 δὲ
3354 4308 3449 4359 καὶ
3483 4306 3542 4358 τὸ
3569 4308 3748 4375 τεῖχος

2171 4395 2270 4464 τῆς
2310 4395 2542 4458 πόλεως,
2586 4396 2679 4449 καὶ
2729 4397 2829 4467 τῆς
2858 4398 3087 4460 οίκείας,
3130 4390 3206 4452 ὧν
3240 4399 3415 4462 οὐδὲν,
3450 4400 3606 4469 φησὶ,
3652 4396 3749 4449 πέ-

486 4492 579 4535 aut
609 4484 844 4540 civitatis
872 4488 1071 4541 mmnia
1098 4466 1482 4560 accipiuntur“,
1545 4504 1638 4546 aut
1674 4466 1867 4563 privati
1921 4466 2060 4551 inuri

2176 4505 2417 4543 πτωκεν·
2463 4489 2577 4543 ἀλλ’
2609 4488 2735 4543 οὕτε
2768 4488 3031 4560 ἐκδρομὴ,
3063 4488 3187 4542 οὔτε
3236 4490 3473 4559 κραυγὴ,
3508 4466 3566 4541 εν
3624 4490 3747 4551 ταῖς

488 4573 706 4630 domus.
745 4575 1013 4644 Quorum,
1047 4580 1227 4649 inquit
1260 4582 1447 4652 igitur,
1481 4584 1615 4638 nihil
1662 4585 1863 4639 decidit
1898 4604 1912 4641 :
1968 4590 2064 4643 sed

490 4678 667 4732 neque
700 4666 1056 4722 excursiones
1083 4710 1098 4733 ,
1146 4681 1240 4724 aut
1284 4673 1552 4728 clamores
1592 4674 1646 4728 in
1698 4689 1887 4729 eorum
1937 4686 2068 4732 sunt

489 4754 741 4817 urbibus,
784 4757 892 4819 vel,
921 4757 1075 4825 juxta
1106 4762 1273 4814 alium
1314 4763 1683 4834 interpretem.
1706 4766 1757 4820 in
1784 4768 2065 4824 suburbiis

486 4860 698 4899 eorum.
728 4847 825 4902 Ubi
860 4849 1005 4903 enim
1046 4854 1399 4908 tumultuatio
1425 4866 1547 4920 est,
1597 4866 1693 4911 aut
1728 4863 2068 4929 perturbatio

488 4956 551 4992 ex
587 4940 749 5005 bello,
781 4942 892 4996 illic
933 4943 1097 4997 etiam
1130 4946 1485 5002 excursiones
1514 4948 1753 5004 hostium
1807 4963 1957 5008 sunt.
1992 4953 2067 5009 De

490 5028 592 5083 hac
632 5032 857 5085 materia
912 5032 1120 5088 dictum
1174 5042 1259 5089 est
1300 5034 1461 5090 etiam
1511 5038 1563 5091 in
1607 5041 1816 5108 psalmo
1867 5060 2064 5099 nxu:

492 5118 631 5184 Quia
664 5121 829 5176 zelan
868 5124 919 5177 in
943 5126 1135 5195 iniquis
1166 5165 1183 5188 ,
1215 5142 1393 5195 pacem
1415 5138 1745 5196 peccatorum
1770 5134 1972 5189 videns.

561 5210 727 5267 Vens.
752 5214 840 5270 l5.
864 5214 1086 5270 Beatum
1107 5218 1355 5272 dixerunt
1384 5221 1632 5289 populant
1657 5226 1740 5276 cui
1772 5224 1882 5278 ha'c
1916 5236 2060 5281 sunt.

488 5301 666 5371 Multi,
698 5307 897 5375 inquit,
930 5310 1073 5364 hunc
1104 5313 1360 5380 populum
1415 5312 1486 5366 ob
1512 5313 1808 5367 visibilium
1867 5316 2064 5385 hujus-

489 5396 701 5450 cemodi
767 5401 1035 5455 bonorum
1068 5404 1302 5472 copiam,
1346 5404 1564 5459 beatum
1596 5407 1871 5469 dixerunt,
1908 5422 2063 5461 cum-

491 5503 597 5552 que
640 5489 885 5544 fallacem
920 5493 1059 5547 hanc
1094 5497 1236 5565 vulgi
1271 5498 1593 5551 sententiam
1617 5498 1883 5566 posuerit,
1910 5512 2061 5552 suam

493 5580 747 5651 deinceps
778 5584 1049 5654 Propheta
1076 5589 1376 5645 meliorem.
1410 5603 1473 5645 ac
1504 5591 1791 5645 rectiorcm
1852 5590 2015 5645 infert
2047 5628 2063 5654 ,

493 5668 681 5726 dicens
713 5693 725 5727 :

565 5780 610 5811 "
641 5783 772 5834 Luc.
800 5800 895 5850 xu,
928 5786 1006 5839 18.

2173 4583 2456 4645 πλατείαις
2480 4582 2580 4653 τῆς
2612 4582 2818 4644 πόλεως
2848 4582 3050 4635 αὐτῶν.
3085 4584 3154 4635 Ἦ
3191 4581 3294 4635 καθ
3315 4582 3327 4602 '
3347 4582 3538 4651 ἕτερον
3570 4582 3748 4650 ἐρμή-

2174 4678 2388 4745 νευτὴν,
2421 4677 2477 4726 ὲν
2511 4677 2630 4737 ταῖς
2664 4673 2959 4726 ἐπαύλεσιν
2988 4674 3189 4727 αὐτῶν.
3231 4674 3399 4727 Ἔνθα
3433 4675 3540 4744 γὰρ
3582 4673 3745 4742 θόρυ-

2174 4767 2266 4828 6o;
2319 4768 2410 4819 καὶ
2432 4768 2648 4835 ταραχὴ
2681 4770 2745 4819 ὲκ
2776 4766 3051 4835 πολεμίων
3077 4770 3213 4832 ἐκεῖ,
3246 4768 3340 4821 καλ⁵
3370 4767 3633 4837 ἐκδρομὴ,
3652 4768 3747 4818 καὶ

2167 4857 2459 4930 διαδρομή.
2501 4858 2665 4925 Λέγει
2693 4858 2745 4910 δὲ
2777 4862 2869 4913 καὶ
2897 4862 2956 4913 ὲν
2990 4860 3069 4929 τῷ
3108 4861 3188 4929 οβ’
3215 4860 3437 4930 ψαλμῷ,
3466 4860 3548 4911 ὅτι
3580 4858 3748 4921 Ἓζή-
3848 4894 3858 4907 .

2120 4966 2125 4971 ·
2166 4952 2340 5002 λωσα
2367 4950 2436 5001 ἐν
2457 4949 2585 5015 τοῖς
2613 4949 2887 5018 ἀνόμοις,
2921 4950 3173 5019 εἰρήνην
3209 4948 3575 5018 ἁμαρτωλῶν
3602 4955 3747 5005 θεω-

2158 5057 2306 5107 ρων.

2236 5219 2645 5290 Ἐμακάρισαν
2691 5223 2799 5277 τὸν
2842 5224 2998 5277 λαὸν
3041 5243 3090 5292 ῳ
3129 5221 3319 5280 ταῦτά
3373 5226 3524 5279 ἐστι.
3579 5224 3752 5296 Ἐμα-

2168 5312 2406 5378 κὰρισαν
2436 5315 2485 5365 οἱ
2512 5312 2701 5366 πολλοὶ
2736 5317 2948 5379 τοῦτον,
2980 5316 3070 5369 διὰ
3105 5319 3203 5387 τὴν
3232 5317 3505 5388 εὑῧημίαν
3528 5318 3635 5372 τῶν
3654 5319 3748 5371 δο-

2167 5404 2411 5457 κούντων
2433 5405 2677 5474 ἀγαθῶν.
2704 5405 2829 5470 est;
2857 5408 2912 5460 δὲ
2935 5408 3033 5475 τὴν
3054 5411 3401 5481 ὲσφαλμένην
3421 5412 3604 5480 κρίσιν
3632 5410 3748 5465 τῶν

2168 5498 2399 5565 πολλῶν,
2436 5499 2628 5567 ἐπάγει
2665 5500 2758 5553 καὶ
2783 5499 2881 5572 τὴν
2908 5501 3073 5573 ὀρθὴν
3100 5502 3279 5572 ψῆφον
3306 5504 3529 5567 ἑαυτοῦ,
