4112 6486
294 462 299 465 ‘
337 436 477 503 19.39
1483 426 1895 496 COMMENT.
1924 432 2009 493 IN
2050 426 2417 492 PSALMOS.
3465 422 3602 487 19.90

396 546 694 615 Μακάριος
730 547 761 601 ὁ
784 526 957 611 ξῖαός,
1000 540 1071 601 οὗ
1097 540 1311 614 Κύριος
1341 546 1373 598 ὀ
1411 541 1557 611 Θεὸς
1587 544 1798 600 αὑτοῦ.
1836 537 1911 597 υἷι

2086 540 2284 596 Beatus
2314 538 2557 611 populus,
2599 538 2751 605 cujus
2781 535 3038 592 Dominus
3085 535 3226 591 Deus
3257 536 3393 606 ejus.
3431 533 3603 609 Cujus

331 646 489 711 μερὶς
520 640 722 710 Κύριος
753 640 781 694 ὁ
836 638 972 701 Θεὸς
1019 636 1210 691 αὐτοῦ·
1259 638 1292 707 ἢ
1339 629 1403 691 οὗ
1454 633 1717 705 Κύριοςὸ
1780 633 1911 696 Θεὸς

2019 634 2199 703 portio
2241 631 2506 687 Dominus
2540 629 2683 686 Deus
2718 631 2879 700 ejus;
2914 628 2999 683 vel
3026 626 3185 697 cujus
3223 627 3486 682 Dominus
3517 636 3603 681 est

324 734 516 797 αὑτοῦ,
546 727 612 786 οὗ
659 731 908 802 κυριεύει
940 733 969 784 ὁ
1001 730 1158 793 Θεὸς,
1190 731 1288 800 οὐχ
1313 729 1524 791 ἁπλῶς,
1566 727 1704 782 ἀλλὰ
1736 726 1911 779 πειθο·

2014 721 2160 780 Deus
2190 725 2330 793 ejus,
2362 722 2522 794 cujus
2554 721 2701 777 Deus
2737 719 3052 776 dominatur
3086 738 3099 774 :
3127 735 3227 775 nec
3252 718 3600 789 simpliciter,

331 826 495 894 μένου
537 826 658 887 ταῖς
688 825 935 888 ἐντολαῖς
984 821 1173 878 αὐτοῦ.
1205 821 1379 875 Τοῦτο
1405 821 1515 891 γὰρ
1538 819 1707 882 ὅντως
1738 836 1911 887 μακα-

2015 816 2110 871 sed
2143 817 2269 886 quia
2306 815 2454 870 illius
2489 823 2645 884 paret
2678 812 2979 868 mandatis.
3013 810 3138 866 Haec
3187 813 3390 867 etenim
3427 811 3603 866 beati-

326 917 538 986 ριότης,
577 915 655 979 ὼς
688 913 894 983 ἀγαθὸν
929 913 1160 983 μόνιμον
1208 913 1303 966 καὶ
1332 910 1663 974 διαιωνίζον.

2014 911 2146 965 tudo
2179 927 2304 967 vera
2339 919 2443 970 cst.
2474 909 2640 965 veluti
2673 908 2841 975 bona,
2875 908 3089 963 stabilis
3122 924 3187 964 ac
3227 918 3511 979 perpetua.

774 1007 1074 1072 Αἰνέσεως
1122 1004 1206 1070 τῷ
1254 1004 1454 1059 Δαϐἰδ.

2440 999 2797 1055 Laudationis
2828 1001 2929 1067 ipsi
2980 998 3176 1054 David.

869 1100 1167 1154 ΨΑΛΜΟΣ
1221 1096 1395 1154 ΡΜΔ’.

2514 1090 2836 1148 PSALML‘S
2871 1091 3104 1146 CXLIV.

564 1194 787 1259 Αἰνεσις
825 1194 981 1249 κοινὴ
1065 1197 1158 1247 καὶ
1198 1194 1366 1248 πᾶσιν
1408 1192 1750 1265 ἁρμόζουσα.

2088 1185 2188 1242 llic
2224 1188 2470 1258 psalmus
2503 1185 2877 1241 laudationem
2915 1182 3006 1237 Dei
3036 1182 3304 1251 continet,
3337 1196 3459 1254 qua:
3483 1197 3602 1238 om-

2019 1281 2182 1337 nibus
2212 1278 2520 1336 communis
2555 1291 2680 1332 esse
2709 1282 2911 1346 pOtest,
2943 1285 2997 1328 et
3028 1288 3094 1329 ex
3122 1274 3299 1332 ﬁdelis
3333 1276 3603 1347 cujusque

2015 1388 2253 1443 persona
2280 1369 2539 1442 proferri.

412 1456 667 1527 Ὕψιώσω
691 1475 786 1523 σε,
810 1460 842 1513 ὁ
870 1458 1015 1524 Θεός
1033 1475 1176 1525 μου,
1200 1460 1233 1512 ό
1265 1458 1567 1522 ,βασιλεὺς
1593 1474 1731 1527 μου.
1748 1456 1911 1530 Ὑψη-

2089 1464 2257 1520 Vsus.
2288 1464 2338 1518 l.
2374 1462 2640 1520 Eraltabo
2675 1471 2743 1531 te,
2780 1463 2920 1519 Deus
2950 1479 3116 1528 meus,
3153 1478 3246 1516 rex
3284 1477 3446 1517 meus.
3484 1461 3603 1515 Alta

328 1550 399 1606 λὰ
440 1553 572 1622 περὶ
630 1552 725 1605 σοῦ
776 1550 1038 1620 θεολογῶν
1065 1551 1147 1623 ’ἢ
1201 1551 1261 1605 τὸ
1293 1551 1426 1621 ὕψος
1490 1567 1584 1603 σου
1635 1552 1911 1621 γνωρίζων

2020 1570 2084 1610 ac
2108 1554 2365 1610 sublimia
2390 1555 2456 1610 de
2474 1565 2526 1609 te
2554 1555 2951 1626 contemplans,
2972 1554 3058 1608 vel
3080 1552 3421 1608 altitudinem
3444 1554 3594 1607 tuam

331 1644 448 1704 τοῖς
481 1644 548 1710 ἀγ
558 1640 679 1694 νοοῦ
689 1658 794 1696 σιν.
1882 1634 1887 1637 Δ

2020 1645 2405 1719 ignorantibus
2436 1646 2744 1702 declarans.

402 1734 510 1789 Kal
535 1736 853 1804 εὐλογήσω
883 1734 950 1789 τὸ
982 1733 1173 1804 ὄνομά
1199 1747 1318 1789 σου
1345 1735 1430 1800 εἰς
1459 1733 1567 1788 τὸν
1592 1732 1781 1789 αἰῶνα
1810 1735 1911 1789 τοῦ

2090 1738 2158 1793 Et
2191 1739 2492 1794 benedicam
2524 1738 2723 1793 nomini
2754 1748 2841 1793 tuo
2871 1754 2926 1792 in
2957 1736 3236 1802 arculum,
3268 1746 3319 1790 et
3344 1751 3397 1790 ιη
3426 1752 3596 1791 stren-

330 1826 567 1892 αῐῶνος.
612 1828 734 1890 Πῶς
764 1827 872 1898 γὰρ
903 1828 1005 1881 οὐκ
1032 1826 1387 1895 ἄτοπον,τὴν
1434 1826 1535 1894 μὲν
1588 1826 1772 1881 κτίσιν
1825 1828 1911 1879 διὰ

2017 1827 2124 1882 lum
2156 1830 2358 1884 swculi.
2389 1829 2700 1884 Absurdum
2731 1828 2879 1883 enim
2912 1836 3057 1883 esset
3085 1870 3099 1894 ,
3132 1836 3424 1897 postquam
3483 1828 3602 1897 ipsa

332 1919 532 1982 παντὸς
568 1892 920 1987 ἀναπέμπειν
947 1918 1027 1990 τῷ
1061 1918 1274 1990 Κτίστῃ
1318 1892 1476 1982 δόξαν
1533 1917 1626 1988 (Ol
1662 1920 1907 1982 οὐρανοί

2015 1923 2179 1976 etiam
2212 1920 2550 1977 irrationalis
2580 1927 2835 1976 creatura
2907 1918 3226 1975 Creatorem
3263 1933 3423 1973 suum
3454 1933 3604 1973 sem-

329 2010 463 2080 γὰρ,
496 2011 684 2081 φησὶν,
725 2009 1077 2079 διηγοῦνται
1126 2009 1319 2076 δόξαν
1360 2013 1534 2082 Θεοῦ)
1578 2011 1672 2065 τὸν
1698 2013 1756 2066 δὲ
1827 2012 1911 2065 λό-

2015 2029 2115 2085 per
2152 2014 2423 2085 gloriﬁcat
2462 2012 2619 2083 (Caeli
2645 2012 2812 2078 enim,
2847 2012 3046 2083 inquit,
3091 2022 3343 2065 enarrant
3373 2012 3603 2081 gloriam

330 2116 449 2168 γιον
482 2101 771 2170 ἄνθρωπον
818 2101 1176 2155 ἐλαττοῦσθαι
1216 2102 1421 2173 ταύτης
1455 2105 1513 2157 ὲν
1566 2105 1773 2175 τούτῳ,
1822 2107 1911 2156 καὶ

2016 2104 2116 2159 Dei
2145 2103 2238 2175 ⁸³⁷),
2275 2105 2320 2159 si
2357 2104 2642 2159 rationalis
2671 2103 2835 2157 homo
2900 2102 2954 2156 in
2986 2102 3090 2157 hoc
3132 2101 3469 2158 laudationis
3512 2119 3604 2173 ge-

331 2191 409 2261 μὴ
444 2190 677 2244 πάντοτε
708 2190 956 2256 δοξάζειν
986 2193 1151 2246 αὑτὸν
1185 2193 1281 2248 καὶ
1313 2195 1381 2249 δι’
1408 2195 1693 2265 εὐφημίας
1728 2196 1821 2248 καὶ
1849 2194 1911 2247 δι¹

2020 2211 2154 2251 nere
2195 2196 2264 2251 ab
2296 2210 2359 2250 ea
2389 2195 2722 2258 vinceretur,
2752 2206 2857 2248 nec
2888 2204 3105 2260 semper
3133 2190 3300 2246 Deum
3329 2192 3605 2262 gloriﬁca-

329 2284 701 2353 ἀγαθοεργίας
732 2299 751 2349 ;
779 2284 981 2350 Ὅπως
1017 2287 1146 2356 γὰρ,
1183 2287 1369 2356 φησὶν,
1432 2286 1604 2345 ιδωσι
1655 2288 1727 2341 τὰ
1764 2288 1911 2341 καλὰ

2014 2295 2120 2355 ret,
2154 2302 2253 2358 per
2278 2287 2469 2342 laudes
2502 2285 2766 2340 nimirum
2827 2292 2883 2339 et
2906 2299 3002 2355 per
3037 2283 3181 2339 bona
3224 2297 3414 2353 opera,
3443 2282 3603 2353 juxta

327 2372 501 2443 ὑμῶν
528 2374 695 2444 ἔργα,
737 2376 931 2429 καὶτὰ
962 2374 1116 2448 ἑξῆς·
1161 2377 1258 2430 καὶ
1310 2378 1423 2449 γὰρ
1487 2378 1700 2431 πολλῶν
1742 2378 1917 2446 ἐσμεν

328 2464 605 2533 ὀφειλέται
634 2466 714 2537 τῷ
762 2466 903 2538 Θεῷ,
932 2468 1017 2521 ὅτι
1058 2485 1118 2521 τε
1151 2470 1251 2522 οὐκ
1301 2469 1465 2533 ὄντας
1512 2469 1761 2540 ἐποίησε,
1821 2470 1919 2523 καὶ

328 2558 411 2612 ὅτι
433 2559 709 2623 τοιούτους
725 2561 1042 2632 εἰργάσατο,
1070 2563 1165 2615 καὶ
1190 2562 1251 2614 τὸ
1278 2562 1571 2632 γενόμενον
1609 2561 1920 2632 διακρατεῖ,

331 2652 429 2705 καὶ
461 2654 774 2722 προνοεῖται
815 2652 905 2706 διὰ
934 2654 1159 2718 παντὸς,
1198 2654 1292 2707 καὶ
1326 2656 1504 2725 κοινῇ,
1536 2654 1629 2708 καὶ
1658 2654 1789 2725 ἰδίᾳ,
1821 2653 1919 2707 καὶ

326 2741 526 2814 λάθρα,
557 2747 652 2797 καὶ
670 2746 942 2816 φανερῶς,
967 2746 1062 2798 καὶ
1093 2745 1316 2798 εἰδότων
1332 2746 1429 2798 καὶ
1454 2745 1819 2815 ἀγνοούντων.
1850 2743 1918 2797 Ti

2012 2379 2066 2434 id
2094 2380 2240 2450 quod
2275 2379 2542 2449 scriptum
2576 2384 2662 2434 est
2692 2393 2707 2431 :
2742 2375 2810 2431 Ut
2830 2377 3039 2431 videant
3060 2376 3197 2431 bona
3220 2385 3391 2430 vestra
3416 2392 3598 2444 opera,

2010 2480 2060 2526 et
2116 2470 2411 2542 gloriﬁcent
2462 2468 2683 2524 Patrem
2709 2468 2782 2537 ’⁸,
2844 2475 2952 2523 etc.
2994 2468 3198 2522 Sumus
3244 2467 3446 2522 etenim
3492 2481 3604 2537 pra:

2012 2565 2229 2620 caeteris
2260 2561 2519 2619 omnibus
2549 2577 2653 2616 nos
2688 2561 2798 2616 Deo
2833 2560 3146 2624 debitores,
3189 2567 3242 2615 et
3291 2559 3418 2629 quia
3477 2560 3603 2615 fecit

2014 2672 2140 2722 nos,
2169 2672 2293 2712 eum
2333 2671 2440 2712 non
2472 2653 2722 2712 essemus
2760 2673 2775 2711 :
2808 2662 2863 2711 et
2894 2654 3022 2726 quia
3054 2654 3191 2710 tales
3218 2656 3427 2710 creavit
3456 2694 3470 2719 ,
3508 2655 3605 2709 ho-

2019 2752 2196 2806 mines
2250 2749 2465 2805 scilicet
2508 2757 2562 2805 et
2599 2748 2830 2816 ﬁdeles;
2867 2747 3093 2818 etquod
3123 2755 3342 2805 creatos
3376 2763 3604 2804 consere

329 2838 439 2907 γὰρ
461 2838 527 2893 ἄν
552 2853 637 2900 τις
661 2837 804 2890 εῖποι
833 2835 902 2890 τὰ
927 2836 997 2891 δι’
1020 2838 1168 2908 ἡμᾶς
1193 2838 1503 2903 κτισθέντα,
1531 2837 1631 2908 τὴν
1647 2836 1911 2891 διακονίαι

2014 2852 2141 2909 vat;
2175 2848 2230 2897 et
2262 2842 2390 2912 quia
2415 2838 2814 2911 providentiam
2848 2847 3098 2893 nostrum
3127 2840 3372 2895 omnium
3410 2839 3597 2904 habet,

333 2932 403 2998 ἣν
434 2930 567 2999 ἡμῖν
606 2928 935 2999 παρέχεται,
960 2928 1059 2999 τὴν
1078 2927 1368 2983 διάπλασιν
1390 2928 1489 2982 τοῦ
1520 2927 1798 2998 σώματος,
1821 2928 1911 2999 τὴν

2013 2936 2068 2990 in
2106 2934 2421 2988 universum
2460 2931 2738 2996 omnium,
2775 2944 2839 2984 ac
2880 2928 3137 2998 privatim
3188 2920 3538 3000 singulorum
3580 2968 3597 2995 ,

328 3019 610 3088 εὐγένειαν
628 3021 725 3089 τῆς
747 3018 949 3091 ψυχῆς,
976 3017 1073 3089 τὴν
1105 3019 1344 3083 σύνεσιν,
1363 3018 1455 3072 τὸν
1474 3019 1707 3087 φυσικὸν
1725 3019 1914 3089 νόμον,

2013 3031 2227 3081 secreto
2256 3031 2309 3077 et
2334 3020 2535 3092 palam,
2554 3026 2661 3073 tam
2692 3018 2982 3075 scientium
3003 3033 3168 3090 quam
3200 3019 3594 3090 ignorantium.

327 3112 421 3165 τὸν
447 3113 715 3182 γραπτόν;
737 3114 829 3166 καὶ
847 3113 908 3167 τὺ
924 3111 1219 3182 κεφάλαιον
1233 3111 1342 3166 τῶν
1367 3111 1610 3181 ἀγαθῶν,
1633 3115 1666 3183 ἡ
1683 3110 1751 3165 δι’
1774 3113 1911 3182 ἡμᾶς

2015 3113 2151 3181 Quis
2186 3113 2331 3168 enim
2371 3110 2558 3165 omnia
2589 3124 2652 3162 ea
2700 3123 2962 3164 enarrare
3020 3118 3250 3179 posset,
3288 3126 3411 3181 qua:
3455 3110 3597 3166 Deus

327 3198 770 3273 ὲνανθρώπησις,
809 3202 904 3255 καὶ
934 3202 1004 3256 τὰ
1030 3201 1201 3274 πάθη,
1235 3202 1332 3256 καὶ
1371 3205 1404 3272 ὴ
1438 3204 1648 3275 σφαγή.
1686 3205 1907 3257 Τούτων

2010 3215 2233 3276 propter
2255 3203 2506 3260 homines
2526 3200 2776 3256 creavlt?
2797 3199 2862 3254 Et
2884 3202 3250 3256 ministerium
3277 3202 3432 3267 illud,
3449 3204 3597 3274 quod

328 3288 426 3347 οὖν
480 3293 737 3348 ἁπάντων
768 3296 861 3348 καὶ
892 3294 1105 3366 μυρίων
1154 3293 1337 3350 ἄλλων
1396 3294 1674 3365 ὀφειλέται
1716 3295 1907 3366 ἐσμέν.

2017 3294 2178 3350 nobis
2202 3290 2514 3363 impendit?
2546 3289 2799 3360 corporis
2834 3289 3243 3357 formationem,
3270 3294 3467 3347 anima:
3499 3308 3603 3348 no-

326 3387 618 3455 bilitatem,
653 3391 1002 3461 sapientiam,
1038 3400 1249 3447 naturae
1272 3397 1470 3462 legem,
1492 3400 1546 3447 et
1568 3392 1739 3463 legem
1771 3394 2057 3463 scriptam,
2083 3400 2139 3446 et
2171 3380 2316 3462 quod
2359 3389 2627 3446 bonorum
2667 3390 2938 3458 (omnium
3018 3395 3108 3444 est
3174 3396 3339 3461 caput
3363 3427 3382 3457 ,
3450 3390 3599 3448 illius

328 3479 786 3547 incarnationem,
818 3483 1125 3552 passiones,
1153 3492 1211 3540 et
1238 3492 1471 3540 mortem
1497 3482 1520 3538 ?
1544 3485 1747 3541 Horum
1782 3486 2030 3541 omnium
2102 3484 2270 3557 igitur
2347 3494 2519 3555 atque
2566 3481 3056 3538 innumerabilium
3135 3483 3368 3539 aliorum
3427 3486 3598 3543 bene-

327 3578 603 3640 ﬁciorum.
634 3579 744 3636 Deo
771 3581 1049 3638 debitores
1082 3598 1297 3639 sumus.

334 3730 339 3737 ν
399 3674 522 3727 Kal?
538 3668 823 3739 ’ἑκάστην
843 3672 1075 3742 ἡμέραν
1096 3673 1418 3746 εὐλογήσω
1437 3693 1532 3740 σε,
1561 3677 1657 3730 καί
1687 3675 1909 3731 αἰνέσω

326 3764 395 3817 τὸ
424 3761 613 3831 ὄνομα
641 3780 759 3818 σου
783 3765 871 3831 εἰς
895 3765 1003 3819 τὸν
1035 3763 1244 3834 αἰῶνα,
1296 3767 1393 3822 καί
1434 3770 1521 3835 εἰς
1556 3769 1665 3823 τὸν
1723 3768 1911 3824 αἰῶνα

328 3852 439 3907 τοῦ
464 3852 701 3919 αἰῶνος.
736 3852 925 3909 Ταῦτα
959 3840 1133 3927 σαφῆ.

399 3943 601 4013 Μέγας
630 3945 845 4011 Κύριος
905 3947 1005 3999 καὶ
1054 3946 1290 4013 αἰνετός
1331 3948 1592 4017 σφόδρα,
1636 3948 1736 4002 καί
1796 3965 1910 4014 της

323 4036 760 4106 μεγαλοσύνης
796 4035 986 4090 αὑτοῦ
1030 4038 1148 4091 οὐκ
1174 4040 1307 4092 ἐστι
1349 4039 1557 4106 πέρας.
1613 4038 1799 4106 Μέγας
1846 4041 1906 4093 ού

333 4128 498 4199 μόνον
532 4128 607 4191 ὡς
643 4128 1046 4198 μεγαλουργδς,
1082 4128 1219 4182 ἀλλὰ
1258 4129 1354 4183 καὶ
1377 4131 1457 4194 ὡς
1501 4131 1905 4202 μεγαλόδωρος,

330 4220 428 4274 καὶ
455 4220 541 4273 διὰ
581 4219 755 4273 ταῦτα
815 4222 1028 4284 αἰνετδς
1076 4221 1301 4293 σφόδρα.
1357 4222 1419 4275 Εἰ
1448 4222 1505 4274 δὲ
1534 4223 1633 4292 τῆς
1676 4223 1910 4293 μεγαλο-

332 4311 498 4381 σύνης
533 4312 700 4388 αὐτοῦ
728 4314 829 4367 οὐκ
856 4312 973 4367 ἐστι
1004 4312 1201 4384 πέρας,
1255 4314 1377 4368 οὐδὲ
1417 4313 1639 4385 μέτρον,
1690 4316 1908 4379 πάντως

328 4403 451 4456 οὐδὲ
480 4404 580 4475 τῆς
601 4404 865 4469 αἰνέσεως
896 4404 1087 4458 αὐτοῦ.

354 4656 357 4661 ι
400 4582 591 4640 Γενεὰ
626 4584 725 4639 καί
771 4585 952 4655 γενεὰ
995 4585 1305 4641 ἐπαινέσει
1357 4586 1430 4642 τὰ
1471 4587 1616 4657 ἔργα
1658 4603 1796 4645 σου.
1830 4588 1909 4643 Ἥ

329 4693 389 4729 τε
433 4670 587 4742 οὖσα,
619 4677 716 4747 ἦτε
747 4676 1001 4731 ἐπιοῦσαι
1034 4679 1288 4733 τουτέστι
1320 4681 1495 4734 πᾶσα.
1530 4680 1709 4750 Ἔργα
1734 4681 1791 4734 δὲ
1821 4681 1911 4734 λέ-

328 4783 419 4835 γει
463 4767 581 4832 νῦν,
614 4768 685 4821 τὰ
714 4769 773 4822 ἐν
800 4768 860 4835 ἒξ
897 4768 1140 4839 ἡμέραις
1169 4770 1673 4843 δημιουργηθέντα·
1720 4772 1754 4844 ἦ
1810 4774 1909 4828 καὶ

326 4860 398 4912 τὰ
427 4860 486 4913 ὲν
514 4859 707 4931 τέρασι
742 4861 838 4914 καὶ
860 4860 1116 4934 σημείοις
1138 4863 1263 4917 καθ’
1293 4866 1538 4937 ἑκάστην
1563 4866 1758 4935 γενεὰν
1786 4868 1910 4921 ἐπι-

325 4948 481 5002 τελού
490 4965 645 5019 μενα.

400 5127 510 5180 Kal
537 5126 650 5195 τὴν
672 5128 776 5182 δύα
788 5128 934 5198 αμίν
957 5142 1075 5184 σου
1104 5129 1541 5200 ἀπαγγελοῦσι.
1559 5134 1673 5207 Τὴν
1696 5138 1754 5191 ἐν
1778 5139 1905 5192 τού-

2089 3670 2258 3729 Vens.
2294 3671 2354 3728 9..
2387 3669 2491 3725 Per
2521 3670 2758 3741 singulos
2780 3671 2891 3725 dies
2919 3668 3222 3725 benedicam
3254 3670 3349 3726 tibi
3365 3715 3379 3736 ,
3407 3682 3456 3727 et
3479 3671 3600 3727 lau-

2013 3765 2152 3819 dabo
2176 3780 2364 3819 nomen
2391 3773 2539 3818 tuum
2565 3765 2619 3817 in
2648 3763 2928 3827 steculum,
2953 3772 3005 3817 et
3037 3763 3090 3818 in
3109 3766 3364 3819 strculum
3387 3769 3594 3823 steculi.

2014 3857 2139 3913 ll:ec
2167 3857 2332 3912 verba
2365 3870 2466 3926 per
2493 3871 2553 3911 se
2581 3853 2730 3909 clara
2772 3866 2926 3911 sunt.

2084 3947 2248 4003 Vens.
2291 3949 2346 4002 5.
2378 3945 2603 4016 Magnus
2631 3945 2890 4001 Dominus
2931 3956 2980 4000 et
3013 3946 3317 4003 laudandus
3346 3950 3519 4016 ualde,
3547 3963 3598 4008 et

2014 4036 2396 4108 magnitudinis
2419 4037 2536 4105 ejus
2557 4051 2661 4090 non
2680 4044 2757 4091 est
2786 4035 2931 4105 ﬁnis.
2959 4033 3193 4107 Magnus
3221 4053 3329 4093 non
3356 4047 3592 4104 tantum.

2015 4141 2071 4183 ut
2102 4142 2423 4199 magnarum
2478 4142 2666 4183 rerum
2725 4126 2907 4197 opifex
2939 4168 2957 4196 ,
3008 4128 3104 4186 sed
3157 4138 3217 4184 ut
3272 4120 3619 4203 magnorum

2014 4222 2283 4275 donorum
2317 4218 2548 4288 largitor
2586 4234 2599 4271 :
2635 4224 2690 4272 et
2739 4230 3030 4288 propterea
3087 4219 3245 4274 valde
3286 4219 3596 4277 laudandus

2012 4319 2119 4367 est.
2160 4309 2316 4377 Quod
2352 4310 2398 4366 si
2435 4309 2621 4364 nullus
2650 4316 2737 4364 est
2770 4308 2896 4364 linis
2931 4308 3131 4365 divinae
3175 4312 3593 4383 magnitudinis,

2013 4411 2418 4473 consequenter
2466 4401 2650 4457 nullus
2697 4403 2803 4456 erit
2853 4401 3018 4457 etiam
3076 4404 3279 4461 divinis
3340 4406 3595 4462 laudibus

2014 4493 2233 4550 modus.

2042 4583 2245 4639 .Vens.
2303 4584 2358 4638 4.
2403 4583 2682 4639 Generatio
2729 4591 2780 4637 et
2831 4585 3102 4655 generatio
3146 4583 3393 4642 laudabit
3437 4604 3596 4654 opera

2013 4686 2127 4730 tua.
2175 4676 2311 4733 Tam
2339 4691 2584 4747 praesens
2616 4676 2931 4745 generatio,
2965 4690 3130 4745 quam
3183 4693 3306 4749 quae
3363 4691 3592 4736 ventura

2011 4776 2137 4834 est,
2174 4768 2278 4823 hoc
2303 4776 2390 4825 est
2412 4769 2592 4823 omnis
2626 4767 2934 4838 generatio.
2966 4767 3142 4838 Opera
3186 4779 3369 4825 autem
3410 4772 3501 4827 bic
3531 4788 3593 4825 ea

2014 4859 2149 4914 dicit
2191 4857 2465 4929 PrOplieta
2495 4897 2512 4923 ,
2541 4874 2664 4928 quae
2690 4858 2879 4913 mundi
2914 4858 3095 4924 initio,
3133 4859 3244 4916 illis
3282 4876 3377 4917 sex
3401 4864 3594 4918 diebus

1932 4947 1987 5010 D
2016 4950 2160 5007 facta
2196 4959 2326 5007 sunt
2356 4970 2371 5007 :
2409 4952 2492 5006 vel
2524 4951 2791 5006 miracula
2845 4959 2900 5007 et
2923 4952 3192 5023 prodigia,
3218 4969 3339 5024 qute
3372 4954 3593 5010 assiduo

2016 5045 2070 5099 in
2101 5044 2249 5099 omni
2279 5043 2633 5112 generatione
2662 5044 2733 5098 ab
2765 5058 2833 5099 eo
2860 5044 2977 5100 ﬁeri
3009 5036 3302 5115 contingit.

2091 5134 2157 5188 Et
2192 5136 2478 5203 potentiam
2536 5143 2689 5189 tuam
2744 5135 3184 5205 pronuntiabunt.
3242 5133 3545 5190 Potentiam
3574 5178 3588 5203 ,

325 5236 449 5302 “rei;
463 5236 522 5272 τε
554 5221 648 5273 καὶ
668 5219 767 5291 τὴν
795 5222 854 5274 ἐν
888 5221 970 5291 τῷ
1005 5222 1336 5292 εὐεργετεῖν,
1356 5225 1388 5296 ἢ
1411 5225 1685 5292 κολάζειν.
1704 5229 1906 5285 Γενεὰν

2014 5241 2179 5298 quam
2207 5228 2261 5281 in
2295 5226 2572 5297 praedictis
2590 5227 2758 5283 babes
2790 5225 3261 5297 generationibus,
3286 5227 3369 5281 vel
3395 5237 3582 5297 poten-

324 5311 382 5365 δὲ
435 5310 530 5364 καὶ
591 5313 786 5379 γενεὰν
834 5314 983 5383 λέγει
1024 5315 1120 5368 νῦν
1180 5318 1308 5381 τοὺς
1356 5321 1415 5372 ὲν
1463 5319 1671 5392 ἑκάστῃ
1739 5326 1906 5395 γενεᾷ

2011 5320 2143 5375 tiam
2178 5320 2474 5389 praestandi
2525 5320 2812 5385 beneﬁcia,
2857 5325 2911 5374 et
2944 5317 3221 5389 inﬂigendi
3273 5319 3585 5389 supplicia;

327 5405 586 5467 συνετοὺς
612 5405 707 5457 καὶ
740 5404 1032 5475 θεοφιλεῖς,
1057 5407 1108 5461 οἰ
1149 5409 1342 5479 πρῶτα
1372 5411 1472 5480 μὲν
1497 5414 1712 5477 ἑαυτοῖς
1748 5415 1908 5468 ὲπαι-

2012 5411 2420 5479 gcnerationem
2449 5419 2631 5467 autem
2660 5419 2714 5466 et
2747 5411 3158 5480 generationem
3212 5424 3310 5465 eos
3328 5411 3588 5480 appellat,

322 5495 476 5550 νοῦσι
505 5495 573 5549 τὰ
601 5495 740 5568 ἔργα
772 5498 865 5552 τοῦ
922 5498 1081 5567 Θεοῦ,
1116 5498 1235 5555 εἶτα
1290 5504 1385 5559 καὶ
1413 5503 1595 5570 ἄλλοις
1627 5507 1908 5577 ἀπαγγέλ-

2010 5504 2105 5574 qui
2142 5503 2197 5557 in
2230 5516 2560 5574 unaquaque
2608 5505 2964 5575 generatione
3015 5503 3293 5572 sapientes
3356 5514 3486 5559 sunt
3530 5513 3585 5559 et

321 5588 479 5642 λουσι
517 5587 617 5661 τὴν
642 5588 874 5661 δύναμιν
895 5592 1084 5648 αὐτοῦ.

2010 5594 2094 5649 Dei
2124 5604 2424 5663 amatores,
2455 5598 2548 5667 qui
2593 5598 2833 5667 primum
2867 5596 3088 5666 quidem
3121 5610 3152 5650 a
3180 5595 3379 5665 seipsis
3402 5594 3586 5651 divina

2001 5700 2165 5756 opera
2211 5689 2456 5754 laudant,
2485 5689 2680 5745 deinde
2707 5689 2870 5745 etiam
2900 5689 3021 5759 ejus
3047 5688 3346 5759 potentiam
3372 5688 3586 5744 caeteris

398 5848 405 5855 ν
2001 5780 2349 5835 annuntiant.

393 5855 621 5915 "Psal.
642 5873 793 5925 xvm,
825 5860 876 5915 l.
975 5863 1020 5896 ⁸⁸
1053 5862 1248 5920 Matth.
1272 5868 1439 5930 ν,16.

674 5949 944 6014 ΡΑτῐιοῐ..
1010 5953 1127 6015 Gn.
1173 5957 1474 6018 CXXVIII.

3111 5973 3180 6036 41
