4112 6422
385 351 526 412 129']

1593 351 1914 410 EUTIIYM
1932 351 1987 410 ll
2039 351 2402 412 ZlGABENl

3517 351 3538 412 ι
3551 352 3656 413 300

451 461 612 515 Vens.
647 461 701 523 8,
735 461 788 516 9.
832 460 1085 515 Dominus
1125 460 1276 514 solvit
1312 459 1654 528 compeditos,
1712 461 1968 517 Dominus

2145 461 2362 528 Κύριος
2389 462 2523 514 λύει
2548 458 3028 529 πεπεδημένους,
3060 459 3274 528 Κύριος
3320 461 3506 530 σοφοῖ
3556 479 3666 515 τυ-

375 554 638 622 sapientes
663 553 792 621 facit
821 568 1006 618 carros,
1034 552 1284 607 Dominus
1313 555 1464 624 erigit
1505 553 1774 624 delapsos.
1799 555 1967 610 Com-

377 643 593 714 peditos
620 643 768 709 dico,
816 658 928 698 non
968 644 1148 697 solum
1202 643 1498 697 mundanis
1532 643 1966 707 calamitatibus,

378 736 472 790 sed
503 735 664 791 etiam
698 745 1050 805 peccatorum
1077 735 1310 799 catenis,
1337 745 1390 790 et
1416 749 1522 788 non
1553 743 1765 789 tanturn
1791 748 1968 788 carens

376 828 660 896 corporeis
712 827 910 889 oculis.
963 842 1203 896 quorum
1257 836 1438 881 tamen
1496 826 1795 880 caecitatem
1844 840 1970 894 per-

378 933 525 988 Saepe
583 919 767 974 datam
816 919 1083 974 divinitus
1137 919 1464 989 sapientiam
1525 917 1968 973 cumulatissime

376 1011 686 1080 re'plevisse
708 1012 984 1076 videmus,
1017 1013 1116 1068 sed
1162 1021 1344 1066 mente
1369 1012 1535 1067 etiam
1567 1026 1746 1066 caecos
1805 1021 1968 1079 atque

379 1103 688 1160 intellectu.
743 1103 1012 1174 Delapsos
1049 1104 1216 1158 etiam
1255 1118 1363 1158 non
1413 1111 1624 1156 tantum
1681 1117 1777 1157 eos
1812 1100 1968 1167 dicit,

378 1191 476 1262 qui
503 1207 571 1247 ex
604 1191 748 1248 bona
798 1195 1116 1249 valetudine
1154 1204 1316 1264 atque
1350 1209 1378 1247 a
1435 1191 1666 1247 felit-iori
1701 1199 1847 1246 statu
1912 1191 1965 1245 in

369 1284 763 1354 aegritudinem
825 1295 991 1356 atque
1029 1287 1083 1340 in
1118 1287 1500 1342 infelicitatem
1552 1285 1764 1355 delapsi
1795 1293 1966 1340 sunt:

382 1374 476 1427 sed
515 1389 611 1429 eos
641 1375 830 1442 etiam,
862 1377 956 1446 qui
992 1392 1058 1432 ex
1109 1377 1306 1430 virtute
1353 1379 1407 1430 in
1455 1375 1588 1431 vitia
1617 1375 1968 1440 deciderunt,

381 1466 574 1534 quales
608 1475 770 1522 antea
801 1476 996 1538 gentes
1035 1467 1276 1532 fuerant,
1308 1470 1402 1538 qui
1457 1468 1757 1538 compediti
1789 1476 1843 1523 et
1900 1468 1970 1522 li-

2075 553 2296 623 φλοὺς,
2333 555 2550 622 Κύριος
2577 554 2828 622 ἀνορθοἷ
2849 552 3392 624 κατερῤαγιιένοινς.
3413 555 3666 625 Πεπεὸη-

2080 645 2278 715 μένους
2313 645 2374 698 ού
2407 645 2569 715 μόνον
2609 649 2667 698 ὲν
2699 649 3013 716 συμφοραῖς
3043 645 3349 716 βιωτικαῖς,
3383 645 3520 699 ἀλλά
3569 646 3668 698 καὶ

2077 739 2136 790 ἐν
2173 739 2386 808 σειραῖς
2423 737 2735 808 ἀμαρτιῶνο
2799 737 2892 792 καὶ
2930 737 3172 806 τυφλοὺς
3214 737 3274 789 ού
3329 738 3490 807 μόνον
3534 737 3664 800 τοὺς

2029 899 2032 903 _
2078 831 2430 899 σωματικοὺς
2476 829 2823 898 ὀφθαλμοὺς,
2870 827 3303 899 ἀναπληρούσης
3342 828 3529 892 αὐτοῖς
3563 828 3667 896 τῆς

2075 919 2139 972 ὲκ
2171 920 2307 974 Θεοῦ
2343 921 2538 990 σοφίας
2565 921 2625 974 τὸ
2666 921 2953 993 ὑστέρημα
3005 924 3106 991 τῆς
3155 919 3481 991 πηρώσεως,
3526 917 3670 974 ἀλλὰ

2077 1013 2328 1077 καὶτοὺς
2369 1013 2658 1084 ψυχικούς·
2713 1013 2808 1068 καὶ
2843 1014 3341 1087 κατερῤαγμένους
3393 1012 3456 1065 οὺ
3499 1011 3664 1081 μόνον

2079 1105 2138 1168 ἐξ
2177 1104 2368 1172 ὑγείας
2401 1108 2495 1159 καὶ
2524 1106 2828 1179 εὐημερίας
2861 1107 2944 1169 είς
2971 1105 3127 1158 νόσον
3166 1107 3262 1158 καὶ
3294 1103 3662 1174 δυσπραγίαν,

2077 1197 2214 1250 ἀλλά
2256 1199 2349 1251 καὶ
2387 1199 2448 1263 ἐξ
2496 1200 2699 1272 ἀρετῆς
2738 1204 2819 1263 εἰς
2855 1199 3077 1254 κακίαν⁹
3117 1200 3291 1252 ὁποῖοι
3341 1192 3483 1266 ἦσαν
3527 1196 3576 1248 οἱ
3604 1196 3664 1261 ἐξ

2080 1291 2252 1345 ἐθνῶν
2295 1293 2672 1364 πεπεδημένοι
2727 1293 2865 1365 πρὸς
2907 1293 3009 1364 τὴν
3049 1293 3277 1364 ἀρετήν·
3319 1290 3415 1344 καὶ
3447 1287 3662 1358 τυφλοὶ,

2081 1382 2219 1452 πρὸς
2260 1384 2360 1452 τὴν
2395 1384 2684 1456 ἀλήθειανο
2739 1385 2837 1440 καὶ
2888 1383 3358 1455 κατερραγμένοι,
3391 1379 3530 1451 πρὸς
3572 1378 3667 1432 τδν

2077 1473 2177 1542 τῆς
2210 1475 2490 1537 ἀπωλείας
2526 1476 2714 1546 βυθόν.

381 1565 492 1636 gati
520 1575 700 1630 erant,
724 1573 994 1637 quantum
1023 1564 1092 1620 ad
1123 1565 1298 1635 ipsam
1325 1565 1565 1635 pertinet
1597 1564 1878 1630 virtutem,
1909 1571 1964 1619 et
2003 1569 2133 1620 caeci
2168 1568 2234 1622 ad
2266 1569 2579 1638 veritatem,
2615 1581 2669 1627 ct
2689 1571 2908 1643 delapsi
2946 1571 3000 1626 in
3071 1569 3406 1642 perdit’onis
3471 1567 3668 1638 praeei-

383 1660 608 1729 pitium.

452 1795 712 1852 Dominus
743 1795 915 1868 diligit
951 1797 1152 1867 justos,
1189 1795 1442 1850 Dominus
1473 1796 1700 1850 custodit
1734 1795 1966 1864 proselg-

2143 1796 2360 1868 Κύριος
2386 1799 2590 1871 ἀγαπᾷ
2618 1799 2913 1866 δικαίους,
2938 1797 3156 1867 Κύριος
3177 1795 3488 1866 φυλάσσει
3515 1793 3662 1859 τοὺς

383 1901 482 1944 ros.
518 1887 708 1944 Justos
744 1890 966 1961 quidem
995 1903 1094 1945 eos
1121 1889 1281 1955 dicit,
1318 1889 1411 1958 qui
1451 1896 1578 1942 ante
1619 1885 1973 1957 Evangelium

387 1983 460 2037 ob
503 1987 762 2038 virtutem
816 1983 1278 2054 resplendebaut;
1316 1985 1624 2054 proselytos
1675 1998 1804 2037 vero
1853 1997 1973 2048 eos,

384 2074 479 2141 qui
542 2081 671 2145 post
729 2073 1089 2146 Evangelium
1150 2077 1218 2132 ad
1290 2077 1617 2146 religionem
1679 2084 1844 2145 atque
1907 2076 1975 2130 ad

385 2166 546 2220 ﬁdem
596 2175 976 2224 accesserunt.
1037 2167 1133 2224 Vel
1183 2184 1280 2239 per
1333 2168 1554 2240 justas,
1615 2167 1980 2239 perfectiores

387 2273 582 2314 omnes
621 2258 689 2314 ad
727 2259 987 2316 virtutem
1021 2260 1314 2330 intelligit;
1367 2277 1465 2331 per
1507 2262 1816 2332 proselytos
1846 2275 1978 2315 vero

387 2363 488 2404 eos
516 2350 610 2420 qui
655 2365 838 2422 nuper
868 2353 1180 2408 conﬁrmati
1214 2362 1367 2410 sunt.
1399 2353 1527 2409 Illos
1574 2354 1774 2408 etenim
1803 2352 1982 2422 diligit

387 2439 536 2496 Deus
586 2449 852 2512 tanquam
903 2443 1010 2498 sibi
1067 2453 1279 2514 gratos,
1331 2445 1472 2501 istos
1503 2459 1638 2500 vero
1685 2451 1982 2500 conservat

387 2543 650 2603 tanquam
693 2534 1048 2593 delicatiores
1107 2548 1272 2609 atque
1312 2539 1673 2606 inﬁrmiores,
1711 2547 1879 2608 atque
1911 2537 1980 2592 ad

389 2638 631 2693 pugnam
664 2623 928 2682 adversus
953 2627 1253 2684 daemones“
1279 2628 1525 2682 nondum
1557 2627 1909 2683 exercitatos.

463 2714 775 2782 Orphanum
805 2726 854 2772 et
885 2717 1098 2773 viduam
1121 2721 1390 2786 suscipiet.
1426 2718 1540 2774 lloc
1566 2729 1675 2783 est,
1702 2718 1980 2776 defendet.

387 2805 550 2872 ριοεί
589 2807 888 2876 dupliciter
945 2819 1127 2879 potest
1169 2811 1426 2880 intelligi.
1477 2809 1776 2879 Orphanus
1831 2811 1982 2864 enim

387 2911 498 2968 t-st,
553 2904 647 2972 qui
688 2916 944 2972 parentes
985 2905 1248 2977 relinquit
1293 2915 1516 2977 propter
1577 2907 1896 2972 Christum;
1927 2913 1984 2961 et

387 2996 579 3063 vidua,
617 2997 784 3053 simili
836 2998 1052 3053 ratione
1083 3009 1279 3072 caest,
1317 3015 1440 3070 qua:
1474 3000 1653 3054 virum
1703 2998 1984 3054 dimittere

387 3088 628 3142 sustinet
677 3098 902 3159 propter
950 3089 1256 3145 Christum.
1298 3091 1766 3157 Quemadmodum
1797 3103 1978 3145 autem

390 3180 640 3249 orphano
675 3192 938 3250 parentes
991 3183 1306 3240 charissimi
1341 3193 1474 3240 sunt
1529 3194 1695 3257 atque
1735 3185 1978 3239 honora-

392 3272 591 3328 tissimi
617 3275 790 3331 totius
822 3276 909 3330 sui
943 3279 1183 3346 generis,
1215 3279 1289 3332 ita
1324 3279 1491 3333 etiam
1529 3279 1709 3334 viduae
1749 3279 1981 3334 maritus

390 3367 758 3425 charissimus
781 3384 906 3425 esse
932 3371 1072 3426 solet
1101 3380 1158 3426 et
1187 3387 1404 3427 summo
1427 3371 1647 3426 honori.
1683 3369 1980 3440 Orphanus

389 3461 559 3515 etiam
601 3460 708 3517 diei
749 3471 957 3532 potest,
995 3466 1315 3534 quicunque
1344 3463 1646 3518 dmmonem
1695 3461 1979 3531 relinquit,

2079 1895 2535 1963 προσηλύτους.
2563 1893 2817 1957 Δικαίους
2858 1894 2978 1964 μὲν,
3015 1891 3143 1953 τοὺς
3169 1889 3278 1959 πρὸ
3295 1887 3390 1942 τοῦ
3422 1887 3668 1955 Εύαγγε-

2080 1990 2195 2044 λίου
2254 1989 2580 2059 λάμψαντας
2642 1987 2701 2040 ἐν
2748 1986 2941 2055 ἀρετῇ·
2981 1979 3363 2052 προσηλύτους
3398 1978 3478 2043 δὲ,
3534 1978 3665 2041 τοὺς

2083 2080 2223 2152 μετά
2259 2079 2321 2134 τὸ
2370 2076 2728 2147 Εὑαγγέλιον,
2786 2070 3260 2144 προσεληλυθότας
3293 2071 3358 2139 τῇ
3395 2065 3670 2138 εὐσεϐείᾳ·

2079 2175 2113 2244 ἢ
2145 2173 2386 2237 δικαίους
2413 2171 2536 2242 μὲν,
2561 2171 2688 2232 τοὺς
2724 2165 3096 2236 τελειοτέρους
3133 2165 3212 2226 είς
3240 2161 3464 2233 ἀρετὴν,
3494 2175 3665 2230 προσ-

2080 2266 2312 2338 ηλύτους
2357 2263 2435 2331 δὲ,
2467 2264 2595 2326 τοὺς
2639 2262 2988 2333 ἀρτιπαγείς.
3048 2255 3323 2316 Ἐκείνους
3380 2253 3482 2322 μὲν
3558 2251 3670 2320 γὰρ

2081 2357 2296 2426 ἀγαπᾷ,
2330 2355 2407 2418 ὡς
2434 2351 2893 2424 εύαρεστοῦντας,
2925 2347 3151 2409 τούτους
3183 2345 3241 2400 δὲ
3271 2343 3552 2415 φυλάττει,
3591 2341 3672 2404 ὡς

2083 2449 2330 2511 ἁπαλοὺς
2363 2447 2525 2508 ὄντας
2559 2445 2664 2508 ἔτι,
2717 2443 2813 2497 καὶ
2851 2443 3019 2512 μήπω
3069 2435 3510 2509 πεπειραμένους
3570 2435 3672 2504 τῆς

2086 2543 2226 2612 πρὸς
2255 2541 2386 2604 τοὺς
2415 2539 2683 2609 δαίμονας
2717 2533 3068 2607 συμπλοκῆς.

2171 2719 2472 2790 Ὀρφανὸν
2525 2717 2628 2773 καὶ
2663 2716 2861 2786 χῆραν
2893 2715 3301 2784 ἀναλήψεται.
3348 2707 3673 2779 ’Δντιλήψε-

2085 2831 2198 2869 ται.
2248 2810 2456 2874 Διττῶς
2487 2810 2545 2864 δὲ
2587 2810 2718 2881 περί⁸
2750 2808 2942 2862 τούτου
2991 2807 3234 2877 νοήσεις.
3264 2799 3539 2872 Ὀρφανὸς
3573 2799 3674 2868 μὲν

2085 2907 2218 2977 γὰρ,
2259 2905 2289 2958 ὁ
2315 2901 2636 2957 καταλιπὼν
2672 2901 2887 2970 πατέρα
2917 2899 3013 2952 καὶ
3043 2897 3262 2968 μητέρα
3287 2893 3375 2947 διὰ
3409 2889 3692 2967 Χριστόν·ἱ

2087 3001 2183 3051 καὶ
2209 2998 2354 3068 χήρα
2389 2993 2572 3061 πάλιν,
2601 2995 2634 3064 ή
2666 2989 3045 3046 καταλιποῦσα
3064 2987 3157 3041 τὸν
3195 2984 3367 3055 ἀνδρα
3419 2981 3508 3035 διὰ
3538 2980 3676 3047 Χρι-

2090 3089 2237 3142 στόν.
2303 3087 2518 3156 Ὠσπερ
2569 3085 2629 3140 δὲ
2671 3083 2751 3155 τῷ
2807 3081 3034 3151 ὀρφανῷ
3087 3078 3158 3132 τὰ
3207 3073 3518 3146 τιμιώτατα
3577 3070 3675 3124 καὶ

2088 3182 2322 3252 φίλτατα
2353 3178 2448 3233 τοῦ
2480 3178 2673 3248 γένους
2707 3175 2891 3246 πατὴρ
2921 3173 3017 3227 καὶ
3052 3171 3263 3243 μήτηρ,
3294 3167 3440 3222 οὕτω
3469 3163 3563 3219 καὶ
3603 3164 3673 3232 τῇ

2089 3276 2257 3346 χήρᾳ.
2302 3273 2464 3342 ἀνὴρ.
2528 3270 2627 3340 Ετη
2696 3268 2741 3321 δ’
2778 3267 2845 3322 ἂν
2896 3265 3160 3336 ὀρφανὸς,
3206 3260 3354 3316 καὶό
3381 3253 3676 3313 ἀποϐαλὼν

2089 3369 2181 3422 τὸν
2213 3367 2484 3433 διάϐολον,
2522 3366 2581 3419 ὃν
2623 3362 2736 3436 εἶχε
2771 3365 3037 3437 πρότερον
3109 3357 3323 3429 πατέρα
3384 3356 3479 3409 καὶ
3531 3351 3678 3406 διδάο

2093 3460 2293 3514 σκαλον
2346 3461 2406 3512 ἐν
2461 3456 2652 3528 κακίᾳο
2679 3458 2776 3511 καὶ
2824 3457 2969 3527 χήρα
3017 3453 3203 3516 πάλιν,
3262 3451 3296 3520 ἡ
3324 3442 3678 3502 ἀποϐαλοῦσα

389 3568 554 3622 quem
613 3564 774 3610 antea
810 3556 975 3610 veluti
1031 3565 1240 3626 patrem
1275 3569 1340 3610 ac
1380 3555 1639 3611 vitiorum
1697 3554 1978 3610 doctorem

2089 3551 2237 3624 ψυχὴ
2305 3551 2399 3605 τὸν
2461 3549 2748 3617 διάϐολον,
2779 3541 2824 3618 ᾧ
2885 3545 3182 3618 κεκόλλητο
3234 3542 3323 3598 διὰ
3363 3540 3459 3595 τοῦ
3513 3537 3678 3610 θερα-

385 3645 648 3702 habebat.
681 3647 857 3704 Simili
888 3649 1056 3704 modo
1091 3666 1187 3719 per
1237 3651 1458 3704 viduam
1512 3649 1694 3703 anima
1726 3649 1818 3703 illa
1869 3661 1964 3717 po-

2085 3645 2267 3699 πεύειν
2295 3645 2482 3699 αὐτόν.

389 3747 499 3793 test
535 3737 792 3809 intelligi,
846 3755 971 3810 qua:
1022 3740 1418 3809 desponsatam
1486 3749 1648 3794 antea
1691 3739 1976 3794 diabolum
2016 3737 2305 3808 relinquit,
2359 3737 2448 3792 cui
2527 3737 2693 3793 etiam
2747 3734 3008 3804 adjuncta
3062 3741 3182 3791 erat
3277 3741 3444 3792 atque
3497 3727 3678 3782 inse!"

387 3831 596 3888 viebat.

463 3968 536 4023 Et
589 3969 725 4022 viam
777 3976 1112 4035 peccatorum
1143 3965 1431 4035 disperdat.
1482 3964 1584 4022 Via
1635 3973 1978 4037 peccatorum

2167 3967 2275 4023 Kal
2307 3967 2455 4022 ὁδὸν
2495 3966 2868 4038 ἁμαρτωλῶν
2905 3963 3171 4034 ἁφανιεῒ.
3220 3961 3371 4023 Ὁδὸς
3413 3958 3680 4028 ἀμαρτω-

391 4064 591 4116 vitium
625 4068 710 4116 est
767 4069 824 4116 et
871 4059 1141 4131 pravitas.
1178 4059 1392 4114 Dictum
1443 4068 1530 4114 est
1561 4060 1727 4115 etiam
1781 4059 1835 4113 in
1885 4060 1978 4113 [int

2093 4063 2224 4123 λῶν.
2258 4063 2290 4133 ἡ
2334 4061 2508 4116 κακία
2549 4061 2645 4114 καὶ
2684 4059 2944 4130 πονηρία.
2996 4058 3225 4128 Εἴρηται
3265 4054 3323 4108 δὲ
3367 4053 3464 4105 καὶ
3509 4051 3567 4102 ἐν
3601 4045 3680 4111 τῷ

395 4153 558 4226 primi
590 4153 785 4225 psalmi
815 4169 830 4207 :
865 4152 935 4208 Et
967 4153 1068 4208 iter
1095 4153 1378 4222 impiorum
1409 4154 1614 4223 peribit.

2091 4155 2237 4209 τέλει
2259 4153 2354 4208 τοῦ
2405 4159 2454 4208 α’
2484 4152 2727 4224 ψαλμοῦ,
2756 4151 2863 4207 Καὶ
2887 4150 3028 4216 ὁδὸς
3075 4144 3316 4204 ἀσεϐῶν
3345 4140 3678 4199 ἀπολεῖται.

467 4295 634 4350 Vens.
671 4294 757 4347 10.
803 4289 1060 4363 Regnabit
1095 4291 1352 4347 Dominus
1387 4293 1441 4346 in
1487 4293 1758 4347 saeculum.
1815 4293 1978 4349 Filius

2168 4292 2536 4348 Βασιλεύσει
2573 4290 2792 4358 Κύριος
2830 4291 2917 4355 εις
2949 4287 3059 4342 τὸν
3085 4284 3296 4340 αιῶνα.
3338 4281 3400 4335 '0
3431 4279 3559 4344 Υἱδς
3581 4277 3678 4331 τοῦ

398 4384 517 4449 Dei,
551 4383 644 4456 qui
695 4400 843 4439 nunc
875 4391 1093 4454 regnat,
1132 4397 1189 4439 ut
1216 4384 1380 4450 Deus,
1411 4385 1665 4456 regnabit
1705 4385 1892 4452 etiam,
1931 4394 1978 4440 ut

2096 4384 2231 4439 Θεοῦ
2261 4385 2561 4456 βασιλεύων
2580 4423 2595 4449 ,
2625 4383 2699 4446 ὡς
2733 4383 2864 4445 Θεὸς
2887 4380 3221 4451 βασιλεύσει·
3253 4377 3347 4430 καὶ
3365 4373 3441 4439 ὡς
3474 4373 3679 4441 ἄνθρω-

397 4480 592 4545 homo,
626 4477 681 4532 in
739 4478 1042 4544 saculum;
1092 4477 1316 4548 quando
1351 4478 1496 4532 dicet
1525 4494 1538 4530 :
1571 4477 1709 4532 Data
1750 4478 1879 4532 mihi
1909 4492 1978 4532 est

2099 4495 2199 4541 πος
2229 4479 2309 4541 εἰς
2356 4477 2448 4530 τὸν
2479 4476 2654 4530 αἰῶνα
2687 4491 2702 4505 ’
2735 4473 2860 4528 καθ’
2882 4473 2942 4526 ὃν
2975 4473 3109 4542 ὲρεϊο
3138 4469 3357 4536 Ἐδόθη
3375 4483 3478 4536 μοι
3511 4464 3683 4518 πᾶσα

401 4573 570 4624 omnis
607 4580 839 4639 potestas
870 4571 924 4622 in
955 4569 1084 4624 ctelo
1140 4580 1188 4625 et
1244 4571 1299 4624 in
1347 4578 1490 4624 terra
1513 4571 1556 4626 ⁵.
1596 4569 1686 4626 Vel
1725 4571 1978 4642 simplici-

2094 4571 2351 4637 ἐξουσία
2405 4570 2475 4624 ἐν
2512 4566 2748 4636 οὐρανῷ
2773 4566 2869 4620 καὶ
2893 4566 2991 4619 ἐπὶ
3023 4563 3156 4635 γῆς’
3182 4563 3239 4636 ἢ,
3267 4563 3296 4615 ὀ
3334 4560 3466 4622 Θεὸς
3495 4556 3682 4620 ἁπλῶς

403 4671 486 4713 ιει·
523 4674 538 4713 :
569 4658 986 4730 Deusuregnabit
1015 4668 1296 4729 perpetuo,
1329 4667 1384 4714 et
1415 4660 1567 4731 regni
1594 4659 1714 4730 ejus
1747 4677 1856 4716 non
1885 4662 1978 4717 erit

2094 4662 2406 4734 βασιλεύσει
2464 4662 2720 4725 αἰωνίὼς,
2795 4657 2891 4712 καὶ
2961 4657 3062 4727 τῆς
3137 4653 3415 4726 βασιλείας
3498 4646 3669 4704 αὑτοῦ

407 4751 554 4805 ﬁnis.

476 4885 618 4940 Deus
649 4895 793 4952 tuus,
821 4883 970 4953 Sion,
999 4888 1053 4940 in
1085 4892 1470 4956 generationem
1499 4899 1550 4944 et
1585 4893 1994 4960 generationem.

406 4979 768 5050 Subintellige
807 4980 1061 5045 verbum,
1117 4981 1237 5043 erit,
1286 4993 1383 5036 aut
1423 4982 1671 5049 verbum,
1731 4987 1988 5051 regnabit.

405 5070 622 5124 Dictum
663 5077 749 5124 est
779 5078 962 5124 autem
1006 5071 1060 5124 in
1094 5071 1420 5142 prmcedenti
1464 5073 1674 5142 psalmo
1710 5091 1725 5129 ε
1756 5073 1991 5146 Regnum

407 5173 581 5229 tuum,
605 5177 819 5231 regnum
843 5163 1075 5215 omnium
1097 5164 1437 5228 saeculorum,
1464 5172 1514 5219 et
1535 5166 1826 5220 dominium
1843 5178 1990 5220 tuum

408 5259 462 5309 in
521 5257 662 5310 omni
706 5257 1040 5326 generatione
1075 5267 1123 5310 et
1158 5260 1509 5326 generatione.
1543 5258 1648 5314 Per
1683 5261 1994 5330 generatio-

410 5362 536 5401 nem
565 5347 732 5418 igitur
757 5358 808 5402 et
843 5349 1250 5418 generationem
1293 5351 1667 5417 morientium,
1700 5360 1755 5405 et
1806 5366 1993 5405 resur-

409 5442 654 5508 gentium
686 5441 1094 5509 generationem
1118 5442 1380 5512 intellige.
1413 5441 1543 5498 Sion
1572 5457 1722 5508 vero,
1752 5443 1992 5497 fidelium

412 5529 659 5586 Ecclesia
685 5533 909 5598 dicitur,
946 5543 1003 5588 ut
1030 5535 1083 5588 iu
1111 5551 1232 5588 xcvi
1269 5536 1483 5605 psalmo
1515 5535 1854 5593 declaratum
1887 5544 1991 5602 est,

414 5623 527 5678 ibi:
565 5623 630 5676 Et
653 5625 1016 5680 exultauerunt
1049 5627 1179 5694 ﬁlia:
1213 5627 1437 5683 Judica'.

487 5803 733 5859 “Matth.
796 5823 986 5871 xxx-ut,
1049 5811 1135 5864 l8.

2095 4757 2196 4809 οὐκ
2224 4755 2378 4807 ἔσται
2403 4755 2576 4813 τέλος.

2181 4895 2237 4944 '0
2265 4891 2412 4954 Θεός
2431 4905 2572 4952 σου,
2604 4885 2778 4950 Σιὼν,
2811 4887 2898 4952 εἰς
2925 4883 3141 4954 γενεὰν
3173 4882 3273 4937 καὶ
3305 4879 3544 4951 γενεάν.
3570 4881 3672 4932 Bt»

2102 4986 2382 5041 σιλεύσει
2423 4980 2691 5053 δηλονότι,
2739 4979 2773 5051 ἦ
2805 4979 3000 5032 ἔσται.
3035 4976 3268 5046 Εῐρηται
3308 4972 3366 5026 δὲ
3396 4971 3491 5024 καὶ
3523 4969 3582 5021 ἐν
3607 4968 3686 5039 τῷ

2105 5076 2434 5150 προλαϐόντι
2479 5071 2702 5144 ψαλμῷ·
2758 5073 2830 5125 ’11
2861 5069 3154 5135 βασιλεία
3212 5082 3330 5120 σου
3391 5061 3684 5128 ,βασιλεία

2103 5171 2349 5224 πάντων
2404 5166 2523 5222 τῶν
2555 5165 2807 5226 αἰώνων,
2864 5161 2962 5216 καὶ
2994 5160 3032 5227 ἠ
3067 5157 3392 5214 δεσποτεία
3421 5170 3562 5218 σου,
3615 5152 3684 5207 ἐν

2104 5263 2274 5331 πάσῃ
2311 5258 2489 5331 γενεᾷ
2543 5257 2640 5312 καὶ
2686 5252 2884 5325 γενεᾷ.
2915 5252 3084 5306 Γενεά
3112 5251 3168 5305 δὲ
3202 5250 3299 5304 καὶ
3346 5246 3532 5318 γενεὰ,
3558 5245 3594 5317 ἦ
3627 5262 3684 5298 τε

2104 5356 2216 5408 τῶν
2251 5349 2710 5420 ἀποθνησκόντων
2741 5385 2756 5410 ,
2805 5345 2902 5399 καὶ
2941 5346 2974 5414 ἠ
3005 5343 3116 5396 τῶν
3159 5340 3542 5411 ἀνισταμένων
3599 5355 3677 5390 νε-

2105 5445 2275 5518 κρῶν.
2304 5441 2443 5496 Σιὼν
2473 5440 2530 5493 δὲ
2572 5440 2666 5493 καὶ
2693 5439 2724 5509 ἡ
2763 5436 3062 5506 Ἐκκλησία
3093 5435 3202 5488 τῶν
3231 5433 3463 5498 πιστῶν,
3497 5431 3573 5494 ὡς
3601 5429 3688 5483 δε-

2105 5536 2344 5604 δήλωται
2376 5534 2470 5588 καὶ
2494 5533 2553 5587 ἐν
2576 5531 2653 5602 τῷ
2680 5534 2730 5597 ‘1'
2786 5529 3011 5600 ψαλμῷ,
3078 5527 3208 5581 ἔνθα
3247 5527 3333 5594 τὸ,
3369 5524 3479 5582 Καὶ
3504 5525 3688 5594 ἀταλ-

2107 5629 2425 5684 λιιὶσονται
2451 5629 2511 5681 αἱ
2533 5623 2858 5696 θυγατέρες
2887 5623 2998 5691 τῆς
3043 5621 3363 5687 Ἰουδαίας.
