4112 6424
421 384 562 451 13ὓέ)

1562 386 1948 451 COMMENT.
1984 390 2065 451 IN
2105 390 2470 453 PSALMOS.

3512 388 3517 393 ’
3542 385 3684 454 1306

362 508 365 511 ‘
417 513 543 558 τους
578 495 814 549 ἐνταῦθα
859 498 1216 568 μνημονεύειν
1244 497 1455 551 νεοσσοὶ
1482 498 1539 551 δὲ
1577 499 1834 569 κοράκων
1859 501 1983 554 ἀνα-

2097 501 2334 567 dentur,
2385 508 2439 557 et
2492 500 2623 574 quia
2676 500 2895 557 illorum
2969 501 3179 556 clamor
3237 499 3679 557 obsecrationem

417 589 692 657 γωγικῶς,
723 591 773 642 οι
805 590 865 655 ἐξ
925 591 1118 656 ἐθνῶν,
1143 592 1251 645 τῶν
1306 590 1577 661 ἀκάρπων
1605 592 1702 644 καὶ⁸
1755 594 1996 662 μεμολυ-

418 683 632 750 σμένων
667 683 766 746 τὰς
794 682 973 752 ψυχὰς
1005 684 1086 753 τῷ
1118 682 1267 754 ζόφῳ
1310 683 1411 751 τῆς
1440 683 1738 753 ἁμαρτίας,
1765 681 1847 747 οἷς
1913 684 1995 737 δί-

413 774 548 827 δωσι
584 776 796 845 τροφὴν
834 778 862 830 ὁ
887 776 1024 837 Θεὸς
1064 775 1445 844 πνευματικήν
1476 791 1536 828 τε
1592 780 1688 827 καὶ
1721 777 1796 844 μὴ
1826 775 1997 829 ἀπολ-

412 867 676 938 λυμένηψ
706 870 828 922 ἐπεὶ
851 869 907 921 δὲ
935 867 1182 929 ἀσθενεῖς
1208 864 1350 939 ἦσαν
1382 869 1446 921 ὲκ
1473 867 1573 934 τῆς
1592 867 1995 939 αξχμαλωσίας,

414 961 510 1012 καὶ
546 962 729 1014 ὃπλων
764 960 988 1031 ἔρημοι,
1028 960 1123 1012 κα)⁵
1155 959 1373 1013 πάντων
1424 960 1867 1028 γεγυμνωμένοι,
1907 960 1996 1012 ἵνα

2100 593 2393 663 quamdam
2417 608 2483 648 ac
2514 608 2705 661 preces
2729 595 2999 654 imitatur.
3040 592 3154 647 llac
3185 593 3355 660 igitur
3395 591 3464 647 de
3510 606 3681 645 causa

2101 696 2252 736 nunc
2294 696 2585 737 corvorum
2611 684 2927 753 specialiter
2962 684 3231 738 meminit.
3270 682 3431 736 Juxta
3477 695 3686 750 anago-

2100 788 2202 842 gen
2231 775 2574 830 :Corvorum
2599 776 2730 845 pulli
2754 775 2940 832 fideles
2965 776 3152 847 populi
3178 786 3309 830 sunt
3333 791 3398 831 ex
3425 775 3683 844 gentibus

2103 866 2446 936 congregati,
2479 867 2646 921 veluti
2696 868 2791 938 qui
2836 868 3104 922 immundi
3141 875 3319 931 erant,
3353 876 3407 922 et
3445 865 3685 919 fmdatas

2102 960 2313 1026 peccati
2366 958 2606 1028 caligine
2658 958 2790 1014 olim
2847 960 3063 1014 animas
3106 959 3432 1014 habebant:
3475 957 3682 1027 quibus

421 1052 548 1119 μηδ’
577 1051 833 1105 ἐντεῦθεν
868 1051 1231 1124 θορυϐῶνται,
1264 1052 1360 1105 καὶ
1383 1053 1588 1119 ταύτην
1612 1050 1794 1105 αὐτῶν
1830 1052 1983 1124 θερω

2100 1048 2242 1103 Deus
2273 1050 2617 1119 spiritualem
2639 1051 2825 1106 cibum
2859 1050 3085 1120 prabet,
3118 1061 3174 1105 et
3197 1065 3304 1105 non
3331 1057 3682 1119 pereuntem.

410 1137 572 1191 πεύει
604 1138 703 1211 τὴν
726 1142 984 1211 ὑποψίαν,
1018 1140 1195 1209 λέγων
1234 1156 1251 1171 ⁸

2099 1140 2321 1209 (Dicunt
2363 1141 2529 1196 etiam
2590 1142 2781 1211 aliqui,
2814 1142 2965 1212 quod
2996 1157 3124 1196 cum
3162 1142 3273 1203 ille.
3318 1140 3410 1210 qui
3455 1152 3686 1195 summae

411 1228 677 1286 bonitatis
710 1243 794 1287 est
816 1234 959 1299 fons,
988 1233 1196 1304 justam
1230 1233 1360 1289 Eliae
1386 1233 1670 1306 propheta:
1691 1233 1746 1290 in
1769 1231 1990 1289 Iudaeos
2029 1233 2469 1303 indignationem
2505 1235 2725 1290 mollire
2795 1244 3042 1306 cuperet,
3080 1234 3279 1289 famem
3328 1232 3560 1296 induxit,
3624 1241 3701 1290 ut.

409 1323 679 1379 satietatis
731 1324 943 1381 fructus
1012 1327 1309 1395 castigaret
1375 1346 1391 1381 :
1462 1336 1516 1381 et
1552 1327 1706 1381 illum
1756 1326 2087 1395 praeparavit
2124 1327 2325 1380 nutriri
2355 1342 2385 1382 a
2417 1342 2605 1389 corvo.
2649 1342 2677 1379 a
2714 1328 2938 1384 volucre
2966 1328 3110 1392 dico,
3137 1327 3342 1397 proprii
3373 1325 3541 1381 foetus
3574 1326 3686 1379 ini-

413 1419 578 1482 mica,
621 1432 742 1488 quae
769 1421 914 1488 parit
938 1418 1156 1489 quidem
1188 1420 1388 1487 pullos,
1424 1419 1517 1474 sed
1543 1433 1641 1474 eos
1672 1433 1782 1472 non
1804 1417 1980 1471 nutrit
2019 1417 2366 1487 (nutriuntur
2416 1418 2564 1473 enim
2594 1419 2977 1474 minutissimis
3036 1419 3364 1488 quibusdam
3431 1416 3687 1472 animali-

409 1506 535 1571 bus,
566 1523 687 1577 qua:
738 1510 953 1563 illorum
993 1510 1156 1563 nidos
1186 1502 1614 1579 circumvolant)
1648 1524 1662 1563 :
1744 1522 1809 1563 ac
1880 1506 2196 1577 huiusmodi
2240 1508 2405 1575 laeto,
2443 1509 2598 1563 visus
2626 1520 2713 1564 est
2750 1509 3045 1564 consilium
3084 1508 3243 1564 Elite
3278 1509 3544 1578 prmbere.
3582 1521 3687 1560 ne-
3760 1498 3764 1502 ’

408 1600 576 1654 nimia
621 1600 675 1654 iu
731 1598 949 1657 Iudaeos
1001 1602 1377 1673 indignatione
1426 1610 1699 1667 uteretur,
1746 1616 1883 1657 neve
1930 1615 1989 1655 se
2029 1601 2398 1655 inhumanum
2452 1604 2632 1673 magis
2685 1602 3024 1666 ostenderet,
3075 1616 3240 1672 quam
3286 1602 3342 1655 in
3406 1616 3534 1657 eum
3597 1588 3685 1655 νει

406 1693 498 1747 illa
528 1693 644 1748 avis
675 1694 864 1760 fuerit,
904 1711 1025 1765 qua:
1055 1705 1209 1751 tanto
1254 1697 1381 1752 odio
1409 1698 1660 1767 proprios
1723 1695 2071 1767 persequitur
2102 1695 2287 1765 (ilics).
2323 1695 2463 1762 Quia
2491 1711 2627 1751 vero
2647 1694 2849 1759 Judaei,
2918 1696 3009 1766 qui
3052 1710 3119 1750 ex
3204 1694 3532 1766 Babylonica
3599 1710 3668 1749 re-

407 1787 553 1839 versi
609 1785 829 1840 fuerant
880 1787 1220 1857 captivitate,
1267 1788 1478 1843 debiles
1520 1797 1703 1852 erant,
1746 1801 1811 1841 ac
1866 1786 1987 1841 sine
2026 1787 2217 1852 armis,
2295 1787 2666 1857 omnibusque
2739 1788 2863 1843 aliis
2933 1787 3103 1841 rebus
3151 1786 3433 1850 deuudati,
3483 1787 3684 1843 timens

362 1879 683 1950 ‘Pmphota
731 1894 801 1934 ne
869 1882 1081 1938 idcirco
1131 1882 1318 1938 animo
1393 1885 1875 1956 perturbarentur,
1924 1880 2067 1935 hanc
2103 1896 2294 1936 eorum
2336 1882 2392 1936 in
2429 1883 2791 1955 sequentibus
2842 1883 3060 1939 timoris
3103 1883 3474 1954 suspicionem
3497 1893 3680 1952 sanat,

405 1972 598 2023 dit-cus
636 1986 650 2023 :

478 2067 602 2117 Οὐκ
626 2065 696 2118 ἐν
717 2064 792 2133 τῇ
829 2066 1161 2134 δυναστείᾳ
1179 2067 1287 2122 τοῦ
1312 2070 1504 2123 ἵππου
1547 2069 1818 2134 θελήσει,
1844 2066 1983 2121 οὐδὲ

2160 2063 2328 2121 Vsus.
2363 2064 2451 2129 10,
2477 2064 2567 2120 Η.
2596 2065 2717 2119 Non
2748 2067 2803 2119 in
2835 2065 3152 2136 fortitudine
3174 2066 3295 2135 equi
3324 2064 3482 2125 volet.
3512 2078 3678 2133 neque

402 2159 474 2212 ἐν
499 2158 628 2225 ταῖς
657 2160 919 2228 κνήμαις
947 2161 1051 2214 τοῦ
1077 2161 1302 2230 ἀνδρὸς
1335 2162 1591 2216 εὐδοκεῖ.
1625 2163 1859 2232 Θέλησιν
1891 2164 1986 2215 καὶ

404 2252 654 2305 εὐδοκξαν
711 2254 812 2319 τὴν
835 2254 1133 2324 ἀρέσκειαν
1155 2254 1326 2324 λέγει,
1359 2256 1451 2309 καὶ
1482 2254 1640 2318 αὖθις
1668 2255 1988 2308 δυναστείαν

403 2347 502 2399 καὶ
532 2346 771 2416 κνήμας,
798 2346 897 2418 τὴν
924 2347 1182 2418 δύναμιν.
1236 2346 1451 2419 Ὠσπερ
1474 2331 1590 2418 γὰρ
1623 2349 1680 2401 ὲν
1706 2349 1819 2410 τοῖς
1851 2347 1987 2417 βρα-

402 2439 569 2510 χίοσι,
600 2438 710 2493 τῶν
732 2439 957 2509 χειρῶν,
1015 2440 1160 2493 οὕτω
1191 2440 1286 2493 καὶ
1329 2439 1390 2493 ὲν
1435 2442 1559 2502 ταῖς
1586 2440 1847 2509 κνήμαις,
1877 2438 1987 2492 τῶν

406 2528 585 2582 ποδῶν
614 2529 647 2598 ἡ
690 2528 981 2599 περιουσία
1022 2529 1121 2597 τῆς
1150 2528 1460 2599 δυνάμεως·
1509 2528 1611 2582 οὐκ
1640 2529 1698 2580 ἐν
1735 2531 1802 2599 τῇ
1823 2528 1987 2582 δυνά-

405 2637 517 2691 μει,
553 2623 741 2690 φησὶν,
773 2620 868 2673 τοῦ
893 2622 1090 2684 ἵππου,
1121 2621 1269 2692 ἢτοῦ
1299 2622 1531 2676 ἱππότου
1564 2622 1984 2693 ἑναρεθήσεται,

402 2713 438 2783 ἢ
468 2712 681 2766 εὐδοκεῖ
702 2711 763 2766 τὸ
797 2714 1023 2783 κράτος,
1058 2713 1176 2767 ἀλλ’
1208 2715 1266 2768 ὲν
1299 2714 1466 2778 τίσιν,
1495 2712 1753 2770 ἄκουσον.

356 2819 365 2825 ·
471 2804 725 2859 Εὺδοκει
782 2806 998 2872 Κύριος
1032 2807 1104 2858 ἐν
1140 2804 1262 2871 τοῖς
1322 2806 1723 2874 φοϐουμένοις
1771 2804 1981 2873 αὐτὸν,

401 2896 501 2950 καὶ
525 2896 596 2950 ἐν·
616 2897 742 2962 τοῖς
763 2896 1073 2957 ἐλπίζουσι
1106 2897 1204 2950 ἐπὶ
1228 2896 1296 2950 τὸ
1327 2896 1502 2964 ἔλεος
1534 2896 1748 2952 αὐτοῦ.
1783 2897 1987 2951 Λοιπὸν

400 2989 518 3055 οὖν,
565 2988 729 3057 φόϐον
763 2986 1006 3041 τοιοῦτον
1036 2988 1131 3040 καὶ
1162 2986 1354 3041 ἐλπίδα
1406 2989 1669 3059 τοιαύτην
1701 2989 1986 3058 κτησάμε-

402 3099 504 3143 νοι,
535 3080 611 3152 μὴ
640 3079 981 3151 Θορυσεῖσθε.

987 3173 1381 3241 Ἀλληλούτα.

936 3265 1234 3321 ΨΑΛΜυΣ
1268 3268 1446 3322 PMZ’.

523 3367 690 3391 ιη-.-
715 3360 804 3391 ...Α
835 3355 987 3391 -⁴ε.....
1042 3362 1180 3391 θυι-ιιι
1211 3361 1317 3391 οἵ...
1349 3362 1569 3391 κὴρ-αι’...
1629 3363 1732 3391 .2-
1778 3362 1794 3382 '

472 3367 690 3428 Αἴνεσις
715 3360 810 3416 καὶ
835 3360 987 3425 οὗτος
1042 3362 1180 3433 ὑπὲρ
1211 3361 1317 3415 τῶν
1347 3362 1569 3432 ἀγαθῶν
1629 3363 1732 3435 τῆς
1778 3362 1983 3434 Ἰερου-

472 3458 605 3510 λήυ..
1000 3454 1005 3459 ’
1110 3456 1117 3463 ’

2164 3360 2532 3407 Laudatorius
2561 3360 2646 3405 est
2673 3360 2838 3404 etiam
2874 3360 2961 3401 me
2986 3360 3252 3416 psalmus,
3285 3360 3297 3399 ι

2086 3446 2335 3501 actiones
2359 3443 2608 3498 continet
2637 3455 2738 3510 pro
2779 3440 2939 3495 bouis
2969 3438 3297 3494 Jerusalem.

400 3458 536 3526 σαλή
548 3474 605 3526 μ.

473 3547 764 3609 Ἐπαίνει,
815 3546 1244 3616 Ἰερουσαλὴμ,
1274 3546 1382 3602 τὸν
1411 3548 1654 3617 Κύριον,
1678 3548 1834 3602 atras
1871 3547 1981 3601 τὸν

404 3643 554 3697 Θεόν
592 3639 918 3705 σοι),Σιιῖ›ν.
961 3641 1321 3712 Ἰερουσαλὴμ
1349 3641 1469 3709 μὲν,
1503 3640 1981 3710 ήοίκοδομηθεῖσα

400 3734 583 3798 πόλις·
612 3732 752 3786 Σιὼν
790 3733 868 3795 δὲ,
902 3733 964 3786 τὸ
993 3732 1120 3802 ὅρος
1168 3733 1255 3801 ἐφ’
1293 3724 1356 3785 οὗ
1406 3730 1548 3804 αὕτη
1598 3732 1922 3804 ᾠκοδόμητο
1960 3746 1979 3767 ⁸

348 3868 351 3871 .
399 3824 690 3894 ἀμφότερα
719 3823 775 3877 δὲ
804 3822 908 3893 τῆς
933 3824 1105 3892 αὐτῆς
1133 3822 1400 3893 ὀνόματα.

474 3917 603 3970 Ὀτι
628 3915 926 3983 sar-laxitas
948 3916 1092 3980 τοὺς
1117 3916 1390 3984 μοχλοὺς
1437 3914 1558 3969 τῶν
1594 3915 1809 3970 πυλῶν
1838 3928 1978 3971 σου.

349 4043 359 4055 .
402 4004 630 4075 ’Υμνει,
671 3999 866 4073 φησιν,
925 4004 1124 4056 αὐτόν·
1175 4001 1365 4067 δόξαζε
1388 4004 1445 4056 δὲ
1475 4006 1572 4058 καὶ
1621 4006 1963 4076 εὐχαρίστει,

399 4099 481 4151 ὅτι
511 4096 921 4164 ὲνεδυνάμωσεν
943 4095 1071 4156 τοὺς
1113 4093 1342 4163 μοχλοὺ‹,
1381 4095 1493 4148 τῶν
1516 4096 1697 4148 πυλῶν
1722 4113 1839 4163 σου,
1864 4094 1982 4160 θεὶς

344 4203 355 4233 ι
402 4188 604 4250 αὐτοὺς
654 4186 1057 4258 ἁδιαρῤήκτους
1117 4187 1233 4249 τοῖς
1263 4186 1571 4254 πολεμίοις.
1625 4182 1760 4242 Εἶτα
1828 4190 1979 4257 λέγει

398 4283 497 4336 καὶ
544 4281 644 4343 τὰς
673 4280 865 4342 λοιπὰς
895 4278 1239 4348 εὐεργεσίας.
1922 4298 1929 4343 ξ

471 4373 787 4441 Εὐλόγησε
807 4368 948 4435 τοὺς
982 4370 1151 4435 υἱούς
1181 4382 1300 4423 σου
1340 4369 1407 4423 ἐν
1448 4370 1569 4425 σοι.
1613 4371 1981 4441 Ἐχαρίτωσεν

398 4462 619 4526 αὐτοὺς,
662 4458 777 4522 ἐἰς’
811 4458 1042 4529 πλῆθος,
1105 4461 1187 4519 εἰς
1247 4459 1426 4529 ἰσχὺν,
1497 4462 1580 4521 εἰς
1625 4459 1866 4523 σύνεσιν,
1899 4462 1981 4524 εἰς

398 4552 656 4618 πλοῦτον,
701 4553 798 4605 καὶ
829 4549 891 4603 τὸ
917 4550 1126 4620 μεῖζον,
1179 4550 1262 4603 ὅτι
1294 4553 1353 4603 ὲν
1403 4552 1487 4603 σοὶ
1545 4551 1735 4617 δντας,
1795 4570 1981 4607 κατοι-

398 4643 638 4705 κοῦντας
689 4640 864 4712 ὁμοῦ·
924 4641 988 4694 τὸ
1036 4642 1148 4714 γὰρ
1202 4643 1277 4697 ἐν
1317 4642 1440 4706 σοι,
1473 4642 1594 4697 ἀντὶ
1667 4644 1785 4703 τοῦ.
1839 4645 1977 4716 ὁμοῦ

2088 2161 2144 2213 in
2178 2158 2324 2212 tibiis
2375 2157 2477 2211 oiri
2518 2157 2836 2225 cumplacet.
2883 2156 2988 2210 Per
3032 2157 3374 2212 voluntatem
3421 2164 3475 2209 et
3525 2169 3680 2210 com-

2089 2251 2439 2322 p'acentiam,
2476 2250 2657 2320 ipsum
2689 2250 2783 2305 Dei
2837 2249 3247 2318 beneplacitum
3290 2247 3571 2317 intelligit,
3621 2257 3677 2303 et

2088 2358 2306 2408 rursus,
2344 2357 2439 2413 per
2473 2341 2853 2398 fortitudinem
2884 2348 2939 2395 et
2989 2355 3089 2409 per
3122 2340 3310 2402 tibias,
3337 2340 3486 2407 ipsas
3503 2340 3674 2394 vires.

2087 2432 2223 2507 Nam
2263 2431 2724 2504 quemadmodum
2750 2429 2805 2484 in
2841 2429 3085 2483 brachiis
3111 2428 3261 2482 vires
3284 2442 3543 2481 manuum
3574 2439 3677 2493 po-

2090 2525 2367 2581 tissimum
2393 2524 2726 2588 consistunt,
2755 2521 2830 2577 ita
2863 2521 2919 2575 in
2950 2520 3105 2576 tibiis
3132 2519 3279 2574 vires
3305 2518 3525 2589 pedum.
3553 2516 3675 2573 Non

2090 2618 2146 2672 in
2181 2616 2307 2685 equi
2345 2625 2440 2670 aut
2473 2615 2680 2685 equitis
2712 2613 3009 2692 potentia,
3043 2610 3246 2680 inquit,
3278 2607 3674 2678 delectabitur;

2034 2710 2041 2714 ’
2090 2709 2185 2765 sed
2211 2708 2268 2764 in
2291 2709 2621 2779 quibusnam
2649 2707 2952 2763 delectetur
2977 2703 3136 2758 andi.

2160 2798 2471 2855 Delectatur
2493 2796 2755 2852 Dominus
2785 2796 2840 2849 in
2867 2793 3173 2848 timentibus
3214 2805 3358 2852 eum,
3406 2799 3457 2845 et
3510 2789 3569 2843 in
3605 2788 3675 2845 iis

2090 2894 2181 2965 qui
2210 2899 2429 2962 sperant
2476 2891 2539 2975 iis
2562 2887 2935 2944 misericordia
2967 2886 3105 2956 ejus.
3140 2883 3337 2940 Restat
3378 2883 3569 2952 igitur,
3612 2889 3676 2938 ut

2089 2993 2247 3055 parto
2271 2974 2587 3052 huiusmodi
2620 2979 2821 3035 timore
2844 2992 2910 3034 ac
2962 2991 3083 3048 spe,
3125 2974 3362 3046 amplius
3401 2988 3511 3030 non
3540 2986 3673 3045 per-

2045 3103 2051 3107 -
2090 3072 2411 3131 Iurbemini.

2756 3160 3015 3216 Alleluia.

2564 3249 2892 3309 PSALMUS
2929 3250 3185 3308 CXLVII.

2164 3350 2532 3407 Laudatorius
2561 3356 2646 3405 est
2673 3348 2838 3404 etiam
2873 3348 2961 3401 hic
2986 3346 3252 3416 psalmus,
3285 3350 3341 3400 et
3366 3343 3669 3415 gratiarum

2159 3538 2326 3594 Vsus.
2372 3536 2458 3590 l2.
2510 3532 2723 3600 Lauda,
2747 3531 3068 3595 Jerusalem,
3130 3530 3450 3594 Dominum,
3505 3528 3672 3585 lauda

2088 3634 2257 3690 Deum
2287 3644 2461 3701 tuum,
2496 3629 2768 3687 Sion.Per
2793 3624 3101 3684 Jerusalem
3123 3626 3341 3696 quidem
3387 3624 3665 3681 conditam

2089 3727 2261 3795 ipsam
2301 3724 2583 3780 civitatem
2614 3719 2911 3790 intelligit;
2944 3733 3040 3789 per
3074 3715 3206 3771 Sion
3234 3731 3386 3781 vero,
3422 3724 3665 3772 montem

2048 3844 2053 3851 ν
2087 3818 2144 3874 iu
2177 3833 2288 3886 quo
2313 3822 2436 3871 erat
2462 3812 2755 3870 aediﬁcata.

2157 3909 2326 3964 Vens.
2356 3907 2442 3963 15.
2468 3907 2607 3971 Quia
2632 3902 2939 3973 fortiﬁcaoit
2955 3908 3120 3956 vectes
3133 3908 3403 3967 portarum
3424 3911 3663 3953 tuarum.

2022 3997 2025 3999 ’
2087 4001 2297 4061 Lauda,
2330 3997 2530 4067 inquit,
2561 3998 2756 4060 Deum,
2787 4000 2843 4049 et
2883 3992 3091 4061 gratias
3122 3990 3172 4044 ei
3218 4003 3340 4059 age.
3374 3988 3501 4056 quia
3530 4002 3664 4057 por-

2088 4101 2267 4146 turum
2304 4100 2521 4145 tuarum
2548 4092 2734 4142 vectes
2774 4084 2914 4139 adeo
2962 4081 3177 4137 validos
3215 4095 3340 4135 esse
3370 4078 3575 4145 etfecit,
3603 4086 3664 4135 ut

2087 4185 2156 4238 ab
2193 4183 2447 4238 hostibus
2489 4178 2668 4249 frangi
2707 4185 3011 4248 nequeant.
3064 4170 3276 4230 Deinde
3323 4171 3427 4226 alia
3469 4186 3663 4243 perse-

2086 4276 2276 4346 quitur
2312 4269 2599 4328 benelicia.
3032 4332 3035 4335 _

2156 4366 2435 4422 Benedixit
2469 4362 2597 4432 ﬁliis
2644 4361 2749 4414 tuis
2784 4360 2841 4413 in
2881 4368 2951 4413 te.
2995 4355 3274 4411 Tribnens
3308 4354 3409 4409 tibi
3461 4367 3576 4416 eos,
3609 4359 3661 4408 et

2087 4460 2384 4521 multos,et
2406 4453 2598 4518 fortes,
2626 4459 2680 4506 et
2701 4451 2999 4520 sapientes,
3027 4456 3083 4501 et
3120 4446 3342 4509 divites,
3393 4453 3468 4506 et,
3511 4441 3659 4511 quod

2086 4552 2297 4607 caeteris
2340 4548 2501 4618 longe
2548 4544 2728 4613 majus
2773 4551 2878 4606 est,
2930 4541 2984 4596 bi
3035 4539 3128 4593 lilii
3166 4539 3220 4593 in
3245 4544 3300 4593 te
3329 4551 3436 4590 una
3468 4549 3660 4589 omnes

2086 4638 2393 4699 sunt.Nam
2425 4637 2569 4707 quod
2609 4636 2749 4691 dixit
2781 4635 2932 4699 inte,
2966 4632 3111 4687 idem
3162 4629 3272 4685 sibi
3320 4627 3458 4692 vult,
3507 4640 3573 4680 ac
3615 4624 3660 4680 si

396 4733 811 4787 κατοικοῦνται.
876 4730 1034 4787 Ἰδοὺ
1084 4734 1214 4801 γὰρ,
1258 4734 1447 4803 φησὶν,
1494 4734 1554 4787 τί
1585 4735 1783 4788 καλὸν
1826 4715 1883 4803 ἣν
1922 4736 1981 4790 τι

2086 4733 2313 4788 dixisset
2355 4747 2369 4783 :
2406 4729 2511 4783 Eos
2544 4727 2641 4782 tibi
2675 4725 2870 4780 tribuit
2892 4738 3000 4777 una
3026 4737 3089 4776 ac
3121 4721 3328 4793 pariter
3353 4720 3482 4774 inte
3503 4715 3660 4771 habi-

396 4826 676 4891 τερπνὸν,
709 4823 848 4878 ἀλλ’
906 4821 945 4891 ἢ
972 4823 1040 4876 τὸ
1071 4824 1374 4880 κατοικεῖν
1420 4826 1730 4895 ἀδελφοὺς
1780 4826 1880 4880 ἐπὶ
1911 4824 1980 4881 τὸ

2087 4833 2290 4880 tantes.
2344 4822 2478 4878 Ecce
2511 4816 2907 4885 enim,inquit,
2958 4813 3086 4885 quid
3144 4814 3357 4877 bonum,
3393 4819 3486 4864 aut
3532 4806 3659 4877 quid

396 4921 566 4972 αὐτό.

479 5013 545 5063 '0
567 5008 752 5075 τιθεὶς
777 5004 852 5063 τὰ
877 5006 1014 5077 ὅριά
1055 5024 1174 5063 σου
1194 5008 1465 5078 εἰρήνην.
1512 5011 1571 5065 '0
1595 5011 1817 5066 πάντων
1869 5012 1980 5066 τῶν

396 5103 562 5173 ἐρίων
595 5118 689 5154 σου
736 5099 831 5154 τὸν
884 5099 1123 5169 πόλεμον
1180 5099 1484 5166 ἀπελάσας,
1513 5103 1542 5155 ὁ
1567 5101 1739 5167 τιθεὶς
1764 5103 1832 5157 τὰ
1855 5103 1980 5176 ὄριά

397 5211 495 5246 σου
545 5190 907 5263 εἰρηνεῦσάν
941 5190 976 5261 ἢ
1027 5192 1057 5244 ὁ
1088 5189 1266 5254 τιθεὶς
1314 5191 1397 5254 εἰς
1454 5191 1526 5245 τὰ
1570 5193 1698 5263 apte
1748 5211 1846 5249 σου
1899 5195 1980 5247 εἰ·

400 5289 594 5359 ρήνην.

471 5376 579 5430 Καὶ
642 5374 830 5444 στέαρ
881 5375 1077 5443 πυροῦ
1139 5374 1462 5446 ἐμπιπλῶν
1520 5392 1616 5436 σε.
1684 5379 1760 5432 Οὐ
1829 5381 1978 5432 σῖτον

341 5484 351 5493 ’
400 5469 611 5532 ἁπλῶς,
640 5467 785 5525 ἀλλὰ
816 5467 1056 5537 πιμελὴν
1090 5467 1240 5522 σίτου
1261 5484 1276 5500 ·
1326 5469 1476 5538 λέγει
1505 5470 1564 5525 δὲ
1619 5469 1720 5541 τὴν
1747 5471 1974 5540 σεμιδαο

398 5560 517 5613 λιν·
540 5560 687 5631 ἀὕτη
717 5561 848 5631 γὰρ,
880 5558 943 5612 τὸ
981 5559 1236 5613 πιότατον
1275 5560 1374 5615 καὶ
1434 5561 1832 5632 καθαρώτατον
1876 5563 1973 5615 τοῦ

342 5692 349 5707 .
391 5652 664 5725 ἀλεύρου*
719 5654 817 5706 καὶ
843 5652 905 5706 οὐ
934 5651 1113 5717 διδοὺς
1143 5650 1355 5721 ἁπλῶς,
1395 5654 1513 5710 ἀλλ’
1566 5653 1881 5726 ἐμπιπλῶν·
1904 5652 1972 5708 δι’

468 5830 490 5866 ⁷
513 5830 656 5888 Psal.
680 5844 851 5896 xxxtt,
882 5829 928 5888 Ι.

2075 4917 2398 4986 jucundum.
2426 4928 2587 4980 quam
2618 4908 2857 4962 habitare
2881 4906 3074 4975 fratres
3094 4906 3148 4956 in
3175 4918 3341 4958 unum
3362 4903 3404 4956 ".

2156 5007 2322 5061 Vsus.
2365 5005 2450 5057 Μ.
2483 5002 2586 5068 Qui
2618 5000 2795 5069 posuit
2824 4999 2956 5067 ﬁnes
2980 5008 3098 5052 tuos
3123 5009 3324 5064 pacem.
3353 4992 3438 5046 Ab
3468 4992 3657 5045 omni.-

2081 5100 2190 5156 bus
2225 5097 2428 5152 ﬁnibus
2474 5095 2586 5149 tuis
2634 5093 2837 5148 bellum
2896 5088 3149 5150 removit,
3205 5083 3364 5139 Unde
3411 5081 3655 5152 regionis

2047 5199 2190 5253 ,tute
2215 5187 2481 5243 terminos
2511 5182 2691 5239 ell'ecit
2726 5180 3012 5251 paciﬁcos.
3041 5174 3162 5241 Vel,
3218 5175 3309 5245 qui
3351 5174 3535 5245 posuit
3559 5188 3655 5244 pa-

2028 5347 2040 5360 ,
2081 5296 2199 5337 cem
2234 5279 2288 5332 in
2315 5276 2518 5331 ﬁnibus
2547 5275 2680 5329 tuis.

2152 5373 2221 5428 Et
2252 5372 2408 5441 adipe
2438 5367 2691 5439 frumenti
2720 5364 2880 5435 replet
2914 5372 2983 5416 te.
3030 5360 3153 5415 Non
3200 5358 3476 5414 frumento
3517 5358 3653 5413 sim-

2082 5466 2322 5537 pliciter,
2349 5463 2443 5518 sed
2466 5457 2726 5516 frumenti
2752 5455 2932 5525 adipe.
2966 5452 3144 5523 Ipsam
3176 5461 3357 5506 autem
3380 5449 3653 5520 siliginem

2082 5556 2337 5626 intelligit
2370 5593 2385 5619 ,
2415 5568 2540 5622 quae
2586 5548 2954 5622 pinguissima
3003 5559 3067 5599 ac
3111 5541 3406 5612 purissima
3453 5548 3539 5596 est
3579 5540 3651 5594 fa-

2081 5652 2219 5707 rina:
2251 5663 2396 5721 pars.
2424 5647 2535 5703 Nec
2558 5645 2690 5702 dare
2721 5657 2847 5701 eum
2880 5636 3206 5710 simpliciter
3258 5633 3416 5704 dixit,
3445 5632 3539 5691 sed
3574 5648 3647 5694 re-
