4112 6412
497 346 632 414 1ῗοῖ

494 459 643 526 plere
685 475 697 511 :

493 550 803 618 largitatem
840 553 1116 607 fructuum
1159 555 1466 610 denotavit.

568 639 732 697 Vens.
775 643 866 697 15.
913 645 1019 708 Qui
1046 646 1239 697 emittit
1267 645 1538 718 eloquium
1579 668 1735 706 suum
1770 663 1945 708 terrm.
1997 652 2083 708 Si-

493 733 603 784 cnti
634 733 682 784 ei
715 749 833 787 mos
868 743 976 796 est,
1011 751 1038 788 a
1073 735 1302 804 privatis
1332 739 1396 792 ad
1429 745 1748 798 communia
1769 760 2080 800 sermonem

493 823 781 889 transfert,
831 835 888 878 et
943 842 1139 884 rursus
1198 843 1228 881 a
1275 834 1665 891 communibus
1715 837 1783 891 ad
1843 838 2076 907 privata.

492 916 623 970 Cum
655 919 803 972 enim
837 920 904 973 de
937 922 1365 987 particularibus
1389 925 1591 982 dixerit
1634 929 1933 995 beneﬁciis,
1959 947 2084 1001 qua:

491 1009 542 1061 in
566 1009 737 1075 ipsam
762 1022 892 1072 sunt
916 1013 1119 1068 collata
1145 1014 1481 1078 Jerusalem.
1510 1035 1657 1074 nunc
1687 1022 1740 1075 in
1765 1023 2080 1078 universum

490 1099 555 1155 de
592 1101 774 1155 divina
802 1105 1044 1171 loquitur
1062 1108 1430 1175 providentia,
1500 1127 1597 1180 per
1627 1113 1903 1182 eloquium
1927 1130 2085 1169 man-

489 1193 676 1246 tlatnm
717 1194 804 1249 Dei
837 1197 1182 1268 intelligens,
1225 1201 1294 1256 de
1322 1202 1563 1258 ferendis.
1600 1220 1666 1259 ac
1708 1206 2082 1276 producendis

489 1284 787 1347 fructibus.

570 1377 828 1436 Velociter
874 1387 1042 1439 currit
1101 1404 1274 1442 sermo
1325 1389 1462 1458 ejus.
1510 1389 1760 1448 M'ttente
1813 1392 1923 1448 Deo
1965 1395 2083 1450 elo-

488 1473 676 1539 quium
713 1489 898 1536 suum,
945 1479 996 1530 id
1026 1488 1134 1540 est.
1156 1481 1390 1551 jnhente
1423 1483 1629 1554 aiiquid
1675 1501 1951 1554 sermone,
1982 1503 2078 1542 seu

490 1564 654 1617 verbo
683 1581 803 1633 suo,
859 1567 1244 1638 linjusretuodi
1293 1589 1479 1628 ser-tuo
1565 1577 1827 1632 velociter
1871 1580 2076 1644 eiu-fet,

489 1653 594 1708 Izoc
645 1666 752 1717 est,
805 1659 918 1714 cito
949 1668 1004 1714 et
1052 1663 1467 1733 Quamprimum
1529 1666 1877 1735 perﬁcietur,
1913 1666 2079 1724 Juxta

485 1759 766 1815 snagogen
839 1750 1355 1809 verozlerusalem
1390 1765 1445 1810 et
1491 1754 1622 1810 Sion
1669 1756 1912 1814 Ecclesia
1955 1775 2078 1815 e=se

1729 355 2115 418 EUTIIYMII
2153 356 2326 417 ZIGA
2339 358 2516 418 BEN!

747 473 856 526 quo
924 474 1180 513 sermone
1243 462 1640 517 abundantiam
1711 467 1919 535 pariter
2011 484 2075 525 ac

2185 458 2260 518 ὧν
2295 467 2435 536 ὁμοῦ
2479 467 2577 539 τὴν
2631 469 2891 541 εὐθηνίαν
2939 473 3032 528 καὶ
3085 473 3372 530 δαψίλειαν
3409 473 3517 527 τῶν
3547 478 3781 546 καρπῶν

3637 366 3782 430 i303

2187 558 2358 628 δηλοῖ.

2270 643 2332 696 '0
2371 645 2772 703 ἀποστέλλων
2798 651 2864 704 τὸ
2898 654 3320 722 λόγιοναὺτοῦ
3347 655 3420 724 τῇ
3454 655 3550 725 γῇ.
3595 659 3617 675 ”

2186 735 2335 806 αὖτῴ
2367 738 2599 810 σύνηθες
2631 741 2740 794 ἀπὸ
2766 743 2875 796 τῶν
2909 745 3096 798 ἰδικῶν
3119 746 3216 801 ἐπὶ
3242 747 3313 800 τὰ
3340 750 3494 802 κοινὰ
3527 751 3776 819 μεταφὲη

2187 846 2305 900 ρειν
2355 832 2652 901 τὸνλόγον,
2725 838 2816 888 καὶ
2865 837 3033 892 πάλιν
3062 839 3172 892 ἀπὸ
3204 839 3314 892 τῶν
3349 843 3552 895 κοινῶν
3585 844 3677 896 ἐπὶ
3707 845 3776 896 τὰ

2189 923 2482 991 ἰδιάζοντα,
2543 925 2701 980 τοῦτο
2737 928 3020 981 κάνταῦθα
3051 931 3218 982 ποιεῖ⁸
3272 929 3445 985 εἰπὼν
3481 934 3608 1001 περὶ
3664 937 3778 986 τῶν

2188 1017 2431 1085 μερικῶν
2459 1019 2793 1088 εὐεργεσιῶν
2819 1021 2918 1090 τῆς
2973 1020 3354 1094 Ἰερουσαλὴμ,
3377 1025 3474 1078 νῦν
3501 1023 3648 1092 λέγει
3683 1029 3779 1079 καὶ

2185 1110 2316 1177 περὶ
2351 1112 2448 1178 τῆς
2486 1111 2719 1164 καθόλου
2758 1113 3042 1182 προνοίας,
3105 1115 3286 1183 λόγιον
3317 1116 3503 1170 καλῶν
3561 1117 3623 1170 τὸ
3648 1121 3779 1189 περὶ

2181 1199 2278 1253 τοῦ
2305 1206 2678 1272 καρπογονεῖν
2705 1205 3063 1278 πρόσταγμα.

2257 1383 2412 1448 Ἕως
2444 1385 2664 1455 τάχους
2725 1386 3085 1458 δραμεῖταιό
3108 1391 3293 1460 λόγος
3333 1391 3542 1445 αὑτοῦ.
3608 1392 3775 1444 Ἀπο-

2184 1476 2498 1541 στέλλοντος
2561 1478 2729 1533 αὖτοῦ
2786 1481 2846 1534 τὸ
2891 1481 3099 1550 λόγιον,
3153 1484 3275 1553 ἢτοι
3329 1483 3557 1536 κελεύον
3593 1501 3676 1546 ος.
3743 1485 3773 1535 ὁ

2181 1567 2424 1631 τοιοῦτος
2484 1568 2642 1637 λόγος
2695 1571 2800 1636 ἓως
2858 1574 3065 1643 τάχους
3121 1574 3444 1645 δραμεῖται,
3497 1576 3773 1640 τουτέστι,

2181 1661 2393 1730 ταχέως
2423 1665 2738 1732 δραμεῖται,
2780 1666 3099 1734 παραυτίκα
3153 1667 3776 1738 τελεσιουργηθίςσεται.

2181 1754 2341 1806 Κατὰ
2373 1753 2428 1806 δὲ
2458 1754 2770 1826 ἀναγωγὴν,
2831 1757 3197 1831 Ἰερουσαλὴμ
3257 1763 3352 1814 καὶ
3382 1760 3543 1822 Σιὼν,
3572 1763 3606 1830 ἡ
3654 1762 3780 1814 Ἐκ·

483 1834 692 1892 dicitur
734 1839 1005 1908 fidelium,
1041 1852 1100 1898 ut
1147 1846 1278 1901 alibi
1330 1847 1600 1903 diximus.
1638 1848 1817 1906 Porta:
1845 1867 1975 1906 vero
2011 1853 2075 1906 il-

2181 1846 2383 1913 κλησία
2415 1848 2524 1903 τῶν
2581 1850 2816 1914 πιστῶν,
2881 1850 3070 1916 καθὼς
3123 1852 3390 1916 πολλάκις
3434 1855 3772 1923 εἰρήκαμεν·

483 1928 610 1994 lius,
650 1930 921 2000 baptisma
971 1945 1027 1990 et
1059 1936 1218 1994 ﬁdes.
1260 1939 1363 1994 Per
1406 1957 1595 1995 earum
1647 1945 1815 1997 etiam
1887 1953 2075 2000 vectes

481 2032 734 2077 sanctam
791 2026 1155 2100 intelligimus
1223 2047 1470 2088 crucem.
1543 2033 1833 2090 Benedixit
1893 2047 2073 2092 autem

485 2112 630 2169 Dens
651 2117 779 2172 tiliis
797 2117 922 2188 ejus
943 2119 1224 2178 Ecclesiae:
1249 2124 1355 2181 hoc
1371 2137 1482 2188 est,
1509 2129 1775 2199 apostolis
1795 2128 2072 2184 Christus.

485 2205 761 2264 Extollens
784 2213 956 2274 enim.
990 2214 1194 2285 inquit,
1227 2236 1418 2274 manus
1443 2239 1594 2286 suas,
1629 2221 1895 2276 benedixit
1930 2222 2073 2289 eis“;

480 2305 534 2349 et
565 2314 660 2364 per
704 2316 799 2355 cos
834 2304 1097 2360 erunibus
1135 2307 1392 2364 similiter
1449 2311 1751 2375 benedixit,
1797 2314 1890 2382 qui
1940 2329 2076 2384 apo-

481 2390 690 2444 etulicte
750 2392 874 2447 fidei
937 2411 1295 2456 successores
1354 2401 1601 2458 fuerunt.
1663 2403 1854 2460 Posuit
1909 2406 2074 2461 etiam

477 2481 601 2547 ejus
635 2483 898 2542 Ecclesia:
937 2487 1098 2552 lines,
1131 2507 1320 2560 pacem
1353 2513 1366 2549 :
1406 2497 1534 2565 quia
1573 2497 1704 2551 dum
1756 2507 2079 2567 persecuto-

480 2587 602 2625 rnm
626 2589 838 2644 pugnas
865 2590 1190 2637 constanter
1226 2586 1489 2650 sustinet,
1525 2587 1796 2642 vincendo
1830 2596 2079 2656 postmo-

479 2665 609 2717 dum
663 2683 850 2735 paeem
880 2670 1234 2743 adipiscitur.
1262 2675 1366 2732 Per
1391 2677 1653 2732 frutuenti
1681 2695 1811 2733 vero
1837 2679 2077 2749 adipem,

480 2757 790 2823 spiritualis
821 2763 931 2818 cibi
969 2767 1274 2834 puritatem
1327 2785 1393 2825 ac
1450 2771 1778 2828 munditiam
1813 2773 2076 2844 intellige,

477 2858 533 2902 et
573 2866 669 2916 per
701 2853 982 2923 eloquium
1017 2859 1164 2927 quod
1221 2868 1384 2918 teme
1417 2863 1684 2921 emissum
1719 2875 1826 2929 est,
1879 2866 2079 2935 praidi-

475 2939 744 2995 cationem
778 2944 926 3011 ﬁdei,
958 2956 1130 3015 atque
1180 2950 1570 3022 Evangelium,
1623 2955 1772 3026 quod
1822 2956 2078 3012 celeriter

475 3045 774 3088 cursurum
804 3053 928 3092 esse
956 3043 1207 3108 praedicit
1238 3043 1533 3116 Propheta.
1574 3047 1681 3104 Sed
1711 3065 1777 3105 ne
1811 3051 1937 3121 quis
1971 3050 2079 3105 hu-

479 3119 725 3186 jusmtnli
777 3130 1122 3200 prophetiam
1179 3136 1579 3208 impossibilem
1625 3119 1866 3212 putaret,
1915 3142 2076 3197 ﬁdem

2181 1939 2346 1994 πύλαι
2375 1941 2431 1995 δὲ
2461 1943 2628 2012 αὐτῆς
2655 1944 2687 2013 ἠ
2716 1942 2897 2006 πίστις
2921 1946 3015 1998 καὶ
3059 1945 3119 1999 τὸ
3151 1945 3460 2016 βάπτισμω
3491 1948 3683 2016 μοχλοὶ
3716 1945 3776 2000 δὲ

2179 2032 2386 2097 αὐτῶν,
2414 2036 2442 2086 6
2474 2034 2732 2104 σταυρόςο
2766 2034 3035 2104 εὐλόγησε
3064 2034 3120 2088 δὲ
3153 2037 3355 2098 αὐτοὺς
3395 2037 3548 2098 υἱοὺς
3571 2037 3773 2104 αὐτῆς,

2179 2125 2306 2189 τοὺς
2352 2126 2690 2190 ἀποστόλους
2723 2129 2752 2182 6
2778 2129 3041 2197 Χριστός.
3114 2127 3397 2198 Ἐπάρας,
3437 2131 3624 2198 φησὶν,
3665 2131 3777 2197 τὰς

2180 2218 2388 2289 χεῖρας
2421 2220 2613 2275 αὑτοῦ
2672 2222 3028 2291 ηὐλόγησεν
3085 2222 3331 2289 αὐτοὺς,
3369 2223 3466 2276 καὶ
3493 2223 3562 2276 δι’
3592 2224 3775 2277 αὐτῶν

2181 2313 2394 2375 πάντας
2442 2312 2573 2376 τοὺς
2641 2312 2700 2377 ἐξ
2752 2312 2956 2368 αὐτῶν.
3018 2315 3247 2368 Τέθεικε
3278 2315 3335 2369 δὲ
3379 2317 3475 2370 καὶ
3520 2317 3588 2370 τὰ
3645 2317 3776 2384 ὅρια

2181 2403 2355 2475 αὐτῆς
2387 2404 2636 2476 εἰρήνην,
2661 2405 2742 2458 ὄτι
2777 2405 2872 2458 καὶ
2926 2406 3334 2478 πολεμούμενος
3363 2409 3591 2480 εἰρήνην
3647 2409 3773 2478 ἄγει

2184 2498 2242 2550 ἐν
2281 2497 2361 2567 τῷ
2395 2498 2573 2569 νικᾷν·
2639 2497 2811 2568 στέαρ
2857 2498 2912 2551 δὲ
2956 2499 3158 2568 πυροῦ,
3187 2502 3221 2571 ἠ
3246 2501 3344 2570 τῆς
3385 2503 3774 2572 πνευματικῆς

2181 2589 2396 2660 τροφῆς
2429 2591 2626 2655 πιότης
2671 2592 2765 2644 καὶ
2812 2573 3149 2662 καθαρότης⁸
3206 2594 3675 2664 ἀποστελλόμενον
3716 2596 3775 2649 δὲ

2181 2679 2321 2748 ἐντῇ
2347 2680 2416 2749 γῇ
2445 2677 2507 2732 τὸ
2559 2679 2763 2749 λόγιον,
2794 2680 2856 2734 τὸ
2883 2683 3148 2754 κήρυγμα
3192 2684 3291 2754 τῆς
3337 2687 3625 2752 εὐσεϐείας
3681 2689 3776 2743 καὶ

2180 2771 2276 2826 τοῦ
2300 2770 2662 2840 Εὑαγγελίου,
2695 2772 2723 2825 ὃ
2765 2773 2859 2826 καὶ
2885 2775 3099 2844 ταχέως
3135 2777 3466 2848 δραμεῖσθαι
3523 2782 3771 2852 προεφή-

2179 2882 2378 2919 τευσεν
2406 2867 2434 2919 6
2471 2865 2659 2920 Δαϐίδ.
2720 2866 2842 2920 Ἷνα
2889 2866 2947 2920 δὲ
2993 2869 3158 2939 μήτις
3207 2874 3375 2941 νοήσῃ
3427 2871 3672 2928 ἀδύνατα
3702 2880 3771 2927 τὶ

2181 2955 2281 3025 τῆς
2315 2955 2680 3028 προφητείας,
2742 2955 3035 3011 πιστοῦται
3100 2958 3276 3014 ταῦτα
3304 2962 3392 3016 διὰ
3436 2963 3546 3016 τῶν
3574 2965 3776 3035 ἐφεξῆς

2180 3047 2529 3118 θαυμασίων,
2568 3049 2859 3120 μονονουχὶ
2886 3050 3177 3118 διδάσκων,
3212 3053 3287 3116 ὡς
3319 3057 3346 3108 6
3368 3055 3546 3110 ταῦτα
3569 3058 3773 3128 ρᾳδὶως

2179 3139 2384 3212 ἰσχύων
2440 3141 2552 3194 οὐδ’
2587 3143 2673 3195 ἐπ’
2705 3144 2941 3208 ἐκείνοις
2995 3144 3346 3217 ἀδυνατήσει.

475 3230 503 3268 s
542 3219 718 3272 rmoni
749 3219 879 3278 facit
932 3229 1295 3297 sequentibus
1322 3231 1628 3300 miraculis,
1653 3249 1719 3289 ac
1741 3236 1788 3290 si
1811 3234 2061 3294 diceret:
2103 3235 2382 3308 Numquid
2422 3239 2469 3294 is
2515 3238 2608 3309 qui
2684 3251 2794 3297 tam
2844 3243 2913 3298 de
2964 3243 3113 3300 facili
3159 3247 3346 3300 omnia
3408 3247 3526 3304 haec
3594 3250 3776 3319 potui:

473 3314 758 3381 perﬁcere.
815 3322 1113 3381 inlbt'CiliiS
1148 3336 1243 3381 aut
1295 3328 1550 3385 iutirmus
1603 3331 1657 3386 in
1700 3332 1809 3387 illis
1836 3333 2266 3392 existimabitur.

548 3413 713 3469 Vens.
759 3418 844 3473 16.
878 3420 984 3486 Qui
1006 3423 1097 3476 dat
1133 3426 1302 3477 nivem
1333 3443 1485 3480 suum
1505 3428 1642 3482 sicut
1669 3429 1875 3485 lauant.
1903 3430 2057 3486 Adeo
2089 3433 2134 3493 (Ξ

473 3507 754 3574 cepiosam
814 3526 879 3568 ac
915 3512 1169 3582 densam,
1212 3527 1271 3572 ut
1317 3520 1464 3575 brevi
1526 3529 1770 3599 tempore
1817 3525 2076 3580 universa

473 3595 544 3650 ab
573 3612 636 3652 ea
667 3608 996 3672 contegatur
1041 3615 1210 3674 terra,
1239 3626 1344 3664 non
1395 3627 1555 3667 secus
1584 3595 1749 3684 atque
1777 3631 1808 3669 a
1834 3615 2073 3671 candida

474 3689 717 3754 quadam
753 3691 905 3747 lana.

552 3779 819 3839 ft'ebulam
880 3787 1015 3841 sicut
1065 3789 1294 3845 cinerem
1355 3795 1581 3865 spargit.
1643 3796 1870 3854 Multam
1932 3803 2073 3859 hanc

473 3891 697 3945 qunque
728 3885 783 3932 et
817 3879 1074 3934 similiter
1100 3883 1354 3940 densam.

551 3964 708 4022 Vens.
735 3969 823 4022 17.
851 3969 1021 4024 Mittit
1056 3973 1277 4042 glaciem
1304 3994 1458 4032 suam
1486 3981 1619 4034 sicut
1657 3982 1942 4038 buccellus.
1973 3985 2062 4042 De-

471 4062 648 4115 l'urlttr
687 4063 854 4118 etiam
913 4066 1186 4134 ejusmodi
1246 4071 1494 4140 glacialis
1547 4076 1663 4140 nis,
1706 4080 1891 4146 parvis
1944 4081 2072 4150 qni-

477 4153 713 4209 lrusdam
789 4157 1166 4215 buccellarnm
1201 4164 1395 4220 frustis
1457 4169 1778 4237 persimilis.
1835 4170 2069 4238 Quidam

471 4259 602 4298 vero
648 4260 745 4314 per
809 4246 1082 4316 glaciem,
1143 4253 1411 4321 majorem
1456 4257 1786 4326 grandinem
1850 4259 2071 4315 intelle-

469 4346 694 4392 xerunt.

537 4431 677 4484 Aute
715 4431 906 4499 facient
949 4434 1166 4507 frigoris
1222 4439 1344 4508 ejus
1412 4443 1532 4511 quis
1585 4445 1921 4501 sustinebit?
1956 4445 2072 4500 Hoc

469 4536 696 4593 quoque
733 4526 1064 4585 admirabile
1093 4537 1202 4594 est,
1235 4539 1289 4586 et
1321 4549 1577 4604 magnam
1620 4535 1713 4591 Dei
1761 4541 2067 4608 potentiam

465 4613 848 4670 demonstrat:
871 4622 1151 4687 quomodo
1168 4623 1384 4681 scilicet
1411 4636 1520 4681 tam
1555 4641 1782 4698 repente
1812 4647 2068 4703 magnum

465 4703 604 4759 adeo
631 4705 805 4776 frigus
833 4709 946 4766 ﬁat.

2244 3433 2532 3502 Διδόντος
2555 3440 2733 3506 χιόνα
2759 3438 2948 3494 αὐτοῦ
2978 3441 3124 3495 ὡσεί
3158 3442 3342 3507 ἔριον.
3382 3443 3540 3498 Οὕτω
3569 3445 3773 3516 πολλὴ)

2179 3526 2274 3580 καὶ
2303 3526 2478 3592 οὕτως
2508 3529 2734 3601 ἁθρόαν,
2766 3530 2842 3595 ὡς
2873 3532 2931 3585 ὲν
2968 3532 3165 3604 βραχεῖ
3182 3536 3366 3590 πᾶσαν
3395 3535 3773 3594 καλύπτεσθαι

2176 3616 2277 3689 τὴν
2315 3620 2442 3690 γῆν,
2476 3621 2552 3684 ὼς
2581 3621 2688 3676 ὑπό
2717 3640 2864 3687 τινος
2904 3623 3054 3694 ἐρίου
3085 3624 3306 3682 λευκοῦ.

2260 3800 2546 3870 Ὁμίχλην
2570 3803 2712 3858 ὡσεί
2748 3805 2998 3861 σποδὸν
3017 3807 3395 3878 πάσσοντος.
3418 3811 3628 3885 Πολλὴν
3675 3817 3770 3871 καὶ

2175 3891 2380 3961 ἀθρόαν
2423 3894 2517 3946 καὶ
2541 3893 2774 3964 ταύτην.

2246 3978 2598 4048 θάλλοντος
2620 3984 3016 4052 κρύσταλλον
3050 3988 3265 4051 αὐτοῦ.
3303 3989 3452 4045 ὡσεί
3493 3994 3766 4062 ψωμούς.

2175 4071 2566 4142 Καταφέρεται
2604 4075 2714 4146 γὰρ
2747 4078 2840 4129 καὶ
2883 4076 3114 4147 τοιαύτη
3149 4081 3575 4154 κρυσταλλὼδης
3605 4084 3766 4154 χιὼν,

2174 4165 2429 4236 δοραχέσι
2461 4166 2660 4236 κέρασι
2709 4167 2925 4238 ψωμῶν
2981 4171 3220 4228 ἐοικυῖα.
3271 4173 3429 4238 Τινὲς
3457 4174 3515 4228 δὲ
3547 4178 3642 4230 καὶ
3669 4175 3770 4250 τὴν

2178 4259 2424 4331 μεγάλην
2461 4259 2706 4332 χάλαζαν
2730 4263 2991 4333 ἐνόησαν.

2245 4438 2406 4494 Κατὰ
2439 4440 2770 4508 πρόσωπον
2793 4441 3040 4511 ψύχους
3059 4444 3252 4500 αὐτοῦ
3282 4447 3374 4513 τίς
3421 4449 3765 4515 ὑποστήσε-

2175 4547 2306 4596 ται;
2348 4533 2459 4586 Καὶ
2489 4532 2667 4586 ιτοῦτο
2723 4535 2833 4604 γὰρ
2856 4535 3220 4606 ,θαυμαστὸν,
3260 4538 3358 4592 καὶ
3397 4541 3642 4611 μεγάλης
3672 4541 3761 4596 δυο

2174 4625 2394 4696 ναμεως
2430 4626 2732 4694 ἀπόδειξις·
2781 4629 2902 4692 πῶς
2930 4630 3200 4700 αἰφνίδιον
3222 4633 3473 4688 τοιοῦτον
3521 4635 3617 4688 καὶ
3647 4651 3760 4688 roa-

2175 4716 2335 4768 οὖτον
2376 4716 2572 4787 ψύχος.

537 4792 704 4849 Vens.
751 4797 839 4853 18.
884 4799 1103 4857 Emittet
1126 4803 1338 4858 verbum
1363 4783 1541 4867 suum.
1571 4818 1618 4862 et
1651 4809 1951 4880 liquefaciet
1976 4831 2064 4868 ea.

2258 4809 2694 4874 Ἑξαποστελεῖ
2728 4808 2837 4862 τόν
2884 4812 3076 4878 λόγον
3115 4813 3306 4869 αὐτοῦ
3334 4855 3350 4880 ,
3426 4814 3527 4869 καί
3600 4815 3766 4882 τήεει

466 4885 564 4941 Est
592 4895 647 4941 et
683 4889 787 4943 hoc
815 4891 963 4946 aliud
995 4893 1401 4964 admirandmu,
1436 4901 1580 4967 quod
1607 4901 1728 4971 ejus
1795 4906 2063 4960 mandato

465 4981 621 5035 nives
661 4990 716 5036 et
744 4983 952 5053 glacies
996 4989 1186 5041 statim
1224 4987 1554 5059 liquescant.

534 5161 718 5216 Flabit
741 5167 963 5233 spiritus
990 5167 1128 5236 ejus,
1155 5179 1206 5224 et
1244 5170 1410 5238 ﬂuent
1443 5189 1614 5242 aqua).
1641 5173 1743 5229 Per
1774 5177 2057 5246 spiritum,

464 5259 980 5332 ventum-intelligit
1019 5272 1316 5319 :austrum
1369 5267 1654 5334 nimirum,
1707 5280 1799 5322 aut
1847 5277 2058 5323 notum.

467 5342 603 5401 Tuto
659 5357 843 5405 autem
883 5351 990 5406 hoc
1040 5369 1324 5419 sermone,
1388 5355 1662 5423 PrOplieta
1714 5360 1848 5414 illud
1900 5360 2063 5416 nobis

469 5439 822 5496 manifestum
861 5443 1044 5500 facere
1078 5445 1344 5510 intendit,
1377 5450 1523 5518 quod
1561 5451 1675 5505 lucc
1708 5453 1915 5516 omnia,
1941 5469 2062 5521 qua:

473 5533 731 5599 superius
769 5540 1250 5598 commemoravit.
1306 5555 1418 5595 non
1475 5543 1727 5608 fortuito,
1780 5553 1873 5598 aut
1925 5561 2060 5600 casu

477 5618 625 5686 ﬂant,
663 5641 761 5679 nec
789 5637 986 5696 sponte
1033 5643 1155 5696 sua,
1192 5631 1289 5687 sed
1321 5634 1466 5703 quod
1522 5635 1725 5692 divinis
1776 5637 2060 5708 Ol.lL'l:i|lc-

557 5794 578 5824 "
607 5795 745 5853 Luc.
782 5817 929 5868 xxtv,
962 5805 1053 5859 50.

2170 4899 2344 4954 αὐτά.
2400 4901 2633 4969 Ἕτερον
2689 4902 2849 4954 τοῦτο
2916 4903 3247 4972 παράδοξον·
3311 4907 3432 4968 πῶς
3472 4905 3552 4977 τῷ
3602 4925 3765 4976 προσ-

2168 4992 2413 5060 τάγματι
2454 4991 2649 5056 αὑτοῦ,
2698 4993 2933 5061 τήκεται
2991 4994 3144 5066 καὶὴ
3193 4996 3353 5067 χιὼν,
3415 4999 3511 5052 καὶ
3547 5001 3577 5053 6
3633 5000 3764 5072 κρύ-

2170 5083 2424 5146 στάλλος.

2243 5178 2505 5231 Πνεύσει
2520 5177 2590 5231 τὸ
2612 5178 2853 5248 πνεῦμα
2876 5180 3090 5244 αὐτοῦ,
3111 5180 3215 5234 καί
3235 5181 3537 5250 ρυήσεται
3552 5182 3763 5242 ὕδατα.
3829 5251 3846 5260 ,

2163 5269 2271 5323 Τὸν
2301 5269 2455 5322 νότον
2512 5269 2685 5337 λέγει.
2731 5270 2986 5326 Δείκνυσι
3009 5272 3068 5325 δὲ
3118 5273 3209 5326 διὰ
3261 5275 3508 5338 πάντων,
3567 5276 3644 5339 ὡς
3701 5277 3763 5328 οὐ

2163 5361 2484 5432 ταυτόματα
2530 5363 2744 5429 γίνεται
2799 5364 2996 5430 ταῦτα,
3049 5366 3230 5419 πάντα
3258 5367 3315 5420 δὲ
3366 5370 3481 5431 τοῖς
3532 5368 3759 5438 προστά-

2166 5472 2384 5523 γμασιν
2415 5453 2584 5508 αὑτοῦ
2623 5455 2932 5528 πειθαρχεῖ,
2957 5458 3051 5511 καὶ
3082 5459 3283 5530 ῥᾳδίως
3309 5461 3708 5528 μεταϐάλλεται
3745 5474 3762 5491 ·

2165 5545 2261 5600 νῦν
2298 5546 2398 5614 μὲν
2425 5547 2486 5611 ἐξ
2507 5545 2701 5606 ὓδατος
2727 5548 2809 5611 εἰς
2865 5548 3019 5618 χιόνα
3064 5551 3154 5602 καὶ
3190 5549 3530 5619 κρύσταλλον
3549 5566 3565 5581 ο
3593 5548 3689 5603 νῦν
3717 5547 3764 5600 δ’

2164 5639 2273 5694 ἀπὸ
2303 5639 2532 5704 τούτων,
2588 5640 2668 5704 εἰς
2691 5639 2836 5712 ὕδωρ
2868 5655 2884 5674 ο
2919 5641 3011 5696 καὶ
3039 5640 3164 5712 ἄρτι
3195 5640 3296 5714 μὲν
3319 5641 3428 5698 ἀπὸ
3451 5643 3662 5715 Θέρμης
3683 5642 3762 5705 εἰς
