4112 6428
360 380 497 445 i309

1569 384 1954 448 COMMENT.
2001 385 2081 446 IN
2125 384 2485 449 PSALMOS.

3493 391 3635 456 1310

358 495 672 566 ψύχοςοάπδ
703 495 758 549 δὲ
789 496 981 550 τούτου
1009 497 1088 560 εἰς
1120 495 1335 566 θέρμην
1358 511 1370 525 ·
1405 495 1552 550 ὥστε
1583 497 1684 550 οὐκ
1709 498 1933 552 ἄπιστοι

2053 505 2177 550 rant
2201 498 2481 555 mandatis
2521 515 2536 553 :
2572 509 2735 569 atque
2769 499 2893 556 ideo
2926 502 2992 556 de
3027 501 3173 557 facili
3201 510 3631 561 commutantur.

355 601 417 642 εκ
453 588 778 660 πειρασμῶν
843 589 1101 657 γενέσθαι
1131 589 1356 658 ταχεῖαν
1382 587 1592 654 ἄνεσιν,
1624 590 1720 640 καὶ
1751 591 1814 642 ἐκ
1840 605 1941 642 πο-

355 677 538 746 λέμων
593 678 797 748 ἀθρόαν
848 677 1100 748 εἰρήνην,
1158 676 1256 730 καὶ
1299 677 1411 731 ἀπὸ
1479 677 1780 747 συμφορῶν
1846 679 1943 731 καὶ

355 769 612 839 θλίψεων,
663 771 931 839 αἰφνίδιον
965 768 1276 840 μεταϐολὴν
1307 768 1402 822 καὶ
1446 769 1646 838 χαράν.
1691 771 1940 822 Αἱνίττεο

359 877 442 914 ται
476 862 534 914 δὲ
557 863 626 916 τά
655 861 893 932 ρηθέντα
947 861 1044 914 καί
1080 878 1134 914 τι
1183 860 1484 931 βαθύτερον
1509 875 1527 892 ο
1563 862 1647 914 ὃτι
1686 861 1941 932 καθάπερ

361 952 421 1004 τὰ
450 951 546 1004 τοῦ
577 951 849 1022 χειμῶνος
876 954 924 1006 εί
948 954 1044 1007 καὶ
1079 950 1380 1018 λυποῦντα,
1412 955 1564 1023 ὅμως
1609 954 1940 1025 χρησιμεύει

353 1047 420 1115 τῇ
445 1047 539 1115 γῇ,
569 1045 714 1100 οὕτω
736 1047 831 1100 καὶΙ
855 1048 924 1102 τὰ
946 1047 1058 1103 τῶν
1097 1049 1422 1118 πειρασμῶν
1465 1049 1548 1110 εἰς
1575 1049 1769 1118 καιρὸν
1791 1049 1941 1117 ὠφε-

353 1136 578 1203 λοῦντα,
634 1140 801 1195 πάλιν
858 1141 1228 1210 οἰκονομικῶς
1290 1140 1750 1210 μεταϐάλλονταυ
1777 1140 1941 1194 τοῦτο

354 1231 457 1298 μὲν
493 1231 845 1298 παιδεύοντα,
877 1232 1036 1285 τοῦτο
1090 1233 1149 1286 δὲ
1174 1231 1639 1303 ψυχαγωγοῦντα,
1691 1233 1829 1302 πρὸς
1877 1233 1940 1287 τὸ

353 1317 672 1372 λυσιτελοῦν
731 1321 1104 1389 ἑκατέρωθεν.
1150 1318 1287 1374 Εἶτα
1316 1322 1482 1377 πάλιν
1530 1323 1641 1377 ἀπὸ
1673 1324 1786 1376 τῶν
1821 1341 1938 1377 κοι-

352 1409 463 1463 νῶν
509 1413 602 1463 ἐπὶ
632 1412 703 1465 τὰ
762 1413 1038 1478 ἰδιάζοντα
1070 1414 1308 1486 μετάγει
1351 1414 1443 1468 τὸν
1463 1414 1648 1484 λόγον,
1690 1415 1768 1480 ὡς
1795 1417 1940 1469 ἀνω-

349 1502 498 1573 τέρω
525 1503 850 1576 δεδήλωται.

2047 604 2194 643 nunc
2220 589 2442 659 quidem
2478 605 2543 644 ex
2583 604 2724 660 aqua
2757 591 2812 646 in
2847 593 3050 658 nivem,
3077 605 3172 647 aut
3203 592 3456 663 glaciem,
3482 606 3630 646 nunc

2044 697 2268 736 veroex
2302 682 2387 737 his
2448 682 2501 737 in
2555 698 2754 753 aquam
2792 701 2808 738 :
2845 685 2971 741 item
3025 687 3192 742 modo
3246 701 3277 741 a
3338 685 3522 740 calore
3565 685 3633 738 ad

2047 773 2242 842 frigus,
2277 774 2442 830 modo
2469 775 2534 829 ad
2574 776 2814 830 calorem
2859 795 2888 833 a
2933 778 3158 849 frigore.
3201 777 3474 844 Quocirca
3523 791 3632 830 non

2043 866 2263 920 diﬂicile
2297 879 2405 933 est,
2434 875 2492 921 ut
2524 869 2815 923 credamus
2843 871 2991 925 brevi
3043 870 3286 926 futuram
3322 884 3444 924 esse
3467 868 3632 922 etiam

2044 963 2411 1012 tentationum
2434 974 2499 1014 ac
2512 961 2882 1016 calamitatum
2901 962 3319 1018 dissolutionem
3372 969 3425 1015 ct
3446 959 3632 1022 finem,

2043 1065 2108 1104 ac
2137 1051 2357 1105 demum
2383 1067 2448 1106 ex
2483 1052 2880 1108 ardentissimo
2903 1055 3047 1108 bello
3069 1043 3363 1108 maximam
3399 1065 3629 1122 pacem:

2043 1141 2304 1197 similiter
2344 1151 2398 1196 et
2441 1143 2780 1199 calamitates
2815 1153 2980 1214 atque
3013 1146 3336 1200 amictiones
3373 1145 3484 1197 cito
3510 1155 3636 1196 esse

2046 1234 2099 1286 in
2151 1233 2414 1302 gaudium
2476 1236 2901 1289 convertendas.
2957 1236 3282 1305 Significare
3323 1237 3490 1289 etiam
3547 1233 3635 1288 vi-

2043 1327 2246 1382 dentur
2272 1328 2562 1398 superiora
2595 1329 2778 1383 nescio
2805 1330 2936 1397 quid
2990 1329 3320 1399 profundius
3355 1342 3371 1382 ι
3403 1337 3457 1380 ct
3483 1323 3635 1395 quod

2044 1420 2514 1490 quemadmodum
2552 1421 2847 1474 hibernum
2899 1429 3138 1489 tempus,
3187 1419 3409 1474 tametsi
3457 1417 3636 1486 ipsum

2046 1526 2143 1582 per
2168 1526 2292 1566 sese
2322 1512 2783 1566 molestissimum
2830 1512 2924 1578 sit,
2960 1523 3120 1568 terra:
3175 1521 3355 1566 tamen
3410 1507 3639 1563 utilissi-

352 1613 504 1650 mum
521 1607 630 1665 est,
663 1601 745 1655 sic
775 1610 829 1655 et
855 1603 1142 1671 praesentis
1172 1604 1358 1660 saeculi
1385 1604 1724 1660 tentationes
1777 1604 1937 1660 valde
1975 1615 2230 1676 prosunt,
2258 1609 2478 1662 tametsi
2507 1609 2710 1664 multas
2747 1623 2934 1663 secum
3011 1608 3242 1662 all'erant
3312 1604 3635 1660 molestias:

355 1703 409 1746 et
441 1692 569 1748 dum
609 1695 793 1750 divina
831 1697 1246 1768 dispensatione
1276 1709 1710 1766 commutantur,
1770 1701 1973 1770 partim
2041 1704 2337 1771 castigant,
2373 1711 2427 1758 et
2481 1704 2681 1774 partim
2729 1703 2968 1757 aﬂernnt
3019 1704 3302 1768 solamen;
3337 1712 3638 1770 utrumque

355 1799 537 1846 tamen
569 1807 632 1846 ex
667 1808 726 1848 re
757 1803 972 1858 nostra,
1009 1806 1174 1866 atque
1222 1798 1288 1851 ad
1340 1797 1646 1852 humanum
1687 1797 2068 1853 commodum.
2103 1798 2310 1855 Deinde
2394 1815 2425 1854 a
2518 1799 2912 1854 communibus
2944 1813 3199 1870 .rursum
3285 1797 3352 1852 ad
3395 1796 3638 1868 particu-

354 1880 489 1939 laria
522 1898 833 1940 sermonem
859 1889 1158 1954 convertit,
1190 1898 1250 1944 ut
1295 1891 1557 1958 superius
1595 1889 1936 1946 declaratum
1977 1901 2085 1948 est.

435 1977 500 2032 '0
528 1977 938 2048 ἀπαγγέλλων
959 1980 1025 2034 τὸ
1082 1981 1296 2050 λόγιον
1333 1981 1524 2045 αὐτοῦ
1570 1982 1652 2048 τῷ
1695 1983 1922 2036 Ἰακώϐ.

2102 1983 2273 2040 Vens.
2307 1985 2394 2038 19.
2416 1984 2521 2048 Qui
2551 1984 2834 2037 annuntiat
2863 1982 3122 2052 eloquium
3143 1997 3296 2035 suum
3350 1978 3542 2035 Iacob.
3575 1980 3636 2036 In

363 2069 692 2141 Ἀρχόμενος
752 2071 852 2141 μὲν
875 2072 977 2128 ,τοῦ
1030 2073 1272 2143 ψαλμοῦ,
1305 2075 1600 2146 ’περὶτῶν
1659 2075 1938 2146 αἰσθητῶν

347 2161 621 2233 διελέχθη,
680 2164 778 2217 καὶ
822 2165 980 2236 σῶμα
1019 2165 1407 2234 ὠφελούντων,
1457 2162 1570 2220 οἷον
1608 2167 1935 2236 ἀσφαλείας,

347 2251 658 2320 εὐανδρίας,
685 2254 932 2325 εἰρήνης,
962 2257 1056 2308 καὶ
1089 2255 1366 2327 εὐθηνίας.
1419 2257 1686 2310 Ἐνταῦθα
1715 2257 1772 2312 δὲ
1806 2260 1937 2327 περὶ

344 2339 455 2394 τῶν
487 2341 836 2414 ὑψηλοτέρων
867 2343 961 2398 καὶ
1015 2344 1196 2417 ψυχὴν
1233 2346 1626 2417 ρυθμιζόντων,
1654 2349 1746 2402 τὸν
1805 2350 1937 2420 περὶ

347 2435 451 2504 τῆς
514 2435 843 2503 νομοθεσίας
904 2435 1064 2506 λόγον
1115 2439 1354 2507 εἰσάγων
1386 2441 1575 2495 ἐστίν’
1626 2442 1692 2494 ὲκ
1730 2441 1937 2497 τούτων

346 2541 406 2577 τε
449 2526 720 2580 κάκείνων
756 2527 1043 2600 δ;εγείρων
1074 2531 1168 2584 τὸν
1189 2531 1318 2584 λαὸν
1375 2535 1457 2595 είς
1477 2533 1807 2604 ὐμνολογίαν
1838 2537 1936 2590 καὶ

348 2618 572 2689 ἀγάπην
608 2618 766 2686 Θεοῦ,
805 2623 1036 2675 τοιαῦτα
1084 2623 1180 2676 καὶ
1218 2623 1446 2688 τούτους
1493 2625 1933 2697 εὐεργετοῦντος.

375 2710 419 2764 0
465 2710 838 2778 ἀναγγέλλων,
888 2715 1072 2785 φησὶν,
1130 2714 1191 2769 τὸ
1238 2719 1571 2788 πρόσταγμα
1621 2720 1788 2774 αὐτοῦ
1823 2727 1938 2789 τοῖς

362 2803 747 2874 Ἰσραηλίταις.
789 2804 848 2858 '0
871 2805 1163 2871 διδάσκων,
1193 2811 1222 2862 ὁ
1256 2812 1542 2882 γνωρίζων
1581 2815 1802 2880 αὐτοῖς’
1834 2819 1936 2871 αὐ-

345 2895 438 2957 τὸς
468 2895 794 2964 Ἓγνώρισε
826 2897 958 2969 γὰρ,
997 2900 1185 2969 φησιν,
1218 2901 1298 2968 τῷ
1339 2905 1572 2973 Μωῦσῇ
1620 2907 1728 2974 τὰς
1755 2907 1938 2976 ὀδοὺς·

344 2987 532 3042 αὐτοῦ
562 3004 573 3017 ·
609 2989 736 3054 τοῖς
769 2990 917 3057 υἱοῖς
942 2993 1194 3060 Ἰσραὴλ
1230 2995 1302 3049 τὰ
1361 2996 1672 3067 θελήματα
1722 3002 1932 3058 αὐτοῦ.

347 3082 670 3152 Σαφηνίζων
694 3083 750 3136 δὲ
776 3084 868 3138 τὸν
895 3083 1080 3154 λόγον,
1112 3089 1362 3157 ἐπήγαγε
1393 3105 1408 3120 ·

415 3175 785 3245 Δικαιώματα
847 3179 945 3232 καί
996 3181 1254 3249 κριζιιατα
1311 3184 1499 3237 αὑτοῦ
1539 3184 1618 3251 τῷ
1664 3187 1929 3255 Ἰσραήλ.

349 3267 416 3321 Ὀ
473 3268 764 3337 προλαϐὼν
817 3266 941 3324 εἶπε
987 3271 1190 3342 λόγιον,
1225 3273 1388 3328 τοῦτο
1418 3275 1567 3346 λέγει
1616 3278 1712 3334 νῦν
1754 3280 1933 3336 δικαι-

346 3359 544 3431 ώματα
568 3363 663 3414 καὶ
685 3361 952 3432 κρίματα.

415 3454 537 3507 Οὐκ
569 3453 862 3521 ἐποίησεν
891 3456 1043 3510 οὕτω
1067 3459 1245 3512 παντὶ
1276 3460 1454 3516 ἔθνει.
1481 3461 1671 3518 Οὐδενὶ
1694 3463 1858 3520 ἔθνει.

416 3631 525 3685 Kal
573 3631 645 3686 τὰ
675 3631 930 3701 κρίματα
979 3635 1168 3691 αὐτοῦ
1202 3638 1315 3691 οὐκ
1347 3637 1661 3708 ἐδήλωσεν
1701 3643 1927 3711 αὐτοῖς.

342 3723 460 3776 Οὐκ
511 3724 736 3795 ἐποίησὲ
765 3743 873 3778 τινι
918 3725 1063 3780 ἔθνει
1127 3728 1411 3785 τοσαῦταο
1449 3732 1648 3786 καὶτὰ
1691 3738 1930 3804 προστά-

343 3835 532 3887 γματα
595 3819 690 3872 καὶ
737 3818 806 3872 τὰ
827 3817 1110 3892 θελήματα
1160 3825 1328 3878 αὐτοῦ
1387 3825 1489 3880 οὐκ
1547 3827 1786 3897 ἐδήλωσε
1815 3835 1929 3896 τοῖς

290 3983 294 3990 ί
341 3909 575 3974 ἔθνεσιν,
639 3912 688 3962 εἰ
732 3911 808 3982 μὴ
835 3913 1017 3980 μόνοις
1049 3931 1265 3979 τουτοις
1287 3933 1300 3948 ·
1340 3919 1448 3981 τοῖς
1482 3919 1583 3988 μὲν
1612 3921 1720 3990 γὰρ
1749 3922 1930 3988 ἄλλοις

340 4001 523 4054 ἔθνεσι
617 3999 710 4053 τὸν
773 4000 1006 4069 φυσικὸν
1062 4003 1287 4073 ἐνέθηκε
1342 4005 1528 4074 νόμον,
1576 4009 1669 4062 τὸν
1698 4010 1926 4065 ἀπὸτοῦ

342 4091 670 4158 συνειδότος,
692 4091 816 4144 καθ’
843 4091 903 4144 ὃν
931 4092 1026 4145 καὶ
1054 4093 1258 4163 κρίνων
1285 4094 1485 4158 αὐτοὺς
1522 4098 1742 4165 κολάζει
1771 4117 1787 4132 ·
1813 4105 1928 4170 τοῖς

339 4183 674 4262 Ἰραηλίταις
720 4183 778 4237 δὲ
809 4184 947 4254 μετὰ
976 4184 1070 4239 τοῦ
1101 4187 1335 4255 φυσικοῦ
1361 4227 1377 4252 ,
1414 4188 1615 4242 δέδωκε
1654 4191 1747 4246 τὸν
1789 4210 1929 4265 γραο

343 4277 502 4339 πτὸν,
537 4273 804 4344 δηλοῦντα
831 4275 900 4329 τὰ
919 4276 1172 4346 κρίματα
1195 4277 1365 4330 αὐτοῦ
1397 4295 1412 4310 ·
1449 4279 1530 4332 διὸ
1557 4281 1653 4334 καὶ
1689 4281 1930 4352 βαρύτε-

281 4447 286 4452 1
343 4384 437 4435 ρον
466 4368 743 4439 κρίνονται
773 4383 788 4400 ·
815 4367 911 4421 καὶ
941 4369 1052 4439 γάρ
1077 4369 1110 4439 ἡ
1143 4368 1315 4441 πολλὴ
1331 4369 1424 4423 τοῦ
1445 4370 1583 4424 Θεοῦ
1612 4373 1928 4446 φιλανθρω-

278 4459 285 4466 ’
341 4461 443 4511 πία
514 4458 719 4530 πολλῆς
805 4460 1276 4529 συγκαταόάσεως
1331 4463 1443 4526 τοῖς
1505 4463 1926 4536 ἐρῤᾳθυμηκόσι

339 4553 576 4621 γίνεται.

945 4643 1324 4715 Ἀλλημῖοὐτω

864 4741 1160 4796 ΨΑΛΜΟΣ
1205 4743 1391 4800 PMH'.

417 4829 580 4892 Ἔθος
602 4832 716 4894 τοῖς
742 4831 922 4900 ἁγίοις
953 4833 1043 4887 διὰ
1065 4834 1271 4904 πολλὴν
1296 4837 1746 4909 εὐγνωμοσύνην,
1780 4838 1931 4892 ἐπει-

339 4921 439 4976 δᾶιν
495 4922 767 4992 μέλλωσιν
801 4923 1148 4995 εὐχαριστεῖν
1192 4926 1270 4996 τῷ
1301 4927 1448 4998 Θεῷ,
1477 4914 1709 4993 πολλοὺς
1744 4930 1930 4984 καλεῖν

341 5016 660 5080 κοινωνοὺς,
733 5016 828 5068 καὶ
901 5017 1246 5086 παρακαλεῖν
1312 5021 1758 5089 συνεφάπτεσθαι
1827 5021 1930 5092 τῆς

340 5107 516 5178 καλῆς
571 5106 778 5178 ταύτης
838 5107 1186 5178 λειτουργίας
1235 5111 1456 5175 αὐτοῖς·
1507 5113 1667 5166 τοῦτο
1730 5116 1826 5168 καὶ
1875 5115 1925 5169 οἱ

339 5202 492 5277 τρεῖς
517 5199 707 5263 παῖδες
738 5202 1102 5271 πεποιήκασι,
1139 5203 1240 5272 τὴν
1271 5203 1450 5257 κτίσιν
1480 5206 1724 5272 ἃπασαν,
1762 5208 1929 5279 ἡνίκα

337 5287 482 5362 ἦσαν
537 5293 596 5346 ἐν
647 5294 714 5362 τῇ
741 5291 985 5364 καμίνῳ,
1019 5295 1158 5366 πρὸς
1197 5295 1296 5366 τὴν
1330 5295 1614 5368 εὐφημίαν
1644 5298 1746 5369 τῆς
1785 5300 1928 5372 ὑπὲρ

338 5383 522 5437 αὐτῶν
570 5383 919 5454 εὐεργεσίας,
955 5386 1049 5439 καὶ
1097 5385 1195 5455 τὴν
1223 5386 1500 5456 ὑμνῳδίαν
1526 5386 1620 5441 τοῦ
1651 5391 1926 5443 Δεσπότου

340 5471 694 5535 καλέσαντες.
730 5469 903 5524 Τοῦτο
932 5475 1026 5526 καὶ
1047 5468 1206 5540 οὗτος
1246 5477 1484 5530 ἐνταῦθα
1513 5481 1694 5532 ποιεῖ’
1730 5479 1928 5533 ἑκάτε-

341 5580 436 5632 ρον
465 5563 675 5634 κόσμον
709 5566 1276 5638 συμπεριλαμϐάνων,
1310 5568 1402 5624 τὸν
1440 5571 1577 5636 ἄνω,
1605 5571 1697 5625 τὸν
1749 5572 1925 5635 κάτω,

343 5656 434 5709 τὸν
464 5656 676 5725 νοητὸν,
709 5658 800 5711 τὸν
839 5661 1138 5733 αἰσθητόν)
1169 5663 1281 5719 οἵτε
1320 5665 1425 5737 γὰρ
1466 5665 1566 5720 οὐκ
1597 5665 1750 5732 ὄντες
1789 5665 1926 5738 πρὸς

410 5835 454 5866 ⁵⁸
487 5836 656 5892 Num.
691 5851 782 5906 xx,
814 5836 899 5905 lO,
937 5838 992 5894 ll

1955 4707 2008 4768 D

2043 2079 2234 2148 psalmi
2270 2077 2538 2147 principio
2565 2075 2633 2131 de
2677 2075 3033 2132 sensibilibns
3059 2073 3343 2128 beneﬁciis
3405 2083 3460 2127 et
3508 2086 3637 2127 cor-

2041 2171 2158 2240 pori
2200 2170 2425 2224 utilibus
2471 2170 2764 2235 tractavit,
2803 2168 2969 2222 veluti
3017 2167 3085 2222 de
3131 2166 3375 2221 civitatis
3415 2166 3584 2219 tutela
3615 2207 3634 2232 ,

2039 2262 2107 2316 de
2159 2262 2329 2332 prolis
2375 2261 2746 2325 fecunditate.
2806 2262 2874 2316 de
2934 2275 3103 2331 pace,
3136 2259 3204 2315 de
3251 2258 3632 2313 abundantia:

2040 2367 2188 2407 nunc
2222 2361 2402 2407 autent
2443 2353 2509 2407 de
2541 2351 2953 2407 sublimioribus
3001 2351 3161 2404 bonis
3216 2357 3514 2419 pertractat
3582 2359 3637 2402 et

2041 2446 2282 2497 animam
2312 2443 2484 2510 ipsam
2529 2441 2856 2498 ornantibus
2888 2459 2901 2495 :
2941 2456 3038 2511 per
3085 2441 3200 2494 hzec
3231 2439 3438 2494 scilicet
3469 2447 3636 2508 atque

2043 2536 2129 2590 illa
2222 2537 2480 2606 populum
2509 2536 2758 2591 excitans
2816 2535 2880 2588 ad
2915 2534 3131 2587 laudem
3176 2541 3337 2599 atque
3368 2531 3435 2584 ad
3467 2531 3639 2584 dilec-

2045 2627 2249 2682 tionem
2296 2628 2432 2692 Dei,
2477 2627 2569 2696 qui
2600 2626 2914 2695 hnjusmodi
2946 2626 3027 2680 eis
3071 2623 3332 2678 benclicia
3375 2622 3634 2677 contulit.

2044 2721 2146 2789 Qui
2175 2720 2499 2784 annuntiat,
2535 2717 2748 2788 inquit,
2779 2718 3098 2772 mandatum
3142 2732 3299 2771 suum
3333 2715 3636 2770 Israelitico

2041 2814 2264 2883 populo,
2311 2812 2558 2881 illudque
2603 2825 2700 2866 eos
2747 2810 2944 2872 docet,
2990 2824 3055 2863 ac
3106 2819 3295 2862 notum
3332 2807 3412 2862 eis
3455 2805 3634 2861 facit:

2044 2906 2216 2960 Notas
2268 2905 2412 2959 enim
2440 2942 2457 2968 ,
2512 2904 2726 2972 inquit,
2755 2901 2882 2967 fecit
2932 2903 3042 2955 vias
3085 2917 3213 2953 suas
3255 2897 3465 2968 Moysi.
3507 2899 3635 2967 ﬁliis

2045 2995 2219 3050 Israel
2245 2995 2536 3050 voluntates
2572 3010 2697 3048 sua:
2732 2993 2753 3024 '
2776 3033 2792 3050 .
2838 2992 2992 3058 Quod
3027 2992 3199 3062 magis
3235 2991 3398 3044 etiam
3445 2988 3632 3043 decla-

2041 3103 2196 3152 rans,
2223 3087 2428 3143 addidit
2469 3105 2485 3142 :

2111 3179 2532 3249 Justiﬁcationcs
2574 3188 2623 3233 et
2654 3179 2866 3248 judicia
2896 3194 2994 3232 sua
3035 3175 3229 3232 Israel.
3277 3173 3435 3243 Quod
3469 3190 3635 3245 supe-

2047 3271 2160 3326 rius
2213 3271 2488 3340 eloquium
2524 3269 2829 3335 dixit,hoc
2858 3284 3004 3324 nunc
3053 3267 3448 3340 instilicatione
3503 3283 3634 3336 sap-

1961 3353 2004 3412 C
2038 3362 2202 3432 pellat
2228 3371 2282 3415 et
2300 3361 2528 3430 judicia.

2106 3451 2270 3507 Vens.
2310 3452 2402 3507 20.
2435 3451 2555 3506 Non
2581 3452 2706 3520 fecit
2729 3452 2808 3506 sic
2831 3451 2975 3506 omni
3004 3453 3230 3507 nationi.
3249 3451 3394 3506 Nulli
3422 3449 3632 3506 nationi

2033 3545 2114 3600 sic
2153 3545 2305 3600 fecit.

2110 3633 2175 3688 Et
2190 3634 2400 3704 judicia
2423 3652 2524 3689 sua
2565 3651 2668 3690 non
2701 3635 3060 3706 manifestam‘t
3082 3635 3180 3689 eis.
3215 3634 3395 3688 Tanta
3444 3646 3510 3688 ac
3550 3639 3635 3685 ta-

2031 3724 2104 3791 ]ia
2157 3725 2417 3780 beneﬁcia
2473 3724 2640 3781 alicui
2687 3726 2896 3780 nationi
2946 3741 3052 3781 non
3115 3724 3372 3780 contulit.
3420 3722 3636 3791 Quippe

2033 3817 2126 3888 qui
2179 3817 2434 3871 mandata
2464 3859 2480 3883 ,
2540 3826 2636 3872 aut
2689 3818 2998 3874 voluntates
3041 3832 3172 3872 suas
3217 3816 3475 3887 gentibus
3523 3831 3634 3868 non

2032 3909 2405 3964 manifestavit
2428 3951 2442 3972 ,
2478 3909 2573 3964 sed
2605 3907 2810 3964 Judaais
2842 3917 3077 3964 tantum.
3133 3908 3270 3963 Aliis
3307 3907 3454 3962 enim
3500 3912 3636 3975 gon"

2031 4002 2179 4055 tibus
2234 4009 2448 4054 natura;
2505 4010 2714 4053 tantum
2747 4003 2920 4070 legem
2957 4001 3214 4069 prmstitit
3236 4041 3250 4064 ,
3284 4014 3406 4068 quae
3436 4013 3466 4050 a
3501 4011 3635 4050 con-

2030 4094 2262 4150 scientia
2312 4093 2582 4157 nascitur,
2616 4092 2770 4162 juxta
2819 4108 2982 4162 quam
3030 4108 3126 4148 eos
3191 4095 3358 4146 etiam
3419 4090 3635 4162 judicat

2029 4195 2084 4242 et
2136 4186 2330 4256 punit,
2392 4185 2593 4254 populo
2649 4198 2782 4238 vero
2827 4183 2994 4240 Israel
3053 4197 3160 4238 una
3209 4177 3632 4237 cum-naturali

2035 4279 2154 4349 lege
2219 4276 2479 4343 scriptam
2525 4273 2784 4339 tradidit,
2834 4289 2956 4344 qua:
2990 4273 3174 4328 divina
3201 4271 3407 4343 judicia
3451 4269 3635 4325 decla-

2030 4371 2190 4427 rabat
2243 4387 2258 4424 :
2305 4377 2470 4438 atque
2521 4367 2646 4421 idco
2705 4367 2808 4438 ipsi
2870 4367 3045 4434 magis
3097 4369 3414 4436 punientur.
3458 4362 3628 4418 Multa

2031 4461 2301 4532 siquidem
2347 4456 2444 4512 Dei
2488 4457 2862 4512 misericordia
2948 4456 3174 4526 majoris
3217 4454 3636 4509 condemnatit-

2032 4556 2119 4610 nis
2153 4567 2323 4609 causa
2390 4549 2686 4621 negligenti
2725 4565 2789 4604 ac
2816 4548 3181 4620 contemptori
3209 4547 3462 4604 edicitur.

2705 4645 2957 4700 Alleluia.

2517 4736 2840 4796 PSALMUS
2878 4732 3161 4791 CXLVIII.

2107 4837 2527 4894 Consuevcrunt
2575 4835 2748 4892 sancti
2809 4832 2954 4895 viri,
3011 4830 3082 4885 ob
3146 4842 3415 4886 summam
3460 4825 3632 4883 animi

2038 4930 2429 5001 gratitudinem
2458 4971 2472 4996 ,
2521 4926 2742 4996 quando
2806 4917 3036 4998 gratias
3076 4922 3191 4979 Deo
3231 4921 3405 4975 acturi
3458 4929 3631 4984 sunt,

2037 5023 2238 5078 multos
2272 5022 2604 5078 laudationis
2637 5020 2937 5092 participes
2969 5016 3262 5080 advocare,
3298 5028 3630 5083 rogareque,

2039 5124 2097 5170 ut
2139 5116 2430 5186 pulchrum
2469 5124 2632 5185 atque
2671 5114 2963 5168 honestum
3013 5105 3396 5179 hujuscemodi
3435 5105 3629 5158 lauda-

2033 5208 2202 5263 tionis
2240 5205 2477 5263 olIicium
2532 5219 2723 5262 secum
2772 5209 3058 5257 assumant
3105 5216 3121 5253 :
3163 5195 3630 5268 quemadmodum

2033 5307 2088 5356 et
2147 5309 2259 5356 tres
2322 5299 2400 5353 illi
2433 5298 2611 5355 sancti
2666 5295 2820 5368 pueri
2856 5295 3104 5348 fecerunt
3131 5329 3147 5352 ε
3175 5306 3300 5346 cum
3354 5299 3541 5344 essent
3573 5289 3628 5342 in

2031 5393 2275 5455 camino,
2305 5391 2618 5446 universam
2677 5397 2986 5444 creaturam
3044 5399 3143 5453 pro
3195 5381 3413 5438 collatis
3459 5382 3514 5435 in
3571 5395 3632 5435 se

2031 5484 2314 5540 beneﬁciis
2357 5484 2692 5539 advocantes
2717 5524 2732 5549 ,
2775 5487 2835 5534 ut
2883 5479 2992 5534 Deo
3020 5475 3392 5532 benediceret.
3426 5471 3542 5528 Hoc
3573 5470 3630 5526 in

2035 5577 2326 5646 prmsentia
2384 5575 2517 5630 facit
2558 5575 2725 5631 etiam
2759 5571 3026 5640 Propheta
3077 5561 3288 5633 noster,
3329 5573 3628 5632 utrumque

2038 5669 2301 5726 mundum
2367 5669 2728 5740 complexus,
2776 5664 3120 5738 superiorcm
3192 5659 3402 5718 scilicet
3467 5669 3630 5728 atque
