4112 6412
552 364 681 429 1311

1769 373 2152 433 EUTIIYMII
2205 366 2567 431 ZIGABENI

3699 367 3837 432 1312

549 478 864 559 inferiorem
894 519 907 543 ,
940 481 1367 537 intellectualem
1394 493 1442 538 et
1481 486 1843 548 nialerialem,
1865 495 2030 553 atque
2053 527 2066 550 ,
2093 494 2143 537 ut

2253 484 2353 554 τὴν
2385 485 2662 553 εὐφημίαν
2693 483 2891 548 ἱκανοὶ,
2926 483 3311 553 περιέρχονται
3344 483 3421 551 τῷ
3458 483 3602 550 λέγω
3632 484 3829 552 πάντα,

549 564 620 620 'ia
683 571 858 623 dicam
882 613 894 635 ,
927 574 1260 630 sensibilem.
1299 576 1433 628 Nam
1465 577 1632 631 veluti
1672 593 1766 646 per
1798 594 1857 633 se
1897 578 2036 640 soli,
2073 575 2141 629 ad

548 659 982 714 benedictionem
1018 674 1071 716 et
1099 665 1312 719 laudem
1344 663 1584 720 divinam
1625 669 1804 723 idonei
1848 684 1955 724 non
1988 669 2099 723 sint
2123 707 2139 733 ,

549 751 732 803 omnia
765 767 1017 806 sermone
1056 771 1157 807 suo
1203 758 1544 810 circumeunt
1579 759 1848 811 elementa
1874 801 1887 823 ,
1919 774 2140 812 omnes-

547 857 654 909 que
688 844 750 894 ad
783 844 1064 898 Creatoris
1095 847 1323 913 gloriam
1351 859 1636 903 creaturas
1666 852 1954 904 advocant.
2003 852 2141 904 Pos-

550 948 741 987 Sumus
793 937 956 988 etiam
1011 937 1194 991 dicere
1245 943 1387 1006 quod
1437 941 1706 1010 Propheta
1760 944 1858 994 hoc
1887 958 2142 996 sermone

549 1025 694 1076 aliud
777 1028 1053 1094 quoddam
1135 1029 1464 1097 profundius
1530 1034 1702 1085 voluit
1781 1033 2142 1099 significare:

547 1115 745 1168 don-re
776 1118 1073 1181 nimirum,
1119 1122 1260 1188 quod
1295 1132 1669 1175 creaturarum
1717 1125 1962 1177 omnium
2005 1139 2148 1178 unus

549 1206 619 1257 sit
653 1217 816 1274 atque
847 1208 986 1261 idem
1021 1211 1268 1274 Cri-ator,
1299 1223 1351 1266 et
1383 1230 1477 1266 cos
1515 1215 1814 1283 reprimere
1843 1256 1855 1275 ,
1887 1215 1978 1284 qui
2009 1218 2148 1272 duos

551 1312 678 1349 esse
737 1298 966 1365 opifices
1017 1303 1310 1367 dicebant,
1374 1307 1606 1358 alterum
1661 1308 1918 1359 nimirum
1964 1306 2391 1368 intellectualis,

2253 573 2547 636 καλοῦντες
2581 576 2662 635 είς
2698 573 3029 642 ὑμνο).ογίαν
3077 573 3170 626 τοῦ
3226 573 3545 635 Κτίσαντος.
3578 574 3687 626 Καὶ
3716 573 3836 625 ἓτε-

2252 683 2344 735 ρον
2369 666 2424 717 δὲ
2467 665 2770 734 βαθύτερον
2812 666 2874 717 ἐκ
2903 665 3110 718 τούτων
3142 666 3570 729 κατασκευάζει,
3617 664 3834 727 δεικνὺς

2247 757 2346 809 ἕνα
2384 756 2615 824 ποιητὴν
2669 755 2947 820 ἑκατέρας
2981 755 3234 819 κτίσεως,
3273 759 3368 808 καὶ
3404 757 3591 822 σαφῶς
3617 757 3833 807 ἐπιστο-

2254 849 2426 918 μίζων
2460 849 2586 909 τοὺς
2619 845 2880 913 λέγοντας
2951 845 3045 898 δύο
3077 845 3444 915 δημιουργούς
3465 864 3478 878 ο
3513 847 3698 915 ἓτερον
3735 844 3835 913 μὲν

2249 940 2348 1008 τῆς
2377 937 2595 1005 νοητῆς,
2621 937 2807 1006 ἕτερον
2832 937 2889 990 δὲ
2914 937 3010 1006 τῆς
3043 936 3334 1006 αἰσθητῆς.
3370 936 3487 989 Ἷνα
3514 936 3622 1004 γὰρ
3658 938 3834 1003 μήτις

2207 1059 2212 1064 ο
2253 1033 2318 1083 ὲκ
2358 1030 2458 1098 τῆς
2513 1030 2776 1098 διαφορᾶς
2830 1028 2940 1080 τῶν
2968 1027 3147 1098 ἔργων
3213 1028 3509 1099 διαφόρους
3553 1028 3837 1090 ὑπολάϐοι,

2255 1122 2352 1174 ἕνα
2387 1121 2547 1190 χορὸν
2607 1121 2823 1187 ἵστησιν
2848 1117 2908 1180 ἐξ
2937 1119 3212 1184 ἁπάντων,
3265 1120 3362 1172 καὶ
3387 1119 3518 1189 μίαν
3559 1119 3836 1188 ὑμνῳδίαν

2261 1213 2450 1266 πλέκει
2490 1211 2566 1280 τῷ
2595 1211 2676 1264 ἐνὶ
2710 1213 2856 1282 μόνῳ
2878 1211 3018 1281 Θεῷ.

2463 1305 2694 1357 alterum
2751 1319 2880 1357 vero
2917 1304 3216 1358 matcrialis
3286 1313 3569 1358 creaturte.
3626 1301 3836 1354 Etenim

551 1406 621 1443 ne
673 1406 736 1442 ex
785 1409 1007 1460 operum
1064 1396 1381 1451 diversitate
1431 1400 1608 1454 varios
1649 1400 1774 1468 quis
1821 1404 2142 1468 opinaretur
2182 1416 2306 1454 esse
2338 1408 2662 1461 creatores,
2699 1413 2867 1452 unum
2892 1413 2957 1452 ex
2993 1407 3227 1469 utroque
3290 1400 3394 1454 hoc
3461 1409 3834 1454 creaturarum

549 1476 743 1534 Seuero
803 1484 1030 1537 chorum
1065 1489 1272 1551 statuit,
1301 1501 1464 1558 atque
1503 1508 1663 1545 unam
1693 1494 1986 1561 complieat
2019 1491 2415 1553 laudationem,
2455 1491 2546 1543 uui
2577 1500 2736 1558 atque
2764 1491 2865 1545 soli
2903 1489 3034 1548 Deo.

622 1573 783 1626 Visus.
817 1575 865 1628 1.
901 1575 1140 1632 Laudate
1172 1580 1452 1635 Dominum
1481 1584 1542 1636 de
1572 1585 1737 1650 cwlis,
1775 1587 1995 1639 laudate
2025 1603 2144 1639 eum

549 1662 605 1715 ὅθι
663 1665 900 1718 excelsis.
937 1669 1009 1720 Ex
1044 1671 1198 1725 ecelis
1241 1675 1492 1741 quidem,
1538 1675 1641 1728 hoc
1707 1684 1820 1741 est,
1859 1693 1926 1731 ex
1971 1679 2146 1746 primo

547 1763 712 1822 atque
741 1772 803 1809 ex
830 1759 1074 1814 secundo
1101 1762 1260 1826 cmlo,
1297 1766 1362 1818 ad
1392 1765 1634 1820 divinam
1664 1767 1880 1823 laudem
1919 1768 2144 1838 angelos

548 1855 738 1908 vocat,
771 1856 822 1899 et
855 1850 1040 1904 stellas
1065 1891 1079 1916 ,
1120 1860 1173 1906 et
1213 1855 1394 1908 Omnia
1440 1873 1561 1926 qua:
1597 1857 1650 1910 in
1697 1859 1850 1913 coelis
1879 1871 2005 1913 sunt
2041 1877 2060 1920 ε,
2092 1871 2144 1914 et

550 1936 934 2006 dclnile'paulo
964 1950 1106 2010 post,
1134 1959 1198 1998 ex
1231 1955 1374 2000 terra
1399 1947 1666 2004 dracones
1696 1951 1949 2014 advocat,
1979 1961 2142 2022 atque

553 2028 656 2080 alia
686 2068 701 2092 ,
733 2041 790 2083 ut
827 2031 879 2085 in
912 2037 1274 2102 sequentibus
1299 2078 1315 2101 ,
1362 2047 1416 2093 ct
1455 2039 1674 2094 demum
1722 2042 1776 2096 in
1827 2043 2142 2098 liomiuilms

551 2136 862 2176 sermonem
900 2125 1128 2192 perficit.
1163 2127 1302 2183 Puto
1348 2139 1528 2185 autem
1565 2133 1708 2188 idem
1743 2136 1982 2190 voluisse
2017 2151 2142 2190 eum

547 2214 886 2281 signiﬁcare,
925 2218 1155 2285 quando
1187 2222 1263 2274 ait
1301 2237 1316 2277 :
1347 2221 1586 2279 Laudate
1620 2225 1902 2280 Dominum
1945 2229 2007 2281 de
2041 2245 2143 2282 cae-

549 2303 638 2369 lis,
673 2309 813 2373 qued
855 2312 1226 2381 significavit,
1261 2319 1480 2386 quando
1527 2320 1663 2375 dixit
1693 2340 1706 2375 :
1757 2323 1996 2377 Laudate
2024 2341 2145 2378 eum

545 2393 599 2446 iu
625 2399 864 2455 excelsis.
915 2403 1119 2462 Deinde
1143 2420 1507 2466 connumerat
1548 2429 1817 2481 quosnam
1843 2416 1912 2470 de
1947 2417 2102 2472 caelis
2129 2457 2142 2482 ,

544 2499 638 2541 aut
668 2505 936 2557 quosnam
965 2512 1027 2550 ex
1065 2502 1295 2556 excelsis
1321 2504 1564 2571 partibus
1593 2506 1845 2563 advocet.

619 2577 780 2634 Vens.
821 2583 874 2635 2.
916 2584 1162 2643 Laudate
1193 2607 1332 2652 eum,
1367 2607 1543 2646 omnes
1567 2596 1740 2663 angeli
1761 2598 1894 2664 ejus.
1930 2598 2150 2654 laudate

543 2685 688 2733 eum,
742 2689 918 2727 omnes
983 2678 1198 2732 uirtutes
1256 2681 1393 2748 ejus.
1426 2681 1673 2752 Cumque
1719 2687 1790 2740 de
1829 2691 2146 2757 angelorum

546 2761 742 2814 ordine
767 2764 997 2830 dixerit,
1042 2771 1310 2825 eollectim
1367 2773 1579 2829 addidit
1610 2777 1679 2831 de
1713 2780 1926 2835 caeteris
1963 2782 2147 2836 omni-

499 2884 502 2887 -
551 2851 651 2905 Ιιηε
689 2853 995 2922 ordinibus,
1019 2858 1282 2925 Virtutes,
1311 2879 1404 2918 seu
1433 2868 1701 2934 potentias
1723 2883 1824 2924 eos.
1844 2872 2145 2941 appellans.

546 2941 642 2996 Vel
695 2959 790 3010 per
829 2949 1051 3018 angelos
1095 2959 1149 3006 et
1191 2969 1288 3022 per
1339 2954 1580 3014 Virtutes
1609 2998 1624 3024 ,
1686 2961 1975 3018 universos
2028 2963 2151 3033 illo_

546 3049 665 3124 rum
712 3037 936 3094 ordines
987 3043 1356 3112 significavit:
1418 3051 1652 3112 alterum,
1717 3053 1937 3122 quidem
1970 3095 1985 3119 ,
2017 3058 2147 3124 quia

543 3123 728 3178 divina
798 3134 1130 3189 annuutiant
1205 3139 1462 3195 mandata
1532 3143 1798 3214 (angelus
1880 3123 2148 3216 siquidem

2323 1584 2553 1638 Αἰνεῖτε
2605 1582 2720 1636 τὸν
2767 1585 2990 1650 Κύριον
3041 1583 3110 1637 ἐκ
3150 1583 3271 1637 τῶν
3291 1585 3586 1650 οὐρανῶν,
3621 1578 3840 1636 alr-sits

2255 1674 2446 1728 αὐτὸν
2497 1673 2568 1726 ἐν
2625 1673 2746 1740 τοῖς
2808 1676 3120 1741 ὑψίστοις.
3159 1675 3256 1726 Ἐκ
3289 1674 3387 1744 μὲν
3418 1674 3526 1727 τῶν
3571 1673 3836 1742 οὐρανῶν,

2250 1766 2344 1818 τοῦ
2378 1783 2436 1818 τε
2462 1767 2683 1834 πρώτου
2708 1766 2804 1819 καὶ
2841 1765 2936 1818 τοῦ
2967 1766 3244 1836 δευτέρου,
3270 1767 3430 1820 καλεῖ
3460 1766 3598 1834 προς
3625 1769 3834 1818 αῐνεσιν

2248 1859 2343 1910 τοῦ
2374 1857 2580 1927 Κυρίου
2639 1857 2768 1919 τοὺς
2818 1856 3106 1924 ἀγγέλους,
3142 1858 3268 1920 τοὺς
3303 1859 3562 1927 ἀστέρας,
3595 1858 3692 1910 καὶ
3737 1858 3839 1910 ὅσα

2251 1949 2318 2001 τὰ
2372 1947 2493 2000 κατ’
2549 1949 2847 2019 οὐρανούς
2894 1952 2958 2002 ὲκ
3013 1949 3068 2002 δὲ
3121 1950 3220 2019 τῆς
3256 1951 3361 2019 γῆς
3397 1949 3624 2018 προῖὼν,
3682 1950 3840 2003 καὶεί

2245 2041 2370 2104 τοὺς
2415 2041 2740 2110 δράκοντας,
2783 2043 2878 2093 καὶ
2935 2041 3003 2094 τὰ
3037 2041 3259 2110 ἐφεξῆς,
3323 2043 3419 2095 καὶ
3453 2043 3710 2095 καταλύει
3749 2043 3838 2096 τὸν

2243 2130 2402 2198 λόγον
2429 2134 2510 2194 εἰς
2543 2131 2669 2192 τοὺς
2709 2130 3037 2200 ἀνθρώπους
3066 2148 3082 2163 ο
3116 2134 3314 2184 ταυτὸν
3344 2132 3400 2186 δὲ
3447 2133 3531 2190 τὸ,
3613 2134 3685 2185 ἐκ
3719 2131 3840 2186 τῶν

2245 2223 2538 2291 οὐρανῶν,
2573 2223 2651 2292 τῷ
2701 2225 2770 2277 ἐν
2804 2223 2930 2290 τοῖς
2968 2224 3278 2292 ὑψίστοις.
3311 2220 3444 2277 Εἶτα
3488 2226 3636 2291 λέγει
3687 2225 3841 2289 τίνας

2248 2316 2312 2368 ὲκ
2344 2315 2450 2368 τῶν
2473 2314 2742 2385 οὐρανῶν,
2790 2315 2886 2370 καὶ
2917 2317 3106 2380 ἐντοῖς
3137 2315 3386 2386 ὑψίστοις
3420 2316 3614 2390 μέρεσι
3651 2317 3831 2372 καλεῖ.

2321 2579 2552 2634 Αἰνεῖτε
2571 2579 2782 2646 αὐτὸν,
2803 2580 3026 2648 πάντες
3042 2583 3098 2636 οἱ
3123 2582 3364 2652 ἄγγελοι
3383 2582 3590 2636 αὐτοῦ·
3617 2583 3839 2638 αίνεῖτε

2250 2670 2459 2738 αὑτὸν,
2479 2669 2672 2725 πᾶσαι
2707 2674 2766 2725 al
2800 2671 3088 2742 δυνάμεις
3121 2674 3329 2730 αὐτοῦ.
3361 2673 3546 2727 Εἰπὼν
3588 2678 3717 2747 περὶ
3739 2677 3836 2729 τοῦ

2259 2761 2558 2829 ἀγγελικοῦ
2617 2763 2923 2832 τάγματος,
2994 2764 3246 2834 ἐπήγαγε
3304 2765 3687 2836 συλληπτικῶς
3742 2768 3842 2822 καὶ

2256 2855 2386 2923 περὶ¹
2409 2853 2516 2908 τῶν
2538 2853 2742 2908 λοιπῶν
2767 2856 3091 2924 ταγμάτων,
3111 2855 3386 2927 Δυνάμεις
3403 2857 3544 2910 αὐτὰ
3570 2858 3798 2920 καλέσας
3818 2873 3836 2890 ·

2255 2945 2288 3016 ἢ
2325 2946 2391 3000 τὰ
2423 2945 2517 2998 ὅλα
2550 2947 2808 3016 τάγματα
2833 2947 2990 3000 καλεῖ
3012 2947 3281 3018 Δυνάμεις
3310 2949 3404 3000 καὶ
3453 2949 3720 3017 ἀγγέλους
3743 2965 3758 2979 ·
3779 2950 3840 3002 τὸ

2260 3039 2361 3108 μὲν
2393 3041 2475 3093 ὅτι
2522 3039 2591 3092 τὰ
2648 3039 2767 3100 Θεζα
2807 3040 3188 3109 διαγγέλλουσι
3240 3043 3488 3112 ῥήματα,
3541 3041 3602 3094 τὸ
3653 3043 3710 3096 δὲ
3757 3043 3840 3096 ὅτι

2255 3131 2514 3186 δύνανται
2556 3113 2627 3185 τὰ
2677 3132 3086 3203 ἐπιταττόμενα
3134 3132 3346 3186 τελεῖν·
3394 3132 3636 3188 δυνατοί
3705 3135 3837 3206 γὰρ,

497 3265 500 3268 .
546 3222 770 3277 nuntius
827 3225 1290 3301 interpretatur);
1341 3233 1574 3290 alterum
1628 3251 1776 3300 vero,
1824 3239 1951 3308 quia
1994 3241 2143 3310 jussa

2255 3226 2445 3297 φησιν,
2474 3227 2663 3297 ἰσχύϊ,
2692 3225 3010 3295 ποιοῦντες
3039 3226 3143 3281 τὸν
3167 3227 3354 3298 λόγον
3381 3227 3590 3283 αὑτοῦ.

544 3312 646 3365 sibi
679 3328 707 3366 a
744 3313 850 3370 Deo
885 3322 1396 3391 possuntfperficere
1427 3330 1709 3384 :Potentes
1742 3329 1911 3395 enim,
1945 3331 2146 3401 inquit.

544 3405 764 3471 viribus,
795 3419 851 3461 ut
885 3410 1087 3478 faciant
1113 3417 1322 3469 verbum
1351 3419 1466 3486 ejus
1497 3422 1539 3474 °.

620 3496 854 3554 VERS.5.
889 3501 1126 3560 Laudate
1169 3525 1308 3574 eum,
1333 3511 1413 3563 sol
1460 3520 1510 3565 ct
1558 3513 1687 3566 luna
1714 3557 1728 3578 ,
1769 3515 1984 3570 laudate
2000 3532 2145 3587 eum,

543 3588 712 3642 stella:
753 3601 805 3644 et
845 3594 957 3648 luas.
1010 3596 1134 3652 Hinc
1188 3602 1420 3656 secundi
1465 3614 1595 3658 sunt
1641 3607 1804 3672 caeli,
1865 3608 1967 3662 hoc
2025 3615 2146 3674 est,

548 3682 900 3739 firmamenti.
930 3685 1034 3741 Per
1065 3691 1238 3744 solem
1279 3693 1444 3762 igitur
1475 3695 1768 3766 lunamque
1798 3737 1814 3762 ,
1839 3710 1894 3753 et
1923 3700 2108 3755 stellas
2131 3733 2146 3757 ν

547 3771 666 3838 ipsa
698 3787 901 3844 organa
933 3776 1202 3848 intelliges
1230 3819 1246 3844 ,
1290 3797 1412 3851 quae
1449 3785 1626 3838 lucem
1669 3787 2015 3855 suscipiunt;
2053 3802 2152 3857 per.

543 3879 720 3938 .uceiu
761 3881 912 3932 vero,
948 3884 1066 3922 eam
1103 3871 1302 3937 lucem,
1332 3890 1455 3941 qua:
1486 3890 1690 3946 organa
1727 3879 1818 3931 illa
1849 3879 2142 3941 illuminat,

544 3963 709 4024 atque
749 3959 802 4012 iu
838 3976 899 4014 ea
933 3961 1109 4017 divisa
1154 3973 1258 4020 est.
1302 3966 1434 4028 Vel.
1476 3983 1571 4036 per
1621 3969 1834 4033 solem,
1870 3971 2053 4025 lunam
2093 3979 2148 4025 et

545 4037 765 4114 stellas,
794 4061 1077 4109 creaturas
1107 4071 1204 4111 eas
1234 4057 1531 4130 intelligit,
1565 4077 1689 4131 qua:
1743 4070 1940 4130 quarta
1981 4063 2072 4117 die
2113 4078 2146 4117 a

543 4139 656 4193 Deo
705 4143 938 4198 conditae
997 4155 1165 4212 sunt;
1215 4165 1312 4218 per
1385 4151 1562 4206 lucem
1628 4169 1758 4208 vero
1818 4154 2144 4210 immensam

546 4233 694 4286 illam
724 4235 899 4290 lucem
925 4279 940 4302 ,
968 4253 1088 4307 quae
1117 4241 1290 4308 prima
1323 4245 1621 4300 ereatiouis
1659 4245 1748 4301 die
1787 4260 1816 4298 a
1849 4244 1959 4300 Deo
2000 4246 2145 4302 facta

545 4332 648 4379 est.
679 4327 876 4382 Verum
912 4332 955 4384 si
1002 4334 1245 4400 quieris,
1283 4339 1557 4402 quomodo
1610 4338 1762 4405 haec,
1799 4349 1893 4393 aut
1933 4339 2143 4407 reliqua

485 4444 512 4452 --
543 4418 860 4484 huiusmodi
914 4423 1185 4479 elementa
1217 4465 1231 4488 ,
1287 4427 1456 4482 Deum
1503 4429 1792 4484 laudatura
1834 4431 1986 4496 sint,
2017 4446 2141 4484 cum
2194 4490 2201 4497 ,

543 4525 676 4562 voce
704 4521 968 4576 careant,
999 4530 1122 4566 cum
1172 4528 1409 4573 mentem
1450 4532 1545 4574 aut
1594 4522 1840 4575 animum
1894 4536 2004 4576 non
2044 4522 2141 4576 lia-

543 4600 705 4652 lieant
725 4641 738 4664 ,
770 4601 890 4665 die,
915 4605 1060 4671 quod
1088 4613 1198 4662 tres
1224 4609 1367 4662 modi
1401 4619 1529 4665 sunt
1551 4651 1566 4674 ,
1593 4612 1796 4680 quibus
1823 4612 2038 4665 laudari
2073 4627 2137 4666 ac

542 4691 834 4756 glorificari
871 4696 1010 4750 Deus
1043 4706 1222 4764 potest
1256 4718 1268 4754 :
1305 4717 1398 4768 per
1419 4717 1604 4757 vocem
1635 4704 1918 4769 nimirum,
1956 4720 2146 4772 quem-

543 4780 837 4836 admodum
892 4783 1111 4853 Moyses
1145 4789 1308 4854 fecit,
1341 4785 1502 4846 simul
1560 4808 1684 4846 eum
1734 4809 1926 4849 sorore
1970 4795 2140 4851 Maria

489 4926 494 4932 _
541 4873 811 4938 laudans,
859 4885 911 4930 et
967 4878 1158 4932 dicens
1201 4897 1216 4934 :
1273 4882 1556 4937 Cantemus
1611 4883 1872 4951 Domino,
1913 4887 2142 4956 gloriose

535 4969 676 5022 enim
721 4969 1050 5038 glori/iectus
1081 4981 1159 5024 est
1210 4973 1253 5003 ¹⁰
1285 4990 1304 5036 ;
1338 4975 1462 5027 item
1517 4991 1613 5042 per
1663 4985 1989 5046 aspectum,
2043 4993 2138 5032 seu

485 5101 490 5105 .
539 5065 910 5129 pt'i-Bselllllllll,
941 5064 1092 5130 juxta
1118 5067 1250 5119 illud
1281 5087 1291 5120 :
1331 5066 1458 5120 (ἕωίί
1490 5079 1741 5122 enarrant
1770 5069 1995 5139 gloriam
2020 5068 2135 5134 Dei,

536 5153 606 5204 de
648 5169 759 5220 quo
792 5156 1032 5208 diximus
1067 5159 1116 5209 iu
1164 5159 1374 5226 psalmo
1421 5176 1595 5225 xviii;
1633 5162 1796 5215 tertio
1833 5177 1927 5228 per
1961 5162 2128 5214 vitam

536 5253 590 5296 et
625 5248 1097 5301 conversationem
1122 5258 1390 5313 nostram,
1411 5249 1567 5318 juxta
1597 5251 1740 5319 quod
1769 5251 1976 5304 dictum
2008 5260 2088 5304 est
2119 5287 2132 5321 ε

559 5332 625 5384 Ut
658 5334 860 5387 rideant
902 5335 1037 5388 bona
1072 5354 1229 5400 opera
1257 5348 1426 5392 vestra
1454 5377 1470 5402 ,
1495 5348 1544 5391 et
1578 5339 1878 5409 gloriﬁcent
1912 5339 2130 5392 Patrem

539 5435 766 5476 vestrum
795 5464 810 5487 ,
853 5427 942 5494 qui
971 5428 1021 5478 in
1059 5429 1198 5481 cie/is
1228 5438 1306 5481 est
1342 5430 1382 5460 ¹¹
1415 5467 1430 5482 .
1474 5429 1724 5482 Laudant
1755 5430 1926 5499 igitur
1958 5429 2130 5483 Deum

540 5525 658 5580 ipsa
689 5517 854 5568 etiam
895 5515 1196 5571 inauimata
1247 5529 1409 5588 atque
1440 5519 1806 5582 irrationalia,
1842 5535 1939 5573 sua
1970 5520 2135 5572 nimi-

543 5620 662 5657 rum
707 5607 1118 5677 magnitudine,
1171 5610 1617 5678 pulcliritudine,
1669 5611 1814 5676 situ,
1857 5611 2130 5675 utilitate,
2184 5599 2191 5606 ’

613 5782 634 5812 ⁹
680 5783 822 5836 Psal.
875 5799 974 5846 (ιιι,
1019 5786 1106 5840 Ξυ.
1191 5791 1230 5819 ιτ*
1270 5789 1434 5842 Exo-l.
1467 5805 1553 5852 XV,
1587 5791 1631 5844 Ι.

1711 5790 1747 5821 ¹¹
1774 5790 1963 5845 Matth.
1995 5808 2046 5854 ι’,
2090 5790 2169 5845 l6.

2316 3491 2541 3544 Αἰνεῖτε
2569 3489 2776 3551 αὐτὸν,
2804 3489 2978 3558 ἣλιος
3026 3489 3125 3543 καὶ
3165 3489 3400 3558 σελήνη
3425 3508 3440 3524 ο
3475 3493 3697 3548 (ιίνεῖτε
3731 3499 3841 3549 αὺ-

2251 3585 2380 3650 τὸν,
2405 3584 2603 3638 πάντα
2630 3584 2700 3638 τὰ
2718 3583 2912 3652 ἄστρα
2937 3585 3031 3638 καὶ
3069 3584 3134 3637 τὸ
3150 3584 3298 3652 φῶς.
3321 3587 3507 3642 Ταῦτα
3541 3588 3631 3641 τοῦ
3649 3590 3844 3643 Same-

2255 3694 2350 3746 pou
2403 3675 2657 3746 οὐρανοῦ,
2724 3677 2842 3747 ἦτοι
2897 3676 2994 3728 τοῦ
3049 3675 3458 3746 στερεώματος.
3509 3677 3695 3732 Ἥλιον
3737 3680 3840 3749 μὲν

2251 3765 2368 3832 οὖν,
2403 3767 2499 3820 καὶ
2538 3769 2790 3838 σελήνην,
2849 3769 2943 3820 καὶ
2978 3771 3180 3838 άστρα,
3210 3769 3273 3820 τά
3308 3770 3589 3841 φωτοδόχα
3632 3770 3840 3823 τούτων

2251 3861 2489 3931 ὄργανα,
2521 3861 2768 3928 νοήσεις·
2799 3859 2914 3926 φώς
2939 3861 3018 3924 δὲ,
3045 3858 3104 3910 τὸ
3133 3863 3540 3931 καταμερισθὲν
3565 3866 3643 3926 είς
3672 3865 3836 3920 αὐτά.

2257 3953 2328 4004 Ἢ
2359 3951 2535 4005 ταῦτα
2581 3952 2702 4022 μὲν,
2736 3951 2805 4004 τὰ
2837 3953 2895 4004 ἐν
2929 3953 2995 4021 τῇ
3028 3952 3266 4023 τετάρτῃ
3295 3954 3485 4026 ἡμέρᾳ
3510 3954 3835 4007 κτισθένταο

2250 4043 2365 4111 φῶς
2397 4043 2554 4107 δὲ,τὺ
2577 4042 2799 4112 γεγονὸς
2829 4043 2887 4095 ὲν
2919 4046 2984 4112 τῇ
3021 4041 3240 4114 πρώτῃ,
3266 4045 3328 4097 τὸ
3363 4044 3618 4114 ἄσχετον.
3674 4046 3839 4101 Ἀλλὰ

2252 4135 2369 4196 πῶς
2399 4135 2677 4188 αίνέσουσι
2727 4133 2903 4188 ταῦτά
2959 4152 3016 4188 τε
3071 4135 3169 4188 καὶ
3216 4137 3284 4189 τὶ
3325 4137 3480 4206 ἑξῆς,
3517 4138 3702 4208 φωνὴν
3735 4139 3840 4193 οὐκ

2249 4228 2460 4298 ἔχοντα,
2502 4229 2562 4281 οὐ
2592 4229 2864 4296 γλῶτταν,
2895 4229 2954 4281 οὐ
2983 4227 3277 4298 λογισμὸν,
3317 4229 3378 4282 οὐ
3408 4229 3630 4300 ψυχήν;
3672 4230 3840 4301 Τρεῖς

2248 4320 2304 4373 δὲ
2339 4320 2533 4390 τρόποι
2563 4319 2880 4386 δοξολογίας
2905 4338 2918 4352 ·
2957 4322 3045 4376 διὰ
3080 4323 3287 4391 φωνῆς,
3316 4322 3390 4386 ὡς
3441 4322 3683 4393 Μωῡσῆς
3727 4322 3840 4376 ἐδό-

2254 4413 2382 4478 ξασε
2425 4412 2564 4482 μετὰ
2593 4412 2694 4480 τῆς
2725 4414 2949 4483 Μαρίας
2976 4415 3146 4469 αἰνῶν
3187 4417 3282 4470 καὶ
3311 4415 3485 4484 λέγων
3509 4431 3525 4446 ⁸
3559 4418 3842 4486 ’ᾼσωμεν

2247 4503 2325 4569 τῷ
2360 4505 2576 4570 Κυρίῳ,
2609 4505 2874 4572 ἐνδόξως
2916 4507 3025 4576 γὰρ
3046 4507 3432 4572 δεδόξασταισ
3458 4511 3485 4562 ὁ
3511 4508 3579 4560 δι’
3632 4509 3835 4578 ὄψεως,

2255 4597 2350 4658 ώς.
2395 4599 2649 4664 Οὐρανοὶ
2708 4596 3058 4665 διηγοῦνται
3111 4599 3302 4662 δόξαν
3369 4601 3540 4661 Θεοῦ,
3597 4602 3724 4670 περὶ
3772 4593 3838 4654 οὗ

2252 4689 2571 4756 διελάὅομεν
2620 4690 2675 4740 ὲν
2741 4689 2820 4758 τῷ
2877 4687 2948 4757 ιη’
2976 4689 3177 4759 ψαλμῷ
3201 4706 3216 4722 ·
3281 4692 3375 4744 καὶ
3405 4693 3431 4744 ὁ
3471 4691 3558 4745 διὰ
3591 4693 3705 4761 βίου
3738 4693 3839 4747 καὶ

2253 4779 2458 4850 ἔργων’
2482 4781 2681 4844 Ὅπως
2713 4779 2845 4849 γὰρ,
2877 4783 3062 4850 φησιν,
3091 4781 3264 4835 ἴδωσι
3299 4782 3369 4836 τὰ
3395 4782 3538 4849 ἔργα
3568 4782 3734 4851 ὑμῶν
3763 4787 3840 4838 τὰ

2252 4871 2429 4929 καλὰ,
2457 4870 2556 4922 καὶ
2586 4869 2897 4934 δοξάσωσι
2923 4873 3029 4925 τὸν
3049 4871 3282 4941 Πατέρα
3301 4872 3466 4940 ὑμῶν
3488 4873 3595 4926 τὸν
3617 4874 3688 4926 ἐν
3709 4875 3836 4941 τοῖς

2249 4961 2554 5029 οὐρανοῖς.
2594 4961 2809 5015 Αἰνεῖτε
2844 4963 2974 5030 γοῦν
3007 4964 3097 5016 τὸν
3119 4964 3272 5026 Θεὸν,
3316 4964 3503 5018 καὶτὰ
3539 4965 3708 5032 ἄλογα
3737 4968 3835 5020 καὶ

2245 5056 2451 5125 ἄψυχα,
2480 5055 2559 5124 τῷ
2585 5055 2922 5125 μεγέθει,τῷ
2949 5055 3154 5121 κάλλει,
3182 5058 3246 5126 τῇ
3273 5055 3441 5118 Θέσει,
3469 5060 3534 5128 τῇ
3553 5058 3731 5128 χρείᾳ,
3763 5061 3829 5131 τῇ

2244 5147 2514 5219 διακονίᾳ,
2537 5151 2602 5218 τῇ
2629 5147 2887 5217 διαμονῇ,
2925 5147 3156 5210 καὶτοῖς
3186 5149 3474 5210 τοιούτοις,
3509 5151 3600 5202 τὸν
3631 5150 3834 5220 θεατὴν

2244 5241 2325 5302 είς
2351 5237 2537 5306 Οαῦμα
2571 5237 2666 5291 καὶ
2687 5237 2967 5306 εὐφημίαν
3005 5237 3099 5289 τοῦ
3137 5238 3502 5307 πεποιηκότος
3541 5239 3830 5305 ἐνάγοντα,
3901 5259 3904 5262 ’

2244 5329 2339 5382 καὶ
2365 5335 2432 5403 τῇ
2464 5328 2678 5402 γλώττῃ
2710 5329 2885 5402 ταύτῃ
2963 5331 3102 5400 πρὸς
3149 5330 3483 5399 ὑμνολογίαν
3516 5332 3798 5401 χρώμενα.

2246 5426 2400 5491 Κατὰ
2436 5427 2545 5496 γὰρ
2600 5426 2690 5478 τὸν
2753 5426 3014 5495 Θεολόγον
3071 5427 3393 5498 Γρηγὸριον,
3465 5428 3644 5481 πάντα
3696 5429 3833 5483 Θεὸν

2242 5517 2405 5586 ὑμνεῖ
2459 5516 2552 5570 καὶ
2612 5516 2824 5581 δοξάζει
2912 5519 3118 5586 φωναῖς
3187 5517 3651 5587 ἁλαλήτοις.Ἐπὶ
3692 5523 3831 5574 πᾶσι

2245 5611 2353 5682 γὰρ
2389 5611 2800 5681 εὐχαριστεῖται
2836 5611 2902 5664 δι’
2939 5611 3074 5684 ἐμοῦ
3100 5610 3264 5675 Θεός’
3301 5611 3395 5664 καὶ
3426 5610 3595 5677 οὕτως
3624 5614 3650 5666 ὁ
3683 5604 3838 5672 ἐκείέ
