4112 6408
329 359 465 419 m3
1503 361 1894 422 COMMENT.
1934 360 2014 418 ΙΝ
2058 359 2421 421 PSALMOS.
3463 354 3521 416 1?.
3540 354 3550 412 ἶ
3571 351 3607 412 ι-

324 491 431 526 νων
487 474 654 544 ὕμνος
719 477 988 549 ἡμέτερος
1049 477 1280 545 γίνεται,
1341 477 1472 546 παρ’
1535 471 1609 531 ὧν
1672 478 1782 544 ἐγὼ
1844 476 1903 529 τὸ

2033 474 2337 536 ninisterio,
2393 472 2839 542 perseverantia,
2906 479 3068 542 atque
3135 470 3258 526 aliis
3321 471 3600 526 similibus

326 566 518 634 ὑμνεῖν
559 568 703 637 λαμϐ
715 571 848 624 ἀνω.

2033 567 2187 620 nodis
2224 583 2240 618 :
2275 575 2331 619 et
2365 575 2730 632 spectatorem
2764 565 2816 618 in
2845 564 3258 617 admirationem
3291 601 3305 627 ,
3340 570 3505 631 alque
3530 563 3597 614 ad

322 659 538 714 liudem
583 663 828 722 Factoris
866 679 1122 735 movent,
1177 670 1320 724 unde
1357 665 1680 738 spectatoris
1725 665 1911 732 lingua
1949 660 2017 714 ad
2049 662 2141 714 Dei
2177 661 2414 714 laudem»
2444 669 2692 713 utuntur.
2735 656 2928 710 Omnia
2955 659 3099 718 enim
3126 694 3142 720 ,
3216 662 3308 718 ut,
3375 653 3598 722 inquit,

330 749 632 820 Gregorius
669 754 1002 828 Theologus,
1039 759 1204 813 Deum
1238 761 1489 825 laudant,
1525 754 2099 820 inenarrabilibusque
2131 761 2186 805 el.
2219 752 2387 805 mutis
2412 753 2598 816 etiam,
2625 759 2688 803 ut
2724 751 2796 802 ita
2856 748 3057 820 dicam,
3125 747 3358 801 vocibus
3427 747 3599 800 Deum

324 843 656 911 glorificent.
691 846 797 903 Pro
829 849 914 904 his
949 851 1204 905 omnibus
1233 856 1453 914 ctenim,
1486 850 1684 920 inquit.
1716 848 1904 918 gratiae
1940 861 1970 900 a
1995 862 2079 900 me
2107 851 2348 913 aguntur
2380 845 2490 896 Deo
2535 861 2548 898 ι

2603 853 2767 910 atque
2837 841 2938 896 hoc
2971 851 3127 910 pacto
3163 841 3377 895 illorum
3442 843 3598 901 laus.

324 951 429 1004 qua
461 936 630 991 Deum
667 939 930 1006 laudant,
965 959 1082 998 mea
1113 942 1343 998 efficitur
1366 984 1380 1007 ,
1412 944 1540 996 dum
1574 941 1773 995 abillis
1807 955 1908 1007 ego
1943 937 2201 992 laudandi
2227 937 2576 992 occasionem
2604 936 2832 1002 accipio.

391 1029 620 1083 Αἰνεῖτε
641 1032 851 1094 αὑτὸν,
893 1036 946 1086 οἱ
971 1033 1213 1100 οὐρανοὶ
1249 1034 1365 1086 τᾶν
1387 1033 1680 1100 οὐρανῶν,
1717 1030 1815 1083 καὶ
1850 1029 1916 1080 τὸ

324 1121 482 1189 ὕδωρ
545 1123 611 1176 τὸ
651 1123 804 1191 ὑπὲρ
831 1125 954 1178 ἅνω
997 1125 1118 1179 τῶν
1141 1126 1438 1195 οἰῑνριινῶν,
1491 1125 1916 1178 αἱνεσάτωσαν

324 1216 393 1268 τὸ
441 1215 629 1283 ὄνομα
667 1217 912 1284 Κυρίου.
964 1218 1196 1288 Εἴρηται
1235 1219 1530 1288 διαφόρως,
1575 1216 1657 1268 ὅτι
1703 1214 1821 1276 ἕοθς
1845 1215 1909 1282 τῇ

325 1309 436 1362 τῶν
471 1308 743 1379 Ἐεῖραεων
768 1313 943 1382 φωνῇ,
967 1311 1034 1363 τὰ
1051 1311 1206 1364 ἑνικὰ
1230 1309 1612 1380 πληθυντικῶς
1631 1307 1905 1375 ἐκφέρειν.

328 1403 612 1468 Οὐρανοὺς
647 1398 742 1454 οὖν
771 1403 1043 1474 οὐρανῶν,
1079 1404 1170 1456 τὸν
1209 1402 1473 1471 οὐρανὸν
1504 1400 1611 1454 τοῦ
1644 1397 1908 1467 οὐρανοῦ

329 1495 487 1547 καλεῖ
513 1515 522 1524 ·
551 1495 752 1566 δηλαδὴ
781 1497 871 1549 τὸν
910 1497 1148 1568 πρῶτον·
1183 1495 1420 1565 ἀλλοιχοῦ
1447 1494 1555 1565 γάρ
1614 1509 1801 1561 φησιν.
1847 1489 1909 1543 Ὀ

329 1586 584 1652 οὐρανὸς
613 1587 718 1640 τοῦ
744 1589 1007 1655 οὐρανοῦ
1045 1589 1123 1653 τῷ
1176 1589 1404 1656 Κυρίῳ·
1449 1585 1546 1639 καὶ
1584 1585 1642 1636 τὸ
1677 1581 1910 1636 αἰνείτω

328 1677 403 1733 δὲ,
448 1682 540 1731 καὶ
575 1679 635 1730 τὸ
683 1679 1124 1746 αἱνεσάτωσίιν,
1152 1679 1377 1732 τοιαῦτα
1408 1677 1504 1731 νῦν
1527 1679 1633 1729 εἰσι
1669 1675 1909 1744 πληθυν-

329 1769 482 1832 me,
516 1769 640 1821 ἀντὶ
663 1770 878 1823 ἑνικῶν.
910 1770 1094 1839 ’Υδωρ
1123 1769 1179 1822 δὲ
1215 1769 1356 1838 ὑπὲρ
1379 1767 1492 1821 ἄνω
1523 1766 1617 1818 τοῦ
1645 1761 1903 1834 οὐρανοῦ,

2095 1028 2261 1080 Vens.
2289 1027 2342 1078 4.
2369 1025 2606 1078 Laudato
2640 1041 2754 1078 eum
2783 1023 2893 1077 caeli
2924 1025 3206 1088 caelorum,
3237 1033 3285 1078 et
3312 1040 3460 1090 aqua:
3487 1039 3602 1094 qua!

2019 1133 2173 1184 super
2203 1118 2358 1168 oculos
2385 1127 2504 1168 sunt
2531 1154 2546 1178 ,
2585 1116 2795 1168 laudent
2837 1131 3020 1167 nomen
3049 1115 3280 1168 Domini.
3314 1115 3430 1168 Jam
3461 1131 3603 1184 saepe

2019 1209 2254 1263 diximus
2287 1207 2612 1261 llehraicum
2655 1223 2776 1261 esse
2810 1207 3012 1262 idioma
3036 1247 3050 1272 ,
3089 1216 3146 1260 ut
3181 1224 3300 1276 qtae
3343 1209 3602 1278 singulari

2018 1314 2272 1352 sermone
2299 1299 2572 1352 efferenda
2602 1308 2788 1352 essent
2815 1339 2830 1362 ,
2869 1299 3132 1352 dicantur
3167 1299 3386 1367 plurali.
3419 1300 3603 1354 (Icelos

2016 1390 2160 1442 enim
2217 1389 2484 1446 cmlorum
2539 1389 2714 1452 dixit,
2775 1405 2869 1456 pro
2913 1391 3099 1442 coelum
3149 1390 3301 1456 coeli;
3353 1391 3602 1459 primunt

2015 1481 2274 1535 nimirum
2307 1471 2505 1535 ccclqu
2534 1521 2549 1546 ,
2583 1483 2648 1534 de
2674 1498 2782 1550 quo
2827 1482 2956 1534 alibi
2995 1483 3196 1535 dictum
3233 1492 3317 1534 est
3356 1500 3370 1534 :
3404 1482 3606 1538 Corium

2015 1575 2130 1628 arti
2161 1573 2385 1627 Domino
2431 1575 2524 1638 ”;
2585 1574 2727 1625 unde
2774 1583 2826 1626 et
2871 1573 3035 1626 verba
3086 1573 3219 1626 illa:
3258 1573 3497 1626 Laudate
3554 1582 3605 1627 et

2015 1666 2252 1732 Madent,
2283 1666 2459 1736 plural
2482 1680 2512 1719 a
2548 1674 2675 1719 sunt
2703 1680 2801 1734 pro
2835 1663 3228 1734 singularibus.
3268 1665 3372 1718 Per
3399 1680 3596 1732 aquam

2014 1776 2145 1816 vero
2187 1773 2350 1827 quam
2398 1772 2564 1826 supra
2596 1758 2764 1812 cmios
2797 1772 2920 1812 esse
2954 1757 3079 1810 dicit
3107 1797 3120 1820 ,
3159 1771 3278 1824 eam
3322 1756 3561 1824 intelligo
3590 1796 3607 1820 ,

330 1860 391 1912 τὸ
417 1862 556 1932 ὑπὲρ
591 1863 700 1915 ἄνω
730 1864 826 1916 τοῦ
867 1862 1272 1933 στερεώματος·
1312 1860 1432 1922 πῶς
1460 1860 1515 1911 δὲ
1541 1859 1680 1910 αἰνεῖ
1703 1857 1730 1908 ὁ
1759 1853 1912 1922 ττρῶ-

2033 1865 2141 1918 qua:
2185 1859 2268 1904 est
2315 1863 2483 1917 supra
2541 1849 2964 1901 firmmnentum.
3013 1846 3295 1912 Quomodo
3327 1862 3456 1900 vero
3500 1848 3610 1916 pri~

335 1973 428 2016 τος
457 1957 685 2026 οὐρανὸς
710 1955 940 2018 ἀθέατος
972 1955 1070 2017 ὣν,
1109 1955 1327 2025 εἴρηται
1357 1955 1414 2005 ὲν
1470 1950 1547 2020 τῷ
1581 1947 1646 2020 ιη’
1679 1947 1908 2016 ψαλμῷ·

333 2045 464 2099 ἔνθα
495 2048 576 2109 τὸ,
621 2049 687 2100 Ol
719 2048 963 2114 οὐρανοὶ
1014 2045 1359 2113 διηγοῦνται
1401 2043 1591 2107 δόξαν
1650 2040 1818 2094 Θεοῦ.
1852 2039 1914 2091 Εἰ

334 2137 380 2190 δ’
419 2139 446 2189 ὁ
506 2139 738 2203 ἀθέατος
794 2141 977 2210 ὑμνεῖ,
1029 2137 1296 2210 πρόδηλον
1327 2137 1408 2189 ὅτι
1438 2131 1619 2204 πολλῷ
1655 2131 1855 2204 μᾶλλον
1887 2131 1916 2182 ὁ

336 2228 547 2294 οεατὸς.

413 2405 547 2460 Ὅτι
574 2407 756 2474 αὐτδς
777 2408 907 2462 εἷπε
936 2407 1034 2461 καὶ
1059 2406 1458 2477 ἐγενήθησαν.
1489 2405 1590 2459 Διὰ
1615 2404 1733 2469 τοῦ,
1766 2400 1912 2468 εἷπε,

336 2499 430 2554 δύο
454 2499 626 2554 ταῦτα
662 2500 944 2572 ἐνέφηνεν,
988 2503 1048 2556 οὺ
1083 2502 1244 2572 μόνον
1265 2502 1346 2554 ὅτι
1387 2500 1462 2571 μὴ
1489 2501 1622 2552 ὄντα
1663 2499 1919 2568 παρήγα-

336 2603 456 2659 γεν,
512 2590 628 2644 ἀλλ’
677 2592 762 2644 ὅτι
814 2591 912 2646 καὶ
964 2591 1105 2662 μετὰ
1157 2591 1360 2660 πολλῆς
1383 2588 1653 2650 εὐκολίας.
1697 2588 1918 2658 Ὥσπερ

337 2682 447 2752 γάρ
477 2699 559 2735 σοι
610 2684 671 2736 τὸ
698 2686 874 2737 ποιεῖν
903 2682 1147 2746 εὔκολον,
1180 2681 1354 2744 οὕτως
1385 2675 1463 2748 τῷ
1494 2679 1613 2748 Θεῷ
1667 2678 1728 2730 τὸ
1788 2693 1920 2730 ποι-

338 2773 472 2843 ῆσαι
534 2774 634 2827 οὐκ
695 2774 864 2828 ὅντα’
917 2774 1119 2844 μᾶλλον
1170 2773 1226 2826 δὲ
1283 2772 1465 2841 πολλῷ
1520 2771 1724 2824 πλέον·
1796 2769 1920 2822 οὐδὲ

341 2865 454 2937 γὰρ
505 2866 733 2920 δυνατὶν
784 2867 1138 2937 παραστῆσαι
1190 2864 1289 2936 τῆς
1333 2863 1585 2926 εὐκολίας
1615 2861 1716 2917 τὴν
1749 2862 1919 2929 περς

343 2959 527 3031 ϐολήν.

407 3249 598 3315 Αὐτὸς
654 3249 996 3303 ἐνετείλατο
1056 3247 1154 3301 καὶ
1205 3247 1596 3314 ἐκτίσθησαν.
1658 3244 1732 3297 Τὸ
1787 3244 1920 3296 αὐτὸ

345 3341 496 3407 λέγει
530 3341 716 3404 πάλιν,
761 3341 837 3402 ὡς
869 3339 1027 3393 εἴωθε
1060 3339 1322 3402 πολλάκις
1373 3341 1568 3390 ποιεῖν.
1603 3337 1924 3406 Γέγραπται

345 3433 454 3499 γὰρ
489 3431 546 3482 ἒν
605 3433 670 3499 τῇ
720 3429 887 3500 βίϐλῳ
932 3430 1030 3498 τῆς
1060 3429 1333 3490 Γενέσεως
1370 3444 1384 3458 ·
1416 3425 1740 3494 Γενηθήτω
1772 3424 1921 3494 φῶς,

347 3523 442 3576 καὶ
477 3521 736 3591 ἐγένετο,
769 3524 864 3574 καὶ
894 3522 962 3573 τὰ
998 3521 1123 3589 ἑξῆς
1153 3521 1380 3589 ὁμοίως.

425 3617 725 3682 Ἕστησεν
747 3615 898 3668 αὐτὰ
917 3621 1000 3678 εὶς
1016 3615 1123 3666 τὸν
1140 3614 1324 3666 αἰῶνα
1341 3612 1446 3666 τοῦ
1460 3610 1691 3677 αἰῶνος.
1712 3610 1929 3680 Ἥδραὶ-

350 3724 490 3760 υισεν
546 3709 684 3760 αὐτά
739 3709 884 3762 κατά
921 3700 990 3760 ’τε
1045 3707 1142 3776 τὴν
1177 3707 1332 3771 τάξιν
1367 3707 1460 3758 καὶ
1495 3707 1592 3774 τὴν
1619 3707 1925 3774 ἐνέργειαν,

349 3800 447 3854 καὶ
494 3801 592 3868 τὴν
633 3800 846 3871 χρείαν,
885 3800 1260 3870 ἀμετακίνητα
1293 3797 1362 3849 δι’
1397 3797 1613 3863 αἰῶνος,
1649 3796 1724 3867 μὴ
1754 3813 1933 3866 παρα-

353 3897 609 3948 ϐαίνοντα
646 3894 774 3955 τοὺς
804 3894 964 3961 ὅρους
993 3894 1093 3960 τῆς
1126 3891 1366 3958 φύσεως.

426 3993 786 4057 Πρόσταγμα
833 3985 1024 4049 ἔθετο,
1056 3985 1153 4036 καὶ
1186 3986 1256 4036 οὐ
1287 3979 1784 4050 παρελεύσονται.
1823 3982 1934 4035 Καὶ

352 4081 512 4136 τοῦτο
561 4079 660 4149 τὴν
704 4077 953 4130 εὐκολίαν
993 4075 1087 4144 τῆς
1122 4075 1353 4144 συνοχῆς
1385 4074 1480 4126 καὶ
1524 4073 1936 4145 διακρατήσεως

353 4175 535 4228 αὐτῶν
590 4171 861 4242 ἐμφαίνει.
931 4167 1141 4227 Ἔοετο,
1179 4169 1364 4233 φησὶν,
1391 4167 1574 4228 αὐτοῖς
1609 4167 1939 4234 πρόσταγμα

355 4266 448 4318 τὸν
487 4266 636 4334 ὅρον,
697 4265 789 4315 καὶ
850 4261 912 4313 οὑ
972 4257 1408 4329 παρελεύσονται
1459 4255 1641 4318 τοῦτο,
1684 4256 1937 4325 καθάπερ

358 4359 520 4412 δοῦλα
548 4358 622 4428 μὴ
662 4357 952 4427 τολμῶντα
994 4351 1349 4423 παρεξελθεῖν
1380 4349 1440 4403 τὸ
1468 4349 1800 4418 προστάγμα
1846 4349 1938 4399 τοῦ

357 4449 644 4504 δεσπότου.

428 4717 650 4769 Αἰνεῖτε
677 4715 785 4768 τὸν
819 4715 1038 4782 Κύριον
1069 4715 1137 4767 ἐκ
1164 4712 1273 4782 τῆς
1306 4709 1438 4781 γῆς,
1464 4707 1814 4776 δράκοντες,
1842 4707 1940 4757 καὶ

363 4810 556 4864 πᾶσαι
604 4808 888 4861 ἄϐυσσοι.
934 4808 1246 4876 Δράκοντας
1309 4804 1408 4874 μὲν
1466 4801 1536 4854 τὰ
1573 4801 1743 4870 κτήνη
1794 4798 1942 4863 λέγει

364 4902 482 4966 vi),
531 4900 607 4962 ὼς
661 4900 754 4951 καὶ
800 4896 1057 4966 ἀλλαχοῦ,
1123 4895 1386 4963 Δράκων,
1439 4892 1625 4962 φησιν,
1663 4886 1838 4953 οὗτος
1873 4887 1946 4940 ὃν

365 4994 638 5056 ἔπλασας
667 5007 678 5020 ·
716 4989 986 5049 ἀϐύσσους
1015 4988 1091 5048 δὲ,
1111 4987 1179 5039 τὰ
1211 4987 1423 5053 πελάγη
1448 5001 1462 5013 °
1485 4986 1654 5037 Ὅταν
1693 4983 1804 5050 γὰρ
1846 4979 1944 5031 ἴδοι

365 5102 448 5148 τις
505 5083 598 5136 τοῦ
655 5083 853 5152 κήτους
882 5083 941 5132 τὸ
985 5078 1236 5146 μέγεθος,
1269 5077 1364 5128 καὶ
1404 5085 1501 5144 την
1529 5073 1808 5143 σύμπηξιν
1849 5071 1944 5123 τοῦ

371 5178 642 5248 σώματος,
705 5178 771 5247 ἢν
825 5178 881 5227 έν
921 5172 1000 5242 τῷ
1062 5171 1181 5223 Ἰὼϐ
1216 5172 1248 5240 ἡ
1286 5169 1477 5239 Γραφὴ
1523 5168 1662 5236 μετὰ
1699 5165 1946 5226 πλείονος

369 5271 642 5339 διηγεῖται
677 5270 1000 5338 σαφηνείας,
1049 5266 1164 5327 πῶς
1222 5265 1280 5315 οὐ
1348 5261 1560 5328 σφόδρα
1637 5257 1946 5325 Θαυμάσας,

372 5363 593 5433 ὑμνήσῃ
639 5364 729 5413 τὸν
771 5361 1254 5429 δημιουργήσαντα
1309 5350 1614 5422 τηλικαῦτα
1653 5349 1769 5414 ζῶα
1795 5388 1808 5412 ,
1855 5348 1949 5400 καὶ

374 5457 554 5527 χωρία
583 5453 792 5517 τούτοις
843 5453 910 5504 τὰ
940 5451 1156 5518 ἄπλητα
1189 5447 1402 5514 πελάγη
1455 5441 1948 5510 ἀποκληρώσαντα⁶

376 5552 472 5602 καὶ
498 5551 575 5616 μὴ
616 5546 1006 5615 συγχωροῦντα
1038 5543 1149 5594 τῶν
1186 5538 1402 5591 οἰκείων
1448 5536 1729 5604 ἐκτρέχειν
1787 5533 1948 5600 ὅρων,

377 5640 488 5692 εἴτε
524 5640 658 5708 πρὸς
701 5638 826 5707 γῆν,
859 5638 972 5690 εἴτε
1003 5635 1137 5704 πρὸς
1171 5633 1237 5685 τὰ
1272 5630 1540 5697 πλεόμενα
1585 5628 1756 5696 μέρη·
1783 5622 1858 5694 μὴ
1898 5621 1955 5672 δὲ

1362 5813 1392 5829 ι-

454 5827 657 5881 "Psal.
698 5839 851 5888 cxtu,
888 5822 968 5875 IG.
1051 5820 1094 5850 ⁸⁸
1121 5817 1258 5873 Gen.
1296 5832 1332 5882 ι,
1362 5817 1416 5868 5.

1497 5812 1535 5842 ¹⁵
1567 5810 1711 5865 Psal.
1750 5823 1940 5872 cxrnt,
1971 5805 2059 5860 9i.

2019 1957 2168 1995 nium
2221 1940 2418 1995 caelum
2449 1981 2464 2004 ,
2509 1955 2633 1993 cum
2682 1954 2788 1993 non
2839 1937 3112 1999 videatur,
3161 1937 3383 1990 laudare
3438 1939 3604 1989 Deum

2018 2033 2224 2102 possit,
2251 2032 2490 2086 diximus
2519 2032 2570 2084 in
2604 2031 2815 2099 psalmo
2850 2044 3006 2093 xvm,
3035 2029 3106 2081 ibi
3145 2044 3160 2080 :
3193 2026 3324 2081 Caeli
3347 2039 3604 2080 enarrant

2021 2127 2248 2195 gloriam
2276 2123 2392 2177 Dei.
2421 2122 2575 2190 Quod
2601 2124 2644 2178 si
2673 2125 2848 2191 ipsum
2879 2121 3150 2176 invisibile
3171 2121 3369 2174 coelum
3432 2119 3626 2173 Deum‘

2020 2215 2247 2279 laudat,
2298 2216 2470 2269 multo
2507 2215 2679 2284 magis
2710 2213 2778 2267 ab
2813 2230 2878 2268 eo
2916 2211 3123 2266 laudari
3160 2228 3256 2281 par
3297 2220 3380 2267 est
3404 2251 3418 2276 ,
3459 2210 3605 2280 quod

2023 2309 2229 2364 dicitur
2266 2309 2503 2364 uisibile.

2047 2431 2050 2434 ~
2095 2397 2258 2453 Vens.
2288 2398 2341 2452 5.
2381 2398 2646 2463 Quoniam
2698 2397 2809 2465 ipse
2847 2395 2984 2450 dixit
3035 2402 3084 2447 et
3128 2395 3271 2462 facta
3302 2402 3447 2448 sunt.
3494 2393 3610 2447 Hoc

2023 2505 2276 2546 sermone
2317 2487 2587 2556 Propheta
2616 2488 2726 2542 duo
2765 2488 2880 2543 haec
2922 2487 3079 2541 nobis
3110 2486 3488 2540 demonstrare
3515 2500 3612 2537 vo-

2021 2583 2146 2648 luit,
2173 2581 2319 2652 quod
2342 2591 2396 2636 et
2437 2583 2644 2635 creavit
2677 2580 2822 2634 Deus
2855 2595 2915 2633 ea
2948 2595 3070 2649 quae
3099 2587 3258 2632 antea
3289 2592 3399 2632 non
3427 2587 3609 2640 erant,

2024 2683 2078 2730 et
2107 2673 2253 2744 quod
2302 2673 2470 2727 multa
2502 2687 2624 2727 cum
2666 2672 2929 2725 facilitate
2974 2671 3025 2724 id
3059 2671 3187 2726 fecit
3209 2671 3375 2734 ,dum
3407 2670 3611 2725 dixisse

2026 2777 2236 2821 tantum
2272 2781 2398 2820 eum
2438 2765 2608 2827 dixit,
2657 2774 2713 2819 et
2761 2763 2900 2818 facta
2945 2778 3084 2819 esse.
3116 2765 3192 2817 Ac
3222 2762 3284 2817 ‘si
3325 2762 3551 2817 dixisse:
3594 2777 3608 2813 :

2029 2856 2497 2928 Quemadmodum
2531 2856 2626 2908 tibi
2661 2853 2818 2908 facile
2852 2862 2935 2908 est
2967 2853 3170 2923 aliquid
3201 2853 3383 2906 dicere
3409 2895 3421 2916 ,
3452 2851 3524 2904 ita
3560 2863 3616 2905 ct

2027 2948 2137 3003 Deo
2169 2948 2328 3001 facile
2373 2955 2458 3001 cst
2508 2961 2573 3000 ea
2627 2961 2812 2999 creare
2862 2959 2982 3013 quae
3022 2960 3128 2997 non
3169 2952 3314 2997 Sunt.
3357 2942 3614 3007 Quiniuo

2025 3050 2080 3096 et
2130 3040 2302 3094 multo
2331 3038 2545 3092 facilius
2592 3036 2643 3091 id
2695 3044 2894 3106 potest.
2953 3034 3139 3104 Neque
3174 3037 3319 3089 enim
3362 3033 3616 3103 possibile

2027 3141 2114 3187 est
2138 3130 2334 3186 divinae
2368 3129 2653 3184 facilitatis
2685 3126 3111 3196 magnitudinem
3141 3124 3540 3178 deu'ionstrare.

2102 3222 2210 3290 Ipse
2248 3221 2514 3275 mandavit
2548 3231 2596 3275 et
2623 3231 2802 3274 creata
2832 3228 2974 3270 sunt.
3033 3213 3290 3268 Eamdem
3327 3229 3477 3268 more
3509 3227 3614 3268 suo

2026 3317 2298 3392 Propheta
2347 3315 2542 3384 repetit
2573 3313 2923 3368 sententiam.
2977 3308 3250 3376 Scriptum
3296 3314 3382 3361 est
3429 3316 3612 3359 autem

2027 3410 2080 3464 in
2112 3410 2253 3463 libro
2289 3406 2518 3462 Genesis
2551 3423 2566 3460 :
2608 3405 2673 3458 Et
2717 3405 2851 3457 dixit
2897 3402 3034 3456 Deus
3063 3402 3192 3468 ,ﬁat
3217 3401 3310 3453 lux
3338 3438 3354 3463 ,
3387 3409 3435 3452 et
3471 3398 3612 3466 facta

2026 3514 2105 3556 est
2148 3503 2191 3534 ¹³
2222 3517 2237 3565 ;
2273 3511 2323 3554 et
2352 3499 2557 3567 ri-liqua
2587 3497 2748 3551 simili
2775 3497 2989 3550 ratione
3019 3509 3084 3547 ac
3116 3493 3297 3546 modo.

2055 3663 2059 3666 .
2101 3591 2269 3645 Vens.
2300 3592 2355 3645 6.
2393 3590 2593 3643 Statuit
2641 3605 2701 3642 ea
2741 3589 2796 3640 in
2848 3585 3135 3649 awculum,
3187 3594 3233 3636 et
3272 3585 3324 3634 in
3367 3581 3618 3636 surculum

2031 3686 2234 3740 statuti.
2299 3683 2568 3737 Stabilivit
2609 3697 2696 3742 ea,
2735 3681 2926 3734 ordine
2969 3678 3225 3731 nimirum
3251 3716 3266 3740 ,
3301 3674 3620 3744 Operatione

2032 3789 2196 3846 atque
2225 3777 2458 3832 utilitate
2489 3815 2502 3836 ,
2541 3783 2598 3827 ut
2647 3771 2945 3827 immobilia
2993 3776 3182 3824 essent
3212 3809 3227 3834 ,
3265 3783 3328 3822 ac
3359 3767 3618 3822 saeculum

2034 3883 2088 3928 ct
2125 3879 2334 3924 naturae
2365 3867 2630 3923 terminos
2658 3882 2764 3919 non
2796 3865 3334 3932 transgrederentur.

2115 3959 2448 4027 Pra’ceptum
2479 3956 2674 4023 posuit,
2701 3963 2749 4006 et
2778 3969 2881 4005 non
2910 3950 3270 4021 prrcteribunt.
3299 3949 3422 4002 llzcc
3444 3948 3610 4002 verba

2037 4056 2202 4109 etiam
2247 4052 2566 4105 facilitatem
2616 4048 3024 4106 demonstrant,
3074 4056 3179 4112 qua
3224 4039 3605 4108 hujuscemodi

2040 4150 2311 4202 elementa
2344 4152 2506 4210 atque
2541 4146 2809 4193 creatura:
2893 4136 2944 4187 in
2987 4149 3109 4187 esse
3143 4151 3167 4184 a
3205 4131 3312 4185 Deo
3355 4131 3621 4200 producta

2042 4248 2194 4303 sunt,
2219 4249 2270 4292 et
2293 4251 2398 4306 qua
2428 4235 2686 4300 deinceps
2738 4236 3136 4285 conservantur
3165 4234 3223 4278 et
3244 4231 3617 4294 perseverant.

2043 4330 2236 4388 Posuit
2287 4329 2455 4391 enim,
2512 4322 2839 4393 inquitheis
2886 4319 3202 4372 mandatum
3256 4315 3324 4370 de
3373 4312 3620 4367 terminis

2043 4438 2260 4486 eorum,
2319 4419 2461 4486 quod
2519 4430 2798 4483 nunquam
2861 4410 3240 4480 prmteribnnt,
3295 4421 3404 4460 non
3461 4419 3625 4459 serus

1976 4545 2015 4597 υ
2048 4526 2211 4582 atque
2241 4513 2410 4573 servi,
2443 4509 2534 4578 qui
2569 4505 2874 4574 transgredi
2902 4519 3008 4556 non
3035 4500 3237 4554 audent
3271 4497 3620 4551 deminorum

2048 4616 2339 4678 praecepta.
2370 4602 2562 4657 Omnia
2593 4600 2763 4664 enim,
2790 4595 2967 4665 inquit
2999 4593 3151 4657 alibi,
3184 4591 3416 4645 serviunt
3448 4588 3540 4640 tibi
3561 4586 3623 4641 ”.

2120 4696 2285 4753 Vsus.
2314 4696 2364 4749 7.
2389 4694 2628 4748 Laudato
2658 4691 2942 4745 Dominum
2972 4689 3034 4740 de
3067 4695 3206 4739 terra
3230 4725 3244 4749 ,
3277 4684 3531 4736 dracones
3578 4689 3628 4731 et

2051 4807 2230 4844 omnes
2265 4789 2464 4859 abyssi.
2496 4787 2601 4841 Per
2633 4787 2900 4839 dracones
2939 4783 3040 4834 hoc
3080 4781 3134 4832 in
3175 4779 3296 4832 loco
3364 4777 3480 4846 ipsa
3512 4783 3632 4828 Crte

2052 4881 2328 4951 intelligit,
2390 4875 2850 4948 quemadmodum
2908 4883 2963 4927 et
3018 4871 3168 4935 alibi,
3227 4868 3446 4938 quando
3497 4865 3626 4916 ait:

2051 4974 2224 5028 Draco
2272 4972 2370 5024 ista
2416 4986 2568 5039 quem
2606 4967 2851 5038 formasti
2884 4965 2959 5019 ais
2990 4963 3052 5015 “'.
3085 4963 3184 5015 Per
3215 4962 3440 5028 abyssos
3504 4969 3632 5006 vero

2054 5067 2170 5136 ipsa
2203 5063 2475 5134 significat
2505 5062 2696 5112 maria.
2728 5057 2957 5123 Quoties
2991 5054 3159 5116 enim,
3191 5048 3390 5119 inquit,
3427 5045 3632 5100 vidcr‘s

2054 5173 2187 5218 cette
2227 5158 2683 5230 magnitudinem,
2728 5164 2781 5207 et
2824 5149 3073 5220 corporis
3115 5149 3262 5201 illius
3297 5143 3632 5212 compactio-

2056 5272 2202 5319 nem,
2257 5266 2419 5320 quam
2479 5248 2620 5317 apud
2669 5246 2887 5297 beatum
2932 5237 3032 5293 Job
3083 5239 3368 5305 Scriptura
3418 5232 3633 5301 plenius

2058 5359 2221 5414 atque
2269 5342 2513 5411 apertius
2567 5335 2849 5393 describit.
2904 5329 3180 5400 quomodo
3235 5342 3344 5379 non
3396 5323 3634 5376 admira-

2063 5413 2283 5493 bundus
2326 5446 2600 5488 tantorum
2627 5425 2984 5483 animantium
3010 5421 3322 5477 Creatorem
3353 5414 3550 5469 laudab
3575 5413 3635 5466 s?

2064 5531 2156 5599 qui
2190 5525 2583 5596 innavigabilcs
2613 5522 2779 5575 maris
2804 5518 2958 5572 sinus
2991 5531 3053 5568 ac
3080 5511 3349 5582 regiones,
3377 5507 3633 5577 pro'ilio-

2066 5637 2183 5675 rum
2222 5619 2559 5673 habitatione
2586 5615 2666 5669 eis
2703 5611 2955 5677 tradidit,
2988 5621 3088 5663 nec
3117 5621 3179 5660 ea
3224 5603 3357 5658 sinit
3401 5605 3634 5654 statutos

2143 5805 2184 5835 ¹⁸
2218 5801 2361 5856 Ρδει.
2389 5815 2507 5864 cm,
2535 5797 2627 5855 96.
