4112 6412
484 367 620 432 13ἳὸ

1706 356 2095 421 EUTHYMII
2151 353 2516 418 ZIGABENI

3634 355 3772 425 l3i6

484 477 841 552 praetergredi
873 475 1166 540 terminos,
1200 487 1306 530 nec
1341 471 1407 529 ad
1438 481 1664 541 terram,
1698 481 1795 527 aut
1822 472 1892 528 ad
1920 471 2058 526 navi

2183 468 2551 540 λυμαίνεσθαι
2586 465 2661 538 μὴ
2684 465 2858 534 μόνον
2885 467 2998 530 τοῖς
3024 464 3257 533 πλοίοις,
3290 465 3431 521 ἀλλά
3464 466 3540 541 μὴ
3570 469 3627 523 δὲ
3659 476 3775 536 τοῖς

475 572 691 642 gabiles
738 570 909 627 maris
944 571 1119 641 partis
1148 568 1484 626 excurrere?
1518 582 1588 623 ne
1638 581 1808 622 naves
1858 565 2070 622 scilicet

480 674 578 718 aut
614 662 719 717 alia
753 664 989 733 piscium
1025 675 1227 732 genera
1301 659 1372 716 ab
1405 660 1512 715 illis
1544 667 1915 715 vastarentur.
1963 655 2069 711 Vc-

481 765 603 805 rum
653 765 832 822 neque
881 751 984 807 hoc
1030 744 1242 806 tantum
1288 749 1654 806 admiratione
1694 750 1920 817 dignum
1960 756 2069 810 est,

480 843 577 897 sed
624 851 679 897 et
727 845 909 914 ipsum
955 858 1126 909 mare,
1172 858 1281 899 non
1314 843 1649 899 mediocrem
1685 841 2071 896 admirationis

476 933 687 989 divinat
720 933 982 1005 potentiae
1009 937 1370 990 occasionem
1399 934 1624 1004 praebet.
1650 932 1935 999 Quomodo
1959 931 2073 987 sci.

485 1024 613 1080 licet
640 1040 764 1080 cum
804 1035 1014 1080 tantam
1047 1041 1316 1096 aquarum
1346 1026 1564 1096 copiam
1596 1024 1820 1086 habt-at,
1855 1033 1910 1078 et
1940 1038 2072 1078 ven-

482 1128 665 1192 torum
702 1119 754 1173 vi
794 1120 1140 1190 impellatur,
1173 1126 1340 1189 atque
1372 1115 1710 1171 borribiliter
1734 1114 1989 1181 ebulliat,
2013 1123 2068 1170 et

474 1215 668 1271 furore
709 1230 852 1284 pene
882 1216 1126 1285 quodam
1162 1213 1395 1279 feratur,
1436 1212 1690 1284 proprios
1731 1221 1918 1268 tamen
1949 1219 2065 1268 ter-

476 1307 659 1364 minos
707 1324 821 1363 non
885 1309 1315 1378 transgreditur,
1373 1320 1552 1375 neque
1603 1304 1769 1359 audet
1826 1294 2063 1360 vicinam

471 1405 679 1455 terram
714 1401 1054 1471 demergere.
1092 1399 1190 1456 scd
1234 1398 1454 1453 Domini
1502 1397 1823 1453 mandatum
1865 1397 2067 1452 obser-

476 1501 566 1547 vat
616 1505 633 1545 :
679 1504 735 1548 et
785 1507 1103 1564 quanquam
1157 1492 1472 1548 instabilem
1557 1505 1625 1547 ac
1665 1489 1820 1545 nullo
1869 1489 2068 1546 ordine

473 1593 822 1640 constantem
854 1593 1113 1640 naturam
1142 1585 1371 1648 habeat,
1400 1584 1653 1641 ordinem
1683 1593 1866 1638 tamen
1902 1597 2064 1639 suum

475 1684 739 1746 perpetuo
761 1686 1074 1734 conservat.
1112 1674 1239 1733 Haec
1270 1677 1315 1733 si
1349 1677 1536 1732 animo
1568 1674 1890 1742 revolveris,
1959 1674 2203 1729 divinam
2254 1674 2608 1745 sapientiam,

473 1784 599 1823 nent
634 1785 764 1824 vere
792 1770 1156 1826 admiraberis
1184 1778 1238 1826 et
1266 1770 1564 1825 maximam
1636 1767 1865 1825 laudum
1895 1768 2248 1826 occasionem
2281 1783 2561 1835 assumes,

472 1875 641 1936 atque
672 1878 936 1922 conteras

548 2004 714 2065 Vns.
755 2007 810 2063 8.
858 2006 1040 2078 Ignis,
1091 2009 1333 2080 grando,
1385 2007 1513 2073 nix,
1569 2007 1796 2079 glacies,
1845 2010 2064 2078 spiritus

472 2102 757 2170 procellae,
800 2100 1059 2170 facientia
1099 2101 1314 2155 verbum
1349 2103 1488 2170 ejus.
1533 2100 1903 2157 Ministrantia
1950 2101 2067 2157 sci-

473 2192 605 2247 licet
658 2202 826 2262 atque
871 2191 1236 2248 inservientia
1289 2191 1358 2248 ad
1401 2193 1691 2248 hominum
1742 2193 2060 2258 utilitatem,

474 2288 699 2351 propter
745 2281 997 2336 divinum
1036 2262 1417 2338 mandatum’:
1471 2299 1581 2339 non
1618 2283 1763 2353 quod
1810 2282 2061 2349 fortuito,

472 2380 571 2427 aut
607 2388 765 2437 casu,
816 2372 869 2427 id
918 2375 1149 2438 faciant,
1182 2385 1278 2429 aut
1318 2384 1515 2445 sponte
1564 2389 1686 2429 sua.
1729 2372 1835 2429 Per
1879 2374 2063 2445 igueiu

471 2478 625 2530 vero,
661 2463 763 2519 huc
793 2463 851 2518 in
880 2463 1022 2531 loco,
1058 2468 1236 2535 ipsum
1269 2464 1454 2537 fulgur
1485 2466 1766 2539 intelligit.

539 2599 709 2655 Vens.
750 2600 806 2666 9,
850 2599 941 2657 10.
985 2599 1196 2654 Montes
1222 2610 1272 2655 et
1298 2616 1482 2654 omnes
1516 2606 1699 2673 colles,
1733 2606 1878 2671 tigna
1938 2599 2058 2667 fru-

472 2689 704 2759 ctifera,
740 2701 793 2746 et
840 2708 1019 2746 omnes
1067 2691 1236 2757 cedri,
1282 2691 1431 2760 ferte,
1480 2700 1528 2747 et
1568 2693 1814 2746 universa
1853 2707 2064 2760 pecora,

470 2783 706 2853 reptilia,
736 2793 785 2838 et
820 2784 1060 2839 volucre:
1093 2784 1276 2839 alata.
1305 2782 1575 2852 Quoniam
1602 2798 1667 2838 ea
1700 2784 1890 2838 omnia
1945 2798 2065 2854 qua

465 2874 713 2945 jucunda
745 2885 911 2948 atque
949 2878 1105 2931 utilia
1140 2886 1290 2943 sunt,
1330 2875 1680 2932 manifestam
1706 2885 1871 2946 atque
1902 2891 2063 2948 aper-

469 2978 581 3021 tam
636 2982 793 3023 suatu
843 2966 1388 3023 administrationem
1443 2974 1498 3023 et
1541 2965 1787 3022 divinam
1841 2966 2057 3022 laudem

468 3059 790 3126 ostendunt,
819 3059 874 3115 in
912 3060 1260 3117 tristioribus
1286 3075 1351 3115 ac
1385 3059 1763 3117 severioribus
1794 3058 2061 3114 immora-

469 3160 583 3214 tur,
624 3151 815 3207 dicens
845 3170 861 3207 :
898 3149 1072 3225 Ιρηῑι,
1105 3151 1336 3223 grando,
1373 3161 1509 3217 etc.;
1551 3149 1754 3223 quibus
1793 3150 1959 3206 etiam
1995 3165 2059 3205 ea

468 3243 739 3315 adiungit,
768 3259 891 3315 quae
921 3246 1104 3300 minus
1133 3244 1287 3300 utilia
1310 3242 1489 3299 videri
1523 3252 1800 3313 poterant,
1826 3243 2016 3299 dicens
2040 3262 2053 3297 :

2099 1970 2151 2033 B

2185 563 2373 632 γένεσι
2405 561 2516 614 τῶν
2547 560 2785 631 ἔχθύων;
2813 560 2889 613 Οὐ
2912 558 3074 614 τοῦτο
3094 560 3151 613 δὲ
3190 559 3354 631 μόνον
3383 559 3537 625 ἀξιον
3559 560 3775 632 θαυμάο

2182 657 2320 721 ζειν,
2348 657 2486 709 ἀλλά
2510 657 2608 711 καὶ
2635 657 2734 726 τὴν
2764 655 3047 710 θάλασσαν
3067 671 3084 688 ·
3110 655 3232 721 πῶς
3251 654 3518 711 τοσοῦτον
3567 657 3776 728 πλῆθος

2181 748 2395 804 ὑδάτων
2434 748 2655 819 ἔχουσα,
2694 750 2790 802 καὶ
2820 752 2945 812 ταῖς
2976 748 3123 820 βίαις
3155 750 3267 803 τῶν
3306 751 3529 821 ἀνέμων
3553 751 3776 805 ἐλαυνο-

2184 841 2344 913 μένη,
2370 843 2466 896 καὶ
2487 840 2620 911 φοὸε
2630 842 2738 912 ρῶς
2761 842 3225 913 ἀναδρασσομένη
3255 841 3353 895 καὶ
3373 843 3776 914 στροόουμὲνη,

2181 934 2275 987 καὶ
2313 933 2648 1006 μαινομένη,
2709 935 2837 998 τοὺς
2883 933 3048 997 ἰδίους
3085 936 3248 1003 ὄρους
3283 924 3383 1006 οὖχ
3426 936 3774 1006 ὑπερϐαίνει,

2178 1026 2300 1079 οὐδὲ
2324 1027 2424 1097 τὴν
2459 1027 2686 1095 γείτονα
2704 1027 2810 1096 γῆν
2832 1027 3159 1092 ἐπικλύζειν
3190 1027 3395 1098 τολμᾷ,
3446 1027 3508 1081 τὺ
3535 1029 3776 1099 πρόστα-

2176 1134 2298 1189 γμα
2332 1118 2427 1173 τοῦ
2475 1118 2751 1174 Δεσπότου
2810 1118 3177 1189 φυλάττουσα,
3210 1121 3309 1175 καὶ
3345 1119 3508 1189 φύσιν
3537 1120 3776 1173 ἄστατον

2175 1216 2270 1266 καὶ
2298 1214 2537 1268 ἄτακτον
2579 1212 2800 1284 ἔχουσα,
2832 1213 2933 1285 τὴν
2958 1213 3214 1279 εὐταξίαν
3244 1215 3425 1282 τηρεῖ.
3458 1211 3647 1267 Ταῦτα
3660 1214 3771 1268 rei:

2176 1321 2273 1357 νυν
2327 1304 2790 1376 ἀναλογιζόμενος
2846 1305 3155 1376 θαυμάσεις
3212 1306 3382 1370 ὅντως
3436 1306 3536 1374 τὴν
3577 1307 3771 1375 σοφίαν

2173 1397 2269 1451 τοῦ
2302 1398 2464 1464 Θεοῦ,
2512 1398 2617 1468 τὴν
2635 1398 2894 1469 δύναμιν,
2938 1398 3039 1471 τὴν
3067 1400 3410 1469 οίκονομίαν,
3447 1399 3544 1453 καὶ
3601 1400 3770 1469 ῦμνον

2174 1488 2369 1560 ὥσπερ
2414 1490 2526 1546 ἀπὸ
2568 1490 2681 1545 τῶν
2733 1491 2949 1559 ἀλλων,
2998 1489 3146 1545 οὕτω
3194 1489 3492 1547 κάντεῦθεν
3543 1490 3779 1560 ὑφανείς

2176 1581 2352 1651 αὐτῷ.

2690 1676 3018 1746 potentiam,
3095 1684 3260 1747 atque
3335 1675 3768 1731 administratio-

2639 1784 2780 1841 quas
2855 1771 2911 1825 iu
2958 1769 3225 1827 honorem
3303 1768 3401 1826 Dei
3467 1769 3767 1841 compliccs

2254 2010 2407 2079 Πῦρ,
2431 2008 2685 2082 χάλαζα,
2713 2008 2886 2080 χιὼν,
2926 2009 3339 2078 κρύσταλλος,
3373 2008 3613 2079 πνεῦμα
3656 2025 3766 2063 κα-

2170 2106 2459 2176 ταιγίδος,
2488 2104 2562 2159 τὰ
2595 2104 2891 2159 ποιοῦντα
2933 2102 3042 2157 τὸν
3063 2103 3257 2172 λόγον
3293 2101 3505 2157 αὑτοῦ.
3534 2101 3616 2155 Τὰ
3649 2102 3767 2155 δια-

2169 2195 2433 2251 κονοῦντα
2457 2194 2528 2248 τὰ
2556 2193 2964 2267 προστάγματα
2980 2191 3148 2246 αὐτοῦ
3181 2191 3320 2264 πρὸς
3349 2192 3412 2246 τὸ
3444 2190 3765 2246 λυσιτελοῦν

2169 2286 2510 2358 ἀνθρώποις,
2548 2286 2645 2339 καὶ
2680 2286 2756 2359 μὴ
2787 2285 3000 2349 ἁπλῶς,
3034 2287 3130 2339 καλ⁸
3157 2283 3235 2350 ὡς
3262 2284 3422 2357 ἔτυχε
3457 2285 3761 2357 γινόμενα·

2168 2378 2280 2453 πῦρ
2310 2379 2370 2434 δὲ
2411 2378 2507 2435 νῦν
2532 2377 2685 2447 λέγει
2722 2377 2822 2450 τὴν
2853 2377 3147 2450 ἀστραπήν

2246 2601 2325 2655 Τὰ
2379 2600 2512 2670 ὄρη,
2564 2598 2664 2654 καὶ
2709 2598 2936 2665 πάντες
2973 2600 3030 2653 οἱ
3053 2598 3271 2664 βουνοί
3283 2640 3298 2665 ,
3339 2597 3499 2664 ξύλα
3529 2615 3755 2667 καρποο

2167 2697 2344 2766 φόρα,
2382 2694 2480 2749 καὶ
2507 2691 2697 2751 πᾶσαι
2725 2693 2928 2761 κέδροι
2956 2708 2971 2723 '
3013 2694 3085 2746 τὰ
3108 2694 3305 2760 θηρία,
3325 2691 3424 2745 καί
3454 2690 3653 2744 πάντα
3683 2690 3755 2743 τὰ

2168 2783 2383 2854 κτήνη,
2441 2782 2683 2850 ἑρπετὰ,
2729 2782 2832 2836 καὶ
2871 2781 3119 2836 πετεινὰ
3151 2781 3439 2848 πτερωτά.
3481 2781 3637 2834 Ἐπεὶ
3683 2780 3752 2832 τά

2166 2876 2532 2947 τερπνότερα,
2576 2875 2673 2928 καὶ
2730 2872 3145 2952 χρησιμώτερα,
3200 2874 3296 2926 καὶ
3352 2872 3754 2942 ὠφελιμώτερα

2169 2966 2435 3039 πρόδηλον
2491 2966 2679 3037 ἔχουσι
2722 2966 2817 3019 τὸν
2852 2965 3185 3036 θαυμασμὸν
3238 2965 3336 3018 καὶ
3375 2964 3467 3018 τὸν
3498 2963 3751 3027 ἔπαινον,

2165 3059 2497 3131 ἐνδιατρίϐει
2553 3058 2718 3113 πλέον
2772 3060 2887 3121 τοῖς
2920 3057 3342 3128 λυπηροτέροις,
3369 3056 3567 3126 λέγων,
3602 3056 3753 3126 Πῦρ,

2164 3151 2530 3223 χάλαζα,καὶ
2562 3151 2633 3205 τά
2655 3151 2783 3222 ἑξῆς
2803 3166 2820 3182 ’
2857 3150 2956 3204 καὶ
2984 3153 3099 3213 τοῖς
3126 3150 3380 3203 δοκοῦσιν
3410 3151 3750 3221 ἀχρηστοτέ-

2169 3261 2283 3316 ροις
2307 3244 2486 3312 λέγων
2518 3258 2535 3274 ⁸
2572 3241 2655 3297 Τὰ
2684 3240 2793 3311 ὄρη
2829 3240 2929 3294 καί
2963 3238 3190 3305 πάντες
3219 3240 3273 3293 οι
3305 3239 3551 3305 βουνοί,
3591 3239 3753 3303 ξύλα

468 3334 675 3390 Montes
722 3346 769 3389 et
823 3352 997 3390 omnes
1041 3335 1201 3390 colles
1238 3375 1254 3401 ,
1302 3334 1450 3406 ligna
1493 3334 1774 3406 fructifera
1807 3343 1856 3389 et
1888 3350 2058 3389 omne:

2170 3334 2545 3404 καρποφόρα,
2567 3331 2666 3387 καί
2691 3330 2885 3387 πᾶσαι
2913 3329 3040 3397 xeo;
3058 3346 3115 3384 οι
3141 3344 3156 3359 ο
3187 3330 3283 3383 καὶ
3310 3331 3426 3393 τοῖς
3466 3329 3717 3400 βλαϐερω
3735 3357 3752 3371 ο

464 3428 650 3491 codri;
683 3427 884 3496 quibus
921 3428 1149 3497 insuper
1189 3442 1252 3482 ea
1296 3425 1471 3492 addit,
1509 3440 1633 3496 qua:
1663 3425 1828 3481 noxia
1861 3425 2058 3481 existi-
2106 3495 2111 3499 η

466 3528 707 3584 tuantur,
734 3520 925 3576 dicens
951 3538 964 3575 :
998 3517 1150 3574 Ferae
1171 3527 1222 3574 et
1249 3518 1488 3588 reptilia,
1514 3533 1582 3572 ex
1609 3517 1765 3574 omni
1792 3516 2055 3573 nimirum

465 3620 623 3679 parte
667 3610 909 3664 divinam
963 3610 1124 3680 plene
1176 3611 1577 3679 providentiam
1634 3609 2056 3673 demonstrans,

464 3714 534 3753 ac
564 3699 776 3755 docens
804 3700 952 3769 quod
985 3701 1153 3754 etiam
1185 3701 1301 3755 hanc
1325 3703 1512 3757 omnia
1542 3701 1866 3757 admiranda
1892 3714 2059 3773 atque

467 3792 623 3846 utilia
672 3800 823 3856 sunt,
875 3798 930 3847 ct
977 3791 1250 3847 rationem
1295 3792 1518 3861 habent,
1561 3809 1738 3865 quare
1780 3808 1810 3849 a
1852 3794 1967 3851 Deo
2001 3795 2056 3850 in

465 3900 594 3941 esse
626 3884 864 3939 adducta
892 3884 1006 3939 sint
1038 3899 1052 3936 :
1084 3884 1304 3939 tametsi
1336 3884 1387 3938 id
1422 3901 1451 3939 a
1484 3887 1645 3941 nobis
1677 3884 1916 3942 fortasse
1947 3901 2054 3941 non

464 3977 824 4049 percipiatur,
857 3978 941 4034 vel
970 3978 1191 4034 dillicile
1219 3979 1581 4050 percipiatur.
1619 3978 1829 4052 Fulgur
1851 3982 2054 4036 etenim

462 4072 660 4142 pluviae
705 4071 921 4141 signum
968 4080 1075 4136 est,
1123 4080 1178 4126 et
1223 4086 1599 4142 saepenumero
1641 4074 1808 4128 etiam
1847 4081 2048 4128 vento-

464 4176 608 4216 rum.
646 4160 869 4217 Grando
910 4173 1094 4217 autem
1142 4164 1236 4218 nix
1274 4174 1330 4218 et
1364 4164 1591 4231 glacies,
1634 4164 1702 4218 ad
1736 4174 1902 4220 terrae
1936 4164 2055 4218 cul-

464 4261 585 4307 tum
620 4255 778 4308 utilia
812 4264 961 4310 sunt.
1006 4253 1252 4325 Spiritus
1285 4272 1416 4312 vero
1444 4257 1718 4324 procellae,
1753 4255 2055 4328 aliquando

462 4345 685 4414 quidem
722 4347 900 4403 nubes
935 4347 1211 4412 dissolvit,
1249 4347 1549 4419 aliquando
1594 4364 1726 4403 vero
1758 4349 1922 4403 etiam
1960 4346 2056 4401 ad-

460 4434 617 4491 ducit
651 4452 667 4490 :
709 4445 1014 4509 utrumque
1053 4447 1238 4494 tamen
1281 4440 1350 4495 ad
1394 4450 1644 4496 nostrum
1677 4439 2050 4504 commodum,

462 4528 681 4582 tametsi
725 4531 798 4584 ob
845 4531 1212 4601 ignorantiam
1247 4539 1495 4586 nostram
1534 4532 1692 4587 nobis
1725 4530 2053 4602 plerumque

2161 3428 2343 3499 τέροις
2375 3427 2553 3495 λέγων
2575 3441 2591 3457 ο
2627 3425 2706 3480 Τὰ
2734 3424 2911 3493 θηρία
2943 3421 3042 3478 καὶ
3074 3421 3327 3491 ἑρπετάο
3369 3421 3632 3476 δεικνύων
3681 3423 3749 3475 ὲκ

2162 3520 2486 3591 περιουσίας
2547 3517 2645 3572 τοῦ
2700 3517 2841 3572 Θεοῦ
2876 3518 2977 3588 τὴν
3020 3517 3303 3588 πρόνοιαν,
3353 3516 3446 3570 καὶ
3480 3515 3749 3571 διδάσκων

2159 3614 2241 3669 ὅτι
2274 3615 2369 3666 καὶ
2424 3611 2607 3665 πάντα
2657 3609 2833 3664 ταῦτα
2862 3608 3178 3679 θαυμαστὰ,
3223 3609 3317 3661 καὶ
3359 3607 3617 3679 χρειώδη,
3651 3609 3748 3662 καὶ

2159 3706 2319 3772 λόγον
2379 3704 2573 3774 ἔχοντα
2615 3702 2721 3772 τῆς
2771 3704 2851 3765 εἰς
2878 3701 2941 3755 τὸ
2986 3697 3129 3755 εἶναι
3168 3705 3544 3772 παραγωγῆς·
3570 3703 3619 3756 εί
3649 3701 3748 3756 καὶ

2160 3799 2293 3869 ἡμῖν
2346 3796 2478 3859 ἴσως
2541 3793 2958 3864 ἀκατάληπτον,
3006 3793 3041 3865 ἢ
3107 3793 3578 3865 δυσκατάληπτον.
3634 3794 3747 3848 Καὶ

2158 3888 2417 3959 ἀστραπὴ
2457 3887 2556 3956 μὲν
2606 3886 2736 3955 γὰρ,
2790 3884 2951 3939 ὑετοῦ
2986 3887 3235 3956 σημεῖον,
3271 3886 3305 3957 ἦ
3337 3887 3433 3940 καὶ
3483 3886 3745 3949 πολλάκις

2156 3982 2361 4051 ἀνέμου
2384 3996 2398 4010 ·
2430 3979 2642 4050 χάλαζα
2674 3979 2757 4043 δὲ,
2806 3979 2904 4032 καὶ
2937 3977 3096 4049 χιὼν,
3138 3978 3236 4032 καὶ
3270 3978 3630 4049 κρύσταλλος,
3664 3981 3743 4041 είς

2155 4073 2431 4145 γεωργίαν
2454 4074 2765 4142 ἐπιτήδεια.
2809 4073 2884 4126 Τὸ
2912 4071 3131 4143 πνεῦμα
3174 4071 3232 4125 δὲ
3280 4073 3380 4141 τῆς
3432 4072 3745 4141 καταιγίίος

2155 4167 2287 4220 ποτὲ
2323 4166 2425 4238 μὲν
2472 4164 2775 4219 ἀπελαύνει
2808 4166 2877 4219 τὰ
2906 4166 3067 4236 νέφη,
3101 4165 3234 4219 ποτὲ
3275 4166 3331 4219 δὲ
3364 4165 3608 4232 συνάγει,
3649 4166 3744 4217 καὶ

2155 4258 2316 4313 τοῦτο
2367 4257 2427 4311 δὲ
2478 4259 2732 4323 κάκεῖνο,
2774 4257 2914 4326 πρδς
2945 4256 3006 4311 τὸ
3039 4255 3381 4320 λυσιτελοῦν,
3402 4261 3451 4311 εί
3486 4257 3582 4311 καὶ
3609 4258 3744 4328 ἡμῖν

2153 4352 2253 4422 οὐχ
2291 4350 2436 4404 οὕτω
2470 4351 2641 4415 δοκεῖ,
2675 4351 2744 4406 δι’
2789 4350 3039 4419 ἄγνοιαν.
3071 4347 3153 4404 Τά
3181 4352 3283 4421 ὅρη
3311 4351 3389 4414 δὲ,
3435 4351 3530 4405 καὶ
3560 4351 3617 4404 al
3647 4350 3742 4404 κέ-

2152 4444 2295 4515 δροι,
2320 4442 2388 4496 δι’
2411 4437 2489 4496 ὧν
2521 4442 2731 4514 κέδρων
2754 4441 2832 4506 ὡς
2866 4444 3157 4513 μειζόνων,
3192 4444 3371 4497 πάντα
3411 4445 3479 4497 τὰ
3513 4444 3743 4513 ἄκαρπα

2153 4535 2352 4606 δένδρα
2377 4534 2934 4606 συμπαρελήφθησαν
2952 4537 3034 4600 είς
3065 4535 3381 4607 οἰκοδομὴν,
3409 4536 3503 4589 καὶ
3534 4552 3744 4604 ναυπη-

461 4633 628 4675 secus
655 4619 932 4677 videatur.
961 4621 1124 4678 Cedri
1157 4639 1379 4695 quoque
1411 4640 1508 4695 per
1546 4640 1686 4697 quas
1723 4625 1890 4680 veluti
1932 4639 2052 4680 ma-

2162 4628 2285 4699 γίαν
2311 4629 2771 4700 χρησιμεύσουσι,
2813 4629 2911 4681 καὶ
2948 4628 3103 4683 οὐδὲν
3132 4629 3270 4691 ὅλως
3308 4629 3600 4700 περιττόν·
3629 4628 3741 4683 οὐδ’

456 4708 611 4779 jores
658 4714 911 4780 arbores,
962 4732 1156 4772 omnes
1207 4718 1329 4773 aliae
1370 4717 1727 4782 infructuosa:
1796 4732 2047 4787 compre-

2162 4693 2235 4782 ὧς
2481 4693 2790 4788 γινόμενον.
2838 4719 3094 4784 Λέοντες,
3152 4720 3247 4772 καὶ
3288 4693 3609 4789 παρδάλεις,
3646 4721 3741 4774 καὶ

461 4804 646 4860 ιιειιεαι
675 4816 822 4871 sunt,
847 4809 914 4863 ad
945 4811 1238 4864 domorum
1270 4810 1716 4877 aediﬁcationem,
1738 4818 1793 4866 et
1821 4812 2043 4865 navium

458 4898 959 4963 constructionem,
996 4901 1462 4957 commodissima:
1492 4910 1624 4954 sunt
1681 4909 1738 4955 et
1781 4916 2044 4957 necessa-

457 4986 554 5040 l‘itB
586 5005 601 5042 :
642 4989 895 5059 nihilque
925 4992 1154 5047 omnino
1181 4992 1521 5062 superﬂuum
1550 5001 1655 5058 est,
1697 5002 1792 5046 aut
1815 4991 2045 5048 fortuito

457 5075 687 5133 factum.
719 5080 926 5137 Leones
954 5092 1240 5153 praeterea,
1281 5082 1460 5154 pardi,
1490 5084 1792 5153 elephanti,
1823 5088 2048 5141 unicor-

456 5183 581 5231 nes,
606 5171 1013 5242 rhinocerotes,
1033 5188 1201 5246 atque
1226 5177 1330 5230 alia
1360 5176 1704 5244 hujusmodi,
1734 5188 1787 5232 et
1807 5178 2044 5247 reptilia.

457 5263 643 5329 qualia
678 5273 810 5318 sunt
843 5265 1139 5331 dracones,
1177 5274 1464 5337 serpentes
1536 5278 1589 5323 et
1626 5269 1951 5338 scorpiones
1994 5277 2050 5324 et

457 5351 694 5420 reliqua,
747 5370 856 5409 non
906 5356 1239 5411 mediocrem
1295 5358 1589 5413 utilitatem
1639 5359 1703 5414 ad
1754 5361 2048 5414 humanam

460 5440 624 5496 vitam
678 5444 935 5501 afferunt.
969 5446 1250 5504 Timorem
1286 5452 1433 5505 enim
1473 5452 1636 5507 nobis
1686 5452 1831 5506 Deus
1863 5468 1957 5522 per
1984 5469 2046 5509 ea

457 5543 706 5599 praestat,
747 5545 801 5590 et
834 5539 1233 5598 moderatiores
1273 5544 1391 5598 licri
1438 5556 1732 5616 praeparat,
1771 5562 1834 5601 ac
1870 5548 2047 5615 magis

458 5623 745 5694 sollicitos,
778 5640 833 5684 et
866 5633 1028 5701 primi
1066 5638 1311 5705 parentis
1337 5639 1599 5693 delictum
1638 5641 1691 5693 in
1723 5641 2044 5695 memoriam

461 5726 683 5771 revocat
714 5736 729 5772 :
766 5731 988 5792 propter
1016 5727 1164 5796 quod
1227 5729 1487 5785 universa
1520 5731 1633 5785 lucc
1660 5730 1891 5785 immitia
1917 5747 2050 5786 aua-

470 5806 629 5861 malia
657 5815 975 5872 servitutem
1021 5818 1171 5875 illam
1204 5836 1234 5875 a
1265 5836 1326 5878 sc
1367 5835 1759 5891 excusserunt,
1793 5841 1955 5897 quam
1992 5827 2047 5883 in

2150 4810 2476 4879 ἐλέφαντες,
2513 4813 2612 4865 καὶ
2640 4812 3040 4881 μονοκέρωτες,
3082 4812 3178 4865 καὶ
3224 4811 3603 4883 ρινοκέρωτες,
3642 4813 3741 4866 καὶ⁵

2150 4907 2220 4960 τὰ
2250 4906 2501 4969 τοιαῦτα,
2534 4906 2629 4959 καὶ
2656 4905 2766 4958 τῶν
2796 4905 3048 4976 ἑρπετῶν
3071 4904 3390 4976 δράκοντες,
3421 4905 3516 4958 καὶ
3560 4905 3737 4973 ὄφεις,

2151 4999 2248 5052 καὶ
2285 4996 2560 5068 σκορπίοι,
2589 4997 2686 5051 καὶ
2707 4998 2774 5052 τὰ
2802 4996 2989 5063 λοιπὰ,
3016 4999 3111 5050 καὶ
3148 4997 3289 5051 αὐτὰ
3332 4997 3742 5068 χρησιμεύσου-

2154 5109 2239 5146 σιν
2269 5092 2350 5155 είς
2394 5090 2486 5145 τὸν
2508 5091 2654 5162 βίον’
2693 5092 2860 5161 φόϐον
2912 5091 3023 5161 γὰρ
3081 5092 3213 5160 ἡμῖν
3264 5091 3606 5161 ὲπιτειχίζει,
3644 5090 3741 5143 καὶ

2149 5188 2452 5258 σωφρονεῖν
2492 5183 2928 5255 παρασκευάζει,
2960 5185 3053 5237 καί⁵
3084 5182 3411 5251 ἐναγωνίους
3443 5185 3609 5247 ποιεῖ,
3644 5183 3740 5236 καὶ

2149 5278 2566 5349 ἀναμιμνήσκει
2599 5277 2702 5346 τῆς
2742 5277 2802 5329 ἐν
2837 5275 2916 5346 τῷ
2961 5276 3283 5347 παραδείσῳ
3318 5273 3414 5327 τοῦ
3456 5274 3739 5344 προπάτο-

2153 5387 2244 5439 ρος
2284 5370 2588 5441 ἁμαρτίας,
2625 5369 2693 5423 δι’
2734 5370 2802 5440 ἢν
2830 5369 3006 5425 ταῦτα
3035 5371 3136 5436 τὴν
3163 5367 3259 5421 τοῦ
3303 5366 3477 5437 ’Δδάμ
3510 5363 3736 5420 ἀπεσεί-

2152 5478 2317 5514 σαντο
2344 5459 2613 5523 δουλείαν,
2682 5459 2975 5529 ὑποχείρια
3003 5458 3181 5530 τούτῳ
3220 5457 3472 5522 δοθέντα,
3508 5456 3603 5510 καὶ
3631 5456 3737 5519 τὰς

2146 5555 2372 5625 κλήσεις
2420 5554 2552 5624 παρ’
2602 5553 2816 5607 ἐκείνου
2848 5553 3125 5624 δεξάμενα
3156 5570 3172 5585 ·
3215 5553 3304 5605 ἵνα
3344 5551 3420 5622 μὴ
3463 5550 3608 5617 λέγω
3633 5550 3735 5618 τὴν

2146 5647 2316 5716 ἀλλην
2347 5645 2562 5718 χρείαν,
2610 5646 2678 5716 ῆν
2725 5646 2863 5715 πρὸς
2903 5647 2972 5699 τὰ
3003 5642 3533 5714 κατασκευαζόμενα
3586 5656 3735 5711 παρ-

2155 5740 2339 5810 έχουσι
2368 5739 2681 5810 φάρμακαε·
2707 5738 2769 5791 Εἰ
2812 5718 2996 5790 τοίνυν
3020 5736 3091 5790 τὰ
3116 5737 3360 5807 λυπηρὰ,
3416 5734 3510 5787 καὶ
3540 5731 3609 5786 τά
3651 5734 3736 5784 δο-

2163 5828 2371 5884 κοῦντα
2415 5829 2692 5898 ἀχρηστα,
2731 5829 2831 5882 καὶ
2863 5827 3105 5900 βλαϐερὰ
3134 5827 3308 5892 οὕτως
3336 5827 3607 5899 χρήσιμα,
3657 5825 3736 5890 cits
