4112 6440
385 365 528 431 liii?

1482 367 1875 429 COMMENT.
1922 367 2007 429 IN
2041 367 2404 428 PSALMOS.

3514 374 3658 434 17:13

377 480 444 534 δι’
474 478 653 535 αὐτῶν
682 478 853 550 ὕμνον
908 477 1288 550 ἀναφέρεσθαι
1323 479 1400 550 τῷ
1451 479 1570 550 Θεῴ
1620 479 1714 533 καὶ
1745 478 1957 543 δοξολοο

2069 491 2131 530 ea
2174 476 2366 530 habuit
2395 477 2588 532 Adam.
2617 475 2843 532 Tradita
2873 478 3019 533 enim
3053 479 3101 534 ei
3133 494 3161 533 a
3207 479 3316 535 Deo
3345 480 3569 537 fuerant
3599 489 3658 538 in

386 573 524 640 τίαν,
561 572 613 624 τί
637 572 703 625 ἄν
732 589 815 634 τις
837 573 1001 636 εἴποι,
1039 571 1168 642 περὶ
1197 571 1308 624 τῶν
1333 573 1408 642 μὴ
1446 573 1743 637 τοιούτωνε

2070 571 2392 623 servitutem
2471 580 2525 624 et
2568 571 3002 638 subjectiouem;
3045 583 3209 644 atque
3251 575 3376 629 ideo
3415 578 3660 645 appella-

379 661 558 719 tiones
597 671 652 718 et
696 664 916 717 nomina
952 665 1022 718 ab
1055 679 1122 717 eo
1157 669 1323 718 etiam
1357 676 1742 734 susceperant.
1779 662 1959 716 Taceo
2000 661 2435 716 innumerabiles
2488 664 2753 718 utilitates
2805 679 2944 736 quas
3030 665 3084 719 in
3148 665 3438 723 medicinis
3517 685 3663 740 pra:-

379 765 531 810 stant
608 766 663 810 et
715 757 1050 825 pliarmacis.
1109 757 1165 811 Si
1219 756 1383 826 igitur
1465 771 1528 811 ea
1576 773 1700 827 qua:
1751 758 1996 810 tristiora
2068 763 2224 818 sunt,
2287 762 2381 806 aut
2433 755 2772 820 molestiora.
2833 773 3066 827 quaeque
3141 759 3355 814 inutilia
3405 761 3664 818 videntur

377 869 522 920 esse,
559 870 624 908 ac
665 857 851 920 noxia,
889 855 1026 908 adeo
1063 853 1218 908 utilia
1251 861 1405 918 sunt,
1439 863 1497 907 ut
1537 869 1633 924 per
1662 869 1725 908 ea
1756 855 1875 908 laus
1911 859 1964 904 et
2002 850 2172 920 gloria
2211 848 2320 902 Deo
2347 851 2468 905 cani
2507 851 2708 906 debeat
2752 868 2764 904 :
2815 853 2945 921 quid
2975 854 3269 908 dicendum
3317 859 3422 910 erit
3459 858 3528 912 de
3594 860 3662 914 iis

380 966 505 1019 qua:
545 949 928 1018 hujuscemodi
973 966 1082 1004 non
1117 961 1267 1013 sunt.
1313 951 1408 1005 sed
1449 950 1802 1005 delectabilia
1838 957 1970 1003 sunt
2007 946 2215 1018 pariter
2245 958 2406 1016 atque
2437 947 2635 1000 utilia?

452 1046 736 1110 Βασιλεῖς
783 1043 891 1113 τῆς
917 1045 1057 1114 γῆς,
1089 1045 1186 1099 καὶ
1221 1044 1450 1111 πάντες
1479 1046 1640 1109 λαοὶ,
1669 1043 1965 1112 ἄρχοντες

382 1135 482 1189 καὶ
516 1131 740 1200 πάντες
771 1137 966 1205 κριταί
1017 1136 1153 1206 γῆς.
1187 1136 1361 1190 Πάλιν
1395 1135 1584 1207 ἕτερον
1619 1135 1856 1190 ἐνταῦθα
1883 1151 1970 1189 κι-

380 1230 465 1280 νεῖ
502 1229 764 1298 προνοίας
793 1225 956 1295 εῐδος,
984 1230 1044 1283 τὸ
1075 1233 1181 1283 τῶν
1212 1227 1516 1298 ἀρχόντων·
1539 1227 1644 1297 τῆς
1685 1225 1784 1280 τοῦ
1826 1224 1966 1279 Θεοῦ

381 1318 490 1389 γὰρ
519 1319 712 1390 σοφίας
752 1321 936 1394 ἔργον,
972 1322 1034 1376 τὸ
1059 1324 1140 1386 εις
1167 1322 1439 1393 ἄρχοντας
1502 1321 1599 1374 καὶ
1630 1320 1968 1391 ἀρχομένους

379 1412 500 1464 τόδε
539 1411 600 1464 τὸ
631 1415 736 1464 πᾶν
763 1413 982 1466 διελεῖν·
1010 1414 1138 1476 τοὺς
1170 1411 1414 1483 βασιλεῖς
1443 1411 1500 1465 δὲ
1536 1411 1689 1480 λέγει
1719 1412 1815 1464 καὶ
1862 1410 1967 1481 ἄρ·

380 1520 575 1574 χοντας
622 1505 717 1557 καὶ
759 1505 994 1575 κριτὰς,
1028 1505 1106 1570 ὡς
1154 1505 1216 1559 τὸ
1248 1505 1460 1576 ἄρχειν,
1488 1505 1584 1558 καὶ
1633 1503 1695 1557 τὸ
1752 1501 1962 1574 κρίνειν

380 1594 624 1664 ἔχοντας.
653 1595 860 1649 Αἰνεῖτε
914 1596 1045 1667 γὰρ,
1078 1595 1234 1667 φησὶ,
1265 1595 1356 1650 τὸν
1405 1595 1632 1666 Κύριον,
1660 1595 1710 1646 oi
1751 1593 1848 1664 μὲν
1885 1593 1968 1648 ὅτι

379 1683 761 1755 ἐπιμελεῖσθαι
783 1687 1177 1756 προεκρίθητε,
1204 1686 1255 1739 oi
1285 1685 1368 1751 δὲ,
1396 1685 1480 1739 ὅτι
1516 1683 1837 1755 ἐπιμελείας
1866 1682 1966 1754 τῆς

382 1776 538 1846 παρὰ
591 1778 702 1829 τῶν
737 1775 1070 1848 κρειττόνων
1107 1776 1388 1844 ἀξιοῦσθε,
1447 1775 1584 1844 ὁμοῦ
1619 1775 1676 1828 δὲ
1737 1775 1964 1838 πάντες,

2150 1043 2318 1099 Vsus.
2353 1041 2378 1093 1
2399 1042 2444 1096 ι.
2471 1039 2638 1110 Reges
2671 1049 2828 1095 terra:
2857 1051 2907 1094 et
2940 1059 3118 1097 omnes
3147 1043 3350 1112 populi,
3398 1047 3662 1114 principes

2075 1145 2125 1191 et
2150 1151 2329 1189 omnes
2350 1133 2556 1201 iudices
2589 1142 2768 1188 term.
2811 1133 3055 1189 Rursum
3102 1137 3207 1190 hoc
3240 1139 3295 1191 in
3327 1139 3449 1193 loco
3508 1138 3663 1193 aliud

2070 1235 2374 1300 pertractat
2407 1225 2606 1280 divinae
2636 1225 3003 1295 providentiae
3028 1243 3221 1296 genus,
3245 1229 3312 1284 de
3344 1231 3657 1300 principum

2069 1321 2285 1377 scilicet
2314 1333 2378 1372 ac
2416 1332 2607 1387 regum
2645 1320 3068 1373 constitutione.
3107 1317 3196 1374 Est
3227 1323 3429 1376 etenim
3463 1323 3663 1378 divina:

2089 1409 2380 1474 sapientia:
2433 1423 2600 1477 opus,
2655 1408 2974 1464 universum
3031 1409 3223 1464 orbem
3275 1412 3328 1465 in
3381 1413 3666 1483 principes

2073 1509 2240 1572 atque
2273 1502 2328 1554 in
2360 1499 2615 1554 subditos
2636 1499 2984 1554 distinxisse.
3016 1497 3194 1570 Reges
3222 1511 3410 1556 autem
3437 1511 3489 1558 et
3517 1503 3666 1573 prin-

2071 1594 2224 1664 cipes
2252 1600 2307 1646 et
2354 1591 2574 1660 judices
2639 1592 2896 1660 appellat,
2953 1607 3020 1646 eo
3081 1592 3229 1660 quod
3278 1593 3662 1662 dominantur,

2071 1692 2272 1756 regunt
2301 1693 2356 1739 et
2409 1683 2683 1754 iudicant.
2721 1682 2966 1738 Laudato
3005 1683 3177 1749 enim,
3230 1685 3430 1753 inquit,
3471 1687 3663 1742 Domi-

2070 1792 2226 1839 num,
2264 1791 2362 1832 vos
2392 1777 2637 1847 quidem,
2682 1776 2809 1844 quia
2848 1774 3124 1845 praepositi
3151 1785 3206 1830 et
3233 1758 3474 1845 prazietzti
3503 1777 3663 1842 estis,

379 1867 462 1921 ὅτι
489 1868 743 1932 εὐταξίαν
769 1867 1023 1921 ἐντεῦθεν
1060 1870 1088 1922 ὁ
1115 1867 1249 1931 Θεδς
1277 1869 1392 1931 τοῖς
1423 1864 1733 1936 ἀνθρώποις
1764 1864 1965 1934 ἐδωρή-

2076 1871 2262 1943 populi
2286 1885 2418 1926 vero
2453 1871 2580 1940 quia
2611 1869 2799 1924 studio
2829 1876 2994 1938 atque
3028 1883 3176 1921 cura:
3202 1878 3256 1921 et
3288 1869 3657 1924 sollicitudini

381 1972 536 2013 σατο.
573 1957 647 2011 Τὸ
675 1960 774 2028 μὲν
823 1955 916 2012 οὖν
969 1960 1184 2029 ἄρχειν,
1215 1957 1374 2028 ἔργον
1397 1955 1533 2010 Θεοῦ
1555 1973 1568 1988 ο
1596 1957 1658 2010 τὸ
1683 1956 1738 2008 δὲ
1774 1955 1964 2018 κακῶς

379 2050 682 2121 ἄρχειντῆς
708 2051 818 2104 τῶν
845 2049 1150 2122 ἀνθρώπων
1177 2050 1533 2120 φαυλότητος·
1563 2048 1623 2102 τὸ
1649 2047 1704 2100 δὲ
1725 2047 1820 2100 καὶ
1871 2064 1968 2100 πο-

380 2141 580 2210 νηροὺς
600 2145 678 2206 είς
708 2142 770 2197 τὸ
789 2145 976 2215 ἄρχειν
994 2142 1332 2212 ᾶγεσθαιτῆς
1353 2141 1660 2212 ἀνθρώπων
1678 2141 1964 2210 πονηρίας.

381 2231 567 2286 Εἰπὼν
596 2235 650 2288 δὲ
679 2236 762 2288 ὃτι
798 2235 1022 2301 πάντες
1050 2235 1210 2298 .taol,
1244 2235 1346 2287 οὐκ
1368 2234 1566 2304 ἄνδρας
1596 2231 1833 2302 ἐδήλωσε
1865 2231 1966 2300 μό-

381 2339 493 2388 νον,
545 2326 682 2379 ἀλλὰ
729 2327 822 2380 καὶ
857 2329 1124 2396 γυναῖκας
1177 2327 1272 2380 καὶ
1305 2323 1492 2388 ἁπλῶς
1523 2325 1630 2378 πᾶν
1663 2325 1841 2393 γένος,
1871 2324 1967 2378 καὶ

383 2419 568 2472 πᾶσαν
597 2419 837 2490 ἡλικίαν.

2075 1963 2429 2034 superiorum
2458 1980 2485 2017 a
2518 1965 2626 2019 Deo
2657 1961 2844 2017 donati
2879 1969 3030 2016 sunt.
3075 1960 3192 2016 Una
3234 1971 3415 2016 autem
3465 1977 3662 2020 omnes

2076 2054 2128 2107 id
2156 2054 2339 2117 facile,
2373 2055 2635 2123 quoniam
2667 2068 2731 2106 es
2763 2051 3155 2106 hac'ordinum
3200 2053 3482 2118 varietate,
3513 2053 3663 2108 ordi-

2075 2160 2199 2199 nem
2230 2146 2524 2214 quemdam
2558 2143 2705 2197 Deus
2740 2143 3066 2198 inhumano
3091 2159 3294 2214 genere
3344 2146 3660 2200 constituit.

2077 2235 2281 2290 Verum
2330 2236 2475 2305 quod
2535 2236 2812 2306 principes
2866 2237 3135 2305 imperent
3190 2252 3252 2290 ac
3287 2239 3660 2294 dominentur.

2077 2327 2324 2382 divinum
2357 2327 2578 2396 quidem
2616 2343 2757 2396 opus
2789 2337 2897 2392 est,
2933 2328 3037 2382 hoc
3081 2339 3185 2392 est,
3216 2344 3244 2380 a
3277 2326 3387 2381 Deo
3429 2329 3614 2382 datum
3643 2347 3658 2395 ;

2075 2418 2224 2488 quod
2249 2431 2380 2472 vero
2425 2415 2564 2471 male
2606 2417 2895 2486 imperent,
2933 2415 3036 2469 hoc
3070 2416 3137 2469 ad
3170 2417 3411 2484 ipsorum
3450 2417 3661 2486 princi-

381 2524 512 2580 pum
558 2511 797 2580 pertinet
849 2514 1292 2584 perversitatem.
1355 2511 1532 2567 Simili
1592 2511 1751 2567 modo
1811 2510 1958 2581 quod
1995 2511 2148 2581 pravi
2191 2511 2446 2565 homines
2482 2510 2551 2565 ad
2613 2511 2903 2581 imperium
2984 2519 3362 2574 assumantur,
3437 2510 3662 2578 maligni

382 2616 447 2656 ac
473 2604 624 2671 pravi
657 2604 761 2674 ipsi
796 2607 1050 2661 homines
1075 2607 1128 2660 in
1155 2621 1322 2661 causa
1371 2614 1523 2660 sunt.
1554 2605 1754 2659 Dicens
1783 2615 1963 2657 autem
1997 2619 2190 2660 omnes
2223 2603 2481 2673 populos,
2548 2619 2656 2657 non
2721 2603 2871 2656 viros
2935 2589 3194 2667 tantum“;
3237 2601 3334 2657 sed
3393 2601 3662 2658 mulieres

381 2697 549 2751 etiam
577 2699 1014 2768 comprehendit,
1044 2708 1097 2754 et
1138 2713 1364 2754 omnem
1420 2698 1663 2767 denique
1721 2699 2138 2768 generationem
2175 2707 2338 2766 atque
2387 2710 2608 2750 omnem
2639 2705 2879 2748 astatem.

450 2789 779 2842 Νεανίσκοι
847 2789 947 2842 καὶ
1000 2791 1311 2858 παρθένοι,
1377 2790 1775 2858 πρεσϐύτεροι
1815 2787 1968 2858 μετὰ

380 2881 703 2949 νεωτέρων,
743 2881 1164 2936 αῑνεσὰτωσαν
1207 2881 1273 2934 τὸ
1315 2881 1502 2950 ὄνομα
1530 2884 1774 2948 Κυρίου.
1825 2880 1971 2933 Νεα-

382 2973 558 3028 νίσκοι
615 2973 711 3026 καὶ
734 2974 998 3037 νεανίδες,
1034 2974 1122 3026 ἵνα
1166 2971 1455 3025 ἐθισθῶσιν
1487 2973 1679 3026 αἰνεῖν·
1727 2970 1970 3038 πρεσϐύ-

2139 2786 2304 2843 νειις.
2346 2788 2433 2841 12.
2477 2786 2854 2840 Adolescenles
2887 2795 2936 2839 et
2965 2787 3222 2855 virgines,
3271 2787 3505 2840 seniores
3543 2803 3663 2840 cum

2057 2879 2401 2946 iunioribus,
2457 2878 2672 2930 laudent
2741 2895 2931 2931 nomen
3004 2878 3237 2934 Domini.
3321 2881 3664 2934 Adolescen-

2066 2981 2152 3027 tes
2184 2981 2238 3026 et
2269 2972 2466 3041 puella:
2526 2971 2579 3025 id
2633 2971 2865 3034 faciant,
2922 2981 2981 3026 ut
3040 2984 3366 3027 assuescant
3429 2973 3656 3029 laudare

381 3081 553 3136 τεροι,
599 3065 683 3117 ὃτι
724 3065 805 3127 εἰς
839 3063 1048 3133 ταύτην
1102 3064 1344 3133 ἔφθασαν
1389 3063 1634 3134 ἠλικίανσ
1667 3063 1965 3132 νεωτέρους

2069 3059 2263 3114 Deum.
2294 3057 2465 3114 Senes
2491 3074 2622 3114 vero
2673 3058 2844 3113 Deum
2881 3061 3102 3114 laudent
3144 3063 3289 3131 quod
3350 3064 3403 3116 in
3463 3064 3660 3131 hujus-

380 3153 437 3207 δὲ
464 3157 588 3218 τοὺς
614 3156 937 3218 νεανίσκους
966 3151 1122 3218 αὖθις
1154 3155 1376 3226 ἔφησεν,
1411 3153 1852 3217 ἁντιδιαστείλας
1875 3154 1971 3207 αὐ-

380 3254 510 3312 τοὺς
535 3249 649 3311 τοῖς
679 3248 1107 3320 πρεσϐυτέροις.

421 3425 585 3485 ,⁸οτι
622 3427 836 3496 ὑψώθη
904 3427 972 3480 τὸ
1020 3427 1212 3497 ὄνομα
1249 3427 1438 3484 αὑτοῦ
1467 3429 1686 3498 μόνου.
1728 3428 1965 3499 Ἐμεγαο

379 3519 550 3590 λύνθη
578 3520 666 3574 διὰ
698 3520 768 3573 τὰ
801 3519 1067 3590 μεγαλεῖα
1095 3520 1204 3572 τῶν
1237 3519 1417 3591 ἔργων
1449 3520 1640 3575 αὑτοῦ.

460 3615 528 3669 Ἠ
551 3614 992 3685 ἐξομολόγησις
1038 3614 1228 3668 αὑτοῦ
1267 3615 1364 3669 ἐπὶ
1398 3614 1513 3686 γῆς
1544 3616 1644 3669 καί
1677 3615 1964 3684 οὐρανοῦ.

389 3705 457 3760 Ἥ
489 3707 838 3777 εὐχαριστία,
879 3711 972 3760 καὶ⁸
1011 3707 1044 3778 ἡ
1080 3705 1364 3775 δοξολογία
1413 3707 1580 3761 αὐτοῦ
1615 3707 1710 3760 ἐπὶ
1745 3707 1848 3778 γῆς
1875 3709 1967 3760 αν·-

381 3796 650 3868 θρώποις,
682 3799 777 3851 καὶ
818 3799 904 3850 ἐπ’
935 3796 1169 3868 οὐρανοῦ
1193 3797 1474 3866 ἀγγέλοις.

452 3979 562 4035 Καὶ
607 3973 839 4046 ὑψώσει
861 3975 1044 4044 κέρας
1073 3974 1230 4029 λαοῦ
1258 3975 1471 4029 αὐτοῦ.
1507 3974 1768 4046 Αὐξήσει,
1804 3992 1969 4044 μεγαι-

381 4071 530 4126 λυνεῖ
563 4071 718 4143 ἰσχὺν
751 4068 883 4126 λαοῦ
913 4068 1106 4123 αὑτοῦ.

453 4166 682 4232 ’Υμνος
717 4161 868 4218 πᾶσι
907 4161 1034 4228 τοῖς
1071 4159 1274 4226 ὁσίοις
1311 4159 1522 4214 αὐτοῦ.
1556 4159 1683 4223 Τοῖς
1714 4159 1964 4226 ἀφωσιω-

2070 3153 2216 3207 modi
2243 3161 2458 3206 aetatem
2490 3155 2864 3222 pervenerint.
2900 3153 3159 3210 Juniores
3183 3171 3403 3226 queque
3435 3166 3489 3212 et
3524 3158 3656 3212 ado-

1996 3265 2038 3322 c
2075 3245 2355 3300 lescentes
2403 3243 2561 3310 dixit,
2602 3253 2660 3298 ut
2691 3261 2755 3300 ex
2797 3247 3052 3315 opposito
3103 3247 3466 3317 distingueret
3503 3265 3598 3303 eos
3630 3266 3660 3303 s

2073 3335 2320 3388 senibus.

2149 3425 2418 3489 Quoniam
2473 3426 2774 3480 exaltatum
2816 3441 2892 3482 est
2927 3445 3115 3482 nomen
3151 3430 3266 3498 ejus
3311 3431 3505 3485 solius.
3545 3431 3661 3484 Ma-

2072 3517 2394 3588 gniﬁcatum
2437 3528 2520 3572 cst
2558 3519 2632 3573 ob
2673 3536 2869 3588 magna
2913 3529 2968 3573 et
3003 3522 3234 3590 grandia
3277 3524 3426 3577 illius
3459 3540 3652 3592 opera.

2151 3609 2312 3667 Vens.
2344 3611 2430 3665 15.
2464 3611 2736 3680 Confessio
2765 3612 2878 3679 ejus
2911 3614 2965 3666 in
3017 3623 3159 3667 terra
3212 3622 3263 3667 et
3316 3615 3372 3668 in
3422 3615 3571 3678 (mlo,
3610 3626 3661 3669 et

2071 3701 2330 3756 exaltabit
2355 3718 2516 3755 cornu
2535 3704 2717 3772 populi
2751 3705 2856 3758 sui.
2891 3703 3202 3758 Gratiarum
3228 3707 3374 3760 actio
3394 3716 3448 3759 et
3479 3708 3655 3776 glori-

2072 3797 2274 3856 licatio,
2303 3813 2424 3867 quae
2459 3797 2568 3851 Deo
2599 3801 2678 3861 lit.
2701 3798 2752 3852 iu
2779 3808 2925 3852 terra
2957 3797 3182 3869 quidem
3211 3798 3281 3853 ab
3315 3798 3658 3864 hominibus.

2071 3887 2126 3941 in
2151 3889 2293 3942 coelo
2328 3903 2461 3942 vero
2491 3889 2560 3942 ab
2596 3889 2832 3959 angelis.
3324 3875 3332 3881 ’

2142 3977 2212 4030 Et
2237 3980 2497 4032 exaltabit
2523 3996 2684 4032 cornu
2707 3980 2887 4047 populi
2936 3979 3038 4034 sui.
3061 3979 3316 4051 Augcbit,
3343 3983 3660 4053 magniﬁca-

2039 4071 2153 4128 .bit
2194 4073 2524 4138 potentiam,
2564 4073 2750 4142 populi
2789 4075 2900 4128 sui.

2141 4159 2303 4215 Vens.
2343 4161 2424 4214 l4.
2456 4165 2698 4232 Hymnus
2725 4164 2970 4217 omnibus
2992 4163 3198 4217 sanctis
3231 4163 3370 4232 ejus.
3425 4162 3498 4218 iis
3557 4165 3653 4234 qui

384 4260 568 4328 μένοις
600 4257 772 4328 αὐτῷ·
800 4255 1012 4318 τούτοις
1041 4253 1152 4325 γὰρ
1180 4253 1416 4323 μάλιστα
1442 4252 1716 4323 προσήκει
1749 4252 1961 4318 ὑμνεῖν,

2069 4247 2117 4304 ei
2144 4249 2477 4304 sanctiﬁcati
2527 4260 2582 4305 et
2609 4253 2780 4308 dicati
2813 4262 2966 4308 sunt.
3011 4251 3123 4308 llos
3143 4257 3346 4308 etenim
3377 4254 3658 4326 praecipue

379 4349 457 4413 ὼς
492 4350 692 4419 μᾶλλον
725 4347 891 4401 εἰδόσι
930 4347 1000 4400 τὰ
1040 4345 1328 4414 μεγαλεῖα,
1365 4344 1461 4397 καὶ
1491 4345 1589 4406 τὰς
1637 4343 1965 4412 εὐεργεσίας

2069 4342 2228 4397 decet
2252 4341 2478 4395 laudare
2511 4341 2705 4405 Deum.
2747 4347 2918 4402 veluti
2961 4346 3054 4417 qui
3087 4361 3198 4415 pra:
3225 4347 3464 4410 caneris,
3504 4348 3655 4404 illius

380 4441 572 4496 αὐτοῦ.
611 4442 814 4511 Είρηκε
840 4439 896 4494 δὲ
939 4441 1036 4493 καὶ
1075 4440 1134 4493 ὲν
1173 4437 1251 4507 τῷ
1297 4435 1376 4507 λβ⁹
1424 4436 1645 4506 ψαλμῷ,
1681 4435 1812 4502 Τοῖς
1868 4437 1965 4490 εὐ-

2070 4432 2346 4502 niagnalia
2374 4447 2438 4488 ac
2474 4433 2736 4487 beneﬁcia
2780 4447 3069 4492 noverunt.
3121 4438 3334 4492 Dictum
3370 4449 3454 4492 est
3489 4439 3652 4494 etiam

389 4535 522 4589 θέσι
561 4533 774 4602 πρέπει
805 4532 1062 4596 αἵνεσις·
1105 4530 1201 4584 καὶ
1225 4529 1379 4600 ζήτει
1406 4528 1621 4597 ἐκείνην
1638 4527 1736 4598 τὴν
1767 4528 1965 4599 ἐξήγη-

2070 4527 2126 4580 in
2159 4526 2373 4596 psalmo
2411 4540 2560 4579 sxxii
2609 4541 2623 4578 ε
2660 4522 2848 4580 Βισιοι
2895 4531 3040 4582 decet
3084 4530 3353 4596 laudatio,
3394 4531 3484 4585 ubi
3532 4532 3660 4588 vide

381 4643 486 4681 σιν.

2070 4619 2503 4689 expositionem.

466 4716 737 4786 Ἰσραὴλ,
767 4715 896 4781 λαῷ
917 4714 1212 4785 ἐγγίζοντι
1236 4711 1419 4778 αὐτῷ.
1454 4712 1582 4784 Λοῷ
1612 4715 1818 4785 οίκείῳ,
1849 4715 1965 4784 λαῷ

2142 4708 2304 4765 Filiis
2345 4709 2542 4776 Israel,
2597 4707 2789 4778 populo
2851 4713 3303 4781 appropinquanti
3360 4714 3481 4770 sibi.
3539 4715 3657 4772 [loc

382 4815 660 4883 ἑγγίζοντι
689 4812 834 4865 κατὰ
862 4813 1050 4880 σχέσιν
1083 4812 1180 4863 καὶ
1224 4809 1466 4862 διάθεσιν
1497 4811 1561 4863 ὲκ
1608 4811 1870 4874 πίστεως,
1898 4811 1963 4864 ἐκ

2069 4813 2173 4870 est,
2209 4805 2413 4874 populo
2450 4819 2576 4869 suo,
2609 4803 2702 4873 qui
2738 4800 2936 4855 affectu
2967 4817 3032 4855 ac
3073 4802 3441 4872 dispositione
3467 4823 3568 4860 sua
3599 4811 3654 4860 in

383 4907 706 4977 θεραπείας,
745 4901 806 4967 ἐξ
865 4901 1077 4972 ἀρετῶν
1148 4901 1474 4964 οίκειώσεως
1513 4917 1525 4930 ³
1579 4900 1612 4972 ἢ
1672 4903 1756 4956 ὅτι
1793 4901 1962 4971 ὕμνος

2069 4896 2236 4952 Deum
2268 4896 2316 4950 ei
2348 4911 2567 4966 semper
2588 4895 2984 4966 appropinquat
3015 4912 3028 4948 :
3058 4910 3158 4964 per
3188 4894 3348 4951 ﬁdem
3372 4899 3657 4965 videlicet,

383 4999 667 5058 ἔσταιτοῖς
694 4993 861 5055 ὁσίοις
893 4991 1082 5054 αὐτοῦ,
1120 4993 1212 5044 καὶ
1239 4991 1686 5062 cogas-015mm,
1717 4992 1791 5056 ὡς
1823 4993 1962 5046 ὅσιοι

2069 5003 2167 5059 per
2190 4988 2424 5054 cultum,
2459 4997 2512 5042 et
2561 5003 2658 5058 per
2711 4987 3144 5042 fatiiiliaritatem
3211 4987 3523 5055 virtutum;
3568 4991 3654 5045 vel

383 5090 570 5154 αὑτοῦ,
626 5089 701 5152 ὼς
749 5086 876 5148 λαδς
928 5081 1164 5151 ὲγγίζων
1203 5083 1372 5153 αὐτῷ·
1433 5083 1515 5136 διὸ
1559 5083 1664 5154 χρὴ
1709 5085 1964 5150 γενέσθαι

2071 5081 2198 5150 quia
2229 5080 2468 5150 hymnus
2502 5080 2608 5134 erit
2638 5088 2850 5134 sanctis
2879 5077 3024 5146 ejus,
3081 5085 3138 5131 et
3190 5077 3656 5146 gloriﬁcabnntur

386 5182 674 5244 τοιούτους,
708 5180 796 5232 ἵνα
833 5175 924 5230 διὰ
954 5174 1116 5229 τοῦτο
1147 5175 1306 5246 δόξης
1340 5175 1674 5240 ἀξιωθῶσιν.

2069 5171 2237 5225 veluti
2270 5172 2446 5224 sancti
2479 5170 2598 5233 Dei,
2628 5179 2682 5224 et
2719 5181 2975 5239 tanquam
3016 5168 3252 5238 populus
3274 5167 3323 5223 ei
3356 5172 3656 5241 appropin-

2069 5279 2270 5334 quatis.
2302 5266 2482 5332 Atque
2515 5263 2638 5318 ideo
2673 5271 2891 5332 oportet
2924 5264 3063 5316 tales
3088 5260 3229 5324 ﬁeri,
3263 5268 3322 5314 ut
3359 5269 3656 5332 propterea

2070 5355 2300 5424 gloriam
2324 5365 2758 5425 consequantur.

2741 5445 2992 5499 Alleluia.

2570 5536 2893 5593 PSALMUS
2918 5534 3149 5592 CXLIX.

2141 5631 2308 5687 Vens.
2343 5631 2395 5686 1.
2431 5629 2658 5685 Cantate
2692 5630 2914 5684 Domino
2943 5631 3206 5684 canticum
3239 5643 3449 5683 novum.
3472 5625 3651 5682 Verba

2073 5721 2190 5776 hare
2222 5736 2366 5788 sazpe
2390 5720 2523 5776 alibi
2559 5721 2809 5790 exposita
2844 5729 2996 5786 sunt,
3027 5719 3304 5791 prmeipue
3351 5719 3403 5773 in
3435 5716 3650 5788 psalmo

2077 5829 2252 5882 usit,
2289 5823 2341 5868 et
2375 5814 2535 5883 juxta
2569 5813 2814 5870 historiae
2867 5827 3118 5878 sensum,
3175 5813 3239 5868 ad
3297 5809 3651 5867 Hebraeorum

956 5445 1351 5509 Ἃλληλούῑά.

908 5537 1207 5594 ΨΑΛΜΟΣ
1239 5535 1415 5591 ΡΜΘ’.
1904 5552 1946 5568 ο-

453 5635 672 5706 ᾊσιιτε
723 5631 805 5698 τῷ
834 5631 1030 5699 Κυρίῳ
1075 5622 1241 5696 ᾆσμα
1294 5627 1527 5684 καινόν.
1587 5629 1820 5701 Εἴρηται
1860 5630 1961 5700 μὲν

384 5727 544 5782 τοῦτο
576 5725 856 5790 πολλάκις,
894 5721 1209 5796 ἑρμηνεῦοη
1240 5721 1298 5774 δὲ
1322 5722 1416 5774 καὶ
1470 5723 1530 5774 ὲν
1567 5720 1645 5772 τῶ
1675 5718 1756 5790 λβ⁹
1818 5721 1958 5790 ψαλ-

384 5819 491 5892 μῷ.
518 5817 680 5872 Κατὰ
717 5816 818 5886 μὲν
864 5816 1111 5886 ἱστορίαν
1148 5814 1276 5875 περὶ
1307 5812 1418 5867 τῶν
1460 5812 1730 5866 Ἰουδαίων
1756 5814 1783 5866 ὁ
1816 5814 1956 5882 ψαλο
