4112 6418
450 347 588 409 1319

1687 341 2080 404 EUTHYMH
2135 340 2481 401 ZlG.\BE.\'l

3590 338 3729 402 ῙἛΟ

449 460 710 526 poplitum
733 454 1007 525 pertinent
1031 471 1046 520 ;
1068 452 1223 525 juxta
1255 466 1539 524 anagogen
1569 465 1721 518 vero,
1743 451 1808 504 ad
1841 449 2042 511 ﬁdeles,

2154 449 2274 517 μὸς,
2305 449 2447 501 κατὰ
2472 446 2529 501 δὲ
2560 446 2877 516 ἀναγωγὴν,
2916 441 3151 517 περιὼν
3179 446 3213 500 ὅ
3229 446 3490 515 Θεολόγος
3517 448 3733 518 Γρηγόο

452 549 925 621 quemadmodum
984 547 1290 618 Gregorius
1348 546 1669 616 Theologus
1726 543 1917 608 tradit,
1978 544 2029 596 ia

447 656 708 696 sermone
740 640 819 696 De
856 640 1144 696 Encamiis.
1206 639 1289 695 llli
1322 649 1503 694 autem
1534 653 1740 693 novum
1795 636 2027 691 Domino

2142 557 2255 609 p10;
2283 539 2533 609 εἴρηκεν,
2565 539 2623 591 ἐν
2655 538 2736 604 τῷ
2765 538 2911 609 λόγῳ
2949 540 3059 591 τῶν
3096 538 3471 606 Ἐγκαινὶων.
3502 537 3728 608 ’ᾼδουσι

2136 632 2193 685 δὲ
2226 632 2305 701 τῷ
2336 631 2529 703 Κυρίῳ
2560 627 2719 703 ᾇσμα
2748 631 2957 695 καινὸν,
2982 632 3032 684 οἱ
3087 633 3186 700 τῆς
3236 632 3433 701 καινῆς
3478 630 3731 694 κτίσεως,

449 733 731 787 canticum
778 742 1013 799 canunt,
1051 733 1145 802 qui
1174 747 1310 785 nova
1343 731 1398 785 in
1435 730 1657 786 Christo
1693 728 1872 784 eli'ecti
1903 735 2033 783 sunt

2147 727 2188 779 οἱ
2215 726 2313 796 τῆς
2351 726 2546 795 καινῆς
2577 725 2872 796 διαθήκης,
2908 726 3000 778 τὸν
3027 723 3218 778 καινὸν
3249 722 3545 794 ἄνθρωπον
3572 723 3727 776 ἐνδυ-

451 834 728 891 creatura,
764 832 821 879 et
857 840 954 894 per
986 822 1201 878 Novum
1229 821 1672 892 Testamentum,
1703 835 1903 876 novum
1930 819 2035 873 ho-

451 917 656 971 minem
693 916 1015 970 induerunt.

526 1005 669 1061 Laus
726 1006 844 1076 ejus
902 1009 957 1061 in
1029 1006 1272 1061 Ecclesia
1332 1016 1663 1061 sauciorum.
1717 1001 1774 1057 In
1827 1017 2034 1072 praece-

455 1095 605 1150 denti
641 1098 805 1151 etiam
846 1098 1062 1167 psalmo
1101 1097 1240 1151 dixit
1287 1114 1302 1151 :
1344 1096 1585 1168 Hymnus
1625 1094 1872 1148 omnibus
1906 1109 2035 1148 san—

451 1189 549 1242 ctis
579 1189 718 1258 ejus.

522 1280 692 1336 Vens.
728 1281 785 1335 ἓ.
817 1280 1053 1336 ιαἰεῑιιτ
1106 1280 1282 1335 Israel
1333 1281 1389 1333 in
1433 1295 1516 1341 eo,
1573 1279 1663 1348 qui
1712 1277 1835 1348 fecit
1896 1293 2035 1331 eum.

454 1370 641 1428 Novus
673 1373 863 1435 Israel,
901 1389 1132 1435 canens,
1186 1374 1238 1427 in
1279 1373 1388 1426 Deo
1437 1373 1700 1434 lzetetur,,
1730 1372 1857 1439 quia
1907 1385 2043 1424 eum

2142 820 2393 889 σάμενοι.

2228 997 2300 1053 Ἠ
2319 997 2558 1063 αἴνεσις
2604 996 2793 1050 αὐτοῦ
2841 996 2911 1049 ἐν
2970 994 3273 1061 ἐκκλησίᾳ
3330 996 3536 1049 ὁσίων.
3598 988 3731 1047 Eine

2141 1089 2238 1155 καὶ
2269 1091 2326 1144 ὲν
2356 1088 2435 1157 τῷ
2468 1086 2797 1158 προλαϐόντι
2828 1085 3052 1157 ψαλμῷ,
3108 1086 3341 1153 ’Υμνος
3400 1082 3554 1139 πᾶσι
3610 1082 3735 1148 τοῖς

2143 1184 2341 1250 ὁσίοις
2359 1182 2574 1238 αὐτοῦ.

2214 1272 2625 1344 Εὑφρανθήτω
2657 1271 2909 1342 Ἰσραὴλ
2946 1271 3041 1325 ἐπὶ
3067 1269 3147 1336 τῷ
3171 1269 3493 1339 ποιήσαντι
3524 1269 3755 1323 αὐτόν..

2154 1368 2376 1440 Ἰσραὴλ
2424 1369 2452 1420 ὁ
2488 1366 2676 1430 καινὸς
2714 1366 2881 1437 ᾅδων,
2928 1363 3294 1434 εὐφρανθὴτω
3352 1364 3444 1414 ἐπὶ
3480 1360 3558 1431 τῷ
3587 1360 3734 1428 Θεῷ,

456 1462 613 1529 fecit,
636 1472 689 1517 et
721 1465 850 1534 quia
882 1464 1013 1519 fecit
1035 1481 1156 1520 cum
1182 1480 1306 1521 esse
1336 1464 1599 1534 populum
1634 1479 1796 1518 suum
1824 1479 1840 1529 ;
1874 1472 2039 1532 atque

2147 1461 2224 1514 ὅτι
2244 1478 2300 1513 τε
2319 1459 2483 1513 αὐτὸν
2499 1458 2758 1526 ἐποίησεν
2780 1457 3091 1542 ᾄνθρωττον,
3110 1456 3202 1509 καὶ
3228 1457 3310 1508 ὅτι
3341 1452 3504 1507 αὑτὸν
3549 1453 3734 1522 ὲποίηο

455 1554 577 1610 ideo
610 1556 820 1610 addidit
857 1573 871 1608 :

525 1644 593 1697 Et
627 1648 731 1714 ﬁlii
759 1647 888 1702 Sion
941 1649 1207 1703 exsultent
1269 1650 1326 1702 in
1384 1662 1508 1718 rege.
1557 1665 1678 1703 suo.
1729 1648 1851 1703 Filii
1912 1647 2039 1703 dico

453 1751 608 1790 nova;
646 1735 811 1809 Sion,
882 1741 969 1793 vel
1008 1741 1123 1809 ipse
1182 1740 1349 1794 etiam
1404 1740 1743 1795 lsraelitieus
1799 1740 2041 1809 populus

2146 1568 2236 1604 σεν
2262 1551 2391 1603 ίδιον
2419 1549 2571 1602 λαὸνο
2601 1548 2847 1619 ἐπήγαγε
2883 1549 3017 1617 γάρ.

2213 1644 2324 1698 Kal
2361 1642 2479 1698 υἱοὶ
2520 1641 2674 1697 Σιὼν
2726 1640 3240 1712 ἁγαίλιάσθωσαν
3282 1637 3381 1691 ἐπὶ
3433 1634 3513 1701 τῷ
3548 1636 3734 1701 βασι-

2149 1736 2245 1789 λεῖ
2271 1735 2493 1790 αὐτῶν.
2527 1735 2647 1787 Υἱοὶ
2680 1735 2841 1797 Σιὼν,
2874 1734 2972 1802 τῆς
3013 1733 3231 1800 καινῆς·
3272 1734 3299 1785 ὁ
3337 1729 3734 1801 Ἱσραηλιτικθις

453 1840 665 1882 canens
699 1829 807 1883 Deo
843 1830 1081 1895 laetetur,
1111 1840 1166 1886 et
1193 1831 1352 1886 laetus
1385 1833 1595 1902 gratias
1622 1841 1772 1902 agat,
1809 1844 1860 1886 et
1895 1832 2039 1905 quod

2148 1825 2304 1889 αὖθις
2363 1826 2490 1888 λαὸς
2544 1824 2686 1897 ᾅδων
2741 1798 3126 1894 εὐφρανθήτω,
3168 1798 3261 1875 καὶ
3294 1798 3730 1892 εὐφραινόμενος

454 1927 681 1974 creatus
724 1920 818 1985 sit,
856 1929 911 1975 et
942 1921 1090 1990 quod
1124 1931 1179 1976 ut
1214 1924 1478 1992 proprius
1513 1939 1577 1978 ac
1606 1923 1905 1992 peculiaris
1936 1940 2034 1994 po-

452 2009 618 2078 putus
660 2023 690 2061 a
724 2008 835 2065 Deo
884 2010 1198 2066 vindicatus
1252 1998 1497 2066 sithis
1546 2015 1717 2079 enim,
1775 2022 2038 2083 tanquam

452 2101 570 2155 suis
629 2115 693 2155 ac
722 2101 1092 2157 familiaribus
1136 2103 1268 2156 olim
1319 2103 1461 2157 Deus
1514 2102 2040 2173 imperabanqtmd

451 2189 726 2257 privatqu
759 2189 1039 2258 quoddam
1066 2191 1217 2245 aliud
1249 2198 1331 2246 est
1366 2191 1622 2247 beneﬁcii
1656 2207 1853 2262 genus.

483 2269 493 2279 “
521 2275 689 2334 Vens.
723 2278 777 2335 5.
802 2277 1046 2334 Laudent
1074 2297 1261 2335 nomen
1290 2282 1404 2348 ejus
1432 2281 1489 2333 in
1521 2281 1701 2335 choro.
1747 2279 1803 2334 ln
1845 2296 2043 2336 conso-

451 2371 641 2425 nantia
666 2382 721 2425 et
752 2381 1031 2426 concentu
1066 2388 1288 2438 vocum,
1328 2380 1385 2426 ut
1419 2381 1619 2426 cautus
1655 2373 2040 2427 communica-

456 2461 532 2515 tio
590 2460 908 2519 dilectionis
970 2463 1180 2532 pariter
1230 2463 1791 2519 communicationem
1849 2463 2043 2519 allerat

453 2542 618 2620 atque
649 2556 962 2609 animorum
995 2569 1355 2610 consensum.

525 2642 591 2697 1η
645 2654 894 2715 tympano
947 2656 999 2700 et
1070 2646 1325 2714 psalterio
1388 2646 1623 2716 psallam
1680 2648 1747 2700 ei.
1802 2648 2042 2718 Antiquo

451 2736 676 2805 quidem
707 2737 912 2806 populo
927 2738 1148 2806 jussum
1184 2744 1324 2802 erat,
1345 2745 1405 2790 ut
1426 2736 1809 2805 hujuscemodi
1835 2739 2044 2793 instru-

452 2828 655 2884 mentis
713 2829 822 2883 Deo
887 2838 1157 2884 canerent
1191 2868 1206 2893 ,

451 2919 775 2973 mandatum
812 2918 1015 2985 fuerat,
1052 2929 1110 2973 ut
1147 2919 1317 2975 certis
1355 2919 1463 2973 Deo
1496 2920 1833 2976 animalibus
1863 2923 2041 2977 sacri-

450 3012 724 3067 ﬁcarent:
759 3024 927 3083 atque
962 3013 1067 3067 hoc
1097 3014 1167 3068 ob
1196 3012 1350 3068 illius
1398 3011 1586 3083 populi
1637 3012 2067 3093 inﬁrmitatem,‘

1265 2828 1732 2899 quemadmodum
1788 2838 1843 2884 et
1908 2831 2077 2886 illud-

2148 1918 2565 1989 εὐχαριστείτω,
2604 1917 2744 1987 ὺπέρ
2792 1934 2852 1970 τε
2891 1916 2992 1983 τῆς
3041 1915 3433 1985 δημιουργίας,
3491 1912 3631 1987 ὑπέρ
3670 1928 3732 1963 τε

2144 2014 2245 2081 τῆς
2279 2012 2633 2073 οίκειώσεως’
2681 2010 2757 2073 ὡς
2807 2010 3034 2062 οἰκείων
3072 2009 3183 2079 γὰρ
3233 2007 3414 2061 αὐτῶν
3451 2005 3734 2060 ἐϐασίλευ-

2148 2120 2265 2156 σενο
2308 2103 2447 2170 ὅπερ
2479 2101 2668 2173 ἕτερον
2709 2097 2849 2164 εἶδος
2881 2101 3233 2170 εὐεργεσίας.

2214 2279 2648 2336 Αἷνεσάτωσαν
2708 2280 2775 2334 τὸ
2831 2280 3022 2350 ὄνομα
3074 2277 3263 2333 αὐτοῦ
3309 2278 3382 2331 ἐν
3426 2278 3605 2346 χορῷ.
3642 2278 3759 2330 Ἐν.

2147 2373 2462 2444 συμφωνίᾳ,
2489 2373 2581 2426 ἴνα
2618 2375 2652 2444 ἡ
2686 2373 2948 2426 κοινωνία
2980 2364 3079 2441 τῆς
3112 2371 3258 2442 ᾠδῆς
3304 2371 3591 2425 κοινωνίαν
3633 2370 3735 2424 αὖε

2144 2471 2258 2533 τοῖς
2308 2469 2533 2539 ἀγάπης
2557 2466 2793 2539 ἐμϐάλῃ,
2826 2466 2921 2519 καὶ
2954 2465 3288 2535 σύμπνοιαν,
3328 2464 3422 2516 καὶ
3450 2462 3730 2532 ὁμόνοιαν.

2227 2649 2331 2702 Ἐν
2403 2646 2693 2716 τυμπάνῳ
2783 2645 2881 2699 καὶ
2953 2643 3271 2713 ψαλτηρίῳ
3357 2644 3730 2712 ψαλατωσαγ

2150 2739 2336 2805 αὐτῷ.
2381 2739 2472 2809 Τῷ
2520 2739 2621 2809 μὲν
2656 2738 2876 2805 παλαιῷ
2902 2735 3019 2807 λαῷ
3048 2735 3138 2811 διὰ
3190 2735 3451 2788 τοιούτων
3486 2735 3733 2805 ὀργάνων

2143 2834 2292 2906 ᾄδειν
2322 2833 2722 2902 ἐπετέτραπτο,
2764 2829 3020 2898 καθάπερ
3052 2828 3146 2881 καὶ
3196 2828 3258 2881 τὸ
3290 2825 3608 2891 ζωοθυτεῖν,
3640 2826 3731 2878 διὰ

2143 2928 2244 2998 τὴν
2270 2925 2563 2980 ἀσθένειαν
2603 2923 2810 2988 αὐτῶν,
2843 2923 2941 2976 καὶ
2968 2921 3311 2991 φιληδονίαν·
3345 2919 3423 2991 τῷ
3448 2921 3554 2990 νέῳ
3587 2921 3731 2990 τύμ-

2145 3035 2324 3073 πανον
2362 3019 2396 3088 ἡ
2422 3017 2697 3088 νέκρωσις
2740 3015 2851 3070 τῶν
2881 3016 3225 3085 σωματικῶν
3266 3012 3496 3085 ἡδονῶν·
3535 3012 3759 3082 νεκρὸν.

455 3112 622 3184 atque
659 3120 903 3159 amorem
943 3119 1074 3176 erga
1109 3105 1452 3175 voluptates,
1488 3120 1517 3159 a
1543 3105 1745 3176 quibus
1788 3122 1900 3162 non
1962 3109 2037 3163 ita

2147 3110 2253 3182 γὰρ
2289 3110 2455 3180 σῶμα
2493 3110 2555 3164 τὸ
2584 3109 2897 3181 τύμπανον,
2950 3107 3254 3178 ψαλτήριον
3290 3106 3370 3170 δὲ,
3415 3105 3477 3157 τὸ
3519 3104 3734 3160 ἄνωθεν

454 3193 524 3275 de
552 3191 697 3249 facili
731 3202 986 3264 poterant
1019 3196 1270 3267 separari
1301 3212 1317 3251 :
1347 3211 1528 3252 novus
1553 3204 1737 3253 autem
1798 3198 2042 3270 papulus

389 3350 393 3353 λ
456 3294 589 3340 tunc
625 3302 683 3341 se
720 3287 959 3357 psallere
997 3295 1151 3358 putat
1185 3289 1236 3342 in
1275 3296 1560 3359 tympano,
1586 3290 1813 3360 quando
1844 3305 2043 3361 corpo-

456 3378 535 3433 ris
562 3378 875 3448 voluptates
927 3380 1245 3435 mortillcat.
1280 3380 1624 3453 Tympan'um
1669 3381 1875 3436 etenim
1914 3397 2043 3436 eor-

453 3485 558 3540 pus
590 3472 866 3541 quodalam
910 3480 1193 3527 mmtuum
1245 3481 1352 3537 est,
1385 3481 1442 3526 et
1474 3482 1608 3527 tunc
1645 3476 1810 3527 etiam
1854 3474 2039 3544 psallit

453 3563 508 3616 in
543 3563 826 3630 psalterio,
868 3565 1093 3632 quando
1117 3580 1361 3634 superne
1396 3581 1425 3618 a
1458 3563 1593 3627 Deo,
1634 3573 1694 3618 ut
1722 3566 1795 3618 ita
1829 3566 2036 3631 dicam,

452 3652 778 3708 insonatur.
846 3654 1182 3708 Psalterium
1240 3657 1413 3717 enim,
1477 3663 1537 3709 ut
1589 3655 1716 3709 alibi
1770 3654 2036 3722 diximus,

452 3758 694 3813 superne
746 3744 912 3797 habet
947 3760 1142 3797 vocum
1206 3754 1261 3798 et
1319 3760 1587 3799 sonorum
1636 3760 1858 3799 causas.
1919 3746 2038 3811 Vel,

2145 3206 2481 3276 ἐνηχεῖσθαι.
2545 3205 2618 3258 Τὸ
2674 3204 2983 3274 ψαλτήριον
3017 3202 3129 3274 γὰρ
3206 3201 3418 3256 ἄνωθεν
3450 3202 3731 3273 ὲλάμὸανε

2143 3296 2255 3350 τῶν
2302 3296 2558 3366 φθόγγων
2621 3296 2723 3359 τὰς
2787 3278 3070 3365 ἀφορμάςο
3128 3292 3489 3364 ἢτύμπανον
3537 3292 3655 3362 μὲν,
3697 3294 3731 3363 ἡ

2145 3383 2371 3456 πρᾶξις,
2424 3384 2731 3456 ψαλτήριον
2778 3383 2859 3450 δὲ,
2918 3384 2951 3455 ἡ
3009 3383 3243 3454 θεωρία,
3303 3383 3390 3437 ἵνα
3436 3382 3732 3454 ψάλλωμεν

2145 3474 2316 3543 αὐτῷ,
2343 3473 2671 3542 νεκροῦντες
2726 3473 2796 3527 τὰ
2828 3472 3000 3544 πάθη,
3032 3473 3130 3526 καὶ
3180 3471 3391 3528 ἄνωθεν
3425 3473 3732 3545 ἐνηχούμε-
3754 3502 3765 3509 -

2145 3580 2229 3616 νοι
2264 3566 2419 3634 παρὰ
2458 3564 2551 3617 τοῦ
2585 3562 2746 3618 Θεοῦ·
2803 3563 2837 3635 ἢ
2870 3563 2960 3616 διὰ
3018 3564 3275 3635 πράξεως
3327 3564 3423 3616 καὶ
3468 3546 3763 3632 θεωρίας.-

2144 3642 2379 3725 Είρηται
2415 3656 2546 3724 περὶ
2591 3657 2892 3725 ἀναγωγῆς
2922 3657 3017 3709 τοῦ
3053 3657 3366 3730 ψαλτηρίου
3424 3658 3523 3710 καὶ
3563 3657 3621 3711 ὲν
3650 3656 3759 3727 τῷ-

2146 3745 2228 3817 λβθ
2258 3747 2485 3817 ψαλμῷ,
2505 3747 2635 3801 ἔνθα
2675 3748 2759 3813 τὸ,
2784 3747 2888 3801 Ἐν
2907 3751 3224 3818 ψαλτηρίῳ
3242 3749 3586 3820 δεκαχόρδῳ
3615 3748 3726 3819 ψά-

456 3851 553 3904 per
585 3844 915 3906 tympanum
946 3836 1118 3891 bonas
1157 3836 1531 3903 Operationes,
1582 3851 1680 3905 per
1715 3836 2037 3904 psalterium
2140 3842 2288 3894 λατε
2309 3839 2492 3904 αὐτῷ.

450 3940 583 3980 vero
624 3928 1147 3997 contemplationem
1190 3928 1457 3999 iutellige,
1494 3929 1569 3984 ita
1608 3938 1666 3985 ut
1694 3929 2026 4001 Prophetam
2098 3934 2398 3994 admonere
2478 3932 2850 4004 intelligamus
2883 4000 2887 4007 .
2920 3931 3132 3999 ﬁdeles,
3221 3934 3368 4005 quod
3438 3933 3520 3988 aﬂ'
3546 3934 3728 3991 ctlbus

450 4022 694 4089 propriis
730 4022 1079 4077 mortificatis
1125 4032 1179 4077 et
1235 4024 1432 4095 adepta
1470 4041 1497 4078 a
1532 4026 1643 4081 Deo
1708 4043 1951 4096 superne
2001 4029 2092 4084 illa
2146 4031 2345 4100 gratia,
2371 4045 2479 4099 qua
2513 4031 2789 4086 hominem
2833 4031 3241 4103 quodammodo
3295 4033 3542 4086 insonari
3588 4033 3767 4101 dixi.;

398 4168 401 4172 _
451 4125 602 4170 unus,
633 4111 738 4163 Deo
773 4111 1033 4177 psallam,
1060 4127 1157 4182 per
1193 4114 1368 4169 bonas
1420 4116 1638 4171 scilicet
1669 4119 1943 4186 actiones,
1977 4128 2032 4173 et
2087 4135 2186 4189 per
2239 4123 2787 4192 contemplationem.
2830 4124 2975 4189 Quid
3027 4125 3303 4195 signiﬁcet
3350 4124 3514 4181 etiam
3578 4128 3730 4197 psal-

448 4205 652 4346 :erium
711 4205 873 4274 juxta
930 4209 1296 4279 anagogicum
1356 4226 1603 4277 sensum,
1668 4212 1909 4271 diximus
1974 4215 2029 4269 in
2065 4217 2282 4291 psalmo
2341 4234 2516 4282 mm,
2551 4219 2625 4275 ibi
2674 4236 2690 4274 :
2740 4216 2807 4272 In
2867 4219 3126 4288 psalterio
3200 4220 3529 4275 decaehardo
3582 4223 3731 4290 psal.

475 4296 544 4346 ite
570 4297 640 4346 ei.

475 4296 544 4348 ite
570 4297 640 4350 ei.

523 4386 692 4442 Vens.
730 4390 783 4445 4.
820 4390 957 4456 Quia
988 4391 1372 4461 beneplaeitum
1401 4404 1479 4449 est
1511 4372 1734 4450 Domino
1757 4397 1812 4450 in
1835 4398 2028 4468 populo
2064 4406 2108 4461 ι)

450 4495 567 4533 suo.
600 4479 713 4537 Hoc
738 4492 844 4547 est,
871 4484 1003 4552 quia
1031 4483 1369 4547 delectatur,
1416 4487 1499 4540 vel
1537 4489 1667 4556 quia
1716 4488 1861 4543 bona
1914 4490 2032 4543 vult

2147 4490 2444 4561 στεῑταιοῆ
2485 4489 2668 4558 ἀγαθὰ
2720 4492 2865 4545 θέλει
2891 4532 2906 4557 ,
2944 4493 3087 4545 κατὰ
3150 4494 3210 4546 τὸ
3231 4531 3251 4558 ,
3284 4494 3354 4547 ἐν
3392 4494 3728 4561 ἀνθρώποις

452 4571 722 4630 Dominus
757 4576 961 4644 p0pulo
995 4590 1121 4641 suo,
1149 4576 1305 4645 juxta
1335 4576 1471 4631 illud
1509 4597 1522 4633 :
1566 4579 1754 4632 Gloria
1784 4582 1837 4633 in
1859 4583 2033 4635 excel-
2140 4583 2409 4638 εὐδοκία.
3122 4572 3127 4575 ι
3670 4650 3675 4656 ,

449 4668 519 4719 sis
546 4665 676 4729 Deo,
709 4679 756 4722 et
785 4670 838 4722 in
873 4679 1015 4724 terra
1053 4687 1183 4738 pax,
1224 4673 1279 4726 in
1308 4673 1606 4727 hominibus
1636 4674 1771 4727 bona
1811 4676 2055 4732 voluntas
2086 4679 2148 4735 η.
2171 4679 2501 4752 [Utrobique
2532 4680 2681 4737 enim
2711 4682 2764 4735 in
2792 4681 2979 4753 Graiea
3013 4683 3247 4739 lectione
3269 4684 3459 4740 eadem
3496 4686 3727 4741 habetur

450 4761 659 4815 dictio:
685 4765 908 4819 tametsi
940 4764 1136 4821 Latine
1164 4782 1271 4821 non
1304 4768 1496 4822 eodem
1525 4769 1690 4824 modo
1724 4771 2016 4843 utrobique
2047 4784 2197 4831 recte
2229 4777 2380 4832 reddi
2419 4778 2632 4846 possit;
2660 4792 2786 4831 nam
2812 4776 2959 4846 quod
3014 4778 3103 4833 hic
3148 4781 3205 4832 in
3260 4777 3451 4834 Graeco
3494 4780 3727 4844 habetur

2212 4399 2341 4452 Ὅτι
2382 4397 2627 4452 εὐδοκεῖ
2670 4398 2883 4466 Κύριος
2910 4399 2983 4454 ἐν
3012 4398 3092 4466 τῷ
3127 4399 3255 4466 λαῷ
3284 4400 3493 4459 αὐτοῦ.
3524 4400 3729 4471 Εὐαρε·

449 4856 681 4922 εὐδοκεῖ,
717 4856 788 4910 ἰιιὶ
823 4858 1053 4912 habetur
1089 4858 1361 4933 εὐδοκία.]

522 4951 592 5005 Et
620 4953 875 5008 exaltabit
909 4964 1216 5011 mansuetos
1244 4958 1298 5011 in
1328 4957 1523 5014 salute.
1568 4957 1853 5014 Glorilicet
1886 4961 2031 5016 enim

448 5059 546 5099 eos
575 5045 744 5100 simul
776 5054 829 5100 et
854 5047 1049 5102 salvet.
1077 5047 1135 5102 lu
1170 5050 1386 5119 psalmo
1416 5053 1581 5106 etiam
1609 5068 1733 5108 xui
1760 5053 2029 5124 legimus:

448 5134 754 5204 Suscipiens
788 5140 940 5193 mites
968 5140 1243 5195 Dominus.

502 5227 690 5299 Vens.
725 5229 781 5283 5.
820 5229 1206 5287 Gloriabuutur
1266 5236 1443 5289 sancti
1488 5236 1543 5288 in
1592 5237 1787 5307 gloria.
1849 5238 2030 5292 Primo

455 5321 635 5374 munia
670 5312 840 5390 usque
868 5324 934 5376 ad
968 5325 1164 5394 psalmi
1216 5327 1403 5393 linem,
1441 5327 1601 5397 juxta
1635 5331 1924 5386 historiam
1955 5332 2035 5385 in-
2072 5394 2080 5403 η

455 5418 897 5484 terpretahimur,
927 5419 1130 5474 deinde
1163 5423 1522 5493 anagogieutn
1568 5426 2032 5494 pertractabimus

456 5521 704 5563 sensum.
726 5508 892 5564 Juxta
924 5513 1092 5582 igitur
1125 5514 1278 5568 illum
1313 5531 1538 5571 sensum
1570 5517 1662 5586 qui
1697 5518 1875 5587 magis
1902 5531 2027 5571 esse

455 5598 673 5653 videtur
719 5616 830 5670 pra:
866 5604 1146 5670 manibus,
1198 5605 1303 5661 hoc
1347 5616 1452 5672 cst,
1504 5607 1659 5675 juxta
1719 5608 2028 5675 historiam,

510 5768 577 5839 ,ι’
602 5768 737 5823 Luc.
775 5788 835 5836 ll,
878 5774 961 5826 14.

2217 4960 2327 5017 Kal
2360 4960 2596 5029 ὑψώσει
2623 4959 2835 5026 πραεῖς
2855 4961 2924 5014 ἐν
2943 4962 3227 5029 σωτηρίᾳ.
3251 4962 3480 5028 Δοξάσει
3502 4964 3723 5026 αὐτοὺς.

2145 5055 2283 5123 μετὰ
2320 5054 2414 5107 καὶ
2454 5053 2547 5106 τοῦ
2576 5055 2771 5107 σῶσαι.
2809 5053 3040 5123 Εἴρηται
3063 5054 3121 5106 δὲ
3150 5054 3208 5107 ὲν
3263 5054 3341 5125 τῷ
3373 5061 3465 5126 μη¹
3497 5056 3723 5126 ψαλμῷ,

2150 5145 2626 5215 Ἀναλαμϐάνων
2648 5147 2854 5213 πραεῖς
2887 5150 2920 5200 ό
2953 5148 3190 5214 Κύριος.

2215 5237 2648 5305 Καυχήσονται
2699 5235 2857 5290 ὅσιοι
2915 5235 2986 5288 ἐν
3029 5236 3199 5304 δόξῃ.
3260 5236 3402 5289 Καθ’
3453 5237 3720 5309 ἱστορίαν,

2144 5330 2414 5400 πρότερον
2461 5329 2528 5382 τὰ
2587 5329 2840 5381 ἐντεῦθεν
2874 5329 3264 5399 ὲρμηνευτέον,
3301 5327 3431 5399 ἄχρι
3486 5330 3724 5400 πέρατος

2141 5420 2236 5473 τοῦ
2269 5418 2515 5490 ψαλμοῦ,
2543 5414 2663 5472 εἶτα
2692 5420 2786 5471 καὶ
2821 5418 3185 5487 ἀναγωγικῶς
3212 5418 3564 5489 περὶτούτων
3598 5419 3722 5471 δια-

2143 5510 2399 5582 ληπτέον.
2431 5509 2698 5582 Προλέγει
2731 5509 2914 5565 τοίνυν
2949 5509 3092 5569 κατὰ
3116 5510 3180 5564 τὸ
3211 5510 3525 5580 προχείρως
3570 5509 3723 5563 νοού-

2143 5620 2327 5673 μενον,
2363 5604 2494 5675 περὶ
2520 5602 2766 5673 τῆςτῶν
2810 5602 3084 5674 Ἐϐραίων
3124 5603 3305 5675 νίκης,
3356 5603 3424 5675 ἢν
3459 5602 3721 5673 ἐνίκησαν
