4112 6430
401 260 533 327 13'21

1562 249 1950 315 COMMENT.
1981 246 2064 306 IN
2101 243 2462 332 PSALMOS.

3522 237 3658 302 1322

399 376 470 430 τὰ
537 372 699 443 πέριξ
735 369 917 426 αὐτῶν
949 369 1102 438 ἔθνη,
1135 363 1417 421 κωλύοντα
1473 362 1572 433 τὴν
1618 359 1980 430 ἀνοικοδομὴν

2099 356 2434 410 Elehraeorum
2470 353 2756 407 victoriam
2809 351 3076 423 pmdieit,
3131 351 3349 420 quando
3392 353 3655 408 ﬁnitimas

399 467 496 521 τοῦ
559 465 687 518 ναοῦ
738 465 833 517 καὶ
863 464 962 534 τῆς
997 461 1231 523 πόλεως,
1254 455 1662 527 Καυχήσονταί,
1697 455 1885 524 φησὶν,
1917 454 1964 504 oi

404 557 796 626 ἀφωσιωμένοι
823 553 902 623 τῷ
929 553 1050 622 Θεῷ
1093 549 1453 620 Ἰσραηλίται,
1485 549 1544 599 ὲν
1573 546 1702 618 δόξῃ
1736 545 1837 613 τῆς
1863 541 1974 597 ἀπὸ

399 650 500 718 τῆς
531 649 872 720 θεοδωρήτου
900 645 1081 714 νίκης,
1127 643 1164 715 ἢ
1194 642 1293 711 τῆς
1325 641 1433 694 ἀπὸ
1460 639 1559 709 τῆς
1590 637 1726 691 Θεοῦ
1760 652 1975 706 συμμα-

401 741 546 810 χίας.

473 1001 582 1057 Καὶ
626 999 1102 1071 ἀγαλλιὰσονται
1164 997 1262 1052 ἐπὶ
1307 995 1427 1050 τῶν
1473 994 1698 1048 -κοίτων
1754 990 1974 1045 αὐτῶν.

403 1095 476 1148 οὐ
511 1094 671 1162 μόνον
705 1093 924 1161 ἀφόϐως
967 1093 1424 1164 κοιμηθήσονται,
1481 1086 1618 1140 ἀλλά
1650 1085 1745 1139 καὶ
1778 1083 1970 1154 ἡδέως,

407 1184 518 1239 ἀπὸ
541 1185 653 1239 τῶν
697 1185 973 1255 πολεμίων
1019 1183 1452 1251 ἀπαλλαγέντες.

462 1367 531 1419 Al
556 1364 825 1433 ὑψώσεις
884 1362 992 1416 τοῦ
1054 1359 1205 1415 Θεοῦ
1257 1359 1328 1412 ὲν
1355 1355 1435 1422 τῷ
1465 1356 1719 1425 λάρυγγι
1753 1353 1975 1419 αὐτῶν,

401 1455 503 1508 καὶ
541 1454 838 1524 pompa/at
890 1453 1168 1521 δίστομοι
1205 1449 1275 1504 ἐν
1317 1447 1447 1512 ταῖς
1484 1445 1700 1514 χερσὶν
1752 1442 1974 1498 αὐτῶν.

402 1547 575 1600 Τοῦτο
606 1546 858 1616 βούλεται
883 1545 1063 1612 λέγειν
1090 1544 1172 1597 ὅτι
1205 1539 1504 1610 ὑμνοῦντες
1535 1536 1626 1589 τὸν
1687 1536 1843 1601 Θεὸν,
1877 1553 1978 1590 πο-

397 1641 701 1708 λεμήσουσι
731 1641 842 1702 τοῖς
876 1637 1116 1708 ἐχθροῖς,
1139 1637 1236 1690 καὶ
1270 1635 1327 1688 αι
1363 1631 1682 1704 ὑμνο).ογίαι
1715 1631 1811 1684 τοῦ
1842 1630 1977 1684 Θεοῦ

2081 455 2418 516 superarunt
2443 454 2656 516 gentes,
2689 459 2810 514 quee
2844 445 3034 514 templi
3083 453 3136 499 et
3168 444 3411 499 civitatis
3438 445 3656 500 instau-

2084 540 2353 594 rationem
2382 539 2776 608 impediebant.
2809 539 2968 593 Tunc
2992 539 3220 602 etenim,
3254 539 3455 609 inquit,
3506 539 3656 593 lutu-

2080 647 2202 684 rum
2233 646 2356 686 esse
2386 639 2444 685 ιιι
2483 631 2742 686 Israelita:
2769 632 2948 702 (quos
2975 633 3096 686 ideo
3132 644 3357 688 sanctos
3392 635 3655 704 appellat,

2083 723 2210 792 quia
2244 723 2355 777 Deo
2386 723 2714 779 sanctiﬁcati
2751 739 2814 778 ac
2861 723 3101 779 dedicati
3141 723 3418 793 fuerant),
3452 726 3658 794 gloria-

2086 815 2255 868 bundi
2296 815 2606 878 exsultent,
2644 825 2867 886 propter
2890 816 3138 870 victoria:
3177 815 3428 886 gloriam,
3457 831 3484 869 a
3523 815 3655 879 Deo,

2086 905 2190 957 hoc
2213 913 2318 969 est,
2349 920 2376 957 a
2415 904 2604 958 divino
2630 907 2833 959 auxilio
2863 906 2940 961 eis
2973 907 3293 974 praestitum.

2154 995 2514 1050 Exsultabunt
2541 998 2592 1050 in
2628 998 2885 1051 cubilibus
2911 999 3057 1051 suis.»
3088 995 3203 1051 Non
3232 1007 3443 1052 tantum
3475 1001 3656 1054 securi

2085 1086 2362 1142 dormient
2389 1089 2597 1157 absque
2618 1090 2768 1145 nullo
2795 1092 3008 1155 timore,
3028 1095 3119 1145 sed
3141 1091 3384 1160 jucunde
3406 1093 3568 1146 etiam
3605 1102 3660 1147 et

2086 1195 2209 1232 cum
2239 1179 2610 1234 delectatione
2639 1180 2692 1234 in
2731 1181 3006 1235 cubilibus
3039 1182 3153 1237 suis
3180 1184 3462 1252 quiescent
3493 1186 3661 1240 veluti

2087 1273 2155 1325 ab
2190 1271 2434 1326 hostium
2471 1271 2734 1340 periculis
2757 1272 3002 1326 liberati.

2156 1363 2324 1418 Vsus.
2359 1363 2413 1417 6.
2457 1362 2826 1417 Ezaltationes
2876 1363 2978 1417 Dei
3028 1366 3082 1418 in
3114 1375 3326 1435 gutture
3375 1384 3577 1438 eorum,
3610 1379 3662 1424 et

2086 1454 2252 1526 gladii
2277 1457 2533 1524 ancipites
2558 1458 2610 1509 in
2635 1456 2880 1510 manibus
2902 1473 3106 1510 eorum.
3142 1457 3352 1515 Sensus
3378 1471 3482 1527 cst,
3514 1465 3664 1530 quod

2090 1545 2360 1602 adversus
2417 1547 2694 1612 inimicos,
2758 1547 3043 1602 laudantes
3099 1546 3291 1615 Deum,
3324 1555 3664 1621 pugnabant.

2093 1635 2465 1693 Laudationes
2497 1639 2612 1705 Dei,
2659 1637 2859 1708 inquit,
2891 1648 3053 1695 erunt
3100 1641 3157 1696 in
3199 1659 3294 1697 ore
3327 1658 3538 1708 eorum,
3584 1653 3670 1698 at-

401 1729 461 1781 ὲν
512 1728 589 1798 τῷ
620 1728 851 1797 στόματι
891 1727 1096 1793 αὐτῶν,
1129 1725 1226 1778 καὶ
1277 1723 1487 1777 σπάθαι
1523 1726 1579 1777 ὲν
1631 1726 1752 1786 ταῖς
1791 1722 1982 1792 χερσὶν

2099 1743 2193 1797 que
2229 1730 2394 1799 gladii
2442 1731 2647 1800 pariter
2675 1731 2731 1786 in
2769 1746 2959 1787 eorum
2989 1736 3267 1800 manibus.
3303 1736 3504 1805 quibus
3533 1751 3670 1791 con-

401 1821 604 1883 αὐτῶν,
643 1818 1052 1886 συγκόπτουσαι
1091 1817 1221 1879 τοὺς
1252 1814 1566 1883 πολεμίους.

479 1911 590 1968 Τοῦ
639 1909 894 1978 ποιῆσαι
949 1909 1267 1976 ἐκδίκησιν
1301 1908 1372 1960 ἐν
1410 1906 1536 1970 τοῖς
1567 1904 1829 1968 ἔθνεσιν,
1857 1903 1982 1957 ἐλε-

403 2005 592 2074 γμοὺς
619 2005 689 2057 ἐν
723 1997 850 2069 τοῖς
875 2003 1070 2068 ¹λαοῖς.
1112 2001 1286 2070 ’Υπὲρ
1331 1997 1427 2053 τοῦ
1466 1997 1693 2066 ποιῆσαι
1719 1999 1810 2048 τὸν
1849 1994 1982 2047 Θεὸν

403 2096 690 2163 ἐκδίκησιν
751 2096 808 2147 ὲν
866 2096 979 2156 τοῖς
1034 2091 1280 2154 ἔθνεσιν,
1341 2089 1459 2144 ἀνθ’
1497 2085 1573 2143 ὧν
1617 2087 1840 2156 ἠδίκουν
1891 2086 1982 2139 τὸν

405 2187 537 2239 λαὸν
567 2185 758 2239 αὐτοῦ’
806 2185 902 2238 καὶ
936 2182 1171 2252 ὲλεγμδν
1209 2184 1265 2235 ἒν
1297 2179 1376 2250 τῷ
1417 2177 1564 2254 λαῷ,
1612 2176 1984 2248 πληθυντικὸν

407 2279 532 2332 ἀντὶ
559 2277 766 2344 ἑνικοῦ,
802 2276 1150 2347 ἐλεγχομένῳ
1179 2274 1266 2327 ὃτι
1295 2272 1385 2326 διὰ
1437 2273 1534 2335 τὰς
1565 2267 1848 2340 ἁμαρτίας
1885 2269 1984 2321 αὺ-

405 2369 501 2422 τοῦ
537 2369 700 2439 μέχρι
755 2368 876 2420 τότε
931 2367 1307 2420 κατεπονεῖτο·
1339 2363 1434 2417 καὶ
1473 2363 1535 2414 οὐ
1593 2361 1660 2414 δι’
1695 2360 1984 2414 ἀσθένειαν

407 2463 502 2515 τοῦ
534 2460 695 2526 Θεοῦ,
737 2461 824 2513 ὅτε
855 2477 914 2512 τε
945 2460 1054 2528 γὰρ
1086 2458 1277 2510 ἔνευσε
1316 2457 1502 2527 μόνον,
1536 2456 1616 2518 είς
1664 2451 1984 2523 θαυμαστὸν

406 2550 539 2623 ἦ).οε
577 2552 638 2605 τὸ
674 2553 906 2622 πρᾶγμα
939 2548 1271 2620 μεταϐολήν.

2089 1821 2338 1876 cidercnt
2371 1823 2658 1879 inimicos.

2161 1911 2327 1967 Vens.
2367 1913 2424 1968 7.
2462 1913 2530 1967 Ut
2570 1915 2766 1984 faceret
2807 1918 3092 1971 vindictam
3122 1919 3177 1971 in
3213 1918 3540 1985 nationibus,
3580 1935 3665 1974 re-

2091 2003 2440 2072 dargutiones
2475 2009 2530 2060 in
2569 2010 2798 2075 popidis.
2835 2008 2902 2063 Ut
2953 2009 3096 2064 Deus
3124 2010 3334 2064 scilicet
3378 2011 3516 2064 hanc
3547 2011 3668 2064 rin-

2093 2093 2296 2149 dictam
2344 2097 2399 2150 in
2434 2098 2697 2166 gentibus
2727 2099 2956 2166 faceret,
3012 2115 3132 2170 quae
3164 2102 3421 2170 injuriam
3459 2099 3671 2156 lsraeli-

2091 2185 2205 2240 tico
2232 2187 2434 2257 papula
2466 2188 2770 2245 intulerant
2810 2210 2822 2245 :
2863 2193 3120 2249 similiter
3155 2202 3215 2248 ut
3249 2193 3667 2265 rcdargutiones

2095 2277 2304 2332 faceret
2364 2281 2419 2333 in
2464 2281 2671 2350 populo
2723 2299 2848 2349 suo,
2905 2285 3196 2354 redarguto
3260 2301 3325 2339 eo
3381 2286 3666 2351 nimirum,

2093 2377 2259 2438 atque
2307 2372 2588 2436 convicto,
2651 2374 2795 2443 quod
2829 2375 2900 2430 ob
2952 2375 3168 2446 propria
3210 2377 3419 2433 scelera
3461 2385 3515 2431 et
3556 2393 3666 2431 non

2092 2460 2166 2515 ob
2204 2461 2296 2515 Dei
2335 2462 2422 2517 sui
2458 2464 2894 2522 imbecillitatem
2937 2481 3003 2523 eo
3063 2483 3236 2538 usque
3294 2467 3363 2523 ab
3417 2469 3671 2526 hostibus

2089 2553 2270 2608 victus
2299 2569 2602 2626 oppressus
2634 2557 2850 2623 luisset,
2877 2574 3002 2614 cum
3027 2560 3225 2630 alioqui
3259 2561 3376 2616 solo
3406 2561 3500 2616 Dei
3533 2571 3668 2616 nutu

410 2645 660 2701 maximae
685 2659 849 2714 atque
873 2640 1212 2697 admiranda:
1242 2638 1577 2696 mutationes
1607 2636 1723 2691 ﬁeri
1748 2635 1981 2704 possint.
2013 2640 2150 2698 Illud
2199 2653 2382 2701 tamen
2447 2644 2993 2706 animadvertendum
3095 2663 3196 2716 est,
3271 2657 3414 2722 quod
3473 2655 3673 2724 plurali

411 2758 645 2798 numero
717 2742 804 2795 hic
874 2741 1046 2795 utitur
1116 2741 1389 2811 Propheta
1465 2754 1567 2810 pro
1639 2743 1965 2810 singulari,
2005 2741 2260 2800 dicens:

451 2839 561 2892 ulo.

451 2855 561 2892 uto.

411 2855 445 2909 Ρ
486 2928 596 2984 Τοῦ
636 2926 823 2995 δῆσαι
860 2942 1004 2992 τους
1055 2924 1342 2991 βασιλεῖς
1399 2924 1598 2979 αὐτῶν
1633 2925 1702 2978 ἐν
1757 2926 1987 2992 πέδαις,

2330 2743 2753 2817 Redargutiones
2818 2749 2873 2802 in
2927 2748 3175 2818 populis,
3233 2763 3370 2819 pro,
3444 2749 3503 2805 In
3572 2767 3672 2821 po-

2173 2927 2338 2982 Vsns.
2375 2925 2427 2983 8.
2469 2925 2536 2979 Ut
2573 2927 2821 2998 alligaret
2850 2945 2991 2998 reges
3022 2944 3204 2982 eorum
3233 2931 3283 2982 in
3313 2931 3673 2999 compedibus,

412 3023 513 3076 καὶ
553 3020 696 3085 τοὺς
732 3019 1025 3083 ἐνδόξους
1054 3015 1254 3071 αὐτῶν
1286 3019 1356 3069 ἐν
1395 3016 1776 3084 χειροπέδαις
1806 3018 1985 3087 σιδη-

2099 3028 2145 3071 et
2175 3017 2370 3072 nobiles
2408 3034 2590 3072 eorum
2626 3021 2681 3073 in
2728 3019 2950 3074 manicis
2982 3020 3192 3089 ferreis.
3229 3019 3300 3076 Ut
3346 3037 3454 3076 non
3491 3024 3670 3076 solum

410 3114 564 3180 ραῖς.
609 3111 785 3182 Ὑπὲρ
822 3109 918 3162 τοῦ
960 3109 1041 3179 μὴ
1090 3109 1260 3178 μόνον
1307 3107 1638 3160 ἀπώσασθαι
1672 3109 1800 3170 τοὺς
1827 3108 1988 3160 πολε-

417 3207 596 3276 μίους,
629 3204 767 3258 ἀλλὰ
799 3202 1049 3262 καὶτοὺς
1083 3199 1328 3270 βασιλεῖς
1356 3199 1560 3263 αὐτῶν,
1606 3197 1702 3251 καὶ
1737 3199 1863 3262 τοὺς
1894 3198 1987 3252 ἄλο

414 3300 538 3361 λους
576 3295 820 3360 ἐνδόξους
868 3297 926 3347 ὲν
953 3295 1137 3355 αὐτοῖς
1168 3292 1444 3362 δεσμότας
1475 3291 1684 3344 λαϐεῖν.

487 3389 601 3444 Τοῦ
627 3386 968 3456 ποιῆσαιέν
1007 3384 1214 3450 αὐτοῖς
1268 3383 1450 3452 κρῖμα
1487 3384 1843 3453 ἐγγραπτον.
1880 3381 1988 3435 Τοῦ

416 3481 646 3550 ποιῆσαι
675 3478 753 3549 τῷ
783 3476 923 3547 Θεῷ,
955 3478 1012 3529 ὲν
1057 3479 1172 3537 τοῖς
1209 3474 1390 3528 ἔθνεσι
1422 3473 1516 3526 καὶ
1551 3475 1611 3527 ὲν
1640 3473 1718 3543 τῷ
1749 3473 1862 3542 λαῷ
1892 3474 1990 3526 αὐ-

415 3573 537 3632 τοῦ.
579 3573 764 3642 κρίσιν
795 3570 1153 3640 ἀνάγραπτον
1181 3567 1409 3638 βίϐλοις,
1445 3567 1542 3620 καὶ
1593 3566 1761 3636 μέχρι
1790 3566 1993 3627 παντὸς

417 3664 634 3727 αἰῶνος,
668 3660 1285 3733 ἀναμνημονευομὲνην,
1317 3659 1350 3730 ἢ
1379 3659 1737 3730 ἀνάγραπτον
1761 3658 1838 3728 τῷ
1872 3657 1990 3729 βίῳ,

417 3756 516 3808 καὶ
573 3755 986 3822 ἀνεξάλειπτον,
1049 3754 1148 3807 καὶ
1217 3746 1329 3805 οἷον
1409 3749 1992 3821 ἐστηλογραφημένηνο

418 3849 602 3919 κρίσιν
633 3848 688 3900 δὲ
719 3850 830 3900 νόει
874 3864 989 3918 μοι,
1027 3845 1127 3916 τὴν
1174 3844 1384 3900 ἔνδικον
1415 3844 1696 3899 ἀπώλειαν
1731 3843 1841 3898 τῶν
1901 3845 1995 3914 ἐχ-

417 3938 586 4010 θρῶν.

491 4112 646 4175 Δόξα
716 4110 866 4177 αὕτη
917 4109 1088 4164 ἔσται
1147 4106 1302 4164 πᾶσι
1352 4107 1479 4174 τοῖς
1537 4109 1730 4175 ὁσίοις
1787 4109 1994 4164 αὑτοῦ.

420 4204 592 4274 Αὕτη·
625 4203 793 4269 ποία;
829 4202 902 4254 Τὸ
930 4200 1173 4270 νικῆσαι,
1213 4199 1413 4269 μᾶλλον
1436 4199 1514 4265 δὲ,
1550 4200 1608 4252 τὸ
1647 4201 1790 4255 οὕτω
1843 4201 2000 4270 νικῆ-

424 4314 518 4350 σαι
545 4285 889 4366 παραδόξως,
910 4293 999 4346 διὰ
1028 4293 1126 4362 τῆς
1154 4293 1475 4362 συμμαχίας
1500 4291 1595 4345 τοῦ
1623 4293 1781 4348 Θεοῦ.
1811 4293 1996 4347 Ταῦτα

2103 3109 2291 3164 hostes
2350 3108 2502 3180 ipsos
2549 3110 2868 3180 repelleret,
2919 3112 3015 3168 sed
3047 3112 3218 3168 etiam
3269 3128 3456 3168 eorum
3495 3130 3673 3184 reges,

2101 3210 2265 3268 atque
2319 3210 2377 3254 ut
2424 3201 2810 3259 nobilissimos
2861 3217 3112 3273 quosque
3165 3219 3373 3269 eorum,
3428 3206 3676 3276 captivos

2101 3289 2332 3346 laceret.

2175 3383 2344 3440 Vens.
2369 3386 2424 3441 9.
2454 3384 2523 3440 Ut
2547 3388 2744 3457 faceret
2776 3388 2828 3440 in
2863 3387 2939 3442 eis
2983 3388 3249 3456 judicium
3293 3391 3669 3458 conscriptum.

2104 3473 2176 3530 Ut
2209 3475 2263 3529 in
2287 3478 2563 3547 gentibus,
2611 3479 2807 3548 inquit,
2851 3489 3014 3547 atque
3050 3479 3103 3532 in
3142 3479 3342 3550 populo
3379 3496 3480 3536 suo
3529 3481 3676 3537 Deus

2101 3567 2368 3634 judicium
2399 3569 2624 3636 faceret,
2647 3571 2793 3641 quod
2826 3571 2878 3624 in
2905 3571 3065 3627 libris
3086 3573 3456 3641 conscriptum
3486 3581 3630 3627 esset
3656 3589 3672 3627 :

2105 3660 2267 3729 cujus
2302 3661 2491 3730 iudicii
2525 3663 2580 3716 in
2611 3663 2759 3717 omni
2798 3663 2999 3717 saeculo
3046 3664 3307 3718 memoria
3361 3663 3674 3718 exsisteret.

2104 3749 2202 3806 Vel
2221 3752 2598 3826 conscriptum
2619 3754 2674 3807 in
2696 3755 2803 3807 vita
2824 3762 2986 3824 atque
3003 3755 3057 3807 in
3079 3753 3340 3807 memoria
3364 3752 3676 3812 horninum.

2105 3843 2412 3909 indelebile,
2449 3852 2505 3898 et
2536 3844 2702 3898 veluli
2736 3846 2789 3898 in
2821 3857 3127 3898 marmorea
3158 3843 3394 3912 quadam
3422 3843 3677 3897 columna

2104 3935 2468 4004 insculptum.
2493 3934 2878 4004 Perjudicium
2900 3948 3078 3990 autem
3094 3934 3298 4004 justam
3326 3934 3674 3988 inimicorum

2103 4027 2534 4082 destructionem
2567 4026 2830 4096 intellige.
3691 4016 3700 4023 ’

2182 4117 2366 4172 Gloria
2389 4118 2497 4171 Ita'c
2522 4129 2598 4171 est
2635 4119 2879 4172 omnibus
2902 4118 3102 4172 sanctis
3122 4117 3256 4186 ejus.
3291 4116 3397 4173 Sed
3423 4134 3672 4188 quaenam

2106 4213 2222 4264 haec
2293 4219 2375 4265 est
2427 4210 2665 4280 gloria?
2737 4208 2898 4274 Quod
2961 4209 3174 4265 scilicet
3226 4210 3316 4264 Dei
3369 4224 3501 4279 ope,
3567 4220 3674 4264 tam

2120 4301 2186 4355 ad
2213 4301 2464 4355 mirande
2486 4303 2674 4356 hostes
2701 4303 3099 4370 superaverint.
3141 4300 3268 4356 Ilaec
3306 4300 3473 4371 igitur
3516 4301 3676 4370 juxta

425 4387 528 4456 μὲν
562 4386 653 4439 οὖν
687 4384 810 4438 καθ’
840 4382 1108 4453 ἱστορίαν.
1171 4384 1332 4435 Κατὰ
1361 4382 1421 4433 δὲ
1469 4381 1784 4451 ἀναγωγὴν,
1841 4387 1990 4438 Καυ-

2108 4391 2354 4446 historia:
2384 4405 2604 4445 sensum
2630 4391 2784 4450 dicta
2819 4403 2966 4444 sunt.
3006 4390 3166 4445 Juxta
3199 4405 3480 4462 anagogen
3505 4405 3674 4450 vero:

425 4479 723 4548 χήσονται
754 4475 911 4529 ὅσιοι
949 4475 1020 4528 ἐν
1046 4473 1196 4541 δόξῃ
1236 4471 1314 4540 τῇ
1338 4474 1679 4541 μελλούσῃ·
1711 4475 1822 4527 οὐκ
1859 4473 1998 4537 ἄξια

423 4571 553 4639 γὰρ,
588 4569 745 4638 φησι,
786 4567 858 4621 τὰ
895 4563 1359 4633 παθήματαλτοῦ
1407 4563 1524 4618 νῦν
1567 4563 1798 4630 καιροῦ,
1847 4565 2000 4632 πρὸς

424 4664 541 4725 τὴν
609 4662 968 4728 μέλλουσαν
1025 4656 1230 4724 κρίσιν
1302 4655 1842 4708 ἀποκαλύπτεσθαι
1912 4657 1998 4721 εις

425 4749 605 4820 ἡμᾶς.
647 4750 784 4815 Δόξα
808 4749 888 4814 δὲ,
919 4751 947 4801 ό
977 4748 1232 4819 σταυρὸς,
1269 4747 1410 4800 κατὰ
1457 4747 1536 4807 τὸ,
1581 4746 1744 4815 Ἐμοὶ
1782 4746 1868 4814 μὴ
1902 4747 2002 4815 γέ-

424 4859 588 4897 νοιτο
617 4837 980 4908 καυχᾶσθαι,
1013 4841 1065 4891 ei
1111 4837 1196 4907 μὴ
1248 4839 1317 4892 ἐν
1360 4836 1438 4903 τῷ
1472 4834 1712 4904 σταυρῷ
1745 4837 1848 4890 τοῦ
1892 4841 2006 4891 Κυ-

421 4937 558 5003 ρθου
627 4932 854 4998 Ἰησοῦ.
902 4930 1144 4983 Ἐπαινεῖ
1175 4929 1234 4982 δὲ
1285 4932 1411 4991 τοὺς
1467 4933 1658 5000 πραεῖς
1720 4929 1816 4980 καὶ
1878 4929 2004 4989 τοὺς

425 5025 629 5088 ὁσίους,
650 5021 975 5089 προτρέπων
994 5020 1164 5088 ἡμᾶς,
1183 5019 1264 5082 είς
1299 5019 1553 5087 ὁσιότητα
1580 5023 1670 5072 καὶ
1691 5019 1996 5090 πραότητα.

427 5116 538 5170 Καὶ
574 5113 1024 5181 ἀγαλλιάσονται,
1062 5111 1249 5179 φησὶν,
1286 5111 1381 5162 ἐπὶ
1410 5110 1518 5164 τῶν
1547 5111 1743 5164 κοιτῶν
1797 5111 1999 5173 αὐτῶν,

427 5211 551 5278 ἤτοι
601 5206 709 5260 τῶν
746 5204 1214 5276 ηὑτρεπισμένων
1268 5203 1474 5266 αὐτοῖς,
1513 5202 1751 5256 αἰωνίων
1801 5204 2001 5273 μονῶν,

429 5301 538 5353 τῶν
595 5298 958 5353 ἀκαταλύτων
1014 5296 1252 5365 σκηνῶν.
1291 5296 1356 5347 Δί
1406 5295 1645 5364 ὑψώσεις
1692 5295 1788 5348 τοῦ
1840 5295 2000 5349 Θεοῦ·

433 5390 673 5460 ὕψωσεις
717 5389 819 5458 μὲν
846 5384 938 5440 οῦν
969 5387 1223 5457 νοοῦμεν,
1249 5387 1350 5448 τὰς
1389 5384 1461 5438 δι’
1513 5384 1701 5455 ὓμνων
1740 5387 1834 5440 καὶ
1884 5388 2006 5441 Θεο-

433 5483 622 5552 λογίας
654 5482 981 5551 οεοπρεπεῖς
1015 5480 1200 5548 φωνὰς
1240 5477 1624 5549 ὑπεριψορσας
1652 5479 1840 5532 αὐτόν·
1872 5481 2010 5550 ῥομ-

515 5662 557 5693 "
599 5659 757 5716 Rom.
792 5673 911 5722 νιιι,
934 5657 1020 5714 18.
1101 5654 1144 5688 ¹⁸
1169 5656 1350 5712 Galat.
1385 5671 1464 5720 νι,
1499 5657 1587 5713 14.

763 5755 1034 5817 ΡΑτιιοι..
1067 5755 1184 5819 Gn.
1224 5753 1550 5816 CXXVIII.

2105 4483 2465 4538 Exsultabunt
2497 4485 2664 4536 sancti
2692 4484 2744 4536 in
2782 4483 2966 4552 futura
3012 4483 3201 4553 gloria.
3234 4483 3357 4536 Non
3389 4484 3531 4538 enim
3553 4500 3680 4537 con-

2108 4576 2282 4643 digna:
2336 4585 2482 4638 sunt,
2533 4585 2592 4627 ut
2627 4576 2804 4643 inquit
2835 4575 3152 4644 Apostolus,
3203 4576 3471 4644 passiones
3518 4578 3679 4645 hujus

2111 4668 2384 4734 temporis,
2417 4668 2484 4717 ad
2517 4667 2757 4734 futuram
2801 4665 3050 4736 gloriam,
3105 4683 3222 4732 quae
3260 4667 3576 4721 revelabitur
3623 4669 3681 4720 in

2111 4757 2260 4809 nobis
2291 4756 2353 4808 ".
2386 4755 2571 4810 Gloria
2595 4763 2900 4820 autem,est
2923 4757 3124 4811 Christi
3148 4772 3304 4821 crux,
3324 4757 3478 4827 juxta
3508 4759 3676 4814 illud:

2111 4842 2248 4895 Milli
2281 4853 2457 4896 autem
2507 4843 2645 4896 absit
2701 4843 2948 4912 gloriari,
2996 4845 3098 4897 nisi
3153 4845 3209 4898 in
3265 4860 3415 4898 cruce
3465 4844 3697 4933 Domini.

2109 4932 2238 4988 Jesu
2276 4934 2342 4987 ⁸³.
2371 4933 2583 4989 Laudat
2615 4934 2779 4991 etiam
2815 4936 3098 5006 Propheta
3151 4937 3313 4990 mites
3351 4950 3416 4989 ac
3453 4945 3678 4990 sanctos

2111 5023 2280 5087 viros,
2308 5024 2374 5077 ad
2422 5025 2902 5080 mansuetudinem
2940 5027 3199 5080 nimirum
3247 5042 3346 5080 nos
3388 5035 3556 5094 atque
3610 5026 3680 5080 ad

2111 5115 2457 5171 sanetitatem
2485 5118 2784 5173 exhortans
2819 5133 2998 5187 :quos
3036 5117 3275 5184 juhilare
3303 5119 3436 5172 dicit
3491 5119 3546 5172 in
3582 5106 3698 5188 (ιυοῖ

2114 5205 2315 5261 bilibus
2337 5207 2474 5270 suis,
2500 5208 2605 5263 hoc
2629 5217 2734 5276 est,
2773 5209 2826 5262 in
2853 5208 3074 5263 aeternis
3100 5207 3682 5278 indissolubilibusque

2117 5299 2507 5366 tabernaculis,
2541 5315 2662 5368 quae
2684 5302 2763 5356 eis
2793 5308 2984 5371 parata
3006 5309 3158 5357 sunt.
3187 5299 3292 5355 Per
3313 5301 3682 5357 exaltationes

2116 5403 2249 5445 vero
2269 5388 2390 5455 Dei,
2424 5390 2619 5460 dignas
2656 5389 2768 5446 Deo
2808 5406 2972 5446 voces
3017 5391 3282 5460 intellige,
3311 5391 3507 5460 quibus
3534 5390 3683 5445 illius

2119 5478 2307 5534 laudes
2343 5479 2624 5535 decantari
2665 5482 2864 5548 solent,
2921 5496 3041 5552 qua:
3094 5478 3538 5552 magnitudinem,
3582 5492 3681 5550 po-

3283 5745 3363 5838 ιτ
