4112 6472
351 295 491 361 13⁸25

1490 300 1891 389 COMMENT.
1934 310 2015 370 ΙΝ
2053 312 2418 373 PSALMOS.

3460 304 3602 374 1326

412 412 641 467 Αἰνεῖτε
667 412 858 468 αὐτὸν
881 413 951 467 ἐν
985 413 1121 482 ἤχει
1152 411 1492 485 σάλπιγγος
1511 457 1523 476 .
1564 416 1783 470 αίνεῖτε
1807 420 1917 472 αι’)-

2093 422 2257 478 Vens.
2296 423 2412 478 3-5.
2468 416 2710 478 Laudate
2768 440 2887 477 eum
2920 424 2975 478 in
3006 438 3135 477 sane
3174 422 3311 476 tubte
3337 438 3358 476 :
3389 422 3608 477 lauda:e

338 504 448 556 τὸν
475 505 545 556 ἐν
566 506 880 572 itala-11pm)
910 506 1008 559 καὶ
1052 494 1268 575 κιθάρᾴ
1285 523 1300 538 ⁸
1354 507 1575 561 alr-sits
1628 510 1818 564 αὑτὸν
1848 509 1919 563 ἐν

345 595 632 662 τυμπάνῳ
676 597 773 649 καί
821 596 1016 664 χορῷ·
1064 598 1284 652 αίνεῖτε
1331 598 1520 654 αὑτὸν
1571 600 1642 653 ἐν
1674 599 1918 669 χορδαῖς

338 685 437 736 καὶ
474 684 734 752 ὀργάνῳο
785 687 1007 739 alr-eice
1065 687 1255 741 αὐτὸν
1315 688 1386 741 ἐν
1426 688 1758 758 κυμϐάλοις
1811 693 1916 744 εὑ-

337 790 552 842 ηχοις·
583 775 804 830 αινεῖτε
829 776 1016 830 αὐτὸν
1044 776 1115 830 ἐν
1154 778 1483 846 κυμϐάλοις
1523 782 1904 850 ἀλαλαγμοῦ.

338 865 789 932 Παρακελεύεται
820 869 934 928 τοῖς
969 865 1068 933 μὲν
1111 866 1392 930 Ἰουδαίοις
1414 907 1431 933 ,
1462 871 1522 921 ἐν
1548 870 1718 922 πᾶσιν
1743 869 1916 938 ὀργά-

343 973 455 1018 νοις
496 958 674 1026 με).ῶν
735 958 1036 1026 μουσικῶν,
1079 958 1272 1027 ὑμνεῖν
1331 958 1422 1012 τὸν
1473 959 1644 1014 θεόν·
1693 965 1805 1025 τοῖς
1858 961 1917 1016 δὲ

342 1049 710 1118 Χριστιανοῖς,
745 1049 804 1100 ὲν
834 1051 1002 1101 πᾶσιν
1051 1048 1303 1118 ὀργάνοις
1337 1050 1522 1118 μελῶν
1551 1056 1911 1121 σωματικῶν,

341 1142 400 1190 ἐν
445 1140 768 1207 ὀφθαλμοῖς,
802 1140 861 1193 ὲν
895 1141 1054 1210 ἀκοῇ,
1110 1141 1168 1193 ὲν
1195 1141 1469 1210 στόματι,
1518 1145 1577 1196 ὲν
1613 1146 1825 1213 χερσὶν.
1859 1146 1917 1198 ὲν

342 1233 523 1286 ποσίν.
568 1232 740 1285 Ὅταν
788 1233 899 1303 γὰρ
947 1233 997 1285 οί
1045 1233 1145 1302 μὲν
1188 1233 1461 1303 ὀφθαλμοὶ
1519 1235 1594 1303 μὴ
1644 1235 1917 1303 βλέπωσιν

335 1325 645 1386 ’ἀχόλω-τα,
675 1324 1073 1395 προσηκόντως
1101 1324 1160 1378 δὲ
1193 1324 1290 1378 καὶ
1319 1325 1628 1393 χρειωδῶς·
1647 1328 1681 1393 ἠ
1710 1326 1756 1379 δ’
1779 1328 1917 1396 ἀκοὴ

344 1414 421 1484 μὴ
455 1415 679 1484 δέχηται
721 1414 997 1485 πονηροὺς
1030 1414 1249 1483 λόγους,
1304 1414 1441 1469 ἀλλὰ
1484 1415 1788 1485 χρειώδεις,
1822 1417 1919 1471 καὶ

326 1503 682 1573 ψυγςωφελεῖς
705 1521 720 1537 ο
771 1503 834 1558 τὸ
860 1505 1041 1574 στόμα
1062 1505 1145 1570 δὲ,
1202 1505 1279 1577 μὴ
1310 1505 1618 1575 φθέγγηται
1656 1507 1915 1577 βλαϐερὰ,

338 1596 582 1664 χρήσιμα
625 1595 703 1656 δὲ,
759 1596 856 1649 καὶ
908 1596 1300 1666 πνευματικάο
1363 1597 1421 1650 αἱ
1466 1599 1648 1668 χεῖρες
1702 1598 1782 1660 δὲ,
1838 1599 1915 1667 μὴ

343 1688 809 1759 πλεονεκτῶσινῆ
853 1689 1202 1760 ἁρπάζωσιν,
1237 1690 1270 1760 ἢ
1315 1692 1645 1759 πλήττωσιν,
1696 1691 1811 1743 ἀλλ’
1837 1691 1917 1751 είς

334 1779 549 1846 ἀγαθὰς
580 1753 936 1833 ἐκτείνωνται
966 1753 1233 1849 πράξεις’
1259 1753 1314 1833 οξ
1345 1753 1504 1843 πόδες
1539 1781 1615 1847 δὲ,
1665 1779 1740 1851 μὴ
1789 1780 1917 1850 τρέ-
1953 1753 1992 1807 Β

334 1887 507 1939 χωσιν
557 1872 638 1933 εἰς
666 1873 895 1936 κακίαν,
933 1873 1050 1926 ἀλλ’
1080 1874 1162 1934 εἰς
1196 1872 1417 1926 εὐθεῖαν
1440 1873 1571 1925 ὐδόν
1593 1888 1607 1902 ’
1657 1873 1780 1926 τότε
1829 1871 1921 1926 διὰ

344 1961 544 2026 παντὸς
603 1964 884 2027 αἰνοῦντες
939 1964 1200 2035 ὀργάνου,
1252 1963 1631 2033 παναρμόνιον
1686 1962 1763 2032 τῷ
1799 1962 1920 2032 Θεῷ

337 2055 770 2125 προσαγάγομεν
809 2056 1094 2125 μελῳδίαν.
1151 2059 1249 2108 Διά
1288 2055 1509 2108 πάντων
1545 2054 1600 2107 δὲ
1637 2054 1746 2108 τῶν
1780 2072 1917 2123 μου-

333 2144 504 2198 σικῶν
536 2147 804 2216 ὀργάνων,
855 2146 1002 2217 ᾠδὰς
1047 2143 1176 2220 ᾖδον
1216 2145 1466 2200 Ἰουδαῖοι
1495 2143 1575 2216 τῷ
1605 2145 1756 2215 Θεῷ’
1785 2148 1918 2215 περὶ

331 2227 411 2292 ὧν
433 2240 490 2291 ὲν
523 2238 840 2307 προοιμίοις
868 2241 967 2309 τῆς
1018 2238 1311 2308 παρούσης
1365 2238 1554 2306 βίϐλου
1607 2238 1923 2308 παραδεδώ-

334 2346 537 2398 καμεν.
578 2332 751 2401 Χορδν
784 2331 841 2383 δὲ
878 2330 1117 2383 ἐνταῦθα
1147 2330 1321 2397 λέγει,
1356 2330 1456 2399 τὴν
1517 2329 1658 2398 μετά
1693 2329 1918 2399 χορεέας

336 2420 520 2490 ᾠδήν·
552 2420 745 2488 ἕτερον
803 2419 913 2491 γὰρ
957 2420 1122 2491 ἔργον
1171 2418 1332 2472 τοῦτο
1390 2418 1685 2488 μελῳδίας,
1743 2424 1917 2489 χωρὶς

331 2510 585 2578 ὀργάνων
624 2512 915 2582 γινόμενον
933 2529 946 2542 ο
970 2513 1025 2565 αἱ
1053 2512 1110 2564 δὲ
1136 2511 1329 2581 χορδαὶ
1355 2511 1548 2581 ἕτερον
1573 2510 1737 2563 πάλιν
1769 2506 1915 2583 ᾖσαν

326 2600 494 2665 citing.
535 2604 685 2673 παρὰ
716 2604 783 2657 τὰ
835 2603 1093 2675 ρηθέντα.
1129 2606 1405 2672 Ὄργανον
1436 2603 1492 2655 δὲ
1545 2602 1731 2665 ίδικῶς
1762 2598 1911 2665 εἶπε,

330 2695 394 2747 τὸ
424 2695 519 2748 καὶ
572 2695 704 2765 παρ’
761 2697 894 2765 ἡμῖν
927 2695 1112 2759 ἰδικῶς
1143 2693 1287 2748 οὕτω
1329 2694 1692 2762 καλούμενον.
1750 2695 1916 2746 Διττά

332 2786 392 2838 δὲ
421 2785 490 2839 τὰ
520 2786 639 2854 εἴδη
672 2787 783 2839 τῶν
814 2786 1118 2857 κυμϐάλων
1145 2802 1160 2817 ·
1188 2786 1259 2839 τὰ
1302 2787 1402 2855 μὲν
1432 2784 1631 2856 εὖηχα,
1681 2785 1777 2839 καὶ
1807 2786 1917 2856 μὸμ

328 2878 497 2929 λιστα
539 2879 665 2940 ταῖς
694 2877 861 2948 ᾠδαῖς
888 2880 1261 2948 προσήκοντα,
1290 2876 1362 2930 τὰ
1393 2878 1450 2931 δὲ
1497 2876 1915 2948 τραχύφθογγα,

329 2968 368 3039 ἢ
404 2967 792 3037 βαρύφθογγα,
847 2972 945 3023 καὶ
994 2972 1109 3032 τοῖς
1160 2968 1503 3039 ἐμπολέμοις
1568 2968 1913 3038 ἀλαλαγμοῖς

2021 528 2141 566 eum
2182 513 2235 567 in
2269 512 2542 583 psalterio,
2593 522 2644 567 et
2683 513 2935 578 cithara;
2986 512 3206 566 laudate
3228 526 3347 565 eum
3381 513 3437 565 t'n
3469 523 3608 581 tym‘

2020 619 2180 668 pano.
2205 612 2255 657 et
2288 605 2486 671 choro;
2518 604 2735 659 laudate
2781 614 2899 658 eum
2924 606 2983 675 in
3009 603 3241 665 chordis,
3276 612 3328 656 et
3353 619 3551 673 organo
3579 619 3599 668 ;

2021 694 2240 750 laudate
2270 712 2388 749 eum
2417 696 2471 749 in
2506 696 2756 763 cymbalis
2792 696 2915 750 bene
2949 695 3193 760 sonoris;
3238 694 3451 747 laudate
3485 711 3605 748 eum

2018 787 2077 840 in
2127 788 2382 857 cymbalis
2437 789 2803 858 jubilationis.
2880 786 3100 842 Iudaeos
3173 786 3394 856 quidem
3450 785 3609 854 jubet

2022 874 2390 946 Propheta,ut
2424 880 2571 933 omni
2595 880 2831 935 musices
2848 894 3068 949 genere,
3098 888 3206 933 tam
3246 893 3399 939 voce,
3438 889 3601 943 quam

2020 971 2245 1037 organis
2292 972 2751 1043 quibuscumque,
2806 971 2975 1027 Deum
3017 973 3277 1033 laudent.
3333 971 3605 1026 Christia-

2020 1074 2124 1113 nos
2160 1075 2309 1124 vero,
2352 1068 2412 1115 ut
2448 1078 2546 1131 per
2610 1063 2860 1130 corporis
2912 1076 3141 1132 organa,
3192 1063 3298 1117 hoc
3339 1068 3447 1125 est,
3509 1074 3606 1129 per

2020 1151 2173 1204 varia
2223 1152 2370 1205 illius
2405 1154 2647 1208 membra
2700 1154 2752 1207 id
2818 1153 3070 1208 faciam:
3112 1152 3288 1207 oculis
3322 1152 3603 1211 nimirum,

2023 1257 2142 1301 ore,
2211 1243 2466 1304 auribus,
2524 1245 2893 1313 manibusque
2952 1253 3007 1297 et
3064 1242 3312 1312 pedibus.
3365 1240 3500 1294 Nam
3558 1239 3605 1291 si

2025 1332 2171 1385 oculi
2203 1333 2384 1399 turpia
2440 1341 2604 1402 atque
2659 1335 2945 1390 inhonesta
2996 1348 3105 1388 non
3184 1339 3453 1402 spectent,
3508 1331 3606 1385 sed

2019 1419 2270 1475 decentia
2319 1434 2483 1490 atque
2529 1423 2718 1489 utilia;
2774 1432 2829 1477 et
2868 1437 3033 1477 aures
3087 1438 3290 1491 pravos
3322 1426 3606 1476 sermones

2024 1524 2137 1565 non
2193 1512 2520 1580 suscipiant,
2560 1513 2655 1567 sed
2733 1512 2998 1568 honestos
3046 1512 3353 1580 animmque
3411 1510 3606 1574 utiles;

2023 1608 2078 1655 et
2122 1616 2186 1657 os
2231 1602 2392 1655 noxia
2441 1618 2548 1657 non
2608 1604 2884 1673 loquatur,
2937 1603 3031 1660 sed
3103 1602 3445 1681 spiritualia;
3489 1615 3610 1655 ma-

2021 1709 2237 1761 nusque
2286 1696 2531 1749 avaritia:
2600 1695 2773 1764 plena:
2823 1710 2930 1751 non
2972 1696 3086 1750 sint
3119 1694 3323 1758 furore,
3367 1694 3471 1748 hoe
3500 1702 3606 1753 est.

2024 1784 2127 1838 sia
2160 1785 2311 1840 caede
2362 1786 2729 1842 abstinuerint
2771 1798 2932 1854 atque
2983 1802 3013 1840 a
3067 1787 3295 1856 rapinis,
3325 1794 3380 1841 et
3421 1786 3486 1840 ad
3514 1785 3611 1839 bo-

2026 1890 2154 1927 num
2186 1891 2327 1944 opus
2360 1878 2580 1947 aliquod
2615 1881 2867 1949 proprias
2911 1879 3156 1934 actiones
3205 1878 3552 1933 extenderint
3581 1893 3597 1940 ;

2025 1968 2069 2019 si
2123 1966 2291 2035 pedes
2320 1966 2540 2023 demunt
2590 1969 2646 2024 in
2707 1971 2836 2024 vitia
2891 1985 2997 2023 non
3056 1967 3453 2038 procurrerint,
3507 1967 3601 2022 sed

2023 2054 2080 2109 in
2117 2056 2261 2109 viam
2316 2060 2523 2111 rectam
2565 2075 2580 2113 :
2618 2067 2749 2113 tunc
2799 2058 3042 2127 profecto
3075 2057 3332 2112 otnnibns
3384 2061 3608 2126 organis

2026 2145 2193 2203 Deum
2254 2148 2567 2214 laudamus,
2638 2150 3042 2217 melodiamque
3105 2151 3253 2202 omni
3317 2148 3604 2202 harmonia

2021 2246 2490 2307 contemperatam
2542 2242 2591 2295 ei
2619 2240 2922 2296 offerimus.
2974 2242 3216 2310 Singulis
3241 2249 3422 2294 autem
3489 2254 3610 2293 om—

2023 2328 2188 2383 nibus
2233 2329 2622 2385 instrumentis
2672 2346 2702 2384 a
2734 2330 3007 2401 Propheta
3049 2332 3138 2386 hic
3167 2329 3606 2389 connumeratis.

2019 2420 2193 2476 Judaei
2228 2422 2356 2477 olim
2381 2423 2493 2478 Deo
2536 2424 2807 2481 canebant
2845 2443 2856 2478 :
2895 2424 3353 2494 quemadmodum
3388 2425 3443 2476 in
3474 2423 3610 2477 Pro-

2023 2511 2196 2566 temio
2232 2514 2419 2583 operis
2448 2515 2802 2572 tradidimus.
2861 2517 2963 2569 l’er
3005 2516 3235 2570 chorum
3291 2524 3474 2567 autem
3505 2514 3610 2567 hoc

2023 2602 2255 2666 inloco,
2306 2604 2584 2659 canticum
2645 2606 2921 2677 intelligit,
2955 2606 3194 2677 quodin
3249 2605 3450 2659 chorea
3510 2603 3610 2657 de-

2027 2703 2311 2749 cantatnm
2354 2698 2445 2751 sit.
2512 2698 2611 2753 Est
2650 2699 2850 2753 etenim
2899 2699 3003 2753 hoc
3051 2700 3285 2752 alterum
3333 2695 3609 2766 quoddam

2021 2785 2278 2842 melodim
2313 2803 2509 2859 genus,
2561 2790 2706 2859 quod
2735 2806 2944 2860 aesque
2997 2780 3228 2845 musicis
3268 2789 3610 2844 instrumen-

2022 2878 2095 2932 lis
2133 2879 2428 2934 coniicitur
2471 2900 2485 2935 :
2521 2883 2985 2946 quemadmodum
3023 2893 3076 2936 et
3110 2882 3341 2936 alterum
3373 2879 3612 2934 musices

2021 2982 2197 3036 genus
2244 2979 2349 3035 est,
2384 2977 2529 3042 quod
2560 2988 2656 3043 per
2717 2973 2951 3028 chordas
3006 2972 3427 3043 disponebatnr,
3477 2985 3608 3038 par-

328 3061 644 3129 ὲπιτήδεια.
679 3061 797 3114 Ούκ
826 3061 1004 3130 ἀγνοῶ
1028 3060 1087 3113 δὲ
1115 3060 1184 3114 τὰ
1208 3063 1359 3131 παρὰ
1396 3059 1559 3113 τινῶν
1582 3059 1677 3114 ἐπὶ
1704 3058 1918 3124 τούτοις

2025 3057 2239 3112 ticulari
2269 3061 2505 3129 quodam
2556 3060 2742 3127 modo,
2786 3072 2841 3117 et
2892 3063 3168 3118 diversum
3215 3061 3286 3117 ab
3334 3060 3401 3115 iis
3432 3059 3614 3114 omni-

328 3149 779 3222 ἁλληγορηθέντα
806 3168 820 3183 ·
876 3151 1186 3223 παρέλιπον
1214 3151 1275 3204 δὲ
1304 3150 1501 3216 ταῦτα,
1530 3151 1784 3220 καθάπερ
1814 3150 1914 3205 καὶ

329 3242 392 3293 ὲν
423 3243 534 3304 τοῖς
568 3241 754 3306 ἄλλοις
801 3243 1040 3313 ψαλμοῖς
1094 3242 1267 3297 πολλά
1297 3242 1557 3308 τοιαῦτα,
1599 3241 1689 3296 διὰ
1731 3241 1792 3295 τὸ
1819 3241 1912 3295 εύ-

330 3332 679 3404 ανάτρεπτον
711 3334 918 3401 αὐτῶν,
953 3335 1052 3388 καὶ
1079 3333 1553 3403 δυσπαράδεκτον.

2027 3150 2154 3216 bus.
2196 3168 2321 3223 quae
2379 3171 2548 3225 supra
2621 3156 3097 3212 commemoravit.
3153 3155 3261 3210 Per
3342 3166 3611 3222 organum

2026 3246 2194 3301 etiam
2222 3246 2360 3303 illud
2412 3249 2670 3318 spcciﬁce
2729 3250 3025 3313 intellexit,
3060 3247 3211 3315 quod
3250 3261 3351 3302 nos
3400 3247 3614 3314 privato

2024 3339 2248 3395 nomine
2297 3355 2567 3412 organum
2601 3343 2942 3413 appellamus
2976 3360 2991 3397 :
3031 3341 3250 3396 tametsi
3303 3339 3420 3394 hate
3445 3337 3618 3392 dictio

327 3429 401 3484 ad
435 3428 539 3482 alia
576 3430 762 3483 omnia
800 3430 972 3498 possit
1018 3429 1294 3499 pertinere
1324 3428 1713 3484 instrumenta.
1771 3426 2021 3497 Cymbali
2046 3440 2228 3487 autem
2262 3434 2462 3505 duplex
2501 3451 2672 3506 genus
2743 3443 2872 3491 est:
2944 3435 3180 3490 alterum
3241 3432 3394 3503 quod
3471 3429 3615 3484 bene

324 3537 592 3583 sonorum
625 3520 849 3588 dicitur,
881 3521 1030 3592 quod
1049 3521 1223 3591 magis
1263 3529 1346 3577 est
1379 3534 1567 3583 suave,
1597 3526 1653 3573 et
1674 3521 1903 3576 canticis
1947 3524 2219 3596 praecipue
2251 3528 2703 3584 accommodatur
2731 3545 2747 3594 ;
2785 3527 3017 3583 alterum
3088 3542 3220 3583 vero
3270 3524 3418 3596 quod
3485 3538 3614 3591 gra—

327 3613 508 3669 viOris
548 3621 716 3682 atque
765 3613 1068 3683 asperioris
1138 3622 1225 3667 est
1281 3612 1428 3673 soni.
1490 3625 1603 3681 quo
1652 3611 1708 3665 in
1781 3611 1993 3670 bellicis
2030 3616 2523 3677 vociferationibus
2610 3620 2690 3674 uti
2747 3619 2947 3674 solent.
3006 3616 3125 3675 Non
3198 3619 3391 3689 ignoro
3442 3617 3609 3670 etiam

324 3709 485 3779 quod
517 3707 635 3762 base
669 3709 854 3763 omnia
885 3723 913 3762 a
938 3707 1267 3777 quibusdam
1302 3705 1593 3773 allegorice
1627 3716 2003 3776 exponuntur,
2035 3725 2227 3767 verum
2265 3712 2651 3781 hujuscemodi
2724 3711 3125 3782 expositionem
3196 3711 3299 3766 hoc
3353 3710 3407 3764 in
3491 3707 3616 3763 loco

318 3815 381 3858 et
421 3815 667 3871 persaepe
712 3800 842 3855 alibi
892 3799 1087 3855 aderre
1128 3797 1314 3865 omisi,
1347 3798 1494 3866 quod
1563 3797 1618 3852 hi
1688 3814 1884 3856 sensus
1947 3799 2107 3858 facile
2180 3804 2570 3871 destruuntur,

402 3901 490 3948 nt.

402 3911 490 3948 nt.

318 3911 585 4040 3“Hdo’a
610 3982 771 4051 πνοὴ
813 3982 1110 4037 αίνεσάτω
1135 3982 1245 4036 τὸν
1275 3981 1516 4050 Κύριον.
1557 3983 1922 4057 Συλληπτικῷ

316 4081 483 4149 λόγῳ
515 4078 626 4131 πᾶν
658 4076 850 4145 γινος,
888 4076 987 4129 καὶ
1032 4075 1219 4128 πᾶσαν
1255 4073 1476 4143 ἠλικίαν
1509 4073 1591 4138 είς
1622 4070 1797 4137 αἷνον,
1826 4079 1921 4132 καὶ

314 4166 693 4239 εὐχαριστίαν
722 4164 948 4234 ἐκίνησε
971 4206 986 4228 ,
1022 4164 1195 4234 πνοὴν
1226 4164 1406 4232 λέγων
1435 4163 1535 4234 τὴν
1559 4164 1744 4235 ψυχήν
1768 4182 1783 4196 ·
1813 4168 1924 4222 ἀπὺ

313 4265 381 4317 δὲ
415 4260 524 4330 τῆς
555 4258 758 4329 ψυχῆς,
819 4258 879 4311 τὸ
905 4256 1131 4327 σύμπαν
1187 4255 1395 4327 δηλῶν,
1453 4256 1562 4309 ἀπὸ
1610 4257 1813 4328 μέρους
1860 4258 1923 4312 τὸ

312 4355 480 4410 ὅλον.
529 4350 619 4403 Ἐν
679 4350 778 4419 μὲν
817 4349 917 4403 οὖν
971 4348 1050 4418 τῷ
1097 4349 1333 4418 παρόντι
1381 4348 1480 4420 βίῳ
1509 4348 1638 4411 τοὺς
1692 4350 1925 4413 πιστοὺς

2662 3816 2717 3860 et
2795 3807 2924 3875 quia
3005 3804 3193 3860 multis
3281 3804 3420 3873 grati
3505 3818 3616 3855 non

2101 3985 2268 4041 Vens.
2305 3986 2359 4041 6.
2399 3984 2588 4041 Omnis
2629 3986 2853 4055 spiratio
2917 3969 3100 4039 laudet
3148 3983 3451 4036 Dominum.
3483 3980 3615 4036 Col-

2030 4074 2230 4131 lectivo
2261 4090 2516 4131 sermone
2554 4073 2824 4144 Propheta
2890 4090 3052 4129 omne
3098 4073 3383 4128 hominum
3417 4086 3612 4142 genus,

2031 4178 2249 4221 omnem
2280 4176 2492 4221 aetatem
2518 4166 2585 4221 ad
2614 4166 2831 4223 divinas
2847 4167 3058 4231 laudes,
3095 4174 3261 4235 atque
3287 4163 3357 4218 ad
3410 4163 3617 4232 gratia-

2031 4272 2153 4313 rum
2182 4258 2429 4313 actiones
2491 4260 2739 4321 advocat,
2800 4272 2896 4327 per
2958 4257 3317 4327 spirationem
3376 4255 3614 4308 animam

2034 4348 2211 4419 ipsam
2285 4350 2636 4421 intelligens,
2701 4364 2800 4421 per
2865 4365 3031 4420 quam
3083 4350 3247 4404 etiam
3304 4348 3614 4402 universam

319 4438 635 4510 συγκαλεῖ,
667 4439 723 4492 ἐν
762 4437 820 4491 δὲ
848 4440 915 4506 τῇ
969 4438 1292 4502 ἀναστάσει,
1325 4437 1421 4491 καὶ
1458 4437 1587 4499 τοὺς
1615 4437 1918 4502 ἀπίστους*

2031 4440 2344 4512 signiticare
2381 4442 2555 4496 voluit
2596 4452 2928 4506 creaturam,
2972 4441 3141 4496 veluti
3176 4455 3206 4493 a
3236 4452 3391 4510 parte
3420 4447 3614 4493 totum.

309 4535 453 4590 τότε
502 4533 614 4603 γὰρ
647 4530 784 4605 ὁμρῦ
840 4533 1045 4594 πάντες
1091 4531 1245 4600 αὐτῷ
1296 4531 1429 4599 γόνυ
1462 4526 1767 4601 κάμψουσι,
1826 4532 1924 4585 καὶ

311 4625 677 4683 αίνέσουσιν.
713 4622 966 4693 Αίνῶμεν
995 4622 1182 4676 τοίνυν
1216 4622 1313 4676 καὶ
1345 4623 1511 4692 ἡμεῖς
1532 4661 1548 4687 ,
1577 4621 1675 4675 καὶ
1697 4621 1924 4692 εὐχαρι-

312 4716 560 4787 στῶμεν
602 4713 742 4784 ὑπὲρ
779 4715 1036 4767 ἁπάντων
1085 4714 1176 4767 διὰ
1225 4713 1446 4777 παντὸς,
1513 4714 1572 4766 ὲν
1628 4711 1775 4782 ἔργῳ
1822 4711 1922 4766 καὶ

308 4811 505 4877 λόγῳ.
561 4805 734 4858 Τοῦτο
799 4806 910 4874 γὰρ
964 4805 1128 4875 ἔργον
1197 4805 1536 4871 ἀναγκαῖον,
1590 4804 1713 4881 ,καὶ
1760 4803 1925 4874 χρέος

308 4896 604 4971 διηνεκῶς
638 4895 1068 4964 ἀπαιτούμενον,
1096 4895 1260 4949 θυσία
1287 4896 1637 4966 εὐπόριστος,
1671 4894 1925 4963 λειτουρ-

304 4997 422 5066 γία
490 4988 803 5057 ἀγγελικήσ
857 4987 1018 5040 τοῦτο
1067 4986 1352 5051 ποιοῦντες
1409 4987 1505 5040 καὶ
1542 4987 1634 5040 τὸν
1667 4984 1921 5055 παρόντα

307 5086 451 5159 βίον
493 5080 909 5149 ἀπροσκόπτως
950 5078 1248 5147 ἀνύσομεν,
1297 5078 1394 5131 καὶ
1448 5078 1557 5132 τῶν
1620 5076 1929 5149 μελλόντων

304 5159 728 5236 ἀπολαύσομεν
764 5170 1013 5239 ἀγαθῶν,
1049 5171 1258 5241 χάριτι,
1284 5170 1380 5225 καὶ
1408 5169 1799 5242 φιλανθρωπίᾳ
1829 5169 1926 5223 τοῦ

303 5261 554 5334 Κυρίου
610 5259 768 5330 ήμῶν
816 5259 997 5328 Ἰησοῦ
1035 5258 1308 5330 Χριστοῦ,
1362 5259 1482 5330 μεθ’
1515 5254 1576 5313 οὗ
1614 5259 1695 5329 τῷ
1751 5260 1930 5330 Πατρὶ

302 5360 441 5428 ἅμα
474 5351 581 5406 καὶ
614 5351 691 5421 τῷ
722 5351 862 5421 ἁγίῳ
895 5349 1196 5421 Πνεύματι,
1237 5349 1388 5416 δόξα,
1425 5350 1584 5420 τιμὴ,
1626 5348 1722 5403 καὶ
1750 5364 1923 5418 προσ-

304 5450 598 5518 κύνησις,
631 5446 714 5508 είς
752 5443 877 5507 τοὺς
919 5443 1126 5506 αἰῶνας
1160 5441 1276 5495 τῶν
1317 5441 1553 5496 αἰώνων.
1603 5440 1796 5510 Ἀμήν.

2031 4529 2089 4584 In
2124 4531 2379 4600 praesenti
2435 4531 2604 4597 igitur
2648 4533 2755 4585 vita
2786 4532 2971 4587 ﬁdeles
3015 4540 3300 4594 convocat,
3337 4530 3390 4584 in
3426 4544 3618 4583 resur-

2034 4622 2278 4676 rectione
2309 4638 2440 4677 vero
2492 4622 2645 4692 ipsos
2695 4623 2861 4677 etiam
2917 4622 3187 4679 inﬁdeles.
3219 4620 3374 4675 Tunc
3413 4621 3614 4675 etenim

2033 4723 2141 4760 una
2187 4723 2382 4763 omnes
2410 4707 2580 4763 Deum
2663 4711 2989 4772 laudabunt,
3032 4720 3199 4779 atque
3251 4725 3417 4765 omne
3473 4726 3616 4780 genu

2034 4800 2083 4852 ei
2116 4797 2394 4853 ﬂectetur.
2458 4798 2772 4856 Laudemus
2837 4803 3003 4872 igitur
3067 4811 3121 4856 et
3167 4817 3271 4857 nos
3341 4801 3530 4864 Deum,
3566 4813 3622 4855 et

2001 4888 2239 4956 gratias
2270 4887 2319 4941 ei
2371 4902 2586 4957 semper
2626 4882 2878 4958 agamus,
2936 4907 3035 4960 pro
3077 4892 3353 4953 omnibus,
3386 4892 3442 4945 in
3466 4890 3617 4945 omni

2036 4994 2201 5047 opere
2260 4986 2313 5031 et
2361 4993 2637 5034 sermone.
2691 4977 2806 5033 Hoc
2874 4985 3075 5036 etenim
3146 4981 3521 5037 necessarium
3564 4992 3619 5035 et

2035 5070 2284 5125 debitum
2318 5085 2458 5140 Opus
2491 5080 2599 5135 est,
2631 5072 2776 5140 quod
2827 5086 2857 5124 a
2898 5073 3060 5128 nobis
3092 5088 3310 5144 semper
3342 5072 3615 5143 exigitur:

2037 5162 2484 5233 sacriﬁcinmque
2530 5163 2853 5217 facillimum
2922 5172 3029 5228 est,
3079 5174 3134 5220 et
3172 5164 3484 5234 angelicum
3514 5163 3618 5217 mi-

2037 5256 2347 5311 nisterium.
2409 5254 2525 5311 lloc
2555 5271 2774 5327 semper
2823 5264 3048 5325 agentes
3108 5266 3429 5325 praesentem
3453 5257 3616 5309 vitam

2036 5333 2158 5404 sine
2205 5347 2516 5403 oﬂ'ensione
2573 5347 2963 5417 transigemns,
2997 5354 3053 5402 et
3114 5346 3316 5401 futuris
3368 5347 3615 5400 fruemur

2037 5439 2218 5501 bonis,
2259 5441 2431 5510 gratia
2470 5447 2527 5496 et
2569 5439 2947 5495 misericordia
2992 5438 3203 5494 Domini
3257 5441 3434 5494 nostri
3482 5438 3617 5493 Jesu

304 5537 575 5601 Christi,
614 5552 740 5593 cum
782 5552 915 5609 quo,
952 5535 1102 5591 Patri
1151 5534 1315 5591 simul
1348 5544 1403 5591 et
1435 5533 1663 5606 Spiritui
1719 5539 1934 5599 sancto,
1965 5531 2164 5603 gloria,
2202 5533 2377 5589 honor
2426 5542 2480 5589 et
2567 5532 2833 5599 adoratio,
2886 5531 2939 5586 in
2994 5530 3193 5588 saecula
3262 5531 3611 5587 saeculorum.

303 5639 535 5692 Amen.
