4090 6324
174 381 232 441 9-1
1500 377 2086 438 I’ROLEGOMENA.
3339 375 3413 438 22

173 501 305 543 chs
338 489 438 558 (ιι),
485 486 629 562 Elias
650 488 721 542 du
754 485 874 551 Pin,
909 494 1072 555 atque
1095 484 1206 540 alii.
1242 483 1434 539 Latine
1463 500 1492 538 e
1529 485 1793 553 pracclaro
1821 485 2014 538 codice
2042 483 2176 538 bibl.
2217 481 2454 538 coenobii
2487 482 2732 554 Deiparte
2759 474 3408 558 Viminis'Ctiadalupen-

171 589 248 638 sis
279 585 401 639 0rd.
438 583 500 638 D.
538 583 850 654 Hieronymi
883 585 938 636 in
990 597 1160 652 regno
1187 582 1465 644 Castellzc,
1497 583 1781 635 transtulit
1815 580 1888 634 lo.
1929 580 2249 644 IIentenius,
2279 581 2592 636 accuratior
2623 581 2777 645 Zino,
2810 582 3086 650 Sauloque
3115 584 3408 652 interpres,

169 678 330 744 cujus
363 677 541 732 versio
566 677 764 746 prodiit
790 676 1025 746 primum
1054 675 1280 728 Lovanii
1325 674 1480 728 1514.
1523 675 1593 740 (e)
1623 673 1714 726 fol.
1752 688 1945 727 recusa
1982 673 2162 727 Paris.
2217 673 2376 737 1547,
2414 673 2567 738 I560,
2595 673 2752 738 I602,
2784 673 2839 736 8,
2874 683 2929 728 et
2959 676 3016 730 in
3063 674 3402 730 Bibliotheca

171 771 393 825 Patrum
425 765 560 826 tom.
601 771 742 833 XIX,
770 771 902 825 edit.
927 770 1096 840 Lugd.
1129 770 1274 824 Duos
1304 769 1523 823 codices
1558 767 1726 821 Mslos
1753 766 1974 821 Graecos
2011 767 2176 833 hujus
2203 767 2615 830 Commentarii,
2646 769 2940 830 similibus,
2981 772 3165 836 qualia
3191 773 3390 826 liente-

170 861 297 915 uius
330 862 385 916 in
420 878 522 918 suo
557 863 778 932 reperit,
815 860 1042 916 scboliis
1085 861 1407 924 instructos,
1460 859 1512 911 in
1547 859 1682 912 Bibl.
1754 858 1899 926 regia
1957 857 2251 912 Parisiensi
2307 857 2574 912 evolvisse
2617 873 2678 913 sc
2719 868 2950 914 testatur
3004 859 3164 915 Iheb.
3217 862 3406 918 Simon

172 954 266 1008 lib.
298 971 387 1009 ut.
425 953 681 1010 Historize
713 955 917 1008 criticte
949 951 1082 1007 Novi
1131 950 1282 1005 Test.
1316 966 1440 1018 cap.
1477 951 1568 1012 29,
1601 951 1650 1002 in
1681 965 1912 1015 quorum
1973 949 2164 1012 altero.
2225 948 2616 1010 Mazariniano.
2678 950 2774 1004 sed
2835 955 3160 1007 recentioris
3212 972 3406 1011 tuatms

172 1046 452 1116 scriptura
483 1047 683 1101 Nicctre
725 1047 988 1099 tribuitur
1031 1063 1045 1098 :
1081 1044 1224 1114 quod
1263 1060 1370 1098 non
1399 1043 1571 1109 magis
1593 1043 1875 1100 credibile.
1913 1060 2073 1111 quam
2108 1060 2299 1098 eorum
2335 1044 2672 1113 conjectura:
2706 1046 2799 1113 qui
2835 1049 2918 1101 vel
2950 1048 3292 1104 (Ecnmenio
3323 1051 3407 1106 vcl

174 1138 490 1197 Ammonio.
521 1139 706 1192 nescio
734 1141 844 1199 cui.
878 1137 960 1190 vel
988 1136 1399 1205 TlteOpbylaclo
1433 1135 1709 1189 ascribere
1745 1136 2056 1189 voluerunt.
2098 1133 2259 1188 Plura
2307 1138 2422 1189 loca
2480 1135 2669 1189 Graece
2723 1151 2791 1190 ex
2849 1137 2953 1192 hoc
2999 1142 3405 1210 Commentario

177 1227 426 1293 producit
476 1226 773 1287 Simonius.
801 1236 914 1280 tttm
949 1227 1051 1280 hoc
1086 1225 1287 1294 capite,
1324 1233 1437 1277 tum
1475 1224 1567 1278 lib.
1600 1243 1635 1287 I,
1674 1226 1885 1292 p.120,
1928 1225 2045 1286 145,
2081 1236 2134 1279 et
2162 1226 2283 1300 .lib.
2324 1237 2402 1287 nt,
2452 1241 2574 1294 pag.
2611 1227 2704 1291 84,
2745 1237 2802 1282 et
2868 1233 3045 1298 magni
3097 1248 3218 1285 eum
3267 1236 3396 1288 facit

178 1308 465 1384 imprimis.
501 1316 915 1384 asscnliturque
939 1314 1264 1378 Maldonato,
1301 1314 1391 1382 qui
1419 1313 1485 1368 ad
1519 1313 1704 1367 Matth.
1734 1329 1862 1378 xvu,
1892 1314 1924 1367 8
1953 1313 2300 1383 Euthymiutn
2335 1314 2391 1368 in
2425 1316 2712 1370 verborum
2753 1320 3182 1387 proprietatibus
3218 1325 3408 1380 obser-

179 1411 375 1464 vandis
405 1411 884 1480 diligentissimum
931 1425 1053 1464 esse
1095 1408 1429 1463 observavit.
1467 1408 1612 1462 luter
1664 1409 1982 1476 scriptorcs,
2015 1423 2044 1461 e
2080 1408 2282 1477 quibus
2334 1423 2499 1464 aurea
2531 1409 2756 1465 Thema:
2791 1412 3077 1481 Aquinatis
3131 1420 3403 1473 cateuain

177 1503 468 1571 Evangelia
525 1505 750 1558 collecta
776 1512 880 1566 est,
953 1503 1227 1573 Eutltymii
1295 1520 1491 1557 nomen
1569 1507 1622 1558 in
1678 1504 2078 1558 recentioribus
2115 1505 2442 1571 quibusdam
2476 1506 2814 1562 editionibus
2845 1507 3115 1573 additum,
3161 1513 3214 1564 iu
3248 1515 3394 1566 anti-

177 1600 462 1668 quioribus
495 1611 546 1654 et
583 1601 639 1654 in
672 1600 914 1654 Romana
945 1599 1074 1652 anni
1114 1600 1273 1662 1670,
1317 1601 1685 1655 desideratur.
1728 1600 1861 1655 Vide
1898 1601 2140 1654 Simonis
2168 1601 2297 1656 hist.
2320 1601 2568 1656 criticam
2602 1601 2736 1656 Novi
2771 1603 2923 1658 Test.
2961 1605 3056 1660 lib.
3092 1623 3171 1666 Ill.
3207 1625 3261 1676 ιν.
3291 1611 3396 1665 409

175 1706 224 1752 et
266 1695 398 1749 473.

243 1789 343 1845 IX.
384 1789 808 1846 Commentarios
839 1792 893 1843 in
923 1791 1176 1858 epistolas
1222 1790 1398 1854 Pauli,
1435 1789 1619 1845 itidem
1669 1806 1730 1844 ex
1768 1789 2161 1860 Chrysostomo
2219 1799 2270 1844 et
2316 1789 2437 1844 aliis
2499 1789 2752 1845 Patribus
2811 1791 3059 1846 studiose
3120 1795 3402 1859 collectus.

177 1897 337 1946 quem
371 1882 551 1935 Romae
573 1896 675 1936 ms.
715 1880 904 1936 Graece
930 1883 1137 1934 servari
1191 1881 1400 1950 pridem
1431 1883 1710 1936 Gesnerus
1769 1882 2012 1950 scripsit.
2042 1880 2132 1952 [V.
2160 1881 2225 1935 ad
2262 1897 2315 1937 n.
2349 1879 2432 1950 8.]
2471 1881 2542 1936 Ex
2574 1885 2976 1938 commentario
3030 1885 3306 1957 Entbymii
3343 1891 3397 1942 in

177 1974 338 2042 epist.
376 1974 441 2028 ad
473 1972 818 2027 Timotheum
853 1975 1119 2028 nonnulla
1143 1973 1299 2026 all'ert
1329 1975 1558 2028 Allatius
1595 1990 1647 2040 ῃ.
1679 1975 1798 2037 196,
1837 1973 1907 2027 De
1940 1973 2240 2027 interstitit:
2274 1962 2687 2048 ordinumapud
2719 1972 2950 2027 Crtecos.
2982 1975 3041 2026 In
3069 1978 3259 2031 codice
3292 1994 3398 2034 ms.

182 2067 590 2123 Vindobouensi
621 2070 743 2122 libri
779 2070 936 2137 primi
969 2069 1244 2136 Panoplim
1285 2069 1658 2138 Eutbytnianre
1694 2071 1940 2137 sequitur
1967 2067 2303 2138 IIypotllcsis
2335 2068 2581 2137 epistola:
2608 2069 2677 2123 ad
2727 2071 3028 2132 Romanos.
3064 2071 3202 2127 forte
3233 2090 3395 2143 quant

181 2161 497 2232 Euthymins
527 2164 640 2217 suis
680 2165 730 2216 in
767 2164 991 2216 Paulum
1022 2165 1429 2215 commoutziriis
1464 2167 1815 2228 praemiserat.
3057 2216 3074 2232 _

245 2257 314 2310 Χ.
347 2258 770 2312 Commentarius
802 2260 1131 2324 itwpistolas
1162 2258 1474 2321 catholicas,
1499 2272 1659 2326 quem
1691 2255 1875 2312 Graece
1903 2273 2004 2313 ms.
2043 2258 2095 2312 in
2129 2258 2260 2314 bibl.
2293 2256 2521 2313 Joannis
2550 2256 2806 2332 Sambuci
2831 2261 3128 2322 exstitisse,
3160 2276 3222 2314 cs
3261 2260 3402 2314 Sim—

183 2353 296 2406 lero
334 2351 545 2408 Caveus
574 2352 870 2410 adnotavit.
2767 2339 2771 2345 ’

182 2529 552 2584 collectionem
619 2530 764 2583 illam
809 2529 1088 2581 maledici
1144 2539 1390 2581 catenam
1450 2529 1544 2582 ab.
1577 2526 1743 2581 Millio

185 2600 434 2664 aliisque,
470 2599 563 2652 sed
622 2600 825 2650 rectius
862 2601 1042 2650 vocari
1104 2596 1746 2667 Euthymiiieommenla-

184 2672 349 2730 rium.
407 2669 665 2734 quoniam
702 2670 752 2718 in
787 2669 1101 2736 Entllymio,
1135 2668 1226 2735 qui
1253 2666 1320 2720 ex
1359 2666 1604 2733 pluribus
1631 2683 1744 2734 par-

185 2739 330 2792 tibus
363 2753 498 2800 opus
535 2737 752 2790 fecisset.
799 2746 1116 2803 perpetuum
1143 2778 1157 2797 ,
1196 2739 1265 2789 sit
1313 2753 1508 2798 nexus.
1563 2747 1744 2788 mrmet

186 2811 254 2864 cl.
281 2806 516 2875 Mattltmi
552 2807 602 2858 in
637 2806 840 2871 praefat.
882 2821 997 2875 pag.
1042 2805 1164 2867 I25,
1217 2815 1330 2857 not.
1366 2823 1415 2873 g.
1479 2806 1605 2860 add.
1642 2805 1744 2857 Fa-

185 2875 321 2930 brie.
357 2873 494 2927 inira
531 2877 582 2926 in
622 2876 723 2927 hoc
761 2873 892 2927 volf
932 2893 984 2942 p.
1016 2875 1138 2935 787.
1196 2875 1262 2928 16
1309 2885 1416 2927 vet.
1473 2876 1601 2927 edit.
1646 2875 1737 2940 qui

186 2957 321 2999 sect.
359 2944 422 2996 I7
461 2945 568 3012 agit
600 2960 819 3012 qunque
869 2945 937 2998 de
979 2944 1203 2997 Tltomaa
1232 2945 1516 3010 Aquinatis
1550 2954 1738 2996 catena

188 3030 373 3074 aurea
408 3015 460 3067 in
515 3026 752 3080 quatuor
799 3013 1109 3082 Evangelia.
1147 3014 1282 3066 Cum
1327 3014 1448 3066 cod.
1519 3014 1736 3082 Baruee.

189 3081 405 3136 XXVIII
438 3083 754 3148 conspirare
796 3081 1011 3136 videtur
1050 3083 1170 3136 eod.
1221 3083 1386 3135 Taur.
1427 3100 1538 3149 reg.
1580 3081 1742 3135 XLIII

189 3164 450 3207 quantum
487 3169 547 3206 ex
584 3154 738 3205 initio
776 3153 1115 3220 singulorum
1150 3151 1569 3217 Evangeliorum
1608 3167 1739 3206 cou-

186 3224 353 3289 jicere
379 3222 546 3277 licet:
581 3223 767 3275 nullibi
814 3222 1031 3289 quidem
1077 3222 1346 3289 adjectum
1379 3231 1459 3275 est
1501 3223 1743 3276 auctoris

194 3307 423 3356 nomen;
474 3292 566 3346 sed
608 3291 900 3360 Euthymio
934 3305 1058 3345 eum
1090 3300 1385 3360 comment.
1411 3307 1536 3360 esse
1569 3294 1745 3360 ascrig

192 3360 426 3414 ben-lum
473 3360 632 3414 docet
691 3359 973 3414 confector
1001 3369 1110 3414 cat.
1136 3359 1292 3416 codd.
1325 3359 1421 3412 Gr.
1457 3359 1624 3413 Taur.
1654 3359 1744 3428 qui

195 3445 313 3550 “ag.
385 3429 489 3484 M9
551 3445 636 3499 sq.
707 3431 928 3499 cepiose
976 3438 1228 3485 recenset
1278 3429 1430 3483 illum
1475 3429 1740 3484 codicem.

242 3515 360 3550 ARL.

242 3515 360 3552 ARL.

259 3567 338 3635 (Δ)
381 3567 436 3622 In
463 3582 597 3621 nova
630 3570 720 3622 ed.
749 3568 914 3624 Basil.
948 3569 1117 3630 1745,
1149 3577 1284 3622 ιοω.
1323 3568 1389 3632 11,
1417 3585 1469 3636 p.
1507 3569 1626 3632 199,
1655 3570 1744 3621 ubi

194 3635 400 3708 Caveﬁus
429 3636 496 3708 de
525 3637 838 3708 Euthymio.
905 3639 1148 3706 scriptis,
1199 3638 1361 3708 codd.
1413 3646 1575 3707 atque
1613 3639 1742 3692 edit.

195 3707 415 3759 uberius
445 3705 689 3768 disserit,
727 3707 778 3759 id
813 3705 1119 3762 correctum
1153 3715 1254 3760 est.
1293 3706 1460 3760 lltnL.

260 3775 332 3845 le)
370 3775 524 3841 Quod
565 3775 864 3831 Hentenius
893 3779 948 3830 in
993 3777 1366 3831 admonitione
1401 3777 1740 3845 scripserat:

195 3843 384 3913 9Com
445 3845 546 3899 hos
599 3848 1022 3901 commentarios
1083 3854 1211 3899 ante
1275 3845 1480 3913 aliquot
1520 3843 1746 3898 menses

191 3909 385 3985 {mat}.
418 3914 578 3985 15:13,
609 3927 761 3970 sexto
793 3917 866 3969 id.
901 3918 1063 3984 Aug..
1096 3923 1154 3967 ut
1177 3930 1240 3968 ex
1271 3909 1392 3985 ejus
1423 3915 1631 3985 pt'u‘ftlI.
1659 3919 1742 3968 in-

197 3981 498 4052 telligitur,]
529 3986 581 4037 in
612 3985 782 4052 lucem
817 3981 1120 4052 ederemus,
1154 3999 1255 4036 nec
1287 3981 1746 4052 certi—quidquam

199 4051 539 4113 haberemus,
573 4053 717 4118 quod
753 4054 820 4107 de
849 4063 1068 4107 auctore
1093 4051 1488 4112 divinaremus.
1515 4055 1746 4105 aliorum

200 4123 385 4187 magis.
419 4136 578 4188 quam
603 4132 848 4177 nostrum
880 4122 1055 4177 secuti
1077 4121 1367 4188 judicium,
1405 4121 1614 4189 pne-lati
1655 4137 1750 4172 su-

203 4203 345 4249 mus.
402 4191 745 4258 quibusdam;
775 4193 945 4246 videri
997 4200 1274 4244 auctorem
1321 4207 1443 4245 esse
1478 4190 1750 4242 ()Ecume-

198 4259 365 4330 nium,
397 4258 668 4330 —‘[quod
708 4268 886 4330 tamen
933 4270 1091 4330 negat
1137 4258 1373 4330 Μελαιιωί
1421 4259 1484 4311 ad
1521 4260 1572 4312 It.
1614 4261 1649 4311 ι.
1696 4259 1746 4309 in

197 4325 346 4392 prtel'.
385 4343 434 4395 p.
477 4325 565 4391 ⁵14⁷,
605 4336 715 4381 not.
747 4327 818 4399 c].
855 4358 919 4370 -ο
950 4325 1106 4382 Nunc
1132 4325 1260 4383 vero
1312 4330 1560 4399 eumdem
1605 4330 1748 4379 nat‘li

199 4405 467 4452 auctorem
513 4399 566 4452 in
619 4398 864 4484 Psalqios
903 4398 1192 4454 Davidicos
1222 4407 1278 4453 et
1327 4398 1379 4451 iu
1423 4398 1648 4452 Catilina
1681 4427 1748 4436 -

1071 4622 1368 4630 —_—_—.
1376 4622 1552 4629 ﬁ...

1555 4614 1852 4636 -—-————

1848 2529 1960 2597 jam
1993 2528 2233 2599 secundo
2257 2530 2410 2599 typis
2432 2543 2696 2582 excusem
2719 2529 3026 2583 certissimo
3057 2531 3259 2582 certius
3285 2531 3401 2594 ausi

1855 2612 2044 2651 sumus
2078 2597 2220 2654 ferre
2246 2597 2536 2663 judicium.
2583 2599 2776 2650 horum
2807 2608 3100 2651 comment.
3125 2607 3403 2652 auctorem

1852 2681 1974 2722 esse
2002 2667 2350 2737 Eutbytnium
2397 2668 2733 2726 Zigabonum
2767 2668 2892 2735 (sic)
2923 2697 2993 2706 ——
3025 2670 3315 2722 maluimus
3352 2670 3405 2722 in

1854 2737 1958 2799 his,
1987 2746 2122 2804 qua!
2170 2739 2413 2791 nondum
2453 2737 2713 2790 disnat'ta
2767 2750 2943 2794 erant.
2973 2738 3402 2804 exemplaribus.

1852 2806 2103 2860 Studioso
2151 2807 2338 2859 lectori
2374 2805 2425 2858 id
2475 2807 2750 2868 indicare,
2809 2822 2970 2870 quam
3017 2822 3140 2860 eum
3197 2807 3406 2860 diutius

1847 2890 2174 2940 suspensum
2210 2886 2415 2930 tenere.
2448 2906 2518 2916 —
2549 2878 2703 2929 Auno
2735 2875 2892 2936 15M,
2945 2875 3113 2929 Nonis
3161 2876 3406 2928 Febrna-

1847 2945 1932 3002 rii.
1967 2962 1985 2994 ι
2046 2961 2109 2998 ex
2168 2945 2254 2999 bis
2313 2945 2523 3010 colligit
2578 2945 2930 3012 Ilamberger.
2979 2947 3015 2996 l.
3052 2961 3102 2998 c.
3152 2960 3273 3012 pag.
3313 2944 3406 3010 83,

1849 3015 2129 3081 probabile
2186 3031 2328 3074 esse.
2389 3016 2440 3080 1)
2489 3017 2737 3083 quaedam
2784 3015 3114 3080 exemplaria
3155 3016 3235 3069 vel
3279 3015 3401 3068 sine

1848 3084 1956 3137 ulla
1991 3084 2228 3136 nominis
2259 3084 2498 3138 auctoris
2530 3086 2584 3137 in
2612 3084 2793 3138 l‘ronte
2818 3085 2944 3138 libri
2981 3084 3404 3150 signiﬁcatione,

1849 3154 1927 3206 vel
1951 3153 2136 3206 addito
2160 3152 2478 3208 tlEeumcnii
2516 3156 2739 3208 nomine
2761 3195 2776 3216 ,
2805 3152 2948 3206 edita
2984 3167 3124 3214 esse.
3152 3153 3210 3220 Ω)
3233 3167 3408 3216 eaque

1847 3225 1898 3276 in
1937 3222 2289 3290 inscriptione
2316 3231 2500 3276 notata
2530 3239 2653 3278 esse
2700 3239 2792 3276 an.
2823 3223 2982 3276 1545.
3047 3223 3152 3276 Sed
3193 3223 3412 3276 dubitat

1847 3292 1913 3346 cl.
1969 3291 2224 3354 Mattbaei,
2278 3295 2330 3346 in
2364 3301 2478 3347 not.
2509 3309 2536 3344 ε
2582 3295 2649 3347 ad
2693 3291 2945 3346 Ilentenii
2977 3291 3406 3347 admonitionem

1848 3377 1900 3426 p.
1939 3361 2010 3414 75
2035 3362 2331 3424 arbitrans,
2370 3361 2696 3415 vocabulum
2741 3361 3052 3428 ambiguum
3077 3402 3092 3420 .
3123 3376 3408 3423 excusant,

1848 3429 1913 3482 ad
1945 3439 2244 3484 comment.
2277 3431 2330 3483 in
2361 3428 2608 3492 Psalmos
2630 3446 2751 3485 esse
2797 3432 2977 3498 potius
3010 3430 3358 3485 relerendum
3389 3446 3406 3493 ;

1847 3500 2066 3570 etquod
2094 3501 2147 3553 in
2179 3500 2266 3556 ed.
2299 3514 2496 3553 comm.
2534 3503 2588 3553 in
2620 3510 2854 3570 quatuor
2872 3499 3077 3570 Evang.
3111 3514 3203 3553 an.
3242 3498 3406 3561 1544,

1849 3569 1902 3621 in
1948 3569 2126 3624 indice
2148 3570 2430 3629 scribitur,
2479 3589 2498 3620 t
2524 3569 2660 3624 liber
2689 3573 2777 3623 hic
2803 3585 2978 3636 neque
3009 3569 3196 3623 Gneee
3228 3582 3404 3637 neque

1853 3637 2043 3691 Latine
2077 3650 2236 3693 antea
2269 3640 2411 3708 typis
2439 3654 2676 3706 unquam
2711 3631 2948 3693 excuses
3005 3646 3087 3692 est
3112 3657 3133 3689 ι
3162 3631 3410 3706 atquein

1851 3709 1956 3759 line
1990 3708 2402 3771 admonitionis,
2462 3709 2514 3760 in
2546 3709 2651 3771 IIIS,
2703 3723 2825 3775 qua:
2871 3709 3113 3760 nondum
3140 3708 3408 3762 distracta

1850 3787 2024 3838 erant,
2077 3786 2256 3844 putat,
2316 3778 2457 3830 hanc
2490 3793 2614 3832 esse
2647 3777 2780 3830 edit.
2820 3778 3147 3845 principem.
3198 3783 3411 3845 mutato

1851 3855 2061 3898 tantum
2091 3848 2292 3899 indice.
2324 3879 2389 3888 —
2423 3847 2480 3899 In
2519 3850 2644 3901 coal.
2671 3844 2842 3900 Vatic.
2874 3845 3166 3905 DCCCXX.
3199 3861 3251 3912 p.
3279 3844 3408 3906 501,

1849 3915 2089 3985 occurrit
2125 3916 2403 3985 Eutllymii
2453 3917 2727 3985 ἐγκώμιον
2773 3918 2852 3978 εἰς
2894 3917 2994 3982 τὴν
3035 3915 3412 3985 προσκύνησεν

1851 3983 1946 4053 τῆς
1981 3983 2287 4053 (impavidi
2319 3983 2618 4050 Gsowxou,
2661 3987 2756 4039 καὶ
2789 3987 2871 4044 εις
2913 3985 2982 4036 τὰ
3019 3983 3272 4051 ὲγκαὶνια
3313 3983 3412 4049 τῆς

1855 4052 2014 4124 avia;
2065 4052 2237 4124 αὐτῆς
2287 4057 2446 4124 σοροῦ
2500 4055 2599 4121 τῆς
2642 4057 2701 4106 ὲν
2752 4054 3232 4124 Χαλιιοειτριιτίοις,Δ
3272 4054 3414 4124 teste

1852 4119 2112 4189 Fogginio
2141 4119 2264 4177 l.'c.
2299 4119 2363 4190 p.’
2387 4124 2442 4186 Ἰ.
2485 4119 2570 4190 sq.
2609 4124 2700 4177 ubi
2728 4124 2931 4176 multus
2965 4119 3050 4176 est
3081 4124 3144 4176 de
3173 4121 3413 4175 Chalcoo

1852 4192 2040 4254 prauis
2079 4202 2133 4244 et
2180 4193 2392 4245 sanctis
2439 4194 2605 4256 soris,
2634 4207 2729 4245 seu
2765 4195 2960 4246 thecis.
2998 4191 3092 4244 Sic
3127 4191 3271 4243 enim
3317 4205 3416 4257 ap-

1857 4259 2213 4330 pellabantur
2247 4271 2363 4314 tum
2416 4277 2578 4330 capsa
2601 4302 2618 4323 ,
2650 4278 2756 4330 qna
2796 4263 2963 4315 vestis
2990 4271 3043 4314 et
3073 4261 3292 4330 codices
3324 4275 3413 4313 se-

1858 4329 2130 4394 pttlerales
2191 4329 2228 4392 β
2277 4330 2457 4382 Maria:
2484 4329 2948 4389 ’cnntldeliamur,
3007 4341 3121 4382 tutu
3155 4329 3320 4387 mdes.
3357 4330 3409 4378 in

1859 4413 1965 4463 qua
1998 4397 2257 4464 deposita:
2308 4401 2412 4450 illa:
2461 4401 2704 4467 reliquiae
2757 4402 3205 4454 asservabantur.
3243 4399 3411 4476 "aut"

1853 4619 2674 4630 ——————————~———...—____._
2685 4626 2696 4629 η

1051 4761 1358 4824 ,ΙΟΑΝΝΙ
1416 4757 2050 4822 CIIIIISTOPIIORO
2110 4759 2552 4822 AMADUTIO

1212 4875 1648 4975 INICOLAUS
1706 4910 2158 4972 mammas
2193 4911 2260 4972 s.
2299 4911 2394 4969 υ..

853 5060 1114 5120 (.ttwcdota
1138 5059 1540 5110 litterariaemss
1587 5057 1828 5108 rodiribus
1851 5063 2007 5106 eruta.
2054 5057 2191 5104 Tom.
2240 5053 2320 5113 IV,
2364 5055 2546 5108 Roma,
2594 5055 2754 5102 t783.l

1753 5217 1824 5229 κο

283 5324 326 5378 1.
354 5321 452 5384 Eu.
484 5323 565 5376 vir
609 5322 940 5387 clarissime,
991 5324 1318 5391 opuSL-ulum
1357 5321 1604 5375 Grmcutn
1656 5324 1753 5390 (al,

209 5415 350 5482 quod
379 5413 513 5468 inter
545 5414 777 5470 seltedas
823 5429 969 5468 meas
1000 5429 1064 5467 ex
1117 5415 1242 5466 cod.
1287 5429 1390 5466 ms.
1426 5414 1752 5481 descriptas,

211 5508 308 5562 etsi
329 5506 592 5568 mutilum,
619 5507 793 5559 visum
809 5513 892 5558 est
913 5514 1092 5558 tamen
1117 5505 1210 5556 tibi
1227 5514 1414 5572 aptum
1436 5513 1498 5582 ut
1522 5507 1754 5557 interse-

213 5611 361 5650 rcres
396 5603 536 5652 tomo
583 5595 650 5651 IV
707 5594 1135 5657 Anecdotorum,
1191 5609 1423 5662 quorum
1459 5594 1752 5647 editionem

1858 5321 2173 5389 reipublica:
2205 5317 2484 5372 litterariae
2529 5317 2671 5370 bono
2701 5315 2989 5382 diligenter
3038 5326 3220 5366 euras.
3276 5310 3413 5364 Illud

1857 5423 1982 5464 ante
2023 5413 2121 5462 IIOS
2152 5411 2338 5477 plures
2377 5423 2553 5461 annos
2581 5405 2850 5474 descripsi
2904 5420 2972 5458 ex
3024 5401 3213 5455 codit-e
3264 5399 3416 5454 Vati-

1857 5517 1996 5557 cano
2025 5499 2150 5562 840,
2191 5499 2282 5567 qui
2320 5499 2450 5550 olim
2489 5497 2588 5549 fuit
2635 5496 2856 5550 Antonii
2900 5492 3186 5561 Augustini
3241 5493 3414 5544 archi-

1855 5591 2097 5662 episeOpi
2138 5587 2571 5642 Tarraconensis
2602 5603 2618 5651 ;
2647 5594 2702 5642 et
2732 5588 2859 5656 quia
2887 5585 3021 5640 dum
3063 5585 3119 5638 in
3160 5582 3412 5637 Latinum

1707 5721 1717 5742 Ι

273 5759 342 5819 (α)
370 5758 464 5807 Iloc
495 5765 581 5816 Gal,
617 5759 793 5809 librum
828 5763 992 5808 contra
1027 5755 1310 5818 Begomilos,
1333 5771 1479 5818 quem
1511 5758 1556 5805 in
1585 5758 1669 5806 bar.
1700 5759 1916 5807 editione
1949 5749 2521 5803 ret.-tt«.iitnus.Eo.Pnn.
