4090 6324
183 426 237 486 25
486 456 494 489 τ
1446 418 2013 481 PROLEGUMENA
3282 419 3356 480 26

185 536 315 589 habet
344 532 552 587 Graecus
601 531 899 589 Vaticanus
930 536 1095 588 codex
1131 534 1235 589 952
1273 533 1383 604 (ll)
1437 544 1492 589 et
1543 550 1684 602 qnaa,

184 632 297 677 teste
327 608 604 675 Laiubccio
658 620 795 689 (19σ),
846 632 1158 677 asscrvatur
1192 623 1354 677 etiam
1399 624 1454 678 in
1501 623 1689 677 Grer

180 715 337 769 culice
380 712 713 767 bibliotheca:
748 713 1210 770 Vindobonensis.
1268 714 1535 770 Prmterea
1591 717 1692 769 sub

181 805 388 874 ejusdem
419 806 638 859 nomine
669 805 913 859 occurrit
946 807 998 859 in
1037 804 1298 860 Vaticano
1353 808 1537 862 codice
1589 806 1693 860 8‘20

180 897 273 966 (l5)
295 897 478 957 oratio,
508 894 669 964 cujus
699 896 862 950 etiam
900 897 1145 950 uretuiuit
1188 897 1416 950 Allatius
1464 898 1573 965 (H)
1606 899 1686 950 iu-

179 986 351 1054 scripta
381 1004 393 1038 :
436 986 743 1055 Ἐγκὼμιον
773 987 852 1050 εἰς
876 986 976 1056 τὴν
1007 990 1375 1057 προσκύνησιν
1394 988 1489 1056 τῆς
1525 989 1622 1040 inte
1635 1007 1692 1057 ρ-

177 1081 315 1145 aria;
366 1078 649 1140 Θεοτόκου,
708 1079 803 1132 καὶ
863 1081 943 1140 εἰς
988 1079 1060 1132 τὰ
1097 1081 1344 1147 ὲγκαίνια
1391 1080 1490 1148 τῆς
1536 1082 1693 1146 ἁγίας

177 1171 317 1239 αὐτῆς
357 1170 510 1237 σοροῦ
552 1170 650 1237 τῆς
685 1172 745 1223 ὲν
782 1170 1240 1239 Χαλκοπρατέοις.
1293 1170 1601 1224 Encontiunt
1633 1172 1696 1224 de

178 1258 294 1312 ultu
328 1259 638 1312 beatissima:
676 1260 918 1329 Deipara'
956 1262 1279 1329 prwstando,
1305 1272 1353 1315 ct
1384 1263 1448 1314 de
1479 1264 1695 1316 dedica-

178 1352 290 1401 tione
330 1359 516 1402 sanctm
555 1353 669 1418 ejus
706 1352 836 1412 sori,
884 1368 1001 1421 qua:
1054 1363 1131 1405 est
1190 1355 1242 1405 in
1291 1353 1695 1419 Chalcopraliis.

180 1443 348 1494 δωριιι
388 1457 544 1495 sorus
587 1443 667 1495 vel
724 1456 912 1495 sancta
969 1444 1123 1497 theca
1180 1443 1553 1512 appellabatur
1585 1455 1697 1497 tmu

179 1548 314 1601 capsa
371 1535 520 1601 ipsa,
587 1549 692 1602 qua
766 1537 933 1588 vestis
991 1544 1042 1589 et
1102 1536 1303 1591 lodices
1371 1536 1699 1605 sepulcrales

179 1617 226 1671 11.
281 1618 447 1672 Maria:
511 1617 751 1689 Virginis
809 1622 1266 1688 continebantur,

181 1710 222 1762 in
251 1725 345 1777 qua
377 1711 631 1778 deposita:
676 1712 783 1765 illa:
830 1703 1072 1782 reliquiae
1100 1716 1542 1769 asservabautur.
1574 1717 1701 1770 Duae

178 1813 326 1852 autem
352 1810 499 1854 erant
527 1800 608 1854 ha:
630 1802 820 1865 thecae,
856 1803 1025 1857 altera
1058 1804 1110 1856 in
1138 1807 1250 1858 ante
1286 1805 1687 1875 lilacberueusi,

179 1893 560 1961 'lbeophanonis
596 1895 851 1963 Augusta:
882 1896 1140 1965 religione
1183 1898 1379 1968 inclyta
1426 1898 1563 1969 (l5),
1608 1876 1705 1954 ubi

178 1985 543 2060 oumpboriuru,
605 2001 700 2040 seu
742 1989 922 2040 velum
957 1989 1202 2058 Deiparac
1258 1992 1693 2055 custodiebatur,

178 2077 319 2131 altera
359 2078 410 2131 in
469 2077 584 2133 auls
642 2080 815 2133 beata:
874 2077 1694 2151 Virginis"Chalcopratiorum,

177 2167 250 2220 ubi
277 2176 470 2222 caetera:
494 2179 675 2224 vestes
724 2179 777 2225 et
805 2169 987 2225 fasciae
1032 2172 1284 2240 religiose
1318 2176 1698 2231 custodieban-

174 2263 264 2308 tur.
291 2253 400 2308 Jam
426 2258 660 2325 quisque
695 2258 967 2327 intelligit,
1021 2266 1135 2313 tum
1188 2260 1535 2339 Blacheruas,
1583 2275 1695 2317 tum

175 2345 547 2414 Chalcepratios
576 2349 797 2402 nouiina
829 2364 952 2404 esse
971 2350 1214 2405 locorum
1249 2354 1401 2407 urbis
1424 2352 1698 2409 Constan-

177 2434 467 2503 tinopoleos,
517 2438 572 2491 in
609 2440 808 2505 quibus
843 2455 999 2494 sacra
1054 2441 1168 2496 lucc
1216 2445 1410 2512 templa
1456 2445 1697 2514 Deipara:

178 2526 393 2601 dedicata
444 2532 827 2598 assurgebant.
907 2530 1196 2602 Disputaut
1230 2535 1452 2590 eruditi
1516 2552 1585 2590 an
1643 2537 1696 2592 hi

177 2616 503 2688 Chalcopratii
554 2624 706 2677 vicus
736 2623 983 2690 quidam,
1016 2639 1112 2678 seu
1146 2626 1319 2694 platea
1369 2626 1595 2694 fuerint,
1638 2630 1695 2684 in

178 2710 343 2778 quibus
370 2713 570 2766 agrariae
618 2714 847 2768 officina:
889 2717 1009 2769 sita:
1034 2726 1238 2780 esseut,
1290 2733 1357 2772 an
1395 2721 1578 2789 potius
1624 2722 1700 2776 le-

179 2803 377 2869 gendum
407 2802 475 2856 sit
501 2802 895 2872 Cbartopratii,
925 2805 1108 2874 ibique
1131 2808 1434 2882 clt'artarias
1453 2808 1697 2867 otIicinas

179 2891 419 2946 exstitisse
469 2892 819 2947 arbitremur.
869 2892 1069 2948 Verum
1127 2898 1477 2964 quaestionem
1534 2901 1694 2964 hanc,

180 2990 336 3050 utpote
359 2983 479 3038 huic
511 2977 632 3040 loco
671 2983 854 3041 minus
910 2998 1297 3056 opportunam,
1345 2989 1519 3045 libens
1556 3008 1692 3061 prte-

178 3074 455 3128 termittam.
488 3074 600 3130 Nec
632 3076 841 3132 diutius
873 3078 1276 3135 immorandqu
1322 3098 1539 3155 quoque
1570 3085 1693 3153 opi-

181 3177 263 3216 nor
288 3164 335 3218 in
365 3165 721 3235 perquirendo
746 3167 881 3224 aedis
929 3169 1095 3239 hujus
1143 3174 1446 3242 conditore,
1489 3179 1557 3230 de
1588 3193 1698 3246 quo

183 3268 268 3307 non
290 3254 417 3309 bene
440 3256 586 3311 inter
615 3272 674 3311 se
698 3259 1029 3313 conveniunt
1068 3261 1347 3331 Byzantini
1380 3266 1697 3334 seriptores;

179 3341 225 3394 ιιι
256 3358 408 3399 unum
441 3346 603 3401 modo
637 3346 770 3402 satis
814 3349 885 3403 sit
928 3350 1243 3417 adnotasse,
1291 3369 1482 3409 omnes
1537 3357 1587 3409 in
1635 3375 1699 3412 eo

181 3434 469 3499 convenire,
543 3438 805 3506 templum
883 3440 989 3494 hoc
1049 3441 1333 3511 antiquius
1393 3444 1700 3501 Theodosio

185 3518 379 3580 Juniore
420 3541 527 3581 non
558 3527 749 3582 fuisse.
790 3528 905 3584 Hoc
936 3541 1117 3586 autem
1149 3536 1375 3590 omnino
1425 3541 1702 3604 praeterire

181 3622 268 3663 non
292 3612 429 3677 licet,
450 3614 703 3671 Alexiun't
725 3614 749 3669 Ι
773 3618 1130 3685 Comnenum,
1189 3637 1336 3689 cum,
1376 3628 1569 3681 aerario
1603 3643 1701 3682 ex-

183 3699 369 3769 hausto,
394 3705 804 3763 imminentibus
840 3709 1057 3780 imperii
1084 3714 1503 3772 necessitatibus
1534 3720 1700 3774 satis-

182 3790 334 3850 facere
382 3814 488 3852 non
522 3808 730 3869 posset,
772 3812 1056 3872 argenteas
1097 3807 1303 3872 valvas,
1358 3822 1422 3863 ac
1460 3824 1585 3865 vasa
1615 3812 1702 3866 in-

182 3898 316 3954 super
344 3891 600 3945 nonnulla
652 3907 715 3945 ex
773 3892 877 3947 hoc
932 3895 1137 3964 templo
1188 3900 1524 3957 abstulisse:
1557 3906 1700 3972 quod

182 3986 283 4026 cum
299 3991 432 4045 aegre
459 3978 717 4034 tulissent
746 3982 1005 4046 civesfac
1033 3984 1088 4038 in
1111 3986 1487 4054 imperatorem
1522 4007 1700 4048 rumo-

184 4077 251 4119 res
266 4064 467 4136 iniquos
483 4081 822 4139 spargerent,
845 4074 962 4142 ipse
979 4079 1289 4131 convocatis
1303 4081 1616 4146 proceribus
1632 4084 1701 4138 ab

184 4154 269 4210 hoc
286 4159 500 4216 crimine
524 4166 753 4230 purgare
781 4178 840 4217 se
866 4163 1096 4227 studuit,
1124 4166 1416 4235 iussitque,
1443 4180 1498 4223 ut
1519 4172 1570 4224 in
1603 4188 1704 4242 po-

184 4255 355 4301 sterum
378 4265 443 4304 ex
469 4253 668 4307 mrario
692 4255 841 4325 regio
861 4269 1103 4309 annuum
1121 4260 1348 4328 vectigal
1370 4264 1703 4328 persolvere-

186 4345 272 4401 tur,
292 4348 347 4393 ut
379 4342 412 4395 ii
443 4343 742 4409 alerentur,
778 4345 870 4415 qui
902 4346 957 4399 in
984 4348 1085 4401 bac
1103 4347 1344 4417 Deipara:
1369 4352 1709 4411 mdedivinas

184 4425 342 4487 laudes
368 4433 611 4502 quotidie
635 4436 990 4492 celebrabant
1042 4437 1176 4510 (l6).
1215 4440 1297 4493 Ad
1344 4441 1507 4509 hujus
1529 4445 1712 4514 itaque

183 4522 335 4589 templi
361 4524 752 4581 dedicationem
778 4527 1009 4596 pertinet
1036 4531 1380 4599 panegyrica‘,
1403 4532 1600 4602 dequa
1629 4536 1714 4589 lo-

183 4610 392 4679 quimur,
420 4615 696 4687 Euthymii
729 4617 929 4682 oratio,
951 4618 1005 4671 iu
1029 4634 1158 4687 qua,
1180 4628 1241 4671 ut
1269 4634 1333 4673 ex
1362 4620 1480 4688 ejus
1512 4624 1711 4679 inscri-

187 4701 340 4764 ptione
377 4715 614 4768 constat,
653 4707 810 4776 plura
829 4708 993 4762 etiam
1018 4710 1086 4763 de
1115 4710 1262 4765 cultu
1300 4711 1538 4780 Deipara:
1573 4728 1712 4783 pra:-

186 4792 347 4847 stando
374 4795 695 4865 disputavit.
722 4797 830 4852 Nec
855 4800 993 4852 male
1031 4799 1303 4864 fortassis,
1351 4817 1470 4856 meo
1491 4805 1710 4871 quidem

181 4879 373 4952 judicio,
394 4889 666 4956 conjicere
692 4891 816 4959 quis
861 4897 1065 4961 posset,
1095 4891 1163 4945 ad
1187 4893 1287 4946 hoc
1318 4891 1459 4947 idem
1481 4893 1713 4951 Chalce-

186 4975 447 5037 pratiorum
476 4976 721 5048 Deipara:
751 4981 1010 5051 templum
1049 4995 1171 5036 esse
1193 4980 1536 5037 referendum
1560 4986 1706 5040 aliud

186 5055 423 5134 Eutltymii
471 5064 781 5120 Encomittm
828 5069 884 5122 in
918 5085 1107 5122 zonam
1134 5068 1408 5122 BJfaria:
1454 5069 1703 5139 Virginis,

186 5148 301 5217 quod
317 5151 450 5207 inter
468 5170 572 5210 ms.
592 5154 899 5211 Bodleianae
915 5157 1254 5213 bibliothecae
1270 5156 1486 5214 codices
1516 5176 1705 5225 recen-

188 5247 326 5295 setur.
353 5241 408 5297 ln
434 5260 501 5300 eo
521 5261 762 5317 namque
793 5250 1015 5317 templo,
1042 5252 1366 5319 utsuperius
1397 5236 1698 5323 innuimus,

187 5338 337 5385 vestes
360 5346 545 5389 omnes
571 5350 636 5390 ac
660 5336 841 5392 fasciae
858 5337 1029 5393 beatae
1054 5337 1289 5408 Virginis
1307 5340 1690 5402 servabantur.

248 5510 343 5584 (11)
368 5514 499 5584 Ε’πίκ-
542 5514 662 5584 υτ.

365 5581 614 5655 Touttv.
651 5601 771 5655 pag.
803 5583 928 5638 206.

268 5651 341 5721 l3)
374 5652 497 5721 Pag.
526 5650 665 5706 50L—
723 5650 746 5655 ⁷
930 5650 935 5657 ’

368 5719 785 5794 ρεξελιηεωηυη
815 5727 1043 5794 scriptis,
1073 5742 1190 5794 pag.
1224 5725 1340 5779 108.

246 5787 340 5857 (λδ)
367 5788 480 5847 Viti.
511 5792 754 5869 Theoph.
782 5787 1085 5866 “3:215.-
1144 5787 1158 5795 ..

1346 1633 1460 1678 tum
1534 1625 1719 1690 mdes,‘

1878 535 1938 586 V.
1983 533 2177 589 Utrum
2206 548 2332 588 vero
2375 533 2699 588 ascriheuda
2754 533 3043 604 Eutltymio
3071 543 3257 589 nostro
3284 537 3355 590 sit

1794 627 1954 678 etiam
1997 626 2265 689 Monodia,
2293 627 2405 681 sive
2435 629 2602 680 oratio
2647 627 2879 695 funebris
2916 645 2936 678 ι
2974 627 3039 681 ad
3086 628 3353 681 tumulum

1795 716 2125 769 sanctissimi
2161 717 2670 776 Thessalonicensis
2712 718 3110 785 archiepiscopi
3140 719 3350 770 domini

1796 806 2081 871 Enstathii,
2116 809 2303 876 paucis
2343 809 2411 861 ab
2457 808 2576 874 ejus
2609 808 2757 861 obitu
2814 808 3009 862 diebus
3038 809 3284 871 recitata,
3330 828 3348 859 ι

1795 913 1915 964 qua:
1948 899 2050 950 sub
2079 899 2198 964 ejus
2224 902 2440 953 nomine
2473 900 2524 951 in
2570 899 2758 953 codice
2787 899 3089 952 Bodleiano
3148 900 3357 952 descri-

1798 984 1971 1046 bitur,
2012 1002 2190 1054 neque
2226 1003 2349 1040 cum
2376 988 2496 1041 aliis
2528 988 2795 1041 affirmare
2824 989 3021 1050 ausim,
3056 1004 3153 1041 nec
3210 992 3357 1043 solus

1798 1075 2047 1129 inliciari.
2089 1075 2142 1127 Si
2178 1092 2304 1129 vere
2339 1077 2402 1129 :ul
2452 1093 2574 1130 eum
2639 1078 2896 1144 pertinet,
2946 1093 3007 1130 ex
3051 1093 3113 1130 ea
3158 1078 3358 1131 inti-lli-

1796 1168 1943 1236 gitur
1974 1180 2178 1220 exacta:
2218 1168 2509 1221 admodum
2537 1170 2711 1221 aetatis
2738 1168 3090 1239 Euthymiqu
3123 1169 3350 1223 nbiissc.

1797 1260 1929 1309 Cum
1961 1259 2102 1312 enim
2132 1261 2301 1312 Alexii
2338 1260 2533 1327 Ijttssu
2585 1259 2898 1327 Pauupliam
2952 1261 3193 1314 scribere
3215 1278 3354 1328 sus-

1798 1348 2000 1416 ceperit
2030 1364 2172 1402 anno
2213 1350 2372 1415 1118,
2412 1348 2567 1403 facile
2587 1360 2671 1405 est
2702 1350 2801 1405 eihi
2837 1351 3160 1417 persuadere
3181 1353 3352 1418 ipsum

1801 1442 2001 1493 tuuwin
2056 1441 2228 1509 primo
2251 1443 2440 1495 saltem
2491 1442 2730 1511 juventa:
2783 1442 2915 1495 ﬂore
2970 1443 3159 1496 fuisse.
3220 1443 3357 1506 Quia

1800 1548 1930 1586 vero
1979 1532 2306 1589 Eustathius
2342 1548 2487 1587 anno
2540 1534 2695 1599 1194,
2744 1534 2796 1586 in
2847 1533 3047 1599 templo
3077 1533 3133 1586 S.
3170 1533 3361 1584 Deum.

1801 1624 1891 1677 trii
1924 1627 2178 1694 martyris
2212 1625 2503 1695 Miroblytae
2553 1628 2873 1679 concionem
2916 1626 3103 1678 habuit
3137 1626 3204 1678 ad
3258 1644 3342 1693 ι»..-

1804 1715 2429 1784 pulum,[cuttcedamus
2482 1716 2628 1781 licet,
2680 1717 2823 1783 quod
2891 1718 2990 1768 hoc
3046 1717 3160 1783 ipso
3216 1732 3357 1769 anno

1797 1815 2024 1861 mortem
2053 1808 2268 1871 obierit,
2299 1809 2415 1875 ejus
2446 1808 2722 1862 funebrem
2750 1807 3113 1861 laudationem
3148 1806 3337 1875 Euthy-

1803 1898 1945 1951 mius
1976 1897 2081 1952 nisi
2112 1908 2336 1951 centum
2368 1898 2479 1952 fere
2506 1914 2677 1952 annos
2711 1911 2874 1952 natus
2899 1899 3173 1952 conficere
3210 1897 3356 1951 haud
3390 1944 3393 1947 .

1802 1990 2144 2060 potuit.Quin
2202 1992 2363 2045 etiam
2427 1998 2673 2044 centum.
2721 2005 2893 2045 annos
2938 1998 3357 2058 praetergressus

1800 2083 2044 2152 profecto
2067 2082 2417 2147 confecisset,
2444 2085 2489 2137 si
2518 2082 2767 2135 habenda
2795 2089 2940 2137 esset
2966 2081 3096 2136 fides
3121 2083 3353 2135 Alexan-

1799 2177 1899 2230 dro
1933 2175 2132 2229 Politio
2165 2176 2301 2245 (Π),
2348 2176 2439 2243 qui
2484 2175 2828 2229 Eustathium
2888 2175 3170 2245 Xipltilino
3216 2190 3359 2228 anno

1802 2266 1937 2320 1198
1970 2281 2001 2321 c
2035 2267 2174 2321 vivis
2201 2275 2453 2333 exempto
2491 2266 2837 2334 superstitem
2865 2273 3040 2333 putat,
3091 2264 3219 2331 quia
3244 2264 3360 2331 ipsc

1801 2366 2136 2421 memoratur
2166 2356 2234 2410 ab
2249 2353 2458 2409 Joanne
2475 2356 2606 2410 Citri
2635 2357 2894 2423 episcopo
2917 2355 2969 2407 in
2984 2352 3359 2422 responsione,

1801 2461 1965 2516 quam
1994 2447 2143 2501 dedit
2166 2446 2528 2501 Constantino
2559 2446 2827 2501 Cahasiiae
2851 2448 2996 2499 "circa
3024 2445 3271 2499 ordinem
3305 2446 3357 2497 in

1800 2538 2191 2593 ecclesiasticis
2224 2537 2427 2592 Ofﬁciis
2449 2538 2799 2592 servandum.
2837 2537 2969 2590 Nam
2999 2552 3123 2590 cum
3146 2544 3361 2603 protec-

1800 2633 1952 2688 dicus
1978 2648 2072 2687 seu
2095 2634 2285 2702 judex,
2337 2633 2389 2686 in
2425 2632 2801 2686 criminalibns
2821 2628 3005 2684 causis
3034 2627 3359 2682 clericorum

1801 2725 1940 2779 inter
1970 2725 2177 2777 minora
2210 2723 2381 2776 ollicia
2408 2722 2559 2791 prius
2588 2728 3016 2776 connumeratus
3039 2757 3053 2782 ,
3083 2717 3149 2771 ad
3188 2716 3359 2784 majo-

1803 2828 1914 2867 retn
1945 2814 2171 2881 gradum
2215 2813 2283 2865 ab
2306 2811 2514 2866 Joanne
2544 2810 2822 2879 Xiphiliuo
2880 2807 3071 2863 fuisset
3117 2816 3359 2868 evectus,

1804 2906 1965 2974 idque
1987 2904 2290 2971 aliquorum
2307 2917 2590 2957 censuram
2613 2901 2957 2963 suscitasset,
2980 2899 3031 2951 in
3053 2912 3117 2950 ea
3139 2912 3364 2967 respon-

1801 2998 1955 3050 sione
2010 2993 2249 3050 Joannes
2276 2994 2411 3048 Citri
2439 2991 2730 3061 episcopus
2759 2991 2958 3059 inquit,
2996 2989 3047 3041 id
3095 2986 3297 3057 optimc
3330 3002 3359 3038 a

1800 3085 2074 3156 Xiphilino
2088 3085 2255 3139 fuisse
2276 3083 2652 3144 constitutmu,
2672 3089 2833 3150 atque
2849 3081 2916 3135 ad
2928 3095 3044 3133 eam
3060 3078 3363 3133 innovatio-

1799 3192 1922 3230 nem
1950 3174 2215 3229 Enstathii
2238 3173 2615 3226 :mctoritatem
2645 3169 2962 3230 accchisse,
2994 3169 3088 3237 qui
3122 3166 3174 3219 id
3207 3181 3358 3220 sunt-

1801 3282 2024 3336 tnopere
2059 3263 2560 3318 commendaverat.
2592 3260 2795 3316 Verum
2827 3260 2928 3314 hoc
2972 3274 3079 3312 non
3133 3256 3359 3321 evincit,

1801 3364 1861 3409 ιιι
1886 3354 2093 3409 Politus
2122 3353 2358 3418 censuit,
2391 3351 2743 3405 Eustathium
2768 3347 3049 3416 Xiphilino
3072 3345 3241 3400 fuisse
3265 3360 3360 3399 su-

1800 3445 2104 3516 perstitem,
2147 3454 2203 3498 et
2242 3459 2413 3512 usque
2443 3442 2510 3496 ad
2537 3439 2766 3495 Joannis
2791 3440 2937 3493 illius
2965 3437 3201 3507 episcopi
3226 3444 3361 3490 teme

1808 3550 1942 3605 pora
1974 3535 2319 3605 pervenisse;
2381 3532 2476 3587 sed
2523 3533 2707 3603 potius
2769 3529 3055 3598 Xiphilino
3107 3527 3235 3582 dum
3286 3529 3357 3581 ita

1803 3627 2112 3682 faciendun»
2147 3626 2415 3687 decrevit,
2473 3640 2633 3680 suum
2701 3622 3002 3691 praebuisse
3048 3634 3391 3674 assensum»

1803 3720 1959 3785 Quod
1990 3719 2211 3784 quidem
2249 3734 2310 3772 ex
2337 3719 2510 3785 ipsius
2542 3713 3002 3783 quoqueJoaunis
3033 3712 3212 3766 verbis
3242 3712 3360 3764 erui

1803 3824 1959 3880 posse
1974 3809 2184 3863 videtur
2206 3825 2220 3870 ;
2242 3807 2371 3861 dum
2390 3807 2533 3861 enim
2562 3805 2833 3858 Etistathii
2861 3802 3125 3873 meminit,
3143 3817 3204 3854 ea
3232 3818 3365 3871 prac-

1804 3902 1969 3956 mittit
1985 3902 2149 3956 verba
2173 3898 2269 3952 τοῦ
2307 3900 2365 3951 ὲν
2392 3897 2592 3965 ἁγίοις,
2621 3902 2742 3966 qua:
2767 3910 2889 3949 eum
2915 3895 3027 3964 jam
3062 3895 3364 3948 decessisse

1806 3992 2068 4056 indicant,
2098 3989 2358 4060 quoniam
2404 3989 2602 4057 probos
2626 3994 2955 4054 sanctosque
2978 3985 3127 4038 viros
3160 3983 3212 4036 in
3233 3997 3364 4053 pare

1804 4080 2004 4134 Christi
2036 4080 2378 4149 quiescentes
2407 4077 2481 4131 ita
2507 4078 2834 4149 compellare
2877 4085 3289 4130 consueverant.

1874 4260 1967 4314 Vl.
2000 4258 2272 4315 Hactenus
2304 4258 2572 4328 Euthymii
2598 4256 2784 4310 laudes
2819 4253 3093 4323 prosecuti
3147 4268 3363 4311 smnus.

1810 4355 1902 4406 sed
1931 4350 2312 4418 faterioportet
2341 4348 2653 4403 Graecorum
2698 4346 2986 4401 schismati
3027 4339 3360 4399 adhaesisse:

1808 4442 1952 4511 quod
1973 4442 2315 4510 potissimum
2333 4447 2624 4494 constatex
2648 4438 2832 4493 libello
2849 4439 2936 4491 cui
2959 4437 3183 4490 titulus:
3211 4435 3365 4488 Κατὰ

1807 4532 1918 4586 τῶν
1967 4532 2068 4602 τῆς
2128 4533 2365 4596 παλαιᾶς
2406 4530 2647 4601 Ῥώμης,
2687 4531 2807 4600 ἤτοι
2847 4530 2956 4581 τῶν
2992 4526 3230 4589 Ἰταλῶν,
3282 4527 3364 4579 ὅτι

1804 4623 1909 4675 οὐκ
1947 4625 2013 4674 ὲκ
2052 4622 2151 4673 τοῦ
2199 4621 2331 4675 Υἱοῦ
2379 4620 2744 4689 ἐκπορεύεται
2802 4620 2864 4671 τὸ
2914 4619 3067 4685 ἆγισν
3123 4616 3360 4686 Πνεῦμα.

1810 4711 2067 4767 Adversus
2096 4710 2275 4765 Romae
2314 4713 2501 4764 veteris
2531 4711 2690 4774 ciues,
2722 4710 2826 4763 sire
2854 4709 3046 4771 Italos,
3097 4708 3234 4777 quod
3259 4723 3363 4760 non

1807 4817 1871 4856 ex
1903 4800 2045 4855 Filio
2068 4802 2300 4870 procedit
2326 4799 2557 4869 Spiritus
2588 4810 2826 4855 sanctus.
2858 4799 2968 4852 Leo
2993 4797 3223 4850 Allatius
3249 4797 3358 4866 (18)

1806 4892 2055 4963 pluribus
2085 4890 2841 4946 contenderatortbodoxiam
2894 4887 3167 4958 Eutbytnii
3204 4902 3357 4940 com-

1806 4983 2059 5053 probare,
2083 4982 2175 5037 sed
2203 4964 2492 5038 abJoanne
2514 4981 2755 5034 Auberto
2782 4979 3044 5044 monitus,
3076 4993 3135 5032 se
3163 4978 3361 5045 hujus-

1812 5074 1958 5130 modi
1998 5073 2240 5127 libellum
2277 5073 2331 5127 in
2358 5072 2691 5127 bibliotheca
2712 5070 3007 5126 Parisiensi
3063 5070 3359 5132 invenisse,

1811 5180 1919 5220 non
1949 5180 2071 5219 esse
2107 5165 2342 5237 amplius
2363 5162 2665 5237 defensioni
2700 5164 2877 5217 locum
2904 5161 3085 5216 fassus
3139 5168 3244 5213 est.
3302 5158 3358 5213 lu

1806 5271 1924 5311 eam
1942 5256 2262 5311 sententiam
2291 5249 2525 5310 Allatius
2541 5252 2919 5316 descenderat,
2941 5249 3156 5321 quodin
3210 5249 3358 5304 edita

1807 5345 2080 5416 Panoplia:
2105 5330 2225 5400 Zini
2260 5346 2508 5401 versione
2531 5345 2667 5400 nihil
2687 5345 2966 5399 invenerat
3002 5341 3148 5412 quod
3172 5339 3359 5396 catho-

1878 5523 1993 5659 ἕω)
2022 5522 2137 5576 Vid.
2159 5524 2368 5577 Annam
2398 5520 3126 5586 Comnen.Alexiad.iib.x\r,
3145 5538 3197 5588 ῃ.
3226 5522 3347 5577 157.

1909 5594 1989 5659 17)
2027 5592 2090 5645 In
2120 5592 2342 5659 Prmfat.
2361 5594 2430 5646 ad
2446 5592 2734 5647 Comment.
2761 5592 3029 5645 Eustat/tii
3058 5594 3112 5645 in
3135 5597 3347 5646 Homer.

1909 5594 1989 5659 17)
2027 5592 2090 5645 In
2120 5592 2342 5661 Prmfat.
2361 5594 2430 5646 ad
2446 5592 2734 5647 Comment.
2761 5592 3029 5645 Eustat/tii
3058 5594 3112 5645 in
3135 5597 3349 5646 Homer.

1805 5677 1926 5733 pag.
1958 5662 2020 5714 16
2049 5673 2100 5714 et
2138 5663 2219 5714 17.

1805 5731 2089 5856 "33833;:
2117 5735 2335 5801 utriusq.
2377 5730 2574 5787 Eccles.
2614 5747 2845 5786 ronscns.
2875 5733 2964 5786 lib.
2999 5732 3087 5799 st;
3110 5746 3229 5799 cap,
3270 5732 3351 5795 ιο,

1802 5816 1922 5871 pag.
1958 5810 1988 5856 ϋ
2004 5810 2085 5855 ’1‘2.
