4090 6324
698 393 767 456 27
1997 369 2261 451 PROLE.

2362 399 2546 457 “ENA
2718 354 2721 355 ν
3813 390 3886 451 28
3916 414 3921 419 '

694 508 811 563 lica:
855 504 975 559 lidei
1006 510 1058 558 et
1095 504 1298 559 Latina:
1332 503 1587 561 Ecclesiae
1618 503 2039 573 adversaretur;
2069 510 2126 562 at
2187 501 2247 560 in

696 596 881 649 codice
934 593 1140 657 Grtcco,
1171 600 1333 664 quem
1387 610 1548 664 supra
1612 596 1973 661 laudavimus,
2006 594 2248 652 Michae-

698 687 762 741 lis
789 687 1047 750 Eneman,
1074 695 1251 741 exstat
1287 687 1474 741 titulus
1549 703 1670 751 xm,
1708 687 1801 757 qui
1842 703 1905 742 ex
1937 688 2131 747 Pbotio
2151 688 2248 742 de-

699 788 918 847 cerptus
946 788 1048 837 est.
1079 787 1332 847 totusque
1370 787 1562 832 contra
1618 779 1894 833 noriianos
1944 781 2250 847 processio-

699 884 819 923 nem
851 869 1086 937 Spiritus
1118 871 1289 923 sancti
1316 884 1345 924 a
1370 868 1528 923 Patre
1543 878 1595 923 et
1624 867 1760 924 Filio
1783 878 2092 924 asserentes
2112 885 2248 924 con-

699 959 958 1026 seriptus.
1020 957 1255 1025 ldipsum
1284 958 1556 1012 invenitur
1589 958 1643 1011 in
1679 957 1786 1011 alio
1840 956 2006 1012 etiam
2059 956 2248 1013 codice

666 1060 800 1129 _ms.
839 1046 1127 1113 Panoplia',
1159 1046 1251 1113 qui
1281 1053 1457 1100 exstat
1482 1047 1535 1100 in
1568 1046 1893 1101 bibliotheca
1925 1043 2090 1115 Regia
2144 1046 2247 1097 Pa-

700 1135 940 1196 risiensi,
970 1151 1120 1188 num.
1145 1135 1272 1189 1251
1297 1152 1312 1203 ;
1344 1144 1396 1189 et
1423 1136 1550 1191 hinc
1578 1145 1813 1202 constat,
1840 1137 2159 1206 praedictum
2182 1135 2248 1189 li-

697 1224 895 1278 b‘ellnm
950 1226 1081 1278 nihil
1132 1241 1254 1280 esse
1304 1226 1469 1291 aliud,
1498 1228 1599 1281 nisi
1650 1228 1867 1281 titulum
1916 1241 2009 1280 xm
2066 1225 2247 1280 Pann-

698 1313 821 1378 plize
851 1316 1141 1382 separatim
1187 1297 1540 1383 descriptum,
1576 1322 1692 1368 tum
1727 1317 1785 1369 in
1817 1315 2032 1369 duobus
2098 1316 2249 1369 codi-

700 1401 856 1453 cibus
892 1400 1054 1468 regiis
1086 1404 1219 1470 (l9),
1274 1417 1504 1468 quorum
1562 1418 1704 1458 unus
1748 1402 1812 1456 ad
1859 1418 2053 1459 manus
2102 1401 2249 1457 venit

700 1489 943 1552 Auberti,
969 1501 1077 1544 tum
1106 1493 1166 1545 in
1225 1493 1398 1546 tribus
1453 1492 1730 1547 Vaticanis
1760 1492 1894 1560 (20),
1928 1494 2017 1561 qui
2061 1507 2249 1547 omnes

703 1579 972 1634 miscellas
996 1582 1257 1647 quasdam
1282 1583 1556 1637 variorum
1589 1589 1971 1651 excerptorum
1998 1584 2238 1652 comple-

702 1681 941 1726 t'tuntut'.
1003 1672 1113 1727 lloc
1176 1674 1441 1745 Bigotium
1494 1676 1622 1728 olim
1677 1673 2128 1729 animadvertisse
2162 1682 2249 1728 te-

704 1773 879 1816 statur
908 1764 1159 1831 cpistola,
1189 1753 1351 1833 quam
1405 1766 1457 1817 in
1516 1764 1848 1819 Bibliotheca
1903 1764 2088 1818 critica
2136 1763 2247 1833 (21)

651 1885 656 1891 ο
704 1855 874 1908 edidit
909 1854 1270 1923 Saingiorius.
1298 1854 1568 1907 Pra‘terea
1607 1855 1770 1907 alimn
1804 1868 2017 1922 quoque
2044 1852 2252 1923 Euthy-

704 1945 795 1995 mii
830 1943 1067 1997 libellum
1100 1944 1361 1999 habemus
1392 1944 1444 1998 in
1478 1960 1579 1999 ms.
1606 1946 1792 1998 codice
1844 1943 2108 2001 Vaticano
2149 1943 2251 1997 Pa-

705 2034 874 2088 latino
901 2036 1024 2098 56!,
1064 2036 1117 2090 in
1152 2053 1260 2106 quo
1295 2039 1383 2091 ille
1409 2037 1711 2100 contendit,
1763 2036 2034 2091 Christum
2060 2050 2253 2106 magna

664 2151 668 2155 -
704 2124 893 2192 quinta
944 2125 1075 2180 feria
1117 2142 1239 2180 cum
1273 2127 1557 2193 discipulis
1585 2128 1699 2182 suis
1736 2127 2250 2196 legalepaschace-

707 2216 987 2282 lchrasse;
1042 2223 1094 2271 et
1118 2216 1610 2286 hincintelligitur,
1647 2204 1754 2270 non
1781 2219 1943 2271 modo
1976 2216 2253 2271 defensio-

705 2322 828 2360 nem
864 2310 1169 2377 suscepisse
1192 2324 1436 2364 errorum
1461 2308 1658 2370 Photii,
1686 2308 1781 2362 sed
1806 2309 1970 2362 etiam
2000 2322 2252 2362 errorum

709 2393 763 2448 in
794 2412 931 2464 quos
956 2398 1145 2451 incidit
1165 2399 1390 2455 Michael
1421 2398 1777 2455 Cael-alarius.
1815 2400 1896 2452 An
1927 2399 2256 2471 hicgquoqne

707 2487 921 2542 libellus
955 2503 1019 2560 ex
1055 2488 1309 2554 PaIIOplla
1343 2498 1628 2559 excerptas
1660 2490 1752 2552 sit,
1790 2497 1936 2542 certe
1990 2486 2257 2542 affirmare

711 2591 819 2629 non
847 2578 1042 2640 audeo,
1076 2592 1197 2631 cum
1229 2581 1497 2647 integrum
1529 2578 1595 2632 ad
1650 2594 1846 2633 manus
1869 2594 1976 2633 non
2029 2580 2255 2632 habeam

710 2666 957 2721 lira-cum
998 2678 1201 2722 textum
1234 2670 1521 2737 Panoplim.
1565 2670 1813 2724 Altamen
1854 2670 1925 2723 ita
1956 2684 2075 2723 esse
2098 2669 2261 2723 vehe-

712 2767 921 2812 menter
951 2760 1197 2825 suspicor
1247 2776 1310 2814 ex
1350 2774 1415 2813 eo
1477 2760 1621 2828 quod
1667 2760 1897 2829 scriptor
1954 2758 2176 2814 Graecus
2220 2772 2251 2811 a

712 2847 893 2902 Leone
918 2850 1117 2903 Allatio
1151 2850 1262 2919 (22)
1300 2850 1494 2905 citatus
1527 2861 1731 2916 narrat,
1759 2852 2003 2903 Alexium
2029 2850 2261 2904 Conme-

712 2953 838 2990 num
867 2938 1140 3005 Zigabeno
1171 2938 1474 3007 Joannique
1526 2938 1708 2993 Furno
1750 2939 1987 3007 iussisse
2026 2941 2091 2991 ὲκ
2119 2940 2257 2992 πάν-

712 3046 821 3081 των
846 3027 953 3080 τῶν
985 3028 1142 3082 θείων
1189 3030 1386 3099 βὶὃλων
1430 3030 1625 3095 λόγους
1691 3029 2069 3099 ὲροινισὰμενοι
2118 3029 2260 3083 κατὰ

712 3119 820 3171 τῶν
843 3121 1101 3188 αἱρέσεων
1133 3120 1231 3191 τὴν
1251 3122 1583 3192 δυγματικὴν
1603 3120 1909 3176 Πανοπλιαν
1934 3121 2258 3186 συνέταξαν

714 3213 808 3262 καὶ
827 3213 947 3263 κατ’
978 3212 1154 3264 αὐτῶν
1187 3214 1249 3281 δὴ
1288 3213 1509 3266 Ἰταλῶν
1534 3213 1620 3267 διὰ
1649 3213 1746 3282 τὴν
1800 3213 2118 3282 προσθήκην
2166 3212 2261 3266 τοῦ

716 3300 872 3368 ἁγίου
896 3302 1171 3371 Συμϐόλου
1195 3303 1286 3355 καὶ
1317 3303 1385 3355 τὰ
1413 3303 1617 3372 ἄζυμα,
1644 3313 1696 3356 ut
1719 3319 1784 3357 ex
1808 3306 2044 3358 omnibus
2076 3305 2262 3358 divinis

713 3392 1104 3444 commentariis
1169 3393 1451 3445 sententias
1510 3393 1806 3462 colligentes
1834 3404 2017 3445 contra
2047 3393 2263 3448 hwreses
2338 3416 2348 3422 λ

718 3478 1066 3541 dogmaticam
1091 3476 1403 3543 Panopliam
1434 3490 1797 3546 componerent
1814 3498 1833 3545 ;
1867 3490 1914 3533 et
1942 3490 2126 3533 contra
2153 3497 2267 3534 eos-

717 3566 836 3621 dem
873 3568 1039 3622 Italos
1062 3579 1269 3637 propter
1290 3569 1610 3623 additionem
1632 3571 1685 3622 in
1718 3588 1873 3623 sacro
1937 3569 2185 3639 Symbolo
2217 3581 2265 3625 et

722 3675 932 3728 azyma.
968 3659 1119 3725 Quod
1149 3661 1193 3715 si
1221 3660 1289 3716 de
1312 3664 1520 3731 azymis
1547 3661 1871 3732 Euthymius
1903 3664 1958 3716 in
2008 3650 2268 3731 Panoplia

724 3751 965 3818 scripsit,
996 3751 1197 3805 frustra
1227 3766 1358 3805 sane
1381 3751 1490 3807 Leo
1515 3753 1747 3809 Allatius
1773 3754 1886 3821 (25)
1926 3755 2163 3809 asseruit
2203 3770 2272 3819 ex

727 3841 830 3894 hoc
856 3841 1033 3909 capite
1066 3843 1267 3895 erroris
1304 3841 1454 3910 argui
1528 3842 1871 3913 Euthymium
1929 3856 2035 3895 non
2090 3857 2271 3910 posse,

723 3934 850 4001 quia
873 3931 1221 3999 adiaphoram
1241 3934 1591 4000 quaestionem
1615 3940 1937 4001 prosecutus
1958 3941 2124 3986 esset.
2139 3932 2273 3987 Cum

725 4023 883 4075 enim»
902 4022 1214 4089 Panopliam
1242 4022 1309 4076 ad
1329 4021 1688 4077 eonfutandas
1709 4023 1987 4077 haereticas
2019 4020 2276 4091 quaestio-

724 4130 826 4177 nes
863 4116 1190 4176 exaraverit,
1221 4114 1512 4170 manifesto
1540 4117 1722 4170 statim
1762 4117 1913 4183 argui
1943 4123 2145 4183 potest,
2168 4115 2303 4168 La...

721 4205 964 4258 sinovum
1003 4204 1354 4267 sententiam,
1388 4210 1442 4256 et
1466 4204 1625 4257 ritum
1657 4203 1731 4255 ita
1789 4218 2153 4271 oppugnasse,
2215 4212 2277 4257 ut

723 4294 874 4349 illam
896 4294 1168 4349 haereseos
1207 4293 1621 4361 insimulaverit,
1652 4302 1705 4345 et
1765 4292 1906 4345 hunc
1950 4293 2111 4347 modo
2163 4306 2271 4346 non

728 4386 1005 4450 illicitum,
1034 4385 1132 4440 sed
1166 4385 1331 4438 etiam
1368 4384 1449 4438 uti
1484 4383 1781 4437 invalidum
1811 4392 1864 4435 et
1897 4382 2102 4436 nullum
2135 4382 2275 4449 reie-

719 4477 905 4541 cerit;
936 4477 990 4529 in
1020 4491 1149 4544 quo,
1165 4475 1433 4543 praecipue
1498 4472 1724 4527 Michael
1760 4473 2087 4527 Caerularius
2129 4472 2279 4540 ejus-

729 4579 836 4632 que
865 4572 1209 4619 sectatoresa
1234 4571 1385 4617 recta
1415 4561 1516 4616 fide
1546 4561 1891 4625 aberrabant,
1932 4568 1986 4614 et
2008 4562 2078 4615 ob
2115 4575 2276 4630 quam

729 4654 1075 4727 potissimum
1100 4668 1315 4708 causam
1346 4667 1440 4707 eos
1463 4650 1574 4706 Leo
1612 4649 1684 4704 IX
1710 4650 1959 4707 Pontifex
2011 4651 2280 4707 refutave-

685 4789 689 4793 .
729 4753 818 4799 rat
869 4750 1033 4813 atque
1068 4742 1438 4797 damnaverat.

802 4881 917 4936 Vll.
945 4880 1063 4937 .lam
1091 4896 1244 4947 vero,
1270 4889 1332 4937 ut
1354 4879 1419 4934 ad
1449 4877 1797 4949 opusculum,
1819 4878 1961 4947 quod
1989 4880 2146 4931 modo
2165 4878 2285 4931 val-

732 4973 971 5047 gandum
1006 4973 1409 5044 est,‘pr0prius'
1441 4969 1723 5037 accedam,
1758 4966 2077 5039 Euthymius
2093 4978 2282 5022 contra

812 5198 924 5267 (19)
946 5199 1080 5254 Cod.
1117 5199 1274 5262 13'“,
1297 5214 1352 5253 n.
1381 5197 1472 5260 21,
1507 5188 1561 5250 et
1585 5196 1724 5267 Cod.
1764 5195 1924 5267 2⁸182,
1959 5195 2191 5267 nuntiis.

813 5263 925 5336 (20)
961 5269 1095 5323 Cod.
1130 5268 1251 5326 579.
1291 5284 1413 5338 pag.
1445 5267 1593 5329 189..
1616 5264 1751 5320 Cod.
1778 5265 2039 5334 680,pag.
2061 5263 2185 5327 438,
2233 5272 2288 5317 et

743 5339 883 5395 Coel.
926 5338 1049 5400 7l7,
1084 5338 1354 5405 pag.199.
1698 5344 1701 5347 ·

816 5407 927 5473 (211
969 5403 1124 5460 Tom.
1149 5405 1235 5470 III,
1266 5421 1385 5473 cap.
1416 5405 1506 5469 21,
1532 5420 1652 5474 pag.
1689 5403 1776 5457 97.

814 5468 1026 5598 (22253;
1046 5468 1318 5544 utriusque
1337 5468 1547 5528 Eccles.
1564 5468 1800 5528 causam.
1827 5472 1923 5537 lib,
1946 5486 2023 5537 x1,
2050 5484 2169 5539 cap.
2198 5468 2285 5533 10,

821 5562 870 5598 a.
1016 5583 1030 5598 .

786 5562 870 5610 ag.
904 5562 1030 5598 uso.

746 5562 870 5616 pag.
904 5562 1030 5598 uso.

821 5614 930 5682 (25)
962 5613 1034 5666 De
1057 5631 1321 5678 causam,
1343 5630 1397 5682 p.
1428 5612 1550 5667 462.

826 5679 936 5752 (2.1)
970 5682 1218 5753 Insignia
1266 5679 1506 5736 itinerum
1541 5681 1713 5736 Italic.
1760 5697 1881 5750 pag.
1920 5679 2017 5735 106
2047 5686 2100 5734 et
2137 5691 2284 5746 seqq.

828 5750 941 5822 (25)
964 5750 1118 5809 Tom.
1150 5750 1236 5820 lli,
1262 5768 1383 5823 pag.
1420 5753 1510 5807 71.

2349 504 2653 580 Βυςιιιιιὶιοε
2695 508 2826 563 illud
2854 505 3201 562 concinnavit
3228 519 3457 575 quorum
3512 494 3760 557 ltazresim
3782 503 3890 555 alio

2340 611 2560 667 quoque
2598 599 2858 669 singulari
2891 598 3157 668 opusculo
3217 596 3517 652 insectatus
3576 604 3681 654 est,
3741 594 3888 661 quod

2337 686 2609 759 integrum
2643 688 2828 743 Gmce
2857 699 2911 742 et
2953 685 3144 740 Laline
3188 684 3528 750 eruditisque
3591 682 3733 734 notis
3788 695 3891 730 au-

2342 784 2486 834 ctum
2511 787 2564 834 et
2597 778 2924 833 illustratum
2960 794 3023 832 ex
3050 774 3238 831 codice
3264 770 3674 827 Vindobonensi
3699 770 3752 821 in
3779 785 3891 837 quo

2342 871 2493 926 velut
2540 871 2805 940 appendix
2858 868 3126 936 Panopliae
3182 866 3402 935 legitur,
3444 862 3613 917 edidit
3654 859 3894 915 lacubus

2342 961 2548 1017 Tollius
2586 961 2727 1031 (21).
2766 948 3105 1029 inscriptum.
3127 965 3241 1013 est:
3282 954 3540 1018 Victoria,
3571 968 3666 1006 seu
3703 952 3900 1004 trium-

2342 1052 2472 1119 phus
2502 1053 2567 1106 de
2588 1052 2753 1120 impia
2795 1051 3236 1105 Massalianorum
3262 1055 3424 1108 secta,
3462 1044 3585 1113 quia
3618 1044 3671 1095 in
3696 1055 3897 1096 conon

2347 1144 2621 1198 rationum
2654 1142 2946 1197 momentis
2978 1139 3381 1210 Bogomilorum
3437 1149 3653 1191 errores
3713 1133 3903 1187 disru-

2347 1235 2559 1289 tinntur
2598 1250 2660 1289 ac
2687 1234 3013 1295 refutantur,
3047 1233 3139 1288 sed
3168 1229 3390 1298 singuli,
3412 1228 3489 1281 uti
3515 1227 3626 1295 jam
3657 1222 3903 1285 refutati,

2350 1324 2899 1378 anathematizantur.
2932 1324 3189 1376 Cudicem
3229 1320 3382 1373 illum
3415 1316 3901 1373 Vindobonensem

2345 1411 2455 1480 jam
2482 1411 2845 1482 descripserat
2866 1411 3183 1466 Lambecius
3210 1409 3346 1479 (25),
3372 1417 3426 1462 et
3445 1403 3756 1474 spceiminis
3779 1402 3909 1454 loco

2349 1506 2559 1573 primos
2620 1513 2731 1559 tres
2796 1502 3282 1557 anatlicmatismos
3335 1498 3672 1566 vulgaverat.
3754 1492 3907 1545 ldcm

2351 1594 2675 1649 Lambecius
2704 1594 2816 1663 (26)
2848 1608 2946 1649 nos
2977 1592 3135 1646 docet
3177 1590 3231 1644 in
3264 1589 3600 1644 bibliotheca
3627 1584 3910 1638 Vindoboo

2342 1684 2510 1738 'nensi
2566 1684 2773 1752 aliquas
2840 1683 3002 1737 ctiam
3064 1679 3359 1749 reperiisse
3419 1677 3679 1745 epistolas
3715 1682 3913 1728 contra

2352 1773 2828 1846 Phundagiagitas.
2858 1790 2950 1828 seu
2980 1772 3285 1842 Bogomilos
3300 1770 3659 1843 conscriptas,
3681 1767 3914 1821 missas-

2350 1879 2455 1937 que
2475 1880 2505 1918 a
2533 1866 2858 1920 monasterio
2890 1864 3204 1931 Pcribleptae
3228 1864 3280 1916 in
3311 1862 3539 1931 patriam
3569 1875 3744 1921 suam,
3769 1874 3917 1926 quac.

2356 1970 2472 2007 rum
2501 1956 2849 2023 epigraphem
2881 1955 3085 2009 Tollius
3119 1953 3304 2008 Grmce
3336 1954 3529 2007 recitat
3566 1966 3688 2005 cum
3716 1950 3915 2004 Latina

2353 2047 2621 2108 versione,
2668 2045 2720 2098 in
2768 2061 2874 2113 qua
2923 2045 3087 2099 verba
3145 2045 3242 2112 τῆς
3288 2044 3457 2113 μονῆς
3500 2045 3601 2113 τῆς
3653 2042 3921 2110 Περιὸλέ-

2355 2152 2489 2187 mou
2523 2134 2750 2188 illustris
2786 2124 3008 2188 ccenobii
3037 2133 3224 2186 Latine
3255 2132 3491 2187 reddidit
3517 2149 3533 2196 ;
3563 2131 3655 2186 sed
3702 2133 3918 2187 rectius

2355 2240 2485 2281 sane
2514 2224 2837 2279 reddidisset
2868 2223 3082 2277 emnobii
3124 2221 3450 2292 Periblepme,
3476 2223 3619 2275 hanc
3670 2220 3921 2276 Graecam

2354 2330 2538 2368 vocem
2556 2315 2810 2369 intactam
2835 2313 3164 2383 relinquens,
3187 2313 3310 2383 quia
3335 2319 3415 2366 est
3431 2312 3597 2366 veluti
3614 2311 3919 2380 cognomen

2356 2405 2503 2459 illius
2545 2404 2800 2466 emnohii,
2841 2419 2952 2473 quo
3015 2405 3305 2459 utebantur
3361 2413 3617 2473 tanquam
3673 2402 3925 2471 epitheto

2359 2492 2598 2561 Virginis
2623 2492 2886 2561 Deiparaa,
2912 2494 2999 2547 cui
3028 2493 3336 2547 emnobium
3364 2493 3469 2546 hoc
3522 2500 3638 2547 erat
3668 2490 3923 2546 ‘dedica-

2358 2587 2495 2641 tum,
2525 2587 2583 2633 ut
2613 2579 2680 2631 ab
2705 2579 2825 2631 aliis
2853 2594 2970 2645 quae
2996 2588 3155 2632 erant
3205 2577 3704 2645 Constantinopoli,
3726 2591 3928 2632 emno-

2358 2668 2463 2723 biis
2493 2683 2555 2722 ac
2571 2668 2783 2737 templis
2809 2668 3236 2737 eidemDeiparaa
3264 2669 3436 2722 sacris
3464 2666 3924 2735 distingueretur.

2427 2797 2564 2854 Vlll.
2597 2800 2696 2865 Qui
2723 2800 2921 2855 fuerint
2943 2801 3345 2871 Bogomilorum
3370 2816 3612 2865 errores,
3645 2816 3915 2857 necessa-

2358 2892 2499 2945 rium
2564 2895 2679 2947 non’
2727 2902 2807 2947 est
2864 2891 2954 2946 hic
3014 2908 3307 2961 exponere,
3340 2892 3599 2961 quoniam
3624 2895 3707 2948 vel
3743 2909 3808 2949 ex
3839 2893 3922 2951 iis

2362 2983 2559 3043 solum,
2586 2997 2705 3050 quae
2727 2982 2779 3047 in
2808 2982 2911 3036 hoc
2937 2982 3116 3036 libello
3147 2988 3332 3036 narrat
3377 2980 3725 3051 Euthymius,
3775 2985 3923 3039 satis

2364 3073 3222 3147 innotescunt“Appellabantur
3279 3064 3461 3126 autem
3530 3072 3791 3141 Bugmuili
3848 3088 3926 3128 cx

2364 3177 2492 3219 voce
2533 3161 2659 3232 Bog,
2689 3178 2811 3233 qua
2841 3163 3192 3234 Bulgarorum
3223 3164 3406 3234 lingua
3433 3162 3703 3234 signiﬁcat
3730 3163 3924 3229 Deum,

2363 3260 2416 3307 et
2447 3267 2577 3306 voce
2612 3254 2814 3317 omilui,
2845 3268 2951 3323 quo
2976 3253 3144 3308 verbo
3172 3253 3311 3322 apud
3342 3253 3562 3307 eosdem
3587 3251 3922 3320 exprimitur

2366 3346 2628 3408 miserere,
2683 3345 2837 3413 quasi
2875 3343 2951 3398 illi
2995 3352 3176 3397 essent
3207 3343 3302 3412 qui
3354 3343 3445 3397 Dei
3481 3342 3925 3398 misericordiam

2366 3434 2729 3502 implorabant
2762 3433 2898 3504 (27).
2935 3432 3098 3486 Iidem
3126 3430 3389 3499 Bogomili
3422 3428 3553 3485 dicti
3583 3441 3711 3485 sunt
3745 3428 3921 3483 etiam

2367 3521 2773 3592 Phundagialte.
2831 3523 2913 3576 vel
2971 3521 3289 3575 Phundaita‘.
3345 3536 3410 3575 ex
3464 3536 3549 3584 eo,
3609 3519 3934 3587 utconjicit

2368 3613 2665 3667 Cotelerius
2728 3613 2879 3680 (28),
2930 3612 3074 3683 quod
3144 3613 3414 3682 marsupia
3470 3610 3537 3665 ad
3590 3609 3935 3679 colligendas

2372 3705 2748 3773 eleemosynas
2794 3705 3087 3773 gerebant:
3118 3703 3319 3772 φοῠνδα
3348 3703 3493 3755 enim
3528 3701 3669 3771 apud
3701 3700 3931 3757 Graecos

2372 3796 2640 3864 sequioris
2687 3795 2785 3848 aevi
2816 3795 3111 3862 scriptores
3150 3808 3249 3862 pro
3300 3792 3579 3860 marsupio
3626 3791 3929 3848 indicando

2374 3887 2665 3955 reperitur.
2694 3886 2961 3940 Praeterea
3007 3885 3132 3938 aliis
3166 3884 3328 3937 etiam
3374 3882 3688 3937 nominibus
3721 3882 3933 3936 distin-

2376 3977 2705 4045 guebantur,
2747 3989 2873 4027 nam
2901 3982 2956 4028 et
2992 3972 3327 4035 Massaliani,
3356 3978 3411 4026 et
3447 3970 3713 4035 Euchitaa,
3737 3976 3790 4025 et
3819 3967 3939 4023 En-

2376 4067 2676 4129 thusiastne,
2713 4072 2766 4119 et
2802 4064 3113 4127 Encratitaa,
3147 4072 3202 4119 et
3227 4062 3564 4117 Marcionita
3585 4060 3934 4123 dicebantur,

2377 4165 2442 4213 ut
2470 4172 2535 4212 ex
2557 4154 2743 4210 eodem
2772 4154 3066 4226 Euthymio
3094 4160 3306 4209 constat
3335 4171 3350 4231 ξ
3382 4168 3501 4222 qua:
3532 4151 3712 4205 omnia
3753 4149 3933 4220 Bogu-

2381 4249 2632 4318 milorum
2693 4247 2913 4300 nomina
2962 4244 3172 4315 prolixe
3206 4244 3496 4299 admodum
3548 4249 3602 4296 et
3634 4241 3850 4297 erudite
3879 4240 3937 4293 in

2382 4337 2824 4400 adnotationibus
2848 4337 2963 4391 suis
3003 4336 3210 4390 Tollius
3245 4333 3360 4405 (29)
3397 4333 3671 4402 exposuit.
3721 4332 3790 4386 At
3822 4344 3939 4400 pre

2381 4429 2590 4485 caeteris
2630 4416 2819 4480 notatu
2858 4425 3079 4495 dignum
3110 4434 3197 4479 est
3244 4438 3480 4487 nomen,
3530 4421 3678 4492 quod
3728 4419 3940 4490 Euthy-

2383 4521 2527 4575 mius
2560 4520 2614 4572 in
2643 4518 2745 4572 hoc
2812 4516 3079 4586 opusculo
3110 4516 3308 4569 asserit
3354 4514 3665 4584 Bogomilos
3688 4511 3794 4566 sibi
3838 4512 3942 4566 tri-

2384 4611 2589 4674 bnisse,
2654 4625 2844 4678 nempe
2895 4608 3321 4674 Chrislopolilas,
3353 4623 3449 4661 seu
3508 4603 3705 4660 Christi
3758 4603 3941 4666 cives;

2389 4702 2495 4756 hoc
2520 4702 2664 4756 enim
2701 4700 2938 4760 nomine.
2970 4714 3079 4767 quo
3109 4698 3398 4768 specialem
3441 4709 3568 4763 erga
3616 4709 3710 4748 eos
3730 4693 3939 4749 Christi

2388 4788 2732 4845 dilectionem
2788 4788 3158 4851 ostentabant,
3212 4784 3475 4855 appellari
3499 4781 3832 4852 gaudebant,
3874 4788 3941 4835 ut

2389 4880 2602 4934 facilius
2666 4878 3026 4947 simpliciores
3064 4877 3117 4931 in
3149 4889 3341 4930 eorum
3379 4887 3594 4948 errores
3649 4868 3941 4945 pertrahe-

2390 4976 2511 5023 rent
2542 4967 2673 5037 (30).
2710 4954 2884 5036 Atque
2922 4965 3166 5021 eamdem
3192 4964 3353 5018 etiam
3380 4963 3450 5017 ob
3495 4975 3718 5018 causam
3751 4973 3945 5013 mona-

2458 5193 2726 5259 (26)Τιιιιι,
2759 5195 2823 5254 ν,
2853 5208 2951 5262 pag
2998 5192 3088 5255 '58,
3123 5190 3400 5262 127Li34.
3434 5218 3437 5219 ν
3484 5212 3487 5217 ⁴

2456 5254 2568 5333 (27)
2600 5254 3171 5333 th.cl."Prazsulem
3223 5257 3554 5333 Stephanum
3593 5254 3939 5333 [iurgiam‘in

2387 5323 2676 5388 Comment.
2714 5332 2776 5386 de
2804 5330 2970 5385 Cruce
3018 5329 3183 5383 Valic.
3207 5323 3335 5397 cap.-
3366 5327 3415 5386 7,
3446 5342 3564 5397 pag.
3593 5325 3681 5397 79.
3715 5323 3938 5391 adn.(b)

2390 5402 2550 5524 6(28
2598 5401 2652 5454 In
2706 5405 2846 5454 notis
2897 5401 2962 5453 ad
3005 5414 3128 5469 pag.
3162 5394 3288 5460 tu,
3339 5406 3469 5451 tom.
3513 5396 3554 5460 l,
3607 5394 3939 5448 Monument.

2438 5487 2563 5524 HEC.

2438 5487 2563 5525 1⁵026.

2470 5538 2580 5609 (29)
2614 5538 2851 5607 Insignia
2888 5539 3060 5609 itiner.
3090 5535 3219 5609 Ital.
3256 5536 3375 5605 p'ag.
3408 5535 3527 5598 110,
3559 5541 3623 5609 et
3649 5546 3798 5600 seqq.

2469 5603 2580 5676 (30⁷1
2613 5603 2846 5676 Consule
2868 5603 3288 5676 adnotationem,
3322 5620 3492 5676 quam
3508 5604 3573 5657 ad
3612 5603 3711 5656 hoc
3743 5611 3945 5655 riunten

2400 5659 2653 5748 apposuit
2681 5659 2914 5740 διὀιιιὶιέ,
2943 5693 3062 5747 pag.
3096 5659 3217 5741 122,
3251 5659 3397 5728 num.
3436 5671 3519 5725 12.
