4090 6324
201 352 266 415 29
1502 373 2081 433 ruowoousxa.
3317 379 3390 437 ao

198 470 384 524 sticam
421 470 582 523 vitam
615 473 1029 539 profitebantur,
1065 483 1376 550 tantae-quc
1429 483 1738 540 sanctitatis

198 560 426 626 speciem
450 562 689 616 exterius
717 563 1067 627 simulabant,
1106 577 1161 623 ut
1199 575 1354 640 quasi
1406 575 1584 629 omnis
1615 590 1738 641 per-

195 649 440 701 fectionis
472 650 706 704 cultores
732 651 1062 706 viderentur.
1092 654 1239 711 llanc
1276 676 1462 716 eorum
1501 645 1620 713 vita!
1648 677 1737 713 ra-

195 740 392 790 tionem
448 740 512 792 ad
569 742 746 795 vivum
787 753 842 796 et
902 746 1174 813 eleganter
1207 749 1471 805 describit
1524 755 1736 805 oculata

196 827 352 880 testis
398 827 550 881 Anna
619 831 890 884 Comnena
957 833 1087 903 (.31),
1131 839 1289 908 cujus
1335 850 1513 895 tamen
1576 842 1736 894 verba

193 918 351 969 modo
375 918 461 973 hic
499 921 694 974 all’crre
729 937 830 975 non
870 935 1044 979 vacat.

262 1007 349 1059 IX.
382 1010 764 1076 luquircndum
793 1021 876 1068 est
898 1017 1077 1084 potius
1117 1020 1408 1084 quomodo-
1434 1019 1594 1088 impia
1640 1019 1740 1072 Bo-

191 1100 512 1163 gotnilorum
569 1104 818 1171 dogmata
874 1107 1186 1178 Periblcptm
1219 1113 1742 1165 tuonachosinfcce-

193 1192 314 1243 rint.
361 1192 620 1259 Equidem
674 1197 727 1248 itt
765 1213 824 1249 ea
850 1214 970 1253 sum
1008 1202 1297 1263 setttmlia,
1348 1193 1657 1270 Bog'omilos
1687 1205 1738 1257 in

191 1298 356 1333 unum
385 1284 657 1351 quoddam
715 1289 994 1358 collegium
1055 1293 1342 1354 coaluisse,
1392 1296 1442 1346 in
1484 1311 1592 1362 quo
1625 1310 1739 1347 mo-

192 1376 460 1428 nasticum
520 1378 644 1432 vita:
712 1379 1020 1435 institutum
1100 1385 1336 1450 proﬁteri
1395 1387 1736 1443 simularent.

190 1465 421 1520 Causam
455 1484 554 1522 cur
591 1471 663 1522 ita
722 1475 1067 1526 sentiendum
1093 1477 1345 1543 suspicor
1378 1478 1575 1544 prathct
1607 1479 1737 1531 mihi

189 1559 422 1623 primum
453 1559 960 1630 Christopolitarum
1004 1583 1218 1630 nomen,
1252 1567 1392 1636 quod
1435 1584 1619 1620 eorum
1649 1584 1740 1621 so-

189 1648 374 1701 cietati
429 1651 707 1719 fecerunt;
758 1672 818 1708 ac
875 1658 1072 1710 deinde
1115 1661 1282 1712 Anna:
1314 1660 1736 1727 (Iomnenaa(59.)

188 1741 454 1804 narratio,
513 1745 800 1799 serihcntis
866 1747 1123 1800 Bisilium
1171 1766 1316 1803 novre
1373 1751 1532 1812 huius
1577 1760 1738 1804 sectae

187 1838 470 1883 auctorem
524 1833 808 1888 duodecim
863 1839 964 1891 sibi
1019 1838 1321 1908 discipulos
1379 1841 1736 1910 adjunxisse.

187 1933 320 1987 quos
345 1930 399 1972 et
422 1926 720 1989 apostolos,
755 1927 818 1979 ad
849 1927 1074 1982 Mauctis
1120 1931 1448 1999 exemplum,
1480 1933 1739 1996 nomina-

188 2018 359 2062 verat.
397 2010 472 2064 Ex
498 2014 596 2066 hac
665 2017 810 2069 enim
862 2020 1172 2072 narratione
1208 2022 1391 2074 statim
1423 2021 1571 2074 subit
1619 2023 1736 2088 epi-

186 2101 296 2162 nio,
318 2117 417 2157 eos
442 2119 547 2158 non
581 2121 920 2163 commune-it
949 2126 1071 2163 cum
1099 2111 1222 2164 aliis
1255 2110 1536 2165 monachis
1575 2110 1737 2164 vitam

188 2195 389 2264 egisse,
419 2199 510 2250 sed
551 2198 687 2252 inter
722 2216 779 2253 se
813 2208 1025 2254 tantum
1058 2201 1246 2254 iniisse
1275 2202 1627 2264 societatem;
1675 2218 1739 2256 eo

190 2286 365 2354 magis
426 2290 570 2357 quod
621 2293 884 2358 qundam
924 2295 1083 2346 etiam
1130 2293 1540 2360 discipulasiis
1571 2295 1739 2348 fuisse

189 2374 461 2435 immistas
495 2380 564 2434 ab
595 2382 782 2436 eadem
837 2383 985 2438 Anna
1033 2384 1348 2438 allirmatur.
1388 2387 1455 2439 At
1483 2401 1606 2439 vero
1642 2401 1737 2451 pa-

190 2466 390 2523 tefacta
419 2471 635 2524 demum
666 2472 1064 2540 Bogomilorum
1116 2477 1306 2531 ltzercsi
1349 2491 1411 2529 ac
1443 2477 1738 2546 hypocrisi,

188 2568 239 2612 et
278 2558 502 2625 Basilio,
538 2563 695 2631 jussu
742 2566 915 2619 Alcxii
951 2566 1236 2630 Conmeni,
1281 2568 1333 2620 iu
1372 2568 1740 2635 llippodromo

188 2653 348 2720 τελεῖτε
408 2655 559 2708 urbis
603 2665 818 2721 exusto,
873 2658 1034 2726 impia
1066 2659 1178 2711 hazc
1213 2660 1446 2713 societas
1476 2660 1741 2715 dissoluta

188 2753 268 2796 cst
302 2759 374 2798 ac
394 2745 656 2811 dispersa.
689 2748 918 2816 ejusque
951 2765 1164 2804 errores
1197 2751 1460 2806 damnati.
1488 2755 1739 2809 Attamen

188 2834 350 2887 sicuti
374 2836 617 2902 quotidie
644 2839 935 2894 usuvenire
953 2842 1344 2910 conspicimus.
1374 2855 1430 2896 ut
1453 2844 1497 2898 si
1523 2846 1742 2912 quando

186 2939 344 2977 error
377 2925 568 2989 aliquis
605 2931 769 2982 menti
800 2931 1101 2998 cujuspiam
1139 2933 1415 2996 insederit,
1449 2949 1552 2986 non
1588 2935 1742 2989 facile

188 3015 410 3071 animus
441 3017 508 3070 ah
537 3019 964 3080 eo.rctrah‘ttur.
993 3022 1065 3075 ita
1099 3022 1166 3076 de
1194 3021 1485 3092 Bog'omilis
1528 3025 1741 3080 accidit.

188 3102 318 3158 Nam
339 3122 452 3187 __sex
497 3117 549 3160 et
578 3109 764 3176 viginti
800 3124 969 3162 annos
1015 3118 1298 3178 postquam
1331 3128 1518 3165 eorum
1573 3114 1743 3170 luere-

188 3196 265 3249 sis
296 3183 557 3252 damnata
587 3199 784 3262 fuerat,
818 3184 1236 3270 Nipho'quidam
1266 3206 1568 3260 monachus
1591 3207 1737 3258 illam

189 3301 388 3342 rursus
427 3288 683 3342 innovare
709 3289 820 3355 jam
851 3293 1115 3360 ‘cceperat,
1152 3307 1259 3346 non
1293 3296 1478 3361 paucis
1507 3296 1559 3349 in
1588 3312 1742 3351 suam

188 3380 517 3434 sententiam
549 3383 855 3450 pertractis.
888 3382 1044 3449 Quod
1093 3400 1215 3439 cum
1241 3385 1478 3440 delatum
1508 3397 1652 3442 esset
1677 3389 1743 3441 ad

187 3465 491 3523 llanttelem
551 3472 881 3524 (lomnenum
917 3511 934 3537 ,
971 3473 1142 3526 Alexii
1209 3474 1228 3528 Ι
1275 3491 1340 3527 ex
1392 3475 1498 3528 filio
1540 3473 1745 3531 Joanne

187 3566 469 3626 nepotem,
503 3560 593 3626 qtti
641 3569 770 3613 tunc
816 3545 1138 3630 imperabat,
1172 3564 1438 3633 syuodum
1472 3564 1740 3619 Constan-

187 3648 414 3718 tinopoli
477 3649 593 3719 cogi
652 3649 836 3717 jussit,
869 3659 926 3704 ιιι
953 3649 1219 3719 Niphonis
1247 3666 1408 3705 causa
1443 3653 1744 3707 discutere-

188 3746 297 3793 tur.
336 3737 676 3808 Congregata
704 3755 765 3794 ea
798 3740 1036 3810 synodus
1067 3738 1168 3794 fuit
1207 3756 1350 3794 anno
1389 3741 1538 3802 lt“,
1569 3740 1743 3806 pridie

185 3826 315 3880 ldus
344 3825 622 3889 Octobris,
671 3827 724 3880 in
772 3827 1057 3883 Thomaite
1103 3843 1196 3883 Seu
1246 3828 1587 3898 patriarchali
1649 3828 1746 3881 tri-

185 3917 379 3978 clinio,
435 3916 760 3985 pra-sidente
819 3916 1078 3971 Michaele
1105 3916 1262 3971 Oxita
1308 3920 1645 3987 patriarcha,
1681 3936 1747 3974 ae.

186 4006 436 4060 lianuele.
488 3993 768 4061 Comueno
818 4008 1165 4077 imperatore,
1225 4010 1578 4079 pluribusque
1627 4011 1745 4078 epi-

185 4098 374 4165 scOpis
410 4105 464 4150 et
514 4098 870 4165 optimatibus
909 4098 1298 4162 assidentibus.
1353 4103 1443 4168 qui
1479 4103 1780 4164 accersito,

188 4186 457 4255 Niphone,
505 4197 560 4244 et
609 4190 672 4242 de
725 4189 845 4258 ejus
901 4190 1186 4245 sententiis
1237 4190 1558 4260 perquisito,
1620 4207 1742 4245 cum

186 4278 327 4333 male
349 4294 477 4332 eum
518 4279 572 4332 in
629 4280 733 4348 fide
787 4281 985 4335 sentire
1016 4279 1520 4348 depreltendissent,
1550 4281 1601 4334 in
1633 4296 1740 4334 mo-

185 4371 490 4424 nasterium
543 4371 860 4440 Peribleptm
914 4372 1127 4426 interim
1190 4371 1540 4441 relegandum
1608 4389 1740 4427 cen-

185 4477 366 4524 suere,
400 4470 681 4515 monentes
725 4463 994 4522 abbatem.
1031 4467 1368 4530 caeterosque
1417 4466 1741 4526 monachos,

185 4555 243 4599 ut
268 4563 446 4617 neque
478 4547 581 4614 ipsi
615 4563 736 4601 cum
764 4563 829 4601 eo
872 4549 1330 4616 colloquerentur,
1364 4566 1540 4619 neque
1567 4553 1740 4612 cuiwis

184 4647 337 4691 extra
373 4637 760 4692 monasterium
792 4640 1003 4710 degenti
1042 4640 1110 4694 ad
1136 4657 1257 4695 eum
1295 4641 1478 4694 aditus
1513 4645 1741 4711 permit-

187 4737 382 4782 terent.
411 4729 520 4783 Res
553 4739 730 4783 tamen
767 4745 874 4784 non
903 4733 1066 4786 cessit
1092 4747 1157 4785 ex
1191 4741 1338 4787 voto.
1375 4732 1545 4800 Nipbo
1572 4735 1739 4798 enim,

186 4829 400 4885 arrepta
424 4821 730 4886 occasimte,
764 4836 886 4875 cum
909 4823 1236 4890 quibusdam
1270 4822 1588 4893 Peribleptte
1629 4843 1742 4880 mo-

186 4909 380 4963 nachis
405 4909 661 4976 paulatim
693 4912 859 4980 capit
910 4911 1197 4965 instituere
1227 4903 1520 4982 colloquia,
1549 4923 1600 4968 et
1632 4914 1742 4967 ha:-

185 5008 375 5052 rcseos
406 5012 518 5052 suae
547 4998 696 5051 virus
727 5000 805 5054 eis
837 5001 1125 5069 pr0pinare
1150 5018 1164 5066 ;
1191 5002 1260 5054 ob
1289 5017 1452 5070 quam
1508 5018 1728 5056 causam

184 5087 432 5155 ejusdem
456 5088 648 5159 synodi
671 5087 877 5154 Patres,
909 5106 975 5145 ne
1016 5093 1182 5158 pestis
1214 5090 1300 5144 illa
1345 5093 1732 5146 monachorum

186 5186 402 5234 mentes
437 5183 774 5250 dcpasceret,
832 5182 1127 5251 Niphonem
1171 5185 1505 5238 monasterio
1560 5194 1740 5240 extra-

183 5282 359 5336 etum,
381 5285 447 5325 ac
469 5274 591 5344 igne
621 5281 676 5330 et
698 5289 838 5343 aqua
861 5273 1208 5329 interdictum
1235 5276 1445 5344 longius
1492 5279 1743 5332 exsulare

250 5449 370 5516 (3i)
409 5450 647 5521 diexiad.
687 5451 778 5507 lib.
804 5469 888 5513 xv,
924 5467 1042 5521 pag.
1074 5452 1196 5508 £86.

253 5521 372 5585 βξ)
411 5518 578 5580 mm,
615 5535 734 5588 pag.
759 5523 881 5576 8n.

248 5589 476 5664 (33290
497 5589 722 5657 utriusq.
760 5590 959 5647 Eccita.
987 5609 1220 5648 consciis.
1245 5593 1337 5648 lib.
1404 5612 1461 5657 tt,
1492 5608 1611 5664 cap.
1652 5595 1732 5655 I2,

182 5673 304 5726 pag.
337 5657 464 5718 680.
481 5668 534 5713 et
557 5673 705 5728 seqq.

247 5728 305 5794 (5
320 5728 367 5796 ι)
400 5728 518 5784 Vid.
544 5728 749 5784 Annam
769 5731 957 5786 Coum.
985 5733 1220 5789 Alexiad.
1241 5733 1332 5791 lib.
1358 5751 1441 5796 xv,
1471 5749 1587 5804 pag.
1608 5734 1730 5791 187.

1839 495 2150 552 coegerunt.
2198 483 2495 552 Utrumque
2519 483 2776 554 synodale
2803 484 3101 545 decretum,
3135 501 3240 552 quo
3271 485 3384 536 lnec

1839 585 1954 628 acta
1989 575 2396 642 constitutaque
2424 575 2668 638 fuerunt,
2691 575 2876 629 Graece
2905 584 2959 628 et
2987 574 3176 627 Latine
3223 576 3388 627 edidit

1842 664 1948 718 Leo
1988 666 2216 718 Allatius
2244 667 2376 735 (55).
2402 665 2761 732 Quamobrem
2802 681 2906 718 tton
2956 665 3110 726 male,
3151 674 3205 716 ttt
3237 665 3384 718 arbi-

1840 765 1975 819 tror,
2009 757 2277 825 eonjicerc
2306 757 2426 824 quis
2456 757 2673 825 poterit,
2697 767 2807 808 ttttn
2836 757 3063 824 primum
3093 771 3155 808 ex
3187 754 3388 822 Nipho-

1840 848 1926 900 nis
1981 848 2375 901 consuetudine
2418 848 2682 915 quosdam
2735 847 3057 914 Periblepttc
3095 845 3390 899 monachos

1840 939 2239 1005 Bogomilorum
2271 953 2483 992 errores
2509 939 2674 992 fuisse
2704 946 3002 1006 amplexos.

1909 1029 1974 1084 Χ.
2007 1028 2251 1094 Quanam
2276 1046 2403 1084 vero
2433 1029 2643 1082 ratione
2670 1029 2994 1099 Eutbymius
3037 1029 3231 1109 horum
3277 1044 3389 1080 tro-

1841 1121 2134 1173 nachorum
2161 1121 2487 1188 pravitatem.
2524 1119 2815 1181 detexerit,
2841 1135 3138 1186 eorumque
3196 1119 3393 1171 delira-

1843 1219 2021 1263 menta
2071 1209 2345 1265 didicerit.
2381 1209 2491 1275 ipsc
2535 1209 2588 1260 in
2637 1209 2740 1262 hoc
2769 1207 2951 1259 libello
2987 1208 3198 1272 longius
3223 1222 3388 1260 enar-

1844 1301 2068 1351 randum
2143 1300 2472 1366 aggreditur.
2527 1301 2701 1363 Atque
2763 1300 2849 1352 hic
2916 1299 3142 1350 adnotes
3212 1298 3391 1357 velim,

1841 1389 2212 1458 Euthymium,
2278 1396 2335 1440 ttt
2379 1389 2573 1442 melius
2622 1404 2734 1440 rem
2793 1397 2958 1440 totam
3014 1395 3388 1455 cognosceret.

1841 1481 2107 1533 imitatum
2143 1480 2308 1533 fuisse
2335 1479 2579 1533 Alexium
2620 1480 2976 1543 Cotttnenum,
3013 1478 3103 1547 qui
3138 1477 3390 1529 Basiliutn

1840 1572 2067 1625 eutnitcr
2096 1573 2148 1624 in
2191 1572 2389 1638 palatio
2427 1573 2636 1641 excepit
2663 1574 2924 1625 simulans
2951 1571 3101 1624 cordi
3135 1570 3234 1621 sibi
3269 1584 3392 1621 esse

1841 1661 1954 1730 ejus
1982 1663 2233 1730 dogmata
2282 1660 2541 1724 ediscere,
2604 1669 2660 1711 ttt
2703 1661 2792 1712 illc
2827 1659 3120 1723 impietatis
3151 1673 3262 1709 sua:
3297 1671 3420 1708 ven

1844 1770 2040 1806 nenum
2087 1751 2450 1806 conﬁdentius
2501 1760 2770 1803 cvomerct
2810 1752 2943 1817 (ﬁt).
2996 1749 3165 1800 Porro
3201 1748 3391 1814 przrri-

1843 1861 2008 1914 puum
2044 1845 2440 1912 Bogomilorum
2487 1844 2681 1911 dogma
2719 1852 2887 1896 totum
2945 1859 3007 1894 ex
3047 1840 3272 1892 Slauetis
3299 1841 3392 1887 dn-

1842 1937 2015 1990 ctrina
2042 1936 2386 2002 desumptum‘
2416 1944 2565 1996 crat;
2600 1936 2703 1984 duo
2737 1933 2877 1984 enim
2933 1933 3220 1999 principia,
3255 1944 3390 1994 quo-

1843 2041 1959 2079 rum
1992 2040 2154 2078 unum
2192 2033 2337 2079 esset
2394 2025 2617 2085 bonum,
2673 2025 2900 2076 alterum
2935 2021 3151 2082 malum,
3187 2030 3392 2071 astrue-

1842 2115 2355 2183 bant.-Prinripium
2401 2115 2602 2168 malum
2653 2113 2740 2165 Dei
2780 2114 2998 2166 nomine
3038 2112 3390 2171 decorabant,

1844 2225 1907 2262 ac
1929 2185 2128 2260 divitiis
2163 2205 2513 2274 percolehant
2544 2205 2861 2266 honoribus,
2903 2212 2961 2254 ut
2991 2202 3042 2254 in
3079 2202 3177 2253 hoc
3213 2201 3394 2254 libello

1842 2300 2017 2353 innuit
2051 2297 2389 2368 Euthymius,
2419 2312 2481 2350 ac
2507 2296 2836 2349 luculentius
2868 2292 3096 2344 allirtnat
3125 2292 3176 2342 iu
3207 2278 3384 2342 Pano-

1843 2387 1948 2454 plia
1999 2387 2132 2448 ('55).
2197 2384 2284 2437 ubi
2327 2383 2503 2450 inquit
2555 2381 2862 2450 Bogomilos
2921 2379 3207 2432 dwmouem
3256 2375 3394 2428 Filio

1850 2475 2015 2528 Verbo
2085 2486 2212 2526 nam
2271 2473 2567 2536 maiorem,
2621 2475 3160 2542 prmstmttioremquc,
3221 2478 3396 2534 utpote

1847 2566 2290 2635 Primogenitum,
2339 2565 2660 2618 credidisse.
2705 2564 2944 2633 ln~urgit
2987 2565 3072 2617 hic
3130 2563 3392 2616 atlvetsus

1845 2656 2190 2725 Euthymittm
2250 2655 2614 2707 Beattsohrius
2676 2656 2730 2708 in
2782 2670 2901 2714 sua,
2955 2671 3115 2724 quam
3168 2653 3394 2720 digesst

1847 2745 2264 2800 Manichmorutn
2297 2744 2523 2797 historia
2559 2744 2695 2812 ('56),
2747 2745 3016 2812 nimisque
3056 2743 3397 2810 impudenter

1845 2835 2064 2896 asserit,
2091 2849 2214 2886 eum
2245 2834 2371 2887 dolo
2398 2833 2539 2885 malo
2581 2842 2783 2886 tantam
2812 2832 3110 2902 Bogomilis
3153 2832 3398 2899 impieta-

1850 2935 1957 2982 tem
2013 2925 2290 2980 tribuisse.
2344 2922 2553 2978 Nemini
2598 2925 2764 2986 enim‘,
2795 2933 2854 2978 ut
2907 2925 3020 2993 ipse
3063 2924 3268 2991 inquit:
3293 2923 3396 2975 erit

1845 3017 2189 3086 persuasum,
2238 3016 2606 3072 Christianam
2671 3024 2908 3078 sectam,
2956 3032 3077 3084 qua:
3134 3015 3283 3069 cruci
3345 3023 3398 3066 ct
3449 3073 3452 3075 Α

1847 3108 2172 3172 imaginibus
2203 3121 2418 3159 omnem
2459 3107 2665 3160 cultum
2701 3117 2959 3175 praestare
2983 3106 3261 3168 reuuebat,
3295 3103 3396 3157 Sa-

1845 3211 2022 3252 tanam
2081 3196 2259 3251 Verbo
2313 3200 2738 3265 prmSIatttiorem
2796 3198 3109 3270 credidisse.
3169 3199 3235 3248 At
3272 3211 3398 3248 vero

1823 3291 2018 3341 'tutum
2061 3285 2374 3341 Beausobrii
2403 3286 2682 3354 sophisma
2720 3287 2949 3350 corruit,
2979 3287 3024 3340 si
3056 3288 3398 3340 advertamus

1845 3378 2194 3441 Manichmos,
2225 3392 2456 3446 quorum
2485 3392 2705 3441 germen
2739 3375 2893 3430 erant
2920 3373 3202 3447 Bogumili,
3226 3378 3398 3439 cruci,

1847 3467 2108 3530 Deiparte.
2160 3474 2214 3518 ct
2266 3464 2593 3535 imaginibus
2644 3465 2852 3519 cultum
2905 3465 3024 3518 ideo
3073 3464 3397 3535 denegasse,

1844 3558 1970 3626 quia
2027 3558 2178 3610 illam
2232 3566 2489 3625 tanquam
2536 3556 2900 3610 idololatriam
2957 3559 3122 3625 impie
3170 3573 3428 3625 respttt‘-.

1847 3652 1993 3702 baut.
2046 3650 2257 3704 Etenim
2314 3649 2580 3716 sacrilega
2641 3650 2755 3703 haec
2804 3659 2953 3705 secta
3011 3649 3284 3702 Christum
3333 3665 3399 3702 ex

1834 3739 2010 3791 Maria
2043 3736 2261 3806 Virgine
2290 3751 2392 3790 nec
2423 3737 2590 3806 gigni,
2635 3752 2734 3791 nec
2764 3739 2913 3791 nasri
2959 3739 3203 3806 potuisse
3259 3737 3401 3789 atlit-
3443 3785 3450 3794 .

1846 3829 2044 3893 tnabat,
2088 3829 2213 3896 quia
2253 3829 2296 3882 si
2334 3842 2458 3881 vere
2479 3827 2717 3896 genitus,
2748 3837 3016 3895 natusque
3045 3828 3258 3890 fuisset,
3287 3844 3392 3881 non

1844 3918 1946 3970 nisi
1981 3933 2073 3985 per
2093 3917 2307 3970 Satanae
2339 3916 2553 3969 vincula
2590 3916 2740 3970 carni
2775 3917 2967 3986 illigari
2997 3917 3283 3984 potuisset.
3320 3916 3402 3969 Ex

1843 4021 1950 4074 quo
1978 4005 2164 4059 eodem
2222 4005 2494 4073 principio
2556 4004 2871 4057 statuebant
2920 4019 3168 4072 quoque,
3197 4003 3398 4058 Christi

1847 4101 2075 4146 mortem
2112 4109 2218 4146 non
2251 4107 2456 4155 veram,
2509 4091 2604 4146 sed
2675 4091 2946 4154 fallacem,
2978 4101 3031 4145 ct
3087 4093 3398 4145 simulatam

1850 4185 2039 4239 fuisse.
2070 4183 2229 4237 Plura
2263 4184 2402 4237 hanc
2446 4184 2498 4236 in
2551 4199 2665 4237 rem
2699 4184 2974 4251 congessit
3004 4195 3193 4237 contra
3230 4184 3402 4234 Brau-

1848 4278 2090 4330 sobrium
2137 4278 2312 4344 ipsum
2365 4277 2416 4327 itt
2465 4275 2768 4343 Alphaheto
2821 4276 3086 4329 Tihctanu
3128 4279 3210 4329 vir
3245 4278 3402 4344 longe

1847 4369 2197 4424 doctissimus
2237 4367 2576 4437 Augustinus
2625 4367 2896 4422 Antonius
2947 4367 3213 4437 Georgius
3262 4370 3395 4444 (57)τ

1845 4461 1921 4514 Ex
1969 4459 2054 4514 his
2085 4469 2267 4514 autem
2330 4459 2487 4513 facile
2545 4459 2779 4528 quisque
2826 4459 3110 4527 intelligit,
3170 4453 3402 4527 pseudo?

1843 4551 2198 4605 christianam
2224 4550 2365 4601 illam
2386 4556 2590 4602 sectam
2615 4563 2714 4602 nec
2731 4546 3034 4614 Deiparam,
3059 4562 3158 4600 nec
3179 4561 3409 4600 crucem»

1847 4641 2093 4694 venerari
2121 4640 2230 4694 ullo
2258 4640 2419 4692 modo
2445 4639 2726 4696 debuisse.
2773 4638 2900 4706 quia
2931 4637 3186 4691 Christus
3220 4653 3318 4689 nec
3343 4637 3411 4688 iu.

1846 4733 2067 4803 Virgine
2092 4748 2314 4787 carnem
2392 4720 2730 4798 susceperat,
2783 4745 2883 4784 nec
2923 4731 2979 4783 in
3011 4731 3196 4783 crucis
3251 4729 3412 4796 ligno.

1827 4833 1970 4878 vere
1996 4823 2224 4879 obicrat.
2263 4824 2498 4902 ldipsum
2544 4823 2852 4876 sentiebant
2881 4823 3042 4875 etiam
3087 4821 3153 4873 de
3191 4822 3404 4873 sanctis

1842 4928 1964 4968 cum
1997 4914 2214 4970 Christo
2237 4914 2289 4972 in
2321 4914 2475 4968 cwlis
2509 4912 2879 4984 regnantibus,
2916 4926 3054 4980 quos
3104 4912 3229 4964 item
3277 4922 3400 4964 tau-

1849 5023 2010 5076 quam
2049 5006 2458 5061 idololatrarum
2494 5007 2708 5059 iuventa
2740 5004 3151 5058 aversabantur.
3196 5003 3394 5057 Contra

1848 5114 1976 5153 vero
2000 5097 2121 5166 quis
2147 5112 2252 5150 non
2283 5097 2446 5161 videt,
2471 5097 2593 5149 ideo
2624 5103 2827 5148 tantam
2859 5111 2984 5164 erga
3016 5093 3270 5148 Satanam
3305 5093 3400 5145 ha~

1847 5189 2031 5244 buissc
2053 5188 2435 5251 reverentiam,
2465 5187 2607 5257 quod
2635 5188 2679 5242 is
2712 5197 2964 5256 tanquam
2998 5185 3136 5239 Deus
3174 5185 3390 5239 habitus

1849 5285 1989 5350 apud
2022 5280 2142 5334 illos
2170 5278 2352 5341 fuerit,
2399 5287 2662 5348 tantaque
2715 5279 2971 5348 praeditus
3020 5276 3282 5348 potentia,
3340 5289 3401 5334 ttt

1920 5451 2030 5519 (55‘)
2055 5453 2219 5507 Titul.
2250 5472 2402 5507 χχιιι.
2433 5456 2534 5525 §6.
2585 5469 2598 5479 '

1910 5525 2018 5609 (se)
2037 5525 2510 5609 Ilisloire'critiqtt'e
2530 5529 2592 5582 de
2619 5527 2906 5590 Manic’tt’e,
2933 5533 3032 5580 «tc.
3065 5525 3156 5591 lilt,
3174 5541 3253 5590 ιιι,
3275 5537 3408 5594 Lips

1840 5594 1892 5653 5.
1927 5593 2004 5662 §ti
2035 5609 2152 5661 pag.
2195 5593 2317 5647 5‘24.
2427 5593 2433 5594 ⁷
3019 5613 3022 5616 ’
3207 5608 3211 5613 ’

1911 5660 2020 5732 (37)
2052 5664 2174 5732 l’ag.
2207 5663 2327 5716 207.
2355 5665 2478 5718 “208.
