4090 6324
616 460 680 523 31
1938 468 2521 537 I‘ROLEGOMEN.~\.
2700 541 2720 557 κ
3416 510 3428 518 -
3784 468 3869 534 32

617 578 789 633 eidem
816 580 1002 634 mutuli
1035 583 1197 651 hujus
1225 586 1526 653 opificium,
1556 587 1905 658 hominisque
1942 588 2179 641 creatiov

623 685 742 722 neut
780 671 1065 727 tribuerittt
1093 675 1114 726 ?
1145 675 1371 743 Negavit
1404 688 1552 734 certe
1614 680 1843 736 callidus
1906 681 2179 735 Calvinia-

622 771 743 819 nus,
799 757 1115 815 Illauichazos
1170 780 1401 832 unquam
1466 768 1765 836 principem
1834 772 2177 824 tenebrarum

620 844 712 897 Dei
747 848 962 902 nomine
995 850 1308 914 honorasse,
1368 864 1423 908 at
1483 875 1642 926 quam
1692 861 1965 914 immerito
2008 862 2057 914 id
2101 860 2179 914 fe-

622 938 776 999 cerit,
811 938 1060 994 laudatus
1092 942 1357 1014 Georgius
1396 950 1501 1017 (58)
1538 951 1672 1004 satis
1705 951 1946 1005 edocuit.

690 1025 782 1080 ΧΙ.
816 1028 1041 1085 Pt'tcStat
1085 1037 1246 1089 modo
1281 1041 1608 1109 ιιινινρίιιιιτιιιι
1666 1042 1974 1099 Beausobrii
2020 1063 2179 1115 argu-

623 1129 861 1173 mentum
894 1137 1182 1191 exponere,
1220 1145 1327 1196 quo
1364 1131 1554 1185 nititur
1585 1136 1979 1197 demonstrate.
2016 1138 2185 1206 llogo-

622 1208 783 1263 tnilos
805 1210 930 1264 dttttt
964 1212 1215 1268 Satanam
1252 1218 1424 1273 Verbo
1456 1206 1583 1275 natu
1618 1228 1874 1288 majorem
1913 1229 2181 1292 dixerunt,

620 1309 766 1352 recte.
807 1301 858 1353 itt
896 1302 998 1358 fide
1028 1310 1282 1371 sensisse,
1333 1309 1789 1383 Eulily‘tlitltlltltlc
1850 1317 2013 1386 hujus
2061 1336 2186 1372 sen-

624 1390 811 1443 tentia:
845 1408 1063 1449 sensum
1120 1413 1183 1450 ex
1236 1401 1497 1455 industria
1541 1409 1864 1472 pervertisse
1893 1450 1906 1472 ,
1958 1418 2015 1461 ut
2063 1410 2187 1462 inde

621 1486 826 1532 tantam
857 1482 1117 1540 adversus
1152 1505 1248 1542 eos
1292 1494 1621 1546 calumniam
1669 1498 2021 1565 C(Hlﬁtlgtll'cl.
2063 1500 2188 1551 [huc

624 1586 775 1640 sunt,
805 1577 1001 1646 inquit,
1047 1586 1348 1646 sentcntiae.
1391 1604 1528 1656 quas
1581 1592 1746 1658 aliqui
1795 1602 2003 1646 veteres
2054 1593 2188 1646 scri-

625 1672 810 1736 ptores
854 1671 1102 1725 catholici
1136 1677 1307 1729 secuti
1348 1689 1517 1744 sunt;
1564 1681 1732 1748 prima
1785 1683 1993 1736 scilicet
2047 1683 2189 1751 quod

623 1754 865 1809 divinum
928 1760 1155 1814 Verbum
1209 1765 1539 1835 hypostasitn
1614 1772 1888 1840 propriam
1942 1773 2190 1824 habuerit

626 1846 860 1912 primum
895 1863 922 1899 a
963 1854 1144 1905 mundi
1173 1859 1449 1910 creatione
1480 1897 1494 1919 ,
1541 1862 1742 1927 altera,
1782 1863 1927 1930 quod
1959 1862 2186 1916 Satattas

626 1944 680 1987 et
727 1939 898 2005 angeli
952 1943 1198 2006 pluribus
1238 1956 1364 2000 ante
1406 1953 1660 2002 annulum
1719 1952 1877 2029 hunc.
1915 1954 2180 2008 visibiietn

628 2028 841 2079 smenlis
876 2032 1202 2085 exstitetint.
1239 2035 1426 2111 Itaque
1464 2055 1583 2092 etnn
1606 2028 1897 2108 Ilogomilis
1922 2045 2183 2112 placuerit

627 2115 937 2185 angelorum
970 2124 1294 2177 creationem
1317 2136 1440 2181 ante
1467 2131 1726 2185 mundum
1755 2141 2013 2195 statuere,
2034 2151 2185 2188 eum-

630 2222 735 2272 que
778 2207 1011 2264 Verbum
1066 2216 1305 2269 divimuu
1352 2221 1406 2273 in
1458 2224 1641 2274 tnttndi
1686 2226 1963 2278 creatione
2015 2228 2183 2295 hypo-

632 2296 820 2351 stasim
869 2302 1137 2368 pr0priam
1170 2304 1371 2359 habere
1396 2308 1625 2377 emperit
1650 2350 1665 2374 ,
1708 2313 1832 2366 inde
1863 2316 2137 2368 concludit
2166 2355 2181 2378 ,

627 2385 769 2451 quod
802 2387 916 2440 sine
947 2393 1134 2444 bwresi
1173 2391 1207 2445 ii
1245 2395 1514 2449 allirmare
1567 2409 1857 2465 potuerunt
1881 2442 1896 2465 ,
1930 2400 2182 2457 Satanam

633 2473 804 2529 Verbo
855 2488 980 2532 natu
1023 2480 1283 2549 majorem
1320 2471 1460 2540 esse.
1511 2486 1628 2542 Iloc
1663 2498 1841 2543 tamen
1887 2493 2184 2548 Calviniani

629 2565 864 2619 hominis
904 2568 1353 2637 delirameutum,
1389 2577 1533 2644 quod
1588 2579 1759 2646 prima
1823 2580 1997 2636 trante
2047 2583 2182 2635 sint-

629 2655 945 2722 plicioribus
973 2661 1205 2714 fortasse
1236 2676 1417 2731 posset
1457 2664 1639 2722 fucum
1675 2669 1847 2724 facere
1875 2710 1888 2733 ,
1939 2673 1980 2726 si
2026 2673 2186 2742 paulo

630 2750 1046 2816 perpendamus,
1081 2754 1281 2809 nullius
1320 2772 1546 2824 prorsus
1586 2772 1669 2815 est
1709 2762 1938 2816 roboris.
1976 2766 2186 2833 Atque,

631 2845 688 2888 ut
718 2839 785 2892 ab
809 2854 873 2891 eo
906 2843 1179 2907 exordiar,
1217 2846 1360 2912 quod
1391 2848 1599 2918 absque
1629 2852 1735 2904 ulla
1784 2855 2061 2922 religionis
2103 2855 2188 2908 itt-

627 2933 773 2999 juria
809 2936 1064 2989 allirmari
1100 2949 1304 3007 posset,
1338 2945 1559 3010 angelos
1586 2962 1778 3014 nempe
1796 2949 2043 3015 pluribus
2066 2962 2190 3004 ante

632 3025 888 3076 mundum
923 3026 1065 3080 hunc
1099 3028 1363 3082 visibilem
1396 3034 1606 3087 sarculis
1649 3035 1819 3090 fuisse
1855 3049 2068 3091 creatos
2093 3079 2104 3100 ,
2138 3039 2186 3091 ei

633 3115 774 3166 ultro
809 3117 1125 3172 concedam.
1156 3107 1328 3184 Quod
1349 3138 1473 3176 vero
1507 3126 1571 3177 ad
1607 3127 1831 3179 alteram
1860 3130 2185 3183 sententiam

631 3209 845 3273 attinet,
883 3225 1044 3279 quam
1079 3228 1175 3278 pro
1206 3216 1477 3270 catholica
1510 3219 1847 3273 conﬁdenter
1897 3220 2141 3274 obtrudit
2175 3262 2189 3286 ,

633 3299 927 3352 notandum
960 3311 1041 3354 est
1080 3317 1175 3370 per
1210 3312 1421 3359 veteres
1455 3305 1575 3361 illos
1625 3308 1919 3375 scriptores
1965 3310 2194 3363 catholi-

633 3403 730 3443 cos
786 3389 1076 3444 Tatianutn
1135 3396 1474 3463 potissimum
1521 3405 1575 3451 et
1611 3398 2006 3469 Athenagoram
2047 3399 2194 3455 desi-

633 3495 798 3547 gnare
846 3485 1084 3540 voluisse
1114 3527 1128 3549 ,
1174 3489 1329 3556 quasi
1387 3504 1574 3542 eorum
1637 3489 1801 3545 fuerit
1851 3490 2036 3561 opinio
2068 3532 2082 3557 ,
2136 3502 2195 3546 ut

632 3574 865 3628 credidit
889 3576 1054 3629 etiam
1089 3576 1342 3633 Petavius
1376 3580 1510 3649 (59),
1542 3579 1774 3635 Verbum
1803 3582 2049 3636 divinum
2080 3598 2188 3636 non

633 3678 758 3722 ante
787 3668 970 3722 tnttndi
1002 3672 1333 3726 creationem
1379 3675 1652 3743 propriam
1680 3675 2035 3746 .bypostasim
2095 3677 2192 3730 ha-

623 3762 838 3833 .buisse.
871 3764 978 3823 At.
1010 3763 1137 3817 licet
1184 3764 1473 3821 obscurius
1521 3776 1730 3821 veteres
1780 3767 1833 3820 bi
1891 3767 2080 3823 Patres
2130 3769 2198 3822 de

639 3850 796 3906 Verbi
822 3856 1167 3921 generatione
1192 3856 1356 3909 locuti
1374 3857 1503 3920 sint,
1526 3873 1806 3926 nunquam
1827 3867 2005 3915 tamen
2036 3861 2199 3928 quid-

634 3960 796 4011 quam
827 3944 1079 3997 dixerunt
1108 3983 1123 4005 .
1154 3946 1300 4014 quod
1326 3947 1443 4013 ejus
1473 3947 1743 4003 divinitati
1772 3988 1788 4014 ,
1826 3949 2113 4003 atternitati
2146 3959 2199 4003 et

638 4035 1012 4103 personalitati
1070 4037 1241 4103 possit
1289 4036 1524 4093 allicere.
1576 4040 1656 4094 Ac
1697 4054 1883 4094 revera
1934 4038 2077 4110 quod
2133 4020 2199 4094 ad

637 4124 922 4179 Tatianum
959 4126 1210 4193 pertinet,
1243 4127 1319 4180 ait
1346 4143 1497 4189 sane,
1551 4128 1605 4181 in
1655 4129 1926 4199 principio
1963 4128 2199 4185 Verbum

638 4216 807 4271 fuisse
838 4215 893 4269 in
921 4215 1079 4270 Patre
1105 4256 1119 4282 ,
1153 4217 1341 4287 utique
1371 4230 1426 4272 ut
1476 4220 1530 4272 in
1564 4234 1794 4287 persona
1835 4220 2202 4274 consubstan-

639 4309 775 4373 tiali,
806 4324 929 4363 cum
956 4324 1066 4378 quo
1091 4311 1273 4366 omnia
1305 4311 1688 4377 sustentabat;
1718 4311 1918 4381 quibus
1943 4311 1995 4365 in
2022 4312 2203 4365 verbis

641 4402 930 4456 manifesto
953 4400 1068 4469 ejus
1087 4403 1422 4456 divinitatem
1446 4412 1608 4473 atque
1630 4406 1991 4459 aeternitatem
2018 4412 2208 4457 osten-

638 4493 733 4547 dit.
768 4491 901 4545 Dum
936 4506 1066 4545 vero
1096 4491 1284 4553 addit,
1314 4491 1457 4560 quod
1491 4493 1724 4546 Verbum
1766 4507 1832 4546 ex
1879 4492 2040 4546 Patre
2083 4507 2207 4562 pro-

638 4584 799 4638 dierit
824 4584 1040 4652 quando
1096 4585 1163 4637 ad
1216 4584 1402 4637 mutuli
1455 4583 1789 4637 creationem
1838 4596 2202 4651 progressum

638 4688 744 4742 est,
776 4678 1048 4747 intelligit,
1089 4677 1232 4747 quod
1272 4677 1411 4733 Deus
1444 4692 1538 4747 per
1573 4677 1768 4731 Filium
1820 4679 2077 4731 omnibus
2108 4694 2206 4747 pa-

641 4772 809 4828 ternis
840 4772 978 4826 ideis
996 4771 1339 4837 etjattribntis
1366 4773 1694 4825 instructum
1716 4772 1895 4825 omnia
1918 4771 2204 4825 creaverit.

642 4865 721 4917 Ac
747 4862 1000 4930 quamvis
1037 4862 1178 4915 inter
1223 4861 1382 4915 Verbi
1434 4862 1868 4930 progressionem
1918 4876 2207 4929 rerumque

640 4954 970 5008 creationem
1000 4953 1363 5007 necessariam
1391 4962 1553 5019 ponat
1582 4952 1999 5013 connexionem,
2024 4960 2202 5005 tamen

637 5043 790 5106 juxta
815 5043 1062 5097 eumdem
1098 5041 1387 5115 Tatianum
1448 5042 1518 5095 ita
1574 5041 1807 5115 Verbum
1855 5057 1884 5094 a
1934 5040 2091 5095 Patre
2152 5043 2205 5093 in

640 5150 819 5188 rerum
844 5134 1121 5188 creatione
1144 5112 1488 5202 progressum
1512 5142 1619 5195 est,
1643 5142 1703 5184 ιιι
1723 5131 1790 5185 ab
1812 5147 1875 5184 co
1898 5132 2203 5186 abscissum

641 5235 695 5277 ct
716 5234 1023 5294 separatum
1050 5240 1156 5277 non
1188 5225 1372 5287 fuerit,
1405 5225 1532 5292 quia
1558 5224 1600 5278 si
1628 5216 1931 5277 abscissum
1988 5222 2203 5287 fuisset,

643 5316 798 5370 Pater
822 5318 1014 5385 ἄλογος
1048 5317 1208 5372 foret.
1252 5317 1442 5387 Itaque
1477 5316 1616 5370 falso
1655 5316 1877 5369 omnino
1920 5316 2205 5377 asseritur,

643 5407 931 5460 'I‘atianum
965 5410 1231 5475 sensisse,
1277 5408 1521 5462 divinum
1576 5404 1826 5460 Verbum'
1872 5408 2205 5476 bypostasiut

647 5502 916 5567 prapriatn
945 5500 1201 5556 habuisse
1258 5500 1312 5555 in
1356 5485 1544 5553 mundi
1599 5498 1922 5551 creatione:
1975 5513 2096 5550 nam
2156 5497 2205 5551 id

714 5725 831 5790 (38)
863 5723 1095 5777 Histoire
1121 5723 1341 5790 critique
1367 5722 1427 5776 de
1451 5720 1727 5775 Manichce
1752 5718 1848 5773 lib.
1875 5731 1954 5783 Ill,
1982 5729 2100 5785 pag.
2129 5714 2217 5770 95.

722 5796 832 5857 (ὂψ
867 5794 934 5846 ηε
977 5794 1170 5847 Trinit.
1207 5794 1298 5847 lit).
1330 5809 1366 5860 ι,
1406 5808 1524 5861 cap.
1557 5790 1615 5844 5.
1918 5794 1921 5799 ‘

727 5864 836 5933 tm)
871 5867 1073 5927 ωειλ-ει.
1118 5864 1205 5917 (⁵3.

2285 598 2493 644 tantum
2532 592 2770 659 astruit,
2806 591 3042 647 Verbum
3073 591 3225 650 illud,
3260 595 3401 660 quod
3436 590 3503 644 ab
3534 604 3746 643 mterno
3806 590 3869 638 in

2283 682 2441 737 Patre
2473 680 2653 738 omnia
2682 686 3027 740 sustentabat
3056 728 3070 749 ,
3113 693 3224 736 tum
3260 683 3314 736 in
3349 699 3529 738 rerum
3566 682 3871 735 creatione

2282 791 2344 828 ex
2379 774 2536 830 Patre
2562 776 2850 844 prodiisse,
2877 776 3001 843 quia
3026 777 3204 828 omnia
3229 775 3508 843 peripsutn
3535 773 3675 826 facta
3695 782 3838 825 sum
3856 811 3869 822 .

2286 848 2497 918 Eadem
2518 865 2627 919 fere
2663 872 2873 919 ratione
2901 867 3275 931 Athenagoras
3323 879 3537 933 quoque
3584 867 3650 916 de
3688 860 3873 915 Verbi

2285 955 2568 1010 divinitate
2618 956 2891 1010 disseruit.
2932 957 3070 1009 Dicit
3115 956 3257 1009 enim
3299 953 3441 1023 quod
3494 952 3674 1014 Deus,
3728 963 3875 1001 t'tltll

2286 1048 2353 1100 sit
2384 1062 2532 1101 tuens
2566 1054 2789 1112 attenta,
2821 1046 3008 1099 habuit
3041 1047 3105 1099 ab
3133 1054 3336 1099 attento
3377 1045 3430 1098 itt
3486 1044 3671 1111 scipso
3718 1039 3875 1092 Ver-

2287 1138 2437 1201 bum,
2481 1146 2665 1207 utpote
2707 1138 2772 1189 ab
2814 1145 3019 1189 aeterno
3069 1136 3391 1187 rationalis:
3442 1140 3496 1187 et
3542 1131 3691 1199 quod
3754 1130 3876 1182 hoc

2289 1228 2520 1282 Verbum
2558 1230 2847 1297 prodierit,
2907 1240 2963 1281 ut
3004 1228 3247 1281 omnium
3295 1235 3606 1280 creatarutu
3663 1236 3876 1276 rerum

2289 1316 2429 1376 idea,
2462 1326 2514 1368 et
2545 1317 2789 1383 Operatio
2818 1316 3126 1368 essisteret.
3152 1316 3378 1368 Constat
3402 1322 3582 1366 autem
3614 1311 3883 1364 voluisse

2288 1407 2685 1472 Athenagoram
2722 1408 2870 1472 hisce
2902 1408 2953 1459 itt
3009 1407 3184 1459 verbis
3226 1407 3330 1459 hoc
3375 1404 3547 1459 solum
3593 1404 3812 1463 docere
3863 1440 3881 1464 ,

2291 1424 2685 1472 otnenagoratn
2722 1424 2837 1462 ntsc
2902 1424 2953 1459 ιιι
3009 1424 3184 1459 vernis
3226 1424 3330 1459 noc
3375 1424 3547 1459 SOIllltl
3593 1424 3812 1463 nocere
3863 1440 3881 1464 ,

2291 1515 2385 1566 per
2431 1497 2664 1552 Verbum
2718 1513 2804 1552 res
2842 1424 3051 1551 itiones
3102 1506 3312 1551 creatas
3366 1512 3528 1559 esse,
3592 1496 3882 1565 quoniam

2291 1589 2459 1645 Filius
2486 1591 2667 1659 aliquo
2699 1591 2857 1643 modo
2906 1590 3009 1643 diei
3041 1597 3218 1657 potest
3270 1588 3361 1641 Dei
3414 1587 3553 1641 ratio
3585 1625 3600 1649 ,
3658 1602 3834 1640 mens
3866 1623 3883 1647 ,

2292 1682 2552 1751 sapientia
2580 1723 2595 1745 ,
2624 1692 2675 1737 et
2707 1685 2985 1751 operatira
3043 1682 3279 1750 potentia
3304 1719 3319 1742 ,
3355 1697 3476 1749 qua:
3524 1681 3772 1749 primum
3818 1678 3880 1730 in

2295 1787 2472 1825 rerum
2503 1776 2777 1825 creatione
2813 1773 3052 1827 exterius
3088 1772 3307 1840 prodiit.
3338 1772 3484 1825 lianc
3522 1770 3881 1825 sententiam

2292 1864 2540 1929 probavit
2565 1879 2786 1930 quoque
2820 1861 2876 1916 S.
2906 1865 3268 1932 Augustinus,
3296 1862 3387 1915 ubi
3440 1861 3569 1914 illud
3616 1859 3883 1914 Joannis

2296 1952 2356 2006 In
2382 1955 2634 2020 princip-io
2669 1968 2781 2007 erat
2825 1954 3045 2007 Verbum
3074 1970 3383 2022 exponens:
3414 1951 3526 2005 Hoc
3560 1952 3675 2005 loco
3706 1993 3720 2015 ,
3788 1950 3885 2002 in-

2294 2046 2408 2112 quit
2438 2046 2570 2113 (iO),
2604 2046 2791 2098 ntelius
2831 2044 3050 2098 Verbum
3076 2046 3481 2111 interpretamur
3506 2084 3519 2106 ,
3556 2044 3882 2111 ut.signiﬁ-

2291 2149 2435 2188 catur
2461 2153 2559 2188 non
2596 2137 2765 2189 solum
2796 2136 3107 2190 ad‘Patrem
3140 2147 3400 2202 respectus
3427 2175 3442 2199 ,
3498 2137 3588 2189 sed
3642 2136 3715 2188 ad
3774 2135 3884 2187 illa

2295 2229 2469 2281 etiam,
2493 2244 2607 2295 quo:
2624 2244 2712 2292 per
2740 2227 2959 2281 Verbum
2982 2229 3125 2298 facta
3149 2238 3291 2291 sunt,
3313 2227 3577 2295 operativa
3598 2228 3884 2294 potentia.

2301 2317 2500 2372 llabuit
2545 2335 2673 2385 ergo
2718 2317 2946 2372 Verbum
3003 2320 3270 2387 propriam
3307 2329 3373 2371 ac‘
3412 2318 3725 2371 distinctam
3772 2318 3886 2385 hy-

2298 2412 2553 2479 postasitn
2600 2412 2667 2463 ab
2705 2419 2906 2462 aeterno
2957 2412 3082 2463 dum
3144 2410 3321 2461 omnia
3371 2423 3493 2461 cum
3547 2408 3707 2460 Patre
3773 2423 3885 2462 su-

2296 2503 2583 2564 stentabat,
2627 2500 2719 2554 Sed
2751 2502 2804 2552 in
2847 2516 3025 2553 rerum
3058 2501 3330 2553 creatione
3360 2500 3531 2568 patttit
3584 2498 3886 2563 quodam-

2297 2593 2475 2656 modo,
2516 2592 2639 2660 quia
2670 2592 2848 2643 omnia
2880 2606 2973 2658 per
3005 2588 3235 2645 Verbuut
3272 2589 3408 2642 iacta
3444 2598 3589 2642 sunt.
3616 2588 3697 2640 Ad
3721 2589 3884 2647 hate.

2305 2692 2362 2736 ιιι
2398 2683 2567 2751 magis
2588 2683 2795 2735 eluceat
2823 2681 3005 2734 infelix
3039 2679 3353 2734 Beausobrii
3387 2676 3653 2741 vah-itirs,
3681 2677 3886 2728 attitu-

2297 2776 2573 2827 advertere
2621 2773 2795 2843 juvat,
2828 2774 2970 2844 quo-.l
3020 2774 3179 2826 etiam
3219 2772 3461 2825 admisso
3508 2771 3610 2823 hoc
3648 2783 3888 2829 errore,

2299 2864 2529 2918 Verbum
2566 2864 2836 2931 propriam
2867 2863 3122 2917 habuisse
3154 2861 3486 2929 hypostasiat
3542 2876 3606 2912 ex
3664 2873 3879 2912 rerum

2298 2954 2590 3017 creatione,
2632 2970 2838 3009 necnon
2870 2954 2957 3006 illa
2987 2955 3255 3007 sententia
3289 2952 3509 3020 angelos
3539 2960 3664 3005 ante
3690 2943 3890 3004 'mun-

2300 3046 2427 3098 dum
2450 3054 2661 3099 creatos
2679 3060 2817 3107 esse,
2851 3045 3159 3098 nullatenus
3188 3042 3885 3110 sequereturantcriorem

2296 3134 2463 3190 fuisse
2492 3136 2617 3191 huic
2645 3137 2920 3206 bypostasi
2955 3133 3252 3199 Satanam;
3296 3143 3425 3186 tunc
3455 3132 3597 3184 enim
3620 3131 3889 3185 Verbum

2293 3229 2486 3283 nonin
2520 3229 2726 3292 tnundi,
2759 3229 2853 3281 sed
2905 3228 2958 3279 in
3005 3228 3318 3291 angelorum
3361 3224 3641 3278 creatione
3686 3222 3888 3292 hypo-

2296 3321 2481 3376 stasim
2510 3320 2810 3383 habuisset,
2840 3319 2964 3386 quia
2987 3325 3116 3371 tunc
3138 3312 3286 3371 extra
3304 3315 3513 3369 Patrem
3534 3313 3881 3384 prodiisset:

2297 3427 2359 3464 ac
2414 3413 2637 3479 proinde
2696 3425 2907 3477 semper
2974 3407 3128 3461 Verbi
3193 3406 3499 3475 ltypostasis
3532 3407 3875 3475 angelorum

2297 3505 2622 3556 creationem
2658 3501 3043 3567 przceessisset.

2367 3593 2481 3647 XII.
2517 3593 2721 3647 Cmtera
2754 3587 3095 3659 llogomilicze
3124 3596 3284 3641 secta:
3340 3586 3534 3654 placita
3591 3597 3891 3641 memorat

2300 3688 2352 3740 itt
2382 3688 2484 3741 hoc
2512 3685 2691 3738 libello
2724 3682 3070 3751 Eutbymius,
3111 3695 3286 3748 neque
3313 3687 3395 3734 est
3445 3694 3583 3747 opus
3631 3678 3700 3733 de
3751 3682 3889 3736 sin-

2299 3776 2438 3844 gulis
2465 3776 2749 3829 disserere.
2787 3771 3053 3826 Fortassis
3086 3770 3381 3822 distinctior
3420 3769 3508 3819 illa
3540 3767 3892 3837 Euthymitts

2303 3868 2649 3931 refutaverat,
2685 3865 2777 3918 sed
2820 3866 2870 3916 in
2909 3862 3099 3915 codice
3127 3854 3396 3913 Vaticano
3436 3859 3611 3913 solum
3659 3875 3887 3927 super-

2303 3967 2431 4010 sunt
2469 3965 2780 4025 argumenta
2810 3996 2823 4015 ,
2863 3952 3062 4021 quibus
3103 3959 3256 4019 urget
3313 3949 3617 4017 Bogomilos
3663 3949 3721 4000 in
3761 3965 3837 4001 eo
3874 3990 3892 4013 ,

2301 4048 2444 4118 quod
2478 4046 2708 4117 pertinet
2763 4044 2829 4097 ad
2889 4050 3225 4095 mortuorum
3279 4038 3758 4091 resurrectionem.
3810 4038 3893 4094 Ut

2256 4197 2273 4214 η
2296 4150 2479 4201 autem
2516 4152 2633 4192 eam
2662 4140 2807 4189 certe
2841 4133 3077 4187 futuram
3110 4130 3301 4201 probet
3323 4169 3341 4195 ,
3374 4131 3599 4198 opponit
3630 4131 3892 4197 primum

2306 4229 2555 4285 lueretico
2580 4226 2700 4280 ﬁdei
2744 4225 2973 4281 Nicatore
3002 4221 3307 4293 symbolum
3355 4226 3729 4280 trecentorum
3775 4221 3893 4277 de-

2308 4336 2421 4376 cem
2453 4327 2506 4374 et
2550 4328 2673 4372 octo
2702 4317 2922 4371 Patrum
2958 4314 3282 4369 auctoritate
3316 4311 3589 4365 llrtnatum
3621 4328 3636 4377 ;
3668 4310 3895 4367 deinde

2306 4426 2439 4466 vero
2471 4409 2758 4464 concilium
2787 4406 3253 4465 Cltalcedonensc,
3284 4403 3442 4472 cujus
3474 4402 3797 4456 auctoritati
3828 4412 3896 4456 ut

2308 4502 2475 4568 magis
2513 4501 2666 4551 tidem
2718 4496 3005 4558 conciliet,
3054 4493 3377 4549 miraculum
3429 4492 3707 4561 quoddam
3774 4492 3892 4547 dc-

2307 4588 2540 4643 seribita
2563 4584 2668 4639 Deo
2684 4593 2950 4653 patratum
2978 4595 3069 4649 per
3094 4581 3149 4632 S.
3176 4578 3526 4647 Euphemiam
3553 4585 3866 4644 martyrem

2308 4680 2362 4732 in
2390 4678 2550 4745 cujus
2581 4675 2805 4730 basilica
2847 4673 3010 4739 hujus
3043 4669 3258 4723 concilii
3295 4669 3483 4722 Patres
3518 4666 3586 4718 ab
3636 4666 3863 4734 impera

2309 4783 2422 4826 torc
2451 4770 2724 4825 Marciano
2759 4767 3071 4834 congregati
3101 4764 3342 4817 filerunt.
3371 4760 3697 4827 Complures
3732 4764 3857 4817 seri

2309 4873 2490 4933 ptores
2514 4862 2759 4931 ejusdem
2801 4856 3051 4911 miraculi
3084 4853 3401 4914 meminere,
3443 4850 3534 4903 sed
3560 4851 3651 4903 alii
3700 4851 3859 4919 ipsiu

2307 4954 2519 5010 concilii
2543 4964 2803 5018 tempore,
2825 4941 2925 5000 alii
2956 4945 3204 4999 absoluto
3233 4943 3451 4995 domum
3473 4943 3710 4995 concilio
3746 4943 3894 4997 illt-z‘.

2307 5047 2553 5101 evenisse
2591 5050 2834 5094 narrant.
2892 5036 3256 5090 Posteriorem
3312 5034 3637 5086 sententiam
3702 5038 3891 5088 set-tui

2309 5145 2437 5191 sunt
2472 5131 2697 5189 Michael
2729 5126 3049 5199 Ul‘ycas(4i)
3070 5138 3132 5176 ac
3158 5121 3401 5175 Zonaras
3433 5120 3544 5191 (42)
3573 5139 3587 5173 :
3624 5120 3841 5175 scribus
3872 5132 3894 5176 t

2316 5229 2458 5283 enim
2504 5226 2667 5294 _quod
2733 5236 2854 5273 cum
2905 5214 3161 5284 Eutychis
3215 5209 3567 5279 Dioscoriqttc
3630 5208 3896 5266 fautores

2311 5316 2526 5369 decreta
2560 5307 2775 5364 concilii
2800 5306 3220 5365 subsanuarent,
3246 5301 3469 5368 ejusque
3488 5300 3890 5354 auctoritatem

2311 5422 2417 5460 non
2447 5402 2691 5460 veritate,
2717 5398 2810 5451 sed
2846 5394 3084 5464 potentia
3107 5389 3451 5460 imperatoris
3472 5390 3568 5458 niti
3600 5389 3910 5451 dicerent,,

2314 5508 2475 5565 atque
2499 5494 2569 5547 ita
2595 5490 2914 5562 pravitatem
2945 5483 3223 5540 sententia:
3247 5496 3358 5537 suae
3410 5482 3659 5537 stabilire
3706 5495 3888 5535 cona-

2399 5714 2508 5779 (Η)
2537 5709 2730 5765 Annal.
2766 5707 2889 5761 Par.
2919 5721 2993 5767 tv,
3029 5717 3146 5770 pag.

2394 5772 2502 5851 (49.)
2534 5780 2726 5834 Annal.
2760 5778 2851 5831 lib.
2887 5788 3004 5841 χιιι,
3039 5788 3154 5840 cap.
3181 5772 3269 5823 ‘25.
