4090 6324
203 420 271 478 33
1035 395 1038 397 λ
1522 415 2111 501 ruotsoosmm,
3352 421 3422 483 3/,

200 544 410 600 rentur,
448 533 1086 606 Anatoliuspatriarcha,
1119 536 1443 592 adversariis
1491 550 1755 590 convoca-

202 637 268 679 ιιε
298 665 314 687 ,
363 626 641 696 proposuit
682 636 741 679 ιιι
794 641 1136 696 unaquaeque
1189 643 1315 696 pars
1373 627 1603 697 propriae
1637 625 1756 679 fidei

200 718 504 786 symbolum
548 717 726 771 libello
778 718 1100 772 inscriberet
1124 760 1139 782 ,
1169 729 1221 772 et
1254 720 1307 773 in
1338 720 1515 772 loculo
1551 717 1608 771 S.
1651 717 1758 769 Eu-

201 810 433 874 p'ielllltc
463 818 684 877 uterque
719 810 932 864 libellus
964 813 1362 879 deponeretur,
1413 818 1473 864 ut
1522 809 1755 879 gloriosa

202 902 314 951 lucc
348 907 548 969 martyr
576 899 641 954 de
670 902 895 955 veritate
927 911 1083 954 rectzr
1116 900 1236 954 fidei
1269 900 1535 966 judicium
1594 899 1758 953 ferret

202 1005 262 1040 ac
318 991 705 1045 testimonium.
777 991 887 1045 lloc
937 1001 1116 1045 autem
1179 991 1466 1045 consilium
1527 1005 1647 1043 cum
1704 1000 1757 1043 et

205 1082 473 1134 haereticis
509 1082 848 1149 placuisset,
890 1092 1098 1136 remoto
1127 1081 1305 1150 lapide
1330 1072 1359 1142 ξ
1402 1081 1493 1150 qui
1527 1080 1755 1133 loculum

203 1172 505 1232 rlamlebat.
527 1172 635 1225 duo
663 1172 826 1226 libelli
865 1189 1026 1242 supra
1058 1184 1258 1228 sanetze
1288 1173 1543 1240 martyris
1572 1181 1760 1240 pectus

205 1264 369 1328 positi
397 1271 558 1325 sunt,
608 1272 661 1316 et
690 1262 887 1317 deinde
937 1266 1145 1318 loculus
1188 1279 1293 1316 non
1347 1263 1505 1317 modo
1564 1263 1757 1316 iterum

202 1356 443 1420 clausus,
471 1356 563 1409 sed
588 1356 751 1409 etiam
788 1357 1071 1423 utriusque
1099 1357 1268 1424 partis
1300 1356 1493 1424 sigillis
1516 1355 1758 1409 munitus

200 1454 247 1495 et
302 1444 633 1511 obsignatus.
690 1445 818 1499 Post
870 1446 1107 1499 tridumn
1159 1461 1278 1500 cum
1329 1447 1756 1511 convenissent,

200 1532 521 1601 imperatore
548 1534 710 1587 etiam
746 1543 1047 1603 prmseute,
1089 1544 1276 1602 aperto
1319 1537 1498 1590 loculo
1527 1578 1540 1600 ,
1582 1539 1756 1591 luere-

201 1628 425 1679 ticorum
454 1627 666 1681 libellus
696 1629 759 1680 ad
805 1629 968 1697 pedes
1000 1631 1256 1698 martyris
1289 1630 1596 1697 projectus,
1623 1630 1760 1683 alter

202 1733 330 1771 \ero
354 1719 401 1772 in
434 1734 595 1772 manu
627 1721 745 1786 ejus
776 1720 963 1774 dextra
1000 1722 1252 1775 inventus
1302 1730 1405 1775 est.
1454 1720 1648 1774 Verum
1687 1738 1753 1776 ue

208 1808 337 1861 huic
384 1808 604 1864 Zonarzc
645 1811 929 1883 Glycmqjte
967 1813 1265 1866 narrationi
1316 1811 1563 1880 protinus
1600 1811 1755 1865 fidem

204 1910 433 1954 nostrain
467 1912 787 1967 priestemus
819 1903 1070 1971 prohibet
1101 1902 1311 1969 Evagrii
1344 1943 1359 1965 ,
1394 1903 1754 1971 aliorumque,

206 1992 298 2057 qni
324 1992 383 2044 de
408 1994 642 2046 concilio
673 1993 1101 2049 Cbalcedonensi
1132 1995 1419 2063 scripsere.
1445 1994 1754 2060 silentium;

205 2095 326 2132 cum
353 2081 528 2135 minus
550 2090 698 2136 certe
724 2083 1002 2151 probabile
1029 2081 1277 2136 videatur
1302 2097 1414 2136 rem
1433 2082 1566 2137 adeo
1595 2083 1756 2135 mira-

206 2171 357 2224 bilem
388 2212 402 2235 ,
438 2186 500 2227 ac
541 2173 919 2228 recordatione
951 2174 1322 2240 dignissimam
1373 2180 1483 2225 tum
1540 2171 1754 2226 domum

180 2268 284 2315 ‘tot
330 2278 358 2316 a
391 2264 623 2319 concilio
664 2265 868 2334 elapsis
900 2264 1113 2318 sarculis
1143 2264 1374 2330 primum
1429 2264 1752 2318 innotuisse.

210 2355 273 2404 At
326 2371 446 2408 vero
504 2356 673 2424 magis
708 2355 896 2424 procul
944 2354 1113 2407 dubio
1154 2370 1184 2406 a
1231 2354 1454 2409 veritate
1500 2354 1757 2409 abhorret

210 2443 464 2498 'l'beo-Jori
517 2446 659 2499 Bcsti
688 2486 702 2511 ,
758 2457 811 2499 et
868 2444 1212 2499 Constantini
1256 2443 1343 2499 Tii
1372 2445 1611 2515 episcopi
1644 2448 1754 2517 (45)

211 2536 404 2602 opinio,
432 2553 595 2603 quam
627 2535 948 2605 Euth‘ymius
977 2550 1194 2605 quoque
1225 2534 1505 2605 amplexus
1534 2543 1639 2597 est,
1664 2537 1754 2604 qui

214 2626 311 2678 hoc
343 2626 657 2680 miraculum
698 2627 873 2696 ipsius
917 2628 1134 2682 concilii
1185 2634 1428 2698 tempore
1474 2636 1752 2694 operatum

215 2714 373 2769 fuisse
441 2716 728 2771 adirmant.
783 2715 851 2771 Ut
905 2717 1047 2771 enim
1103 2717 1318 2785 egregie
1379 2716 1755 2771 animadvertit

214 2802 468 2860 Barouius
494 2806 630 2875 (44),
664 2808 709 2861 si
738 2807 839 2861 hoc
867 2807 989 2861 lidei
1015 2808 1444 2876 experimentum
1477 2809 1753 2871 a,concilii

212 2892 453 2951 Patribus
478 2906 743 2952 tentatum
777 2898 987 2962 fuisset,
1016 2912 1148 2953 sane
1169 2906 1289 2952 acta
1319 2908 1448 2952 tunc
1471 2899 1755 2967 diligenter
1784 2913 1790 2919 ’

215 2985 504 3056 conscripta
531 2995 740 3043 tantum
771 2988 873 3043 hoc
907 2989 1228 3044 miraculum
1291 2990 1438 3043 nullo
1477 2991 1637 3042 modo
1663 2990 1753 3043 si-

215 3073 451 3132 luisseut.
478 3077 701 3134 Accedit
727 3080 967 3147 insuper,
1003 3079 1144 3146 quod
1173 3093 1450 3149 nunquam
1484 3079 1670 3135 Patres
1701 3082 1754 3133 in

220 3171 554 3224 metunenieis
583 3171 831 3224 conciliis
878 3185 943 3223 ex
973 3171 1252 3226 miraculis
1298 3171 1627 3240 quaesierunt
1660 3172 1759 3226 do~

219 3270 438 3328 guratum
469 3262 773 3325 veritatem,
804 3276 966 3331 quam
1004 3278 1067 3315 ex
1095 3262 1295 3317 divinis
1327 3263 1587 3330 imprimis
1611 3262 1757 3316 Scri-

222 3350 398 3418 ptmis,
415 3360 468 3405 et
488 3350 722 3417 antiquis
745 3351 1001 3406 Ecclesia:
1030 3351 1432 3415 traditionibus,
1453 3368 1515 3405 ac.
1538 3351 1753 3407 demum

221 3454 278 3491 ex
311 3447 611 3494 sanctorum
648 3439 870 3493 Patrum
903 3440 1298 3495 assertionibus
1326 3456 1591 3509 quatrere,
1632 3458 1756 3509 pro-

223 3546 441 3600 ponere,
474 3533 735 3588 allirmare
762 3575 777 3597 .
836 3542 997 3602 atque
1046 3534 1293 3589 stabilire
1339 3545 1754 3588 consueverunt.

223 3619 540 3691 Quapropter
581 3623 809 3676 eruditis
860 3622 991 3677 viris
1026 3623 1257 3676 libenter
1299 3624 1570 3677 assentior
1595 3662 1610 3687 ,
1664 3624 1755 3693 qui

223 3711 406 3778 opinati
435 3719 561 3765 sunt
613 3712 716 3765 hoc
748 3712 1069 3765 miraculum
1105 3711 1497 3780 posterioribus
1546 3714 1759 3767 szeculis

225 3801 375 3854 fuisse
403 3802 623 3855 omnino
655 3803 943 3856 coulictum
973 3842 988 3867 ,
1023 3803 1275 3871 piamque
1323 3802 1462 3854 hanc
1510 3801 1757 3857 fabellam

224 3906 278 3944 cx
304 3891 428 3960 ipsis
452 3892 672 3946 concilii
735 3892 870 3946 actis
902 3906 1011 3946 non
1047 3892 1184 3946 bene
1214 3892 1503 3945 intellectis
1552 3891 1756 3960 proﬂu-

225 3979 370 4036 xisse.
417 3982 603 4037 Patres
650 3998 883 4051 namque
938 3982 1451 4047 Chalcedonenscs,
1512 3983 1760 4038 absoluto

226 4073 456 4135 concilio,
495 4082 550 4125 ut
576 4072 921 4127 ostenderent
966 4073 1149 4125 omnia
1180 4113 1193 4133 ,
1243 4088 1370 4148 quae
1419 4073 1473 4124 in
1527 4074 1759 4127 concilio

227 4162 432 4215 feliciter
477 4173 627 4234 gesta
666 4166 877 4218 fuerant
904 4201 919 4227 ,
953 4164 1257 4231 patrocinio
1312 4171 1365 4215 et
1403 4163 1667 4231 auspiciis
1700 4162 1757 4216 S.

227 4249 513 4317 l-Luphemizc
546 4267 667 4307 esse
700 4251 1003 4315 referenda,
1031 4253 1105 4305 ita
1134 4251 1186 4304 in
1221 4251 1414 4305 litteris
1436 4249 1500 4302 ad
1528 4249 1587 4303 S.
1614 4248 1750 4304 Leo-

231 4358 336 4395 nvm
370 4344 672 4410 pontificem
724 4343 867 4395 datis
908 4342 1202 4410 loquuntur
1259 4340 1369 4408 (45)
1398 4356 1413 4393 :
1444 4342 1584 4394 Deus
1618 4342 1754 4393 enim

225 4442 323 4486 erat
353 4435 437 4502 qui
470 4435 780 4503 operabatur
801 4473 816 4497 ,
846 4443 893 4486 et
922 4447 1036 4503 qua:
1086 4448 1180 4484 suo
1222 4431 1451 4485 thalamo
1486 4433 1759 4485 concilium

227 4525 471 4577 toronarit
519 4533 706 4577 ornata
761 4523 944 4577 decore
982 4524 1213 4576 victorius
1267 4523 1549 4588 Euphemiu
1582 4538 1601 4574 :
1647 4537 1763 4590 qua!

228 4626 454 4685 tauquam
499 4616 766 4684 projiriam
816 4615 1191 4682 confessionem
1237 4614 1361 4680 fidei
1406 4613 1759 4666 deﬁnitionem

231 4710 494 4771 suscipiens
523 4724 553 4759 a
579 4707 743 4767 nobis,
769 4721 862 4759 suo
899 4720 1088 4773 sponso
1137 4720 1224 4769 per
1267 4705 1559 4765 piissimum
1600 4706 1762 4771 impe-

231 4809 455 4861 ratorem,
489 4810 536 4852 et
562 4800 786 4851 amicam
812 4796 1011 4850 (.‘lm'sti
1038 4795 1320 4865 Augustam
1338 4795 1538 4858 obtulit,
1563 4812 1760 4849 onmem

229 4888 413 4954 quidem
431 4889 872 4954 perturbationem
897 4888 1278 4939 contrariorum
1301 4888 1508 4949 sedans,
1529 4889 1760 4940 veritatis

230 4987 385 5030 autem
405 4978 776 5048 confessionem
802 4974 1076 5036 roborans,
1112 4981 1165 5024 ut
1193 4973 1454 5034 amicam,
1498 4980 1546 5023 et
1578 4988 1758 5037 manu,

231 5090 283 5125 uc
307 5073 481 5142 lingua
524 5062 881 5125 universorum
920 5070 1139 5122 decretis
1193 5082 1285 5131 pro
1327 5067 1761 5123 demonstratione

229 5162 561 5217 subscribens.
612 5162 871 5215 Praeterea
921 5156 1319 5213 observandum
1374 5166 1457 5210 est
1501 5172 1714 5226 quoque
1744 5197 1758 5222 ,

231 5258 445 5323 pictores
468 5264 701 5316 veteres.
734 5261 793 5307 ut
826 5255 925 5307 hoc
952 5254 1126 5321 ipsum
1166 5248 1475 5317 Euphomiac
1502 5251 1758 5319 martyris

232 5361 341 5415 erga
394 5348 682 5400 concilium
740 5344 1098 5414 patrocinium
1164 5339 1528 5408 exprimerent
1564 5377 1581 5402 ,
1638 5354 1758 5393 eam

233 5438 458 5491 volumen
488 5453 650 5491 manu
674 5445 944 5491 tenentem
982 5433 1303 5503 quandoque
1349 5430 1404 5484 in
1454 5431 1649 5485 tabulis
1679 5431 1758 5487 ef-

240 5528 459 5596 fluxisse,
482 5539 738 5597 tanquam
772 5526 894 5594 ﬁdei
923 5524 1315 5594 professionem
1346 5521 1565 5576 Patrum
1596 5521 1758 5577 Chal-

299 5732 399 5801 (43)
431 5751 493 5785 .n
522 5731 742 5784 histona
773 5726 1240 5801 inuentionistetnc.
1267 5738 1418 5777 num.
1454 5736 1530 5776 ιι.

301 5792 401 5872 (llr)
431 5804 504 5857 Aal
537 5814 737 5857 annum
769 5797 892 5866 55!,
920 5811 1068 5851 num.
1102 5792 1223 5849 122.

1860 532 2246 585 cedoucnsium
2303 530 2410 584 Deo
2471 529 2830 594 offerentem;
2873 532 3070 585 ctenim
3142 532 3417 600 probabile

1860 624 2015 676 valde
2041 624 2253 677 videtur
2273 623 2415 692 quod
2441 622 2749 689 huiusmodi
2784 624 2944 676 etiam
2970 624 3191 691 pictum
3215 624 3415 680 Graecis

1860 713 2130 782 sequioris
2154 714 2251 768 ωνὶ
2279 715 2597 769 miraculum
2628 714 2759 768 illud
2785 714 3231 768 eotnminiscendi
3280 730 3416 784 pra:-

1861 805 2075 857 buerint
2105 815 2507 874 argumentum.

1930 893 2067 949 Xlll.
2092 894 2199 949 Nec
2237 896 2431 949 falsum
2464 905 2548 949 est
2583 900 2759 948 minus
2792 896 2959 958 aliud,
2998 897 3138 965 quod
3197 897 3405 968 Euthy-

1863 986 2005 1041 tuius
2038 988 2217 1041 statim
2259 988 2463 1053 subdit,
2491 989 2547 1040 S.
2584 987 2773 1041 Basilii
2802 989 3147 1052 miraculum,
3177 990 3278 1044 etsi
3302 1006 3421 1043 om-

1866 1081 2029 1132 nibus
2059 1080 2414 1135 manifestum
2448 1093 2682 1136 asserat.
2720 1081 2851 1147 Ejus
2883 1096 3094 1134 summa
3151 1082 3263 1136 haec
3315 1092 3419 1138 est.

1861 1170 1997 1224 Cum
2035 1171 2221 1225 Ariani
2256 1171 2504 1226 Valentis
2536 1173 2881 1241 imperatoris
2914 1172 3035 1225 freti
3062 1174 3322 1240 polentia,
3354 1189 3421 1227 ex

1861 1262 2074 1317 Nicaena
2133 1264 2363 1317 ecclesia
2415 1263 2719 1317 catholicos
2753 1264 2974 1316 militari
3006 1278 3166 1316 manu
3221 1265 3419 1332 ejecis-

1862 1363 2002 1419 sent,
2036 1355 2374 1409 orthodoxus
2419 1355 2655 1423 populus
2689 1354 2756 1407 ad
2800 1354 2855 1408 S.
2894 1353 3149 1407 Basiliam
3182 1355 3421 1408 accurrit

1862 1446 2040 1498 multo
2069 1444 2305 1498 clamore
2337 1444 2684 1513 imperatoris
2745 1444 2996 1512 injuriam
3051 1444 3420 1512 expostulans.

1860 1533 1929 1589 ob
1954 1550 2116 1603 quam
2157 1549 2381 1590 causam
2415 1536 2799 1604 imperatorem
2835 1535 3115 1588 Valentem
3144 1535 3233 1588 ille
3263 1535 3419 1597 adiit,

1861 1638 1924 1679 ac
1956 1633 2104 1678 tanta
2122 1641 2245 1680 cum
2274 1627 2584 1694 eloquentia
2616 1634 2870 1694 tanquam
2894 1626 3082 1678 ’riolati
3105 1626 3243 1694 juris
3275 1642 3421 1679 reum

1862 1706 2032 1762 libere
2074 1712 2401 1780 increpavit,
2436 1722 2495 1765 ut
2528 1713 2823 1779 imperator
2875 1714 2951 1765 rei
2996 1711 3258 1780 judicium
3321 1714 3421 1781 ipsi

1862 1798 1919 1853 S.
1950 1800 2149 1856 Basilio
2185 1804 2546 1857 commiserit.
2575 1802 2848 1858 Reversus
2874 1804 3055 1872 itaque
3079 1804 3139 1863 S.
3182 1804 3418 1859 Basilius

1858 1891 2088 1946 Nicmam
2120 1903 2339 1962 paetum
2371 1910 2493 1948 eum
2525 1896 2745 1948 Arianis
2796 1896 3051 1957 tirmavit,
3113 1905 3172 1950 ιιι
3220 1896 3423 1950 clausis

1859 1985 2336 2053 ecclesiaejanuis,
2363 1986 2651 2055 sigilloque
2688 1987 3015 2054 obsignatis,
3072 1987 3178 2040 utri
3220 1988 3424 2057 populo

1860 2083 1981 2139 post
2015 2075 2254 2126 triduum
2282 2089 2357 2128 ea:
2384 2085 2581 2143 sponte
2610 2079 2939 2144 patuissent,
2976 2079 3021 2132 is
3066 2081 3302 2135 ecclesia
3329 2095 3424 2149 po-

1859 2166 2076 2219 tiretur.
2120 2165 2255 2219 Cum
2332 2176 2512 2221 autem
2573 2170 2774 2229 Ariani.
2807 2180 2919 2225 tres
2962 2172 3076 2225 dies
3126 2181 3423 2244 noctesque

1862 2256 2140 2323 precando
2199 2258 2649 2326 insumpsissrnt,
2689 2260 2781 2315 sed
2844 2263 2969 2317 inde
3028 2265 3298 2332 supplices
3352 2266 3421 2319 ad

1858 2347 2147 2402 ecclesiam
2185 2349 2460 2404 incassum
2496 2353 2765 2421 progressi
2815 2362 3017 2418 essent,
3077 2363 3208 2408 tunc
3267 2353 3423 2409 Basi~

1830 2438 1962 2505 lius
2017 2443 2275 2508 templum
2326 2442 2384 2495 S.
2442 2441 2714 2496 Diomedis
2774 2447 3026 2513 martyris
3081 2454 3236 2499 extra
3284 2447 3422 2499 civi.-

1858 2538 2020 2582 tatem
2089 2538 2351 2585 oraturus
2412 2532 2694 2602 ingressus
2751 2543 2856 2598 est,
2904 2542 2957 2588 et
3004 2536 3215 2606 expleta
3265 2547 3423 2593 nocte

1860 2622 2106 2690 pervigili
2149 2625 2406 2691 populum
2439 2625 2504 2678 ad
2548 2625 2734 2680 urbem
2791 2628 3052 2694 reduxit;
3093 2638 3144 2683 et
3201 2643 3324 2683 cum
3355 2630 3420 2681 ad

1853 2711 2138 2766 ecclesiam
2173 2716 2521 2779 accessisset,
2580 2717 2783 2769 clausa:
2838 2716 3244 2787 obsignatmquc
3304 2720 3422 2787 ejus

1856 2804 2000 2859 fores
2064 2806 2244 2858 statim
2323 2815 2524 2873 apertze
2593 2817 2721 2861 sunt
2796 2819 3051 2875 tanquam
3122 2811 3418 2866 vehementi

1854 2909 1986 2948 aura
2022 2894 2207 2963 pulsae,
2238 2902 2291 2947 et
2318 2894 2382 2947 ad
2420 2912 2607 2950 muros
2636 2898 2811 2951 illisce.
2856 2899 2979 2954 Il:ec
3038 2909 3121 2953 est
3152 2902 3414 2962 historia,

1853 2998 2014 3051 quam
2050 2999 2147 3053 pro
2208 2994 2356 3037 certa
2412 2998 2467 3039 et
2504 2988 2822 3042 inconcussa
2859 2991 3178 3045 inmedium
3230 2992 3422 3047 aliene

1856 3072 2209 3127 non'dubitat
2242 3076 2587 3145 Euthymius,
2639 3079 2733 3132 sed
2794 3096 2912 3148 qua:
2959 3081 3206 3150 prof-ceto
3259 3084 3422 3137 nimis

1858 3165 2135 3219 imbecillo
2195 3168 2390 3219 nititur
2448 3168 2821 3225 ftmdanteuto.
2879 3170 3128 3239 Scriptor
3176 3170 3418 3236 Gra‘cus,

1857 3255 1947 3322 qui
1975 3256 2178 3321 primus
2204 3257 2456 3311 miraculi
2488 3258 2649 3325 hujus
2673 3260 2942 3326 meminit,
2966 3271 3047 3315 est
3077 3273 3270 3317 auctor
3286 3262 3423 3316 Vitm
3449 3304 3455 3311 .

1860 3345 1916 3399 S.
1951 3344 2157 3407 Basilii,
2194 3362 2315 3414 qua:
2342 3349 2547 3401 saeculo
2579 3365 2695 3410 rm.
2722 3351 2803 3403 vel
2878 3353 3058 3421 petius
3089 3369 3143 3407 Ix
3201 3354 3417 3421 prodiit.

1859 3436 2033 3491 Fuere
2056 3439 2277 3506 quidem
2319 3441 2707 3509 nonuulli,qui
2781 3444 2923 3497 hanc
2970 3446 3143 3499 Vitam
3196 3446 3259 3508 S.
3297 3427 3432 3503 Am:

1860 3528 2143 3596 philocbio
2167 3529 2439 3585 lconiensi
2468 3533 2747 3600 episcopo,
2778 3534 2993 3602 ipsique
3028 3536 3233 3591 Basilio
3262 3538 3421 3592 fami-

1861 3622 2157 3676 liarissimo
2198 3624 2361 3679 facile
2401 3628 2737 3692 tribuerunt,
2779 3630 2909 3697 quia
2942 3631 2994 3682 iu
3049 3646 3179 3684 mss.
3217 3634 3422 3686 codici-

1862 3715 1964 3767 bus
1998 3716 2099 3769 sub
2131 3716 2496 3785 Amphilochii
2529 3719 2754 3773 nomine
2812 3720 3081 3790 reperitur
3123 3720 3419 3792 descripta,

1858 3813 1913 3857 et
1965 3806 2091 3872 quia
2124 3816 2276 3859 certo
2299 3806 2506 3860 scimus
2540 3806 2597 3861 S.
2627 3809 3067 3877 Amphilochium
3099 3812 3418 3881 episcopum

1861 3895 2196 3950 lconiensem
2224 3898 2497 3965 quoddam
2539 3901 2849 3954 encomium
2883 3899 2938 3954 S.
2973 3900 3159 3955 Basilii
3192 3906 3422 3971 posteris

1863 3988 2173 4057 reliquisse.
2223 3987 2426 4043 Verum
2477 3992 2787 4046 encomium
2822 3991 2925 4045 hoc
2960 3993 3024 4046 ad
3091 4008 3189 4048 nos
3249 4009 3422 4061 usque

1862 4079 2128 4146 pervenit,
2150 4087 2203 4133 et
2221 4080 2288 4134 ab
2311 4080 2414 4134 hac
2429 4083 2536 4135 vita
2560 4082 2703 4151 stylo
2734 4082 2931 4144 differt,
2953 4090 3006 4137 et
3030 4082 3214 4137 rebus.
3241 4082 3421 4147 Quare

1863 4170 2167 4224 comnmnis
2194 4171 2511 4225 criticorum
2546 4182 2628 4226 est
2651 4173 2943 4237 sententia,
2982 4174 3418 4243 Amphilochium

1863 4256 1997 4311 Vitae
2031 4258 2091 4311 S.
2129 4259 2313 4313 Basilii
2371 4262 2695 4330 scriptorem
2763 4274 2885 4327 post
2944 4272 3184 4331 tempora
3260 4265 3417 4332 longa

1864 4348 1931 4400 ab
1961 4358 2117 4403 :etate
2146 4351 2322 4403 sancti
2359 4350 2603 4404 doctoris
2663 4352 2885 4411 vixisse.
2945 4358 3000 4403 rt
3029 4368 3116 4406 res
3174 4369 3281 4406 non
3313 4368 3419 4408 asc

1863 4439 2028 4501 visas,
2060 4440 2153 4491 sed
2189 4440 2243 4491 in
2273 4440 2468 4508 vulgus
2496 4455 2719 4509 sparsas
2777 4443 2897 4496 sine
2956 4443 3167 4496 delectu
3211 4442 3419 4498 descri-

1862 4530 2145 4598 psissc,et
2188 4531 2421 4585 fortasse
2471 4534 2835 4601 Antphilochii
2896 4551 3093 4587 nomen
3162 4536 3267 4588 sibi
3326 4552 3419 4590 as-

1864 4621 2271 4687 sumpsisse,ut
2321 4624 2470 4690 operi
2506 4638 2608 4677 suo
2662 4625 3041 4677 auctoritatem
3097 4624 3418 4679 conciliaret

1863 4709 2126 4761 etfidem.
2187 4709 2470 4762 Communi
2526 4710 2653 4763 huic
2698 4711 2905 4779 judicio
2965 4710 3282 4765 adversatus
3333 4721 3419 4766 est

1867 4798 2189 4852 Franciscus
2215 4799 2596 4864 (Jombelisius,
2623 4802 2710 4854 cui
2736 4802 2872 4853 banc
2903 4816 3118 4870 quoque
3146 4800 3320 4854 Vitam
3354 4803 3415 4855 S.

1863 4887 2048 4941 Basilii
2084 4889 2141 4941 S.
2162 4891 2543 4958 Amphilochio
2575 4892 2832 4961 episcopo
2865 4892 3063 4959 placuit
3094 4891 3372 4946 vindicare
3399 4911 3413 4958 ;

1861 4980 2173 5049 compulsus
2199 4989 2491 5035 est-tamen
2510 4991 2563 5035 et
2610 4984 2723 5050 ipse
2760 4980 2921 5033 fateri
2986 4980 3153 5034 fuisse
3209 4982 3354 5035 illam
3384 4997 3413 5035 a

1865 5071 2171 5129 monachis.
2207 5085 2304 5138 per
2328 5086 2561 5139 quorum
2605 5084 2799 5123 utanus
2834 5072 3065 5122 decursu
3105 5079 3411 5139 temporum
3500 5084 3503 5087 ‘

1862 5161 2101 5222 transiit,
2138 5161 2541 5230 interpolatam,
2571 5173 2621 5215 et
2651 5161 2966 5229 vulgaribus
3001 5162 3413 5224 traditionibus,

1862 5252 1915 5304 ni
1979 5256 2149 5305 mavis
2213 5254 2376 5305 etiam
2438 5252 2685 5306 confictis
2745 5253 2811 5304 ad
2862 5262 3114 5306 ornatum
3174 5252 3416 5307 mit-ilicis

1861 5345 2269 5398 narrationibus
2335 5348 2700 5408 conuulstam',
2770 5352 2824 5397 et
2882 5353 3116 5397 auctam.
3170 5343 3412 5397 Cra-cum

1861 5432 2022 5502 hujus
2054 5434 2184 5488 Vita:
2211 5444 2415 5488 textum
2456 5434 2644 5488 Latine
2666 5434 2895 5488 reddidit
2930 5434 3123 5499 Ursus,
3155 5434 3212 5489 S.
3244 5433 3304 5485 R.
3350 5435 3410 5488 Ε.

1858 5525 2252 5590 subdiaconus,
2275 5526 2565 5581 Anastasio
2610 5526 3026 5580 Bibliothecario
3075 5540 3290 5580 corevus
3315 5542 3332 5591 ;
3361 5535 3417 5580 et

1913 5723 2025 5797 (ίό)
2048 5722 2193 5778 Inter
2223 5724 2393 5794 Epist.
2428 5725 2487 5782 S.
2522 5724 2709 5782 Leonis
2743 5721 2945 5796 Magni,
2966 5740 3051 5795 cp.
3085 5723 3175 5791 98,
3210 5730 3341 5777 tom.
3365 5722 3412 5777 l.
