4090 6324
619 479 682 541 at
1941 477 2524 543 I‘ROLEGOMENA.
2704 548 2723 563 κ
3419 510 3431 519 -
3772 470 3845 535 32

621 598 792 651 cidem
818 597 1006 651 mundi
1038 599 1200 666 hujus
1228 601 1529 668 opiﬁcium,
1559 600 1909 669 hominisque
1946 597 2183 651 creatio-

628 705 747 741 nem
784 688 1117 744 tribuerint?
1148 690 1375 758 Negavit
1407 701 1555 747 certe
1617 693 1847 747 callidus
1910 690 2183 745 Calvinia-

627 789 748 838 nus,
803 774 1120 831 Mauichmus
1174 796 1405 846 unquam
1471 782 1769 848 principem
1838 782 2182 835 tenebrarqu

626 864 717 917 Dei
752 865 967 919 nomine
1000 866 1313 929 boum-asse.
1373 878 1428 922 at
1489 888 1648 939 quam
1697 872 1970 926 immerito
2014 871 2063 924 id
2106 869 2185 924 fe-

628 956 782 1017 cerit,
817 956 1066 1010 laudatus
1098 958 1364 1029 Georgius
1402 963 1507 1031 (38)
1544 964 1678 1017 satis
1711 963 1951 1017 cdot'uit.

698 1044 788 1099 Xl.
822 1046 1047 1101 PI'mSIat
1092 1052 1252 1105 modo
1288 1055 1615 1123 pra-cipnum
1672 1055 1981 1109 Beausobrii
2026 1072 2186 1124 argu-

631 1149 868 1191 "wmu‘"
901 1155 1190 1208 οκβοηυτο,
1228 1160 1333 1211 quo
1371 1144 1561 1198 nititur
1592 1148 1986 1206 demonstrare.
2022 1148 2193 1216 Btth-

631 1227 791 1281 tuilns
813 1228 938 1281 dtttn
972 1230 1223 1285 Satanam
1260 1234 1432 1287 Verbo
1465 1219 1591 1289 natu
1626 1240 1882 1303 majorem
1922 1239 2190 1301 dixi-runt,

630 1328 775 1371 recte
815 1320 867 1371 in
906 1319 1007 1375 fide
1036 1326 1290 1386 sensisse,
1341 1324 1798 1396 Euthy-uiumque
1858 1328 2021 1397 hujus
2070 1345 2194 1382 scn-

633 1410 821 1463 tcntitc
854 1426 1072 1467 sensmn
1129 1429 1192 1467 ex
1245 1416 1506 1470 industria
1550 1420 1915 1486 pervertisse,
1968 1430 2024 1472 ut
2073 1420 2197 1472 inde

632 1507 836 1552 tantam
867 1500 1126 1557 atlvcrsns
1163 1520 1258 1558 cus
1302 1509 1631 1561 calumniam
1678 1511 2031 1577 Conlingerct.
2073 1510 2198 1561 lina:

635 1606 785 1660 sunt,
815 1596 1011 1665 inquit,
1057 1602 1359 1662 sontentiai,
1402 1619 1539 1671 quas
1592 1606 1756 1671 aliqui
1804 1614 2013 1658 veteres
2064 1603 2198 1656 scri-

637 1692 822 1756 ptores
864 1688 1114 1742 catholici
1147 1693 1319 1745 secuti
1359 1703 1528 1759 sunt;
1575 1695 1743 1762 prima
1796 1695 2005 1749 scilicet
2057 1692 2199 1761 quod

635 1774 877 1828 divinum
939 1778 1167 1832 Verbum
1220 1782 1551 1850 hypostasim
1625 1785 1899 1852 propriam
1953 1784 2202 1836 habuerit

639 1866 873 1932 primunt
907 1881 934 1918 a
975 1871 1157 1922 mutuli
1186 1875 1461 1925 creatione
1492 1912 1506 1933 ,
1554 1876 1754 1940 altera,
1794 1876 1938 1942 quod
1970 1874 2198 1928 Satanas

640 1963 693 2007 ct
740 1958 911 2024 angeli
964 1961 1211 2024 pluribus
1251 1971 1377 2016 ante
1418 1966 1672 2016 mutulqu
1732 1966 1891 2042 hunc.
1928 1966 2193 2020 visibiiem

643 2047 855 2098 satcnlis
890 2050 1216 2103 exstiterint.
1253 2052 1439 2126 Itaque
1477 2068 1597 2107 cum
1620 2053 1910 2121 Bogumilis
1935 2056 2197 2123 placuerit

642 2135 951 2204 angelorum
984 2142 1308 2194 creationem
1331 2152 1455 2197 ante
1480 2145 1740 2201 mundum
1769 2154 2028 2207 statuere,
2049 2161 2200 2199 Clllll-

645 2242 751 2293 que
793 2227 1026 2283 Verbum
1081 2232 1321 2286 divinmn
1366 2237 1420 2289 in
1472 2237 1655 2289 mundi
1700 2238 1977 2290 creatione
2029 2239 2199 2306 hypo-

648 2317 836 2371 stasim
885 2321 1153 2386 propriam
1185 2321 1386 2376 habere
1411 2320 1640 2392 t'teperit
1665 2364 1679 2388 ,
1723 2326 1847 2379 imle
1878 2327 2152 2380 concludit
2181 2365 2197 2388 ,

643 2405 786 2471 quod
818 2407 932 2459 sine
964 2410 1151 2462 incresi
1189 2409 1223 2461 ii
1261 2411 1529 2465 allirmare
1582 2424 1911 2480 potuerunt,
1945 2412 2198 2468 Satanam

650 2494 821 2548 Verbo
873 2507 997 2550 natu
1040 2498 1299 2567 majorem
1335 2488 1476 2556 esse.
1527 2502 1643 2557 Hoc
1678 2513 1857 2556 tamen
1904 2505 2201 2559 Calviniaui

647 2586 882 2639 hominis
921 2588 1370 2653 deliramentum,
1405 2592 1549 2660 quod
1604 2593 1775 2660 prima
1840 2595 2014 2649 fronte
2064 2595 2199 2647 sim-

648 2677 963 2742 plicioribus
990 2679 1223 2732 fortasse
1254 2691 1434 2749 posset
1474 2681 1655 2737 fucum
1692 2684 1865 2738 facere
1892 2724 1906 2746 ,
1956 2686 1998 2739 si
2043 2685 2204 2755 paulo

649 2770 1065 2836 perpendamus,
1097 2772 1299 2826 nullius
1338 2789 1564 2841 prorsus
1604 2788 1687 2830 est
1726 2776 1956 2830 roboris.
1994 2780 2204 2846 Atque,

650 2865 708 2909 ut
737 2860 804 2912 ab
828 2875 892 2912 co
926 2863 1197 2926 exordiar,
1236 2863 1378 2931 quod
1409 2865 1617 2934 absque
1648 2868 1754 2920 ulla
1803 2868 2079 2936 religionis
2121 2867 2207 2921 iu-

648 2954 794 3021 juria
829 2956 1084 3009 allirmari
1119 2966 1323 3026 posset,
1357 2962 1578 3028 angelos
1605 2977 1797 3030 nempe
1815 2964 2062 3030 pluribus
2086 2973 2210 3016 ante

653 3046 909 3096 mundum
943 3046 1085 3099 lumc
1118 3047 1383 3100 visibilem
1415 3050 1626 3103 smeulis
1670 3051 1839 3105 fuisse
1875 3062 2087 3105 creatos
2113 3092 2125 3113 ,
2159 3051 2208 3104 ei

655 3136 796 3187 ultro
831 3137 1146 3191 concedam.
1176 3138 1331 3203 Quod
1369 3155 1493 3193 vero
1527 3142 1592 3194 ad
1627 3143 1852 3195 alteram
1880 3144 2206 3196 sententiam

654 3229 868 3292 attinet,
905 3245 1066 3298 quam
1100 3246 1197 3298 pro
1226 3234 1498 3288 catholica
1530 3235 1868 3289 confidenter
1918 3234 2163 3288 obtrudit
2196 3274 2211 3298 ,

656 3319 949 3372 notandum
982 3331 1063 3373 est
1102 3336 1196 3389 per
1231 3331 1442 3377 veteres
1476 3322 1597 3378 illos
1646 3324 1940 3392 scriptores
1987 3324 2216 3379 catholi-

657 3424 754 3463 cos
810 3409 1099 3464 Tatianum
1158 3415 1496 3481 potissinmm
1543 3422 1597 3468 et
1633 3415 2029 3485 Athenagoram
2070 3412 2216 3469 desi-

658 3517 823 3569 gnare
870 3505 1107 3559 voluisse
1137 3545 1151 3568 ,
1197 3508 1352 3575 quasi
1410 3521 1598 3560 eorum
1659 3506 1824 3561 fuerit
1874 3505 2059 3576 opinio
2091 3547 2105 3572 ,
2158 3516 2218 3560 ut

658 3594 890 3648 credidit
914 3597 1078 3649 etiam
1113 3596 1367 3652 Petavius
1400 3598 1534 3668 (59),
1565 3596 1797 3652 Verbum
1826 3598 2073 3651 divinum
2104 3612 2212 3650 non

659 3698 784 3743 ante
812 3689 995 3742 mundi
1026 3691 1358 3745 creationem
1404 3693 1676 3761 propriam
1704 3692 2059 3763 ,bypostasim
2119 3692 2217 3745 ha-

650 3783 863 3855 obuisse.
896 3784 1004 3843 At,
1036 3783 1163 3837 licet
1209 3783 1497 3839 obscurius
1545 3793 1755 3839 veteres
1805 3784 1857 3837 bi
1915 3782 2105 3839 Patres
2154 3783 2223 3837 de

666 3871 823 3927 Verbi
849 3876 1194 3942 generatione
1218 3876 1383 3928 locuti
1399 3874 1529 3938 sint,
1554 3890 1830 3943 nunquam
1851 3883 2030 3931 tamen
2062 3876 2225 3944 quid-

662 3980 823 4033 quam
854 3964 1106 4017 dixerunt
1135 4002 1151 4024 ,
1180 3965 1326 4033 quod
1353 3964 1470 4031 ejus
1499 3965 1769 4019 divinitati
1798 4005 1814 4030 ,
1853 3965 2139 4019 mternitati
2172 3974 2225 4019 et

667 4055 1041 4124 personalitati
1098 4056 1269 4124 possit
1317 4055 1552 4111 oﬂicere.
1604 4058 1682 4112 Ac
1724 4071 1909 4111 revera
1960 4048 2104 4126 Quod
2159 4035 2226 4110 ad

666 4144 951 4199 Tatianum
987 4145 1238 4213 pertinet,
1271 4146 1347 4199 ait
1374 4161 1525 4207 sane,
1578 4145 1632 4199 in
1682 4146 1952 4216 principio
1989 4145 2226 4201 Verbum

669 4236 837 4292 fuisse
868 4234 922 4289 in
952 4234 1109 4289 Patre
1134 4275 1149 4301 ,
1182 4235 1370 4305 utique
1400 4247 1455 4290 ut
1505 4238 1558 4290 in
1593 4252 1822 4305 persona
1862 4237 2230 4291 consubstan-

669 4329 807 4393 tiali,
837 4343 959 4382 cum
987 4343 1096 4397 quo
1121 4330 1303 4384 omnia
1334 4328 1679 4384 sustentabat
1703 4346 1717 4394 ;
1746 4328 1947 4398 quibus
1972 4328 2024 4382 in
2050 4329 2232 4381 verbis

672 4421 961 4475 manifesto
984 4419 1099 4488 ejus
1117 4421 1452 4475 divinitatem
1476 4429 1638 4490 atque
1660 4422 2021 4475 aeternitatem
2047 4428 2237 4473 osten-

671 4513 767 4566 dit.
801 4510 934 4564 Dum
969 4524 1098 4564 vero
1128 4510 1315 4571 addit,
1345 4509 1487 4578 quod
1522 4510 1755 4563 Verbum
1796 4523 1862 4563 ex
1910 4508 2070 4562 Patre
2112 4524 2237 4578 pro-

671 4602 833 4657 dierit
858 4602 1073 4671 quando
1129 4603 1195 4654 ad
1248 4601 1436 4654 mundi
1487 4600 1820 4654 creationem
1869 4612 2233 4668 progressum

672 4706 779 4760 est,
810 4696 1082 4766 intelligit,
1122 4694 1265 4765 quod
1305 4695 1444 4750 Deus
1476 4709 1570 4764 per
1603 4693 1800 4748 Filium
1852 4695 2109 4748 omnibus
2139 4710 2238 4763 pa-

676 4790 845 4846 ternis
876 4790 1012 4843 ideis
1030 4789 1373 4855 etjattribntis
1399 4790 1727 4842 instructum
1748 4789 1928 4842 omnia
1951 4788 2236 4841 creaverit.

678 4884 757 4936 Ac
784 4879 1035 4949 quamvis
1072 4879 1213 4932 inter
1257 4878 1416 4931 Verbi
1468 4879 1901 4947 progressionem
1952 4893 2240 4946 rerumque

677 4971 1006 5027 creationem
1035 4969 1399 5022 necessariam
1426 4978 1588 5036 ponat
1617 4968 2032 5030 connexiouem,
2057 4977 2237 5021 tamen

675 5062 829 5124 iuxta
853 5061 1100 5114 eumdem
1134 5057 1423 5140 Tatianum
1483 5058 1553 5111 ita
1609 5058 1842 5131 Verbum
1890 5075 1918 5111 a
1968 5057 2126 5112 Patre
2185 5060 2239 5110 in

679 5167 857 5206 rerum
882 5151 1158 5205 creatione
1181 5164 1525 5217 progressum
1549 5158 1655 5212 est,
1679 5158 1738 5200 ut
1759 5148 1825 5202 ab
1848 5164 1911 5201 eo
1934 5148 2238 5203 abscissum

680 5252 735 5296 et
756 5250 1062 5311 separatum
1088 5256 1194 5294 non
1225 5241 1409 5303 fuerit,
1442 5241 1568 5309 quia
1595 5240 1637 5295 si
1664 5233 1968 5294 abscissum
2023 5238 2239 5304 fuisset,

683 5335 838 5387 Pater
863 5334 1053 5401 ἄλογος
1087 5332 1247 5387 foret.
1291 5333 1479 5403 Itaque
1513 5332 1653 5387 falso
1692 5334 1913 5387 omnino
1956 5333 2241 5395 asseritur,

684 5424 971 5478 Tatianum
1005 5425 1270 5490 sensisse,
1316 5424 1559 5478 divinum
1613 5421 1863 5477 Verbum“
1909 5425 2242 5494 bypostasim

689 5519 957 5585 propriam
986 5515 1241 5572 habuisse
1299 5516 1353 5570 in
1396 5515 1583 5569 mundi
1638 5516 1959 5570 creatione:
2012 5532 2133 5569 nam
2194 5515 2243 5569 id

756 5742 873 5809 ,(58)
905 5741 1138 5793 Histoire
1164 5739 1383 5806 critique
1409 5737 1469 5791 de
1493 5735 1766 5809 Manicltée
1791 5736 1888 5792 lib.
1913 5750 1993 5801 ιιι,
2020 5748 2139 5805 pag.
2167 5732 2255 5788 ‘25.

765 5808 875 5877 (ὂψ
910 5811 977 5863 ηε
1020 5810 1213 5862 Triuit.
1250 5809 1341 5861 lib.
1373 5824 1409 5875 ι,
1449 5823 1566 5877 cap.
1599 5808 1654 5862 5.
1956 5813 1960 5817 ‘

770 5884 879 5952 till)
914 5884 1117 5944 Qtncst.
1162 5880 1248 5933 (δῖ).

2289 606 2498 652 tantum
2536 598 2774 665 astruit,
2809 596 3046 651 Verbum
3077 593 3230 653 illud.
3264 594 3405 661 quod
3439 590 3506 644 ab
3538 604 3741 642 anet-uo
3790 592 3844 640 in

2288 690 2446 745 Patre
2478 687 2659 744 omnia
2686 690 3031 746 sustentabat
3060 731 3075 752 ,
3117 695 3228 738 tum
3264 685 3319 737 in
3355 700 3534 739 rerum
3570 682 3848 734 creatione

2287 800 2350 836 ex
2385 781 2542 836 Patre
2567 782 2855 850 prodiisse,
2882 779 3007 848 quia
3030 779 3209 831 omnia
3234 776 3514 845 peripsum
3539 772 3678 825 facta
3696 783 3846 824 sunt.

2293 854 2503 925 Eadem
2524 871 2633 925 fere
2669 878 2879 924 ratione
2906 871 3281 934 Athenagoras
3329 878 3543 933 quoque
3590 867 3654 916 de
3690 862 3849 915 Verbi

2291 962 2574 1016 divinitate
2625 962 2898 1015 disseruit.
2939 960 3077 1013 Dicit
3121 958 3264 1010 enim
3305 954 3448 1024 quod
3500 951 3677 1014 Deus,
3728 965 3851 1002 cum

2294 1055 2361 1108 sit
2392 1069 2540 1107 mens
2574 1060 2797 1116 aeterna,
2828 1050 3015 1104 habuit
3048 1050 3112 1101 ab
3139 1056 3343 1101 arterno
3383 1045 3437 1098 in
3494 1043 3675 1110 scipso
3719 1039 3852 1093 Ver-

2295 1147 2445 1208 bum,
2489 1151 2673 1212 utpote
2715 1143 2781 1194 ab
2822 1149 3026 1194 aeterno
3077 1137 3399 1190 rationalis:
3449 1141 3504 1188 et
3551 1130 3695 1198 quod
3749 1130 3853 1182 hoc

2297 1236 2528 1290 Verbum
2566 1234 2856 1304 prodierit,
2914 1244 2971 1284 ut
3013 1231 3255 1284 omnium
3303 1235 3615 1280 creatarum
3669 1236 3855 1276 rerum

2297 1324 2439 1384 idea,
2471 1332 2523 1375 et
2554 1321 2798 1389 operatio
2827 1321 3135 1373 chiStet‘ct.
3160 1318 3387 1370 Constat
3411 1322 3591 1366 autem
3622 1311 3863 1365 voluisse

2297 1416 2694 1479 Athenagoram
2731 1412 2881 1479 hisce
2912 1411 2963 1462 in
3018 1409 3193 1461 verbis
3237 1408 3339 1460 hoc
3385 1404 3557 1460 solum
3602 1403 3797 1463 docere
3843 1441 3860 1464 ,

2300 1523 2395 1574 per
2440 1505 2674 1560 Verbum
2729 1519 2814 1557 res
2871 1468 3062 1555 inanes
3112 1507 3322 1552 creatas
3376 1512 3539 1559 cve,
3602 1496 3863 1564 quoniam

2300 1598 2470 1652 Filius
2497 1597 2677 1665 aliquo
2709 1595 2868 1649 modo
2917 1593 3021 1647 dici
3052 1598 3229 1659 potest
3280 1589 3372 1642 Dei
3426 1588 3564 1642 ratio
3595 1625 3611 1648 ,
3666 1601 3818 1640 mens
3847 1623 3865 1647 ,

2303 1690 2564 1759 sapientia
2592 1730 2607 1752 ,
2636 1698 2686 1743 et
2718 1689 2995 1757 operativa
3054 1683 3290 1753 potentia
3316 1721 3331 1743 ,
3366 1697 3488 1750 qua:
3536 1681 3767 1749 primum
3806 1678 3863 1731 in

2307 1797 2484 1835 rerum
2516 1782 2789 1832 creatione
2825 1777 3064 1831 exterius
3099 1774 3320 1844 prodiit.
3351 1773 3497 1826 llanc
3535 1770 3864 1827 sententiam

2304 1872 2553 1939 probavit
2577 1885 2799 1937 quoque
2832 1867 2889 1921 S.
2920 1868 3282 1936 Augustinus,
3309 1864 3400 1917 ubi
3453 1862 3582 1916 illttd
3628 1858 3869 1915 Joannis

2310 1962 2369 2015 lu
2395 1963 2648 2029 princip-io
2682 1973 2794 2014 erat
2838 1959 3058 2013 Verbum
3088 1971 3396 2025 exponens:
3427 1953 3540 2007 Hoc
3574 1953 3686 2006 loco
3715 1993 3728 2016 ,
3782 1952 3871 2002 in-

2308 2056 2422 2121 quit
2450 2054 2583 2120 (iO),
2618 2052 2804 2105 melius
2845 2050 3063 2104 Verbum
3090 2051 3496 2115 interpretamur
3520 2085 3534 2108 ,
3570 2044 3867 2112 ut.signiﬁ-

2305 2159 2449 2197 cemr
2476 2162 2573 2196 non
2610 2144 2779 2197 solum
2811 2142 2892 2195 τιά-
2909 2141 3123 2195 Patrem
3155 2150 3415 2204 respectus
3442 2177 3458 2200 ,
3514 2138 3603 2191 sed
3656 2137 3725 2189 ad
3773 2136 3872 2187 illa

2309 2238 2484 2290 etiam.
2508 2252 2622 2302 qua:
2640 2251 2727 2299 per
2756 2234 2975 2287 Verbum
2998 2234 3141 2304 facta
3164 2241 3308 2294 sunt,
3328 2229 3591 2298 opcrativa
3614 2228 3872 2295 potentia.

2317 2326 2515 2381 Habuit
2560 2342 2690 2393 ergo
2734 2324 2963 2379 Verbum
3019 2324 3286 2391 propriam
3324 2332 3391 2374 ac‘
3428 2320 3736 2373 distinctam
3772 2319 3875 2385 by—

2314 2420 2570 2489 postasim
2617 2420 2684 2471 ab
2722 2426 2923 2469 mterno
2974 2417 3099 2468 dum
3161 2414 3339 2465 omnia
3389 2427 3511 2463 cum
3564 2409 3721 2463 Patre
3773 2423 3874 2462 stt-

2313 2512 2600 2572 stentabat,
2645 2508 2737 2562 δειά
2768 2509 2821 2560 in
2864 2520 3042 2559 rerum
3075 2504 3349 2557 creatione
3378 2502 3549 2570 patuit
3602 2499 3875 2565 quodam—

2315 2603 2493 2664 modo,
2534 2601 2657 2670 quia
2688 2599 2866 2651 ntuuia
2898 2611 2992 2664 per
3023 2593 3255 2648 Verbum
3292 2592 3428 2645 facta
3463 2600 3607 2645 sunt.
3635 2589 3712 2643 Ad
3736 2589 3874 2647 lia‘c,

2323 2703 2381 2747 ut
2416 2693 2585 2761 magis
2607 2692 2814 2743 eluceat
2841 2687 3025 2741 infelix
3058 2682 3373 2739 Beausobrii
3407 2678 3672 2742 vafritirs,
3699 2677 3879 2729 aniat-

2317 2786 2592 2838 advertere
2640 2781 2813 2851 juvat,
2848 2780 2990 2851 quod
3040 2779 3199 2832 etiam
3240 2776 3481 2829 admisso
3528 2773 3629 2826 hoc
3667 2783 3881 2830 errore,

2318 2874 2549 2929 Verbum
2586 2872 2855 2940 propriam
2885 2869 3143 2923 habuisse
3174 2865 3508 2935 hypostasim
3563 2878 3626 2915 ex
3684 2874 3873 2913 rerum

2318 2964 2611 3027 creatione,
2652 2978 2859 3017 necnon
2890 2962 2979 3014 illa
3008 2959 3278 3013 sententia
3310 2956 3531 3024 angelos
3560 2962 3685 3007 ante
3720 2966 3883 3004 mun-

2320 3057 2447 3109 dum
2471 3064 2682 3109 creatos
2700 3069 2839 3115 csse,
2873 3038 3182 3105 nullatenus
3211 3042 3878 3115 sequereturanteriorem

2318 3146 2484 3201 fuisse
2512 3146 2639 3200 lmic
2666 3144 2943 3215 hypostasi
2978 3140 3276 3204 Satanam;
3319 3148 3448 3191 tunc
3479 3135 3619 3187 enim
3640 3133 3883 3186 Verbum

2314 3256 2422 3295 non
2454 3240 2508 3293 in
2542 3238 2748 3301 mundi,
2782 3237 2875 3289 sed
2928 3236 2982 3286 in
3029 3234 3343 3298 angelorum
3385 3228 3665 3282 creatione
3708 3224 3885 3293 hypo-

2318 3333 2503 3388 stasim
2532 3330 2833 3393 habuisset,
2864 3327 2987 3395 quia
3011 3332 3140 3378 tunc
3163 3317 3311 3378 extra
3329 3320 3537 3374 Patrem
3558 3315 3879 3387 prodiisset:

2320 3439 2382 3477 ac
2437 3422 2661 3491 proinde
2719 3433 2932 3486 semper
2999 3414 3153 3470 Verbi
3217 3411 3524 3482 hypostasis
3557 3409 3874 3478 angelorum

2320 3516 2647 3568 creationem
2683 3509 3068 3578 prmcessisset.

2391 3605 2505 3659 XII.
2541 3604 2746 3659 Ca‘tera
2779 3596 3122 3668 Rogomilicaz
3150 3604 3311 3649 scene
3366 3590 3560 3660 placita
3617 3595 3892 3642 memorat

2325 3702 2377 3754 in
2406 3701 2509 3753 hoc
2536 3696 2717 3750 libello
2750 3691 3096 3761 Euthymius,
3138 3703 3314 3756 neque
3340 3680 3422 3741 est
3472 3698 3610 3753 opus
3657 3682 3723 3736 de
3770 3682 3892 3737 sin-

2324 3789 2463 3859 gulis
2491 3788 2776 3841 disserere.
2813 3781 3081 3836 Fortassis
3114 3776 3409 3831 distinctim
3448 3774 3536 3825 illa
3566 3771 3896 3840 Euthymins

2328 3881 2676 3942 reintavcrat,
2712 3876 2805 3931 sed
2847 3876 2899 3927 in
2937 3871 3128 3926 codice
3154 3862 3425 3921 Vaticano
3465 3865 3638 3920 solum
3686 3878 3892 3931 supcr-

2329 3980 2458 4024 sunt
2496 3976 2808 4037 argumenta
2838 4007 2852 4027 ,
2892 3962 3091 4032 quibus
3132 3967 3286 4028 urget
3342 3955 3644 4023 Bogomilos
3691 3953 3743 4004 in
3778 3967 3847 4003 eo
3881 3991 3899 4013 ,

2329 4062 2471 4133 quod
2505 4058 2737 4131 pertinet
2792 4056 2858 4109 ad
2918 4060 3255 4105 mortuorum
3309 4043 3776 4100 resurrectionem.
3822 4039 3900 4095 Ut

2283 4212 2302 4229 κ
2324 4164 2507 4219 autem
2544 4166 2661 4206 eam
2691 4153 2837 4202 certe
2871 4145 3107 4198 futuram
3140 4140 3332 4211 probet
3353 4177 3371 4203 ,
3404 4136 3628 4205 opponit
3658 4135 3899 4202 primum

2334 4244 2584 4300 lneretico
2610 4240 2730 4294 ﬁdei
2773 4238 3003 4293 Nicaeam
3032 4231 3339 4304 symbolum
3386 4231 3751 4287 trecentorum
3792 4222 3901 4278 de-

2336 4351 2451 4391 cem
2482 4342 2536 4389 et
2579 4342 2703 4386 octo
2733 4331 2953 4384 Patrum
2989 4324 3314 4380 auctoritate
3348 4320 3619 4373 ﬁrmatum
3650 4333 3666 4383 ;
3698 4313 3904 4369 deinde

2334 4442 2469 4481 vero
2500 4423 2788 4479 concilium
2819 4418 3285 4475 Chalcedonense,
3316 4411 3474 4481 cujus
3505 4405 3813 4462 auctoritati
3842 4413 3905 4458 ut

2338 4517 2506 4585 magis
2544 4516 2698 4567 tidem
2749 4509 3038 4569 conciliet,
3087 4502 3408 4558 miraculum
3462 4499 3734 4569 quoddam
3794 4494 3902 4548 de-
3947 4539 3950 4542 .

2337 4604 2572 4659 scribita
2594 4599 2699 4654 Deo
2716 4606 2983 4668 patratqu
3010 4607 3102 4662 per
3127 4592 3182 4643 S.
3210 4587 3558 4657 Euphemiam
3585 4591 3879 4648 martyrem

2340 4696 2393 4748 in
2422 4693 2581 4761 cujus
2613 4690 2837 4745 basilica
2880 4686 3043 4753 hujus
3077 4680 3293 4736 concilii
3329 4679 3518 4732 Patres
3553 4674 3619 4727 ab
3669 4672 3877 4739 impera

2341 4799 2455 4842 tore
2484 4785 2757 4840 Marciano
2793 4779 3105 4847 congregati
3136 4776 3378 4828 fuerunt.
3406 4768 3727 4836 Complures
3759 4766 3871 4819 scri

2342 4889 2522 4949 ptorcs
2548 4876 2793 4947 ejusdem
2835 4868 3086 4925 miraculi
3120 4864 3437 4923 meminere,
3478 4858 3569 4913 sed
3595 4858 3684 4910 alii
3732 4857 3874 4924 ipsiu

2340 4944 2552 5026 concilii
2576 4944 2837 5033 tempore,
2873 4961 2961 5014 alii
2992 4958 3241 5013 absoluto
3270 4955 3487 5006 demum
3509 4949 3741 5004 concilio
3774 4944 3908 4998 iltuz‘.

2341 5062 2588 5117 evenisse
2627 5065 2869 5109 narrant.
2928 5048 3294 5105 Posteriorem
3350 5042 3672 5096 sententiam
3734 5038 3907 5091 seculi

2343 5162 2471 5207 sunt
2507 5147 2733 5205 Michael
2764 5140 3086 5214 UtycasUl)
3107 5151 3170 5189 ac
3196 5134 3439 5187 Zonaras
3470 5130 3581 5201 (4‘2)
3610 5147 3623 5181 :
3659 5125 3910 5181 scribunt

2351 5246 2493 5300 enim
2540 5241 2704 5310 “quod
2769 5250 2891 5289 cum
2942 5227 3200 5298 Eutychis
3254 5221 3604 5288 Dioscorique
3667 5215 3911 5269 fautores

2347 5333 2562 5385 decreta
2580 5306 2813 5380 'concilii
2837 5321 3259 5378 subsannarcnt,
3284 5313 3508 5381 ejusque
3526 5306 3907 5361 auctoritatem

2348 5440 2454 5477 non
2483 5419 2728 5477 veritate,
2755 5414 2848 5468 sed
2884 5408 3125 5480 potentia
3147 5400 3490 5474 imperatoris
3510 5399 3607 5468 niti
3637 5397 3927 5453 dicererm.

2351 5525 2512 5583 atque
2537 5512 2608 5564 ita
2633 5506 2953 5579 pravitatem
2985 5497 3263 5555 sententite
3287 5508 3399 5551 suae
3451 5492 3695 5547 stabilire
3739 5498 3907 5540 cona-

2438 5732 2547 5797 (41)
2577 5726 2770 5783 Annal.
2806 5725 2929 5797 Par.
2959 5737 3033 5783 tv,
3069 5732 3187 5786 pag.

2434 5787 2542 5869 (42}
2574 5798 2766 5851 Annal.
2801 5796 2891 5847 lib.
2928 5805 3045 5856 xm,
3080 5803 3196 5855 cap.
3222 5787 3311 5839 ‘25.
