4090 6324
226 404 293 463 ω
1542 398 2130 487 remaneamus.
3372 405 3442 468 34

223 527 426 581 rentur,
465 516 1105 589 Anatoliuspatriarcha,
1139 518 1463 575 adversariis
1511 532 1776 573 convoca-

223 621 288 663 tts
318 650 332 672 ,
382 609 662 679 proposuit
703 618 761 662 ut
815 625 1156 680 unaquaeque
1210 625 1336 679 pars
1393 611 1623 680 propria:
1657 609 1777 663 lidei

221 700 525 769 symbolum
570 700 747 753 libello
799 701 1158 765 inscriberet,
1189 712 1241 755 et
1274 703 1327 755 in
1358 702 1535 755 loculo
1572 700 1628 755 S.
1671 701 1778 753 En-

220 792 448 858 p'aemiae
482 801 705 860 uterque
740 793 952 847 libellus
984 796 1382 861 deponeretur,
1433 801 1494 847 ut
1541 793 1775 862 gloriosa

220 884 331 935 lure
364 891 570 952 martyr
597 882 663 937 de
691 885 915 938 veritate
946 894 1103 937 rectae
1136 882 1256 937 ﬁdei
1290 883 1555 949 judicium
1614 882 1778 936 ferret

219 988 278 1024 ac
333 974 725 1028 testimonium.
797 974 907 1027 Iloc
957 983 1136 1028 autem
1199 974 1486 1029 consilium
1547 989 1668 1026 cutn
1725 983 1777 1027 et

222 1064 492 1118 l::rrcticis
530 1065 827 1132 placuisset
853 1104 867 1127 ,
910 1074 1118 1119 remoto
1147 1064 1325 1133 lapide
1350 1056 1379 1125 ξ
1422 1064 1513 1134 qui
1547 1063 1775 1116 loculum

218 1155 525 1216 rlatnlebat.
548 1156 656 1209 duo
683 1156 847 1209 libelli
885 1171 1046 1226 supra
1078 1167 1278 1211 sancta:
1308 1156 1563 1224 martyris
1592 1165 1780 1224 peetus

219 1247 381 1311 positi
412 1254 578 1308 sunt,
628 1254 681 1299 et
710 1246 906 1301 deinde
956 1248 1165 1301 loculus
1209 1263 1313 1300 non
1367 1246 1525 1300 modo
1584 1247 1777 1300 iterum

216 1342 463 1403 clausus,
492 1339 583 1392 sed
609 1340 771 1393 etiam
808 1340 1090 1407 utriusque
1119 1339 1288 1407 partis
1320 1339 1514 1407 sigillis
1535 1339 1778 1393 munitus

212 1438 258 1478 ct
314 1427 654 1493 obsignatus.
710 1428 837 1481 Post
889 1429 1127 1482 triduum
1178 1445 1298 1483 cum
1348 1431 1725 1485 convenissent
1763 1474 1775 1496 ,

212 1516 541 1584 imperatore
568 1517 730 1570 etiam
765 1527 1067 1586 praesente,
1108 1526 1295 1586 aperto
1338 1519 1518 1573 loculo
1547 1561 1561 1584 ,
1602 1522 1775 1574 Incre-

213 1611 446 1662 ticormn
476 1610 685 1664 libellus
715 1612 779 1663 ad
826 1613 987 1679 pedes
1019 1614 1275 1681 martyris
1309 1613 1616 1681 projectus,
1642 1614 1779 1666 alter

212 1716 340 1753 tero
367 1701 421 1754 in
456 1716 615 1754 manu
647 1704 765 1769 ejus
796 1703 983 1757 dextra
1019 1704 1271 1758 inventus
1321 1713 1425 1759 est.
1474 1704 1668 1758 Verum
1707 1722 1772 1759 ne

216 1791 345 1843 huic
401 1790 623 1846 Zonarte
664 1794 949 1867 Glycacqite
987 1796 1284 1848 narrationi
1336 1795 1583 1863 protinus
1620 1794 1774 1848 Iidem

212 1892 454 1937 nostram
488 1895 806 1950 prmstemus
839 1886 1089 1954 prohibet
1120 1885 1330 1952 Evagrii
1364 1927 1378 1948 ,
1414 1886 1774 1955 aliorumque,

212 1974 303 2040 qui
330 1974 400 2026 de
428 1976 662 2029 concilio
692 1975 1120 2031 Chalcedonensi
1151 1978 1438 2046 scripsere,
1464 1977 1774 2043 silentium;

211 2078 333 2115 cum
370 2064 546 2118 minus
569 2072 717 2119 cette
743 2066 1021 2134 probabile
1048 2065 1296 2120 videatur
1322 2080 1433 2119 rem
1452 2065 1585 2120 adeo
1614 2067 1776 2118 mira-

210 2153 376 2207 bilem
408 2194 423 2217 ,
459 2169 519 2209 ac
560 2156 937 2210 recordatione
969 2158 1341 2223 dignissimam
1392 2164 1502 2208 tum
1558 2155 1773 2209 demum

216 2253 288 2298 tot
343 2260 377 2299 a
410 2247 642 2301 concilio
684 2249 887 2317 elapsis
919 2247 1131 2301 saeculis
1162 2247 1393 2313 primum
1447 2248 1771 2301 innotuisse.

213 2338 276 2387 At
336 2352 466 2390 vero
522 2338 691 2406 mang
727 2338 915 2407 procul
963 2337 1131 2391 dubio
1172 2353 1203 2389 a
1250 2338 1473 2392 veritate
1518 2338 1775 2392 abhorret

212 2426 483 2480 Theodori
535 2428 678 2482 Bt-sti
707 2469 721 2493 ,
776 2439 830 2482 et
887 2427 1231 2482 Constantini
1274 2427 1361 2482 Tii
1390 2428 1629 2498 epiSCOpi
1663 2431 1773 2500 (45)

211 2518 422 2584 opinio,
450 2535 614 2586 quam
647 2518 967 2588 Euth’ymius
996 2533 1212 2587 quoque
1243 2518 1525 2587 amplexus
1552 2526 1656 2581 est,
1682 2520 1773 2587 qui

213 2608 312 2661 hoc
354 2609 676 2663 miraculum
717 2610 892 2679 ipsius
936 2610 1152 2665 concilii
1203 2617 1446 2681 tempore
1493 2619 1770 2677 operatum

213 2697 386 2752 fuisse
460 2700 747 2753 adirmant.
800 2699 870 2754 Ut
924 2701 1065 2754 enim
1121 2700 1336 2768 egregie
1398 2699 1773 2754 animadvertit

213 2786 488 2842 Baronius
513 2789 648 2858 (44),
682 2791 727 2844 si
755 2790 857 2844 hoc
886 2790 1007 2844 lidei
1033 2791 1462 2861 experimenunn
1495 2792 1772 2853 a,eoncilii

210 2876 471 2934 Patribus
498 2889 760 2934 tentatum
794 2881 1005 2945 fuisset,
1034 2866 1166 2935 sane
1187 2889 1307 2935 acta
1337 2891 1465 2935 tunc
1489 2882 1773 2951 diligenter
1802 2896 1808 2902 '

212 2968 524 3038 conscripta
551 2977 758 3025 tantum
789 2971 891 3026 hoc
925 2973 1246 3026 miraculum
1308 2973 1455 3026 nullo
1495 2974 1654 3026 modo
1681 2973 1771 3027 si-

211 3057 471 3114 Inissent.
499 3060 718 3116 Accedit
745 3062 985 3129 insuper,
1021 3062 1161 3129 quod
1190 3077 1468 3131 nunquam
1501 3063 1688 3117 Patres
1720 3064 1772 3117 in

214 3153 574 3206 mcumenicis
602 3153 849 3207 conciliis
896 3168 961 3205 ex
990 3153 1269 3209 miraculis
1315 3155 1645 3223 qttatsierunt
1678 3156 1777 3209 do~

212 3253 458 3311 gntatum
489 3244 791 3308 veritatem,
822 3259 984 3313 quam
1022 3261 1086 3298 ex
1113 3245 1312 3300 divinis
1344 3246 1605 3314 imprimis
1629 3245 1775 3299 Scri-

214 3333 413 3401 punis,
434 3342 488 3387 et
508 3332 740 3399 antiquis
763 3333 1018 3389 Ecclesiae
1048 3334 1449 3398 traditionibus,
1470 3351 1532 3404 ac
1555 3334 1772 3390 demum

213 3438 277 3475 cx
313 3429 631 3475 sanctorum
666 3421 889 3475 Patrum
920 3423 1316 3477 assertionibus
1344 3439 1609 3491 quaerere,
1650 3441 1774 3492 pro-

214 3530 420 3582 ponere
445 3557 460 3581 ,
493 3515 752 3570 aIIirtnare
780 3557 794 3579 ,
854 3524 1015 3585 atque
1064 3516 1311 3571 stabilire
1356 3528 1772 3571 consueverunt.

214 3602 560 3673 Quapropter
599 3605 827 3659 eruditis
878 3605 1009 3660 viris
1044 3605 1276 3658 libenter
1317 3607 1587 3661 assentior
1612 3645 1628 3670 ,
1681 3607 1773 3676 qui

213 3694 422 3762 opinati
455 3703 581 3747 sunt
632 3694 733 3747 hoc
766 3695 1087 3748 miraculum
1123 3694 1514 3763 posterioribus
1563 3698 1777 3751 saeculis

213 3785 389 3839 fuisse
418 3785 640 3838 omnino
672 3786 960 3839 conlictum
991 3824 1007 3849 ,
1041 3786 1293 3854 piamque
1340 3786 1479 3837 hanc
1527 3784 1775 3841 fabellam

213 3891 276 3929 ex
307 3875 448 3944 ipsis
471 3874 689 3928 concilii
753 3875 888 3929 actis
920 3889 1029 3929 non
1066 3875 1202 3929 bene
1232 3875 1520 3929 intellectis
1569 3875 1774 3944 proﬂu-

215 3965 385 4019 xisse.
437 3964 621 4020 Patres
667 3981 900 4034 namque
955 3964 1469 4030 Chalcedonenscs,
1530 3967 1777 4022 absoluto

216 4057 475 4118 concilio,
514 4056 940 4110 ntostendercnt
984 4056 1167 4108 omnia
1198 4096 1212 4115 ,
1261 4072 1388 4132 qua;
1437 4056 1490 4108 in
1545 4057 1777 4111 concilio

217 4147 450 4201 feliciter
496 4157 646 4217 gesta
684 4148 895 4200 fuerant
922 4185 936 4211 ,
970 4147 1275 4214 patrocinio
1330 4155 1383 4199 et
1421 4147 1685 4215 auspiciis
1718 4146 1775 4200 S.

214 4236 533 4301 Euphemia:
566 4250 685 4290 esse
717 4235 1021 4298 referenda,
1049 4236 1123 4288 ita
1152 4234 1203 4287 in
1238 4234 1432 4288 litteris
1454 4233 1518 4286 ad
1546 4232 1604 4287 S.
1632 4232 1768 4288 Leo-

221 4342 343 4381 nvm
384 4327 689 4392 pontiﬁcem
742 4326 885 4378 (latis
926 4326 1220 4393 loquuntur
1276 4324 1387 4391 (45)
1416 4340 1431 4376 :
1463 4325 1603 4378 Deus
1636 4327 1771 4377 enim

214 4427 330 4472 erat
364 4417 456 4485 qni
490 4418 798 4485 operabatur
819 4457 833 4481 ,
863 4426 911 4469 et
940 4430 1054 4485 quae
1104 4432 1198 4467 suo
1240 4414 1469 4468 thalamo
1504 4416 1777 4469 concilium

217 4508 491 4562 coronat-it
538 4515 725 4559 ornata
779 4506 962 4559 decore
999 4507 1230 4577 vit-terim
1286 4506 1566 4572 Euphemia
1600 4522 1618 4557 :
1664 4521 1780 4574 qum

218 4614 474 4668 tanquam
519 4600 782 4666 propriam
833 4598 1209 4665 confessionem
1255 4597 1379 4663 fidei
1424 4597 1776 4650 deﬁnitionem

221 4693 514 4755 suscipiens
543 4706 572 4741 α
597 4690 761 4751 nobis,
786 4704 879 4742 suo
916 4704 1105 4756 sponsa
1153 4704 1241 4753 per
1285 4688 1575 4749 piissimum
1617 4690 1778 4756 impe-

220 4794 475 4843 ratorem,
508 4792 555 4835 et
580 4783 802 4834 amicam
828 4779 1029 4833 Christi
1055 4778 1337 4848 Augustam
1355 4779 1556 4842 obtulit,
1580 4796 1777 4833 onmem

218 4873 433 4940 quidem
451 4872 889 4936 perturbationem
915 4871 1295 4922 contrariorum
1318 4873 1525 4932 sedans,
1547 4872 1777 4925 veritatis

220 4972 402 5014 autem
425 4960 793 5029 confessionem
819 4958 1093 5019 roborans,
1128 4965 1182 5007 ut
1211 4957 1433 5007 amicam
1458 4994 1472 5018 ,
1516 4964 1563 5008 et
1596 4971 1775 5021 manu,

222 5074 285 5110 ac
312 5056 501 5123 lingua
544 5045 899 5109 universorum
938 5053 1156 5105 decretis
1210 5066 1302 5115 pro
1344 5050 1778 5107 demonstratione

219 5145 579 5203 subscribens.
629 5145 889 5199 Praeterea
938 5140 1337 5197 observandum
1392 5150 1474 5194 est
1518 5156 1731 5209 quoque
1761 5180 1775 5205 ,

221 5244 465 5310 pictores
488 5247 719 5299 veteres.
752 5244 810 5290 ut
844 5238 942 5290 hoc
969 5237 1143 5304 ipsum
1183 5232 1492 5300 Euphemiae
1519 5234 1775 5303 martyris

220 5347 351 5401 erga
412 5330 699 5383 concilium
758 5327 1115 5397 patrocinium
1181 5322 1597 5391 exprimerent,
1655 5337 1775 5378 eam

220 5424 476 5475 volumen
506 5435 667 5473 manu
691 5428 961 5474 tenentem
999 5417 1320 5486 quandoque
1366 5414 1421 5468 in
1470 5414 1666 5468 tabulis
1695 5414 1775 5470 ef-

225 5513 476 5578 ﬁnxisse,
501 5521 755 5579 tanquam
789 5509 911 5577 iidei
939 5507 1332 5577 professionem
1362 5504 1582 5560 Patrum
1613 5505 1775 5561 Chal-

294 5718 414 5784 (45)
446 5734 510 5768 .n
540 5713 758 5766 histona
790 5709 1257 5784 i:i_eetttionis._etc.
1283 5721 1434 5761 num.
1469 5720 1546 5760 ιι.

295 5775 414 5856 (μ)
445 5786 522 5839 Ad
555 5797 753 5839 annum
786 5780 909 5849 iiii,
934 5794 1084 5835 num.
1118 5775 1240 5832 I32.

1881 516 2277 569 cedonensium'
2324 514 2430 568 lico
2492 513 2851 579 cchrentcm;
2894 515 3090 568 ctenim
3162 516 3437 584 probabile

1880 607 2037 677 valde
2061 607 2273 661 videtur
2293 606 2435 676 quod
2461 606 2769 673 huiusmodi
2804 608 2964 660 etiam
2990 607 3211 675 pictura:
3235 609 3435 665 Grzeeis

1881 696 2150 766 sequioris
2173 698 2271 751 arvi
2299 698 2617 752 miraculum
2648 698 2780 752 illud
2805 698 3250 752 comminisccndi
3300 715 3436 769 prte-

1880 789 2096 841 bucrint
2125 798 2527 858 argumentum.

1950 877 2087 932 XIII.
2112 878 2219 933 Nec
2257 880 2451 933 falsum
2485 889 2568 933 est
2603 884 2779 932 minus
2812 880 2979 942 aliud,
3018 881 3158 949 quod
3218 881 3425 953 Euthy-

1883 970 2025 1025 mius
2059 972 2237 1025 statim
2278 972 2482 1036 subdit,
2511 972 2567 1024 S.
2604 971 2792 1025 Basilii
2822 972 3166 1037 miraculum,
3197 974 3298 1028 etsi
3322 990 3441 1028 om-

1885 1064 2049 1116 nibus
2078 1064 2434 1119 tnanifestum
2468 1075 2702 1119 asserat.
2739 1065 2870 1131 Ejus
2902 1080 3113 1119 summa
3171 1066 3282 1120 hinc
3336 1076 3438 1121 est.

1880 1153 2017 1208 Cum
2056 1155 2241 1209 Ariani
2276 1154 2524 1209 Valentis
2556 1156 2900 1224 imperatoris
2933 1156 3055 1209 freti
3081 1158 3343 1224 potentia,
3374 1173 3441 1212 ex

1880 1246 2093 1300 Nicwna
2153 1247 2383 1301 ecclesia
2435 1247 2738 1301 catholicos
2772 1248 2993 1300 militari
3026 1262 3186 1300 manu
3240 1249 3439 1317 cjeeis-

1882 1347 2022 1403 sent,
2055 1338 2393 1393 orthodoxus
2437 1339 2674 1406 populus
2708 1338 2776 1391 ad
2819 1338 2875 1392 S.
2914 1337 3168 1391 Basilium
3202 1339 3441 1392 accurrit

1882 1429 2060 1482 multo
2089 1428 2324 1482 clamore
2356 1428 2704 1497 imperatoris
2764 1428 3016 1496 injuriam
3071 1428 3440 1497 expostulans.

1879 1517 1949 1572 ob
1974 1533 2136 1587 quam
2176 1533 2399 1574 causam
2434 1520 2818 1588 imperatorem
2853 1519 3134 1572 Valentem
3163 1520 3252 1573 ille
3283 1520 3439 1582 adiit,

1880 1622 1943 1663 ac
1975 1617 2123 1662 tanta
2142 1625 2264 1663 eum
2294 1611 2603 1678 eloquentia
2635 1618 2889 1678 tanquam
2914 1610 3101 1663 ’violati
3124 1610 3262 1678 juris
3293 1627 3440 1664 rctnn

1881 1690 2052 1746 libere
2093 1695 2421 1764 increpavit,
2455 1706 2514 1749 ut
2546 1698 2842 1763 imperator
2894 1698 2969 1749 rei
3016 1695 3277 1764 judicium
3339 1699 3441 1766 ipsi

1880 1781 1938 1836 S.
1970 1784 2169 1839 Basilio
2204 1787 2565 1841 commiserit.
2594 1787 2866 1842 Iieversus
2893 1788 3074 1856 itaque
3098 1789 3158 1846 S.
3200 1788 3437 1844 Basilius

1878 1875 2107 1929 Nic-team
2139 1887 2358 1946 pactum
2391 1894 2513 1932 cmn
2544 1881 2764 1933 Arionis
2815 1880 3069 1941 lirmavit,
3132 1889 3191 1934 ut
3239 1881 3442 1935 clausis

1878 1968 2354 2037 ecclesitejanuis,
2382 1970 2670 2040 sigilloque
2707 1971 3035 2038 obsignatis,
3091 1972 3197 2025 utri
3239 1973 3442 2042 popqu

1879 2067 2000 2123 post
2035 2058 2273 2110 triduum
2301 2073 2376 2113 ete
2403 2069 2600 2127 sponte
2629 2063 2958 2128 patuissent,
2994 2064 3040 2117 is
3085 2065 3321 2119 ecclesia
3347 2080 3442 2134 po-

1878 2150 2095 2203 tiretur.
2140 2149 2275 2203 Cum
2350 2160 2531 2205 autem
2591 2154 2793 2214 Ariani
2826 2165 2938 2210 tres
2980 2156 3094 2209 dies
3145 2167 3442 2229 noctesque

1881 2240 2159 2306 precando
2217 2242 2667 2310 insumpsissrnt,
2707 2245 2800 2299 sed
2862 2247 2987 2302 inde
3046 2249 3317 2316 supplices
3370 2251 3439 2304 ad

1877 2331 2166 2385 ecclesiam
2204 2332 2479 2388 incassum
2515 2338 2783 2405 progressi
2833 2346 3036 2402 essent,
3095 2347 3226 2392 tunc
3286 2338 3441 2394 Basi-

1848 2421 1982 2487 Alius
2036 2426 2294 2492 templum
2344 2426 2403 2480 S.
2461 2425 2733 2480 Diomedis
2792 2431 3044 2498 martyris
3099 2439 3254 2484 extra
3303 2432 3440 2485 civi.-

1878 2520 2039 2565 tatem
2108 2522 2370 2568 oraturus
2430 2516 2712 2585 ingressus
2769 2527 2875 2582 est,
2922 2526 2975 2573 et
3022 2521 3234 2590 expleta
3283 2532 3441 2577 nocte

1879 2605 2126 2673 pervigili
2168 2608 2424 2674 pupulum
2457 2609 2522 2661 ad
2567 2609 2753 2664 urbem
2809 2612 3070 2679 reduxit;
3112 2622 3163 2668 et
3219 2628 3342 2668 cum
3373 2615 3439 2666 ad

1872 2695 2157 2749 ecclesiam
2191 2698 2539 2762 accessisset,
2599 2701 2801 2753 clausa:
2856 2700 3263 2772 obsignatmque
3321 2704 3440 2772 ejus

1875 2788 2019 2843 fores
2083 2790 2263 2842 statim
2341 2799 2543 2857 aperte
2611 2801 2739 2845 sunt
2815 2803 3069 2859 tanquam
3139 2795 3436 2851 vehementi

1874 2892 2005 2930 aura
2041 2877 2225 2946 pulste,
2257 2886 2310 2930 et
2337 2878 2401 2931 ad
2439 2896 2624 2934 muros
2654 2882 2830 2935 illisae.
2875 2882 2997 2938 [lure
3056 2893 3140 2937 est
3171 2886 3433 2947 historia,

1872 2981 2033 3035 quam
2069 2982 2165 3036 pro
2227 2978 2374 3021 certa
2431 2982 2485 3023 et
2522 2972 2841 3026 inconcussa
2878 2975 3197 3030 inmedium
3248 2977 3440 3032 aliene

1875 3056 2228 3111 nonilnbitat
2259 3060 2605 3129 Eutlzytnius,
2657 3064 2751 3116 sed
2812 3080 2931 3132 qum
2977 3065 3224 3135 prof-ceto
3277 3069 3440 3122 nimis

1876 3148 2153 3202 imbecillo
2214 3152 2409 3203 nititur
2466 3151 2839 3209 fundamento.
2897 3155 3146 3224 Scriptor
3195 3155 3436 3221 Gra‘cus,

1876 3238 1965 3306 qui
1994 3239 2197 3305 primus
2222 3240 2474 3294 miraculi
2506 3242 2667 3309 hujus
2691 3244 2960 3309 meminit,
2984 3255 3066 3300 est
3095 3258 3288 3301 auctor
3303 3247 3473 3301 Vilm.

1878 3329 1935 3382 S.
1970 3328 2175 3391 Basilii,
2212 3346 2332 3397 qua:
2361 3333 2565 3385 saeculo
2597 3349 2713 3394 rm,
2741 3335 2822 3388 rel
2896 3337 3076 3404 pOIius
3108 3354 3160 3392 ιχ
3219 3339 3435 3406 prodiit.

1877 3420 2051 3474 Fuere
2075 3423 2295 3490 quidem
2337 3425 2726 3493 nonnulli,qui
2799 3428 2941 3482 hanc
2987 3431 3161 3484 Vitam
3213 3431 3277 3492 S,
3314 3412 3451 3487 Am:

1878 3511 2161 3580 philoehio
2185 3513 2458 3568 lconiensi
2487 3516 2765 3584 episcopo,
2796 3517 3011 3587 ipsique
3046 3520 3251 3575 Basilio
3280 3523 3439 3576 fatui-

1878 3605 2176 3660 liarissitno
2216 3609 2378 3663 facile
2419 3612 2755 3676 tribuerunt,
2797 3613 2926 3681 quia
2960 3615 3012 3666 in
3067 3630 3197 3668 mss.
3235 3618 3439 3672 codici-

1880 3698 1982 3751 bus
2016 3700 2118 3753 sub
2148 3700 2513 3769 Amphilochii
2547 3704 2772 3757 nomine
2829 3704 3099 3774 reperitur
3141 3686 3437 3776 descripta,

1876 3798 1931 3841 et
1983 3790 2109 3857 quia
2142 3800 2294 3843 certo
2317 3790 2525 3845 scimus
2559 3791 2614 3846 S.
2644 3794 3085 3861 Amphilochium
3117 3796 3435 3865 episcopum

1879 3880 2215 3934 Iconiensem
2242 3882 2515 3950 quoddam
2556 3885 2866 3938 encomium
2900 3884 2955 3938 S.
2991 3885 3177 3940 Basilii
3210 3890 3439 3956 posteris

1880 3972 2190 4041 reliquisse.
2241 3971 2444 4028 Verum
2494 3976 2804 4030 encomium
2839 3976 2942 4029 hoc
2978 3978 3042 4030 ad
3109 3993 3206 4032 nos
3266 3994 3439 4046 usque

1879 4063 2145 4130 pervenit,
2168 4071 2221 4117 et
2238 4063 2306 4117 ab
2329 4064 2553 4119 Itaevita
2578 4066 2720 4135 stylo
2751 4066 2949 4128 dilTert,
2971 4074 3023 4121 et
3047 4067 3232 4122 rebus.
3259 4067 3439 4131 Quare

1880 4154 2184 4208 communis
2211 4155 2529 4208 criticorum
2564 4166 2646 4210 est
2668 4158 2962 4222 sententia,
2999 4159 3435 4227 Amphilochium

1880 4240 2014 4295 Vitae
2049 4242 2108 4294 S.
2146 4243 2330 4297 Basilii
2389 4246 2712 4314 scriptorem
2781 4257 2902 4312 post
2961 4257 3201 4315 tempora
3278 4250 3434 4316 longa

1881 4332 1948 4384 ab
1978 4342 2135 4387 :etate
2162 4335 2339 4387 sancti
2376 4334 2621 4389 doctoris
2679 4336 2902 4397 vixisse,
2962 4343 3017 4388 (ιι
3046 4352 3133 4390 res
3191 4352 3298 4390 non
3330 4352 3436 4392 asc

1880 4422 2045 4486 visas,
2078 4424 2169 4475 sed
2206 4424 2260 4475 in
2289 4425 2485 4493 vulgus
2513 4440 2736 4493 sparsas
2794 4427 2915 4481 sine
2974 4427 3184 4480 delectu
3228 4427 3435 4482 descri-

1879 4514 2161 4582 psissc,et
2205 4515 2439 4570 fortasse
2488 4518 2852 4587 Atnphilochii
2913 4535 3110 4572 nmnen
3179 4520 3283 4572 sibi
3343 4535 3435 4574 as-

1881 4606 2289 4672 sntupsissc,ut
2337 4608 2487 4674 operi
2522 4622 2624 4661 suo
2679 4608 3058 4661 auctoritatem
3114 4609 3435 4663 conciliaret

1880 4693 2143 4745 etiidcm.
2204 4694 2486 4747 Communi
2543 4695 2670 4747 huic
2714 4695 2922 4762 judicio
2982 4695 3299 4750 adversatus
3350 4706 3435 4751 est

1884 4781 2206 4836 Franciscus
2232 4783 2612 4848 (lombclisius,
2639 4786 2727 4838 cui
2752 4786 2888 4837 hanc
2919 4800 3135 4854 quoque
3164 4785 3338 4839 Vitam
3371 4787 3431 4840 S.

1879 4857 2065 4925 Basilii
2102 4873 2157 4926 S.
2179 4875 2559 4943 Amphiloehio
2591 4876 2849 4944 episcopo
2881 4876 3079 4944 placuit
3111 4876 3430 4943 vindicare;

1878 4964 2190 5032 compulsus
2216 4973 2507 5019 cst-tamen
2526 4976 2580 5019 et
2626 4969 2740 5034 ipse
2776 4965 2937 5018 fateri
3002 4965 3170 5019 fuisse
3226 4967 3370 5020 illam
3401 4982 3429 5019 a

1881 5056 2187 5114 monachis.
2223 5069 2320 5122 per
2344 5071 2579 5123 quorum
2622 5069 2816 5108 manus
2850 5056 3081 5108 decursu
3122 5064 3427 5124 temporum

1879 5145 2118 5206 transiit,
2154 5145 2557 5214 interpolatum,
2587 5158 2639 5199 et
2668 5146 2982 5215 vulgaribus
3016 5147 3428 5208 traditionibus,

1878 5235 1933 5289 lli
1995 5240 2165 5289 mavis
2230 5238 2392 5290 etiam
2455 5236 2702 5290 conﬁctis
2762 5237 2827 5289 ad
2878 5246 3130 5290 ornatum
3190 5237 3432 5292 mit-ilicis

1877 5329 2285 5382 narrationibus
2351 5332 2716 5391 commistam‘,
2787 5337 2841 5382 et
2898 5337 3132 5381 auctam.
3186 5327 3428 5382 Graecum

1878 5416 2039 5485 hujus
2071 5417 2200 5473 Vita:
2227 5429 2430 5472 textum
2472 5419 2660 5472 Latine
2684 5419 2911 5472 reddidit
2947 5418 3138 5484 Ursus,
3170 5419 3227 5473 S.
3259 5417 3320 5470 Ii.
3366 5419 3425 5473 E.

1875 5508 2269 5573 subdiaconus,
2292 5511 2581 5565 Anastasio
2627 5510 3042 5564 Bibliothecario
3091 5525 3305 5564 ροτρνυε
3330 5526 3347 5575 ;
3377 5519 3432 5565 et

1930 5706 2041 5780 (i5)
2064 5706 2209 5762 Inter
2238 5707 2409 5777 Epist.
2444 5709 2503 5766 S.
2537 5708 2725 5766 Leonis
2758 5705 2961 5780 Ungui,
2982 5724 3067 5779 ep.
3100 5707 3190 5775 98,
3225 5715 3357 5762 tom.
3380 5707 3428 5762 Ι.
