4090 6324
184 407 245 469 25
517 441 524 448 -
1479 404 1625 466 PRO
1634 404 1734 464 LE4

1836 404 2046 464 MENA
3314 402 3388 463 26

186 518 331 572 habet
362 516 586 572 Graecus
635 517 931 574 Vaticanus
963 521 1127 573 codex
1164 519 1266 574 952
1306 518 1416 589 (ll)
1469 528 1525 573 et
1576 534 1717 587 quae,

185 614 312 661 lcste
344 594 637 661 Lautbccio
691 606 827 675 (η),
879 618 1191 663 asservatur
1225 608 1388 662 etiam
1432 609 1486 662 in
1533 607 1722 662 Grtero

183 698 356 752 rodice
405 699 746 753 bibliotheca:
780 698 1243 755 Vindobonensis.
1301 700 1567 754 Praeterea
1624 701 1726 754 sub

183 789 414 857 rjusdem
447 792 672 845 nomine
702 791 946 844 occurrit
978 792 1032 844 in
1069 789 1331 844 Vaticano
1386 792 1570 846 codice
1622 791 1726 844 8:29

183 880 285 949 (l3)
311 883 511 943 oratio,
542 879 703 950 cujus
732 882 894 936 etiam
932 882 1178 936 uretuinit
1221 882 1449 935 Allatius
1497 882 1606 950 (14)
1639 883 1720 934 in-

182 971 374 1049 scripta
408 988 422 1024 :
468 972 776 1041 Ἐγκώμιον
806 973 885 1035 εις
909 972 1009 1042 τὴν
1040 975 1407 1042 προσκύνησιν
1426 973 1521 1040 τῆς
1558 974 1725 1043 ὑπερ-

181 1065 333 1130 αγξας
392 1063 682 1127 Θεοτόκου,
741 1065 836 1118 καὶ
896 1066 976 1126 εἰς
1022 1064 1093 1118 τὰ
1130 1066 1377 1132 ὲγκαίνια
1424 1064 1523 1132 τῆς
1569 1066 1727 1140 ἁγίας

180 1155 336 1224 αὐτῆς
383 1156 544 1223 σοροῦ
587 1156 683 1223 τῆς
719 1157 777 1208 ὲν
815 1156 1273 1224 Χαλκοπρατίοις.
1325 1154 1634 1208 Εηεοηιὶιιηι
1666 1157 1729 1209 de

181 1244 310 1296 cultu
348 1244 672 1298 beatissima?
709 1246 951 1313 Deipara'
989 1248 1312 1314 prwstando,
1338 1257 1387 1300 et
1417 1247 1482 1298 de
1513 1249 1728 1301 dedica-

181 1336 306 1386 tione
351 1345 551 1388 sancta?
590 1337 703 1403 ejus
740 1338 869 1397 seri,
917 1353 1034 1407 qua:
1086 1347 1163 1390 est
1223 1340 1275 1391 in
1325 1337 1728 1403 Cltulcopratiis.

183 1427 371 1479 ὃωιίιι
418 1442 579 1481 sorus
622 1428 701 1481 vel
757 1442 944 1481 saneta
1002 1429 1156 1482 theca
1213 1428 1586 1497 appellabatur
1619 1441 1730 1482 tum

182 1533 333 1587 capsa
400 1521 555 1587 ipsa,
621 1534 725 1588 qua
798 1523 967 1573 vestis
1024 1529 1076 1574 et
1134 1521 1336 1575 lodices
1404 1521 1733 1590 sepulcrales

181 1602 235 1655 11.
297 1604 480 1657 Maria:
546 1603 785 1675 Virginis
842 1607 1299 1673 continebantur,
1380 1618 1493 1663 tum
1568 1610 1753 1675 a-dcs,‘

184 1695 230 1747 iu
262 1711 367 1763 qua
405 1696 665 1764 deposita:
710 1697 817 1751 illa:
863 1692 1105 1768 reliquiae
1134 1701 1575 1754 asscrvabantur.
1607 1702 1734 1755 Duae

180 1799 347 1838 autem
376 1796 533 1839 erant
561 1785 642 1840 lue
664 1788 853 1850 theca',
889 1788 1058 1842 altera
1091 1790 1143 1842 in
1172 1791 1283 1843 aede
1319 1790 1721 1859 lilachernensi,

181 1878 594 1946 'lheopltauonis
630 1880 885 1949 Augustae
916 1882 1173 1951 religione
1217 1883 1412 1953 inclyta
1459 1884 1596 1954 (15),
1642 1860 1738 1939 ubi

180 1970 578 2046 omophoriutn,
638 1987 734 2026 seu
776 1974 955 2026 velum
991 1974 1236 2043 Deipara:
1291 1973 1727 2039 custodiebatur,

181 2063 337 2116 altera
388 2063 442 2116 in
504 2063 619 2118 aede
677 2066 849 2118 beata:
907 2062 1168 2133 Virginis"
1201 2065 1728 2136 Chalcopratiorum,

178 2152 261 2206 ubi
291 2162 505 2207 caeteras
529 2165 709 2209 vestes
758 2165 811 2210 et
839 2155 1021 2211 fascizr.
1065 2157 1318 2225 religiose
1353 2160 1733 2217 custodieban-

175 2249 276 2294 tur.
307 2239 431 2294 Jam
460 2243 694 2311 quisque
729 2243 1001 2312 intelligit,
1055 2251 1168 2298 tum
1223 2245 1569 2324 Blaclternas,
1618 2259 1729 2302 tnui

176 2331 583 2400 Cl-alcopratios
611 2335 832 2387 nomina
862 2350 985 2389 esse
1005 2336 1248 2390 locorum
1283 2339 1436 2393 urbis
1458 2338 1732 2394 Constan-

178 2421 502 2490 tinopoleos,
552 2424 607 2476 in
644 2426 843 2491 quibus
877 2441 1033 2480 saera
1088 2427 1202 2482 haec
1250 2430 1444 2498 templa
1491 2430 1732 2499 Deipara:

181 2512 422 2587 dedicata
480 2518 862 2584 assurgebant.
941 2516 1486 2587 Disputant-eruditi
1550 2537 1619 2575 an
1677 2522 1731 2576 hi

180 2603 538 2674 Chalcopratii
589 2609 741 2662 vicus
771 2609 1018 2676 quidam,
1050 2624 1146 2664 seu
1181 2611 1354 2679 platea
1404 2612 1629 2679 fuerint,
1674 2615 1729 2669 in

180 2697 368 2765 quibus
398 2698 604 2752 εει-πίω
652 2699 882 2754 olIicinaa
924 2703 1043 2755 sitae
1069 2710 1273 2766 essent,
1324 2719 1391 2758 an
1429 2705 1612 2775 potius
1658 2707 1734 2761 le-

183 2790 405 2857 gendum
438 2787 511 2842 sit
537 2787 930 2857 CltartOpratii,
960 2791 1142 2859 ibique
1165 2793 1468 2867 chartarias
1488 2792 1731 2851 olIicinas

182 2878 452 2932 exstitisse
505 2877 854 2933 arbitremur.
904 2877 1104 2933 Verum
1161 2883 1513 2949 quaestionem
1551 2886 1728 2950 hanc,

183 2978 360 3038 utpote
386 2969 515 3024 huic
547 2962 668 3025 loco
706 2969 890 3026 minus
945 2983 1331 3041 opportunam,
1380 2974 1554 3030 libens
1590 2993 1727 3046 pra:-

181 3061 491 3114 tcrmittam.
523 3059 635 3115 Nec
668 3061 876 3117 diutius
908 3063 1311 3119 immorandum
1358 3083 1573 3140 quoque
1605 3069 1727 3139 opi-

184 3165 278 3204 nor
306 3151 359 3205 iu
393 3150 757 3220 perquirendo
781 3152 916 3209 aedis
964 3154 1130 3224 hujus
1178 3158 1481 3228 conditore,
1524 3164 1593 3216 de
1624 3176 1732 3230 quo

187 3256 284 3294 non
309 3241 450 3295 bene
477 3242 621 3301 inter
650 3257 709 3296 se
733 3245 1065 3298 conveniunt
1104 3246 1382 3317 Byzantini
1415 3251 1731 3320 scriptores;

184 3330 236 3382 ιιι
271 3346 440 3384 unum
477 3331 638 3386 modo
672 3332 805 3387 satis
849 3335 921 3389 sit
964 3335 1278 3402 adnotasse,
1326 3355 1518 3395 omnes
1572 3342 1622 3394 in
1670 3358 1734 3396 eo

185 3421 505 3485 convenire,
579 3423 841 3492 templum
918 3426 1025 3479 hoc
1084 3426 1369 3497 antiquius
1428 3428 1735 3486 Theodosio

188 3506 409 3567 Juniore
453 3527 563 3567 non
594 3513 785 3568 fuisse.
826 3513 941 3569 Hoc
972 3526 1153 3572 autem
1185 3521 1410 3575 omnino
1461 3525 1738 3589 praeterire

185 3611 285 3651 non
310 3599 463 3663 licet,
486 3600 738 3656 Alexium
761 3599 785 3654 ι
808 3603 1166 3670 Comnettum,
1225 3623 1372 3675 cum,
1412 3614 1605 3666 aerario
1639 3628 1737 3667 ex-

187 3688 399 3756 hausto,
425 3690 840 3749 imminentibus
876 3694 1093 3765 imperii
1120 3699 1538 3757 necessitatibus
1570 3704 1736 3759 satis-

188 3780 359 3837 facere
413 3799 524 3839 non
557 3792 767 3853 posset,
808 3798 1092 3858 argenteas
1133 3791 1339 3857 valvas,
1394 3808 1458 3848 ac
1496 3809 1621 3850 vasa
1650 3797 1738 3850 in-

186 3887 339 3943 super
372 3876 636 3930 nonnulla
688 3892 751 3931 ex
809 3878 913 3932 hoc
968 3880 1173 3949 templo
1224 3884 1560 3941 abstulisse:
1593 3890 1736 3957 quod

187 3976 301 4015 cum
320 3978 467 4032 aegre
496 3964 753 4020 tulissent
783 3967 1041 4031 cives,’ac
1070 3970 1124 4023 in
1148 3970 1523 4040 imperatorem
1558 3992 1736 4033 rumo-

189 4067 266 4108 res
281 4053 504 4123 iniquos
519 4066 859 4125 Spargerent,
881 4059 999 4127 ipse
1015 4064 1325 4116 convocatis
1339 4066 1652 4131 proceribus
1668 4068 1737 4123 ab

188 4144 285 4199 hoc
305 4146 537 4202 crimine
560 4152 791 4216 purgare
817 4163 876 4202 se
902 4148 1132 4212 studuit,
1160 4151 1453 4220 iussitque,
1479 4165 1535 4207 ut
1556 4156 1606 4208 in
1639 4172 1741 4227 po-

187 4245 385 4289 sterum
410 4251 480 4291 ex
506 4239 705 4293 aerario
728 4241 877 4310 regio
897 4255 1139 4294 annuum
1156 4244 1384 4312 vectigal
1406 4249 1739 4313 persolvere—

192 4336 290 4390 tur,
312 4336 374 4381 ut
411 4328 447 4381 ii
480 4328 778 4394 alerentur,
815 4331 907 4400 qui
938 4331 994 4385 in
1021 4334 1120 4386 hac
1139 4332 1380 4402 Deiparte
1405 4336 1745 4395 aededivinas

190 4415 369 4474 laudes
400 4418 648 4488 quotidie
673 4421 1027 4478 celebrabant
1079 4422 1213 4495 (16).
1253 4425 1335 4479 Ad
1381 4426 1543 4494 hujus
1565 4429 1749 4499 itaque

188 4511 363 4579 templi
392 4509 789 4566 dedicationem
815 4513 1046 4581 pertinet
1072 4516 1416 4584 panegyrica,
1439 4517 1636 4588 dequa
1666 4521 1751 4574 lo-

188 4600 426 4668 quimur,
457 4600 732 4673 Euthymii
766 4603 966 4667 oratio,
988 4604 1042 4657 in
1065 4619 1195 4673 qua,
1218 4613 1277 4656 ut
1306 4620 1369 4658 ex
1398 4605 1517 4673 ejus
1548 4608 1749 4664 inscri-

191 4690 367 4756 ptione
410 4701 651 4753 constat,
690 4692 846 4761 plura
865 4694 1029 4748 etiam
1055 4696 1123 4749 de
1152 4694 1298 4749 cultu
1336 4696 1575 4765 Deiparae
1610 4714 1748 4768 prae-

191 4781 376 4835 stando
406 4782 732 4851 disputavit.
759 4782 867 4838 Nec
892 4786 1029 4838 male
1068 4784 1339 4849 fortassis,
1387 4802 1506 4842 meo
1528 4790 1747 4856 quidem

186 4871 406 4940 judicio,
429 4874 703 4941 conjicere
729 4877 853 4945 quis
899 4882 1101 4946 posset,
1132 4876 1200 4931 ad
1224 4877 1324 4931 hoc
1355 4877 1496 4933 idem
1518 4878 1750 4936 Chalce-

192 4965 486 5030 pratiorum
515 4962 759 5033 Deiparas
789 4967 1047 5037 templum
1086 4980 1209 5020 esse
1230 4966 1572 5022 referendum
1597 4970 1742 5025 aliud

191 5047 462 5122 Euthymii
510 5050 818 5106 Encontium
865 5055 922 5107 in
955 5070 1145 5107 zonam
1172 5052 1445 5107 BJfaria:
1491 5054 1740 5124 Virginis,

192 5138 325 5207 quod
342 5139 489 5195 inter
506 5156 609 5195 ms.
630 5140 936 5197 Bodleianaa
952 5142 1291 5198 bibliotheca:
1307 5142 1523 5199 codices
1553 5161 1742 5211 recen-

193 5237 353 5285 setur.
383 5228 445 5284 ln
473 5244 540 5286 eo
561 5247 800 5303 namque
830 5235 1051 5302 templo,
1080 5237 1402 5304 utsuperius
1434 5222 1735 5307 innuimus,

193 5329 365 5376 resuta
392 5333 583 5374 omnes
610 5335 674 5375 ac
697 5321 878 5377 fasciae
896 5323 1066 5377 beatae
1093 5321 1326 5393 Virginis
1344 5325 1728 5387 servabantur.

262 5501 372 5569 (11)
407 5501 537 5569 Pag.
580 5499 700 5569 147.

261 5567 371 5640 (12)
398 5567 652 5641 ’ζωὴ-Υ.
688 5587 807 5640 pag.
840 5568 973 5641 206.

261 5638 372 5703 (15)
408 5638 538 5707 Pag.
564 5639 687 5691 501.

261 5708 372 5779 (11)
403 5704 822 5779 ’ρείδειηρυηιυη
854 5712 1081 5778 scriptis,
1111 5727 1227 5779 pug.
1264 5710 1377 5765 108.

261 5778 370 5846 (15)
402 5775 520 5832 Vid.
552 5777 791 5853 Tltcoph.
819 5775 1099 5850 pag—2'25.

1910 519 1971 571 V.
2015 517 2209 572 Utrum
2239 532 2364 572 vero
2408 517 2731 573 ascribcuda
2786 516 3076 587 Euthytuio
3103 527 3290 572 nostro
3317 521 3388 573 sit

1827 612 1987 663 etiam
2030 611 2298 673 Monodia,
2325 610 2439 665 sive
2468 613 2635 663 oratio
2680 611 2911 678 funebris
2949 628 2968 661 ι
3007 611 3071 665 ad
3119 611 3386 663 tumulum

1828 700 2157 753 sanctissimi
2194 701 2703 759 Thessalonicensis
2744 701 3143 769 archiepiscopi
3174 701 3382 754 domini

1828 791 2114 855 Eustatltii,
2150 794 2335 860 paucis
2376 793 2444 845 ab
2490 792 2609 858 ejus
2642 792 2791 845 obitu
2848 792 3041 845 diebus
3071 792 3317 854 recitata,
3362 811 3380 843 ι

1828 898 1948 949 qua:
1981 883 2083 934 sub
2112 883 2231 949 ejus
2257 886 2473 937 nomine
2506 884 2557 935 in
2603 883 2792 937 codice
2820 882 3122 935 Bodleiano
3181 883 3389 935 descri-

1830 968 2005 1031 bitur,
2045 987 2223 1038 neque
2259 988 2382 1024 cum
2410 972 2530 1025 aliis
2561 971 2829 1024 aﬂirntare
2857 973 3054 1031 ausim,
3088 988 3186 1025 nec
3243 974 3391 1026 solus

1832 1060 2080 1114 ittliciari.
2122 1060 2175 1111 Si
2211 1076 2336 1113 vere
2372 1062 2435 1113 ad
2485 1076 2608 1114 cum
2672 1062 2929 1128 pertinet,
2979 1077 3040 1114 ex
3084 1076 3146 1114 ea
3191 1062 3391 1115 intrlli-

1829 1153 1976 1221 gitur
2007 1164 2211 1205 exacta:
2251 1152 2542 1205 admodum
2570 1154 2745 1205 astatis
2772 1152 3124 1222 Eutttymiutn
3156 1153 3383 1206 obiissc.

1830 1245 1963 1295 Cum
1994 1243 2136 1297 enim
2165 1245 2334 1296 Alt-xii
2371 1244 2567 1311 ljttssu
2620 1243 2931 1311 Pauopliatu
2986 1244 3226 1297 scribere
3248 1261 3387 1312 sus-

1830 1333 2034 1400 ceperit
2063 1348 2205 1387 anno
2246 1334 2405 1399 Hi8,
2446 1333 2601 1388 facile
2621 1344 2705 1388 est
2735 1334 2834 1389 eihi
2870 1335 3194 1401 persuadere
3215 1336 3386 1401 ipsnttt

1834 1435 1959 1477 luti."
1982 1427 2034 1478 in
2089 1425 2261 1493 primo
2285 1427 2474 1479 saltem
2525 1426 2763 1495 juventa:
2816 1426 2948 1479 flore
3005 1427 3192 1479 fuisse.
3254 1427 3392 1489 Quia

1834 1533 1964 1570 vero
2013 1516 2340 1573 Eustathius
2376 1533 2520 1571 anno
2574 1518 2729 1583 1194,
2778 1519 2830 1570 in
2880 1518 3080 1583 templo
3111 1517 3167 1569 S.
3204 1516 3394 1569 Deum.

1835 1609 1925 1662 trii
1958 1611 2212 1678 martyris
2245 1609 2537 1680 Miroblytae
2587 1612 2907 1663 concionem
2949 1609 3137 1662 habuit
3171 1609 3237 1661 ad
3292 1627 3377 1676 lm-

1838 1700 2044 1769 pulum,
2071 1700 2462 1768 [concedamus
2514 1700 2662 1765 licet,
2714 1701 2857 1767 quod
2924 1701 3195 1773 hocipso
3250 1715 3391 1752 anno

1831 1800 2058 1846 mortem
2087 1793 2303 1855 obicrit,
2333 1793 2449 1860 ejus
2480 1792 2755 1846 funebrem
2784 1791 3147 1845 laudationem
3181 1790 3371 1859 Eulth

1837 1883 1979 1936 mitts
2010 1882 2115 1937 nisi
2146 1892 2370 1935 centum
2401 1882 2513 1937 fere
2540 1898 2710 1936 annos
2745 1895 2908 1936 natus
2933 1883 3206 1935 conficere
3245 1880 3389 1934 haud
3424 1928 3427 1931 .

1836 1975 2178 2045 potuit.Quin
2236 1977 2397 2029 etiam
2462 1983 2709 2028 centum.
2755 1989 2927 2029 annos
2972 1981 3390 2041 praetergressus

1834 2068 2078 2136 profecto
2101 2068 2450 2130 cotifceisset,
2479 2069 2523 2121 si
2553 2066 2802 2120 habenda
2829 2074 2974 2121 esset
3000 2065 3130 2120 fides
3156 2066 3386 2118 Alexan-

1833 2162 1933 2214 dro
1967 2159 2166 2213 Politio
2199 2160 2335 2230 (Π),
2382 2160 2473 2227 qui
2519 2159 2862 2213 Eustatltiuzu
2922 2158 3204 2229 Xiphiliuo
3251 2174 3394 2212 anno

1835 2250 1971 2305 H98
2005 2267 2035 2305 e
2068 2251 2208 2305 vivis
2236 2248 2487 2318 exempto
2525 2251 2871 2318 superstitem
2898 2256 3075 2317 putat,
3126 2248 3254 2315 quia
3278 2248 3395 2314 ipse

1835 2351 2172 2397 memoratur
2200 2341 2268 2394 ab
2284 2338 2493 2394 Joanne
2510 2340 2640 2394 Citri
2669 2341 2927 2407 episeopo
2951 2339 3003 2391 in
3020 2336 3394 2406 responsione,

1835 2446 1999 2502 quam
2028 2431 2175 2486 dedit
2200 2431 2563 2504 Constantino
2592 2430 2862 2485 Cahasilm
2885 2432 3030 2483 circa
3058 2429 3305 2483 ordinem
3340 2429 3392 2480 in

1834 2523 2224 2578 ecclesiasticis
2258 2522 2461 2577 Olliclis
2484 2522 2833 2577 servandum.
2871 2521 3004 2574 Nam
3034 2536 3157 2573 cum
3181 2527 3395 2586 protec-

1834 2618 1986 2673 dicos
2013 2633 2106 2672 seu
2130 2618 2320 2687 judex,
2372 2618 2424 2671 in
2459 2616 2835 2671 eriminalibus
2856 2613 3040 2667 causis
3069 2611 3393 2666 clericorum

1835 2709 1975 2764 inter
2004 2709 2211 2761 minora
2244 2708 2416 2760 ollicia
2443 2706 2594 2775 prius
2623 2711 3050 2759 counumcratus
3072 2740 3088 2766 ,
3118 2701 3183 2755 ad
3222 2700 3393 2767 maju-

1838 2814 1948 2852 rem
1981 2799 2205 2865 gradum
2250 2798 2318 2849 ab
2342 2796 2548 2850 Joanne
2578 2794 2857 2864 Xiphiliuo
2915 2791 3105 2847 fuisset
3151 2799 3394 2863 evectus,

1838 2890 1999 2959 idque
2022 2890 2325 2956 aliquorum
2342 2901 2625 2941 censuram
2648 2885 2993 2947 suscitasset,
3015 2883 3066 2936 iu
3089 2896 3152 2934 ea
3173 2895 3398 2950 respon-

1836 2983 1990 3036 sione
2045 2978 2284 3034 Joannes
2311 2979 2445 3032 Citri
2474 2976 2765 3045 episcopus
2794 2975 2993 3042 inquit,
3031 2972 3083 3025 id
3130 2970 3332 3040 optimc
3364 2986 3394 3021 a

1835 3071 2109 3140 Xipltilino
2123 3069 2289 3124 fuisse
2311 3068 2687 3128 constitutum,
2707 3074 2868 3135 atque
2885 3066 2951 3118 ad
2964 3079 3079 3117 eam
3095 3063 3398 3116 innovatio-

1834 3176 1956 3216 nem
1985 3159 2250 3214 Eustatltii
2273 3157 2649 3211 auctoritatem
2680 3153 2997 3214 accessisse,
3028 3152 3122 3220 qui
3156 3149 3209 3203 id
3242 3164 3393 3203 sum-

1836 3266 2059 3321 mopere
2094 3248 2595 3303 commendaverat.
2628 3244 2829 3300 Verum
2862 3245 2963 3298 hoc
3007 3258 3114 3297 non
3168 3240 3393 3305 evincit,

1836 3349 1895 3393 ut
1922 3339 2128 3393 Politus
2157 3337 2393 3402 censuit,
2426 3335 2778 3390 Eustathium
2803 3332 3085 3400 Xiphilino
3108 3329 3276 3384 fuisse
3300 3343 3396 3382 su-

1836 3430 2139 3501 perstitem,
2182 3438 2239 3483 et
2277 3443 2449 3497 usque
2478 3427 2544 3480 ad
2572 3424 2802 3479 Joannis
2826 3424 2972 3477 illius
3000 3421 3236 3491 episeOpi
3261 3428 3398 3473 tem-

1842 3536 1978 3590 pora
2010 3520 2355 3590 pervenisse;
2416 3517 2512 3572 sed
2558 3518 2742 3586 potius
2804 3513 3090 3583 Xipltilino
3142 3511 3270 3565 dum
3321 3513 3392 3564 ita

1839 3613 2147 3667 faciendum
2183 3610 2451 3671 decrevit,
2508 3624 2669 3664 suum
2736 3606 3037 3675 praebuisse
3083 3618 3426 3659 assensum»
3512 3597 3519 3605 ’

1838 3705 1994 3769 Quod
2025 3703 2247 3768 quidem
2285 3718 2346 3757 ex
2373 3703 2545 3769 ipsius
2578 3697 3036 3768 (tuoqueJoaunis
3069 3696 3247 3750 verbis
3277 3697 3396 3748 erui

1838 3809 1995 3865 posse
2010 3794 2220 3847 videtur
2242 3810 2255 3855 ;
2278 3792 2406 3846 dum
2425 3791 2569 3845 enim
2598 3788 2868 3843 Eustathii
2897 3785 3161 3849 meminit,
3179 3801 3240 3837 ea
3267 3801 3399 3855 prm-

1840 3886 2005 3941 mittit
2021 3886 2185 3940 verba
2209 3882 2305 3936 τοῦ
2343 3885 2401 3935 ὲν
2427 3881 2628 3949 ἁγίοις,
2657 3895 2778 3950 qua:
2803 3895 2924 3933 eum
2951 3878 3063 3947 jam
3098 3878 3399 3931 decessisse

1842 3977 2104 4040 indicant,
2134 3973 2394 4044 quoniam
2440 3972 2638 4042 probos
2662 3977 2990 4038 sanctosque
3014 3969 3163 4022 viros
3196 3967 3248 4019 in
3269 3981 3399 4036 pare

1839 4064 2040 4118 Christi
2072 4064 2414 4133 quiescentes
2443 4062 2518 4115 ita
2543 4062 2870 4133 compellare
2913 4068 3325 4113 consueverant.

1910 4244 2003 4299 Vl.
2037 4243 2308 4299 Hactenus
2340 4242 2608 4312 Euthymii
2634 4240 2820 4294 laudes
2854 4237 3129 4307 prosecuti
3183 4251 3398 4294 sumus.

1846 4338 1938 4390 sed
1967 4334 2348 4403 faterioportet
2376 4332 2689 4387 Graecorum
2734 4330 3022 4386 schismati
3063 4325 3396 4382 adhaesisse:

1844 4426 1989 4496 quod
2010 4426 2352 4494 potissimum
2369 4431 2661 4479 constatex
2685 4422 2868 4476 libello
2886 4423 2972 4475 cui
2996 4420 3219 4473 titulus:
3247 4417 3402 4471 Κατὰ

1844 4517 1954 4571 τῶν
2004 4516 2104 4587 τῆς
2164 4517 2401 4580 παλαιᾶς
2442 4514 2683 4585 Ῥώμης,
2724 4515 2843 4583 ἦτοι
2883 4514 2992 4564 τῶν
3028 4510 3266 4572 Ἰταλῶν,
3318 4510 3400 4562 ὅτι

1840 4608 1945 4660 οὐκ
1983 4609 2049 4659 ὲκ
2089 4606 2187 4658 τοῦ
2235 4605 2367 4658 Υἱοῦ
2416 4605 2779 4672 ἐκπορεύεται
2839 4604 2900 4654 τὸ
2950 4602 3103 4669 ἅγιον
3158 4600 3395 4669 Πνεῦμα.

1846 4695 2104 4751 Adversus
2132 4695 2312 4749 Roma:
2350 4697 2537 4748 veteris
2568 4695 2726 4758 cives,
2758 4694 2863 4747 sire
2891 4692 3081 4755 Italos,
3133 4692 3270 4760 quod
3296 4706 3398 4742 non

1843 4802 1908 4840 ea:
1939 4785 2081 4839 Filio
2104 4786 2337 4854 procedit
2362 4784 2593 4853 Spiritus
2624 4792 2861 4838 sanctus.
2895 4783 3004 4836 Leo
3030 4781 3260 4834 Allatius
3285 4780 3395 4848 (18)

1843 4876 2092 4947 pluribus
2122 4876 2476 4930 contenderat
2497 4874 2877 4929 orthodoxiam
2931 4870 3204 4941 Euthymii
3228 4886 3394 4929 ,eom-

1843 4968 2095 5038 probare,
2120 4966 2211 5021 sed
2240 4948 2529 5022 abJoanne
2550 4965 2791 5018 Auberto
2819 4962 3080 5027 monitus,
3113 4976 3172 5027 se
3200 4961 3398 5029 hujus-

1848 5060 1994 5114 modi
2035 5057 2277 5112 libellum
2314 5058 2367 5111 ln
2395 5056 2727 5111 bibliotheca
2749 5054 3044 5110 Parisiensi
3100 5054 3395 5115 invenisse,

1848 5165 1956 5205 non
1986 5164 2108 5204 esse
2144 5149 2379 5221 amplius
2400 5147 2702 5222 defensioni
2736 5147 2914 5201 locum
2940 5144 3121 5199 fassus
3176 5151 3281 5197 est.
3338 5141 3395 5196 In

1843 5255 1961 5295 eam
1979 5241 2299 5295 sententiam
2327 5233 2561 5295 Allatiué
2577 5236 2957 5300 descenderat,
2978 5233 3121 5304 quod
3140 5234 3193 5287 in
3248 5233 3395 5287 edita

1843 5330 2116 5400 Panoplia:
2142 5315 2261 5384 Zin'i
2297 5330 2545 5385 versione
2568 5329 2704 5383 nihil
2724 5329 3003 5383 invenerat
3040 5324 3185 5396 quod
3208 5323 3396 5379 catho-

1946 5508 2030 5570 16)
2059 5505 2174 5560 Vid.
2196 5508 2405 5561 Annam
2435 5504 3234 5571 Comnen.Alexiad.iib.XV,p.
3263 5506 3384 5560 157.

1946 5509 2030 5570 16)
2059 5509 2174 5560 Vid.
2196 5509 2405 5561 Annam
2435 5509 3234 5571 Comnen.Alexiad.iib.XV,p.
3263 5509 3384 5560 157.

1915 5509 2027 5644 ΣΠ)
2063 5576 2127 5629 In
2157 5576 2379 5645 Prmfat.
2398 5578 2467 5630 ad
2484 5576 2771 5631 Comment.
2799 5576 3066 5629 Eustothii
3096 5577 3149 5629 in
3173 5579 3387 5629 Homer.

1842 5662 1964 5716 pag.
1995 5646 2057 5698 16
2086 5656 2138 5697 et
2175 5647 2256 5698 l7.

1842 5717 2025 5840 mill-8%
2042 5715 2126 5839 {se
2155 5719 2372 5785 uti-(usq.
2415 5713 2611 5771 Erries.
2651 5731 2881 5769 consciis.
2912 5715 3001 5769 lib.
3036 5715 3124 5781 si;
3148 5730 3267 5783 cap,
3307 5715 3388 5777 to,

1840 5800 1960 5855 pag.
1996 5796 2123 5840 ore.
