4090 6324
710 405 779 467 27
2008 382 2559 470 metamur“
3440 470 3443 473 λ
3824 404 3899 464 se
3931 428 3937 432 -

706 520 823 574 licze
867 516 987 571 ﬁdei
1018 522 1070 570 et
1108 516 1311 571 Latina:
1345 515 1599 573 Ecclesia:
1630 516 2051 586 adversaretur;
2081 523 2138 575 at
2198 514 2259 573 in
2360 517 2665 588 Bogomilos
2706 521 2837 576 illud
2865 519 3212 576 concinnavit
3239 532 3468 589 quorum
3523 506 3772 570 haeresim
3794 516 3905 568 alio

708 608 894 661 codice
946 605 1152 669 Graeco,
1183 612 1346 675 quem
1399 622 1560 677 supra
1625 608 1985 675 laudavimus,
2018 608 2260 665 Michae-
2351 625 2572 680 quoque
2609 612 2869 682 singulari
2902 612 3167 681 opusculo
3228 609 3528 666 insectatus
3586 617 3692 669 est,
3754 608 3904 675 quod

709 699 774 752 lis
801 699 1059 762 Eneman,
1085 706 1263 753 exstat
1298 699 1487 753 titulus
1562 716 1683 763 xm,
1721 701 1812 770 qui
1853 717 1916 755 ex
1948 701 2143 760 Photio
2163 701 2259 756 de-

2349 699 2621 772 integrum
2655 701 2839 757 Graece
2868 712 2922 756 et
2965 699 3156 754 Latine
3199 696 3539 764 eruditisque
3601 695 3746 748 notis
3801 710 3906 744 au-

710 800 930 858 cerptus
957 799 1059 850 est,
1091 799 1345 859 totusque
1382 800 1574 845 contra
1630 792 1905 846 Romanos
1955 795 2263 861 processio-
2353 797 2498 848 ctum
2522 800 2576 847 et
2608 791 2935 847 illustratum
2972 807 3034 845 ex
3060 789 3249 845 codice
3275 784 3685 840 Vindobonensi
3710 785 3764 836 in
3792 799 3907 851 quo

710 896 830 936 nem
862 880 1097 949 Spiritus
1130 883 1301 936 sancti
1328 896 1357 937 a
1382 880 1540 936 Patre
1555 891 1607 936 et
1637 880 1771 937 Filio
1794 891 2103 938 asserentes
2123 898 2259 937 con-

710 971 969 1039 scriptus.
1031 969 1267 1037 Idipsum
1296 970 1568 1026 invenitur
1601 971 1654 1024 in
1691 970 1797 1024 alio
1851 969 2017 1025 etiam
2069 970 2259 1025 codice

678 1072 811 1142 “ms.
850 1058 1138 1125 Panoplia',
1170 1059 1262 1127 qui
1293 1066 1469 1114 exstat
1494 1059 1548 1113 in
1580 1059 1904 1114 bibliotheca
1936 1056 2100 1127 Regia
2155 1058 2257 1109 Pa-

711 1146 952 1208 risiensi,
981 1164 1131 1202 num.
1156 1148 1282 1201 123i
1309 1165 1323 1216 ;
1355 1156 1408 1201 et
1434 1148 1561 1203 hinc
1590 1158 1825 1214 constat,
1851 1151 2170 1218 praedictum
2192 1147 2258 1201 li-

708 1236 907 1290 bellum
961 1238 1093 1291 nihil
1143 1254 1265 1293 esse
1315 1239 1481 1303 aliud,
1510 1240 1611 1293 nisi
1661 1240 1877 1294 titulum
1927 1254 2019 1294 xm
2077 1238 2256 1292 Pano-

708 1325 832 1391 plim
863 1328 1152 1395 separatim
1198 1310 1551 1396 descriptum,
1588 1334 1703 1381 tum
1738 1330 1795 1381 in
1828 1328 2042 1382 duobus
2109 1328 2259 1381 codi-

711 1413 867 1465 cibus
903 1414 1065 1480 regiis
1098 1416 1230 1483 (i9),
1285 1430 1515 1481 quorum
1573 1431 1715 1471 unus
1759 1414 1823 1469 ad
1869 1430 2064 1470 manus
2112 1413 2260 1468 venit

711 1502 954 1565 Anberti,
980 1505 1177 1558 tumin
1237 1506 1409 1559 tribus
1464 1504 1741 1559 Vaticanis
1771 1504 1904 1572 (20),
1938 1505 2028 1573 qui
2070 1520 2260 1560 omnes

713 1592 983 1646 Inisccllas
1007 1595 1267 1660 quasdam
1293 1595 1566 1650 variorqu
1599 1603 1981 1664 excerptorum
2008 1597 2249 1665 comple-

712 1692 951 1737 ctuntur.
1014 1684 1124 1740 Hoc
1187 1686 1452 1757 Bigotium
1504 1688 1632 1741 olim
1688 1686 2138 1742 animadvertisse
2172 1695 2259 1741 tc-

714 1784 890 1827 statnr
919 1776 1170 1843 epistola,
1200 1765 1361 1846 quam
1414 1778 1468 1830 in
1525 1777 1858 1851 Bibliotheca
1912 1778 2098 1831 critica
2146 1776 2258 1846 (2|)

661 1897 665 1902 ι
714 1866 884 1919 edidit
920 1865 1281 1935 Saingiorius.
1308 1866 1579 1920 Pra‘terea
1618 1868 1780 1920 alium
1813 1881 2027 1935 quoque
2054 1864 2261 1936 Euthy-

715 1956 805 2006 mii
840 1954 1077 2009 libellum
1111 1956 1372 2010 habemus
1402 1957 1454 2010 in
1489 1972 1589 2011 ius.
1616 1958 1802 2010 codice
1852 1955 2117 2013 Vaticano
2158 1957 2261 2010 Pa-

716 2046 885 2099 Ιειιίιιο
911 2047 1034 2109 561,
1075 2048 1127 2102 in
1163 2064 1270 2118 quo
1306 2050 1401 2103 ille
1420 2049 1719 2112 contendit,
1773 2048 2043 2104 Christum
2069 2062 2263 2119 magna

674 2162 677 2167 λ
714 2135 904 2203 quinta
954 2136 1085 2192 feria
1127 2154 1249 2192 cum
1283 2138 1567 2205 discipulis
1595 2140 1709 2194 suis
1745 2139 2260 2208 legale,Pascba.ee-

717 2228 998 2295 lchrasse;
1051 2236 1105 2283 et
1128 2229 1620 2298 hincintelligitur,
1656 2218 1763 2282 non
1789 2231 1952 2283 modo
1985 2228 2263 2284 defensio-

715 2333 837 2371 nem
873 2321 1179 2389 suscepisse
1202 2336 1446 2376 errorum
1471 2320 1668 2382 Photii,
1696 2320 1791 2375 sed
1815 2322 1979 2375 etiam
2010 2334 2261 2375 errorum

718 2405 773 2461 in
803 2423 941 2476 quos
966 2410 1155 2464 incidit
1175 2411 1401 2467 Michael
1431 2409 1787 2466 Cmrularius.
1824 2413 1905 2465 An
1936 2411 2266 2484 hic_quoque

718 2499 930 2553 libellus
964 2515 1029 2555 ex
1065 2500 1318 2567 Perreplia
1353 2510 1639 2571 excerptus
1670 2503 1762 2564 sit,
1800 2510 1945 2555 certe
1998 2500 2267 2555 aﬂirmare

720 2603 828 2641 non
856 2591 1052 2651 audeo,
1085 2606 1207 2643 cum
1238 2592 1506 2659 integrum
1539 2590 1605 2644 ad
1660 2607 1855 2646 manus
1878 2606 1986 2646 non
2038 2593 2265 2645 habeam

720 2678 966 2732 lira-cum
1007 2689 1211 2734 textum
1244 2682 1530 2750 Pauoplize.
1574 2682 1823 2737 Attamen
1863 2684 1934 2736 ita
1965 2698 2085 2736 esse
2107 2682 2270 2736 vehe-

660 2802 661 2805 η
722 2779 931 2823 menter
960 2772 1206 2837 ειιειιίσυι·
1256 2788 1319 2825 ex
1360 2787 1425 2826 eo
1486 2772 1630 2840 quod
1676 2773 1906 2841 scriptor
1963 2771 2185 2828 Graecus
2229 2786 2260 2825 a

723 2858 902 2913 Leone
927 2861 1127 2915 Allatio
1160 2862 1272 2931 (22)
1309 2862 1504 2916 citatus
1536 2873 1740 2928 narrat,
1769 2864 2012 2916 Alexium
2038 2864 2270 2917 (Somne-

721 2964 848 3001 num
876 2948 1150 3017 Zigabcuo
1180 2950 1482 3019 Joannique
1535 2951 1717 3005 Furno
1760 2952 1996 3020 jussisse
2035 2954 2099 3005 ὲκ
2128 2954 2266 3005 πάνυ

722 3057 830 3093 των
855 3040 963 3092 τῶν
994 3040 1152 3094 Οεῖων
1199 3042 1395 3111 βίϐλων
1439 3042 1634 3109 λόγους
1701 3042 2077 3111 ἐρανισάμενοι
2126 3043 2269 3099 κατὰ

721 3130 829 3182 τῶν
852 3132 1111 3201 αἱρέσεων
1142 3133 1239 3202 τὴν
1260 3134 1592 3204 διγματικὴν
1612 3134 1917 3188 Πανοπλίαν
1943 3134 2267 3199 συνέταξαν

723 3224 817 3274 καὶ
835 3225 956 3275 κατ’
987 3224 1163 3276 αὐτῶν
1195 3225 1258 3292 δὴ
1297 3225 1518 3278 Ἰταλῶν
1542 3226 1629 3280 διὰ
1658 3226 1755 3295 τὴν
1809 3226 2127 3294 προσθήκην
2175 3226 2270 3279 τοῦ

725 3311 881 3380 ἁγίου
905 3314 1180 3382 Συμϐόλου
1205 3316 1296 3367 καὶ
1326 3315 1394 3367 τὰ
1422 3316 1625 3384 ἄζυμα,
1653 3326 1707 3369 ιιι
1728 3332 1793 3369 ex
1816 3319 2053 3370 omnibus
2084 3318 2271 3372 diuinis

722 3405 1112 3455 conuuentariis
1178 3405 1460 3457 sententias
1519 3405 1815 3475 colligentes
1842 3418 2024 3458 contra
2055 3406 2273 3461 hwreses
2346 3430 2357 3435 -

726 3489 1074 3553 dogmaticam
1098 3488 1411 3556 Panopliam
1442 3502 1841 3558 componerent;
1875 3503 1921 3546 et
1951 3503 2135 3546 contra
2162 3510 2276 3547 eos-

725 3577 845 3632 dem
882 3580 1048 3633 Italos
1070 3591 1278 3649 propter
1299 3581 1619 3635 additiouem
1640 3584 1694 3635 in
1727 3600 1881 3636 sacro
1946 3582 2194 3652 Symbolo
2226 3594 2274 3639 et

730 3687 941 3739 azyma.
976 3670 1129 3736 Quod
1157 3673 1201 3726 si
1230 3671 1298 3728 de
1321 3676 1530 3743 azymis
1556 3673 1879 3746 Euthymius
1911 3677 1966 3729 in
2017 3664 2277 3744 Panoplia

731 3763 973 3830 scripsit,
1005 3762 1206 3816 frustra
1237 3778 1366 3817 sane
1390 3764 1499 3819 Leo
1524 3766 1756 3822 Allatius
1783 3766 2171 3835 (25lasscruit
2211 3783 2280 3835 ex

736 3852 839 3905 hoc
864 3852 1041 3921 capite
1074 3854 1275 3908 erroris
1313 3853 1463 3922 argui
1537 3854 1880 3925 Euthymium
1938 3870 2043 3908 non
2098 3870 2279 3923 posse,

731 3945 859 4012 quia
882 3944 1230 4011 adiaphoram
1249 3946 1600 4012 quaestionem
1624 3953 1944 4014 prosecutus
1966 3945 2281 4000 esset.Cum

733 4035 889 4087 enim
912 4034 1223 4101 Pauopliam
1251 4035 1319 4089 ad
1338 4033 1697 4090 confutandas
1718 4035 1995 4088 haereticas
2027 4035 2284 4104 quaestio-

732 4142 834 4189 nes
871 4128 1199 4188 exaraverit,
1231 4127 1520 4183 manifesto
1548 4129 1731 4182 statim
1770 4129 1921 4196 argui
1951 4136 2153 4196 potest,
2176 4129 2281 4182 La-
2310 4172 2311 4175 η

729 4217 972 4270 ιίιιοτιιιῐι
1012 4215 1363 4280 sententiam,
1397 4223 1450 4268 et
1474 4216 1634 4271 ritum
1666 4216 1739 4268 ita
1797 4231 2161 4284 oppugnasse,
2222 4225 2283 4271 ut

731 4306 882 4361 illam
904 4306 1176 4361 haereseos
1215 4305 1630 4369 insimulaverit,
1661 4314 1714 4358 et
1773 4305 1914 4358 hunc
1958 4306 2118 4359 modo
2171 4320 2278 4359 non

737 4398 1013 4462 illicitum,
1043 4397 1141 4452 sed
1174 4398 1339 4450 etiam
1376 4397 1457 4450 uti
1492 4396 1788 4449 invalidum
1819 4404 1873 4447 et
1905 4394 2109 4448 nullum
2143 4395 2282 4462 reie-

726 4489 913 4553 cerit;
945 4490 998 4541 in
1029 4502 1158 4556 quo,
1174 4487 1442 4554 praecipue
1507 4485 1732 4539 Michael
1768 4486 2095 4540 Caerularius
2136 4484 2287 4553 ejus-

737 4590 843 4644 que
873 4584 1170 4630 sectatores
1189 4590 1218 4628 a
1243 4584 1393 4630 recta
1423 4572 1524 4628 [ide
1555 4573 1899 4637 aberrabant,
1940 4580 1994 4626 et
2015 4575 2085 4628 ob
2122 4588 2283 4642 quam

737 4666 1082 4739 potissimum
1108 4680 1324 4721 causam
1354 4679 1449 4719 eos
1472 4663 1582 4719 Leo
1602 4661 1692 4716 ‘IX
1717 4662 1967 4719 Pontifex
2018 4664 2287 4720 refutave-

692 4802 697 4805 .
739 4765 826 4811 rat
877 4762 1042 4824 atque
1076 4754 1446 4808 damnaverat.

810 4893 924 4949 VII.
952 4893 1071 4948 lam
1099 4909 1252 4958 vero,
1279 4901 1340 4948 ut
1362 4891 1427 4946 ad
1457 4889 1803 4961 opusculum,
1826 4890 1969 4959 quod
1996 4893 2154 4944 modo
2173 4891 2293 4944 vnla

740 4985 979 5054 gandum
1014 4985 1417 5055 est,'pr0prius'
1449 4981 1731 5049 accedam,
1765 4978 2084 5050 Euthymius
2101 4990 2289 5035 contra

819 5211 930 5278 (l9)
953 5211 1086 5267 Cod.
1124 5212 1281 5273 1⁸571,
1304 5227 1361 5265 ιι.
1389 5209 1479 5271 21,
1514 5200 1568 5261 et
1593 5208 1728 5278 God.
1771 5206 1931 5270 2782,
1967 5207 2198 5278 ιιιιιιιέξὶ.

820 5275 932 5349 (20)
967 5282 1101 5334 Cod.
1136 5281 1259 5339 579.
1298 5296 1420 5350 pag.
1452 5279 1601 5341 489.,
1624 5277 1758 5332 Cod.
1785 5277 1907 5343 680,
1924 5291 2046 5346 pag.
2068 5275 2192 5338 458,
2240 5285 2295 5329 et

750 5351 890 5407 Cosl.
933 5351 1055 5413 717,
1090 5366 1212 5418 pas.
1240 5350 1361 5403 199.
1435 5417 1443 5418 7
1707 5356 1711 5418 ξ

822 5420 935 5485 (9.1)
975 5416 1130 5473 Toni.
1156 5418 1241 5482 Ill,
1273 5434 1392 5485 cap.
1422 5417 1513 5479 2|,
1539 5433 1659 5485 pag.
1696 5416 1783 5469 97.

820 5481 1033 5609 (2225f;
1052 5481 1325 5556 utriusque
1345 5481 1554 5540 Eccles.
1572 5481 1806 5540 censeas.
1833 5485 1930 5549 lib,
1953 5498 2031 5549 ιιι,
2056 5496 2176 5551 cap.
2206 5481 2292 5545 l0,

827 5574 876 5609 ιι.
1023 5595 1036 5609 .

794 5574 876 5622 ag.
910 5574 1036 5610 040.

752 5574 876 5627 pag.
910 5574 1036 5610 040.

828 5626 937 5693 (25)
968 5625 1040 5677 De
1064 5643 1327 5690 consens.,
1348 5642 1404 5694 ιι.
1434 5625 1557 5679 46‘2.

832 5692 943 5763 (Ἡ)
974 5694 1223 5765 Insignia
1272 5692 1514 5765 itinera"
1548 5692 1719 5748 Italic.
1766 5709 1887 5762 pag.
1927 5692 2023 5747 106
2054 5698 2107 5746 et
2143 5703 2291 5757 seqq.

834 5765 947 5833 (’25)
970 5763 1124 5819 Tum.
1156 5763 1242 5830 lli,
1268 5780 1389 5834 pag.
1426 5764 1517 5819 71.

2354 883 2504 939 velut
2551 883 2817 953 appendix
2870 882 3137 950 Panoplia:
3192 880 3413 949 legitur,
3454 876 3624 931 edidit
3665 874 3910 929 Iacobus

2353 974 2559 1030 Tollius
2597 974 2738 1045 (21).
2778 962 3252 1043 Ιηεςιίριιιιιίθειε
3293 969 3551 1033 Victoria,
3581 983 3677 1020 seu
3714 967 3915 1018 trium-

2352 1066 2483 1133 phus
2514 1066 2578 1119 de
2599 1066 2764 1133 impia
2806 1064 3247 1119 Massalianorum
3272 1069 3435 1123 secta,
3472 1059 3596 1126 quia
3629 1060 3681 1109 iu
3707 1072 3772 1110 eo
3796 1070 3911 1109 non

2358 1157 2632 1211 rationum
2665 1156 2956 1211 momentis
2989 1154 3391 1225 Bogomilorum
3447 1164 3663 1205 errores
3724 1147 3918 1201 discu-

2358 1248 2570 1302 tiuntur
2609 1263 2671 1302 ac
2698 1248 3024 1310 refutantur,
3057 1247 3149 1302 sed
3178 1243 3400 1311 singuli,
3423 1242 3500 1295 uti
3525 1242 3637 1310 jam
3667 1236 3918 1299 sefntati,

2360 1337 2910 1392 anathematizantur.
2942 1337 3200 1390 Codieem
3240 1334 3393 1387 illum
3425 1330 3915 1387 Vindobonensem

2356 1423 2465 1494 jam
2493 1424 2856 1496 descripserat
2876 1425 3194 1479 Lambecius
3221 1423 3356 1493 (ἓὸ),
3382 1430 3436 1475 et
3456 1418 3768 1488 speciminis
3792 1417 3922 1469 loco

2359 1519 2570 1587 primos
2630 1526 2742 1571 tres
2807 1516 3291 1570 anathematismos
3346 1513 3681 1581 vulgaverat.
3765 1506 3920 1559 Idem

2362 1607 2686 1662 Lambecius
2714 1608 2827 1676 (‘26)
2858 1621 2957 1663 nos
2988 1606 3145 1660 docet
3188 1605 3242 1658 in
3274 1603 3611 1658 bibliotheca
3637 1598 3924 1653 Vindoboc

2353 1696 2520 1752 'neusi
2577 1697 2784 1765 aliquas
2850 1697 3012 1750 etiam
3075 1693 3370 1763 reperiisse
3428 1691 3690 1759 epistolas
3725 1696 3927 1743 contra

2362 1787 2839 1859 Pbundagiagitas.
2868 1803 2960 1842 seu
2990 1786 3295 1856 Bogomilos
3311 1784 3668 1857 conscriptas.
3690 1782 3926 1835 missas-

2360 1892 2465 1951 que
2484 1892 2515 1930 a
2543 1880 2868 1933 monasterio
2901 1875 3214 1945 Peribleptze
3238 1877 3291 1930 in
3321 1876 3549 1945 patriam
3578 1889 3755 1936 suam,
3781 1888 3929 1940 qua-v.

2366 1983 2482 2020 rum
2511 1969 2859 2039 epigraphem
2891 1968 3096 2022 Tollius
3130 1967 3313 2021 Grmce
3346 1968 3539 2021 recitat
3576 1980 3698 2019 cum
3727 1965 3926 2018 Latina

2363 2060 2630 2121 versione,
2678 2059 2730 2111 in
2778 2074 2884 2127 qua
2934 2058 3098 2113 verba
3155 2058 3253 2126 τῆς
3298 2057 3467 2127 μονῆς
3511 2059 3610 2127 τῆς
3662 2056 3931 2126 Περιὸλέ-

2365 2165 2499 2201 πτου
2532 2147 2761 2202 illustris
2795 2137 3019 2202 cwuobii
3047 2146 3235 2200 Latine
3265 2146 3501 2201 reddidit
3528 2164 3543 2210 ;
3572 2145 3665 2201 sed
3712 2146 3929 2201 rectius

2365 2253 2494 2293 sane
2526 2237 2847 2292 reddidisset
2879 2237 3092 2291 εωιιοιιίὶ
3133 2235 3460 2305 Ρενίῡιρριεε,
3485 2238 3627 2290 hanc
3679 2234 3931 2290 Graecam

2363 2342 2548 2381 vocem
2566 2328 2821 2382 intactam
2845 2327 3174 2397 relinquens,
3197 2328 3319 2397 quia
3345 2333 3425 2381 est
3441 2327 3606 2381 veluti
3624 2325 3929 2395 cognomen

2365 2419 2513 2473 illius
2555 2418 2810 2479 emnobii,
2851 2432 2962 2486 quo
3024 2419 3315 2473 utebantur
3370 2428 3627 2488 tanquam
3683 2417 3935 2487 epitheto

2368 2505 2608 2575 Virginis
2633 2505 2897 2574 Deiparze,
2921 2508 3008 2561 cui
3039 2507 3345 2562 crenobium
3374 2508 3479 2561 hoc
3531 2514 3648 2561 erat
3701 2506 3933 2561 dedica-

2367 2601 2504 2654 tum,
2535 2601 2593 2647 ut
2623 2592 2690 2645 ab
2715 2592 2835 2645 aliis
2862 2608 2980 2660 qua:
3006 2602 3166 2646 erant
3214 2591 3713 2660 Constantinopoli.
3736 2606 3937 2647 emno-

2368 2681 2473 2737 biis
2502 2697 2565 2735 ac
2581 2682 2792 2751 templis
2819 2682 3246 2752 eidemDeiparaa
3272 2684 3446 2736 sacris
3474 2680 3933 2749 distingueretur.

2437 2811 2574 2868 Vlll.
2607 2814 2705 2880 Qui
2733 2814 2930 2869 iuerint
2952 2816 3355 2885 Bogomilorum
3380 2831 3621 2881 errores,
3654 2832 3925 2871 necessa-

2368 2906 2508 2958 rium
2574 2908 2689 2960 non'
2738 2916 2817 2961 est
2874 2906 2963 2960 hic
3024 2923 3316 2975 exponere,
3349 2907 3608 2975 quoniam
3632 2909 3716 2963 vel
3753 2924 3821 2964 ex
3854 2910 3930 2966 iis

2372 2997 2568 3057 solum,
2595 3011 2714 3064 qua!
2737 2996 2789 3061 in
2819 2997 2920 3050 hoc
2946 2997 3125 3051 libello
3157 3004 3341 3050 narrat
3386 2995 3733 3066 Euthymius,
3786 3001 3930 3054 Satis

2374 3086 3231 3160 innotescunt.‘Appellabantur
3289 3079 3470 3141 autem
3539 3086 3803 3156 Bogomili
3864 3105 3933 3142 ex

2373 3191 2502 3233 voce
2542 3175 2668 3246 Bog,
2698 3192 2820 3246 qua!
2850 3176 3202 3248 Bulgarorum
3232 3179 3415 3249 lingua
3442 3177 3712 3248 signiﬁcat
3740 3177 3931 3243 Deum,

2372 3274 2425 3320 et
2455 3280 2587 3320 voce
2621 3267 2823 3331 omilui,
2854 3282 2961 3336 quo
2984 3266 3152 3321 verbo
3181 3267 3319 3335 apud
3350 3267 3571 3321 eosdem
3596 3266 3929 3335 exprimitur

2375 3360 2637 3421 miserere,
2692 3359 2846 3427 quasi
2885 3358 2960 3411 illi
3003 3366 3185 3411 essent
3216 3357 3311 3425 qui
3363 3357 3453 3410 Dei
3490 3356 3931 3412 miscricordiam

2375 3446 2739 3515 implorabant
2771 3446 2907 3517 (r27).
2944 3446 3106 3500 Iidem
3134 3444 3397 3514 Bogomili
3430 3444 3562 3499 dicti
3591 3455 3719 3499 sunt
3754 3444 3927 3498 etiam

2376 3534 2782 3606 Phundagiatm.
2840 3536 2922 3589 vel
2980 3535 3298 3589 Phundaita‘.
3354 3550 3420 3589 ex
3473 3549 3558 3598 eo,
3617 3534 3939 3602 utconjicit

2377 3627 2674 3681 Cotelerius
2737 3626 2888 3693 (28),
2938 3625 3083 3697 quod
3153 3627 3423 3696 marsupia
3479 3625 3547 3679 ad
3599 3625 3941 3693 colligendas

2381 3718 2757 3787 eleemosynas
2802 3719 3096 3786 gerebant:
3126 3716 3328 3785 φοῦνδα.
3356 3718 3502 3769 enim
3536 3716 3677 3786 apud
3709 3715 3939 3771 Graecos

2380 3809 2648 3877 sequioris
2696 3809 2793 3861 sevi
2825 3808 3119 3877 scriptores
3159 3822 3257 3875 pro
3309 3806 3587 3874 marsupio
3634 3806 3938 3863 indicando

2382 3900 2674 3968 reperitur.
2703 3899 2970 3953 Prmterea
3016 3898 3141 3952 aliis
3175 3899 3337 3951 etiam
3382 3897 3696 3952 nominibus
3730 3897 3940 3951 distin-

2384 3990 2714 4058 guebantur,
2755 4003 2881 4041 nam
2909 3994 2964 4042 et
3000 3986 3336 4048 Massaliani,
3365 3993 3419 4041 et
3457 3985 3721 4049 Euchitre,
3745 3992 3800 4040 et
3830 3982 3946 4039 En-

2384 4080 2685 4143 thusiastae,
2722 4086 2774 4133 et
2810 4077 3121 4140 Encratitae,
3155 4086 3210 4131 et
3236 4076 3572 4131 Marcionita;
3593 4074 3941 4137 dicebantur,

2386 4179 2450 4225 ut
2478 4186 2543 4225 ex
2565 4171 2751 4224 eodem
2779 4167 3075 4239 Euthymio
3103 4173 3314 4223 constat
3343 4185 3358 4245 ξ
3391 4182 3510 4235 quae
3541 4165 3720 4220 omnia
3760 4164 3939 4236 Bogo-

2389 4262 2640 4315 milorum
2701 4261 2922 4313 nomina
2970 4258 3180 4329 prolixe
3214 4258 3504 4313 admodum
3556 4263 3610 4311 et
3643 4255 3862 4311 erudite
3890 4255 3943 4308 in

2390 4350 2832 4413 adnotationibus
2856 4350 2971 4404 suis
3010 4349 3218 4411 Tollius
3254 4347 3369 4418 (29)
3405 4347 3679 4416 exposuit.
3729 4346 3799 4400 At
3832 4358 3946 4414 pm

2388 4442 2598 4497 castoris
2638 4430 2827 4494 notatu
2865 4439 3087 4508 dignum
3118 4448 3205 4509 est
3253 4453 3449 4493 nomen
3473 4477 3488 4502 ,
3539 4436 3686 4507 quod
3736 4434 3946 4505 Euthy-

2391 4534 2535 4597 mius
2568 4533 2621 4586 in
2651 4531 2753 4585 hoc
2819 4530 3087 4599 epuseulo
3117 4529 3315 4584 asserit
3362 4528 3673 4598 Bogomilos
3695 4526 3802 4581 sibi
3848 4527 3947 4580 tr'r—

2391 4623 2597 4687 buisse,
2661 4638 2852 4692 nempe
2903 4621 3328 4688 Christopolitas,
3361 4637 3457 4675 seu
3516 4617 3713 4674 Christi
3766 4618 3945 4680 cives;

2396 4714 2501 4769 hoc
2527 4715 2671 4769 enim
2708 4713 2946 4773 nomine.
2977 4727 3087 4780 quo
3117 4712 3406 4781 specialem
3449 4723 3575 4778 erga
3623 4723 3717 4763 eos
3738 4707 3943 4763 Christi

2395 4802 2738 4857 dilectionem
2796 4802 3166 4865 ostentabant,
3221 4798 3482 4869 appellari
3507 4795 3843 4866 gaudebant,
3885 4801 3945 4849 ut

2395 4893 2610 4947 facilius
2673 4892 3033 4960 simpliciores
3071 4891 3124 4945 iu
3156 4904 3348 4944 eorum
3386 4900 3601 4963 errores
3657 4883 3945 4955 pertrahe-

2397 4989 2518 5037 rent
2549 4980 2680 5049 (50).
2718 4980 2891 5050 Atque
2929 4979 3173 5035 eamdem
3199 4978 3361 5032 etiam
3387 4977 3458 5031 oh
3502 4989 3725 5031 causam
3758 4987 3948 5028 mona-

2465 5207 2733 5276 (9.6)Ἰξιιιιι.
2766 5208 2830 5267 ν,
2860 5222 2958 5276 pag
3005 5205 3095 5269 58,
3129 5205 3407 5276 127,134.

2464 5269 2575 5343 (‘27)
2606 5275 2727 5331 για.
2767 5269 3178 5343 οΙ.Ῥῖ-ιιξειι1ειιι
3230 5271 3560 5343 Stephanum
3600 5269 3941 5343 porgiam‘in

2395 5337 2683 5401 Comment.
2721 5346 2783 5399 de
2811 5344 2976 5398 Cruce
3025 5342 3190 5396 Valic.
3214 5337 3341 5410 cap:
3373 5341 3422 5399 7,
3453 5356 3571 5409 pag.
3600 5338 3688 5410 79.
3721 5337 3941 5406 adn.(b)

2397 5415 2556 5537 6(28
2604 5414 2659 5467 ln
2712 5419 2853 5468 notis
2904 5415 2968 5467 ad
3012 5428 3135 5483 pag.
3168 5407 3295 5473 144,
3346 5407 3475 5465 ιοιιι.
3520 5410 3560 5474 Ι,
3614 5407 3940 5462 Monument.

2445 5500 2569 5537 ΠΕΟ.

2445 5500 2569 5537 ΠΕΟ.

2476 5551 2587 5621 (29)
2621 5551 2857 5621 Insignia
2894 5551 3067 5605 itiner.
3097 5549 3226 5603 Ital.
3263 5550 3382 5618 p'ag.
3415 5550 3533 5612 110,
3566 5554 3629 5621 et
3655 5560 3806 5614 seqq.

2476 5617 2586 5689 (3οἰ
2619 5617 2853 5689 Consule
2874 5617 3294 5689 adnotationem,
3329 5633 3498 5689 quam
3514 5619 3580 5671 ad
3618 5617 3717 5671 hoc
3750 5625 3945 5669 nonlen

2407 5673 2659 5760 apposuit
2688 5673 2914 5752 Tollius,
2950 5705 3068 5760 pag.
3102 5673 3223 5755 i22,
3258 5673 3404 5741 num.
3442 5685 3525 5740 12.
