4090 6324
207 340 272 404 29
1479 359 2058 420 PltOLEGOMENA.

205 458 373 513 sticam
406 455 559 509 vitam
591 459 1007 525 profitebantur,
1043 469 1354 538 tantan'qne
1406 470 1716 527 sanctitatis

204 548 410 615 speciem
431 547 666 603 exterius
694 548 1044 614 simulabant,
1083 563 1138 610 ut
1176 560 1332 627 quasi
1383 561 1562 615 omnis
1591 576 1715 628 per-
1742 584 1747 589 ο

202 636 423 689 lectionis
450 635 684 691 cultores
708 637 1041 693 viderentur.
1069 640 1216 698 lianc
1252 662 1441 702 eorum
1477 634 1597 701 vita».
1624 664 1713 700 ra-

202 727 375 779 tionem
426 725 488 779 ad
544 728 724 781 vivum
764 739 820 783 et
878 731 1152 800 eleganter
1184 734 1449 792 describit
1501 741 1714 791 oculata

203 814 338 867 testis
378 813 526 868 Anna
596 816 869 871 Coumena
934 818 1065 889 (5t),
1107 825 1267 894 cuju‘s
1311 836 1491 882 tamen
1553 828 1714 880 verba

201 905 338 957 modo
356 904 439 959 hic
473 906 671 960 all‘erre
705 923 808 962 non
846 921 1022 965 vacat.

261 994 335 1047 lx.
363 995 741 1063 Inqttireudum
769 1007 853 1055 est
874 1001 1054 1070 potius
1093 1006 1387 1071 quomodo-
1411 1005 1571 1074 impia
1616 1004 1717 1059 llo-

199 1087 488 1152 gomilorum
544 1089 795 1158 dogmata
850 1093 1163 1164 Peribleptw
1195 1099 1719 1152 tuonachosinfece-

200 1179 307 1231 riut.
343 1178 598 1246 Equidem
650 1183 704 1235 in
740 1198 801 1236 ea
827 1200 947 1239 sum
984 1187 1274 1250 sententia,
1324 1179 1634 1256 Bog'omilos
1663 1191 1716 1244 in

198 1284 340 1321 unum
364 1270 632 1338 quoddam
691 1274 971 1344 collegium
1031 1279 1319 1341 coaluisse,
1368 1282 1419 1333 in
1460 1297 1568 1349 quo
1601 1297 1716 1335 mo-

199 1362 435 1415 nasticum
495 1363 620 1418 vitae
688 1365 997 1422 institutum
1076 1371 1314 1437 profiteri
1371 1373 1714 1430 simularent.

196 1452 399 1506 Causam
431 1469 530 1507 cur
566 1456 640 1509 ita
698 1460 1044 1513 sentiendum
1068 1463 1322 1530 suspicor
1354 1464 1553 1530 praebet
1582 1465 1714 1518 mihi

196 1544 400 1609 primum
427 1544 937 1617 Cltristopolitarum
981 1569 1194 1617 nomen,
1227 1553 1370 1624 quod
1411 1570 1597 1608 eorum
1626 1570 1717 1608 so-

195 1634 355 1688 cietati
405 1636 684 1705 fecerunt;
734 1657 795 1694 ac
852 1643 1050 1697 deinde
1091 1647 1258 1699 Anna:
1290 1646 1713 1715 Coniuena:(39.)

195 1726 430 1790 narratio,
486 1730 778 1785 scribentis
842 1733 1100 1787 Basiliam
1148 1752 1294 1789 novae
1349 1737 1509 1799 huius
1553 1747 1715 1791 set-Im

194 1823 445 1869 auctorem
498 1818 785 1875 duodecim
840 1824 942 1877 sibi
995 1824 1298 1894 discipulos
1355 1828 1712 1898 adiunxisse,

192 1919 311 1973 quos
331 1915 378 1958 et
399 1910 697 1973 apostolos.
730 1913 794 1965 ad
826 1912 1051 1973 Manetis
1096 1917 1426 1986 exemplum,
1456 1919 1716 1983 nomina-

193 2003 342 2048 verat.
376 1994 447 2050 Ex
472 1998 573 2052 hac
642 2002 787 2055 enim
838 2006 1150 2059 narratione
1184 2008 1368 2060 statim
1399 2006 1549 2060 subit
1595 2009 1713 2075 cpi-

190 2086 290 2149 nio.
308 2102 395 2143 eos
417 2104 522 2144 non
555 2106 897 2150 commune-tt
926 2111 1048 2149 cum
1075 2097 1198 2150 aliis
1231 2095 1514 2151 monachis
1552 2096 1713 2150 vitam

192 2180 367 2249 egisse,
395 2184 486 2236 sed
524 2183 665 2238 inter
698 2201 756 2239 se
790 2194 1002 2240 tantum
1034 2187 1222 2241 iniisse
1250 2187 1604 2250 societatem;
1651 2203 1715 2242 eo

194 2271 345 2340 magis
401 2275 545 2343 quod
598 2278 862 2345 qnasdam
900 2281 1059 2332 etiam
1106 2278 1517 2347 discipulasiis
1546 2280 1716 2335 fuisse

194 2358 437 2421 immistas
470 2365 539 2420 ab
571 2367 760 2422 eadem
813 2368 962 2424 Anna
1009 2369 1325 2425 allirutatur.
1364 2372 1432 2426 At
1459 2386 1582 2425 vero
1618 2387 1714 2438 pa-

194 2452 367 2509 tefacta
395 2456 611 2510 demum
642 2457 1040 2526 Bogomilorum
1091 2462 1283 2517 haeresi
1324 2477 1388 2516 ac
1418 2463 1714 2533 hypocrisi,

192 2552 239 2598 et
273 2543 476 2612 Basilio,
512 2549 673 2617 jussu
718 2551 891 2605 Alexii
927 2552 1213 2617 Conmeui,
1257 2554 1310 2606 in
1347 2553 1716 2621 llippodromo

192 2638 332 2706 regia:
384 2640 534 2694 urbis
579 2651 794 2708 exusto,
849 2644 1011 2713 impia
1042 2645 1156 2698 hate
1188 2646 1423 2700 societas
1452 2646 1718 2701 dissoluta

191 2737 264 2782 cst
293 2730 633 2798 acdispersa,
666 2733 895 2802 ejusque
926 2750 1140 2791 errores
1173 2737 1436 2793 damnati.
1464 2740 1716 2795 Attamen

191 2819 333 2873 sicuti
351 2822 594 2889 quotidie
620 2825 912 2880 usuvenire
928 2828 1321 2897 conspicimus,
1350 2841 1407 2883 ut
1429 2830 1473 2884 si
1499 2832 1718 2900 quando

190 2924 328 2962 error
352 2910 543 2976 aliquis
580 2917 746 2968 menti
776 2916 1077 2985 cnjuspiam
1114 2919 1392 2982 insederit,
1424 2935 1528 2973 non
1564 2920 1718 2976 facile

191 3000 387 3057 animus
415 3003 482 3057 ab
511 3005 940 3067 eowetrabitur.
968 3008 1041 3062 ita
1075 3007 1143 3062 de
1170 3006 1462 3078 BogOmilis
1503 3011 1717 3067 accidit.

190 3086 426 3177 Nam‘sex
470 3103 524 3146 et
553 3094 742 3163 viginti
775 3109 945 3149 annos
988 3104 1274 3174 postquam
1307 3113 1494 3152 eorum
1548 3100 1719 3157 haere-

191 3180 261 3235 sis
287 3182 533 3238 damnata
562 3184 761 3249 fuerat,
793 3185 970 3254 Nipho
997 3188 1213 3257 quidam
1241 3191 1544 3247 monachus
1567 3192 1714 3245 illam

190 3284 365 3327 rursus
401 3273 660 3329 innovare
685 3275 797 3341 jam
826 3278 1091 3346 'caaperat,
1127 3293 1235 3333 non
1268 3282 1454 3347 paucis
1483 3282 1535 3336 in
1564 3298 1719 3337 suam

189 3366 492 3420 sententiam
523 3368 832 3436 pertractis.
864 3367 1021 3435 Quod
1068 3385 1192 3425 cum
1216 3371 1453 3426 delatqu
1483 3383 1628 3429 esset
1653 3374 1719 3428 ad

189 3448 465 3509 Hanuelem
525 3457 911 3537 Comnenunr,
947 3458 1119 3512 Alexii
1184 3459 1205 3515 Ι
1250 3476 1316 3513 ex
1368 3460 1475 3514 filio
1516 3459 1721 3517 Joanne

187 3551 442 3610 nepotem,
476 3545 569 3613 qtti
617 3554 747 3600 tunc
792 3548 1115 3617 imperabat,
1148 3549 1415 3619 synodum
1448 3550 1717 3606 Constan-

187 3632 389 3704 tinopoli
450 3635 569 3705 cogi
627 3634 813 3703 jussit,
846 3644 903 3690 ut
929 3635 1196 3706 Niphonis
1222 3652 1385 3691 causa
1418 3639 1720 3694 discutere-

188 3729 287 3778 tur.
318 3722 652 3794 Congregata
679 3740 742 3781 ea
774 3726 1012 3797 synodus
1042 3724 1145 3780 fuit
1181 3742 1326 3781 anno
1364 3727 1515 3789 ll“,
1544 3726 1719 3792 pridie

184 3809 302 3866 ldus
325 3810 598 3876 Octobris.
646 3812 700 3867 in
748 3813 1033 3869 Thomaite
1078 3828 1172 3870 seu
1220 3814 1563 3885 patriarchali
1624 3814 1723 3868 tri-

185 3900 355 3964 clinio,
409 3902 736 3971 pra'sidente
795 3901 1055 3958 Michaele
1080 3902 1238 3958 Oxita
1283 3905 1621 3973 patriarcha,
1656 3922 1722 3960 ac

185 3988 411 4046 itanuele
462 3978 745 4047 Comneno
794 3994 1141 4064 imperatore,
1200 3996 1555 4065 pluribusque
1602 3998 1721 4065 epi-

183 4082 350 4149 scOpis
385 4090 438 4136 et
488 4083 846 4151 optimatibus
885 4084 1275 4148 assidentibus,
1328 4088 1419 4155 qui
1453 4089 1719 4142 accersito
1744 4140 1756 4151 ,

186 4168 432 4239 Niphone,
479 4182 536 4230 et
584 4175 661 4228 de
701 4174 823 4244 ejus
876 4175 1162 4232 sententiis
1212 4164 1534 4245 perquisito,
1594 4193 1718 4232 cum

184 4261 311 4317 male
329 4279 452 4318 eum
492 4265 548 4318 in
604 4264 710 4334 fide
762 4266 962 4321 sentire
992 4264 1496 4334 deprehendissent,
1525 4267 1577 4321 in
1609 4282 1717 4321 mo-

182 4356 465 4410 nasterium
516 4356 837 4426 Peribleptre
890 4357 1104 4412 interim
1166 4344 1516 4427 relegandum
1584 4374 1716 4414 cen-

182 4460 347 4509 suere,
377 4455 658 4502 innitentes
700 4448 971 4509 abbatem,
1007 4452 1344 4516 ceterosque
1393 4451 1716 4513 monachos,

183 4538 234 4582 ut
256 4547 422 4602 neque
451 4532 556 4601 ipsi
590 4548 712 4588 cum
739 4549 806 4588 eo
848 4533 1306 4603 colloquerentur,
1339 4551 1516 4605 neque
1543 4538 1716 4599 cuitzis

180 4630 318 4676 extra
352 4623 736 4679 monasterium
767 4625 979 4696 degenti
1018 4625 1087 4680 ad
1111 4642 1234 4681 eum
1271 4626 1454 4681 aditus
1488 4630 1717 4697 permit-

183 4721 362 4767 tercnt.
388 4715 495 4770 Res
527 4724 705 4769 tamen
742 4730 851 4770 non
879 4718 1044 4771 cessit
1068 4732 1134 4771 ex
1166 4726 1315 4773 voto.
1350 4718 1521 4787 Nipbo
1547 4721 1716 4784 enim,

182 4813 378 4871 arrepta
399 4807 707 4873 occasione,
739 4822 862 4861 cum
884 4808 1212 4876 quibusdam
1245 4808 1565 4879 Peribleptae
1605 4829 1718 4867 mo-

181 4894 360 4948 nachis
381 4895 637 4963 paulatim
668 4897 835 4966 coepit
885 4896 1174 4951 instituere
1202 4889 1497 4969 colloquia,
1525 4910 1577 4954 et
1607 4900 1718 4954 bte-

181 4991 351 5038 reseos
381 4998 493 5039 suae
521 4984 672 5038 virus
702 4986 780 5040 eis
812 4986 1140 5055 propinare;
1166 4987 1236 5041 ob
1264 5002 1428 5057 quam
1483 5003 1704 5043 causam

179 5070 409 5141 ejusdem
431 5074 623 5146 synodi
646 5073 854 5141 Patres,
884 5092 952 5131 ue
992 5078 1158 5145 pestis
1188 5075 1277 5130 illa
1320 5078 1709 5133 monachorum

181 5171 377 5222 mentes
412 5168 750 5237 deposceret,
807 5168 1103 5237 Niphonem
1146 5171 1481 5226 monasterio
1535 5180 1717 5226 extra-

178 5265 333 5323 ctum,
355 5271 423 5312 ac
443 5260 566 5330 igne
596 5266 651 5316 et
673 5274 813 5329 aqua
836 5258 1185 5316 interdictum
1210 5262 1421 5331 longius
1467 5265 1718 5319 exsulare

236 5435 345 5508 tat)
382 5435 623 5508 atque.
661 5436 754 5493 lib.
779 5454 863 5500 xv,
899 5452 1019 5508 pag.
1049 5437 1172 5494 436.

238 5506 346 5571 ‘32)
385 5504 857 5575 Ibid.,pag,8£'l.
900 5504 916 5508 ”
972 5504 992 5507 ’
1235 5526 1238 5529 λ

234 5575 451 5651 (ὃὸξὲρσ
471 5574 699 5642 utriusq.
735 5576 934 5634 Eccles.
962 5595 1196 5635 conserta.
1220 5579 1314 5635 lib.
1379 5597 1437 5644 tt,
1468 5594 1587 5651 cap.
1627 5581 1707 5642 l2.

176 5657 283 5710 pag.
311 5643 439 5704 680.
454 5654 510 5699 et
531 5658 682 5713 seqq.
808 5672 811 5676 λ

232 5713 340 5783 (Si)
373 5714 494 5771 Vid.
520 5713 725 5769 Annam
744 5717 932 5772 Coum.
960 5718 1196 5776 Alexiad.
1217 5719 1308 5777 lib.
1334 5737 1417 5783 sv,
1446 5734 1564 5791 pag.
1584 5720 1706 5777 487.

3293 366 3368 425 30

1816 481 2127 539 coegerunt.
2174 469 2472 540 Utrumque
2496 470 2754 542 synodale
2780 472 3079 533 decretum,
3111 488 3218 540 quo
3248 472 3362 525 hzcc

1816 571 1932 615 acta
1966 562 2374 630 constitutaque
2400 561 2645 626 iuuerunt,
2668 562 2854 617 Graece
2881 571 2937 616 et
2964 561 3154 616 Latine
3199 563 3366 616 edidit

1818 650 1926 705 Leo
1965 652 2194 705 Allatius
2221 653 2354 722 (55).
2378 652 2739 720 Quamobrem
2779 669 2884 706 non
2932 653 3088 715 male,
3127 661 3183 704 ιιι
3214 652 3362 706 τινὶιίο

1817 751 1953 806 tror,
1985 743 2255 812 conjicere
2282 744 2403 812 quis
2433 744 2650 813 poterit,
2673 754 2784 796 tum
2812 744 3040 812 primum
3070 759 3132 796 ex
3164 741 3366 809 Nipha-

1817 834 1903 888 nis
1958 835 2353 888 consuetudine
2394 835 2660 902 quosdam
2710 834 3034 902 Peribleptte
3071 832 3366 887 monachos

1816 925 2217 993 Bogoutilorum
2247 940 2460 980 errores
2485 925 2651 980 fuisse
2681 934 2980 993 amplexos.

1885 1016 1951 1071 Χ.
1983 1015 2229 1081 Quanam
2252 1032 2381 1071 vero
2409 1016 2621 1070 ratione
2647 1016 2971 1086 Euthymitts
3013 1016 3209 1096 horum
3252 1031 3366 1068 tro-

1818 1107 2111 1160 nachorum
2138 1109 2464 1176 pravitatem,
2501 1106 2792 1168 detexerit,
2817 1121 3115 1173 eorumque
3173 1105 3371 1158 delira-

1820 1204 1998 1250 menta
2047 1194 2322 1252 didicerit.
2356 1196 2468 1262 ipse
2512 1195 2565 1248 in
2614 1195 2718 1249 hoc
2745 1195 2929 1247 libello
2963 1195 3176 1260 longius
3199 1208 3365 1246 enar-

1821 1287 2045 1338 randum
2119 1286 2449 1354 aggreditur.
2502 1287 2678 1352 Atque
2739 1286 2827 1340 hic
2893 1286 3119 1339 adnotes
3186 1284 3368 1345 velim,

1818 1375 2189 1446 Euthymium,
2254 1383 2311 1449 ut
2355 1376 2549 1429 melius
2598 1390 2712 1428 rem
2769 1384 2936 1428 totam
2991 1380 3366 1442 cognosceret.

1819 1467 2084 1520 imitatum
2120 1466 2285 1521 fuisse
2310 1466 2556 1521 Alexittm
2596 1466 2953 1531 Comnenutn,
2990 1464 3080 1533 qui
3113 1463 3366 1516 Basilinm

1816 1558 2044 1612 comiter
2072 1559 2125 1611 in
2168 1559 2366 1626 palatio
2402 1560 2613 1629 excepit
2639 1560 2901 1613 simulans
2927 1558 3079 1611 cordi
3112 1557 3211 1609 sibi
3245 1571 3368 1610 csse

1817 1648 1931 1717 ejus
1958 1649 2209 1717 dogmata
2258 1646 2518 1711 edisvere,
2579 1656 2637 1699 ttt
2679 1647 2769 1699 ille
2803 1646 3098 1711 impietatis
3128 1658 3239 1696 sure
3274 1658 3397 1696 ve-a

1820 1756 2017 1793 nenuut
2063 1738 2427 1793 confidentius
2477 1746 2749 1791 cvomeret
2787 1738 2920 1805 (Si).
2972 1735 3142 1788 Porro
3177 1734 3367 1801 praua-

1818 1847 1985 1901 puum
2020 1832 2418 1899 Bogomilorum
2463 1831 2657 1898 dogma
2695 1838 2864 1884 totum
2920 1845 2984 1882 ex
3022 1826 3249 1879 “auctis
3274 1828 3369 1874 do—

1818 1923 1992 1976 ctrina
2018 1922 2363 1990 tlesumptutn
2392 1929 2542 1984 erat;
2576 1922 2680 1971 duo
2713 1919 2854 1971 enim
2908 1918 3197 1987 principia,
3231 1930 3367 1982 quo-

1819 2027 1936 2065 rum
1968 2000 2132 2065 unum
2168 2019 2314 2065 esset
2369 2012 2594 2071 bonum,
2649 2010 2877 2062 alterum
2911 2007 3128 2069 malum,
3162 2016 3369 2058 astrue-

1817 2102 2332 2179 hant.~Prinripiutn
2378 2103 2579 2155 malum
2628 2099 2716 2153 Dei
2756 2100 2974 2153 nomine
3014 2097 3367 2159 dcenrabaut,

1820 2211 1884 2249 ac
1905 2194 2105 2247 divinis
2138 2192 2490 2261 percolebant
2520 2191 2837 2254 honoribus,
2880 2199 2937 2241 ut
2967 2188 3018 2241 in
3055 2188 3154 2241 hoc
3189 2187 3370 2241 libello

1818 2285 1995 2340 innuit
2027 2284 2366 2355 Euthymius,
2395 2299 2458 2337 ac
2483 2282 2813 2335 luculentius
2843 2278 3073 2332 aﬂirtnat
3101 2278 3153 2329 in
3183 2263 3362 2330 Pano-

1819 2373 1924 2441 plia
1975 2372 2108 2436 ('55).
2173 2371 2262 2424 ubi
2303 2368 2480 2437 inquit
2530 2367 2838 2437 Bogomilos
2896 2365 3183 2418 dtemonem
3232 2362 3371 2417 Filio

1826 2462 1991 2516 Verbo
2060 2471 2189 2514 natu
2247 2460 2544 2523 maiorem,
2596 2462 3136 2528 prmstmttiorcmque,
3197 2464 3373 2521 utpote

1824 2552 2267 2623 Primogenitum,
2315 2551 2637 2605 credidisse.
2682 2550 2920 2620 In-urgit
2963 2552 3050 2604 hic
3106 2549 3369 2603 advetsus

1820 2642 2168 2713 Euthymium
2225 2641 2590 2694 Beattsobrius
2652 2642 2706 2695 in
2758 2657 2877 2701 sua,
2930 2657 3091 2710 quam
3144 2640 3371 2708 digesst

1821 2731 2240 2786 Manichmorum
2272 2730 2500 2784 historia
2535 2729 2671 2798 (36),
2723 2731 2992 2799 nimisque
3032 2729 3373 2797 impudenter

1820 2821 2040 2884 asserit,
2066 2834 2191 2873 eum
2221 2819 2347 2873 dolo
2374 2819 2515 2872 malo
2556 2828 2758 2872 tantam
2787 2818 3087 2889 Bogomilis
3129 2818 3376 2885 impieta-

1826 2921 1933 2969 tem
1989 2911 2265 2967 tribuisse.
2319 2908 2529 2965 Νεωξηί
2574 2911 2740 2973 enim;
2770 2919 2830 2964 ut
2883 2911 2997 2980 ipse
3039 2911 3245 2978 inquit:
3269 2909 3372 2963 erit

1821 3003 2166 3073 persuasum,
2214 3002 2582 3063 Christianam
2646 3010 2884 3064 sectam,
2932 3018 3052 3071 qua:
3110 3000 3260 3056 cruci
3320 3009 3375 3053 ct

1823 3094 2148 3160 imaginibus
2178 3107 2394 3146 omnem
2435 3093 2641 3147 cultum
2676 3104 2935 3162 prtestare
2958 3092 3237 3155 reuuehat,
3271 3090 3372 3144 Sa-

1821 3197 1999 3255 tanam
2056 3183 2235 3238 Verbo
2289 3185 2714 3252 praestantiorem
2771 3184 3086 3261 credidisse.
3145 3185 3212 3235 At
3247 3197 3375 3235 vero

1798 3278 1994 3328 'totum
2036 3272 2350 3328 Beausobrii
2378 3272 2658 3341 sophisma
2695 3273 2925 3336 corruit,
2955 3274 3001 3327 si
3032 3275 3374 3327 advertamus

1820 3364 2170 3428 Manichaeos,
2200 3378 2432 3432 quorum
2460 3378 2680 3428 germen
2714 3374 2869 3417 erant
2895 3359 3178 3434 Bogomili,
3202 3365 3374 3426 cruci,

1822 3453 2084 3517 Deiparte.
2135 3459 2189 3505 ct
2241 3450 2569 3522 imaginibus
2619 3451 2828 3506 cultum
2881 3451 3001 3505 ideo
3048 3451 3373 3522 denegasse,

1820 3544 1946 3613 quia
2002 3544 2153 3597 illum
2207 3552 2465 3612 tanquam
2511 3542 2876 3598 idololatriam
2932 3545 3098 3611 impie
3146 3560 3405 3613 resput--.

1823 3638 1969 3689 bant.
2021 3636 2233 3691 Etenim
2288 3635 2556 3704 sacrilega
2616 3636 2732 3691 haec
2780 3645 2929 3691 secta
2986 3636 3260 3689 Christum
3309 3652 3376 3689 ex

1809 3724 1986 3777 Maria
2018 3722 2237 3793 Virgine
2265 3738 2368 3777 nec
2398 3723 2566 3793 gigni,
2610 3738 2710 3778 nec
2740 3725 2890 3778 nasci
2934 3725 3179 3793 potuisse
3234 3723 3378 3776 amt-
3416 3769 3426 3783 ,

1822 3815 2021 3879 tnabat,
2064 3814 2189 3883 quia
2227 3814 2272 3868 si
2308 3829 2433 3868 vere
2453 3814 2692 3883 genitus,
2723 3824 2993 3882 natusque
3020 3814 3234 3877 fuisset,
3262 3831 3368 3868 non

1820 3904 1923 3957 nisi
1955 3919 2049 3972 per
2069 3903 2283 3957 Satanae
2314 3902 2529 3964 vincula
2565 3903 2716 3957 carni
2750 3903 2942 3973 illigari
2972 3903 3259 3972 potuisset.
3295 3903 3377 3957 Ex

1818 3992 2141 4061 quoeodem
2197 3990 2470 4059 principio
2531 3990 2847 4044 statuebant
2895 3989 3374 4059 quoque,‘Christi
3468 4001 3471 4004 '
3542 4007 3548 4020 ε

1823 4086 2051 4133 mortem
2087 4094 2194 4133 non
2227 4093 2432 4143 veram,
2484 4077 2581 4133 sed
2649 4078 2923 4141 fallacem,
2954 4087 3007 4132 et
3062 4079 3377 4141 simulatam

1825 4172 2016 4227 fuisse.
2045 4169 2205 4224 Plura
2239 4171 2378 4224 hanc
2421 4171 2474 4222 in
2526 4185 2641 4223 rem
2673 4171 2950 4238 congessit
2979 4181 3169 4224 contra
3204 4171 3379 4222 lluau-

1823 4264 2066 4317 sobrium
2112 4264 2288 4331 ipsum
2340 4262 2391 4314 in
2441 4261 2743 4329 Alphabeto
2795 4262 3063 4317 Tibetano
3102 4264 3186 4316 vir
3221 4265 3379 4331 longe

1822 4355 2173 4411 doctissimus
2213 4353 2553 4424 Augustinus
2599 4353 2873 4409 Antonius
2923 4353 3189 4424 Georgius
3237 4356 3372 4431 (57)τ

1820 4447 1897 4501 Ex
1945 4445 2030 4501 bis
2060 4455 2242 4501 autem
2305 4445 2463 4499 facile
2521 4445 2755 4515 quisque
2801 4444 3086 4514 intelligit,
3145 4438 3379 4514 pseudtia

1819 4537 2173 4592 christianum
2199 4536 2341 4588 illam
2361 4542 2565 4589 sectam
2589 4549 2689 4588 nec
2706 4531 3010 4601 Deiparam,
3034 4548 3134 4608 nec
3154 4547 3385 4587 crucem

1821 4626 2069 4681 venerari
2096 4627 2206 4680 ullo
2233 4626 2394 4680 modo
2421 4625 2701 4683 debuisse.
2748 4624 2877 4693 quia
2906 4622 3162 4678 Christus
3194 4638 3294 4676 nec
3319 4623 3388 4676 in.

1822 4718 2044 4789 Virgine
2067 4734 2289 4773 carnem
2328 4774 2329 4777 η
2366 4706 2705 4786 susceperat.
2758 4731 2859 4770 nec
2898 4717 2954 4770 in
2986 4716 3173 4770 crucis
3226 4715 3389 4784 ligno.

1803 4818 1946 4865 ‘vere
1971 4809 2200 4865 obierat.
2238 4810 2473 4889 ldipsum
2519 4809 2828 4863 sentiebant
2856 4808 3018 4861 etiam
3062 4807 3130 4859 de
3167 4808 3383 4860 sanctis

1817 4914 1941 4954 cum
1972 4901 2190 4956 Christo
2212 4900 2264 4959 in
2296 4900 2450 4955 caelis
2483 4899 2856 4971 regnantibus,
2892 4912 3030 4968 quos
3078 4897 3206 4951 item
3252 4908 3377 4951 tan-

1824 5009 1985 5063 quam
2024 4992 2433 5047 idololatrarum
2469 4993 2685 5052 inventa
2716 4990 3128 5046 aversabantur.
3171 4989 3370 5043 Contra

1824 5098 1952 5141 vero
1975 5082 2097 5152 quis
2121 5098 2227 5136 non
2257 5083 2421 5147 videt,
2446 5082 2568 5135 ideo
2599 5089 2803 5135 tantam
2834 5098 2960 5152 erga
2990 5079 3246 5135 Satanam
3280 5078 3377 5132 ba~

1822 5175 2007 5230 buisse
2028 5174 2411 5237 reverentiam,
2440 5173 2583 5243 quod
2610 5173 2656 5228 is
2687 5183 2940 5243 tanquam
2974 5172 3112 5227 Deus
3149 5171 3366 5226 habitus

1825 5269 1965 5337 apud
1997 5266 2124 5337 illos,
2145 5264 2328 5328 fuerit,
2374 5273 2638 5334 tantaque
2690 5264 2947 5334 praeditus
2995 5263 3258 5335 potentia,
3315 5275 3377 5321 ut

1895 5437 2006 5506 (55)
2030 5439 2195 5511 ΤίιιιΙ.
2224 5458 2378 5493 tum.
2408 5442 2432 5511 ᾗ
2457 5443 2509 5496 6.
2558 5454 2574 5467 ⁸

1886 5511 1994 5579 ('56)
2012 5510 2240 5564 Histoire
2271 5513 2486 5581 critique
2504 5515 2566 5570 de
2594 5512 2882 5577 Manicltt‘e,
2909 5519 3009 5567 tte.
3040 5512 3132 5578 lih,’
3150 5527 3229 5577 ιιι,
3251 5523 3384 5581 αρε

1814 5580 1869 5640 5.
1902 5579 1980 5647 §li
2010 5595 2128 5647 pag.
2169 5579 2293 5633 524.
2996 5600 2999 5603 ν
3181 5595 3187 5601 ·

1855 5620 1996 5719 ea
2010 5620 2151 5719 'iii’g.
2169 5620 2302 5703 ἒῖιῖ
2329 5650 2454 5705 eos.

3226 5768 3255 5793 ’δ-
