4090 6324
609 473 673 535 3|
1929 469 2514 536 rItOLEGOL-tsxt.
2693 539 2714 554 κ
3409 502 3422 510 -
3761 463 3835 528 32

611 591 782 645 cidem
808 590 996 645 mutuli
1027 592 1190 660 hujus
1218 593 1520 662 opificium,
1549 593 1898 662 hominisque
1935 590 2172 644 creatio-

617 697 736 735 nem
773 681 1059 738 tribuerint
1086 684 1107 736 ?
1138 683 1364 752 Negavit
1397 694 1545 740 certe
1607 685 1837 740 callidus
1900 683 2173 738 Calvinia-

617 783 738 831 nus,
793 767 1110 825 Manichacus
1163 774 1396 840 unquam
1461 775 1759 842 principem
1827 774 2172 828 tenebrarum

616 857 708 911 Dei
741 859 957 912 nomine
989 859 1304 923 honoraSse.
1363 871 1418 916 at
1479 881 1638 932 quant
1687 865 1960 919 immerito
2002 864 2052 916 id
2095 861 2175 916 fe-

618 951 772 1012 cerit,
807 949 1056 1004 laudatus
1087 951 1354 1022 Georgius
1392 955 1497 1023 (58)
1533 957 1668 1009 satis
1701 955 1942 1011 edocuit.

687 1037 778 1093 XI.
812 1039 1036 1095 Pt'teSIat
1082 1045 1242 1098 modo
1277 1047 1605 1116 pra-cipuum
1663 1048 1970 1102 Beausobrii
2016 1065 2176 1117 argn-

621 1141 858 1184 mcntum
891 1147 1180 1201 exponere,
1217 1153 1324 1204 quo
1360 1138 1551 1192 nititur
1581 1141 1976 1200 demonstrare.
2011 1141 2183 1208 liogo-

621 1221 781 1274 Iuilos
803 1221 928 1275 dtttu
961 1223 1212 1278 Satanam
1249 1226 1422 1280 Verbo
1454 1212 1581 1282 natu
1615 1233 1872 1296 majorem
1911 1231 2180 1294 dixerunt,

618 1321 765 1365 recte
805 1312 857 1365 in
895 1313 997 1368 fide
1025 1319 1280 1379 sensisse,
1331 1317 1788 1389 Euthyniumque
1848 1320 2011 1389 hujus
2059 1337 2185 1374 sen-

623 1402 810 1456 tentiae
843 1419 1062 1459 sensum
1119 1421 1182 1460 ex
1235 1409 1496 1462 industria
1540 1413 1906 1479 pervertisse,
1957 1421 2014 1464 ut
2062 1411 2186 1465 inde

621 1499 826 1545 tantam
857 1493 1117 1550 adversus
1152 1513 1248 1550 eos
1293 1502 1622 1554 calumniam
1669 1502 2022 1570 eoniingerct.
2062 1502 2189 1554 lina:

625 1599 776 1652 sunt,
805 1589 1001 1658 inquit,
1047 1593 1349 1655 sentcntiae.
1391 1611 1529 1664 quas
1582 1598 1746 1664 aliqui
1795 1606 2003 1650 veteres
2054 1595 2188 1648 scri-

627 1685 812 1749 ptores
855 1681 1104 1735 catholici
1137 1685 1308 1738 secuti
1349 1695 1518 1751 sunt;
1565 1687 1734 1754 prima
1786 1687 1996 1742 scilicet
2047 1685 2190 1754 quod

624 1767 868 1822 divinum
929 1771 1157 1824 Verbum
1210 1774 1541 1843 hypostasiut
1615 1777 1890 1845 propriam
1943 1776 2192 1828 habuerit

628 1859 864 1926 primttm
897 1873 925 1910 a
965 1864 1148 1915 mundi
1175 1867 1452 1918 creatione
1483 1904 1497 1927 ,
1543 1868 1745 1933 altera,
1785 1868 1929 1935 quod
1960 1865 2188 1920 Satanas

629 1957 684 2001 ct
729 1951 901 2018 angeli
954 1955 1202 2018 pluribus
1241 1965 1367 2009 ante
1408 1959 1664 2009 annulum
1722 1958 1882 2035 ltunc‘
1918 1957 2184 2013 visibiictn

633 2040 846 2092 smculis
879 2043 1206 2095 exstiterint.
1241 2044 1430 2120 Itaque
1467 2045 1901 2114 cntogomilis
1925 2049 2188 2116 placuerit

632 2127 941 2198 angelorum
973 2135 1298 2187 creationem
1322 2144 1445 2190 ante
1471 2138 1730 2194 mundum
1759 2131 2018 2200 statuere,
2039 2154 2191 2192 cum-

635 2235 741 2286 que
783 2219 1016 2276 Verbum
1071 2225 1311 2278 divinum
1356 2230 1411 2282 in
1462 2229 1646 2282 mundi
1691 2231 1968 2283 creatione
2019 2231 2189 2299 hypo-

639 2309 826 2364 stasim
875 2314 1142 2380 pr0priatn
1175 2314 1377 2369 habere
1403 2319 1630 2386 cmperit
1655 2357 1670 2382 ,
1713 2319 1838 2372 inde
1868 2319 2143 2372 concludit
2171 2357 2187 2382 ,

633 2398 776 2464 quod
808 2399 923 2452 sine
955 2403 1141 2455 lueresi
1179 2401 1214 2455 ii
1251 2404 1521 2458 afﬁrmare
1573 2416 1902 2473 potuerunt,
1935 2392 2189 2460 satanam

640 2486 811 2542 Verbo
862 2501 988 2544 natu
1030 2491 1290 2560 majorem
1327 2481 1467 2548 esse.
1517 2495 1635 2550 Hoc
1669 2505 1848 2550 tamen
1894 2498 2192 2552 Calviuiaui

637 2578 872 2632 hontinis
911 2579 1360 2648 deliramentum,
1396 2585 1540 2653 quod
1595 2587 1767 2654 prima
1830 2587 2005 2642 fronte
2054 2587 2190 2640 sim-

638 2669 954 2736 plicioribus
981 2672 1213 2726 fortasse
1244 2683 1425 2742 posset
1464 2674 1647 2730 fucum
1682 2676 1855 2732 facere
1883 2717 1896 2740 ,
1947 2679 1988 2732 si
2033 2677 2195 2747 paqu

639 2763 1056 2830 perpendamus.
1089 2764 1290 2819 nullius
1329 2781 1556 2834 prorsus
1595 2781 1678 2822 est
1717 2769 1947 2822 roboris.
1985 2771 2196 2839 Atque,

641 2858 699 2902 ut
727 2851 795 2905 ab
819 2867 884 2904 eo
917 2855 1188 2918 exordiar,
1227 2855 1370 2923 quod
1401 2857 1608 2927 absque
1638 2859 1744 2912 ulla
1793 2860 2071 2928 religionis
2111 2859 2198 2913 in-

639 2946 785 3013 juria
820 2947 1075 3002 aflirtuari
1110 2959 1314 3018 posset,
1347 2954 1569 3020 angelos
1596 2969 1788 3022 nempe
1805 2955 2053 3023 pluribus
2077 2966 2201 3009 ante

644 3037 900 3089 mundum
934 3038 1076 3092 hunc
1111 3039 1375 3093 visibilem
1406 3043 1617 3096 saeculis
1659 3043 1830 3098 fuisse
1866 3055 2079 3098 creatos
2103 3085 2116 3107 ,
2150 3043 2199 3096 ei

645 3129 788 3180 ultro
821 3129 1138 3184 concedam.
1168 3131 1323 3196 Quod
1359 3148 1484 3186 vero
1519 3134 1583 3186 ad
1618 3135 1843 3188 alteram
1871 3136 2198 3189 sententiam

645 3222 860 3286 attinet,
897 3238 1058 3292 quam
1091 3239 1188 3291 pro
1217 3227 1490 3280 catholica
1521 3227 1860 3282 confidenter
1909 3227 2154 3281 obtrudit
2187 3266 2202 3292 ,

647 3312 941 3365 notandum
973 3323 1054 3366 est
1093 3329 1188 3382 per
1223 3323 1434 3370 veteres
1467 3315 1588 3371 illos
1637 3317 1932 3385 scriptores
1978 3316 2208 3371 catholi-

648 3417 745 3457 cos
801 3402 1090 3457 Tatianum
1150 3407 1488 3475 potissiomm
1535 3415 1588 3461 et
1625 3407 2020 3478 Athenagoram
2060 3405 2208 3462 desi-

649 3510 814 3562 gnare
861 3497 1100 3552 voluisse
1128 3538 1143 3562 ,
1188 3499 1344 3568 quasi
1401 3513 1588 3552 eorum
1650 3498 1816 3554 fuerit
1865 3497 2050 3568 opinio
2082 3539 2096 3564 ,
2149 3508 2210 3553 ut

649 3587 881 3642 credidit
905 3590 1070 3642 etiam
1103 3587 1358 3645 Petavius
1391 3589 1525 3660 (39),
1557 3588 1789 3644 Verbum
1817 3590 2065 3644 divinum
2095 3605 2204 3643 nou

651 3691 775 3736 ante
804 3682 987 3735 nmndi
1018 3683 1350 3738 creationem
1395 3685 1668 3754 propriam
1695 3684 2052 3756 hypostasim
2110 3684 2208 3738 ba-

641 3776 856 3848 .bnisse.
888 3776 996 3836 At.
1027 3775 1154 3830 licet
1201 3776 1490 3831 obscurius
1537 3785 1747 3831 veteres
1796 3777 1848 3830 hi
1907 3775 2097 3831 Patres
2146 3775 2215 3830 de

657 3864 814 3920 Verbi
841 3869 1186 3935 generatione
1209 3868 1374 3922 locuti
1391 3867 1521 3930 sint,
1544 3883 1822 3936 nunquam
1843 3876 2022 3924 tamen
2053 3869 2217 3936 quid-

653 3973 816 4026 quam
846 3957 1096 4011 dixerunt
1126 3995 1142 4018 ,
1171 3957 1316 4026 quod
1344 3957 1462 4025 ejus
1490 3957 1760 4012 divinitati
1789 3997 1805 4023 ,
1844 3957 2130 4023 aeternitati
2164 3967 2218 4012 et

659 4047 1032 4117 personalitati
1089 4050 1261 4117 possit
1307 4047 1543 4104 otlicere.
1595 4050 1675 4104 Ac
1715 4064 1901 4104 revera
1951 4046 2095 4119 Quod
2151 4028 2218 4102 ad

657 4136 943 4192 Tatianum
979 4138 1230 4206 pertinet,
1262 4139 1338 4192 ait
1365 4154 1518 4200 sane,
1570 4138 1624 4192 in
1675 4139 1944 4210 principio
1981 4137 2218 4194 Verbum

661 4229 828 4284 fuisse
860 4227 914 4282 in
943 4228 1100 4282 Patre
1125 4268 1141 4295 ,
1173 4228 1362 4299 utique
1391 4241 1447 4284 ut
1496 4231 1550 4282 in
1584 4244 1814 4298 persona
1853 4229 2222 4284 consubstan-

661 4323 798 4388 tiali,
829 4337 951 4376 cum
979 4336 1088 4390 quo
1113 4323 1294 4378 omnia
1325 4321 1708 4387 sustentabat;
1737 4321 1939 4392 quibus
1963 4321 2016 4374 in
2043 4321 2224 4374 verbis

664 4415 954 4469 manifesto
975 4412 1091 4482 ejus
1109 4414 1444 4469 divinitatem
1468 4422 1630 4483 atque
1651 4415 2012 4468 aeternitatem
2039 4421 2230 4466 osten-

663 4507 758 4560 dit.
792 4503 926 4558 Dum
961 4517 1090 4558 vero
1119 4503 1268 4557 addit
1293 4540 1306 4564 ,
1336 4501 1480 4572 quod
1513 4503 1746 4556 Verbum
1787 4517 1853 4556 ex
1901 4501 2062 4555 Patre
2105 4517 2229 4571 pro-

663 4596 826 4650 dierit
849 4595 1065 4665 quando
1120 4596 1186 4648 ad
1239 4594 1426 4648 mundi
1477 4593 1812 4647 creationem
1861 4605 2225 4661 progressum

663 4700 771 4754 est,
802 4689 1074 4758 intelligit,
1114 4688 1257 4758 quod
1296 4687 1436 4744 Deus
1467 4702 1562 4757 per
1594 4686 1791 4741 Filium
1843 4688 2101 4741 omnibus
2131 4703 2230 4756 pa-

668 4783 838 4840 ternis
867 4783 1004 4837 ideis
1021 4782 1364 4848 etﬁattributis
1390 4783 1718 4835 instructum
1740 4781 1919 4834 omnia
1942 4781 2228 4834 creaverit.

669 4877 750 4929 Ac
775 4873 1027 4942 quamvis
1063 4872 1205 4925 inter
1249 4871 1408 4925 Verbi
1459 4871 1894 4940 progressionem
1943 4885 2232 4938 rerumque

668 4965 998 5020 creationem
1027 4963 1390 5016 necessariam
1417 4970 1580 5030 ponat
1608 4960 2024 5022 connexiouem,
2049 4970 2228 5014 tanton

667 5055 820 5119 iuxta
844 5053 1092 5108 eumdem
1125 5051 1414 5132 Tatianum
1474 5051 1545 5104 ita
1601 5050 1834 5124 Verbum
1881 5066 1910 5104 a
1959 5050 2118 5104 Patre
2177 5051 2231 5102 in

671 5161 849 5200 rerum
873 5145 1150 5199 creatione
1172 5157 1516 5212 progressum
1539 5151 1647 5205 est,
1670 5151 1730 5194 ttt
1751 5141 1817 5195 ab
1839 5156 1902 5194 eo
1925 5141 2230 5196 abscissum

672 5245 727 5289 ct
747 5243 1054 5304 separatum
1079 5249 1186 5287 non
1217 5234 1401 5296 fuerit,
1433 5233 1560 5302 quia
1586 5233 1628 5287 si
1655 5225 1960 5287 abscissum
2015 5231 2231 5296 fuisset,

675 5328 830 5381 Pater
854 5328 1044 5395 ἄλογος
1079 5326 1239 5381 foret.
1282 5326 1471 5396 Itaque
1505 5325 1645 5380 falso
1683 5326 1906 5379 omnino
1947 5325 2233 5387 asscritur.

676 5418 962 5471 Tatianum
996 5418 1262 5483 sensisse,
1307 5417 1551 5471 divinum
1604 5413 1856 5469 Verbum“
1901 5417 2234 5486 hypostasitn

681 5512 949 5578 propriam
977 5509 1233 5565 habuisse
1290 5509 1344 5563 in
1387 5507 1574 5562 mundi
1629 5508 1951 5562 creatione:
2003 5523 2125 5562 nam
2185 5507 2235 5560 id

749 5735 866 5802 ,(⁸58)
897 5733 1130 5787 Histoire
1154 5731 1374 5799 critique
1399 5730 1462 5784 de
1485 5729 1757 5802 Manichée
1782 5728 1879 5784 lib.
1905 5743 1985 5794 ιιι,
2013 5740 2131 5797 pag.
2159 5725 2247 5780 εδ.

757 5799 867 5868 (sui
903 5803 969 5856 ne
1011 5803 1205 5854 Triuit.
1241 5802 1333 5856 Iit).
1363 5817 1401 5869 t,
1440 5799 1646 5869 cap-'5.
1948 5805 1952 5812 '

762 5876 872 5943 Udi)
907 5876 1108 5936 Qttzt'st.
1153 5873 1239 5925 (i3.

2278 598 2488 644 tantum
2525 589 2725 644 asttttit
2749 631 2764 656 ,
2799 587 3036 644 Verbum
3067 585 3220 644 illud.
3253 587 3394 653 quod
3430 582 3498 636 ab
3528 596 3731 634 anet-uo
3781 583 3834 632 in

2277 682 2435 737 Patre
2467 677 2648 736 omnia
2677 682 3022 738 sustentabat
3051 723 3065 744 ,
3107 686 3219 730 tum
3254 677 3308 730 iu
3344 691 3524 732 rerum
3560 673 3838 727 creatione

2276 791 2340 828 ex
2374 773 2532 828 Patre
2556 773 2846 843 prodiisse,
2872 771 2997 840 quia
3021 771 3199 824 omnia
3225 768 3504 836 peripsum
3530 764 3668 818 facta
3687 775 3837 816 sunt.

2281 847 2493 918 Eadem
2513 864 2623 918 fere
2659 869 2869 917 ratione
2895 863 3270 926 Athenagoras
3319 869 3534 926 quoque
3580 859 3644 909 de
3679 853 3841 906 Verbi

2280 955 2564 1009 divinitate
2614 954 2888 1008 disseruit.
2929 952 3068 1005 Dicit
3112 950 3254 1003 enim
3295 946 3438 1016 quod
3491 944 3668 1008 Deus,
3718 955 3843 994 cum

2283 1048 2350 1100 sit
2381 1061 2530 1100 mens
2563 1053 2787 1110 atterna,
2819 1041 3006 1097 habuit
3039 1043 3103 1094 ab
3129 1049 3334 1094 attento
3374 1037 3428 1090 in
3483 1035 3666 1103 seipso
3709 1031 3845 1085 Ver-

2285 1139 2435 1200 bum,
2479 1144 2664 1205 utpote
2705 1135 2771 1188 ab
2812 1141 3017 1186 :etcrno
3067 1129 3390 1182 rationalis:
3439 1132 3495 1180 et
3541 1122 3685 1191 quod
3739 1122 3844 1174 hoc

2285 1228 2518 1283 Verbum
2556 1227 2847 1296 prodierit,
2905 1236 2962 1277 ιιι
3003 1223 3246 1277 omnium
3294 1227 3605 1272 creatarum
3661 1229 3846 1268 rerum

2287 1316 2428 1376 idea,
2461 1325 2514 1368 et
2543 1313 2788 1382 Operatio
2817 1312 3126 1365 exsisteret.
3151 1310 3377 1363 Constat
3402 1315 3582 1358 autem
3613 1303 3854 1358 voluisse

2288 1407 2685 1472 Athenagoram
2721 1405 2870 1471 hisce
2902 1403 2954 1454 in
3009 1401 3185 1454 verbis
3227 1401 3330 1452 hoc
3375 1396 3548 1452 solum
3593 1395 3789 1456 docere
3834 1433 3852 1456 ,

2291 1515 2386 1567 per
2431 1497 2665 1553 Verbum
2717 1510 2804 1549 res
2861 1478 3053 1547 inanes
3103 1499 3314 1546 creatas
3367 1504 3530 1552 esse,
3592 1488 3854 1556 quoniam

2291 1591 2460 1644 Filius
2487 1590 2668 1658 aliquo
2700 1587 2860 1640 modo
2907 1585 3012 1640 dici
3043 1591 3220 1652 potest
3271 1581 3363 1635 Dei
3416 1579 3555 1635 ratio
3587 1617 3602 1641 .
3656 1593 3809 1632 mens
3838 1615 3856 1640 ,

2293 1683 2554 1752 sapientia
2581 1721 2597 1744 ,
2626 1689 2676 1736 et
2709 1681 2987 1750 operativa
3044 1675 3282 1746 potentia
3307 1713 3322 1736 ,
3356 1689 3479 1742 quat
3527 1673 3758 1742 primum
3796 1669 3855 1722 in
3932 1717 3938 1722 .

2297 1788 2474 1827 rerum
2505 1774 2780 1824 creatione
2816 1769 3055 1824 exterius
3091 1766 3311 1836 prodiit.
3342 1765 3488 1818 lianc
3525 1762 3854 1818 sententiam

2295 1863 2543 1931 probarit
2567 1877 2790 1928 quoque
2823 1859 2879 1914 S.
2911 1860 3273 1928 Augustinus.
3299 1855 3391 1909 ubi
3443 1853 3574 1906 illml
3619 1850 3858 1906 Joannis

2299 1954 2360 2008 In
2385 1954 2639 2020 priuciaio
2673 1964 2785 2006 erat
2829 1951 3050 2006 Verbum
3079 1963 3387 2017 exponens:
3419 1945 3531 1998 Hoc
3564 1945 3676 1997 loco
3705 1984 3719 2006 ,
3773 1943 3860 1994 in—

2297 2048 2412 2114 quit
2441 2046 2575 2113 (40).
2607 2045 2796 2098 melius
2835 2042 3055 2096 Verbum
3081 2041 3487 2107 interpretamur
3511 2077 3524 2098 ,
3561 2035 3858 2103 ut.siguiﬁ-

2295 2150 2440 2190 cctur
2467 2153 2564 2189 non
2600 2135 2770 2190 solum
2802 2133 2884 2187 ad~
2899 2133 3113 2186 Patrem
3147 2140 3407 2197 respectus
3433 2168 3449 2192 ,
3505 2129 3593 2182 sed
3647 2128 3716 2180 ad
3763 2127 3862 2179 illa

2300 2230 2474 2281 etiam.
2499 2243 2613 2295 qua:
2631 2243 2718 2291 per
2747 2225 2966 2279 Verbum
2989 2226 3132 2296 facta
3156 2232 3300 2287 sunt,
3319 2221 3582 2289 operation
3605 2219 3862 2286 potentia.

2307 2319 2506 2374 Habuit
2551 2333 2680 2385 ergo
2725 2317 2954 2370 Verbum
3010 2316 3278 2384 propriam
3315 2323 3381 2366 ac‘
3419 2311 3727 2365 distinctam
3763 2309 3864 2377 by-

2305 2412 2561 2482 postasim
2607 2411 2674 2464 ab
2713 2418 2915 2462 aeterno
2965 2409 3091 2461 dum
3152 2405 3330 2457 omnia
3379 2418 3502 2455 cum
3555 2401 3712 2454 Patre
3763 2414 3864 2454 su-

2303 2503 2591 2564 slcntabat,
2635 2500 2728 2554 sed
2759 2493 2823 2552 in
2855 2513 3034 2551 rermn
3067 2496 3340 2550 creatione
3369 2494 3540 2562 patuit
3593 2490 3866 2557 quodam-

2305 2595 2483 2657 modo,
2525 2592 2648 2662 quia
2679 2591 2858 2644 omnia
2889 2603 2983 2657 per
3015 2585 3246 2640 Verbum
3283 2584 3419 2638 facta
3453 2592 3598 2637 sunt.
3625 2581 3703 2634 Ad
3727 2581 3863 2639 lure,

2313 2694 2372 2740 ιιι
2407 2685 2576 2754 magis
2597 2684 2805 2736 eluceat
2833 2679 3016 2734 infelix
3050 2675 3364 2732 Beausobrii
3397 2670 3662 2734 vafritics,
3689 2669 3867 2721 anim-

2307 2779 2584 2830 advertere
2631 2773 2805 2844 juvat,
2839 2773 2981 2844 quo'l
3031 2771 3190 2825 etiam
3231 2767 3472 2836 admisso
3519 2765 3621 2818 hoc
3658 2775 3870 2821 errore,

2309 2867 2540 2921 Verbum
2577 2863 2847 2933 prepriam
2876 2861 3134 2915 habuisse
3165 2856 3498 2926 hypostasitn
3554 2870 3617 2906 ett
3675 2865 3861 2904 rerum

2309 2957 2602 3020 creatione,
2643 2970 2852 3010 necnon
2881 2953 2970 3006 illa
2999 2951 3269 3006 sententia
3301 2947 3522 3016 angelos
3551 2954 3676 2999 aute
3701 2936 3873 2996 mun-

2311 3049 2438 3102 dum
2462 3056 2674 3102 creatos
2691 3061 2830 3108 esse,
2863 3044 3173 3098 nullatenus
3202 3034 3868 3107 sequereturanteriorem

2309 3138 2475 3194 fuisse
2504 3139 2631 3192 huic
2658 3136 2934 3208 ltypostasi
2969 3133 3267 3196 Satanam;
3310 3139 3440 3183 tunc
3471 3127 3610 3180 enim
3631 3124 3874 3178 Verbum

2305 3248 2413 3288 non
2445 3233 2500 3286 in
2533 3230 2740 3293 mundi,
2773 3229 2866 3282 sed
2919 3229 2972 3279 in
3019 3225 3334 3290 angelorum
3376 3219 3656 3274 creatione
3699 3215 3876 3285 hype-

2309 3325 2495 3381 stasim
2523 3323 2825 3384 habuisset,
2856 3319 2979 3387 quia
3002 3324 3132 3370 tunc
3153 3309 3302 3370 exira
3321 3306 3528 3366 Patrem
3549 3307 3869 3380 prodiisset:

2311 3431 2373 3469 ac
2429 3415 2653 3483 proinde
2711 3425 2924 3478 settiper
2989 3407 3144 3462 Verbi
3208 3403 3516 3474 hypostasis
3548 3401 3863 3470 angelorum

2311 3509 2638 3562 creationem
2675 3500 3059 3570 przeeessisset.

2383 3597 2496 3652 XII.
2532 3597 2738 3651 C:etera
2771 3587 3113 3661 liogomilica:
3141 3595 3302 3641 sectae
3357 3583 3552 3652 placita
3608 3587 3887 3634 memorat.

2315 3693 2370 3746 in
2397 3693 2501 3746 hoc
2527 3689 2708 3742 libello
2741 3683 3088 3753 Euthymius,
3129 3693 3306 3748 neque
3331 3685 3414 3732 est
3463 3689 3601 3744 opus
3649 3673 3715 3728 de
3762 3673 3886 3728 sin-

2316 3782 2455 3851 gulis
2482 3781 2767 3834 dissererc.
2805 3773 3072 3828 Fortassis
3105 3768 3401 3823 distinctim
3439 3766 3527 3818 illa
3559 3763 3888 3832 Eutltymius

2319 3873 2668 3935 relutaverat,
2703 3868 2795 3922 sed
2838 3868 2890 3919 in
2929 3863 3118 3918 codice
3145 3854 3416 3914 Vaticano
3456 3856 3630 3911 soluat
3678 3870 3884 3922 supcr-

2321 3972 2450 4017 sunt
2487 3969 2800 4030 argumenta
2829 3999 2843 4019 ,
2883 3953 3082 4024 quibus
3122 3959 3277 4020 urget
3333 3945 3637 4016 liogomilos
3683 3944 3735 3995 in
3770 3958 3840 3994 eo
3872 3983 3890 4005 ,

2320 4053 2463 4125 quod
2496 4051 2728 4123 pertinet
2783 4048 2850 4102 ad
2909 4052 3246 4098 mortuorum
3299 4035 3768 4092 resurrectionem.
3814 4030 3893 4087 Ut

2275 4205 2293 4222 κ
2316 4156 2500 4210 autem
2535 4158 2653 4198 eam
2682 4145 2828 4194 cet-te
2863 4138 3098 4192 futuram
3129 4133 3362 4204 probet,
3395 4128 3620 4198 opponit
3650 4127 3892 4194 primum

2325 4236 2576 4293 lueretieo
2601 4232 2722 4287 fidei
2765 4229 2994 4286 Nicaeum
3023 4224 3330 4296 symbolum
3378 4223 3744 4279 trecentorum
3784 4213 3894 4270 de-

2327 4344 2442 4384 cem
2475 4334 2528 4382 ct
2571 4334 2694 4378 octo
2725 4323 2945 4377 Patrum
2981 4316 3305 4373 auctoritate
3339 4312 3610 4366 ﬁrmatum
3641 4325 3658 4374 ;
3689 4305 3898 4360 deinde

2326 4434 2460 4475 vero
2491 4415 2780 4472 concilium
2809 4411 3278 4467 Chalcedonense,
3307 4403 3466 4473 cujus
3497 4397 3806 4456 auctoritati
3833 4405 3899 4450 ut

2330 4508 2498 4578 magis
2535 4508 2690 4560 tidem
2741 4501 3030 4561 conciliet.
3078 4495 3402 4554 miraculum
3453 4490 3726 4561 quoddam
3786 4486 3896 4541 de-
3943 4532 3947 4535 .

2329 4596 2564 4652 scribita
2585 4593 2691 4646 Deo
2707 4598 2974 4661 patratum
3002 4599 3094 4654 per
3118 4584 3174 4635 S.
3201 4578 3550 4649 Euphemiam
3576 4582 3872 4640 martyrem

2332 4687 2386 4741 in
2413 4685 2574 4753 cujus
2606 4681 2830 4737 basilica
2871 4679 3034 4746 hujus
3067 4672 3284 4728 concilii
3321 4671 3509 4724 Patres
3543 4665 3610 4718 ab
3660 4665 3868 4730 impera

2333 4791 2448 4835 tore
2474 4777 2750 4832 Marciano
2784 4771 3098 4840 congregati
3127 4767 3369 4820 fuerunt.
3398 4759 3720 4828 Complures
3751 4757 3863 4811 seri

2334 4881 2514 4942 ptores
2539 4868 2785 4939 ejusdem
2827 4859 3077 4917 miraculi
3111 4855 3428 4915 meminere,
3469 4849 3562 4904 sed
3586 4850 3676 4902 alii
3723 4848 3866 4916 ipsiu

2332 4937 2546 5019 concilii
2569 4937 2830 5025 tempore,
2864 4953 2952 5006 alii
2983 4949 3232 5004 absoluto
3261 4946 3479 4998 demum
3501 4941 3733 4995 concilio
3765 4937 3902 4991 illuz‘.

2333 5055 2580 5109 evenisse
2619 5055 2861 5101 narrant.
2920 5040 3285 5096 Posteriorem
3341 5033 3664 5089 sententiam
3725 5030 3902 5083 secuti

2335 5153 2464 5200 sunt
2498 5139 2725 5198 Michael
2756 5130 3078 5206 UlycasUt)
3099 5142 3162 5181 ac
3187 5125 3431 5180 Zonaras
3461 5121 3572 5193 (42)
3601 5138 3615 5173 :
3651 5117 3853 5173 scriqu
3881 5126 3906 5170 t

2343 5238 2486 5292 enim
2532 5233 2696 5302 ,quod
2761 5242 2883 5280 cum
2933 5218 3191 5290 Eutycltis
3245 5212 3596 5279 Dioscorique
3658 5207 3907 5262 fautores

2339 5325 2555 5378 decreta
2571 5298 2806 5373 iconcilii
2829 5312 3252 5370 subsannareut,
3277 5305 3500 5373 ejusque
3517 5298 3903 5353 auctoritatem

2340 5430 2447 5469 non
2476 5411 2721 5469 veritate,
2747 5405 2841 5459 scd
2877 5399 3116 5471 potentia
3138 5392 3483 5466 imperatoris
3503 5391 3598 5459 niti
3630 5388 3924 5446 dicereut,,

2343 5519 2504 5576 atque
2529 5503 2600 5556 ita
2625 5498 2946 5571 pravitatem
2977 5489 3256 5547 sententiae
3279 5501 3392 5543 suae
3443 5483 3688 5540 stabilire
3732 5491 3904 5533 cona-

2431 5723 2540 5789 (M)
2569 5717 2762 5775 Annal.
2799 5716 2922 5789 Par.
2952 5729 3026 5775 tv,
3061 5724 3180 5778 pag.

2426 5779 2534 5862 (te)
2567 5789 2759 5844 Annal.
2793 5787 2884 5840 lib.
2920 5797 3038 5848 κιιι,
3072 5795 3188 5848 cap.
3215 5779 3304 5830 es.
