4090 6324
220 417 293 477 33
1543 412 2131 499 rnoraoortznxa,
3373 418 3443 481 3/,

216 541 426 596 rentur,
466 530 1107 602 Anatoliuspatriarcha,
1141 533 1464 589 adversariis
1512 546 1777 587 convoca-

215 635 333 685 tis,
383 623 663 693 proposuit
704 633 763 676 ut
817 638 1157 694 unaquaeque
1210 639 1337 693 pars
1395 624 1625 693 propria:
1659 622 1778 676 fidei

215 715 527 783 symbolum
572 714 748 767 libella
800 715 1123 769 inscriberet
1146 756 1160 779 ,
1190 726 1243 769 ct
1276 716 1328 769 iu
1359 717 1537 769 loculo
1572 714 1629 768 8.
1672 715 1779 766 Eu-

214 806 450 871 p'aemia:
483 815 706 874 uterque
741 807 954 860 libellus
986 809 1383 874 deponeretur,
1435 815 1494 861 ut
1542 805 1776 876 gloriosa

213 898 333 949 tunc
366 904 571 966 martyr
599 896 665 951 de
693 898 917 952 veritate
948 908 1104 951 rectm
1137 896 1257 951 fidei
1291 897 1557 963 judicium
1615 896 1780 950 ferret

214 1002 278 1037 ac
336 988 727 1042 testimonium.
799 987 909 1041 lloc
959 998 1138 1042 autem
1200 989 1487 1042 consilium
1548 1003 1669 1040 eum
1726 997 1779 1041 et

217 1078 494 1131 Ιτεετριὶςίε
532 1079 869 1145 placuisset,
911 1088 1119 1132 remoto
1149 1070 1381 1147 lapide.~
1424 1078 1514 1146 qui
1548 1077 1777 1130 loculum

212 1169 527 1229 clatidehat,
549 1170 658 1222 duo
685 1169 847 1223 libelli
887 1185 1048 1239 supra
1080 1180 1280 1224 sancta:
1310 1169 1565 1238 martyris
1594 1178 1782 1237 peetus

213 1261 384 1325 positi
415 1268 581 1321 sunt,
631 1268 683 1313 et
712 1259 908 1313 deinde
959 1262 1167 1314 loculus
1210 1276 1314 1313 non
1368 1260 1527 1314 modo
1586 1261 1779 1313 iterum

211 1355 465 1416 clausus,
494 1352 585 1406 sed
610 1353 772 1407 etiam
809 1353 1092 1420 utriusque
1120 1353 1290 1421 partis
1322 1352 1514 1420 sigillis
1537 1352 1779 1406 munitus

206 1450 257 1493 et
316 1440 656 1507 obsignatus.
711 1442 839 1495 Post
891 1442 1128 1495 triduum
1180 1458 1300 1496 cmn
1350 1444 1777 1509 convenissent,

207 1530 543 1598 imperatore
570 1530 732 1583 etiam
767 1540 1068 1599 prmsente,
1110 1540 1297 1599 aperto
1341 1533 1520 1587 loculo
1548 1574 1562 1597 ,
1604 1535 1777 1588 luere-

207 1625 447 1676 ticorum
478 1624 687 1677 libellus
718 1625 780 1677 ad
828 1626 990 1693 pedes
1021 1628 1277 1695 martyris
1310 1627 1617 1694 projectus.
1644 1628 1781 1679 alter

207 1730 342 1767 \ero
370 1715 422 1769 in
457 1731 617 1768 manu
648 1717 766 1783 ejus
798 1716 985 1771 dextra
1021 1719 1273 1771 inventus
1323 1727 1426 1773 est.
1476 1717 1670 1772 Verum
1709 1735 1774 1773 ne

212 1805 348 1857 huic
404 1805 625 1860 Zonara:
666 1807 950 1881 Glycreqpe
988 1810 1287 1863 narrationi
1337 1808 1584 1877 protinus
1621 1808 1776 1861 fidem

207 1907 456 1951 nostram
490 1909 808 1964 prazstemus
840 1900 1091 1968 prohibet
1122 1899 1333 1964 Evagrii
1366 1940 1381 1962 ,
1415 1899 1776 1968 aliorumque,

208 1988 306 2054 qui
333 1988 403 2041 de
430 1991 664 2043 concilio
695 1989 1122 2045 Chalcedonensi
1153 1990 1441 2059 scripsere.
1467 1990 1736 2043 silentium
1759 2008 1775 2057 ;

207 2092 337 2129 cum
372 2079 548 2132 minus
571 2094 651 2132 cet
667 2087 719 2133 te
745 2080 1023 2148 probabile
1050 2078 1298 2133 videatur
1324 2093 1435 2133 rem
1454 2078 1588 2134 adeo
1617 2080 1778 2130 mira-

208 2167 378 2221 bilem
411 2209 425 2232 ,
461 2183 521 2223 ac
562 2170 939 2224 recordatione
972 2171 1344 2236 dignissimam
1394 2177 1504 2222 tmn
1561 2168 1775 2223 demum

212 2269 290 2312 tot
346 2275 379 2313 a
412 2261 644 2315 concilio
686 2263 889 2331 elapsis
920 2260 1134 2315 smculis
1165 2260 1395 2327 primum
1450 2261 1773 2314 innotuisse.

209 2352 277 2402 At
340 2367 469 2404 vero
525 2352 694 2421 magis
729 2352 917 2420 procul
965 2350 1134 2405 dubio
1174 2366 1205 2403 a
1252 2352 1475 2405 veritate
1522 2351 1778 2405 abhorret

210 2439 485 2494 Theodori
538 2443 681 2495 Besti
709 2483 724 2507 ,
779 2453 833 2496 et
889 2441 1234 2496 Constantini
1277 2440 1364 2496 Tii
1393 2442 1632 2512 episcopi
1665 2444 1776 2514 (45)

208 2532 424 2598 opinio,
453 2549 616 2599 quam
648 2532 969 2602 Euth’ymius
998 2547 1214 2601 quoque
1246 2531 1527 2601 amplexus
1555 2540 1659 2594 est,
1685 2534 1774 2601 qui

211 2622 316 2675 hoc
358 2623 679 2676 miraculum
719 2624 894 2693 ipsius
938 2625 1155 2679 concilii
1205 2631 1449 2695 tempore
1496 2632 1773 2691 operatum

210 2711 391 2766 fuisse
463 2713 749 2767 adirmaut.
802 2713 871 2768 Ut
925 2713 1068 2768 enim
1123 2714 1339 2781 egregie
1400 2712 1776 2768 animadvertit

210 2799 491 2857 Baronius
515 2803 651 2872 (44),
684 2805 729 2858 si
758 2804 860 2858 hoc
888 2804 1009 2858 fidei
1036 2804 1465 2872 experimenwm
1497 2806 1774 2866 a,concilii

207 2889 475 2948 Patribus
501 2903 763 2948 tentatum
797 2894 1008 2960 inisset,
1037 2908 1168 2949 sane
1189 2902 1309 2949 acta
1340 2904 1468 2949 tunc
1492 2895 1776 2964 diligenter
1804 2910 1811 2914 ·

209 2982 527 3052 conscripta
553 2991 761 3039 tantum
792 2985 894 3039 hoc
927 2986 1249 3040 miraculum
1311 2987 1458 3040 nullo
1497 2988 1657 3039 modo
1684 2986 1773 3040 si-

210 3072 475 3128 luisseut.
501 3074 721 3130 Accedit
747 3076 988 3143 insuper,
1023 3076 1164 3143 quod
1193 3090 1470 3145 nunquam
1504 3076 1691 3131 Patres
1722 3078 1775 3129 in

213 3166 576 3220 mettlncnicis
604 3166 852 3221 conciliis
899 3182 964 3219 cx
994 3168 1272 3223 miraculis
1319 3167 1647 3237 qumsierunt
1680 3169 1780 3223 do-

211 3267 461 3326 guratum
492 3258 794 3321 veritatem,
825 3273 987 3326 quam
1025 3274 1087 3312 ex
1115 3259 1315 3314 divinis
1347 3260 1607 3327 imprimis
1631 3259 1778 3313 Scri-

214 3358 332 3415 ptm
349 3346 419 3413 is,
437 3356 490 3401 et
511 3346 743 3413 antiquis
765 3347 1021 3402 Ecclesia:
1050 3348 1452 3412 traditionibus,
1473 3364 1535 3402 ac
1558 3348 1774 3403 demum

213 3452 278 3489 ex
316 3443 633 3490 sanctorum
669 3434 891 3489 Patrum
923 3437 1319 3491 assertionibus
1346 3453 1612 3506 quaerere,
1652 3454 1777 3506 pro-

215 3545 463 3596 ponere,
496 3530 755 3584 allirmare
782 3571 813 3603 ,Α
856 3539 1018 3599 atque
1067 3530 1313 3585 stabilire
1360 3542 1775 3585 consueverunt.

215 3617 563 3688 Quapropter
602 3620 830 3673 eruditis
880 3619 1012 3673 viris
1048 3619 1278 3673 libenter
1320 3620 1590 3674 assentior
1615 3659 1630 3685 ,
1684 3621 1776 3690 qui

214 3707 425 3777 opinati
457 3715 583 3761 sunt
635 3708 736 3762 hoc
768 3709 1090 3762 miraculum
1126 3708 1517 3777 posterioribus
1566 3712 1780 3764 saeculis

215 3799 393 3852 fuisse
422 3799 644 3852 nomine
675 3800 963 3852 coulictum
994 3838 1009 3864 ,
1044 3800 1296 3869 piamque
1344 3800 1482 3851 hanc
1530 3798 1777 3855 fabellam

215 3905 280 3943 cx
311 3889 451 3957 ipsis
474 3888 693 3942 concilii
756 3888 891 3943 actis
923 3904 1031 3943 non
1069 3890 1204 3943 bene
1234 3888 1523 3943 intellectis
1572 3889 1777 3958 proﬂu-

218 3978 387 4033 xisse.
438 3978 624 4034 Patres
670 3994 903 4048 namque
958 3979 1472 4044 Chalcedonenscs,
1533 3980 1780 4035 absoluto

219 4071 478 4132 concilio,
517 4077 572 4121 ut
598 4069 942 4123 ostenderent
986 4070 1170 4122 omnia
1200 4110 1214 4130 ,
1264 4085 1391 4145 qua;
1440 4069 1492 4122 in
1547 4071 1779 4124 concilio

220 4160 454 4213 feliciter
499 4170 648 4230 gesta
687 4163 898 4214 t'ueraut
925 4199 940 4224 ,
973 4161 1278 4227 patrocinio
1332 4169 1386 4213 et
1423 4160 1688 4229 auspiciis
1720 4160 1777 4213 8.

219 4250 535 4315 t-Juphemite
569 4264 688 4304 esse
720 4248 1024 4312 referenda,
1051 4250 1125 4301 ita
1154 4248 1206 4300 in
1241 4248 1434 4302 litteris
1457 4247 1521 4300 ad
1549 4246 1607 4300 8.
1634 4246 1771 4301 Leo-

224 4356 348 4394 nem
386 4340 693 4407 pontificem
745 4339 886 4392 datis
929 4340 1223 4408 loquuntur
1279 4337 1390 4405 (45)
1419 4353 1434 4390 :
1464 4338 1605 4391 Dens
1638 4340 1774 4391 enim

218 4440 335 4485 erat
368 4430 459 4500 qni
493 4431 800 4499 aperabamr
821 4470 836 4494 ,
867 4439 914 4482 et
943 4444 1056 4499 qua:
1107 4445 1200 4481 suo
1243 4428 1472 4481 thalamo
1507 4430 1780 4483 concilium

222 4522 494 4576 coronat-it
541 4528 728 4573 ornata
782 4519 965 4573 decore
1003 4521 1233 4591 victoria-
1288 4520 1569 4585 lc'uphemio
1603 4535 1621 4571 :
1668 4534 1783 4587 quin

223 4627 477 4682 tanquam
521 4613 785 4679 proiiriam
836 4611 1212 4678 confessionem
1258 4610 1382 4677 ﬁdei
1427 4610 1779 4664 definitionem

226 4707 516 4769 suscipiens
546 4720 575 4755 a
600 4704 764 4764 nobis,
789 4718 882 4755 suo
919 4717 1109 4769 sponso
1157 4716 1245 4765 per
1288 4702 1579 4762 piissimum
1621 4703 1781 4769 impe-

226 4807 478 4857 ratorem,
511 4805 558 4849 et
584 4796 805 4847 amicam
831 4793 1031 4847 Christi
1059 4792 1341 4861 Augustam
1358 4791 1559 4854 obtulit,
1583 4809 1780 4846 onmem

225 4886 436 4953 quidem
454 4886 891 4951 perturbationem
918 4884 1298 4935 contrariorum
1321 4885 1528 4944 sedans,
1549 4886 1780 4937 veritatis

227 4985 405 5028 autem
427 4974 797 5044 confessionem
822 4970 1096 5033 roborans,
1133 4979 1185 5020 ut
1214 4969 1436 5021 amicam
1460 5007 1475 5030 ,
1519 4977 1566 5020 et
1599 4985 1779 5034 manu,

228 5088 290 5123 ac
318 5071 505 5137 lingua
547 5058 902 5122 universorum
941 5066 1159 5119 decretis
1213 5079 1305 5128 pro
1347 5063 1781 5119 demonstratione

225 5159 582 5215 subscribens.
633 5158 892 5212 Praeterea
941 5153 1340 5210 observandum
1394 5163 1477 5207 est
1522 5169 1734 5222 quoque
1764 5193 1778 5218 ,

229 5257 468 5323 pictores
492 5260 721 5312 veteres.
755 5258 814 5304 ut
847 5251 945 5303 hoc
973 5251 1147 5317 ipsum
1185 5245 1496 5313 Euphcmiie
1522 5248 1777 5315 martyris

228 5360 356 5414 erga
414 5344 702 5396 concilium
760 5340 1119 5411 patrocinium
1184 5336 1548 5405 exprimerent
1584 5374 1601 5398 ,
1658 5351 1779 5390 eam

227 5437 480 5488 volumen
510 5449 669 5486 manu
694 5442 964 5488 tenentem
1002 5430 1323 5499 quandoque
1369 5427 1424 5481 in
1474 5427 1670 5481 tabulis
1699 5427 1778 5484 ef-

232 5527 481 5591 ﬁnxisse,
504 5534 758 5593 tanquam
793 5523 915 5591 fidei
943 5520 1335 5590 professionem
1367 5517 1586 5572 Patrum
1617 5518 1778 5574 Chal-

302 5731 416 5799 (45)
449 5747 514 5782 .n
544 5726 761 5780 histona
793 5722 1260 5799 irt_t:etttionis._etc.
1286 5734 1438 5774 num.
1473 5733 1550 5773 lx.

302 5788 417 5870 (44)
448 5799 526 5853 Ad
559 5811 757 5853 annum
790 5794 912 5862 451,
940 5808 1087 5848 uum.
1124 5788 1243 5845 1‘22.

1882 529 2277 583 cedonensium'
2325 527 2431 582 Deo
2493 526 2851 592 olTercntcm;
2895 529 3090 582 ctenim
3163 529 3438 597 probabile

1881 622 2037 673 valde
2062 621 2274 674 videtur
2294 620 2437 690 quod
2463 620 2770 686 huiusmodi
2804 622 2965 673 etiam
2992 620 3213 688 pictura:
3236 622 3436 678 Graecis

1882 711 2151 779 sequioris
2175 712 2272 765 ωνί
2300 711 2619 766 miraculum
2650 712 2781 765 illud
2806 711 3252 766 comminisccndi
3301 728 3437 782 pra:-

1881 802 2097 854 buerint
2127 812 2528 871 argumentum.

1951 891 2089 946 Xlll.
2113 891 2221 947 Nec
2259 893 2452 946 falsum
2486 903 2570 947 est
2605 897 2781 946 minus
2814 893 2981 956 aliud,
3020 894 3159 962 quod
3219 894 3427 966 Euthy-

1884 983 2027 1039 tuius
2060 986 2239 1038 statim
2280 986 2483 1050 subdit,
2513 986 2569 1037 S.
2606 984 2803 1059 Basilii
2824 986 3167 1049 miraculum,
3198 987 3299 1041 etsi
3323 1003 3443 1041 om-

1887 1078 2051 1130 nibus
2080 1078 2435 1132 manil'estum
2469 1089 2703 1132 asserat.
2740 1078 2872 1143 Ejus
2904 1093 3115 1131 summa
3172 1080 3284 1133 lucc
3336 1089 3440 1134 est.

1882 1167 2019 1221 Cum
2058 1169 2244 1222 Ariani
2278 1168 2525 1223 Valentis
2558 1169 2902 1238 imperatoris
2935 1168 3056 1221 freti
3082 1171 3344 1237 potentia.
3375 1186 3442 1225 cx

1882 1259 2096 1313 Nicazna
2154 1261 2384 1314 ecclesia
2436 1260 2740 1314 catholicos
2774 1261 2995 1312 militari
3028 1275 3188 1313 manu
3242 1261 3440 1329 eiecis-

1884 1360 2023 1415 sent,
2057 1352 2395 1406 orthodoxus
2440 1352 2675 1420 populus
2710 1350 2777 1404 ad
2821 1351 2876 1405 S.
2916 1350 3169 1405 Basilium
3203 1352 3442 1405 accurrit

1883 1442 2061 1495 multo
2090 1441 2326 1495 clamore
2358 1441 2705 1510 imperatoris
2766 1440 3017 1509 injuriam
3072 1441 3441 1509 expostulans.

1881 1530 1951 1585 ob
1976 1546 2137 1601 quam
2178 1547 2401 1587 causam
2436 1533 2820 1601 imperatorem
2855 1531 3136 1585 Valentem
3165 1533 3254 1585 ille
3284 1533 3440 1594 adiit,

1882 1635 1945 1676 ac
1977 1631 2125 1675 tanta
2144 1638 2266 1676 cum
2295 1624 2604 1690 eloquentia
2637 1631 2891 1691 tanquam
2916 1623 3102 1675 ’violati
3126 1623 3264 1690 juris
3295 1639 3442 1676 reum

1882 1704 2055 1759 libere
2095 1709 2423 1777 increpavit,
2457 1719 2515 1762 ut
2549 1710 2845 1776 imperator
2896 1711 2971 1762 rei
3017 1708 3279 1777 judicium
3341 1711 3442 1779 ipsi

1882 1795 1940 1850 8.
1971 1797 2170 1853 Basilio
2206 1801 2567 1855 commiserit.
2596 1800 2869 1855 Reversus
2895 1802 3075 1869 itaque
3100 1802 3159 1859 8.
3204 1801 3439 1856 Basilius

1879 1888 2109 1943 Nica‘am
2141 1900 2360 1959 pactum
2393 1907 2514 1945 cum
2546 1894 2766 1945 Arionis
2816 1893 3071 1954 firmavit,
3134 1902 3192 1947 ut
3240 1894 3443 1947 clausis

1880 1982 2357 2050 CCL’iCSiiBjaIIUlS,
2384 1983 2673 2052 sigilloque
2709 1984 3036 2051 obsignatis.
3093 1985 3199 2038 utri
3241 1986 3444 2054 populo

1881 2081 2002 2137 post
2036 2072 2276 2123 triduqu
2302 2086 2378 2125 ea:
2405 2082 2602 2140 sponte
2631 2076 2960 2141 patuissent,
2996 2077 3042 2129 is
3086 2078 3322 2132 ecclesia
3349 2093 3444 2147 po-

1880 2162 2097 2216 tiretur.
2142 2162 2276 2216 Cum
2353 2173 2533 2217 autem
2595 2167 2795 2226 Ariani
2828 2178 2940 2223 tres
2983 2169 3097 2222 dies
3147 2179 3444 2241 noctesque

1883 2253 2161 2320 precando
2221 2255 2669 2324 insumpsissent,
2710 2258 2801 2312 scd
2864 2260 2989 2314 inde
3048 2261 3319 2329 supplices
3372 2263 3440 2317 ad

1879 2344 2168 2398 ecclesiam
2206 2345 2482 2401 incassum
2517 2350 2786 2418 progressi
2835 2359 3038 2415 essent,
3096 2360 3228 2405 tunc
3288 2350 3443 2407 Basi-

1880 2434 1984 2488 lius
2038 2440 2296 2505 templum
2346 2439 2405 2493 S.
2463 2438 2735 2493 Diomedis
2794 2444 3046 2510 martyris
3101 2452 3257 2497 extra
3304 2444 3442 2496 civi»

1880 2533 2042 2578 tatem
2110 2536 2372 2581 oraturus
2433 2529 2714 2599 ingressus
2771 2540 2877 2594 est,
2925 2538 2978 2585 et
3025 2534 3236 2603 expleta
3285 2544 3443 2589 nocte

1882 2618 2128 2687 pervigili
2169 2622 2427 2688 pupulum
2459 2622 2525 2674 ad
2569 2622 2755 2677 urbem
2812 2625 3072 2691 reduxit;
3114 2634 3165 2680 et
3221 2641 3344 2680 cum
3375 2627 3440 2679 ad

1874 2708 2159 2762 ecclesiam
2194 2712 2541 2775 accessisset,
2601 2714 2804 2766 clausae
2858 2714 3265 2784 obsignatmque
3324 2717 3443 2783 ejus

1877 2800 2021 2856 fores
2085 2802 2265 2854 statim
2344 2812 2545 2870 aperte
2613 2813 2741 2857 sunt
2817 2816 3072 2872 tauquam
3141 2808 3439 2863 vehementi

1875 2905 2007 2944 aura
2043 2891 2228 2959 pulsze,
2259 2899 2312 2943 et
2339 2891 2403 2943 ad
2441 2908 2627 2947 muros
2656 2895 2832 2948 illisaa.
2877 2896 2999 2951 llzec
3058 2906 3141 2950 est
3173 2900 3435 2960 historia,

1874 2994 2035 3048 quam
2072 2996 2167 3048 pro
2229 2991 2376 3034 certa
2432 2995 2487 3037 et
2524 2985 2843 3039 inconcussa
2880 2988 2934 3039 in
2962 2989 3198 3042 medium
3250 2989 3442 3045 aliene

1878 3068 2230 3124 non'dubitat
2261 3073 2608 3141 Euthymius,
2660 3076 2753 3129 scd
2814 3093 2933 3145 quze
2980 3078 3226 3147 profecto
3279 3081 3442 3134 nimis

1878 3161 2155 3215 imbecillo
2217 3164 2411 3215 nititur
2467 3164 2842 3222 fiiiidamcuto.
2900 3168 3148 3237 Scriptor
3197 3168 3438 3234 Gracus,

1878 3252 1968 3320 qui
1996 3252 2199 3318 primus
2224 3253 2476 3307 miraculi
2508 3254 2670 3322 hujus
2694 3257 2962 3322 meminit,
2987 3268 3068 3313 est
3097 3271 3290 3314 auctor
3306 3260 3475 3313 Vitas.

1881 3342 1937 3395 S.
1972 3341 2177 3403 Basilii,
2214 3358 2335 3410 qua:
2363 3346 2568 3399 saeculo
2600 3362 2716 3407 rm,
2743 3348 2824 3400 vel
2899 3350 3079 3418 petius
3110 3366 3163 3405 ix
3221 3352 3438 3418 prodiit.

1880 3433 2053 3487 Fuere
2078 3436 2298 3503 quidem
2340 3438 2611 3501 nonnulli,
2637 3440 2728 3507 qui
2802 3441 2943 3495 hanc
2990 3443 3164 3497 Vitam
3216 3443 3279 3505 8,
3316 3425 3453 3499 Am:

1881 3525 2163 3594 pbilocbio
2188 3526 2461 3581 lconicnsi
2489 3530 2768 3597 episcopo,
2799 3531 3013 3599 ipsique
3048 3533 3253 3588 Basilio
3282 3536 3442 3589 fanni-

1881 3619 2178 3673 liarissimo
2218 3621 2382 3677 facile
2422 3624 2757 3689 tribuerunt,
2800 3627 2929 3695 quia
2963 3628 3014 3679 iu
3069 3643 3200 3681 mss.
3238 3631 3442 3684 codici-

1883 3712 1984 3765 bus
2018 3714 2119 3766 sub
2151 3713 2516 3782 Amphilochii
2550 3716 2774 3770 nomine
2832 3717 3102 3787 reperitur
3144 3706 3439 3789 descripta,

1879 3811 1934 3855 et
1985 3803 2112 3870 quia
2144 3813 2296 3856 certo
2319 3803 2527 3858 scimus
2561 3804 2617 3859 S.
2647 3806 3087 3875 Amphilochium
3120 3810 3438 3878 episcopum

1882 3894 2217 3947 lconiensem
2244 3894 2518 3963 quoddam
2559 3897 2869 3951 cncomimn
2902 3896 2959 3951 S.
2994 3898 3180 3952 Basilii
3213 3903 3442 3969 posteris

1883 3985 2193 4054 reliquisse.
2243 3984 2446 4041 Verum
2497 3989 2807 4043 encomium
2841 3989 2945 4042 hoc
2981 3990 3045 4043 ad
3111 4006 3209 4045 nos
3269 4006 3441 4059 usque

1882 4076 2148 4144 pervenit,
2170 4077 2309 4130 etab
2332 4078 2434 4132 hac
2449 4080 2556 4131 vita
2580 4080 2723 4148 stylo
2754 4078 2952 4141 dill‘ert,
2973 4087 3026 4133 et
3051 4080 3234 4135 rebus.
3261 4079 3441 4144 Quare

1883 4168 2187 4221 communis
2214 4168 2531 4221 criticorum
2566 4180 2648 4224 est
2671 4171 2965 4233 sententia,
3002 4172 3437 4240 Amphilochium

1883 4254 2017 4308 Vita:
2052 4254 2111 4308 S.
2149 4257 2333 4311 Basilii
2392 4260 2715 4327 scriptorem
2783 4270 2905 4325 post
2965 4270 3205 4328 tempora
3280 4263 3437 4329 longa

1884 4345 1951 4398 ab
1981 4354 2138 4399 aetate
2165 4348 2342 4400 sancti
2379 4347 2624 4401 doctoris
2682 4349 2905 4409 vixisse,
2965 4356 3020 4400 rt
3049 4365 3136 4403 res
3195 4365 3301 4403 non
3333 4366 3438 4405 ase

1882 4436 2048 4499 visas,
2080 4436 2173 4489 sed
2209 4437 2263 4488 in
2292 4438 2488 4505 vulgus
2516 4452 2739 4505 sparsas
2797 4440 2918 4493 sine
2976 4439 3188 4493 delectu
3231 4439 3438 4495 descri-

1882 4527 2165 4595 psisse.ct
2208 4529 2441 4582 fortasse
2492 4531 2855 4599 Amphilochii
2916 4548 3113 4585 uornen
3182 4533 3286 4585 sibi
3346 4548 3438 4587 as-

1884 4619 2291 4685 sumpsisse,ut
2340 4621 2490 4687 operi
2525 4636 2628 4673 suo
2682 4622 3061 4674 auctoritatem
3116 4622 3438 4676 conciliaret

1883 4706 2145 4757 ctiidem.
2206 4706 2490 4759 Communi
2546 4708 2673 4760 huic
2718 4708 2925 4775 judicio
2984 4707 3302 4762 adversatus
3352 4719 3438 4763 est

1887 4794 2210 4849 Frauciscus
2234 4796 2616 4861 (Joutbclisius,
2643 4799 2731 4851 cui
2756 4799 2891 4850 hanc
2922 4814 3138 4867 quoque
3167 4797 3340 4851 Vitam
3374 4799 3434 4852 S.

1883 4869 2069 4939 Basilii
2104 4884 2160 4939 S.
2181 4888 2563 4955 Amphilochio
2595 4888 2851 4957 episcopo
2884 4888 3082 4956 placuit
3115 4888 3391 4943 vindicare
3418 4908 3433 4955 ;

1881 4978 2193 5046 compulsus
2219 4986 2511 5032 esttamen
2529 4988 2583 5032 et
2629 4981 2743 5046 ipse
2779 4977 2940 5030 fateri
3005 4978 3172 5031 fuisse
3229 4979 3374 5031 illam
3403 4994 3432 5032 a

1884 5068 2191 5126 monachis.
2228 5082 2323 5134 per
2348 5083 2582 5135 quorum
2624 5081 2819 5120 manus
2853 5070 3085 5120 decursu
3125 5076 3430 5136 temporum

1882 5158 2121 5219 transiit,
2157 5158 2560 5226 iuterpolatam,
2591 5171 2641 5211 et
2671 5158 2985 5227 vulgaribus
3020 5159 3432 5221 traditionibus,

1881 5248 1936 5301 ni
1999 5253 2169 5303 mavis
2233 5250 2396 5302 etiam
2458 5249 2706 5303 conﬁctis
2765 5250 2830 5301 ad
2881 5259 3133 5303 ornatum
3194 5250 3435 5304 mirilicis

1880 5342 2289 5395 narrationibus
2355 5345 2719 5404 commistam,
2790 5349 2844 5395 ct
2901 5349 3135 5393 auctam.
3189 5340 3431 5395 Grzccum

1881 5429 2043 5499 hujus
2074 5430 2204 5485 Vita:
2231 5442 2434 5485 textum
2476 5432 2664 5484 Latine
2686 5431 2915 5485 reddidit
2950 5430 3141 5497 Ursus,
3174 5431 3230 5486 S.
3262 5429 3323 5483 Β.
3370 5432 3429 5485 Ε.

1878 5522 2272 5586 subdiaconus,
2296 5524 2584 5577 Anastasio
2630 5523 3046 5578 Bibliothecario
3094 5538 3351 5588 coaevus;
3380 5532 3436 5577 et

1933 5719 2044 5793 (i5)
2068 5720 2213 5775 Inter
2242 5720 2412 5790 Epist.
2447 5722 2507 5778 S.
2541 5721 2729 5779 Leonis
2763 5718 2964 5792 Ungui,
2986 5737 3071 5793 ep.
3104 5719 3194 5787 98,
3229 5728 3361 5775 tom.
3384 5719 3431 5774 Ι.
