4090 6324
640 456 711 516 35
1952 435 2538 494 I‘ROLEGOMEN’A.
3774 423 3844 487 36

637 559 764 626 quia
793 554 944 618 plura
976 556 1271 603 occurrunt
1296 549 1466 599 iuliae
1492 545 1742 598 versione
1770 542 1849 597 vel
1878 543 2182 604 innnutata,
2359 542 2498 597 XIV.
2528 539 2649 594 llatae
2681 548 2829 598 sunt,
2889 538 2969 589 vir
3026 533 3118 599 cl.,
3152 545 3271 602 qua:
3335 535 3387 587 in
3447 535 3582 588 meis
3628 533 3849 588 scin-dis,

639 624 720 701 vel
748 644 974 711 adjecta,
1004 644 1081 691 Vt‘l
1119 639 1347 700 omissa,
1389 652 1616 690 necesse
1673 645 1760 689 est
1812 633 1991 687 dicere
2043 633 2185 700 quod
2293 637 2683 687 adnotaveram
2722 631 2786 684 de
2820 627 3109 698 Euthymio
3139 625 3435 694 Zigabeno,
3480 635 3535 680 et
3604 624 3671 679 de
3724 626 3848 695 eius

639 739 812 792 Ursus
839 744 931 787 aut
957 733 1200 787 codicem
1236 731 1299 784 ad
1361 745 1551 781 manus
1607 727 1851 780 habuerit
1894 725 2189 793 puriorem,
2295 727 2434 777 libro
2466 724 2740 776 invectivo
2770 733 2960 776 eontra
2998 719 3331 799 Bogomilos,
3365 718 3520 786 cujus
3572 716 3853 786 fragmen-

641 837 734 882 aut
765 827 906 894 quod
937 839 1153 893 aequum
1184 824 1504 888 bonumque
1521 819 1740 872 duxerit
1774 832 1880 868 non
1908 821 2065 865 ume
2113 814 2197 892 iu-_
2297 828 2407 870 tum
2442 815 2726 876 ineditum,
2757 827 2783 864 a
2816 827 2898 865 me
2925 827 2988 866 ex
3033 808 3298 863 Vaticano
3352 809 3537 863 codice
3577 809 3703 862 olim
3752 809 3853 862 de-

644 921 897 988 terpretis
932 921 1031 970 sibi
1074 927 1252 984 partes
1301 931 1558 980 sumere:-
1593 915 1689 968 sed
1756 917 1915 966 etiam
1971 911 2192 980 judicis.
2299 909 2587 975 scriptum,
2624 897 2933 972 nunejtiris
2971 902 3048 954 tui
3083 902 3257 954 libens
3292 901 3453 953 facio.
3516 900 3677 953 Plura
3711 900 3855 968 adji-

644 1011 808 1062 l'orro
839 1012 963 1077 quia
1001 1011 1139 1062 inter
1172 1011 1374 1061 omissa
1408 1010 1506 1060 huc
1538 1009 1714 1075 ipsum
1769 1013 1850 1055 est
1885 1003 1950 1056 ab
1988 1002 2194 1070 Euthy-
2295 1016 2418 1052 cere
2450 997 2749 1068 potuissem
2783 1011 2799 1056 ',
2827 994 2920 1046 sed
2947 1001 3092 1046 esset
3146 990 3392 1058 profecto
3427 999 3620 1060 prmter
3653 1005 3856 1058 propo-

643 1104 750 1154 niio
812 1114 1165 1153 memoratum
1256 1101 1600 1160 miraculum,
1667 1096 1954 1148 manifesto
2029 1103 2194 1161 patet,
2294 1092 2457 1143 situm
2492 1079 2645 1140 tuum
2682 1085 2878 1139 edendi
2923 1093 3163 1136 veterum
3197 1083 3531 1148 scriptorum
3559 1080 3854 1140 anecdota,

641 1193 802 1244 etiam
836 1201 961 1244 ante
989 1192 1260 1259 Euthyiuii
1298 1181 1509 1243 aetatem
1548 1190 1675 1241 illud
1710 1189 1788 1240 vel
1824 1203 1924 1255 pro
1969 1188 2190 1252 penitus
2294 1181 2336 1234 si
2359 1179 2452 1232 tibi
2487 1181 2753 1231 mitterem
2784 1175 3051 1245 prolixum
3105 1173 3172 1226 de
3203 1171 3597 1242 Bogomilorum
3625 1170 3856 1226 historia

644 1282 801 1346 falso,
828 1273 908 1336 vel
938 1284 1126 1336 saltem
1177 1296 1274 1349 pro
1311 1281 1464 1335 valde
1504 1281 1668 1333 dubio
1704 1279 1872 1332 fuisse
1924 1277 2191 1330 habitum.
2291 1283 2605 1327 tramatum.
2628 1269 2780 1323 Vale.

2807 1431 3804 1461 ’.Μ
3029 1454 3116 1461 ___
3149 1454 3284 1461 ___
3289 1451 3720 1461 _____._._.._____.-

2340 1449 2366 1456 _
2651 1441 2783 1466 τετε,
2807 1441 3696 1452 ,_____.__.____.__..____

683 1475 1067 1485 ——____—.—.—~——v—._
1080 1475 1241 1482 -.____._
1256 1475 1264 1478 Α
1279 1475 1294 1478 υ
1333 1476 1368 1479 .--

1124 1525 2221 1837 EUTHYMII
2370 1643 3385 1825 ZIGABENI

1337 2339 1713 2621 IN
1853 2328 3066 2537 PSALMOS

1258 2836 1523 2920 ANT.
1631 2829 2472 2965 BONGIOVANNl
2573 2821 3244 2924 PR'IEFATIO.

729 3193 785 3249 Si
838 3192 961 3262 quis
1010 3191 1149 3246 scire
1171 3192 1319 3259 cupit
1377 3190 1504 3260 quid
1537 3190 1591 3245 in
1646 3190 1814 3247 causa
1850 3191 2009 3246 nobis
2041 3189 2224 3254 fuerit,
2276 3190 2629 3260 quamobrem
2664 3188 2798 3245 istos
2831 3188 3090 3260 Zigabeni
3115 3189 3554 3249 Commentarios
3582 3195 3635 3248 in
3670 3192 3860 3250 Theo-

662 3287 893 3356 phylacti
925 3299 1146 3354 operum
1175 3286 1414 3338 editione
1473 3286 1782 3339 locaremus
1815 3284 1892 3353 (a)
1922 3301 1937 3348 ;
1982 3285 2026 3339 si
2061 3283 2278 3354 paulum
2313 3284 2358 3336 is
2397 3282 2689 3336 attenderit
2723 3282 2788 3334 ad
2819 3297 2880 3336 ea
2912 3297 3034 3352 qua:
3065 3283 3117 3336 in
3153 3281 3481 3342 Prtefatione
3515 3300 3679 3355 supra
3720 3286 3872 3341 dixi-

664 3394 810 3441 mus,
849 3379 902 3432 id
933 3380 1049 3447 ipse
1078 3394 1169 3444 per
1203 3393 1260 3431 se
1298 3379 1455 3431 facile
1486 3377 1772 3446 intelliget.
1802 3377 1935 3431 Cum
1970 3377 2114 3430 enim
2139 3370 2793 3441 deessentTheophylacti
2817 3369 3214 3438 Commentaria
3253 3375 3306 3430 in
3337 3384 3542 3444 septem
3568 3379 3873 3448 prophetas

672 3471 906 3522 minores
929 3462 947 3533 ';
981 3484 1152 3536 eaque
1177 3484 1298 3538 quae
1329 3470 1382 3522 in
1425 3468 1614 3522 codice
1640 3468 1904 3522 Bavarico
1938 3467 2365 3528 continerentur,
2398 3479 2501 3517 non
2545 3463 2955 3532 Theophylacti,
2988 3465 3079 3519 sed
3113 3464 3440 3521 Theodoreti
3473 3481 3596 3522 esse
3616 3483 3876 3540 comper-

661 3572 775 3620 tum
806 3561 1176 3623 habuerimus,
1226 3577 1448 3616 necesse
1484 3573 1772 3630 prapterea
1801 3561 1900 3614 fuit
1928 3561 1994 3613 ad
2046 3559 2190 3613 aliud
2243 3558 2468 3613 alterius
2521 3556 2807 3624 scriptoris
2855 3571 2991 3624 opus
3022 3556 3335 3626 confugere,
3365 3574 3474 3628 quo
3523 3565 3753 3628 quartus
3777 3561 3876 3618 hic

661 3669 839 3709 tomus
870 3656 1259 3723 compleretur.
1295 3653 1455 3707 Multa
1490 3668 1653 3723 porro
1710 3655 1869 3709 nobis
1894 3670 1959 3709 ex
1995 3650 2380 3721 tnauuscripiis
2439 3649 2718 3705 codicibus
2764 3649 3128 3718 suppetebant
3162 3653 3536 3719 pra-stantium
3575 3662 3873 3711 auctorum

661 3763 848 3815 opera,
881 3749 1120 3801 nondum
1157 3749 1397 3816 vulgata,
1430 3750 1611 3802 omnia
1634 3763 1766 3802 sane
1788 3748 1948 3815 digna
1981 3761 2100 3814 qua:
2127 3744 2181 3796 in
2206 3746 2380 3797 lucem
2412 3742 2804 3813 proferrentur.
2838 3738 2914 3792 Ex
2942 3739 3027 3814 bis
3055 3749 3231 3794 tamen
3263 3740 3558 3811 delegimus
3591 3741 3875 3814 Euthymii

661 3843 918 3911 Zigabeni
944 3845 1350 3896 tionnnentaria
1384 3847 1437 3897 in
1469 3844 1739 3906 Psalmos,
1775 3842 1988 3896 duabus
2011 3842 2078 3896 de
2103 3842 2320 3895 causis:
2359 3840 2526 3892 altera
2553 3838 2693 3906 quod
2725 3836 3124 3906 Theophylacto
3148 3850 3248 3906 par
3272 3838 3487 3907 ingenio
3515 3847 3599 3893 est
3629 3838 3868 3906 Zigabe-

663 3949 804 3996 nus;
835 3936 1023 3996 altera,
1050 3936 1190 4000 quod
1222 3936 1273 3989 id
1307 3951 1441 4004 opus
1469 3935 1714 4002 ejusdem
1744 3934 1904 4004 plane
1927 3935 2140 4004 generis
2165 3942 2270 3997 est,
2301 3932 2459 4001 cujus
2489 3929 2880 4000 Theophylaeti
2930 3930 3158 3998 scripta,
3188 3945 3309 3999 qua:
3338 3931 3595 3986 in.sacris
3624 3931 3879 4002 Scriptu-

659 4031 738 4103 τῖε
768 4031 1190 4098 interpretandis
1220 4041 1591 4086 versarentur.
3116 4025 3118 4028 ’

736 4124 906 4180 Venio
938 4142 1080 4180 nunc
1110 4127 1173 4181 ad
1204 4127 1447 4181 Latinam
1481 4127 2009 4197 interpretationem.
2070 4125 2144 4178 Ea
2174 4135 2258 4179 est
2291 4123 2463 4189 Sauli,
2520 4121 2763 4192 episcopi
2795 4121 3203 4191 Brugnateusis,
3233 4122 3347 4192 qui,
3384 4133 3442 4178 ut
3466 4122 3575 4178 fere
3605 4123 3682 4186 fit.
3707 4123 3875 4192 plura

665 4218 846 4282 modo,
875 4221 1034 4274 modo
1064 4221 1315 4288 pauciora
1354 4222 1407 4274 in
1446 4221 1638 4274 codice
1679 4205 1789 4274 suo.
1813 4219 2036 4286 reperit,
2063 4232 2221 4286 quam
2260 4217 2312 4270 in
2378 4217 2565 4269 codice
2598 4216 2803 4269 Veneto
2831 4217 3188 4282 reperiantur.
3229 4213 3501 4269 Interdum
3533 4216 3696 4269 etiam
3723 4231 3878 4282 quae-

661 4310 787 4362 dam
818 4327 881 4362 ex
914 4311 1129 4381 ingenio
1152 4327 1252 4365 suo
1283 4311 1453 4374 addit,
1478 4311 1875 4380 explanationis
1909 4309 2101 4379 gratia.
2135 4308 2264 4370 Quae
2286 4308 2466 4376 itaque
2493 4307 2706 4361 duobus
2728 4305 2884 4359 uncis
2916 4307 3033 4360 istis
3061 4309 3102 4374 t)
3136 4306 3484 4367 clauduntur,
3509 4319 3572 4360 ea
3603 4305 3654 4358 in
3680 4305 3880 4379 codice

667 4406 872 4458 Veni-to
919 4405 1324 4467 desiderantur;
1358 4421 1478 4471 qua:
1500 4420 1629 4459 vero
1660 4404 1832 4472 signis
1861 4404 1945 4457 his
1969 4422 2023 4454 υ
2062 4410 2341 4464 notantur,
2376 4418 2439 4455 ea
2493 4403 2686 4456 desunt
2723 4404 2776 4456 in
2806 4402 3012 4461 codice.
3040 4416 3148 4469 quo
3182 4417 3313 4456 usus
3350 4410 3433 4454 est
3460 4399 3682 4454 Latinus
3726 4402 3874 4455 idem

670 4496 941 4562 interpres
969 4509 984 4557 ;
1015 4508 1188 4560 eaque
1213 4508 1278 4546 ex
1312 4493 1507 4547 codice
1537 4493 1743 4546 Veneto
1775 4491 1959 4546 Graece
1986 4501 2038 4543 et
2064 4491 2255 4544 Latine
2284 4491 2440 4559 primi
2470 4492 2682 4544 damus.
2711 4492 2834 4546 Haec
2868 4493 3032 4548 semel
3065 4493 3165 4546 hoc
3187 4492 3305 4546 loco
3327 4494 3601 4547 monuisse
3617 4490 3874 4559 sull‘tciat,

666 4603 736 4639 ne
771 4587 955 4640 eadem
986 4584 1215 4653 singulis
1253 4585 1364 4640 fere
1401 4586 1632 4655 paginis,
1670 4586 1831 4653 idque
1862 4585 2081 4652 sazpius,
2115 4585 2396 4646 iterantes,
2430 4583 2704 4637 fastidium
2733 4585 3034 4656 legentibus
3077 4599 3411 4639 moveamus.

737 4675 855 4731 1am
881 4691 1008 4729 vero
1041 4677 1106 4728 de
1139 4676 1319 4744 operis
1347 4679 1656 4745 praestantia
1707 4690 2167 4744 supervacaneum
2199 4684 2281 4728 est
2313 4675 2515 4729 dicere.
2554 4675 2699 4732 Satis
2729 4680 2872 4731 enim
2899 4692 2957 4731 se
2994 4677 3167 4744 ipsum
3204 4674 3497 4743 legentibus
3523 4674 3879 4744 commendat

665 4765 1168 4832 commendavitque
1206 4781 1417 4830 semper
1440 4767 1630 4820 merito
1685 4782 1787 4821 suo
1842 4765 2190 4833 auctorisque
2212 4766 2295 4819 sui
2337 4767 2691 4832 celebritate;
2729 4783 2838 4836 quo
2887 4769 3078 4819 merito
3100 4781 3273 4833 quave
3306 4763 3618 4818 celebritate
3662 4761 3872 4815 factum

669 4865 775 4916 est,
804 4863 861 4907 ut
892 4855 1090 4920 sa'pius
1123 4855 1492 4909 recuderetur.
1514 4854 1704 4908 Plures
1731 4855 1873 4909 enim
1895 4865 2019 4908 ante
2037 4855 2175 4908 hanc
2204 4856 2321 4925 ejus
2339 4855 2519 4924 operis
2547 4855 2813 4909 editiones
2835 4854 3035 4908 Latina:
3052 4855 3401 4922 prodierunt;
3430 4853 3596 4904 altera
3620 4849 3874 4915 νει-οπερ,

668 4948 840 5005 altera
863 4946 1122 5015 Venetiis,
1147 4947 1368 5000 Parisiis
1389 4949 1529 5009 alia,
1555 4948 1671 5001 alia
1698 4946 1820 5001 aliis
1851 4947 1904 4999 in
1927 4946 2082 5008 locis,
2123 4946 2263 5011 Quid
2293 4948 2391 4999 hoc
2423 4945 2524 4999 sibi
2556 4946 2703 4999 vult?
2731 4945 2783 4997 ld
2814 4959 2950 5014 opus
2983 4945 3236 4998 nimirum
3268 4957 3389 4996 esse
3417 4943 3573 5010 longe
3605 4943 3876 5010 Optimum

673 5051 834 5105 atquc
859 5041 1369 5106 praestantissimum
1395 5055 1408 5092 :
1432 5041 1485 5093 ni
1517 5041 1662 5094 enim
1697 5041 1802 5093 tale
1824 5049 1990 5103 esset,
2023 5041 2236 5109 placere
2269 5048 2550 5108 tantOpere
2587 5054 2694 5093 non
2740 5041 3027 5108 potuisset,
3064 5038 3223 5106 idque
3244 5049 3482 5102 semper,
3509 5041 3562 5086 et
3595 5034 3878 5096 omnibus,

674 5140 729 5184 et
766 5130 1176 5198 ttbiquc._Quod
1225 5136 1269 5185 si
1329 5142 1612 5201 tantopere
1665 5133 1866 5203 placuit
1894 5133 2083 5186 Latine
2119 5142 2348 5193 tantum,
2399 5142 2584 5186 extera
2619 5132 2825 5200 lingua,
2860 5132 3064 5185 auctori
3105 5144 3204 5182 suo
3235 5128 3389 5196 plane
3424 5127 3627 5196 ignota,
3671 5135 3876 5190 qnanto

677 5223 870 5290 magis.
910 5232 1089 5290 putas,
1128 5223 1178 5274 id
1216 5224 1448 5291 placebit
1479 5225 1663 5277 GraaCa
1701 5225 1900 5292 lingua,
1931 5239 2034 5291 qua
2069 5232 2257 5276 auctor
2290 5222 2539 5291 egregius
2563 5223 2837 5291 “scripsit?
2867 5222 3004 5275 Cum
3043 5218 3234 5272 Latina
3269 5218 3428 5271 verba
3463 5218 3615 5284 legis,
3649 5213 3874 5270 Sauluiu

671 5313 871 5378 audis;
905 5329 1024 5365 eum
1068 5314 1255 5367 Gra’ca
1277 5303 1676 5383 ,IZigabenum.
1705 5315 1941 5370 Tantum
1997 5331 2161 5384 porro
2189 5315 2327 5367 inter
2366 5315 2466 5369 hoc
2507 5323 2666 5383 atque
2699 5315 2837 5368 illud
2873 5316 3118 5377 interest,
3150 5321 3406 5380 quantum
3432 5303 3569 5362 inter
3601 5309 3873 5363 hominem

680 5404 912 5465 intersit,
941 5414 993 5456 et
1020 5405 1138 5472 ejus
1169 5406 1480 5476 imaginem,
1512 5423 1631 5476 qua:
1661 5408 1711 5459 in
1737 5409 1956 5476 speculo
1987 5417 2428 5474 reprzcsentatur.
2458 5407 2531 5460 Ex
2570 5409 2790 5476 eptimis
2817 5422 2978 5476 porro
3006 5405 3245 5461 fontibus
3280 5404 3455 5457 hausit
3479 5412 3668 5457 auctor
3691 5413 3896 5468 noster_

679 5499 950 5565 t'gregitts,
983 5495 1039 5550 ut
1067 5503 1395 5566 experientia
1424 5503 1567 5556 docti
1622 5511 1957 5571 compertum
2020 5503 2302 5556 habemus.
2329 5503 2592 5557 Prazclarc
2623 5502 2838 5568 quidem
2874 5502 2919 5555 is
2950 5475 3601 5570 disseritkinversiculum
3638 5498 3877 5567 primum

682 5589 867 5654 psalmi
900 5588 1054 5657 primi
1090 5587 1281 5641 Beatus
1313 5591 1410 5654 vir,
1443 5592 1642 5646 docens
1682 5608 1774 5660 per
1815 5593 1988 5645 virum
2022 5607 2125 5645 non
2158 5592 2374 5644 excludi
2411 5593 2687 5644 mulierem
2715 5609 2728 5656 ;
2760 5603 2813 5643 at
2844 5590 2977 5654 tunc,
3009 5601 3064 5644 ut
3100 5591 3352 5660 pleraque
3385 5590 3509 5657 alia,
3544 5588 3878 5657 deprompsit

740 5789 808 5848 (a)
844 5787 949 5848 Opp
1006 5789 1373 5852 ‘l‘hcophylacti,
1402 5794 1578 5843 Venet.
1608 5794 1822 5842 1758—05.
1858 5821 1904 5830 -—
1936 5793 2227 5854 Pin'rofoqia:
2260 5801 2374 5842 tom.
2404 5791 2813 5842 CXXIII-CXXVI.
