4090 6324
116 426 165 485 ἔιἹ
1403 406 1986 477 PROLEGOMENA.
3227 405 3299 467 38

118 552 165 587 ei.
199 533 397 591 Basilio
425 535 524 606 (a),
562 536 646 591 vel
697 534 1061 590 Theodorcto.‘
1090 530 1235 587 Scite
1269 530 1409 585 idem
1444 530 1836 603 interpretatur
1868 523 2195 580 versiculum
2229 525 2446 577 tertium
2490 533 2545 578 et
2578 537 2781 578 nouum
2810 522 3003 593 psaltui
3041 522 3294 586 secundi,

121 620 468 694 Uirumpamus
490 623 697 677 vincula
725 640 907 678 eorum
932 639 949 677 :
984 638 1127 691 reges
1149 618 1248 674 'eos
1272 621 1323 673 in
1354 620 1498 689 virga
1521 619 1713 688 ferrea,
1753 631 1848 684 per
1877 616 2145 669 vinculum
2177 613 2458 679 Iudaicam
2485 615 2677 682 legem,
2706 628 2802 682 per
2831 612 3035 682 virgam
3073 624 3293 666 crucem

118 713 397 785 intelligens
438 724 534 771 :at
572 716 706 780 bne,
742 727 800 771 ut
845 717 947 770 alia
980 717 1116 771 bene
1144 713 1334 776 multa,
1390 710 1722 779 deprompsit
1765 724 1832 762 ex
1882 720 2075 776 magno
2107 706 2403 762 Athanasio
2438 706 2532 773 (b).
2564 705 2789 774 Egregie
2818 719 3035 772 quoque
3069 703 3298 757 disserit

121 811 171 863 de
216 819 417 878 septem
473 826 750 866 sacrarum
791 811 1197 879 Scripturarum
1228 808 1580 868 cditionibus,
1609 820 1716 872 quo
1755 818 1981 870 quaeque
2013 804 2277 870 tempore,
2310 811 2360 853 et
2391 814 2420 851 ει
2453 814 2562 868 quo
2593 799 2808 865 Scripta:
2838 797 3060 849 fuerint.
3089 794 3286 848 Verum
3366 833 3372 839 .

118 901 208 953 hmo
235 901 536 970 degumpsjt
565 918 629 955 ex
665 913 891 956 auctore
917 901 1238 970 Synapscos,
1300 914 1422 967 qua:
1449 910 1641 967 magno
1669 893 1841 948 eidem
1878 893 2173 946 Athanasio
2201 891 2479 943 tt'll.uitttr.
2506 890 2635 953 Qua:
2660 902 2785 940 vero
2810 888 2877 940 de
2910 884 3192 941 Psalterio.
3233 882 3301 936 de

119 995 216 1058 ode,
255 996 327 1050 de
364 995 749 1063 diapsalmate.
814 996 880 1048 de
933 996 1142 1049 catteris
1181 994 1430 1049 edisserit
1458 993 1509 1045 in
1550 988 1815 1059 prommio
1856 987 2185 1052 Zigabenus,
2212 1000 2297 1046 ea,
2328 997 2385 1037 ut
2417 987 2519 1037 alia
2560 982 2863 1049 complura,
2896 978 3177 1040 αὺτολεξεὶ
3205 979 3302 1030 dc-

120 1085 362 1152 prontpsit
389 1102 452 1140 ex
482 1084 708 1139 Eusebii
728 1083 1351 1153 Pamphiliargumento,
1388 1082 1720 1151 reliquisque
1746 1077 2151 1131 commentariis
2187 1075 2238 1127 itt
2269 1076 2523 1129 l’sahuos.
2563 1073 2825 1138 Quoniam
2860 1079 3036 1122 autem
3064 1070 3116 1121 itt
3153 1068 3300 1121 hunc

117 1176 261 1229 locum
310 1178 621 1237 incidimus,
659 1189 836 1242 operae
866 1176 1094 1242 pretium
1126 1175 1380 1230 ducimus
1419 1174 1504 1226 hic
1552 1172 1820 1225 exhibere
1855 1169 2157 1239 argumenti
2219 1168 2390 1234 ipsius
2422 1166 2658 1227 initittut,
2688 1160 2831 1230 quod
2863 1160 2915 1211 in
2948 1160 3300 1214 celeberrima

117 1267 380 1319 clarissimi
425 1265 817 1320 Montl'auconii
864 1264 1103 1318 editione
1150 1259 1510 1317 desideratur.
1560 1260 1613 1313 id
1669 1269 1847 1312 autem
1892 1257 2283 1325 exscripsimus
2309 1271 2372 1308 ex
2406 1255 2777 1333 vetustissimo
2802 1256 2987 1308 codice
3032 1247 3300 1304 Bernardi

118 1354 466 1417 Nani,.Veneti
493 1357 787 1418 senatoris,
813 1370 984 1424 nuper
1032 1354 1187 1423 (prob
1220 1352 1375 1407 dolor
1399 1354 1412 1405 ι
1438 1353 1454 1420 )
1477 1351 1588 1404 fato
1625 1350 1821 1411 l‘uucti.
1885 1351 1950 1403 de
1987 1365 2043 1401 re
2068 1347 2326 1401 litteraria
2366 1346 2568 1414 Optime
2602 1345 2802 1408 meriti,
2831 1347 2923 1415 qui
2956 1334 3077 1399 cum
3104 1343 3301 1396 multos

117 1443 326 1511 undique
356 1441 577 1499 codices
601 1442 997 1512 cortquisisset,
1025 1455 1187 1510 opera
1224 1438 1407 1494 Jacobi
1435 1439 1640 1500 fratris.
1670 1439 1876 1491 strenui
1907 1437 2030 1502 viri,
2062 1437 2274 1489 navium
2307 1435 2564 1503 prtefecti,
2590 1448 2684 1488 eos
2718 1434 2872 1499 mihi,
2908 1444 3162 1501 tanquam
3189 1450 3299 1487 rem

119 1550 284 1593 meam.
314 1535 548 1590 utendos
580 1535 971 1590 lmmanissime
996 1534 1288 1590 concessit.
1328 1533 1400 1586 Ex
1427 1534 1510 1587 his
1559 1533 1739 1603 itaque
1762 1532 2063 1599 codicibus,
2102 1532 2191 1600 qui
2215 1544 2442 1585 numero
2477 1526 2668 1580 XXXII
2697 1536 2936 1594 notatur,
2968 1529 3048 1584 sic
3084 1528 3300 1583 Eusebii

116 1636 466 1693 argumentum
497 1627 548 1678 in
572 1625 815 1681 Psaltnos
838 1627 1057 1681 exhibet
1081 1641 1094 1677 :
1430 1616 1435 1619 ’

1094 1717 1405 1781 Ὺπόθεσις
1437 1717 1728 1770 Εὐσεϐἰου
1758 1716 1848 1777 εὶς
1873 1714 1938 1767 τὸ
1967 1712 2309 1782 Auiti-ulmi.

171 1804 429 1867 Πολλάκις
455 1805 693 1877 ζητήσας
711 1811 809 1879 τὴν
830 1809 1008 1861 αἰτίαν
1025 1809 1118 1861 τοῦ
1145 1810 1542 1877 ἐπιγράφεσθαι
1576 1807 1778 1878 μεταξύ
1807 1825 1969 1860 τινων
1994 1807 2225 1875 ψαλμῶν
2248 1805 2549 1874 διαιρῶ-μα,
2570 1804 2793 1873 ὓστερον
2823 1806 3220 1874 παρατηρήσας
3243 1806 3300 1856 ἐν

114 1895 174 1962 τῷ
205 1896 496 1964 Ἐϐραῖκῷ,
528 1899 622 1952 καὶ
657 1898 1018 1963 συνεξετάσας
1048 1899 1197 1967 αὐτῷ
1220 1900 1282 1951 τὸ
1323 1883 1653 1969 Ἑλληνικὸν,
1680 1895 1860 1966 εὖρον,
1890 1899 1971 1949 ὅτε
1991 1898 2122 1949 ὅπου
2170 1896 2448 1966 Ἐϐραϊστὶ
2474 1895 2584 1958 σὲλ,
2632 1895 2933 1964 Ἑλληνιστὶ
2957 1895 3011 1946 δὲ
3042 1895 3152 1957 ἀεὶ,
3180 1898 3302 1964 ἦτοι

116 1986 310 2057 tamen?
338 1989 718 2060 ἰσοδυναμοῦν,
745 1993 861 2045 ἐκεῖ
881 1983 930 2044 οἱ
956 1987 1033 2058 0',
1058 1992 1152 2045 καὶ
1177 1991 1490 2055 Θεοδοτεων,
1513 1993 1605 2044 καὶ
1630 1989 1926 2060 Σύμμαχος
1945 1990 2141 2055 ἔταξαν
2167 1988 2227 2041 τὸ
2249 1988 2548 2057 διάψαλμα.
2583 1986 2867 2055 ’Έγραψαν
2896 1987 3074 2039 τοίνυν
3099 1989 3158 2040 τὸ
3186 1989 3329 2067 διά-ο-

114 2081 276 2149 dalata
303 2100 359 2136 κ.
400 2101 451 2136 τ.
493 2084 543 2137 λ.

177 2172 290 2227 llaec
316 2174 482 2230 divus
516 2175 879 2247 Hieronymus
906 2177 976 2247 (c)
1014 2177 1086 2230 ita
1112 2176 1305 2229 Latine
1334 2175 1588 2227 reddidit.

176 2280 191 2312 ι
225 2262 377 2332 Saepe
406 2281 654 2334 quaerens
683 2281 900 2330 causas,
938 2282 1034 2319 cur
1059 2267 1110 2318 in
1136 2258 1461 2333 quibusdam
1520 2264 1741 2332 psalmis
1785 2267 2158 2332 interponatur
2192 2263 2516 2331 diapsalma,
2578 2265 2859 2318 observavi
2895 2263 3303 2332 diligentissime

114 2352 158 2403 iu
218 2348 463 2417 Hebraeo,
500 2364 552 2410 et
611 2371 735 2410 cum
787 2353 977 2409 Graeco
1036 2356 1263 2418 contuli,
1326 2355 1617 2423 iuvenique
1661 2357 1791 2424 quia
1837 2354 1928 2407 ubi
1962 2356 2142 2424 lingua
2177 2355 2401 2414 Hebraea
2444 2354 2565 2408 Sela
2596 2357 2716 2424 (ms.
2751 2354 2860 2420 Sel)
2914 2356 3089 2418 habet,
3120 2356 3305 2409 Grzrta

116 2460 227 2495 Vero
270 2460 496 2511 semper,
541 2454 634 2498 aut
687 2446 891 2515 aliquid
927 2445 1255 2514 istiusmodi,
1300 2444 1373 2498 ibi
1416 2442 1792 2515 Septuaginta,
1828 2444 2260 2510 cthcodotion,
2292 2454 2348 2498 et
2378 2444 2738 2515 Symmachus
2765 2446 3155 2497 transtulerunt
3190 2447 3306 2496 dia—

114 2534 314 2599 prelum.
340 2556 359 2587 ι
702 2604 707 2607 Α

174 2627 288 2683 llaec
323 2630 613 2689 Eusebius.
642 2632 708 2685 ab
739 2631 970 2701 Origene
999 2638 1274 2684 ntutuatus
1302 2628 1368 2683 ad
1396 2628 1644 2681 verbum.
1670 2626 1727 2680 Id
1759 2638 1936 2681 autem
1968 2628 2326 2684 libentissime
2373 2627 2586 2692 damus,
2626 2642 2798 2696 coque
2837 2629 2997 2682 etiam
3033 2631 3310 2689 libentius.

116 2724 238 2785 quod
268 2721 485 2777 Eusebii
523 2725 740 2777 nomine
772 2723 1010 2775 nondum
1029 2721 1306 2789 vulgatum
1345 2726 1449 2781 est,
1488 2719 1741 2787 quodque
1764 2726 1876 2770 tum
1919 2716 2174 2781 Eusebio,
2214 2725 2325 2770 tttttt
2372 2717 2684 2789 Eutbymio,
2718 2701 2831 2772 tum
2864 2723 3025 2773 etiam
3069 2722 3310 2792 Origeni.

117 2808 244 2859 unde
268 2820 544 2876 sumptum
583 2818 689 2875 est,
729 2810 1053 2863 illustrando
1107 2809 1396 2878 plurimum
1429 2808 1660 2862 confert.
1686 2807 1761 2860 Ex
1792 2807 1876 2861 bis
1910 2808 2074 2876 igitur
2124 2810 2378 2863 omnibus
2414 2808 2595 2863 hausit
2629 2808 2955 2876 Zigabeuus,
3006 2826 3105 2862 nee.
3134 2828 3195 2863 ex
3226 2814 3311 2863 bis

115 2899 294 2963 solum,
330 2898 424 2953 sed
455 2901 619 2951 etiam
653 2914 720 2951 ex
760 2897 905 2961 aliis,
936 2908 1166 2966 quorum
1198 2908 1361 2964 opera
1395 2906 1489 2948 aut
1541 2895 1955 2957 interciderunt,
1989 2906 2079 2947 aut
2108 2896 2159 2947 in
2199 2895 2540 2949 bibliothecis
2571 2900 2938 2965 manuscripta
2965 2899 3317 2955 tlt‘lilt'smtu.

120 2988 265 3059 Lege,
308 2991 354 3042 si
386 2992 584 3057 placet,
616 2988 866 3058 Origenis
891 2987 1176 3056 Exegetiea
1204 2989 1257 3039 in
1289 2986 1555 3041 Psahnos.
1589 2998 1848 3053 percurte
1879 2982 2060 3038 Basilii
2084 2985 2543 3051 Commentarios,
2577 2989 2795 3041 revolve
2827 2987 3080 3059 llesychii
3120 2990 3310 3043 Hiero-

116 3082 414 3148 stttymitani
450 3081 704 3143 Scholia;
733 3080 820 3134 adi
851 3081 910 3133 5.
939 3079 1204 3133 Joannem
1236 3077 1705 3147 Cbrysostomum,
1745 3075 1800 3129 S.
1841 3075 2099 3145 Cyrillum
2130 3076 2578 3143 Alexandrinum,
2609 3087 2834 3132 caeteros
2859 3078 2910 3129 in
2948 3080 3128 3133 aureis
3150 3083 3310 3134 (Zale-

118 3176 191 3228 nis
221 3175 611 3241 manuscriptis
642 3173 842 3228 Grecae
872 3173 931 3226 ι).
965 3171 1126 3226 Marci
1167 3170 1525 3233 bibliothecae,
1555 3184 1618 3222 ex
1650 3168 1845 3236 quibus
1872 3169 2124 3223 omnibus
2156 3169 2321 3222 multa
2354 3168 2684 3238 Zigabenum
2718 3170 3125 3240 deprompsisse
3152 3189 3309 3227 com-

118 3265 298 3332 peries.
327 3262 464 3314 Cum
498 3264 681 3331 itaque
697 3251 1150 3329 praestantissimo
1177 3260 1396 3329 ingenio
1417 3256 1827 3327 sitZigabenus,
1853 3271 1976 3310 cum
2005 3272 2067 3310 ex
2098 3258 2316 3326 optimis
2349 3259 2465 3326 ipse
2488 3259 2730 3314 fontibus
2765 3260 3028 3321 hauserit.
3059 3264 3318 3332 Origene,

115 3352 424 3416 Athanasio,
451 3351 668 3406 Basilio.
697 3350 1107 3420 Cbrysostomo,
1138 3349 1428 3418 Ilesychio,
1464 3347 1677 3402 caeteris
1712 3364 1728 3400 :
1783 3361 1964 3410 nemo,
1996 3348 2211 3416 opinor,
2239 3350 2472 3417 amplius
2505 3352 2812 3416 mirabitur,
2844 3353 2990 3420 quod
3022 3364 3127 3406 tam
3155 3371 3312 3422 egre»

116 3439 191 3506 gia
224 3440 335 3492 sint
367 3442 486 3507 ejus
517 3438 920 3493 Commentaria
953 3438 1007 3492 itt
1041 3438 1311 3499 Psalmos,
1342 3437 1597 3506 quodque
1635 3439 1768 3493 viris
1794 3441 2026 3496 eruditis
2083 3452 2364 3510 tantopere
2388 3457 2603 3511 semper
2628 3444 2952 3511 placuerint.
2977 3444 3137 3508 Quod
3189 3463 3310 3500 cttut

116 3533 178 3585 ita
200 3536 289 3596 sit,
344 3542 683 3604 pergratum,
740 3532 956 3602 opinor,
992 3548 1198 3603 perque
1224 3533 1525 3602 jucundum
1557 3534 1813 3588 omnibus
1842 3536 1948 3588 erit
1980 3535 2033 3589 id
2071 3550 2243 3606 opus,
2265 3535 2406 3605 quod
2438 3535 2542 3598 ipsi
2579 3536 2740 3605 primi
2770 3536 2959 3591 Graece
2986 3538 3215 3603 damus,
3235 3555 3307 3596 ea

115 3634 297 3691 nempe
334 3625 538 3692 lingua,
567 3638 671 3692 qua
702 3632 896 3676 auctor
930 3624 1018 3676 hie
1044 3623 1279 3677 eximius
1312 3624 1661 3691 conscripsit.
1695 3622 1875 3692 Equo
1904 3625 2069 3694 igitur
2107 3625 2290 3679 animo
2317 3625 2443 3685 viri.
2475 3632 2743 3693 quotquot
2791 3628 2923 3681 estis
2953 3627 3005 3679 in
3035 3628 3168 3682 orbe
3201 3640 3320 3681 tera

116 3715 287 3768 rarum
321 3713 549 3776 eruditi,
573 3712 760 3767 istbmc
785 3712 999 3783 egregia
1034 3720 1146 3766 tum
1172 3712 1581 3783 Theophylaeti,
1617 3723 1730 3768 tum

1786 3714 2015 3783 ligabetti
2045 3728 2231 3784 opera,
2256 3731 2377 3785 quae
2402 3716 2641 3771 nondum
2665 3716 3323 3785 lucem_viderunt,.exei--
3393 3760 3401 3771 .

115 3807 237 3875 pile.

179 3896 374 3952 Verum
407 3906 692 3966 antequam
726 3893 940 3965 pratiari
973 3895 1186 3961 desim,
1219 3911 1383 3948 unum
1409 3895 1589 3950 adhuc
1619 3909 1833 3957 moneo,
1866 3912 2057 3966 nempe
2079 3898 2538 3953 Commentarium
2562 3897 2615 3950 in
2640 3897 2903 3962 Psalutos,
2931 3898 3024 3966 qui
3063 3886 3117 3951 in
3151 3899 3315 3953 Cala-

121 3988 233 4058 lego’
269 3990 537 4043 librorum
586 3997 641 4043 et
669 3988 1165 4057 manuscriptorunt
1196 3988 1534 4043 bibliothecae
1560 3987 2090 4059 Regio-Parisieusis
2132 3988 2535 4060 Tlteophylacto
2571 4000 2761 4044 nostro
2791 3988 3135 4053 inscribitur,
3169 3990 3312 4043 bune

114 4082 357 4133 eumdem
410 4093 552 4141 esse,
604 4092 764 4145 quem
820 4078 907 4131 hic
964 4077 1199 4138 edimus,
1235 4075 1509 4146 Euthymii
1543 4068 1823 4146 Ziga'beni,
1853 4093 2121 4146 quemque
2161 4093 2302 4145 saepe
2324 4076 2549 4131 Parisiis
2582 4077 2934 4144 promissum,
2964 4086 3018 4132 et
3046 4079 3307 4143 nondum,

113 4186 224 4225 cum
254 4172 454 4223 tertius
481 4168 733 4222 ederetur
755 4175 958 4233 tomus,
986 4182 1014 4217 a
1048 4159 1205 4221 nobis
1234 4176 1515 4235 acceptum
1549 4166 1740 4230 fuisse,
1770 4173 1981 4220 monuit
2008 4168 2101 4235 qui
2129 4169 2183 4220 in
2213 4168 2387 4235 ipsum
2419 4166 2676 4234 praefatus
2705 4177 2788 4222 est
2813 4177 2947 4222 sect.
2981 4165 3122 4221 XIII.
3160 4167 3318 4222 Seni-

112 4272 190 4314 Cet
216 4276 278 4315 ca
339 4259 626 4328 inscriptio
672 4272 769 4312 nos
804 4258 858 4311 in
891 4272 1040 4326 spem
1073 4266 1342 4320 erexerat,
1374 4266 1591 4313 exstare
1637 4259 1869 4327 aliquem
1902 4259 2294 4329 Theopbylaeti
2324 4259 2377 4310 in
2426 4256 2673 4337 P‘saltnos
2695 4259 3180 4320 Commentarium,
3208 4275 3318 4329 quo

112 4354 252 4407 istaec
302 4352 479 4405 editio
508 4361 699 4406 nostra
764 4358 949 4419 posset
996 4349 1318 4416 locupletari
1354 4361 1518 4418 atque
1567 4351 1852 4418 compleri.
1889 4350 2067 4415 Quare
2102 4352 2309 4404 nullout
2338 4366 2444 4404 non
2477 4352 2712 4421 lapidem
2746 4354 3039 4418 movimus,
3082 4362 3140 4406 ut
3165 4355 3323 4409 illius,

112 4450 388 4511 compotes
417 4441 690 4497 lieremus.
730 4440 927 4495 Verum
960 4456 1106 4505 cum,
1138 4442 1309 4495 multo
1340 4443 1620 4509 insumpto
1668 4448 1912 4515 tempore
1950 4456 2014 4495 ac
2070 4442 2274 4506 labore,
2302 4443 2517 4495 tandem
2550 4442 2699 4496 illius
2729 4443 2915 4511 prima:
2946 4445 3154 4512 pagina:
3184 4459 3321 4513 apoa

113 4536 371 4602 graphum
404 4532 471 4586 ad
512 4548 612 4587 nos
634 4532 898 4601 perlatum
926 4533 1397 4598 essct,eollatione
1424 4533 1563 4585 facta
1595 4536 1983 4602 comperimus,
2014 4550 2077 4589 eo
2102 4535 2286 4589 codice
2309 4550 2414 4587 non
2444 4537 2592 4591 aliud
2622 4537 2917 4599 contineri,
2950 4538 3055 4591 nisi
3100 4547 3317 4593 textum

112 4620 374 4687 Caecum,
410 4638 644 4692 euntque
668 4625 954 4690 iueditum,
986 4623 1373 4679 Commentarii
1406 4621 1681 4693 Euthymii
1725 4625 1924 4691 saepius
1952 4624 2065 4694 jam
2099 4624 2289 4679 Latine
2320 4627 2477 4679 editi.
2518 4626 2655 4692 Quid
2682 4627 3059 4680 doctissimum
3094 4629 3229 4683 alias
3262 4641 3322 4686 et.

112 4718 527 4774 solertissimum
549 4719 790 4789 prtedieti
831 4718 1077 4789 Catalogi
1107 4725 1385 4772 auctorem
1419 4719 1472 4771 in
1498 4733 1738 4773 errorem
1775 4719 2075 4783 induxerit,
2101 4698 2110 4711 ’
2132 4731 2191 4773 ut
2224 4721 2368 4775 hunc
2415 4721 2880 4777 Commentarium
2904 4721 3318 4794 TheOphylactu

112 4808 400 4873 tribueret,
437 4825 537 4865 nec
567 4809 817 4865 divinare
848 4824 1160 4880 possumus,
1186 4825 1356 4879 neque
1383 4809 1433 4863 id
1464 4811 1765 4879 disquirere
1794 4818 1980 4865 nostra
2004 4812 2246 4865 interest.
2279 4811 2387 4866 Hoc
2413 4825 2591 4865 tamen
2620 4828 2841 4867 monere
2867 4828 3046 4882 operte
3076 4816 3317 4881 pretium

113 4903 389 4965 duximus,
422 4918 488 4957 ne
517 4904 641 4973 quis
672 4903 921 4957 eumdem
946 4904 1257 4972 Catalogum
1290 4917 1639 4972 percurrens,
1688 4911 1858 4973 atque
1902 4904 2360 4957 Commentarium
2404 4905 2456 4956 in
2503 4904 2742 4960 l’salmos
2787 4904 3199 4973 Tltcophylacto
3237 4909 3318 4962 ἴω-

115 4993 373 5061 scriptum
418 4994 780 5061 comperiens,
812 5008 1043 5061 eumque
1075 4994 1125 5045 in
1162 4994 1402 5047 editione
1460 5005 1647 5047 nostra
1683 5010 1788 5047 non
1831 4994 2040 5059 videns,
2073 5005 2125 5049 et
2164 4994 2300 5048 hanc
2327 5004 2382 5048 ttt
2420 4996 2792 5068 imperfectam
2844 4997 3056 5051 minore
3089 5000 3318 5055 haberet
3354 5029 3357 5032 ν

114 5080 162 5135 itt
192 5084 397 5152 pretio,
422 5089 477 5134 ct
503 5098 600 5136 nos
626 5098 724 5136 ceu
759 5083 811 5136 itt
848 5084 1229 5152 perquirettdis
1253 5083 1681 5153 colligendisque
1739 5085 1981 5155 ejusdem
2015 5084 2402 5155 Theophylacti
2442 5087 2695 5154 operibus
2732 5088 2912 5141 minus
2944 5099 3230 5142 accuratus
3253 5106 3319 5145 ac

115 5172 329 5228 desides
360 5172 786 5230 condemnaret.

181 5358 255 5437 (ᾳ)
278 5356 719 5437 gomain‘l’sal.
757 5358 822 5437 ad
850 5375 971 5437 eum_
1008 5361 1211 5437 locum.

1836 5360 1907 5431 (ε)
1939 5358 2036 5430 Ep.
2058 5360 2126 5414 ad
2156 5359 2369 5417 Marce].
2403 5360 2465 5415 Τ.
2500 5360 2520 5415 l
2547 5361 2676 5416 edit.
2709 5363 2978 5429 Vallarsii,
3009 5380 3060 5433 p.
3094 5365 3215 5423 133.

175 5427 249 5501 (b)
271 5427 436 5483 Com.
469 5429 522 5481 in
549 5428 691 5482 Psal.
718 5429 783 5481 ad
816 5429 995 5482 eumd.
1024 5430 1216 5483 locuut.
