4090 6324
694 405 761 461 Γῑῖὶ
922 400 937 414 ’
2036 398 2309 459 PROLEl

2306 399 2625 459 'BOMENA.
3550 390 3553 394 ’
3841 389 3921 452 40

2838 524 3220 537 ...ο-...συα-

1048 880 1435 942 EPISTOLA
1501 877 2113 940 NUNCUPATORIA
2170 879 2276 939 AD
2321 866 2807 940 CLES‘IENTEM
2880 879 3289 941 SEPTIMUM
3367 883 3433 944 P.
3475 884 3553 943 M.

1826 1043 2114 1105 Editioni
2158 1044 2394 1104 Latina:
2433 1043 2775 1122 prwmissa.

764 1393 855 1446 Illi
889 1390 1167 1460 imprimis,
1200 1388 1354 1441 Pater
1386 1385 1700 1449 beatissime,
1730 1384 1871 1438 omni
1900 1385 2092 1438 honore
2118 1384 2616 1453 sttttlprosequendi,
2640 1382 2729 1453 qui
2754 1383 2923 1435 divino
2949 1380 3178 1436 Numine
3207 1383 3388 1453 afﬂati,
3423 1391 3471 1436 et
3505 1386 3698 1451 proprii
3728 1383 3932 1457 ingenii

696 1487 1083 1543 exercitatione,
1117 1481 1293 1535 divina
1326 1478 1473 1531 nobis
1503 1475 1711 1531 tradere
1737 1486 2050 1531 curaverunt
2091 1493 2110 1528 :
2139 1476 2321 1544 quales
2354 1474 2579 1544 Moyses,
2620 1473 2809 1537 David,
2841 1471 3034 1537 Isaias,
3078 1472 3301 1535 Paulus,
3344 1491 3406 1527 ac
3428 1476 3603 1527 ca'teri
3640 1478 3930 1529 canonico—

697 1592 810 1629 runt
844 1574 1098 1626 librorum
1125 1569 1403 1635 scriptores
1438 1582 1456 1621 :
1492 1584 1522 1618 a
1562 1568 1745 1636 quibus
1777 1582 1878 1618 non
1908 1567 2057 1636 longe
2089 1564 2279 1617 absunt
2312 1565 2407 1617 alii
2440 1564 2835 1633 quamplurimi.
2866 1565 2953 1631 qui
2982 1563 3159 1616 eodem
3200 1564 3369 1617 edocti
3422 1563 3648 1632 Spiritu,
3680 1584 3796 1634 qua!
3827 1583 3929 1632 per

698 1670 818 1720 illos
855 1665 1054 1716 tradita
1114 1671 1254 1721 sunt,
1285 1677 1378 1728 pro
1404 1660 1630 1713 hominis
1665 1670 1820 1726 captu
1847 1660 2131 1723 intellecta,
2165 1668 2223 1711 ut
2247 1660 2368 1713 aliis
2399 1675 2596 1727 quoque
2632 1668 2797 1711 essent
2828 1659 3024 1725 pervia,
3066 1674 3159 1711 suo
3189 1659 3391 1726 ingenio
3420 1670 3468 1711 et
3507 1656 3769 1713 laboribus
3795 1663 3933 1730 effe-

712 1774 827 1811 cere
860 1773 878 1811 :
912 1773 1001 1810 ctu
1044 1756 1348 1824 Dionysius,
1375 1753 1720 1815 Athanasius,
1760 1752 2016 1817 Basilius,
2047 1750 2469 1822 Chrysostomus,
2504 1750 2752 1818 multique
2780 1750 2898 1811 alii,
2928 1750 3017 1818 qui
3051 1750 3168 1803 rita:
3201 1766 3262 1801 ac
3295 1767 3496 1803 morum
3524 1752 3807 1804 sanctitate
3838 1753 3934 1804 in-

695 1848 886 1913 signes,
916 1858 961 1899 et
999 1842 1401 1911 incomparabili
1430 1842 1672 1896 doctrina
1706 1839 1997 1908 conspicui,
2035 1841 2243 1892 eximiis
2268 1839 2587 1899 actionibus,
2612 1837 2980 1891 eruditissimis
3019 1837 3165 1890 libris
3189 1855 3221 1890 a
3245 1854 3296 1892 se
3327 1842 3637 1905 conscriptis
3660 1839 3936 1895 Christia-

699 1953 818 1987 num
864 1952 1028 2002 remp.
1067 1935 1425 1986 illustrarunt.
1454 1933 1493 1986 Α
1535 1947 1754 2000 quorum
1788 1930 2004 1984 lectione
2051 1945 2302 1991 cessasse,
2334 1937 2381 1981 et
2411 1926 2935 1990 monitis'reccssisse,
2968 1926 3229 1980 malorum
3252 1930 3481 1982 omnium
3511 1932 3722 1983 occasio
3776 1930 3934 1983 nobis

700 2033 826 2098 fuit.
866 2031 1003 2085 Ilinc
1034 2032 1169 2083 enim
1227 2030 1486 2083 innumeri
1526 2042 1730 2082 errores
1758 2036 1805 2080 et
1837 2028 1902 2081 ha
1919 2043 2078 2090 reses,
2115 2027 2234 2079 hinc
2266 2027 2382 2080 vita:
2420 2024 2703 2094 neglectus,
2738 2025 3359 2089 contemptusvirtutum,
3381 2028 3629 2080 uitiorum
3662 2029 3934 2096 tyrannis,

668 2127 916 2177 ‘initium
952 2126 1153 2191 pariter
1183 2133 1231 2176 et
1266 2124 1636 2176 incrementum
1665 2136 1948 2187 sumpsere.
1974 2121 2105 2186 Quis
2127 2121 2265 2173 enim
2297 2119 2478 2171 horum
2501 2117 2707 2170 lectioni
2737 2118 2985 2167 attentius
3020 2132 3232 2182 vacans,
3265 2119 3316 2170 in
3341 2118 3444 2185 ﬁde
3478 2131 3617 2175 recta
3647 2137 3708 2173 ac
3737 2123 3938 2186 pietate

700 2235 799 2272 non
856 2220 1117 2286 proﬁciat,
1166 2218 1397 2270 animum
1427 2220 1587 2278 colat,
1620 2218 1934 2270 charitatem
1967 2225 2335 2285 prosequatur,
2379 2212 2822 2274 misericordiam,
2873 2212 3265 2278 liberalitatem,
3300 2214 3572 2283 justitiam
3606 2228 3936 2287 ceterasque

701 2316 913 2367 virtutes
950 2316 975 2368 ?
1004 2313 1295 2366 Avaritiam
1325 2327 1464 2377 vero,
1500 2312 1773 2374 invidiam,
1809 2312 2101 2374 luxuriam,
2133 2309 2491 2368 iracundiam,
2522 2309 2755 2376 aliosque
2785 2307 3088 2374 hujusmodi
3117 2312 3286 2364 animi
3325 2314 3533 2366 morbos
3565 2315 3729 2367 multo
3758 2316 3934 2383 magis

700 2421 855 2468 quam
887 2414 1145 2470 serpentes
1177 2419 1237 2454 ac
1262 2411 1476 2455 mortem
1514 2401 1733 2470 fugiat}?
1764 2399 1877 2464 Quo
1908 2402 1989 2467 ﬁt,
2025 2410 2082 2453 ut
2112 2400 2324 2454 credam
2362 2399 2492 2452 nihil
2528 2403 2708 2454 utilius
2742 2399 3060 2456 Christiana:
3094 2401 3224 2466 reip.
3260 2400 3442 2468 afferri
3478 2418 3649 2468 posse,
3681 2419 3837 2472 quam
3870 2414 3936 2457 ut

703 2495 740 2543 τι
769 2493 914 2544 nobis
952 2494 1261 2556 reddantur,
1317 2508 1407 2559 per
1458 2508 1586 2560 quos
1613 2492 1737 2544 aliut
1770 2492 1863 2545 Dei
1898 2490 2160 2551 Ecclesia.
2182 2491 2342 2544 etiam
2373 2490 2506 2542 inter
2545 2491 2827 2543 acerrimos
2862 2480 3214 2553 adversarios,
3249 2490 3461 2556 pietatis
3500 2493 3762 2555 doctrina,
3807 2494 3936 2543 eius:

703 2582 902 2634 meritis
930 2591 976 2635 et
1007 2598 1220 2634 numero
1261 2582 1480 2633 crevisse
1509 2580 1857 2649 dignoscitur.
1898 2580 2047 2644 Quod
2075 2596 2200 2632 sane
2228 2581 2429 2633 utinam
2465 2582 2785 2633 attenderem
2822 2580 2971 2633 multi
3016 2589 3314 2649 nostrorum
3347 2590 3657 2646 temporum,
3706 2583 3793 2651 qui
3827 2582 3932 2633 hoc

706 2673 870 2741 ofﬁcio
908 2673 1231 2725 commodius
1272 2672 1417 2740 fungi
1448 2680 1695 2739 possent:
1724 2670 2036 2739 mallentque
2064 2670 2247 2724 horum
2276 2672 2523 2737 tertendo
2553 2672 2741 2737 libros,
2782 2671 3002 2739 publicte
3037 2670 3257 2723 utilitati
3298 2672 3588 2735 consulere,
3615 2687 3769 2741 quam
3800 2689 3931 2741 pro-

702 2784 821 2834 prsa
845 2780 1032 2820 temere
1062 2766 1399 2835 effundenda,
1421 2768 1641 2837 privata’
1666 2766 1848 2834 gloria’
1878 2766 2171 2819 desert-ire!
2199 2766 2237 2817 Α
2268 2783 2488 2834 quorum
2520 2769 2751 2833 profecto
2781 2765 3003 2820 consilio
3031 2763 3181 2833 longe
3202 2764 3382 2819 aberat
3402 2763 3672 2831 Philippus
3707 2765 3931 2831 Saulus,

704 2859 976 2925 episcopus
1032 2856 1434 2925 Brugnatensis,
1469 2858 1548 2909 rir
1586 2872 1713 2909 sane
1743 2857 1928 2921 priscis
1956 2855 2064 2909 illis
2112 2858 2386 2915 Patribus.
2424 2858 2675 2909 rirtutum
2713 2858 2909 2909 ornatu‘
2927 2864 2977 2908 et
3026 2872 3299 2910 sacrarum
3357 2854 3682 2909 Litterarum
3735 2858 3934 2923 peritia

711 2952 1117 3012 comparandus,
1147 2949 1236 3015 qui
1276 2948 1394 3000 huic
1434 2948 1783 3001 saluberrimo
1806 2949 2047 3003 instituto
2074 2966 2230 3017 quam
2261 2952 2487 3003 maxime
2526 2951 2757 3003 intentus
2787 2959 2925 3003 erat.
2961 2948 3117 3001 Nam.
3147 2950 3193 3001 si
3222 2965 3351 3017 quos
3389 2948 3511 3001 huic
3540 2951 3681 3017 operi
3714 2950 3933 3004 idoneos

711 3048 895 3092 nactus
944 3050 1098 3103 esset,
1133 3039 1422 3101 excitabat,
1459 3042 1721 3101 monebat,
1757 3041 1998 3110 rogabat,
2043 3052 2090 3094 et
2130 3042 2316 3111 quibus
2346 3052 2514 3107 posset
2557 3044 2723 3096 modis
2771 3042 2838 3095 ad
2877 3042 2972 3095 hoc
3012 3040 3320 3107 compellere
3350 3056 3451 3093 non
3481 3041 3776 3120 omittebat.
3805 3041 3931 3109 Ipse

708 3147 825 3185 sero
848 3140 995 3184 tanto
1035 3131 1190 3198 hujus
1223 3132 1295 3185 rei
1326 3132 1498 3185 studia
1536 3132 1832 3194 tenebatur,
1866 3143 1920 3184 ut
1961 3133 2071 3185 dies
2104 3150 2164 3184 ac
2212 3141 2385 3185 noctes
2422 3149 2627 3187 summa
2657 3151 2771 3186 cum
2799 3134 3063 3201 voluptate
3114 3133 3167 3186 in
3211 3132 3306 3183 ltoc
3355 3132 3660 3186 insumeret.
3701 3132 3776 3186 Ab
3833 3134 3935 3187 hoc

708 3222 936 3291 profecto
976 3222 1171 3291 optima
1216 3224 1325 3275 viro
1373 3223 1528 3289 plura
1574 3232 1621 3275 et
1662 3223 1866 3291 egregia
1898 3237 2110 3289 sperare
2134 3231 2458 3290 poteramus,
2502 3223 2603 3276 nisi
2635 3224 2811 3279 divina
2845 3221 3182 3276 Providentia
3209 3220 3358 3274 illum
3386 3238 3418 3273 α
3452 3222 3600 3275 nobis
3638 3233 3933 3288 avocasset,

651 3337 659 3348 ι
710 3318 1015 3383 felicitatem
1046 3317 1124 3368 illi
1168 3316 1187 3384 (
1219 3324 1274 3366 ut
1307 3317 1490 3367 merito
1528 3331 1800 3381 speramus
1845 3316 1862 3383 )
1903 3298 2038 3368 recte
2070 3326 2325 3369 anteactis
2349 3319 2465 3370 vita:
2496 3317 2766 3384 prtemium
2793 3319 3007 3387 benigne
3048 3316 3340 3383 conferens,
3376 3317 3525 3371 nobis
3559 3333 3675 3370 vero
3707 3325 3935 3382 paterna

658 3476 662 3479 Δ
707 3408 982 3460 clementia
1026 3406 1103 3474 (ut
1138 3406 1284 3472 puto)
1319 3406 1616 3474 indulgens,
1640 3423 1703 3459 ne
1736 3408 1967 3461 acriores
1991 3407 2119 3459 dare
2143 3421 2323 3474 pomus
2357 3419 2550 3462 nostrce
2591 3413 2811 3478 ignavia:
2847 3428 3170 3482 cogeremur,
3202 3418 3293 3486 qui
3321 3413 3457 3467 tanti
3494 3416 3593 3467 viri
3624 3414 3857 3483 exemplo
3883 3421 3938 3466 et

709 3500 924 3553 monitis
956 3498 1127 3551 minus
1165 3497 1552 3564 proﬁceremus.
1602 3501 1701 3551 Hic
1730 3499 2147 3566 elegantissimos
2190 3502 2593 3554 commentarios
2650 3501 2917 3572 Euthgmii
2970 3507 3229 3573 monachi,
3284 3507 3469 3560 Patris
3508 3508 3831 3561 sanctissimi
3883 3513 3938 3560 et

716 3587 1089 3649 eruditissimi,
1115 3602 1278 3654 nuper
1304 3585 1520 3638 Latinos
1547 3584 1764 3653 fecerat,
1796 3602 1928 3652 puro
1959 3586 2168 3656 quidem
2197 3604 2259 3640 ac
2284 3588 2513 3654 simplici
2544 3590 2748 3643 dicendi
2778 3609 2979 3661 genere,
3011 3612 3138 3663 quos
3174 3597 3462 3649 immatura
3508 3607 3672 3649 morte
3702 3611 3938 3662 praeven-

713 3692 817 3739 tus,
852 3678 905 3728 in
942 3675 1106 3727 lucem
1134 3675 1281 3727 cdere
1312 3691 1415 3727 non
1446 3676 1637 3741 potuit.
1670 3674 1777 3744 Ego
1808 3692 1945 3739 vero,
1978 3677 2067 3744 qui
2101 3677 2213 3746 ejus
2244 3677 2501 3733 doctrina:
2535 3695 2595 3732 ac
2628 3685 2931 3736 sanctitatis
2968 3686 3113 3738 testis
3142 3686 3343 3739 diutius
3375 3686 3603 3754 fuerant,
3634 3685 3938 3738 studiorum

712 3789 902 3833 euntes,
942 3771 1281 3824 consiliarnm
1314 3772 1583 3834 conscius,
1626 3771 1789 3825 nimia
1823 3773 1985 3839 ipsius
2017 3772 2345 3827 humanitate
2371 3792 2576 3828 summa
2606 3777 2688 3830 illi
2721 3781 3096 3833 necessitudine
3119 3783 3422 3835 deuinctus:
3456 3783 3578 3834 talis
3622 3784 3799 3841 amici,
3831 3799 3937 3851 quo

713 3866 973 3916 meliorem
1011 3878 1071 3915 ne
1101 3862 1398 3915 desiderare
1422 3863 1630 3931 quidem
1665 3861 1875 3925 licebat,
1902 3872 2008 3915 tam
2042 3875 2253 3916 sanctos
2284 3864 2487 3917 labores
2521 3865 2776 3929 deperire,
2797 3884 2887 3920 nos
2922 3885 3040 3921 vero
3069 3879 3216 3923 tanto
3241 3871 3488 3924 thesauro
3514 3871 3761 3939 fraudari
3782 3880 3937 3940 ’tequo

712 3958 890 4030 animo
913 3955 1048 4021 ferre
1078 3966 1188 4007 non
1212 3965 1468 4023 poteram.
1518 3953 1763 4007 Converti
1802 3970 1879 4007 me
1914 3955 2079 4023 igitur
2129 3956 2196 4006 ad
2239 3956 2499 4009 Joannem
2552 3958 2877 4024 Matt/neum,
2918 3964 3212 4031 episcopum
3256 3962 3617 4029 Veronensem,
3681 3966 3938 4019 bonorum

716 4048 946 4098 omnium
978 4058 1053 4112 tut
1089 4050 1281 4111 optime
1311 4044 1468 4109 nosti)
1505 4059 1663 4113 quam
1695 4045 1922 4096 maxime
1950 4045 2269 4109 studiosum,
2292 4045 2463 4109 ipsum
2489 4046 2729 4101 hortatus
2768 4050 2967 4117 pariter
2993 4063 3038 4103 et
3074 4064 3339 4119 precatus,
3366 4065 3422 4106 ut
3455 4056 3591 4108 tanti
3627 4055 3749 4107 boni
3782 4057 3934 4110 nobis

717 4149 900 4192 auctor
925 4140 1072 4207 ﬁeret
1103 4153 1121 4190 .'
1154 4147 1301 4189 ratus
1331 4137 1465 4202 quod
1501 4138 1621 4197 erit,
1663 4144 1717 4187 ut
1747 4134 1842 4188 ltoc
1873 4146 2029 4201 pacto
2057 4136 2215 4188 amici
2247 4135 2481 4201 defuncti
2520 4150 2716 4191 sanctae
2757 4144 3041 4203 memorite,
3070 4151 3116 4194 et
3154 4144 3367 4196 viventis
3390 4144 3552 4211 justte
3589 4146 3833 4207 mercedi,
3886 4156 3936 4199 et

715 4233 979 4284 communi
1012 4230 1245 4281 onininm
1281 4228 1531 4277 bonorum
1563 4226 1786 4276 utilitati
1818 4241 1972 4291 quam
1997 4226 2187 4292 optime
2214 4226 2540 4278 consulatur.
2577 4227 2802 4297 Benigne
2839 4232 3023 4283 annuit
3049 4236 3365 4286 renerundus
3387 4237 3644 4301 pontifex,
3673 4247 3727 4287 ut
3754 4245 3832 4289 est
3864 4236 3937 4289 ad

716 4327 857 4373 recta
885 4318 1058 4368 omnia
1081 4325 1128 4367 et
1155 4316 1370 4367 honesta
1398 4313 1573 4365 studia
1606 4327 1761 4379 quam
1791 4312 2235 4378 promptissimus,
2266 4328 2462 4382 suaque
2484 4318 2992 4397 auctoritate,jussu
3022 4330 3071 4372 et
3098 4322 3342 4384 impensis
3373 4324 3558 4392 effecit,
3590 4337 3644 4378 ut
3676 4328 3937 4394 egregium

718 4412 811 4462 th.‘
851 4424 977 4477 opus
1006 4422 1159 4475 quam
1193 4406 1385 4471 optime
1420 4401 1733 4469 dispositum
1762 4401 1997 4466 prodiret
2018 4402 2071 4454 in
2102 4400 2364 4469 publicum
2392 4417 2410 4453 :
2438 4418 2587 4469 opus,
2612 4405 2845 4473 inquam,
2876 4424 2906 4458 a
2928 4410 3129 4461 nemine
3160 4411 3289 4463 satis
3318 4426 3413 4474 pro
3440 4414 3687 4478 dignitate
3705 4415 3935 4466 laudan-

718 4504 862 4563 dum,
894 4504 939 4555 si
963 4498 1143 4553 eximii
1174 4496 1301 4549 ratis
1333 4493 1561 4545 divinam
1593 4500 1813 4543 mentem
1842 4501 1890 4542 et
1922 4491 2318 4559 intelligentiam
2351 4494 2606 4558 suspicias
2643 4510 2656 4545 :
2692 4496 2737 4547 si
2764 4494 3099 4565 interpretum
3121 4500 3464 4555 eruditionem
3485 4511 3532 4556 et
3549 4503 3729 4568 ﬁdem,
3753 4505 3799 4555 si
3822 4520 3941 4556 cor-

720 4595 934 4648 rectoris
964 4604 1007 4645 et
1048 4589 1268 4656 artiﬁcis
1298 4587 1540 4655 peritiam
1568 4594 1616 4636 et
1639 4583 1964 4653 diligentiam
1988 4583 2357 4640 attendas.Cui
2383 4602 2497 4638 rero
2515 4588 2686 4653 aptius
2705 4598 3025 4656 nuncupetur
3040 4606 3192 4659 quam
3222 4592 3386 4655 tibi,si
3416 4597 3493 4647 vel
3519 4597 3625 4661 ipse
3642 4596 3935 4661 respiciaris

721 4685 796 4737 rel
836 4686 919 4736 ille
952 4683 975 4735 .’
1026 4682 1102 4735 Tu
1162 4666 1303 4732 enim
1363 4677 1654 4731 Christiani
1686 4677 1864 4743 populi
1891 4685 2047 4741 caput
2070 4693 2120 4731 es
2147 4686 2195 4731 et
2224 4687 2373 4745 pater
2406 4696 2422 4733 :
2454 4681 2535 4733 cui
2586 4692 2635 4733 et
2679 4682 2933 4750 dignitate
2963 4700 3066 4752 qua
3099 4685 3385 4755 insigniris,
3433 4695 3481 4738 et
3515 4687 3778 4754 probitate
3832 4702 3937 4755 qua

723 4782 911 4849 fulges,
944 4777 1076 4829 bona
1114 4784 1299 4826 cuncta
1329 4785 1377 4825 et
1415 4789 1567 4825 sacra
1606 4773 1791 4824 merito
1812 4772 1915 4825 sint
1944 4773 2168 4825 dicanda
2195 4789 2213 4827 :
2248 4789 2366 4825 cum
2399 4778 2659 4843 praecipue
2688 4776 2929 4828 humana:
2963 4786 3013 4829 et
3054 4778 3243 4830 dicina:
3289 4778 3481 4832 litterte
3517 4782 3826 4837 clarissima:
3852 4783 3939 4850 fa-

724 4875 885 4927 milia,-
921 4882 1021 4925 tutv
1054 4868 1302 4923 Medici-tr:
1323 4868 1608 4935 plurimum
1630 4866 1870 4929 debeant,
1900 4865 2048 4933 cujus
2076 4868 2338 4934 prtecipuo
2367 4868 2538 4921 studio
2569 4880 2617 4922 et
2644 4886 2801 4938 opera
2841 4871 3161 4926 densissimis
3199 4885 3352 4926 antea
3400 4891 3595 4943 presste
3627 4879 3846 4930 tenebris
3882 4888 3934 4929 et

726 4982 826 5032 qua
858 4965 874 5015 i
907 4965 1144 5031 sepulta',
1182 4964 1233 5012 in
1258 4960 1422 5013 lucum
1446 4968 1567 5011 sunt
1597 4960 1830 5013 redditm.
1856 4956 1955 5011 Ille
1980 4975 2098 5011 vero
2127 4961 2311 5012 domus
2342 4972 2443 5013 tace
2469 4961 2714 5014 alumnus
2742 4972 2815 5015 tot
2842 4964 3099 5030 tantisque
3119 4963 3379 5029 beneﬁciis
3399 4975 3468 5016 est
3488 4966 3727 5033 affectus,
3759 4978 3815 5020 ut
3846 4985 3935 5022 ne-

727 5057 892 5122 sciam
923 5054 1155 5121 magisue
1180 5052 1245 5103 sit
1276 5052 1625 5117 perspicuum,
1661 5058 1749 5101 tua
1786 5050 2102 5118 benignitate
2128 5050 2297 5117 ipsum
2324 5066 2432 5103 esse
2458 5050 2594 5120 quod
2625 5059 2700 5103 est
2728 5066 2747 5104 :
2776 5068 2841 5104 an
2872 5053 3073 5105 nullum
3098 5053 3330 5104 studium
3371 5054 3451 5107 illi
3481 5056 3783 5123 propensius
3821 5073 3936 5113 esse

727 5160 874 5208 μυλδε
907 5159 1057 5209 quam
1091 5150 1279 5193 cuncta
1310 5140 1514 5207 efﬁcere
1536 5156 1649 5208 qua:
1678 5138 1744 5190 ad
1776 5138 1996 5191 salutem
2018 5149 2066 5192 et
2088 5139 2315 5208 gloriam
2343 5150 2488 5192 tuam
2515 5150 2751 5207 spectare
2786 5140 3077 5193 rideantur.
3101 5139 3217 5193 Tibi
3238 5142 3400 5210 igitur
3426 5139 3678 5194 Pontifici
3701 5142 3933 5211 Matinio

728 5239 958 5290 dti‘lllltm
994 5241 1087 5287 hoc
1121 5251 1248 5302 opus
1280 5238 1516 5287 dicamus
1543 5242 1593 5286 et
1626 5232 1912 5299 mittimus,
1943 5249 2043 5303 quo
2073 5244 2160 5286 tuo
2186 5234 2481 5303 patrocinio
2505 5242 2552 5286 et
2565 5234 2772 5301 judicio
2796 5235 3073 5299 munitum,
3110 5234 3340 5289 securius
3382 5243 3431 5287 et
3455 5233 3668 5288 liberius
3693 5235 3934 5289 omnibus

729 5346 782 5386 se
812 5330 1082 5399 legendum
1106 5328 1365 5382 exhibeat.
1420 5325 1566 5380 i'ale.
