4090 6324
160 634 224 698 ιδ
879 613 881 617 ’
1275 627 1666 692 COMMENT.
1702 626 1786 688 IN
1824 627 2178 690 PSALMOS;
3270 619 3336 684 to

149 743 434 813 πατρῴους.
496 743 587 794 καὶ
628 741 768 808 ιερὰ,
817 742 912 794 καὶ
969 743 1170 809 γονεῖς,

149 838 280 903 γένη,
318 836 410 886 καὶ
437 833 669 902 ἡλικίας·
700 835 728 884 6
761 833 816 884 δὲ
860 832 1063 885 τούτων
1118 833 1216 901 μὲν
1267 832 1421 886 οὐδὲν
1479 834 1682 901 ἐμεγα-

150 925 420 994 λαύχησεν,
451 923 833 976 ἐπιεικέστατα
876 923 932 975 δὲ
985 924 1122 976 πάνυ
1170 922 1410 993 διεξῆλθε
1453 921 1680 991 rem;

148 1017 226 1067 τὸν
260 1016 297 1066 Γ
299 1013 448 1066 ολιὰύ
479 1014 830 1083 μονομάχιον.

215 1195 350 1246 Ἀλλ⁹
386 1187 538 1256 οὗτος
589 1195 618 1246 6
661 1193 915 1254 τοσοῦτος
958 1194 1050 1250 καὶ
1083 1193 1417 1258 τηλικοῦτος,
1476 1194 1561 1247 ἵνα
1607 1195 1680 1264 μὴ

142 1287 354 1339 ῑκαστον
398 1283 658 1353 διατρίϐω
705 1284 896 1350 λόγον,
952 1282 1338 1348 ἑξευτελίζεται
1390 1284 1488 1354 μὲν
1532 1287 1682 1355 παρὰ

144 1377 226 1428 τοῦ
263 1377 486 1444 πατρὸς,
513 1375 611 1444 τὴν
631 1374 823 1445 ἀρχὴν.
859 1413 874 1427 .
909 1414 922 1429 .
957 1414 970 1428 .
1005 1375 1679 1445 αινομὲνῳςπροσέχοντος,

147 1465 490 1522 ἁποϐἀλλεται
523 1466 569 1516 δ’
606 1467 685 1527 εἰς
723 1465 1007 1534 ποιμένας,
1059 1464 1151 1516 καὶ
1192 1465 1270 1530 (2)
1319 1462 1524 1516 τούτων
1572 1466 1682 1525 τοῖς

143 1562 192 1610 ιν
231 1560 339 1617 τοῖς
385 1555 1062 1628 λοχευομένοιςγὸπισθεν.
1117 1555 1224 1606 Καὶ
1285 1555 1312 1606 6
1357 1556 1457 1619 μὲν
1501 1557 1682 1624 πατὴρ

145 1648 334 1714 ὥσπερ.
369 1685 382 1700 .
431 1687 444 1698 .
483 1684 498 1699 .
541 1646 640 1697 ίοει
667 1647 928 1708 κάτωθεν,
957 1647 986 1697 6
1013 1645 1068 1697 δὲ
1097 1645 1226 1708 Θεὸς
1270 1645 1475 1698 ἄνωθεν
1507 1645 1679 1697 υίοθέ-

142 1755 230 1798 τει,
281 1735 527 1804 καθάπερ
581 1733 858 1804 βασιλικὸν
905 1735 1070 1786 παῖδα
1108 1734 1206 1801 τὴν
1247 1734 1550 1803 βασιλικὴν,
1583 1735 1680 1786 εἶτ’

141 1821 221 1879 οὖν
247 1824 605 1894 ποιμαντικὴν
633 1827 939 1893 ἐπιστήμην
972 1824 1186 1893 πρῶτον
1227 1828 1286 1876 ἐν
1309 1827 1422 1886 τοῖς
1468 1826 1683 1890 ἀλόγοις

143 1917 420 1985 ίκμελετᾷν
473 1919 906 1984 παρεσκεύασεν,
956 1916 1346 1983 ἐπαγρυπνεῖν,
1401 1916 1681 1984 πολεμεῖν,

144 2005 451 2060 κινδυνεύειν
478 2007 578 2073 τῆς
606 2005 862 2073 ποίμνης,
904 2003 1345 2073 παρατάττεσθαι
1394 2005 1531 2075 πρὸς
1583 2005 1681 2073 οῆ-

1226 743 1326 795 κιὶ
1383 743 1676 812 σύμπαντα

1783 757 1922 803 cem,
1954 742 2212 810 patriam,
2276 739 2541 811 majorum
2582 737 2862 811 sepulcra,
2913 739 3059 808 leges
3111 739 3334 810 patrias,

1788 834 2007 901 templa,
2045 838 2300 902 parentes
2332 833 2502 898 ipsos,
2535 841 2589 886 et
2612 845 2830 886 omnem
2851 830 3088 899 denique
3124 839 3335 884 aetatem

1782 912 2015 978 servavit
2054 943 2065 975 :
2103 926 2217 993 ipse
2247 934 2424 978 tamen
2462 925 2514 977 ln
2574 924 2660 979 his
2707 923 2841 978 nihil
2907 923 3170 992 gloriatus
3228 933 3335 984 est,

1782 1015 1876 1069 sed
1910 1015 2184 1084 singulare
2217 1024 2512 1078 certamen,
2566 1014 2717 1083 quod
2761 1015 2863 1069 sibi
2914 1013 3016 1067 fuit
3054 1029 3176 1068 cum
3221 1013 3337 1081 ipso

1781 1103 2019 1171 Goliath,
2056 1115 2265 1160 tantum
2322 1107 2718 1160 modestissime
2749 1106 3010 1160 narravit.

1854 1196 2238 1250 Verumtamen
2272 1199 2359 1251 hic
2386 1206 2572 1252 noster
2622 1203 2808 1250 tantus
2840 1212 2904 1250 ac
2959 1197 3084 1251 talis
3141 1196 3333 1262 David,

1785 1301 1851 1341 ne
1887 1288 2064 1341 omnia
2097 1303 2192 1357 per
2217 1289 2425 1359 singula
2457 1303 2772 1358 persequar,
2807 1287 3095 1358 negligitur
3122 1303 3150 1341 a
3180 1298 3337 1358 patre

1785 1379 1897 1446 (qui
1927 1377 2080 1430 initio
2105 1379 2372 1432 exteriora
2410 1388 2619 1432 tantum
2646 1379 2943 1448 spectabat)
2976 1389 3026 1432 et
3054 1380 3116 1431 ad
3142 1394 3335 1448 greges

1784 1467 2016 1520 mittitur
2079 1476 2131 1520 et
2181 1468 2244 1519 ad
2301 1477 2590 1521 armenta:
2628 1467 2874 1535 quinimo
2927 1467 3121 1522 borum
3169 1469 3331 1521 etiam

1784 1553 1946 1608 fmtas
1980 1569 2106 1609 oves
2144 1555 2494 1623 sequebatur.
2527 1554 2591 1607 Et
2619 1554 3024 1624 pater'quidem
3075 1555 3128 1608 in
3185 1564 3330 1609 terra

1783 1659 1907 1697 eum
1977 1645 2308 1714 abjiciebat,
2385 1645 2674 1700 Deusvcro
2727 1645 2959 1713 desuper
3021 1645 3334 1711 adoptabat.

1782 1750 2016 1804 cumque
2062 1735 2228 1789 veluti
2282 1735 2487 1805 regium
2538 1749 2788 1802 puerum,
2844 1734 3041 1805 regali,
3101 1735 3201 1787 hoc
3254 1744 3335 1787 est

1784 1823 2041 1891 pastorali
2084 1824 2323 1877 scientia:
2350 1825 2585 1892 primum
2633 1837 2849 1886 vacare,
2881 1825 3022 1878 inter
3046 1821 3335 1890 irrationa;

1784 1915 1854 1967 lia
1887 1916 2210 1983 praeparavit
2240 1933 2253 1968 :
2279 1915 2503 1984 vigilare
2532 1913 2755 1980 scilicet,
2793 1923 3004 1969 certare
3031 1929 3128 1982 pro
3151 1927 3331 1982 grege.

1789 2005 2050 2073 periculis
2099 2021 2156 2059 se
2189 2020 2478 2074 opponere,
2512 2006 2842 2059 contendere
2876 2006 3138 2060 adversus
3169 2005 3331 2068 feras,

144 2115 248 2168 ρας,
275 2097 406 2165 πρὸς
443 2095 666 2168 λῃστὰς,
696 2095 831 2163 πρὸς
863 2095 1122 2158 κλέπτας,
1158 2096 1292 2163 πρὸς
1321 2096 1498 2164 λιμὸν,
1543 2096 1680 2164 πρὸς

1784 2097 2048 2157 latrones,
2092 2095 2259 2161 fures,
2287 2095 2506 2158 famem,
2530 2095 2754 2166 frigora,
2791 2094 3061 2149 flammam
3093 2111 3110 2146 :
3141 2095 3337 2165 praeire

143 2188 352 2255 xpap‘ov,
377 2187 512 2255 πρὸς
540 2186 735 2252 φλόγα,
766 2185 1144 2254 προηγεῖσθαι,
1171 2185 1511 2255 παρακαλεῖν
1543 2183 1678 2253 πρὸς

142 2276 321 2343 νομὰς,
372 2277 511 2343 πρὸς
567 2272 744 2338 σκιὰς,
793 2276 871 2335 είς
927 2275 1167 2343 κρήνας,
1221 2276 1305 2336 είς
1356 2269 1675 2342 ποταμοὺς,

141 2368 206 2430 (3)
234 2363 638 2432 ἀνακομεῖσθαι,
672 2365 946 2432 συνάγειν,
976 2368 1044 2434 τῇ
1067 2364 1358 2439 βακτηρίᾳ,
1407 2366 1473 2433 τῇ
1499 2367 1675 2433 φωνῇ,

142 2461 194 2524 τῇ
227 2455 355 2527 ᾠδῇ,
386 2457 450 2524 τῇ
484 2453 725 2522 σύριγγι,
759 2455 1002 2523 τέρπειν,
1038 2453 1246 2521 φοδείν,
1272 2452 1502 2520 διαιτᾷν,
1533 2468 1674 2519 φαρ-

145 2546 400 2614 μακεύειν,
429 2539 504 2597 ὧν
557 2543 810 2595 ἁπάντων
855 2543 1040 2605 τέλος,
1079 2543 1156 2611 μὴ
1210 2541 1462 2595 πιότατον
1495 2541 1677 2610 μόνον

140 2637 396 2698 ἀποδεῖξαι
427 2634 490 2686 τὸ
513 2633 781 2703 ποίμνιον,
803 2633 940 2687 ἀλλά
973 2633 1068 2686 καὶ
1113 2634 1553 2703 σωφρονέστερον
1582 2633 1677 2685 καὶ

143 2725 617 2777 ιῦπαιδευτότατον.
666 2724 826 2777 Ἀλλὰ
858 2725 910 2776 τί
936 2725 1017 2777 δεῖ
1066 2723 1368 2793 μηκύνειν;
1414 2710 1675 2793 Ἔρχεται

147 2817 245 2883 μετ’
289 2804 467 2882 ὀλίγον
500 2817 528 2868 6
585 2815 834 2885 χρίστης,
881 2812 1216 2883 ὲπιζητεῖται
1244 2814 1299 2866 δὲ
1330 2817 1356 2865 6
1388 2814 1677 2884 χρισθῆναι

147 2904 356 2976 μέλλων·
394 2904 673 2973 ἐξέρχεται
702 2904 759 2956 δὲ
786 2906 814 2954 6
841 2902 997 2972 χορὸς
1030 2903 1138 2955 τῶν
1176 2903 1407 2966 παίδων,
1453 2904 1480 2954 6
1509 2901 1676 2963 πολὺς

144 2991 349 3055 ίκεῖνος,
381 2993 410 3044 6
440 2992 600 3054 καλὸς
631 2992 722 3044 καὶ
750 2991 1022 3060 λαμπρὸς.
1055 2992 1354 3045 ἐπιτίθεται
1385 2992 1445 3044 τὸ
1481 2992 1672 3061 κέρας,

147 3083 522 3153 ὑπερτίθεταιύ
556 3082 710 3146 Θεὸς·
759 3082 1144 3151 ἀποδοκιμάζει
1196 3083 1438 3146 τούτους,
1489 3082 1676 3152 ὥσπερ

145 3172 196 3242 δὴ
231 3176 257 3226 6
285 3175 464 3244 πατὴρ
509 3174 600 3226 τὸν
651 3172 833 3229 Δαδίδ.
877 3159 1288 3242 ’Ἂναγκάζεται
1334 3177 1676 3242 παραγαγεῖν

147 3262 286 3322 αὐτὸς
313 3263 342 3312 6
368 3261 661 3327 ὲξουθενῶν
709 3262 802 3313 τὸν
842 3261 1302 3328 ὲξουθενούμενον·
1345 3255 1674 3333 παράγεται,

145 3351 335 3418 χρίεται
371 3351 464 3404 καὶ
515 3353 704 3419 ἄμφω,
743 3351 1019 3419 βασιλείαν
1062 3352 1157 3403 καὶ
1206 3354 1558 3420 προφητείαν·
1598 3354 1675 3424 τῷ

147 3443 234 3510 γὰρ
260 3443 447 3511 κέρατι
476 3443 569 3493 καὶ
607 3440 687 3510 τῷ
724 3441 1015 3508 πνεύματι.
1054 3441 1306 3508 Σύμϐολα
1367 3444 1461 3494 καὶ
1511 3442 1682 3495 ταῦτα

146 3532 222 3582 τιςῦ
247 3533 495 3600 Σωτῆρος
534 3530 711 3599 Ἰησοῦ
740 3531 1051 3601 χρισθέντος
1090 3531 1317 3600 ὕστερον
1347 3535 1424 3594 είς
1458 3533 1684 3602 βασιλέα

146 3639 194 3673 τε
213 3625 301 3675 καὶ
337 3624 487 3676 Θεόν.
523 3624 588 3674 Τί
613 3622 742 3689 γοῦν
765 3624 826 3674 τὸ
855 3622 994 3692 μετὰ
1022 3621 1215 3688 τοῦτο;
1266 3623 1506 3693 Πόλεμος
1531 3623 1686 3676 ἀλλο-

149 3713 311 3779 φύλων
343 3713 628 3780 ἐφίσταται
656 3712 818 3774 πολὺς
856 3712 948 3765 καὶ
985 3713 1194 3782 ἄμαχος
1243 3713 1337 3765 καὶ
1367 3713 1643 3788 ἀμήχανος
1666 3729 1681 3744 ·

148 3805 227 3858 lui.
254 3803 411 3872 ξδροῦ
463 3802 522 3854 δὲ
564 3801 645 3870 τῷ
693 3801 904 3870 βασιλεῖ
958 3801 1052 3854 καὶ
1098 3801 1175 3868 τῷ
1225 3799 1368 3854 levat
1427 3800 1588 3856 παντὶ
1615 3803 1686 3856 τὰ

146 3893 446 3961 πράγματα.
481 3890 816 3960 Παρίσταται
847 3890 906 3943 δι
955 3892 984 3943 6
1025 3889 1260 3960 ρύστης,
1319 3891 1348 3943 6
1402 3893 1685 3962 προφήτης

145 3982 265 4049 ὁμοῦ
317 3983 411 4034 καὶ
451 3981 792 4051 στρατιώτης
847 3981 944 4034 καὶ
983 3979 1256 4050 βασιλεύς.
1296 3980 1684 4060 Ἐξουθψεῐται

150 4076 314 4140 πάλιν,
347 4074 712 4128 ἀποϐάλλεται
751 4074 911 4128 πᾶλιν
939 4091 954 4106 ·
986 4074 1313 4145 ὑπερϐάλλει
1368 4075 1527 4128 πάλιν
1559 4076 1682 4138 τοὺς

146 4167 410 4235 ἀδελφοὺς,
444 4169 512 4237 τῇ
542 4165 910 4236 κακροθυμίᾳ·
943 4165 1035 4218 τὸν
1065 4166 1260 4230 Σαοὺλ,
1290 4169 1356 4235 τῇ
1388 4166 1675 4236 ἀπολογία·

147 4255 223 4306 τὸν
245 4252 456 4316 Γολιὰθ,
507 4255 575 4323 τῇ
614 4253 825 4324 ἀνδρίᾳ·
853 4253 1063 4318 πάντας
1095 4254 1232 4322 ἃμα,
1284 4254 1529 4316 καὶτοὺς
1579 4253 1684 4324 πρὸ

149 4342 318 4409 αὐτοῦ,
349 4344 444 4395 καὶ
486 4343 612 4404 τοὺς
635 4342 755 4409 μετ’
787 4342 950 4396 αὐτὸν
1004 4346 1070 4412 τῇ
1127 4330 1393 4413 ὑπερφυεῖ
1433 4361 1683 4413 γιγαντοο

153 4432 320 4504 μαχίᾳ·
349 4431 514 4496 σώζει
543 4431 748 4496 πάντας
776 4429 860 4497 εἷς
902 4434 1089 4503 φανεὶς
1139 4434 1281 4506 ὑπὲρ
1315 4434 1556 4503 πάντων,
1588 4438 1684 4488 καὶ

151 4524 516 4586 ἀντιστάντων,
540 4523 634 4577 καὶ
659 4522 798 4592 ὑπὲρ
847 4524 1073 4586 πάντας.
1123 4521 1255 4578 Εἶτα
1285 4526 1375 4590 τίς
1405 4527 1684 4595 Συμσασι-

150 4603 296 4679 λεύει,
351 4613 842 4682 συνεκστρατεύει,
898 4615 1320 4685 συγκατορθοῖκ
1361 4617 1558 4686 μᾶλλον
1591 4618 1678 4681 ’δὲ,

1785 2186 1947 2239 etiam
1971 2192 2025 2238 et
2060 2184 2326 2239 advocare
2353 2185 2418 2238 ad
2453 2199 2672 2252 pascua,
2703 2185 2768 2238 ad
2801 2184 3048 2245 umbras,
3100 2184 3166 2237 ad
3208 2181 3332 2236 fon-

1785 2283 1888 2339 tes,
1916 2273 1982 2326 ad
2018 2273 2286 2328 flumina:
2318 2289 2575 2327 revocare
2616 2273 2768 2338 item,
2797 2281 2853 2328 et
2909 2273 2963 2327 in
3007 2287 3179 2346 unum
3236 2271 3334 2326 ad-

1787 2364 2011 2427 ducere,
2043 2367 2210 2432 virga,
2253 2377 2404 2428 voce,
2455 2374 2623 2417 cantu
2681 2372 2737 2417 et
2797 2361 2998 2426 ﬁstula,
3069 2362 3335 2416 delectare

1783 2455 1944 2506 etiam
1979 2469 2042 2507 ac
2074 2466 2376 2520 perterrere
2413 2472 2426 2508 :
2472 2455 2684 2508 vivendi
2712 2469 2956 2507 normam
2989 2455 3248 2522 praebere,
3275 2461 3332 2506 et

1785 2546 2011 2612 mederi,
2051 2561 2279 2614 quorum
2311 2546 2554 2601 omnium
2582 2547 2627 2599 is
2659 2556 2741 2600 est
2777 2545 2918 2610 linis,
2958 2553 3020 2598 ut
3067 2560 3171 2598 non
3215 2545 3336 2612 pin-

1785 2651 1940 2705 guem
1972 2637 2158 2702 modo,
2188 2637 2280 2691 sed
2309 2644 2370 2690 ut
2417 2635 2910 2690 moderatissimum
2944 2635 3127 2696 etiam,
3156 2643 3208 2689 et
3242 2649 3332 2687 ca-

1783 2725 2200 2794 stigatissimum
2234 2741 2448 2796 gregem
2477 2725 2808 2781 ostenderet.
2843 2725 2948 2780 Sed
2997 2723 3130 2794 quid
3160 2725 3331 2792 pluri~

1783 2817 1885 2870 bus
1911 2831 2047 2885 opus
2079 2817 2201 2872 est?
2229 2816 2385 2870 Venit
2416 2815 2575 2885 paulo
2621 2819 2743 2884 p'ost
2777 2824 2971 2870 unctor
3000 2833 3016 2870 :
3050 2813 3334 2885 ungendus

1782 2909 2136 2976 perquiritur.
2186 2905 2444 2960 Procedit
2494 2907 2750 2984 cepiosus
2805 2906 2913 2969 ille,
2973 2906 3221 2974 pulcher,
3279 2917 3335 2960 et

1776 3000 1956 3050 clarus
1997 2997 2225 3051 ﬁliorum
2255 2998 2453 3052 chorus
2487 3014 2500 3050 :
2533 2997 2827 3066 imponitur
2877 3010 3073 3061 cornu,
3140 3008 3332 3064 super-

1783 3090 2006 3159 ponitur
2072 3087 2217 3141 Deus
2281 3105 2295 3142 :
2356 3099 2411 3142 et
2469 3085 2924 3156 quemadmodum
2978 3094 3135 3140 antea
3184 3094 3334 3154 pater

1781 3180 1960 3247 ipsum
1990 3177 2179 3243 David,
2208 3178 2286 3233 sic
2311 3187 2365 3232 et
2399 3177 2539 3232 Deus
2567 3192 2760 3233 outnes
2807 3177 2945 3231 alios
2999 3177 3331 3246 reprobavit.

1782 3271 2003 3339 Cogitur
2025 3279 2180 3338 pater
2202 3269 2295 3337 qui
2323 3269 2649 3338 neglexerat,
2676 3267 2978 3336 neglectum
3013 3283 3042 3321 a
3066 3269 3284 3321 lducere
3316 3287 3331 3321 :

1787 3360 2078 3415 adducitur
2128 3361 2333 3428 itaque,
2396 3365 2450 3412 et
2507 3359 2730 3423 ungitur
2780 3357 2847 3412 ad
2898 3367 3185 3426 utrumque
3219 3374 3232 3411 :
3266 3356 3332 3410 ad
3406 3395 3410 3398 .
3516 3389 3523 3396 ο

1785 3469 2009 3523 regnum
2044 3453 2320 3515 nimirum,
2360 3462 2415 3506 et
2447 3451 2512 3505 ad
2545 3449 2882 3521 prophetiam
2917 3467 3124 3506 :cornu
3163 3453 3334 3521 siqui-

1781 3545 1926 3605 dem,
1955 3553 2006 3598 et
2034 3543 2251 3612 spiritu.
2288 3542 2485 3612 Figura
2528 3551 2684 3597 erant
2731 3542 2846 3596 haec
2904 3540 3199 3597 Salvatoris
3240 3557 3333 3597 no-

1783 3634 1879 3686 stri
1902 3624 2030 3686 Jesu
2058 3632 2286 3695 Christi,
2350 3631 2440 3699 qui
2473 3631 2526 3684 in
2577 3643 2758 3700 regem
2807 3630 3089 3700 ungendus
3117 3639 3253 3695 erat,
3282 3641 3335 3685 et

1781 3724 1838 3778 in
1871 3725 2061 3779 Deum.
2111 3722 2251 3789 Quid
2286 3723 2451 3792 igitur
2497 3732 2619 3792 post
2676 3721 2826 3776 haec?
2871 3722 3070 3777 bellum
3125 3721 3333 3784 adesta

1782 3813 2096 3877 Philistais,
2127 3814 2354 3877 bellum,
2385 3814 2633 3882 inquam,
2666 3813 2875 3883 grande
2903 3835 2914 3867 :
2956 3812 3206 3882 quinimo
3237 3813 3334 3864 im-
3370 3873 3383 3890 ,ἃ

1783 3919 2030 3959 mensum
2058 3912 2113 3959 et
2155 3903 2540 3974 insuperabile.
2573 3903 2772 3957 Omnia
2802 3911 2911 3956 tam
2973 3904 3132 3972 regis,
3167 3917 3334 3971 quam

1782 3993 2056 4048 universa
2083 3991 2262 4062 gentis
2301 3991 2513 4063 negotia
2559 3992 2613 4045 in
2659 4007 2876 4046 summo
2920 3977 3101 4047 erant.
3129 3994 3335 4046 discri-

1783 4085 1928 4138 mine
1977 4103 1990 4137 :
2051 4084 2169 4150 ipse
2231 4093 2415 4137 autem
2452 4083 2711 4137 liberator
2774 4084 2992 4138 advenit
3045 4085 3332 4154 propheta,

1787 4175 1966 4236 miles,
2026 4175 2235 4242 pariter
2285 4180 2342 4228 et
2395 4187 2513 4227 rex.
2569 4171 2870 4243 Negligitur
2922 4189 3111 4229 rursus
3171 4185 3332 4243 atque

1783 4263 2038 4334 abjicitur
2072 4279 2087 4315 :
2125 4271 2180 4317 et
2227 4277 2422 4318 rursus
2467 4263 2607 4332 ipse,
2641 4257 2916 4331 ‘patientia
2968 4278 3066 4319 sua
3116 4265 3333 4325 fratres.

1784 4365 2048 4420 responso
2079 4349 2235 4415 Saul,
2263 4350 2581 4406 fortitudine
2607 4349 2846 4415 Goliatli,
2873 4359 2928 4405 et
2959 4366 3151 4406 omnes
3181 4351 3332 4406 insu-

1782 4457 1900 4511 per,
1932 4442 2023 4511 qui
2074 4450 2205 4495 tunc
2241 4441 2521 4510 temporis,
2576 4448 2632 4494 et
2679 4446 2838 4493 antea
2886 4453 2952 4495 ac
2993 4427 3334 4508 postmodum

1783 4521 2330 4596 fueruntfimmensa
2369 4532 2470 4583 hac
2507 4530 2758 4599 “gigantea
2791 4545 2970 4600 pugna
3003 4533 3282 4601 superavit
3313 4543 3332 4560 ·

1784 4636 2036 4692 unusque
2096 4619 2527 4695 proomnibus,
2579 4627 2769 4673 contra
2829 4633 3042 4683 omnes,
3097 4621 3332 4674 servavit

134 4706 390 4775 ,κατορθοῖ
417 4705 487 4758 τὰ
509 4704 766 4757 λείποντα
783 4721 799 4736 ·
829 4708 957 4774 νικᾷ
983 4709 1106 4768 τοὺς
1139 4707 1234 4776 μὲν
1263 4706 1366 4771 ἔξω
1394 4707 1681 4776 πολεμίους

1785 4728 1995 4768 omnes.
2027 4711 2133 4766 Sed
2160 4711 2293 4779 quid
2324 4710 2584 4779 deinceps
2614 4711 2637 4763 ?
2693 4709 2866 4763 Simul
2910 4717 3118 4777 regnat,
3170 4709 3331 4764 simul

149 4795 246 4856 soi;
275 4795 477 4858 ὅπλοις·
510 4795 602 4847 τὸν
644 4794 792 4847 ἔνδον
842 4796 920 4858 δὲ,
969 4796 1032 4847 τὸ
1082 4795 1295 4860 πνεῦμα
1338 4797 1544 4867 δηλαδὴ
1582 4797 1678 4850 τοῦ

152 4882 326 4947 Σαοὺλ,
358 4887 426 4957 τῇ
459 4885 697 4956 μελῳδίᾳ
717 4902 776 4937 τε
802 4887 893 4938 καὶ
913 4884 990 4953 τῷ
1011 4884 1296 4954 πνεύματι·
1326 4887 1679 4956 στεφανοῦται

152 4975 233 5046 καὶ
257 4975 578 5045 εύφημεῑται
611 4975 761 5046 παρὰ
812 4976 1050 5040 πάντων,
1100 4978 1193 5030 καὶ
1243 4971 1382 5047 ὑπὲρ
1431 4973 1675 5042 πάντας·

151 5063 248 5134 ᾠδὴ
274 5066 482 5132 γίνεται
505 5066 599 5119 καὶ
624 5068 744 5127 ταῖς
766 5065 1028 5134 γυναιξίν·
1071 5065 1358 5130 Ἑκάταξε
1383 5068 1578 5122 Σαοὺλ
1609 5069 1678 5121 ἐν·

153 5154 382 5219 χιλιάσι,
416 5154 514 5208 καί
537 5156 713 5209 Δαϐὶδ
743 5157 813 5210 ἐν
846 5156 1112 5225 μυριάσι.
1142 5159 1441 5215 ,Φθονεῖται
1495 5159 1676 5221 πᾶλιν,

153 5239 407 5315 dubitarat,
439 5243 651 5310 φεύγει,
678 5244 1000 5313 κρύπτεται,
1034 5244 1348 5312 κυκλοῦται,
1377 5246 1567 5299 κυκλοῖ
1595 5245 1687 5298 τὸν

154 5330 512 5395 κυκλώσαντα,
547 5334 642 5384 καὶ
695 5334 790 5402 οὐχ
820 5334 1055 5404 ἁρπάζει
1079 5334 1172 5386 τίιν
1217 5337 1424 5407 καιρὸν,
1459 5337 1520 5389 ού
1551 5336 1690 5404 λαμ·

152 5418 288 5473 σᾰνει
316 5421 414 5475 τοῦ
448 5422 686 5492 πολέμου
723 5423 900 5490 λύσιν,
931 5425 1030 5478 ούκ
1058 5425 1325 5494 ἀμύνεται
1346 5427 1436 5480 τὸν
1458 5426 1648 5498 ἐχθρὸν
1668 5467 1683 5492 ,

153 5509 331 5579 ἀμύνει
372 5511 564 5582 τούτῳ,
613 5513 852 5582 φεύγων,
884 5517 944 5567 οὐ
1005 5516 1080 5586 μή
1129 5532 1182 5568 τι
1239 5517 1399 5571 πάθοι
1445 5519 1682 5588 μᾶλλον,

231 5650 298 5704 'l
336 5652 469 5720 Reg.
507 5666 658 5716 avni,
690 5653 742 5706 7.

1783 4805 2082 4881 exercitum
2110 4803 2283 4866 ducit,
2307 4802 2470 4857 simul
2499 4801 2682 4868 dirigit
2726 4810 2890 4870 atque
2939 4799 3286 4856 administrat
3311 4818 3329 4865 ;

1785 4897 1896 4949 imo
1931 4908 2063 4948 vero
2092 4907 2211 4963 qua:
2236 4892 2448 4962 reliqua
2483 4902 2632 4954 sunt,
2664 4890 2780 4959 ipse
2825 4906 2969 4946 unus
2996 4894 3330 4960 moderatur,

1784 4993 1840 5040 et
1873 4993 2088 5038 exteros
2116 4982 2333 5051 quidem
2366 4980 2634 5046 inimicos,
2673 4982 2860 5046 armis,
2885 4995 3026 5035 'suos
3049 4994 3195 5044 vero,
3222 4981 3331 5035 hoc

1785 5082 1870 5130 est
1903 5074 2076 5142 ipsius
2109 5071 2242 5126 Saul
2278 5070 2546 5138 malignos
2576 5072 2824 5139 spiritus,
2873 5072 3104 5126 melodia
3141 5063 3328 5134 sim‘ul,

1783 5178 1848 5216 ac
1878 5161 2100 5230 spiritu,
2136 5166 2378 5227 superat.
2416 5157 2737 5214 Coronatur
2762 5159 2943 5226 itaque
2986 5167 3041 5212 et
3082 5160 3329 5214 laudatur

1785 5253 1854 5305 ab
1874 5251 2150 5315 omnibus,
2199 5256 2254 5302 et
2281 5261 2445 5316 supra
2477 5261 2688 5308 omnes,
2737 5246 2792 5299 in
2838 5254 3168 5316 cautumque
3197 5249 3328 5318 ipsis

1784 5343 1948 5396 etiam
1967 5340 2190 5394 elfectus
2211 5349 2297 5393 est
2318 5337 2638 5391 mulleribus
2666 5354 2682 5391 :
2710 5335 2973 5390 Percussit
3003 5335 3133 5391 Saul
3160 5339 3326 5399 mille.

1783 5440 1832 5483 et
1886 5429 2049 5483 David
2079 5428 2251 5483 decem
2275 5425 2442 5480 millia
2473 5425 2515 5481 ‘.
2550 5425 2832 5480 luvidetur
2868 5440 3082 5490 rursus,
3140 5442 3325 5496 perse-

1784 5520 2056 5575 cutionem
2096 5519 2321 5588 patitur,
2356 5515 2513 5588 fugit,
2568 5515 2901 5582 occultatur,
2931 5515 3325 5582 circumdatur,
3377 5593 3379 5598 η

1443 5780 1641 5843 Varie
1674 5783 1998 5848 lectiones.

215 5907 284 5982 (ξ)
311 5907 466 5982 Adde
491 5907 738 5982 πρόόατα
760 5907 966 5982 {altat
999 5912 1052 5962 et
1082 5919 1278 5961 sensus
1320 5905 1582 5976 postulat,
1632 5914 1682 5961 et

1783 5910 1948 5966 uinus
1977 5909 2104 5980 legit
2135 5910 2424 5982 interpres.

215 5979 285 6045 (ὅ)
309 5980 507 6043 Ἴσως,
536 5976 982 6047 ἆνακομίζεσθαι.
