4090 6324
756 427 823 492 (ἶ
1961 430 2273 489 ΕΠΤΗΥΜ
2286 431 2303 489 Ι

2405 433 2746 495 ηοΑΒΕΝι
3309 513 3318 520 ι
3892 438 3966 499 ts

750 559 804 603 et
839 549 952 618 ipse
984 546 1409 601 circumdanlem
1447 546 1790 608 circumdat,
1811 561 1907 601 nec
1939 557 2116 601 tamen
2142 564 2302 604 occa-

2405 549 2536 604 ἁλλὰ
2573 553 2646 621 μή
2696 569 2747 603 τι
2786 551 2971 621 δράσοι
2999 553 3328 622 φοϐούμενος
3365 555 3472 608 τῶν
3501 547 3685 625 ὦνπερ
3716 555 3967 624 ἐφοϐεῖτο

753 643 962 694 sionem
998 639 1211 706 arripit,
1245 652 1342 691 nee
1376 635 1502 691 belli
1553 637 1880 692 solutionem
1916 639 2165 701 attendit,
2197 653 2302 693 non

758 730 1040 784 ulciscitur
1105 729 1385 782 inimicum
1423 747 1433 780 :
1469 730 1716 797 quinimo
1773 730 1924 782 illum
1965 730 2184 798 adjuvat
2217 730 2303 783 fu—

753 828 905 895 giens
932 841 993 879 ac
1027 825 1242 884 timens.
1292 839 1398 876 non
1441 833 1498 874 ut
1525 823 1639 890 ipse
1672 822 1812 875 male
1842 811 2120 890 quidpiam
2151 831 2304 889 pate-

757 925 930 978 retur,
995 915 1087 968 sed
1137 917 1335 981 potius,
1391 930 1458 966 ne
1509 914 1773 968 adversus
1830 914 2045 966 Saulem
2101 911 2302 982 aliquid

751 1007 940 1058 eorum
969 1004 1187 1065 faceret,
1221 1019 1338 1073 qua:
1364 1003 1464 1057 sibi
1491 1003 1558 1055 ah
1589 1003 1680 1056 illo
1710 1003 2131 1057 intentabantur.
2159 1003 2303 1055 Adeo

753 1096 897 1147 enim
938 1094 1209 1147 contraria
1239 1093 1353 1146 haec
1384 1106 1488 1146 una
1527 1092 1872 1161 temperavit,
1923 1091 2303 1144 mansuetudi-

758 1201 878 1239 nem
931 1185 1144 1238 scilicet
1173 1193 1226 1237 et
1268 1182 1666 1248 fortitudinem,
1711 1191 1768 1236 ut
1819 1181 2080 1234 fortitudo
2134 1182 2186 1233 in
2238 1194 2303 1234 eo

754 1277 930 1344 major
968 1290 1128 1345 quam
1162 1276 1213 1327 in
1245 1275 1455 1328 caeteris
1483 1290 1497 1326 :
1527 1281 1580 1326 et
1607 1271 1962 1326 mansuetudo
1984 1273 2096 1337 ipsa
2129 1273 2292 1324 etiam

757 1367 1076 1427 fortitudine
1122 1367 1298 1434 major
1341 1366 1767 1433 conspiceretur.
1812 1363 1949 1428 Quid
1987 1362 2143 1416 tum?
2199 1361 2302 1415 Re-

754 1466 884 1526 gnat
913 1473 925 1509 :
956 1455 1268 1525 prophetias
1291 1456 1534 1524 praadicit
1561 1470 1574 1507 :
1610 1454 1809 1507 fatetur
1835 1461 1994 1520 atque
2018 1459 2304 1505 attestatur

755 1547 948 1610 Deum,
984 1554 1037 1600 et
1071 1545 1446 1600 testimonium
1479 1544 1554 1596 illi
1593 1543 1912 1618 perhibetur
1940 1557 1967 1594 a
2015 1542 2143 1601 Deo.
2179 1555 2304 1608 pro-

755 1638 1096 1704 mittiturque
1147 1635 1236 1697 ei,
1287 1635 1429 1703 quod
1471 1642 1725 1687 atternam
1783 1632 1962 1686 sedem
2021 1632 2301 1684 habiturus

755 1731 847 1787 sit,
915 1735 968 1781 et
1016 1727 1334 1780 haereditate
1393 1733 1562 1780 totum
1617 1726 1800 1779 orhem
1865 1732 2297 1777 consecuturus:

753 1820 1003 1886 ipsasque
1033 1817 1238 1881 stellas,
1267 1816 1614 1869 multitudine
1641 1831 1703 1868 ac
1736 1813 2142 1883 pulchritudine
2168 1811 2304 1864 filio-

2410 641 2618 694 παθεῖν.
2655 642 2918 696 Τοσοῦτον
2963 643 3191 711 ἐκέρασε
3246 647 3526 711 τάναντία,
3563 648 3841 715 πραότητα
3871 649 3964 699 καὶ

2407 730 2502 799 τὴν
2528 732 2768 800 ἀνδρίαν,
2802 730 2876 793 ὡς
2917 729 3056 785 εἶναι
3102 734 3199 802 τὴν
3233 736 3330 804 μὲν
3371 737 3592 806 ἀνδρίαν
3621 737 3789 788 αὑτοῦ
3845 737 3958 804 μεί-

2407 819 2532 881 ζονα
2558 821 2664 872 τῶν
2698 821 2754 872 ὲν
2799 820 2976 882 ἄλλοις
2996 837 3011 850 ·
3039 823 3210 890 αὐτῆς
3253 824 3310 876 δέ
3334 841 3396 889 γε
3423 825 3625 895 ταύτης
3671 822 3822 887 αὖθις
3864 823 3968 893 τὴν

2405 908 2726 963 ἐπιείκειαν.
2751 911 2814 961 Τί
2837 910 2944 976 Eri;
2981 909 3284 975 Βασιλεύει,
3311 915 3665 985 προφητεύει,
3693 915 3968 984 μαρτυρεί

2403 1000 2556 1065 Θεὸν,
2607 1003 2962 1071 μαρτυρεῖται
3010 1001 3158 1072 παρὰ
3197 1001 3354 1068 Θεοῦ,
3404 1003 3836 1074 διαμαρτύρεται
3868 1004 3965 1056 τὸν

2403 1090 2592 1160 θρόνον
2649 1093 2864 1144 αεώνιον
2910 1091 3074 1157 ἕξειν,
3107 1092 3198 1145 τὸν
3252 1094 3456 1163 κόσμον
3502 1095 3964 1166 κληρονομήσειν,

2403 1183 2525 1244 τοὺς
2555 1183 2790 1251 ἀστέρας
2824 1182 3259 1252 ὑπερϐάλλεσθαι
3285 1185 3362 1252 τῷ
3391 1187 3586 1256 πλήθει
3611 1187 3705 1241 καὶ
3728 1188 3807 1260 τῷ
3834 1189 3969 1241 κάλ·

2403 1272 2484 1324 λει
2510 1273 2618 1324 τῶν
2655 1273 2877 1326 παίδων.
2915 1270 3067 1337 Εἶτα,
3105 1273 3270 1344 βαϐαὶ
3301 1277 3399 1346 τῆς
3424 1281 3746 1348 συμφορᾶςί
3798 1280 3967 1349 βαϐαὶ

2404 1363 2500 1431 τῆς
2542 1362 2877 1432 μεταϐολῆςῑ
2930 1367 2960 1418 6
3006 1365 3282 1432 ἐκλεκτὸς,
3319 1367 3472 1434 ἄφνω
3516 1371 3720 1438 μοιχός·
3754 1373 3782 1422 6
3826 1385 3965 1438 προ-

2404 1452 2604 1520 φήτης,
2637 1450 2873 1521 ἔκφρων·
2908 1454 2935 1506 6
2955 1452 3304 1524 θεοφόρητος,
3336 1458 3600 1526 ὲκμανήςο
3627 1459 3655 1508 6
3684 1456 3963 1524 ἀληθινὸς,

2402 1543 2637 1611 δολερός·
2690 1545 2718 1594 6
2757 1543 2980 1613 ποιμὴν,
3032 1544 3323 1615 λῃστήςηό
3375 1547 3574 1616 σωτὴρ,
3616 1548 3964 1615 ἀνδροφόνος.

2415 1633 2696 1685 Ἐντεῦθεν
2722 1633 2753 1701 ἡ
2788 1630 3055 1704 μεταϐολή
3086 1637 3198 1689 ἐστι
3226 1637 3322 1704 τῆς
3344 1639 3586 1705 γνώμης,
3624 1639 3715 1689 καὶ
3744 1640 3810 1688 τὰ
3843 1635 3964 1687 τολ-

2403 1723 2630 1792 μὴματα
2653 1741 2665 1754 ·
2697 1725 2904 1776 ἐκεῖθεν
2940 1726 2972 1793 ἡ
3023 1726 3191 1795 ἐποχή
3235 1727 3342 1778 τῶν
3395 1728 3752 1796 κρουμάτων,
3789 1725 3889 1778 καὶ
3930 1728 3964 1792 ὴ

2401 1829 2492 1867 του
2528 1815 2837 1884 πνεύματος
2894 1816 3146 1886 συινςτολή⁹
3187 1815 3434 1868 ἐντεῦθεν
3484 1818 3516 1885 ἡ
3569 1815 3836 1884 ὲναλλαγὴ
3865 1816 3962 1867 τοῦ

755 1925 875 1962 rum
911 1917 1288 1977 superatur-us.
1345 1905 1546 1960 Deinde
1581 1907 1634 1973 (0
1664 1885 2042 1967 calamitatem,
2080 1917 2111 1956 0
2159 1903 2301 1956 cele-

2407 1905 2547 1974 βίου,
2579 1907 2670 1958 καὶ
2699 1907 2730 1972 ὴ
2769 1906 2876 1958 τῶν
2907 1907 3088 1958 κακῶν
3115 1885 3390 1958 θάλασσα’
3423 1905 3670 1958 ἐντεῦθεν
3696 1905 3756 1957 ού
3796 1904 3966 1972 μόνον

756 2015 867 2054 rem
905 1999 1336 2066 mulationem!)
1372 1998 1462 2066 qui
1496 2005 1652 2050 antea
1674 1998 1876 2050 electus
1903 2002 2040 2060 erat,
2081 2000 2298 2063 repente

754 2090 988 2158 edicitur
1032 2089 1247 2143 adulter
1279 2106 1290 2139 :
1323 2088 1416 2156 qui
1473 2086 1756 2156 prepheta,
1794 2099 1980 2138 amens
2012 2102 2026 2135 :
2055 2085 2143 2152 qui
2193 2083 2298 2136 Deo

760 2180 972 2234 afﬂatus
1021 2186 1157 2242 erat,
1217 2179 1486 2231 insanus:
1521 2176 1613 2244 qui
1669 2190 1854 2234 verax.
1917 2174 2136 2227 dolosus
2165 2189 2178 2224 :
2207 2173 2296 2240 qui

754 2285 956 2342 pastor,
986 2273 1142 2332 latro
1179 2288 1190 2322 :
1230 2272 1322 2338 qui
1375 2276 1640 2330 servator,
1675 2265 1964 2318 homicida.
2001 2261 2144 2318 Hinc
2170 2279 2300 2317 con-

754 2365 857 2419 silii
888 2363 1113 2416 mutatio
1139 2369 1191 2413 et
1219 2368 1327 2412 tam
1361 2355 1595 2427 grandes
1627 2371 1794 2410 ausus
1829 2374 1843 2410 :
1883 2356 2029 2410 illinc
2064 2355 2297 2408 musices

755 2452 1010 2512 cessatio,
1041 2459 1095 2503 et
1127 2447 1432 2502 contractio
1490 2447 1724 2514 spiritus
1761 2461 1775 2498 :
1810 2446 1934 2500 hinc
1959 2454 2010 2499 et
2045 2446 2165 2498 vitae
2200 2448 2300 2497 iiii-

752 2542 1005 2605 mutatio,
1038 2549 1092 2592 et
1120 2539 1479 2606 plurimorum
1519 2537 1779 2588 malorum
1818 2550 1964 2590 mare
1999 2552 2012 2587 :
2053 2536 2178 2588 hinc
2205 2535 2297 2604 qui

748 2631 984 2685 numine
1017 2639 1132 2682 erat
1169 2629 1486 2691 instinctus,
1517 2641 1621 2680 non
1650 2627 1808 2679 modo
1843 2627 2089 2694 privatur
2129 2625 2298 2694 inspi-

755 2722 966 2774 ratione
993 2719 1081 2772 illa
1113 2726 1368 2786 ’superna
1408 2732 1420 2766 :
1456 2717 1550 2770 sed
1584 2727 1636 2770 et
1667 2716 1758 2785 qui
1795 2727 1947 2784 pater
1978 2724 2110 2778 erat,
2141 2716 2300 2767 orba-

691 2857 694 2862 .
757 2820 842 2862 tur
871 2809 1074 2863 liberis.
1137 2808 1201 2859 Et
1251 2806 1511 2868 filiorum,
1569 2805 1659 2858 alii
1711 2805 1926 2874 quidem
1980 2803 2196 2856 scelesti
2246 2812 2299 2855 et

754 2915 1004 2953 sororum
1038 2908 1386 2968 corruptores
1427 2917 1438 2950 :
1473 2897 1562 2949 alii
1601 2897 1682 2951 his
1714 2899 1874 2950 etiam
1931 2894 2296 2954 seelestiores,

754 2990 1044 3044 fratricida
1088 2990 1295 3042 scilicet
1334 3002 1397 3040 ac
1425 2989 1712 3057 parricidas
1756 2988 1887 3040 fiunt
1921 3007 1934 3041 :
1967 3000 2019 3042 et
2065 2989 2156 3056 qui
2204 3003 2294 3040 rex

755 3089 896 3143 erat,
930 3081 1273 3133 errabundus
1314 3079 1371 3130 [lt
1397 3095 1412 3128 :
1443 3080 1534 3144 qui
1568 3087 1841 3143 pugnator
1870 3078 2126 3146 optimus,
2161 3078 2304 3144 fugi-—

751 3173 898 3225 tivus
929 3189 941 3222 :
967 3172 1059 3239 qui
1087 3181 1291 3238 pastor,
1315 3171 1674 3234 montivagos.
1705 3167 1891 3220 Omnis
1906 3168 2137 3234 denique
2169 3182 2302 3233 prae-

2403 1997 2431 2048 6
2461 1995 2666 2058 ἔνθους.
2697 1996 2921 2058 ἄπνους,
2973 1996 3073 2064 τὴν
3115 1995 3320 2048 ἄνωθεν
3351 1996 3491 2063 λέγω
3527 1994 3768 2058 πνεῦσιν,
3824 1995 3967 2048 ἀλλὰ

2405 2087 2501 2138 καὶ
2527 2087 2556 2137 6
2587 2086 2788 2154 πατὴρ,
2836 2086 3022 2147 ἄπαις.
3077 2087 3168 2138 καὶ
3198 2087 3246 2137 οί
3287 2087 3495 2149 παῖδες,
3525 2088 3573 2138 οἱ
3623 2089 3723 2156 μὲν
3773 2089 3964 2156 μιαροὶ

2404 2176 2496 2226 καὶ
2526 2175 2935 2244 ἀδελφοφθόροι’
2961 2177 3007 2228 ot
3031 2175 3110 2236 δι,
3133 2176 3224 2227 καὶ
3255 2175 3584 2246 μιαρώτεροι
3607 2177 3832 2240 τούτων,
3867 2178 3966 2230 καὶ

2404 2264 2801 2334 ἀδελφοκτόνοι,
2831 2265 2926 2317 καὶ
2949 2265 3292 2334 πατραλοίαι·
3326 2266 3419 2317 καὶ
3447 2266 3716 2334 βασιλεὺς,
3747 2268 3965 2334 πλανήο

2402 2371 2500 2424 της
2524 2371 2537 2386 ο
2572 2356 2664 2406 καὶ
2690 2356 2717 2406 6
2747 2357 3019 2424 ἀριστεὺς,
3057 2355 3252 2422 φυγά;’
3290 2356 3383 2407 καὶ
3430 2358 3458 2408 6
3504 2359 3728 2427 ποιμὴν,
3777 2359 3967 2427 όρςιὰ-

2403 2432 2587 2507 λωτος·
2627 2446 2722 2497 καὶ
2746 2447 2850 2507 πᾶς
2879 2447 2906 2496 6
2930 2446 3178 2515 λαμπρὸς
3208 2442 3354 2509 οἶκος
3387 2450 3591 2509 ἐκεῖνος
3624 2451 3716 2500 καὶ
3747 2449 3964 2517 θρόνος,

2403 2537 2480 2596 είς
2524 2535 2624 2604 γῆν
2662 2536 3123 2604 κατερῤαγμένος.
3173 2537 3450 2588 Ἐντεῦθεν
3499 2542 3526 2590 6
3577 2538 3730 2606 λιμὸς
3780 2541 3877 2591 καὶ
3932 2544 3963 2604 ἡ

2403 2626 2554 2694 τῆξις
2585 2628 2679 2677 καὶ
2720 2627 2748 2677 6
2784 2626 2952 2688 δεινὸς
2989 2627 3295 2695 μετάμελος
3326 2645 3430 2680 των
3462 2630 3836 2698 πραχθέντωνο
3870 2631 3964 2680 ἰν-

2401 2717 2588 2768 τεῦθεν
2615 2718 2647 2786 ἡ
2676 2716 2834 2786 καινὴ
2885 2717 2976 2768 καὶ
3018 2717 3218 2788 τριπλὴ
3265 2721 3360 2772 καὶ
3389 2719 3732 2788 καθημερινὴ
3759 2717 3924 2770 θυσία
3944 2733 3958 2745 ·

2402 2808 2509 2859 τῶν
2541 2807 2639 2876 μὲν
2699 2807 2988 2876 ὀφθαλμῶν
3039 2810 3088 2860 οι
3121 2810 3418 2878 νυκτερινοὶ
3455 2811 3668 2875 κρουνοὶ
3711 2811 3802 2861 καὶ
3832 2809 3963 2860 λου-

2403 2897 2589 2966 τῆρες’
2621 2896 2720 2963 τῆς
2740 2896 2795 2947 δὲ
2827 2896 3053 2966 καρδίας
3075 2899 3108 2965 ἡ
3143 2900 3402 2966 συντριϐὴ
3437 2904 3532 2950 καὶ
3565 2901 3613 2950 οί
3639 2900 3957 2964 στεναγμοί·

2403 2988 2500 3053 τῆς
2532 2985 2588 3035 δὲ
2617 2983 2864 3052 γλώσσης
2891 2986 2921 3053 ἡ
2949 2985 3199 3054 διηνεκὴς
3227 2987 3357 3053 εὐχὴ
3407 2991 3497 3039 καὶ
3536 2989 3924 3057 ἐξομολόγησις
3943 3004 3959 3017 ·

2404 3075 2588 3125 ἐκεῖνα
2616 3077 2682 3125 τὰ
2705 3074 3012 3142 τραύματα,
3039 3075 3207 3127 ταῦτα
3241 3075 3308 3128 τὰ
3354 3076 3643 3145 φάρμακα,
3672 3077 3704 3145 ἢ
3739 3078 3788 3129 οῑ
3818 3093 3963 3130 καυ-

2405 3165 2590 3233 τήρες,
2617 3164 2648 3215 ἣ
2682 3165 2737 3215 αί
2764 3165 2948 3233 τομαί,

755 3261 898 3312 clara
926 3259 1014 3310 illa
1054 3257 1269 3316 domus.
1301 3272 1363 3307 ac
1393 3257 1572 3315 sedes,
1614 3255 1666 3306 in
1720 3264 1916 3308 terram
1971 3247 2291 3307 collabitur.
2321 3240 2452 3303 Hinc
2501 3253 2664 3305 etiam
2722 3259 2775 3304 et
2807 3251 2998 3314 fames.
3030 3261 3084 3306 et
3113 3253 3426 3320 tabefactio,
3491 3263 3544 3309 et
3596 3256 3776 3325 gravis
3829 3271 3961 3324 pce-

759 3351 1002 3403 catorum’
1033 3349 1345 3417 paenitentia
1383 3366 1396 3401 :
1437 3348 1564 3400 hinc
1626 3348 1820 3414 triplex
1871 3347 2022 3412 illud,
2095 3355 2148 3397 et
2199 3356 2514 3414 perpetuum
2589 3345 2915 3397 sacrificium
2957 3361 2970 3398 :

3052 3347 3336 3401 oculorum
3401 3350 3643 3403 videlicet
3702 3354 3959 3404 nocturni

758 3447 935 3496 fluxus
989 3453 1053 3492 ac
1110 3440 1344 3493 latices:
1380 3441 1559 3493 cordis
1608 3441 1865 3493 contritio
1914 3448 1968 3493 et
2023 3441 2293 3506 gemitus:
2340 3438 2640 3504 linguaeque
2687 3439 2917 3491 assidue
2977 3451 3182 3508 preces,
3211 3449 3266 3494 et
3312 3452 3569 3496 conStans
3625 3443 3904 3498 confessio
3944 3467 3958 3503 ε

760 3538 850 3589 illa
880 3531 1096 3597 quidem
1128 3530 1372 3594 vulnera,
1420 3531 1524 3586 ista
1553 3539 1733 3583 autem
1763 3532 2140 3592 medicamina,
2171 3529 2502 3588 adustiones.
2538 3527 2853 3582 inrisiones.

828 3627 930 3680 Sed
962 3641 1042 3678 inc
1076 3625 1277 3675 interea
1311 3621 1783 3683 haec‘narrantem,
1817 3635 1950 3689 pene
1983 3619 2124 3688 quod
2160 3619 2304 3672 incc-
2331 3624 2370 3677 C

761 3729 964 3784 peram,
991 3713 1148 3781 fugit,
1186 3712 1452 3764 orationis
1482 3711 1848 3779 propositum,
1873 3711 2000 3765 dum
2033 3694 2299 3776 pluribus,

761 3822 878 3872 qua:
919 3821 1039 3859 sese
1069 3802 1324 3866 offerunt,
1358 3817 1570 3869 semper
1612 3801 1886 3855 detineor.
1922 3803 2078 3854 Astat
2115 3784 2304 3854 rursus

765 3904 884 3962 post
917 3903 1216 3962 peccatum,
1246 3891 1504 3960 propheta
1537 3891 1829 3958 prephette,
1865 3889 2029 3942 veluti
2061 3887 2303 3940 medicus

763 3985 971 4037 medico
1007 3984 1284 4050 a'grotanti
1315 3996 1377 4035 ac
1401 3982 1666 4034 dubitanti
1705 3997 1718 4032 :
1767 3989 1822 4033 et
1847 3978 2299 4047 quemadmodum

760 4086 913 4127 antea
957 4081 1148 4125 unctor
1177 4073 1446 4135 astiterat,
1498 4071 1567 4123 ita
1600 4081 1652 4122 et
1701 4084 1842 4122 nunc
1871 4083 1975 4121 non
2009 4068 2166 4121 modo
2224 4067 2304 4119 di~

761 4169 1040 4235 gnitatem.
1076 4165 1169 4219 sed
1199 4166 1449 4234 spiritum
1481 4165 1646 4216 etiam
1679 4163 1982 4223 ablaturus,
2017 4161 2062 4213 si
2115 4161 2164 4212 in
2201 4160 2302 4212 ali-

683 4294 696 4296 —
757 4273 872 4327 quo
925 4257 1258 4323 deliquisset,
1307 4252 1465 4322 'quod
1528 4252 1594 4305 ad
1649 4251 1919 4320 propriam
1969 4250 2301 4305 sanationem

761 4348 1059 4419 pertineret
1094 4367 1105 4399 :
1142 4348 1185 4400 si
1221 4347 1414 4399 vulnus
1463 4346 1710 4404 celasset,
1756 4343 1799 4394 si
1856 4340 2182 4409 reprehendi
2209 4354 2303 4391 ne—

763 4437 1040 4504 glexisset.
1070 4435 1293 4486 Astabat
1329 4433 1548 4500 pariter,
1571 4431 1817 4484 vindicta:
1847 4429 2010 4495 hujus
2033 4429 2302 4492 minister,

763 4527 902 4578 sicut
932 4532 1087 4576 antea
1120 4535 1305 4576 custos
1340 4533 1390 4574 et
1418 4521 1632 4588 adiutor
1667 4519 1898 4579 validus,
1948 4520 2020 4571 ita
2067 4527 2121 4572 et
2164 4535 2305 4572 nunc

764 4617 960 4668 vindex
989 4613 1252 4666 terribilis
1286 4613 1528 4680 angelus,
1563 4621 1775 4664 exserto
1811 4610 1996 4678 gladio
2027 4628 2037 4661 :
2065 4618 2116 4662 et
2141 4611 2303 4662 ictum

767 4701 970 4755 inferre
1004 4701 1396 4767 paratissimus,
1426 4699 1525 4750 nisi
1560 4699 1646 4749 ille
1673 4705 1858 4750 contra
1893 4711 1952 4750 se
1991 4696 2300 4763 suffragium

769 4793 1004 4851 tulisset,
1047 4803 1110 4842 ac
1161 4789 1384 4856 prepria
1435 4787 1702 4839 sententia
1766 4787 2002 4839 divinam
2055 4786 2305 4839 solvisset

765 4883 1112 4935 sententiam.
1145 4880 1209 4932 Et
1238 4879 1361 4930 hinc
1384 4877 1601 4944 quidem
1631 4877 1854 4928 aderant
1889 4893 1900 4927 :
1929 4877 2016 4929 ille
2043 4877 2225 4944 iudicii
2254 4886 2306 4928 et

2487 3618 2626 3668 Ἀλλ’
2657 3620 2683 3669 6
2724 3617 2821 3686 μὲν
2854 3619 2944 3670 καὶ
2990 3620 3192 3688 μεταξὺ
3238 3623 3574 3692 παρέδραμε,
3610 3625 3704 3676 καὶ
3731 3625 3757 3677 6
3797 3625 3964 3693 λόγος

2405 3711 2736 3777 παρήνεγκε,
2772 3710 2879 3761 τῶν
2914 3711 3052 3762 κατὰ
3077 3711 3244 3774 πόδας
3267 3714 3352 3764 ἀεὶ
3383 3715 3658 3782 ἐχόμενος.
3701 3717 3962 3784 Ἐφίσταο

2401 3812 2489 3848 ται
2523 3801 2658 3865 μετὰ
2688 3799 2786 3866 τὴν
2818 3798 3022 3850 πτῶσιν
3054 3799 3216 3852 πάλιν
3243 3801 3321 3869 τῷ
3361 3805 3615 3874 προφήτῃ
3652 3809 3958 3876 προφήτης,

2403 3888 2652 3954 καθάπερ
2689 3886 2868 3955 ἰατρὸς
2893 3887 3059 3955 ἰατρῷ
3087 3888 3326 3940 νοσοῦντι
3362 3891 3454 3942 καὶ
3501 3892 3814 3960 ἀποροῦντι,
3856 3898 3959 3946 καὶ

2403 3977 2590 4044 ὥσπερ
2619 3978 2840 4046 χρίστης
2865 3978 2924 4029 τὸ
2954 3978 3235 4048 πρότερον,
3264 3979 3406 4032 οὕτω
3441 3982 3535 4034 νῦν
3571 3986 3868 4053 ἁψαιρέτης
3893 3990 3960 4040 οὺ

2402 4066 2494 4117 τοῦ
2524 4067 2826 4135 ἀξςώματος
2859 4067 3040 4136 μόνον,
3076 4069 3212 4122 ἀλλά
3251 4073 3343 4124 καὶ
3376 4073 3539 4125 αὑτοῦ
3571 4074 3663 4127 τοῦ
3706 4077 3958 4144 πνεύμα-

2403 4173 2516 4219 τος,
2536 4157 2589 4208 εἴ
2615 4174 2667 4207 τι
2700 4159 3059 4227 κακουργήσει
3098 4159 3225 4229 περὶ
3255 4161 3354 4229 τὴν
3391 4163 3652 4233 ίατρείαν,
3694 4167 3790 4218 καὶ⁵
3820 4168 3963 4219 ἁπο-

2405 4249 2599 4329 κρύψει
2633 4250 2692 4301 τὸ
2716 4251 2956 4316 τραῦμα,
2985 4252 3079 4302 καὶ
3117 4251 3550 4322 ἁποδυσπετήσει
3593 4255 3681 4310 τὸν
3710 4257 3956 4325 ἔλεγχον.

2407 4338 2795 4406 Συνεφίσταται
2842 4341 2898 4391 δὲ
2948 4342 3042 4392 καὶ
3073 4341 3342 4412 ὑπουργὸς
3369 4345 3529 4412 τῆσδε
3561 4349 3656 4414 τῆς
3687 4347 3956 4414 ἐκδικίας,

2406 4429 2656 4497 καθάπερ
2682 4417 2906 4498 comptu
2939 4431 3112 4497 φύλαξ
3156 4435 3250 4484 καὶ
3301 4433 3488 4503 βοηθὸς
3543 4438 3778 4505 ἰσχυρὸς,
3811 4438 3961 4491 οὓτω

2407 4519 2499 4569 καὶ
2518 4519 2610 4569 νῦν
2636 4519 2870 4587 τιμωρὸς
2900 4519 3145 4585 ἄγγελος,
3164 4524 3262 4589 τὴν
3295 4526 3563 4590 ῥομφαίαν
3585 4527 3678 4577 καὶ
3700 4539 3961 4596 κατενεγ-

2408 4612 2520 4661 κεῖν
2549 4609 2764 4679 ἓτοιμος
2811 4610 2908 4671 ὢν,
2961 4615 3009 4662 εἰ
3057 4615 3130 4679 μὴ
3187 4615 3434 4675 κάκεῖνος
3471 4618 3585 4667 καθ’
3623 4618 3815 4670 ἑαυτοῦ
3853 4623 3961 4692 τὴν

2407 4699 2581 4768 ψῆφον
2627 4701 2940 4780 ἐξενεγκὼν,
2993 4703 3140 4754 λύσει
3198 4705 3296 4771 τὴν
3347 4707 3612 4774 ἀπόφασιν
3663 4711 3956 4777 ἀποφάσει.

2421 4788 2696 4841 Ἐντεῦθεν
2727 4789 2754 4839 6
2786 4790 3080 4860 ὑποκριτὴς
3108 4792 3205 4861 τῆς
3244 4794 3418 4863 δίκης,
3457 4797 3552 4847 καὶ
3593 4797 3621 4847 6
3665 4799 3958 4871 ὲκδικητὴς

2409 4878 2655 4944 ἄγγελος·
2709 4879 2913 4932 ικείθεν
2948 4883 2976 4932 6
3024 4885 3522 4953 ἁπροσωπόληπτος
3556 4887 3833 4955 δικαστὴς,
3860 4894 3956 4943 καὶ

764 4987 944 5026 causa:
989 4972 1252 5024 conﬁcior
1285 4966 1515 5028 Nathan,
1551 4975 1605 5020 et
1651 4968 1843 5021 vindex
1865 4968 2085 5035 angelus
2117 4987 2130 5020 :
2158 4967 2303 5019 illinc

2412 4969 2530 5020 καθ’
2552 4969 2743 5020 ἑαυτοῦ
2769 4970 2865 5038 τὴν
2894 4972 3118 5040 γνώμην
3145 4974 3410 5043 ἐκφέρων,
3431 4979 3524 5028 καὶ
3550 4980 3956 5049 συντομώτερον

765 5072 942 5114 autem
1005 5061 1117 5127 ipse
1171 5059 1331 5123 judex
1370 5055 1556 5121 David,
1604 5071 1950 5124 personarqu
2004 5071 2109 5108 non
2160 5071 2313 5110 acce—

764 5160 910 5219 ptor,
945 5161 996 5202 c'.
1019 5149 1109 5214 qui
1139 5149 1398 5200 adversus
1422 5163 1480 5200 se
1508 5148 1629 5199 tulit
1656 5143 2000 5207 sententiain:
2024 5162 2127 5214 qua
2156 5145 2311 5213 jacu-

766 5240 871 5290 lum
917 5239 1081 5291 citius
1134 5237 1351 5298 evulsit,
1410 5251 1571 5302 quam
1630 5236 1948 5303 suscepisset

766 5419 869 5482 xit,
923 5418 1014 5468 sed
1076 5418 1250 5483 ipsum
1315 5417 1475 5469 etiam
1533 5416 1732 5467 vulnus
1771 5429 1988 5481 prorsus
2040 5415 2236 5467 delevit
2287 5432 2298 5466 :

769 5521 941 5578 neque
996 5505 1138 5557 enim
1182 5503 1554 5557 tantummodo
1589 5505 1826 5570 pepercit
1860 5520 1874 5558 :
1909 5505 1999 5557 sed
2032 5512 2084 5558 et
2117 5507 2304 5557 abstu-

762 5596 822 5648 lit
851 5605 1146 5662 peccatuin.
1178 5592 1386 5646 Rursus
1417 5593 1598 5660 itaque
1625 5593 1803 5645 divina
1830 5594 1999 5660 gratia
2065 5605 2117 5647 et
2152 5610 2342 5649 rursus
2383 5598 2608 5664 spiritus
2643 5617 2656 5651 :

2409 5057 2604 5121 ἐξελὼν
2635 5058 2696 5110 τὸ
2725 5058 2896 5126 βέλος,
2916 5062 3060 5127 ἥπερ
3090 5061 3326 5128 ἐδέξατο,
3358 5068 3451 5118 καὶ
3481 5070 3508 5118 ό
3531 5069 3660 5130 Θεὸς
3678 5071 3740 5121 ού
3770 5087 3956 5123 συνου-

2410 5146 2515 5198 λῶν
2553 5151 2732 5216 μόνον,
2771 5149 2903 5200 ἀλλὰ
2931 5151 3024 5201 καὶ
3059 5150 3351 5219 ὲξαλείφων
3370 5157 3432 5208 τὸ
3467 5160 3705 5226 τραῦμα.
3738 5163 3828 5232 Μὴ
3845 5166 3954 5234 γὰρ

1999 5253 2012 5288 :
2061 5244 2114 5288 et
2174 5234 2312 5287 Deus
2410 5239 2706 5305 συγχωρῶν
2739 5238 2915 5306 μόνον,
2954 5239 3092 5293 ἀλλὰ
3121 5242 3212 5293 καὶ
3245 5244 3498 5313 ἀφαιρῶν
3526 5248 3586 5299 τὸ
3625 5235 3950 5321 ἁμάρτημα.

763 5328 964 5395 pariter
995 5345 1006 5377 :
1045 5328 1134 5393 qui
1165 5326 1469 5379 cicatricem
1503 5325 1707 5376 vulneri
1751 5340 1855 5377 non
1909 5335 2117 5377 tantum
2155 5325 2312 5377 indu-

2410 5327 2518 5377 Παλ
2531 5346 2576 5378 ιν
2601 5328 2659 5379 τὸ
2685 5329 2942 5396 χάρισμα,
2973 5330 3129 5382 πάλιν
3157 5333 3215 5384 τὸ
3244 5336 3480 5403 πνεῦμα,
3515 5340 3676 5392 πάλιν
3704 5343 3770 5394 τὰ
3798 5347 3956 5409 κρούο

2414 5434 2576 5483 ματα,
2620 5421 2779 5468 πάλιν
2808 5417 2866 5468 τὸ
2904 5423 3044 5472 κατὰ
3092 5425 3308 5477 πάντων
3343 5428 3561 5495 κράτος,
3611 5436 3701 5485 καὶ
3743 5436 3798 5486 αι
3833 5453 3956 5488 συν-

2409 5508 2592 5574 θῆκαι,
2630 5511 2723 5560 καὶ
2746 5508 2838 5576 τῆς
2863 5511 3154 5580 υἱοθεσίας,
3188 5518 3281 5567 καὶ
3315 5519 3410 5588 τῆς
3440 5520 3819 5595 θεοπατορίας.

2748 5616 2937 5659 τυῐευε
2990 5607 3106 5659 SOlli
3171 5622 3231 5660 ac
3280 5621 3472 5665 cautus
3507 5630 3520 5664 Ζ
3555 5630 3743 5670 ηιτειιε
3793 5633 3956 5689 διερῇ]

765 5692 1248 5786 omnes-potestas:
1283 5699 1470 5738 rursus
1507 5687 1770 5755 promissa
1801 5695 1851 5741 ct
1883 5698 2055 5756 pacta,
2090 5699 2196 5743 tam
2267 5690 2332 5745 de
2363 5693 2482 5762 ejus
2532 5680 2839 5766 adeptione,
2868 5715 3029 5768 quam
3094 5702 3239 5771 quod
3288 5705 3354 5759 de
3397 5705 3514 5774 ejus
3571 5710 3729 5766 etiam
3789 5680 3957 5786 sti'rpe

763 5778 914 5831 nasci
943 5777 1158 5831 deberet
1181 5776 1340 5832 Deus.
