4090 6324
604 193 668 254 δι
1840 184 2219 254 EUTHYMH
2252 196 2611 257 ZlGABENI
3757 200 3844 255 32

598 307 797 362 docent
821 311 874 362 et
901 313 1133 376 tempus.
1167 305 1228 360 lu
1290 320 1501 361 summa
1550 304 1638 361 hic
1686 306 1824 361 liber
1867 321 2159 360 cummune

2269 310 2534 378 κτημένον
2556 310 2871 381 φάρμακον,
2905 308 2996 362 καὶ
3032 308 3230 370 πάντες
3259 307 3309 361 οί
3335 305 3486 375 λόγοι
3515 307 3684 361 πᾶσιν
3730 307 3844 359 άν-

597 406 682 453 est
717 398 990 468 quoddam
1023 398 1308 464 medicina:
1347 399 1806 469 promptuarium,
1849 409 1900 454 et
1948 399 2162 465 passio-

600 503 730 542 num
782 489 1027 544 omnium
1077 490 1449 546 certissimum
1513 489 1851 544 remedium:
1905 489 2163 557 illiusque

598 580 764 634 verba
811 581 976 650 (quod
997 579 1159 634 etiam
1193 580 1350 635 valde
1375 581 1756 635 admirandum
1784 587 1888 645 est,
1919 588 1972 634 et
2001 579 2165 647 hujus

500 711 506 715 .
597 671 780 738 operis
812 671 1119 742 proprium)
1144 673 1404 728 omnibus
1433 681 1748 744 congruunt
1782 680 1944 740 atque
1974 681 2165 741 aptan-

600 774 692 816 tur
744 763 1078 819 hominibus.
1137 763 1292 819 Nulla
1359 777 1443 830 est
1504 766 1670 835 igitur
1720 766 1862 819 inter
1918 764 2164 818 homines

600 853 766 917 actio,
817 854 968 908 nulla
1011 855 1172 917 ratio,
1223 855 1369 909 nulla
1406 855 1641 920 aﬂ'cctio,
1695 856 1839 910 nulla
1886 857 2162 924 cogitatio,

599 946 757 1010 cujus
775 946 1097 999 medicinam
1135 945 1223 1000 hic
1249 947 1492 1001 invenire
1522 961 1628 1001 non
1666 948 1846 1016 possis
1879 947 2164 1000 :cumulus

601 1035 745 1088 enim
793 1042 846 1089 et
897 1051 1126 1090 acervus
1176 1036 1395 1106 quidam
1443 1053 1627 1093 rerum
1659 1037 1935 1101 est,on.ni
1971 1038 2162 1106 plenus

599 1124 722 1179 vita:
749 1127 1188 1190 conversatione,
1209 1129 1356 1182 omni
1381 1128 1839 1198 contemplatione
1870 1147 1883 1181 :
1909 1144 1972 1181 ac
1999 1127 2166 1182 vcluti

484 1285 490 1289 _
599 1231 740 1282 penu
768 1216 1040 1287 quoddam
1081 1217 1344 1272 doctrinm
1374 1220 1676 1288 publicum,
1713 1205 2163 1288 unicuique'apta

596 1316 650 1360 et
695 1308 1074 1362 convenientia
1115 1309 1416 1363 distribuit.
1456 1307 1590 1362 Nam
1634 1319 1685 1364 et
1715 1309 1937 1377 antiqua
1968 1315 2166 1378 purgat

600 1397 850 1460 vulnera.
885 1409 941 1454 et
963 1416 1138 1469 nuper
1169 1401 1334 1454 illatis
1365 1400 1599 1455 celerem
1627 1401 2000 1455 liberationem
2029 1415 2169 1470 prae-

597 1497 726 1545 stat.
761 1490 992 1560 Insuper
1019 1493 1162 1561 quod
1195 1492 1462 1562 integrum
1487 1501 1596 1558 est,
1641 1506 1832 1546 sanum
1865 1490 2167 1545 sincerum-

595 1596 704 1643 que
753 1593 1088 1638 conservat:
1129 1584 1534 1638 multitudinem
1574 1597 1699 1637 vero
1734 1582 1906 1650 ipsam
1941 1594 2165 1650 prorsus

2267 399 2505 469 θρώποις
2525 402 2862 472 ,ἁρμόζουσιν
2901 401 2932 453 δ
2963 400 3057 453 καὶ
3087 399 3559 470 θαυμασιώτατον,
3592 399 3686 452 καὶ
3729 398 3846 465 τῆς

2268 491 2450 560 βίϐλου
2485 491 2686 562 ταύτης
2711 491 3024 547 ίδιαίτατον.
3044 489 3340 564 pumiceo:
3381 485 3475 542 οὖν
3512 491 3570 541 ὲν
3619 488 3848 558 ἀνθρὼ-

2266 599 2410 646 ποις,
2437 584 2498 636 οὐ
2538 583 2849 653 πρᾶξις,φῦ
2888 583 3066 650 λόγος,
3097 583 3159 636 οὐ
3198 583 3390 644 πάθος,
3444 581 3505 633 οὗ
3535 581 3842 650 διανόημα,

2267 668 2328 725 οὗ
2361 674 2435 743 μὴ
2465 674 2567 744 τὴν
2597 674 2838 744 ίατρείαν
2864 672 3018 742 εὕροι
3055 691 3139 734 τις
3176 671 3410 725 ἐνταῦθα
3441 687 3455 701 ·
3492 672 3848 740 συμφόρημα.

2268 767 2375 836 γάρ
2413 768 2529 819 ἐστι
2587 765 2770 835 πάσης
2821 763 3057 833 ἔμπλεον
3115 762 3349 831 θεωρίας
3404 761 3499 813 καὶ
3533 761 3845 822 πολιτείας,

2266 857 2526 924 δημόσιον
2549 857 2772 926 ταμεῖον
2803 851 3151 914 διδασκαλίας
3182 849 3559 918 παρεχόμενον
3596 847 3847 900 ἐνταῦθα

2267 949 2328 1000 τὸ
2355 948 2664 1018 πρόσφορον
2697 962 2711 975 ’
2742 945 2810 999 τά
2838 963 2893 997 τε
2918 943 3026 1013 γάρ
3056 943 3261 994 παλαιά
3303 940 3594 1010 τραύματα
3635 938 3850 991 καθαί-

2273 1056 2374 1106 ρει,
2408 1037 2500 1090 καὶ
2527 1037 2605 1106 τῷ
2635 1036 2916 1106 νεοτρώτῳ
2950 1033 3174 1102 ταχεῖαν
3219 1031 3432 1083 δίδωσιν
3489 1028 3846 1097 ἀπαλλαγὴν,

2267 1132 2359 1182 καὶ
2393 1128 2727 1198 τὸᾼάκέραιον
2758 1127 3030 1196 συντηρεῖ,
3065 1123 3158 1177 καὶ
3175 1122 3401 1176 καθόλου
3429 1125 3535 1175 πᾶν
3561 1119 3729 1183 πάθος
3755 1118 3851 1189 (ὅ)

2268 1193 2592 1286 ἐξαιρεῖται,
2614 1215 2707 1268 καὶ
2726 1212 2884 1314 τοῆτο
2911 1193 3049 1283 μετά
3073 1229 3216 1275 τινος
3241 1210 3515 1280 ἐμμελοῦς
3569 1211 3849 1279 ψυχαγω-

2270 1310 2394 1375 γίας
2427 1308 2522 1361 καὶ
2557 1301 2836 1377 σώφρονος
2882 1305 3098 1374 ἡδονῆς,
3155 1305 3240 1356 ῖνα
3298 1302 3376 1372 τῷ
3422 1303 3686 1366 προσηνεῖ
3741 1301 3852 1353 καὶ.

2268 1400 2394 1468 λείῳ
2420 1400 2518 1468 τῆς
2532 1398 2704 1468 άκοῆς
2734 1395 3036 1465 λεληθότως
3067 1393 3453 1470 ὑποδεξὼμεθα
3480 1393 3576 1462 τὴν
3623 1394 3686 1443 ἐκ
3726 1390 3852 1443 τῶν

2268 1490 2441 1558 λόγων
2473 1491 2763 1559 ὠφέλειαν,
2792 1491 2934 1542 κατά
2963 1488 3088 1550 τοὺς
3121 1488 3317 1556 σοφοὺς
3345 1484 3454 1539 τῶν
3483 1482 3704 1554 ίατρῶν,
3752 1481 3847 1533 οἵ-

2267 1599 2414 1644 τινες
2441 1581 2536 1634 ἐπὶ
2568 1580 2675 1634 τῶν
2705 1581 3128 1652 αὑστηροτέρων
3161 1579 3494 1649 φαρμάκων,
3532 1574 3709 1645 μέλιτι
3735 1577 3852 1642 τὴν

598 1672 770 1726 allicit
796 1689 860 1727 ac
889 1674 1083 1729 suadet
1123 1675 1276 1728 suavi
1305 1675 1536 1744 quadam
1571 1688 1694 1729 cum
1725 1673 2085 1728 deleatatione
2112 1679 2165 1758 et

2270 1635 2469 1726 xenia:
2500 1635 2901 1742 nsptxpiouaw':
2929 1635 3085 1724 Οὕτω
3114 1635 3348 1740 γοῦν.
3384 1635 3492 1739 μὲν.
3511 1635 3706 1728 δοκεῖν,
3736 1635 3849 1733 με-

601 1764 828 1818 honesta
859 1768 1136 1836 voluptate
1169 1785 1181 1818 :
1223 1767 1356 1819 adeo
1397 1773 1452 1819 ut
1491 1781 1586 1833 per
1623 1764 1875 1819 blandam
1904 1771 1956 1817 et
1991 1757 2163 1818 lenem

2271 1763 2549 1834 λῳδοῦμεν
2581 1780 2596 1795 ο
2630 1767 2695 1834 τῇ
2730 1763 2772 1817 δ’
2800 1763 3052 1833 ἀληθεία,
3083 1763 3182 1824 τὰς
3213 1761 3390 1832 ψυχὰς
3437 1757 3851 1828 παιδευόμεθα,

598 1854 746 1908 illam
807 1871 1018 1920 vocem,
1075 1857 1366 1910 utilitatem
1420 1866 1472 1909 et
1521 1854 1865 1910 commodum
1934 1853 2165 1906 latenter

2273 1855 2365 1906 καὶ
2397 1855 2494 1923 τὴν
2532 1855 2753 1926 μνήμην
2778 1855 2887 1908 τῶν
2922 1854 3095 1921 λόγων
3120 1854 3317 1922 ἔχομεν
3347 1852 3738 1920 ἀνεξάληπτον.

596 1949 763 2002 etiam
823 1960 1182 2019 reportemus,
1222 1949 1372 2019 juxta
1430 1947 1757 2017 prudentum
1813 1944 2152 1999 medicorum
2194 1954 2481 2013 praecepta,
2505 1949 2620 2014 qui,
2646 1947 2700 2001 in
2736 1947 3131 2003 austerioribus
3189 1945 3516 2013 pltarmacis,
3581 1945 3853 2012 poculum

599 2044 790 2113 inungi
837 2043 1030 2113 jubcnt
1061 2044 1217 2099 melle
1252 2061 1266 2097 :
1304 2044 1373 2096 ita
1426 2051 1480 2096 et
1527 2056 1648 2102 nos,
1693 2046 2012 2110 apparenter
2043 2035 2284 2105 quidem,
2311 2037 2470 2094 dulce
2501 2053 2566 2094 ac
2593 2054 2760 2094 suave
2784 2039 2955 2094 melos
3024 2040 3271 2094 canimus
3306 2057 3322 2096 :
3361 2054 3443 2093 're
3510 2037 3628 2107 ipsa
3713 2051 3852 2093 vero

599 2139 810 2192 animas
834 2137 1141 2202 erudimus,
1175 2145 1227 2189 et
1256 2136 1564 2189 divinorum
1590 2134 1929 2202 eloquiorum
1951 2130 2269 2186 memoriam
2312 2132 2655 2188 indelebilem
2683 2149 3096 2190 conservamus.

672 2230 926 2284 Psalmus
965 2244 1146 2282 sermo
1183 2240 1235 2282 et
1261 2229 1609 2282 conversatio
1636 2235 1719 2281 est
1746 2241 1868 2280 cum
1902 2224 2029 2287 Deo,
2057 2239 2164 2277 an-

2335 2227 2587 2294 Ψαλμδς,
2623 2228 2808 2297 ὁμιλία
2866 2228 3004 2299 πρὸς
3041 2228 3194 2291 Θεὸν,
3253 2228 3497 2296 ἀγγέλων
3551 2228 3846 2298 ἐπαγωγὴ.

598 2322 847 2390 ιριοῐυιιι
904 2320 1142 2383 allectio,
1206 2319 1387 2374 alacer
1411 2320 1604 2372 anima:
1659 2317 1794 2372 ordo
1854 2330 1920 2372 ac
1969 2324 2165 2379 status,

2269 2319 2535 2386 δαιμόνων
2568 2319 2864 2390 ἀπαγωγὴ,
2896 2319 3078 2388 ψυχῆς
3122 2317 3284 2389 ἱλαρὰ
3323 2321 3673 2382 κατάστασις,
3727 2319 3851 2371 τῶν

601 2412 785 2466 diurni
819 2412 1023 2466 InbOris
1055 2412 1233 2480 quies,
1268 2409 1521 2464 nocturni
1558 2409 1769 2464 timoris
1809 2407 2164 2478 propulsatio,

2269 2411 2365 2480 τῆς
2395 2412 2607 2481 ἡμέρας
2643 2411 2821 2464 πόνων
2844 2411 3179 2476 ἀνάπαυσις,
3214 2409 3325 2461 τῶν
3357 2411 3482 2479 τῆς,
3507 2410 3698 2471 νυκτὸς
3743 2409 3847 2477 φό-

598 2506 862 2574 juvenum
918 2512 972 2558 et
1023 2519 1194 2574 nuper
1241 2499 1679 2558 introductorum
1739 2501 1946 2572 regula,
1999 2500 2165 2571 proii-

2269 2504 2378 2554 ϐων
2404 2502 2782 2572 ἀλεξητήριον,
2815 2499 3188 2571 εἰσαγομένων
3228 2502 3589 2570 στοιχείωσις,
3640 2517 3846 2568 προκο-

602 2597 865 2651 cientium
930 2595 1307 2664 adjumentum
1344 2633 1359 2657 ,
1431 2591 1794 2662 perfecturum
1864 2589 2163 2655 solidatio,

2271 2596 2514 2648 πτόντων
2544 2593 2791 2663 αὔξησις,
2863 2592 3258 2662 τελειοομὲνων
3312 2592 3621 2662 ἑδραίωσις,
3669 2593 3846 2644 ὅπλον

603 2687 828 2754 clypcus
857 2673 1268 2753 insuperabilis,
1293 2693 1673 2738 ornamentum
1697 2681 2165 2756 decentissimum,

2269 2683 2500 2756 ἄμαχον,
2547 2685 2751 2753 κόσμος
2799 2683 3104 2748 κάλλιστος,
3162 2681 3521 2750 βασιλεῦσιν,
3570 2679 3845 2746 ίδιὼταις,

604 2750 848 2845 regibus,
876 2750 1124 2846 privatis,
1159 2774 1520 2846 principibus.
1554 2774 1793 2843 p0pulis,
1825 2750 2090 2827 milﬁibns
2113 2778 2165 2826 et

2270 2750 2551 2846 ἄρχονσιν,
2579 2750 2924 2845 ἀρχομένοις,
2971 2770 3362 2844 στρατιώταις,
3417 2768 3842 2840 ἀστρατεύτοις,

603 2869 732 2923 belli
767 2870 993 2939 ignaris,
1033 2868 1376 2936 sapientibus
1409 2875 1462 2921 et
1499 2866 1753 2930 rudibus,
1795 2864 2077 2919 monachis
2115 2871 2165 2919 el

2274 2869 2476 2934 σοφοῖς,
2531 2865 2794 2934 ἀμαθέσι,
2856 2867 3193 2934 μονασταῖς.ο·
3223 2849 3567 2924 πολιτικοῖς.’
3604 2859 3843 2930 ἱερεῦσι,

604 2956 838 3020 civibus,
903 2956 1276 3012 saccrdOtibus
1341 2964 1395 3009 ct
1449 2956 1717 3024 plebibus,
1771 2953 2169 3008 habitatoribus

2272 2958 2497 3023 λαῖκοῖς,
2529 2955 2889 3028 ἡπειρώταις,
2944 2955 3262 3023 νησιώταις,
3306 2954 3592 3023 γεωργοῖς,
3651 2951 3845 3004 ναυτί-

606 3046 940 3101 continentis
965 3055 1126 3114 atque
1155 3045 1446 3107 insulanis,
1475 3044 1750 3114 agricolis,
1791 3044 1992 3110 nautis,
2034 3043 2165 3097 arti-

2269 3052 2402 3117 λοις,
2432 3050 2721 3119 τεχνίταις,
2753 3049 3015 3117 ἀτέκνοις,
3048 3047 3298 3115 ἀνδράσι,
3328 3045 3565 3116 γυναιξὶ,
3584 3044 3850 3113 γέρουσιδ

608 3137 800 3191 ticibus
821 3143 873 3189 et
901 3137 1099 3189 artium
1125 3136 1350 3204 ignaris,
1384 3135 1539 3199 viris,
1558 3136 2162 3202 mulieribus,senibus,

607 3227 1048 3282 adolescentibus
1080 3245 1093 3281 :
1149 3227 1298 3280 omni
1324 3227 1563 3295 denique
1595 3237 1820 3291 natum,
1863 3227 2030 3292 aetati,
2060 3228 2171 3283 for-

608 3332 774 3384 tuna,
832 3319 1136 3389 proposito,
1185 3329 1238 3374 et
1291 3319 1657 3374 communiter
1715 3329 1768 3372 et
1823 3320 2073 3388 privatim
2116 3328 2172 3374 et

610 3422 846 3477 semper,
887 3417 994 3462 tam
1035 3409 1180 3462 domi
1223 3425 1385 3484 quam
1435 3409 1488 3461 in
1537 3408 1677 3474 foro,
1720 3409 1774 3461 in
1804 3409 2074 3472 ecclesiis,
2116 3411 2168 3462 in

605 3500 775 3570 agris,
812 3499 864 3553 in
897 3498 1306 3565 solitudinibus,
1339 3501 1394 3554 in
1431 3500 1716 3555 itincribus
1745 3506 1799 3555 et
1837 3500 2091 3556 omnibus
2115 3501 2169 3556 in

607 3592 788 3647 locis:
841 3599 896 3647 et
936 3603 1020 3648 cst
1078 3592 1316 3662 denique
1371 3593 1532 3648 sicuti
1586 3593 1728 3648 aeris
1777 3593 2029 3662 spiratio,
2077 3599 2170 3646 aut

608 3683 749 3738 lucis
777 3683 991 3748 eﬂ‘usio,
1013 3693 1106 3737 aut
1132 3698 1261 3738 usus
1302 3685 1442 3753 ignis
1472 3692 1526 3738 et
1555 3697 1728 3752 aqua,
1769 3691 1864 3736 aut
1889 3686 2172 3752 quodcun-

607 3788 716 3844 que
753 3773 900 3828 aliud
956 3788 1148 3828 eorum
1184 3789 1302 3844 qua:
1349 3774 1506 3829 valde
1572 3775 1881 3838 communia
1941 3784 2069 3830 sunt
2120 3784 2173 3829 ct

608 3866 785 3920 utilia.
837 3864 1103 3936 Quodque
1135 3859 1498 3921 admiratione
1549 3865 1778 3919 maxime
1801 3865 2025 3935 dignum
2062 3873 2168 3934 est,

605 3961 942 4027 psalmorum
972 3969 1164 4014 cantus
1212 3973 1318 4012 non
1341 3959 1688 4028 interrumpit
1715 3974 1890 4028 neque
1914 3959 2171 4016 distrahit

606 4049 676 4122 ab
705 4050 966 4116 cperibus
994 4067 1006 4103 :
1042 4049 1288 4118 quinimo
1320 4052 1697 4118 operantibus,
1728 4051 1865 4120 ipsa
1898 4052 2171 4106 suavitate

607 4153 671 4193 ac
733 4140 987 4202 melodia,
1049 4142 1422 4196 austeritatem
1477 4141 1607 4196 lenit
1654 4141 1899 4196 laborum
1933 4157 2167 4212 quorum

604 4229 848 4283 omnium
893 4244 1035 4284 unus
1064 4241 1149 4285 est
1175 4231 1345 4308 ﬁnis:
1397 4239 1455 4286 ut
1488 4232 1704 4287 scilicet
1732 4233 2042 4303 huiusmodi
2083 4235 2170 4289 die

605 4319 850 4388 scipulns
899 4321 1097 4383 bonus,
1121 4323 1338 4389 sapiens
1356 4322 1641 4385 eﬂiciatur,
1668 4333 1723 4377 et
1755 4322 1913 4380 Deus.
1939 4326 2168 4384 Abunde

605 4410 771 4479 igitur
793 4411 1029 4466 diximus
1063 4428 1312 4482 quaenam
1357 4425 1411 4467 et
1462 4425 1594 4482 quot
1638 4414 1746 4469 sint
1776 4415 1936 4484 huius
1984 4421 2166 4486 operis

603 4503 958 4567 intentiones,
1000 4513 1052 4556 et
1082 4514 1284 4574 quanta
1313 4519 1377 4557 ex
1409 4505 1493 4560 his
1531 4507 1816 4560 commoda
1858 4522 2165 4578 consequa.

602 4607 747 4654 mur,
805 4599 858 4648 et
901 4595 1025 4662 quis
1067 4593 1212 4647 ﬁnis.
1267 4593 1455 4648 Restat
1517 4610 1661 4649 nunc
1702 4607 1761 4649 ut
1800 4597 2162 4665 disseramus,

603 4683 670 4737 an
708 4687 960 4754 proprius
984 4686 1053 4739 sit
1086 4685 1172 4738 hic
1210 4685 1345 4738 liber
1377 4686 1515 4740 beati
1553 4686 1740 4752 David,
1777 4699 1829 4742 et
1856 4691 1924 4745 ab
1950 4705 2014 4744 eo
2045 4663 2162 4745 solo

601 4777 884 4832 confectus
914 4777 1006 4849 [an
1028 4780 1191 4833 etiam
1220 4779 1287 4832 ab
1321 4778 1464 4850 aliis]
1497 4797 1511 4832 :
1542 4795 1702 4850 quam
1746 4783 2159 4851 appellationem

603 4870 820 4924 habeat.
863 4870 1002 4936 Quid
1059 4870 1127 4924 sit
1177 4871 1522 4940 psalterium,
1564 4873 1701 4940 quid
1749 4877 1980 4942 psaltus,
2030 4877 2160 4945 quid

599 4956 867 5026 psalmus,
916 4959 1045 5026 quid
1082 4958 1420 5028 psalmodus,
1463 4960 1606 5029 quid.
1645 4961 1974 5031 diapsalma,
2023 4965 2158 5036 quid

599 5049 1043 5118 canticum,quid
1076 5049 1332 5120 hymnus,
1362 5050 1491 5118 quid
1527 5051 1665 5116 laus,
1700 5054 1830 5121 quid
1857 5055 2156 5119 confessio,

600 5140 731 5208 quid
772 5141 968 5203 oratio,
1026 5142 1156 5209 quid
1195 5151 1400 5206 votum,
1432 5142 1563 5210 quid
1605 5145 1875 5201 canticum
1914 5147 2110 5224 psalmi
2143 5165 2156 5200 :

2269 3143 2434 3204 νέοις,
2457 3141 2607 3212 πάσῃ
2630 3140 2792 3208 φύσει
2826 3139 2921 3192 καὶ
2950 3137 3160 3208 ἡλικία,
3196 3139 3291 3190 καὶ
3320 3137 3482 3208 τύχῃ,
3513 3137 3610 3188 καὶ
3640 3149 3844 3203 προαι-

2274 3233 2446 3303 ρέσει,
2471 3231 2567 3284 καὶ
2590 3232 2770 3298 κοινῇ,
2796 3229 2890 3282 καὶ
2920 3228 3172 3300 ίδίᾳίκαὶ
3203 3229 3454 3292 πάντοτε,
3509 3227 3604 3279 καὶ
3647 3227 3705 3278 ἐν
3758 3223 3844 3278 of.

2270 3341 2410 3388 κοις,
2464 3325 2559 3376 καὶ
2605 3323 2663 3375 ὲν
2709 3321 2960 3390 ἀγοραῖς,
3005 3319 3100 3373 καὶ
3159 3320 3216 3371 ἐν
3261 3318 3599 3388 ἐκκλησίαις.
3639 3315 3734 3370 καὶ
3775 3319 3843 3370 ἑν

2273 3418 2484 3488 ἀγροῖς,
2516 3413 2610 3468 καὶ
2637 3417 2695 3466 ὲν
2730 3413 3010 3484 ἐρημίαις,
3040 3413 3133 3465 καὶ
3161 3414 3220 3466 ὲν
3248 3412 3405 3477 ὁδοῖς,
3437 3411 3533 3464 καὶ
3558 3409 3842 3479 πανταχῆ,

2272 3509 2522 3576 καθάπερ
2551 3506 2711 3575 ἀέρος
2729 3504 3020 3575 πνεῦσις,ἢ
3046 3505 3223 3575 φωτὸς
3251 3503 3426 3576 χύσις,
3448 3505 3480 3573 ἢ
3509 3503 3677 3575 πυρὸς
3698 3501 3843 3573 χρῆ-

2273 3616 2358 3663 σις
2391 3598 2486 3652 καὶ
2523 3597 2734 3660 ὓδατος,
2759 3597 2792 3668 ἢ
2821 3597 2923 3650 ὅσα
2945 3597 3052 3649 τῶν
3093 3595 3404 3664 πὰγχοίνων
3445 3611 3505 3646 τε
3550 3595 3646 3647 καὶ
3693 3609 3843 3660 παγ-

2273 3691 2539 3760 χρήστων.
2574 3690 2684 3742 Καὶ
2712 3688 2772 3742 τὸ
2801 3686 3269 3760 παραδοξώτατον,
3302 3685 3422 3756 μηδ’
3452 3683 3842 3753 ἀφισταμένων

2270 3783 2379 3835 τῶν
2406 3779 2601 3850 ἔργων,
2625 3781 2763 3834 άλλά
2793 3781 2888 3833 καὶ
2913 3778 3042 3841 τοὺς
3072 3778 3350 3849 καμάτους
3375 3777 3464 3830 διὰ
3507 3776 3605 3846 τῆς
3657 3773 3840 3844 μελῳ-

2269 3875 2384 3935 δίας
2415 3871 2862 3942 ὲπικουφὶζουσιν
2895 3889 2910 3904 ⁸
2962 3865 3040 3926 ὧν
3071 3870 3290 3924 πάντων
3310 3869 3466 3931 τέλος
3495 3867 3575 3931 ἓν,
3628 3864 3842 3932 ἀγαθὸν

2271 3963 2524 4031 γενέσθαι
2579 3962 2669 4015 τὸν
2713 3961 2918 4016 τούτων
2977 3958 3254 4030 μαθητὴν,
3310 3960 3407 4013 καὶ
3477 3957 3679 4026 σοφὸν,
3738 3955 3840 4007 καὶ

2269 4056 2423 4113 Θεὸν.
2444 4055 2599 4118 Τίνες
2627 4053 2726 4124 μὶν
2750 4051 2843 4106 οὖν
2863 4053 2914 4106 οἱ
2945 4051 3139 4105 σκοποὶ
3168 4051 3270 4119 τῆς
3294 4049 3575 4119 παρούσης
3624 4046 3838 4118 βίϐλου,

2269 4148 2364 4199 καὶ
2394 4147 2576 4209 πόσοι,
2609 4145 2699 4199 καὶ
2721 4144 2844 4197 τίνα
2870 4143 2938 4197 τὰ
2970 4144 3238 4214 χρήσιμα,
3263 4142 3360 4194 καὶ
3385 4142 3537 4193 ποῖον
3566 4139 3627 4191 τὸ
3653 4137 3837 4205 τέλος,
3882 4201 3886 4204 ν

2271 4241 2472 4302 ἱκανῶς
2502 4239 2828 4309 εἰρήκαμεν.
2855 4236 3054 4289 Λοιπὸν
3092 4235 3138 4288 δ’
3178 4234 3245 4287 ἂν
3275 4232 3360 4302 εἴη
3396 4232 3592 4298 λέγειν,
3624 4230 3672 4281 εἰ
3701 4245 3837 4298 γνη-

2271 4333 2360 4387 σία
2386 4333 2478 4385 καὶ
2505 4331 2666 4400 μόνον
2703 4327 2865 4382 Δαϐὶδ
2889 4329 2922 4396 ὴ
2954 4326 3153 4394 βίϐλος,
3180 4327 3372 4379 ὁποίαν
3395 4340 3451 4378 τε
3477 4323 3665 4392 κλῆσιν
3695 4320 3836 4390 ἔχει,

2273 4427 2367 4480 καὶ
2401 4426 2452 4478 τί
2483 4428 2597 4478 ἐστι
2627 4404 2958 4492 Ψαλτήριον,
2984 4422 3074 4474 καὶ
3099 4420 3151 4471 τί
3176 4419 3396 4488 ψαλτὴν,
3434 4419 3526 4470 καὶ
3575 4414 3628 4467 τί
3691 4414 3836 4482 ψαλ-

2276 4516 2397 4582 μδς,
2434 4516 2528 4566 καὶ
2554 4514 2605 4565 τί
2628 4512 2938 4582 ψαλμῳδὸς,
2961 4510 3054 4563 καὶ
3082 4509 3132 4561 τί
3159 4509 3458 4578 διάψαλμα.
3486 4505 3579 4558 καὶ
3610 4504 3661 4558 τί
3695 4503 3835 4574 ᾠδὴν

2272 4606 2432 4658 καὶτί
2461 4585 2650 4671 ⁸ὗμνος,
2667 4604 2761 4654 καὶ
2781 4601 2831 4654 τί
2854 4596 3020 4662 αἶνος,
3044 4601 3136 4652 καὶ
3152 4601 3204 4651 τί
3227 4600 3631 4668 ἐξομολόγησις,
3657 4597 3753 4656 καὶ
3777 4596 3832 4647 τί

2273 4694 2570 4766 προσευχὴ,
2592 4694 2682 4744 καὶ
2696 4691 2744 4744 τί
2767 4693 2918 4761 εὐχὴ,
2947 4691 3039 4744 καὶ
3056 4691 3107 4742 τί
3127 4691 3237 4758 ᾠδὴ
3259 4691 3494 4758 ψαλμοῦ,
3518 4692 3610 4742 καὶ
3630 4689 3680 4740 τί
3696 4689 3833 4756 ψαλ-

2274 4788 2370 4857 μδς
2417 4786 2559 4855 ᾠδῆς
2588 4824 2602 4848 ,
2680 4783 2832 4835 πόσοι
2887 4782 3090 4850 ψαλμοὶ
3114 4821 3140 4858 ,_
3181 4781 3298 4834 καὶι
3339 4780 3476 4833 διλτί
3547 4779 3828 4842 τοσοίτοι,

2270 4880 2362 4932 καὶ
2400 4880 2550 4946 παρὰ
2576 4877 2712 4938 τίνος
2765 4875 3148 4942 συνελέγησαν,
3177 4874 3329 4926 πόσοι
3369 4874 3625 4944 ἀρχῳδοὶ,
3673 4871 3831 4923 πόσοι

2272 4969 2444 5041 χοροὶ,
2472 4970 2566 5020 καὶ
2601 4971 2663 5019 ἐκ
2693 4967 2883 5027 ποίων,
2915 4967 3010 5018 καὶ
3045 4963 3188 5018 διατί
3220 4965 3490 5040 τοσοῦτοι,
3509 4963 3600 5015 καὶ
3635 4965 3697 5016 ὲκ
3741 4979 3830 5014 το-

2271 5063 2496 5122 σούτων,
2509 5061 2586 5124 τίς
2611 5057 2887 5130 ήδιαφορὰ
2904 5055 3286 5128 τοῦψαλτῆρος
3304 5057 3439 5128 πρὸς
3459 5056 3527 5109 τὰ
3545 5056 3679 5110 ἄλλα
3701 5074 3830 5125 μου-

2264 5153 2400 5206 σικά
2420 5152 2649 5223 ὄργανα,
2665 5151 2747 5209 τίς
2762 5153 2795 5219 ὴ
2812 5149 2967 5214 τάσις
2991 5150 3095 5202 τῶν
3107 5149 3358 5218 ψαλμῶν,
3380 5149 3459 5210 τίς
3483 5150 3514 5217 ὴ
3540 5152 3595 5200 ἐν
3617 5148 3828 5209 πολλοῖς

601 5232 733 5300 quid
763 5235 1000 5301 psalmus
1029 5227 1228 5300 cantici
1256 5251 1269 5288 :
1301 5244 1429 5301 quot
1455 5233 1562 5289 sint
1584 5234 1775 5303 psalmi
1799 5244 1852 5290 et
1884 5251 2052 5306 quare
2082 5247 2161 5293 tot

2269 5246 2377 5296 τῶν
2406 5242 2635 5312 ψαλμῶν
2660 5241 2918 5307 ἀσάφεια,
2954 5241 3115 5294 πόσαι
3140 5239 3432 5310 μεταϐολαὶ
3461 5240 3560 5308 τῆς
3603 5237 3826 5305 Ἐϐραΐ-

603 5326 732 5386 sint,
763 5334 816 5378 et
855 5340 881 5377 a
912 5339 1150 5393 quonam
1194 5324 1396 5379 fuerint
1422 5327 1633 5380 collecti
1663 5343 1676 5391 ;
1713 5340 1847 5395 quot
1875 5340 2155 5396 cantores,

2259 5335 2354 5394 Δδος
2389 5333 2669 5388 διαλέκτου
2696 5332 2828 5403 πρὸς
2863 5331 2961 5400 τὴν
3003 5329 3304 5401 Ἑλληνίδα,
3339 5331 3438 5384 καὶ
3467 5329 3618 5399 παρὰ
3642 5329 3821 5384 τίνων,

1923 5445 2061 5507 Vari
2088 5468 2118 5505 [ι
2149 5445 2478 5508 lectiones.

673 5538 750 5617 ft)
780 5537 963 5592 (ἐΐσκει
1003 5540 1160 5592 verba
1182 5540 1274 5617 ita
1304 5547 1496 5617 sonant
1529 5558 1541 5594 :
1591 5539 1704 5596 Uno
1757 5542 1907 5597 rerbo
1937 5560 2157 5610 prat'nm

2269 5546 2565 5606 (cc-latione.
2590 5545 2791 5603 Saulus
2811 5557 2989 5602 autem
3012 5545 3141 5617 legit
3165 5542 3386 5616 πλῆθος,
3415 5541 3823 5616 multitudinem,

606 5606 848 5677 aﬂ‘cctum
889 5624 1088 5663 omnem
1119 5609 1279 5675 tollit,
1316 5610 1468 5682 idque
1504 5615 1651 5666 suavi
1677 5615 1904 5680 quadam
1932 5606 2045 5671 cum
2075 5616 2165 5670 de-

2272 5619 2451 5672 minus
2489 5625 2654 5671 recte.
