4090 6324
205 362 262 424 57
1331 359 1709 420 COMMENT.
1750 358 1834 419 IN
1869 341 2237 421 PSALMOS;
3340 359 3409 416 58

201 480 339 536 sunt,
393 483 452 526 ut
495 475 647 528 docet
673 474 860 528 beatus
925 471 1228 542 Stephanus
1264 481 1626 541 protomartyr
1678 473 1730 525 in
1761 471 1986 527 Actibus
2014 471 2205 525 dicens
2230 469 2297 525 ad
2327 468 2583 526 Judaaos:
2624 470 2666 503 ⁸⁵
2706 467 2880 536 Usque
2935 468 3004 520 ad
3048 467 3158 521 dies
3216 467 3405 533 David,

200 571 282 634 qui
309 570 496 621 invenit
523 571 750 638 gratiam
775 585 952 621 coram
986 568 1113 632 Deo,
1135 577 1184 620 et
1208 568 1375 635 petiit,
1440 576 1494 618 ut
1563 567 1814 620 inveniret
1857 565 2254 619 tabernaculum
2294 564 2398 619 Deo
2424 562 2615 619 Iacob.
2658 563 2812 628 Quod
2864 563 3069 617 dictum
3123 563 3409 617 manifeste

201 670 471 728 sumptum
498 667 669 713 estex
697 659 905 728 psalmo
957 669 1140 725 exul,
1179 660 1270 727 qui
1317 659 1560 712 auctoris
1593 667 1744 712 caret
1782 658 2025 712 nomine.
2059 655 2233 711 Simili
2252 656 2411 710 modo
2441 659 2602 709 etiam
2633 657 2850 723 psalmi,
2873 655 2965 722 qui
3029 655 3148 707 loco
3207 656 3406 709 inscri-

199 751 391 817 ptionis
459 750 656 804 habent
703 751 954 813 Alleluia,
1030 750 1202 818 ipsius
1261 748 1427 802 David
1499 748 1783 816 reputaudi
1845 755 2012 800 sunt:
2047 747 2315 814 siquidem
2351 760 2538 799 eorum
2577 746 2782 814 primus
2826 745 2917 812 qui
2966 751 3048 797 est
3089 759 3195 803 CIV,
3232 743 3409 795 mani-

198 837 326 894 feste
373 840 441 890 ab
487 853 553 891 eo
606 838 706 893 fuit
764 840 1117 907 compositus,
1166 848 1226 892 ut
1276 839 1507 907 legimus
1537 841 1590 893 in
1649 839 1787 893 libro
1855 837 2334 906 Paralipomenon.
2388 837 2548 888 Ratio
2609 838 2808 898 autem,
2861 851 3028 902 quare
3077 837 3406 904 psalmorum

199 934 357 1002 aliqui
402 943 592 988 carent
639 936 1016 1004 inscriptione,
1075 936 1290 988 videtur
1336 949 1397 989 ea
1438 949 1582 995 esse,
1651 934 1775 1000 quia
1819 948 1924 986 non
1967 935 2020 986 in
2075 933 2239 986 unius
2269 939 2474 985 tantum
2538 932 2715 998 gentis
2759 930 2995 993 nomine,
3035 931 3408 999 unusquisque

201 1040 382 1079 eorum
426 1027 604 1082 dictus
647 1036 728 1081 est
771 1044 785 1090 ;
816 1027 957 1093 quod
989 1039 1118 1082 vero
1152 1027 1260 1082 sint
1289 1027 1409 1082 sine
1455 1024 1692 1088 nomine,
1734 1018 1794 1079 ea
1831 1025 2046 1078 videtur
2081 1039 2203 1079 esse
2233 1026 2393 1086 ratio,
2463 1023 2590 1090 quia
2627 1023 2680 1074 in
2725 1022 2900 1088 ipsum
2936 1022 3222 1075 Dominum
3273 1023 3404 1077 dicti

200 1125 356 1169 sunt:
393 1116 536 1184 quod
577 1117 777 1170 habent
805 1117 1056 1181 Alleluia,
1083 1117 1226 1168 ratio
1261 1123 1365 1179 est,
1396 1117 1521 1183 quia
1581 1113 1879 1182 gratiarum
1908 1113 2148 1168 actiones
2177 1121 2230 1166 et
2265 1113 2452 1166 laudes
2485 1112 2537 1164 in
2600 1110 2765 1163 Deum
2851 1115 3151 1165 continent.
3207 1111 3404 1167 Verum

200 1208 261 1261 de
287 1207 373 1260 bis
405 1208 517 1261 base
544 1207 686 1262 dicta
717 1209 986 1262 sufﬁciant
1018 1225 1031 1263 :
1060 1219 1274 1278 tempus
1308 1218 1410 1269 est.
1456 1217 1512 1262 ut
1556 1209 1622 1263 de
1646 1207 1855 1262 caeteris
1883 1207 2044 1263 etiam
2068 1215 2381 1262 tractemus.

262 1300 477 1360 Ψαλτὺς
501 1300 621 1368 μὲν,
649 1302 677 1353 ὸ
703 1301 956 1369 ᾁδόμενος
985 1301 1115 1362 Θεός
1136 1317 1149 1329 ⁸
1173 1301 1385 1369 ψαλμδς
1406 1302 1482 1364 δὲ,
1509 1301 1569 1351 τὸ
1596 1316 1743 1367 ποιη-

1860 1355 1870 1364 ,
1926 1298 2145 1353 Psaltus
2177 1300 2398 1369 quidem
2429 1300 2568 1353 Deus
2603 1305 2685 1352 est
2726 1297 2818 1364 qui
2852 1297 3071 1350 canitur
3110 1313 3124 1350 :
3160 1298 3405 1366 psalmus

205 1392 386 1460 μάτιον
414 1391 504 1443 καὶ
536 1392 596 1442 τὸ
631 1391 791 1459 μέλος
823 1392 987 1444 αὐτοῦ
1010 1408 1023 1422 ⁸
1049 1391 1331 1462 ψαλμῳδδς
1359 1393 1437 1452 δὲ,
1464 1395 1490 1445 ὀ
1519 1394 1748 1461 ποιητὴς

201 1482 426 1532 τούτων·
479 1480 753 1548 ψαλτῳδδς
805 1481 882 1538 δὲ.
918 1483 945 1532 ὁ
975 1481 1191 1549 ψάλλων
1247 1480 1404 1534 τοῦτο
1447 1482 1603 1550 χορός
1628 1497 1641 1512 ο
1687 1483 1747 1534 τὸ

205 1571 374 1640 μέντοι
411 1569 692 1637 διάψαλμα
751 1570 1051 1639 μεταΰυλὴν
1081 1573 1333 1640 σημαίνει
1383 1573 1670 1641 νοήματος,
1712 1572 1743 1640 ἦ

205 1661 409 1728 μέλους,
450 1661 480 1728 ἢ
521 1660 788 1728 ἀναϐολήν
824 1679 942 1713 τινα
996 1662 1321 1730 κρούματος,
1355 1662 1386 1730 ἢ
1445 1662 1744 1728 τηνικαῦτα

202 1749 335 1802 θείου
395 1752 711 1820 Πνεύματος
777 1752 1046 1822 ἐλλαμψιν
1105 1754 1183 1814 είς
1236 1753 1360 1814 τοὺς
1408 1752 1740 1822 ψάλλοντας·

204 1843 575 1912 ἀπεγράφοντο
617 1845 722 1914 γάρ
750 1843 919 1896 ταῦτα
963 1846 1140 1897 πάντα
1176 1845 1262 1896 διά
1291 1845 1388 1914 τήν
1437 1845 1739 1914 ἀκρίϐειαν.

215 1927 362 1980 Ἀλλὰ
389 1929 598 1999 ψαλμδς
633 1932 731 1999 μὲν
785 1931 1008 2001 κυρίως,
1041 1931 1074 1983 ὁ
1103 1934 1239 2002 μετά
1289 1933 1580 2001 ὀργανικοῦ
1611 1934 1744 2002 ψαλ-

202 2019 378 2087 τηρίου
428 2018 682 2087 ἐμμελῶς
733 2020 1170 2090 ὲκφωνούμενος·
1207 2023 1318 2092 ᾠδὴ
1348 2025 1424 2089 δὲ,
1479 2027 1627 2092 φωνή
1660 2041 1743 2086 τις

207 2109 422 2178 μουσική
477 2125 535 2162 τε
566 2111 660 2163 καὶ
713 2113 1051 2182 ἐναρμόνιος,
1104 2113 1210 2166 ἀπὸ
1260 2115 1421 2183 μόνου
1451 2115 1738 2178 στόματος.

204 2199 787 2271 Καταχρηστικώτερον
831 2203 888 2256 δέ
935 2203 1150 2270 λέγεται
1183 2205 1426 2267 κάκεῖνος
1465 2204 1616 2274 ᾠδή(
1649 2205 1740 2258 καὶ

203 2285 325 2357 αὕτη
344 2287 584 2358 ψαλμόςο
615 2291 969 2362 ἀρχαιότερον
991 2294 1046 2346 δὲ
1075 2295 1108 2363 ἡ
1139 2295 1248 2364 ᾠδή
1269 2312 1281 2324 ·
1325 2295 1418 2347 καὶ
1439 2296 1547 2364 γὰρ
1574 2296 1738 2349 Maii}.

207 2377 296 2444 σῆς
341 2375 472 2447 ἦρξε
502 2380 732 2449 ταύτης,
773 2383 868 2434 κα)⁵
897 2379 1183 2452 διήρκεσεν
1225 2385 1326 2447 ἕως
1357 2385 1537 2441 Δαϐίδ.
1570 2382 1739 2451 Οὗτος

205 2468 253 2520 δέ
275 2469 481 2537 πρῶτος
512 2471 714 2540 ἤρξατο
737 2473 846 2526 τῶν
877 2473 1104 2542 ψαλμῶν
1127 2493 1140 2506 ·
1192 2478 1239 2529 εἰ
1268 2478 1375 2546 γὰρ
1419 2480 1512 2531 καὶ
1543 2480 1738 2548 περιῆν

204 2557 481 2627 ψαλτήριον
506 2561 758 2632 ὄργανον,
791 2564 906 2631 ἀλλῖ
939 2564 1162 2635 ἄτεχνον
1186 2567 1275 2618 καὶ
1319 2567 1603 2630 ἰδιωτικὸν,
1645 2572 1738 2622 καὶ

206 2649 327 2717 πρὸς
352 2652 482 2718 μόνα
511 2652 714 2722 ψάλλον
742 2655 807 2708 τὰ
843 2656 1068 2724 ποίμνια
1090 2673 1104 2686 ·
1159 2657 1319 2709 Δαϐὶδ
1343 2658 1398 2710 δὲ
1432 2661 1641 2727 σοφώτε
1653 2677 1740 2730 ρον

204 2737 346 2791 τοῦτο
375 2743 796 2806 κατεσκεύασεν,
822 2744 862 2813 ἢ,
885 2745 1148 2813 ἥρμοσεν,
1183 2748 1280 2800 καὶ
1301 2747 1396 2817 τήν
1423 2749 1616 2818 χρῆσιν
1642 2752 1742 2803 αὐ-

205 2828 294 2880 τοῦ
318 2829 449 2900 πρὸς
477 2831 611 2883 Θεὸν
643 2834 996 2901 μετήνεγκεν.
1033 2837 1240 2906 ’Υμνος
1278 2839 1356 2901 δὲ,
1407 2843 1438 2908 ή
1487 2842 1738 2897 ἐπιτετα-

207 2919 325 2988 μένη
359 2921 660 2987 δοξολογία⁹
692 2922 836 2986 αἶνος
875 2927 952 2990 δὲ,
986 2928 1014 2978 ὁ
1060 2927 1319 2999 σύντομος
1355 2931 1571 2993 ἔπαινος
1604 2950 1618 2964 ο
1657 2935 1741 2998 εξ-

204 3008 504 3076 ομολόγησις
532 3011 612 3077 δὲ,
645 3015 677 3083 ή
705 3017 826 3067 κατ’
852 3016 1100 3070 ἐπίτασιν
1129 3019 1436 3090 ὁμολογίαῆ
1467 3023 1646 3077 καλῶν
1663 3019 1737 3078 ὧν

205 3102 589 3186 πεποιήκαμεν,
637 3106 671 3177 ἢ
719 3108 906 3162 κακῶν
951 3103 1024 3163 ὧν
1055 3111 1426 3181 δεδράκαμεν·
1459 3120 1736 3186 προσευχὴ

205 3185 273 3248 δὲ.
301 3190 333 3259 ή
359 3190 538 3264 δέησις
558 3211 574 3226 ο
602 3197 736 3266 εὐχὴ
759 3199 838 3264 δὲ,
868 3202 899 3267 ἡ
927 3202 1242 3270 ὑπόσχεσις.
1276 3204 1456 3256 Πάντα
1485 3206 1539 3258 δὲ
1561 3185 1740 3273 λέγον-

205 3291 282 3330 ται
308 3281 438 3349 πρὸς
464 3284 615 3338 Θεόν.
651 3287 717 3340 Τί
740 3289 839 3357 μιν
868 3291 960 3343 οὖν
986 3293 1100 3344 ἐστι
1140 3293 1370 3362 ψαλμδς,
1399 3297 1492 3348 καὶ
1514 3297 1566 3348 τί
1603 3297 1734 3366 ᾠδὴ,

208 3372 571 3457 προσηκόντως
593 3377 827 3446 εἴρηται.
866 3379 1019 3450 est;
1041 3382 1095 3435 δὲ
1129 3383 1358 3453 ψαλμῶν
1377 3386 1733 3457 ὑποληπτέον,

206 3454 276 3545 δτι
303 3462 663 3528 προτάσσεται
691 3465 791 3534 μὲν
824 3468 947 3536 ήδι’
981 3470 1214 3544 ὀργάνου
1251 3476 1508 3545 μουσικὴ,
1533 3454 1737 3532 λέπεται

207 3541 256 3594 δὲ
276 3546 306 3613 ή
330 3545 414 3599 διὰ
444 3550 711 3618 στόματος
746 3557 916 3624 φωνὴ,
949 3541 1209 3628 δευτᾶραν
1238 3541 1587 3631 λαμϐάνουσα
1621 3570 1732 3634 χὼ·

175 3641 178 3644 ’
211 3647 323 3699 ραν·
353 3638 630 3707 ψαλμοὶδέ
663 3643 836 3711 ᾠδῶν,
869 3647 955 3698 ὅτε
983 3649 1291 3701 τούναντίον
1312 3651 1548 3720 γίνηται.
1582 3656 1737 3709 Κατὰ

208 3721 258 3775 δὲ
283 3725 398 3789 τοὺς
437 3727 634 3796 νόμους
674 3732 773 3800 τῆς
803 3733 1117 3804 ἀναγωγῆς,
1156 3737 1366 3806 ψαλμῦς
1408 3742 1506 3808 μὲν
1539 3743 1604 3794 ἂν
1625 3747 1732 3814 εἴη,

208 3815 284 3868 ὅτε
317 3819 373 3870 τὸ
405 3821 559 3889 σῶμα
611 3823 898 3891 τείνοντες,
949 3827 1023 3890 ὡς
1076 3831 1362 3898 ὀργανικὸν
1418 3833 1732 3906 ψαλτήριον,

1851 1404 1981 1442 vero
2013 1405 2203 1458 poema
2267 1397 2320 1441 ct
2370 1404 2620 1450 carmen,
2663 1389 2806 1455 quod
2865 1389 2928 1440 de
2984 1401 3048 1441 eo
3110 1388 3402 1442 cauimus:

1848 1481 2188 1548 psalmodus,
2219 1489 2373 1550 poeta
2403 1488 2486 1535 est
2523 1478 2614 1547 qui
2654 1478 2767 1532 haec
2820 1478 3038 1532 coniicit
3097 1479 3337 1531 carmina
3389 1494 3404 1532 :

1849 1579 1904 1625 et
1935 1569 2247 1636 Psaltodus,
2310 1572 2512 1625 chorus
2566 1569 2874 1624 canentium
2935 1570 3220 1637 psalmos:
3287 1569 3406 1621 dia-

1849 1663 2078 1730 psalma,
2105 1663 2465 1716 mutationem
2499 1660 2803 1720 sententite,
2831 1669 2924 1713 aut
2977 1668 3172 1714 cantus
3233 1658 3405 1730 signi—

1849 1753 1970 1806 lical
1998 1763 2123 1807 :aut
2142 1769 2492 1821 pausam,seu
2515 1754 2942 1822 interiectionem
2972 1751 3259 1820 quamdam
3281 1728 3404 1820 pul-

1847 1847 2099 1911 sationis,
2130 1848 2213 1899 vel
2245 1847 2535 1916 fulgorem,
2593 1859 2754 1914 atque
2809 1845 3260 1898 illuminationem
3321 1843 3407 1896 di-
3459 1869 3470 1880 ν

1846 1937 1954 1990 vini
1987 1938 2246 2006 Spiritus.
2306 1954 2425 2005 quae
2486 1947 2615 1992 tunc
2674 1937 2997 1991 canentibus
3050 1935 3400 2003 apparebat:

1845 2026 2225 2080 scribebantur
2252 2029 2396 2080 enim
2431 2028 2611 2080 omnia
2642 2027 2756 2080 bace
2819 2025 2885 2078 ab
2945 2025 3025 2079 eis
3089 2024 3400 2092 diligenter.

1843 2115 2095 2170 Psalmus
2124 2118 2342 2187 proprie
2371 2127 2454 2173 est
2479 2117 2607 2171 illud
2639 2131 2879 2180 carmen,
2921 2116 3061 2184 quod
3089 2115 3250 2169 simul
3276 2128 3400 2167 cum

1843 2205 2093 2261 Psalterii
2143 2209 2508 2262 instrumento
2564 2190 2720 2261 suavi
2772 2221 2904 2261 voce
2956 2205 3402 2273 profcrtur:ode

1843 2311 1938 2350 seu
1965 2299 2265 2362 canticum,
2295 2313 2398 2351 vox
2437 2296 2680 2366 quaedam
2709 2283 2790 2350 est
2833 2295 3040 2348 musica
3082 2309 3205 2347 eum
3273 2293 3401 2346 har-

1843 2387 2049 2452 monia,
2088 2387 2206 2441 solo
2253 2402 2349 2441 ore
2409 2388 2645 2455 prolata.
2709 2398 3042 2453 quamquam
3102 2383 3400 2451 improprie

1841 2476 2020 2542 ipsum
2094 2477 2366 2530 canticum
2418 2489 2787 2542 smpenumero
2861 2472 3109 2526 Psalmus
3164 2471 3400 2526 dicatur.

1844 2566 1939 2621 Est
1971 2575 2151 2620 autem
2213 2567 2487 2620 canticum
2551 2567 2758 2632 psalmo
2832 2564 3151 2630 antiquius:
3191 2562 3401 2630 Moyses

1843 2657 2042 2725 quippe
2073 2658 2273 2711 cantici
2308 2665 2499 2711 auctor
2527 2656 2650 2718 fuit,
2715 2657 2972 2723 illiusque
3035 2669 3168 2708 usus
3228 2669 3402 2721 usque

1841 2750 1904 2801 ad
1940 2749 2082 2802 beati
2117 2748 2280 2801 David
2313 2756 2556 2815 tempora
2585 2747 2956 2816 perseveravit
2993 2761 3006 2797 :
3043 2745 3400 2813 qui~primus

1840 2841 2080 2895 omnium
2109 2842 2275 2909 erepit
2338 2839 2578 2907 psalmos
2634 2837 3005 2891 conscribere.
3065 2835 3196 2888 Nam
3247 2843 3301 2890 et
3354 2834 3401 2888 si

1839 2936 1998 2980 antea
2028 2930 2272 2996 psalterii
2319 2931 2684 2981 instrumento
2730 2935 3038 2986 uterentur.
3077 2926 3234 2979 illius
3270 2941 3402 2980 usus

1838 3029 1892 3073 et
1917 3019 2037 3072 sine
2069 3027 2184 3072 arte
2215 3019 2324 3070 ulla
2367 3026 2506 3082 erat,
2548 3026 2600 3071 et
2661 3017 2950 3069 admodum
2995 3017 3232 3083 vulgaris
3270 3033 3284 3079 ;
3330 3017 3396 3066 ad

1841 3110 1989 3165 solos
2015 3110 2160 3163 enim
2206 3125 2395 3178 greges
2448 3109 2764 3162 mulcendas
2816 3107 3158 3176 pulsabatur.
3233 3107 3400 3158 David

1839 3202 2002 3269 igitur
2033 3200 2236 3253 homini
2263 3201 2682 3254 instrumentum
2744 3199 3044 3266 sapientius
3088 3198 3400 3266 ~coaptavit,

1837 3302 1892 3346 et
1927 3291 2076 3348 illius
2112 3305 2270 3344 usum
2301 3291 2364 3343 ad
2396 3291 2563 3343 Deum
2619 3289 2918 3342 transtulit.
2971 3287 3212 3356 Hymnus
3270 3303 3400 3341 vero

1838 3392 1921 3438 est
1948 3382 2144 3436 divinae
2173 3383 2360 3459 gloriae
2384 3383 2662 3435 extensior
2689 3387 2852 3447 atque
2883 3381 3116 3446 amplior
3152 3379 3398 3446 quautam

1837 3475 1978 3528 laus.
2015 3473 2145 3527 Nam
2177 3488 2302 3527 cum
2333 3473 2515 3526 laudis
2547 3486 2746 3524 nomen
2787 3470 3110 3537 simpliciter
3142 3469 3396 3531 dicimus,

1837 3563 2183 3633 vulgariores
2243 3577 2306 3616 ac
2369 3560 2652 3614 breviores
2731 3558 2918 3612 laudes
3004 3554 3395 3622 signiﬁcamus.

1836 3654 2130 3710 Confessio
2183 3645 2360 3708 etiam
2410 3652 2644 3719 amplum
2700 3649 2970 3718 quoddam
3016 3646 3395 3718 testimonium

1835 3753 1920 3799 est
1949 3753 2003 3798 et
2031 3744 2185 3803 fides,
2219 3757 2325 3810 qua
2362 3749 2455 3794 aut
2495 3740 2634 3795 bona
2663 3754 2783 3806 quae
2811 3739 3116 3805 recepimus
3142 3719 3397 3796 fatemur,

1836 3841 1930 3887 aut
1954 3833 2092 3886 mala
2123 3847 2245 3902 qua:
2283 3830 2692 3884 ‘commisimus.
2742 3827 2916 3881 Porro
2969 3828 3144 3880 oratio
3207 3839 3399 3892 preces

209 3907 289 3958 xui
315 3908 398 3962 διὰ
423 3910 530 3962 τιῖν
557 3911 738 3965 καλῶν
776 3913 953 3982 ἔργων
987 3917 1336 3986 ἐπαφώμενοι
1364 3921 1562 3990 τρόπον
1591 3924 1729 3988 τινὰ,

1839 3925 2132 3993 signiﬁcat,
2164 3931 2218 3977 et
2266 3930 2452 3976 votum
2521 3919 2964 3993 promissionem,
3009 3917 3297 3984 omniaque
3327 3914 3397 3966 ad

209 3999 290 4050 καὶ
312 3998 565 4068 ψαύοντες
586 4002 778 4064 αὑτοῦ,
807 4007 1005 4074 πρᾶξιν
1033 4008 1400 4077 ἀποτελοῦμεν
1435 4014 1640 4082 ἀγαθήν
1661 4027 1730 4067 ’τε

208 4086 290 4172 καὶ
329 4090 659 4160 ἐναρμόνιον,
714 4095 760 4146 εί
792 4097 885 4148 καὶ
933 4098 1099 4164 μήπω
1149 4098 1381 4168 Θεωρίας
1424 4102 1728 4172 ἐπέϐημενο

209 4170 301 4246 ᾠδή
326 4177 398 4243 δὲ,
423 4182 507 4233 ὅτε
536 4183 705 4250 χωρὶς
736 4183 829 4234 τοῦ
863 4188 1168 4252 πρακτικοῦ
1197 4187 1508 4256 θεωροῦμεν
1541 4170 1612 4246 τά
1634 4193 1730 4255 τῆς

207 4263 436 4347 ἀληθείας
465 4273 760 4343 μυστήρια,
814 4278 1250 4345 γεγυμνασμένοι
1291 4281 1388 4349 ήδη
1437 4286 1732 4353 τυγχάνον-

207 4370 307 4443 τες·
333 4359 436 4429 ᾠδὴ
464 4362 522 4415 δὲ
552 4362 788 4432 ψαλμοῦ,
820 4367 947 4418 ὅταν
975 4369 1322 4437 προαγούσης
1352 4373 1561 4440 ἀγαθῆς
1590 4376 1730 4443 πρά-

209 4441 341 4511 ξεως,
389 4454 463 4515 είς
496 4453 730 4521 θεωρίαν
771 4459 1218 4526 καταντήσωμεν,
1253 4462 1392 4514 κατά
1418 4461 1478 4513 τὸ
1506 4441 1731 4532 εἰρημέ-

210 4549 306 4584 νον·
341 4540 748 4610 Ἐπεθὺμησας
779 4549 1023 4614 σοφίαν,
1063 4548 1431 4615 ὃιατήρησον
1456 4553 1730 4618 ἐντολὰς,

201 4626 290 4712 ita!
316 4631 514 4700 Κύριος
534 4635 855 4704 χορηγήσει
877 4653 977 4690 σοι
1002 4626 1212 4705 αὐτήν.
1237 4641 1462 4706 Ψαλμδς
1486 4642 1541 4693 δὲ
1567 4643 1730 4712 ᾠδῆς,
1767 4688 1773 4694 .

211 4710 284 4763 ὅτε
305 4717 396 4784 τῆς
432 4722 660 4793 θεωρίας
688 4727 1087 4794 σαφηνιζούσης
1118 4730 1236 4780 τι.νά
1260 4730 1368 4780 τῶν
1409 4710 1730 4801 κεκρυμμέ-

212 4819 299 4857 νων
337 4810 554 4878 ήθικῶν,
588 4816 666 4879 είς
727 4816 989 4886 ἐργασίαν
1035 4818 1235 4869 τούτων
1286 4821 1575 4889 ἐρχόμεθα.
1623 4823 1730 4874 Καὶ

212 4894 329 4964 τάχα
348 4899 428 4954 διὰ
453 4903 612 4957 τοῦτο
643 4906 870 4980 πρῶτον⁴
891 4910 937 4960 οἱ
966 4908 1189 4977 ψαλμοὶ,
1224 4906 1339 4961 εἶτα
1375 4913 1429 4963 αί
1463 4913 1614 4981 ᾠδαὶ,
1647 4914 1729 4966 ὅτι

213 4985 300 5055 χρὴ
323 4992 408 5042 καὶ
430 4992 515 5046 διὰ
548 4995 647 5063 τῆς
681 4999 989 5067 πρακτικῆς
1034 4999 1229 5061 ἰόντας,
1263 5003 1342 5061 εἰς
1383 5003 1612 5067 θεωρίαν
1640 5004 1728 5054 ὲλο

215 5070 324 5129 θεῖν.
357 5082 537 5135 Ἔνθεν
577 5101 660 5136 τοι
684 5086 778 5138 καὶ
808 5089 940 5156 πρὸς
967 5106 1045 5158 τῳ
1068 5089 1207 5142 τέλει
1242 5089 1602 5158 πολλαὶῲδαίο
1637 5094 1729 5145 καὶ

215 5160 325 5218 ὅπου
353 5170 676 5242 ἀνασαομὺς,
704 5176 939 5244 οὐδαμοῦ
971 5179 1201 5249 ψαλμδς,
1224 5179 1345 5230 οὗτε
1381 5183 1493 5247 μετ’
1525 5183 1726 5250 ἐμπλο-

1835 3987 2002 4070 Deum
2031 4014 2322 4082 pertinent.
2376 3987 2735 4078 Quidiita‘que
2757 4011 2828 4064 sit
2863 4009 3132 4076 psalmus,
3185 4015 3240 4060 et
3264 4006 3396 4073 quid

1833 4105 2135 4168 canticum,
2163 4101 2377 4156 abunde
2395 4101 2656 4155 diximus.
2685 4101 2968 4153 Canticum
2995 4107 3177 4151 autem
3201 4097 3396 4165 psalmi

1835 4206 1964 4250 tunc
1999 4201 2103 4255 est,
2161 4194 2378 4261 quando
2413 4193 2621 4246 musice
2667 4208 2765 4260 per
2815 4191 3131 4259 organicum
3192 4190 3397 4242 instru-

1835 4293 2079 4340 mentum
2112 4286 2262 4352 prius
2321 4283 2662 4351 disponitur,
2693 4291 2747 4334 et
2789 4280 2986 4334 deinde
3043 4278 3397 4344 consequitur

1833 4389 1933 4428 vox
1957 4390 2052 4427 ore
2102 4374 2324 4436 emissa,
2374 4389 2496 4440 quae
2548 4372 2847 4426 secundum
2905 4380 3137 4438 occupat
3194 4370 3396 4424 locum.

1835 4465 2081 4520 Psalmus
2113 4480 2240 4519 vero
2275 4463 2477 4518 cantici
2510 4472 2645 4516 tunc
2717 4463 2942 4525 dicitur,
3007 4462 3226 4529 quando
3275 4461 3396 4528 eius

1831 4558 1975 4627 quod
1999 4572 2145 4611 nunc
2178 4557 2413 4610 diximus
2442 4555 2786 4608 contrarium
2835 4555 2912 4606 lit.
2965 4552 3127 4606 Juxta
3190 4564 3395 4618 auaga-

1833 4662 1934 4716 gen
1963 4662 2027 4700 ae
2053 4648 2314 4701 moralem
2341 4659 2595 4706 sensum,
2624 4645 2891 4713 psalmum
2935 4651 3066 4695 tunc
3125 4643 3393 4703 canimus,

1831 4735 2052 4805 quando
2103 4750 2305 4803 corpus
2361 4741 2613 4788 nostrum
2673 4730 3135 4803 quasi'psalterii
3194 4733 3392 4785 instru-

1833 4834 2078 4880 mentum
2121 4825 2481 4885 iutendimus,
2513 4833 2568 4878 et
2598 4823 2878 4892 perbona
2916 4837 3080 4891 opera
3121 4823 3392 4888 quodam-

1833 4916 1990 4970 modo
2016 4917 2192 4986 ipsum
2225 4916 2526 4983 palpantes.
2552 4916 2730 4970 bonas
2761 4929 2823 4968 ac
2851 4913 3154 4967 concinnas
3215 4899 3392 4965 actio-

1833 5021 1930 5060 nes
1957 5006 2294 5074 perﬁcimus,
2319 5018 2636 5072 quanquam
2684 5005 2752 5058 ad
2787 5003 3011 5056 altiores
3056 5000 3391 5070 contempla-

1833 5099 2010 5151 tiones
2035 5095 2272 5151 nondum
2303 5095 2736 5150 aseenderimus.
2771 5094 2924 5148 Oden
2947 5107 3074 5146 vero
3135 5098 3230 5144 aut
3257 5105 3390 5144 can-

1832 5185 2000 5238 ticum
2025 5200 2221 5240 cauere
2246 5195 2376 5240 tunc
2411 5185 2517 5240 dici
2553 5199 2874 5250 possumus,
2905 5183 3128 5252 quando
3184 5181 3388 5248 ahsquc

219 5252 300 5346 κξς
336 5259 482 5330 ᾠδῆς.
528 5266 616 5317 Ἐν
644 5266 752 5338 γὰρ
781 5271 898 5331 ταῖς
933 5273 1254 5326 ἀναϐάσεσιν
1319 5273 1366 5323 oi
1404 5272 1545 5340 ἅγιοι
1595 5276 1727 5346 πρὸς

1839 5275 1961 5329 ullis
1991 5271 2402 5342 operationibus
2431 5273 2679 5328 veritatis
2713 5282 2928 5326 tantum
2972 5270 3225 5341 mysteria
3251 5284 3386 5324 con-

222 5342 342 5411 μόνῳ
364 5349 432 5418 τῷ
461 5351 686 5422 θεωρεῖν
722 5358 880 5410 εἰσιν.

1838 5366 2181 5433 templamur,
2216 5364 2389 5420 effecti
2417 5365 2530 5434 jam
2567 5366 2620 5420 iu
2647 5381 2708 5419 ea
2739 5381 2798 5418 re
2860 5364 3152 5418 admodum
3181 5361 3386 5415 exerci-

220 5433 300 5524 itti
326 5453 338 5487 :
368 5447 417 5491 et
438 5444 710 5498 canticum
765 5450 979 5518 psalmi,
1034 5451 1251 5520 quando
1303 5453 1732 5523 praecedentibus
1764 5455 1922 5510 bonis
1953 5457 2285 5521 actionibus,
2322 5458 2374 5510 in
2423 5433 2941 5524 contemplationem
3013 5453 3331 5507 devenimus
3369 5467 3381 5500 :

222 5522 345 5589 lima
365 5535 499 5601 quod
559 5536 761 5595 dicitur
797 5562 810 5596 :
843 5542 1147 5613 Concupisti
1179 5546 1492 5614 sapientiam
1528 5562 1544 5598 .'
1575 5562 1723 5602 serva
1793 5525 2130 5615 'maudatuin,
2214 5559 2263 5603 ct
2316 5549 2569 5604 Dominus
2625 5522 2718 5601 tibi
2786 5563 2901 5602 eam
2978 5544 3360 5599 ministrabit"

313 5708 350 5738 “
373 5714 484 5770 Act.
513 5733 608 5784 vn,
645 5717 712 5773 46
813 5721 854 5753 ¹⁶
886 5721 1052 5777 Eccli.
1084 5739 1122 5791 ι,
1157 5724 1243 5778 53.
