4090 6324
611 303 642 363 5
656 304 682 364 γ)
1825 291 2176 356 EUTHYMI

2278 291 2610 352 SIGABENI
3760 287 3830 347 60

605 415 881 468 Psalmttm
914 414 1079 468 etiam
1113 413 1313 468 cantici
1345 420 1470 468 tunc
1506 427 1630 466 vere
1660 406 2172 478 canimus,quando
2213 405 2694 474 contemplatione,
2759 405 2970 458 occulta
3043 404 3285 473 quaedam
3345 418 3463 471 qute
3522 401 3587 454 ad
3651 417 3830 452 nune-i

606 508 894 574 pertinent,
959 483 1116 559 nobis
1192 503 1485 568 revelaute,
1516 519 1618 557 nos
1682 502 1734 555 in
1797 481 1988 555 cerum
2048 495 2416 564 Operationem
2478 494 2838 564 procedimus.
2909 493 3016 547 llac
3068 493 3274 547 ratione
3323 491 3574 546 fortassis
3637 484 3829 558 psalmi

607 599 782 662 primo
815 597 958 659 loco,
985 605 1040 650 et
1070 597 1283 650 deinde
1301 597 1515 650 cantica
1549 593 1810 646 collocata
1844 597 1976 643 sunt
2002 602 2015 637 :
2039 597 2165 637 cum
2205 579 2391 634 deceat
2428 591 2486 633 ut
2539 598 2632 650 per
2657 582 2900 635 actiones
2963 582 3028 635 ad
3114 581 3622 647 contemplationem
3677 593 3832 632 acce-

606 691 816 743 damus.
857 689 1026 743 Multa
1049 687 1194 742 enim
1228 688 1443 742 cantica
1472 685 1743 739 habentur
1779 681 1928 735 circa
1993 677 2155 730 ﬁnem
2199 673 2343 735 libri,
2414 688 2601 726 verum
2676 672 2766 726 ubi
2795 673 2994 740 gradus
3048 685 3156 739 est,
3217 689 3314 729 seu
3370 689 3653 736 assensus,
3713 672 3830 724 illic

607 799 874 854 nusquam
905 791 993 838 est
1023 784 1286 853 psalmus,
1307 797 1482 851 neque
1498 782 1660 836 etiam
1684 778 2012 847 conjunetus
2045 783 2170 824 cum
2210 767 2471 834 cantico;
2511 769 2689 824 sancti
2745 770 2889 824 enim
2958 769 3060 823 viri
3111 769 3165 822 in
3213 770 3633 824 ascensionibus
3689 781 3831 822 conn

606 879 945 948 templationi
980 888 1191 932 tantum
1224 879 1418 933 intenti
1453 886 1604 932 sunt.

680 971 818 1025 Sunt
851 971 942 1038 qui
982 971 1229 1034 Esdram,
1281 979 1336 1023 et
1379 969 1471 1023 alii
1513 970 1605 1037 qui
1639 965 1932 1022 Ezechiam
1987 964 2170 1019 dicant

2343 954 2409 1006 Οἱ
2445 953 2543 1022 μὲν
2566 948 2658 1006 οὖν
2688 949 2838 1004 εἷπον
2873 953 3125 1019 Ἔσδραν,
3153 954 3201 1005 οἱ
3223 953 3277 1006 δὲ
3321 953 3567 1017 Ἐζεκίαν
3595 969 3833 1019 συναγα-

611 1062 850 1130 psalmos
890 1063 943 1114 in
1002 1076 1171 1114 unum
1228 1060 1536 1129 collegisse,
1587 1060 1679 1128 qui
1756 1059 2069 1113 centenario
2118 1067 2175 1113 et

614 1153 1084 1222 quinquagenaria
1137 1165 1366 1205 numero
1415 1151 1792 1206 continentur.
1817 1150 1876 1203 In
1901 1165 2010 1219 quo
2065 1165 2172 1205 nu-

617 1258 769 1297 mero
801 1252 856 1295 et
918 1241 1428 1310 quinquagenarius
1486 1255 1749 1294 numerus
1819 1239 2208 1294 Pentecostes.

617 1333 825 1393 dictus,
858 1340 1021 1398 atque
1047 1331 1115 1383 ab
1155 1329 1396 1384 Hebraeis
1431 1341 1750 1395 veneratus,
1780 1330 2049 1394 cernitur,
2078 1345 2176 1398 per

621 1421 994 1476 hebdomadas
1055 1420 1522 1474 hebdomadarum
1551 1419 1853 1490 perfectus,
1885 1420 1938 1474 id
1971 1428 2055 1475 est
2087 1436 2176 1475 se-

613 1512 866 1579 ptenario
893 1511 1394 1580 multiplicatus,et
1445 1510 1737 1566 Trinitatis
1788 1513 1994 1580 pariter
2037 1527 2173 1566 con-

613 1598 868 1665 templari
896 1606 1074 1666 potest
1103 1598 1444 1668 mysterium,
1476 1599 1657 1652 addita
1688 1600 1940 1655 videlicet
1964 1602 2174 1654 unitate

613 1697 834 1754 propter
869 1703 1030 1740 unam
1063 1702 1185 1754 qua:
1218 1696 1302 1742 est
1345 1688 1398 1742 in
1452 1689 1629 1744 tribus
1680 1693 1928 1760 personis
1994 1693 2174 1745 unita-

613 1788 745 1830 tem.
771 1776 1069 1831 Cantorum
1097 1786 1333 1844 quatuor
1367 1787 1524 1833 erant
1577 1780 1872 1849 principes,
1939 1789 2172 1849 quatuor

613 1865 797 1919 choris
838 1865 1100 1934 praefecti,
1129 1865 1197 1921 ob
1227 1867 1445 1921 t0tidem
1473 1869 1657 1924 mundi
1692 1871 1932 1933 climata,
1957 1872 2021 1925 ad
2053 1888 2174 1940 quae

618 1955 952 2024 psalmorum
982 1972 1144 2012 voces
1176 1968 1518 2028 perventum
1545 1970 1720 2015 erant.
1783 1960 2175 2032 Unusquisque

614 2053 794 2098 autem
829 2046 1054 2113 chorus,
1079 2061 1145 2102 ex
1171 2047 1386 2104 duobus
1405 2057 1457 2103 et
1483 2053 1826 2120 septuaginta
1854 2053 2172 2110 cantoribus

614 2137 940 2191 constabat:
975 2145 1034 2190 ut
1059 2138 1280 2207 quidam
1317 2140 1619 2195 retulerunt
1643 2158 1702 2197 se
1734 2144 1875 2212 apud
1917 2142 2172 2202 Hebraeos

617 2225 835 2292 legisse,
856 2225 1010 2294 juxta
1033 2227 1437 2295 proportionem
1471 2244 1532 2282 ac
1556 2245 1838 2284 numerum
1865 2232 2169 2301 linguarum

2276 1046 2394 1112 γεῖν
2423 1043 2548 1106 τοὺς
2575 1043 2846 1114 ψαλμοὺς,
2874 1044 2954 1106 εἰς
2990 1045 3183 1097 ἑκατὸν
3210 1047 3306 1097 καὶ
3337 1047 3673 1113 πεντήκοντα
3705 1062 3836 1096 συν-

2276 1135 2729 1207 αριθμουμένους.
2769 1136 2934 1206 Ὀμοῦ
2960 1137 3070 1206 γὰρ
3101 1139 3129 1189 δ
3162 1138 3293 1207 παρ’
3326 1137 3597 1207 Ἑϐραίοις
3633 1139 3834 1190 ὲνθεω·

2280 1229 2446 1296 ρεῖται
2521 1229 2831 1297 τιμώμενος
2883 1229 3114 1298 ἀριθμὸς
3169 1231 3266 1297 τῆς
3309 1230 3832 1297 Πεντηκοστῆς,-δι’

2276 1318 2565 1388 ἑϐδομάδος
2595 1320 2901 1388 ἑϐδομάδων
2942 1319 3464 1390 συμπεραινόμενος,
3488 1320 3622 1388 ὁμοῦ
3652 1321 3706 1372 δὲ
3735 1320 3832 1372 καὶ

2276 1407 2336 1459 τὸ
2390 1407 2486 1476 τῆς
2540 1407 2765 1477 Τριάδος
2820 1408 3296 1478 συνεπιθεωρεῖται
3358 1409 3674 1477 μυστήριον,
3727 1409 3832 1474 τῆς

2280 1497 2501 1566 μονάδος
2537 1498 2648 1549 ἐκεῖ
2678 1497 3125 1569 προστιθεμένης,
3156 1499 3242 1551 διὰ
3276 1499 3373 1567 τὴν
3399 1499 3526 1568 μίαν
3561 1501 3620 1551 ὲν
3652 1501 3832 1568 τρισὶν

2279 1585 2589 1656 προσώποις
2619 1586 2878 1654 Θεότητα.
2927 1583 3200 1654 Τέσσαρές
3240 1586 3296 1638 δὲ
3341 1587 3390 1637 oi
3426 1586 3675 1656 ἀρχῳδοὶ,
3709 1602 3836 1638 τεσ-

2277 1678 2456 1744 σάρων
2480 1677 2769 1746 ἡγούμενοι
2799 1677 2992 1746 χορῶν,
3016 1677 3102 1728 διὰ
3132 1677 3199 1727 τὰ
3233 1675 3324 1728 τοῦ
3356 1677 3559 1744 κόσμου
3589 1678 3835 1744 τέσσαρα.

2275 1769 2530 1835 κλίματα,
2581 1762 2652 1820 ὧν
2705 1768 2830 1837 ἄχρι
2878 1767 3196 1836 διαδραμεῖν
3244 1767 3466 1836 ἔμελλον
3503 1768 3551 1818 οἱ
3601 1766 3830 1835 ψαλμοί.

2287 1863 2380 1912 Ἐκ
2421 1861 2511 1913 δύο
2560 1861 2616 1911 δὲ
2675 1867 2767 1914 καὶ
2819 1861 3185 1928 ἑϐδομήκοντα
3243 1860 3400 1929 χορὸς
3456 1860 3706 1920 ἕκαστος,
3754 1859 3836 1920 ὡς

2276 1951 2483 2018 ἔφασάν
2543 1966 2706 2013 τινες,
2757 1950 2881 2020 άπδ
2925 1949 3018 2001 τοῦ
3062 1949 3349 2019 Ἐϐραῖκοῦ
3414 1949 3833 2016 ἀναλεξάμενοι,

2275 2045 2414 2096 κατὰ
2449 2042 2742 2109 ἀναλογίαν
2773 2041 2880 2093 τῶν
2913 2042 3300 2107 συγχυθεισῶν,
3330 2042 3362 2112 ἢ
3401 2041 3600 2110 μᾶλλον
3619 2042 3832 2110 διακρι-

2274 2133 2468 2186 θεισῶν
2518 2137 2573 2185 ὲν
2615 2135 2674 2201 τῇ
2708 2137 3039 2204 πυργοποιίᾳ
3067 2134 3350 2199 γλωσσῶν,
3398 2135 3485 2185 διὰ
3520 2135 3578 2185 τδ
3611 2135 3831 2200 μέλλειν

2277 2226 2454 2277 πᾶσαν
2482 2224 2749 2291 γλῶσσαν,
2782 2223 2928 2294 ᾅδειν
2958 2226 3082 2284 τοὺς
3107 2225 3387 2285 τοιούτους
3415 2223 3685 2292 ψαλμούς.
3721 2223 3836 2275 Καὶ

613 2329 734 2395 quae
776 2315 827 2367 in
887 2313 1226 2385 Babylonica:
1264 2316 1436 2370 turris
1495 2318 1850 2373 adiﬁcatione
1906 2295 2168 2385 confusa‘,

2278 2317 2318 2368 οἱ
2373 2317 2469 2382 μὲν
2511 2316 2658 2395 sum
2733 2315 2991 2384 σάλπιγγι
3034 2318 3125 2369 καὶ
3165 2318 3432 2384 τυμπάνῳ
3481 2318 3572 2369 καὶ
3613 2317 3835 2384 ὀργάνῳ

617 2420 711 2458 seu
733 2407 912 2472 potius
935 2407 1122 2461 divisae
1162 2405 1398 2462 luerunt.
1435 2407 1704 2463 Futurum
1757 2412 1900 2466 enim
1945 2419 2080 2473 erat,
2114 2421 2172 2466 ut

617 2499 799 2554 omnis
851 2499 1034 2569 lingua
1077 2500 1390 2569 huiusmodi
1444 2501 1684 2569 psalmos
1742 2501 2076 2555 decantaret.
2106 2501 2172 2556 Et

619 2589 710 2641 alii
744 2589 962 2656 quidem
1026 2600 1308 2644 cantorum
1371 2593 1524 2658 tuba,
1585 2601 1862 2663 tympano,
1945 2607 2168 2659 organo,

616 2679 902 2748 cymbalis,
955 2680 1097 2748 lyra,
1146 2689 1236 2734 aut
1281 2682 1529 2751 cythara,
1595 2683 1754 2736 dulce
1807 2699 1871 2736 ac
1931 2684 2173 2737 suaviter

618 2770 923 2824 canebant:
951 2769 1116 2824 David
1147 2786 1274 2825 vero
1323 2773 1529 2842 regium
1559 2774 1802 2842 psalterii
1838 2775 2172 2826 instrumen-

619 2867 735 2913 tum
773 2861 1007 2915 tcncbat.
1039 2861 1226 2926 Tubze,
1281 2864 1514 2933 syringaa
1561 2879 1623 2917 ac
1670 2864 1861 2918 ﬁstulae
1890 2862 2170 2928 iuﬂautUr,

620 2950 738 3017 lyra
765 2957 819 3002 et
845 2950 1067 3017 cythara
1094 2951 1476 3012 intenduntur,
1509 2953 1752 3020 cymbala
1808 2961 1860 3005 et
1916 2962 2173 3021 tympana

623 3039 930 3107 pulsantur,
972 3049 1024 3092 et
1051 3040 1156 3092 alia
1211 3056 1549 3110 qumcunque
1601 3057 1796 3096 sonum
1843 3045 2024 3112 potius
2082 3046 2176 3097 ha-

620 3126 750 3179 bent
782 3142 946 3195 quam
977 3141 1163 3181 vocem
1199 3130 1552 3194 :‘psalterium
1628 3145 1776 3206 vero,
1831 3133 1972 3200 quod
2010 3133 2172 3186 etiam

621 3216 819 3270 alicubi
859 3219 1098 3286 cinyram
1125 3227 1178 3272 et
1199 3219 1474 3288 cytharam
1523 3228 1576 3272 et
1629 3221 1798 3288 lyram
1864 3221 2162 3288 appellant,

622 3305 689 3360 ad
723 3307 775 3361 id
806 3322 981 3377 genus
1011 3309 1500 3363 instrumentorum
1555 3312 1812 3378 pertinet,
1846 3327 1965 3377 qua!
1994 3313 2175 3366 inten-

622 3396 850 3452 duntur.
884 3399 980 3454 Est
1009 3409 1188 3454 tamen
1237 3401 1656 3454 instrumentum
1707 3402 1809 3456 hoc
1857 3387 2091 3468 rectum,
2119 3414 2174 3459 et

623 3501 858 3555 superne
877 3501 1072 3542 causas
1099 3489 1258 3541 habet
1295 3491 1436 3544 unde
1459 3492 1670 3544 emittat
1692 3505 1886 3546 voces:
1916 3508 1981 3547 ea
2016 3494 2178 3547 nimi-

2278 2405 2373 2458 καὶ
2426 2392 2747 2472 κυμϐάλοις,
2796 2405 2996 2474 ῆλύρᾳ
3056 2406 3145 2457 καὶ
3203 2407 3404 2476 κιθάρᾳ
3468 2406 3834 2476 μελῳδοῦντες

2271 2492 2440 2565 ἦσαν’
2493 2494 2653 2548 Δαϐὶδ
2681 2495 2736 2546 δὲ
2790 2495 2849 2548 τδ
2895 2495 3170 2563 βασιλικὸν
3212 2499 3459 2566 κατεῖχεν
3492 2499 3740 2565 ὄργανον,
3770 2498 3834 2548 τὸ

2271 2587 2584 2657 ψαλτήριον.
2629 2587 2928 2651 Σάλπιγγες
2982 2585 3080 2654 μὲν
3125 2585 3216 2638 οὖν
3263 2587 3354 2639 καὶ
3401 2586 3678 2656 σύριγγες,
3723 2590 3830 2654 ἐμ-

2274 2680 2544 2731 πνευστά·
2583 2678 2718 2746 λύρα
2769 2678 2824 2730 δὲ
2865 2677 2959 2730 καὶ
3015 2679 3235 2748 κιθάρα,
3293 2679 3518 2730 ὲντατά·
3575 2679 3832 2747 κύμϐαλα

2273 2769 2326 2820 δὲ
2355 2768 2447 2819 καὶ
2476 2768 2754 2835 τύμπανα,
2799 2768 3037 2836 κρουστὰ
3059 2809 3072 2828 ,
3106 2769 3200 2820 καὶ
3227 2770 3324 2820 ὅσα
3354 2769 3550 2837 μᾶλλον
3580 2771 3764 2836 ἤχους,
3794 2768 3828 2837 ἢ

2276 2859 2544 2926 φθόγγους
2570 2859 2769 2926 ἔχουσι.
2800 2858 3109 2925 Ψαλτήριον
3145 2859 3221 2920 δὲ,
3257 2859 3284 2910 ὃ
3323 2862 3416 2911 καὶ
3446 2860 3679 2929 ἀλλαχοῦ
3723 2877 3829 2911 κα-

2274 2951 2424 3002 λοῦσι
2455 2950 2697 3018 κινύραν,
2739 2952 2832 3002 καὶ
2863 2949 3093 3015 κιθάραν
3120 2951 3209 3000 καὶ
3235 2949 3424 3017 λύραν,
3459 2951 3566 3000 τῶν
3593 2951 3830 3002 ἐντατῶν

2279 3041 2376 3109 μὲν
2404 3058 2492 3108 ην.
2517 3040 2682 3108 Πλὴν,
2715 3039 2913 3108 ϐρθιον,
2942 3040 3033 3091 καὶ
3068 3038 3273 3091 ἄνωθεν
3302 3036 3411 3106 εἶχε
3442 3039 3550 3088 τῶν
3574 3040 3832 3105 φθόγγων

2275 3131 2372 3194 τὰς
2411 3130 2684 3204 ἀφορμὰς,
2736 3129 2821 3182 ἵνα
2873 3128 2968 3181 καὶ
3013 3131 3170 3198 ἡμεῖς
3201 3129 3376 3192 εὐθεῖς
3415 3123 3585 3196 ὦμεν,
3621 3131 3713 3182 καὶ
3759 3129 3832 3182 τὰ

2275 3223 2386 3275 ἄνω
2423 3220 2751 3290 μελετῶμεν,
2800 3220 2892 3272 καὶ
2939 3219 3216 3288 γινώμεθα
3247 3218 3566 3288 ψαλτήριον,
3606 3235 3834 3288 συμφω-

2277 3312 2509 3366 νούντων
2542 3314 2600 3366 ἐν
2631 3313 2763 3380 ἡμῖν
2789 3311 2966 3379 ψυχῆς
3001 3312 3096 3362 καὶ
3136 3309 3407 3377 σώματος,
3441 3310 3534 3362 καὶ
3565 3309 3832 3379 πλήττον-

2275 3419 2364 3465 τος
2391 3403 2542 3472 ἡμᾶς
2583 3398 2673 3454 οἷα
2706 3399 2948 3470 τεχνίτου
2987 3399 3130 3461 τινὸς
3173 3399 3265 3450 τοῦ
3303 3399 3460 3465 ἁγίου
3493 3400 3832 3468 Πνεύματος.

2277 3497 2416 3548 Δίκα
2460 3493 2567 3564 γὰρ
2613 3491 2831 3546 κόλαϐοι
2882 3489 3032 3559 παρά
3059 3490 3152 3542 τὸν
3190 3491 3367 3559 πῆχυν
3417 3491 3512 3542 τοῦ
3557 3491 3832 3560 ψαλτῆρας

622 3590 744 3627 rum
777 3577 1010 3639 ratione,
1052 3584 1112 3628 ut
1163 3577 1516 3632 addiscamus
1544 3589 1599 3632 et
1625 3595 1744 3642 nos.
1810 3568 1952 3636 recti.
1987 3579 2170 3635 consi-

2279 3585 2650 3652 στρεφόμενοι,
2691 3583 2893 3636 ἔτεινόν
2941 3597 2997 3634 τε
3055 3581 3148 3633 καὶ
3201 3581 3406 3650 ἐχάλων
3451 3583 3548 3642 τὰς
3610 3583 3831 3650 χορδάς,

632 3672 801 3728 stcre,
835 3680 1183 3734 supernaque
1216 3680 1278 3720 ac
1311 3669 1553 3721 coelestia
1589 3671 1862 3734 meditari,
1925 3680 2086 3741 atque
2119 3682 2176 3725 ut

625 3757 728 3809 hoc
759 3768 920 3824 pacto
953 3757 1250 3812 eﬂiciamur
1277 3759 1560 3827 spirituale
1593 3762 1930 3829 psalterium,
1951 3779 2182 3817 consen-

627 3848 796 3900 tiente
838 3848 981 3898 intra
1020 3861 1120 3899 nos
1151 3847 1204 3900 in
1229 3863 1396 3900 unum
1423 3851 1598 3902 anima
1631 3861 1686 3903 et
1735 3865 2005 3919 corpore:
2035 3853 2182 3920 ipso-

625 3951 730 4004 que
775 3944 966 3988 sancto
1014 3936 1243 4003 Spiritu,
1319 3937 1484 3990 veluti
1558 3940 1890 4007 peritissimo
1944 3943 2177 4010 quodam

627 4025 861 4085 artilice,
899 4027 1150 4092 pulsante
1186 4041 1284 4080 nos
1321 4043 1381 4080 ac
1402 4030 1736 4096 percutieute
1767 4046 1780 4082 :
1810 4031 1996 4085 decem
2047 4047 2176 4086 vero

625 4115 767 4168 elavi
803 4116 855 4167 in
899 4117 1069 4185 ipsius
1121 4119 1361 4185 psalterii
1418 4119 1642 4172 brachio
1685 4121 2059 4174 circumvoluti
2097 4124 2182 4175 in-

627 4204 918 4257 tendebant
1005 4205 1267 4270 chordas,
1359 4223 1559 4276 easque
1677 4210 2027 4264 remittebant
2113 4213 2178 4265 ad

625 4292 797 4360 ipsius
867 4296 1194 4348 modulantis
1259 4298 1540 4350 arbitrium
1604 4312 1666 4351 ac
1696 4310 2044 4354 concentum.
2112 4303 2178 4355 Et

623 4382 844 4433 dextera
875 4382 1092 4449 quidem
1122 4397 1316 4437 manus
1346 4385 1610 4451 plectrum
1647 4387 1882 4452 tenebat,
1957 4391 2179 4445 sinistra

624 4483 750 4522 vero
843 4469 1074 4538 desuper
1161 4480 1512 4528 contrectans
1578 4482 1633 4529 et
1687 4475 2082 4534 circumferens
2148 4485 2356 4545 clavos,

2277 3676 2412 3742 πρὸς
2462 3674 2520 3725 τὸ
2576 3671 2668 3724 τοῦ
2724 3671 3240 3741 μεταχειριζομένου
3300 3669 3544 3738 βούλημα
3585 3673 3679 3723 καὶ
3737 3672 3834 3724 τὸν

2278 3765 2498 3834 ῥυθμόν.
2534 3765 2639 3814 Καὶ
2666 3764 2697 3830 ἡ
2724 3761 2819 3830 μὲν
2849 3761 2993 3822 δεξιά
3015 3763 3136 3828 χείρ
3192 3763 3408 3828 κατεῖχε
3438 3762 3496 3813 τὸ
3521 3763 3795 3830 πλῆκτρον
3815 3780 3831 3796 ·

2277 3857 2308 3923 ἡ
2342 3855 2386 3906 δ’
2417 3854 2700 3923 ἀριστερά,
2728 3850 2833 3902 τῶν
2869 3850 3113 3902 κολάϐων
3143 3848 3349 3902 ἀνωθεν
3381 3851 3712 3919 ὲπαφωμένη
3737 3854 3832 3908 καὶ

2279 3946 2731 4012 περιστρέφουσα,
2766 3940 2953 4009 βαρὺν,
2986 3941 3016 4009 ἧ
3050 3941 3196 4004 ὀξὺν,
3230 3941 3261 4010 ἢ
3297 3942 3633 4010 κεκραμένον
3665 3942 3833 4011 φθόγ-

2280 4053 2372 4103 γον
2395 4033 2694 4102 εἰργάζετο.
2730 4034 2868 4084 Δέκα
2915 4031 2971 4083 δὲ
3014 4033 3207 4101 χορδὰς
3243 4033 3636 4098 ἀντιφθόγγους
3662 4033 3832 4103 ἀλλή-

2282 4125 2387 4183 λως
2420 4120 2554 4191 εἶχε,
2588 4123 2873 4184 διδάσκων,
2901 4122 2982 4173 ὅτι
3017 4123 3098 4173 δεῖ
3137 4124 3231 4174 καὶ
3276 4123 3422 4191 ἡμᾶς
3452 4123 3510 4186 ἐξ
3541 4123 3829 4191 ἀντιφθόγο

2285 4231 2393 4282 γων
2416 4213 2617 4287 χορδῶν
2655 4213 2805 4272 δέκα,
2853 4213 2958 4264 τῶν
2988 4212 3084 4280 μὲν
3129 4212 3230 4282 τῆς
3256 4213 3433 4282 ψυχῆς
3469 4215 3626 4265 πέντε
3673 4214 3830 4268 δυνά·

2287 4318 2448 4371 μεων,
2483 4303 2641 4353 πέντε
2671 4300 2726 4352 δὲ
2766 4300 2872 4353 τῶν
2900 4300 2992 4352 τοῦ
3030 4300 3278 4370 σώματος
3315 4303 3638 4371 αἰσθήσεων,
3673 4304 3830 4374 ἐναρ-

2288 4393 2465 4463 μόνιον
2498 4389 2652 4459 μέλος
2681 4388 3178 4460 ἀνακρούεσθαιτῷ
3202 4391 3340 4460 Θεῷ.

2445 4495 2682 4547 gravem,
2755 4488 2846 4532 aut
2911 4487 3146 4542 acutam,
3255 4495 3349 4533 seu
3386 4482 3545 4534 etiam
3614 4482 3829 4536 mistam

625 4577 810 4617 vocem
874 4566 1153 4621 reddebat.
1211 4568 1405 4623 Decem
1471 4583 1731 4638 printerea
1805 4575 2058 4641 chordas,
2123 4582 2344 4635 vocibus
2411 4581 2513 4635 sibi
2583 4579 2812 4633 invicem
2894 4580 3190 4634 contrariis
3259 4580 3528 4642 habebat,
3581 4593 3644 4632 ex
3721 4593 3831 4644 quo

623 4653 904 4715 docemur,
943 4667 1194 4724 oportere
1226 4673 1434 4723 nos,ex
1465 4660 1652 4716 decem
1684 4666 1784 4718 sibi
1842 4678 2032 4724 mutuo
2065 4672 2483 4726 adversantibus
2547 4670 2793 4735 chordis,
2833 4684 2897 4723 ex
2967 4670 3210 4740 quinque
3275 4671 3518 4738 corporis
3579 4671 3831 4725 sensibus

626 4746 1029 4800 harmoniacmn
1073 4758 1127 4802 et
1171 4753 1502 4806 concinnum
1538 4763 1756 4809 cantum
1813 4764 1865 4812 in
1918 4763 2018 4816 hac
2066 4766 2175 4816 vita
2217 4765 2323 4817 Dco
2349 4763 2665 4832 prmludere.

693 4837 1030 4920 Psalmorum
1090 4840 1224 4894 ordo
1246 4841 1336 4895 ille
1376 4845 1611 4912 amplius
1678 4861 1787 4900 non
1851 4860 1956 4911 est,
2026 4854 2177 4920 quia
2214 4858 2252 4911 D

626 4914 898 4995 principio
927 4927 1049 4990 fuit,
1083 4932 1303 4997 quando
1331 4931 1482 4988 fuere
1518 4938 1817 5006 conscripti
1850 4955 1867 4993 :
1937 4914 2058 4994 nec-
2098 4952 2180 4995 ta-

628 5035 748 5071 men
772 5036 923 5085 casu,
954 5031 1047 5075 aut
1073 5024 1300 5079 fortuito
1329 5025 1645 5095 huiusmodi
1677 5031 1810 5083 ordo
1863 5031 2025 5086 datus
2075 5043 2182 5095 est,

628 5112 722 5166 sed
747 5116 926 5180 potius
953 5129 1020 5167 ex
1066 5116 1479 5185 dispensatione
1535 5121 1736 5182 divina,
1803 5137 1923 5190 qua:
1980 5139 2182 5176 conse-

629 5207 910 5272 queutium
948 5218 1252 5277 temporum
1286 5211 1485 5264 nullam
1525 5213 1713 5267 habuit
1739 5214 2182 5268 rationem.Nam

2366 4852 2426 4906 'H
2459 4853 2514 4905 δὲ
2555 4853 2659 4906 τῶν
2704 4852 2931 4922 ψαλμῶν
2976 4851 3145 4915 τάξις,
3202 4850 3316 4904 οὕθ’
3367 4851 3441 4913 ὡς
3493 4853 3610 4903 κατ’
3658 4853 3830 4920 ἀρχὰς

2281 4945 2630 5014 ἐποιήθησαν,
2662 4943 2784 4996 οὔτε
2815 4944 2920 5012 μὴν
2946 4941 3020 5004 ὡς
3055 4943 3261 5009 ἔτυχεν,
3293 4942 3427 4996 ἀλλὰ
3456 4942 3657 5009 μᾶλλον
3686 4946 3825 4996 οἰγοο

2282 5040 2496 5108 νομικὴ,
2533 5039 2694 5107 μηδὲν
2718 5039 2818 5106 τῆς
2859 5038 3110 5106 χρονικῆς
3136 5037 3565 5104 ἐπιστρεφομένη
3608 5037 3826 5094 ἀκολου-

2285 5130 2430 5192 θεας·
2491 5129 2738 5195 καθάπερ
2792 5127 2901 5194 γὰρ
2971 5128 3062 5178 ἐπὶ
3118 5127 3226 5178 τῶν
3285 5125 3455 5177 ἄλλων
3512 5129 3829 5194 πρακτικῶν

2281 5219 2543 5287 τεχνῶνῆ
2583 5219 2833 5283 λογικῶν,
2893 5218 3052 5286 ἑτέρα
3088 5218 3209 5286 μὲν,
3250 5216 3282 5286 ἦ
3331 5218 3436 5270 τῶν
3485 5219 3752 5288 ὀργάνων,
3796 5221 3829 5287 ἧ

629 5299 1084 5365 quemadmodum
1122 5303 1174 5354 iu
1201 5302 1434 5364 artibus,
1468 5311 1578 5355 tam
1640 5304 1855 5358 [activis
1903 5321 2066 5373 quam
2098 5320 2178 5359 ra-

2281 5310 2386 5360 τῶν
2413 5308 2651 5360 κανόνων
2678 5305 2890 5374 εὕρεσις
2927 5309 3016 5359 καὶ
3046 5307 3221 5370 τάξις·
3266 5309 3423 5376 ἑτέρα
3455 5309 3530 5372 δὲ,
3569 5313 3600 5379 ἡ
3635 5310 3830 5377 χρῆστ,

631 5389 944 5450 tiunalibus,
978 5392 1198 5446 aliaest
1261 5393 1743 5448 instrumentorum
1803 5407 1856 5449 et
1912 5412 2183 5451 canonum

634 5477 872 5531 inventio
895 5488 947 5532 et
974 5483 1131 5545 ordo,
1165 5491 1325 5552 atque
1362 5486 1500 5538 alius
1550 5488 1713 5539 etiam
1777 5501 1963 5539 eorum
2031 5504 2182 5553 usus,

636 5569 785 5629 iuxta
840 5571 953 5638 ipsa
993 5581 1237 5642 tempora
1293 5575 1552 5627 nimirum
1608 5585 1700 5630 aut
1763 5579 1942 5630 varias
2002 5594 2184 5631 rerqu

638 5660 878 5712 rationes
932 5662 1095 5726 (alius
1145 5664 1287 5716 cnim
1338 5665 1588 5721 fortassis
1631 5668 1885 5722 'tncdirus
1952 5674 2182 5736 primum

2284 5401 2434 5467 παρά
2484 5399 2606 5459 τοὺς
2655 5399 2894 5465 καιροὺς.
2953 5398 2985 5464 ἦ
3019 5396 3084 5447 τὰ
3134 5396 3463 5464 πράγματα’
3512 5402 3600 5450 καὶ
3652 5400 3681 5448 ὁ
3730 5399 3832 5465 μὲν

2284 5493 2468 5559 τέμνει
2494 5473 2648 5556 τυχὸν
2682 5489 2918 5556 πρῶτον,
2949 5488 2976 5537 ὁ
3021 5487 3074 5538 δὲ
3121 5492 3481 5555 φαρμακεύει,
3521 5484 3626 5539 όδε
3665 5491 3827 5556 χρίει,

2287 5583 2376 5634 καὶ
2410 5583 2436 5632 ό
2473 5580 2568 5649 μὲν
2598 5578 2749 5645 φοϐεῖ
2782 5578 3059 5644 πρότερον,
3092 5579 3117 5628 ὁ
3160 5579 3212 5628 δὲ
3258 5579 3582 5645 παρακαλεῖ,
3618 5583 3708 5630 καὶ
3744 5583 3810 5632 οὐ

2282 5670 2370 5721 ὁὲν
2420 5671 2493 5737 τῷ
2545 5669 2754 5739 τεχνίτῃ
2812 5667 2959 5728 μέλει
3010 5667 3103 5730 τῆς
3138 5668 3352 5720 ἐκείνων
3401 5667 3632 5732 τάξεως
3691 5669 3827 5723 ἀλλὰ
