4090 6324
173 273 235 337 61

1313 286 1694 352 COMMENT.
1741 291 1822 352 IN
1851 293 1982 353 PSA
1992 297 2095 356 LM
2100 297 2210 359 OS.

3307 312 3378 374 0?.

173 387 376 454 πρῶτον
414 387 491 458 (5)
520 389 648 442 αὒτδ
670 389 902 444 δοκεῖτὸ
942 394 1082 448 κατά
1119 394 1305 463 χρείαν
1344 397 1376 468 ἢ
1407 398 1652 468 δύναμιν,
1685 401 1696 452 t'

1817 403 2027 467 incidit,
2053 408 2192 460 alius
2228 407 2580 476 pharmacum
2619 420 2846 478 prestat
2884 423 2938 471 et
2975 418 3129 486 ungit
3182 435 3194 471 :
3235 423 3373 477 alius
3452 467 3458 473 .

169 476 313 540 τάξιν
355 477 588 532 ἄτακτον
633 481 882 549 λέγομεν,
916 483 1053 553 πρὸς
1085 484 1142 536 τὸ
1166 487 1363 538 οίκετον
1397 490 1709 560 συμφέρον·

166 566 301 620 οὕτω
323 568 415 621 καὶ
449 569 528 639 τῷ
569 570 820 642 ἡμετέρῳ
861 573 1097 644 τεχνίτῃ,
1131 575 1206 644 τῷ
1243 577 1383 646 ἁγίῳ
1415 579 1708 648 Πνεῦματι,

166 657 328 724 μηδὲν
356 658 454 724 τῆς
499 659 742 728 ἱστορίας
778 662 1038 732 μελῆσαν,
1069 666 1169 734 τῆς
1196 665 1459 732 ὠφελείας
1489 670 1596 723 τῶν
1622 674 1710 725 ὲνο

163 746 527 813 τυγχανόντων
577 749 864 819 ἐμέλησεν,
909 753 1002 804 καὶ
1044 754 1191 818 ὅπως
1217 755 1278 808 τὸ
1307 759 1403 826 τῆς
1436 761 1710 830 ἡμετέρας

162 835 375 903 ἄγαλμα
402 836 580 907 ψυχῆς
601 840 779 911 γλυφῇ
814 845 957 895 κατὰ
981 844 1198 913 τρόπον,
1228 850 1320 899 καὶ
1350 849 1488 918 πρὶς
1516 851 1709 914 κάλλος

161 925 451 996 ἀποξεσθῇ,
480 931 574 981 καὶ
603 931 754 993 τέλος
788 935 1049 1003 μορφωθῇ
1074 936 1204 1005 πρὸς
1239 937 1391 992 Θεόν.
1421 939 1519 992 Διά
1552 942 1709 996 τοῦτο

159 1010 343 1076 πρῶτα
375 1015 474 1080 μὲν
504 1015 561 1065 ὲν
607 1014 686 1084 τῷ
720 1016 919 1087 πρώτῳ
956 1018 1150 1089 ψαλμῷ
1178 1023 1277 1090 τῆς
1307 1025 1556 1087 ἀσεϐείας
1590 1026 1736 1096 ἃμα

157 1192 294 1253 τίνος
328 1192 497 1260 ἐσμὲν
539 1193 762 1265 κλῆρος,
815 1199 906 1250 καὶ
949 1201 1053 1252 τίνι
1085 1203 1551 1273 προσκολληθῆναι
1585 1208 1704 1261 δέον

157 1277 528 1342 ἀποδεικνύειο
570 1287 630 1339 έν
678 1287 736 1340 δὲ
785 1289 868 1359 τῷ
909 1292 1093 1360 τρίτῳ,
1143 1294 1239 1360 τὴν
1269 1295 1407 1347 κατά
1438 1297 1547 1348 τῶν
1583 1298 1702 1368 Θεῷ

158 1373 660 1445 προσκολληθέντων
689 1379 978 1448 ἐπιϐουλήν
1010 1398 1067 1433 τε
1116 1381 1206 1435 καὶ
1231 1385 1534 1455 προσϐολὴν
1567 1407 1702 1458 προ-

155 1464 291 1531 λέγει
317 1465 410 1530 τοῦ
443 1468 758 1534 ἀντιπάλου,
790 1471 882 1522 καὶ
906 1471 1135 1541 καθεξῆς
1159 1474 1257 1536 τὰς
1279 1475 1571 1546 θεραπείας
1593 1482 1701 1534 τῶν

155 1555 206 1606 ἑν
237 1557 366 1624 ἡμῖν
401 1557 611 1622 παθῶν,
647 1560 680 1629 ἢ
716 1561 1030 1630 προσϐολῶν
1065 1564 1403 1635 ὑποτίθησιν.

1816 495 2071 570 similiter
2096 497 2185 552 hic
2211 501 2448 567 primum
2503 512 2791 571 perterret,
2855 506 2946 562 ille
2999 510 3317 564 consolatur
3353 529 3371 566 :

1815 584 2014 654 quippe
2049 603 2171 642 eum
2234 591 2430 662 artifici
2457 593 2592 648 ordo
2623 608 2766 649 cura:
2813 612 2920 651 non
2951 598 3042 663 sil,
3096 602 3192 654 sed
3241 602 3372 657 illud

1813 675 2053 743 primum
2091 679 2160 732 ab
2189 695 2253 734 eo
2278 680 2576 748 judieetur,
2608 685 2754 755 quod
2792 687 2840 740 vi
2904 702 2966 742 ac
3019 690 3224 746 virtute
3274 709 3376 749 sua

1812 769 1965 820 novit
1992 783 2117 824 esse
2141 771 2496 842 praecipuum,
2547 784 2603 830 et
2649 777 2864 832 vulneri
2921 779 3008 834 cui
3061 781 3370 850 applicatur

1811 857 2064 913 conferre
2093 877 2108 914 :
2138 876 2299 930 quam
2329 880 2467 927 rem,
2498 867 2742 921 ordinem
2771 869 2974 939 absque
3000 871 3194 926 ordine
3230 874 3370 928 sole-

1809 961 1931 1002 mus
1962 952 2280 1021 appellare),
2311 956 2391 1009 sic
2419 965 2472 1010 et
2497 973 2708 1011 summo
2731 958 2858 1014 huic
2928 970 3116 1018 nostro
3170 950 3369 1020 artilici

1809 1046 2000 1091 sancto
2026 1040 2236 1095 scilicet
2277 1042 2529 1111 Spiritui.
2557 1061 2702 1100 cura:
2743 1048 2873 1112 luit,
2933 1066 3041 1105 non
3104 1056 3251 1122 quod
3302 1059 3370 1108 ad

1687 1160 1702 1184 .
1810 1126 2117 1194 historiam,
2142 1131 2236 1185 sed
2271 1134 2413 1201 quod
2449 1135 2516 1190 ad
2550 1137 2839 1205 legentium
2869 1121 3158 1211 utilitatcui
3195 1145 3369 1210 perti-

1805 1228 1983 1284 neret,
2049 1226 2213 1288 atque
2247 1230 2302 1274 ut
2337 1223 2450 1276 haec
2479 1226 2676 1280 animas
2704 1238 2903 1283 nostra:
2969 1230 3164 1300 imago,
3207 1242 3264 1284 ut
3293 1234 3368 1288 ita

1805 1307 2005 1371 dicam,
2041 1319 2137 1364 aut
2158 1319 2359 1374 statua.
2404 1313 2471 1366 ad
2514 1330 2695 1370 mores
2745 1319 3106 1387 sculperetur,
3155 1323 3217 1375 ad
3252 1324 3367 1391 pul-

1803 1400 2165 1454 chritudinem
2198 1403 2554 1472 cxpoliretur,
2615 1422 2678 1461 ac
2708 1408 2928 1462 tandem
2966 1411 3289 1465 formaretur
3311 1413 3366 1467 in

1808 1488 2000 1542 Deum.
2036 1490 2114 1545 Ob
2141 1492 2281 1547 hanc
2312 1489 2534 1549 causam
2576 1501 2857 1567 propheta,
2900 1500 2952 1554 in
3002 1489 3191 1571 primo
3249 1504 3368 1571 qui-

1806 1577 1928 1632 dem
1982 1583 2212 1650 psalmo,
2264 1586 2333 1638 ab
2385 1588 2662 1655 impietate
2712 1591 2946 1656 primum
3011 1608 3111 1646 nos
3153 1605 3368 1661 separat

155 1651 203 1699 et
229 1660 256 1697 a
297 1649 543 1716 peccatis
594 1664 619 1752 ,ι
647 1651 701 1705 in
733 1652 976 1709 secundo
1038 1665 1215 1709 autem
1247 1657 1692 1717 subdemonstrat
1731 1667 1886 1736 cujus
1915 1671 2208 1726 hereditas
2245 1675 2439 1739 simus,
2467 1649 2675 1746 cuique
2700 1649 2976 1735 adhaerere
3035 1691 3086 1735 ct
3151 1649 3364 1752 adiungi

154 1748 512 1840 nosoporteat
545 1759 558 1795 :
594 1740 648 1795 in
686 1742 872 1806 tertio,
913 1745 1154 1812 praedicit
1208 1747 1440 1804 insidias
1487 1760 1542 1806 et
1602 1769 1930 1826 congressus
1993 1762 2220 1825 inimici,
2283 1740 2692 1839 adversus-eos
2765 1770 2855 1838 qui
2923 1770 3031 1832 Deo
3087 1740 3364 1840 conjuncti

154 1837 269 1880 sunt
296 1845 310 1881 :
333 1828 530 1884 deinde
562 1832 880 1887 sanationes
907 1841 958 1887 et
987 1849 1150 1890 curas
1201 1839 1542 1905 passionum,
1569 1859 1691 1911 qure
1731 1847 1786 1900 in
1824 1849 1981 1902 nobis
2013 1849 2222 1914 insunt,
2253 1860 2306 1906 et
2351 1837 2740 1919 calamitatum,
2784 1828 3049 1926 ἐιιῑυῇδίι.

216 1920 373 1974 Ἔστι
419 1920 476 1972 δὲ
529 1921 624 1974 καὶ
653 1922 809 1989 λόγος
856 1923 1062 1994 ἔτερος,
1113 1926 1192 1978 ὅτι
1246 1930 1375 1982 ποτὲ
1427 1932 1535 1984 τῶν
1577 1935 1696 1988 Ἰου-

1877 1937 1972 1994 Est
2019 1950 2071 1991 et
2095 1942 2197 1994 alia
2231 1953 2488 2011 praeterea
2539 1943 2699 2012 hujus
2729 1947 2936 2000 ordinis
2973 1950 3130 2002 ratio.
3164 1947 3365 2006 Juda~is

151 2010 302 2064 δαίων
353 2016 883 2086 καταφρονησάντων
947 2017 1038 2070 τοῦ
1093 2018 1250 2082 Θεοῦ,
1309 2024 1402 2075 καὶ
1449 2023 1557 2075 τῶν
1601 2042 1706 2079 πα-

149 2102 304 2170 τρίων
357 2102 496 2155 ἐθῶν
542 2103 812 2176 λαϐόντων
867 2106 1076 2178 λήθην,
1126 2110 1221 2161 καὶ
1281 2112 1414 2165 πολὺ
1471 2115 1704 2182 μάλιστα

149 2191 247 2246 τῶν
284 2193 518 2264 Γραφῶν
557 2196 946 2268 παρερρὗσαν
1000 2200 1053 2249 αἱ
1098 2198 1301 2269 βίϐλοι,
1353 2204 1447 2256 καὶ
1491 2205 1705 2272 διεφθά-

154 2300 336 2353 ρησαν.
393 2285 659 2354 ’Ὕστερον
707 2286 763 2339 δὲ
817 2286 946 2360 περὶ
1001 2289 1099 2356 τὴν
1167 2293 1487 2360 συναγωγὴν
1528 2295 1705 2347 αὐτῶν

151 2373 464 2438 σπουδάσας,
525 2376 634 2428 εἴτε
685 2377 938 2447 Ἔσδρας,
982 2380 1090 2432 εἴτε
1142 2379 1406 2446 Ἐζεκίας,
1463 2384 1554 2436 καὶ
1603 2386 1702 2438 οὐκ

149 2467 369 2536 ἁθρόως,
397 2467 532 2520 ἀλλὰ
565 2467 688 2520 καθ’
731 2467 830 2521 ενα
875 2468 1092 2531 τούτους
1124 2471 1532 2542 ἀναλεγόμενος,
1567 2477 1701 2546 πρὸς

147 2559 227 2624 τον
249 2558 438 2628 χρόνον
469 2561 570 2628 τῆς
599 2559 866 2629 εὑρέσεως
896 2560 1148 2619 ἑκάστου.
1188 2563 1281 2613 καὶ
1306 2562 1404 2631 τὴν
1433 2566 1690 2633 φαινομέ⁴

147 2665 234 2717 νην
262 2647 419 2712 τάξιν
455 2649 723 2717 ἐπέθηκεν
748 2665 763 2680 ’
812 2649 873 2701 οὐ
919 2650 1039 2703 καθ’
1083 2650 1177 2711 οὓς
1228 2651 1528 2723 ἐλέχθησαν
1568 2657 1696 2725 χρό⁶

146 2756 280 2804 νονς,
306 2737 442 2793 ἀλλὰ
474 2738 600 2792 καθ’
627 2738 720 2802 οὒς
746 2739 1066 2811 εὑρέθησαν.
1111 2743 1266 2794 Ἐστι
1293 2743 1350 2795 δὲ
1402 2746 1494 2798 καὶ
1524 2745 1698 2810 ἄλλως

147 2831 327 2894 είτπῖν,
353 2830 435 2883 ὅτι
471 2828 546 2899 μὴ
574 2830 721 2899 παρά
766 2831 893 2893 τοὺς
925 2831 1174 2902 χρόνους,
1225 2833 1361 2887 ἀλλὰ
1398 2835 1549 2904 παρὰ
1601 2836 1698 2897 τὰς

148 2924 348 2993 ἡμέρας
379 2924 601 2994 μᾶλλον,
663 2927 722 2979 ιν
773 2919 862 2996 αξς
908 2926 970 2978 τὸ
1017 2928 1229 2996 πρῶτον
1265 2927 1597 2998 ἐποιήθησαν
1645 2928 1696 2980 ot

145 3012 357 3083 ψαλμοὶ,
395 3015 455 3068 τὸ
508 3015 646 3086 μετὰ
696 3013 854 3068 τοῦτο
888 3018 1278 3087 συνετάγησαν.
1320 3019 1532 3072 Γένοιτο
1559 3020 1604 3073 δ’
1631 3018 1696 3072 ἂν

145 3102 663 3174 οὔτωφανερώτερον
691 3103 752 3186 το
770 3103 1064 3172 λεγόμενον
1090 3121 1104 3136 ·
1141 3107 1355 3177 πρῶτον
1398 3108 1531 3160 Θεοῦ
1572 3109 1694 3162 σύλα

1808 2029 1949 2081 euim
2011 2029 2173 2082 Deum
2208 2031 2334 2082 olim
2387 2034 2800 2102 negligentibus,
2836 2051 3024 2090 omnes
3059 2039 3214 2105 patrii
3251 2055 3363 2093 m0-

1807 2134 1892 2173 res
1945 2135 2166 2187 prorsus
2221 2138 2356 2190 pene
2403 2124 2664 2179 oblivioni
2698 2126 2808 2180 dati
2837 2134 2984 2191 sunt,
3034 2129 3176 2182 unde
3202 2145 3360 2198 quam

1806 2211 2026 2280 plurimi
2060 2226 2231 2266 sacrae
2272 2213 2568 2283 Scriptura:
2595 2217 2742 2280 libri,
2775 2233 2961 2270 eorum
2996 2218 3205 2287 ignavia
3239 2236 3362 2288 per-

1807 2300 2005 2354 ierunt.
2061 2301 2305 2370 Cumque
2364 2305 2564 2358 Esdras
2614 2321 2707 2359 seu
2775 2305 3051 2368 Ezechias,
3113 2307 3362 2375 QIIlStllllS

1802 2408 1986 2446 eorum
2015 2393 2197 2458 fuerit,
2222 2395 2472 2450 uti!itatis
2504 2397 2731 2465 publica:
2763 2407 2909 2450 certe
2932 2399 3226 2459 studiosus,
3259 2398 3362 2450 lut-

1797 2483 2034 2553 jusmodi
2075 2487 2332 2554 psalmos,
2386 2502 2492 2540 non
2523 2498 2700 2540 tamen
2740 2504 2845 2541 una
2874 2504 3085 2554 omnes,
3121 2492 3213 2546 sed
3251 2492 3362 2546 sin-

1801 2573 2019 2645 gulares
2057 2589 2121 2629 ac
2185 2574 2460 2646 dispersos
2518 2580 2831 2648 repet-isset,
2875 2581 3132 2636 collectos
3175 2594 3360 2652 postea

1799 2662 1941 2717 et‘in
1972 2678 2134 2715 unum
2159 2665 2516 2732 compositos,
2538 2681 2603 2718 eo
2626 2667 2820 2720 ordine
2852 2682 2960 2734 quo
2987 2670 3184 2735 reperti
3211 2678 3358 2735 sunt,
3464 2695 3472 2727 κ

1799 2755 1872 2808 ita
1927 2755 1983 2808 in
2039 2754 2310 2821 publicum
2367 2755 2555 2817 edidit,
2601 2755 2784 2810 habita
2832 2759 3088 2825 temporis
3131 2759 3355 2819 ratione,

1797 2860 1906 2898 non
1934 2861 2040 2915 quo
2068 2845 2300 2900 confecti
2325 2855 2472 2911 sunt,
2499 2847 2592 2902 sed
2619 2865 2726 2916 quo
2760 2849 2990 2903 inventi.
3030 2850 3162 2903 lllud
3193 2850 3355 2903 etiam
3451 2917 3454 2920 .

1797 2933 1905 2988 dici
1961 2942 2138 3005 potest
2187 2937 2328 3002 quod
2378 2938 2599 3006 psalmi-
2633 2954 2740 2991 non
2772 2939 2925 3005 juxta
2961 2947 3224 3009 tempora,
3262 2940 3356 2993 sed

1790 3024 1941 3094 juxta
1989 3025 2128 3090 dies,
2191 3027 2388 3094 quibus
2452 3028 2684 3096 primum
2739 3030 3024 3096 compositi
3073 3036 3222 3091 sunt,
3274 3030 3347 3082 ita

1794 3123 1986 3184 postea
2014 3116 2066 3169 in
2099 3131 2263 3170 unum
2293 3116 2530 3170 ordinati
2569 3117 2738 3174 fuere.
2791 3117 2942 3183 Quod
2981 3121 3215 3175 dicimus
3241 3135 3354 3174 ma-
3450 3115 3453 3119 ’

145 3195 312 3267 ληψις,
347 3192 466 3250 εἶτα
503 3194 774 3274 γέννησις,
811 3193 927 3250 εἶτα
957 3196 1147 3266 κλῆσις
1179 3197 1276 3251 καλ⁸
1301 3201 1567 3270 περιτομὴ
1595 3200 1689 3252 καὶ

1796 3203 2048 3267 'nil'es'tius
2098 3205 2271 3261 ﬁetex
2320 3208 2408 3261 liis
2450 3223 2569 3278 quae
2614 3209 2921 3277 subjiciam.
2973 3208 3176 3265 Christi
3221 3225 3356 3264 con-

145 3290 465 3359 προσαγωγὴ
515 3287 654 3359 πρδς
701 3267 793 3349 τὸν
830 3288 978 3353 ναὸν,
1041 3289 1136 3341 καὶ
1180 3267 1503 3359 ὑπάντησις,
1555 3267 1690 3358 μετά

1796 3297 1972 3364 ceptio
2019 3304 2263 3366 tempore
2288 3267 2521 3365 primum
2555 3280 2676 3364 fuit;
2702 3302 3044 3368 postmodum
3082 3302 3351 3367 nativitas,

143 3378 422 3450 τριάκοντα
445 3378 668 3449 χρόνους
689 3380 724 3448 ὴ
758 3379 1028 3448 βάπτισις,
1065 3380 1098 3448 ἡ
1130 3379 1450 3448 φανέρωσις,
1486 3382 1518 3449 ή
1549 3381 1692 3434 διδα-

149 3470 350 3531 σκαλία.
408 3470 477 3523 τά
531 3470 804 3540 θαύματα,
841 3471 908 3524 τὰ
951 3471 1294 3540 παθήματα,
1340 3471 1430 3524 καὶ
1478 3472 1692 3526 πάντων

147 3557 360 3628 εσχατον
391 3577 425 3628 η
456 3559 782 3622 ἀνάστασιςο
807 3559 922 3612 ἀλλ’
965 3561 1096 3629 ἡμῖν
1136 3576 1198 3627 γε
1245 3561 1549 3613 τούναντίον
1599 3563 1691 3614 ἐπὶ

147 3649 240 3702 τῶν
261 3648 464 3720 ἑορτῶν
505 3649 616 3718 ἔχει
645 3649 713 3703 τὰ
739 3649 1100 3720 διαστήματα,
1136 3649 1349 3718 πρῶτον
1406 3649 1688 3720 σύλληψις,

145 3737 232 3794 εἴτ’
251 3742 413 3805 εὐθὺς
457 3741 771 3806 ἀνάστασις.
811 3740 976 3813 Ὀρᾷς
1002 3743 1100 3813 ὅση
1131 3741 1236 3794 τῶν
1291 3739 1390 3811 μὲν
1424 3741 1622 3812 ἑορτῶν
1655 3743 1688 3814 ἡ

146 3833 450 3896 ἀπόστασις,
490 3833 597 3886 τῶν
624 3833 680 3885 δὲ
702 3831 921 3902 ἡμερῶν
960 3834 992 3903 ἡ
1030 3834 1323 3902 συνάφεια;
1366 3833 1525 3886 πάλιν
1555 3833 1686 3886 ἀνά-

146 3923 309 3995 ληψις,
337 3925 778 3997 μεταμόρφωσις,
818 3917 916 3978 εἷθ’
952 3926 984 3995 ἡ
1028 3926 1302 3994 γέννησις,
1332 3920 1450 3978 εἶτα
1473 3924 1688 3977 πάντων

147 4016 416 4088 ἔσχατονὴ
457 4015 781 4086 φανέρωσις.
828 4014 990 4086 Ὁρᾷς
1021 4017 1120 4086 ὅση
1145 4012 1253 4068 τῶν
1291 4016 1626 4085 πραγμάτων
1655 4017 1689 4084 ἠ

147 4109 470 4171 ἑναντίωσιςς
506 4108 598 4163 καὶ
628 4109 662 4179 ἡ
685 4107 781 4178 μὲν
804 4108 909 4160 τῶν
931 4108 988 4159 ἑν
1015 4106 1178 4177 μησὶν
1204 4105 1423 4178 ἡμερῶν
1456 4105 1685 4176 διεσώθη

145 4199 300 4266 τάξις,
320 4202 354 4269 ἡ
379 4198 436 4253 δι
454 4199 562 4254 τῶν
589 4200 922 4270 πραγμάτων
953 4198 1129 4253 αὐτῶν
1174 4197 1397 4269 διεκόπη
1433 4198 1686 4269 μάλιστα,

145 4291 228 4344 καὶ
255 4291 445 4359 γέγονε
471 4290 625 4356 τάξις
652 4293 712 4343 ὲν
739 4291 934 4361 ἀταξίᾳ
964 4307 1066 4352 τις.

1792 3385 1989 3439 deinde
2012 3386 2290 3453 impositio
2319 3388 2556 3440 nominis
2588 3395 2642 3441 et
2660 3389 3004 3443 circumcisio
3033 3407 3046 3442 :
3083 3400 3202 3458 post
3239 3392 3352 3446 ltaac

1794 3476 2050 3530 adductio
2081 3477 2133 3530 in
2158 3478 2411 3547 templum
2437 3487 2490 3533 et
2522 3479 2832 3549 hypantesis
2859 3481 2982 3550 [hoc
3003 3493 3086 3535 est
3105 3484 3348 3548 obviatio,

1792 3580 1952 3633 quam
1978 3565 2156 3620 Latini
2189 3567 2617 3635 puriﬁcationem
2645 3565 2883 3637 Virginis
2906 3568 3195 3640 appellant]
3221 3589 3233 3635 ;
3258 3573 3354 3625 de-

1798 3670 1942 3707 mum
1991 3665 2112 3723 post
2145 3658 2363 3725 triginta
2396 3671 2570 3711 annos
2608 3657 2907 3726 baptismus
2939 3671 2991 3712 et
3034 3660 3352 3714 manifesta-

1794 3747 1871 3799 tio
1906 3747 2117 3800 Domini
2153 3765 2168 3801 :
2197 3748 2393 3801 deinde
2419 3749 2689 3810 doctrina,
2723 3752 3003 3814 miracula,
3045 3753 3350 3819 passiones,
3434 3821 3437 3826 η

1795 3845 1846 3890 et
1874 3845 2148 3906 postremo
2174 3839 2524 3893 resurrectio.
2554 3837 2754 3894 Verum
2801 3841 2936 3909 apud
2964 3857 3062 3896 nos
3088 3842 3352 3896 festivitao

1798 3936 1880 3982 tes
1915 3928 2030 3982 ista!
2058 3928 2165 3982 alio
2187 3929 2379 3982 ordine
2419 3938 2580 3997 atque
2614 3930 2719 3982 alio
2762 3931 3050 3984 intervallo
3075 3933 3352 3986 celebrau-

1791 4026 1904 4071 tur.
1937 4017 2119 4071 Primo
2167 4019 2311 4072 enim
2361 4022 2797 4090 cmtceptionem,
2835 4036 2896 4074 ac
2929 4023 3122 4075 deinde
3169 4025 3349 4076 statim

1796 4110 2247 4164 resurrectionem
2292 4109 2656 4165 celebramus.
2717 4111 2798 4180 (6)
2852 4110 3010 4166 Vides
3054 4123 3250 4179 quanta
3281 4115 3351 4165 sit

1794 4202 2055 4270 temporis
2099 4201 2455 4257 festivitatum
2495 4203 2751 4257 distantia
2774 4211 2827 4256 et
2865 4201 3074 4255 dierum
3120 4203 3350 4269 coitiun-

1786 4290 1919 4344 etio.
1973 4291 2187 4347 Rursus
2228 4293 2555 4360 assumptio,
2591 4291 3024 4358 trausliguratio,
3068 4292 3348 4346 nativitas’

146 4391 191 4436 et
237 4383 429 4440 deinde
473 4392 744 4454 postrema
789 4384 1028 4440 omnium
1087 4382 1356 4452 apparitio
1404 4396 1467 4437 ac
1506 4383 1872 4439 manifestatio
1916 4385 2243 4440 celebratur.
2314 4386 2476 4441 Vides
2519 4393 2721 4452 quanta
2787 4385 2859 4439 sit
2928 4401 3108 4442 rerum
3171 4387 3348 4440 diver-

146 4471 264 4526 sitas
321 4472 468 4528 Ordo
517 4474 717 4552 quippe
757 4473 965 4528 dierum
997 4474 1051 4527 in
1106 4474 1384 4529 mensibus
1431 4481 1678 4528 servatus
1716 4483 1820 4539 est,
1871 4490 2050 4530 rerum
2111 4485 2292 4544 autem
2327 4476 2482 4530 valde
2517 4476 2825 4545 disjunctus
2869 4492 2884 4530 :
2931 4487 2984 4531 et
3048 4475 3348 4536 factusest

146 4566 264 4620 ordo
291 4567 533 4652 quidam,
569 4567 726 4637 quasi
767 4567 884 4620 sine
915 4565 1126 4620 ordine.

215 4649 366 4709 ’Λλλά
392 4656 580 4726 καιρὸς
603 4655 806 4718 διδάξαι
837 4655 1039 4718 λοιπὸν,
1086 4655 1180 4706 καὶ
1200 4649 1283 4716 τίς
1319 4655 1350 4722 ἠ
1385 4654 1440 4706 ὲν
1481 4652 1690 4716 πολλοῖς

1867 4653 1972 4709 Sed
2001 4664 2216 4722 tempus
2248 4665 2329 4708 est
2351 4661 2409 4706 ut
2430 4655 2542 4722 jam
2573 4653 2827 4723 deinceps
2855 4653 3167 4718 doceamus,
3200 4670 3346 4734 qum-

143 4743 236 4798 τῶν
261 4744 489 4815 ψαλμῶν
515 4746 772 4813 ἀσάφεια,
796 4746 887 4798 καὶ
912 4746 1074 4798 πόσαι
1111 4744 1420 4814 μεταϐολαὶ,
1453 4744 1546 4797 καὶ
1577 4762 1683 4797 πα-

148 4836 205 4907 ρὰ
232 4840 387 4891 τίνων
411 4838 514 4908 τῆς
550 4836 829 4907 Ἐϐραῖδος
872 4835 1148 4888 διαλέκτου
1177 4835 1310 4904 πρὸς
1363 4836 1457 4904 τὴν
1498 4835 1684 4904 Ἐλλη-

144 4931 246 4982 νίδα
285 4931 589 4999 γεγόνασιν.
639 4930 797 4982 Αίτία
834 4929 931 4998 τῆς
983 4928 1249 4995 ἀσαφείας
1299 4927 1396 4996 τῆς
1453 4927 1686 4988 παλαιᾶς

146 5017 346 5087 Γραφῇ
373 5061 387 5084 ,
418 5021 476 5073 τό
506 5036 565 5072 τε
595 5018 919 5087 συμϐολικον
944 5018 1050 5069 τῶν
1081 5020 1176 5068 ὅσα
1220 5017 1450 5084 Χριστὸν
1497 5020 1588 5068 καὶ
1617 5017 1685 5069 τά

147 5109 269 5162 κατὰ
298 5111 551 5181 Χριστὸν,
581 5110 676 5162 καὶ
712 5110 896 5172 ἁπλῶς
924 5111 1116 5170 εἰπεῖν,
1151 5107 1217 5159 τὰ
1250 5110 1348 5178 τῆς
1379 5109 1499 5169 νέας
1530 5109 1688 5179 χάρι-

147 5213 225 5258 τος
251 5199 608 5276 προαρπουν,
636 5202 731 5254 καὶ
757 5202 825 5253 τά
862 5199 1539 5270 ίδιώματα“τῆςἘϐραῖδος
1571 5201 1686 5252 δια-

146 5283 317 5338 λέκτου
352 5287 486 5356 πρὸς
531 5289 626 5357 τὴν
667 5287 963 5356 Ἑλληνίδα.
1001 5288 1288 5356 Διαφόροις
1322 5287 1426 5354 γὰρ
1484 5289 1690 5357 κέχρη-

148 5380 306 5431 ταιτο
360 5380 693 5450 προφητικὸν
721 5381 841 5442 ἔθος
905 5381 953 5433 ει
998 5382 1091 5433 καὶ
1144 5381 1216 5450 μὴ
1265 5381 1321 5431 ὲν
1357 5381 1489 5432 πᾶσι
1515 5395 1526 5409 ο
1561 5398 1686 5433 συν-

1788 4760 1912 4797 nam
1953 4744 2024 4798 sit
2065 4744 2421 4801 obscu‘ritatis
2464 4747 2624 4806 ratio,
2669 4761 2788 4814 qua:
2814 4745 2864 4798 iu
2903 4747 3086 4799 multis
3126 4746 3345 4813 psalmis

1784 4837 2074 4904 reperitur,
2098 4846 2153 4889 et
2194 4846 2326 4903 quot
2375 4836 2757 4890 translationes
2798 4821 2929 4896 suit,
2982 4853 3045 4890 ex
3082 4834 3342 4889 llebvaica

1784 4925 1968 4996 lingua
2004 4927 2056 4979 in
2111 4913 2373 4991 Graacatu,
2407 4938 2456 4980 et
2489 4944 2517 4980 a
2555 4929 2754 4995 quibus
2791 4928 2960 4981 factae.
2993 4927 3143 4992 Quod
3183 4930 3344 4997 igitur

1786 5025 1893 5068 tam
1926 5015 2092 5066 multa
2125 5017 2176 5067 in
2206 5019 2369 5070 veteri
2397 5017 2675 5085 Scriptura
2699 5018 2932 5070 obscura
2971 5018 3339 5078 inveniantur,

1787 5106 1841 5159 in
1874 5120 2040 5158 causa
2072 5118 2196 5158 sunt
2226 5107 2429 5176 ﬁgurae,
2461 5124 2796 5178 quaecunque
2822 5108 3124 5167 Christum,
3162 5109 3339 5160 illius-

1787 5213 1892 5267 que
1924 5202 2191 5264 actiones,
2211 5211 2262 5254 et
2289 5215 2480 5253 noram
2510 5201 2737 5268 gratiam
2769 5201 3162 5269 praesignabant
3197 5201 3341 5266 (om.

1794 5291 1881 5343 nia
1917 5293 2116 5361 quippe
2147 5292 2257 5346 hac
2311 5307 2429 5360 qua:
2462 5293 2526 5345 ad
2563 5293 2803 5361 gentium
2839 5292 3174 5344 vocationem
3212 5304 3335 5358 per-

1785 5380 1956 5438 tiuere
2005 5383 2344 5446 videbantur,
2381 5384 2653 5452 ριοιιιιοιιο
2683 5383 2750 5436 de
2808 5383 3068 5438 industria
3107 5383 3336 5439 obscure

1445 5496 1640 5557 Variae
1680 5495 2004 5561 lectiones.

205 5597 278 5668 (5)
309 5599 662 5654 Scribendutn
694 5598 925 5655 fortasse
953 5599 1121 5668 αὐτῷ.

207 5657 279 5738 (ὅ)
302 5669 489 5725 ϐιωεο
528 5684 622 5740 per
665 5657 1139 5741 interrogationem
1169 5669 1490 5737 eﬂ‘eruntur,
1525 5677 1582 5726 ut
1627 5677 1678 5725 et
1719 5667 1878 5743 paulo
1920 5673 2039 5738 post
2078 5682 2090 5719 :
2134 5664 2280 5719 l’ides
2314 5657 2677 5737 quuntn'yctc.
