4090 6324
670 386 740 444 63
1890 384 2274 445 ΕΗΤΙΙΥΜΠ
2310 385 2667 445 ΖΙΟᾹΒΕΝΙ
3119 454 3143 465 ,ο
3821 388 3883 447 Ci

665 493 956 549 :idmodum
1007 499 1411 563 pertractarunt
1454 510 1466 546 :
1500 505 1567 546 ne
1605 492 1651 546 si
1684 491 2115 547 invidentissima
2139 493 2223 545 illa

2335 497 2667 564 εσκιασμένα
2694 495 2801 564 γὰρ
2831 496 2895 547 τα
2935 496 3159 548 πλεῖστα
3200 496 3285 548 διὰ
3324 494 3419 564 τὴν
3453 494 3561 547 τῶν
3612 497 3888 567 ἀκροατῶν

663 584 979 638 Judreorum
1058 599 1190 653 gens
1224 582 1461 637 futuram
1497 584 1841 654 primogeniti
1870 584 2089 638 lsraelis
2119 583 2229 636 rui-

665 692 787 728 nam
823 684 878 729 et
925 676 1167 745 gentium
1212 676 1557 745 adoptionem
1607 676 1975 746 cognovisset,
2041 689 2230 729 sacros

667 765 856 831 libros,
887 767 976 831 ιιιιί
1012 767 1123 819 haze
1150 764 1405 835 praedicta
1438 776 1584 833 sunt,
1633 781 1821 821 omnes
1849 766 1957 837 igni
1992 767 2231 833 tradere,

665 865 833 924 atque
862 871 1051 910 eorum
1082 859 1402 912 memoriam
1426 858 1718 913 obliterare
1748 858 2018 920 studeret,
2054 873 2231 927 neque

663 947 808 1000 enim
885 948 1126 1017 alioquin
1180 951 1570 1005 sustinuissent
1634 959 1781 1005 tanta
1854 951 2115 1008 adversus
2172 966 2232 1008 se

665 1038 795 1091 ferri
847 1041 1182 1096 testimonia.
1227 1041 1379 1097 Unde
1408 1057 1515 1097 non
1548 1044 1822 1098 mediocre
1845 1044 2101 1099 damnum
2143 1057 2233 1113 po-

669 1129 834 1183 steris
865 1129 1079 1184 illatum
1124 1132 1343 1198 fuisset,
1394 1136 1540 1203 quod
1567 1133 1655 1187 Dei
1686 1134 1971 1189 consilium
1996 1135 2231 1207 quodam

664 1219 718 1272 in
747 1221 864 1278 loco
900 1239 1042 1281 unus
1076 1226 1464 1296 prephetarum
1520 1226 1677 1283 nobis
1724 1226 2008 1292 indicavit,
2042 1227 2231 1282 dicens

661 1328 727 1367 ex
761 1329 992 1382 persona
1018 1316 1110 1372 Dei
1130 1317 1194 1371 ad
1211 1318 1523 1374 Judatorum
1550 1329 1764 1389 gentem
1797 1320 1838 1352 "
1866 1333 1881 1374 :
1912 1318 2092 1389 Neque
2119 1335 2233 1372 cre-

2335 587 2616 640 ἀπείθειαν
2669 589 2761 641 καὶ
2822 587 3182 657 σκληρότητα,
3216 587 3307 639 καὶ
3357 588 3555 656 ὀλίγοις
3586 589 3690 640 τῶν
3726 590 3889 655 ἁγίων

2335 679 2855 748 παραγυμνούμενα,
2896 679 2988 731 καὶ
3014 677 3186 746 ὀρθῶς
3218 677 3324 731 ἀπὸ
3355 677 3448 730 τοῦ
3496 678 3680 737 τέλους
3730 679 3888 746 μόνου

2334 771 2646 841 κρινόμενα.
2679 769 2995 823 Τελευταῖον
3032 769 3087 821 δὲ
3115 770 3307 833 αἴτιον,
3330 772 3363 837 η
3392 769 3499 821 ἀπὸ
3530 772 3627 839 τῆς
3675 769 3890 838 Ἐϐραΐ-

2333 860 2421 923 δος
2472 860 2564 913 ἐπὶ
2616 858 2713 930 τὴν
2766 858 3040 928 Ἑλληνίδα
3067 857 3311 925 γλῶτταν
3343 858 3546 910 τούτων
3587 858 3888 927 μεταϐολήσ

2333 955 2482 1007 πᾶσα
2506 952 2616 1023 γὰρ
2642 951 2853 1019 γλῶττα
2880 950 3279 1021 μετατιθεμένη
3314 950 3450 1020 πρὸς
3478 950 3783 1018 ἀλλοτρίαν,
3819 949 3890 1012 ὡς

2330 1043 2554 1108 ἐπίπαν,
2577 1042 2690 1113 ἔχει
2729 1042 2790 1096 τὸ
2842 1041 3044 1110 ἀσαφὲς
3071 1041 3165 1095 καὶ
3194 1042 3639 1111 δυσκατανόητον.
3674 1040 3892 1109 Μεθηρ-

2332 1138 2680 1207 μηνεύθησαν
2708 1136 2763 1190 δὲ
2802 1138 2892 1189 ἐπὶ
2923 1136 3255 1206 Πτολεμαίου
3294 1135 3386 1189 τοῦ
3444 1133 3792 1200 Φιλαδέλφου,
3817 1132 3891 1184 δι-

2331 1228 2552 1290 έποντος
2583 1227 2679 1295 τῆς
2708 1225 2981 1294 Αἰγύπτου
3007 1226 3105 1293 τὴν
3158 1225 3452 1294 βασιλείαν.
3503 1223 3675 1277 Ἐπτὰ
3703 1221 3758 1273 δὲ
3790 1222 3888 1288 τῆς

2330 1318 2565 1379 παλαιᾶς
2598 1317 2819 1386 Γραφῆς
2852 1317 3312 1388 μεθερμηνεύσεις
3342 1316 3593 1383 γεγόνασι

661 1404 866 1473 didisti,
892 1424 1054 1477 neque
1076 1427 1107 1463 α
1135 1411 1396 1478 principio
1422 1413 1603 1478 aperui
1636 1412 1730 1465 tibi
1759 1428 1937 1466 aures.
1968 1410 2232 1465 Noveram
2271 1412 2408 1465 enim
2436 1409 2574 1477 quod
2608 1409 2907 1463 iuobediens
2930 1425 3031 1462 non
3061 1413 3320 1477 parares).
3360 1408 3626 1462 Praeterea
3699 1406 3891 1459 obscu-

663 1497 842 1553 ritatis
934 1500 1038 1555 alia
1090 1502 1254 1556 etiam
1304 1513 1389 1558 est
1439 1506 1600 1567 ratio,
1651 1503 1852 1560 idioma
1907 1504 2117 1560 scilicet
2160 1503 2438 1559 llebraica:
2504 1504 2701 1573 lingua:
2766 1498 3045 1559 diversum
3091 1517 3120 1555 a
3153 1500 3334 1556 Graeca
3373 1517 3387 1555 :
3430 1500 3594 1553 variis
3626 1498 3767 1553 enim
3838 1512 3893 1550 ac

662 1593 1055 1663 multiplicibus
1105 1598 1361 1668 loquendi
1421 1602 1595 1656 modis
1644 1602 1922 1672 propheta:
1983 1617 2355 1674 saepenumero
2381 1602 2463 1655 usi
2499 1608 2647 1664 sunt,
2678 1601 3012 1669 (quanquam
3071 1612 3177 1651 non
3239 1595 3317 1652 sic
3384 1593 3643 1663 semper.)
3702 1592 3893 1646 adutn'

662 1684 817 1739 brate
851 1686 1015 1741 etiam
1069 1689 1238 1743 multa
1296 1691 1502 1754 dixere,
1554 1694 1625 1748 oh
1687 1694 2128 1751 incredulitatem
2180 1702 2235 1750 et
2309 1692 2562 1749 duritiem
2622 1691 2969 1745 auditorum:
3029 1704 3148 1757 quae
3192 1699 3368 1741 tamen
3436 1683 3785 1756 paucioribus
3838 1696 3894 1734 ac

662 1777 873 1832 sanctis
926 1780 1059 1836 viris
1098 1784 1334 1838 revelata
1373 1793 1537 1851 sunt,
1571 1801 1800 1857 qumque
1830 1799 1861 1841 a
1896 1786 2015 1843 solo
2046 1800 2227 1840 rerum
2267 1784 2417 1839 exitu
2467 1798 2530 1837 ac
2590 1782 2695 1835 line
2747 1787 2896 1836 recte
2949 1780 3286 1850 judicantnr.
3376 1775 3662 1831 Postremo
3730 1774 3892 1827 etiam

661 1866 752 1924 illa
794 1873 1029 1928 addatur
1079 1872 1240 1943 ratio,
1278 1878 1419 1946 quod
1450 1880 1517 1934 de
1549 1881 1721 1949 patria
1793 1895 1857 1935 ae
1933 1880 2154 1951 propria
2221 1877 2491 1933 Hebraica
2552 1877 2739 1948 lingua
2790 1878 2842 1929 in
2897 1876 3079 1939 aliam,
3134 1871 3357 1941 antiqua
3408 1868 3592 1923 omnia
3657 1866 3889 1935 legimus

662 1970 950 2025 translata.
1002 1969 1192 2027 Omnis
1231 1982 1411 2030 autem
1456 1974 1639 2046 lingua
1674 1979 1723 2030 in
1768 1977 1927 2032 aliam
1961 1990 2246 2040 conversa,
2288 1987 2347 2029 ut
2387 1973 2709 2047 plurimum,
2740 1971 3110 2027 diliicultatem
3153 1976 3318 2037 atque
3348 1966 3735 2020 obscuritatem
3808 1978 3893 2031 ge-

660 2067 836 2114 nerat.
875 2060 1185 2117 Translatio
1214 2064 1314 2118 ista
1350 2064 1492 2121 facta
1525 2075 1607 2122 est
1634 2080 1896 2137 tempore,
1922 2084 2032 2139 quo
2063 2066 2397 2124 Prolemaeus
2452 2064 2869 2135 Philadelphus,
2918 2078 3155 2130 regnum
3202 2057 3417 2131 Egypti
3460 2054 3903 2111 administrabat.

664 2151 878 2221 Septem
931 2154 1077 2207 enim
1134 2153 1285 2209 luere
1343 2159 1728 2216 translationes
1777 2159 1989 2217 Veteris
2036 2159 2393 2216 Testamenti.

728 2244 910 2298 Prima
925 2262 953 2299 a
971 2245 1110 2299 LXX
1129 2246 1262 2302 viris
1288 2245 1453 2316 facta,
1471 2250 1561 2319 qui
1586 2248 1795 2306 Hebraei
1817 2258 1976 2306 erant
1998 2260 2051 2306 et
2075 2250 2223 2306 electi

2374 2254 2378 2258 ’
2408 2250 2625 2322 Πρώτη,
2670 2253 2703 2320 ἡ
2736 2251 2842 2305 τῶν
2870 2248 3258 2319 ἐϐδομήκοντα,
3302 2247 3494 2307 οἵτινες
3544 2244 3784 2316 Ἑϐραῖοι
3811 2245 3894 2296 δν·

666 2338 906 2401 l'uerunt,
968 2338 1124 2408 juxta
1188 2355 1474 2393 numerum
1527 2343 1868 2411 septuaginta
1923 2341 2224 2407 seniorum,

660 2440 800 2494 quos
830 2425 989 2495 elegit
1026 2425 1261 2498 Moyses.
1305 2428 1369 2482 lli
1421 2427 1607 2499 igitur,
1641 2432 2051 2485 commemorati
2085 2431 2227 2501 regis

664 2516 911 2580 hortatu,
960 2518 1026 2571 ad
1085 2519 1226 2574 hanc
1260 2522 1597 2590 provinciam
1636 2523 1927 2592 designati,
1963 2525 2019 2578 in
2060 2540 2226 2579 uuam

664 2621 760 2676 per
793 2609 973 2662 omnia
1029 2610 1531 2681 interpretationem
1586 2628 1912 2671 convenere.
1976 2614 2228 2671 Secunda

660 2700 871 2769 Aquilae
906 2701 1249 2770 Sinopensis.
1272 2703 1369 2758 llic
1398 2704 1619 2760 Grzecus
1640 2707 1764 2774 fuit,
1790 2717 1954 2778 atque
1978 2723 2008 2764 e
2033 2709 2225 2775 Ponto,

662 2798 718 2845 et
759 2790 1148 2865 Hierosolymis
1177 2794 1489 2863 baptizatus
1526 2816 1541 2853 :
1574 2798 1773 2853 deinde
1818 2814 1941 2857 cum
1985 2801 2229 2859 oll'ensus

662 2881 1034 2954 inimicusque
1062 2883 1289 2941 eﬂ‘ectus
1324 2894 1472 2944 esset
1514 2890 1841 2957 quibusdam
1874 2892 2227 2958 Christianis,

660 2985 845 3041 spreto
865 2975 1209 3045 baptismate,
1228 2976 1430 3033 Judaeis
1446 2994 1505 3033 se
1528 2980 1868 3050 adjnnxit,'ct
1884 2981 2226 3054 Scripturam

663 3068 942 3123 transtulit
969 3069 1071 3123 sub
1093 3069 1334 3125 Adriano
1388 3072 1715 3142 imperatore
1758 3089 1846 3138 eo,
1869 3075 1963 3144 qui
2021 3076 2225 3145 lepram

663 3172 859 3227 passus
892 3169 976 3215 est
1005 3160 1134 3216 CCC
1165 3170 1219 3217 et
1270 3161 1431 3217 XXX
1454 3164 1615 3219 annis
1645 3174 1773 3236 post
1807 3166 2224 3223 translationem

662 3245 823 3301 LXX.
849 3245 948 3302 Hie
976 3254 1166 3318 itaque
1211 3252 1387 3307 iratus
1416 3251 1771 3320 Christianis,
1812 3256 1980 3309 multa
2006 3272 2229 3326 perver-

661 3338 762 3404 tit,
780 3337 1015 3394 Tertiam
1037 3340 1163 3397 fecit
1187 3341 1571 3413 Symmachus,
1599 3346 1776 3413 patria
1803 3346 2221 3403 Samaritanus:

654 3434 751 3502 qui
774 3450 896 3488 cum
933 3436 1075 3505 apud
1108 3452 1260 3501 suos,
1290 3436 1554 3508 quantum
1601 3438 1829 3495 honoris
1861 3442 2084 3510 optabat
2116 3458 2224 3497 non

661 3535 1073 3596 assequeretur,
1098 3526 1315 3585 Judzeos
1338 3529 1492 3594 adiit,
1517 3540 1571 3586 et
1602 3547 1820 3587 rursum
1842 3533 2222 3596 circumcisus.

662 3616 717 3670 in
749 3616 1213 3675 Samaritanorum
1245 3621 1532 3686 oﬂ'ensam,
1563 3636 1778 3678 sacram
1834 3622 2223 3694 interpretatus

660 3716 747 3764 est
771 3707 1129 3778 Scripturam,
1174 3712 1278 3767 sub
1306 3712 1508 3767 Severo
1546 3712 1893 3781 imperatore.
1926 3714 2026 3781 Qui
2058 3717 2220 3770 etiam

662 3809 721 3853 ut
743 3798 944 3856 Iudaeis
977 3804 1229 3871 placeret,
1270 3819 1610 3874 quaecunque
1639 3804 1705 3859 ad
1740 3804 2018 3861 Christum
2056 3808 2223 3877 perti-

663 3890 886 3956 nebant,
943 3908 1050 3947 non
1110 3909 1241 3949 sane
1282 3895 1566 3950 transtulit
1599 3910 1613 3948 :
1651 3896 1812 3953 annis
1845 3911 1939 3952 sex
1986 3901 2224 3967 etquin-

659 3980 920 4051 quaginta
948 3990 1075 4051 post
1099 3981 1393 4038 editionem
1423 3984 1651 4054 Aquilae.
1691 3985 1893 4054 Quarta
1924 3987 2024 4043 fuit
2045 3988 2223 4046 Theo-

660 4072 898 4129 dotionis
946 4072 1191 4144 Ephesii,
1220 4076 1313 4145 qui
1341 4090 1465 4131 cum
1499 4091 1563 4131 ex
1597 4076 1891 4134 Marcionis
1920 4078 2108 4137 hiet-esi
2135 4096 2222 4138 es-

663 4173 769 4227 set,
797 4165 1091 4235 aliquando
1128 4166 1374 4222 oll'ensus
1399 4167 1518 4223 suis
1551 4168 1918 4235 eobmreticis,
1944 4174 2220 4243 prepriam

664 4257 1166 4325 interpretationem
1195 4257 1388 4321 edidit,
1420 4259 1869 4330 subimperatore
1896 4262 2219 4320 Commodo.

661 4347 861 4413 Quinta
891 4359 1100 4404 certum
1127 4365 1236 4404 non
1255 4349 1417 4404 habet
1453 4361 1752 4417 auctorem;
1783 4353 2000 4407 inventa
2019 4364 2103 4408 est
2126 4370 2224 4410 au—

662 4447 771 4492 tem
798 4439 852 4494 in
876 4438 1155 4505 lliericho,
1186 4441 1335 4497 dolio
1360 4451 1572 4512 operta,
1606 4444 1711 4498 sub
1742 4442 2020 4499 Caracalla
2048 4446 2222 4514 impe-

662 4540 863 4585 ratore.
886 4530 1052 4585 Sexta
1077 4531 1196 4586 sine
1212 4532 1455 4586 auctoris
1479 4532 1700 4586 nomine
1722 4543 1932 4602 reperta
1951 4543 2034 4588 est
2056 4533 2221 4589 Nico-

660 4620 792 4690 pali,
827 4621 970 4690 apud
998 4620 1230 4687 Actium,
1286 4622 1389 4677 sub
1437 4622 1746 4678 Alexandro
1775 4623 2016 4679 Mamaea:
2046 4627 2223 4696 impe-

660 4721 864 4768 ratore.
909 4712 1147 4784 Septima
1180 4713 1383 4785 prodiit
1406 4731 1435 4769 a
1463 4714 1707 4770 Luciano
1749 4722 1945 4787 msgno
1989 4718 2220 4772 eremita

658 4816 714 4859 et
765 4814 1006 4876 martyre
1041 4806 1177 4874 :qui
1245 4805 1504 4861 omnibus
1557 4806 1645 4862 his
1689 4806 2022 4864 editionibus
2062 4810 2220 4876 visis,

2328 2359 2441 2407 τες,
2496 2341 2823 2410 ἐξελέγησαν
2881 2340 3020 2392 κατὰ
3076 2337 3311 2407 ἀριθμὸν
3356 2337 3465 2390 τῶν
3500 2337 3603 2391 ὑπὸ
3657 2338 3897 2399 Μωσέως

2328 2434 2658 2501 ἐκλεγέντων
2686 2432 3051 2502 ἑϐδομήκοντα
3088 2430 3495 2501 πρεσϐυτέρων,
3526 2431 3667 2483 κατὰ
3716 2429 3896 2500 παρα-

2329 2527 2518 2594 κλησιν
2546 2524 2638 2577 τοῦ
2678 2523 3005 2593 δηλωθέντος
3045 2520 3324 2593 βασιλέως,
3371 2523 3462 2575 καὶ
3502 2522 3791 2591 σύμφωνον
3819 2523 3898 2582 είς

2328 2618 2472 2672 ἅπαν
2500 2616 2796 2688 ἑρμηνείαν
2836 2617 3095 2681 ἐξέθεντο.
3129 2615 3387 2684 Δευτέρα,
3421 2617 3453 2685 ἡ
3481 2613 3575 2668 τοῦ
3611 2614 3897 2677 Σινωπέως

2341 2707 2558 2762 Ἀκύλα.
2590 2701 2757 2770 Οὗτος
2787 2705 3105 2777 γὰρἜλλην
3125 2704 3199 2757 ῶν
3221 2706 3285 2757 ὲκ
3317 2705 3415 2774 τῆς
3444 2704 3730 2771 Ποντικῆς,
3763 2703 3896 2756 ἐϐα-

2329 2800 2530 2869 πτίσθη
2555 2801 2612 2853 ἐν
2640 2798 3037 2869 Ἱεροσολύμοις
3054 2814 3070 2830 ο
3103 2792 3220 2851 εἶτα
3238 2795 3617 2868 προσκρούσας
3639 2797 3890 2867 Χριστιαν

2329 2894 2439 2955 νοῖς
2464 2908 2625 2953 τισιν,
2659 2890 2890 2961 ἡθέτησέ
2916 2907 2973 2942 τε
3000 2889 3060 2942 τὸ
3098 2889 3402 2959 βάπτισμα,
3451 2888 3542 2942 καὶ
3573 2886 3897 2958 συνδραμὼν

2342 2984 2634 3047 Ἰουδαίοις,
2682 2982 2975 3052 ἑρμηνείαν
3026 2982 3123 3051 τῆς
3182 2981 3403 3051 Γραφῆς
3463 2982 3739 3049 ἐξέδωκεν,
3805 2979 3897 3032 ἐπὶ

2341 3075 2617 3144 Ἀδριανοῦ
2650 3075 2910 3146 βασιλέως
2939 3074 3030 3129 τοῦ
3059 3073 3464 3146 λεπρωϐἐντος,
3488 3072 3583 3141 τὴν
3613 3072 3717 3124 τῶν
3752 3071 3897 3124 ἑϐδο-

2330 3168 2596 3238 μήκοντα,
2626 3168 2920 3238 τριάκοντα
2966 3168 3060 3221 καὶ
3088 3145 3481 3236 τετρακοσίοιςχ
3512 3165 3687 3216 ἐτεσιν
3736 3165 3895 3216 ὑστε-

2332 3258 2605 3327 ρίζουσαν.
2636 3258 2815 3311 Πολλὰ
2846 3257 2902 3310 δὲ
2952 3255 3310 3327 παρέφθειρε,
3358 3254 3703 3326 Χριστιανοῖς
3735 3255 3898 3321 ἐγκο-

2326 3350 2453 3406 τῶν.
2479 3350 2670 3420 Τρίτη,
2701 3352 2734 3419 ἡ
2764 3349 2858 3404 τοῦ
2884 3349 3200 3420 Σύμμαχον,
3230 3348 3285 3413 ὂς
3308 3348 3382 3403 ὢν
3410 3347 3773 3418 Σαμαρείτης.
3804 3347 3897 3401 καὶ

2331 3446 2405 3516 μὴ
2426 3445 2709 3513 τυγχάνων
2742 3444 2877 3513 ὅσης
2920 3441 3172 3497 ἐϐούλετο
3203 3441 3397 3510 τιμῆς,
3438 3440 3717 3509 πρόσεισιν
3764 3439 3898 3491 Ἰουο

2326 3537 2517 3599 δαίοις,
2552 3524 2648 3589 καὶ
2686 3536 2945 3605 ,δεύτερον
2992 3532 3396 3601 περιτέμνεται,
3443 3531 3536 3585 καὶ
3584 3530 3719 3601 πρὸς
3744 3531 3897 3584 ἀντι·

2327 3627 2555 3681 πάἽειαν
2593 3626 2967 3696 Σαμαρειτῶν,
2998 3624 3099 3695 τὴν
3116 3624 3267 3678 θείαν
3294 3624 3591 3693 ἐρμηνεύει
3639 3624 3891 3695 Γρανρὴν,

2324 3721 2417 3773 ἐπὶ
2465 3719 2703 3789 Σεϐήρου
2738 3719 3023 3789 βασιλέως.
3071 3720 3167 3782 Ὃς
3210 3718 3444 3781 καὶτοῖς
3492 3717 3765 3791 Ἑϐραίοις
3798 3736 3896 3788 χα-

2325 3809 2624 3878 ριζόμενος.
2657 3810 2757 3862 ὅσα
2776 3804 2844 3878 ἦν
2872 3808 3001 3877 περὶ
3022 3805 3258 3877 Χριστοῦ
3290 3807 3729 3876 παρερμήνευσε,
3751 3808 3896 3877 μετὰ

2324 3898 2383 3963 ἓξ
2429 3898 2522 3969 ἐτη
2567 3897 2661 3950 καὶ
2698 3898 3035 3965 πεντήκοντα
3081 3895 3182 3965 τῆς
3213 3894 3307 3950 τοῦ
3367 3894 3566 3949 Ἀκύλα
3598 3895 3890 3962 ἐκδόσεως.

2324 3987 2572 4059 Τετάρτη
2602 3986 2695 4040 καὶ
2740 3986 2988 4054 Ἐφεσίου
3013 3985 3384 4052 Θεοδοτίωνος,
3418 3986 3478 4051 δς
3498 3987 3597 4057 τῆς
3624 3986 3891 4057 αἱρέσεως

2323 4078 2645 4151 Μαρκίωνος
2674 4077 2771 4143 ὢν,
2812 4078 2907 4132 καὶ
2962 4078 3193 4147 μηνίσας
3220 4080 3349 4132 ποτὲ
3377 4081 3486 4142 τοῖς
3538 4079 3894 4147 σνναιρεσιὼο

2324 4187 2464 4236 ταις,
2505 4170 2717 4225 ἔκδοσιν
2762 4170 2899 4224 ίδίαν
2947 4169 3266 4239 ἐποιήσατο.
3320 4170 3698 4240 βασιλεύοντος
3736 4172 3894 4241 Κομο

2323 4264 2509 4334 μὸδου.
2554 4262 2618 4316 Ἥ
2642 4262 2697 4316 δέ
2725 4262 2950 4331 πέμπτη
2972 4262 3255 4333 ἑρμηνεία,
3290 4264 3499 4333 πατέρα
3528 4264 3628 4333 μὲν
3654 4265 3753 4317 οὐκ
3774 4262 3891 4334 ἔχει

2323 4356 2618 4425 γνώριμον,
2650 4354 2847 4425 εὑρέθη
2875 4355 2921 4409 δ’
2947 4354 3037 4409 οὖν
3058 4355 3117 4408 ἐν
3150 4354 3378 4425 Ἱεριχῶ,
3401 4356 3541 4426 πίθῳ
3567 4357 3890 4425 κεκρυμμέ-

2323 4463 2413 4514 νη,
2462 4445 2819 4514 Καρακάλλου
2870 4440 3261 4515 βασιλεύοντος.
3307 4448 3415 4500 Καὶ
3462 4447 3651 4516 ἠὲκτη
3686 4446 3763 4509 δὲ,
3797 4448 3893 4500 ἀν-

2323 4535 2536 4603 ώνυμος
2560 4533 2713 4601 οὖσα,
2734 4538 2831 4606 τὴν
2849 4535 3064 4607 εὕρεσιν
3100 4537 3288 4605 ὁμοίαν
3312 4537 3468 4606 ἔσχεν
3492 4539 3547 4589 ἐν
3574 4537 3889 4601 Νικοπολει,

2324 4631 2388 4697 τῇ
2413 4627 2552 4683 κατὰ
2578 4628 2637 4679 τὸ
2665 4627 2903 4690 Ἄκτιον,
2955 4627 3047 4680 ἐπὶ
3075 4626 3424 4697 Ἀλεξάνδρου
3465 4624 3559 4702 τού
3588 4626 3887 4697 ,Μαμαίοω

2337 4718 2565 4788 Ἑϐδόμη
2599 4718 2657 4772 δὲ
2709 4719 2916 4788 προέϐη
2970 4718 3122 4789 παρὰ
3152 4705 3453 4772 Λουκιανοῦ
3501 4716 3589 4771 τοῦ
3646 4721 3889 4787 μεγάλου

2325 4808 2565 4880 ἁσκητοῦ
2615 4809 2707 4862 καὶ
2740 4808 3034 4879 μάρτυρος,
3083 4807 3142 4869 ὃς
3171 4809 3287 4870 ταῖς
3317 4806 3747 4878 προρρηοείσαις
3769 4811 3888 4863 ἐπε.

656 4912 856 4957 etcum
890 4901 1155 4959 llebraica
1187 4901 1416 4958 veritate
1444 4903 1887 4973 diligentissime,
1925 4913 1981 4959 et
2018 4921 2216 4976 magno

2326 4898 2528 4968 στήσας
2562 4896 2825 4961 ἐκδόσεσι,
2857 4900 2949 4951 καὶ
2981 4899 3090 4959 τοῖς
3131 4895 3439 4964 Ἐϐραῖκοίς
3461 4894 3888 4967 φιλοπονώτερον

660 5006 784 5046 cum
850 4992 1035 5047 labore
1080 4992 1317 5054 collatis,
1368 4994 1643 5062 propriam
1704 4993 2027 5060 editionem,
2081 4997 2217 5052 nihil

661 5098 914 5138 mancum
954 5092 1008 5138 et
1041 5082 1174 5136 nihil
1209 5082 1501 5138 habentem
1538 5083 1901 5153 superﬂuum,
1941 5084 2217 5139 Christia-

659 5177 743 5231 uis
767 5175 991 5229 tradidit
1024 5191 1037 5226 :
1067 5189 1187 5242 quae
1228 5174 1370 5241 apud
1422 5172 1819 5235 Nicomediam.
1880 5191 2042 5230 manu
2093 5178 2217 5245 ejus

656 5267 968 5336 conscripta
1012 5272 1226 5332 rep‘erta
1263 5274 1339 5317 est
1384 5262 1437 5316 in
1469 5274 1618 5318 turre
1645 5266 1902 5334 quadam,
1944 5268 2088 5337 apud
2118 5267 2212 5321 Ju—

657 5360 802 5412 daeos
828 5358 979 5410 calce
1019 5356 1176 5417 illita,
1234 5362 1354 5423 post
1406 5355 1581 5432 ipsius
1633 5355 1860 5410 Luciani
1912 5368 2211 5423 certamen,

660 5460 711 5506 et
748 5460 870 5521 post
908 5451 1365 5518 persecutionem,
1410 5462 1531 5518 quae
1582 5462 1613 5501 a
1666 5446 1999 5505 Diocletiano
2036 5459 2091 5505 et
2130 5450 2209 5523 (7)

745 5631 786 5662 "
821 5626 980 5682 Deut.
1037 5643 1117 5691 ιιι,
1148 5624 1241 5679 25.

2320 4990 2574 5064 ἐντυχὼν,
2606 4991 2698 5046 καὶ
2721 4990 3165 5061 ἀκριϐωσᾶμενος
3205 4987 3415 5041 ἔκδοσιν
3442 4986 3765 5057 ίδιόκληρον,
3790 4990 3887 5041 καὶ

2319 5084 2489 5155 μηδὲν
2535 5082 2781 5137 ἐλλεῖπον
2831 5081 2866 5154 ἢ
2920 5079 3172 5153 περιττὸν
3206 5078 3475 5149 ἔχουσαν,
3537 5081 3885 5151 Χριστιανοῖς

2319 5177 2631 5247 ἐποιήσατο,
2660 5175 2781 5247 ἥτις
2808 5172 3006 5243 εὑρέθη
3039 5171 3180 5225 κατὰ
3225 5172 3609 5241 Νικομήδειαν,
3643 5170 3881 5240 ίόιὸγρα-

2320 5282 2417 5335 (ρος
2435 5263 2625 5330 αὑτοῦ,
2657 5265 2715 5316 ἐν
2745 5262 3047 5333 πυργίσκῳ,
3067 5258 3215 5327 παρὰ
3239 5257 3511 5320 Ἰουδαίοις
3541 5259 3883 5328 κεχρισμένῳ
3952 5271 3959 5282 ·

2280 5392 2284 5395 ~
2319 5358 2629 5426 κονιάματι,
2664 5354 2798 5424 μετὰ
2849 5352 2946 5424 τὴν
2992 5352 3217 5422 ἄθλησιν
3247 5348 3433 5415 αὑτοῦ,
3466 5349 3559 5403 καὶ
3603 5349 3695 5403 τὸν
3727 5347 3882 5418 παρὰ

2317 5445 2697 5518 Διοκλητιανοῦ
2766 5445 2857 5498 καὶ
2893 5440 3233 5515 Μαξιμιανοῦ
3279 5440 3534 5511 διωγμὸν,
3593 5440 3881 5494 Κωνσταν-

2023 5724 2218 5787 Varia)
2251 5718 2573 5782 lectiones.

726 5822 800 5897 (7)
830 5827 962 5884 Cod.
1003 5827 1132 5883 Ven.
1172 5826 1543 5898 Μαξιμιανοῦ,
1583 5824 1930 5889 .llua‘t'utiant',
1985 5836 2035 5885 ct
2063 5837 2207 5884 recte
2238 5822 2474 5897 quidem.
