4090 6324
203 448 276 515 65

1337 440 1730 504 COMMENT.
1758 440 1840 501 IN
1881 438 2012 500 PSA
2022 438 2244 501 LMOS.

3339 443 3415 505 66

205 560 342 615 ’πίνου
397 557 491 613 τοῦ
520 556 770 626 Μεγάλου
817 553 917 625 τὴν
966 550 1242 623 βασιλείαν
1289 549 1587 613 διέποντος.
1616 548 1765 617 Αὕτη

1872 546 2168 601 Maximino
2209 547 2352 602 tacta
2379 554 2484 613 est,
2521 547 2627 604 sub
2674 561 2873 619 magno
2911 550 3240 620 imperatore
3268 551 3417 607 Con-

207 648 415 718 συνᾲδει
450 650 513 717 τῇ
542 647 649 699 τῶν
669 644 1060 713 ἑϐδομήκοντα,
1087 641 1155 693 τὰ
1180 638 1631 711 περιεφθαρμένα
1652 637 1758 692 τῶν

205 737 371 791 ἄλλων
402 734 687 790 ἀθετοῦσα.

283 910 490 963 Ἐκεῖνο
525 909 623 979 μὲν
645 906 738 963 οὖν
770 909 1055 980 πρόδηλον,
1085 909 1166 961 ὅτι
1201 906 1446 976 καθάπερ
1486 903 1556 958 τὰ
1589 901 1758 973 θρέμ-

210 1017 350 1070 ματα
376 1003 486 1063 τοῖς
516 1000 842 1070 αύλήμασιν,
874 998 1017 1051 οὕτω
1044 999 1102 1051 δὲ
1150 998 1243 1049 καὶ
1275 997 1304 1048 ὁ
1345 996 1511 1059 πολὺς
1553 993 1759 1064 ἄνθρω⁴

209 1109 301 1156 πος
324 1094 514 1159 ἄγεται
558 1093 650 1145 καὶ
684 1092 930 1145 καλεῖται
974 1092 1181 1160 μέλεσι.
1216 1090 1356 1143 Πολὺ
1382 1090 1439 1143 δὲ
1469 1087 1598 1159 παρ’
1628 1088 1757 1156 ἡμῖν

209 1184 265 1236 rb
295 1183 427 1252 θῆλυ
482 1182 573 1235 τοῦ
606 1183 854 1252 ἄρρενος,
876 1184 970 1235 καὶ
1005 1182 1103 1234 οὐκ
1132 1182 1351 1235 ἔλαττον
1371 1181 1430 1233 τὸ
1466 1179 1642 1246 ἄωρον
1663 1177 1756 1229 τοῦ

210 1272 615 1344 καθεστηκότος,
642 1274 703 1325 τὸ
735 1273 923 1342 ἄγριον
958 1272 1051 1326 τοῦ
1098 1272 1489 1342 quapiam-Spes,“
1512 1272 1572 1322 τὸ
1598 1269 1759 1322 ἀπαί-

206 1364 381 1416 δευτον
409 1363 503 1417 τοῦ
537 1349 990 1434 πεπαιδευμένου.
1027 1366 1132 1417 Καὶ
1161 1365 1218 1417 ἐν
1248 1363 1396 1434 αὐτῷ
1430 1363 1530 1433 μὲν
1558 1363 1633 1431 τῷ
1661 1364 1759 1434 ἄῤ-

212 1457 316 1525 ῥενι
341 1455 412 1512 τὸ,
433 1453 530 1522 μὲν
556 1453 769 1516 λογικὸν
798 1455 890 1522 τῆς
917 1453 1097 1522 ψυχῆς
1145 1454 1339 1521 μέρος·
1369 1454 1429 1505 τὸ
1458 1452 1514 1505 δὲ
1565 1452 1756 1519 ἄλογον

210 1543 297 1595 καὶ
328 1543 607 1613 θηριῶδες,
636 1537 712 1598 ὧν
732 1545 948 1596 πάντων
997 1544 1028 1611 ἠ
1066 1543 1225 1613 ἡδονὴ
1259 1545 1469 1611 κρατεῖ.
1502 1542 1600 1594 Δια
1628 1541 1756 1609 γοῦν

209 1630 367 1684 ταῦτα
394 1635 485 1684 καὶ
540 1632 699 1701 μέλος
736 1633 850 1686 ’τῶν
879 1633 1126 1702 ψαλμῶν,
1181 1634 1248 1686 δι’
1294 1628 1353 1687 οὗ
1413 1633 1753 1696 συνειλεῖται,

210 1722 451 1793 καθάπερ
503 1724 587 1775 διὰ
639 1724 893 1793 περόνης,
950 1727 1067 1787 ταῖς
1095 1724 1295 1795 ψυχαῖς
1329 1728 1361 1794 ἠ
1415 1726 1519 1777 ἀπὸ
1553 1724 1755 1776 τούτων

210 1813 453 1882 ὠφέλεια,
481 1813 540 1866 τὸ
567 1814 838 1884 αὐστηρὸν
868 1816 975 1867 τῶν
1016 1815 1399 1885 πνευματικῶν
1427 1814 1753 1883 φαρμάκων,

209 1903 277 1966 ὡς
308 1905 521 1971 μέλιτός
549 1921 712 1969 τινος,
751 1906 1156 1971 συναλοιοῦντος
1207 1906 1416 1971 τούτου,
1450 1907 1544 1959 καὶ
1590 1923 1757 1960 κατα-

213 1995 669 2063 φαρμακεύοντος,
700 1995 795 2048 καὶ
824 1997 937 2058 τοῖς
982 1996 1131 2065 ἡδέσι
1164 1996 1231 2049 τὰ
1262 1995 1515 2065 λυσιτελῆ
1549 2011 1762 2064 παραρ-

213 2084 440 2148 τύοντος.
495 2086 567 2138 Τὸ
606 2086 954 2157 χαριέστερον
1019 2089 1126 2157 γὰρ
1169 2087 1336 2158 ἡδέως
1387 2086 1760 2155 ὲγκαταδύνει,

213 2174 302 2226 ttat
333 2172 700 2245 μονιμώτερον
724 2176 955 2243 γίνεται.
985 2178 1206 2247 Πρῶτον
1235 2177 1332 2246 μὲν
1360 2175 1517 2228 τοῦτο
1545 2174 1638 2227 τοῦ
1670 2176 1764 2243 μὲ-

214 2263 332 2324 λους
357 2264 547 2320 αἴτιον.
568 2264 719 2317 Ἐπεὶ
744 2265 799 2318 δὲ
826 2266 913 2319 διὰ
947 2269 1040 2336 τῆς
1069 2265 1354 2336 άπατηλῆς
1382 2265 1572 2335 ἡδονῆς
1595 2265 1762 2317 ἀπόλ-

216 2351 327 2403 λυσι
358 2353 448 2405 τὸν
496 2353 779 2423 ἄνθρωπον
832 2355 860 2405 ὁ
923 2354 1133 2423 ἐχθρὸς,
1176 2355 1334 2407 πάλιν
1365 2353 1451 2406 διὰ
1501 2355 1600 2422 τῆς
1636 2352 1763 2406 ars-

220 2457 336 2510 χνου
361 2443 437 2512 (8)
475 2443 674 2514 ταύτης
696 2445 786 2497 καὶ
808 2445 1148 2514 οἰκονομικῆς
1183 2444 1550 2507 ἀνασώζεσθαι
1576 2444 1763 2497 τοῦτον

215 2534 241 2582 ὁ
268 2532 395 2592 Θεός
439 2535 750 2603 ἐπενόησεν.
799 2535 978 2587 Ᾱῖτιον
1028 2537 1119 2588 καὶ⁸
1163 2534 1321 2587 τοῦτο
1373 2534 1623 2602 δεύτερον
1669 2531 1761 2587 τοῦ

220 2618 562 2688 μελίσματος.
593 2620 666 2675 Τὸ
684 2622 741 2675 δὲ
769 2624 968 2694 τρίτον,
1000 2626 1081 2677 ὅτι
1111 2625 1185 2694 (9)
1216 2626 1306 2676 καὶ
1335 2624 1550 2692 ἀγάπην
1581 2625 1765 2677 ἐπινε-

219 2703 398 2772 νόηται
433 2706 523 2758 καὶ
551 2708 820 2776 ὁμόνοιαν,
864 2709 1051 2781 ὥσπερ
1079 2712 1174 2773 τὰς
1199 2710 1445 2779 γλώσσας
1472 2711 1578 2777 τῶν
1609 2712 1764 2782 ᾀδόν-

220 2809 341 2857 των,
372 2792 511 2846 οὕτω
556 2796 770 2858 καὶτὰς
796 2798 1016 2867 γνώμας
1046 2800 1123 2860 είς
1155 2800 1211 2851 ἓν
1244 2801 1490 2867 συνάγειν
1538 2799 1768 2869 δυνάμε-

222 2899 325 2945 νον,
360 2884 454 2937 καὶ
486 2887 932 2963 συναρμολογεῖν,
954 2890 1131 2952 πάσας
1161 2907 1217 2942 τε
1250 2890 1340 2941 καὶ
1369 2889 1602 2960 εκάστην
1641 2890 1767 2944 ἑκά-

223 2990 320 3044 στῃ
362 2976 457 3027 καὶ
509 2977 737 3040 πάσαιςο
768 2980 819 3032 τί
870 2979 975 3050 γὰρ
1006 2981 1176 3042 οὕτως
1202 2980 1316 3043 ἐστὶ
1339 2978 1766 3048 διαλλακτήριον,

222 3064 291 3125 ὡς
325 3062 475 3133 ᾆσμα
503 3069 680 3119 κοινὸν
717 3068 1006 3139 ίκετήριον,
1059 3070 1117 3132 ἐξ
1169 3071 1395 3122 ἑκάστου
1428 3070 1517 3121 καὶ
1550 3069 1765 3123 πάντων

221 3153 356 3221 ὑπὲρ
376 3156 602 3212 ἑκάστου
632 3158 728 3210 καλ¹
758 3161 972 3211 πάντων
1003 3159 1435 3228 ἀναφερόμενονς
1471 3160 1577 3211 Καὶ
1602 3162 1766 3230 χωρὶς

220 3244 276 3296 δὲ
297 3248 514 3312 τούτων,
554 3250 748 3321 πολλὴν
770 3250 880 3321 ἔχει
906 3251 964 3303 τὸ
999 3251 1158 3321 μέλος
1187 3251 1411 3321 δύναμιν
1444 3253 1580 3322 πρὸς
1608 3252 1769 3323 ἤθους

226 3338 575 3407 κατασκευὴν,
599 3340 629 3409 ἢ
657 3340 1042 3409 ἐπανόρθωσιν,
1077 3341 1436 3409 μεταλλάττον
1468 3344 1560 3395 καὶ
1578 3342 1772 3412 ῥυθμί-

224 3425 310 3485 ζον
339 3428 497 3477 αὐτό·
556 3428 869 3497 σωφρονικὰ
891 3445 950 3480 τε
998 3429 1105 3498 γὰρ
1136 3429 1283 3500 παρὰ
1323 3430 1434 3492 τοῖς
1487 3431 1772 3500 ἀρχαιοτέ-

228 3533 335 3583 ροις
362 3514 500 3571 εἶναι
540 3520 651 3591 (10)
688 3520 844 3589 μέλη,
898 3521 992 3573 καὶ
1021 3520 1326 3574 τούναντίον
1375 3523 1646 3592 ἐρωτικὰ,
1677 3523 1770 3575 καὶ

225 3607 574 3675 πολεμοποιὰ,
611 3612 705 3663 καὶ⁸
733 3612 1005 3681 εἰρηνικά,
1056 3612 1148 3664 καὶ
1173 3611 1412 3681 λυπηρὰ,
1444 3615 1536 3665 καὶ
1560 3614 1804 3682 χαρίεν-..

217 3701 305 3757 τα,
347 3698 441 3748 καὶ
474 3700 798 3766 ῥωννύοντα,
852 3702 945 3753 καὶ
977 3701 1339 3770 άμόλύνοντα.
1370 3704 1537 3754 Φασὶν
1569 3705 1649 3756 ὅτι
1675 3705 1770 3756 καὶ

226 3785 557 3857 Πυθαγόρας,
593 3792 875 3860 μειράκιον
903 3794 1143 3855 ἐκτόπως
1176 3793 1336 3863 ἐρῶν,
1391 3794 1769 3864 μεταστρέψας

225 3876 307 3929 τὸν
346 3880 527 3943 αὐλὸν,
578 3882 905 3953 μετ-έστρεψε
951 3888 1044 3936 καὶ
1092 3884 1185 3937 τοῦ
1229 3883 1459 3953 ἔρωτος·
1498 3886 1590 3937 καὶ
1642 3884 1770 3937 ἄλλο

229 3968 358 4035 μετὰ
397 3969 574 4037 ξίφους
604 3973 790 4041 ὁρμῶν
813 3973 1082 4037 ἐξέλυσεν.
1111 3974 1170 4025 '0
1200 3973 1255 4025 δὲ
1282 3973 1538 4043 Τιμόθεος
1568 3974 1768 4043 μεταξὺ

224 4059 489 4128 τραπέζης
530 4063 624 4114 καὶ
666 4064 856 4133 ἡδονῆς
887 4063 976 4117 τὸν
1028 4064 1189 4133 νόμον
1252 4063 1388 4133 ᾄσας
1429 4064 1519 4115 τὸν
1566 4063 1766 4134 ὄρθιον,

225 4147 309 4197 τὸν
353 4148 520 4217 θυμὸν
546 4152 732 4221 ἤγειρε
770 4153 862 4205 τοῦ
904 4154 1246 4217 Μακεδόνος,
1301 4152 1396 4205 καὶ
1449 4154 1768 4221 ἁρπάσαντα

227 4236 318 4305 τὴν
352 4238 549 4309 σκευὴν
577 4240 920 4309 ἀναπηδῆσαι
954 4241 1244 4308 πεποίηκε.
1274 4240 1429 4294 Οὕτω
1459 4240 1588 4307 γοῦν
1615 4241 1769 4311 ἡμῶν

228 4325 259 4392 ἡ
287 4325 444 4391 φύσις
464 4326 674 4389 οἰκείως
698 4328 809 4397 ἔχει
844 4328 976 4397 πρὸς
1005 4329 1070 4380 τὰ
1100 4328 1235 4397 μέλη
1258 4328 1366 4381 τῶν
1388 4330 1768 4398 ᾁσμάτωνικαὶ

227 4412 409 4480 ἡδέως,
443 4415 514 4478 ὡς
539 4416 631 4468 καὶ
663 4418 730 4468 τὰ
766 4417 1046 4486 ὑπομάζια
1076 4416 1262 4469 παιδία
1297 4416 1769 4487 κλαυθμυριζόμε·

1861 641 2126 693 stamine.
2159 638 2284 693 limo
2307 653 2432 693 cum
2460 637 2603 692 LXX
2636 638 2992 708 Interpretum
3014 642 3253 696 editione
3281 659 3419 697 con-

1860 729 2052 794 sentit,
2080 737 2136 783 et
2165 744 2285 799 qua:
2316 729 2385 784 ab
2418 729 2540 784 aliis
2563 726 2855 799 depravata
2886 730 3122 796 fuerant,
3152 734 3418 802 reprOba-

1859 819 1956 872 vit.

1930 908 2068 964 illud
2132 916 2314 965 autem
2377 909 2634 966 omnibus
2693 910 3042 966 manifestum
3096 920 3214 979 est,
3274 915 3417 983 quod

1857 1001 2321 1069 quemadmodum
2378 1016 2568 1072 greges
2633 1002 2855 1066 fistula,
2906 1005 2987 1059 sic
3047 1005 3208 1058 etiam
3263 1007 3417 1061 multi

1858 1089 2140 1145 hominum
2172 1098 2411 1160 aguntur
2461 1101 2515 1144 et
2545 1092 2850 1144 mulcentur
2875 1095 3206 1149 carminibus
3236 1111 3250 1148 :
3281 1096 3424 1151 inter

1860 1179 2110 1233 homines
2144 1187 2329 1232 autem
2373 1179 2546 1233 multo
2600 1181 2771 1249 magis
2830 1182 3026 1235 femina
3084 1198 3245 1252 quam
3285 1186 3411 1250 vir;

1858 1282 1961 1322 nec
1995 1269 2179 1321 minus
2207 1268 2370 1321 etiam
2407 1269 2576 1338 isqui
2604 1270 2901 1324 immatura:
2925 1281 3008 1326 est
3039 1274 3233 1337 artatis,
3258 1289 3425 1343 quam

1862 1360 1955 1427 qui
2026 1357 2182 1413 senio
2267 1357 2589 1424 confectus;
2665 1367 2760 1412 aut
2830 1362 2926 1428 qui
2990 1360 3229 1427 ferocior
3289 1372 3423 1430 ‘est,

1859 1461 2022 1517 quam
2083 1448 2176 1516 qui
2237 1449 2463 1514 mitior;
2529 1458 2621 1503 aut
2661 1449 2835 1504 .docto
2889 1450 3205 1507 indoctior:
3252 1464 3306 1509 et
3363 1457 3423 1511 in

1857 1536 1975 1605 ipso
2013 1536 2232 1605 quidem
2284 1538 2502 1591 homine
2571 1538 2676 1591 alia
2739 1547 2824 1592 est
2883 1540 3165 1597 rationalis
3226 1546 3424 1599 anima:

1857 1643 1983 1696 pars
2039 1640 2094 1683 ct
2151 1629 2255 1682 alia
2312 1630 2649 1685 irrationalis
2709 1644 2773 1683 ac
2821 1630 3021 1697 ferina,
3059 1648 3196 1702 quas
3232 1650 3424 1702 omnes

1861 1727 2040 1771 tamen
2084 1718 2336 1788 voluptas
2376 1721 2545 1772 vincit
2581 1735 2643 1774 ac
2681 1730 2924 1788 superat.
2977 1723 3088 1777 Hac
3142 1725 3307 1792 igitur
3355 1726 3425 1781 de

1863 1809 2421 1876 causa'psalmorum
2478 1818 2673 1865 cantus
2742 1812 3085 1869 introductus
3149 1822 3272 1880 est,
3326 1831 3428 1886 per

1787 1884 2018 1967 Bquem
2078 1900 2309 1965 utilitas,
2368 1915 2489 1969 qua:
2548 1901 2616 1955 ab
2671 1902 2803 1968 ipsis
2856 1903 3089 1971 psalmis
3146 1884 3424 1975 provenit,

1864 1989 2119 2045 humanis
2157 1989 2355 2058 animis
2402 1990 2569 2044 veluti
2616 2005 2711 2059 per
2740 1992 2957 2046 ﬁbulam
2997 1994 3286 2063 quamdam
3322 1996 3425 2051 ad-

1866 2079 2102 2135 nectitur
2140 2088 2193 2134 et
2220 2079 2573 2150 conjungitur
2604 2098 2618 2135 :
2661 2081 2782 2151 ipso
2813 2081 3027 2137 scilicet
3056 2090 3241 2149 cantu,
3269 2085 3428 2153 quasi

1864 2170 2020 2225 melle
2049 2171 2307 2240 quodam,
2351 2172 2620 2226 alterante
2666 2188 2728 2227 ac
2768 2173 3084 2227 moderante
3113 2175 3422 2244 spiritualis

1865 2262 2150 2317 medicina:
2188 2263 2607 2325 austeritatem,
2664 2271 2717 2319 et
2777 2263 2928 2316 utilia
2980 2264 3227 2319 dulcibus
3283 2280 3424 2321 con-

1864 2352 2067 2409 diente.
2104 2352 2239 2407 Nam
2276 2353 2420 2422 quod
2457 2362 2671 2425 gratum
2719 2364 2823 2417 est,
2866 2354 2917 2407 id
2961 2355 3256 2423 jucundius
3284 2358 3424 2412 reci-

1867 2445 2011 2515 pitur
2035 2457 2089 2500 et
2116 2446 2459 2499 constantius
2483 2444 2766 2521 retinetur.
2798 2443 2921 2498 [iam
2946 2454 3030 2499 est
3067 2445 3227 2515 igitur
3250 2447 3424 2513 prima

1865 2543 2057 2590 cantus
2090 2535 2247 2588 ratio.
2286 2532 2535 2588 Secunda
2566 2549 2696 2588 vero
2728 2534 2818 2588 illa
2857 2544 2939 2589 est
2970 2552 2984 2588 :
3018 2535 3143 2604 quia
3175 2535 3322 2616 inani
3362 2551 3426 2590 ac

1869 2626 1999 2681 falsa
2041 2626 2337 2706 voluptate,
2370 2625 2587 2679 daemon
2630 2626 2906 2679 hominem
2953 2626 3282 2694 perdiderat,
3323 2643 3423 2683 co-

1866 2716 2062 2786 gitavit
2097 2714 2238 2771 Deus
2274 2729 2368 2785 per
2406 2714 2676 2778 eamdem,
2729 2715 3026 2769 artiﬁciose
3079 2715 3424 2785 dispositam,

1866 2807 2019 2863 illum
2053 2820 2248 2860 rursus
2297 2804 2526 2859 salvere.
2576 2802 2786 2868 Tertio,
2839 2813 3038 2859 cantus
3085 2805 3149 2860 ad
3180 2815 3423 2861 mutuam

1869 2896 2214 2952 concordiam
2252 2905 2305 2949 et
2357 2895 2703 2968 dilectionem
2756 2895 3018 2949 inventus
3060 2906 3188 2950 est:
3238 2905 3427 2965 utpote

1868 2986 1961 3055 qui
1992 2986 2183 3055 possit,
2215 2995 2274 3040 ut
2304 2983 2618 3039 canentium
2657 2997 2842 3048 voces,
2880 2986 2953 3038 ita
2984 2992 3038 3039 et
3079 2999 3266 3043 eorum
3308 2989 3427 3042 ani-

1870 3091 2009 3139 mos,
2043 3075 2097 3128 in
2124 3089 2306 3127 unum
2334 3087 2679 3142 componere.
2711 3072 2849 3136 Ouid
2888 3075 3030 3126 enim
3067 3084 3151 3129 est
3176 3077 3319 3144 quod
3353 3078 3426 3131 ita

1793 3190 1838 3252 ρ
1872 3164 2185 3219 inimicitias
2224 3170 2469 3229 generet,
2506 3168 2565 3215 ut
2610 3172 2810 3217 cantus
2846 3164 3141 3218 amicitiam
3189 3175 3242 3219 et
3274 3181 3428 3220 amo-

1876 3269 1987 3308 rem
2016 3252 2322 3327 conciliat?
2355 3251 2447 3307 ille
2482 3250 2735 3307 videlicet
2772 3261 2982 3316 cantus,
3021 3254 3112 3322 qui
3144 3255 3428 3324 asingulis

1874 3352 2036 3413 atque
2078 3344 2146 3396 ab
2186 3342 2469 3406 omnibus,
2520 3355 2622 3410 pro
2669 3341 2899 3410 singulis
2945 3353 2999 3396 et
3037 3359 3134 3412 pro
3170 3344 3427 3400 omnibus

1872 3434 2233 3490 conununitcr
2271 3433 2500 3488 oil‘ertur
2552 3431 2683 3487 Deo.
2720 3431 2849 3503 [Aut
2882 3435 3128 3502 quisnam
3162 3436 3304 3496 adeo.
3342 3443 3429 3490 est

1874 3524 2096 3578 immitis
2119 3530 2173 3578 et
2200 3522 2372 3585 ferox,
2398 3524 2491 3591 qui
2517 3521 2667 3575 illum
2688 3523 2871 3605 lpossit
2903 3524 3179 3577 inimicum
3203 3526 3427 3591 ducere,

1872 3627 2030 3679 quem
2088 3613 2227 3666 sciat
2257 3613 2420 3665 Deum
2457 3625 2556 3678 pro
2584 3626 2643 3667 se
2671 3610 2910 3680 placasse
2926 3610 2969 3682 ἲ]
3031 3610 3248 3664 Multam
3288 3628 3428 3681 prte-

1876 3711 2017 3756 terea
2053 3701 2156 3754 vim
2207 3700 2489 3754 harmonia
2531 3700 2690 3753 habet
2748 3709 2804 3754 et
2856 3708 3068 3763 cantus,
3112 3710 3169 3754 ut
3217 3702 3434 3770 poi-sint

1871 3796 1925 3842 et
1953 3790 2125 3843 bonos
2146 3803 2324 3844 mores
2358 3803 2579 3857 parare,
2621 3796 2676 3841 et
2725 3785 2995 3851 labantes,
3044 3798 3136 3843 aut
3187 3790 3426 3858 perditos

1872 3878 2125 3946 dirigere,
2176 3884 2340 3945 atque
2390 3877 2446 3929 in
2509 3876 2705 3930 melius
2757 3875 3104 3943 componere.
3174 3876 3426 3946 Legimus

1872 3966 2035 4021 etiam
2070 3963 2213 4033 apud
2253 3965 2508 4033 antiquos
2559 3969 2836 4027 auctores,
2878 3962 3031 4014 varia
3077 3961 3268 4017 fuisse’
3296 3979 3427 4017 can-

1872 4064 2024 4109 tuum
2059 4069 2282 4124 geuera,
2311 4054 2387 4108 ita
2421 4060 2478 4107 ut
2513 4052 2602 4106 alii
2638 4052 2773 4105 casti
2806 4060 2992 4106 essent
3033 4061 3087 4107 et
3120 4057 3423 4121 temperati,

1868 4144 1959 4199 alii
2000 4143 2274 4208 amatorii,
2323 4142 2416 4196 alii
2455 4144 2619 4197 etiam
2660 4140 2862 4206 bellici,
2898 4141 2977 4196 sic
3013 4150 3067 4196 et
3114 4144 3323 4212 paciﬁci
3369 4153 3428 4199 et

1869 4235 2048 4288 mmsti
2100 4248 2164 4288 ac
2220 4233 2526 4303 lugubres:
2576 4231 2667 4286 alii
2719 4233 2953 4301 denique
3002 4234 3190 4297 robur,
3245 4242 3300 4288 et
3330 4236 3426 4290 alii

1870 4326 2255 4382 hebetudiuem
2283 4333 2623 4395 pratstantes.
2661 4325 2831 4387 Aiunt
2869 4324 3010 4377 enim
3044 4324 3422 4395 Pythagoram,

1871 4416 2228 4471 adolescentis
2284 4414 2571 4468 immodice
2632 4415 2911 4479 amantis,
2988 4415 3208 4470 mutatis
3279 4417 3423 4471 tibia:

229 4520 308 4564 να,
358 4505 562 4567 τούτοις
605 4507 699 4559 καὶ
740 4506 921 4573 μόνοις
968 4505 1480 4574 κατακοιμίζεσθαι·
1531 4506 1765 4578 κατεπᾴ-

1870 4505 2065 4571 modis,
2120 4519 2358 4557 amorem
2405 4503 2567 4575 simul
2608 4511 2869 4568 mutasse,
2923 4513 2974 4557 et
3025 4504 3188 4557 alium
3244 4504 3425 4572 gladio

227 4587 365 4644 δουσι
397 4594 498 4662 γὰρ
525 4595 742 4665 ᾄσματα
773 4597 994 4649 παιδικὰ
1022 4595 1232 4657 τούτοις
1254 4597 1307 4646 αί
1334 4596 1531 4659 τίτθαι,
1576 4597 1670 4648 καὶ
1700 4595 1768 4648 δι’

229 4678 398 4732 αὐτῶν
418 4683 860 4763 κατακοιμίζουσι
883 4686 948 4736 τὰ
981 4686 1243 4753 βλέφαρα.
1265 4686 1373 4737 Καὶ
1403 4685 1667 4754 ὁδοιπόροι
1688 4686 1766 4749 δὲ,

232 4768 473 4834 πολλάκις
503 4775 640 4826 κατὰ
676 4775 1019 4843 μεσημϐρίαν
1061 4772 1392 4837 ἐλαύνοντες,
1421 4774 1626 4845 ᾄσματι
1668 4793 1769 4827 πα-

234 4858 577 4929 ραμυθοῦνται
609 4863 707 4932 τὴν
724 4863 787 4915 ἐκ
807 4862 905 4933 τῆς
919 4863 1224 4934 ὁδοιπορίας
1245 4861 1631 4932 ταλαιπωρίαν.
1657 4860 1765 4917 καὶ

233 4950 551 5020 χειροτέχναι
604 4952 803 5014 πάντες
852 4953 1208 5023 ἐργαζόμενοι
1256 4953 1505 5024 ᾄδουσιν,
1559 4953 1635 5014 ὡς
1666 4953 1765 5022 τῆς

230 5040 392 5109 ψυχῆς
409 5041 484 5111 τῷ
513 5040 664 5111 μέλει
695 5042 1082 5113 κυκλουμένης,
1112 5043 1206 5095 καὶ
1239 5044 1368 5111 ῥᾷον
1398 5041 1668 5113 φερούσης
1697 5042 1766 5095 τὰ

233 5128 422 5200 ὀχληρὰ
451 5133 541 5185 καὶ¹
568 5131 820 5187 ἐπίπονα.
868 5136 974 5187 Καὶ
1000 5135 1052 5186 τί
1080 5133 1159 5186 δεῖ
1185 5135 1365 5202 λέγειν
1396 5136 1524 5204 περὶ
1545 5133 1652 5187 τῶν
1682 5133 1771 5184 λο-

235 5221 426 5285 γικιῖινς
461 5225 595 5277 ὃπου
650 5240 713 5292 γε
763 5226 856 5278 καὶ
901 5227 1054 5279 ῐπποι
1094 5226 1387 5293 σάλπιγγος
1421 5226 1518 5295 μὲν
1547 5224 1769 5279 ἀκούον-

208 5325 334 5375 ,τες,
357 5312 485 5382 πρὸς
515 5315 747 5386 πόλεμον
776 5315 1179 5381 εὐτρεπίζονται
1198 5335 1212 5349 -
1239 5318 1526 5388 θρέμματα
1547 5318 1603 5370 δὲ
1653 5319 1772 5378 ταῖς

237 5400 463 5471 σύριγξιν
507 5404 751 5474 ἕπονται,
784 5406 895 5473 ,καὶ
941 5408 1066 5475 τόγε
1121 5407 1282 5461 πλέον
1322 5410 1633 5478 τέρπονται,
1671 5408 1766 5458 καὶ

1868 4593 2198 4652 insilientem
2228 4593 2343 4660 pari
2386 4592 2548 4645 modo
2584 4592 2846 4646 molliisse
2878 4606 2943 4646 ac
2970 4590 3373 4659 compescuisse
3404 4607 3424 4649 :

1838 4694 1922 4736 .et
1968 4680 2316 4736 Timotheum
2362 4683 2416 4735 in
2464 4695 2643 4743 omna,
2676 4688 2838 4749 atque
2894 4681 3035 4734 inter
3092 4682 3424 4750 voluptates,

1870 4752 1999 4827 duiu
2044 4780 2268 4827 cantum
2309 4772 2596 4841 quemdam
2626 4780 2866 4833 caneret,
2897 4770 2991 4838 qui
3022 4768 3248 4825 Orthius
3277 4770 3426 4825 dice-

1873 4865 2060 4929 batur,
2092 4863 2333 4918 animum
2362 4862 2546 4916 ferunt
2588 4860 2902 4916 Macedonis
2947 4861 3219 4927 excitasse
3257 4868 3424 4935 atque

1872 4955 2140 5020 eﬂecisse,
2184 4963 2263 5018 ut,
2296 4959 2514 5022 arrepta
2540 4960 2840 5015 armatura,
2881 4950 3129 5020 protinus
3159 4948 3420 5003 exsiliret.

1872 5044 2021 5098 Adeo
2052 5042 2198 5098 enim
2230 5043 2471 5096 humana
2496 5054 2689 5097 natura
2718 5042 2971 5096 cautibus
2998 5039 3288 5097 familiaris
3316 5050 3421 5105 est,

1872 5136 2060 5204 eisque
2092 5133 2411 5198 delectatur,
2451 5143 2510 5187 ut
2545 5134 2821 5203 vagientes
2864 5133 3026 5187 etiam
3073 5130 3310 5186 infantes
3341 5133 3425 5186 his

1873 5224 2005 5279 solis
2054 5232 2492 5293 compescantur.
2529 5221 2746 5277 Cauunt
2784 5221 2984 5290 quippe
3026 5220 3135 5275 illis
3178 5219 3420 5274 nutrices

1874 5311 2109 5382 pueriles
2165 5312 2393 5374 namias,
2444 5311 2642 5380 quibus
2690 5324 2877 5375 eorum
2923 5310 3065 5364 oculi
3110 5308 3417 5377 sopiuntur.

1882 5391 2134 5457 Viatores
2191 5410 2476 5473 praeterea,
2526 5389 2737 5470 saepius
2755 5401 2822 5456 de
2856 5384 3031 5455 media
3067 5400 3154 5454 die
3188 5399 3419 5470 fatigati,

1541 5558 1733 5621 Varia)
1763 5557 2091 5619 lectiones.

303 5708 376 5780 (8)
399 5712 481 5764 ῖσ.
508 5712 775 5780 ὲντέχνου,
801 5718 936 5780 utet
966 5709 1189 5764 Latinus
1223 5708 1351 5779 legit
1384 5708 1665 5777 interpres.

303 5779 375 5841 (9)
407 5782 492 5834 ἵσ.
519 5783 600 5834 ὅτι
631 5779 729 5845 εἰς,
753 5779 973 5848 exploso
1004 5780 1114 5832 καί.
1472 5782 1476 5790 ’

1951 5700 2469 5779 (l9)_Deside[atur,
2507 5699 2590 5754 vel
2630 5710 2777 5756 certe
2824 5700 3144 5779 subapditur
3176 5698 3417 5767 verbum,

1880 5765 1987 5843 quo
2017 5765 2255 5826 inﬁnitus
2287 5765 2422 5822 εἶναι
2460 5780 2697 5836 regatur.
2917 5771 2927 5781 '
