4090 6324
524 514 534 524 ’
632 549 703 614 6'1
827 608 832 612 .
1845 531 2226 596 EUTHYMII
2274 528 2632 592 massam
3763 529 3854 592 σε

624 660 840 717 itineris
887 657 1150 719 laborem,
1192 662 1356 718 cantu
1405 665 1469 707 ac
1513 650 1754 706 carmine
1795 649 2170 704 consolantur.

2303 647 2552 699 τιαίονται
2576 661 2589 674 '
2633 645 2846 707 πολλοῖς
2893 644 2949 697 δὲ
2981 645 3076 698 καὶ
3105 645 3376 716 θέλγητρα
3426 646 3596 698 ταῦτα
3629 645 3852 716 θηρῶν,

624 753 828 808 Omnes
879 753 1041 804 etiam
1096 747 1336 801 artiﬁces
1384 745 1660 812 operando
1719 749 1962 806 cantant,
2013 739 2171 808 quasi

2303 738 2372 789 ιαὶ
2411 738 2693 806 Θήρατραο
2726 737 2819 788 καὶ
2853 735 2943 803 ὅγε
2976 737 3306 806 μονόκερως,
3362 736 3556 805 μέλους
3587 738 3678 790 καὶ
3703 737 3854 790 κάλ-

622 841 898 911 operantis
945 839 1160 890 animus
1193 835 1429 893 carmine
1463 833 1792 896 mulceatur,
1835 839 1890 886 et
1939 832 2183 885 canendo

2303 843 2408 890 too;
2433 828 2694 894 λάφυρον.

624 931 833 986 facilius
862 934 1135 985 molestias
1179 942 1368 981 omnes
1414 926 1647 994 perferat
1684 941 1745 978 ac
1793 925 2029 977 labores.
2100 920 2205 975 Sed
2281 921 2410 997 quid
2478 935 2615 990 Opus
2677 927 2762 974 est
2827 918 3118 972 rationales
3184 920 3430 976 homines
3506 931 3844 987 percensere

619 1022 835 1090 quando
882 1018 1216 1072 irrationalia
1253 1019 1390 1086 ipsa,
1429 1015 1556 1085 equi
1601 1016 1881 1074 nimirum,
1935 1011 2064 1066 tuba
2104 1012 2169 1065 ad
2210 994 2453 1090 pt‘alllitittl
2487 1020 2765 1080 parentur,
2822 1020 2876 1065 et
2903 1026 3031 1065 oves
3073 1010 3308 1066 ﬁstulam
3370 1023 3689 1081 sequantur,
3771 1024 3853 1064 ac

623 1118 755 1164 tunc
850 1109 1022 1178 magis
1081 1109 1348 1176 gaudeant
1407 1115 1460 1160 et
1511 1105 1908 1176 pinguescant?
1958 1114 2013 1158 et
2073 1102 2203 1158 feris
2243 1103 2428 1157 multis
2480 1111 2672 1158 cantus
2728 1112 2781 1157 et
2845 1105 3108 1167 carmina,
3173 1103 3368 1157 solatio
3416 1105 3567 1168 sint,
3652 1101 3861 1157 multis

622 1221 684 1262 ea
716 1207 821 1259 sint
845 1219 942 1273 pro
967 1203 1158 1272 plagis,
1195 1210 1287 1254 aut
1318 1200 1565 1270 laqueis?
1591 1200 1706 1270 ipse
1736 1199 2002 1268 siquidem
2044 1198 2328 1274 unicornis
2359 1199 2764 1266 pulchritudine
2799 1215 2863 1253 ac
2889 1206 3052 1252 cantu
3085 1208 3394 1268 superatur.

698 1297 897 1352 Verum
933 1299 964 1349 ii
994 1298 1085 1366 qui
1125 1297 1306 1350 divina
1340 1296 1555 1350 doctius
1581 1309 1645 1348 ac
1682 1294 1970 1348 sublimius
2007 1293 2178 1348 inter-

628 1390 821 1458 prctati
853 1397 1002 1447 sunt,
1033 1387 1184 1439 aiunt
1229 1401 1322 1455 per
1358 1392 1576 1438 cantum
1608 1384 1926 1453 organicum
1958 1381 2181 1438 concin-

625 1480 843 1532 nitatem
870 1479 1061 1530 anima:
1087 1477 1403 1546 signiﬁcari.
1435 1476 1638 1530 Anima:
1668 1487 1848 1530 autem
1894 1473 2180 1529 concinni-

624 1581 708 1622 tas
737 1578 819 1621 est
848 1569 1207 1644 consonantia
1241 1566 1486 1635 quadam
1522 1575 1576 1620 et
1621 1574 1917 1620 concentus
1961 1564 2177 1618 illarum

629 1658 858 1725 partium
892 1663 944 1710 et
975 1656 1339 1726 potentiarum
1384 1670 1504 1723 qua“:
1547 1655 1688 1708 intra
1719 1655 1956 1707 animam
1995 1660 2126 1708 sunt
2163 1670 2177 1706 :

626 1747 694 1801 de
717 1763 822 1816 qua
852 1747 1015 1801 latius
1057 1746 1326 1800 dicemus.
1358 1744 1730 1799 Consonantia
1765 1744 1907 1797 enim
1947 1751 2032 1798 est
2061 1744 2185 1797 har-

627 1839 808 1891 monia
841 1852 1018 1892 rerum
1053 1837 1415 1891 diﬂ‘erentium
1458 1837 1676 1906 quidem
1707 1851 1801 1905 per
1829 1850 1970 1901 sese,
2003 1834 2099 1890 sed
2129 1835 2181 1888 in

628 1945 790 1983 unam
819 1937 1005 1997 postea
1028 1929 1491 1983 consentientium
1518 1939 1574 1982 et
1597 1927 2041 1982 convenientium
2066 1939 2182 1978 me-

629 2021 847 2073 lodiam.
878 2019 990 2073 Hoc
1017 2029 1199 2073 autem
1233 2019 1415 2072 videre
1441 2017 1650 2080 licebit,
1680 2017 1898 2086 quando
1920 2016 2188 2086 praecipue

639 2114 1120 2165 conson‘antiarum
1153 2113 1410 2171 rationes,
1445 2109 1798 2164 interioribus
1831 2111 2030 2162 animae
2063 2122 2188 2174 par-

632 2201 778 2253 tibus
804 2188 1160 2270 congruerin't
1193 2217 1206 2252 :
1241 2207 1294 2254 et
1350 2199 1495 2254 aliud
1551 2197 1767 2268 quidem
1810 2199 1865 2251 in
1913 2197 2089 2267 primo
2119 2198 2189 2252 sit

631 2288 844 2350 ordine,
877 2299 928 2340 et
959 2287 1332 2341 tantummodo
1360 2288 1612 2355 imperet,
1670 2299 1943 2354 nunquam
1990 2287 2194 2339 serviat

635 2378 973 2448 (rationalem
994 2388 1194 2446 partem
1225 2377 1392 2442 d;co),
1425 2374 1568 2429 aliud
1593 2384 1772 2427 autem
1805 2375 1954 2443 (pars
1985 2374 2192 2428 scilicet

634 2470 955 2537 irascibilis)
1016 2468 1252 2522 medium
1305 2469 1480 2521 locum
1539 2466 1755 2528 haheat,
1802 2475 1856 2518 et
1903 2474 2125 2534 regatur
2162 2479 2192 2517 a

637 2560 1041 2630 primo,_ipsum
1073 2567 1252 2612 autem
1286 2557 1577 2628 posteriori
1608 2546 1868 2632 imperet:
1895 2556 2039 2624 quod
2067 2570 2192 2608 vero

635 2657 936 2704 extremum
970 2657 1129 2704 'tenet
1177 2650 1382 2711 locum,
1447 2662 1576 2717 pars
1625 2647 1696 2700 sit
1734 2645 2192 2714 concupiscibilis,

636 2755 756 2808 qua:
790 2748 1000 2793 tantum
1049 2749 1256 2808 pareat,
1310 2751 1584 2806 nunquam
1647 2737 1897 2806 imperet.
1936 2736 2090 2790 Tunc
2116 2739 2195 2790 si-

635 2831 856 2897 quidem
884 2832 1076 2883 animae
1119 2829 1482 2882 consonantia
1533 2827 1770 2881 inveniri
1826 2828 2026 2892 poterit
2083 2829 2195 2898 (ra-

635 2920 859 2975 tionalis
887 2921 1012 2973 dico
1043 2921 1209 2988 partis
1231 2921 1298 2972 ad
1322 2916 1700 2987 irascibilem),
1731 2925 1789 2970 ut
1815 2918 1935 2986 ejus
1952 2917 2190 2983 chorda,

639 3025 758 3078 quae
791 3007 1010 3079 llypatae
1040 3007 1259 3069 dicitur,
1300 3007 1365 3060 ad
1401 3005 1602 3060 Mosen.
1637 3004 1784 3060 Hanc
1813 3006 1957 3059 enim
1994 3020 2191 3075 supre-

641 3113 782 3152 mam
827 3107 880 3150 ct
927 3098 1302 3165 graviSsimam
1332 3110 1516 3149 vocem
1546 3095 1835 3162 appellant,
1865 3110 1985 3164 quae
2017 3105 2208 3150 servat

641 3189 1054 3242 consonantiam
1091 3187 1428 3240 diatessaron
1462 3203 1475 3251 ;
1526 3184 1776 3240 similiter
1814 3195 1868 3240 et
1905 3186 2199 3242 irascibilis

2367 1295 2507 1348 Ἀλλ’
2565 1294 2679 1362 οἵγε
2734 1295 2800 1346 τά
2871 1296 2988 1347 θεῖα
3041 1295 3375 1363 κομψότερον
3427 1293 3861 1364 ἑρμηνεύοντες,

2287 1388 2440 1456 φασί,
2471 1386 2555 1438 διὰ
2579 1385 2669 1437 τοῦ
2702 1384 2991 1455 ὀργανικοῦ
3030 1385 3223 1453 μέλους
3255 1387 3351 1452 τὴν
3388 1385 3686 1454 ἐμμέλειαν
3717 1387 3832 1437 ὑπο

2289 1476 2651 1546 σημαίνεσθαι
2701 1477 2800 1544 τῆς
2831 1477 3028 1546 ψυχῆς.
3084 1476 3431 1544 Μουσουργία
3463 1477 3518 1526 δὲ
3561 1475 3758 1544 ψυχῆς,
3818 1479 3857 1540 ἡ

2287 1569 2395 1622 τῶν
2445 1569 2590 1622 ἔνδον
2616 1569 2784 1636 αὐτῆς
2823 1569 3001 1637 μερῶν
3035 1554 3345 1635 συμφωνία,
3381 1566 3506 1634 περὶ
3529 1562 3595 1634 ἧς
3621 1565 3867 1635 ἐροῦμεν

2286 1659 2640 1727 πλατύτερον.
2679 1657 2970 1725 Συμφωνία
3025 1657 3131 1725 γάρ
3165 1657 3312 1707 ἐστιν
3341 1657 3576 1725 ἁρμονία
3606 1656 3758 1723 διαφε
3773 1673 3871 1722 ρο-

2257 1745 2460 1819 ’μένων
2497 1751 2614 1819 μὲν,
2646 1747 3048 1817 ὁμολογούντων
3089 1748 3180 1799 δέ’
3220 1747 3376 1799 τοῦτο
3420 1747 3477 1798 δὲ
3514 1747 3662 1799 ἔστιν
3703 1747 3865 1809 ἰδεῖν,

2285 1841 2411 1892 ὅταν
2456 1841 2504 1890 οἱ
2548 1837 2823 1890 κάλλιστοι
2855 1836 2961 1888 τῶν
3010 1835 3336 1904 συμφωνιῶν
3368 1835 3517 1902 λόγοι
3564 1839 3673 1897 τοῖς
3705 1836 3869 1888 ένόι.ν

2285 1928 2382 1996 τῆς
2410 1928 2586 1997 ψυχῆς
2606 1927 2825 1996 μέρεσιν
2855 1928 3227 1995 ὲφαρμόσωσι,
3256 1927 3429 1978 καὶτὸ
3462 1928 3559 1995 μὲν
3583 1926 3678 1996 τὴν
3704 1927 3869 1996 πρώ-

2287 2035 2387 2087 την
2415 2017 2510 2088 ἔχῃ
2539 2018 2711 2082 τάξιν,
2751 2017 2844 2069 καὶ
2869 2019 3026 2086 μόνον
3056 2017 3220 2086 ἄρχῃ,
3263 2017 3410 2084 λέγω
3443 2018 3496 2070 δὲ
3525 2019 3583 2069 τὸ
3610 2019 3890 2084 λογιστι-’

2290 2108 2386 2160 κόν
2407 2123 2421 2136 ο
2455 2107 2514 2159 τὸ
2534 2108 2589 2160 δὲ
2613 2107 2712 2176 τὴν
2740 2107 2929 2176 μέσην,
2963 2101 3072 2158 οἷον
3103 2107 3161 2158 τὸ
3188 2108 3435 2176 Θνμικὸν,
3457 2107 3561 2159 ὑπο
3582 2105 3674 2158 τοῦ
3703 2107 3869 2176 πρώ-

2291 2217 2383 2252 του
2419 2200 2516 2268 μὲν
2551 2199 2872 2268 ἀρχόμενον,
2899 2200 3061 2268 ἄρχον
3102 2199 3157 2250 δὲ
3199 2199 3295 2249 τοῦ
3331 2199 3641 2250 τελευταίου
3666 2215 3678 2226 ’
3709 2197 3767 2250 τὸ
3799 2198 3868 2249 δὲ

2292 2289 2389 2360 τὴν
2413 2290 2664 2358 ἐσχάτην,
2689 2290 2762 2352 ὡς
2793 2271 3289 2356 τδὲπιθυμητικὺν,
3323 2289 3620 2356 ἀρχόμενον
3654 2289 3864 2356 μόνως.

2293 2382 2425 2432 Τότε
2451 2381 2556 2450 γάρ
2590 2379 2654 2432 ἂν
2681 2381 2764 2448 εἴη
2802 2380 2894 2431 καὶ
2925 2380 3211 2446 συμφωνία
3241 2377 3418 2446 ψυχῆς
3441 2393 3454 2406 ⁸
3500 2377 3593 2428 τοῦ
3627 2379 3724 2446 μὲν
3765 2379 3836 2430 λο

2295 2472 2540 2538 γιστικοῦ
2566 2470 2700 2540 πρὸς
2729 2471 2788 2522 τὸ
2815 2469 3110 2539 Θυμοειδὲς,
3143 2469 3217 2531 ὡς
3253 2467 3462 2537 ὑπάτης
3493 2469 3627 2534 πρὸς
3659 2468 3868 2536 μέσην,

2295 2561 2451 2613 τοῦτο
2511 2561 2612 2628 γὰρ
2657 2560 2748 2612 τὸν
2801 2559 3070 2613 ἀνώτατον
3118 2560 3209 2628 καὶ
3265 2558 3563 2626 βαρύτατον
3627 2557 3869 2611 καλοῦσι

2298 2652 2553 2722 φθόγγον,
2606 2652 2704 2717 τὴν
2748 2652 2833 2703 διὰ
2861 2650 3140 2720 τεσσάρων
3196 2650 3514 2717 συμφωνίαν
3561 2648 3866 2711 σώζοντος·

2295 2742 2389 2795 τοῦ
2426 2740 2484 2794 δὲ
2529 2739 2841 2810 θυμοειδοῦς
2876 2741 3006 2808 πρὸς
3037 2740 3097 2791 τὸ
3143 2739 3553 2808 ἐπιθυμητικὸν,
3582 2739 3654 2800 ὡς
3686 2739 3872 2806 μέσης

2298 2834 2434 2902 πρὸς
2460 2833 2647 2902 νήτην,
2679 2831 2835 2883 τοῦτο
2885 2831 2991 2900 γὰρ
3022 2831 3112 2881 τὸν
3142 2829 3442 2898 ἀκρότατον
3473 2829 3564 2881 καὶ
3597 2827 3871 2891 ὀξύτατον

2297 2922 2620 2990 ὀνομάζουσι
2661 2920 2761 2991 τὴν
2788 2921 2875 2971 διὰ
2903 2921 3062 2971 πέντε
3088 2920 3252 2972 πάλιν
3272 2935 3286 2950 ·
3322 2919 3484 2971 αὐτοῦ
3514 2919 3570 2971 δὲ
3595 2917 3689 2970 τοῦ
3715 2916 3873 2985 λογι-

2302 3011 2486 3066 στικοῦ
2528 3011 2662 3082 πρὸς
2693 3010 2753 3062 τὸ
2785 3011 3208 3078 ἐπιθυμητικὸν,
3252 3012 3325 3071 ὡς
3360 3009 3570 3077 ὑπάτης
3606 3009 3740 3078 προς
3768 3009 3873 3078 νή-

2298 3121 2397 3175 την
2415 3119 2427 3133 °
2457 3103 2613 3156 τοῦτο
2639 3102 2746 3170 γὰρ
2778 3101 2992 3168 λέγουσι
3023 3102 3114 3152 τὸν
3151 3100 3449 3168 βαρύτατον
3470 3100 3603 3168 πρὸς
3629 3100 3720 3152 τὸν
3741 3098 3875 3163 ὀξύ-

2300 3211 2458 3246 τατον
2489 3193 2589 3261 τὴν
2635 3192 2722 3244 διὰ
2763 3192 2970 3244 πασῶν.
3006 3192 3067 3257 Ei
3097 3192 3151 3242 δὲ
3180 3192 3259 3242 δεῖ
3295 3179 3368 3260 μὴ
3402 3193 3512 3252 τοῖς
3552 3192 3739 3252 τόποις
3770 3199 3874 3242 και

644 3279 711 3332 ad
739 3279 1232 3346 concupiscibilem,
1265 3288 1320 3330 ut
1353 3275 1510 3331 Messe
1545 3275 1783 3343 chordae,
1819 3275 1886 3330 ad
1915 3292 2032 3332 eam
2079 3293 2198 3346 quae

2304 3288 2413 3346 τοῖς
2438 3284 2662 3352 ὀνόμασι
2693 3283 2996 3350 προσέχειν,
3024 3282 3154 3334 ἀλλᾶ
3185 3285 3303 3340 ταῖς
3348 3284 3606 3350 δυνάμεσι
3637 3285 3726 3334 καὶ
3752 3285 3875 3344 τοῖς

645 3367 845 3419 dicitur
877 3364 1008 3420 the
1039 3383 1052 3420 :
1086 3367 1223 3419 hanc
1250 3375 1426 3419 autem
1454 3367 1776 3419 altissimam
1807 3376 1970 3435 atque
1999 3371 2197 3422 acutis-

554 3490 556 3492 τ
647 3458 838 3510 simam
869 3472 1051 3510 vocem
1089 3459 1392 3539 nominant},
1431 3471 1551 3524 quae
1572 3466 1653 3512 est
1684 3457 1956 3527 diapente.
1993 3459 2195 3514 Eodem

648 3548 810 3600 modo
863 3547 1023 3600 etiam
1079 3547 1368 3601 irascibilis
1424 3547 1491 3599 ad
1549 3550 2072 3617 concupiscibilem,
2139 3559 2198 3604 ut

552 3649 572 3702 1,
649 3637 866 3691 chorda:
895 3637 1063 3699 illius,
1131 3652 1294 3705 quam
1341 3636 1582 3706 llypaten
1626 3638 1864 3693 diximus
1911 3641 1976 3694 ad
2003 3638 2195 3705 Neten,

649 3729 790 3780 hanc
829 3727 1096 3794 siquidem
1123 3741 1331 3789 vocem,
1357 3741 1478 3795 quae
1504 3729 1570 3781 de
1602 3729 1897 3796 gravisima
1950 3731 2201 3785 acutissi-

653 3831 848 3885 maque
877 3816 1184 3881 conﬁcitur,
1211 3815 1482 3884 Diapason
1511 3819 1811 3886 appellant.
1838 3818 1992 3883 Quod
2024 3819 2070 3873 si
2104 3835 2201 3888 par

649 3917 752 3968 est,
806 3920 914 3958 non
971 3906 1110 3968 loca,
1166 3914 1259 3959 aut
1318 3906 1559 3970 nomina,
1617 3908 1918 3973 attendere,
1969 3910 2061 3964 sed
2092 3911 2201 3964 vim

651 3997 834 4064 potius
863 3996 1034 4064 ipsam
1076 3995 1250 4064 sequi,
1281 4005 1334 4050 et
1369 4010 1550 4050 rerum
1593 3995 1886 4052 eﬂicaciam
1918 4014 1933 4052 :
1965 3998 2204 4053 rationa-

653 4085 720 4139 lis
752 4100 877 4154 pars
900 4101 1030 4140 sane
1059 4087 1239 4154 potius
1276 4083 1422 4140 Ilcse
1449 4085 1769 4154 appellanda
1815 4095 1921 4150 est,
1964 4102 2030 4142 eo
2059 4088 2203 4158 quod

652 4176 718 4228 ad
742 4168 1088 4240 irascibilem,
1122 4175 1278 4244 quasi
1308 4175 1374 4230 ad
1410 4175 1666 4230 chordam
1699 4175 1867 4232 Neten
1899 4176 2037 4247 (haec
2057 4181 2200 4234 enim

652 4265 963 4320 acutissima
992 4275 1073 4319 est
1105 4275 1160 4320 et
1194 4265 1622 4319 concitatissima
1661 4266 1855 4319 animas
1907 4269 2052 4336 pars)
2086 4284 2203 4322 eam

655 4343 921 4417 rationem
974 4355 1345 4409 consonantiae
1390 4354 1584 4408 haheat
1634 4370 1756 4424 qua
1788 4366 1872 4410 est
1910 4355 2204 4426 Diapente;

561 4500 563 4502 .
635 4455 708 4498 ct
733 4447 798 4500 ad
848 4446 1331 4515 concupiscibilem
1391 4454 1450 4499 ut
1494 4445 1561 4500 ad
1591 4447 1834 4516 Hypaten
1890 4448 2025 4516 (haec
2063 4450 2204 4502 enim

654 4536 827 4588 laxior
872 4546 954 4590 est
1007 4546 1058 4590 et
1101 4535 1340 4605 mollior)
1395 4537 1659 4590 rationem
1714 4551 1830 4590 eam
1874 4545 2053 4591 servat
2089 4554 2207 4607 qua:

2304 3376 2691 3442 ὲνεργήμασιν,
2732 3372 2814 3439 εἴη
2857 3372 2921 3423 ἂν
2976 3372 3112 3440 μέση
3173 3373 3372 3438 μᾶλλον
3419 3372 3478 3423 τὸ
3526 3374 3872 3436 λογιστικόνο

2305 3464 2441 3530 πρὸς
2471 3464 2568 3531 μὲν
2598 3462 2656 3514 τὸ
2687 3462 2938 3530 θυμικὸν,
2988 3463 3060 3522 ti);
3102 3463 3236 3531 πρὸς
3263 3464 3452 3531 νήτην,
3481 3463 3641 3514 τοῦτο
3667 3462 3776 3530 γὰρ
3807 3463 3873 3514 τ’)

2305 3556 2577 3620 ὀξύτατον,
2608 3555 2701 3605 καὶ
2728 3554 3175 3622 ὁρμητικώτατον
3205 3553 3302 3618 τῆς
3327 3553 3501 3620 ψυχῆς
3537 3554 3699 3620 μέρος
3739 3555 3873 3614 τοὺς

2303 3644 2492 3709 λόγους
2524 3642 2622 3708 τῆς
2648 3640 2736 3691 διὰ
2763 3642 2920 3691 πέντε
2952 3638 3120 3702 σῶζον
3150 3641 3464 3707 συμφωνίας
3493 3656 3508 3671 ⁸
3555 3641 3689 3710 πρὸς
3717 3641 3774 3693 δὲ
3810 3643 3876 3693 τὸ

2306 3735 2718 3804 ἐπιθυμητικὸν,
2748 3733 2822 3795 ὡς
2847 3733 2982 3802 πρὸς
3011 3733 3239 3801 ὑπάτην,
3277 3734 3434 3786 τοῦτο
3463 3736 3569 3805 γὰρ
3591 3736 3762 3804 αὐτῆς
3810 3737 3878 3788 τὸ

2307 3825 2685 3895 χαλαρώτερον
2739 3824 2831 3875 καὶ
2877 3823 3221 3892 χαυνότερον,
3255 3826 3380 3885 τοὺς
3417 3825 3514 3892 τῆς
3563 3827 3648 3878 διὰ
3675 3828 3882 3877 una-

2312 3933 2418 3986 ρων
2437 3934 2450 3947 ·
2485 3913 2734 3968 κάκείνου
2765 3914 2861 3981 μὲν
2891 3913 2988 3981 τὴν
3016 3909 3285 3974 ἐπίτασιν,
3319 3915 3506 3966 τούτου
3537 3915 3595 3967 δὲ
3624 3917 3723 3984 τὴν
3748 3919 3879 3971 ἂνε-

2310 4025 2393 4059 σιν
2426 4003 2681 4075 ρυθμίζον
2705 4005 2798 4054 καὶ
2835 4002 3200 4070 κατακιρνῶν,
3253 4004 3548 4072 καλλίστην
3601 4007 3872 4074 ἁρμονίαν

2310 4096 2617 4166 ἐργάζεται.
2660 4091 2876 4145 Τούτων
2905 4091 2997 4143 οὖν
3050 4092 3569 4160 προαποδεδομένων
3603 4097 3752 4162 ἡμῖν,
3791 4097 3875 4147 ἔτι

2311 4181 2654 4250 παραστῆσαι
2676 4178 2940 4248 βούλεται,
2965 4177 2996 4247 ἢ
3017 4178 3220 4245 μᾶλλον
3253 4179 3431 4230 εἰπεῖν
3457 4177 3724 4242 λείπεται,
3748 4181 3874 4239 πῶς

2312 4271 2370 4323 ἓν
2397 4269 2457 4322 ὃν
2485 4271 2544 4323 τὸ
2568 4271 2713 4321 οεῐον
2750 4266 2996 4336 Πνεῦμα,
3025 4265 3158 4317 ποτὲ
3212 4265 3308 4333 μὲν
3339 4266 3602 4329 ὲνίζεταιο
3631 4265 3877 4334 Πνεῦμα

2313 4361 2449 4431 γὰρ,
2483 4361 2635 4447 conci,
2658 4359 2872 4447 Κυρίου
2900 4357 2991 4409 ἐπ’
3015 4357 3138 4447 ἐμέ,
3170 4351 3241 4411 οὗ
3275 4356 3479 4447 ἕνεκεν
3523 4355 3726 4447 ἔχρισέ
3757 4375 3870 4425 με·

2311 4453 2405 4506 καί
2424 4469 2437 4483 ’
2469 4445 2535 4504 Τὸ
2574 4446 2811 4514 Πνεᾷμὰ
2843 4463 2958 4500 σου
2999 4447 3064 4498 τὸ
3099 4445 3273 4513 ἄτιον
3301 4445 3382 4515 μὴ
3410 4445 3739 4512 arras-Mm
3769 4446 3879 4500 ἀπ’

2313 4544 2494 4614 ἐμοῦ·
2539 4540 2663 4593 καίο
2707 4536 2794 4604 Τῷ
2844 4539 3146 4606 Πνεύματι
3177 4537 3281 4590 τοῦ
3331 4539 3626 4604 στόματος
3661 4537 3877 4597 αὐτοῦ.

653 4635 738 4677 est
785 4625 1153 4690 Diatessaron,
1209 4626 1679 4694 intensionemqne
1728 4626 1898 4692 illius,
1945 4636 1999 4681 et
2041 4628 2199 4697 hujus

2312 4634 2476 4688 πᾶσα
2523 4632 2560 4698 ἡ
2614 4629 2864 4695 δύναμις
2914 4624 3148 4680 αὐτῶν·
3204 4627 3332 4678 ποτὲ
3390 4626 3446 4677 δὲ
3491 4623 3877 4692 πληθύνεταιο

655 4715 1031 4768 remissionem
1065 4724 1279 4783 coaptat
1304 4724 1466 4783 atque
1487 4715 1778 4769 concinnat
1802 4731 1819 4781 ;
1843 4708 1950 4786 qua
1983 4718 2210 4774 mistura

657 4805 912 4871 optimam
947 4805 1287 4858 harmoniam
1317 4803 1550 4873 perficit.
1588 4806 1685 4859 His
1735 4806 1916 4874 itaque
1965 4809 2046 4864 sic
2073 4825 2209 4879 prat-

658 4893 862 4959 missis,
897 4903 1062 4946 restat
1093 4903 1152 4947 ut
1211 4894 1483 4958 dicamus,
1523 4896 1797 4963 quomodo
1834 4897 2054 4952 divinus
2089 4900 2210 4968 Spi-

657 4986 797 5038 ritus
828 5001 969 5038 unus
1007 4996 1130 5039 cum
1175 4986 1269 5049 sit,
1324 4988 1623 5055 aliquando
1667 4988 1928 5056 singulari
1983 5006 2244 5058 numero,

658 5076 872 5129 dicatur
903 5094 918 5129 :
945 5085 1004 5130 ut
1033 5077 1161 5130 illud
1195 5078 1237 5107 "
1275 5093 1290 5130 :
1341 5077 1574 5145 Spiritus
1606 5079 1818 5132 Domini
1877 5096 2030 5148 super
2090 5099 2208 5136 me:

647 5177 929 5234 propterea
979 5169 1130 5219 unxit
1165 5184 1289 5233 me;
1345 5169 1473 5222 item
1504 5170 1548 5200 η
1598 5183 1612 5219 :
1657 5168 1931 5238 _Spiritum
1970 5181 2211 5225 sanctum

623 5310 626 5313 Α
657 5268 807 5313 tuum
836 5275 897 5312 ne
926 5263 1140 5327 auleras
1171 5275 1202 5312 a
1245 5276 1362 5334 me:
1396 5261 1524 5314 item
1555 5261 1603 5292 “
1639 5277 1669 5312 ε·
1707 5259 1772 5312 Et
1819 5259 2049 5328 Spiritus
2107 5265 2216 5317 oris

590 5392 596 5398 .
658 5351 772 5414 ejus
818 5351 986 5402 omnis
1025 5352 1188 5402 virtus
1218 5365 1446 5413 eorum;
1500 5358 1554 5403 et
1614 5350 1910 5419 aliquando
1965 5351 2207 5420 plurali:

666 5438 917 5506 Spiritus,
955 5441 1129 5509 inquit
1159 5440 1226 5505 “,
1279 5441 1649 5509 prophetarum
1682 5441 1945 5510 prophetis
1990 5443 2211 5511 subjecti

663 5542 782 5582 sunt
815 5547 834 5593 ;
868 5532 994 5582 item
1022 5533 1067 5562 "
1107 5546 1120 5584 :
1159 5529 1495 5598 Requiescent
1525 5511 1679 5597 super
1705 5546 1819 5583 eum
1849 5541 2040 5600 septem
2061 5533 2214 5598 spiri-

663 5631 765 5675 tus.
803 5609 1152 5675 Manifestum
1184 5628 1267 5676 est
1293 5629 1473 5674 autem
1507 5620 1768 5690 Spiritum
1798 5623 2014 5690 quidem
2045 5639 2212 5675 unum

585 5697 588 5700 i
664 5727 783 5764 esse
837 5711 1292 5779 quemadmodum
1351 5720 1404 5764 et
1451 5726 1616 5771 unum
1670 5712 1967 5776 Artificem,
2019 5713 2223 5766 instru-

667 5808 845 5853 menta
877 5811 1054 5854 autem
1088 5807 1263 5869 plura.
1314 5799 1527 5868 Organa
1558 5801 1701 5855 cnim
1746 5803 1982 5856 Artiﬁcis
2017 5800 2233 5857 fuerunt

2317 4719 2627 4786 Πνεύματα
2656 4717 2788 4786 γὰρ,
2809 4715 2963 4785 φησὶ,
2988 4713 3325 4782 προφητῶν,
3352 4713 3683 4780 προφήταις
3722 4716 3880 4768 ὑπο-

2314 4812 2599 4864 τάσσεται
2617 4823 2632 4839 ·
2659 4807 2752 4858 καί
2771 4821 2784 4836 ο
2828 4805 3347 4859 Ἐπαναπαύσεται
3388 4803 3481 4854 ἐπ’
3510 4801 3696 4854 αὐτὸν
3723 4803 3880 4856 ἑπτὰ

2314 4896 2834 4966 πνεύματα.ιΔῆ·λον
2863 4891 2956 4947 οὖν
2998 4896 3078 4947 ὅτι
3110 4895 3168 4946 τι
3200 4894 3296 4962 μὲν
3324 4893 3546 4961 Πνεῦμα
3577 4892 3661 4955 ἓν,
3706 4893 3880 4945 καθά-

2314 5008 2418 5060 περ
2463 4991 2556 5042 καὶ
2584 4989 2612 5040 ό
2644 4987 2900 5056 Τεχνίτης
2953 4981 3064 5047 εἷς’
3099 4977 3311 5052 ὄργανά
3349 4983 3429 5047 δὲ,
3478 4985 3648 5036 πολλά
3671 4999 3684 5014 ·
3718 4983 3882 5037 τοῦτο

2315 5081 2423 5149 γὰρ
2449 5082 2497 5131 0t
2525 5079 2818 5146 προφῆται,
2846 5078 2934 5129 καὶ
2955 5076 3042 5128 διὰ
3064 5075 3218 5125 τοῦτο
3249 5073 3482 5144 διάφορα
3505 5076 3600 5128 καὶ
3617 5073 3685 5126 τά
3710 5073 3881 5142 κρούο

2321 5188 2485 5241 ματα,
2517 5169 2552 5238 ἢ
2582 5167 2962 5237 ὲμπνεύματα.
3016 5167 3124 5216 Καὶ
3173 5164 3272 5216 οὐκ
3318 5167 3411 5217 ἐπὶ
3451 5159 3686 5228 πολλῶν,
3707 5167 3877 5241 μόνον

2320 5263 2509 5322 πολλὰ,
2546 5260 2677 5311 ἀλλὰ
2705 5260 2797 5309 καὶ
2829 5259 2923 5309 ἐπὶ
2949 5256 3043 5309 τοῦ
3082 5254 3244 5310 αὐτοῦ
3297 5255 3468 5307 πολλὰ
3501 5256 3591 5307 καὶ
3621 5239 3878 5324 διάφορα,

2315 5351 2409 5404 τοῦ
2442 5348 2693 5417 Τεχνίτου
2726 5347 2792 5398 τά
2826 5346 2922 5414 μὲν
2953 5344 3202 5405 ὲνιέντος,
3231 5345 3296 5395 τὰ
3332 5343 3376 5393 δ’
3405 5342 3785 5405 ἐπιτείνοντος,
3806 5347 3888 5397 τὰ.

2315 5440 2373 5492 δὲ
2407 5436 2851 5506 μεταϐάλλοντος,
2888 5434 2956 5485 τὰ
2984 5434 3039 5485 δὲ
3072 5436 3168 5506 καὶ
3200 5431 3497 5501 κιρνῶντος
3521 5448 3536 5462 ο
3569 5433 3745 5486 πάντα
3778 5432 3882 5501 μὲν

2319 5505 2710 5596 οὖνούδαμῶςο
2752 5527 2832 5586 τίς
2862 5527 2967 5593 γὰρ
2990 5505 3168 5576 αὐτῶν
3194 5522 3411 5589 ἀτόμων
3447 5523 3479 5591 ἠ
3522 5523 3720 5590 γνῶσις
3745 5537 3760 5587 ;
3807 5527 3880 5576 τὰ

2321 5619 2658 5688 γενικώτατα
2709 5615 2782 5679 δὲ,
2848 5618 3005 5682 μέχρι
3059 5612 3169 5663 τῶν
3233 5610 3566 5665 ιδικωτάτων
3622 5609 3877 5679 ὥρισται,

2329 5711 2465 5764 κατά
2488 5726 2545 5761 τε
2580 5707 2835 5776 ποιότητα
2864 5706 2954 5759 καὶ
2999 5705 3269 5773 ποσότητα
3289 5718 3303 5734 ο
3338 5703 3644 5774 περαιτέρω
3675 5703 3782 5774 γὰρ
3813 5705 3877 5756 οὐ

2339 5801 2550 5871 πρόεισι
2581 5799 2686 5851 τῶν
2714 5800 2869 5852 ἑπτά.

743 5912 946 5969 “Psal.
979 5931 1118 5977 των.
1145 5917 1194 5970 8.
1273 5917 1313 5949 ¹⁹
1341 5908 1485 5972 Psal.
1519 5931 1570 5976 ι..
1603 5917 1690 5973 l3.
1747 5902 1793 5949 ὀ
1838 5919 1982 5974 l’sal.
2018 5933 2190 5980 χχιιι,

2348 5919 2388 5949 ²¹
2422 5919 2438 5972 1
2471 5916 2596 5972 Cor.
2629 5931 2738 5979 xlv,
2778 5911 2864 5967 52.
2931 5912 2974 5943 ”
3007 5908 3112 5964 lsa.
3144 5923 3220 5975 st,
3251 5905 3305 5960 2.
