4090 6324
699 454 728 513 7
741 455 761 513 ι
1908 442 2284 503 summu
2342 443 2703 505 ZIGABENI
3488 510 3495 517 κ
3845 444 3916 507 72

699 566 939 631 inquam,
974 573 1080 612 non
1112 556 1258 611 hanc
1292 542 1618 609 exteriorem
1671 552 2018 624 intelligens;
2054 556 2253 625 quippe

2364 556 2585 624 μᾶλλον,
2617 555 2733 608 ἀλλ’
2766 553 2797 624 ἦ
2840 553 3091 626 γράυειν,
3122 553 3258 607 ἀλλὰ
3288 555 3384 624 τὴν
3413 544 3505 607 τοῦ
3539 556 3676 607 νοεῖν
3721 556 3914 626 δηλον-

698 667 818 708 cum
855 650 1002 720 loqui
1029 664 1149 703 eam
1194 648 1373 718 potius
1402 661 1567 716 quam
1600 645 1842 700 scribere
1888 661 1985 714 par
2034 646 2249 711 fuisset,

700 745 790 798 sed
821 743 1135 795 interiorem
1169 738 1476 792 intellectus
1509 737 1771 806 linguam,
1797 751 1919 804 qua:
1974 750 2112 790 novo
2171 744 2253 788 at—

700 850 802 901 que
839 831 1096 885 ineﬂ'abili
1130 830 1366 899 quodam
1398 830 1575 891 modo,
1613 831 1788 897 ipsum
1839 827 2099 896 Spiritum
2131 836 2253 880 tan-

701 926 879 993 gebat,
915 924 1275 993 palpahatque
1304 937 1368 976 eo
1407 922 1666 974 nimirum
1717 919 1896 982 modo,
1924 932 2034 986 quo
2063 932 2089 969 a
2115 917 2251 970 seri-

700 1026 855 1084 ptore
906 1016 1144 1083 tangitur
1203 1014 1612 1079 calamus:per
1666 1025 1852 1079 quem,
1903 1024 1966 1062 ea
2021 1023 2144 1078 qua:
2175 1008 2253 1061 illi

701 1107 935 1159 revelata
969 1115 1146 1169 erant,
1178 1106 1456 1173 eleganter
1480 1102 1753 1156 scribebat
1796 1118 1810 1154 :
1847 1116 2020 1169 neque
2047 1101 2098 1153 id
2130 1111 2251 1153 tan-

699 1205 835 1262 tmu,
866 1197 958 1250 sed
990 1208 1041 1250 et
1074 1197 1330 1248 velociter
1359 1194 1409 1247 id
1434 1195 1646 1263 agebat.
1673 1191 1823 1245 Unde
1854 1202 1908 1246 et
1935 1192 2253 1245 manifesta-

698 1287 895 1339 tinno-m
925 1284 1217 1353 prophetiae
1245 1283 1467 1344 iudicat,
1495 1288 1548 1336 et
1572 1283 1940 1335 vehementem
1972 1283 2159 1344 etiam,
2191 1294 2253 1333 ac

699 1378 928 1431 validam
968 1375 1209 1444 Spiritus
1251 1375 1696 1437 concitationem,
1740 1372 1867 1427 dum
1910 1372 2253 1426 velocissimo

698 1470 893 1524 scriba:
937 1484 1053 1522 eam
1110 1475 1410 1535 comparat.
1472 1465 1614 1517 Alibi
1656 1473 1870 1533 gustum
1925 1463 2029 1517 sibi
2062 1461 2253 1515 adesse

698 1548 987 1615 attestatur
1016 1561 1204 1613 dicens
1233 1576 1245 1610 :
1282 1557 1449 1622 Quam
1481 1555 1659 1607 dulcia
1687 1554 1928 1623 faucibus
1963 1554 2089 1607 meis
2139 1554 2252 1607 elu-

698 1654 821 1720 quia
852 1662 941 1705 tua
970 1667 1124 1717 super
1174 1653 1274 1702 met
1300 1649 1378 1700 ori
1412 1663 1521 1700 meo
1546 1649 1615 1700 ".
1651 1647 1821 1715 ipsius
1855 1646 2053 1699 ctenim
2089 1645 2251 1698 intel-

702 1744 877 1797 lectus
938 1756 998 1795 os
1060 1757 1119 1794 ac
1176 1740 1364 1793 fauces
1425 1739 1858 1799 delectabantur,
1897 1750 2018 1787 cum
2069 1735 2252 1810 divina

698 1833 1047 1886 oraculorum
1086 1829 1300 1899 eloquia
1333 1828 1645 1894 deglntiret,
1684 1841 1745 1879 ac
1797 1830 1986 1879 rursus
2031 1840 2254 1879 revoca-

2361 647 2462 708 ότι,
2499 648 2682 698 καινόν
2725 664 2844 698 τινα
2902 647 3099 715 τρόπον
3129 646 3510 716 ἐφαπτομένην
3546 647 3639 699 τοῦ
3672 649 3917 717 πνεύμα-

2359 754 2470 799 τος,
2499 738 2574 792 ὡς
2604 737 2965 807 ὑπογραφέως
2999 737 3263 807 κάλαμος,
3286 738 3352 790 δ.’
3376 738 3544 807 αὐτῆς
3565 739 3663 799 τὰς
3684 738 3916 805 γνώσεις

2363 830 2881 900 καλ).ιγραφοῦντος.
2926 830 3018 882 καὶ
3054 831 3113 882 οὐ
3162 828 3321 881 τοῦτο
3364 828 3546 897 μόνον,
3606 828 3742 882 ἀλλὰ
3823 832 3921 881 καὶ

2360 919 2792 988 ὁξυγραιροῦντος
2831 936 2843 949 ’
2872 919 3015 971 οὕτω
3047 920 3135 974 διὰ
3168 922 3265 989 μὲν
3294 921 3406 973 τῶν
3431 924 3777 991 γραμμάτων
3819 922 3920 990 τὴν

2361 1010 2649 1080 ἐνάργειαν
2674 1012 2769 1077 τῆς
2804 1012 3139 1081 προφητείας
3169 1011 3435 1082 ἐδήλωσεν
3466 1029 3478 1043 ο
3526 1012 3626 1083 τὴν
3682 1012 3923 1082 ὀξύτητα

2359 1100 2433 1164 δὲ,
2463 1100 2551 1153 διὰ
2579 1101 2679 1171 τῆς
2709 1099 3059 1171 ὀξυγραφίας.
3085 1102 3199 1156 Νῦν
3224 1104 3280 1155 δὲ
3313 1102 3412 1174 τὴν
3429 1105 3723 1174 γευστικὴν
3741 1102 3923 1171 ἑαυτῷ

2363 1194 2778 1263 προσμαρτυρεῖ
2811 1190 3041 1262 δύναμιν
3072 1207 3086 1222 ’
3159 1196 3257 1260 Ὠς
3308 1197 3534 1263 γλυκέα
3598 1196 3728 1265 γάρ,
3766 1197 3924 1264 φηρὶ,

2359 1281 2442 1346 τῷ
2471 1284 2723 1353 λάρυγνί
2745 1300 2863 1351 μου
2899 1282 2976 1336 τὰ
2998 1285 3173 1354 λόγοιὰ
3195 1300 3331 1342 σου.
3392 1286 3500 1339 Καὶ
3520 1287 3625 1357 γὰρ
3657 1286 3926 1354 τὺνοητδν

2361 1370 2581 1440 ἡδύνετο
2612 1372 2805 1439 στόμα,
2830 1372 2899 1426 τά
2937 1373 3091 1441 λόγια
3115 1374 3224 1425 τῶν
3282 1376 3543 1445 χρησμῶν
3598 1376 3925 1439 καταπίνον,

2362 1464 2456 1514 καὶ
2483 1459 2551 1515 αὖ
2585 1465 2876 1535 ἁναφέρογ,
2913 1464 3113 1535 πολλῆς
3142 1465 3330 1534 ήῖονῆς
3368 1465 3494 1535 περί
3525 1482 3586 1518 τε
3612 1465 3709 1535 τὴν
3755 1467 3927 1519 κατάο

2446 1513 2451 1514 ⁷
2490 1513 2495 1514 ⁷
2532 1513 2544 1515 ⁷
2592 1513 2876 1533 ή““1“Ῐ“⁷ν
2921 1513 3110 1535 ““”⁷’⁷Ί“
3149 1513 3330 1534 ’1⁷⁷⁷⁷1³
3375 1513 3492 1535 ’⁷⁷1⁷⁷
3538 1513 3583 1518 ⁷⁷
3624 1513 3700 1535 ⁷⁷1⁷
3758 1513 3884 1519 "vv"

2362 1568 2519 1604 ποσιν
2546 1554 2641 1605 καὶ
2678 1558 2774 1624 τὴν
2802 1513 3054 1607 ἐνάδοσιν
3085 1555 3474 1626 αἰσθανόμενος
3503 1572 3517 1587 ·
3582 1556 3817 1626 ἀλλαχοῦ
3870 1557 3927 1610 δὲ

2362 1643 2453 1695 καὶ
2482 1641 2578 1711 τὴν
2611 1643 2834 1711 καρδίαν
2874 1645 3240 1715 ἐρευγομένην
3270 1644 3422 1711 λέγει
3472 1646 3532 1698 τὸ
3564 1646 3792 1713 ἀγαθὸν,
3821 1647 3927 1716 τὴν

2363 1732 2694 1801 βαθυτάτην,
2734 1734 2808 1796 ὡς
2838 1734 2903 1787 ἂν
2932 1735 3129 1798 εἴποις.
3162 1736 3256 1789 καὶ
3287 1736 3648 1806 ὑποδεκτικὴν
3705 1736 3928 1791 πάντων

2359 1824 2451 1877 τοῦ
2472 1826 2587 1887 νοὸς
2618 1825 2869 1892 δύναμιν,
2897 1826 2971 1888 ὡς
3000 1826 3657 1898 ὑπερεμπιπληρωμένην
3679 1827 3812 1896 ὃλην
3833 1830 3930 1880 rei.

702 1933 808 1975 ret.
848 1920 1135 1974 Maximam
1164 1920 1307 1972 enim
1342 1922 1625 1987 propheta,
1650 1927 1762 1970 tum
1794 1916 2139 1986 deglutiendo
2171 1931 2253 1980 ea,

2364 1914 2496 1967 ὅλων
2523 1915 2629 1967 τῶν
2658 1915 2880 1981 ἀγαθῶν
2916 1917 3223 1987 βρωμάτων
3250 1918 3342 1970 τοῦ
3384 1919 3728 1987 Πνεύματος.
3781 1918 3930 1971 Σπά-

700 2021 813 2065 tum
848 2011 1151 2065 revocando
1181 2011 1517 2080 percipiebat
1545 2009 1909 2077 voluptatem.
1937 2008 2056 2060 Alio
2090 2007 2251 2061 etiam

698 2103 752 2158 in
786 2105 906 2157 loco
929 2113 1207 2157 eructasse
1230 2101 1361 2154 dicit
1383 2115 1479 2153 cor
1507 2115 1664 2155 suum
1690 2100 1915 2154 verbum
1935 2100 2140 2152 bonum
2167 2098 2211 2127 "
2237 2114 2253 2151 :

698 2195 806 2247 vim
832 2193 1122 2261 quamdam
1157 2181 1464 2244 intellectus
1486 2188 1987 2259 profundissimam,
2016 2198 2150 2242 etut
2182 2189 2254 2241 ita

700 2286 900 2347 dicam,
935 2285 1180 2338 omnium
1216 2284 1628 2352 capacissimum
1651 2282 1731 2337 sic
1763 2281 2061 2351 appellans,
2089 2281 2254 2335 veluti

700 2390 822 2443 qua:
862 2376 1119 2429 omnibus
1167 2373 1345 2429 sancti
1394 2373 1634 2441 Spiritus
1670 2371 1810 2425 cibis
1868 2370 1933 2424 ad
1983 2386 2257 2425 summum

702 2468 859 2535 plena
892 2475 1055 2521 esset.
1093 2464 1286 2519 Rarior
1315 2465 1368 2518 in
1404 2479 1469 2518 eo
1512 2462 1612 2515 fuit
1637 2461 1893 2517 odoratus
1920 2462 2129 2530 iigura:
2164 2462 2257 2517 sed

702 2557 917 2611 caneris
944 2556 1201 2609 omnibus
1232 2554 1404 2606 multo
1432 2552 1733 2605 molestior.
1775 2550 1910 2604 Nam
1952 2551 2096 2620 quod
2128 2553 2260 2621 legi-

704 2662 827 2701 mus
876 2644 1148 2714 :Mgrrha
1199 2654 1247 2698 et
1285 2652 1449 2696 stacte
1511 2651 1557 2696 et
1616 2643 1788 2695 cassia
1849 2658 1882 2694 α
1940 2643 2257 2696 vestimentis

704 2741 804 2791 tuis
835 2739 901 2803 ’9,
942 2738 992 2790 id
1021 2739 1088 2790 ab
1132 2751 1196 2789 eo
1226 2736 1431 2788 dictum
1458 2743 1561 2796 est,
1593 2748 1713 2787 cum
1756 2732 2041 2804 [adversus
2069 2743 2257 2799 putre-

702 2827 883 2879 dinem
914 2837 967 2880 et
998 2824 1408 2892 corruptionem
1439 2823 1754 2877 cicatricum
1782 2821 2027 2892 suarum]
2061 2822 2258 2875 bonum

705 2933 767 2972 ac
794 2932 1012 2971 suavem
1040 2916 1245 2970 Christi
1276 2912 1497 2968 odorem
1529 2912 1928 2981 pra‘sensisset.
1964 2910 2073 2964 lloc
2101 2917 2261 2979 pacto

706 3024 803 3077 per
843 3010 1025 3062 omnia
1056 3007 1365 3061 intellectus
1403 3004 1673 3070 sensoria,
1708 3004 1960 3058 scientias
1990 3017 2054 3055 ac
2087 3003 2260 3055 virtu-

711 3110 790 3153 tes
830 3114 1021 3153 omnes
1082 3097 1396 3166 spirituales
1459 3096 1688 3166 adeptus
1746 3106 1849 3151 est.
1882 3095 2259 3149 Conditionem

704 3202 910 3252 autem,
952 3200 1116 3255 atque
1154 3188 1402 3240 habitum
1466 3183 1773 3253 Pr0phcta3,
1812 3186 2060 3239 oratione
2098 3193 2260 3254 atque

2358 2020 2468 2065 νιος
2497 2005 2525 2056 ὁ
2553 2006 2651 2074 τῆς
2686 2005 3055 2076 ὀσφραντικῆς
3093 2009 3151 2062 ἐν
3191 2007 3341 2076 αὐτῷ
3405 2008 3594 2072 τύπος,
3651 2009 3743 2062 καὶ
3792 2009 3927 2061 πολὺ

2356 2098 2466 2149 τῶν
2491 2098 2664 2151 ἄλλων
2696 2098 3190 2167 δυσφωρατὼτερος
3218 2115 3232 2129 ·
3282 2102 3542 2169 Σμύρνα,
3616 2102 3769 2170 φησὶ,
3828 2102 3930 2154 καί

2356 2189 2610 2255 στακτὴ,
2642 2189 2739 2241 καί
2788 2190 3037 2253 κασσία,
3071 2189 3187 2243 ἀπὸ
3216 2189 3332 2243 τῶν
3382 2192 3624 2259 Ιματίων
3660 2208 3802 2252 σου,
3832 2192 3933 2257 τῆς

2358 2280 2584 2342 εὐωδίας
2615 2280 2713 2347 τῆς
2737 2281 2878 2332 κατὰ
2904 2280 3150 2351 Χριστὸν
3190 2282 3741 2351 ἀντιλαμϐανόμενος.
3769 2281 3930 2335 Οὕτω

2356 2371 2424 2425 δι’
2459 2372 2596 2424 ὅλων
2630 2372 2722 2425 τοῦ
2744 2373 2858 2433 νοὸς
2886 2366 2994 2424 τῶν
3026 2372 3353 2439 αἰσθήσεων,
3375 2372 3484 2425 τῶν
3538 2372 3629 2425 τοῦ
3679 2373 3932 2441 Πνεύμα-

2358 2480 2449 2525 τος
2478 2462 2616 2516 ὅλων
2657 2463 3007 2527 ἀντελάϐετο,
3040 2462 3137 2515 καὶ
3167 2463 3422 2528 γνὼσεων
3478 2465 3571 2517 ναὶ
3616 2463 3928 2533 δυνάμεων.

2359 2552 2520 2620 Δηλοῖ
2540 2553 2595 2605 δὲ
2626 2553 2725 2622 τὴν
2759 2553 3107 2623 προφητικὴν
3174 2553 3285 2616 ἕξιν
3326 2553 3413 2606 διὰ
3470 2552 3561 2605 τοῦ
3620 2553 3802 2625 λόγου,
3841 2554 3932 2606 καὶ

2360 2644 2513 2697 οὐδὲν
2553 2644 2702 2712 αὑτῷ
2725 2643 2985 2713 διαφέρον
3013 2645 3079 2696 τὰ
3112 2644 3452 2713 παρελθόντα
3502 2643 3614 2713 (Μ)
3671 2644 3932 2712 λέγεινηῆ

2362 2732 2459 2786 καὶ
2497 2731 2566 2784 τὰ
2603 2732 2889 2801 μέλλοντα.
2917 2732 3183 2797 Πολλάκις
3258 2731 3389 2800 γοῦν
3447 2732 3769 2785 ὲναλλάττει
3836 2731 3933 2799 τὴν

2360 2824 2513 2887 τάξιν
2534 2842 2547 2854 ⁸
2580 2827 2671 2877 καὶ
2700 2826 2759 2877 τὸ
2793 2826 2912 2895 μὲν,
2943 2825 3017 2888 ὡς
3047 2825 3146 2895 ἤδη
3181 2825 3443 2893 γεγονότα
3481 2825 3627 2894 λέγει
3664 2825 3733 2877 τά
3770 2842 3932 2894 γενη-

2364 2915 2566 2982 σόμενα
2600 2931 2614 2946 ’
2644 2917 2704 2967 τὸ
2729 2916 2783 2968 δὲ
2816 2917 3128 2967 τούναντίον
3153 2932 3167 2945 ο
3230 2914 3373 2967 οὕτω
3413 2915 3524 2983 γὰρ
3584 2916 3644 2967 τό
3667 2932 3682 2947 ·
3714 2915 3853 2968 "Ira
3881 2917 3932 2966 ti

2356 3008 2474 3075 μὲν
2505 3005 2811 3074 ἐφρύαξαν
2844 3006 3009 3070 ἔθνη,
3050 3004 3149 3057 καί
3193 3004 3585 3072 παρέστησαν
3631 3005 3726 3057 καὶ
3779 3020 3932 3058 συθ·-

2362 3094 2666 3162 ήχθησαν,
2702 3097 2794 3147 καὶ
2829 3095 2959 3147 ἄλλα
2986 3094 3231 3160 τοιαῦτα,
3272 3093 3393 3147 ἀντὶ
3420 3094 3513 3146 τοῦ
3566 3094 3930 3163 Φρυάξονται,

2366 3188 2452 3237 καὶ
2488 3188 2962 3258 Παραστήσονται,
2998 3188 3090 3239 καὶ
3111 3187 3564 3257 Συναχθήσονται.
3595 3186 3667 3238 Τὸ
3690 3186 3746 3238 δέ
3772 3203 3789 3236 ’.
3838 3188 3932 3239 Ἐν

704 3234 910 3252 -..-ν...,
952 3234 1116 3255 -,-.,..-
1156 3234 1402 3240 ---τη----
1466 3234 1772 3253 --,τ------,
1819 3234 2057 3239 μηνί-
2099 3234 2257 3254 --πη

703 3264 953 3334 sermone
981 3294 1082 3333 suo
1117 3278 1326 3331 clarum
1364 3275 1512 3339 facit,
1552 3291 1674 3329 cum
1706 3276 1839 3328 nihil
1880 3274 2258 3344 diﬂ‘cratnpud

2489 3234 2962 3258 --η-ν--η-ν--ην
3001 3234 3564 3257 -νπ--ννκκ-,η-ητη
3604 3234 3663 3238 —~
3697 3234 3789 3238 -—-
3852 3234 3912 3239 --

2368 3275 2610 3345 ποταμῷ
2627 3278 3040 3331 διελεύσονται
3059 3278 3222 3343 ποδί,
3242 3279 3361 3331 ἀντὶ
3384 3278 3495 3343 τοῦ,
3515 3277 3931 3348 Διεληλύθεσαν,

691 3384 849 3445 ⁸ιἰιιιιι,
873 3369 1153 3438 prmsetitia
1173 3369 1374 3432 dicere,
1399 3367 1716 3429 autfutura.
1742 3354 2121 3434 Smpenumet‘o
2153 3382 2258 3420 non

701 3464 944 3517 ordinem
975 3465 1243 3523 immutat,
1280 3470 1333 3513 et
1366 3457 1568 3527 aliquid
1605 3465 1663 3509 ut
1688 3456 1813 3525 Jam
1840 3455 2041 3509 iactum
2075 3465 2263 3510 narrat

2366 3367 2394 3419 ὃ
2421 3369 2628 3421 καὶτοῦ
2667 3369 2810 3421 θείου
2846 3369 3159 3438 Πνεύματος
3219 3371 3543 3433 ἱδιαίτατον,
3590 3370 3753 3440 μηδὲν
3788 3386 3932 3440 παρ-

2369 3458 2625 3527 εληλυθὸς
2654 3458 2874 3529 έχειν,ἥ
2904 3459 3113 3528 μέλλον,
3143 3461 3254 3511 ἀλλ’
3285 3461 3553 3512 ἐνεστῶτα
3575 3461 3774 3512 πάντα.

701 3556 844 3623 quod
874 3555 1111 3608 futurum
1146 3560 1230 3607 cst
1264 3567 1279 3603 :
1315 3561 1505 3605 contra
1538 3551 1699 3603 etiam
1725 3548 2015 3618 aliquando
2039 3548 2217 3601 futura
2237 3550 2472 3619 projam
2506 3549 2683 3614 iactis,
2706 3550 3007 3619 cuiusmodi
3041 3551 3169 3604 illud
3197 3561 3306 3605 est:
3333 3551 3507 3615 Quare
3536 3554 3933 3606 insurrexerunt

700 3658 872 3720 gentes
894 3644 1261 3717 ",[ctpopult
1295 3644 1535 3696 meditati
1604 3650 1727 3696 sunt
1796 3639 2057 3710 inania?]
2136 3640 2206 3693 Et
2272 3642 2553 3696 astiterunt
2622 3660 2763 3712 reges
2814 3655 3007 3708 'terrte,
3054 3654 3107 3696 et
3162 3645 3422 3713 principes
3471 3651 3822 3697 convenerunt
3877 3644 3932 3695 in

698 3756 881 3799 unum,
910 3750 1039 3816 etc.,
1083 3750 1181 3804 pro
1230 3749 1294 3788 co
1333 3736 1473 3802 quod
1512 3744 1614 3797 est,
1676 3732 1973 3801 Insurgcnt,
2027 3731 2441 3799 meditabantur,
2476 3736 2745 3801 astabant,
2804 3738 3128 3788 convenient.
3185 3736 3315 3790 item
3380 3735 3548 3790 illud:
3591 3734 3658 3788 In
3710 3736 3933 3804 ﬂumine

697 3830 1089 3900 pertransibunt
1130 3827 1256 3895 pede
1280 3826 1348 3890 ",
1381 3827 1481 3879 hoc
1538 3836 1618 3881 est
1656 3826 2110 3894 pertransierunt.
2155 3824 2249 3879 Est
2288 3828 2430 3881 enim
2470 3830 2571 3882 hoc
2598 3829 2768 3881 divini
2796 3828 3031 3897 Spiritus
3088 3830 3380 3895 peculiare,
3416 3837 3475 3882 ut
3533 3828 3667 3881 nihil
3704 3840 3933 3898 printer-

703 3928 834 3981 itum
867 3926 1048 3985 ducat,
1076 3930 1171 3975 aut
1220 3919 1487 3983 futurum,
1515 3933 1638 3974 cum
1671 3919 1747 3972 illi
1789 3918 1974 3973 omnia
2010 3920 2302 3986 priescntia
2343 3921 2472 3975 sint.

771 4020 867 4073 liis
889 4019 1145 4072 omnibus
1178 4016 1563 4078 consideratis.
1598 4015 1925 4071 accedamus
1978 4017 2045 4071 ad
2098 4019 2263 4087 parti-

701 4112 940 4165 cularem
990 4108 1423 4176 uniuscujusque
1478 4108 1671 4175 psalmi
1731 4103 2258 4177 interpretationem,

703 4216 814 4256 uno
840 4208 1048 4254 tantum
1078 4197 1383 4253 necessario
1407 4207 1458 4251 et
1485 4199 1717 4267 generali
1748 4200 1894 4253 dicto
1925 4200 2100 4253 adhuc
2128 4216 2265 4269 prmo

703 4291 875 4346 misso
904 4306 917 4343 :
946 4290 1088 4358 quod
1126 4303 1232 4341 non
1269 4286 1448 4339 omnia
1484 4286 1649 4345 dicta,
1678 4299 1789 4339 uno
1814 4288 1972 4339 modo
2000 4289 2266 4355 interpre-

706 4382 974 4444 tabimur,
1031 4379 1283 4433 videlicet
1317 4378 1616 4432 secundum
1661 4376 1970 4442 historiam,
2029 4387 2123 4430 aut
2173 4391 2263 4431 sc-

706 4471 943 4527 cundum
969 4472 1328 4541 prephetiam,
1357 4476 1449 4521 aut
1478 4468 1776 4523 secundum
1804 4467 2135 4536 allegoriam,
2170 4454 2264 4521 aut

706 4565 1007 4621 secundum
1068 4563 1331 4615 moralem
1386 4577 1605 4617 sensum
1662 4560 1799 4614 :sed
1870 4576 2039 4611 unum
2103 4571 2263 4628 atque

706 4657 847 4711 idem
874 4656 1101 4720 dictum,
1136 4668 1513 4724 Saepenumero
1545 4654 1705 4707 variis
1724 4652 1978 4707 sensibus
2004 4652 2258 4721 subjicie-

707 4765 847 4804 mus.
875 4746 1007 4802 Nam
1037 4747 1500 4817 quemadmodum
1544 4747 1599 4800 in
1632 4744 1923 4799 arboribus
1953 4752 2010 4797 et
2040 4743 2258 4797 semini-

2377 4759 2529 4812 μασι,
2568 4742 2760 4796 πολλαί
2788 4759 2934 4802 τινες
2966 4743 3021 4794 αἱ
3054 4741 3312 4810 ἐκφύσεις
3342 4744 3433 4795 καὶ
3464 4743 3723 4812 δυνάμεις
3754 4759 3770 4775 ο

706 4842 832 4907 bus,
870 4841 1025 4909 plura
1062 4854 1126 4892 ac
1151 4838 1304 4892 varia
1335 4844 1465 4891 sunt
1504 4836 1751 4905 germina
1782 4844 1835 4887 et
1885 4832 2051 4898 vires,
2093 4832 2267 4901 siqui-

617 4937 626 4947 “
707 4934 830 4988 dem
872 4934 923 4986 in
953 4933 1147 4987 arbore
1177 4939 1232 4984 et
1260 4930 1412 4983 radix
1440 4939 1541 4993 est,
1573 4937 1625 4981 et
1656 4934 1915 4990 truncus;
1952 4924 2079 4978 item
2105 4924 2267 4989 rami,

707 5033 916 5089 cortex,
947 5022 1075 5077 folia
1119 5032 1173 5076 et
1205 5019 1440 5074 medulla
1470 5036 1485 5072 :
1524 5027 1575 5072 et
1629 5018 1682 5070 iu
1719 5015 2043 5079 seminibus,
2078 5014 2267 5080 herba,

709 5114 932 5184 stipula,
992 5114 1197 5177 aristae,
1258 5108 1616 5179 squammula:
1672 5114 1726 5161 ct
1756 5106 1967 5159 fructus
2022 5121 2121 5174 pro
2162 5106 2281 5159 uno

711 5206 1139 5261 innumerabiles
1181 5222 1194 5258 :
1236 5205 1315 5257 sic
1339 5205 1503 5256 etiam
1547 5211 1603 5255 et
1648 5201 1818 5252 multo
1861 5199 2034 5267 magis
2089 5199 2141 5252 in
2182 5198 2267 5253 his

709 5314 831 5369 quae
861 5307 989 5352 sunt
1022 5298 1266 5366 Spiritus.
1300 5294 1485 5365 Neque
1530 5292 1813 5347 accusabis
1867 5299 2144 5346 auctorem
2199 5290 2269 5345 de

711 5392 967 5453 inventis,
1001 5394 1094 5445 sed
1126 5391 1374 5460 ignosces
1402 5388 1581 5457 potius
1610 5387 1663 5440 in
1688 5384 1927 5439 omissis.
1959 5384 2093 5450 Quis
2119 5385 2265 5437 enim

713 5482 859 5552 quod
888 5482 1025 5537 satis
1057 5496 1121 5537 ac
1145 5482 1354 5550 justum
1389 5487 1473 5535 est
1500 5478 1660 5549 digne
1689 5476 1923 5530 dixerit?
1952 5474 2008 5529 lu
2050 5477 2270 5529 univer-

783 5651 827 5682 ’⁷
859 5648 1004 5704 Psal.
1040 5662 1226 5713 cxvnt,
1273 5646 1394 5703 105.
1476 5645 1521 5676 ³⁸
1576 5644 1723 5700 Psal.
1782 5660 1924 5709 mv,
1957 5643 2012 5698 2.

2036 5758 2241 5821 Varite
2295 5758 2621 5819 lectiones.

2089 5643 2133 5675 "
2191 5642 2336 5695 l’sal.
2378 5657 2520 5708 xuv,
2550 5642 2603 5696 9.

2441 4017 2692 4070 Τοσαῦτα
2741 4016 3290 4088 παραθεωρήσαντες,
3331 4019 3421 4072 ἐπὶ
3472 4019 3572 4089 τὴν
3602 4019 3741 4072 κατὰ
3779 4019 3930 4086 λέξιν

2368 4107 2700 4177 ὁρμήσωμεν
2737 4107 2845 4158 τῶν
2878 4106 3114 4177 ψαλμῶν
3171 4108 3455 4179 ἐξήγησιν,
3499 4111 3675 4163 έκεῖνο
3732 4114 3935 4177 κοινῶς

2370 4200 2465 4253 καὶ
2496 4200 2811 4266 ἀναγκαίως
2837 4201 3268 4269 ἀποφηνάμενοι,
3327 4200 3401 4264 ὡς
3456 4203 3553 4271 οὐχ
3599 4202 3816 4257 ἅπαντα
3865 4206 3933 4258 τά

2374 4290 2514 4359 ῥητὰ
2545 4291 2666 4343 καθ’
2700 4291 2797 4343 ἕνα
2831 4291 3033 4365 τρόπον
3091 4291 3532 4362 ἐξετασθήσεται,
3601 4290 3712 4346 οἷον
3742 4296 3774 4361 ἢ
3806 4296 3930 4348 καθ’

2375 4381 2613 4451 ἱστορίαν
2644 4382 2825 4451 μόνον,
2862 4381 2894 4451 ἦ
2937 4381 3076 4435 κατὰ
3128 4383 3545 4455 προφητείαν,ἢ
3588 4386 3728 4438 κατὰ
3756 4386 3930 4457 άλλη-

2370 4470 2581 4541 γορίαν,
2612 4470 2644 4541 ἢ
2681 4459 2820 4524 κάτέι
2873 4471 2970 4541 τὴν
3009 4470 3204 4542 ἠθικὴν
3255 4472 3637 4527 διδασκαλίαν·
3701 4474 3843 4527 ἀλλὰ
3870 4477 3933 4528 τὺ

2370 4563 2499 4614 αὺτδ
2537 4562 2801 4623 πολλάκις
2831 4561 3048 4624 πολλοῖς
3085 4562 3181 4615 καὶ
3220 4563 3500 4633 διαφόροις
3537 4564 3756 4633 τρόποις
3787 4564 3929 4630 duo:

2374 4651 2726 4722 ϐληθήσεται,
2758 4652 2853 4705 καὶ
2887 4650 3078 4722 ὥσπερ
3103 4652 3159 4705 ἐν
3187 4652 3445 4723 δένῗροις,
3479 4653 3590 4706 εἴτε
3635 4655 3730 4707 καὶ
3759 4655 3933 4728 σπέρα

3834 4747 3933 4798 καὶ

2370 4834 2479 4903 γὰρ
2510 4835 2568 4885 ἐν
2604 4833 2801 4903 δένδρῳ
2830 4831 2976 4901 ῥίζα,
3013 4833 3106 4885 καὶ
3139 4832 3409 4901 στέλεχος,
3441 4833 3535 4885 καὶ
3585 4834 3799 4896 κλάδος,
3835 4832 3933 4886 καὶ

2375 4924 2580 4994 φλοιὸς,
2616 4926 2707 4977 καὶ
2740 4924 2937 4992 φύλλα,
2962 4924 3058 4976 καὶ
3075 4923 3368 4994 ὲντεριώνη
3395 4940 3409 4954 ·
3445 4924 3537 4976 καὶ
3559 4926 3617 4977 ὲν
3647 4925 3930 4993 σπέρμασι

2371 5017 2526 5089 χλόη,
2558 5018 2655 5072 καὶ
2683 5017 2950 5086 κάλαμος,
2970 5017 3077 5068 ’καὶ
3095 5014 3428 5086 ἀνθερίσκοι,
3460 5018 3552 5068 καὶ
3572 5016 3755 5080 λέπος,
3777 5018 3876 5069 καὶ
3901 5018 3931 5070 ὁ

2373 5108 2583 5178 καρπὸς
2624 5106 2741 5160 ἀνθ’
2771 5107 2888 5171 ἑνὸς
2947 5106 3165 5176 μυρίος,
3218 5106 3359 5159 οὕτω
3400 5109 3493 5161 καὶ
3535 5106 3713 5175 πολλῷ
3765 5108 3930 5161 πλέον

2375 5202 2467 5252 ἐπὶ
2491 5199 2583 5252 τοῦ
2619 5200 2954 5268 Πνεῦματος,
2985 5199 3093 5249 Καὶ
3115 5199 3173 5250 οὐ
3203 5198 3406 5268 μέμαις
3436 5198 3543 5250 τῶν
3570 5197 3926 5267 εὑρεθέντων,

2368 5292 2509 5343 ἀλλὰ
2571 5289 2867 5361 συγγνώμη
2929 5289 3040 5341 τῶν
3112 5290 3597 5361 παρευρεθέντων.·
3663 5289 3760 5359 τῆς
3818 5291 3927 5359 γάρ

2374 5382 2526 5447 ἀξίας
2553 5384 2727 5445 οὐδεὶς
2754 5381 2819 5436 ἂν
2847 5380 3070 5443 δικαίως
3089 5382 3349 5450 ἐφίκοιτο.
3367 5382 3613 5435 Καθόλου
3642 5383 3699 5435 δὲ
3725 5383 3924 5444 εἰπεῖν,

2377 5474 2656 5543 δυνάμεθα
2682 5474 2804 5535 τοὺς
2826 5471 3075 5542 ψαλμοὺς
3114 5474 3538 5543 προσαρμόζειν,
3579 5472 3804 5544 ἐχθροὺς
3828 5470 3923 5524 τοῦ

2684 5642 2727 5673 ³⁸
2757 5643 2901 5697 Psal.
2930 5656 2990 5706 tl,
3024 5640 3070 5694 Ι.
3154 5641 3195 5672 ³⁸
3225 5640 3369 5696 I’sal.
3404 5657 3529 5716 st,
3564 5638 3620 5695 6.

789 5858 902 5938 (ιι)
944 5865 1130 5923 Grece
1180 5862 1538 5935 παρελθόντα,
1569 5862 1858 5930 pra‘terila.
1903 5860 2103 5917 Saulus
2150 5860 2277 5930 legit
2314 5861 2574 5926 παρόντα.
