4090 6324
605 459 676 521 95
1587 431 1590 434 ’
1830 462 2217 522 summu
2259 463 2617 522 Z'GABENI
2833 527 2835 530 ,
3754 463 3822 522 96

608 586 715 623 non
753 583 1054 636 peccemus,
1080 578 1133 622 et
1161 585 1226 622 ne
1261 569 1502 624 sinamus
1532 583 1561 622 a
1588 569 1854 638 passionis
1875 572 2164 626 vehemen-

2292 571 2360 623 τοῦ
2396 571 2602 633 πάθους
2646 570 2864 638 ὀξύτητι
2903 571 3390 641 παρασυρομένους
3425 572 3588 640 ἡμᾶς,
3619 574 3650 642 ἢ
3685 575 3827 644 πέρα

605 663 679 712 tia
715 677 813 714 nos
842 661 1113 728 pertrahi:
1149 675 1216 712 ne
1246 676 1408 730 supra
1441 661 1660 714 modum
1698 662 2032 717 irascamur:
2061 680 2165 718 neu

607 761 808 804 temere
839 751 1070 820 aliquem
1123 752 1474 806 ulciscamur.
1531 753 1732 808 Contra
1783 756 1970 808 vitium
2025 756 2168 810 enim

609 841 770 895 insita
797 841 1204 897 esthominibus
1229 843 1329 896 ira.
1357 841 1489 896 Nam
1521 847 1610 912 qui
1641 845 1891 901 irascitur
1915 856 1973 900 ut
1996 848 2170 902 illatas

609 932 708 984 sibi
743 932 970 996 injurias
1006 931 1302 986 ulciscatur
1332 973 1348 997 ,
1384 935 1639 988 irascitur
1667 976 1684 1002 ,
1708 945 1760 989 et
1782 946 1968 1006 peccat
2016 955 2029 992 :
2077 939 2170 1006 qui

609 1037 738 1077 πετο
772 1029 978 1075 tantum
1007 1022 1286 1089 irascitur,
1330 1032 1386 1077 ut
1415 1024 1642 1079 alterum
1674 1028 1934 1096 corrigat,
1969 1029 2173 1082 irasci-

611 1125 698 1166 tur
720 1114 968 1183 quidem,
1007 1115 1100 1169 sed
1136 1131 1241 1169 non
1297 1129 1526 1186 peccat,
1577 1119 2027 1186 quemadmodum
2073 1132 2174 1174 nec

615 1215 801 1274 peccat
830 1216 1000 1275 pater,
1038 1208 1128 1275 qui
1165 1222 1270 1260 non
1299 1209 1696 1275 obtemperanti
1751 1209 1857 1261 lilio
1893 1209 2168 1265 irascitur.

687 1295 816 1360 Qum
838 1295 1019 1350 dicitis
1046 1299 1097 1349 in
1123 1298 1374 1352 cordibus
1404 1299 1609 1361 vestris,
1630 1300 1682 1351 in
1703 1299 1960 1354 cubilibus
1990 1301 2174 1354 vestris

613 1389 1038 1457 compungirnini.
1081 1389 1245 1460 Perge
1268 1429 1282 1452 ,
1321 1390 1518 1458 inquit,
1557 1389 1609 1443 in
1642 1401 1790 1445 tuum
1841 1391 2016 1446 cubile
2041 1432 2055 1455 ,
2085 1393 2172 1445 ubi

617 1477 850 1530 ruaxima
883 1477 1034 1532 adest
1066 1480 1330 1533 securitas
1359 1494 1374 1532 :
1428 1487 1480 1534 et
1513 1480 1626 1534 illic
1656 1481 1834 1548 amplo
1885 1496 2005 1535 cum
2061 1483 2176 1534 otio

615 1579 676 1617 ae
703 1566 880 1633 quiete
910 1571 1139 1636 toipsum
1169 1571 1404 1640 dijudica
1433 1586 1446 1623 :
1475 1577 1528 1623 et
1565 1570 1920 1638 cogitationes
1945 1571 2175 1637 discute,

615 1671 750 1723 quas
783 1657 1016 1712 habuisti
1053 1675 1147 1728 per
1175 1661 1352 1725 diem,
1391 1671 1554 1716 noctu
1609 1674 1864 1732 przetcrea
1915 1652 2079 1733 atque
2122 1665 2175 1716 in

617 1748 780 1801 cubili
840 1757 932 1803 tuo
980 1759 1037 1803 ut
1080 1750 1187 1803 dixi
1242 1751 1449 1814 doleas,
1486 1762 1538 1806 et
1582 1753 1952 1821 penitentiam
1999 1759 2176 1806 tecum

620 1853 748 1902 agas
774 1839 845 1892 ob
873 1850 1089 1908 peccata
1121 1858 1240 1910 qure
1272 1843 1505 1896 interdiu
1535 1844 1588 1896 in
1615 1844 1796 1896 animo
1823 1849 1918 1895 tuo
1942 1842 2173 1895 revolvi-

2271 660 2367 714 τοῦ
2425 662 2646 730 μετρίου
2685 660 3093 730 θυμουμένους,
3158 663 3563 730 προτρέπεται,
3623 665 3654 732 ἦ
3708 683 3865 739 τινα,

2273 752 2538 822 ἀκαίρως,
2595 753 2626 821 ἢ
2684 753 2941 814 ἀναιτίως
2986 753 3358 820 ἀμυνομένους
3382 769 3395 782 ο
3428 753 3567 804 κατὰ
3601 755 3701 822 τῆς
3731 774 3830 808 κα-

2273 844 2399 906 κίας
2426 842 2531 913 γὰρ
2567 845 2594 894 ὁ
2618 843 2786 911 θυμὸς
2837 841 3145 909 ἀνθρώποις
3172 843 3460 910 ἐφυτεύθη.
3501 844 3560 895 Ὀ
3593 844 3691 912 μὲν
3720 845 3828 912 γὰρ

2275 934 2468 986 ἑαυτὸν
2517 933 2768 997 ἐκδικῶν,
2822 933 3122 1002 ὀργίζεται,
3183 933 3274 984 καὶ
3308 935 3647 1002 ἁμαρτάνειο
3696 937 3724 987 ὁ
3771 936 3828 988 δὲ

2274 1027 2460 1094 ἕτερον
2488 1025 2886 1095 διορθούμενος,
2918 1023 3196 1094 ὀργίζεται
3215 1062 3230 1088 ,
3257 1024 3350 1076 καὶ
3385 1025 3482 1094 οὐχ
3507 1026 3830 1097 ἁμαρτάνει,

2276 1117 2351 1179 ὡς
2387 1116 2569 1185 πατὴρ
2603 1115 2703 1186 υἱῷ
2734 1114 3112 1184 ὀργιζόμενος.

2353 1297 2420 1348 Ἀ
2475 1295 2680 1362 λέγετε
2715 1294 2813 1347 ἐπὶ
2852 1293 2979 1360 ταῖς
3019 1293 3293 1362 καρδίαις
3331 1291 3515 1358 ὑμῶν,
3574 1293 3671 1346 ἐ.τὲ
3708 1292 3836 1356 ταῖς

2279 1389 2508 1452 κοίταις
2534 1387 2698 1454 ὑμῶν
2727 1388 3117 1458 κατανύγητε.
3152 1386 3276 1437 Ἐπὶ
3305 1386 3403 1454 τὴν
3435 1385 3835 1467 κοίτηνίόντες,

2281 1482 2337 1531 ἐν
2452 1479 2640 1547 καιρὸς
2674 1467 2858 1539 ἁδείας
2890 1477 3058 1540 ἐστὶν,
3097 1477 3419 1546 ἀνακρίνετε
3453 1477 3591 1528 κατὰ
3641 1477 3841 1544 σχολὴν

2281 1570 2505 1630 ἑαυτοὺς
2542 1570 2668 1637 περὶ
2715 1568 2822 1620 τῶν
2879 1567 3154 1637 ἡμερινῶν
3204 1568 3627 1638 ἐνθυμημάτων,
3658 1570 3748 1621 καὶ
3807 1570 3844 1622 ἃ

2281 1659 2618 1729 πλημμελῶς
2678 1661 2736 1712 ἐν
2787 1660 2974 1730 ἡμέρα
3026 1659 3420 1726 διαλογίζεσθε,
3475 1661 3567 1711 ἐπὶ
3627 1659 3844 1721 τούτοις

2285 1750 2677 1820 μεταμέλεσθε,
2735 1751 2829 1801 ἐπὶ
2885 1752 2976 1802 τὸν
3023 1751 3121 1819 τῆς
3173 1752 3359 1820 κοίτης
3413 1751 3626 1819 χρόνον,
3682 1750 3843 1804 Οὕτω

2282 1843 2438 1907 κάγὼ
2466 1842 2655 1905 ποιῶν,
2704 1841 2993 1908 εὐοδοῦμαι
3016 1881 3030 1905 ,
3063 1843 3156 1894 καὶ
3192 1844 3358 1912 πείρα
3391 1842 3502 1912 (‘25)
3528 1844 3626 1912 τὴν
3658 1843 3842 1894 tvvs-3-

621 1931 710 1982 sti.
755 1907 882 1982 Mihi
910 1932 1077 1996 enim,
1107 1907 1300 2002 inquit,
1342 1935 1529 1988 beatus
1565 1933 1728 1986 David
1757 1973 1772 1996 ,
1804 1933 1884 1987 sic
1919 1932 2135 1985 lacieuti
2162 1972 2180 1996 ,

2292 1934 2376 1987 θεν
2435 1933 2703 2000 ὠφέλειαν
2757 1933 2965 2003 μαθὼν,
3025 1933 3181 1986 τοῦτο
3237 1938 3409 1986 ποιεῖν
3461 1934 3712 2003 παραινῶ
3747 1936 3852 1986 καὶ

623 2025 680 2068 ιιι
728 2027 779 2069 te
814 2034 1046 2084 moueo,
1077 2037 1332 2089 prospere
1379 2031 1576 2076 cuncta
1628 2022 1950 2077 succedunt.
2015 2020 2181 2075 Sume

621 2107 804 2176 itaque
830 2121 885 2165 et
918 2120 974 2165 tu
1004 2114 1430 2181 experimentum
1463 2155 1479 2180 ,
1523 2131 1645 2169 cum
1696 2131 1759 2168 ex
1801 2129 1885 2168 me
1927 2113 2184 2167 didiceris

621 2200 934 2265 lmjusmodi
962 2202 1250 2258 utilitatem
1285 2192 1585 2275 percipere.
1628 2204 1739 2259 lloc
1791 2205 1932 2258 enim
1982 2204 2079 2257 tibi
2127 2211 2189 2257 ut

624 2291 792 2348 I'acias
822 2295 1042 2349 suadeo.
1074 2281 1226 2360 Quod
1260 2297 1304 2350 si
1338 2310 1395 2350 ut
1423 2299 1679 2365 propheta
1703 2295 1906 2354 indicat
1939 2336 1952 2360 ,
1980 2297 2188 2365 cogita-

620 2385 826 2438 tionum
867 2401 1053 2454 poenas
1086 2387 1262 2442 daturi
1296 2403 1508 2453 sumus,
1537 2397 1744 2457 quanto
1776 2389 1948 2456 magis
1981 2403 2180 2456 opera-

621 2475 830 2529 tinnnm
854 2474 877 2530 ?
902 2476 1193 2532 Considera
1220 2479 1380 2532 etiam
1411 2480 1685 2549 quomodo
1716 2488 1823 2532 tam
1853 2478 1917 2532 ad
1953 2493 2181 2546 prteser-

2289 2028 2441 2096 ὐμῖν.
2505 2027 2566 2078 El
2613 2025 2669 2076 δὲ
2719 2027 2817 2084 τὰς
2852 2025 3177 2093 ἐνθυμήσεις
3225 2025 3305 2077 δεῖ
3332 2025 3600 2086 κολάζειν,
3664 2026 3854 2096 πολλῷ

2294 2117 2495 2187 μᾶλλον
2545 2117 2643 2178 τὰς
2677 2103 2924 2184 πράξεις.
2966 2098 3115 2184 Ὀρα
3165 2115 3242 2180 δὲ,
3283 2117 3390 2178 πῶς
3438 2118 3529 2167 καὶ
3567 2117 3855 2185 πρτφυλα-

2291 2207 2499 2268 κτικοῖς
2545 2205 2635 2256 καὶ
2685 2203 3052 2271 διορθωτικοῖς
3089 2204 3360 2270 ἐχρήσατο
3391 2203 3739 2271 φαρμάκοιςο
3789 2203 3860 2254 τὸ

2293 2297 2393 2366 μὲν
2417 2298 2547 2365 γὰρ,
2585 2294 2937 2363 Ὀργίζεσοε,
2958 2293 3050 2347 καὶ
3061 2294 3146 2362 μὴ
3168 2288 3551 2361 ἁμαρτάνετε,
3570 2293 3822 2362 προφυλα.
3841 2323 3858 2333 ο

2289 2386 2509 2438 κτικόν·
2562 2384 2622 2436 τὸ
2645 2385 2725 2447 δὲ,
2759 2385 2828 2436 Ἀ
2864 2383 3072 2451 ,λέγετε
3093 2383 3161 2435 ἐν
3195 2382 3324 2447 ταῖς
3360 2380 3631 2448 καρδίαις
3658 2380 3861 2450 ὑμῶν,

2286 2475 2385 2529 ἐπὶ
2415 2475 2546 2540 ταῖς
2583 2476 2815 2539 κοίταις
2853 2473 3019 2541 ὑμῶν
3047 2475 3443 2541 κατανύγητε,
3474 2473 3858 2540 διορθωτικὸν.

622 2562 854 2617 randum
913 2579 940 2618 a
982 2567 1236 2634 peccatis,
1277 2583 1435 2636 quam
1482 2571 1548 2623 ad
1591 2567 1965 2637 castigandum
2001 2577 2362 2637 peccatorem.
2398 2567 2696 2637 aptissimis
2747 2566 3015 2635 Propheta
3054 2581 3184 2619 usus
3238 2567 3306 2619 sit
3349 2564 3671 2632 pharmai-is.
3711 2563 3859 2617 Nam

622 2657 764 2724 quod
796 2656 893 2724 ait,
921 2658 1220 2712 Irascimini
1244 2668 1292 2713 et
1327 2661 1488 2715 nolite
1513 2679 1750 2730 peccare,
1779 2660 2014 2716 custodit
2049 2670 2102 2716 et
2129 2667 2420 2729 prteservat
2449 2675 2478 2714 a
2511 2670 2733 2729 peccato
2759 2675 2774 2712 :
2800 2668 2853 2713 et
2882 2658 2927 2713 si
2969 2658 3214 2711 fortassis
3251 2657 3302 2708 in
3338 2658 3681 2726 peccataquis
3709 2657 3860 2721 inci-

622 2747 784 2812 derit,
826 2748 1064 2806 vicissim
1097 2752 1326 2823 castigat
1369 2766 1421 2810 et
1474 2755 1720 2825 corrigit,
1761 2755 1892 2809 dum
1933 2753 2006 2806 ait
2039 2770 2054 2805 :
2109 2752 2237 2816 Quae
2283 2752 2459 2806 dicitis
2491 2755 2545 2805 in
2595 2751 2838 2806 cordibus
2873 2751 3076 2814 vestris,
3107 2752 3161 2804 in
3199 2749 3456 2803 cubilibus
3496 2751 3678 2803 vestris
3705 2762 3862 2800 com‘
3938 2800 3941 2801 ,

621 2842 932 2908 pimgimiui.

695 2931 862 2989 Vsus.
887 2934 938 2989 6.
972 2933 1282 3004 Sacrificate
1309 2937 1629 3006 sacriﬁcium
1650 2937 1899 3006 justitiaz,
1922 2947 1970 2992 et
1992 2945 2198 3006 sperate

622 3028 677 3080 in
713 3026 951 3080 Domino.
977 3024 1253 3080 Justitiam
1287 3038 1520 3084 vestram
1559 3031 1717 3100 quasi
1747 3029 1981 3084 fructum
2011 3047 2194 3100 quem-

556 3135 558 3137 ‘
623 3120 747 3173 dam
779 3118 912 3182 Deo,
941 3118 1140 3188 inquit,
1182 3119 1394 3184 ollerte,
1427 3122 1701 3185 nemiuem
1732 3121 1929 3188 iniuria
1961 3121 2194 3176 allicien-

623 3221 746 3268 tes:
786 3219 840 3267 et
872 3214 1131 3268 auxilium
1163 3230 1194 3270 a
1227 3214 1336 3270 Deo
1381 3224 1694 3284 exspectate
1719 3257 1734 3281 ,
1769 3217 1860 3286 qui
1909 3217 2187 3287 Oppressis

2369 2939 2603 2992 Θύσατε
2628 2937 2851 2991 θυσίαν
2876 2934 3288 3000 δικαιοσύνης,
3319 2933 3417 2986 καὶ
3441 2935 3728 2987 ἐλπίσατε
3752 2931 3864 2984 ἐπι

2295 3032 2528 3098 Κύριον.
2554 3029 3025 3100 Καρποφορήσατε
3059 3026 3218 3096 μόνον
3248 3025 3594 3092 δικαιοσύνην
3613 3023 3690 3094 τῷ
3711 3023 3862 3092 Θεῷ,

2277 3121 2605 3181 ἀδικοῦντες
2635 3119 2862 3189 μηδένα,
2901 3119 2994 3171 καὶ
3025 3115 3392 3186 ἀπεκδέχεσθε
3442 3115 3542 3186 τὴν
3582 3117 3734 3184 παρὰ
3758 3115 3865 3168 τοῦ

2293 3211 2427 3264 Θεοῦ
2455 3210 2734 3281 βοήθειαν,
2759 3209 2818 3270 ὃς
2839 3212 2952 3271 τοῖς
2975 3207 3440 3279 ὲπηρεαζομένοις
3466 3205 3700 3275 μάλιστα
3727 3222 3872 3275 συμ.

626 3304 967 3373 potissimum
1025 3306 1229 3359 auxilio
1287 3323 1410 3361 esse
1475 3307 1633 3363 solet.
1696 3308 2182 3364 Conversationem

2298 3304 2482 3372 μαχεῖ.
2524 3299 2932 3372 Προδιαγράφει
2968 3301 3062 3352 καὶ
3110 3299 3210 3370 τὴν
3259 3296 3726 3366 ἐκκλησιαστικὴν
3758 3313 3869 3349 πο-

629 3407 888 3466 ρταξιετεσ
917 3411 979 3449 ac
1008 3397 1168 3450 vitam
1198 3397 1392 3453 futura:
1415 3397 1670 3454 Ecclesiae
1694 3400 2042 3469 praenuntiat,
2071 3416 2192 3470 quae

626 3473 745 3540 vice
783 3479 1117 3552 animalium,
1140 3490 1421 3560 spirituale
1443 3491 1704 3545 virtutqu
1733 3493 2062 3547 sacrilicium
2085 3487 2192 3548 Deo

630 3584 746 3627 erat
783 3574 1050 3632 oblatura.
1079 3576 1356 3632 Justitiam
1384 3580 1529 3635 enim
1558 3581 1645 3635 hic
1678 3596 1783 3635 non
1807 3583 2192 3650 particularem

630 3667 883 3722 virtutem
910 3707 926 3734 ,
964 3668 1057 3724 sed
1096 3670 1420 3725 Peueraliter
1440 3687 1540 3742 pro
1588 3673 1738 3728 omni
1791 3675 1996 3729 virtute
2035 3675 2191 3731 intel-

634 3757 774 3826 ligit.

702 3846 864 3900 Multi
878 3847 1058 3902 dicunt
1083 3865 1102 3903 .'
1128 3849 1258 3916 Quis
1285 3853 1518 3908 ostendet
1551 3854 1699 3910 nobis
1731 3854 1867 3909 bona
1888 3857 1916 3910 ?
1944 3856 2076 3912 Cum
2110 3857 2194 3912 sui

637 3937 885 4004 exemplo
946 3940 1292 3995 admonuerit
1349 3950 1514 4013 atque
1575 3946 1896 4001 exhortatus
1957 3946 2030 4002 sit
2095 3962 2198 4002 nos

641 4025 930 4096 Propheta,
957 4039 1016 4083 ut
1064 4032 1117 4084 in
1149 4035 1526 4102 superioribus
1566 4037 1818 4098 vidimus,
1858 4037 2020 4104 modo
2045 4039 2197 4105 obje-

640 4118 877 4173 ctionem
925 4123 1216 4189 quamdam
1265 4140 1293 4177 a
1333 4125 1772 4194 pusillaminibus
1813 4127 1927 4182 lleri
1983 4130 2197 4184 solitam

643 4212 887 4277 apponit.
920 4211 1148 4277 Quidam
1189 4218 1358 4280 enim,
1387 4217 1584 4286 inquit.
1611 4232 1733 4272 cum
1770 4218 1824 4272 iu
1864 4219 2200 4276 calamitates

640 4300 960 4366 inciderint,-
1008 4319 1150 4371 :egre
1200 4305 1458 4369 ferentes,
1509 4309 1694 4362 statim
1746 4310 2058 4380 desperant,
2099 4329 2201 4366 nec

643 4393 874 4450 credunt
907 4394 1074 4450 Deum
1101 4395 1268 4468 prope
1293 4414 1415 4454 esse
1453 4399 1833 4456 invocantibus
1861 4418 2006 4460 eum.
2033 4403 2203 4468 Quin-

642 4488 754 4540 imo
806 4483 963 4541 omni
1032 4503 1130 4557 spe
1189 4491 1456 4556 destituti,
1511 4493 1636 4546 talia
1705 4494 1870 4547 etiam
1919 4493 2203 4548 eﬂ‘undunt

642 4581 806 4634 verba
839 4597 853 4633 :
890 4578 1024 4645 Quis
1053 4582 1274 4648 adiutor
1297 4583 1558 4654 deinceps
1586 4585 1689 4638 erit
1722 4585 1918 4638 nobis?
1940 4585 2097 4654 quasi
2121 4585 2200 4638 di-

2294 3395 2523 3460 λιτεῑαν,
2573 3392 2959 3463 πνευματικῶς
3011 3391 3160 3444 θύειν
3196 3389 3496 3459 μέλλουσαν
3544 3389 3664 3441 ἀντὶ
3701 3387 3868 3450 ζώων

2293 3485 2392 3547 τὰς
2445 3485 2685 3555 ἀρετάς·
2741 3484 2857 3551 είγε
2909 3484 3258 3550 δικαιοσύνην
3309 3481 3409 3534 οὐκ
3464 3479 3670 3544 ἰδικῶς,
3716 3479 3870 3536 ἀλλὰ

2295 3577 2524 3632 καθόλου
2554 3579 2660 3669 τὴν
2691 3577 2891 3648 ἀρετὴν
2925 3576 3104 3660 πᾷσαν
3131 3571 3548 3669 ὕποληψόμεθα,

2370 3844 2594 3900 Πολλοὶ
2621 3845 2870 3915 λέγουσι
2891 3860 2906 3876 ο
2960 3845 3054 3908 Τίς
3094 3843 3282 3906 δείξει
3328 3840 3473 3910 ἡμῖν
3518 3839 3590 3894 τὰ
3621 3841 3811 3908 ἀγαοὰ
3844 3858 3869 3905 ;

2300 3935 2677 4006 Προσαγαγὼν
2709 3935 2810 4006 τὴν
2854 3937 3179 4004 παραίνεσιν
3211 3931 3318 3985 ἀπὸ
3348 3931 3443 3984 τοῦ
3497 3932 3617 3986 καθ’
3668 3932 3869 3985 ἑαυτὸν

2302 4029 2726 4098 ὑποδείγματυς,
2768 4027 2980 4096 τίθησιν
3027 4025 3302 4079 ἀντίθεσίν
3335 4042 3458 4079 τινα
3504 4024 3614 4078 τῶν
3672 4041 3871 4093 μικρο-

2299 4124 2508 4194 ψύχων.
2538 4123 2691 4185 Τινὲς
2723 4123 2850 4193 γὰρ,
2886 4121 3070 4190 φησὶν,
3099 4122 3226 4173 ὅταν
3263 4118 3704 4190 προσομιλήσωσι
3739 4135 3870 4170 πει-

2305 4217 2534 4285 ρασμοῖς
2555 4256 2572 4280 ,
2623 4213 3066 4284 βαρυθυμοῦντες
3089 4251 3105 4274 ,
3154 4209 3594 4290 ἀπογινώσκομσι
3621 4250 3636 4272 ,
3667 4209 3760 4262 καὶ
3797 4209 3868 4261 οὗ

2301 4305 2651 4364 πιστεύουσιν
2704 4304 2778 4366 ὼς
2804 4303 2970 4372 ἔγγὺς
3004 4303 3208 4372 Κύριος
3245 4305 3356 4365 τοῖς
3412 4299 3869 4368 ἐπικαλουμένοις

2304 4397 2489 4457 αὑτὸν,
2549 4393 2685 4448 ἀλλά
2744 4393 2998 4461 λέγουσι·
3053 4392 3150 4457 Τίς
3195 4377 3453 4466 βοηθήσει
3503 4393 3666 4460 ἡμῖν,
3725 4389 3870 4460 ὅπερ

2303 4487 2537 4557 ἐσχάτης
2562 4485 2925 4553 ἀπογνώσεως
2960 4485 3040 4546 ὃν,
3097 4485 3279 4537 δίδωσι
3335 4486 3498 4548 νοεῖν,
3534 4483 3607 4546 ὡς
3665 4481 3870 4544 οὐδείς.

2305 4578 2375 4630 Ἦ
2400 4577 2494 4628 καὶ
2528 4576 2653 4644 περὶ
2677 4573 2787 4626 τῶν
2811 4574 3155 4642 φιλοσάρκων
3185 4575 3212 4626 6
3237 4573 3413 4640 λόγος,
3435 4573 3630 4634 οἵτινες
3659 4571 3872 4637 ἀγαθὸν

641 4681 792 4736 cant,
813 4671 1019 4730 Nullus.
1045 4663 1174 4737 Qua:
1191 4675 1352 4727 verba
1369 4677 1859 4729 extremmomnino
1876 4676 2187 4742 desperatio

2311 4668 2605 4740 ἡγούμενοι
2625 4666 2724 4738 τὴν
2753 4666 2940 4720 ἄνεσιν
2961 4668 3054 4718 καὶ
3077 4666 3312 4736 τρυφὴν,
3328 4665 3499 4719 ταῦτα
3533 4665 3669 4734 μόνα
3699 4681 3869 4731 μετα-

573 4787 578 4793 ·
637 4763 728 4815 nis
757 4771 904 4816 sunt.
931 4760 1021 4818 Vel
1051 4764 1231 4830 aliter,
1308 4766 1377 4819 de
1419 4768 1486 4821 iis
1533 4767 1845 4820 hominibus
1889 4782 2068 4820 sermo
2092 4776 2201 4831 est,

642 4853 736 4921 qui
783 4854 968 4910 carnis
999 4867 1304 4924 sequuntur
1342 4857 1612 4911 desideria
1644 4876 1657 4912 :
1690 4859 1782 4924 qui
1839 4873 1959 4912 cum
1995 4858 2049 4911 in
2085 4859 2200 4912 otio

642 4953 806 5012 atque
853 4945 907 4998 in
949 4946 1159 5002 deliciis
1194 4963 1468 5002 summum
1511 4950 1712 5002 bonum
1749 4951 2062 5018 posuerint,
2107 4966 2202 5004 cas

2309 4759 2585 4823 διώκουσι,
2648 4757 2866 4828 σφόδρα
2918 4755 3205 4826 μισοῦντες
3239 4755 3335 4819 τὰς
3366 4751 3756 4813 κακοπαθείας.
3805 4750 3870 4802 αἶ

2309 4852 2430 4904 κατ’
2459 4851 2770 4918 οἰκονομίαν
2802 4849 3118 4917 ἐπάγονται.
3149 4848 3223 4901 Τὸ
3247 4849 3322 4911 δὲ,
3354 4847 3451 4912 Τίς
3488 4844 3670 4908 δείξει
3699 4841 3870 4911 ήμῖνς

2307 4945 2487 5015 ψυχῆς
2515 4945 2734 5014 νοητέον
2755 4943 3088 5015 ὀρεγομένης
3113 4944 3374 5005 διακαῶς.

644 5034 776 5086 totis
810 5037 945 5088 velis
974 5037 1339 5104 insequuntur
1373 5055 1387 5092 :
1421 5038 1743 5094 alllictiones
1786 5055 1913 5092 vero
1967 5056 2088 5110 qua-
2150 5038 2331 5092 divina
2377 5036 2786 5104 dispensatione
2836 5035 2996 5090 nobis
3073 5034 3440 5088 immittuntur
3512 5032 3666 5085 valde
3735 5029 3867 5085 ode-

635 5127 902 5183 runt.l‘er
926 5128 1015 5182 illa
1036 5129 1198 5182 etiam
1222 5131 1408 5193 verba,
1439 5130 1570 5195 Quis
1609 5129 1840 5184 ostendet
1871 5131 2018 5184 nobis
2052 5131 2225 5185 bona?
2264 5133 2460 5185 animae
2486 5129 2726 5184 ardentis
2745 5137 2906 5198 atque
2931 5127 3226 5191 immodice
3256 5127 3560 5196 appetentis
3616 5123 3869 5179 allectqu

637 5219 876 5288 iutellige
901 5219 1290 5275 demonstrari.

710 5311 874 5366 Vens.
909 5313 958 5366 7.
986 5311 1259 5383 Signatum
1291 5324 1542 5383 estsuper
1566 5333 1657 5368 nos
1696 5317 1867 5369 lumen
1903 5318 2072 5372 rullus
2101 5319 2200 5382 tui,

640 5404 878 5458 Domine.
930 5406 1127 5460 Verum
1177 5424 1299 5478 ego,
1362 5409 1558 5472 inquit,
1605 5409 1763 5478 longe
1813 5410 1969 5462 aliter
2003 5411 2202 5462 sentio.

645 5495 706 5549 lu
786 5512 870 5550 tne
941 5499 1085 5550 enim
1162 5501 1432 5568 signatura
1482 5513 1565 5552 est
1635 5500 1816 5554 lumen
1914 5501 2206 5568 protectio-

645 5586 732 5639 tzis
774 5594 930 5641 tuae:
978 5603 1140 5656 quam
1196 5589 1395 5652 lucem,
1447 5589 1591 5642 illam
1637 5605 1758 5643 esse
1796 5589 2204 5658 intelligendum

2404 5310 2747 5379 Εσημειώθη
2803 5310 2895 5376 ἐφ’
2927 5307 3082 5376 ἡμᾶς
3120 5308 3185 5360 τὸ
3237 5307 3363 5377 φῶς
3408 5305 3512 5359 τοῦ
3545 5303 3870 5372 προσώπου

2312 5421 2450 5464 σου,
2482 5405 2676 5484 Κύριε.
2700 5401 2844 5454 Ἀλλ’
2871 5400 2980 5468 ἐγὼ
3018 5403 3114 5471 οὐχ
3159 5400 3331 5462 οὕτως
3362 5398 3490 5466 ἔχω,
3522 5398 3618 5448 καὶ
3647 5397 3753 5464 γὰρ
3785 5398 3872 5445 ὲν-

2314 5494 2598 5566 εσημάνθη
2632 5513 2721 5566 μοι
2752 5497 2783 5566 ἡ
2808 5495 3090 5566 ἀντίληψις
3114 5495 3212 5561 τῆς
3243 5495 3342 5561 σῆς
3372 5489 3710 5558 Antenori,"
3741 5487 3892 5542 tati-“

2313 5607 2413 5658 την
2442 5587 2548 5658 γὰρ
2575 5588 2688 5656 φῶς
2717 5586 3074 5658 ὑποληπτέον,
3116 5585 3192 5646 ὡς
3233 5583 3557 5637 διαλύουσαν
3587 5580 3647 5632 τδ
3680 5578 3869 5641 σκότος

1998 5700 2202 5760 Variae
2237 5701 2567 5762 Iccliones.

719 5799 832 5874 (25)
863 5799 1171 5874 Griecorum
1201 5801 1489 5856 verborum
1533 5818 1727 5858 sensus
1750 5811 1830 5858 est
1866 5820 1879 5856 :
1919 5802 2082 5874 .ltque
2109 5804 2428 5872 experientia
2486 5821 2600 5857 cum
2645 5814 2841 5874 q'anta
2879 5806 2944 5860 sit
3005 5804 3206 5858 utilitas
3248 5799 3544 5864 (lltllt‘t‘t'ltlt,
3614 5794 3745 5848 idem
3815 5803 3870 5848 ut

643 5879 692 5920 ct
730 5872 827 5938 ipsi
860 5871 1072 5939 faciatis
1106 5871 1308 5924 hortor.
