4090 6324
301 380 381 442 9']
1502 371 1648 433 COM
1660 369 1894 429 MENT.
1925 367 2009 427 ΙΝ
2045 369 2405 432 PSALMOS.
3473 375 3545 440 93

305 490 412 558 τῆς
445 487 718 556 ἀθυμίας.
777 488 870 541 καὶ
901 487 1089 558 ὥσπερ
1133 485 1558 558 ἐγχαραχοεϊσα,
1599 479 1874 549 γνώριμον

1982 489 2084 542 est,
2115 496 2235 551 qua:
2283 481 2540 536 mmroris
2583 483 2838 538 tenebras
2878 484 3130 541 dissolvit
3161 504 3176 546 :
3213 503 3440 558 quaeque
3481 493 3538 544 in

309 597 385 649 με
426 581 523 634 καὶ
549 582 659 642 τοῖς
691 580 882 651 πὸρῤω
913 579 1202 649 πεποίηκε.
1233 578 1390 641 Τινὲς
1418 576 1473 629 δέ
1501 590 1635 642 φασι
1667 586 1880 639 προφη-

297 671 467 732 τείας
498 664 639 722 εἶναι
666 671 727 723 τὺ
755 671 917 740 ῥητὸν
954 671 1086 740 περὶ
1110 670 1219 722 τῶν
1253 665 1619 740 Χριστιανῶν,
1648 657 1729 724 οἷς
1757 663 1878 728 ἐσηο

310 762 550 833 μειὼθη,
578 764 878 829 τουτέστιν,
903 763 1061 831 ἐτέθη
1098 759 1385 831 γνώρισμα
1413 762 1441 811 ὁ
1467 755 1698 826 Χριστὸς
1718 791 1733 811 ο
1758 750 1886 818 κλη-

306 851 454 906 οεῑσι
517 855 886 922 Χριστιανοῖς,
939 856 996 917 ὃς
1030 855 1144 906 ἐστι
1193 851 1306 921 φῶς
1341 850 1432 904 τοῦ
1474 845 1707 916 Πατρός.
1746 842 1879 893 Συν-

306 946 471 1010 έταξε
507 947 564 1000 δὲ
589 947 802 1009 τούτοις
851 950 880 1000 ὁ
928 949 1222 1016 Προφήτης
1273 943 1490 1004 ἑαυτὸν,
1521 941 1609 993 διὰ
1635 939 1735 990 τὶεν
1773 931 1882 985 τῶν

301 1040 524 1109 ἀρετῶν
560 1040 882 1109 συγγένειάν
915 1058 974 1093 τε
1002 1041 1093 1093 καὶ
1119 1037 1451 1107 οἰκειότητα.

1982 589 2068 627 me
2101 573 2336 644 quodam
2373 575 2533 630 modo
2566 577 2854 647 insculpta,
2909 591 3095 634 notum
3141 597 3224 637 me
3292 584 3546 640 omnibus

1984 679 2047 720 ac
2095 671 2458 737 conspicuum
2497 668 2650 735 facit,
2694 671 2780 725 his
2814 673 2976 726 etiam
3018 675 3109 742 qui
3156 677 3345 744 procul
3393 686 3542 730 sunt.

1983 757 2216 822 Quidam
2254 759 2408 813 aiunt
2453 763 2719 817 contineri
2765 763 2849 818 his
2881 765 3060 819 verbis
3107 767 3444 836 prophetiam
3478 768 3546 823 de

1983 848 2328 915 Christianis,
2374 853 2572 920 quibus
2617 869 2712 923 per
2741 856 2844 909 hoc
2878 873 3094 922 nomen,
3140 874 3248 927 quo
3272 858 3544 914 Christia-

1985 939 2041 992 ni
2090 943 2454 1011 appellantur,
2502 947 2713 1012 signum
2761 957 2926 1016 atque
2972 949 3230 1003 iudicium
3268 953 3543 1020 quoddam

1996 1030 2310 1097 impositum
2351 1045 2456 1099 cst,
2488 1034 2739 1090 Christus
2781 1038 3059 1102 nimirum,
3094 1041 3184 1107 qui
3229 1039 3407 1096 Patris
3454 1041 3546 1096 lux

302 1142 415 1186 est.
472 1133 493 1205 [
522 1134 620 1190 Per
651 1135 930 1204 Christum
956 1129 1106 1189 enim
1135 1135 1352 1188 Patrem
1381 1132 1700 1202 agnovimus
1729 1143 1746 1185 :
1772 1126 1876 1193 Qui
1912 1125 2047 1179 enim
2073 1128 2201 1179 vidit
2227 1145 2324 1193 me,
2356 1130 2553 1199 inquit,
2585 1133 2710 1186 vidit
2737 1143 2787 1186 et
2815 1134 3027 1192 Patrem
3088 1151 3258 1190 meum
3288 1137 3372 1204 ἰς
3450 1137 3544 1208 qui

302 1224 480 1279 etiam
506 1228 789 1282 character
812 1237 865 1280 et
895 1225 1071 1280 forma
1111 1226 1309 1291 Patris,
1373 1227 1442 1278 ab
1498 1222 1758 1294 Apostolo
1822 1218 2240 1286 cognominatur
2269 1221 2365 1293 ".]
2407 1220 2704 1292 Coujunxit
2752 1235 2932 1281 autem
2989 1228 3226 1298 seipsum
3277 1226 3544 1298 PrOpheta

299 1316 746 1382 Christianis,ob
767 1319 1147 1387 cognationem
1171 1316 1460 1387 quamdam
1485 1330 1549 1368 ac
1577 1308 1999 1366 familiaritatem
2033 1308 2318 1364 virtutum.
2724 1325 2728 1328 ‘

382 1408 654 1474 Ἐδωκας
677 1410 1071 1478 εὐφροσύνην
1094 1412 1191 1478 εἷς,
1215 1408 1331 1475 τὴν
1353 1405 1606 1474 καρδίαν
1630 1420 1771 1474 μου.
1806 1399 1877 1455 Ἦ

2055 1399 2266 1455 Dedisti
2308 1401 2556 1459 lwtitiam
2585 1408 2639 1461 in
2671 1408 2824 1463 corde
2853 1427 2985 1464 meo.
3024 1411 3115 1465 Vel
3157 1422 3376 1484 propter
3405 1431 3542 1486 prae-

297 1500 405 1553 διὰ
430 1503 532 1568 τὴν
561 1502 866 1572 ἀντίληψιν,
916 1502 1014 1573 τὴν
1057 1501 1413 1571 δηλωθεῖσαν,
1443 1499 1478 1571 ἦ
1530 1498 1619 1551 διὰ
1645 1496 1744 1567 τὴν
1772 1492 1877 1546 ἀπὸ

1982 1489 2190 1545 dictum
2217 1493 2506 1560 auxilium,
2559 1498 2640 1554 vel
2668 1499 2738 1554 ob
2767 1500 3268 1559 denominationem
3301 1506 3542 1562 ﬁdelium

297 1593 410 1646 τοῦ
441 1593 678 1663 Χριστοῦ
709 1595 900 1663 κλῆσιν
923 1593 1033 1646 τῶν
1060 1592 1321 1646 εὐσεϐῶν.

384 1685 536 1739 Ἀπὸ
585 1685 819 1753 καρποῦ
863 1685 1065 1750 σίτου,
1111 1684 1282 1738 οἴνου
1311 1682 1408 1736 καὶ
1442 1681 1650 1765 ἐλαίου
1684 1676 1882 1732 αὐτῶν

300 1780 809 1846 ἐπληθύνθησαν.
844 1778 981 1848 Περὶ
1007 1779 1115 1830 τῶν
1144 1776 1488 1845 φιλοσάρκων
1517 1764 1664 1839 λέγει
1694 1771 1878 1837 πάλιν,

299 1871 402 1924 ὅτι
453 1872 562 1923 Καὶ
583 1870 652 1922 τά
683 1871 843 1940 γήϊνα
886 1868 1174 1939 φρονοῦσιν
1217 1868 1400 1928 αὐτοῖς
1430 1863 1667 1932 δαψιλῶς
1702 1861 1882 1915 πάντα

300 1965 576 2033 χορηγεῖς
605 1961 711 2014 ὑπὸ
737 1962 836 2032 τῆς
873 1960 1013 2029 ἄγαν
1067 1957 1481 2028 φιλανθρωπίας
1505 1973 1519 1987 ⁸
1555 1954 1884 2026 ἀπαριθμεῖ-

300 2073 413 2108 ται
447 2056 556 2124 γάρ
587 2055 671 2108 ὅτι
705 2054 814 2108 ἀπὸ
841 2052 1058 2124 καρποῦ
1089 2051 1238 2105 σίτου
1258 2088 1275 2116 ,
1333 2048 1479 2103 οἴνου
1528 2049 1626 2102 καὶ
1675 2048 1880 2113 ἐλαίου,

299 2148 755 2219 ὲπληθύνθησαν,
772 2147 1055 2200 τουτέστιν
1086 2144 1521 2215 ἐνεπλήσθησαν,
1540 2132 1742 2212 δηλαδὴ
1771 2141 1881 2194 τῶν

299 2236 836 2308 ἁπαριθμηθέντων,
873 2236 944 2289 δι’
976 2229 1052 2290 ὧν
1092 2235 1522 2305 ἀναγκαιότερον
1551 2233 1646 2287 καὶ
1674 2232 1722 2284 τ’
1747 2230 1881 2285 ἄλλα

296 2331 428 2383 τῶν
456 2329 760 2400 βρωμάτων
784 2327 898 2397 εῐδη
936 2325 1391 2396 συμπεριέλασεν.
1730 2321 1741 2332 ’

402 2507 500 2558 Ἑν
545 2505 752 2572 εἰρήνῃ
803 2503 903 2557 ἐπὶ
953 2503 1019 2556 τὸ
1073 2502 1218 2573 αὐτό
1271 2504 1733 2572 κοιμηθήσομαι,
1782 2504 1879 2556 καὶ

301 2593 603 2650 ὑπνώσω.
621 2594 762 2656 Τοὺς
786 2592 1143 2665 ,δνοχλοῦντάς
1178 2610 1268 2663 μοι
1297 2593 1495 2660 φόϐους
1521 2592 1880 2660 άποοέμενος,

299 2685 617 2755 ἀταράχως
645 2685 1078 2756 κοιμηθὴσομαι,
1113 2683 1208 2741 καὶ
1235 2684 1296 2736 οὐ
1341 2682 1500 2736 τοῦτο
1533 2681 1711 2751 μόνον,
1743 2683 1882 2738 ἀλλὰ

303 2777 420 2828 καὶ
453 2776 612 2843 μέχρι
636 2775 820 2845 κόρου.
846 2775 919 2826 Τὸ
943 2774 1041 2844 μὲν
1067 2775 1197 2844 γάρ,
1233 2773 1331 2826 ἐπὶ
1361 2773 1428 2828 τὸ
1447 2772 1614 2838 αὐτὸ,
1635 2772 1882 2842 βούλεται

299 2868 385 2918 τὸ
422 2869 540 2935 ἃμα
563 2865 779 2936 δηλοῦν,
813 2866 896 2918 ὅτι
931 2867 1038 2919 Καὶ
1055 2867 1219 2932 ἄμφω
1239 2863 1408 2917 ταῦτα
1423 2865 1654 2934 ποιήσω.
1690 2864 1763 2916 Τὸ
1791 2864 1870 2930 δὲ,

301 2959 602 3022 ὐπγώσω,
653 2958 755 3029 τῆς
795 2955 1168 3020 κατακλίσεώς
1211 2957 1360 3008 ἐστιν
1381 2940 1755 3017 ἐπίτασις.”Ὴ
1784 2959 1880 3010 καὶ

297 3048 660 3118 προφητεύει
687 3049 815 3119 περὶ
843 3049 944 3118 τῆς
972 3048 1166 3102 ἑαυτοῦ
1198 3047 1476 3117 τελευτῆς,
1524 3048 1599 3112 ὡς
1616 3050 1720 3102 οὐκ
1747 3051 1883 3103 ἀπο-

1985 1597 2014 1635 a
2044 1581 2288 1644 Christo.

2054 1674 2220 1732 Vens.
2245 1679 2299 1734 8.
2328 1681 2366 1735 A
2401 1681 2584 1751 fructu
2617 1686 2870 1752 frumenti
2897 1686 3007 1739 uini
3033 1695 3084 1740 et
3112 1685 3235 1751 olei,
3263 1689 3337 1743 eis
3363 1691 3545 1743 multi-

1983 1766 2169 1834 plicati
2190 1781 2333 1825 sunt.
2369 1771 2442 1828 De
2473 1777 2783 1830 carnalibus
2813 1776 3123 1832 hominibus
3149 1779 3340 1834 iterum
3358 1795 3543 1835 sermo

1985 1870 2071 1914 est
2109 1879 2122 1917 :
2159 1864 2358 1932 quibus
2393 1874 2613 1921 terrena
2647 1876 2854 1922 tantum
2885 1869 3258 1938 cogitantibus
3279 1910 3294 1936 ,
3328 1870 3544 1927 aliunde

1985 1954 2171 2006 omnia
2205 1953 2368 2008 Deum
2403 1971 2512 2024 pra:
2537 1972 2725 2027 magna
2757 1958 3082 2031 benignitate
3103 1960 3544 2019 subministrasso

1984 2043 2278 2098 attestatur
2310 2045 2579 2114 Propheta
2629 2063 2643 2098 :
2696 2058 2749 2102 et
2794 2049 2933 2103 bona
2985 2050 3066 2105 eis
3103 2053 3298 2107 collata
3337 2067 3550 2108 connu-

1988 2143 2162 2188 merat
2193 2135 2406 2202 dicens,
2436 2138 2579 2208 quod
2608 2153 2636 2191 a
2666 2137 2848 2194 fructu
2870 2139 3144 2208 frumenti,
3172 2143 3302 2210 vini,
3333 2153 3387 2199 et
3410 2146 3541 2210 olei,

1984 2225 2324 2294 multiplicati
2372 2239 2500 2284 sunt
2547 2230 2663 2296 eis;
2715 2230 2817 2286 hoc
2859 2240 2966 2290 est.
3007 2233 3087 2290 eis
3137 2237 3540 2292 connumeratis

1983 2304 2144 2370 bonis
2191 2317 2398 2384 repleti,
2435 2334 2529 2386 per
2577 2336 2698 2388 quae
2732 2320 2870 2376 bona
2922 2332 3177 2392 tanquam
3226 2340 3323 2394 per
3367 2329 3540 2396 magis

1987 2410 2322 2474 necessaria,
2359 2410 2563 2480 reliqua
2594 2413 2838 2467 ciborum
2886 2429 3084 2484 genera
3115 2415 3398 2471 intellexit.

2055 2495 2218 2556 Vens.
2249 2500 2299 2553 9.
2338 2497 2402 2552 In
2426 2502 2617 2567 pacein
2638 2502 2864 2570 idipsum
2893 2503 3540 2574 dormiametsoporabor.

1987 2587 2242 2658 Deposito
2267 2589 2482 2651 timore,
2516 2608 2624 2661 quo
2660 2595 3040 2660 perturbabar,
3075 2597 3332 2668 deinceps
3360 2599 3541 2668 quieto

1983 2678 2288 2744 dormiam;
2321 2697 2422 2734 nec.
2453 2684 2722 2736 dormiam
2760 2686 3108 2754 simpliciter,
3141 2688 3236 2742 sed
3275 2691 3340 2742 ad
3366 2690 3538 2759 ipsam

1986 2786 2160 2838 usque
2191 2774 2526 2829 satietatem.
2560 2773 2695 2828 Nam
2737 2778 2877 2845 quod
2912 2779 3008 2843 ait,
3037 2779 3092 2832 in
3122 2781 3371 2849 t'dipsum,
3396 2781 3539 2836 idem

1984 2862 2087 2918 sibi
2109 2863 2224 2917 vult
2244 2863 2389 2933 quod
2413 2880 2518 2918 una
2543 2880 2562 2918 :
2587 2879 2651 2919 ac
2669 2867 2712 2920 si
2732 2867 2898 2929 dicat,
2925 2868 3164 2939 Utraque
3186 2872 3296 2926 hazc
3319 2871 3540 2938 lat-iam,

1983 2953 2248 3007 dormiam
2279 2961 2334 3008 et
2363 2957 2570 3023 pariter
2606 2957 2915 3024 aoporabor.
2947 2957 3067 3026 Quo
3101 2961 3351 3028 loquendi
3377 2963 3538 3028 modo

1984 3046 2364 3101 accubationis
2392 3058 2447 3101 et
2479 3047 2678 3116 quietis
2713 3065 2825 3104 suae
2857 3051 3218 3106 intensionem
3248 3055 3534 3122 capreasit.

310 3141 577 3194 θανεῖται
593 3139 807 3210 βιαιως,
848 3140 985 3193 ἀλλὰ
1010 3138 1153 3193 κατὰ
1175 3139 1354 3206 φύσιν,
1401 3138 1529 3192 ἔνθα
1563 3141 1659 3196 καὶ
1682 3141 1872 3211 νοήσο-

1990 3135 2082 3191 Vel
2119 3139 2202 3194 his
2241 3139 2421 3194 verbis
2451 3137 2717 3208 Propheta
2749 3141 2998 3198 fortassis
3042 3145 3298 3214 prmdicit,
3330 3161 3449 3215 quae
3470 3147 3538 3201 ad

314 3251 430 3306 μεν
451 3235 533 3297 τὸ,
566 3235 664 3288 ἐπὶ
720 3234 786 3288 τὸ
831 3234 998 3298 αὐτὸ,
1051 3232 1179 3302 περὶ
1224 3232 1320 3286 τοῦ
1366 3234 1620 3303 σώματος
1657 3235 1876 3303 καὶτῆς

309 3326 501 3396 ψυχῆς
565 3317 769 3396 ursa,
820 3327 904 3380 ὅτι
952 3323 1377 3395 Κοιμηθήσομαι
1409 3326 1466 3377 ὲν
1491 3327 1682 3397 εἰρήνῃ
1720 3325 1876 3394 ὁμοῦ,

310 3419 421 3475 καὶ
458 3421 596 3475 κατὰ
638 3420 818 3489 σῶμα,
844 3418 941 3472 καὶ
981 3418 1122 3473 κατά
1155 3418 1333 3489 ψυχήν
1353 3434 1368 3449 ο
1401 3418 1591 3471 τούτου
1618 3419 1738 3489 μὲν,
1768 3418 1878 3471 τῶν

309 3512 536 3582 ὁρατῶν
565 3512 975 3580 ἀπαλλαγέντος
1005 3511 1216 3581 ἐχθρῶν
1239 3529 1252 3542 ·
1281 3511 1498 3580 ἐκείνης
1529 3510 1586 3564 δὲ
1608 3551 1622 3574 ,
1654 3511 1761 3564 τῶν
1787 3512 1878 3564 άο-

315 3604 525 3674 ράτων.
553 3603 626 3656 Τδ
653 3603 738 3667 δὲ,
768 3603 1028 3659 ὐπνὼσω
1049 3643 1065 3670 ,
1092 3603 1185 3656 τὸν
1221 3602 1382 3674 μέχρι
1405 3605 1503 3673 τῆς
1531 3603 1880 3666 ἀναστάσεως

314 3695 539 3777 paxpr
567 3695 864 3777 ulvltvevat
893 3697 1107 3765 χρόνον.
1271 3690 1282 3701 ’

292 4003 299 4007 -
396 3964 526 4017 Ὀτι
554 3963 653 4026 σὺ,
680 3965 876 4032 Κύριε,
901 3962 1062 4041 κατὰ.
1069 3965 1265 4033 μόνας
1287 3962 1382 4017 ἐπ’
1403 3964 1602 4019 ἐλπίδι
1631 3962 1874 4028 κατῴκι-

311 4044 441 4122 σάς
463 4074 556 4125 με·
591 4057 664 4110 Σύ
698 4075 764 4128 με
793 4058 958 4128 χωρὶς
986 4056 1095 4110 τῶν
1119 4046 1372 4126 πονηρῶν
1393 4057 1561 4110 οἰκεῖν
1590 4057 1874 4126 ἐποίησας,

311 4149 412 4203 ἐπ’
442 4149 615 4202 ἑλπίδι
644 4149 940 4220 σωτηρίας.
967 4148 1120 4211 Τινὲς
1151 4147 1208 4200 δέ
1241 4163 1435 4214 φασιν,
1459 4147 1541 4200 ὅτι
1565 4147 1723 4200 τοῦτο
1751 4152 1878 4220 περὶ

310 4239 422 4307 τῆς
446 4240 509 4291 ἐκ
529 4236 740 4306 νεκρῶν
784 4239 1133 4307 ᾴναστάσεως
1171 4227 1569 4305 προεφήτευσε,
1607 4238 1876 4306 σχηματίυ

313 4349 424 4393 σας
479 4331 567 4382 τὸν
593 4329 748 4398 λόγον
794 4326 869 4392 ὣς
897 4328 1003 4380 άπὸ
1028 4327 1121 4380 τοῦ
1157 4326 1427 4396 σώματος,
1460 4327 1729 4395 λέγοντος,
1793 4329 1874 4382 ὅτι

310 4423 420 4484 ΣΞ»,
469 4419 660 4492 Κύριε,
715 4421 989 4474 κατοικεῖν
1021 4435 1088 4488 με
1117 4418 1208 4470 τὸν
1235 4419 1405 4485 τάφον
1433 4416 1639 4487 ὥρισας
1703 4437 1874 4490 μεμο-

1987 3240 2220 3283 mortem
2253 3245 2408 3284 suam
2436 3232 2817 3299 pertinebant;
2864 3235 3006 3302 quod
3037 3235 3242 3289 scilicet
3272 3251 3379 3290 non
3421 3239 3536 3312 vio-

1982 3319 2152 3384 lenta,
2186 3320 2280 3375 sed
2311 3322 2547 3376 naturali
2589 3332 2766 3377 morte
2822 3325 2873 3378 ei
2925 3325 3264 3380 moriendum
3298 3339 3434 3382 erat.
3473 3327 3539 3382 Et

1981 3411 2128 3479 quod
2161 3411 2290 3465 dicit
2323 3412 2377 3465 in
2411 3413 2658 3479 idipsum,
2701 3414 2769 3469 de
2799 3415 2993 3468 anima-
3021 3425 3074 3470 et
3101 3431 3330 3485 corpore
3380 3421 3539 3474 intel-

1980 3501 2231 3568 ligemus.
2266 3499 2534 3554 Dormiam
2568 3501 2713 3554 enim
2748 3516 2867 3572 ego,
2900 3502 3096 3571 inquit,
3132 3503 3187 3556 in
3220 3519 3372 3574 pace,
3412 3520 3536 3560 crr-

1980 3603 2114 3658 pore
2146 3590 2352 3658 pariter
2377 3598 2430 3643 et.
2463 3591 2645 3644 anima
2675 3607 2690 3643 :
2742 3605 2975 3660 corpore
3003 3593 3256 3646 nimirum
3292 3607 3321 3646 a
3352 3592 3538 3648 visibi-

1981 3679 2150 3744 libus,
2181 3690 2238 3735 et
2276 3681 2455 3734 anima
2486 3683 2554 3736 ab
2587 3681 2952 3736 invisibilibus
3001 3683 3239 3739 ittimicis
3284 3670 3532 3740 liberata.

1979 3768 2134 3834 Quod
2164 3785 2291 3824 vero
2341 3771 2439 3832 ait,
2487 3770 2802 3837 soporabor,
2843 3771 3066 3842 longum
3119 3778 3536 3832 resurrectionis
3590 3836 3604 3856 χ

1980 3871 2193 3931 tempus
2223 3861 2532 3932 signiﬁcare
2553 3862 2786 3918 videtur.

2048 3951 2214 4009 Vsus.
2251 3953 2317 4007 l0
2362 3952 2622 4019 Quoniam
2654 3964 2732 4020 tu,
2752 3953 2990 4022 Domine,
3012 3956 3348 4027 singulariter
3373 3959 3427 4013 iu
3448 3975 3536 4028 apo

1983 4045 2225 4097 habitare
2263 4044 2436 4112 fecisti
2495 4061 2596 4099 me.
2627 4044 2708 4098 Tu
2740 4062 2846 4113 me,
2887 4047 3085 4117 inquit,
3124 4050 3372 4106 habitare
3398 4051 3534 4106 fet-i-

1978 4139 2047 4192 sti
2076 4152 2321 4193 seorsum
2348 4153 2375 4189 a
2401 4136 2655 4204 malignis
2685 4145 2847 4206 atque
2870 4139 2922 4191 in
2946 4154 3040 4208 spe
3069 4139 3283 4195 salutis.
3304 4143 3531 4206 Quidam

1979 4237 2107 4284 vero
2161 4229 2274 4283 hate
2318 4229 2386 4282 de
2431 4229 2833 4282 resurrectione
2880 4245 2908 4301 a
2943 4231 3174 4286 mortuis
3218 4232 3532 4302 prolnltetico

1975 4323 2118 4378 dicta
2149 4339 2275 4378 esse
2301 4323 2450 4376 aiunt
2479 4339 2492 4376 :
2528 4325 2784 4392 quodque
2817 4324 3011 4386 beatus
3043 4323 3231 4390 David,
3264 4327 3426 4381 veluti
3464 4344 3530 4382 ex

1974 4412 2222 4482 corporis
2253 4411 2336 4466 sui
2356 4425 2590 4479 persona
2619 4425 2928 4464 sermonem
2964 4411 3236 4479 formavit,
3259 4415 3528 4470 dicentis:

311 4489 567 4580 νωμένον
594 4512 694 4578 τῆς
744 4510 979 4578 συζύγου
1027 4510 1232 4579 ψυχῆς·
1281 4511 1379 4580 οὐχ
1407 4510 1596 4574 ἁπλῶς
1621 4489 1713 4574 δὲ,
1755 4512 1872 4565 ἀλλ’

1982 4505 2082 4568 Τυ,
2116 4503 2359 4568 Domine,
2394 4502 2640 4557 habitare
2670 4517 2756 4557 me
2784 4503 2957 4557 iecisti
2993 4503 3049 4558 in
3096 4507 3374 4574 sepultura
3417 4524 3432 4574 ;
3474 4517 3532 4562 et

315 4605 505 4657 ἑλπίδι
534 4601 906 4666 ἀναστάσεως,
938 4602 1026 4655 ὅτε
1049 4601 1142 4654 καὶ
1171 4600 1267 4671 τὴν
1299 4599 1477 4672 ψυχὴν
1504 4602 1868 4672 ἀπολήψομαι.

315 4695 402 4748 'n.
432 4693 516 4759 δὲ,
549 4690 660 4755 ὅτι,
716 4693 988 4762 παρέλκον
1037 4691 1214 4743 δοκεῖ·
1278 4693 1375 4744 καὶ
1423 4693 1529 4761 γὰρ
1554 4695 1612 4743 ὲν
1658 4694 1872 4755 πολλοῖς

320 4787 522 4854 ἰδίωμα
566 4786 661 4838 καὶ
691 4784 850 4837 τοῦτο
877 4783 977 4852 τῆς
1011 4780 1284 4845 Παλαιᾶς·
1336 4785 1536 4834 νοεῖται
1563 4782 1620 4835 δὲ
1649 4785 1741 4837 καὶ
1778 4783 1871 4852 βε·-

314 4876 636 4940 6αιωτικδν,
663 4877 782 4929 ἀντὶ
805 4875 900 4928 τοῦ
925 4874 1133 4940 ὅντως.

1979 4595 2318 4652 constituisti
2359 4609 2445 4649 me
2471 4592 2799 4663 singularem
2829 4608 2892 4647 ac
2921 4595 3226 4649 solitarium
3253 4597 3364 4649 illic
3387 4613 3528 4662 esse,

1979 4704 2009 4742 a
2057 4687 2386 4758 prepriaque
2435 4698 2500 4739 ac
2543 4684 2690 4739 socia
2747 4683 2879 4737 mihi
2931 4685 3110 4738 anima
3170 4685 3526 4752 disjunctum.

1979 4780 2180 4834 Verum
2219 4778 2321 4832 hoc
2348 4790 2455 4830 non
2480 4775 2818 4845 simpliciter,
2836 4776 2929 4830 sed
2962 4777 3016 4830 in
3050 4791 3145 4845 spe
3172 4780 3528 4832 resurrectio-

1976 4875 2096 4937 nis;
2134 4868 2591 4942 quandoquidem‘
2623 4868 2817 4922 iterum
2873 4869 3106 4923 animam
3145 4868 3527 4937 suscepturum

315 4984 555 5038 Sperem.
587 4969 679 5022 Illa
719 4975 897 5021 autem
928 4967 1114 5030 dictio,
1149 4965 1418 5034 quoniam,
1467 4963 1748 5019 abundare
1792 4966 2011 5021 videtur
2065 4965 2168 5018 hoc
2239 4963 2292 5014 in
2338 4960 2480 5026 loco,
2540 4959 3001 5030 quemadmodum
3051 4967 3107 5014 et
3157 4973 3299 5028 sape
3373 4959 3524 5022 alibi,

309 5067 478 5136 juxta
526 5078 698 5120 sacra:
743 5061 1041 5129 Scriptura:
1086 5071 1251 5128 atque
1298 5057 1547 5112 llebraici
1597 5058 1871 5113 ldiomatis
1912 5059 2295 5128 proprietatem
2341 5069 2353 5105 :
2395 5065 2704 5122 quanquam
2769 5065 3141 5122 sapenumero
3201 5050 3366 5105 etiam
3412 5052 3527 5108 hac

314 5159 489 5216 dic-io
516 5157 656 5226 apud
687 5155 941 5210 llebraos
977 5153 1118 5206 idem
1151 5151 1421 5221 signiﬁcat
1444 5149 1588 5220 quod
1629 5167 1761 5218 vere,
1813 5162 1868 5208 et
1908 5153 2132 5223 ponitur
2172 5163 2269 5219 pro
2299 5146 2558 5208 adverbio
2579 5144 2960 5202 conﬁrmandi.

466 5251 567 5314 Εἷς
587 5248 656 5301 τὸ
675 5247 869 5313 τέλος,
894 5245 1045 5310 ὑπὲρ
1066 5243 1177 5311 τῆς
1201 5243 1716 5312 κληρονομούσης.

899 5335 1188 5388 ΨΑΔΜΟΣ
1226 5331 1302 5387 E'.
1363 5347 1367 5350 ‘

395 5429 467 5483 Τί
495 5429 592 5500 μὲν
614 5428 942 5498 παρίστησιν
966 5429 1000 5496 ἡ
1029 5429 1114 5492 εις
1136 5425 1203 5478 τὸ
1221 5409 1403 5491 τέλοέ
1428 5426 1730 5498 ἐπιγραφὴ,
1747 5444 1874 5496 προ.

315 5523 561 5592 εἱρηται.
583 5508 724 5572 φασὶ
749 5517 804 5570 δέ
832 5533 978 5579 τινες
1005 5513 1235 5569 ἐνταῦθα
1281 5514 1377 5576 τὰς
1400 5515 1633 5585 ἐσχάτας
1661 5517 1874 5588 ἡμέρας

316 5609 746 5681 ὕποδηλοῦσθαι,
771 5607 893 5661 καθ’
920 5605 987 5668 ἃς
1015 5607 1044 5657 ὁ
1082 5605 1287 5676 Κύριος
1316 5605 1702 5677 δνηνθρὼπησε
1731 5623 1749 5640 ο
1778 5624 1875 5676 τη-

260 5775 274 5792 ’
370 5791 427 5825 ⁸⁸
452 5789 613 5851 ιοσιι.
645 5807 756 5860 xlv,
783 5793 837 5847 9.
913 5788 959 5826 ⁵⁸
980 5787 1145 5847 Hebr.
1173 5805 1212 5861 Ι,
1239 5793 1294 5849 5-

2079 5243 2143 5298 1η
2165 5241 2322 5312 ﬁrma
2349 5255 2445 5306 pro
2469 5255 2529 5292 ea
2550 5255 2668 5308 qua
2690 5239 3048 5292 humilitatem
3068 5239 3417 5309 comquitur.

2180 5354 2183 5356 -
2634 5325 2859 5382 PSALI
2869 5327 2954 5384 US
2970 5327 3039 5386 ν.

2045 5422 2200 5494 Quod
2217 5422 2316 5477 sibi
2334 5419 2461 5474 velit
2483 5412 2769 5487 inscriptio
2781 5420 2838 5472 in
2852 5421 3031 5487 ﬁnem,
3050 5423 3296 5491 superius
3315 5423 3520 5478 dictum

1975 5525 2061 5572 est
2091 5534 2106 5570 :
2145 5515 2248 5569 hoc
2283 5520 2464 5567 autem
2500 5511 2554 5564 itt
2592 5510 2711 5572 loco
2736 5511 2952 5580 quidam
2982 5527 3078 5580 per
3117 5528 3234 5566 eam
3264 5514 3416 5568 aiunt
3446 5517 3521 5569 si-

1976 5606 2222 5678 gniﬁcari
2263 5605 2385 5660 illos
2418 5603 2557 5671 dies,
2597 5601 2799 5672 quibus
2843 5600 3098 5660 Christus
3140 5605 3304 5660 homo
3342 5604 3516 5662 tactus
