4090 6324
686 312 788 386 133

1899 319 2282 380 EUTHYMII
2307 322 2671 383 ZIGABENI

747 431 1000 494 Vens.,8.
1045 430 1224 485 Virum
1250 429 1566 502 sanguinem
1598 437 1646 485 et
1672 429 1917 485 dolosum
1952 429 2226 484 abomma-
2259 440 2303 493 Α

3789 323 3894 387 134

2405 437 2468 488 Ἀ
2480 436 2626 502 rapa
2676 433 2933 505 αἱμάτων
2966 436 3060 490 καί
3107 435 3313 491 δόλιον
3336 437 3745 500 ,ϐδελύσσεται
3777 440 3895 492 Κύ-

677 527 820 580 bitur
847 526 1117 580 Dominus.
1147 524 1281 580 Vide
1306 523 1582 594 quomodo
1624 520 1954 576 interfectori
1981 523 2229 576 dolosam

2340 543 2475 588 ριος.
2515 527 2655 595 Ὅρα
2687 527 2800 590 πῶς
2836 529 2912 594 τῷ
2947 530 3114 594 φωνεῖ
3155 529 3246 580 τὸν
3275 528 3490 598 δολερὸν
3520 529 3855 598 προσέταξε)
3876 545 3893 562 ο

679 617 982 687 conjunxit.
1011 617 1145 670 Nam
1169 615 1261 685 qui
1291 616 1514 683 decipit,
1555 623 1608 669 et
1636 614 1688 667 in
1732 612 1970 683 pericula
1999 613 2230 682 aliquem

676 708 921 776 coniicit,
955 707 1208 761 occidere
1241 706 1404 760 etiam
1438 705 1673 760 videtur.

748 798 857 868 Ego
896 809 1071 851 autem
1104 801 1154 851 in
1188 797 1526 850 multitudine
1571 796 1944 850 misericordia!
1995 805 2098 849 tute
2148 796 2231 848 in-

678 890 918 944 troiboin
949 891 1164 943 domum
1209 899 1375 944 tuam.
1413 889 1545 960 Ego,
1603 889 1799 958 inquit,
1871 886 2109 941 Ecclesia
2164 889 2234 942 ob

677 997 944 1034 summam
1007 980 1438 1034 miscricordiam
1477 989 1624 1033 tuam
1681 980 1748 1030 ah
1777 979 2057 1032 erroribus
2111 979 2233 1031 Iibe-

641 1065 654 1072 ”
674 1079 816 1135 rata,
869 1071 921 1123 in
986 1070 1206 1124 domum
1267 1081 1442 1136 tuam,
1495 1085 1658 1138 quam
1705 1070 1830 1124 olim
1865 1069 2234 1138 imprudenter

669 1162 1055 1226 destruebam,
1111 1161 1414 1231 ingrediar.
1483 1160 1579 1215 Vel
1638 1161 1844 1213 aliter:
1884 1158 2120 1212 Introibo
2179 1160 2234 1213 in

677 1253 888 1307 domum
936 1262 1101 1316 tuam,
1154 1255 1317 1322 digna
1372 1253 1632 1306 nimirum
1681 1251 1872 1306 ell'ecta
1923 1251 2231 1320 huiusmodi

681 1345 879 1397 ﬁducia
911 1343 1055 1411 apud
1089 1352 1161 1406 te,
1189 1359 1298 1397 non
1325 1344 1396 1397 oh
1418 1357 1565 1396 meas
1596 1344 1847 1412 virtutes,
1879 1343 1970 1396 sed
2000 1343 2069 1394 ob
2087 1350 2231 1394 tuam
2261 1364 2270 1372 -

678 1441 884 1501 tantum
915 1433 1367 1488 misericordiam.
1396 1432 1576 1501 Aliqui
1607 1447 1701 1501 per
1728 1431 1946 1486 domum
1976 1430 2067 1484 Dei
2099 1446 2230 1486 con-

676 1526 1040 1580 versationem
1083 1540 1146 1578 ac
1175 1525 1341 1577 vitam
1366 1523 1672 1590 intelligunt
1703 1523 1902 1576 virtute
1931 1521 2231 1590 praeditam.

676 1609 1174 1688 Requiescitenim
1230 1615 1374 1670 Deus
1430 1624 1594 1683 atque
1643 1614 1852 1666 habitat
1904 1613 1958 1665 in
2017 1613 2086 1667 iis
2143 1613 2232 1681 qui

557 1741 575 1753 ς
677 1709 912 1760 virtutes
970 1713 1273 1769 sectantur,
1327 1701 1787 1773 quemadmodum
1835 1703 1888 1756 in
1946 1701 2234 1771 Evangelia

677 1799 752 1852 ait
786 1815 799 1850 :
836 1795 942 1865 Ego
971 1804 1019 1849 et
1053 1794 1217 1848 Pater
1251 1795 1320 1848 ad
1347 1811 1464 1848 eum
1495 1795 1774 1859 veniemus,
1827 1803 1875 1846 et
1913 1794 2233 1847 mansionem

677 1890 815 1958 apud
833 1905 951 1942 eunt
982 1887 1236 1956 faciemus
1267 1889 1334 1942 “.

745 1982 991 2044 Adorobo
1017 1980 1086 2033 ad
1109 1979 1356 2047 templum
1387 1990 1625 2034 sanctum
1665 1989 1809 2034 tuum
1841 1981 1893 2034 in
1916 1982 2102 2037 timore
2124 1990 2225 2038 tuo.

678 2072 956 2141 Ingresso,
983 2073 1185 2142 inquit,
1218 2073 1383 2126 multa
1416 2087 1540 2127 cum
1573 2074 1872 2128 reverentia
1912 2073 2148 2126 adorabo
2180 2074 2233 2124 in

681 2164 896 2218 timore.
942 2163 1228 2233 Templum
1254 2177 1383 2218 vero
1411 2172 1508 2217 aut
1540 2173 1814 2218 terrenum
1845 2164 1946 2218 hoc
1973 2165 2234 2233 intellige,

680 2263 774 2308 aut
821 2256 1042 2309 caeleste
1074 2255 1128 2307 in
1161 2270 1272 2324 quo
1328 2255 1622 2309 adoratura
1666 2265 1770 2310 est.
1808 2253 2011 2310 Gentes
2043 2256 2241 2323 quippe

637 2401 640 2404 .
679 2344 907 2400 deorum
941 2361 1167 2402 suorum
1207 2346 1454 2402 delubris
1490 2346 2241 2417 intemperanterabuteban-

681 2445 792 2500 tnr,
821 2446 984 2505 atque
1009 2437 1323 2496 inhoneste.
1356 2437 1491 2495 Cum
1514 2445 1694 2495 autem
1719 2437 1980 2492 hactenus
2001 2437 2238 2492 Ecclesia

679 2528 935 2582 vitiorum
963 2544 1186 2599 genera,
1219 2544 1344 2599 qua:
1368 2530 1434 2583 ad
1464 2529 1806 2598 propositum
1833 2543 1861 2581 a
1882 2544 1941 2583 se
1965 2539 2238 2597 sumptqu

681 2621 1049 2689 pertinebant,
1105 2623 1410 2677 narraverit
1463 2637 1560 2692 per
1617 2623 1822 2692 capita,
1895 2637 2067 2691 eaque
2129 2620 2238 2675 Deo

679 2724 805 2766 esse
834 2712 1136 2770 ostenderit
1169 2712 1580 2774 abominabilia,
1614 2727 1760 2767 nunc
1800 2711 1867 2767 ad
1891 2712 2123 2781 seipsam
2152 2728 2235 2768 re-

681 2802 935 2866 vertitur,
972 2817 1037 2856 ac
1073 2803 1363 2872 pollicetur
1415 2818 1542 2859 vere
1575 2818 1633 2858 se
1664 2812 1829 2870 atque
1887 2802 2142 2872 ingenue,
2185 2809 2241 2857 et

681 2907 790 2945 non
827 2895 976 2962 pigre
1012 2895 1195 2950 divino
1247 2894 1422 2950 cultui
1461 2893 1845 2949 inscrvituram
1877 2911 1892 2947 :
1924 2909 2026 2950 nec
2061 2905 2240 2948 tamen

682 2982 736 3036 id
769 2984 896 3038 dicit
934 2986 1101 3039 veluti
1145 3001 1266 3055 quae
1298 3001 1393 3055 per
1430 2985 1664 3054 seipsam
1695 2985 1988 3053 iustiﬁcata
2022 2988 2117 3053 sit,
2148 2988 2242 3043 sed

2332 618 2558 669 ἀπατῶν
2597 619 2703 686 γὰρ
2723 659 2736 682 ,
2771 621 2863 672 καὶ
2892 618 3097 689 ῥίπτων
3129 621 3209 683 εἰς
3235 620 3496 684 κίνδυνον,
3533 619 3777 688 φονεύειν
3801 622 3898 673 ὗσ-

2333 711 2438 762 κεῖ.

2416 800 2562 868 Ἐῖὼ
2590 800 2658 852 δὲ
2682 800 2752 854 ἐν
2775 800 2853 863 τῷ
2882 803 3096 869 πλήθει
3139 801 3245 854 τοῦ
3273 801 3451 854 ἐλέου
3485 817 3604 854 σου
3625 803 3902 855 εἰσελεύ-

2334 907 2512 959 σομαι
2542 872 2620 955 εἰς
2657 891 2763 943 τὸν
2787 887 2956 943 οἶκόν
2981 907 3118 944 σου.
3151 889 3294 956 Ἐγὼ
3335 890 3392 942 δὲ
3417 889 3502 941 διὰ
3534 891 3595 942 τὸ
3623 889 3755 942 πολύ
3797 905 3898 941 σου

2333 982 2479 1044 ἔλεος
2515 982 2890 1049 ἀπαλλαγεῖσα
2919 983 3013 1052 τῆς
3043 983 3270 1052 πλάνης,
3302 981 3675 1051 εἰσελεύσομαι
3697 985 3777 1044 είς
3802 983 3899 1035 τὸν

2333 1071 2483 1126 οἶκόν
2517 1091 2630 1139 σου,
2679 1074 2740 1126 δν
2784 1077 2911 1142 πρὶν
2964 1075 3212 1144 ἁφρόιως
3244 1075 3645 1136 κατέσκαπτον.
3679 1075 3750 1125 Ἢ
3802 1073 3904 1126 καὶ

2291 1180 2300 1188 '
2335 1157 2508 1228 ἄλλως
2526 1182 2539 1195 ·
2573 1166 3002 1233 Εἱσελεύσομαι
3034 1168 3118 1230 εἰς
3151 1167 3254 1216 τεν
3274 1161 3440 1217 οἶκόν
3464 1179 3604 1228 σου,
3627 1165 3726 1234 τῆς
3752 1167 3905 1235 παῤ-

2336 1257 2530 1326 ρησίας
2557 1256 2760 1323 ταύτης
2775 1256 3086 1319 ἀξιωθεῖσα,
3113 1256 3174 1307 οὐ
3209 1255 3295 1306 διὰ
3318 1255 3413 1324 τὴν
3442 1256 3647 1308 οἰκείαν
3665 1257 3900 1325 ἀρετὴν,

2334 1348 2475 1401 ἀλλὰ
2511 1347 2597 1400 διὰ
2654 1346 2714 1401 τὸ
2753 1346 2844 1399 σὺν
2882 1346 3042 1414 μόνον
3070 1345 3238 1408 ἔλεος.
3274 1345 3428 1407 Τινὲς
3452 1346 3506 1398 δὲ
3541 1345 3790 1411 λέγουσιν
3813 1341 3901 1398 οἷς

2335 1457 2428 1491 κον
2471 1436 2606 1490 θεοῦ
2638 1436 2730 1489 καὶ
2755 1437 2851 1507 τῆν
2882 1436 3128 1505 ἐνάρετον
3154 1432 3292 1489 εἶναι
3321 1435 3633 1501 πολιτείαν.
3659 1435 3906 1487 Ἐπανα-

2337 1529 2567 1581 παύεται
2595 1528 2705 1596 γὰρ
2738 1529 2830 1580 καὶ
2859 1530 3057 1580 ἐνοικεῖ
3089 1527 3216 1590 Θεὸς
3249 1528 3361 1589 τοῖς
3392 1524 3666 1594 μετιοῦσιν
3697 1526 3902 1595 αὐτὴν.

2334 1623 2407 1683 ὡς
2433 1622 2526 1674 καὶ
2550 1623 2607 1674 ὲν
2629 1623 2741 1682 τοῖς
2775 1619 3119 1687 Εὑαγγελίοις
3140 1613 3291 1671 εἶπεν
3314 1621 3352 1671 ’ὁ
3371 1618 3558 1689 Σωτὴρ
3580 1616 3903 1669 ἐλεύσεσθαι

2339 1713 2475 1780 μετά
2499 1709 2594 1763 τοῦ
2626 1709 2857 1779 Πατρδς,
2883 1709 2978 1762 καὶ
3021 1709 3186 1780 μονὴν
3217 1707 3549 1779 ποιήσασθαι
3596 1706 3745 1776 παρὰ
3779 1707 3906 1769 τοῖς

2335 1803 2526 1866 ἀξίοις.

2409 1983 2822 2053 Προσκυνήσω
2856 1983 3002 2050 πρὸς
3022 1982 3171 2036 γαόν
3206 1981 3314 2035 τὸν
3345 1980 3516 2048 ἅγιόν
3541 1995 3656 2034 σου
3681 1995 3750 2031 εν
3785 1977 3907 2048 ςςδο

2339 2082 2418 2144 ἴῳ
2451 2094 2587 2130 σου.
2631 2073 2960 2127 Εἰσελοοῦσα
2995 2074 3052 2126 δὲ
3105 2074 3242 2142 μετὰ
3291 2074 3470 2142 πάσης
3503 2070 3808 2135 εὐλαϐείας,
3844 2072 3906 2121 ἐν

2341 2171 2490 2239 φόϐῳ
2519 2170 2903 2238 προσκυνήσω,
2938 2167 3049 2219 εἴτε
3085 2166 3174 2218 τὸν
3201 2165 3440 2232 ἐπίγειόν
3473 2181 3565 2216 σου
3603 2163 3750 2227 ναὸν,
3784 2161 3906 2214 εἴτε

2337 2262 2426 2313 τὸν
2458 2260 2709 2328 οὐράνιον
2735 2275 2748 2289 ·
2790 2258 2859 2311 τὰ
2899 2257 3005 2327 γὰρ
3053 2256 3178 2326 ἔθνη
3229 2256 3543 2317 ἀκολάστως
3588 2257 3701 2314 τοῖς
3749 2256 3910 2316 ναοῖς

2335 2350 2445 2403 τῶν
2498 2348 2637 2401 θεῶν
2684 2347 2863 2402 αὐτῶν
2892 2344 3340 2416 ἐνασχημονοῦσι.
3394 2343 3535 2413 [Ιρδς
3570 2342 3752 2412 μέντοι
3799 2341 3910 2408 τὴν

2339 2443 2472 2494 ἰδίαν
2503 2439 2761 2493 ὑπόθεσιν
2790 2439 2818 2492 ὀ
2852 2439 3144 2509 Προφήτης
3175 2436 3244 2489 τὰ
3281 2435 3394 2506 εἴδη
3429 2435 3527 2502 τῆς
3573 2433 3770 2494 κακίας
3804 2447 3907 2483 κε-

2338 2531 2804 2602 φαλαιωδέστερον
2827 2527 3088 2592 ἐπελθὼν,
3124 2526 3217 2586 καὶ
3253 2525 3436 2592 δείξας
3465 2523 3724 2594 paea-sxta
3751 2519 3906 2588 Θεῷ,

2338 2623 2472 2695 πρὸς
2497 2622 2690 2676 ἑαυτὸν
2740 2619 3006 2681 ἐπάνεισι,
3045 2617 3138 2670 καὶ
3165 2614 3448 2686 λατρεύειν
3497 2611 3909 2680 ἐπαγγέλλεται

2336 2715 2573 2784 γνησίως
2613 2714 2706 2767 καὶ
2737 2709 3052 2781 προθύμως,
3075 2709 3171 2778 οὐχ
3209 2707 3284 2771 ὡς
3308 2705 3746 2774 δεδικαιωμὲνος,
3765 2701 3912 2756 ἀλλὰ

2338 2806 2412 2868 ὡς
2446 2803 2763 2874 ἠλεημένος.
2798 2803 2858 2854 Εἰ
2905 2801 3000 2854 καὶ
3027 2803 3084 2852 ἑν
3118 2794 3198 2863 οἷς
3225 2797 3471 2866 καταϐοᾷ
3497 2794 3612 2853 τῶν,
3637 2795 3910 2864 ἁμαρτω-

2338 2898 2467 2962 λῶν,
2545 2898 2638 2949 καὶ
2692 2895 2882 2949 ἑαυτὸν
2927 2893 3134 2960 εἰσάγει
3198 2889 3276 2960 τῷ
3360 2888 3487 2958 Θείει
3543 2888 3675 2958 ναῷ,
3737 2885 3911 2939 τοῦτο

2341 2988 2578 3043 νοεῖσθαι
2604 2979 2810 3040 δίδῶσι.

685 3089 944 3144 tanquam
1003 3074 1436 3132 misericordiam
1497 3087 1792 3133 consecuta
1831 3080 2122 3148 :quamvis
2157 3080 2501 3134 iuclamando
2532 3081 2797 3135 adversus
2826 3087 3169 3148 peccatores,
3229 3080 3283 3129 et
3349 3071 3588 3142 seipsam
3653 3073 3707 3124 in
3759 3077 3915 3124 tem-

685 3167 830 3231 plum
861 3163 952 3220 Dei
983 3165 1314 3228 inducendo,
1338 3166 1588 3222 videatur
1616 3167 2013 3237 quodammodo
2043 3169 2187 3223 aliud
2227 3169 2340 3241 (28)
2371 3169 2698 3240 signiﬁcare.

759 3259 926 3316 Vens.
958 3262 1012 3316 9.
1039 3260 1261 3314 Domine
1283 3264 1449 3316 deduc
1476 3279 1554 3316 me
1577 3265 1628 3318 in
1657 3263 1872 3332 justitia
1910 3275 2021 3316 tua.
2059 3262 2239 3318 Deduc

2411 3266 2606 3333 Κύριε,
2644 3262 2952 3330 όδήγησόν
2963 3277 3037 3330 με
3066 3263 3134 3317 ἐν
3151 3259 3226 3328 τῇ
3249 3259 3602 3325 δικαιοσύνῃ
3625 3257 3919 3312 0'01).th-

690 3369 798 3417 me,
830 3343 1079 3419 Domine,
1136 3371 1233 3424 per
1285 3371 1507 3410 manum
1567 3355 1688 3409 Filii
1740 3357 1857 3411 tui:
1895 3356 2009 3427 qui,
2061 3366 2121 3410 ut
2168 3357 2243 3411 ait

683 3444 1003 3512 Apostolus,
1063 3444 1278 3515 iustitia
1334 3453 1443 3511 est,
1497 3454 1551 3500 et
1603 3447 1991 3510 sanctiﬁcatio,
2055 3455 2110 3501 et
2159 3464 2242 3502 re-

683 3537 924 3606 demptio
962 3537 1009 3569 "
1041 3553 1055 3590 :
1091 3537 1174 3592 rel
1206 3538 1262 3591 iu
1299 3538 1414 3607 lege
1450 3545 1543 3591 tua
1584 3554 1705 3608 qua:
1739 3547 1824 3592 cst
1869 3539 2105 3593 humana
2147 3537 2241 3607 ju-

685 3629 858 3683 stitia.

756 3718 982 3788 Propter
1013 3719 1251 3773 inimicos
1305 3736 1444 3773 meos
1500 3720 1668 3790 dirige
1724 3720 1775 3773 in
1826 3737 2099 3790 conspecm
2156 3732 2242 3774 tuo

686 3813 823 3866 viam
860 3806 1051 3866 meum.
1077 3813 1316 3883 Propter
1349 3813 1592 3868 visibiles
1638 3812 1888 3868 inimicos
1925 3829 2100 3877 meos,
2149 3814 2242 3884 qui

688 3907 742 3957 in
775 3905 986 3958 semitis
1017 3905 1153 3958 meis
1177 3904 1435 3959 scandala
1467 3903 1762 3968 seminaut,
1791 3912 1845 3958 ct
1879 3905 2102 3975 laqueos
2126 3913 2245 3958 tcu-

688 3998 848 4061 dunt,
875 3997 1130 4064 explana,
1163 4011 1372 4064 quasso,
1400 3995 1646 4061 Domine,
1681 3997 1820 4049 viam
1845 4012 2017 4050 meam
2050 3997 2116 4048 ad
2148 4003 2199 4050 te
2228 4013 2243 4051 :

689 4089 762 4142 ita
802 4089 946 4140 enim
982 4086 1345 4157 Symmachus
1387 4086 1645 4143 reddidit.
1683 4085 1806 4152 Vel,
1846 4087 2023 4156 Dirige
2049 4103 2148 4153 me,
2177 4103 2247 4142 ne

687 4180 953 4234 declinem
985 4179 1052 4231 ad
1083 4179 1329 4232 dextram
1360 4188 1453 4233 aut
1481 4180 1756 4233 sinistram
1791 4191 2012 4249 propter
2055 4180 2245 4232 inimi-

687 4287 782 4324 cos
801 4285 970 4333 meos,
988 4269 1080 4338 qui
1104 4269 1337 4324 latenter
1357 4271 1410 4323 in
1437 4271 1648 4324 insidiis
1669 4286 1753 4324 me
1772 4273 2080 4324 observant.
2103 4269 2244 4323 Cou-

687 4379 882 4431 gruere
910 4364 1072 4416 etiam
1117 4370 1346 4432 possunt
1376 4362 1490 4417 hac
1533 4363 1698 4416 verba
1735 4363 1835 4432 ipsi
1870 4364 2025 4416 beato
2056 4360 2242 4415 David.

759 4449 923 4511 Vrsas.
956 4456 1042 4509 10.
1077 4455 1340 4521 Quoniam
1378 4470 1481 4510 non
1516 4465 1594 4510 est
1629 4456 1680 4508 in
1712 4471 1800 4510 ore
1827 4471 2004 4508 eorum
2033 4456 2245 4517 veritas,

689 4564 776 4601 cor
802 4563 978 4600 eorum
1011 4563 1202 4603 uanum
1246 4557 1347 4601 est.
1406 4546 1472 4600 Et
1528 4550 1866 4602 mentiuntur
1920 4548 2138 4602 assidue
2189 4555 2249 4600 ut

2345 3357 2668 3428 ραγώγησὸν
2695 3373 2786 3426 με,
2815 3355 2903 3408 διὰ
2930 3354 3022 3407 τοῦ
3045 3352 3176 3406 Υίοῦ
3205 3371 3319 3417 σου,
3342 3352 3400 3415 ὃς
3421 3353 3532 3404 ἐστι
3563 3349 3916 3418 δικαιοσύνη,

2345 3451 2437 3504 καὶ
2464 3449 2756 3517 ἁγιασμὸς,
2789 3447 2882 3499 καὶ
2911 3445 3306 3516 ἀπολύτρωσις,
3339 3442 3480 3496 κατὰ
3511 3441 3599 3495 τὸν
3643 3439 3919 3493 Ἀπόστοο

2343 3543 2454 3595 λον.
2489 3541 2596 3592 Καὶ
2647 3541 2705 3592 ἐν
2733 3537 2811 3608 τῷ
2869 3537 2946 3608 σῷ
2970 3537 3147 3606 νόμην
3190 3535 3306 3587 ἔστι
3357 3531 3550 3602 γὰρὴ
3586 3528 3917 3600 ἀνθρωπίνη

2343 3637 2678 3708 δικαιοσύνη.

2415 3735 2636 3786 Ἕνεκα
2667 3728 2784 3784 τῶν
2817 3727 3043 3797 ἐχθρῶν
3072 3745 3216 3796 μου.
3248 3724 3618 3779 κατεύθυνον
3648 3719 3920 3774 ἐνώπιόν

2345 3837 2460 3876 σου
2483 3820 2598 3888 τὴν
2624 3819 2768 3874 ὀδόν
2781 3837 2922 3884 μου.
2954 3817 3050 3870 Διὰ
3078 3816 3203 3878 τοὺς
3233 3813 3463 3886 ὁρατοὺς
3509 3810 3604 3865 καὶ
3639 3808 3922 3878 ἀοράτους

2347 3912 2572 3984 ἐχθρούς
2601 3931 2722 3983 μου,
2754 3911 2878 3972 τοὺς
2907 3905 3374 3978 κατασπείροντας
3403 3904 3461 3958 ἐν
3503 3903 3572 3972 τῇ
3597 3902 3766 3971 τρίϐῳ
3797 3916 3918 3968 μου

2349 4005 2618 4057 σκάνδαλα
2646 4004 2738 4056 καὶ
2767 4003 2968 4069 πάγας,
2999 4000 3334 4070 ὲξομάλησον
3357 3997 3456 4068 τὴν
3491 3996 3612 4049 ὁδόν
3643 4011 3742 4065 μου
3765 3993 3923 4060 πρὸς

2349 4099 2408 4152 σὲ
2433 4115 2444 4126 ·
2474 4096 2616 4149 οῦτω
2651 4097 2762 4164 γὰρ
2783 4135 2786 4140 .
2807 4095 2836 4146 ὁ
2868 4092 3160 4162 Σύμμαχος
3188 4091 3250 4144 τὸ
3301 4091 3680 4144 Κατεύθυνον
3719 4083 3948 4152 ἡρμή-’

2348 4183 2637 4236 νευσεν.”Η
2661 4183 2797 4235 ὥστε
2827 4181 2902 4251 μὴ
2930 4179 3195 4236 ἐκκλίνειν
3220 4179 3311 4233 ἐπὶ
3325 4177 3520 4248 δεξιὰῆ
3541 4177 3626 4230 ἐπ’
3643 4179 3829 4243 ἀριστε
3843 4173 3920 4242 ρὰ

2346 4274 2434 4326 διὰ
2457 4274 2580 4335 τοὺς
2612 4271 2981 4340 ἐνεδρεύοντας
2999 4269 3332 4332 ἐπιϐούλους.
3369 4268 3628 4340 ’Δρμόζει
3652 4265 3706 4319 δὲ
3732 4261 3923 4318 ταῦτα

2348 4364 2439 4416 καὶ
2467 4363 2544 4433 τῷ
2571 4363 2753 4418 Δαϐίδ.
2943 4400 2948 4437 ε

2422 4455 2551 4508 Ὀτι
2579 4459 2688 4508 οὐκ
2719 4455 2892 4508 ἐστιν
2921 4456 2989 4509 ἐν
3017 4453 3096 4520 τῷ
3132 4457 3381 4522 στόματι
3419 4450 3618 4507 αὐτῶν
3635 4451 3919 4516 ἀλήθεια,

2350 4543 2446 4596 καὶ
2479 4545 2516 4610 ἠ
2548 4542 2761 4611 καρδία
2806 4543 3002 4598 αὐτῶν
3035 4545 3276 4612 ματαία.
3312 4543 3608 4597 Ψεύξονται
3652 4544 3780 4610 γὰρ.
3832 4541 3923 4604 ὡς

689 4638 908 4692 fallaces
945 4656 958 4691 :
996 4645 1053 4692 et
1083 4639 1296 4692 inutilia
1327 4654 1542 4708 semper
1593 4654 1658 4693 ac
1711 4653 1850 4691 vana
1907 4639 2150 4708 cogitant
2189 4650 2241 4694 ut

2353 4635 2685 4700 ἀπατεῶνες,
2714 4636 2805 4688 καὶ
2832 4637 3065 4706 ἀνόνητα
3099 4635 3416 4704 μελετῶσιν,
3446 4635 3521 4699 ὡς
3553 4634 3796 4702 πονηροί.

689 4729 936 4797 maligni.
1235 4754 1258 4782 ι

757 4818 927 4875 Vens.
962 4821 1048 4875 Η.
1104 4821 1418 4891 Sepulcrum
1472 4833 1653 4891 patens
1707 4835 1782 4879 est
1832 4832 2012 4894 guttur
2045 4840 2247 4879 eorum.

692 4911 918 4983 Propter
947 4925 1163 4968 mortua
1192 4917 1410 4970 illorum
1440 4917 1696 4985 dogmata
1741 4916 1847 4972 hoc
1884 4917 2065 4996 dicit“
2090 4926 2140 4970 et
2177 4916 2248 4970 ob

692 5005 909 5072 putidas
942 5005 1324 5061 hereticorum
1359 4997 1745 5077 blasphemas,
1772 5017 1826 5063 ct
1855 5009 2140 5064 inhonesta
2165 5008 2248 5062 in-

691 5096 1069 5163 temperantia:
1093 5098 1278 5152 verba.
1311 5097 1405 5151 Vel
1436 5096 1596 5167 juxta
1627 5098 1931 5161 historiam,
1962 5100 2033 5153 ob
2063 5106 2247 5166 turpes

690 5187 1076 5250 contumelias,
1126 5197 1182 5242 et
1229 5189 1303 5242 ob
1329 5189 1534 5260 jurgia,
1599 5207 1718 5260 qua:
1769 5192 1822 5247 in
1874 5190 2042 5245 David
2101 5190 2246 5244 dicta

693 5275 847 5332 fuere
880 5280 947 5333 ab
973 5280 1234 5335 inimicis.
1258 5278 1529 5351 [Quorum
1561 5292 1769 5353 guttur,
1787 5298 1892 5337 non
1914 5290 2064 5335 tecta:
2087 5287 2249 5349 atque

2432 4818 2621 4886 Τάφος
2679 4814 3069 4885 ἀνεῳγμένος,
3106 4819 3138 4870 ὀ
3189 4815 3422 4883 λάρυγξ
3446 4811 3664 4868 αὐτῶν.
3711 4809 3917 4874 Τοῦτο,

2351 4909 2440 4964 διὰ
2463 4910 2532 4962 τὰ
2556 4907 2728 4976 νεκρὰ
2771 4908 3012 4978 δόγματα
3040 4907 3134 4959 καὶ
3157 4907 3253 4968 τὰς
3281 4903 3534 4968 δυσώδεις
3557 4903 3917 4973 βλασφημίας

2353 5004 2464 5055 τῶν
2504 4999 2815 5069 αἱρετικῶν,
2875 4999 2909 5068 ἧ
2940 4999 3034 5052 καλ⁸
3061 4998 3128 5050 τὰ
3174 4996 3423 5065 μυδῶντα
3468 4995 3567 5065 τῆς
3612 4992 3919 5057 ἀκολασίας

2357 5095 2597 5162 ῥήματαν
2629 5091 2661 5160 ἦ
2702 5091 2793 5143 καὶ
2844 5089 2941 5152 τὰς
2965 5089 3106 5141 κατὰ
3135 5087 3228 5141 τοῦ
3252 5087 3415 5142 Διϐὶδ
3443 5085 3668 5156 αἰσχρὰς
3701 5083 3920 5154 ὕϐρεις,

2358 5184 2432 5236 Οὐ
2463 5183 2570 5252 γὰρ
2616 5181 3030 5250 κεκαλυμμένος
3070 5181 3248 5234 ἐστίν·
3297 5179 3440 5236 οῦτω
3465 5177 3574 5249 γὰρ
3609 5176 3719 5249 (29)
3742 5177 3924 5248 αὐτὴν

2356 5275 2652 5346 δυσοσμίαν
2682 5276 3002 5353 συνέκρυϐε.
3289 5281 3296 5284 ⁴

691 5380 897 5439 operta:
925 5374 1216 5443 sepultura:
1245 5373 1604 5442 comparavit,
1663 5373 1758 5428 sed
1800 5383 2000 5442 aperta:
2073 5386 2137 5427 ac
2193 5370 2431 5440 patenti:
2499 5377 2814 5435 tetrumque
2853 5367 3073 5421 odorem
3134 5364 3450 5439 emittenti.]
3475 5365 3608 5422 Nam
3667 5363 3718 5421 si
3755 5376 3920 5433 oper-

694 5473 806 5518 tum
850 5476 998 5519 esset
1033 5467 1372 5537 sepulcrum,
1409 5466 1790 5521 immunditias
1827 5480 2019 5520 omnes
2045 5475 2098 5520 et
2118 5479 2337 5535 gravem
2368 5461 2520 5516 illum
2552 5459 2808 5530 spiritum
2839 5458 3058 5515 celaret.

765 5547 827 5614 ⁸⁸.
855 5582 1018 5637 Juau.
1050 5596 1163 5648 xw,
1196 5587 1287 5640 23.
1343 5586 1390 5616 “
1422 5585 1595 5641 lCur.
1625 5601 1663 5652 ι,
1701 5583 1791 5640 50.

725 5775 742 5789 ι’
766 5753 876 5826 (ἓὸ)
903 5752 1087 5811 Crmce
1111 5755 1289 5822 τοῦτο,
1319 5756 1434 5811 hoc.

2009 5648 2209 5712 Variae
2234 5646 2565 5712 lectiones.

2439 5749 2549 5822 (29)
2587 5745 2907 5806 Addendum
2939 5757 3070 5819 puto
3103 5750 3191 5806 ἄν.
