4090 6324
229 334 314 399 105
1351 322 1740 386 COMMENT.
1776 319 1853 380 IN
1905 318 2034 379 PSA
2045 319 2269 382 LMOS.’

3313 320 3410 385 tor,

283 441 411 506 Ταῖς
439 423 742 507 ςιλώσσαις
787 437 984 490 αὐτῶν
1034 437 1415 493 ἐδολιοῦσαν.
1450 437 1516 490 Ei
1542 454 1626 500 τις
1657 435 1754 502 μὲν

1927 429 2146 500 Linguis
2177 431 2287 482 suis
2319 429 2494 483 dolose
2519 428 2762 498 agebant.
2820 429 2995 482 DolOSI
3049 443 3235 483 omnes
3266 448 3411 484 tuen-

217 530 391 593 δύλιος,
419 522 565 590 οὗτος
594 529 685 580 καὶ
713 527 971 595 ψεύστηςο
1005 528 1102 580 οὐκ
1126 528 1180 579 εἴ
1201 545 1281 592 τις
1297 528 1353 581 δὲ
1383 527 1643 598 ψεύστης,
1664 522 1755 580 οὗ·

216 636 294 680 τος
316 615 404 670 καὶ
437 618 624 679 δόλιος.
674 617 734 670 'H
780 617 888 685 γὰρ
912 616 1003 669 τοῦ
1029 617 1202 670 δολίου
1229 619 1558 685 κακουργία,
1593 617 1753 686 χαλε-

213 691 436 774 πωτέρα.
456 703 612 770 Λέγει
644 703 820 757 τοίνυν
852 705 932 757 ὅτι
973 704 1299 769 Ἐπιϐούλως
1323 705 1440 759 κατ’
1470 705 1604 775 ἐμοῦ
1631 706 1754 759 σύν-

212 795 487 865 εμελέτων,
524 793 620 848 καὶ
644 778 1086 849 συνεσκέπτοντο.

272 909 486 978 Κρῖνον
517 908 761 974 αὐτοὺς,
789 911 820 961 ὀ
869 908 1031 974 Θεός.
1080 907 1324 962 Τοιαῦτα
1349 907 1751 978 ἐργαζομένους

212 1003 514 1066 κατακρινε,
544 1000 574 1051 ὁ
603 997 778 1066 μισῶν
822 997 1030 1058 πάντας
1069 994 1342 1057 τοιούτους
1374 995 1448 1058 ὡς
1477 996 1590 1064 (50)
1623 1012 1757 1066 προ-

212 1086 485 1155 εδήλωσεν.

285 1193 776 1249 Ἀποπεσάτωσαν
825 1195 942 1250 ἀπὸ
981 1194 1099 1248 τῶν
1139 1195 1495 1248 διαϐουλίων
1537 1195 1751 1250 αὐτῶν.

223 1287 618 1355 Ἀστοχήτωσαν
668 1285 774 1338 τῶν
810 1284 1208 1354 βουλευμάτων.

271 1401 426 1452 Κατὰ
459 1398 523 1450 τὸ
551 1397 784 1464 πλῆθος
813 1395 928 1448 τῶν
959 1396 1245 1450 ἀσεϐειῶν
1275 1396 1469 1450 αυτῶν
1522 1396 1757 1460 ἐξωσον

210 1490 439 1552 αὐτούς.
474 1489 570 1541 Διά
593 1489 686 1556 τὴν
709 1487 960 1540 ἀσέϐειαν
988 1488 1166 1539 αὐτῶν
1197 1488 1473 1551 Ἔξωσον
1503 1490 1751 1553 αὐτούς·

211 1580 264 1632 ού
297 1580 404 1649 γὰρ
426 1579 622 1648 τιμῶσί
649 1594 707 1630 σε
729 1593 741 1607 ·
772 1581 862 1632 καὶ
894 1581 968 1648 μὴ
997 1580 1062 1632 δι’
1085 1579 1207 1650 ἐμὲ,
1243 1583 1290 1632 εἰ
1316 1583 1407 1632 καὶ
1439 1580 1528 1643 σὸς
1559 1582 1754 1650 κλῆρος

209 1670 327 1736 ἐγώ.
373 1671 440 1722 Ἢ
473 1670 568 1722 καὶ
620 1671 831 1734 ἄλλως·
888 1671 1011 1724 ὅσον
1060 1673 1195 1724 εἰσὶν
1238 1673 1474 1738 ἀσεϐεῖς,
1507 1672 1759 1724 τοσοῦτον

1863 521 2028 576 dares
2053 529 2204 584 sunt,
2239 534 2348 574 non
2381 521 2691 589 quicunque
2728 519 2955 574 mendax
2981 520 3142 574 etiam
3170 522 3410 576 delusus.

1868 610 1982 666 Doli
2054 612 2256 663 ctenim
2319 610 2510 663 vitium
2569 624 2861 680 pervorsus
2925 620 3027 664 est.
3085 612 3172 664 Ait
3229 612 3410 680 igitur,

1865 704 2008 772 quod
2041 701 2270 756 insidias
2295 711 2347 756 et
2376 701 2533 754 dolos
2569 715 2669 754 una
2702 702 2968 755 adversus
2997 718 3114 754 eam
3161 710 3415 756 contexe-

1867 793 2017 845 haut.

1933 905 2128 959 Judica
2161 905 2308 969 illos,
2345 904 2506 958 Deus.
2562 903 2667 966 Tu,
2724 904 2916 972 inquit,
2974 904 3065 971 qui
3108 903 3416 971 hujusnzodi

1867 996 2136 1057 homines,
2167 1011 2230 1048 ac
2258 996 2386 1048 talia
2422 1003 2709 1062 operantes
2731 994 2917 1059 odisti,
2951 1005 3008 1048 ut
3037 1009 3197 1062 supra
3236 1003 3418 1048 osten-

1864 1085 2019 1148 disti,
2050 1098 2145 1139 eos
2170 1085 2334 1139 etiam
2365 1085 2686 1140 condemns.

1935 1196 2191 1249 Decidant
2221 1213 2255 1249 a
2282 1195 2684 1264 cogitationibus
2715 1197 2846 1250 suis.
2884 1195 2993 1252 Iloc
3024 1206 3106 1253 est
3153 1198 3419 1251 frustren-

1867 1297 1952 1342 tur
1983 1289 2218 1358 propriis
2249 1287 2516 1342 consiliis.

1936 1401 2235 1455 Secundum
2289 1399 2676 1452 multitudinem
2738 1400 3061 1467 impietatum
3109 1417 3285 1453 eorum
3332 1415 3418 1453 cx-

1865 1491 1996 1556 pelle
2021 1507 2130 1545 eos.
2169 1490 2397 1558 Propter
2429 1491 2648 1544 illorum
2706 1489 3036 1559 impietatem
3071 1506 3186 1554 eos,
3225 1492 3418 1559 inquit.

1870 1581 2108 1651 Expelle,
2135 1583 2263 1651 quia
2293 1591 2344 1635 te
2367 1596 2475 1634 non
2507 1591 2856 1635 venerantur.
2910 1581 3094 1651 Neque
3125 1583 3265 1636 enim
3292 1597 3418 1651 pro-

1869 1681 1986 1743 pter
2014 1688 2098 1726 me
2119 1673 2171 1726 id
2205 1671 2490 1740 expostulo
2526 1690 2538 1724 :
2573 1673 2784 1726 tametsi
2813 1672 3078 1741 alioquin,
3111 1688 3230 1727 sors
3259 1683 3420 1742 atque

212 1762 396 1832 πόρρω
424 1763 520 1832 τῆς
563 1763 662 1832 σῆς
705 1764 989 1833 εὐμενείας
1039 1763 1484 1832 ἁπελαθήτωσαν.
1534 1765 1761 1848 Ἀσεϐῇς

1869 1762 2156 1816 hmreditas
2179 1769 2268 1814 tua
2290 1776 2390 1831 ego
2416 1776 2559 1816 sum.
2586 1757 2681 1814 Vel
2705 1761 2898 1815 aliter:
2925 1759 3141 1826 Quanto
3173 1762 3246 1815 illi
3269 1763 3420 1831 impii

209 1849 278 1915 δὲ,
309 1851 367 1903 ού
399 1852 554 1921 μόνον
584 1852 805 1919 ὀᾶθεος,
832 1851 966 1906 ἀλλὰ
993 1851 1088 1904 καὶ
1112 1852 1138 1903 ὁ
1165 1851 1238 1920 μὴ
1265 1854 1645 1922 προσηκόντως
1668 1858 1756 1906 τὸν

211 1942 328 1994 Θεὸν
362 1944 665 2012 σεεόμενος.

273 2243 385 2296 Ὅτι
420 2243 863 2311 παρεπίκρανὰν
887 2258 980 2306 σε,
1011 2236 1209 2310 Κῦριε.
1239 2245 1316 2297 Ού
1346 2245 1498 2314 μέλει
1533 2262 1624 2316 μοι
1650 2248 1755 2314 γὰρ

213 2333 446 2386 τοσοῦτον
468 2335 606 2403 ὑπὲρ
635 2327 710 2387 ὧν
747 2335 825 2396 εις
859 2333 957 2402 ἐμὲ
985 2332 1248 2397 ποιοῦσιν,
1295 2333 1432 2387 ἀλλὰ
1478 2335 1619 2406 ὑπὲρ
1647 2337 1757 2390 τῶν

213 2424 310 2475 σῶν
357 2423 508 2491 ἀλγῶ
529 2439 542 2454 ο
578 2422 997 2494 παρεπίκραναν
1021 2423 1129 2494 γάρ
1178 2439 1260 2485 σε,
1289 2423 1377 2476 διὰ
1416 2424 1484 2476 τὰ
1514 2429 1755 2498 προρῤηο

212 2512 359 2566 θέντα
395 2514 597 2567 τούτων
649 2513 1076 2584 ἐπιτηδεύματα.
1118 2513 1325 2576 Ἄλλως
1363 2530 1442 2566 τε·
1478 2517 1588 2570 Καὶ
1635 2519 1757 2587 ἐμοὶ

214 2605 574 2676 πολεμοῦντες,
612 2608 706 2669 τὰς
759 2606 858 2668 σὰς
887 2599 1131 2666 ςοέξιοολὰς
1179 2605 1518 2672 φυλάττοντι,
1565 2608 1624 2659 σὲ
1668 2609 1756 2660 τὸν

213 2696 331 2765 ἐμὸν
362 2697 635 2767 Δεσπότην
661 2693 1178 2768 παραπικραὶνουσι.

273 2898 374 2951 Kai
396 2899 901 2965 εὐφρανθήτωσαν
928 2899 1150 2964 πάντες
1179 2903 1232 2953 οἱ
1278 2900 1621 2964 ἐλπίζοντες
1659 2898 1757 2951 ἐπὶ

214 2987 295 3038 σέ.
327 2987 445 3039 Τῶν
475 2987 582 3040 σῶν
614 2987 723 3057 γὰρ
771 2987 982 3057 ἐχθρῶν
1031 2989 1368 3058 ἀνιωμένων,
1424 2990 1472 3041 οἱ
1517 2989 1759 3053 εὐσεϐεῖς

1867 1857 2038 1926 magis
2074 1866 2223 1919 sunt,
2252 1865 2405 1911 tanto
2438 1871 2467 1908 a
2499 1865 2586 1908 tua
2623 1853 3000 1908 benevolentia
3035 1855 3248 1925 longius
3283 1855 3421 1923 abji-

1863 1948 2101 2000 eiantur.
2134 1945 2336 2014 Impius
2355 1960 2484 1998 vero
2510 1960 2618 1998 non
2648 1945 2738 1998 ille
2771 1953 2975 1996 tantum
3022 1956 3100 2000 est
3128 1947 3218 2015 qui
3252 1946 3420 2000 Deum

1865 2051 1971 2089 non
1998 2037 2150 2100 colit,
2187 2037 2280 2090 sed
2313 2045 2367 2088 et
2395 2036 2438 2089 is
2467 2036 2560 2104 qui
2599 2049 2704 2087 non
2737 2043 2796 2088 ut
2825 2035 3076 2102 congruit
3103 2051 3222 2089 eum
3255 2051 3421 2089 vene-

1863 2140 2032 2181 ratur.

1929 2241 2189 2306 Quoniam
2225 2244 2670 2296 exacerbaverunt
2709 2253 2778 2306 te,
2823 2243 3058 2296 Domine.
3113 2242 3227 2294 Non
3283 2243 3420 2294 adeo

1861 2333 1996 2386 mihi
2048 2347 2193 2387 curae
2247 2343 2380 2387 sunt
2432 2347 2551 2402 qua:
2603 2334 2891 2388 adversum
2949 2349 3033 2386 me
3099 2343 3413 2402 operantur,

1857 2407 2116 2492 quantum
2150 2423 2308 2478 doleo
2328 2424 2398 2476 ob
2425 2439 2485 2477 ca
2516 2439 2633 2493 qua:
2666 2434 2858 2478 contra
2881 2432 2932 2478 te
2969 2433 3156 2494 agunt.
3188 2424 3416 2477 Esaecr-

1859 2515 2229 2568 harum-enim
2254 2524 2304 2569 te
2322 2515 2376 2568 in
2399 2515 2620 2582 studiis,
2644 2526 2805 2585 atque
2829 2516 2882 2569 in
2907 2515 3414 2570 conversationihus

1859 2610 1997 2673 suis,
2026 2625 2162 2678 quas
2192 2610 2448 2678 superius
2474 2613 3041 2665 commemoravimus.
3083 2611 3174 2662 Vel
3206 2611 3362 2663 aliter
3398 2627 3411 2658 ς

1859 2697 1995 2763 Quia
2057 2699 2524 2753 exacerhaverunt
2583 2708 2631 2751 te
2684 2696 2969 2750 Dominum
3017 2714 3218 2763 meum,
3286 2699 3412 2750 dum

1859 2788 1994 2843 mihi
2027 2791 2279 2842 mandata
2309 2799 2399 2842 tua
2423 2789 2736 2843 ohservanti
2771 2789 2981 2844 molesti
3017 2800 3160 2844 sunt.

1930 2897 2094 2955 Vens.
2126 2899 2212 2955 12.
2258 2899 2325 2954 Et
2374 2908 2621 2955 ta‘tentur
2670 2917 2844 2954 omnes
2881 2903 2970 2970 qui
3001 2913 3210 2969 sperant
3259 2904 3312 2952 in
3364 2912 3412 2954 te

1862 2991 2088 3056 Quoties
2112 2993 2320 3046 inimici
2355 2993 2449 3047 Dei
2488 3010 2722 3047 maerore
2756 3008 2817 3047 ac
2849 2995 3067 3069 tristitia
3091 2993 3414 3055 adiciuntur,

214 3072 490 3136 ἀντιθέτως
514 3074 815 3141 χαίρουσιν,
843 3077 925 3126 ὅτι
958 3076 1040 3128 σοὶ
1068 3076 1215 3145 μόνῳ
1235 3076 1585 3147 Θαρροῦντες,
1608 3095 1756 3147 περι-

1868 3081 2051 3138 ﬁdeles
2081 3097 2143 3136 ac
2178 3084 2250 3152 pii
2283 3085 2598 3152 t‘pticunque
2629 3093 2756 3136 snnt
2790 3099 2853 3136 ex
2883 3083 3107 3137 adverso
3137 3083 3371 3152 gaudent
3401 3102 3413 3136 :

216 3161 436 3227 γίνονται
460 3164 567 3215 τῶν
594 3165 864 3217 τοσούτων
897 3166 990 3218 καὶ
1010 3167 1360 3237 τηλικούτων.

281 3340 376 3406 Eii;
406 3347 591 3396 αιωνα
623 3342 1120 3411 ἀπολλιάσονται.
1155 3345 1300 3396 ’Λντὶ
1339 3345 1432 3398 τοῦ
1477 3346 1761 3414 διηνεκῶς,

215 3434 365 3500 ἐγγυς
393 3434 479 3487 ἀεὶ
512 3434 609 3502 τὴν
641 3433 738 3504 σὴν
769 3435 1117 3504 παράκλησιν
1142 3435 1377 3505 ἔχοντες.

274 3614 376 3667 Καὶ
404 3613 888 3679 κατασκηνώσεις
940 3615 1008 3666 ὲν
1040 3615 1264 3679 αὐτοῖς.
1309 3616 1764 3684 Ἐπαναπαυόμε-

216 3706 363 3772 νοιτῇ
398 3704 691 3774 ὡραιότητι
722 3703 828 3756 τῶν
850 3703 1034 3772 ψυχῶν
1063 3705 1262 3757 αὐτῶν.
1289 3704 1610 3771 Ἐνοικήσω
1636 3705 1762 3774 γὰρ,

217 3793 382 3860 φησὶν,
423 3793 491 3844 ἐν
515 3793 738 3856 αὐτοῖς,
770 3792 867 3846 καὶ
899 3793 1380 3860 ἐμπεριπατήσω,
1416 3795 1513 3848 καὶ
1551 3795 1763 3863 ἔσομαι

214 3881 400 3935 αὐτῶν
429 3882 590 3950 Θεὸς,
624 3884 721 3936 καὶ
754 3885 922 3938 αὐτοὶ
947 3885 1192 3938 ἔσονταί
1215 3903 1316 3952 μοι
1339 3886 1507 3950 λαός.

277 4055 380 4106 Καὶ
404 4056 814 4124 καυχήσονται
854 4057 922 4110 ἐν
950 4057 1074 4122 σοι,
1105 4061 1160 4110 οἱ
1180 4059 1525 4126 ἀγαπῶντες
1549 4061 1613 4114 τὸ
1643 4061 1765 4114 ὄνε-

213 4140 288 4207 ιιά
311 4158 441 4196 σου.
470 4145 616 4196 Διὸτι
646 4146 796 4214 μόνοι
826 4145 1062 4215 συνῆκαν
1091 4148 1179 4199 τὸν
1211 4147 1461 4218 ἀληθινὸν
1485 4149 1637 4216 Θεὸν,
1670 4152 1764 4203 καὶ

216 4235 290 4294 εἰς
316 4235 503 4287 τοῦτον
531 4237 690 4305 μόνον
719 4237 818 4299 τὰς
845 4238 1062 4302 ἐλπίδας
1088 4225 1351 4292 ἐνέθεντο.
1380 4241 1490 4292 Καὶ
1511 4241 1685 4304 ἄλλως
1712 4243 1764 4294 δὲ

214 4328 257 4376 oi
282 4327 593 4398 Χριστιανοὶ
623 4327 874 4380 τοσοῦτον
906 4331 1164 4396 ἀγαπῶσι
1188 4331 1286 4398 τὴν
1312 4331 1462 4382 θείαν
1497 4331 1591 4382 τοῦ
1621 4333 1662 4382 Χ
1674 4350 1760 4400 ρι-

216 4418 330 4470 στοῦ
353 4419 563 4486 κλῆσιν,
593 4419 668 4481 ὡς
692 4418 798 4472 ἀπὸ
844 4419 1012 4490 μόνης
1039 4420 1242 4490 ταύτης
1275 4420 1449 4474 θέλειν
1496 4420 1758 4490 γνωρίζε-
1797 4429 1837 4481 D

217 4507 347 4573 σθαι,
393 4512 487 4561 καὶ
521 4511 579 4561 ἐν
613 4509 758 4579 μόνῳ
818 4509 1036 4580 Χριστῷ
1091 4510 1420 4579 καυχῶνται,
1475 4511 1616 4563 κατὰ
1667 4512 1757 4562 τὸν

225 4597 534 4653 ’Δπόστολον
556 4615 570 4630 ο
623 4598 785 4668 Ἐμοὶ
814 4601 944 4668 γὰρ,
979 4601 1131 4669 φησι,
1153 4599 1238 4667 μὴ
1279 4599 1506 4666 γένοιτο
1539 4597 1764 4666 καυχᾶ-

215 4692 361 4755 σθαι,
383 4693 437 4744 εὶ
461 4691 545 4759 μὴ
573 4692 641 4744 ἐν
673 4689 753 4754 τῷ
784 4689 1021 4758 σταυρῷ
1062 4690 1165 4742 τοῦ
1188 4691 1410 4756 Κυρίου
1454 4687 1622 4758 ἡμῶν
1663 4691 1768 4758 ’1η-

216 4780 319 4833 σοῦ
355 4781 615 4850 Χριστοῦ
641 4821 657 4844 ,
701 4781 975 4835 τουτέστιν
1008 4782 1064 4833 ὲν
1113 4781 1190 4850 τῷ
1221 4781 1585 4848 σταυρωθέντι
1626 4781 1761 4849 Χρι-

217 4886 336 4940 στῳ.

279 4961 404 5016 Ὀτι
433 4961 514 5014 σὺ
561 4961 915 5030 εὐλογήσεις
963 4963 1215 5026 δίκαιον,
1253 4963 1447 5028 Κύριε.
1499 4961 1571 5013 Οὐ
1607 4960 1764 5030 μόνον

218 5051 346 5103 κατὰ
371 5052 463 5104 τὸν
492 5053 731 5123 παρόντα
758 5055 870 5122 βίον
900 5035 1290 5123 ἀνακηρύττων
1311 5050 1495 5116 αὑτὸν,
1519 5051 1654 5104 ἀλλὰ
1673 5054 1765 5103 καὶ

221 5142 346 5194 κατὰ
376 5143 468 5196 τὸν
492 5146 774 5214 μέλλοντα,
802 5147 928 5198 ὅταν
953 5149 1095 5214 ἐρεῖς
1115 5163 1128 5175 ο
1161 5144 1336 5198 Δεῦτε
1363 5146 1416 5196 οὶ
1437 5144 1764 5211 εὐλογημέ-

219 5249 302 5287 νοι
322 5233 427 5288 τοῦ
455 5237 684 5303 Πατρός
704 5254 842 5305 μου.
884 5237 956 5288 Σὺ
979 5237 1070 5290 οὖν
1103 5235 1416 5304 εὐλογήσεις
1452 5233 1634 5298 αὐτὸν,
1670 5234 1762 5286 καὶ

1869 3173 2014 3243 quod
2042 3174 2160 3228 solo
2189 3174 2307 3228 freti
2348 3175 2476 3236 Deo,
2517 3182 2700 3227 tantos
2732 3189 2794 3226 ac
2829 3173 2962 3227 tales
3009 3185 3263 3242 superent
3310 3175 3416 3227 ini-

1870 3269 2061 3321 mices.

1943 3357 2002 3409 In
2052 3359 2300 3410 sarculum
2333 3357 2692 3410 exsultabunt.
2723 3355 2831 3410 lloc
2862 3366 2943 3410 est
2968 3372 3182 3425 semper
3213 3367 3263 3411 ct
3296 3373 3417 3426 per-

1869 3456 2054 3516 petuo,
2108 3463 2232 3500 cum
2294 3463 2461 3516 prope
2517 3457 2675 3516 atque
2728 3448 2944 3503 assidue
2996 3448 3414 3502 consolationem

1868 3549 2016 3594 tuam
2051 3527 2286 3594 habituri
2318 3543 2450 3595 sint.

1937 3630 2004 3683 Et
2044 3631 2307 3684 habitabis
2370 3634 2422 3684 in
2473 3632 2567 3684 eis.
2624 3631 2994 3700 chuicscens
3054 3631 3306 3684 nimirum
3363 3634 3416 3684 in

1868 3719 2272 3788 pulchritudine
2306 3723 2480 3789 latque
2527 3722 2794 3789 elegantia
2847 3720 3147 3773 animarum
3179 3735 3362 3774 eorum
3403 3737 3416 3771 :

1788 3877 1792 3880 η
1868 3805 2184 3860 Ittltabitabo
2211 3809 2526 3872 cnimalibi,
2572 3809 2767 3877 inquit,
2821 3810 2872 3860 in
2926 3809 3019 3870 eis,
3068 3818 3116 3862 et
3180 3809 3418 3862 inambu-

1867 3898 2005 3960 labo,
2035 3907 2082 3950 et
2117 3914 2204 3950 ero
2244 3899 2461 3952 illorum
2505 3899 2663 3961 Deus,
2692 3910 2740 3952 et
2771 3901 2870 3964 ipsi
2909 3910 3061 3953 erunt
3097 3900 3222 3952 mihi
3255 3915 3400 3968 popu-

1867 3989 1948 4040 lus
1975 3990 2041 4040 ".

1943 4079 2098 4133 Vsus.
2142 4081 2226 4133 I5.
2283 4083 2349 4134 Et
2409 4080 2779 4149 gloriabuntur
2826 4083 2877 4132 in
2937 4093 3003 4144 te,
3053 4085 3140 4147 qui
3193 4085 3415 4153 diligunt
3492 4081 3501 4102 ⁵

1868 4185 2052 4221 nomen
2085 4179 2252 4222 tuum.
2287 4169 2422 4235 Quia
2459 4171 2666 4226 scilicet
2697 4172 2798 4241 ipsi
2845 4173 2944 4225 soli
3006 4172 3173 4225 Deum
3229 4190 3414 4229 verum

1868 4260 2277 4325 intellexerunt,
2311 4270 2476 4329 atque
2504 4262 2558 4315 in
2587 4262 2690 4316 hoc
2719 4263 2835 4316 solo
2880 4278 3030 4332 spem
3063 4279 3218 4317 suam
3251 4265 3418 4317 collo-

1867 4359 2082 4413 carunt,
2119 4349 2184 4402 Et
2217 4350 2378 4404 aliter
2426 4351 2723 4406 Christiani
2770 4353 2867 4406 viri
2921 4353 3164 4410 divinum
3211 4355 3416 4410 Christi

1868 4455 2062 4495 nomen
2120 4442 2256 4495 adeo
2309 4442 2561 4511 diligunt,
2598 4454 2653 4497 ut
2710 4460 2773 4498 es
2830 4447 2921 4500 illo
2979 4456 3185 4500 tantum
3248 4447 3418 4501 velint

1867 4533 2150 4601 cognosci.
2182 4532 2236 4586 In
2269 4535 2386 4587 solo
2418 4534 2618 4588 etenim
2652 4536 2872 4590 Christo
2894 4536 3048 4605 juxta
3100 4539 3417 4606 Apostolum

1867 4623 2196 4691 gloriantur,
2260 4623 2536 4680 dicentem
2581 4644 2594 4678 :
2633 4625 2764 4680 Mihi
2824 4638 3000 4680 autem
3043 4629 3177 4681 absit
3217 4641 3271 4682 ut
3315 4632 3417 4700 glo-

1869 4713 1993 4777 rier,
2019 4715 2126 4766 nisi
2149 4715 2203 4766 in
2227 4731 2377 4767 cruce
2409 4714 2622 4768 Domini
2647 4717 2813 4768 nostri
2831 4714 2959 4769 Iesu
2988 4716 3182 4771 Christi
3211 4719 3251 4748 ⁸⁷
3277 4735 3292 4782 ;
3319 4720 3418 4772 Ιιοο

1882 4813 1964 4856 est
1998 4803 2100 4858 nisi
2137 4804 2190 4856 in
2214 4804 2434 4860 Christo
2467 4807 2585 4874 ipso
2619 4806 2900 4861 cruciﬁxo.

1938 4975 2201 5040 Quoniam
2231 4985 2286 5027 tu
2317 4976 2583 5031 benedice:
2595 4979 2768 5045 justo,
2792 4978 3023 5032 Domine.
3062 4979 3176 5034 Non
3212 4990 3416 5036 tantum

1868 5065 1919 5118 in
1956 5067 2208 5134 prmsenti
2242 5069 2444 5122 seculo
2488 5079 2546 5123 tu
2571 5071 2653 5126 eis
2683 5069 2994 5136 benediees,
3023 5073 3206 5126 laudes
3231 5089 3418 5124 eorum

1869 5156 2129 5213 omnibus
2166 5172 2324 5213 uetas
2357 5161 2584 5222 fat-i‘ens.
2625 5163 2720 5216 sed
2755 5172 2810 5217 et
2857 5164 2910 5216 in
2945 5165 3130 5217 futuro
3161 5183 3174 5217 :
3202 5167 3418 5232 quando

1862 5247 2080 5302 vocabis
2108 5251 2430 5315 eos,diccns
2463 5268 2477 5307 :
2517 5251 2710 5319 Venite,
2737 5255 2990 5308 benedicti
3020 5253 3200 5310 Patris
3232 5261 3330 5313 mei
3353 5261 3416 5311 ⁸⁸.

286 5432 328 5464 ⁸⁸
358 5433 538 5491 Lerit.
583 5453 732 5503 nrt,
759 5439 864 5502 I2;
898 5437 916 5490 I
945 5437 1074 5492 Cor.
1111 5453 1186 5499 γι,
1222 5439 1306 5492 t6.
1403 5443 1446 5475 ⁸⁷
1488 5439 1664 5495 Galat.
1691 5458 1762 5507 γι,

1865 5477 1888 5498 η.
1967 5446 2012 5477 σ·
2039 5447 2232 5506 Matth.
2288 5454 2529 5519 xxv,5.t.

1534 5559 1730 5620 Variis
1779 5559 2078 5626 lectiones

285 5676 392 5743 (ὅθ)
423 5678 508 5732 ιον.
543 5677 944 5746 προεδήλωσας.

522 5772 786 5836 Panos.
827 5769 944 5834 GR.
978 5772 1299 5836 CXXVIII.
