4090 6324
771 409 867 471 lli

2013 401 2388 464 EUTHYMII
2436 400 2792 461 ZIGABENI

3861 393 3959 458 ii?

763 529 1092 577 convertere
1143 521 1207 574 ad
1269 535 1373 586 me,
1434 519 1627 590 inquit,
1689 520 1902 574 tametsi
1952 518 2217 584 hactenus
2244 517 2314 574 ob

2417 515 2692 586 Στράφηθι
2729 515 2863 584 πρός
2886 531 2971 585 με,
3004 513 3052 566 εἰ
3081 513 3172 566 καὶ
3197 511 3548 583 ἀπεστράφῃς
3599 510 3667 564 δι’
3695 509 3730 564 ἃ
3785 511 3959 580 ἥμαρ-

709 685 712 690 .
766 625 985 683 peccata
1015 628 1132 666 mea
1163 627 1384 667 aversus
1420 612 1591 666 lueris
1618 626 1647 664 a
1685 625 1770 665 me
1799 628 1810 664 :
1845 620 1898 664 et
1951 611 2101 680 eripe
2133 625 2216 664 me
2247 625 2311 664 ex

768 704 1170 778 :tlllictiouibus.

834 792 1050 847 Salvum
1082 808 1161 844 me
1195 791 1280 860 {ac
1300 801 1507 859 propter
1556 790 1969 843 misericordiam
2006 799 2168 843 tuam.
2195 788 2312 844 Non

764 886 834 938 ob
855 885 1081 937 virtutes
1113 898 1281 945 meas,
1316 882 1514 950 inquit,
1549 881 1600 934 id
1629 891 1787 950 peto;
1815 882 1991 935 nullas
2041 881 2181 936 enim
2211 881 2310 936 ha-

770 978 870 1029 beo
903 975 1100 1043 quibus
1131 973 1181 1028 id
1207 987 1437 1027 merear.

838 1062 998 1117 Vens.
1033 1063 1086 1117 6.
1123 1063 1384 1128 Quoniam
1433 1080 1534 1117 non
1587 1073 1662 1116 est
1703 1064 1757 1116 in
1813 1072 1976 1116 morte
2005 1065 2092 1132 qui
2119 1078 2314 1115 memor

767 1153 832 1206 sit
867 1153 962 1206 tui.
1024 1151 1124 1206 Per
1185 1161 1449 1218 mortem,
1493 1165 1771 1222 peceatum
1826 1152 2074 1221 intelligit
2123 1155 2314 1205 mortis

768 1245 1074 1297 ministrum
1109 1243 1217 1307 ;ab
1257 1243 1409 1296 initio
1471 1244 1614 1295 enim
1676 1251 1958 1311 peccatum
2014 1242 2314 1295 introduxit

768 1341 1029 1394 mortem;
1061 1333 1135 1384 ait
1193 1331 1376 1399 igitur.
1429 1333 1571 1400 quod
1599 1331 1690 1400 qui
1719 1340 1997 1399 peccatum
2023 1330 2171 1395 facit,
2206 1346 2312 1384 non

765 1431 849 1476 est
871 1431 996 1474 tunc
1049 1420 1140 1474 Dei
1198 1436 1420 1474 memor.
1481 1421 1577 1474 Est
1620 1421 1943 1485 enim,velut
1994 1421 2183 1474 ebrius
2221 1429 2314 1473 aut

763 1512 1088 1573 obeaecatus,
1119 1510 1212 1578 qui
1243 1520 1449 1579 peccat.
1486 1508 1582 1564 Vel
1638 1521 1867 1564 mortem
1924 1510 2157 1580 appellat
2183 1520 2316 1564 tem-

765 1617 865 1668 pus
892 1602 1101 1662 mortis,
1129 1603 1257 1668 quia
1293 1601 1383 1654 ubi
1434 1601 1557 1669 quis
1588 1609 1834 1655 mortuus
1866 1603 2046 1665 l'uerit,
2079 1603 2312 1656 ablatum

765 1695 812 1746 ei
843 1700 947 1754 est,
985 1702 1040 1745 ut
1087 1693 1256 1759 possit
1284 1693 1516 1761 amplius
1552 1691 1643 1745 Dei
1685 1691 1981 1756 reminisci,
2018 1701 2112 1747 aut
2147 1692 2311 1747 Deum

766 1798 972 1851 rogare.
1007 1783 1231 1838 Inutiles
1254 1783 1400 1836 enim
1428 1791 1556 1836 tunc
1576 1790 1764 1837 essent
1797 1797 1987 1838 omnes
2026 1797 2238 1852 preces.

837 1872 901 1924 In
965 1873 1168 1940 inferno
1208 1883 1381 1924 autent
1442 1873 1558 1940 quis
1595 1872 1930 1938 conﬁtebitur
1956 1934 1960 1938 _
1985 1873 2077 1924 tibi
2104 1873 2129 1925 Ρ
2175 1875 2313 1926 Ante

767 1975 989 2016 mortem
1022 1980 1053 2030 p
1075 1964 1279 2016 enitere
1309 1979 1466 2030 quem
1498 1963 1709 2032 potest?
1770 1970 1890 2032 post
1918 1972 2142 2016 mortem
2188 1977 2314 2018 vero

765 2053 1142 2105 retributionis
1174 2053 1542 2104 tantummodo
1587 2059 1800 2119 tempus
1838 2059 1922 2104 est
1954 2049 2086 2120 (51).

839 2141 996 2196 Vsus.
1032 2142 1079 2193 7.
1123 2139 1384 2194 Laboravi
1435 2143 1487 2192 in
1544 2142 1739 2210 gemitu
1794 2157 1928 2205 meo,
1987 2142 2170 2194 lavabo
2222 2157 2314 2209 per

766 2232 998 2299 singulas
1046 2241 1218 2283 noctes
1275 2230 1464 2282 lectum
1522 2246 1708 2294 meum,
1740 2231 1988 2299 lacrymis
2019 2232 2144 2285 meis
2174 2242 2316 2285 stra-

771 2333 878 2372 tum
908 2336 1076 2385 meum
1101 2321 1302 2388 rigabo.
1343 2319 1460 2372 Non
1486 2320 1806 2387 simpliciter
1833 2321 2090 2385 laboravi,
2116 2321 2314 2390 inquit,

769 2414 863 2466 sed
887 2427 1008 2466 cum
1032 2410 1320 2480 gemitibus
1349 2426 1364 2474 ;
1397 2425 1518 2478 quae
1569 2425 1655 2464 res
1695 2410 2054 2465 intensionem
2094 2411 2317 2467 denotat

772 2502 986 2554 laboris.
1019 2499 1125 2554 Nec
1183 2499 1503 2567 simpliciter
1552 2500 1715 2553 etiam
1767 2501 1907 2555 dixit
1950 2519 1965 2555 :
2032 2500 2312 2555 Eliundam

773 2593 1170 2660 lacrymas,scd
1202 2588 1410 2643 Lavabo
1463 2590 1650 2642 lectum
1685 2607 1855 2644 meum
1887 2608 1904 2644 :
1936 2607 2113 2662 neque
2152 2594 2206 2646 id
2233 2608 2317 2648 se-

772 2681 879 2734 mel
908 2686 1116 2732 tantnm
1153 2678 1373 2741 faciam,
1405 2678 1602 2746 inquit,
1637 2688 1728 2731 aut
1762 2679 2024 2742 secundo,
2075 2680 2167 2735 sed
2214 2679 2317 2733 Per

771 2771 1005 2840 singulas
1032 2779 1224 2822 noctes.
1261 2769 1326 2821 Et
1352 2769 1478 2837 quia
1507 2769 1558 2820 in
1588 2769 1677 2822 die
1707 2768 1868 2822 varia:
1903 2785 1987 2824 me
2031 2771 2318 2839 cogitatio-

772 2877 870 2916 nes
909 2859 1242 2920 distrahunt,
1274 2858 1467 2910 iaciam
1517 2859 1715 2926 quietis
1762 2867 1972 2928 tempus
2019 2859 2318 2913 confessio-

775 2954 860 3006 nis
887 2965 1024 3016 esse,
1092 2950 1304 3004 nemine
1368 2949 1574 3002 scilicet
1644 2963 1729 3002 me
1760 2958 1891 3004 tunc
1925 2950 2315 3018 perturbante;

773 3040 1268 3098 commodissimum
1306 3040 1447 3092 enim
1479 3049 1561 3092 est
1593 3039 1658 3091 ad
1689 3037 2060 3106 pcenitentiam
2087 3038 2139 3091 id
2175 3045 2317 3090 tem-

774 3150 893 3202 pus.
932 3131 1083 3197 Quoi
1117 3144 1240 3182 vero
1271 3129 1345 3181 ait
1376 3144 1394 3184 :
1434 3127 1701 3198 Larrymis
1736 3129 1862 3181 meis
1893 3136 2116 3180 stratum
2145 3144 2315 3181 meum

2417 622 2508 658 τον
2542 622 2556 636 ·
2587 605 2683 658 καὶ
2710 605 2896 670 ἐξελοῦ
2942 622 3008 676 με
3030 604 3137 658 τῶν
3169 603 3418 672 θλίψεων.

2485 781 2693 836 Σῶσόν
2742 799 2817 850 με
2844 783 3055 837 ἕνεκεν
3109 783 3213 835 τοῦ
3269 781 3445 836 ἐλέου
3483 797 3620 836 σου.
3653 781 3728 834 Οὐ
3757 781 3838 834 διὰ
3865 782 3962 844 τὰς

2411 873 2549 943 ἐμὰς
2578 873 2773 943 ἀρετὰς
2796 891 2810 904 ο
2845 874 2943 926 οὐκ
2979 873 3088 942 ἔχω
3114 873 3240 944 γάρ.

2482 1050 2601 1101 ’Ότι
2658 1051 2767 1102 οὐκ
2825 1048 2996 1102 ἔστιν
3028 1049 3098 1101 ἐν
3145 1047 3224 1113 τῷ
3261 1047 3493 1113 θανάτῳ
3517 1049 3549 1100 ὁ
3570 1047 3962 1116 μνημονεύων

2412 1153 2547 1193 σου.
2607 1139 2849 1192 Θάνατον
2901 1139 3056 1191 καλεῖ
3110 1141 3205 1208 τὴν
3260 1139 3554 1209 ἁμαρτίαν,
3595 1139 3670 1200 ὡς
3731 1138 3961 1191 Θανάτου

2411 1231 2698 1300 πρόξενονο
2745 1231 3022 1302 καταρχὰς
3061 1231 3166 1300 γὰρ
3209 1230 3244 1300 ἡ
3283 1229 3548 1299 ἁμαρτία,
3601 1228 3690 1281 τὸν
3735 1226 3960 1280 θάνατον

2412 1322 2799 1390 ἐπεισήγαγεν.
2851 1323 2985 1389 Φησὶ
3019 1320 3169 1388 γοῦν,
3207 1322 3282 1384 ὡς
3316 1320 3343 1370 ὁ
3368 1321 3465 1389 τὴν
3500 1319 3769 1388 ἁμαρτίαν
3793 1319 3962 1387 πράτ-

2411 1430 2539 1475 των,
2572 1415 2631 1467 οὐ
2667 1413 2996 1482 μνημονεύει
3027 1411 3327 1482 τηνικαῦτα
3365 1411 3522 1476 Θεοῦ,
3558 1409 3771 1480 μεθύων
3801 1410 3956 1478 αὐτῇ,

2411 1505 2505 1557 καὶ
2527 1503 2953 1572 πεπωρωμένος.
3004 1503 3075 1553 Ἦ
3111 1500 3337 1554 θάνατον
3375 1500 3522 1566 λέγει
3567 1499 3656 1552 τὸν
3706 1498 3814 1550 ἀπὸ
3862 1498 3960 1564 τῆς

2409 1591 2664 1657 τελευτῆς
2693 1588 2910 1658 καιρόν·
2946 1588 3064 1657 μεθ’
3093 1587 3121 1640 ὃ
3167 1589 3275 1658 γὰρ
3304 1587 3617 1657 τελευτήσει
3660 1603 3763 1648 τις,
3796 1586 3959 1652 ἀφαι-

2415 1687 2586 1754 ρεῖται
2615 1682 2676 1734 τὸ
2705 1681 3083 1750 μνημονεύειν,
3113 1681 3229 1750 ἤτοι
3272 1679 3608 1747 παρακαλεῖν
3656 1678 3746 1732 τὸν
3783 1677 3913 1730 Θεόν
3941 1692 3958 1708 ο

2411 1775 2640 1843 ἀνόνητα
2663 1774 2787 1843 γάρ.

2494 1867 2590 1918 Ἐν
2619 1865 2686 1917 δὲ
2723 1863 2803 1928 τῷ
2831 1865 2964 1932 ἅδῃ,
2997 1863 3086 1928 τίς
3123 1861 3632 1932 ἐξομολογήσεται
3663 1877 3760 1914 σοι
3782 1876 3818 1922 ;ι
3853 1861 3962 1930 Πρὸ

2413 1955 2506 2008 τοῦ
2539 1955 2766 2008 θανάτου
2796 1957 2903 2024 γὰρ
2937 1956 2970 2024 ἡ
3003 1955 3258 2024 μετάνοια
3301 1954 3507 2022 γίνεται
3531 1968 3544 1983 ·
3601 1951 3659 2004 τὸ
3716 1950 3962 2003 ἐντεῦθεν

2411 2045 2489 2111 δὲ,
2519 2046 2707 2115 καιρὸς
2748 2045 2904 2114 μόνον
2931 2045 3354 2108 ἀνταποδόσεως.

2495 2136 2821 2190 Ἐκοπίασα
2835 2135 2903 2189 ἐν
2923 2133 3001 2201 τῷ
3034 2133 3344 2204 στεναγμῷ
3395 2151 3534 2204 μου,
3583 2134 3789 2188 λούσω
3836 2130 3962 2185 καθ’

2413 2228 2677 2296 ἑκάστην
2704 2229 2892 2285 νύκτα
2919 2228 3033 2296 τὴν
3062 2229 3278 2294 κλίνην
3296 2243 3436 2296 μου,
3466 2226 3535 2279 ἐν
3567 2225 3826 2292 δάκρυσί
3849 2242 3963 2292 μου

2413 2319 2526 2387 τὴν
2562 2319 2882 2389 στρωμνήν
2904 2337 3022 2389 μου
3055 2319 3276 2387 βρέξιο.
3325 2319 3440 2387 Οὐχ
3499 2317 3682 2380 ἁπλῶς
3734 2315 3960 2384 ἔκαμον,

2414 2410 2549 2464 ἀλλὰ
2603 2411 2696 2463 καὶ
2727 2411 3011 2474 ἐκοπίασα,
3047 2409 3317 2472 στενάζων
3350 2425 3363 2438 ο
3398 2407 3558 2461 τοῦτο
3609 2408 3716 2475 γὰρ
3766 2405 3960 2458 ἐπίτα-

2417 2511 2529 2562 σις*
2561 2498 2656 2552 καὶ
2696 2500 2795 2569 οὐχ
2822 2499 3011 2561 ἁπλῶς
3037 2499 3308 2568 δακρύσω,
3343 2496 3480 2550 ἀλλὰ
3510 2499 3604 2549 καὶ
3650 2495 3828 2548 λοὺσω
3871 2494 3963 2562 τὴν

2415 2589 2601 2659 κλίνην
2641 2605 2765 2658 μου,
2794 2589 2889 2642 καὶ
2909 2589 3004 2658 οὐχ
3029 2588 3171 2653 ἅπαξ
3209 2588 3240 2658 ἢ
3289 2588 3392 2652 δὶς,
3415 2587 3551 2639 ἀλλὰ
3581 2587 3700 2639 καθ’
3728 2587 3964 2654 ἑκάστην

2415 2681 2604 2734 νύκτα.
2656 2680 2808 2733 Ἐπεὶ
2835 2680 2942 2750 γὰρ
2976 2681 3038 2732 ὲν
3066 2680 3299 2750 ἡμέραις
3323 2677 3657 2748 περισπῶσιν
3705 2677 3760 2729 αἱ
3799 2692 3963 2744 φρον-

2416 2769 2578 2831 τίδες,
2603 2767 2694 2820 τὸν
2717 2771 2815 2836 τῆς
2842 2784 2844 2788 '
2868 2767 3225 2830 ἀναπαύσεως
3278 2767 3486 2838 καιρὸν,
3527 2765 3964 2836 ἐξομολογήσεως

2418 2857 2608 2926 καιρὸν
2647 2855 2756 2924 ἐγὼ
2787 2857 3104 2927 ποιήσομαι,
3129 2857 3355 2926 μηδενὸς
3381 2856 3727 2926 ἐνοχλοῦντος
3751 2873 3764 2886 ·
3811 2855 3962 2907 εὔθε-

2416 2963 2506 3008 τος
2557 2945 2664 3014 γὰρ
2709 2947 2737 2998 ὁ
2785 2946 2974 3016 καιρὸς
3029 2939 3182 3009 οὗτος
3243 2947 3324 3008 εἰς
3384 2945 3689 3015 μετάνοιαν.
3743 2946 3852 2998 Τοῦ
3909 2945 3964 2998 δὲ

2417 3037 2650 3099 Λυύσω,
2679 3037 2769 3089 καὶ
2798 3036 2904 3088 τῶν
2936 3037 3091 3106 ἑξῆς,
3119 3036 3196 3101 τὸ,
3264 3039 3364 3090 Ἐν
3396 3037 3652 3104 δάκρυσί
3691 3055 3834 3106 μου,
3873 3038 3966 3089 καὶ

2418 3127 2486 3180 τὰ
2507 3127 2652 3196 ἑξῆς,
2676 3129 3111 3198 ὲφερμηνευτικά
3134 3129 3296 3194 ἐστιν,
3316 3129 3390 3192 ὡς
3418 3128 3739 3198 σαφέστερα.
3781 3127 3970 3180 ’Δκούο

775 3221 974 3293 rigabo,
1030 3218 1329 3289 expositive
1387 3219 1589 3271 dit-tum
1627 3225 1711 3271 est
1759 3217 1822 3270 ad
1858 3216 2232 3286 praecedentia,
2265 3226 2315 3270 et

2426 3233 2604 3286 σωμεν
2667 3219 2720 3270 oi
2775 3216 2981 3270 ἰδιῶται
3018 3217 3277 3286 βασιλέως
3319 3217 3627 3288 μετάνοιαν,
3655 3218 3747 3268 καὶ
3793 3215 3970 3285 ζηλώ-

775 3311 841 3363 ad
873 3311 1157 3364 clariorem
1211 3321 1430 3360 sensum
1481 3307 1696 3359 illorum
1743 3306 2030 3360 verborum
2065 3319 2080 3355 :
2110 3303 2315 3356 Lavaba

2425 3322 2626 3375 σωμεν.
2666 3307 3030 3374 Προϐάλλεται
3055 3309 3110 3360 δὲ
3144 3307 3320 3361 ταῦτα
3343 3313 3423 3372 εἰς
3457 3307 3708 3378 ἀφορμὴν
3765 3307 3967 3371 ἐλέους,

772 3415 864 3468 per
890 3399 1124 3466 singulas
1155 3404 1328 3448 noctes
1375 3396 1562 3447 lectum
1624 3409 1810 3448 meum.
1871 3394 2169 3448 Audiamus
2193 3409 2315 3448 vero

2425 3395 2511 3449 ἵνα
2551 3396 2868 3465 καὶμᾶλλον
2897 3397 3091 3467 κάμψῃ
3123 3398 3209 3450 τὸν
3250 3398 3644 3467 εὕσπλαγχνον,
3706 3398 3780 3466 μή
3837 3413 3967 3449 ποτε

774 3501 875 3540 nos
938 3483 1248 3538 homunculi
1290 3483 1420 3534 tanti
1474 3482 1616 3550 regis
1649 3481 2046 3549 paenitentiam,
2089 3496 2315 3551 eamque

2424 3485 2483 3536 τδ
2510 3486 2609 3552 τῆς
2644 3485 3010 3555 ταλαιπωρίας
3057 3486 3388 3558 ὑπερόἀλλον
3428 3487 3738 3557 καταϐάλλει
3768 3488 3866 3555 τὴν
3909 3487 3971 3538 ὲν

777 3578 1068 3629 imitemur.
1096 3571 1329 3625 PrOtulit
1357 3579 1532 3622 autem
1564 3569 1677 3623 haec
1707 3570 1873 3624 verba
1905 3571 2094 3624 beatus
2127 3570 2314 3636 David,

2424 3575 2570 3644 αὐτῷ
2598 3575 2843 3645 δύναμιν,
2878 3578 2970 3631 καὶ
2994 3578 3261 3649 ἄχρηστον
3289 3580 3685 3650 ἀπεργάσηται.

776 3667 842 3722 ad
865 3665 1202 3720 excitandam
1237 3664 1291 3715 in
1324 3677 1380 3716 se
1414 3660 1841 3716 misericordiam
1872 3661 1986 3727 Dei,
2020 3670 2183 3732 utque
2228 3665 2292 3718 ad
2328 3681 2444 3721 eam
2479 3658 2644 3725 Deum
2677 3672 2847 3742 magis
2872 3671 3108 3728 ﬂecteret
3160 3691 3173 3726 :
3231 3689 3298 3727 ne
3356 3674 3646 3743 aliquando
3714 3673 3969 3728 fortassis

775 3758 999 3825 grandis
1044 3754 1416 3807 calamitatum
1447 3753 1700 3806 cumulus
1747 3754 1889 3808 vires
1915 3769 2041 3811 suas
2074 3765 2460 3828 prosterneret,
2485 3771 2644 3832 atque
2676 3780 2799 3820 eum
2833 3765 3076 3819 inutilem
3107 3765 3375 3820 redderet.

851 3849 1014 3904 Vens.
1044 3849 1096 3903 8.
1127 3845 1388 3901 Turbatus
1404 3857 1481 3901 est
1505 3863 1536 3900 a
1560 3847 1737 3914 furore
1765 3849 1946 3902 oculus
1982 3866 2141 3904 mens.
2177 3849 2315 3905 Ocu-

2507 3857 2826 3926 Ἐταράχθη
2858 3857 2973 3910 ἀπὸ
2997 3857 3182 3926 θυμοῦ
3206 3861 3238 3912 ὀ
3264 3859 3566 3928 ὀφθαλμός
3587 3877 3724 3928 μου.
3779 3861 3839 3914 Ὀ
3872 3863 3972 3931 τῆς

777 3941 860 3993 lus
893 3938 1086 3990 animm
1138 3936 1370 4001 scilicet,
1434 3937 1536 3990 hoc
1581 3946 1663 3990 est
1693 3951 1844 3992 mens
1874 3953 2013 3993 mea.
2055 3940 2315 3996 Conside-

2421 3945 2599 4014 ψυχῆς
2633 3947 2851 4016 δηλαδὴ,
2884 3948 3156 4002 τουτέστιν
3201 3949 3230 4002 ὁ
3261 3947 3382 4012 νοῦς
3408 3965 3422 3980 ’
3474 3950 3668 4004 ἐννοῶν
3725 3953 3834 4022 γὰρ
3880 3955 3970 4008 τὸν

777 4043 902 4082 rans
927 4026 1069 4080 enim
1093 4039 1212 4094 ego,
1246 4025 1440 4094 inquit,
1490 4023 1728 4080 furorem
1781 4025 2042 4081 adversus
2069 4038 2315 4096 peccato-

2424 4035 2592 4105 θυμόν
2626 4053 2744 4101 σου,
2783 4037 2872 4090 τὸν
2911 4038 3164 4108 ἐνήμέρίι
3192 4040 3424 4110 κρίσεως
3452 4040 3589 4093 κατά
3633 4041 3738 4095 τῶν
3781 4043 3968 4115 ἁμαρ-

778 4135 886 4180 res.
922 4119 974 4172 in
1006 4118 1092 4171 die
1142 4116 1356 4184 iudicii,
1391 4117 1737 4172 vehementer
1785 4119 2137 4185 perturbatus
2167 4136 2313 4174 sum.

2422 4125 2627 4193 τωλῶν,
2685 4127 2802 4180 λίαν
2843 4128 3218 4199 τεθορύϐηται.
3278 4130 3575 4200 Προσφυῶς
3631 4132 3687 4186 δὲ
3723 4133 3813 4187 τὸν
3842 4134 3969 4187 νοῦν

776 4211 1022 4277 Congrue
1065 4221 1188 4260 vero
1257 4216 1490 4260 mentem
1551 4209 1723 4274 ipsam
1751 4209 1968 4260 oculum
2008 4210 2315 4277 appellavit,

2422 4216 2696 4286 ὀφθαλμὸν
2734 4218 3010 4285 ἐκάλεσεν,
3043 4220 3118 4284 ὡς
3175 4220 3468 4291 ὁδηγοῦντα
3524 4221 3617 4275 τὸν
3660 4224 3970 4294 ἄνθρωπον.

776 4301 939 4354 veluti
1004 4299 1095 4368 qui
1143 4297 1430 4352 itineribus
1487 4296 1736 4351 onmibus
1804 4297 1913 4351 dux
1961 4308 2062 4353 est.
2111 4297 2242 4351 Nam
2267 4309 2315 4353 et

2426 4306 2570 4370 Νοῦς
2601 4309 2708 4378 γὰρ
2735 4311 2854 4380 ὁρᾷ,
2892 4313 2982 4363 καὶ
3010 4311 3132 4374 νοῦς
3163 4312 3368 4367 ἀκούει.
3428 4313 3583 4376 Τινὲς
3629 4314 3687 4367 δὲ
3729 4315 3821 4366 καὶ
3877 4316 3967 4368 τὸν

773 4408 930 4446 mens
969 4391 1110 4464 videt
1169 4399 1224 4443 et
1255 4388 1426 4442 audit.
1481 4388 1658 4456 Aliqui
1693 4389 1853 4442 etiam
1885 4389 2071 4444 dicunt
2098 4392 2315 4445 oculum

2423 4395 2516 4447 τοῦ
2552 4391 2806 4465 σώματος·
2824 4399 3098 4467 ὀφθαλμὸν
3129 4401 3294 4454 αὑτοῦ
3325 4404 3456 4470 φασὶ
3480 4403 3828 4470 τεταράχθαι,
3872 4403 3969 4455 Θυ-

779 4482 1024 4551 corporis
1050 4455 1192 4534 beati
1229 4479 1393 4533 David
1427 4479 1798 4548 perturbatum
1823 4477 2012 4545 fuisse,
2037 4496 2178 4533 (cum
2205 4487 2315 4536 ira-

2429 4451 2697 4554 poupévbu
2734 4451 2878 4540 κᾷτά
2905 4451 3015 4540 te;
3034 4451 3288 4558 ἐχθρῶνῖ
3324 4451 3456 4543 ἱδὶᾶᾁ
3492 4451 3968 4560 ξάῖἷεῐιᾷὲιῗέσζν

783 4583 869 4626 Ius
900 4568 1348 4636 esset.adversus
1406 4569 1678 4622 inimicos.
1723 4567 2011 4636 Proprium
2070 4570 2212 4622 enim
2263 4585 2315 4624 ac

2425 4577 2562 4642 ἄγαν
2593 4576 2976 4647 ὀργιζομένων.

780 4662 1048 4728 peculiare
1085 4667 1167 4714 est
1204 4659 1272 4714 lis
1301 4657 1396 4727 qui
1447 4657 1778 4720 irascuntur,
1809 4666 1866 4711 ut
1895 4658 2038 4712 oculi
2080 4659 2160 4713 eis
2212 4667 2324 4712 tur-

783 4752 995 4804 bentur.
1024 4796 1033 4800 _

852 4839 1174 4892 Inveteratus
1213 4853 1324 4890 sum
1361 4838 1492 4889 inter
1523 4853 1696 4892 omnes
1739 4839 1980 4892 inimicos
2029 4853 2188 4892 meos.
2221 4838 2315 4894 Ve-

2505 4837 2913 4907 Ἔπαλαιώθην
2936 4841 3006 4894 ἐν
3041 4840 3190 4899 πᾶσι
3215 4841 3336 4909 τοῖς
3357 4841 3590 4913 ἐχθροῖς
3621 4861 3758 4914 μου.
3801 4845 3967 4916 Δίκην

781 4929 1161 4982 ιιιτειεοθηιίυηι
1193 4929 1637 4981 vestimentorum
1672 4928 1843 4982 instar
1891 4929 2165 4997 neglectus
2202 4945 2315 4984 sum

2421 4929 2529 4983 τῶν
2559 4930 3022 5000 πεπαλαιωμένων
3053 4933 3281 5002 ἱματίων
3308 4934 3609 5005 ἡτιμῶθην,
3651 4937 3747 4990 καὶ
3800 4954 3967 4992 κατε-

781 5033 845 5072 ac
870 5019 1163 5086 vilipensus
1207 5017 1275 5069 ab
1322 5016 1558 5071 inimicis
1594 5018 1728 5071 meis
1777 5034 1790 5072 :
1849 5019 1940 5088 qui
1989 5025 2164 5073 tamen
2202 5030 2315 5074 ante

2424 5019 2698 5091 φρονήθην
2738 5020 2842 5074 ὑπὸ
2869 5021 2975 5074 τῶν
2997 5022 3228 5094 ἐχθρῶν,
3249 5023 3356 5076 τῶν
3385 5024 3730 5097 φοϐουμένων
3756 5043 3826 5095 με
3861 5032 3966 5102 πρὸ

778 5107 1070 5161 commissa
1092 5121 1119 5158 a
1163 5122 1245 5159 me
1271 5105 1484 5168 delicta,
1516 5108 1778 5161 timebant
1810 5123 1918 5165 me.
1965 5107 2061 5162 Vel
2116 5108 2318 5162 luceta-

781 5207 926 5249 ratus
958 5212 1092 5257 sum,
1128 5195 1228 5247 hoc
1268 5206 1351 5248 est
1393 5195 1622 5248 debilior
1663 5197 1908 5253 eﬂectus.
1965 5195 2129 5254 Senes
2173 5200 2315 5252 enim

779 5288 1066 5342 debiliores
1095 5287 1298 5340 viribus
1331 5284 1467 5339 εξίίἰεὶ
1498 5287 1694 5340 solent.

851 5375 1013 5430 Vens.
1065 5376 1117 5428 9.
1158 5375 1416 5429 Discedite
1467 5393 1498 5428 a
1554 5392 1632 5428 me
1671 5392 1844 5432 omnes
1900 5379 1988 5446 qui
2029 5381 2312 5447 operamini

2426 5110 2522 5178 τῆς
2552 5111 2841 5179 ἁμαρτίας.
2875 5113 2945 5164 Ἦ
2971 5112 3373 5182 ἐπαλαιώθην,
3398 5115 3520 5171 ἀντὶ
3561 5116 3654 5170 τοῦ
3705 5117 3966 5192 Ἠσθένη-

2428 5213 2495 5250 σα
2525 5215 2538 5230 ·
2569 5201 2618 5252 οἱ
2649 5203 2866 5271 γηραιοὶ
2897 5203 3024 5272 γὰρ,
3055 5201 3316 5266 ἀσθενεῖς.
3839 5200 3850 5208 ’

2504 5374 2830 5445 ’Λπόστητε
2862 5377 2963 5430 ἀπ’
3002 5376 3180 5447 ἐμοῦ,
3235 5380 3454 5446 πάντες
3497 5383 3552 5436 οι
3598 5381 3965 5454 ἐργαζόμενοι

783 5467 1126 5534 iniquitatem.
1158 5464 1540 5534 Sentiensjam
1587 5480 1648 5520 ac
1689 5480 2018 5537 cognoscens
2073 5469 2311 5523 divinum

2414 5465 2536 5534 ,τὴν
2570 5468 2844 5538 ἀνομίαν.
2880 5470 3205 5542 Δισθόμενος
3240 5472 3338 5544 ἠδη
3359 5472 3457 5543 τῆς
3483 5475 3635 5548 παρὰ
3654 5474 3791 5531 Θεοῦ
3821 5494 3963 5550 συμ-

2072 5638 2266 5700 Variae
2294 5639 2619 5703 lectiones.

854 5734 967 5802 (5])
1020 5716 1203 5788 Graeca
1248 5737 1405 5790 verba
1451 5737 1532 5792 sic
1569 5755 1582 5793 :
1625 5736 1758 5790 Ante
1804 5746 2017 5793 mortem
2066 5740 2199 5792 enim
2246 5741 2307 5808 ﬁt
2347 5743 2661 5799 uanitentia.
