4090 6324
734 283 835 344 illi

1979 289 2354 348 EUTHYMII
2403 293 2754 356 ZIGABENI

3841 303 3928 365 illi

733 397 916 464 copias
949 395 1274 462 colligendi:
1307 405 1365 448 ut
1393 396 1446 448 in
1498 395 1651 450 libris
1696 394 1897 465 Regum
1946 395 2106 447 latins
2158 397 2273 449 scri-

2384 402 2573 465 λείας.
2603 402 2785 466 Οὕτως
2818 405 2908 457 οὖν
2939 409 3030 460 καὶ
3063 410 3189 472 υίὸς
3218 410 3439 475 δεξιᾶς,
3469 413 3497 462 ὁ
3534 413 3702 476 δεξιός
3749 430 3805 465 τε
3845 418 3930 466 καὶ

733 495 881 556 ptum
907 487 1190 554 reperitur.
1218 486 1296 539 Ab
1321 485 1631 553 bujus’modi
1665 484 1826 554 igitur
1853 493 2074 538 strenuo
2102 500 2286 553 opere,

733 575 1148 646 appellationem
1176 576 1314 630 hanc
1337 576 1502 630 (Ihusi
1523 585 1848 630 consecutus
1864 585 1967 641 est,
1996 585 2053 628 ut
2078 574 2286 629 Jemeni

732 670 874 723 ﬁlius
891 670 1181 724 diceretur.
1217 667 1274 722 Si
1303 668 1519 738 quidem
1562 668 1763 723 Jemeui
1783 667 1993 722 dextera
2015 670 2285 738 interpre-

729 760 1005 830 tatur(3'5).
1035 760 1147 815 Mos
1165 775 1292 814 vero
1307 774 1391 815 εει
1412 759 1702 830 Scriplura:
1723 775 1908 824 sacras,
1933 761 1998 814 ab
2016 761 2286 813 exercitiis

729 851 1000 918 aliquibus
1032 867 1128 906 seu
1163 850 1385 916 studiis,
1417 860 1672 921 tanquam
1726 867 1754 903 a
1780 853 2092 920 parentibus
2144 851 2285 906 ﬁlios

729 942 1100 1006 denominarc,
1135 943 1298 996 veluti
1329 944 1500 1011 ﬁlium
1532 945 1673 1012 pacis
1699 983 1713 1007 ,
1749 943 1918 1011 filium
1968 943 2235 1011 sapientia!
2267 984 2282 1010 ,

726 1039 779 1084 et
827 1031 994 1100 ﬁlium
1043 1032 1398 1100 perditionis;
1453 1034 1526 1086 ita
1573 1033 1734 1087 etiam
1781 1041 1832 1086 et
1875 1033 2017 1100 ﬁlius
2060 1036 2283 1087 dexteris

725 1122 814 1176 ille
843 1123 1061 1186 dicitur,
1095 1125 1187 1193 qui
1228 1124 1418 1178 dexter
1457 1131 1510 1179 cl
1561 1124 1877 1178 commodus
1918 1124 2092 1176 amico
2121 1123 2282 1178 fuerit

721 1212 957 1282 adjutor.
996 1213 1130 1268 illud
1166 1215 1330 1270 etiam
1376 1213 1914 1268 animadverti-nilum
1950 1225 2028 1269 est
2057 1256 2071 1278 ,
2127 1217 2273 1285 quod

721 1305 1006 1375 inscriptio
1045 1306 1176 1360 dicit
1207 1322 1305 1375 pro
1331 1308 1499 1362 verbis
1529 1305 1692 1360 Cltusi
1718 1321 1736 1359 :
1769 1317 1820 1358 ct
1847 1314 2028 1358 tamen
2079 1307 2130 1359 in
2168 1315 2281 1362 toto

719 1397 949 1464 psalmo,
989 1396 1260 1468 Propheta
1302 1397 1504 1450 nullam
1533 1395 1700 1450 Clmsi
1747 1397 2057 1450 memoriam
2116 1397 2275 1463 fecit;

720 1485 860 1538 unde
887 1487 990 1539 alia
1022 1488 1198 1540 oritur
1229 1486 1499 1540 dubitatio
1531 1504 1546 1539 :
1580 1486 1857 1555 quomodo
1886 1488 2094 1540 scilicet
2153 1503 2276 1556 per-

717 1576 883 1630 tineat
909 1576 974 1630 ad
1009 1577 1273 1646 psalmum
1321 1576 1622 1647 inscriptio.
1659 1577 1766 1632 Nos
1797 1587 1972 1631 tamen
2018 1579 2158 1644 quod
2187 1593 2280 1632 co-

716 1666 1000 1733 gnovimus
1037 1681 1141 1721 non
1172 1667 1492 1723 celabimus.
1525 1668 1659 1722 Cum
1693 1669 1980 1738 paeniteret
2037 1670 2277 1739 Prophe-

2390 491 2841 561 ἐπιτηδειότατος.
2885 498 3019 549 Ἀλλ’
3052 502 3082 567 ἡ
3117 501 3214 568 μὲν
3253 503 3554 572 ἐπιγραφὴ.
3605 504 3754 570 ὑπὲρ
3819 505 3928 558 τῶν

2389 583 2584 650 λόγων
2609 587 2746 652 ’φησὶ
2778 588 2961 640 Χρυσί
2992 606 3006 620 θ
3032 607 3102 642 πα
3113 591 3159 658 ρ’
3185 591 3303 643 ὅλον
3328 592 3382 644 δὲ
3411 593 3501 644 τὸν
3538 594 3785 661 Ψαλμὺν,
3836 598 3927 648 οὐκ

2389 670 2795 738 ἐμνημόνευσεν
2827 677 2854 728 6
2884 676 3048 729 Δαϐὶδ
3075 681 3168 730 τοῦ
3203 679 3390 745 Χουσὶ,
3440 681 3532 732 καὶ
3579 681 3724 745 δοκεῖ
3773 684 3925 736 πάλιν

2387 761 2611 831 ἄπορον.
2650 765 2788 817 Ἀλλ’
2813 768 2941 835 ἡμῖν
2962 768 3018 820 δὲ
3048 768 3106 820 τὸ
3130 770 3521 840 διεγνωσμένον
3548 771 3646 824 οὐκ
3699 774 3930 843 ἀποκρυ-

2388 851 2554 905 πτέον
2575 868 2590 883 °
2629 857 2928 924 μεταγνοὺς
2954 859 3060 926 γὰρ
3096 861 3122 911 ὁ
3153 861 3437 928 προφήτης
3481 859 3567 926 ἐφ’
3593 855 3670 922 οἷς
3709 862 3929 931 ἤλπισεν

2385 943 2564 1013 ἔπειτῇ
2595 947 2807 1000 συνέσει
2859 949 3047 1007 Χουσὶ,
3097 949 3434 1018 ὑποθεμένου
3480 951 3646 1003 αὐτοῦ
3684 952 3752 1002 τά
3811 955 3930 1020 περὶ

2383 1035 2478 1103 τῆς
2510 1037 2725 1106 ἀπάτης
2764 1038 3100 1109 Ἀϐεσαλὼμ,
3133 1043 3228 1094 καὶ
3255 1041 3322 1093 τὰ
3353 1042 3482 1111 περὶ
3513 1041 3607 1092 τοῦ
3649 1042 3925 1093 διασκεδα-

2384 1141 2471 1177 σαι
2502 1126 2598 1196 τὴν
2628 1127 2822 1197 βουλὴν
2859 1129 3161 1199 ’Δχιτὸφελη
3200 1130 3289 1181 τὸν
3332 1129 3546 1198 ψαλμὸν
3600 1129 3786 1182 τοῦτον
3823 1129 3932 1199 ᾅδει

2380 1217 2458 1282 τῷ
2515 1217 2654 1288 Θεῷ,
2699 1220 2795 1289 οὐχ
2855 1222 2999 1291 ὑπὲρ
3043 1216 3114 1274 ὧν
3159 1223 3316 1292 ἔτυχε
3351 1222 3501 1293 παρά
3530 1222 3630 1289 τῆς
3654 1222 3744 1274 τοῦ
3772 1223 3933 1274 Χουσὶ

2385 1310 2674 1376 συνέσεως,
2733 1311 2847 1364 ἀλλ’
2903 1313 3044 1383 ὑπὲρ
3079 1308 3152 1365 ὧν
3194 1314 3292 1382 τῆς
3348 1313 3481 1383 πρὸς
3538 1313 3674 1365 θεὸν
3730 1312 3933 1368 ἐλπίδος

2381 1401 2672 1469 ἀφέμενος,
2734 1379 3042 1474 τεθάρρηκε
3095 1405 3207 1466 τοῖς
3249 1379 3470 1469 λόγοις,
3509 1399 3587 1465 οἷς
3639 1404 3857 1472 εἴρηκεν
3908 1406 3937 1454 ὁ

2382 1492 2549 1544 Χουσὶ
2600 1493 2734 1560 πρὸς
2775 1493 3118 1563 Ἀϐεσαλὼμ,
3177 1496 3502 1556 ἀποσταλεὶς
3565 1494 3717 1560 παρά
3756 1493 3934 1546 αὑτοῦ.

2385 1583 2540 1636 Ἔστι
2572 1584 2664 1638 οὖν
2692 1584 3002 1656 ἱλαστήριος
3027 1587 3059 1656 ἡ
3086 1585 3218 1656 ᾠδὴ,
3261 1587 3371 1638 τὸν·
3397 1586 3530 1639 Θεὸν
3568 1584 3938 1654 ὲξευμενίζου-

2383 1689 2472 1736 σα,
2507 1674 2599 1726 καὶ
2630 1675 3025 1742 παρακαλοῦσα
3052 1675 3130 1738 είς
3153 1675 3428 1743 βοήθειαν.

716 1763 846 1820 tam,
879 1758 1023 1825 quod
1090 1773 1239 1827 spem
1280 1759 1512 1828 aliquam
1558 1760 1828 1828 posuisset
1877 1760 1931 1813 in
1986 1761 2271 1828 prudentia
2313 1771 2366 1817 et
2391 1764 2633 1820 consiliis
2666 1764 2854 1830 Cltusi,
2921 1768 3011 1837 qui
3065 1768 3111 1824 ei
3161 1774 3410 1824 suaserat
3471 1767 3821 1831 decepturum
3879 1779 3936 1818 se

714 1847 1041 1902 Absalonem
1069 1887 1084 1912 ,
1135 1858 1190 1903 ej.
1234 1849 1626 1917 dissipaturum
1654 1851 1880 1905 consilia
1907 1851 2227 1919 Aeliitophcl
2250 1893 2265 1918 ,
2310 1853 2620 1923 bujusmodi
2650 1857 2915 1926 psalmum
2955 1860 3262 1930 composuit
3293 1867 3344 1913 et
3375 1859 3573 1914 cecinit
3632 1857 3762 1919 Deo,
3827 1868 3935 1910 non

714 1953 809 2007 pro
839 1938 1112 1994 beneﬁciis
1139 1955 1258 2010 quae
1285 1949 1612 1996 consecutus
1641 1941 1814 1996 fuerat
1879 1958 1906 1995 a
1963 1943 2252 2012 prudentia
2279 1953 2333 1999 ct
2373 1947 2605 2002 consilio
2626 1946 2797 2002 Chusi
2828 1964 2842 1999 :
2885 1949 2977 2004 sed
3012 1950 3140 2020 quia
3175 1952 3290 2020 ipse.
3322 1951 3520 2004 amissa
3550 1949 3638 2002 illa
3669 1963 3784 2016 spe,
3809 1963 3928 2015 qua:

715 2031 985 2100 praecipue
1011 2031 1064 2084 in
1091 2032 1258 2086 Deum
1294 2033 1540 2088 habenda
1569 2041 1728 2097 erat,
1757 2035 1930 2103 magis
1988 2036 2157 2091 fretus
2196 2038 2268 2092 sit
2309 2037 2362 2092 in
2395 2039 2574 2095 verbis
2649 2041 2861 2106 Cbusi,
2929 2058 2960 2096 a
3015 2058 3074 2098 se
3131 2042 3197 2097 ad
3244 2043 3566 2097 Absalonem
3617 2040 3790 2095 missi.
3847 2038 3936 2091 Est

673 2119 879 2210 igitur
939 2123 1029 2178 hic
1099 2125 1344 2193 psalmus
1399 2126 1856 2197 propitiatorius,
1911 2128 2197 2200 placatque
2244 2141 2298 2186 et
2337 2132 2657 2190 benevolum
2698 2135 2872 2190 reddit
2906 2134 3076 2190 Deum
3143 2135 3214 2189 ob
3286 2133 3636 2188 commissum
3699 2145 3937 2186 errorem

714 2215 972 2281 illumque
993 2216 1046 2269 in
1075 2214 1333 2269 auxilium
1366 2232 1526 2272 suum
1568 2218 1818 2273 advocat.
2109 2223 2116 2230 '

781 2302 948 2359 Vens.
978 2305 1032 2360 2.
1055 2305 1272 2360 Domine
1289 2305 1429 2359 Deus
1454 2322 1619 2370 meus,
1661 2308 1715 2360 in
1745 2316 1790 2360 te
1822 2309 2044 2373 speravi,
2077 2310 2273 2362 salvum

2453 2307 2626 2372 Κύριε
2664 2308 2697 2358 ό
2718 2305 2858 2369 Θεός
2886 2322 3025 2372 μου,
3051 2305 3148 2357 ἐπὶ
3195 2302 3295 2358 σοί
3324 2302 3560 2369 ἤλπισα
3595 2317 3608 2330 ο
3638 2299 3847 2355 σῶσίν
3867 2317 3938 2369 με

713 2413 792 2450 me
814 2396 900 2465 fac
933 2412 996 2448 ea:
1039 2397 1279 2450 omnibus
1324 2398 1746 2466 persequentibus
1783 2414 1884 2463 me,
1907 2405 1954 2452 et
1980 2399 2142 2452 libera
2171 2416 2270 2453 me.

713 2483 862 2538 Licet
889 2523 904 2546 ,
936 2483 1111 2552 inquit
1143 2525 1158 2550 ,
1187 2485 1261 2538 ob
1296 2485 1635 2554 prudentiam
1668 2485 1832 2540 Clmsi
1867 2486 2088 2555 adjutus
2121 2489 2222 2542 sim
2254 2527 2269 2552 ,

710 2585 762 2630 et
793 2575 1069 2644 paululum
1132 2574 1513 2644 respiraveritn
1542 2616 1556 2640 ,
1600 2583 1923 2646 tempusque
1973 2582 2270 2646 acceperim

708 2667 775 2721 ad
803 2666 1240 2736 congregaudum
1277 2667 1620 2728 exercitum,
1671 2682 1815 2720 nunc
1876 2676 2054 2721 tamen
2089 2670 2139 2721 iu
2182 2669 2273 2744 illo

711 2757 943 2824 amplius
995 2771 1098 2810 non
1151 2755 1364 2810 conﬁdo
1397 2773 1411 2808 :
1442 2765 1497 2810 et
1549 2772 1673 2811 cum
1736 2757 2044 2826 propediem
2075 2774 2271 2829 pugnae

708 2847 825 2902 dies
851 2847 977 2901 milii
1011 2848 1211 2910 instet,
1245 2861 1275 2898 a
1303 2854 1358 2900 te
1395 2861 1502 2900 uno
1536 2847 1744 2915 pendeo
1768 2887 1783 2911 ,
1817 2849 1871 2901 in
1907 2864 2066 2916 quem
2104 2866 2268 2904 unum

708 2953 897 2990 omnes
929 2953 1053 3006 spes
1084 2953 1234 2991 meas
1258 2937 1548 2991 collocavi.
1580 2938 1692 2990 Alia
1725 2939 1868 2992 enim
1904 2941 2102 3002 omnia,
2136 2943 2270 2993 ausi-

708 3041 804 3082 cos
833 3023 1111 3093 nimirum,
1138 3027 1320 3082 socios
1343 3069 1358 3094 ,
1388 3044 1450 3082 ac
1482 3029 1683 3082 milites
1711 3070 1725 3091 ,
1753 3030 1992 3083 secundo
2046 3032 2098 3083 in
2123 3031 2127 3037 '
2151 3031 2270 3086 loco

709 3132 915 3187 reputo.
944 3119 1217 3189 Scriptum
1248 3126 1333 3173 est
1365 3118 1508 3173 enim
1538 3136 1552 3172 :
1611 3119 1928 3174 Maledicta:
1983 3123 2134 3174 homo
2178 3126 2268 3193 qui

708 3227 847 3278 spem
882 3212 1028 3278 ponit
1106 3213 1158 3264 in
1181 3211 1388 3265 homine
1417 3212 1486 3265 ’⁸.
1524 3211 1657 3265 Item
1691 3233 1706 3267 :
1757 3211 1952 3266 Beatus
1992 3215 2145 3268 homo
2181 3216 2270 3284 qui

705 3312 879 3367 sperat
915 3301 968 3355 in
1019 3311 1067 3356 te
1108 3304 1196 3367 ";
1253 3310 1309 3354 et
1359 3301 1816 3370 quemadmodum
1868 3303 2030 3356 alium
2090 3306 2270 3360 colere

706 3407 868 3461 quam
941 3392 1104 3447 Deum
1172 3408 1279 3446 non
1335 3392 1598 3447 debemus
1628 3430 1644 3456 ,
1693 3393 1773 3446 sic
1825 3392 1986 3447 etiam
2031 3395 2085 3448 in
2135 3395 2270 3448 alios

708 3499 927 3552 sperare
956 3498 1055 3538 nos
1102 3499 1209 3538 non
1257 3483 1414 3538 decet
1457 3499 1619 3553 quam
1653 3471 1723 3537 in'
1757 3483 1887 3537 Deo.
1936 3481 2032 3539 Ille
2083 3495 2265 3541 autem

708 3576 904 3629 salvari
923 3576 1125 3630 dicitur
1147 3575 1236 3643 qui
1267 3575 1320 3628 iu
1344 3574 1486 3630 bello
1515 3579 1633 3629 sine
1651 3575 1874 3632 vulnere
1893 3589 2264 3645 conservatur,

703 3674 756 3719 ct
779 3665 914 3735 eripi
952 3665 997 3720 is
1029 3665 1122 3735 qui
1165 3641 1234 3721 ab
1257 3666 1540 3720 invasione
1570 3673 1733 3735 atque
1763 3665 1965 3737 impetu
2018 3641 2266 3722 inimico;
2293 3641 2335 3698 δ

707 3775 826 3813 tum
885 3758 1172 3813 liberatur.
1221 3757 1304 3812 Ea:
1348 3759 1588 3813 omnibus
1634 3767 1807 3812 autem
1849 3761 2266 3829 persequentibus

706 3867 807 3914 me,
841 3850 998 3915 dixit,
1030 3859 1255 3920 propter
1284 3864 1380 3905 eos
1417 3851 1510 3920 qui
1572 3850 1898 3921 parricidam
1959 3852 2125 3921 ﬁlium
2179 3867 2293 3923 seo_

706 3941 1040 4009 quebautur,
1061 3950 1117 3996 et
1140 3942 1263 4011 ejus
1298 3954 1525 3996 mortem
1556 3923 1900 4012 appetebant.
1945 3941 2042 3996 Vel
2077 3942 2264 3998 aliter:

705 4030 798 4088 ille
825 4033 1022 4089 salvari
1057 4033 1259 4088 dicitur
1293 4033 1386 4104 qui
1415 4031 1665 4092 inﬁrmus
1693 4041 1778 4088 est
1802 4049 1818 4101 ;
1847 4032 1983 4104 eripi
2017 4049 2145 4088 vero
2168 4048 2263 4088 seu

707 4123 925 4178 liberari
947 4125 1035 4179 ille
1062 4125 1154 4195 qui
1187 4134 1272 4180 est
1304 4125 1576 4196 captivus.
1630 4121 1789 4178 Salva
1840 4139 1924 4178 me
1987 4125 2151 4193 igitur
2207 4131 2266 4178 ut

706 4215 979 4269 inﬁrmum
1018 4231 1033 4268 :
1088 4223 1142 4271 et
1180 4216 1349 4271 libera
1392 4231 1480 4270 me
1526 4215 1680 4286 quasi
1724 4217 2034 4285 captivum;
2097 4216 2262 4270 timeo

705 4307 847 4361 enim
885 4322 953 4361 ne
991 4307 1060 4362 ab
1093 4307 1330 4364 inimicis
1353 4305 1804 4380 comprehendar.
1847 4305 1964 4371 Vel,
1993 4307 2139 4362 Salva
2171 4319 2258 4359 me

704 4397 774 4452 ab
806 4398 1046 4453 inimicis
1081 4399 1369 4469 praesentis
1396 4398 1521 4453 vitae
1557 4407 1654 4453 :et
1680 4399 1848 4453 libera
1873 4413 1957 4454 me
2001 4398 2072 4452 ab
2116 4397 2262 4451 invi-

705 4489 956 4544 sibilibus
986 4489 1245 4552 inimicis,
1309 4489 1404 4559 qui
1439 4501 1560 4559 post
1595 4497 1822 4543 mortem
1852 4502 2024 4540 meam
2065 4489 2258 4542 animae

2375 2401 2440 2452 ἐκ
2471 2397 2715 2450 πάντων
2742 2394 2860 2449 τῶν
2883 2394 3218 2449 διωκόντων
3243 2411 3339 2463 με,
3371 2394 3468 2448 καί
3512 2394 3700 2460 ρὐαι
3732 2409 3821 2460 με.
3876 2393 3937 2445 Et

2373 2490 2468 2542 καὶ
2498 2489 2648 2558 παρὰ
2677 2489 2773 2556 τῆς
2797 2487 2892 2540 τοῦ
2917 2487 3107 2550 Χουσὶ,
3127 2485 3615 2563 φησὶν,.ὼφέλημαι
3648 2484 3934 2549 συνέσεως,

2375 2581 2726 2641 ἀναττνειῖσας
2753 2578 2968 2649 μικρὸν,
2991 2578 3085 2630 καὶ
3112 2575 3292 2630 λαϐὼν
3323 2575 3512 2643 καιρὸν
3557 2575 3937 2644 είς-παράτα-

2375 2673 2456 2736 ξιν
2486 2689 2499 2702 ο
2535 2671 2672 2724 ἀλλά
2701 2669 2796 2723 νῦν
2838 2669 2938 2723 οὐκ
2969 2668 3058 2722 ἐπ’
3111 2668 3302 2736 ἐκείνῳ
3359 2667 3596 2738 θαρρῶν,
3639 2666 3936 2734 ἀνταγωνί-

2374 2763 2561 2828 ζεσθαι
2595 2762 2774 2831 μέλλω
2799 2776 2814 2788 ·
2842 2761 3008 2830 μόνης
3045 2759 3100 2812 δὲ
3122 2760 3218 2828 τῆς
3247 2759 3344 2828 σῆς
3391 2758 3605 2820 ἐλπίδος
3653 2757 3934 2825 ἐκκρέμα-

2376 2875 2496 2927 μαι,
2530 2855 2757 2926 δεύτερα
2774 2853 2821 2906 τ’
2849 2852 2984 2908 ἄλλα
3015 2852 3189 2908 πάντα
3220 2849 3586 2919 λογιζόμενος,
3614 2850 3708 2902 καὶ
3725 2848 3933 2916 φίλους,

2372 2950 2467 3001 καὶ
2501 2946 2844 3016 συμμάχους,
2887 2946 2983 2996 καὶ
3021 2940 3377 3013 στρατιώτας.
3420 2941 3734 3011 Γέγραπται
3774 2939 3884 3007 γάρ
3913 2955 3928 2969 ο

2384 3036 2848 3105 Ἐπικατάρατος
2885 3034 3190 3105 ἄνθρωπος,
3233 3033 3262 3085 ὁ
3300 3032 3532 3096 ἐλπίζων
3587 3032 3675 3082 ἐπ’
3723 3030 3930 3099 ἄνθρω-

2372 3147 2491 3183 πον.
2528 3130 2641 3183 Καὶ
2657 3128 2844 3196 ὥσπερ
2869 3127 2930 3180 οὒ
2958 3124 3064 3195 χρὴ
3089 3125 3218 3180 ἄλλο
3266 3141 3319 3178 τι
3357 3124 3535 3177 σέϐειν
3579 3121 3730 3192 παρά
3773 3120 3928 3185 Θεὸν,

2369 3221 2542 3283 οὕτως
2572 3219 2695 3272 οὐδὲ
2724 3219 2810 3271 ἐπ’
2853 3217 3012 3271 ἄλλον
3035 3215 3295 3279 ἐλπίζειν,
3330 3215 3364 3285 ἢ
3393 3216 3483 3268 ἐπὶ
3505 3214 3599 3267 τὸν
3629 3212 3783 3269 Θεὸν.
3819 3214 3932 3264 Καὶ

2372 3307 2601 3371 σώζεται
2639 3305 2740 3375 μέν
2770 3323 2854 3369 τις
2883 3304 3310 3375 διατηρούμενος
3342 3306 3400 3357 ὲν
3438 3305 3695 3371 πολέμοις
3747 3302 3931 3370 άτρω-

2369 3416 2461 3462 τος
2492 3414 2508 3430 ·
2541 3396 2729 3469 ῥύεται
2765 3398 2823 3450 δὲ
2853 3396 3052 3466 πάντῃ,
3082 3397 3189 3448 τῶν
3213 3394 3608 3464 ἐπιτιθεμένων
3655 3393 3932 3448 ἀπαλλατ-

2369 3490 2612 3559 τόμενος.
2646 3487 2896 3543 Πάντων
2921 3487 2989 3540 δὲ
3021 3486 3138 3540 τῶν
3161 3486 3494 3540 διωκόντων
3523 3482 3668 3551 εῐπε,
3692 3486 3777 3538 διὰ
3805 3487 3934 3548 τοὺς

2368 3579 2446 3648 τῷ
2502 3579 2804 3649 πατραλοίᾳ.
2859 3579 3415 3652 συναποστήσαντας,
3471 3577 3747 3646 φονῶντας
3807 3576 3931 3630 κατ’

2367 3669 2532 3723 αὑτοῦ
2584 3671 2679 3723 καὶ
2737 3669 3009 3738 διψῶντας
3044 3655 3134 3722 τὸν
3173 3667 3366 3722 τούτου
3409 3668 3658 3723 θάνατον.
3723 3669 3793 3719 Ἦ
3839 3668 3934 3721 καὶ

2369 3760 2603 3824 σώζεται
2634 3759 2800 3829 peto
2823 3758 3064 3812 ἀσθενῶν
3081 3775 3095 3790 '
3123 3757 3312 3829 ῥύεται
3333 3757 3391 3812 δὲ
3416 3760 3444 3811 ό
3470 3761 3526 3810 ἐν
3555 3758 3930 3828 αἰχμαλωσίᾳ.

2366 3849 2545 3902 Σῶσόν
2582 3866 2650 3919 με
2677 3847 2791 3912 οὖν,
2812 3848 2887 3911 ὡς
2915 3847 3115 3918 ἀσθενῆ
3151 3848 3355 3918 ’νρύσαι
3404 3865 3496 3919 με,
3523 3847 3597 3910 ὡς
3649 3847 3933 3917 αἰχμάλωο

2363 3958 2473 4002 τον,
2515 3942 2719 4004 ἐλπίζω
2767 3941 2901 4011 γὰρ,
2958 3941 3083 3995 ὅσον
3122 3941 3309 4006 οὔπω,
3356 3940 3762 4010 σαγηνευθῆναι
3813 3943 3930 4003 τοῖς

2365 4032 2598 4103 ἐχθροῖς.
2631 4035 2698 4087 Ἥ
2723 4034 2836 4096 καὶ,
2862 4033 3041 4088 Σῶσόν
3066 4051 3161 4104 με,
3187 4034 3374 4103 φησὶν,
3401 4030 3510 4085 ἀπὸ
3551 4031 3662 4084 τῶν
3696 4030 3933 4085 ἐνταῦθα

2371 4119 2816 4175 καταδιωκόντων
2846 4122 2914 4190 μὲ
2945 4104 3222 4192 πολεμίων
3251 4136 3265 4151 ·
3305 4120 3464 4191 ρύσαι
3501 4137 3568 4188 με
3589 4119 3646 4172 δὲ
3675 4120 3774 4172 καὶ
3822 4121 3934 4173 ἀπὺ

2367 4211 2477 4264 τῶν
2502 4211 2641 4282 μετά
2668 4211 2896 4266 θάνατον
2918 4211 3079 4273 εὐθὺς
3103 4209 3508 4281 ἐξερευνώντων
3555 4210 3626 4264 τά
3654 4209 3932 4278 στίγματα

2367 4303 2464 4373 τῆς
2492 4304 2670 4373 ψυχῆς
2697 4303 2947 4375 ἀοράτων
2985 4302 3218 4374 ἐχθρῶν,
3257 4304 3352 4357 ἐπὶ
3377 4302 3454 4374 τῷ
3493 4303 3809 4372 κατασχεῖν,
3858 4301 3930 4364 ὠς

2367 4391 2506 4449 εἶναι
2543 4395 2643 4464 τὴν
2677 4394 2861 4464 δέησιν
2893 4395 3108 4466 διπλὴν,
3158 4394 3300 4463 ὑπὲρ
3339 4393 3440 4463 τῆς
3487 4391 3791 4463 παρούσης,
3836 4393 3932 4446 καὶ

2366 4487 2464 4557 τῆς
2499 4486 2797 4555 μελλούσης
2825 4486 2991 4556 ζωῆς.

705 4595 839 4635 mem
869 4581 1110 4636 maculas
1147 4594 1338 4634 omnes
1433 4578 1824 4646 perscrutaturi
1874 4586 2044 4644 sunt,
2103 4577 2151 4633 si
2229 4593 2338 4646 quo
2375 4586 2536 4649 pacto
2593 4576 2827 4633 fortasse
2870 4591 2988 4634 eam
3041 4577 3317 4649 potuerint
3367 4573 3857 4647 comprehendere
3911 4600 3926 4638 ε

704 4669 1010 4738 duplexque
1036 4678 1142 4723 erit
1165 4669 1321 4738 juxta
1343 4668 1488 4723 hunc
1510 4683 1730 4724 sensum
1749 4669 1957 4738 petitio,
1989 4683 2085 4736 pro
2115 4670 2362 4739 prmsenti
2390 4669 2599 4723 scilicet
2624 4670 2754 4732 vita,
2787 4678 2838 4723 et
2861 4684 2960 4740 pro
2993 4668 3194 4722 futura.

772 4763 941 4819 Vens.
971 4764 1025 4819 5.
1061 4761 1356 4832 Nequaudo
1383 4764 1557 4830 rapiat
1591 4770 1648 4815 ut
1695 4760 1773 4814 leo
1805 4766 2036 4814 animam
2068 4777 2259 4814 meam.

2437 4761 2680 4830 Μήποτε
2705 4761 2947 4832 ἁρπάσῃ
2977 4761 3055 4826 ὡς
3077 4760 3233 4815 λέων
3257 4761 3374 4829 τὴν
3399 4758 3611 4829 ψυχήν
3629 4777 3772 4827 μου.
3819 4761 3925 4814 Τὸν

704 4856 1030 4910 Absalonem
1108 4854 1278 4908 ﬁlium
1334 4854 1477 4910 leoni
1524 4862 1824 4922 comparat,
1878 4853 1948 4907 ob
1999 4869 2267 4907 summam

705 4947 855 5001 illius
914 4948 1297 5013 temeritatem,
1379 4945 1657 5011 ferociam,
1714 4955 1879 5014 atque
1929 4946 2270 5016 impudentes

708 5053 902 5094 ausus.
938 5039 1032 5094 Vel
1065 5039 1315 5095 fortassis
1347 5039 1416 5093 de
1478 5036 1722 5092 damone
1779 5052 1958 5091 sermo
2009 5048 2110 5103 est,
2172 5042 2265 5108 qui

708 5134 850 5186 leoni
891 5132 1279 5187 convenienter
1310 5137 1695 5198 comparatur;
1730 5130 1857 5199 quia
1910 5131 2067 5186 sicuti
2124 5133 2268 5186 leoni

706 5241 768 5278 us
802 5239 867 5277 ac
919 5224 1104 5278 fauces
1142 5223 1282 5277 male
1311 5223 1478 5284 olent,
1536 5221 1609 5275 ita
1660 5221 1823 5276 etiam
1880 5237 1944 5277 os
2005 5222 2266 5279 daemonis

709 5321 967 5370 eructans
998 5312 1365 5384 blasphemias
1405 5312 1543 5366 male
1575 5312 1704 5366 olet.
1745 5310 1938 5383 Figura
1995 5313 2154 5367 etiam
2185 5314 2267 5368 vi-

785 5491 832 5522 ⁷³
857 5489 1056 5544 Jerem.
1101 5503 1233 5553 xm,
1271 5489 1323 5541 5.
1416 5486 1464 5518 "
1492 5483 1639 5540 Psal.
1665 5501 1894 5553 nutu,
1921 5487 2007 5542 15.

2375 4852 2697 4924 ’Δϐεσαλὼμ
2725 4852 2981 4922 ὀνομάζει
3010 4852 3220 4919 λέοντα,
3250 4852 3340 4905 διά
3375 4849 3474 4921 τὴν
3503 4851 3812 4919 ἀγριότητα
3833 4851 3924 4903 καὶ

2325 4945 2704 5016 θρασύτητα,
2750 4944 2848 4998 καὶ
2902 4945 3259 5014 ἀναίσχυντον
3312 4943 3509 5014 ὁρμήν.
3545 4944 3614 4995 Ἣ
3680 4943 3776 4994 καὶ
3834 4942 3923 4994 τὸν

2359 5036 2609 5091 διάϐολον
2653 5036 2982 5090 αἰνίττεται·
3041 5037 3272 5098 δυσῶδες
3327 5035 3436 5105 γὰρ
3483 5034 3546 5086 τὸ
3593 5031 3773 5100 στόμα
3829 5033 3920 5088 τοῦ

2361 5129 2572 5191 λεόντος
2593 5145 2608 5160 ο
2643 5127 2876 5189 δυσῶδες
2903 5127 2961 5180 δὲ
2985 5126 3161 5179 καὶτὸ
3205 5125 3297 5179 τοῦ
3349 5122 3616 5187 διαϐόλου,
3677 5121 3918 5192 βλασφη-

2363 5220 2493 5288 μίας
2525 5218 2968 5289 ὲξερευγόμενον.
3001 5218 3111 5270 Καὶ
3151 5217 3257 5286 γὰρ
3303 5206 3334 5269 δ
3379 5214 3593 5284 Κύριος,
3635 5212 3777 5266 κατά
3832 5215 3919 5266 τὸν

2362 5311 2553 5380 καιρὸν
2572 5312 2665 5365 τοῦ
2685 5312 2892 5374 πάθους
2931 5310 3118 5379 ἔλεγε·
3153 5309 3282 5364 Νῦν⁸
3329 5311 3361 5362 d
3418 5306 3617 5376 ἀρχων
3671 5303 3781 5359 τοῦ
3825 5303 3913 5356 τιό·

2036 5573 2230 5636 Varie:
2264 5571 2590 5633 lectiones.

769 5683 887 5741 435)
936 5679 1162 5765 Crmce‘:
1212 5679 1477 5752 Siquidem
1535 5679 1694 5735 ϐίαιιεί
1726 5679 1870 5734 ﬁlius
1907 5680 2144 5735 dextera
2197 5676 2597 5744 interpretatur.
