4090 6324
698 402 800 465 119
1891 409 2275 474 EUTHYMII
2316 410 2676 474 ZIGABENI

3809 419 3908 483 1‘20

695 527 918 580 magnos
986 515 1186 569 decidit
1261 518 1458 572 luctus.
1518 518 1612 573 Vel
1684 522 1885 576 aliter:
1945 521 2245 577 lnvisibiles

2357 523 2627 591 ίιπέδωκα,
2663 526 2781 578 ἀνθ’
2812 519 2888 581 ὧν
2915 527 3276 601 ευηργετήθη,
3307 530 3535 583 θάνατον
3580 531 3706 598 ἐμοὶ
3736 548 3915 584 κατα.

694 604 943 658 inimicos
969 605 1068 658 hoc
1105 607 1224 661 loco
1257 609 1559 679 intelligere
1605 626 1920 680 possumus.
1969 628 1998 667 a
2057 613 2255 682 quibus

2357 616 2690 677 σκευάζοντα
2717 618 2971 687 φανερὸν,
3000 619 3178 670 καίτοι
3198 619 3377 673 λαϐὼν
3404 619 3742 689 ὑποχείριον,
3767 621 3844 684 ὡς
3879 623 3914 689 ἡ

699 693 882 745 inanis
911 694 1036 762 quis
1071 695 1343 767 decidisse
1373 699 1586 753 dicetur
1613 709 1666 755 et
1691 715 1748 754 re
1780 701 2004 764 infecta,
2056 702 2100 754 si
2134 701 2254 755 illos

2357 703 2474 756 κατ’
2522 704 2684 758 αὑτὸν
2741 707 3067 776 παρίστησιν
3122 709 3352 779 ίστορία.
3415 710 3541 763 Εἴτε
3597 710 3787 762 τοίνυν
3839 712 3918 781 τῷ

696 797 804 836 non
835 788 1197 852 superaverit,
1231 798 1285 842 et
1323 789 1584 843 virtutum
1622 807 1847 845 suarum
1873 792 1990 846 acie
2022 806 2116 846 eos
2142 806 2250 844 non

2363 793 2702 863 'A6eoaitchp,
2731 797 2827 848 καὶ
2851 799 2963 859 τοῖς
2999 799 3137 868 ἀμφ’
3166 799 3327 853 αὑτὸν
3383 802 3797 871 προσαρμόσειε
3826 802 3919 853 τὸν

695 873 1029 928 confuderit.
1084 873 1209 930 Haec
1260 887 1440 932 autem
1501 882 1665 934 verba
1716 897 1821 935 non
1880 879 2250 951 iactabundus

2357 883 2531 950 λόγον,
2568 884 2678 937 εἴτε
2713 888 2808 938 καὶ
2834 887 2969 956 πρὸς
2997 889 3180 952 ἄλλον,
3211 890 3304 942 καὶ
3335 889 3427 943 τδν
3455 892 3652 957 Σαοὺλ,
3674 892 3837 945 οὐδὲν
3853 895 3918 962 τῇ

694 965 847 1028 dicit,
884 967 975 1021 sed
1017 968 1197 1036 potius
1225 969 1746 1025 sibi‘couciliaturus
1776 973 1964 1035 Deum,
2021 984 2144 1023 cum
2194 971 2249 1023 in

2358 973 2587 1046 ἀληθείᾳ
2626 975 2971 1046 λυμαίνεται.
3027 979 3102 1032 Τὸ
3133 979 3190 1032 δὲ
3246 981 3461 1050 πρῶτον
3503 984 3921 1044 ἀνταποδόσεως

695 1057 975 1126 angustias
1012 1059 1316 1115 incidisset.
1348 1059 1431 1124 Et,
1463 1061 1507 1116 si
1537 1061 1603 1115 ad
1647 1062 1783 1115 alias
1813 1075 2074 1130 personas
2102 1059 2248 1115 refe-

695 1159 882 1205 rantur
909 1153 1020 1207 hmc
1057 1154 1245 1209 verba:
1281 1153 1397 1208 Non
1429 1155 1582 1209 aﬂ'cci
1643 1170 1764 1224 ego,
1814 1155 2010 1225 inquit,
2069 1153 2248 1208 homi-

696 1257 826 1295 num
857 1243 1092 1312 aliquem
1127 1246 1348 1314 injuria,
1375 1261 1474 1300 nec
1500 1245 1647 1299 Sauli
1676 1247 1767 1313 qui
1813 1246 1943 1299 mini
1974 1260 2072 1314 pro
2095 1259 2254 1300 acce-

2345 1069 2519 1134 ὸνομα
2547 1072 3022 1137 καταχρηστικῶς,
3049 1073 3170 1126 ἀντὶ
3205 1072 3303 1141 τῆς
3347 1070 3664 1134 ἀποδόσεως
3705 1071 3916 1144 παρεί-

2344 1157 2580 1226 ληπταιο
2646 1158 2787 1221 δόσις
2818 1161 2917 1230 μὲν
2960 1161 3087 1232 γὰρ,
3141 1163 3174 1232 ἡ
3218 1163 3463 1233 καταρχὴ
3489 1161 3596 1231 τῆς
3634 1163 3911 1229 εὐποιίας,

2344 1250 2376 1319 ἢ
2408 1250 2701 1312 κακώσεως
2733 1267 2751 1283 ο
2775 1251 3027 1316 ἀπόδοσις
3062 1254 3140 1320 δὲ,
3164 1254 3197 1321 ἡ
3224 1252 3316 1307 τοῦ
3349 1256 3464 1307 [σου
3495 1253 3912 1324 ἀντιμέτρησι,ο

695 1330 803 1397 ptis
835 1331 1113 1389 bencticiis
1145 1334 1430 1390 manifeste
1476 1345 1702 1390 mortem
1747 1334 2070 1399 intentabat,
2109 1334 2251 1403 inju-

2357 1341 2692 1406 ὶνταπόδοσις
2728 1341 2806 1408 δὲ,
2854 1342 3082 1414 δευτέρα
3123 1360 3210 1408 τις
3281 1343 3553 1413 καταϐολὴ
3606 1344 3826 1405 κακῶν,
3875 1344 3911 1413 ἢ

696 1420 805 1475 rias
827 1423 1007 1484 retuli,
1039 1424 1252 1479 tametsi
1279 1426 1330 1478 in
1362 1433 1688 1494 potestatem
1720 1437 1894 1480 meam
1944 1424 2242 1485 devenerit,

2357 1435 2526 1490 ιιαλῶν
2559 1436 2662 1490 ὑπὸ
2699 1437 2807 1488 τῶν
2860 1437 3058 1491 δόντων
3116 1436 3196 1500 είς
3223 1436 3350 1497 τοὺς
3392 1435 3714 1498 ἀποδόντας.
3775 1433 3916 1490 Σύν-

697 1518 756 1562 υι
789 1510 844 1563 in
871 1511 1114 1567 historiis
1141 1513 1347 1596 licgum
1381 1517 1709 1570 continetur.
1767 1515 1890 1568 Sive
1949 1512 2112 1582 igitur
2138 1511 2246 1567 Ab-

2357 1524 2477 1596 ιιθες
2524 1525 2581 1578 δὲ
2629 1525 2726 1578 καὶ
2771 1524 2931 1579 τοῦτο
2973 1527 3038 1597 τῇ
3094 1528 3309 1598 Γραφῇ,
3366 1524 3462 1578 καὶ
3525 1523 3766 1593 μάλιστα
3830 1524 3921 1594 τῷ,

697 1600 869 1654 saloni
915 1603 1027 1656 lucc
1061 1606 1360 1672 aptaveris,
1390 1613 1446 1660 et
1469 1606 1542 1680 iis
1566 1608 1659 1676 qui
1685 1619 1807 1659 cum
1838 1619 1904 1658 eo
1933 1610 2108 1668 erant,
2133 1601 2247 1656 sive
2344 1614 2529 1667 Δαδίδ,
2879 1626 2882 1628 ·

698 1692 874 1755 alteri,
905 1695 1017 1749 sive
1051 1696 1208 1750 etiam
1235 1698 1335 1766 ipsi
1370 1697 1545 1765 Sauli,
1582 1697 1779 1751 veritas
1813 1695 1947 1751 nihil
1995 1695 2239 1749 laedetur.
2285 1690 2688 1750 Retributionis
2711 1708 2840 1748 vero
2865 1694 3085 1750 nomine
3117 1695 3204 1750 hic
3272 1696 3452 1766 primo
3511 1696 3638 1749 loco
3701 1693 3922 1759 impro-

698 1784 811 1850 prie
841 1800 969 1838 usus
999 1793 1102 1848 est,
1131 1801 1227 1854 pro
1270 1789 1497 1842 reddidi.
1563 1787 1698 1841 Nam
1748 1787 1840 1856 qui
1898 1787 2101 1840 bonum
2159 1790 2253 1835 aut
2292 1785 2494 1837 malum
2536 1785 2755 1856 aliquod
2785 1788 2991 1853 primus
3013 1786 3197 1850 infert,
3249 1787 3296 1840 is
3361 1788 3490 1840 dare
3547 1785 3771 1848 dicitur,
3801 1783 3927 1836 red-

696 1877 825 1929 dere
855 1889 980 1928 vero
1004 1877 1050 1931 is
1073 1877 1167 1945 qui
1231 1876 1372 1932 datis
1452 1894 1634 1946 parem
1698 1881 1873 1933 vicem
1945 1878 2177 1932 tribuit:
2231 1879 2531 1935 retribuere
2562 1889 2767 1945 autem,
2798 1882 2882 1936 vel
2907 1881 3086 1950 potius
3112 1881 3192 1950 (ut
3218 1879 3403 1937 Graeca
3458 1881 3624 1936 dictio
3679 1882 3925 1933 ἀνταπο-

697 1967 880 2020 δοῦναι
913 1965 1308 2034 signiﬁcantius
1361 1969 1634 2036 exprimit)
1686 1980 1875 2024 contra
1948 1970 2251 2024 retribuere
2285 1967 2335 2024 is
2363 1968 2585 2036 dicitur,
2612 1971 2703 2040 qui
2742 1971 3044 2026 secundum
3114 1971 3498 2026 beneﬁciorum
3532 1979 3626 2024 aut
3691 1970 3928 2038 injuria-

699 2070 818 2108 rum
840 2053 1267 2108 vicissitudinem
1295 2055 1690 2125 reddit.Hujus
1718 2066 1899 2113 autem
1963 2058 2116 2112 verbi
2185 2071 2319 2112 usus
2362 2055 2624 2127 frequens
2677 2066 2763 2114 est
2829 2059 2973 2128 apud
3034 2057 3394 2128 Scripturam,
3443 2061 3715 2129 precipue
3776 2060 3927 2129 apud

701 2147 915 2201 heatum
943 2147 1042 2199 Dax
1059 2146 1130 2199 id.

769 2239 931 2295 Vsus.
962 2241 1016 2294 6.
1053 2239 1408 2311 Persequatnr
1458 2243 1698 2297 inimicus
1734 2244 1964 2297 animam
2012 2259 2178 2298 meam
2208 2253 2260 2298 et

2428 2240 2793 2305 Καταδιώξαι
2818 2241 2930 2308 ἄρα
2958 2243 2990 2294 d
3014 2240 3226 2309 ἐχθρὸς
3247 2240 3362 2306 τὴν
3395 2240 3604 2307 ψυχήν
3638 2258 3781 2308 μου,
3825 2240 3925 2295 και

705 2333 1124 2401 comprehendat.
1161 2332 1550 2403 Perseqnatur,
1609 2334 1810 2404 inquit,
1839 2335 2074 2390 Absalon
2135 2333 2253 2387 ani-

701 2440 841 2478 mam
875 2440 1078 2480 meam:
1111 2426 1215 2480 hoc
1244 2434 1329 2481 est
1362 2427 1625 2495 meipsum
1648 2424 2089 2496 (circumlocutio
2109 2422 2252 2478 enim
2299 2425 2303 2428 ’

702 2516 831 2579 est),
873 2522 926 2567 et
949 2515 1400 2583 comprehendat.

774 2602 841 2654 Et
868 2603 1129 2656 conculcet
1152 2605 1203 2656 iu
1239 2613 1374 2657 terra
1401 2608 1560 2658 vitam
1593 2621 1788 2678 meam.
1818 2603 1921 2659 Per
1950 2605 2116 2658 vitam
2150 2603 2254 2658 hoc

704 2693 913 2746 inloco
945 2693 1267 2764 sanguinem
1311 2695 1587 2763 intelligit,
1613 2695 1704 2764 qui
1748 2696 1869 2748 vitae
1922 2707 2087 2748 causa
2150 2703 2252 2756 est,

704 2781 868 2834 veluti
897 2782 1232 2850 pracipuum
1273 2764 1604 2837 elementum
1632 2784 1774 2836 inter
1802 2791 1995 2837 caetera
2032 2795 2150 2849 quae
2199 2779 2254 2832 in

703 2888 929 2941 corpore
949 2881 1099 2937 sunt,
1131 2882 1329 2942 etquae
1364 2874 1495 2928 illud
1531 2882 1802 2943 coaptant.

778 2963 845 3016 Et
877 2965 1102 3033 gloriam
1142 2956 1309 3017 uicani
1364 2965 1417 3017 in
1469 2964 1727 3032 pulverem
1780 2965 2018 3016 habitare
2073 2961 2254 3029 faciat.

708 3053 806 3107 Per
836 3053 1084 3122 gloriam,
1111 3053 1403 3121 gloriosum
1438 3067 1501 3105 ac
1537 3051 1718 3106 nobile
1737 3066 1934 3119 corpus
1967 3065 2126 3104 suum
2173 3049 2283 3109 in-,

705 3144 901 3213 telligit
930 3161 943 3194 :
974 3143 1116 3212 quod
1161 3151 1272 3196 tum
1309 3144 1378 3196 ob
1416 3142 1562 3196 vires
1611 3140 1731 3209 ejus
1795 3139 2079 3205 maximas,
2142 3147 2257 3192 tum

707 3235 775 3286 ob
801 3233 1223 3302 magnitudinem
1249 3233 1603 3301 ct‘gloriam,
1641 3246 1764 3300 quae
1815 3230 1864 3284 ei
1916 3229 1985 3283 ab
2031 3228 2259 3297 imperio

708 3324 998 3378 obvenerat
1021 3323 1163 3392 apud
1199 3337 1389 3377 omnes
1416 3322 1629 3376 celebre
1676 3328 1795 3374 erat
1841 3327 1895 3373 et
1942 3328 2153 3374 notum.
2183 3317 2258 3388 ,ιιι

711 3414 987 3481 pulverem
1021 3426 1150 3465 vero
1173 3411 1419 3465 habitare
1450 3411 1590 3466 idem
1623 3419 1706 3466 est
1755 3409 1900 3480 quod
1953 3409 2155 3478 jacere.
2209 3415 2262 3462 et

714 3506 766 3556 in
838 3513 1037 3555 terram
1091 3501 1333 3556 dissolvi.
1395 3500 1693 3556 Possumus
1743 3502 1905 3555 etiam
1955 3513 2260 3556 sermonem

2355 2330 2698 2385 καταλάϐοι.
2739 2329 3103 2394 Καταδιώξαι.
3152 2329 3337 2398 φησὶν,
3370 2331 3398 2380 ὁ
3437 2327 3759 2396 Ἀϐεσαλὼμ
3827 2331 3925 2398 τὴν

2353 2418 2534 2489 ψυχήν
2587 2437 2712 2488 μου,
2774 2420 3077 2482 τουτέστιν,
3135 2418 3258 2488 ἐμὲ,
3304 2419 3779 2487 περιφραστικῶς,
3832 2420 3924 2472 καὶ

2357 2511 2711 2582 συλλήψαιτο.

2425 2603 2531 2658 Καὶ
2566 2585 2979 2669 κατηπαέήσοι
3007 2604 3090 2665 εἷς
3124 2601 3241 2669 γῆν
3265 2601 3380 2666 τὴν
3412 2600 3564 2668 ζωήν
3597 2618 3739 2669 μου.
3766 2599 3929 2667 Ζωὴν

2356 2691 2611 2758 ἐνταῦθα,
2643 2693 2702 2744 τὸ
2727 2687 2866 2761 αἷμα
2905 2692 3186 2758 λογιστέον
3221 2707 3236 2721 ο
3269 2691 3363 2743 καὶ
3394 2689 3552 2742 τοῦτο
3605 2689 3714 2757 γὰρ
3770 2689 3927 2756 ζωῆς

2356 2783 2551 2847 αἴτιον,
2580 2782 2656 2844 ὡς
2697 2782 3156 2852 σονεκτικώτερον
3179 2779 3289 2836 τῶν
3318 2780 3494 2835 ἄλλων
3547 2779 3718 2849 τριῶν
3771 2795 3926 2832 στοι-

2357 2871 2538 2939 χείων,
2566 2870 2602 2922 ἃ.
2627 2872 2687 2922 τὸ
2713 2871 2852 2934 ζῶον
2878 2872 3178 2941 συνέχουσι.

2428 2962 2534 3014 Καὶ
2568 2961 2683 3029 τὴν
2701 2961 2891 3026 δόξαν
2939 2979 3057 3030 μου
3113 2965 3200 3027 είς
3245 2963 3396 3031 χοῦν
3436 2961 3925 3026 κατασκηνώσαι.

2359 3047 2527 3112 Δόξαν
2561 3049 2736 3116 λέγει,
2776 3049 2836 3101 τὸ
2853 3048 3061 3113 ἔνδοξον
3085 3048 3252 3102 αὐτοῦ
3284 3049 3464 3118 σῶμα,
3497 3049 3596 3102 καὶ
3655 3051 3793 3102 πᾶσι
3823 3064 3924 3102 πε-

2365 3139 2640 3210 ριόόητον,
2676 3139 2766 3193 διὰ
2789 3157 2850 3192 τε
2874 3139 2972 3210 τὴν
2991 3141 3204 3210 ῥώμην,
3236 3140 3330 3194 καὶ
3361 3139 3456 3192 τὸν
3518 3140 3626 3192 ἀπὸ
3677 3140 3778 3208 τῆς
3827 3141 3928 3209 ἅρ-

2358 3233 2458 3302 χῆς
2487 3232 2987 3302 προσγεγενημένον
3011 3233 3196 3300 ὄγκον.
3224 3229 3653 3301 Κατασκηνώσαι
3690 3230 3773 3290 δὲ,
3792 3230 3920 3282 ἀντὶ

2362 3321 2460 3376 τοῦ
2505 3324 2785 3392 ποιήσειαι
2853 3323 2933 3384 είς
2991 3323 3097 3392 γῆν
3159 3323 3396 3386 κεῖσθαι,
3445 3324 3541 3376 καὶ
3588 3319 3927 3374 διαλύεσθαι.

2365 3413 2522 3466 Ἔστι
2554 3411 2614 3464 δὲ
2638 3413 2902 3481 καὶπρὸς
2933 3413 3026 3465 τὸν
3055 3412 3286 3480 ἀόρατον
3317 3411 3512 3481 ἐχθρὸν
3575 3408 3924 3479 μετενεγκεῖν

2362 3501 2453 3557 τὸν
2481 3500 2638 3566 λόγον
2688 3501 3082 3569 κατευχόμενον
3131 3499 3423 3569 διωχθῆναι
3458 3500 3588 3569 παρ’
3613 3497 3798 3563 αὑτοῦ,
3839 3497 3930 3550 καὶ

715 3595 858 3646 hunc
886 3591 951 3645 ad
987 3591 1319 3660 invisibilem
1355 3591 1635 3645 inimicum
1691 3589 2008 3655 transferre,
2072 3589 2147 3644 ita
2203 3596 2260 3642 ut

2365 3561 2796 3657 καταλτιφθῆναι,
2828 3561 3027 3657 tinnitu
3077 3561 3373 3657 δυνάμενον
3436 3561 3793 3654 ἀποιρεύγειν-
3827 3584 3930 3643 τὰς

715 3685 1040 3750 imprecetur
1098 3683 1531 3748 persecutionem
1582 3695 1641 3734 se
1682 3679 1748 3732 ab
1777 3694 1844 3733 eo
1871 3679 2164 3744 sustinere,
2204 3685 2258 3731 ct

714 3769 1120 3838 comprehendi,
1171 3784 1272 3824 nec
1303 3783 1464 3839 posse
1517 3769 1662 3822 illius
1732 3768 1961 3823 insidias
2011 3767 2262 3832 evadere,

2368 3678 2640 3741 ἐπιθέσεις
2669 3677 2854 3740 αὑτοῦ,
2885 3677 2981 3731 καὶ
3009 3679 3088 3740 είς
3117 3678 3242 3748 γῆν,
3264 3677 3537 3730 τουτέστιν
3554 3678 3634 3740 είς
3660 3680 3726 3729 τὰ
3753 3675 3932 3744 γεηρὰ

2371 3771 2668 3838 πράγματα
2693 3769 2790 3837 τὴν
2812 3769 2955 3838 ζωὴν
2981 3767 3145 3821 αὐτοῦ
3165 3760 3570 3836 καταλυφθῆναι
3597 3782 3614 3798 ’
3642 3766 3796 3818 τοῦτο
3818 3764 3931 3834 γὰρ

715 3862 956 3928 ιιυίιιίιηο
1010 3860 1064 3914 in
1121 3854 1344 3925 terram,
1405 3861 1508 3914 hoc
1548 3870 1631 3915 est
1682 3861 1735 3914 in
1787 3868 2000 3915 ierrena
2055 3861 2260 3929 negetia

2373 3863 2469 3915 καὶ
2502 3862 2534 3929 ἠ
2566 3858 2949 3926 καταπάτησις
2990 3858 3261 3926 βούλεται,
3283 3857 3523 3926 κειμένῳ
3541 3855 3725 3908 λοιπὸν
3757 3856 3934 3924 ἔπεμ-

718 3955 882 4005 vitam
934 3965 1089 4005 suam
1146 3953 1413 4020 immergi.
1455 3950 1568 4005 Hoc
1616 3952 1759 4003 enim
1822 3951 2133 4019 signiﬁcant
2179 3951 2260 4003 illa

2377 3950 2675 4012 σαίνοντος,
2703 3950 2799 4002 καὶ
2825 3948 3067 4019 αἰσχρῶς
3099 3946 3458 4016 ἐναλλομένου
3484 3961 3499 3976 ο
3532 3947 3625 3998 καὶ
3669 3944 3744 4014 μὴ
3770 3945 3932 4012 μόνον

718 4043 880 4096 verba
917 4061 928 4094 :
970 4040 1040 4094 Et
1073 4041 1339 4095 com-uices
1370 4042 1420 4093 in
1446 4049 1637 4094 terram
1671 4041 1832 4094 vitam
1874 4037 2066 4104 m'eam,
2127 4039 2260 4092 adeo

2363 4041 2424 4092 τὺ
2461 4040 2622 4108 σῶμα
2654 4038 2821 4092 τοῦτο
2845 4039 3060 4103 παθεῖν,
3117 4037 3255 4090 ἀλλὰ
3313 4038 3404 4090 καὶ
3457 4035 3555 4106 τὴν
3582 4034 3759 4098 δόξαν,
3805 4021 3932 4103 ἢτοι

723 4142 779 4186 ut
802 4133 1007 4201 iacenti
1044 4133 1120 4187 illi
1153 4133 1398 4202 insurgat
1416 4133 1645 4196 (lietnon,
1679 4145 1744 4186 ac
1771 4127 2260 4198 turpiterinsultet.

2368 4129 2459 4181 τὸν
2489 4127 2636 4192 νοῦν,
2669 4127 2800 4191 δόξα
2824 4129 2933 4197 γὰρ
2962 4113 3115 4189 obrui
3139 4127 3235 4179 καὶ
3273 4126 3407 4196 τιμὴ
3439 4125 3540 4194 τῆς
3593 4123 3795 4192 ψυχῆς,
3854 4124 3934 4182 εἰς

723 4223 904 4290 Neque
932 4221 1033 4275 hoc
1064 4229 1304 4292 tantum,
1337 4221 1533 4288 inquit,
1567 4234 1768 4288 corpus
1817 4217 2124 4278 conculcet.
2173 4214 2260 4270 sed

2372 4219 2478 4288 γῆν
2502 4217 2917 4287 κατενεχθῆναι,
2967 4220 3063 4270 καὶ
3121 4216 3545 4286 προσηλωθῆναι
3595 4215 3692 4268 καὶ
3744 4211 3935 4265 τοῦτον

721 4320 776 4366 ct
798 4312 1026 4381 gloriam
1054 4351 1068 4376 ,
1102 4311 1204 4366 hoc
1236 4319 1321 4366 est
1346 4311 1523 4379 ipsum
1561 4310 1724 4363 etiam
1781 4307 2141 4366 intellectum,
2180 4306 2260 4373 qui

2377 4308 2486 4368 τοῖς
2524 4306 2753 4375 γητνοις,
2790 4306 2990 4374 μηκέτι
3026 4304 3108 4374 τῷ
3135 4303 3320 4374 πτερῷ
3362 4304 3459 4372 τῆς
3499 4303 3729 4372 θεωρίας
3760 4301 3935 4370 ἀρθῆ-

723 4403 914 4458 animaa
935 4403 1109 4458 honor
1141 4412 1222 4458 est
1253 4410 1307 4458 et
1334 4401 1528 4470 gloria,
1570 4399 1626 4454 in
1658 4406 1861 4452 terram
1925 4395 2125 4451 deferri
2172 4395 2260 4449 im.-

2379 4411 2469 4448 ναι
2499 4384 2636 4458 ποὺς
2659 4396 2796 4471 Θεδν
2820 4395 3139 4465 δυνάμενον.

727 4505 1002 4566 precatur,
1023 4506 1079 4552 et
1109 4497 1344 4553 terrenis
1414 4495 1582 4549 rebus
1636 4492 1918 4563 applicari,
1972 4493 2048 4546 ita
2123 4498 2184 4544 ut
2223 4489 2704 4560 contemplationis
2768 4490 2872 4547 alis
2931 4493 3000 4546 ad
3053 4490 3220 4548 Deum
3275 4489 3506 4560 amplius
3561 4489 3743 4546 extolli
3824 4503 3936 4545 non

729 4590 924 4658 possit.

693 4715 699 4718 -
805 4685 962 4738 Vens.
997 4685 1046 4738 7.
1074 4669 1327 4753 Excerpe,
1358 4684 1590 4747 Domine,
1623 4685 1676 4735 in
1711 4684 1793 4736 ira
1831 4690 1943 4733 tua.
1982 4678 2260 4746 Exsurger:

2467 4679 2794 4744 Ἀνάστηθι,
2813 4676 3009 4743 Κύριε,
3029 4674 3098 4727 ὲν
3116 4671 3263 4743 ὀργῇ
3273 4674 3541 4730 σου.Ἕνι
3565 4672 3672 4742 γὰρ
3699 4672 3937 4744 ἀναστῆ-

731 4784 908 4846 pmest
965 4775 1131 4839 Deus,
1188 4787 1238 4829 et
1283 4791 1389 4828 non
1429 4774 1483 4827 in
1529 4773 1610 4827 ira
1633 4773 1786 4841 juxta
1817 4769 1994 4825 illud:
2035 4767 2260 4837 Exue-gl

2387 4788 2494 4834 ναι,
2522 4771 2614 4822 καὶ
2635 4769 2734 4822 οὐκ
2755 4771 2814 4820 ὲν
2860 4768 3019 4838 ὀργῇ,
3053 4765 3128 4829 ὡς
3166 4768 3294 4819 ὅταν
3326 4764 3478 4835 λέγῃ·
3522 4764 3794 4830 Ἀνάστα,
3821 4767 3936 4819 Κύ-

737 4866 973 4929 Domine,
1005 4864 1209 4917 salvum
1242 4880 1321 4916 me
1346 4863 1476 4931 fac;
1508 4871 1563 4917 at
1608 4875 1752 4915 nunc
1789 4860 1856 4914 ad
1891 4859 2155 4928 supplicia
2198 4865 2260 4911 at

2375 4875 2486 4926 ριε,
2517 4858 2722 4912 σῶσόν
2751 4875 2852 4926 με,
2883 4857 3075 4921 ὀΘεός
3101 4873 3241 4925 μου.
3277 4854 3391 4908 Νῦν
3415 4856 3471 4908 δὲ
3506 4856 3639 4924 πρὸς
3668 4859 3939 4924 τιμωρίαν

735 4973 840 5026 que
880 4957 951 5029 ad
979 4969 1165 5024 pinnas
1196 4970 1318 5008 cum
1350 4954 1599 5008 advocat.
1628 4951 1929 5021 Intelligere
1970 4961 2149 5004 autem
2181 4949 2260 5002 de-

2384 4951 2543 5003 αὐτὸν
2566 4949 2899 5016 ἐγκαλεῖται.
2932 4948 3196 5016 Καθάπερ
3221 4945 3275 4998 δὲ
3297 4947 3358 4999 τὸ
3388 4946 3660 5014 καθῆσθαι
3687 4947 3780 4998 ἐπὶ
3799 4944 3934 4998 Θεοῦ

736 5049 927 5101 bemus
957 5046 1124 5099 Deum
1156 5059 1376 5112 surgere
1424 5058 1530 5097 non
1563 5042 1938 5110 corporaliter,
1983 5040 2147 5094 sicuti
2186 5053 2260 5092 I181

2383 5041 2444 5092 οὖ
2471 5039 2794 5107 σωματικῶς
2825 5038 3256 5107 ὲκλαμϐάνομεν,
3287 5037 3458 5100 οὕτως
3482 5037 3602 5090 οὐδὲ
3626 5037 3693 5088 ετὸ
3719 5035 3940 5089 ἀνίστα-

738 5136 1073 5205 corporalem
1140 5134 1324 5189 sedem
1387 5133 1777 5202 intelligimus,
1825 5132 2040 5201 quando
2098 5129 2260 5184 seder:

2385 5130 2528 5182 σθαιο
2557 5129 2695 5182 ἀλλὰ
2720 5129 2782 5181 τὸ
2809 5129 2908 5197 μὲν
2940 5128 3234 5198 καθῆσθαι,
3262 5127 3407 5197 δηλοῖ
3427 5128 3488 5182 τδ
3523 5125 3823 5205 βασιλικὸν,
3845 5125 3938 5177 καὶ

741 5202 890 5278 illum
924 5223 1156 5293 legimus
1191 5240 1204 5276 :
1242 5222 1336 5277 sed
1389 5222 1588 5293 regiam
1617 5222 1738 5291 ejus
1767 5221 2082 5291 dignitatem
2115 5217 2255 5276 stabi

2385 5218 2713 5285 δικαστικὸν,
2737 5221 2830 5273 καὶ
2856 5221 3089 5288 ἑδραῖον·
3130 5218 3268 5271 τὰδὲ
3292 5217 3630 5280 ἀνίστασθαι,
3669 5215 3731 5268 τὸ
3767 5202 3937 5284 τιμω-

676 5341 680 5345 ~
742 5315 1058 5381 litateuique
1086 5319 1139 5367 et
1164 5311 1439 5381 iudicandi
1471 5313 1849 5367 auctoritatem
1876 5308 2109 5378 judicari
2141 5307 2260 5360 arbi

2390 5309 2609 5380 ρητικδν
2633 5310 2724 5362 καὶ
2742 5309 3147 5377 ὰντιληπτικόν.
3183 5309 3380 5379 Ὀργὴν
3403 5308 3458 5360 δὲ
3482 5307 3573 5359 ἐπὶ
3590 5304 3723 5358 Θεοῦ
3753 5305 3934 5365 πάλιν,

745 5413 974 5455 tramur.
1027 5402 1138 5455 Hoc
1191 5409 1347 5471 pacto
1393 5402 1557 5456 etiam
1599 5415 1720 5455 cum
1766 5414 2061 5468 exsurgere
2121 5398 2260 5452 Deuu

2385 5397 2447 5450 οὐ
2509 5397 2676 5461 πάθος
2739 5398 2970 5470 οἰητέον,
3009 5398 3144 5452 ἀλλὰ
3188 5395 3457 5468 τιμωρίαν
3491 5395 3600 5449 τῶν
3639 5395 3807 5459 ἀξίων
3839 5393 3935 5447 αὖ·

748 5491 1000 5553 dicimus,
1025 5490 1279 5560 puniendi
1305 5498 1396 5544 aut
1418 5487 1742 5544 defendendi
1778 5489 1923 5543 illius
1954 5486 2289 5556 propositum
2401 5488 2523 5556 τῆς.

751 5582 1088 5634 denotamus.
1124 5583 1260 5634 Iram
1287 5582 1341 5634 in
1370 5580 1478 5635 Deo
1506 5579 1622 5649 pari
1651 5577 1810 5632 modo
1839 5593 1946 5632 non
1982 5577 2290 5646 passionem
2328 5592 2451 5633 esse
2476 5577 2847 5648 intelligimus,
2898 5576 2992 5633 sed
3022 5575 3427 5646 castigationem
3489 5584 3544 5630 et
3605 5573 3934 5644 punitioneuc

753 5673 966 5728 illorum
999 5676 1089 5742 qui
1118 5674 1296 5730 divina
1328 5679 1406 5728 ira
1429 5674 1576 5741 digni
1604 5679 1753 5726 sunt.

824 5765 1073 5822 Exaltare
1139 5767 1192 5819 in
1244 5764 1431 5832 ﬁnibus
1481 5763 1810 5818 inimicorum
1866 5770 2092 5818 tuorum,
2156 5761 2260 5816 Cum

2476 5757 2768 5828 ’Υψώθητι
2818 5760 2886 5812 ἐν
2941 5756 3062 5823 τοῖς
3105 5755 3320 5824 πέρασι
3372 5754 3486 5809 τῶν
3533 5750 3758 5821 ἐχθρῶν
3805 5768 3934 5806 σου.
