4090 6324
206 451 296 514 191

1329 446 1713 507 COMMENT.
1748 446 1831 508 IN
1863 449 2228 510 PSALMOS.

3304 448 3404 512 19.2

208 561 421 634 ’Υψηλδς
472 559 570 624 ὢν,
627 559 828 630 φάνηθι
879 560 1037 613 τοῦτο
1088 559 1206 639 καὶΔ
1238 561 1352 622 τοϊς
1402 556 1732 627 ἀνθρώποις.

1841 560 1983 614 altus
2042 563 2118 616 sis
2179 571 2233 616 et
2291 561 2559 625 sublimis,
2615 560 2687 615 ita
2738 561 2901 616 etiam
2956 575 3178 630 apparo,
3241 567 3404 632 atque

197 633 438 719 Φανήσεις
461 649 518 702 δι
540 649 699 704 τοῦτο
725 652 782 702 ἐν
812 650 922 712 τοῖς
943 648 1176 710 τέλεσιν,
1197 633 1328 718 ’ἦτοι
1352 650 1408 700 ὲν
1433 651 1552 710 ταῖς
1582 649 1739 701 ἀναι-

203 744 364 795 οέσεσι
396 740 502 793 τῶν
522 739 729 810 ἐχθρῶν
751 754 863 792 σου·
886 739 1040 801 τέλος
1060 738 1166 808 γὰρ
1189 738 1289 806 τῆς
1309 737 1541 790 ἑκάστου
1566 737 1734 805 ζωῆς,

200 836 224 886 6
252 832 488 893 θάνατος’
516 831 566 882 oi
588 829 645 882 δὲ
669 829 792 898 ἐμοὶ
824 830 1032 899 ἐχθροὶ,
1071 829 1166 882 καὶ
1199 828 1282 881 σοί
1327 829 1496 892 εἰσιν,
1516 821 1605 881 οἷα
1638 827 1738 889 τὰς

203 923 288 985 σὰς
311 921 525 984 ιντολὰς
552 920 1022 990 παραϐεϐηκότες.

266 1089 646 1160 Ἔξετέρθητι,
697 1091 873 1159 Κύριε
927 1094 961 1146 ὁ
993 1093 1135 1157 Θεός
1185 1109 1322 1161 μου,
1357 1093 1428 1144 ἐν
1481 1091 1740 1160 προστά-

197 1201 347 1253 nam
388 1177 436 1250 ᾧ
471 1183 763 1237 inulla).
819 1183 912 1252 Μή
969 1185 1402 1254 μακροθυμήσῃς
1453 1182 1570 1236 ἔτι·
1621 1183 1736 1236 ἀλλ’

200 1276 384 1346 ἄμυνον
407 1274 496 1329 διὰ
523 1274 585 1328 τὸ
616 1277 944 1345 πρόσταγμα
975 1275 1004 1328 ὃ
1028 1274 1297 1338 ὲνετείλω,
1337 1268 1380 1340 ᾧ
1407 1275 1625 1343 ἐχρήσω
1652 1275 1739 1327 διὰ

197 1365 436 1431 Μωσέως,
465 1367 526 1419 τὸ
557 1366 704 1436 Τίμα
733 1367 840 1421 τὸν
858 1367 1080 1434 πατέρα
1095 1381 1232 1431 σου,
1266 1366 1360 1419 καὶ
1383 1366 1497 1432 τὴν
1513 1366 1764 1434 μητέρα·

197 1471 315 1510 σου.
346 1456 458 1509 Νῦν
482 1457 538 1510 δὲ
559 1458 587 1510 6
609 1458 742 1527 ἐμὸς
774 1460 925 1520 παῖς,
947 1458 1204 1526 ἐλύττησε
1229 1458 1364 1508 κατὰ
1389 1457 1480 1508 τοῦ
1511 1458 1735 1526 πατρὸς.

200 1547 334 1601 Ἐστι
359 1548 414 1602 δὲ
442 1550 537 1602 καὶ
560 1549 734 1612 ἄλλως
761 1549 1011 1602 ἐκλαϐεῖν
1037 1548 1128 1600 τὸν
1151 1548 1324 1615 λόγον,
1355 1547 1437 1601 ὅτι
1470 1565 1536 1599 πε
1548 1549 1600 1615 ρί
1636 1546 1730 1599 τοῦ

200 1639 485 1710 μυστηρίου
540 1640 642 1709 τῆς
693 1639 1041 1701 ἀναστάσεως
1089 1641 1118 1692 6
1167 1641 1450 1708 προφήτης
1500 1637 1737 1707 εὔχεται*

195 1733 365 1802 εἴρηκε
402 1731 510 1800 γὰρ
552 1731 612 1784 ὲν
637 1731 749 1793 τοίς
780 1731 1133 1798 Εὐαγγελίοις
1175 1733 1203 1784 6
1252 1730 1454 1799 Κύριος
1484 1731 1613 1799 περὶ
1646 1729 1739 1782 τοῦ

199 1821 312 1874 ἰδίου
340 1823 588 1890 σώματος
623 1821 756 1891 πρὸς
794 1821 1114 1884 ’ῐουδαίουςο
1163 1821 1398 1875 Λύσατε
1443 1821 1548 1874 τόν
1589 1820 1739 1873 ναὸν

1840 656 2066 710 ostende
2103 667 2156 711 te
2184 657 2497 712 hominibus
2529 674 2544 711 :
2574 656 2885 724 hujusmodi
2909 666 3085 712 autem
3113 660 3403 728 apparebis

1840 744 1894 797 in
1919 745 2138 809 ﬁnibus,
2164 745 2265 799 hoc
2309 754 2392 800 est
2435 746 2487 798 in
2543 753 2715 800 morte
2772 745 3117 799 inimicorum
3163 754 3399 800 tuorum.

1839 830 1990 886 Mors
2039 833 2239 901 quippe
2270 833 2702 901 uniuscuiusque
2734 833 2856 888 ﬁnis
2882 845 2958 887 est
3006 851 3019 887 :
3079 849 3230 888 meos
3274 850 3403 888 vero

1844 921 2116 984 inimicos,
2173 923 2271 976 tibi
2321 924 2486 977 etiam
2535 923 2784 978 inimicos
2829 939 2950 979 esse
3001 938 3106 978 non
3162 925 3399 994 ambigo,

1838 1026 1960 1065 cum
1993 1013 2246 1067 mandata
2273 1024 2358 1067 tua
2389 1015 2881 1080 transgrediantur.

1911 1102 2167 1174 Exsurge,
2212 1105 2430 1159 Domine
2482 1105 2616 1158 Deus
2654 1122 2820 1172 meus,
2861 1107 2914 1160 in
2959 1117 3212 1177 prwcepto
3267 1107 3402 1176 quod

1843 1196 2129 1249 mandasti.
2160 1194 2276 1250 Noli
2316 1197 2549 1265 amplius
2589 1213 2711 1252 esse
2759 1198 3104 1268 longanimis,
3141 1200 3233 1252 sed
3263 1200 3402 1252 ulci-

1842 1299 1994 1339 scere
2043 1293 2262 1353 propter
2309 1295 2637 1354 prazceptum
2703 1287 2847 1353 quod
2917 1285 3203 1348 mandasti,
3258 1285 3403 1352 quod

1841 1373 2092 1427 videlicet
2143 1374 2414 1428 tradidisti
2464 1389 2559 1442 per
2589 1373 2834 1443 Moysem
2883 1374 3101 1440 iubens,
3152 1383 3405 1442 parentes

1842 1465 2196 1518 honorandos
2223 1479 2340 1518 esse
2370 1480 2398 1517 a
2437 1464 2587 1519 ﬁliis.
2622 1463 2822 1516 Verum
2851 1464 2905 1518 in
2933 1465 3220 1532 praesentia
3261 1463 3403 1516 ﬁlius

1842 1572 1995 1610 meus
2034 1556 2217 1610 furore
2241 1556 2294 1610 in
2328 1563 2532 1624 patrem
2570 1562 2856 1623 correptus
2887 1563 2990 1608 est.
3024 1553 3325 1607 Possumus
3351 1563 3405 1607 et

1843 1647 1999 1700 aliter
2023 1648 2347 1715 intelligere,
2379 1645 2522 1714 quod
2556 1644 2824 1710 PrOpheta
2853 1659 3044 1712 preces
3077 1641 3270 1696 fundat
3305 1657 3402 1710 pro

1844 1738 2264 1793 resurrectionis
2303 1735 2582 1806 mysterio.
2637 1736 2779 1787 Dixit
2818 1735 2963 1788 enim
3022 1733 3284 1786 Dominus
3335 1731 3402 1785 ad

1843 1825 2082 1886 Judaros,
2137 1832 2197 1877 ut
2253 1824 2391 1894 apud
2459 1823 2822 1890 evangelistas
2885 1822 3155 1890 legimus:
3205 1819 3403 1873 Solvite

195 1909 288 1964 τοῦ
317 1909 483 1975 Θεοῦ,
512 1912 608 1964 καὶ
641 1911 712 1964 ἐν
740 1911 936 1978 τρισὶν
961 1911 1204 1978 ἡμέραις
1235 1909 1606 1979 οἰκοδομήσω
1635 1913 1734 1964 αὺ-

1847 1916 2095 1982 templum
2132 1914 2246 1978 Dei,
2279 1925 2328 1968 et
2365 1915 2417 1966 in
2455 1913 2620 1967 tribus
2647 1913 2831 1966 diebus
2861 1913 3132 1980 mdiﬁcabo
3163 1909 3296 1963 illud
3335 1910 3400 1964 ".

195 1999 308 2053 τόν.
348 1998 528 2066 Ἐξεγέ
537 1999 696 2070 ρθητι
724 1998 816 2050 οὖν
846 1998 934 2051 διὰ
957 1998 1016 2050 τὸ
1048 1999 1394 2068 πρόσταγμα,
1419 1999 1446 2052 6
1468 1997 1733 2052 ἐνετείλω·

196 2085 340 2150 εἶπας
370 2090 496 2159 γάρ·
528 2090 785 2148 Λύσατε,
818 2089 914 2141 καὶ
941 2088 1184 2144 λύσουσι.

257 2180 356 2233 Καὶ
384 2179 700 2247 συναγωγὴ
734 2179 898 2233 λαῶν
927 2183 1225 2236 κυκλώσει
1254 2199 1349 2237 σε.
1385 2185 1447 2237 El
1475 2186 1582 2256 γὰρ
1614 2189 1735 2239 ἑπι-

196 2272 463 2340 κουρήσεις
496 2289 604 2340 μοι,
637 2270 860 2340 ὄψονται
905 2273 1110 2337 πολλοὶ,
1159 2275 1253 2326 καὶ
1314 2276 1736 2346 φοϐηθήσονται,

195 2362 280 2413 καὶ
306 2359 688 2428 ἐπιστρέφουσι
734 2361 870 2429 πρὸς
906 2360 1134 2430 Κύριον.
1181 2364 1255 2416 T6
1290 2365 1346 2416 δέ
1380 2383 1442 2432 γε
1495 2367 1735 2421 Κυκλώ-

193 2466 416 2516 σουσιν,
449 2451 571 2503 ἀντὶ
609 2449 725 2514 τοῦ,
757 2451 942 2521 κύκλῳ
971 2454 1291 2521 γενήσονται
1329 2456 1436 2509 τῶν
1463 2457 1571 2509 σῶν
1596 2461 1736 2510 ὲντοο

193 2540 311 2602 λῶν,
343 2542 412 2610 μή
433 2542 785 2610 ἀφιστάμενοι
805 2541 1028 2596 τούτων’
1054 2544 1082 2596 6
1105 2544 1211 2614 γὰρ
1232 2544 1384 2609 Θεὸς,
1413 2548 1734 2616 ἀπέραντος.

196 2631 296 2683 Καὶ
321 2633 405 2684 ἐπὶ
419 2632 523 2701 ,τῆς
552 2633 901 2696 ἀναστάσεως
925 2635 980 2688 δὲ
1001 2635 1062 2688 τδ
1093 2637 1254 2705 ῥητὸν
1284 2625 1553 2705 δυνάμεθα
1580 2639 1738 2692 ἐκλα-

197 2721 329 2774 ϐεῖν·
360 2722 479 2776 τότε
524 2723 634 2794 γὰρ
685 2725 719 2794 ή
776 2723 886 2777 τῶν
936 2724 1102 2776 ἐθνῶν
1154 2725 1467 2793 συναγωγὴ,
1524 2727 1616 2780 ἐπὶ
1647 2728 1737 2781 τὸν

196 2807 412 2884 Χριστὸν
442 2815 716 2882 ἔγένοντο,
757 2815 1009 2884 καθάπερ
1037 2816 1094 2868 εν
1129 2814 1332 2885 κύκλῳ,
1381 2817 1490 2868 ἀπὸ
1521 2819 1737 2872 πάντων

195 2907 291 2956 τῶν
317 2905 565 2974 περάτων
601 2905 699 2972 τῆς
747 2906 869 2975 γῆς.
901 2907 972 2959 Ἦ
994 2905 1053 2958 τὸ
1102 2906 1404 2960 κυκλώσει
1439 2924 1513 2960 σε
1534 2947 1549 2970 ,
1581 2909 1733 2972 ἀντὶ,

199 2995 407 3064 ’ᾼσεται
439 2995 532 3048 καὶ
561 2995 792 3065 ὑμνήσει
819 3013 899 3050 σε.
939 2997 1157 3066 Ἐπειδὴ
1197 2997 1305 3068 γὰρ
1348 3000 1406 3050 εν
1438 2998 1585 3068 χορῷ
1612 2998 1737 3060 τοὺς

197 3083 382 3151 ὕμνους
409 3086 692 3156 ἀνέφερον,
724 3088 834 3140 ἀπὸ
865 3087 960 3140 τοῦ
1007 3088 1284 3158 σχήματος
1332 3087 1425 3143 τοῦ
1479 3089 1737 3160 πράγμα-

199 3192 298 3243 τος,
327 3177 457 3232 αὐτὸ
479 3177 544 3232 τὸ
572 3179 805 3249 πρᾶγμα
832 3179 1072 3250 ᾐνίξατο.

254 3464 350 3518 Καί
379 3463 533 3532 ὑπὲρ
561 3464 785 3531 ταύτης
813 3465 904 3532 είς
932 3465 1088 3536 ὕψος
1131 3469 1538 3539 ἀπόστρεψον.
1579 3473 1738 3526 Ἐνε-

197 3570 280 3607 xcv
301 3556 503 3626 ταύτης
524 3555 623 3624 τῆς
644 3558 984 3626 συναγωγῆς,
1017 3559 1206 3613 ἄνελθε
1244 3561 1379 3631 πρὸς
1401 3562 1492 3616 τὸν
1519 3564 1738 3636 Πατέρα

200 3646 427 3723 μεσίτης·
461 3645 790 3716 ἐπίστρεψον
812 3649 892 3710 εἰς
913 3649 972 3702 τδ
1006 3648 1137 3718 ὕψος
1161 3651 1259 3719 τῆς
1279 3651 1459 3722 δόξης,
1496 3649 1564 3722 ἦς
1595 3652 1739 3723 εἶχες

198 3733 288 3803 πρὸ
311 3733 404 3788 τοῦ
456 3735 661 3805 κόσμον
696 3736 967 3805 γενέσθαι,
1022 3740 1085 3793 τὸ
1132 3740 1415 3812 ἀφραστον
1445 3745 1738 3816 πληρώσας

198 3823 282 3896 ήδη
317 3826 635 3896 μυστήριον.

256 3937 462 4006 Κύριος
499 3937 693 4006 κρινεῖ
711 3939 920 4005 λαούς.
950 3939 1026 3994 οὗ
1053 3941 1362 4013 παρόψεται
1381 3944 1492 4014 γὰρ
1518 3945 1585 4000 τὰ
1617 3947 1740 4000 κατ’

200 4023 314 4094 ίμοῦ
339 4029 792 4099 μεμηχανημένα.
828 4032 899 4084 Ἦ
933 4033 1025 4085 καὶ
1052 4035 1249 4102 κρινεῖ,
1281 4035 1406 4097 τοὺς
1442 4036 1542 4105 μὲν
1568 4052 1737 4105 πονηο

202 4113 310 4180 ροὺς
334 4117 698 4188 κατακρίνων,
740 4119 866 4183 τοὺς
889 4119 946 4174 δὲ
971 4119 1217 4188 ἀγαθοὺς
1234 4123 1397 4177 ἱστῶν
1427 4127 1490 4178 ἐκ
1519 4126 1732 4190 δεξιῶν.

255 4313 458 4380 Κρῖνόν
474 4331 571 4383 με,
601 4315 795 4381 Κύριε,
828 4314 974 4368 κατὰ
1001 4315 1116 4382 τὴν
1147 4316 1546 4385 δικαιοσύνην
1579 4338 1728 4388 μου,

203 4406 454 4461 καὶκατὰ
481 4406 600 4473 τὴν
627 4407 841 4460 κακίαν
877 4425 996 4476 μου
1039 4407 1130 4461 ἐπ’
1160 4409 1311 4473 ἐμοί.
1361 4410 1578 4480 Ἐπειδὴ
1611 4413 1734 4482 κρί-

203 4511 319 4600 σεως
343 4498 609 4568 ἐμνήσθη,
640 4498 824 4561 Γενοῦ,
846 4498 1000 4568 φησὶ,
1021 4498 1199 4568 κάμοῦ
1231 4501 1443 4570 κριτὴς,
1469 4502 1727 4568 ἐξετάσας
1761 4542 1814 4600 D

202 4583 284 4655 τήν
305 4587 646 4660 δικαιοσύνην
672 4607 770 4658 μου
795 4590 862 4660 ἦν
891 4592 1131 4661 ἐτήρησα
1161 4593 1298 4662 πρός
1323 4611 1382 4646 τε
1404 4594 1494 4646 τὸν
1523 4612 1736 4661 πατρα-

203 4671 350 4744 λοίαν,
379 4679 624 4742 καὶτοὺς
655 4680 791 4749 ἀμφ’
823 4681 1004 4744 αὐτὸν,
1030 4682 1110 4733 ἔτι
1134 4700 1196 4750 γε
1219 4684 1326 4752 μὴν
1357 4687 1447 4736 καὶ
1477 4688 1617 4738 κατὰ
1636 4689 1734 4753 τὴν

206 4761 454 4838 ἁπλότητα
486 4786 608 4838 μου,
645 4768 732 4822 ἐπ’
754 4770 877 4833 ἐμοὶ
910 4770 1168 4838 γενέσθω.
1224 4772 1344 4834 Πῶς
1377 4770 1469 4826 οὖν
1495 4774 1729 4846 ἀλλαχοῦ

203 4852 371 4922 λέγων,
398 4858 494 4925 Μὴ
517 4859 797 4926 εισέλθῃς
822 4863 908 4924 εις
938 4861 1139 4928 κρίσιν
1163 4863 1310 4930 μετὰ
1356 4863 1462 4918 τοῦ
1507 4866 1734 4919 δούλου

149 4959 153 4964 ·
205 4958 322 5009 σου,
363 4945 594 5001 ἐνταῦθα
621 4948 819 5016 μᾶλλον
870 4947 1084 5018 εὔχεται
1135 4951 1420 5020 κριθῆναις
1453 4953 1576 5006 Ὀτι
1609 4955 1729 5006 ἐκεῖ

209 5030 311 5100 μὶν,
337 5036 424 5106 Μὴ
463 5035 696 5106 κριθῆς,
717 5037 873 5106 φησὶ,
902 5038 1035 5107 πρός
1067 5055 1135 5106 με
1179 5039 1264 5103 σὺ,
1302 5041 1434 5109 μηδὲ
1479 5041 1570 5092 τὸν
1599 5041 1731 5109 ἐμὸν

210 5121 304 5187 βίον
328 5128 460 5197 πρὸς
489 5126 589 5189 τὰς
614 5127 714 5188 σὰς
737 5130 1112 5200 παρεξετάσῃς
1131 5131 1468 5199 εὐεργεσίας·
1500 5132 1734 5186 ἐνταῦθα

207 5207 272 5275 δι,
302 5217 428 5286 πρὸς
469 5219 688 5288 ἑτέρους
716 5217 814 5286 τὴν
862 5219 1042 5288 κρίσιν
1077 5220 1343 5290 ἐπιζητεῖ,
1377 5223 1499 5286 τοὺς
1541 5223 1732 5294 ἀδική-

211 5317 403 5371 σαντας,
427 5308 522 5363 τοῦ
561 5309 766 5362 ἀνελεῖν
799 5310 1184 5379 ὲκζητοῦντας.

267 5501 711 5570 Συντελεσθήτω
754 5503 830 5572 δὴ
883 5507 1134 5572 πονηρία
1190 5508 1571 5576 ἁμαρτωλῶν,
1636 5511 1731 5564 καὶ

213 5594 562 5662 notaveris-sic
596 5595 847 5650 δίκαιον.
901 5596 963 5648 El
1007 5596 1113 5666 γὰρ
1155 5598 1413 5668 στήσεταί
1455 5617 1583 5654 ποτε
1625 5603 1731 5654 τῶν

272 5764 488 5828 "Joan.
539 5788 597 5833 ιι.
641 5774 722 5831 l9.
799 5772 844 5805 ⁷⁸
878 5769 1023 5826 Psal.
1063 5770 1307 5837 chn,2.

1843 2003 2087 2071 Exsurge
2146 2003 2333 2071 igitur,
2382 2004 2581 2070 inquit,
2618 2003 2776 2071 juxta
2835 2002 2969 2056 illud
3022 2001 3333 2054 mandatum
3383 2019 3396 2053 :

1841 2093 2025 2149 dixiSti
2048 2094 2192 2147 enim
2217 2093 2432 2156 Solvite,
2458 2103 2512 2148 et
2535 2094 2764 2148 solvent.

1912 2185 2075 2242 Vens.
2096 2188 2148 2240 8.
2170 2184 2234 2240 Et
2257 2186 2588 2255 congregatio
2617 2186 2930 2253 populorum
2958 2183 3298 2237 circumdabit
3331 2191 3398 2234 te.

1841 2280 1894 2334 Si
1921 2281 2062 2334 enim
2089 2274 2453 2346 mibi‘adjutor
2482 2277 2669 2341 fueris,
2710 2277 2968 2331 videbunt
2987 2277 3138 2330 multi
3165 2285 3217 2329 et
3246 2276 3404 2328 time-

1841 2370 1973 2423 bunt
1993 2379 2045 2422 et
2065 2378 2446 2424 convertentur
2460 2367 2524 2422 ad
2550 2366 2854 2423 Dominum.
2876 2367 3029 2433 Quod
3050 2382 3176 2421 vero
3197 2366 3270 2418 ait
3287 2366 3402 2420 Cir-

1843 2459 2112 2512 cumdabit
2153 2469 2218 2522 te,
2245 2459 2384 2514 idem
2417 2468 2498 2513 est
2523 2459 2689 2527 quod,
2711 2458 2868 2512 Circa
2889 2457 3139 2511 mandata
3172 2468 3260 2510 tua
3280 2471 3402 2510 ver-

1841 2552 2123 2609 saliuntur,
2142 2559 2194 2604 et
2209 2565 2484 2618 nunquam
2503 2549 2570 2604 ab
2590 2551 2670 2604 eis
2693 2550 2946 2603 recedent
2969 2566 2982 2612 ;
3007 2565 3126 2601 nam
3156 2548 3394 2615 alioquin

1841 2642 1984 2694 Deus
2019 2641 2316 2695 immensus
2355 2648 2463 2704 est,
2504 2648 2558 2694 et
2588 2639 2980 2708 comprehendi
3037 2654 3143 2692 non
3195 2646 3395 2706 potest.

1838 2729 2137 2785 Possumus
2171 2730 2334 2783 etiam
2382 2729 2484 2784 hoc
2527 2729 2828 2798 intelligere
2866 2729 2933 2782 de
2975 2727 3396 2782 resurrectionis

1840 2831 2116 2890 tempore;
2156 2821 2500 2891 congregatio
2531 2821 2675 2874 enim
2721 2820 2984 2889 gentium,
3018 2819 3168 2886 quasi
3199 2833 3397 2872 corona

1838 2906 2068 2975 quadam
2096 2906 2374 2962 Christum
2420 2907 2611 2970 cinxit,
2662 2921 2785 2960 cum
2839 2907 2908 2961 ab
2959 2907 3212 2960 omnibus
3243 2915 3399 2960 terrae

1839 2998 2036 3051 ﬁnibus
2079 3008 2270 3065 gentes
2310 2997 2374 3051 ad
2409 3011 2532 3050 eum
2568 2997 2910 3052 accederent.
2961 2995 3051 3049 Vel
3095 2997 3399 3048 circumda-

1840 3087 1914 3144 bit
1951 3095 2021 3149 te,
2056 3086 2157 3142 hoc
2177 3095 2282 3154 est,
2317 3087 2486 3142 Canet
2516 3096 2569 3142 et
2591 3087 2937 3152 laudabitte;
2964 3087 3018 3140 in
3048 3085 3217 3140 choro
3255 3087 3398 3140 enim

1840 3192 1904 3230 ac
1933 3184 2100 3240 cmtu,
2150 3176 2385 3246 hymnos
2419 3192 2480 3232 ac
2503 3176 2692 3231 laudes
2739 3175 2848 3230 Deo
2883 3191 3082 3231 canere
3139 3178 3397 3231 solemus.

1837 3265 1882 3319 A
1916 3265 2088 3319 forma
2125 3265 2291 3334 igitur
2321 3281 2415 3320 seu
2442 3266 2613 3334 ﬁgura
2650 3276 2826 3320 costus
2869 3266 3174 3331 hominum,
3225 3266 3394 3320 Deum

1837 3355 2195 3420 laudantium,
2222 3354 2588 3410 laudationem
2609 3355 2780 3426 ipsam
2809 3355 3164 3424 signiﬁcavit.

1908 3467 1980 3521 Et
2007 3447 2216 3536 propter
2244 3468 2379 3520 hanc
2409 3467 2462 3520 in
2484 3467 2651 3519 altum
2671 3468 2956 3536 regredere.
2975 3469 3204 3535 Pmpter
3227 3467 3388 3530 hanc,

1838 3554 2082 3623 inquam,
2128 3554 2598 3624 congregationem
2646 3556 2910 3623 gentium,
2970 3555 3200 3608 ascende
3249 3563 3327 3618 tu,
3362 3570 3396 3609 ο

1837 3647 2122 3712 llediator,
2160 3645 2224 3698 ad
2257 3645 2492 3707 Patrem,
2537 3653 2590 3698 et
2625 3645 2909 3715 regredere
2947 3645 3001 3698 in
3053 3645 3390 3700 altitudinem

1839 3737 2024 3804 gloria:
2055 3743 2179 3799 tuae,
2223 3750 2384 3804 quam
2418 3735 2653 3790 habenas
2685 3737 3006 3804 priusquam
3032 3735 3265 3791 mundus
3310 3751 3372 3790 es
3425 3768 3433 3778 κ

1839 3834 1944 3890 set,
1977 3834 2032 3880 et
2057 3825 2326 3880 ineﬂabile
2353 3825 2665 3895 mysterium
2691 3825 2908 3894 perﬁce:

1909 3935 2070 3992 Vens.
2117 3937 2171 3991 9.
2218 3936 2471 3991 Dominus
2495 3937 2765 4006 judicabit
2802 3938 3042 3993 oooulos.
3079 3936 3192 3992 Non
3226 3938 3395 4006 negli-

1841 4036 1928 4097 get
1952 4027 2215 4082 Dominus
2242 4042 2305 4082 ea
2337 4043 2457 4097 quze
2485 4028 2744 4084 adversus
2791 4044 2876 4082 me
2915 4030 3087 4083 moliti
3127 4038 3273 4091 sunt,
3301 4029 3395 4082 sed

1838 4117 2104 4185 disquiret
2126 4116 2327 4170 omnia.
2352 4115 2466 4178 Vel,
2490 4115 2753 4186 iudicabit
2778 4117 3004 4185 populos
3028 4118 3395 4172 condemnans

1838 4221 2056 4276 pravos,
2087 4206 2260 4262 bonos
2283 4222 2410 4261 vero
2443 4213 2690 4262 statuens
2719 4221 2748 4261 a
2787 4207 3015 4263 dextris.

1911 4319 2108 4372 Indica
2142 4320 2292 4382 mihi,
2315 4319 2556 4382 Domine,
2589 4321 2872 4373 secundum
2899 4321 3170 4389 justitiam
3203 4337 3392 4384 meam,

1838 4420 1888 4465 et
1939 4409 2226 4464 secundum
2275 4411 2626 4462 innocentiam
2662 4425 2830 4463 meam
2887 4425 3002 4479 qua:
3053 4411 3106 4461 in
3165 4426 3246 4461 me
3295 4421 3393 4463 est.

1839 4499 2129 4569 Postquam
2170 4499 2412 4552 meminit
2447 4498 2638 4567 iudicii
2681 4517 2694 4553 :
2733 4499 2880 4564 Esto,
2919 4499 3116 4569 inquit.
3156 4507 3210 4552 et
3263 4500 3392 4553 mihi

1837 4591 2023 4660 judex,
2056 4591 2367 4660 disquirens
2409 4591 2673 4658 justitiam
2727 4606 2925 4652 meam,
2977 4605 3142 4659 quam
3175 4592 3386 4645 servavi

1837 4680 2104 4757 adversus
2145 4681 2472 4749 parricidam
2527 4679 2720 4743 ﬁlium,
2779 4689 2832 4734 et
2887 4681 3202 4748 complices.
3253 4682 3394 4734 Prm-

1835 4781 1977 4826 terea
2029 4772 2189 4826 etiam
2231 4772 2282 4826 id
2319 4779 2464 4840 peto,
2523 4777 2582 4822 ut
2629 4770 2930 4823 secundum
2991 4767 3392 4836 simplicitatem

1836 4877 2037 4928 meam,
2093 4863 2173 4916 sic
2225 4862 2317 4915 ﬁat
2371 4861 2523 4915 mihi.
2574 4859 2678 4914 Sed
2741 4860 3014 4928 quomodo
3045 4858 3170 4911 alibi
3232 4858 3384 4921 dicit,

1835 4951 1903 5004 Et
1965 4969 2065 5004 non
2108 4952 2270 5005 intres
2311 4951 2372 5018 vin
2421 4950 2626 5017 judicio
2679 4967 2794 5003 cum
2833 4966 2978 5002 servo
3025 4958 3112 5000 tuo
3157 4948 3223 5011 τ’,
3269 4941 3390 5000 cum

1839 5040 1925 5094 hic
1969 5040 2197 5108 judicari
2257 5041 2485 5107 cupiat?
2546 5039 2681 5105 Quia
2744 5039 2950 5094 scilicet
3021 5038 3094 5092 ibi
3160 5036 3388 5108 judicari

1837 5129 2034 5197 refugit
2061 5143 2184 5182 cum
2223 5127 2351 5192 Deo,
2392 5139 2446 5183 et
2481 5131 2642 5182 vitam
2672 5143 2826 5184 suam
2867 5144 2988 5181 cum
3025 5127 3168 5180 illius
3197 5125 3386 5179 beneﬁ-

1837 5219 1937 5272 ciis
1965 5218 2309 5286 comparari:
2350 5234 2492 5272 nunc
2521 5227 2700 5273 autem
2732 5235 2790 5273 se
2821 5217 2967 5289 [cum
3003 5214 3133 5286 ﬁlio]
3154 5209 3387 5284 judicari

1837 5306 2027 5374 quaerit
2056 5315 2112 5360 et
2143 5321 2264 5360 cum
2298 5308 2381 5362 liis
2417 5307 2506 5374 qui
2535 5307 2761 5390 injurias
2788 5308 2838 5362 ei
2873 5307 3195 5367 intulerant,
3227 5314 3387 5372 atque

1837 5399 2148 5452 interimere
2185 5415 2308 5452 eum
2345 5399 2653 5469 cupiebant.

1907 5511 2070 5565 Vsus.
2108 5512 2193 5564 10.
2223 5512 2580 5566 Consumatur
2604 5512 2834 5581 nequitia
2847 5521 3198 5575 peccatorum.
3229 5517 3276 5561 et
3304 5509 3385 5559 di-

1837 5606 1968 5673 riqes
1990 5605 2214 5670 justum.
2251 5603 2382 5658 Nam
2412 5607 2456 5662 si
2489 5605 2780 5674 aliquando
2826 5617 3016 5658 eorum
3074 5600 3381 5670 malignitas
