4090 6324
615 429 714 494 127
1779 433 2161 495 EUTIIYMII

2292 431 2579 490 ΞΑΒΕΝί
3721 424 3814 484 128

611 548 849 599 ritionem
908 545 1096 615 ὀδύνην
1128 545 1488 618 appellantes]
1518 561 1547 600 a
1590 545 1754 602 verbo
1780 548 1995 601 οἰδαίνω
2022 548 2159 601 idem

2301 546 2504 616 μφυτὸς
2539 546 2684 595 ἐστιν
2737 544 2769 611 ἡ
2813 539 3016 605 κακία,
3064 539 3175 592 ἀλλ’
3199 539 3394 602 ἔξωθεν
3424 541 3812 611 ἐμπειρομένη,

611 631 829 707 preprie
846 639 1181 707 signiﬁcante
1203 637 1347 705 quod
1379 649 1551 691 tumea
1569 654 1664 693 seu
1693 655 1932 707 augesco.
1949 637 2160 692 Etenim

2292 639 2362 691 ml.
2394 637 2684 706 αὐξομένη,
2713 637 2804 686 καί
2833 633 2984 685 ὠδῖσι
3022 631 3440 702 περιϐάλλουσα.
3733 625 3737 630 ’

611 746 733 783 cum
764 729 944 783 infans
1016 731 1068 782 iu
1144 731 1334 785 matris
1376 742 1530 784 utero
1596 733 1869 800 perfectus
1917 738 2022 795 est,
2072 741 2126 784 et
2171 740 2388 796 auctus,
2443 726 2678 800 amplius
2735 728 2863 782 ferri
2915 744 3022 782 non
3078 735 3302 797 potest:
3367 727 3513 780 unde
3557 729 3820 784 maximos

613 818 772 871 elﬁcit
816 819 1048 883 dolores,
1086 835 1204 871 cum
1239 821 1303 872 ad
1348 821 1551 874 exitum
1601 821 1840 875 festinet.
1893 820 1996 874 Per
2052 822 2165 876 haec
2205 831 2386 876 autem
2433 824 2761 884 ostenditur,
2805 821 2932 873 sitia
2991 821 3044 872 in
3096 819 3254 873 nobis
3328 819 3647 873 naturaliter
3716 834 3822 871 non

612 923 735 962 esse
759 909 1150 977 complantata,
1185 913 1279 965 sed
1303 911 1506 967 deforis
1530 914 1688 967 insita
1722 928 1864 978 esse,
1900 923 1954 967 et
1977 930 2166 983 graves
2205 922 2389 983 postea
2421 914 2635 970 dolores
2677 914 2991 982 producere.

688 999 933 1067 Concepit
962 1001 1187 1054 laborem
1219 1012 1268 1056 et
1305 1005 1499 1072 peperit
1533 1005 1878 1072 iniquitatem.
1911 1007 2070 1076 Atqui
2109 1007 2162 1060 in

2333 1007 2635 1062 Συνέλαϐε
2664 1007 2874 1069 πόνον,
2921 1004 3016 1058 καί
3046 1004 3248 1058 ἔτεκεν
3269 1004 3540 1072 ἀνομίαν.
3576 1004 3686 1058 Καὶ
3720 1005 3826 1074 μὴν

620 1089 740 1142 aliis
773 1089 972 1143 fetibus
1012 1092 1246 1159 primum
1281 1094 1569 1164 conceptio
1608 1106 1711 1160 est,
1737 1104 1791 1149 et
1819 1096 2014 1150 deinde
2043 1113 2168 1164 par-

619 1179 808 1233 turitio
859 1184 1230 1251 consequitur,
1292 1194 1454 1238 aucto
1496 1200 1559 1240 ac
1619 1186 1861 1256 perfecto
1916 1188 2166 1245 infante:

620 1289 801 1326 verum
857 1273 908 1327 id
945 1275 1024 1328 sic
1048 1289 1106 1327 se
1147 1277 1324 1340 habet,
1365 1279 1582 1345 quando
1628 1280 1694 1334 de
1724 1282 2080 1350 conceptione
2119 1292 2171 1337 et

618 1365 981 1432 parturitione
1029 1366 1116 1419 illa
1150 1368 1446 1437 loquimur,
1485 1387 1604 1440 quae
1643 1372 1696 1424 in
1742 1389 1849 1427 uno
1885 1386 2048 1440 atque
2076 1391 2172 1427 eo-

619 1457 737 1533 dem
765 1454 871 1508 fetu
896 1458 1158 1527 contingit
1187 1476 1199 1512 :
1228 1475 1369 1512 nunc
1396 1470 1575 1515 autem
1602 1461 1669 1518 de
1708 1463 1940 1519 diversis
1975 1465 2173 1520 fetibus

620 1554 704 1598 est
727 1561 925 1600 sermo.
952 1547 1133 1616 Primo
1156 1550 1296 1604 enim
1316 1543 1659 1608 'Absatonem
1694 1555 1826 1609 dicit
1851 1557 2174 1624 parturiisse

622 1635 970 1704 injustitiam,
1010 1639 1204 1694 deinde
1236 1656 1359 1695 cun.
1390 1644 1457 1696 ab
1496 1658 1557 1697 ea
1587 1645 1722 1698 male
1754 1645 1974 1700 aﬁectus
2004 1657 2172 1710 esset,

624 1736 734 1780 tum
764 1728 833 1781 ob
863 1730 1232 1799 rationesjam
1283 1731 1478 1794 dictas,
1517 1743 1630 1788 tum
1673 1736 1834 1790 etiam
1889 1739 2016 1806 quia
2051 1739 2174 1791 ido-

624 1834 784 1872 neum
809 1827 1023 1890 tempus
1056 1822 1119 1875 ad
1149 1825 1408 1890 patranda
1435 1825 1638 1880 scelera
1671 1829 1912 1888 nondum
1939 1829 2176 1882 invenis-

624 1917 726 1973 set,
755 1912 1074 1979 concepisse
1098 1926 1221 1966 eum
1269 1926 1452 1967 narrat
1482 1916 1743 1979 laborem,
1796 1919 1895 1971 hoc
1927 1928 2008 1970 est
2054 1933 2178 1972 cor-

625 1999 774 2068 poris
827 1999 1103 2068 dolorem;
1167 2018 1288 2056 nam
1349 2005 1394 2058 si
1446 2006 1661 2061 animus
1714 2007 2177 2063 sollicitudinibus

630 2097 967 2159 torqueatur,
994 2094 1124 2162 ipsa?
1141 2096 1301 2148 etiam
1334 2098 1578 2166 corporis
1607 2101 1748 2153 vires
1762 2100 2041 2154 deﬁciunt.
2063 2101 2179 2154 Non

627 2189 836 2234 tantum
869 2184 1033 2252 igitur
1062 2186 1229 2239 animi
1259 2202 1513 2244 \mmrore
1554 2190 1787 2244 Absalon
1819 2192 2179 2256 detinebatur,

594 2320 596 2322 .
627 2275 722 2327 sed
756 2273 809 2326 in
834 2277 1082 2345 corporis
1114 2279 1279 2332 etiam
1307 2280 1524 2336 dolores
1559 2282 1845 2348 inciderat,
1870 2283 2042 2338 donec
2081 2285 2183 2338 ini-

2269 1099 2362 1152 ὲπὶ
2399 1098 2507 1150 τῶν
2565 1096 2806 1167 ὲμϐρίων
2853 1097 3070 1166 πρῶτον
3109 1095 3387 1164 σύλληψις,
3437 1094 3627 1147 ἔπειτα
3674 1094 3824 1157 ὠδὶς,

2268 1188 2363 1241 τοῦ
2401 1188 2631 1258 βρέφους
2659 1187 3042 1256 αὐξανομένουο
3073 1187 3185 1238 ἀλλ’
3219 1187 3334 1237 ἐκεῖ
3369 1186 3487 1252 μὲν,
3525 1185 3659 1251 πρὸς
3696 1185 3827 1236 αὐτὸ

2270 1283 2329 1334 τὸ
2368 1281 2592 1350 ἕμϐριον
2619 1279 2877 1349 σύλληψις
2912 1278 3151 1345 λέγεται,
3181 1278 3273 1328 καὶ
3301 1277 3447 1337 ὡδίς·
3475 1273 3707 1327 ἐνταῦθα
3745 1274 3826 1337 δὲ,

2272 1373 2406 1441 πρὸς
2437 1371 2562 1425 ἄλλο
2596 1371 2687 1424 καὶ
2720 1371 2886 1442 ἄλ).οῶ
2914 1370 3194 1438 Ὀδινήσας
3223 1368 3453 1436 γὰρ.τὴν
3481 1367 3713 1425 ἀδικίαν,
3736 1366 3831 1418 καὶ

2271 1464 2523 1533 χαλεπῶς
2553 1464 2645 1515 ὑπ’
2672 1457 2858 1548 αὐτῆς·
2881 1461 3165 1524 διατεθεὶς,
3197 1459 3288 1512 διά
3325 1476 3385 1510 τε
3432 1459 3528 1519 τὰς
3569 1474 3832 1526 προειρη-

2277 1555 2442 1624 μένας
2483 1555 2680 1616 αίτίας,
2708 1554 2897 1606 καὶ¹τδ
2927 1552 3092 1622 μήπω
3124 1551 3312 1618 καιρὸν
3337 1549 3609 1618 εὑρίσκειν
3639 1549 3832 1615 ἐπιτή-

2273 1648 2434 1707 δειον,
2468 1644 2722 1698 συνέλαϐε
2768 1643 2950 1707 πόνον,
2984 1643 3150 1712 ἤγουν
3182 1639 3483 1712 προσέλαϐε
3521 1639 3831 1705 σωματικὸν

2274 1738 2457 1806 ἄλγος·
2490 1734 2944 1804 κατατεινομένης
2971 1735 3074 1802 γὰρ
3100 1732 3199 1801 τῆς
3229 1732 3427 1801 ψυχῆς,
3460 1733 3552 1783 καὶ
3578 1728 3686 1780 ’τοῦ
3725 1727 3834 1780 σῶ-

2278 1845 2445 1897 ματος
2481 1826 2902 1899 καταϐάλλονται
2925 1823 3202 1893 δυνάμεις.
3245 1823 3320 1874 Οὐ
3356 1824 3516 1891 μόνον
3545 1819 3636 1872 οὖν
3671 1818 3836 1888 ὀδυνᾷ

2275 1922 2334 1974 τὸ
2385 1919 2526 1972 κατὰ
2571 1918 2769 1987 ψυχὴν,
2827 1916 2961 1970 ἀλλὰ
3011 1917 3105 1968 καὶ
3169 1914 3500 1981 σωματικοῖς
3555 1911 3836 1979 ἁλγήμασι

2281 2008 2656 2076 περιέπιπτεν,
2679 2006 2783 2068 ἕως
2817 2001 2875 2058 οὗ
2897 2005 2996 2073 ’.ὴν
3015 2003 3242 2071 ἀνομίαν
3271 2002 3578 2070 ἐγέννησεν.
3605 2001 3726 2051 Ἀτι
3736 2014 3836 2064 μον

2279 2097 2386 2166 γὰρ
2415 2096 2582 2160 ὅντως
2607 2093 2870 2164 ἀτιμάσαι
2901 2095 2990 2147 τὸν
3020 2093 3255 2163 πατέρα,
3283 2094 3374 2146 καὶ
3403 2091 3612 2155 διῶξαι,
3649 2092 3837 2160 μιᾶναι

2279 2187 2376 2250 τὰς
2402 2187 2565 2239 αὐτοῦ
2619 2185 2922 2248 παλλακάς.
2977 2186 3134 2247 Τινὲς
3180 2185 3237 2236 δὲ
3279 2183 3377 2252 τὴν
3425 2181 3838 2249 ἐπιτομωτέραν

2282 2277 2582 2347 ἑρμηνείαν
2635 2276 3042 2344 ἀποδεχόμενοι,
3099 2274 3261 2326 ὠδῖνα
3317 2271 3413 2341 μὲν
3471 2269 3701 2323 ἐνταῦθα
3752 2269 3840 2322 λέ..

629 2366 892 2432 quitatem
923 2371 1148 2437 peperit.
1182 2369 1355 2426 Porro
1381 2373 1510 2427 illud
1543 2374 1787 2443 iniqumn
1815 2376 1914 2431 fuit
1951 2377 2184 2431 inhono-

2292 2387 2459 2438 γουσι,
2488 2369 2584 2436 τὴν
2614 2368 2842 2420 ἔννοιαν·
2883 2364 3141 2433 σύλληψιν
3168 2365 3245 2427 δὲ,
3268 2363 3364 2431 τὴν
3407 2362 3596 2413 στάσιν
3629 2359 3726 2427 τῆς
3754 2359 3842 2410 ὲν-

629 2470 752 2510 rare
781 2472 844 2511 ac
870 2461 1119 2529 persequi
1156 2470 1391 2530 patrem,
1424 2471 1478 2518 et
1519 2465 1664 2520 illius
1694 2467 1921 2535 pelliees
1953 2469 2175 2523 violare.

628 2545 856 2612 Quidam
893 2566 1020 2604 vero
1050 2553 1351 2607 breviorem
1390 2557 1784 2625 expositionem
1827 2558 2024 2624 secuti,
2052 2574 2177 2627 par-

631 2639 853 2694 turiisse
881 2654 1158 2716 exponunt
1182 2659 1280 2714 pro
1315 2648 1603 2715 cogitasse.
1639 2647 1746 2702 Per”
1768 2651 2175 2722 conceptionem

634 2744 759 2783 vero
792 2735 1214 2788 constantiorem
1258 2737 1401 2791 illam
1438 2739 1741 2808 tyrannidis
1775 2741 2176 2796 meditationem

2284 2463 2432 2526 νοίας
2460 2460 2564 2530 τῆς
2584 2458 2910 2530 τυραννίδος.
2931 2459 3001 2510 Ἦ
3029 2459 3122 2510 καὶ
3143 2458 3224 2510 ὅτι
3249 2455 3530 2521 ὀδυνὴσας,
3555 2455 3647 2504 καὶ
3671 2449 3843 2502 πολλὰ

2286 2553 2474 2607 παθὼν
2506 2552 2608 2605 ὑπὸ
2637 2550 2787 2604 τοῦδε
2821 2546 3116 2616 λογισμοῦ,
3152 2546 3247 2598 καὶ
3285 2545 3362 2615 μὴ
3397 2541 3655 2609 ἐνεγκὼν,
3691 2539 3842 2591 συνέ·

2284 2646 2415 2699 λαϐε
2449 2643 2608 2697 πάλιν
2636 2643 2822 2711 ἕτερον
2853 2639 2967 2708 (59)
3008 2635 3256 2707 περὶτοῦ
3287 2634 3448 2687 αὑτοῦ
3491 2632 3840 2702 πράγματος,

2284 2736 2342 2800 ὃς
2372 2735 2465 2788 καὶ
2495 2733 2657 2795 αὐτὸς
2685 2733 2905 2800 γέγονεν
2937 2729 3249 2789 αὐτόπονος,
3285 2725 3377 2778 καὶ
3427 2722 3654 2790 δευτέρα
3688 2721 3842 2785 ὡδίς,

632 2820 960 2890 intelligunt.
989 2824 1084 2880 Vel
1117 2827 1311 2884 aliter:
1359 2830 1494 2884 Cum
1529 2831 1767 2887 Ahsalou
1798 2835 2036 2903 graviter
2066 2832 2250 2886 animo
2275 2837 2588 2900 angeretur,
2611 2835 2665 2880 ct
2691 2826 2860 2880 multa
2913 2837 3108 2894 passus
3173 2828 3322 2874 esset
3367 2825 3584 2887 propter
3650 2815 3844 2881 hujus-

635 2911 779 2965 modi
825 2917 1205 2983 cogitationes,
1258 2934 1357 2973 nec
1412 2925 1592 2975 tamen
1632 2925 1811 2978 adhuc
1851 2926 2182 2995 quiesceret,
2222 2921 2474 2991 concepit
2504 2919 2696 2974 rursus
2723 2918 2886 2970 alium
2915 2915 3155 2970 dolorem
3178 2911 3419 2978 eamdem
3473 2909 3543 2962 ob
3595 2919 3844 2960 causam.

633 3006 728 3075 qui
769 3007 909 3063 alius
936 3011 982 3062 ei
1031 3012 1130 3066 fuit
1167 3014 1339 3082 labor,
1372 3027 1426 3070 et
1457 3019 1592 3073 alius
1622 3020 1798 3085 dolor,
1827 3031 1880 3075 et
1914 3024 2184 3077 secundus
2223 3030 2430 3089 partus.

707 3099 871 3156 Vens.
909 3103 996 3159 16.
1036 3104 1234 3160 Locum
1277 3109 1410 3176 fodit
1437 3121 1482 3164 et
1518 3112 1708 3181 refodit
1741 3130 1879 3177 eniti,
1916 3123 1962 3167 et
2002 3115 2188 3167 incidit

636 3193 690 3243 in
718 3191 920 3260 foveam
955 3212 1112 3260 quam
1145 3199 1286 3264 fecit.
1311 3199 1639 3267 Periculum,
1672 3203 1868 3272 inquit,
1900 3205 2028 3258 mihi
2057 3221 2192 3274 pra:-

639 3285 867 3351 paravit,
897 3287 1230 3356 etejusmodi
1254 3292 1576 3360 periculum,
1604 3306 1662 3349 ut
1693 3296 1837 3350 abeo
1865 3297 1950 3350 vix
1978 3313 2190 3366 possem

644 3374 863 3428 liberari
898 3396 912 3462 ι
971 3379 1115 3446 quod
1151 3381 1312 3436 latius
1345 3384 1705 3440 similitudine
1747 3389 2042 3443 denotavit.
2090 3390 2194 3455 Qui

639 3467 784 3518 enim
821 3468 874 3521 in
905 3468 1080 3524 laeum
1118 3472 1330 3539 incidit,
1376 3476 1527 3531 illinc
1557 3479 1793 3548 amplius
1822 3478 2057 3549 eﬂugere
2086 3496 2190 3535 non

645 3564 822 3622 potest
856 3577 867 3611 :
904 3562 1176 3631 praecipue
1237 3567 1281 3620 si
1339 3567 1385 3620 is
1426 3567 1575 3622 lacus
1626 3585 1734 3623 non
1772 3572 1953 3626 fossus
1984 3579 2189 3624 tantum

646 3649 738 3711 sit,
771 3650 864 3703 sed
897 3653 1227 3720 refossus,et
1255 3656 1338 3712 bis
1364 3667 1678 3722 evacuatus,
1705 3662 1775 3714 ita
1799 3671 1853 3713 ut
1876 3662 2194 3730 profundior

644 3740 736 3793 sit.
767 3740 1083 3810 Hujusmodi
1122 3752 1385 3805 adversus
1415 3767 1520 3818 me,
1569 3754 1758 3823 inquit.
1793 3757 2020 3811 insidias
2056 3757 2209 3811 ﬁlius.

649 3845 802 3883 luteus
832 3835 1047 3890 molitus
1070 3847 1174 3902 est,
1201 3856 1322 3908 quae
1350 3851 1517 3896 vastae
1549 3843 1705 3898 fossae
1735 3848 1906 3899 instar
1930 3847 2196 3915 quoddam

649 3918 704 3970 in
754 3935 814 3975 se
854 3924 1108 3978 vitiorum
1144 3929 1474 3995 profundum
1508 3931 1730 3996 habent,
1762 3943 1817 3986 et
1857 3932 2198 3987 mortiferum

2355 3110 2588 3164 Λάκκον
2619 3105 2828 3174 ὤρυξε,
2853 3103 2947 3156 καὶ
2969 3099 3316 3162 ἀνέσκαψεν
3334 3092 3536 3156 αὐτὸν,
3556 3091 3650 3144 καὶ
3666 3093 3847 3160 ἐμπε-

2289 3201 2475 3256 σεῖται
2495 3203 2581 3264 εἰς
2605 3198 2823 3264 βόθρον
2855 3193 2926 3247 ὃν
2943 3190 3276 3260 ειργάσατο.
3300 3187 3552 3250 κίνδυνόν
3577 3201 3664 3252 μοι
3684 3201 3842 3271 κατε-

2291 3292 2574 3351 σκεύασεν,
2600 3288 2693 3338 καὶ
2727 3284 2967 3337 κίνδυνον
2995 3278 3445 3334 δισαπάλλακτον.
3485 3275 3747 3342 Ἐδήλωσε
3781 3271 3842 3324 δι

2291 3384 2500 3445 τοῦτον,
2516 3379 2602 3432 διὰ
2629 3378 2725 3445 τῆς
2740 3374 2832 3428 τοῦ
2849 3374 3053 3426 λάκκου
3073 3371 3408 3441 ὁμοιότητος·
3425 3361 3498 3428 ὡς
3513 3366 3620 3432 γὰρ
3643 3366 3847 3424 ἐκεῖνος

2292 3475 2403 3524 τοῖς
2429 3468 2846 3539 ὲμπεπτωκόσιν
2875 3465 3278 3533 ἄφυκτόςτὲστι,
3316 3461 3408 3512 καὶ
3443 3455 3643 3529 μᾶλλον
3676 3450 3729 3506 εῐ
3762 3469 3848 3512 τις

2294 3565 2458 3618 αὑτὸν
2488 3559 2812 3627 ἀνασκαψει.
2867 3555 3110 3609 τουτέστι
3155 3551 3348 3614 δισσῶς
3373 3550 3551 3621 ὁρύξει
3598 3547 3731 3616 πρὸς
3785 3545 3849 3597 τὸ

2299 3656 2616 3726 βαθύτερον,
2646 3652 2815 3716 οὕτως
2861 3651 2952 3704 καὶ
2978 3649 3013 3703 ἃ
3044 3646 3161 3699 κατ’
3214 3645 3346 3714 ἐμοῦ
3376 3640 3775 3695 κατεσκεύασεν
3819 3637 3851 3688 δ

2300 3746 2669 3818 πατραλοίας,
2722 3743 2880 3813 βάθος
2939 3740 3198 3811 πονηρίας
3247 3737 3464 3805 ἔχουσι,
3507 3733 3606 3831 καὶ
3653 3727 3855 3831 κύικλον

2302 3836 2694 3904 θανατηφόρονο
2735 3833 2850 3887 ἀλλ’
2889 3831 3047 3892 αὐτὸς
3098 3828 3416 3895 ἐμπεσεῖται
3465 3820 3542 3890 τῷ
3582 3818 3851 3886 κινδύνῳ,

2304 3933 2400 3984 καὶ
2428 3929 2545 3985 ἀνθ’
2578 3924 2652 3982 ὧν
2677 3929 2777 3996 ἐμὲ
2807 3923 3087 3977 συλλαϐεῖν
3115 3921 3396 3971 ἔσπευσεν.

649 4011 958 4071 circuitum.
1031 4018 1227 4073 Verum
1305 4023 1396 4076 ille
1451 4023 1503 4076 in
1556 4024 1856 4093 periculum
1902 4025 2077 4091 ipsum
2133 4025 2265 4079 mihi
2305 4024 2637 4078 destinatum
2688 4017 2923 4080 decidet,
2962 4025 3015 4069 et
3060 4007 3571 4080 comprehendetur,
3610 4003 3664 4056 in
3718 4014 3859 4071 prte-

652 4102 817 4157 mium
860 4121 1047 4162 eorum
1079 4127 1200 4178 qua:
1251 4112 1511 4167 adversus
1548 4129 1635 4167 me
1681 4116 1854 4168 moliri
1906 4109 2182 4185 nunquam
2220 4115 2479 4189 cessavit.
2870 4113 2875 4120 ’

726 4197 892 4255 Vens.
933 4203 1022 4260 Π.
1069 4203 1406 4260 Coneertetur
1442 4208 1592 4261 labor
1619 4211 1733 4276 ejus
1773 4210 1827 4263 in
1867 4217 2023 4276 caput
2062 4209 2200 4279 ejus.

657 4295 902 4362 Utraque
934 4296 1068 4350 ‘hmc
1126 4298 1301 4366 reipsa
1359 4299 1433 4351 illi
1475 4301 1854 4369 contigerunt;
1909 4303 2024 4370 ipse
2062 4305 2206 4358 enim

657 4389 892 4441 Ahsalon
960 4388 1011 4441 in
1063 4377 1372 4456 perieulum
1419 4389 1648 4457 incidit,
1700 4399 1755 4445 et
1799 4394 1918 4462 ejus
1969 4395 2224 4449 studium'

655 4482 876 4533 tandem
903 4480 956 4532 in
988 4480 1158 4546 ipsius
1182 4491 1340 4549 caput
1372 4483 1673 4536 revolutum
1705 4495 1806 4538 est.
1835 4484 1968 4539 Nam
1994 4501 2118 4540 cum
2155 4488 2207 4542 in

659 4573 831 4625 aciem
890 4573 1086 4628 milites
1128 4575 1442 4630 hortaturus
1473 4575 1774 4638 festinaret.
1811 4577 1952 4631 inter
1983 4593 2208 4632 curren-

660 4662 788 4714 dum
843 4677 985 4730 equo
1033 4673 1453 4731 prmiervectus,
1493 4666 1716 4720 caesarie
1785 4681 1935 4720 ramo
1997 4667 2210 4723 arboris

658 4752 983 4820 complicata
1039 4769 1338 4823 suspensus
1388 4756 1690 4822 remansit;
1735 4774 1844 4827 quo
1881 4767 2036 4827 pacto
2058 4773 2212 4814 acer-

662 4841 782 4896 bam
812 4855 1034 4899 mortem
1060 4846 1338 4900 sustinuit.

734 4941 802 4993 Et
830 4942 884 4994 in
914 4943 1150 4995 verticem
1182 4942 1347 5010 ipsius
1376 4941 1640 5009 injustitia
1676 4940 1789 5006 ejus
1817 4941 2109 4996 descendet.
2148 4943 2206 4998 Ιιι

664 5048 785 5086 eum
819 5033 960 5086 enim
987 5035 1159 5087 irruet
1188 5032 1478 5101 injustitia,
1498 5047 1659 5100 quam
1685 5032 1739 5084 in
1763 5032 1899 5087 alios
1935 5032 2208 5088 tendebat.

666 5126 746 5176 Ab
777 5138 838 5177 ea
869 5133 1049 5177 autem
1076 5123 1319 5192 corporis
1339 5131 1489 5192 parte
1515 5138 1636 5191 qua!
1663 5132 1746 5176 est
1780 5123 1953 5193 magis
1972 5123 2211 5188 lethalis,

667 5223 841 5270 totum
923 5215 1194 5268 hominem
1263 5213 1611 5284 significavit,
1692 5214 1857 5268 veluti
1946 5222 2120 5268 totum
2184 5229 2215 5270 a

667 5319 837 5378 parte.
888 5307 952 5361 Et
995 5322 1126 5362 sane
1167 5307 1241 5359 ita
1282 5316 1460 5360 aetum
1504 5314 1622 5370 est;
1669 5321 1791 5359 nam
1843 5323 1965 5361 cum
2016 5307 2218 5366 bellum

668 5404 724 5455 in
764 5410 969 5468 patrem
999 5402 1312 5465 instrueret,
1339 5401 1450 5468 ipse
1481 5400 1534 5452 in
1568 5414 1641 5453 eo
1667 5398 1765 5452 l'uit
1789 5400 2165 5467 interemptus.

742 5492 905 5547 Vens.
946 5492 1030 5548 i8.
1061 5493 1356 5558 Conﬁtebor
1385 5490 1604 5544 Domino
1633 5491 1912 5543 secundum
1953 5490 2221 5558 justitiam

673 5585 806 5651 ejus.
851 5582 984 5651 Ego,
1018 5583 1219 5652 inquit,
1266 5591 1389 5649 post
1448 5580 1757 5650 huiusmodi
1817 5579 1941 5634 belli
1991 5579 2219 5640 exitum,

674 5676 875 5745 gratias
906 5675 1014 5729 Deo
1039 5689 1193 5743 agam
1224 5675 1290 5728 de
1317 5674 1463 5743 justo
1496 5673 1615 5742 ejus
1645 5671 1873 5742 judicio.

681 5875 683 5881 “
721 5867 862 5931 ’(59)
895 5867 1134 5925 Subaudi
1164 5868 1343 5923 πόνον.
1432 5890 1439 5899 ·

2383 4187 2762 4274 Ἐπιστρέψει
2791 4206 2824 4258 ὁ
2864 4202 3048 4265 πόνος
3089 4193 3273 4250 αὐτοῦ
3303 4194 3388 4258 εις
3426 4187 3702 4258 κεφαλὴν
3747 4188 3861 4242 αὐ-

2302 4302 2427 4356 τοῦ.
2471 4301 2580 4354 Καὶ
2622 4299 2788 4369 ἄμφω
2824 4292 3197 4361 ἀποϐεϐήκασι
3223 4302 3236 4316 ·
3283 4285 3512 4353 κινδύνῳ
3539 4299 3598 4335 τε
3621 4282 3730 4351 γὰρ
3761 4279 3866 4347 ιμ-

2304 4395 2578 4456 πέπτωκε,
2608 4392 2700 4444 καὶ
2732 4388 2869 4443 κατὰ
2896 4382 3139 4451 κεφαλῆς
3160 4378 3325 4433 αὐτοῦ
3363 4376 3566 4437 καινῶς
3593 4377 3626 4439 ὴ
3659 4370 3864 4440 σπουδὴ

2306 4483 2470 4538 αὑτοῦ
2521 4481 2886 4553 περιετράπη.
2940 4474 3192 4529 Σπεύδων
3249 4471 3373 4539 γὰρ.
3422 4461 3865 4535 παραθαρρύνειν

2307 4577 2398 4631 τὸν
2428 4577 2627 4628 οἰκεῖον
2661 4573 2718 4625 ὲν
2746 4570 2826 4640 τῷ
2855 4567 3075 4636 πολέμῳ
3103 4565 3252 4628 λαὸν,
3277 4561 3503 4621 κλάδους
3543 4554 3710 4624 φυτοῦ
3746 4553 3869 4605 δια-

2309 4669 2448 4723 θέων
2499 4667 2755 4735 ἔφιππος,
2803 4661 2903 4730 τὴν
2942 4660 3042 4728 τῆς
3085 4653 3327 4723 κεφαλῆς
3359 4650 3634 4717 ὲνεπλάκη
3663 4646 3865 4713 κόμην,

2312 4763 2409 4816 καὶ
2429 4757 2764 4830 κρεμασθεὶς
2793 4753 2900 4808 ἀπὸ
2931 4749 3132 4819 ταύτης
3159 4744 3394 4818 ἀνῃρέθη
3421 4740 3654 4812 πικρῶς.

2387 4931 2492 4987 Καὶ
2524 4929 2621 4983 ἐπὶ
2651 4924 2922 4995 κορυφὴν
2970 4920 3154 4976 αὑτοῦ
3183 4920 3221 4986 ἠ
3245 4916 3447 4972 ἀδικία
3473 4911 3661 4968 αὐτοῦ
3691 4925 3872 4962 κατα-

2317 5025 2590 5090 ϐήσεται.
2635 5021 2699 5071 Ἢ
2731 5017 2913 5073 ἀδικία
2940 5011 3007 5087 ἧς
3046 5011 3374 5081 κατήρξατο,
3405 5006 3492 5060 ἐπ’
3513 5004 3675 5057 αὐτὸν
3699 5017 3870 5090 κατα-

2321 5088 2537 5184 σκήψει·
2567 5110 2673 5162 ἀπδ
2701 5108 2809 5179 γὰρ
2851 5105 2945 5160 τοῦ
2985 5105 3350 5176 καιριωτάτου
3388 5099 3586 5168 μέρους
3624 5090 3716 5184 τοῦ
3764 5088 3874 5184 σῶς

2325 5182 2514 5275 ματος,
2555 5203 2758 5254 ἐκεῖνον
2779 5198 3079 5269 ξέδήλωσεν.
3127 5196 3235 5248 Καὶ
3273 5192 3454 5262 μέντοι
3489 5186 3584 5238 καὶ
3605 5182 3746 5236 οὕτω
3773 5182 3872 5275 γέ·-

2321 5274 2469 5365 γονεο
2501 5293 2736 5361 πόλεμον
2783 5292 2893 5362 γὰρ
2930 5287 3304 5359 συγκροτήσας
3337 5280 3476 5335 κατὰ
3517 5277 3612 5331 τοῦ
3667 5274 3874 5346 πατρὸς

2322 5383 2508 5450 αὐτοῦ,
2541 5384 2778 5454 ἀνῃρέθη
2815 5380 3012 5452 μᾶλλον
3045 5379 3226 5441 αὐτός.

2401 5476 2940 5546 Ἐξομολογήσομαι
2970 5473 3045 5540 τῷ
3069 5473 3258 5539 Κυρίῳ
3275 5485 3421 5522 κατα
3438 5484 3553 5535 την
3569 5459 3875 5519 υικαιοσύ-

2321 5591 2437 5641 νην
2455 5571 2659 5626 αὐτοῦ.
2692 5569 2832 5638 Ἐγὼ
2847 5551 2923 5632 δὲ,
2942 5565 3180 5622 τοιοῦτον
3202 5561 3352 5623 τέλος
3363 5559 3630 5628 λαϐούσης
3653 5555 3750 5623 τῆς
3772 5551 3877 5622 μά.

2329 5659 2922 5734 χης,εὐχαριστήσω,τῷ
2940 5657 3058 5727 Θεῷ
3077 5655 3166 5710 ἐπὶ
3182 5655 3246 5725 τῇ
3274 5650 3458 5722 δικαίᾳ
3485 5648 3663 5720 κρίσει
3684 5641 3877 5700 αὐτοῦ.

1987 5763 2183 5825 νδιὶω
2216 5759 2543 5823 lectiones.
