4090 6324
242 401 334 467 129
1354 389 1741 454 COMMENT.
1774 391 1854 451 ΙΝ
1894 391 2255 454 l’SAl.MOS.
3321 391 3419 452 130

306 510 402 564 Kal
448 508 623 576 ψαλῶ
669 507 749 572 τῷ
797 507 1041 576 ὀνόματι
1078 506 1297 574 Κυρίου
1343 504 1449 558 τοῦ
1490 503 1779 571 ὑψίστου.

1949 500 2018 554 Et
2073 502 2302 570 psallam
2369 505 2571 558 nomini
2639 507 2848 560 Domini
2897 508 3159 564 altissimi.
3216 510 3418 564 Canam

244 603 377 672 ᾊσω
403 599 479 668 τῷ
507 600 729 669 ὀνόματι
771 599 936 651 αὑτοῦ
983 597 1050 650 τὰ
1091 599 1403 668 νικητήρια,
1451 596 1533 648 ὅτι
1567 596 1764 646 ἐπεκα·

1899 595 2074 662 nquit,
2109 595 2315 648 nomini
2345 595 2462 664 ejus
2494 612 2590 666 pro
2617 597 2841 653 victoria
2876 617 2890 653 :
2923 601 3048 670 quia
3077 602 3195 669 ejus
3225 590 3421 656 nomen

239 691 462 760 λεσᾶιμην
501 690 662 742 αὑτὸν
690 689 783 742 καὶ
819 688 1080 759 ἐϐοήθησέ
1114 705 1224 757 μοι.
1272 686 1334 738 Et
1372 686 1480 756 γὰρ
1519 685 1577 736 τὺ
1600 684 1768 748 ὄνομα

1893 686 2142 748 nvocavi,
2190 695 2243 740 et
2285 688 2570 744 exauditus
2605 705 2744 745 sum.
2781 690 2934 755 Quod
2978 694 3024 746 si
3051 694 3193 746 illius
3227 709 3422 747 nomen

240 782 388 837 αὑτοῦ
411 781 674 849 τοσαύτην
705 782 819 850 ἔχει
849 780 1096 848 δύναμιν,
1141 779 1225 841 τίς
1259 779 1359 830 οὐκ
1387 777 1452 829 ἂν
1479 776 1638 828 αὐτὸν
1677 792 1771 841 φο·-

1893 784 2050 830 antas
2087 778 2246 832 habet
2283 779 2424 833 vires
2453 818 2468 839 ,
2498 781 2620 849 quis
2653 796 2758 834 non
2791 783 2965 851 ipsum
2999 785 3282 837 Dominum
3312 785 3420 837 for-

241 874 412 943 6q05i‘q
433 891 446 936 ;
477 872 766 939 Ὑψίστου
790 871 866 932 δὲ,
886 870 977 922 τοῦ
995 870 1132 939 ὑπὲρ
1162 867 1396 930 ἅπαντα,
1414 864 1507 918 τοῦ
1536 866 1770 934 ἀνυπερ-

1889 866 2094 922 nidabit
2121 868 2144 921 ?
2171 869 2429 922 Altissimi
2457 880 2660 933 autem,
2693 874 2743 926 id
2775 883 2877 936 est,
2913 875 3078 938 illius,
3105 878 3196 944 qui
3225 889 3307 931 est
3333 895 3427 932 su-

241 968 438 1035 ελὴτου,
481 965 514 1035 ἢ
552 965 646 1016 καὶ
689 963 783 1015 τοῦ
825 965 1170 1030 ἐπουρανίου,
1215 947 1360 1012 καθὰ
1409 956 1770 1028 προλαϐόντες

1889 970 1964 1007 )ra
1998 957 2198 1021 omnia,
2233 959 2322 1025 qui
2363 960 2747 1027 insuperabilis
2782 973 2884 1024 est,
2911 966 2992 1015 vel
3024 969 3183 1018 etiam
3239 982 3426 1036 διερρι-

241 1058 468 1128 εῖπομεν.
500 1054 684 1109 Ταῦτα
717 1054 773 1106 δὲ
823 1057 882 1105 οὐ
935 1053 1211 1123 χαίροντός
1271 1055 1418 1105 ἐστιν
1469 1050 1770 1121 ἀνθρώπων

1889 1047 2124 1110 ιωῐυειίε,
2145 1056 2202 1101 ιιι
2218 1051 2468 1118 superius
2493 1052 2748 1106 diximus.
2775 1051 2898 1108 Hree
2927 1064 3106 1108 autem
3139 1061 3296 1110 verba
3319 1074 3426 1111 non

245 1147 590 1218 σφαγαῖς,καὶ
617 1145 848 1214 μάλιστα
891 1143 1078 1206 παιδὸς
1122 1144 1331 1212 αἵματι·
1383 1141 1498 1206 πῶς
1550 1141 1660 1210 γὰρ
1713 1141 1772 1204 ὃς

244 1223 847 1304 καὶπένθιμον’ὲποίησε
889 1236 986 1301 τὴν
1031 1234 1240 1305 ἡμέραν
1274 1233 1374 1302 τῆς
1420 1233 1608 1300 νίκηςς
1658 1231 1772 1284 ἀλλ’

242 1327 623 1396 ἀπλδεχομὲνου
669 1315 765 1395 τὴν
815 1327 908 1379 τοῦ
966 1325 1101 1378 Θεοῦ
1149 1325 1348 1392 ψῆφον,
1380 1324 1600 1387 δικαίως
1651 1326 1774 1387 τοὺς

149 1465 152 1468 .
243 1420 442 1481 ἀδίκους
500 1419 1040 1486 καταλαμϐάνουσαν.
1107 1417 1260 1477 Τινὲς
1311 1416 1366 1468 δὲ
1421 1415 1481 1468 τὸ
1539 1415 1777 1468 Λάκκον

242 1511 437 1579 ὤρυξε,
468 1515 562 1563 καὶ
588 1511 657 1561 τὰ
676 1508 822 1578 ἑξῆς,
855 1508 981 1577 ἄχρι
1008 1507 1101 1589 τοῦ
1142 1508 1354 1560 Ἀδικία
1383 1507 1567 1560 αὐτοῦ
1604 1523 1776 1559 arara—

244 1601 491 1668 ϐήσεται,
542 1602 947 1668 συντομώτερον
1019 1597 1432 1668 ἑρμηνεύοντες,
1485 1597 1642 1650 τοῦτο
1686 1597 1776 1648 λέ-

245 1709 386 1760 γουσι
413 1691 601 1760 δηλοῦν
655 1689 1051 1759 μεταφορικῶς,
1103 1691 1198 1742 ὅσα
1232 1689 1350 1742 κατ’
1391 1688 1522 1757 ἐμοῦ
1569 1691 1778 1758 ἐμηχα-

242 1785 449 1854 νήσατο,
495 1768 655 1845 αὐτὸς
682 1782 949 1836 πείσεται.
984 1781 1169 1834 Ταῦτα
1191 1781 1246 1833 δὲ
1287 1780 1662 1850 κατευχόμεθα
1685 1781 1776 1833 καὶ

246 1875 332 1928 τοῦ
356 1876 616 1929 διαϐόλου.

239 2053 334 2118 Εις
356 2052 420 2104 τὸ
448 2051 619 2116 τέλος
644 2051 794 2118 ὑπὲρ
819 2050 938 2104 τῶν
960 2049 1184 2116 ληνῶν,
1213 2047 1455 2116 ψαλμὸς
1485 2045 1563 2110 τῷ
1581 2045 1778 2099 Δαϐἰδ.

794 2141 1087 2194 ΨΑΛΜΟΣ
1126 2137 1206 2193 H'.

307 2235 368 2286 Τί
396 2234 489 2304 μὲν
531 2232 778 2302 βούλεται
813 2231 915 2296 Είς
951 2230 1016 2283 τὸ
1060 2229 1261 2294 τέλος,
1316 2232 1375 2281 ὲν
1423 2230 1535 2290 τοῖς
1583 2226 1784 2295 προλα-

245 2325 388 2378 ϐοῦσι
420 2325 761 2394 προείρηται.
789 2321 1024 2388 Ληνοὺς
1049 2322 1104 2374 δὲ
1146 2321 1300 2374 καλεῖ
1332 2321 1455 2382 τοὺς
1497 2319 1780 2388 ἁπανταχῆ

243 2417 337 2485 τῆς
382 2417 702 2485 οἰκουμένης
748 2414 928 2476 ναούς.
983 2412 1257 2482 Ἀμπελος
1285 2411 1411 2481 γὰρ,
1463 2411 1492 2460 ό
1543 2411 1777 2480 Κύριος·

246 2507 488 2574 κλήματα
516 2503 594 2569 δὲ,
633 2505 682 2556 oi
714 2503 1021 2557 ἀπόστολοι·
1055 2502 1248 2572 βότρυς
1269 2502 1324 2554 δὲ
1369 2502 1401 2570 ἡ
1430 2500 1628 2564 πίστις,
1663 2501 1781 2568 ἥτις

245 2592 690 2662 δναποθλιϐομένη
710 2594 840 2662 ,ταῖς
878 2591 1242 2660 Ἐκκλησίαις,
1282 2589 1378 2659 τὴν
1406 2587 1781 2652 διδασκαλίαντ,

247 2682 318 2744 ὡς
341 2679 494 2752 οἶνον,
523 2684 725 2747 δίδωσι,
776 2683 873 2745 τὰς
917 2683 1024 2734 τῶν
1063 2683 1267 2733 πιστῶν
1295 2681 1519 2750 καρδίας
1556 2678 1785 2747 εὐφραί-

245 2791 456 2829 νουσαν.
487 2774 765 2845 Προσὼπῳ
802 2768 892 2826 οὖν
922 2772 1125 2826 τούτων
1149 2772 1256 2824 τῶν
1287 2771 1666 2839 πνευματικῶν
1691 2770 1785 2840 λη-

247 2868 370 2932 νῶν,
414 2869 442 2919 ὁ
492 2867 704 2936 ψαλμδς
754 2859 908 2929 οὗτος
958 2865 1338 2936 ὲκπεφὼνηται
1387 2865 1463 2933 τῷ
1507 2865 1780 2934 προφήτῃ.

250 2951 414 3009 Πάλαι
440 2956 536 3024 μὲν
559 2956 666 3024 γὰρ
690 2950 766 3018 εἷς
800 2956 925 3018 ναὸς
955 2955 1288 3024 ᾠκοδόμητο,
1325 2954 1418 3007 καὶ
1448 2955 1505 3006 ὲν
1534 2953 1614 3004 ἑνὶ
1639 2954 1786 3021 τόπῳ

1871 1140 2158 1208 gaudentis
2187 1149 2312 1194 sunt
2344 1140 2571 1193 aliorum
2605 1146 2771 1204 caede,
2807 1161 2902 1198 nec
2939 1148 3030 1198 lilii
3057 1148 3424 1213 potissimum,

1873 1244 2000 1283 cum
2049 1231 2332 1301 lugubrem
2395 1235 2565 1301 egerit
2621 1231 2769 1289 illum
2822 1237 3070 1290 victoriae
3110 1239 3248 1292 diem
3274 1239 3425 1308 (40):

1873 1319 1967 1374 sed
2003 1321 2689 1391 suscipientissententiam
2726 1326 2837 1391 Dei,
2874 1342 2994 1394 quae
3029 1330 3261 1392 iniustos
3311 1330 3431 1382 illos

1875 1415 2144 1466 coercuit.
2183 1415 2365 1482 Aliqui
2413 1430 2562 1480 vero,
2588 1416 2748 1470 verba
2790 1417 2880 1470 illa
2933 1417 3128 1470 Lucum
3165 1419 3322 1485 fodit,
3377 1433 3431 1472 et

1877 1517 1996 1570 quae
2031 1513 2355 1572 sequuntur,
2392 1521 2564 1574 usque
2598 1506 2664 1560 ad
2712 1508 2822 1571 illa,
2865 1506 3141 1574 Injttslt'lia
3180 1509 3293 1576 ejus
3337 1509 3430 1561 de-

1878 1594 2356 1654 scentlet,breviori
2381 1596 2715 1663 expositione
2745 1597 3046 1661 declarant,
3079 1598 3342 1662 dicentes,
3368 1615 3432 1653 ea

1879 1684 2041 1736 verba
2076 1699 2169 1752 per
2213 1686 2588 1752 metaphoram
2638 1685 2966 1753 signiﬁcare,
3016 1687 3157 1754 quod
3193 1689 3430 1742 Absalon
3509 1721 3536 1730 --

1880 1773 1994 1841 ipse
2016 1788 2076 1827 ea
2115 1787 2377 1842 passurus
2407 1782 2680 1843 erat,quae
2715 1777 2974 1831 adversus
3008 1787 3212 1846 patrem
3247 1778 3434 1831 molie-

1881 1866 2061 1918 batur.
2121 1864 2445 1934 llujusmodi
2498 1868 2661 1919 etiam
2715 1867 2894 1922 verbis
2922 1883 3214 1938 possumus
3252 1877 3306 1922 et
3337 1883 3436 1922 nos
3488 1906 3500 1918 .

1811 1933 1854 1986 Β
1881 1957 2144 2009 adversus
2171 1956 2467 2009 tltetiionem
2509 1956 2820 2024 imprecari.

1987 2045 2048 2099 In
2077 2048 2228 2114 ﬁnem
2257 2063 2351 2115 pro
2375 2047 2725 2100 torcularibus
2751 2048 2985 2115 psalmus
3014 2048 3109 2115 ipsi
3135 2047 3331 2102 David.

2422 2136 2734 2190 PSALMUS
2771 2138 2900 2191 Vill.

1951 2227 2091 2292 Quid
2131 2228 2232 2281 sibi
2267 2228 2433 2281 velint
2463 2228 2624 2281 verba
2661 2229 2750 2281 illa
2774 2229 2829 2280 in
2856 2229 3034 2296 ﬁnem,
3059 2229 3112 2283 in
3145 2230 3439 2298 superiori-

1883 2320 1986 2374 bus
2021 2320 2224 2373 dictum
2254 2327 2356 2373 est.
2397 2318 2708 2372 Torcularia
2739 2322 2969 2389 appellat
2997 2319 3284 2386 Ecclesias,
3318 2336 3440 2390 qua:

1885 2410 2087 2477 ubique
2125 2421 2390 2463 terrarum
2433 2417 2580 2461 sunt.
2623 2410 2875 2463 Christus
2915 2411 3058 2463 enim
3108 2411 3234 2466 vilis
3263 2412 3347 2465 est
3387 2421 3440 2464 et

1884 2503 2116 2570 apostoli
2148 2503 2399 2571 palmites
2430 2505 2474 2536 ⁸ο
2504 2521 2521 2569 ;
2558 2520 2659 2559 uva
2705 2514 2884 2557 autem
2924 2513 2977 2557 et
3016 2519 3259 2558 racemus
3285 2505 3437 2558 [idem

1884 2594 2212 2662 signiﬁcant,
2243 2609 2365 2661 qua:
2393 2597 2444 2646 in
2477 2596 2732 2649 Ecclesiis
2763 2597 3441 2672 compressa.disciplina:

1883 2685 2425 2752 Christianteyinum
2457 2685 2648 2739 tribuit
2679 2701 2692 2738 :
2722 2700 2830 2754 quo
2861 2685 3094 2738 lidelium
3116 2685 3277 2738 corda
3310 2687 3442 2739 laeti-

1885 2774 2135 2854 ﬁcantur.
2168 2775 2242 2828 Ex
2268 2790 2500 2843 persona
2521 2776 2685 2845 igitur
2707 2776 3072 2843 spiritualium
3107 2776 3297 2829 horum
3326 2787 3440 2828 tor-

1885 2865 2172 2926 cularium,
2221 2865 2322 2920 hoc
2369 2875 2451 2919 est
2516 2867 2916 2930 Ecclesiarum,
2973 2859 3062 2919 hil:
3123 2868 3358 2935 psalmus
3406 2881 3439 2920 a

1885 2955 2156 3025 Propheta
2181 2961 2523 3027 conscriptus
2548 2969 2650 3015 est.
2675 2961 2813 3014 Olim
2846 2961 3041 3030 quippe
3077 2960 3294 3013 unicum
3319 2971 3442 3013 tan—

245 3053 341 3118 τῆς
374 3049 753 3120 Ἰερουσαλὴμ,
789 3049 870 3102 ὅτι
902 3049 994 3101 καὶ
1039 3048 1118 3099 ἐνὶ
1155 3046 1293 3098 ἔθνει
1327 3045 1746 3112 ἀποκεκλήρωτο
1769 3077 1785 3105 ,

1889 3056 2000 3101 tum
2033 3049 2292 3118 templum
2313 3060 2686 3104 constructum
2713 3063 2848 3117 erat,
2883 3054 2934 3105 in
2977 3069 3081 3105 una
3113 3060 3322 3106 tantum
3361 3053 3441 3106 ci-

249 3145 370 3212 περὶ
396 3137 458 3196 οὗ
490 3159 651 3212 φησιν
691 3142 946 3202 Ἦσαῒας-
990 3139 1359 3209 ’ῼκοδόμησα
1391 3139 1619 3206 πύργον
1639 3176 1653 3197 ,
1688 3136 1784 3187 καί

1889 3139 2056 3192 vitate
2103 3138 2404 3193 Jerusalem
2456 3159 2468 3192 :
2527 3141 2652 3209 quia
2710 3141 2802 3194 uni
2861 3149 3070 3194 tantum
3130 3151 3243 3194 erat
3295 3144 3440 3209 genti

248 3236 568 3303 προλήνιον
589 3233 786 3300 dipan
814 3232 882 3282 ἐν
906 3230 1082 3294 αὐτῷ,
1117 3230 1344 3296 πύργον
1373 3228 1472 3297 μὲν
1495 3227 1671 3278 καλῶν
1694 3225 1786 3277 τὸν

1889 3230 2114 3283 datum:
2163 3229 2229 3282 de
2291 3245 2398 3297 quo
2439 3229 2604 3285 Isaias
2656 3231 2731 3282 ait
2769 3247 2782 3282 :
2819 3231 3107 3298 Aldiﬁcavi
3137 3231 3347 3292 turrim,
3393 3242 3442 3283 et

248 3325 388 3389 ναόν,
423 3322 757 3391 Προλήνιον
793 3321 848 3373 δὲ
876 3321 936 3372 τὸ
974 3320 1372 3388 θυσιαστήριον.
1421 3317 1541 3370 Ἐπὶ
1569 3316 1709 3368 τέλει
1733 3315 1791 3368 δὲ

1894 3322 2125 3373 torcular
2147 3319 2259 3388 fodi
2300 3321 2355 3372 in
2402 3338 2461 3374 ea
2488 3322 2571 3386 9‘;
2612 3323 2799 3373 turrim
2842 3321 3099 3389 templum
3141 3322 3443 3390 appellans,

248 3417 352 3468 τῶν
379 3415 607 3480 αἰώνων,
657 3413 766 3483 (Li)
801 3412 882 3465 ἔτι
912 3413 1004 3464 καὶ
1050 3413 1106 3464 ἒν
1139 3410 1215 3480 τῷ
1245 3411 1387 3463 τέλει
1421 3412 1518 3479 τῆς
1562 3409 1791 3477 νομικῆς

249 3507 516 3577 λατρείας,
549 3505 853 3574 καθῄρηται
883 3504 980 3571 μὲν
1009 3497 1160 3562 οὗτος
1181 3517 1194 3532 ·
1227 3500 1559 3570 ἀντέστησαν
1592 3497 1645 3550 δὲ
1672 3497 1792 3549 καθ’

250 3597 372 3664 ὅλης
395 3596 490 3662 τῆς
521 3595 621 3663 γῆς
649 3593 928 3661 ἐκκλησίαι
965 3590 1330 3659 παμπληθεῖς,
1370 3590 1450 3642 ὅτι
1487 3589 1580 3641 καὶ
1620 3587 1795 3639 πάντα

217 3671 224 3678 ’
251 3687 314 3737 τᾶ
342 3685 466 3750 ἒίινη
504 3682 599 3750 τὴν
629 3679 953 3748 θεογνωσίαν
977 3679 1268 3732 ἀπέλαϐον.
1690 3670 1695 3677 ’

315 3862 489 3930 Κύριε
518 3862 552 3914 δ
571 3860 785 3926 Κύριος
808 3856 995 3927 ἡμῶν,
1027 3857 1106 3924 ὠς
1137 3856 1482 3926 θαυμαστὸν
1516 3856 1582 3909 τὸ
1613 3853 1797 3924 ὄνομά

252 3971 364 4010 σου
385 3955 455 4006 ἐν·
474 3953 639 4020 πάσῃ
665 3951 740 4019 τῇ
763 3949 877 4019 γῇί
913 3949 1033 4004 Τῶν
1069 3949 1167 4018 μὲν
1207 3948 1470 4009 ἀπίστων,
1510 3947 1589 3998 ἑνὶ
1613 3944 1798 4015 τρόπῳ

254 4042 449 4112 Κύριός
475 4043 639 4114 ὲστιζ
669 4042 697 4092 ὁ
725 4039 977 4109 Χριστὸς,
1025 4037 1104 4108 τῷ
1148 4035 1248 4103 τῆς
1291 4035 1564 4096 πλάσεως·
1607 4033 1716 4085 τῶν
1741 4032 1797 4085 δὲ

256 4135 477 4208 πιστῶν,
497 4131 688 4202 διπλῷ,
715 4130 793 4199 τῷ
813 4132 909 4196 τῆς
939 4128 1205 4189 πλάσεως,
1234 4126 1326 4178 καὶ
1349 4125 1426 4193 τῷ
1449 4123 1544 4192 τῆς
1567 4121 1799 4190 ἐπιγνώ-

259 4238 410 4285 σεως·
438 4213 518 4275 an
545 4220 640 4273 καὶ
671 4217 1032 4278 ἀναδίπλωσις
1061 4212 1311 4266 ἐνταῦθα.
1343 4211 1572 4277 Λέγουσι
1602 4209 1710 4278 γὰρ
1741 4209 1798 4262 αἱ

255 4313 358 4366 τῶν
380 4311 585 4365 πιστῶν
620 4308 954 4377 Ἐκκλησίαι·
988 4304 1156 4373 Κύριε
1187 4301 1504 4370 δημιουργὲ,
1535 4299 1564 4350 ὀ
1598 4297 1799 4368 Κύριος

256 4403 406 4473 ἡμῶν
432 4397 555 4472 ἄρτι
586 4399 821 4469 γεγονὼς
856 4397 942 4451 διὰ
969 4395 1069 4464 τῆς
1093 4391 1455 4459 ἐπιγνώσεως.
1486 4390 1634 4443 Δίαν
1666 4389 1796 4440 ἐστὶ

257 4488 594 4558 θαυμαστὸν
613 4489 678 4540 τὸ
712 4486 895 4554 ὄνομά
929 4498 1045 4538 σου
1075 4484 1142 4536 ἐγ
1171 4480 1339 4548 πάσῃ
1367 4478 1438 4547 τῇ
1484 4475 1580 4547 τῇ.
1624 4477 1798 4530 Μόνον

1891 3419 1945 3462 et
1982 3411 2214 3462 torcular
2262 3409 2449 3464 altare.
2497 3409 2552 3462 lu
2607 3408 2711 3461 line.
2742 3418 2920 3461 autem
2957 3410 3299 3470 seculorum,
3342 3410 3444 3462 hoc

1893 3507 1977 3550 est
2010 3497 2060 3547 in
2097 3495 2202 3548 line
2230 3497 2416 3561 legalis
2443 3497 2640 3554 cultus,
2685 3497 2771 3548 illa
2815 3497 2983 3548 turris
3024 3497 3298 3550 destructa
3337 3505 3444 3558 est,

1895 3595 1948 3641 et
1981 3588 2101 3640 loco
2129 3587 2246 3654 ejus
2272 3602 2364 3653 per
2396 3589 2708 3640 universum
2757 3587 2942 3639 orbem
2976 3595 3173 3640 erectae
3201 3596 3328 3640 sunt
3365 3586 3447 3638 in-

1899 3678 2261 3732 numerabiles
2284 3678 2543 3743 ecclesiae
2590 3694 2604 3729 :
2653 3677 2908 3746 quoniam
2949 3692 3141 3732 omnes
3171 3687 3360 3746 gentes
3391 3676 3448 3729 in

1897 3769 1988 3822 Dei
2030 3769 2387 3838 eugnitioncm
2431 3776 2714 3822 venerunt.

1969 3856 2131 3911 Vens.
2162 3859 2216 3910 2.
2251 3857 2488 3918 Domine.
2523 3857 2776 3912 Dominus
2807 3867 2984 3912 noster
3020 3875 3173 3928 quam
3222 3859 3446 3912 admira-

1899 3949 2000 4003 bile
2047 3958 2124 4001 est
2164 3965 2346 4001 nomen
2383 3958 2526 4000 tuum
2573 3939 2896 4002 in'universa
2927 3959 3066 4003 terra
3098 3952 3117 4002 .’
3148 3949 3448 4004 lnlidelium

1898 4041 2112 4110 quidem
2141 4039 2401 4094 Dominus
2433 4038 2680 4093 Christus
2709 4040 2931 4103 dicitur,
2962 4039 3056 4093 sed
3096 4056 3200 4093 una
3238 4049 3447 4095 tantum

1899 4132 2193 4184 creationis
2213 4131 2421 4182 ratione
2447 4147 2460 4183 :
2493 4129 2726 4184 ﬁdelium
2751 4145 2879 4184 vero
2901 4131 3126 4201 duplici,
3155 4133 3450 4187 creatiouis

1899 4220 2108 4275 scilicet
2140 4229 2192 4274 et
2219 4221 2560 4289 cognitionis.
2598 4220 2770 4285 Quam
2793 4223 2860 4274 ob
2883 4237 3101 4275 causam
3128 4239 3319 4276 nomen
3348 4224 3450 4276 Do-

1901 4309 2032 4362 mini
2065 4309 2166 4363 hoc
2211 4309 2263 4362 in
2305 4311 2423 4362 loco
2456 4312 2618 4361 etiam
2654 4310 2980 4378 duplicatur.
3034 4310 3220 4362 Dicant
3267 4313 3449 4379 itaque

1900 4414 2088 4453 omnes
2121 4398 2356 4452 ﬁdelium
2384 4396 2640 4452 Ecclesia:
2677 4417 2692 4453 ι
2731 4398 2955 4454 Domine
2999 4409 3210 4453 creator
3249 4409 3301 4452 et
3333 4402 3449 4468 opi-

1901 4489 2006 4555 fex,
2043 4487 2132 4555 qui
2182 4503 2354 4557 nuper
2400 4489 2560 4542 etiam
2596 4503 2692 4557 per
2727 4490 3086 4556 cognitionem
3124 4490 3294 4542 nostri
3343 4489 3444 4543 Do-

258 4547 839 4649 τὰρ-ἐπικαλούμενον,
888 4574 1176 4644 φυγαδεύει
1234 4572 1527 4641 δαίμονας.
1573 4566 1792 4637 νεκροὺς

1904 4582 2083 4636 minus
2111 4581 2288 4633 factus
2309 4595 2366 4633 es
2401 4597 2413 4631 :
2447 4578 2616 4644 Quam
2653 4580 2964 4632 admirabile
2988 4589 3064 4632 est
3090 4597 3271 4632 nomen
3300 4591 3448 4632 tuum
3478 4611 3494 4630 ι

251 4673 524 4740 ἀνίστησι,
571 4671 758 4731 νόσους
788 4667 1115 4730 ἀπελαύνει,
1173 4662 1496 4734 μεταϐάλλει
1531 4661 1800 4728 στοιχεῖα,

260 4763 348 4813 καὶ
379 4761 554 4813 πάντα
579 4760 820 4813 δύναται.
851 4758 926 4811 Τὸ
955 4757 1000 4808 δ’
1027 4757 1157 4808 αὐτὸ
1185 4755 1279 4808 καὶ
1305 4753 1532 4822 φοϐερὸν
1570 4750 1800 4821 ἀλλαχοῦ

260 4846 432 4904 καλεῖ.
458 4848 780 4917 Θαυμαστὸν
808 4847 904 4914 μὲν
933 4844 1046 4909 οὖν,
1079 4844 1167 4897 διὰ
1203 4843 1297 4906 τὰς
1326 4844 1621 4912 ὑπερφυεῖς
1648 4843 1800 4910 ἐνερ-

261 4941 410 5006 γείας
437 4955 452 4971 ο
483 4937 710 5006 φοσερδν
757 4935 835 4999 δὲ,
881 4935 966 4999 διὰ
998 4934 1096 5001 τὴν
1121 4934 1354 5004 ᾶρῤητον
1380 4933 1629 4999 δύναμιν.
1664 4931 1804 4998 Ὅρα

262 5030 314 5083 δὲ
342 5031 460 5090 πῶς
487 5028 676 5082 ἑαυτὸν
707 5028 834 5096 ἡμῖν
865 5024 1149 5088 συνέταξεν
1176 5026 1204 5076 ό
1237 5022 1421 5087 Δαόὶδ,
1475 5020 1705 5092 προϊδὼν
1745 5020 1807 5073 τὸ

267 5121 575 5188 μυστήριον,
625 5118 718 5170 καὶ
763 5115 859 5185 τὴν
893 5117 1069 5167 πίστιν
1101 5114 1180 5177 εἰς
1220 5115 1289 5166 τὰ
1318 5113 1412 5166 τοῦ
1460 5115 1663 5183 κόσμου
1693 5113 1808 5165 δια-

266 5209 595 5276 φοιτήσασαν
619 5207 850 5274 πέρατα.
889 5203 952 5254 Τί
980 5203 1034 5256 δὲ
1079 5202 1208 5276 περὶ
1237 5203 1429 5255 τούτου
1465 5205 1734 5271 φήσουσιν.
1759 5204 1808 5259 οι

276 5298 550 5358 Ἰουδαῖοι,
583 5295 656 5348 To
689 5296 796 5364 γὰρ
839 5291 932 5346 τοῦ
977 5293 1412 5363 παντοκράτορος
1458 5291 1626 5362 ὄνομα
1659 5293 1808 5362 παρὰ

264 5389 368 5449 τοῖς
401 5382 611 5437 πλείοσι
652 5383 762 5435 τῶν
809 5381 978 5436 ἐθνῶν
1017 5380 1487 5450 εὐκαταφρόνητον
1529 5376 1629 5452 ἦν·
1675 5381 1810 5451 φησὶ

330 5477 376 5508 ⁸⁸
419 5475 608 5546 «Ιοοης
626 5490 695 5528 xv
758 5473 791 5527 5
881 5471 1053 5529 "lsa.
1085 5488 1137 5537 v,
1167 5473 1222 5526 2.

1845 4691 1859 4730 χ
1902 4671 1960 4722 in
1988 4673 2131 4724 omni
2169 4669 2506 4738 terra,cujus
2536 4670 2648 4724 sola
2681 4671 2952 4724 invocatio
2973 4671 3246 4726 daemones
3282 4671 3449 4740 fugat,

1906 4767 2147 4814 mortuos
2209 4760 2457 4823 suscitat,
2524 4761 2874 4828 aegritudines
2935 4762 3122 4829 pellit,
3183 4763 3450 4816 elementa

1904 4858 2219 4911 commutat,
2261 4857 2318 4903 et
2365 4851 2545 4903 omnia
2597 4859 2793 4918 potest.
2836 4851 2977 4905 Alibi
3027 4866 3153 4904 vero
3209 4851 3451 4905 terribile

1907 4941 2068 4992 etiam
2122 4939 2422 5006 appellatur
2468 4951 2562 5013 seu
2609 4937 2928 4992 timendum.
2977 4938 3312 4992 Admirabile
3368 4949 3452 4993 est

1903 5030 2067 5098 igitur
2093 5029 2162 5082 ob
2197 5031 2513 5095 multazqum
2561 5043 2723 5096 supra
2775 5039 3022 5082 naturam
3074 5039 3350 5098 operatur,
3397 5037 3452 5082 et

1902 5119 2200 5173 timendum
2224 5120 2294 5172 ob
2313 5119 2635 5174 incli‘abilem
2669 5120 2786 5189 ejus
2813 5121 3137 5190 potentiam.
3172 5120 3276 5173 Sed
3304 5122 3451 5174 vides

1904 5208 2178 5278 quomodo
2217 5209 2406 5263 beatus
2427 5208 2592 5263 David
2619 5226 2678 5264 se
2709 5211 2868 5264 nobis
2902 5210 3129 5264 voluerit
3156 5224 3452 5261 connume-

1908 5313 2049 5362 rare,
2080 5299 2352 5352 communi
2389 5302 2607 5354 nomine
2649 5300 2935 5355 Dominum
2981 5309 3224 5354 nostrum
3268 5299 3452 5367 appel-

1903 5391 2045 5453 lans.
2074 5389 2376 5461 praevidens
2409 5393 2666 5446 nimirum
2702 5394 3017 5464 mysterium
3046 5402 3099 5449 et
3133 5394 3450 5458 lidem,qu:e

1546 5566 1746 5627 Variae
1773 5564 2096 5627 lectiones.

331 5666 445 5736 (ιο)
475 5667 600 5722 Hinc
631 5667 683 5720 in
730 5662 916 5719 Gratco
948 5675 1094 5720 textu
1145 5680 1238 5737 per
1275 5666 1749 5737 interrogationem
1779 5681 1795 5720 :
1836 5664 1940 5730 Qui
1969 5666 2102 5719 enim
2131 5665 2225 5720 hoc
2248 5665 2343 5734 ﬁat
2371 5668 2396 5720 .’
2422 5682 2536 5720 cum
2568 5665 2854 5737 lugubrem,
2873 5673 2979 5721 etc.

332 5735 445 5803 (41)
487 5736 559 5790 ῐσ.
591 5738 730 5806 ἢτοι,
760 5745 816 5789 ιιι
839 5737 1030 5805 legisse
1071 5735 1278 5790 videtur
1306 5735 1522 5789 Saulus.
