4090 6324
734 323 834 385 135

1913 320 2297 383 EUTHYMII
2346 315 2709 378 ZiGABENI
3830 313 3918 379 136

714 433 917 486 tionem
949 433 1220 503 corporis,
1247 439 1304 488 et
1346 431 1451 488 alia
1483 447 1602 502 qua:
1631 432 1698 488 ad
1730 447 1930 505 corpus
1983 437 2275 505 pertinent.

2389 433 2457 485 τὰ
2491 434 2555 484 ἐκ
2583 429 2679 484 τοῦ
2709 430 2958 498 σώματος
2985 444 2998 459 ⁶
3055 430 3145 483 καὶ
3169 429 3324 483 τοῦτο
3350 429 3427 494 δὲ,
3459 429 3581 484 κατ’
3608 429 3921 500 οἰκονομίαν,

713 527 889 593 Atque
936 526 1038 579 boc
1089 539 1222 578 sane
1280 540 1474 594 magna
1533 539 1656 578 cum
1715 526 2171 597 dispensatione:
2217 535 2310 592 ut_

714 616 931 682 quOties
983 624 1206 682 propter
1267 613 1601 691 intellectum
1659 615 2054 679 extolleretur,
2112 616 2273 669 toties

716 705 1119 774 deprimeretur
1149 713 1314 773 atque
1341 705 1724 758 ltumiliuretur
1771 715 1993 776 propter
2044 715 2269 760 terram.

711 797 842 849 Nam
869 798 913 851 si
947 797 1001 851 in
1036 798 1323 865 prmsentia
1363 809 1484 848 cum
1519 808 1748 862 corpore
1788 809 2101 865 gravantur,
2136 794 2271 850 adeo

2388 522 2495 585 ἵνα,
2528 523 2658 574 ὅταν
2697 521 2994 590 ὲπαίρηται
3025 520 3110 573 διὰ
3153 520 3244 572 τὸν
3285 518 3432 582 νοῦν,
3458 519 3809 585 συστέλληται
3839 519 3922 572 ’διὰ

2383 613 2473 665 τὸν
2505 611 2648 682 χοῦν.
2711 611 2773 664 El
2828 613 2937 683 γὰρ
2976 613 3070 665 καὶ
3093 611 3344 681 σώματος
3377 611 3711 681 βριθόμενος,
3743 609 3923 674 ἀλαζοο

2382 707 2600 759 νεύεται
2648 705 2937 772 τοσοῦτον,
3001 704 3082 768 τίς
3131 704 3199 758 ἂν
3234 699 3302 774 ἦν
3366 702 3777 772 πολιτευόμενος
3821 702 3928 768 δίχα

2381 797 2632 866 σώματος
2655 811 2671 862 ;

711 889 1026 942 cxtollimur
1073 895 1127 942 et
1177 886 1496 957 gloriamur,
1559 885 1689 955 quid
1736 886 2162 942 existimandum
2203 897 2288 941 est
2330 885 2569 942 facturos
2597 887 2787 952 fuisse,
2812 888 2858 942 si
2897 887 3103 956 absque
3141 899 3370 957 corpore
3430 885 3590 942 nobis
3653 884 3926 940 vivendum

711 979 892 1034 esset?

782 1071 963 1125 Gloria
986 1079 1035 1125 et
1067 1073 1259 1124 honore
1285 1073 1553 1124 coronasti
1602 1087 1741 1124 eum.
1803 1070 2009 1137 Gloria,
2044 1071 2171 1142 quia
2206 1071 2270 1125 ad

714 1167 1004 1232 imaginem
1036 1171 1089 1215 et
1111 1163 1524 1216 similitudinem
1555 1162 1648 1216 Dei
1680 1162 1860 1217 iactus
1880 1171 1963 1218 est
1995 1179 2008 1214 :
2047 1164 2273 1227 honore,

713 1258 836 1325 quia
860 1257 1040 1308 omnia
1073 1255 1120 1307 ei
1150 1253 1396 1322 subjecta
1431 1265 1559 1307 sunt
1608 1255 1925 1308 animantia.

787 1345 950 1398 Vens.
975 1346 1028 1398 7.
1078 1342 1141 1396 Et
1171 1344 1494 1396 constituisti
1518 1360 1634 1396 eum
1666 1361 1823 1413 super
1853 1361 2008 1412 opera
2030 1360 2280 1398 manuum
2333 1365 2336 1371 ·

715 1451 945 1491 tuarum.
984 1436 1206 1505 Elegisti
1239 1451 1359 1490 eum
1403 1435 1458 1489 in
1509 1452 1686 1504 regem
1743 1438 1910 1490 totius
1953 1446 2214 1490 creaturae
2259 1453 2272 1489 :

714 1530 940 1584 Crescite
971 1529 1137 1591 enim,
1197 1528 1396 1596 inquit,
1423 1535 1472 1579 et
1512 1527 1959 1593 multiplicamini,
1992 1538 2039 1581 et
2085 1525 2275 1596 replete

717 1633 930 1680 terram.
956 1630 1004 1674 et
1038 1619 1386 1675 dominamini
1421 1620 1470 1672 ei
1499 1619 1568 1674 “.

2445 1070 2601 1137 Δόξῃ
2635 1070 2734 1122 καὶ
2764 1069 2904 1138 τιμῇ
2930 1068 3359 1137 ἐστεφάνωσας
3409 1065 3613 1121 αὐτόν.
3650 1064 3785 1135 Δόξᾳ
3816 1064 3927 1134 μὲν,

2371 1162 2457 1216 διὰ
2493 1163 2551 1215 τὸ
2594 1161 2715 1214 κατ’
2750 1162 2932 1213 εἰκόνα
2980 1160 3116 1212 Θεοῦ
3149 1160 3440 1231 γενέσθαι·
3468 1160 3600 1228 τιμῇ
3626 1157 3705 1223 δὲ,
3738 1157 3822 1210 διὰ
3840 1158 3929 1226 τὴν

2375 1255 2510 1320 πρὸς
2539 1255 2702 1307 αὑτὸν
2735 1252 3011 1321 ὑποταγὴν
3034 1251 3141 1303 τῶν
3182 1250 3655 1313 ζὼων.ἁπάντων.

2413 1326 2836 1410 “Κατέστησας
2903 1341 3088 1394 αὐτόν
3127 1340 3226 1391 ἐπὶ
3265 1339 3331 1392 τὰ
3366 1338 3508 1406 ἔργα
3555 1336 3674 1390 τῶν
3732 1340 3930 1409 χειρῶν

2382 1451 2522 1490 σου.
2568 1434 3008 1505 Ἑχειροτόνησας
3034 1432 3194 1484 αὑτὸν
3226 1430 3448 1500 βασιλέα
3470 1447 3568 1499 της
3600 1430 3844 1495 κτίσεως,
3873 1432 3932 1502 ἢν

2382 1527 2678 1596 ἐποίησας·
2725 1522 3023 1597 Αὺξὰνετε
3078 1523 3210 1591 γὰρ,
3253 1521 3348 1575 καὶ
3411 1523 3810 1588 πληθύνεσθε,
3843 1522 3932 1576 καί

2382 1613 2736 1694 πληρώσατε
2785 1613 2901 1680 τὴν
2943 1613 3079 1681 γῆν,
3135 1611 3232 1665 καί
3287 1610 3792 1676 κατακυριεύσατε
3832 1611 3932 1664 αὑ·

2380 1723 2511 1774 της.

786 1792 948 1847 \'t:ns.
994 1793 1050 1844 8.
1111 1792 1303 1845 Omnia
1389 1792 1657 1861 subjecisti
1726 1793 1820 1847 sub
1871 1794 2085 1862 pedibus
2135 1793 2270 1862 ejus,

2448 1797 2649 1852 Πάντα
2677 1794 2982 1861 ὑπέταξας
3030 1792 3307 1849 ὑποκάτω
3356 1790 3474 1845 τῶν
3495 1790 3696 1845 ποδῶν
3727 1789 3930 1851 αὐτοῦ,

670 1902 674 1907 ·
711 1902 823 1938 ores
856 1896 901 1938 et
933 1884 1081 1937 boves
1122 1887 1411 1950 universas,
1463 1887 1676 1949 insuper
1739 1896 1787 1938 et
1813 1902 2002 1954 pecora
2057 1888 2273 1954 campi:

712 1979 942 2031 uolucres
997 1977 1154 2041 caeli,
1221 1988 1270 2030 et
1330 1979 1496 2043 pisces
1565 1978 1748 2040 maris,
1811 1994 1928 2046 qua:
1994 1979 2274 2046 perambu-

715 2071 828 2122 lant
861 2069 1076 2122 semitas
1109 2069 1296 2122 maris.
1339 2069 1452 2122 Hoc
1480 2068 1640 2121 etiam
1663 2083 1726 2121 ex
1763 2067 1962 2123 Genesi
1998 2080 2272 2138 sumptum

711 2169 814 2216 est.
855 2159 1234 2222 Dominamini,
1289 2159 1486 2227 inquit,
1537 2160 1768 2227 piscibus
1823 2159 2007 2222 ntaris,
2051 2167 2101 2209 et
2130 2159 2276 2210 valu-

716 2252 893 2304 cribus
955 2251 1093 2310 caeli,
1140 2260 1188 2302 et
1250 2251 1490 2302 omnibus
1544 2249 1835 2317 pecoribus,
1881 2259 1930 2302 et
1986 2251 2126 2303 omni
2168 2260 2274 2302 ter-

713 2355 786 2392 m
833 2340 899 2393 ⁸⁷.
971 2339 1214 2407 Cumque
1300 2337 1566 2409 l’rOplteta
1659 2341 1744 2395 bic
1806 2342 1984 2395 omnia
2058 2341 2274 2405 dixerit,

715 2429 1062 2498 postmodum
1100 2431 1408 2499 distinguit.
1449 2431 1510 2483 Et
1554 2430 1730 2499 primo
1771 2432 1990 2500 quidem
2027 2433 2272 2487 mitiores

712 2537 840 2575 oves
875 2525 1289 2574 connumeravit
1322 2539 1335 2573 :
1370 2537 1465 2590 per
1497 2537 1690 2589 pecora
1725 2533 1903 2577 autem
1937 2525 2117 2594 campi
2143 2540 2277 2594 qua-

712 2614 975 2681 drupetlia
1042 2612 1226 2673 omnia
1280 2614 1715 2681 comprehendit,
1761 2629 1880 2682 quae
1941 2615 1994 2669 in
2069 2617 2274 2685 campis

714 2704 962 2757 habitant
1007 2711 1110 2758 :et
1156 2704 1311 2772 juxta
1371 2701 1543 2756 Graeci
1596 2705 1835 2758 nominis
1894 2705 2273 2774 etymologiam

717 2796 970 2850 animalia
1021 2795 1201 2848 omnia
1229 2795 1624 2862 intelliguntur,
1650 2811 1768 2864 qua:
1799 2811 1964 2863 prona
1994 2797 2046 2849 in
2074 2804 2274 2850 terram

699 2888 1014 2954 aspiciunt.
1053 2884 1156 2938 Per
1183 2901 1382 2954 pecora
1413 2887 1598 2955 igitur,
1635 2887 1912 2941 terrestria
1943 2887 2123 2940 omnia
2157 2887 2275 2940 ani-

713 2979 872 3031 malia
927 2977 1280 3045 significavit,
1341 2993 1435 3031 seu
1473 2978 1762 3041 silvestria,
1809 2985 1862 3030 et
1907 2979 2037 3030 fera.
2082 2975 2273 3032 Omnia

2378 1888 2664 1955 πρόϐατα,
2696 1885 2792 1938 καὶ
2822 1886 2981 1950 ,βόας
3014 1883 3278 1950 ἁπάσας,
3307 1882 3392 1936 ἐτι
3416 1881 3485 1934 δὲ
3521 1882 3619 1935 καί
3651 1881 3722 1934 τὰ
3749 1879 3931 1948 κτήνη

2376 1979 2484 2032 τοῦ
2565 1977 2791 2040 πεδίου,
2873 1975 2946 2029 τὰ
3023 1976 3262 2029 πετεινὰ
3330 1975 3438 2029 τοῦ
3489 1972 3770 2042 οὐρανοῦ,
3840 1972 3932 2025 καί

2377 2071 2517 2136 τοὺς
2569 2070 2779 2137 ἰχθύας
2817 2067 2926 2135 τῆς
2961 2066 3302 2134 θαλάσσης,
3354 2067 3423 2122 τὰ
3475 2067 3935 2135 διαπορευόμενσ

2375 2162 2616 2228 τρίϐους
2645 2155 2996 2213 θαλασσῶν.
3021 2159 3130 2211 Καὶ
3159 2157 3318 2211 τοῦτο
3355 2157 3462 2211 ἀπὸ
3516 2157 3615 2226 τῆς
3643 2159 3933 2228 Μωσαῖκῆς

2377 2253 2649 2313 Γενέσεως
2713 2251 3000 2319 εἴληπται·
3054 2250 3190 2319 φησί
3243 2247 3386 2318 γάρ·
3421 2249 3526 2303 Kal
3583 2249 3794 2317 ἄρχετε
3822 2249 3934 2301 τῶν

2380 2343 2602 2410 ἰχθύων
2658 2340 2767 2408 τῆς
2821 2340 3164 2408 θαλάσσης,
3205 2339 3302 2394 καί
3343 2338 3464 2393 τῶν
3514 2338 3801 2393 πετεινῶν
3835 2337 3934 2392 τοῦ

2377 2433 2677 2501 οὐρανοῦ,
2735 2433 2834 2486 καί
2887 2432 3129 2486 πάντων
3169 2430 3288 2485 τῶν
3318 2429 3573 2499 κτηνῶν,
3615 2431 3708 2485 καί
3735 2431 3934 2497 πάσης

2378 2525 2485 2593 τῆς
2517 2524 2650 2593 γῆς.
2692 2523 2874 2577 Εἰπὼν
2909 2524 2964 2577 δὲ
2994 2524 3197 2590 πάντα,
3240 2523 3436 2576 διεῖλεν
3463 2522 3622 2586 αὐτὰ,
3654 2522 3750 2575 καὶ
3787 2522 3932 2593 πρῶ-

2377 2633 2467 2668 τον
2497 2616 2604 2668 ἀπὸ
2642 2614 2749 2668 τῶν
2785 2617 3153 2686 ἡμερωτέρων
3183 2615 3386 2686 ἤρξατο
3413 2614 3720 2685 προϐάτων.
3749 2614 3930 2683 κτήνη

2376 2708 2432 2760 δὲ
2465 2707 2610 2775 λέγει
2640 2706 2732 2760 τοῦ
2754 2708 2962 2772 πεδίου,
3003 2708 3178 2762 πάντα
3227 2707 3293 2760 τὰ
3324 2709 3437 2771 τοῖς
3472 2706 3673 2768 πεδίοις
3719 2705 3934 2775 ὲννεμόο
3983 2704 3985 2706 ’

2380 2815 2516 2869 μενα
2559 2799 2861 2866 τετράποδα
2887 2816 2902 2830 ο
2937 2801 3129 2870 κτῆνος
3172 2801 3301 2868 γὰρ,
3355 2800 3462 2850 πᾶν
3494 2797 3556 2850 τὸ
3593 2799 3743 2851 κάτω
3787 2794 3932 2848 νεῦον

2377 2889 2727 2959 τετράποδον.
2786 2890 2885 2943 Διά
2949 2892 3128 2960 μέντοι
3182 2891 3290 2943 τῶν
3346 2891 3580 2958 κτηνῶν,
3637 2893 3744 2944 πᾶν
3802 2888 3934 2954 ζῶον

2377 2982 2627 3049 χερσαῖον
2677 2982 3076 3051 παρεδήλωσεν,
3121 2982 3231 3034 εἴτε
3283 2981 3513 3051 ἥμερον,
3557 2981 3667 3035 εἴτε
3709 2982 3932 3053 ἄγριον

711 3071 910 3138 quippe
950 3068 1002 3121 in
1037 3069 1272 3123 b0minis
1323 3070 1686 3123 ministerium
1730 3070 1852 3122 data
1881 3079 2006 3124 sunt
2033 3086 2048 3122 :
2077 3071 2273 3138 quibus

2381 3070 2557 3122 πάντα
2592 3072 2700 3140 γὰρ
2731 3074 2810 3133 εἰς
2842 3072 3145 3141 ὑπηρεσίαν
3191 3072 3284 3125 τοῦ
3325 3073 3609 3143 ἀνθρώπου
3645 3075 3931 3143 παρήχθη-

711 3163 965 3216 οιηιιὼυε
1012 3161 1101 3214 ille
1139 3163 1301 3214 etiam
1332 3163 1493 3215 ltomo
1534 3162 1713 3214 adhuc
1757 3161 2145 3226 dominabitur,
2180 3162 2272 3230 qui

712 3253 997 3320 pristinam
1053 3251 1249 3304 animm
1287 3266 1399 3304 sua:
1435 3252 1728 3304 servaverit
1763 3251 2105 3320 dignitatem.
2140 3253 2272 3306 (Σωιί

711 3359 891 3403 autem
918 3344 1169 3398 volucres
1196 3342 1354 3404 dixit,
1374 3357 1471 3410 pro
1497 3343 1662 3397 aeris.
1706 3341 1914 3397 Cozlum
1943 3343 2086 3396 enim
2133 3359 2275 3412 saepe

709 3439 927 3510 ponitur
984 3450 1082 3504 pro
1129 3448 1276 3497 aere,
1336 3433 1429 3502 qui
1487 3434 1609 3487 cwli
1661 3433 1833 3487 instar
1879 3435 2042 3502 capiti
2089 3445 2275 3489 nostro

711 3527 1082 3583 circumfusus
1112 3533 1216 3579 est.
1251 3522 1488 3577 Piscium
1533 3524 1719 3587 etiam,
1748 3538 1869 3576 cum
1903 3525 2275 3578 innumerabi-

710 3622 780 3674 lia
812 3620 944 3684 sint,
1004 3631 1228 3687 genera,
1288 3630 1398 3670 uno
1445 3630 1696 3670 sermone
1733 3617 1915 3670 omnia
1956 3617 2273 3684 complexus

713 3721 799 3764 est
833 3709 1022 3762 dicens
1054 3707 1221 3774 :Qttaa
1249 3705 1620 3776 perambulant
1669 3707 1884 3760 semitas
1919 3708 2103 3761 maris.
2137 3706 2200 3761 Et
2242 3723 2270 3761 a

711 3802 1013 3855 masculino
1075 3816 1272 3868 genere
1333 3801 1408 3869 ad.
1464 3810 1716 3853 neutrum
1791 3798 2028 3862 transiit,
2084 3801 2273 3856 volens

712 3894 815 3947 hoc
844 3903 1006 3963 pacto
1057 3893 1202 3947 varia
1234 3891 1466 3961 piscium
1523 3907 1718 3960 genera
1754 3894 2032 3948 denotare.
2069 3892 2270 3950 Verum

710 3988 823 4041 tunc
849 3986 915 4040 de
940 4001 1075 4054 puro
1106 3999 1167 4038 ac
1201 3984 1439 4054 simplici
1474 3983 1695 4038 homine
1725 3985 2108 4041 intelleximus.
2139 3986 2279 4040 Jux-

710 4086 762 4132 ta
801 4092 1100 4147 anagogem
1136 4091 1266 4130 vero
1315 4076 1382 4130 ad
1430 4075 1824 4128 humanitatem
1872 4075 2072 4130 Christi
2106 4080 2269 4146 perti-

711 4177 863 4233 nent,
911 4167 1369 4237 quemadmodum
1420 4167 1713 4236 Apostolus
1767 4167 1834 4221 ad
1890 4166 2148 4222 Hebraeos
2178 4169 2272 4223 tle-

709 4262 878 4314 clarat
907 4275 920 4312 :
958 4258 1094 4324 Quid
1120 4259 1287 4323 enim,
1323 4258 1521 4326 inquit,
1562 4255 1697 4308 tanti
1728 4263 1810 4310 est
1840 4256 2151 4310 humanitas
2183 4257 2270 4311 illa

712 4357 998 4417 assumpta
1062 4363 1090 4400 a
1147 4346 1257 4402 Deo
1294 4347 1493 4412 Verbo,
1551 4345 1694 4414 quod
1743 4345 1887 4400 illius
1945 4361 2152 4401 memor
2189 4363 2266 4414 es,

2380 3178 2476 3213 σαν
2505 3178 2518 3190 ·
2553 3163 2644 3214 καὶ
2675 3163 2890 3215 πάντων
2915 3164 3095 3232 ἄρχει,
3124 3166 3151 3216 ὁ
3183 3164 3459 3227 διασώζων
3504 3167 3563 3216 τδ
3591 3165 3804 3234 πρῶτον
3839 3168 3933 3236 τῆς

2376 3252 2556 3321 ψυχῆς
2586 3252 2822 3322 ἀξίωμα.
2883 3253 3111 3305 Πετεινὰ
3154 3253 3208 3306 δὲ
3251 3253 3343 3306 τοῦ
3377 3254 3626 3325 ούρανοῦ,
3668 3256 3932 3319 τουτέστι,

2376 3345 2470 3396 τοῦ
2501 3344 2661 3412 ἀέρος
2681 3361 2694 3374 ο
2727 3344 2915 3396 τοῦτον
2947 3344 3053 3414 γὰρ
3079 3345 3173 3398 νῦν
3217 3346 3442 3416 οὐρανὸν
3485 3347 3934 3416 καταχρηστικῶς

2376 3434 2680 3503 ὠνόμασεν,
2734 3436 2810 3497 ὼς
2856 3435 2996 3505 ὑπὲρ
3050 3437 3295 3505 κεφαλῆς
3331 3438 3482 3506 ὑμῶν
3527 3437 3682 3507 δίκην
3705 3438 3934 3508 οὐρανοῦ

2377 3527 2700 3595 κεχυμένον.
2748 3525 3084 3594 Ἀποΰλέψας
3114 3527 3171 3578 δὲ
3204 3526 3340 3598 πρὸς
3370 3528 3436 3580 τὰ
3464 3527 3934 3597 παμπληθέστατα

2341 3647 2350 3656 -
2373 3618 2482 3668 τῶν
2517 3615 2730 3686 ἰχθύων,
2766 3616 2876 3686 (45)
2897 3616 2932 3669 ἃ
2958 3617 3026 3668 δι’
3055 3617 3171 3680 ἑνὸς
3195 3617 3352 3685 λόγου
3374 3619 3549 3670 πάντα
3577 3617 3934 3688 παρέστησεν,

2377 3705 2566 3769 εἰπὼν,
2617 3707 2692 3760 Τὰ
2739 3708 3211 3775 διαπορευόμενα
3267 3709 3504 3775 τρίϐους
3560 3707 3891 3761 θαλασσῶν
3919 3724 3931 3738 ·

2373 3799 2478 3850 ἀπὸ
2536 3799 2646 3868 γὰρ
2697 3798 2790 3851 τοῦ
2834 3801 3122 3869 ἀρσενικοῦ
3175 3802 3368 3868 γένους
3434 3801 3526 3852 ἐπὶ
3566 3799 3625 3851 τὸ
3654 3801 3934 3871 οὐδέτερον

2378 3891 2773 3960 μεταϐέϐηκεν,
2821 3890 3140 3961 βουλόμενος
3171 3891 3411 3962 ἐμφῆναι
3447 3893 3506 3944 τὸ
3544 3891 3801 3961 διάφορον
3832 3891 3934 3944 τῶν

2373 3987 2432 4036 ὲν
2465 3982 2673 4054 ἰχθύσιν
2707 3985 2885 4037 εἰδῶν.
2938 3985 3096 4038 Ἀλλὰ
3133 3985 3302 4039 ταῦτα
3339 3986 3436 4054 μὲν
3470 3984 3596 4055 περί
3624 3983 3717 4035 τοῦ
3748 3984 3935 4046 ἁπλῶς

2373 4074 2665 4144 ἀνθρώπου
2691 4076 2939 4146 νοοῦμεν.
2981 4077 3293 4145 Ἀνάγονται
3320 4076 3378 4128 δὲ
3405 4077 3498 4129 καὶ
3527 4075 3604 4138 εἰς
3617 4075 3706 4128 τὸν
3725 4077 3935 4146 Κυρια-

2372 4167 2466 4217 κδν
2500 4165 2805 4235 ἄνθρωπον,
2856 4169 2930 4231 ὡς
2965 4170 2993 4219 ό
3035 4168 3354 4230 Ἀπόστολος
3380 4167 3677 4234 ἐξεδέξατο,
3707 4170 3936 4238 γράφων

2373 4256 2513 4326 πρὸς
2584 4257 2867 4327 Ἐϐραίους
2900 4275 2916 4293 ’
2971 4258 3034 4310 Τί
3092 4259 3220 4328 γὰρ,
3276 4261 3432 4330 φησὶ,
3486 4261 3739 4315 τοσοῦτόν
3787 4262 3934 4314 ἔστιν

2373 4347 2679 4419 ἄνθρωπος,
2702 4351 2730 4402 ό
2760 4350 3130 4420 προσληφθεὶς
3159 4351 3236 4420 τῷ
3258 4351 3387 4421 θείῳ
3414 4353 3598 4422 Λόγῳ,
3617 4353 3698 4406 ὅτι
3732 4355 3935 4422 μιμνή-

711 4439 900 4492 dicens
951 4454 966 4489 :
1013 4437 1109 4490 llic
1147 4447 1224 4490 est
1281 4434 1456 4490 Filius
1512 4452 1654 4490 meus
1702 4436 1920 4488 dilectus
1957 4436 2048 4491 δεῖ
2080 4435 2271 4491 Filium

2385 4455 2489 4510 σκῃ
2516 4440 2714 4505 αὐτοῦς
2739 4441 2886 4506 λέγει
2911 4442 3041 4510 γὰρ,
3059 4443 3141 4494 ὅτι
3156 4439 3346 4508 Οὗτός
3370 4444 3540 4497 ἐστιν
3569 4445 3601 4497 ό
3638 4446 3770 4508 Υἱός
3792 4462 3930 4514 μου,

712 4538 891 4582 autem
957 4527 1194 4580 hominis
1255 4527 1432 4590 dixit,
1485 4535 1544 4579 ut
1602 4541 1696 4581 eos
1771 4527 2117 4580 convinceret
2178 4529 2272 4597 qui

2376 4533 2406 4582 ὀ
2439 4531 2768 4598 ἀγαπητός.
2821 4533 2948 4586 Υἰὸν
2993 4533 3048 4585 δὲ
3080 4534 3368 4604 ἀνθρώπου
3421 4537 3608 4589 τοῦτον
3649 4537 3930 4602 ἐκάλεσεν,

712 4618 915 4673 Christi
985 4632 1206 4672 carnem
1255 4631 1491 4685 superne
1546 4617 1894 4670 descendisse
1940 4625 2195 4672 asserunt
2253 4635 2269 4670 :

2377 4624 2464 4677 ἵνα
2506 4624 2693 4696 παύσῃ
2741 4627 2867 4690 τοὺς
2919 4627 3344 4698 δογματίζοντας
3381 4630 3585 4685 ἄνωθεν
3623 4647 3933 4700 συνεπαγαο

713 4726 820 4780 qua
856 4712 1066 4763 ratione
1094 4710 1210 4776 ipse
1239 4710 1401 4762 etiam
1439 4706 1697 4762 Dominus
1725 4707 1869 4776 apud
1907 4709 2272 4777 evangelistas

2376 4715 2566 4781 γέσθαι
2598 4720 2694 4786 τὴν
2717 4719 2916 4789 σάρκα.
2945 4721 3036 4772 Διὸ
3063 4721 3158 4774 καὶ
3185 4721 3346 4784 αὐτὸς
3362 4723 3420 4775 ὲν
3445 4724 3554 4783 τοῖς
3583 4721 3935 4791 Εὐαγγελίοις

713 4816 1084 4870 saepenumero
1107 4799 1302 4853 Filium
1326 4800 1564 4854 hominis
1584 4815 1642 4854 se
1666 4800 1899 4870 appellat
1925 4817 1938 4853 :
1959 4799 2272 4870 significans

2377 4806 2644 4876 πολλαχοῦ
2676 4810 2835 4862 τοῦτο
2867 4812 3056 4864 ἑαυτὸν
3085 4812 3359 4882 ὀνομάζει,
3388 4813 3586 4883 δηλῶν,
3621 4813 3694 4876 ὡς
3723 4817 3790 4867 ἐκ
3828 4814 3934 4866 τῶν

713 4895 858 4963 quod
891 4909 954 4945 ex
989 4892 1239 4959 virginali
1276 4901 1454 4954 utero,
1509 4899 1670 4961 atque
1695 4906 1761 4943 ex
1795 4891 2101 4958 purissimis
2126 4890 2268 4944 illius

713 4985 1071 5053 sanguinibus
1103 4986 1217 5054 ipse
1261 4985 1364 5038 sibi
1401 4983 1659 5052 templum
1691 4983 2070 5036 constituerat.
2101 4982 2268 5036 Filius

713 5077 859 5132 enim
911 5076 1146 5130 hominis
1176 5078 1221 5130 is
1255 5091 1382 5130 vere
1438 5076 1660 5140 dicitur,
1699 5075 1792 5143 qui
1827 5074 2070 5128 mulieris
2099 5088 2180 5128 εει
2210 5075 2269 5127 li-

715 5166 847 5221 lius.
874 5164 1007 5218 Nam
1033 5173 1086 5218 et
1116 5167 1313 5220 mulier
1344 5180 1471 5220 vere
1498 5166 1660 5219 homo
1690 5173 1790 5218 est.
1823 5162 2072 5217 Visitavit
2095 5171 2274 5216 autem

717 5256 868 5310 illum
906 5255 1068 5319 Deus,
1090 5255 1247 5325 juxta
1273 5256 1418 5325 quod
1453 5255 1578 5309 alibi
1622 5255 1850 5324 legimus
1881 5271 1895 5306 :
1929 5253 2274 5307 Providebam

714 5345 1001 5398 Dominum
1025 5345 1077 5396 in
1112 5354 1387 5411 conspectu
1421 5359 1530 5398 mea
1560 5359 1780 5410 semper,
1814 5344 2057 5414 quoniam
2085 5361 2117 5397 a
2144 5344 2275 5396 dex-

793 5519 838 5548 ⁶⁶
869 5517 1050 5571 Gcn.t
1109 5517 1201 5571 28.
1281 5517 1329 5551 ⁸⁷
1363 5515 1501 5573 ibid.
1586 5517 1843 5576 "Matth.
1887 5534 1944 5575 Ill
2000 5520 2089 5575 i7.

2376 4897 2725 4964 παρθενικῶν
2782 4903 2877 4952 καὶ
2930 4901 3216 4970 ἁχράντων
3259 4904 3504 4973 αίμάτων
3546 4905 3787 4975 ἐπήξατο
3809 4903 3934 4955 ναὸν

2377 4987 2578 5056 ἑαυτῷ.
2621 4989 2750 5049 Υίὸς
2789 4989 2843 5042 δὲ
2871 4991 3158 5062 ἀνθρώπου
3188 4996 3282 5048 καὶ
3312 4998 3340 5048 ὁ
3363 4998 3428 5049 ὲκ
3449 4995 3707 5064 γυναικός
3727 5011 3740 5024 ·
3778 4996 3871 5048 καὶ
3901 4995 3932 5063 ἡ

2373 5078 2511 5146 γυνὴ
2538 5079 2666 5150 γὰρ,
2692 5080 2995 5153 ἄνθρωπος,
3037 5083 3370 5158 Ἐπισκέπτῃ
3399 5088 3455 5140 δὲ
3480 5087 3661 5152 αὐτὸν,
3687 5087 3770 5138 ὅτι
3787 5089 3934 5154 Προ-

2374 5169 2644 5237 ωρώμην,
2673 5175 2827 5242 φησὶ,
2860 5176 2967 5228 τὸν
2998 5177 3217 5242 Κύριον
3243 5178 3497 5232 ἐνώπιόν
3518 5195 3636 5246 μου
3658 5176 3756 5232 διὰ
3784 5194 3934 5231 xar-

2374 5259 2499 5324 τὸς,
2534 5260 2624 5312 ὅτι
2651 5263 2719 5315 ἐκ
2745 5263 2962 5326 δεξιῶν
2989 5283 3110 5334 μου
3129 5268 3320 5323 ἐστίν.
3355 5299 3422 5310 -
3458 5267 3842 5332 Ἠλάττωσας
3865 5265 3932 5317 δέ

2375 5351 2554 5404 αὑτὸν
2578 5353 2780 5422 ,βραχύ
2813 5372 2864 5412 τι
2890 5360 3024 5426 παρ’
3055 5361 3369 5430 ἀγγέλους,
3408 5360 3496 5414 διὰ
3529 5359 3588 5414 τὸ
3619 5360 3808 5429 πεινᾷν
3834 5357 3930 5410 καὶ

2009 5616 2204 5679 Variae
2263 5618 2563 5683 lectiones

789 5715 900 5777 M3)
923 5710 1247 5768 Bedundare
1272 5711 1485 5767 videtur
1517 5712 1576 5765 τδ
1607 5713 1655 5769 ἃ.
