4090 6324
229 353 314 420 ιιι

1323 343 1706 404 COMMENT.
1755 342 1834 401 ΙΝ
1880 337 2244 400 I’SALMOS.

3295 319 3395 383 142

222 478 400 537 μενοςο
460 462 709 525 ἐπίτασις
756 463 812 514 δὲ
856 459 955 530 τῆς
978 455 1317 528 εὐφροσύνης
1352 458 1387 526 ἡ
1427 454 1751 522 ἀγαλλίασις

1869 463 2038 506 rerum
2071 457 2154 502 est
2180 445 2463 500 solamen:
2501 436 2953 511 quemadmodum
3003 446 3057 489 et
3087 435 3236 490 solus
3279 434 3396 502 ipse

218 556 284 621 ὡς
310 555 395 609 καὶ
426 554 526 624 τὴν
555 553 780 623 καρδίαν
810 553 916 604 ὑπὸ
946 551 1046 618 τῆς
1077 549 1214 616 ἄγαν
1272 545 1529 600 ἅλλεσθαι
1551 547 1747 616 ναρᾶς.

282 815 450 874 Tali?)
491 814 573 881 τῷ
596 815 840 884 ὀνόματί
871 826 1007 873 σου,
1038 810 1306 878 "minata.
1330 806 1488 866 'EOo;
1513 799 1582 872 ἦν
1635 804 1747 864 τοῖς

214 905 468 979 ἐρωτικῶς
486 906 610 975 περί
627 921 748 958 τινα
765 902 1121 972 διακειμένοις
1138 900 1358 970 ᾄσματα
1378 899 1547 949 ποιεῖν
1565 894 1641 956 είς
1659 895 1751 946 αὑο

220 999 318 1061 τὸν,
336 999 422 1050 καὶ
437 996 784 1066 ψυχαγωγεῖν
807 993 1052 1046 ἐντεῦθεν
1071 989 1162 1042 τὸν
1185 989 1364 1041 πόθον.
1419 984 1549 1038 ’Δτιδ
1587 1001 1753 1052 μεταοο

215 1088 369 1157 φορᾶς
395 1083 487 1136 οὖν
510 1084 606 1137 τοῦ
633 1084 876 1136 τοιούτου
896 1080 1055 1135 διὰτὸ
1084 1077 1284 1144 Ψαλῶ,
1301 1077 1392 1130 τὸν
1421 1074 1750 1143 ἐπιτεταμέ-

215 1193 295 1229 νον
340 1175 415 1237 εἰς
441 1173 575 1226 Θεὸν
632 1172 812 1243 ἔρωτα
862 1170 1230 1240 παρέστησεν⁹
1258 1164 1511 1235 ἐμφαίνει
1561 1161 1618 1216 δὲ
1662 1161 1754 1215 καὶ

216 1264 403 1334 ῥυθμὸν
422 1263 742 1332 ἐναρμόνιον
761 1261 846 1326 τὸ,
890 1258 1092 1314 Ψαλῶ.
1121 1253 1574 1328 ’ᾼσομαιτοίνυν,
1601 1253 1660 1303 οὑ
1687 1253 1752 1320 τῇ

216 1355 360 1424 φύσει
388 1371 484 1406 σου
507 1371 520 1386 ·
559 1356 653 1408 καὶ
683 1353 792 1422 γὰρ
837 1351 1154 1418 ἀνεννόητος
1173 1364 1186 1378 ·
1246 1346 1386 1400 ἀλλά
1412 1345 1488 1415 τῷ
1530 1343 1754 1412 ὀνόματί

218 1462 323 1509 σου,
348 1445 562 1498 πλέκων
595 1442 744 1512 αὑτῷ
780 1441 1115 1510 κατάλληλον
1148 1441 1382 1492 ἔπαινον,

292 1701 390 1755 Ἕν
407 1699 960 1769 τῷάποστράφῆναι
998 1699 1104 1752 τὸν
1133 1697 1352 1764 ἐχθρόν
1403 1713 1518 1764 μου
1568 1697 1654 1759 εἰς
1688 1693 1755 1746 τὰ

1849 545 1934 593 est
1957 537 2048 605 qui
2070 536 2320 590 homines
2341 533 2536 586 salvat.
2561 528 2866 582 Exsultatio
2895 541 3022 580 vero
3047 523 3217 590 major
3247 539 3393 590 qna:-

1849 626 1972 680 dam
2005 634 2087 679 est
2119 621 2316 677 laetitia:
2346 620 2608 672 intensio:
2662 630 2783 684 qua:
2828 628 2939 683 pra:
2981 611 3149 665 nituio
3199 608 3397 677 gaudio

1791 743 1800 753 -
1851 714 2104 770 subsilire
2142 711 2294 766 valde
2318 720 2479 777 atque
2501 708 2699 761 elevari
2743 719 2836 758 cor
2877 702 3028 756 facit.

1922 805 2162 859 Psallam
2185 801 2386 855 nomini
2410 813 2523 860 tuo,
2556 796 2846 848 Altissime.
2904 793 3017 846 Mos
3040 799 3155 845 erat
3207 790 3274 843 iis
3309 789 3402 857 qui

1850 895 2114 951 amatorie
2196 894 2253 947 in
2304 891 2537 958 aliquem
2617 886 2793 941 allecti
2875 893 3081 948 essent,
3164 882 3406 936 carmina

1849 1002 1903 1042 et
1955 996 2150 1040 cantus
2208 985 2260 1037 in
2324 997 2448 1036 eum
2514 990 2861 1045 componere,
2922 983 3085 1042 atque
3151 973 3255 1026 hoc
3314 987 3409 1039 pa-

1851 1089 1938 1132 t-Io
1961 1075 2124 1130 animi
2157 1072 2485 1128 desiderium
2513 1069 2717 1122 lenire:
2752 1063 3060 1134 huiusmodi
3097 1061 3408 1129 metaphora

1851 1167 2116 1238 propheta
2169 1178 2327 1226 usus,
2372 1160 2736 1215 intensionem
2793 1153 2996 1208 amoris
3037 1153 3192 1205 suiiu
3242 1153 3410 1204 Deum

1853 1256 2170 1318 declaravit,
2199 1255 2417 1309 dicens:
2447 1249 2688 1304 Psallam
2717 1247 2922 1300 nomini
2947 1257 3073 1298 tuo:
3108 1259 3227 1314 qua:
3246 1243 3413 1296 dictio

1855 1353 2120 1405 musicum
2147 1363 2211 1401 ac
2257 1347 2585 1402 concinnum
2628 1352 2847 1396 cantum
2919 1341 3162 1394 denotat.
3211 1338 3431 1391 Canam

1857 1441 2044 1510 igitur,
2072 1437 2270 1507 inquit,
2305 1450 2412 1488 nou
2439 1442 2644 1486 natura:
2673 1443 2800 1494 tua},
2832 1429 3050 1498 (litando
3078 1427 3296 1497 quidem
3326 1427 3414 1477 illa

1856 1532 2059 1602 percipi
2092 1545 2198 1585 non
2232 1535 2433 1598 potest,
2465 1524 2562 1579 sed
2597 1525 2806 1590 nomini
2850 1531 2966 1587 tuo,
3017 1521 3274 1576 decentes
3337 1513 3414 1574 illi

1857 1633 2084 1677 nectens
2110 1634 2172 1673 ac
2198 1617 2535 1684 complicans
2563 1613 2774 1668 laudes.

1935 1710 2097 1763 Vens.
2115 1709 2166 1761 4.
2189 1705 2320 1762 Cum
2344 1721 2617 1759 conversus
2636 1703 2796 1771 fuerit
2813 1701 3054 1754 inimicus
3067 1715 3208 1752 meus
3226 1709 3421 1752 retror-

217 1794 415 1859 όπίσω,
445 1791 879 1858 ἀσθενήσουσι,
907 1789 1005 1845 καί
1033 1787 1401 1843 ἀπολοῦνται
1423 1786 1540 1840 ἀπὸ
1570 1801 1758 1852 προσ-

1869 1818 2006 1866 sum,
2027 1798 2435 1868 inﬁrmabuntur
2454 1805 2501 1848 et
2520 1794 2757 1862 peribunt
2775 1809 2806 1844 a
2832 1792 2966 1859 facie
2990 1801 3097 1842 tua.
3115 1791 3421 1842 Connume-

223 1883 376 1937 ὡπου
427 1899 563 1938 σου.
603 1884 856 1953 ’Δρχεται
894 1879 1212 1947 καταλέγειν
1243 1879 1307 1931 τὰ
1329 1878 1441 1945 εἴδη
1475 1875 1572 1938 τῆς
1600 1877 1755 1942 εὐερ-

217 1976 414 2042 γεσίας,
439 1974 581 2043 ὑπὲρ
606 1966 687 2043 city
718 1974 751 2044 ἡ
784 1972 1200 2043 ἐξομολόγησιςο
1259 1969 1525 2038 ἐτόλμησε
1582 1966 1691 2035 γὰρ
1731 1966 1760 2016 ό

216 2065 462 2135 τύραννός
499 2081 628 2117 ποτε
652 2065 746 2118 καὶ
771 2064 910 2118 κατά
948 2061 1046 2117 τοῦ
1100 2061 1372 2135 Σωτῆρος,
1425 2058 1519 2112 καὶ
1551 2057 1625 2119 ὡς
1666 2058 1758 2108 ἀν·

221 2158 411 2226 θρὼπῳ
455 2154 1015 2228 ψιλῷ-προσέϐαλεν
1079 2154 1204 2206 ἐπεὶ
1274 2150 1332 2206 δὶ
1387 2151 1470 2213 τὸ,
1525 2150 1758 2217 ’Ὕπαγε

221 2248 401 2300 ὀπίσω
456 2263 600 2316 μου,
675 2247 931 2312 Σατανᾶ,
973 2241 1440 2318 ἧκουσεν,ῇσθετο
1481 2241 1761 2307 δυνάμεως

221 2339 441 2406 ἀμάχου,
488 2338 584 2390 καὶ
610 2337 726 2406 μετ’
757 2335 1021 2406 αἰσχύνης
1050 2333 1410 2403 ὑπεχώρησεν
1433 2349 1446 2362 ·
1481 2333 1759 2399 ἀποστρα-

222 2428 403 2491 φέντος
428 2425 484 2478 δὲ
510 2425 608 2478 καὶ
631 2427 932 2496 τραπέντος
960 2423 1148 2489 αὑτοῦ,
1201 2423 1258 2477 αἱ
1281 2422 1371 2474 ὑπ’
1397 2421 1558 2474 αὑτὸν
1601 2418 1763 2472 δυνά-

224 2531 336 2584 μεις
385 2516 712 2586 ἠσθένησαν,
760 2516 856 2567 καὶ
898 2511 1196 2576 ἀπώλοντο,
1248 2505 1360 2562 οἷόν
1414 2525 1535 2562 τινα
1588 2507 1764 2576 ψυχὴν

220 2589 556 2675 ἀφῃρημέναι
580 2605 678 2674 τὴν
694 2602 1002 2673 τυραννίδα.
1053 2599 1161 2652 Τοῦ
1179 2599 1355 2667 Ἰησοῦ
1383 2599 1491 2666 γὰρ
1514 2599 1764 2665 ἀναμαρ-

222 2696 375 2762 τήτου
421 2696 581 2764 μέχρι
637 2694 865 2746 θανάτου
921 2690 1226 2762 μείναντος,
1273 2689 1367 2741 καὶ
1392 2688 1482 2739 τὸν
1522 2685 1765 2739 διάϐολον

224 2781 528 2843 καθελόντος
565 2781 834 2847 ἐντεῦθεν,
867 2781 963 2834 καὶ
1008 2781 1377 2849 ἀμφιέσαντος
1430 2777 1576 2847 ἡμᾶς
1629 2775 1768 2828 ὅπλα

226 2871 504 2939 σωτηρίας,
539 2869 600 2922 τὸ
623 2869 764 2923 θεῖον
793 2870 1098 2940 βάπτισμα,
1129 2869 1222 2922 καὶ
1245 2870 1346 2938 τὴν
1377 2866 1611 2936 μελέτην
1676 2866 1768 2918 καὶ

224 2961 459 3030 φυλακὴν
499 2963 608 3014 τῶν
656 2960 818 3015 θείων
859 2960 1082 3030 λογίων,
1116 2959 1258 3011 κατὰ
1289 2958 1391 3027 τὴν
1419 2955 1616 3010 ἑαυτοῦ
1671 2971 1768 3008 πο-

224 3049 417 3104 λιτείαν
453 3051 814 3113 ἀπολιπόντος
839 3052 971 3122 ἡμῖν
999 3049 1118 3102 ὁδὸν
1147 3050 1224 3110 είς
1248 3049 1515 3115 οὐρανοὺς
1532 3043 1766 3114 ἀνάγου-

1861 1904 1981 1943 rare
2022 1887 2210 1954 incipit
2251 1883 2631 1938 beneﬁciorum
2678 1896 2875 1949 genera
2908 1920 2921 1942 ,
2953 1896 3050 1950 pro
3079 1879 3274 1947 quibus
3319 1877 3424 1931 Den

1860 1979 2060 2047 gratias
2099 1979 2234 2045 agit.
2273 1975 2451 2028 Ausus
2478 1981 2562 2027 est
2606 1971 2897 2040 aliquando
2930 1979 3192 2039 tyrannus
3217 1969 3424 2020 daemon

1862 2069 2042 2137 ipsum
2083 2066 2245 2121 etiam
2287 2063 2647 2122 Salvatorem,
2700 2060 2863 2114 veluti
2911 2059 3114 2112 nudum
3148 2058 3422 2110 hominem

1862 2159 2121 2212 invadere
2155 2173 2170 2210 :
2213 2155 2305 2211 sed
2333 2155 2492 2208 simul
2517 2169 2579 2208 ac
2600 2153 2707 2208 dici
2734 2150 2940 2206 audivit
2967 2168 2979 2203 :
3011 2148 3146 2204 Vade
3177 2159 3292 2217 post
3325 2166 3423 2210 me,

1865 2249 2067 2304 Satana
2080 2251 2150 2311 θ’,
2193 2256 2245 2301 et
2266 2245 2734 2315 inexpugnabilem
2759 2243 2902 2296 illius
2917 2242 3086 2298 sensit
3111 2241 3424 2313 potentiam,

1865 2353 2056 2407 magna
2091 2337 2269 2392 statim
2296 2349 2420 2389 cum
2461 2334 2754 2404 ignominia
2784 2336 3132 2389 retrocessit:
3160 2348 3267 2402 quo
3297 2349 3428 2386 con-

1865 2440 2023 2480 verso
2072 2440 2136 2480 ac
2176 2425 2479 2496 proﬂigato,
2531 2439 2722 2480 omnes
2753 2425 2957 2494 pariter
2981 2433 3275 2494 potestates
3308 2438 3428 2493 qua:

1866 2519 1970 2572 sub
1995 2517 2110 2587 ipso
2133 2525 2310 2582 erant,
2341 2517 2632 2571 debilitatae
2655 2527 2801 2583 sunt,
2827 2530 2879 2570 et
2903 2518 3198 2586 perierunt,
3229 2520 3426 2571 amissa

1875 2608 1962 2661 illa
2004 2609 2260 2662 nimirum
2305 2608 2609 2679 tyrannide,
2645 2609 2805 2662 veluti
2839 2609 3071 2678 quadam
3090 2624 3277 2662 eorum
3311 2609 3430 2662 ani-

1869 2713 1976 2751 ma.
2031 2699 2163 2753 Cum
2197 2698 2341 2752 enint
2365 2696 2739 2754 vixeritJesus
2787 2700 2903 2754 sine
2925 2709 3166 2768 peccato,
3209 2701 3348 2754 unde
3376 2709 3432 2756 et

1867 2789 2163 2844 daemonem
2181 2789 2470 2854 destruxit,
2488 2798 2650 2844 etnos
2669 2790 2868 2856 pariter
2896 2789 3070 2844 induit
3096 2790 3260 2844 armis
3285 2790 3430 2844 salu-

1870 2878 1960 2932 tis:
1983 2893 2102 2932 cum
2130 2880 2290 2934 etiam
2309 2894 2523 2935 sacrum
2551 2879 2837 2948 baptisma,
2865 2894 2927 2933 ac
2948 2879 3254 2934 divinorum
3279 2895 3431 2932 Illalt-

1874 2969 2126 3022 datorum
2156 2971 2562 3024 meditationem
2593 2980 2646 3026 et
2682 2971 3010 3035 custodiam,
3048 2970 3433 3040 propriamque

1871 3058 2034 3112 vitam
2057 3075 2121 3114 ac
2143 3062 2632 3126 conversationem,
2654 3075 2753 3131 pro
2777 3061 2864 3114 via
2883 3061 3038 3116 nobis
3063 3062 3360 3132 reliquerit,
3379 3072 3434 3116 et

227 3157 338 3206 σαν,
367 3141 791 3213 κατηργήθησαν
815 3140 1158 3193 παντάπασιν
1180 3140 1228 3191 oi
1250 3137 1523 3206 δαίμονες,
1555 3137 1650 3189 καὶ
1676 3136 1767 3188 οὑ·

1872 3148 2086 3214 semita,
2119 3164 2242 3219 quae
2273 3150 2339 3204 ad
2361 3153 2558 3206 cmlnm
2579 3150 2746 3216 ducit,
2768 3161 3165 3222 consequenter
3178 3128 3232 3208 et
3249 3155 3431 3207 cazteri

225 3231 416 3300 δεμίαν
439 3231 620 3300 ἔχουσι
634 3229 861 3306 δύναμιν
891 3230 1010 3282 καθ’
1035 3228 1210 3298 ὴμῶν,
1229 3231 1276 3279 εί
1293 3228 1368 3296 μὴ
1392 3227 1480 3280 διὰ
1501 3225 1770 3296 ῥᾳθυμίας

226 3322 379 3390 ἡμεῖς
408 3321 625 3382 ἑκόντες
666 3319 869 3382 αὑτοὺς
928 3316 1362 3386 ἐπιστησόμεθα,
1411 3316 1519 3368 τῶν
1545 3316 1773 3368 ὲντολῶν

227 3409 610 3479 ἀμελήσαντες.
651 3409 796 3461 Ἀπὸ
833 3407 1158 3476 προσώπου
1195 3407 1281 3470 δὲ,
1322 3406 1621 3470 τουτέστιν,
1667 3405 1775 3457 ἀπὸ

227 3500 384 3568 φόϐου
415 3518 529 3554 σου.
569 3501 805 3570 Φοϐερὺν
828 3503 934 3570 γὰρ
957 3503 1015 3552 ὲν
1036 3500 1318 3567 πολέμοις,
1345 3499 1456 3551 τῶν
1494 3499 1773 3569 ,ἀριστέων

227 3593 284 3646 τὸ
313 3597 614 3666 πρόεωπον.
1250 3595 1251 3598 “

294 3859 421 3912 ὀτι
438 3858 730 3926 ἐποίησας
751 3859 866 3926 τὴν
905 3859 1109 3927 κρίσιν
1131 3875 1272 3928 μου,
1301 3859 1402 3912 καὶ
1430 3859 1545 3926 τὴν
1596 3859 1776 3926 δίκην

224 3967 358 4018 μου.
392 3949 650 4022 Ἐκρινάς
690 3967 758 4020 με
800 3949 928 4020 γὰρ,
976 3949 1065 4002 τὸν
1124 3951 1204 4012 εἰς
1225 3948 1286 4001 σὲ
1345 3953 1774 4014 πεπιστευκότα,

229 4040 824 4109 καταδυναστευόμενον
848 4041 952 4094 ὑπὸ
975 4038 1072 4094 τοῦ
1097 4039 1344 4093 διαϐόλου
1380 4041 1664 4111 πρότερον,
1685 4044 1777 4096 καὶ

227 4132 435 4203 πικρῶς
480 4134 914 4204 τυραννούμενον
963 4133 1023 4200 ἐξ
1073 4135 1293 4202 ἀγνοίας
1308 4150 1330 4167 ⁸-
1370 4135 1466 4188 καὶ
1523 4133 1645 4188 ἰδὼν
1695 4137 1776 4188 ὅτι

229 4225 499 4296 φθονερῶς
527 4227 556 4280 ὁ
585 4228 820 4298 πονηρὸς
844 4228 907 4280 τὸ
938 4227 1031 4281 σὺν
1064 4227 1291 4297 πλάσμα
1315 4217 1774 4296 κατεδουλώσατο,

228 4317 544 4380 ἐδικαίωσάς
590 4334 680 4388 με,
710 4318 818 4372 τῶν
845 4318 1053 4373 ἐκείνου
1125 4319 1329 4390 χειρῶν
1384 4317 1776 4390 ὑπεξαγαγὼν,

1872 3237 2144 3295 daemones
2192 3240 2342 3294 illinc
2392 3241 2528 3295 adeo
2552 3240 2712 3296 deleti
2750 3250 2898 3306 sunt,
2927 3251 2984 3294 ut
3017 3243 3219 3297 nullam
3257 3244 3309 3297 in
3334 3259 3432 3298 nos

1874 3328 2105 3394 amplius
2123 3327 2357 3382 habeant
2379 3317 2725 3398 potestatem,
2757 3328 2865 3384 nisi
2897 3344 2997 3384 nos
3021 3327 3230 3398 ignavia
3250 3342 3431 3385 nostra

1876 3418 2124 3474 fortassis
2146 3419 2220 3472 ita
2244 3419 2510 3485 volentes,
2534 3420 2796 3490 neglectis
2816 3421 3017 3477 divinis
3039 3421 3330 3486 mandatis,
3363 3424 3430 3476 ad

1877 3510 2242 3580 nosmetipsos
2266 3526 2359 3566 eos
2382 3513 2576 3565 itertnn
2608 3512 2956 3565 traxerimus.
2976 3511 3128 3578 Quod
3159 3529 3285 3566 vero
3321 3515 3428 3564 ait:

1877 3602 1918 3652 Α
1957 3601 2094 3670 facie
2119 3611 2232 3663 tua,
2265 3601 2408 3673 idem
2437 3609 2542 3665 est,
2568 3600 2737 3670 quod,
2773 3604 2817 3656 Α
2858 3604 3056 3658 timore
3113 3613 3226 3659 tuo.
3279 3603 3431 3657 Streo

1879 3703 2112 3742 nuorum
2142 3690 2285 3743 enim
2315 3703 2379 3744 ac
2401 3699 2685 3756 potentum
2725 3691 2965 3746 virorum
3002 3691 3193 3759 facies,
3257 3694 3434 3746 horri-

1879 3777 2005 3832 bilis
2034 3779 2274 3834 inimicis
2315 3779 2486 3834 videri
2517 3780 2655 3834 solet
2688 3795 2751 3835 ac
2785 3781 3044 3837 timenda.

1951 3868 2110 3924 Vens.
2136 3871 2187 3925 5.
2217 3869 2481 3936 Quoniam
2509 3882 2563 3925 tu
2579 3872 2749 3940 fecisti
2760 3872 3024 3942 judicium
3043 3890 3212 3928 meum
3238 3885 3286 3929 et
3307 3894 3434 3930 cau-

1877 3978 1990 4016 sam
2017 3978 2203 4018 meam.
2222 3962 2480 4019 iudicasti
2505 3967 2648 4019 enim
2689 3979 2774 4019 me
2797 3965 3110 4026 credentem
3138 3968 3194 4021 in
3235 3978 3306 4034 te,
3334 3956 3431 4039 qui

1881 4059 2038 4106 antea
2069 4053 2173 4106 sub
2215 4061 2478 4120 potestate
2507 4065 2671 4123 atque
2700 4068 2885 4109 amara
2914 4057 3199 4127 tyrannide
3233 4059 3432 4114 dazmo-

1880 4144 1966 4196 nis
1997 4142 2300 4212 ignorantia
2347 4145 2795 4210 mea'detinebar.
2826 4146 2960 4203 Nam
2985 4164 3110 4204 eum
3139 4166 3433 4222 perspexe-

1880 4234 1958 4288 ris
1985 4235 2131 4304 quod
2163 4236 2433 4305 malignus
2463 4236 2554 4293 ille
2597 4253 2682 4292 me
2718 4249 3024 4294 creaturam
3056 4251 3203 4295 tuam
3253 4243 3435 4297 invide

1880 4323 1934 4376 in
1977 4326 2289 4378 servitutem
2325 4327 2628 4395 redegerat,
2682 4342 2748 4382 ex
2799 4329 2952 4385 illius
3007 4331 3262 4386 manibus
3304 4337 3436 4388 sub-

231 4411 320 4462 καὶ
349 4409 451 4480 τῆς
481 4409 700 4480 πλάνης
731 4409 1133 4483 ἐλευθερώσας·
1189 4408 1344 4480 δίκην
1395 4409 1504 4480 γὰρ
1557 4411 1656 4482 τὴν
1701 4412 1768 4464 δι-

1880 4412 2100 4468 ductum
2153 4423 2315 4480 atque
2369 4417 2438 4470 ab
2493 4432 2678 4473 errore
2753 4419 3039 4475 liberatum
3095 4423 3432 4490 justilicasti.

229 4499 517 4568 καιοσὺνην
535 4501 794 4555 ἐκάλεσεν
819 4500 1077 4558 ἐνταῦθα.

306 4591 618 4656 ἐκάθισας
664 4591 764 4644 ἐπὶ
826 4593 1041 4658 θρόνου
1077 4593 1109 4644 ό
1142 4592 1362 4660 κρίνων
1401 4590 1772 4659 δικαιούνην.
1814 4649 1820 4657 ,

223 4678 400 4733 Τοῦτο
425 4679 516 4732 διὰ
560 4671 661 4749 τὴν
684 4681 764 4743 είς
789 4681 1054 4750 οὐρανοὺς
1090 4680 1359 4750 ἀνάληψιν
1388 4681 1482 4734 τοῦ
1507 4682 1778 4752 Σωτῆρος.

1878 4505 2111 4559 Causam
2155 4507 2298 4559 enim
2321 4506 2422 4560 hoc
2459 4507 2513 4559 in
2553 4507 3125 4575 locojustilicationem
3158 4515 3415 4581 appellat.

1946 4594 2142 4648 Sediin
2166 4611 2319 4663 super
2339 4595 2582 4650 thronum
2603 4598 2692 4667 qui
2700 4599 2917 4667 judicas
2944 4602 3238 4676 justitiam.
3269 4605 3434 4675 Prop-

1877 4694 1960 4742 ter
2014 4685 2312 4744 Salvatoris
2361 4690 2755 4744 Aseensionem
2786 4690 3144 4769 bocdietum
3181 4704 3284 4760 est.
3331 4713 3436 4748 Illi-

232 4766 526 4838 Πληρώσας
546 4767 655 4838 γὰρ
669 4768 766 4838 τὴν
794 4768 1054 4839 ἐνσαρκον
1082 4770 1414 4840 οίκονομίαν,
1449 4771 1528 4833 είς
1553 4770 1643 4823 τὸν
1664 4770 1768 4841 θρό

1879 4779 2019 4848 pleta
2047 4781 2190 4834 enim
2218 4780 2402 4834 carnis
2429 4781 2841 4851 dispensatione
2877 4785 2944 4836 ad
2990 4766 3243 4852 iudiciale
3292 4787 3438 4842 thro-

233 4875 315 4912 νον
346 4859 716 4930 ἀποκατέστη,
746 4858 840 4912 τὸν
859 4859 1195 4924 δικαστικὸν,
1222 4860 1342 4930 ἤτοι
1394 4861 1493 4930 τὴν
1532 4853 1781 4925 ἐξουσίαν

231 4949 324 5018 τῆς
354 4949 628 5017 θεότητος,
654 4948 713 5002 δν
739 4951 816 5018 μὴ
831 4948 1023 5012 λιπὼν,
1043 4950 1294 5020 ἀρρήτως
1329 4951 1462 5022 πρὸς
1488 4953 1632 5020 ἡμᾶς
1685 4955 1782 5005 ἐπ-

234 5041 524 5110 εδήμησεν.
545 5038 904 5109 Ἀναληφθεὶς
927 5041 1055 5111 γὰρ,
1081 5041 1175 5093 καὶ
1196 5041 1422 5104 καθίσας
1435 5045 1492 5096 ὲν
1517 5041 1666 5113 δεξιᾷ
1687 5043 1779 5098 τοῦ

233 5127 459 5193 Πατρός,
497 5125 572 5189 ὡς
603 5125 785 5180 λαϐὼν
819 5127 998 5180 πᾶσαν
1032 5127 1277 5191 ἐξουσίαν
1304 5129 1362 5182 ἐν
1415 5130 1628 5199 οὐρανῷ
1686 5133 1778 5182 καὶ

233 5214 324 5266 ἐπὶ
391 5218 515 5284 γῆς,
544 5215 846 5287 ἐϐοήθησεν
868 5219 947 5287 τῷ
973 5219 1088 5289 ίδίῳ
1111 5218 1412 5289 πλάσματι.
1433 5221 1575 5292 ὑπὲρ
1595 5216 1656 5274 οὗ
1687 5223 1781 5276 καὶ

230 5306 327 5373 τὴν
357 5305 627 5375 ἄχραντον
646 5307 810 5380 ἔθηκε
865 5309 1066 5380 ψυχήν.
1126 5308 1453 5380 Θεοπρεπῶς
1514 5313 1785 5366 δὲταῦτα

230 5396 481 5467 νοητίον·
515 5399 838 5469 καθιδρῦσαι
891 5401 1000 5471 γὰρ
1049 5403 1128 5465 είς
1167 5402 1258 5456 τὸν
1299 5404 1504 5474 θρόνον,
1564 5408 1658 5459 ἐπὶ
1690 5409 1784 5462 τοῦ

234 5488 403 5554 Λόγου
431 5489 524 5541 καὶ
545 5488 682 5542 Θεοῦ
707 5492 1042 5564 ὑποληφθείη
1075 5491 1140 5547 ἂν
1164 5496 1196 5564 ἠ
1226 5495 1512 5568 δικαστικὴ
1548 5498 1782 5569 ἐξουσία,

295 5665 338 5694 ⁸⁸
374 5663 569 5718 Matth.
603 5677 676 5730 tv,
701 5666 784 5720 10.

1887 4885 2017 4924 num
2043 4885 2202 4925 suum
2235 4871 2415 4936 rediit,
2438 4871 2493 4926 id
2522 4880 2628 4935 est,
2661 4871 2728 4927 ad
2749 4882 3075 4943 potestatem
3111 4875 3433 4934 Divinitatis.

1889 4959 2058 5026 Quem
2094 4961 2350 5015 thronum
2381 4964 2557 5016 tamen
2595 4978 2706 5016 non
2735 4964 3057 5032 reliquerat,
3089 4966 3309 5036 quando
3350 4984 3466 5030 ιη’-χ

1886 5050 2044 5106 canis
2071 5061 2235 5121 atque
2264 5051 2633 5107 ineﬂ‘abilibus
2674 5048 2954 5110 modis'ad
2994 5071 3095 5110 nos
3130 5057 3434 5112 descendit.

1887 5142 2214 5210 Assumptus
2240 5143 2384 5197 enim
2413 5155 2491 5198 est
2530 5144 2584 5197 in
2606 5145 2824 5209 ccelum,
2864 5160 2918 5202 et
2961 5148 3111 5202 sedet
3144 5149 3209 5200 ad
3248 5147 3436 5202 deste—
3510 5159 3513 5161 ’

1882 5243 1998 5283 ram
2057 5229 2258 5291 Patris,
2292 5230 2460 5283 veluti
2493 5231 2582 5300 qui
2624 5243 2947 5302 potestatem
2995 5249 3214 5288 omnem
3267 5250 3436 5288 acre-

1885 5321 2024 5390 perit
2079 5321 2131 5373 in
2158 5322 2299 5374 coalo
2361 5331 2415 5376 et
2461 5325 2517 5376 in
2575 5333 2740 5389 terra,
2778 5332 2832 5378 et
2893 5329 3126 5396 propria:
3171 5334 3438 5381 creatum

1883 5426 2038 5481 Opem
2064 5412 2247 5468 tulerit
2282 5427 2378 5483 pro
2408 5431 2510 5484 qua
2544 5417 2944 5472 immaculatam
3005 5419 3150 5471 illam
3203 5418 3436 5474 animant

1887 5517 2163 5573 posuerat.
2191 5503 2314 5560 Haec
2341 5515 2650 5564 autemnon
2678 5511 2934 5576 humane,
2975 5510 3068 5567 sed
3119 5510 3278 5578 digne
3328 5508 3436 5564 Deo
