4082 6326
596 414 691 478 14Ἱ

1809 420 2187 479 EUTHYMII
2233 420 2590 480 ZIGABENI

3718 402 3831 465 143

593 528 770 583 verbis
805 528 915 583 illis
952 526 1172 596 Sperent
1200 528 1255 581 in
1287 536 1357 591 te,
1411 543 1477 580 ex
1537 526 1766 582 llebrteo
1810 529 2149 599 interpretati

2259 544 2478 596 τωσαν,
2532 530 2651 583 ἀντὶ
2674 528 2769 583 τοῦ
2818 528 3061 582 ἐλπιοῦσι
3114 520 3685 596 μεθηρμηνεύκαυσιν.
3753 511 3830 599 fil

593 628 720 675 sunt
754 639 765 673 :
799 616 1090 688 Sperabunt
1113 619 1167 671 in
1189 627 1258 682 te,
1288 618 1471 672 futuro
1498 620 1582 672 usi
1609 628 1850 686 tempore
1868 634 1968 687 pro
1991 620 2151 673 modo

595 711 936 778 imperativo.
1004 709 1111 764 Sed
1176 708 1450 779 Propheta
1520 708 1773 764 fortassis
1831 709 2152 780 imperativo

597 818 732 856 usus
778 812 859 856 est
908 800 1258 871 praceptoris
1303 814 1367 853 ac
1420 799 1667 856 ducentis
1721 815 1873 854 more
1921 815 1984 855 ea
2039 799 2152 854 ﬁeri

589 894 810 958 jnbens,
866 908 986 961 quae
1028 892 1200 962 probe
1262 906 1325 946 ac
1378 891 1608 947 ﬁrmiter
1658 891 1827 946 novit.
1883 891 2150 946 Praterea

590 984 753 1037 etiam
779 989 925 1036 recte
946 982 1102 1046 dixit,
1135 981 1241 1048 Qui
1280 992 1531 1037 noverunt
1561 999 1746 1037 nomen
1780 992 1949 1037 tuum.
1978 980 2150 1037 Natu-

591 1088 707 1126 ram
739 1074 881 1127 enim
940 1072 1032 1126 Dei
1075 1074 1258 1129 rmllus
1322 1075 1493 1131 novit.
1543 1074 1608 1129 Et
1656 1077 1873 1131 demum
1929 1090 2151 1130 causam

593 1164 845 1231 apposuit
868 1164 982 1232 spei
1017 1179 1131 1219 suae
1154 1164 1341 1221 dicens
1374 1184 1388 1218 :
1418 1166 1677 1231 Quoniam
1700 1184 1804 1221 non
1828 1167 2155 1237 dereliquisti

589 1258 917 1325 exquirentes
959 1267 1029 1318 te,
1064 1255 1307 1310 Domine.
1335 1257 1446 1313 Nec
1495 1258 1636 1312 dixit
1684 1258 2025 1324 Quaerentes,
2057 1259 2150 1313 sed

589 1344 956 1414 anuirentes,
1004 1353 1063 1398 ut
1098 1345 1570 1416 investigationem
1603 1350 1896 1419 quamdam
1928 1364 1992 1403 ex
2042 1344 2150 1402 tota

592 1437 771 1487 anima
804 1430 1107 1489 faciendam
1148 1451 1268 1490 esse
1293 1437 1597 1493 denotaret.

672 1525 828 1580 Vens.
866 1526 953 1579 12.
997 1526 1223 1580 Psallite
1251 1527 1478 1582 Domino
1511 1530 1604 1599 qui
1640 1530 1847 1587 habitat
1897 1532 1954 1585 in
1997 1530 2148 1585 Sion.

592 1612 739 1669 Talis
776 1617 960 1685 itaque
992 1630 1117 1669 cum
1150 1619 1221 1671 sit
1260 1617 1523 1675 Dominus
1552 1631 1610 1676 ut
1636 1623 1892 1690 superius
1922 1623 2153 1678 demou-

589 1707 902 1770 stravimus,
942 1706 1186 1774 Psallite,
1213 1709 1335 1776 hoc,
1370 1718 1474 1777 est,
1509 1711 1700 1769 Canite
1740 1716 1814 1770 ei.
1874 1713 2154 1769 Habitantt

587 1812 717 1851 vero
745 1798 800 1852 in
837 1796 966 1853 Sion
1005 1799 1164 1881 dixit,
1204 1816 1313 1879 non
1363 1803 1489 1872 quia
1519 1804 1661 1861 Deus
1691 1806 1814 1862 loco
1856 1806 2154 1861 concluda-

588 1897 699 1951 tur,
728 1891 822 1943 sed
858 1897 913 1942 ut
938 1890 1231 1959 quamdam
1264 1893 1354 1948 Dei
1384 1895 1814 1951 benevolentiam
1843 1912 1968 1963 erga
2001 1899 2153 1953 illum

591 1980 766 2033 locum
799 1979 1227 2037 demonstraret.
1277 1983 1536 2040 Habitare
1563 1988 1729 2042 etiam
1759 1988 1963 2042 dicitur
2008 1988 2153 2044 Deus

591 2070 646 2124 in
676 2072 950 2138 ﬁdelibus,
1000 2089 1105 2128 non
1133 2078 1277 2145 quod
1318 2078 1389 2133 ab
1431 2078 1538 2132 illis
1587 2080 2005 2149 complectatur,
2055 2080 2153 2135 sed

590 2162 754 2216 veluti
800 2163 1182 2221 benevolentia
1218 2183 1283 2224 ac
1321 2168 1695 2225 familiaritate
1749 2171 1983 2240 quadam
2037 2172 2149 2228 illis

589 2253 941 2319 conjunctus.
975 2254 1308 2311 Exhortatur
1337 2259 1498 2328 igitur
1549 2259 1819 2329 Propheta
1848 2263 1913 2317 ad
1943 2276 2147 2317 canen-

590 2341 688 2396 das
723 2343 813 2397 Dei
849 2344 1037 2401 laudes
1087 2348 1172 2403 vel
1205 2349 1487 2417 Hebraeos,
1524 2352 1612 2420 qui
1668 2360 1800 2406 tunc
1844 2360 2020 2418 erant,
2064 2354 2149 2409 vel

590 2430 774 2487 ﬁdeles
824 2426 917 2502 qni
960 2450 1106 2491 nunc
1159 2444 1287 2491 sunt
1340 2454 1402 2492 ex
1441 2440 1716 2507 gentibus,
1753 2456 1984 2510 quorum
2031 2449 2149 2497 erat

591 2522 809 2580 futurus
839 2524 999 2580 Deus.
1049 2526 1154 2592 Qui
1198 2528 1403 2581 habitat
1449 2531 1503 2582 in
1560 2530 1710 2596 Sion,
1766 2532 1868 2585 hoc
1911 2542 2015 2597 est,
2046 2531 2148 2599 Qui

2260 623 2355 675 καὶ
2379 610 2773 695 προστακτικδς
2800 622 2827 672 ὁ
2855 619 3033 687 λόγος,
3064 611 3150 670 οἷα
3172 612 3565 673 διδασκαλικδς,
3595 608 3716 673 περ’·
3749 598 3833 657 ὧν

2261 713 2493 781 βεϐαίως
2529 706 2670 766 οἶδεν
2722 694 3121 779 ἐντελλόμενος.
3169 706 3276 759 Καὶ
3311 704 3487 764 ἄλλως
3538 701 3594 752 δὲ
3643 694 3834 757 καλῶς

2259 797 2382 855 εἶπε
2410 804 2476 856 τὸ
2515 798 2705 872 ὄνορἀ
2746 817 2897 856 σου·
2926 799 3026 868 τὴν
3075 795 3184 866 γὰρ
3228 793 3393 847 αύτοῦ
3440 791 3602 857 φύσιν
3650 784 3837 845 οὐδεὶς

2260 894 2576 963 ἐγνώρισεν.
2609 891 2954 965 Προσωηκεν
2973 889 3030 945 δέ
3063 890 3158 942 καὶ
3189 886 3287 955 τὴν
3301 883 3494 939 αἰτίαν
3539 883 3637 949 τῆς
3674 876 3836 931 ἐλπί-

2258 988 2368 1053 δος,
2404 986 2725 1054 ἐπαγαγὼν,
2766 987 2848 1038 ὅτι
2880 984 3003 1037 Οὐκ
3040 979 3426 1050 ἐγκατέλιπες
3470 976 3611 1037 τοὺς
3658 968 3838 1035 ἐκζη-

2260 1075 2518 1141 τοῦντάς
2539 1090 2632 1138 σε,
2667 1076 2861 1143 Κύριε.
2895 1073 3041 1143 Ὅρα
3071 1071 3127 1124 δέ
3152 1068 3268 1131 πῶς
3304 1067 3404 1119 οὐκ
3435 1058 3555 1117 εἶπε
3588 1056 3836 1129 Ζητοῦν-

2260 1187 2380 1235 τας,
2411 1169 2527 1223 ἀλλ’
2559 1167 3005 1235 Ἐκζητοῦντας,
3034 1162 3132 1234 τὴν
3162 1163 3222 1228 ἐξ
3241 1160 3370 1231 ὅλης
3386 1154 3566 1228 ψυχῆς
3601 1152 3837 1223 ζήτησιν

2260 1263 2349 1317 διά
2380 1262 2478 1331 τῆς
2513 1261 2826 1331 προθέσεως
2850 1256 3230 1327 παραστήσας.

2339 1526 2609 1578 Ψάλλετε
2648 1522 2726 1588 τῷ
2770 1523 2963 1589 Κυρίῳ
3004 1520 3084 1584 τῷ
3119 1516 3495 1573 κατοικοῦντι
3538 1515 3608 1568 ἐν
3655 1511 3836 1567 Σιὼν.

2260 1614 2593 1685 Τοιούτῳδὲ,
2631 1613 2817 1683 φησὶν,
2847 1612 2960 1665 ὄντι
2992 1611 3068 1680 τῷ
3090 1609 3300 1681 Κυρίῳ,
3332 1602 3446 1662 οἷον
3488 1607 3602 1660 ἄνω
3635 1603 3840 1674 μικρδν

2260 1712 2526 1780 ἐδήλωσα,
2561 1707 2811 1777 ψάλλετε.
2844 1704 3229 1760 Κατοικοῦντι
3284 1700 3343 1755 δέ
3396 1694 3574 1760 εἶπεν,
3622 1697 3721 1766 οὐχ
3747 1696 3841 1749 ὅτι

2265 1800 2632 1872 περικλείεται
2666 1798 2815 1867 τόπῳ
2838 1796 2968 1858 Θεὸς
2986 1836 3002 1860 ,
3037 1793 3171 1849 ἀλλὰ
3201 1790 3290 1846 διὰ
3312 1788 3405 1844 τοῦ
3433 1790 3608 1841 εἰπεῖν
3636 1784 3841 1849 οὕτως,

2191 1879 2232 1934 Β
2258 1893 2359 1962 τὴν
2391 1890 2527 1962 πρδς
2544 1889 2636 1943 τὸν
2656 1891 2821 1941 τόπον
2853 1887 3109 1955 ἐνέφηνεν
3124 1883 3437 1949 οἰκειότητα
3457 1895 3472 1910 ο
3494 1878 3698 1933 ἐνοικεῖ
3725 1875 3844 1942 γὰρ

2262 1983 2357 2036 καὶ
2376 1983 2489 2044 τοῖς
2513 1980 2746 2042 πιστοῖς,
2764 1978 2860 2047 οὐχ
2872 1976 2946 2039 ὡς
2965 1974 3371 2046 περιεχόμενος,
3388 1970 3504 2024 ἀλλ’
3519 1968 3593 2031 ὡς
3619 1966 3842 2026 οἰκείως

2258 2073 2396 2144 πρὸς
2455 2070 2652 2133 αὐτοὺς
2706 2068 3053 2137 διακείμενος
3090 2081 3103 2095 ·
3138 2064 3304 2134 ἤγουν
3352 2062 3477 2123 τοὺς
3530 2054 3843 2129 τηνικαῦτα

2270 2163 2553 2235 Ἑϐραίους
2632 2160 2865 2231 ψάλλειν.
2920 2155 3310 2229 προτρέπεται,
3362 2156 3397 2223 ἦ
3457 2154 3553 2205 καὶ
3609 2149 3732 2209 τοὺς
3779 2144 3854 2210 ἐξ

2258 2256 2429 2310 ἐθνῶν
2452 2270 2467 2287 ·
2522 2253 2687 2315 αὐτὸς
2722 2251 2831 2322 γάρ
2883 2250 3037 2303 ἔσται
3082 2246 3290 2301 τούτων
3328 2245 3483 2312 Θεὸς,
3516 2243 3546 2296 ό
3578 2246 3637 2295 ἐν
3693 2237 3842 2292 Σιὼν

2254 2346 2637 2417 χρηματίζων,
2690 2342 2924 2404 καὶτοῖς
2965 2339 3136 2404 ἀξίοις
3168 2336 3571 2406 διαλεγόμενος.
3632 2329 3703 2385 Ἢ
3739 2329 3845 2383 καὶ

2256 2440 2394 2492 Σιὼν
2446 2438 2546 2508 τὴν
2600 2434 2658 2499 ἐξ
2717 2434 2887 2487 ἐθνῶν
2971 2431 3295 2501 Ἐκκλησεαν
3360 2426 3695 2498 ύπδληπτέον
3770 2424 3843 2491 ἣν
3952 2466 3955 2467 ν

2259 2532 2384 2584 ὖστε
2392 2548 2483 2601 ρον
2514 2532 2850 2585 ὠκειώσατο.

592 2632 851 2686 responsa
882 2628 1044 2688 atque
1073 2621 1296 2674 oracula
1329 2622 1423 2676 dat
1456 2624 1512 2676 in
1550 2624 1705 2688 Sion,
1769 2624 2036 2679 uvairos
2069 2639 2130 2679 se
2164 2620 2359 2690 dignos
2383 2623 2702 2692 alloquitur.
2744 2618 2841 2675 Vel
2913 2617 3043 2672 Sion
3090 2614 3389 2671 Ecclesiam
3455 2612 3522 2664 de
3582 2608 3845 2678 gentibus

590 2719 969 2782 congregatum
1005 2712 1268 2782 intellige,
1301 2729 1463 2783 quam
1496 2724 1689 2785 postea
1736 2715 2000 2771 Dominus
2041 2717 2333 2772 habitavit.

673 2806 996 2859 Annuntiate
1023 2806 1159 2860 inter
1192 2816 1370 2876 gentes
1401 2809 1583 2861 studia
1614 2811 1750 2876 ejus.
1780 2808 1905 2863 Haec
1931 2811 1994 2863 ad
2024 2824 2156 2877 apo-

592 2897 763 2951 stolos
786 2897 930 2950 dicta
959 2908 1107 2959 sunt,
1140 2899 1233 2966 qui
1258 2899 1665 2954 circumeuntes
1712 2900 1999 2955 universas
2028 2917 2157 2970 gen-

592 2998 676 3041 tes
714 2988 1039 3042 docuerunt.
1077 2987 1233 3054 Quod
1290 3005 1426 3064 vero
1475 2989 1611 3043 LXX
1677 2990 1767 3044 hic
1820 2990 1996 3044 studia
2058 3007 2156 3045 seu

590 3076 845 3129 exercitia
875 3077 1152 3139 dixerunt,
1195 3078 1555 3148 Symmachus
1606 3089 1748 3133 artes
1793 3080 2066 3148 exposuit,
2103 3086 2159 3133 et

588 3168 783 3237 Aquila
838 3170 1265 3223 immutationes.
1306 3168 1584 3224 Exercitia
1625 3171 1812 3240 igitur,
1871 3178 1925 3226 et
1975 3171 2174 3225 studia

2343 2810 2764 2878 Ἀπαγγείλατε
2792 2806 2861 2860 ἐν
2898 2805 3023 2871 τοῖς
3046 2804 3251 2858 ἔθνεσι
3280 2800 3354 2857 τὰ
3394 2795 3843 2864 ἐπιτηδεύματα

2259 2901 2466 2956 αὑτοῦ.
2502 2899 2673 2952 Τοῦτο
2701 2898 2839 2968 πρὸς
2863 2897 2988 2958 τοὺς
3009 2891 3361 2955 ἀποστόλους,
3388 2890 3439 2943 οἳ
3457 2886 3840 2958 πορευθέντες,

2258 2992 2644 3062 ἐμαθήτευσαν
2685 2990 2862 3043 πάντα
2889 2988 2957 3042 τά
2988 2986 3139 3057 ἔθνη.
3182 2983 3332 3037 ’Δντὶ
3368 2982 3424 3035 δὲ
3464 2979 3558 3032 τοῦ
3592 2980 3665 3032 τὰ
3707 2977 3843 3030 ἐπι-

2258 3082 2617 3149 τηδεύματα,
2664 3081 2694 3131 ὁ
2728 3079 2825 3148 μὲν
2859 3078 3155 3147 Σύμμαχος
3203 3073 3483 3144 μηχανὰς
3519 3071 3772 3140 εἴρηκεν⁹
3812 3066 3843 3118 δ

2256 3174 2313 3226 δὲ
2356 3172 2605 3237 Ἀκύλας,
2648 3170 3009 3239 eral/larda.
3047 3169 3135 3230 Ὦς
3182 3167 3280 3237 μὲν
3310 3165 3404 3219 οὖν
3443 3151 3690 3234 πράξεῖς,
3717 3160 3847 3210 ἐπι-

590 3260 1062 3329 ejusannuntiate,
1092 3261 1197 3316 hoc
1216 3270 1302 3316 est
1323 3261 1499 3331 ipsius
1540 3272 1712 3329 gesta,
1731 3262 1815 3317 vel
1837 3261 1956 3330 ejus
1982 3270 2148 3325 artes,

2259 3262 2416 3333 τηδεύ
2426 3279 2571 3331 ματα
2591 3278 2605 3292 ·
2633 3262 2708 3324 ὡς
2724 3263 2781 3315 δὲ
2812 3260 2996 3331 σοφαὶ,
3014 3258 3286 3330 μηχαναί·
3318 3256 3395 3318 ὡς
3420 3248 3477 3308 δὲ
3498 3251 3612 3308 ἀντ’
3637 3251 3841 3313 ἄλλων,

590 3351 694 3404 Ιιοο
717 3362 798 3405 est
826 3350 1198 3406 admirandam
1231 3353 1350 3421 ejus
1386 3352 1733 3421 sapientiam.
1759 3352 1842 3406 vel
1875 3351 1997 3419 ejus
2051 3354 2152 3404 im-

591 3442 925 3496 mutationes
959 3460 972 3496 :
1004 3457 1125 3511 qua:
1153 3443 1411 3496 nimirum
1441 3443 1673 3496 aliorum
1703 3444 1825 3496 loco
1868 3455 2149 3496 successe-

591 3540 737 3586 runt.
767 3532 898 3586 Nam
939 3533 1032 3601 qui
1062 3532 1129 3588 de
1156 3534 1313 3603 longe
1343 3541 1520 3599 erant,
1548 3532 1676 3587 facti
1708 3541 1834 3586 sunt
1858 3546 2019 3601 prope
2052 3548 2065 3584 :
2100 3539 2153 3585 et

591 3626 681 3693 qni
714 3628 767 3679 in
804 3624 1044 3678 tenebris
1072 3625 1301 3686 erroris,
1339 3633 1609 3678 venerunt
1641 3623 1706 3677 ad
1743 3623 1926 3677 lumen
1958 3621 2158 3675 verita—

591 3723 661 3772 tis
683 3718 807 3787 :qui
828 3718 883 3770 ἱη
897 3715 1176 3774 oblivione
1194 3724 1370 3781 erant,
1404 3715 1571 3768 habiti
1602 3725 1727 3769 sunt
1758 3717 1810 3767 in
1839 3714 2101 3767 memoria
2137 3732 2151 3766 :

590 3821 644 3866 ot
683 3813 777 3882 qui
846 3819 1008 3867 antea
1067 3810 1268 3880 abjecti
1322 3812 1565 3876 fuerant,
1629 3814 1848 3868 tandem
1909 3813 2179 3883 assumpti
2221 3816 2353 3869 sunt
2425 3833 2437 3866 :

592 3912 697 3960 est.

673 3999 837 4054 Vens.
870 4000 955 4054 l3.
982 3998 1248 4066 Quoniam
1271 4000 1359 4069 qui
1377 4000 1603 4068 exquirit
1622 3999 1954 4069 sanguinem,
1980 4012 2160 4051 eorum

593 4092 906 4146 recordatus
938 4101 1036 4147 est.
1067 4092 1192 4145 Haec
1218 4092 1359 4146 Deus
1405 4091 1476 4146 ita
1510 4091 1836 4160 dispensans
1864 4088 2160 4156 ordinavit,

598 4194 881 4253 postquam
916 4198 1108 4239 eorum
1137 4183 1406 4237 meminit.
1446 4181 1620 4236 Antea
1643 4183 1790 4238 enim
1822 4195 1935 4235 non
1964 4181 2159 4234 memi-

596 4284 748 4331 nerat
775 4277 847 4331 ob
873 4287 1066 4331 eorum
1120 4274 1525 4329 infidelitatem.
1554 4270 1813 4328 Meminit
1837 4282 2015 4326 autem
2052 4285 2159 4324 non

595 4370 779 4422 terens
810 4368 1048 4437 amplius
1081 4381 1271 4422 eorum
1306 4366 1629 4441 sanguinem
1671 4364 1877 4421 effundi
1902 4365 1955 4418 in
1979 4364 2154 4419 sacri-

596 4460 713 4514 ticia
766 4458 1177 4531 [sacriﬁcabant
1206 4458 1409 4529 quippe
1437 4457 1695 4527 proprios
1729 4455 1893 4520 filios,
1928 4463 1985 4509 et
2018 4454 2157 4511 ﬁlias

592 4550 899 4623 daemoniis]
924 4571 937 4607 :
971 4551 1218 4620 quinimo
1244 4553 1311 4606 de
1332 4549 1725 4607 eﬂ’undentium
1756 4549 2007 4602 manibus
2031 4561 2156 4601 sau-

592 4641 808 4709 gninem
840 4643 988 4695 illum
1022 4624 1340 4708 exquisivit,
1382 4655 1545 4710 quem
1575 4640 1676 4709 ipsi
1703 4654 1813 4693 non
1862 4639 2154 4706 imposue-

2260 3357 2550 3425 ἐναλλαγαί
2571 3372 2584 3386 ο
2616 3356 2725 3409 οἵτε
2760 3356 2867 3425 γὰρ
2899 3354 3110 3425 πὸρῤω,
3165 3351 3458 3420 γεγόνασιν
3510 3346 3710 3413 ἐγγύς·
3745 3341 3844 3393 καὶ

2260 3448 2310 3499 οἱ
2340 3449 2397 3499 ἐν
2424 3447 2501 3515 τῷ
2535 3447 2717 3499 σκότει
2762 3446 2861 3512 τῆς
2897 3444 3128 3513 πλάνης,
3185 3442 3242 3497 ἐν
3266 3439 3346 3508 τῷ
3392 3437 3535 3505 φωτὶ
3568 3434 3666 3503 τῆς
3706 3431 3846 3500 ἀλη-

2263 3536 2441 3599 θείαςο
2471 3537 2565 3587 καὶ
2593 3534 2643 3586 οἱ
2673 3536 2731 3587 ἐν
2755 3533 2914 3605 λήθῃ,
2941 3534 2997 3585 ἐν
3033 3532 3250 3601 μνήμῃ·
3284 3526 3377 3581 xal.
3404 3527 3454 3579 oi
3489 3519 3847 3593 ἀπερριμμέ-

2263 3643 2368 3692 νοι,
2413 3625 2905 3696 προσειλημμένον
2948 3624 3042 3678 καὶ
3070 3625 3097 3677 ὁ
3147 3620 3301 3686 em,
3338 3618 3654 3687 ἄνθρωπος’
3686 3614 3787 3666 καὶ
3814 3611 3845 3665 δ

2267 3719 2363 3771 ἄνθ
2375 3735 2577 3787 ρωπος,
2612 3718 2766 3780 Θεός.

2506 3810 2759 3880 Densqne
2818 3812 3017 3873 homo,
3082 3817 3137 3861 et
3202 3808 3364 3860 homo
3426 3802 3569 3858 Deus
3659 3798 3841 3853 factus

2336 3994 2467 4046 "Ott
2504 3995 2537 4046 ὁ
2592 3989 2852 4056 ἐκζητῶν
2898 3990 2969 4043 τὰ
3013 3990 3249 4057 αἵματα,
3302 3983 3503 4038 αὐτῶν
3538 3978 3838 4048 ἐμνήσθη.

2261 4083 2448 4138 Ταῦτα
2478 4082 2537 4136 δὲ
2575 4080 2949 4150 ᾠκονόμησεν,
2981 4076 3172 4146 ἐπειδὴ
3202 4074 3451 4145 ἐμνήσθη
3479 4068 3682 4132 αὐτῶν,
3713 4068 3843 4120 ἐπι-

2259 4176 2607 4248 λελησμένων
2638 4175 2765 4245 πρὶν
2812 4173 2901 4227 διὰ
2930 4174 3028 4243 τὴν
3069 4169 3348 4231 ἀπιστίαν.
3398 4168 3427 4220 δ
3462 4166 3537 4237 μὴ
3576 4161 3840 4235 παρορῶν

2259 4270 2327 4323 τὰ
2344 4271 2421 4332 εἰς
2450 4267 2644 4321 θυσίαν
2671 4264 2970 4336 ἐκχεόμενα
2990 4264 3217 4334 αἵματα,
3242 4260 3423 4332 ζητῶν
3444 4259 3618 4313 ταῦτα
3638 4258 3703 4309 ἐκ
3725 4255 3841 4307 τῶν

2266 4360 2465 4430 χειρῶν
2489 4358 2600 4411 τῶν
2631 4356 2951 4428 ἐκχεόντων,
3004 4357 3039 4411 ἃ
3071 4356 3170 4409 οὐκ
3196 4353 3475 4408 ἐνέϐαλον.
3504 4349 3707 4419 Δῖματι
3742 4346 3841 4400 καὶ

2264 4452 2364 4521 τὴν
2412 4450 2690 4518 ἐκδίκησιν
2727 4448 2969 4502 διδάσκει
3021 4446 3130 4500 τῶν
3160 4443 3582 4513 ὰλληλοφονιῶν,
3620 4438 3686 4501 ἃς
3732 4436 3841 4490 ὑπὸ

2263 4546 2373 4599 τῶν
2425 4544 2695 4615 δαιμόνων
2741 4543 3083 4613 κελευόμενοι
3136 4540 3543 4613 διεπράττοντο,
3580 4536 3656 4598 ὡς
3685 4529 3835 4587 εἶναι

2264 4639 2441 4707 δῆλον,
2474 4639 2556 4691 ὅτι
2584 4640 2692 4700 πᾶς
2737 4624 2930 4704 φονεὺς
2970 4636 3124 4700 δίκας
3180 4631 3665 4704 εἷσπραχθήσεται.
3696 4625 3841 4695 {nisi

594 4742 737 4787 rant.
787 4728 883 4785 Vel
937 4732 1202 4787 ultionem
1273 4709 1482 4785 indicat
1532 4738 1844 4783 mutuarum
1909 4729 2153 4794 caedium,

2264 4727 2375 4798 γὰρ
2418 4729 2476 4780 ἐν
2500 4730 2568 4797 τῇ
2598 4726 2766 4797 βίϐλῳ
2793 4728 2894 4797 τῆς
2921 4726 3193 4787 Γενέσεως
3211 4740 3226 4754 ·
3267 4723 3339 4778 Τὸ
3368 4709 3704 4791 αῖμιίὺμῶν
3735 4716 3838 4771 ἐκ·

595 4820 732 4887 quas
766 4823 924 4892 jussu
980 4811 1286 4878 damonum
1340 4822 1632 4885 faciebant,
1697 4829 1759 4874 ut
1801 4819 2152 4873 manifestum

2266 4815 2517 4887 ζητήσω.

594 4919 707 4981 ﬁat,
751 4920 894 4988 quod
926 4922 1104 4975 omnis
1142 4918 1413 4975 homicida
1440 4917 1821 4988 luet‘paznas;
1878 4924 1937 4970 ut
1978 4915 2142 4970 etiam
2183 4913 2237 4968 in
2257 4913 2454 4970 Genesi
2478 4914 2749 4985 legimus:
2800 4911 3123 4984 Sanguinem
3140 4910 3275 4965 enim
3333 4917 3586 4971 vestrum,
3638 4905 3837 4975 inquit:

592 5016 865 5085 exquiram
899 5014 967 5070 “.

672 5108 796 5163 Non
828 5116 907 5163 est
958 5109 1148 5163 oblitus
1198 5111 1483 5165 clamorem
1536 5125 1847 5179 pauperum.
1904 5104 2152 5163 Humana

600 5200 801 5253 ctenim
840 5210 1036 5255 natura
1064 5202 1550 5258 subinvisibilium
1604 5205 1910 5258 daemonum
1963 5210 2153 5269 tyran-

597 5288 726 5343 nide
758 5289 997 5354 detenta,
1047 5290 1287 5346 clamare
1320 5292 1725 5362 quodammodo
1772 5290 2061 5347 videbatur
2088 5290 2153 5344 ad

594 5380 931 5445 Creatorem,
958 5384 1028 5437 ob
1048 5396 1268 5459 causam
1289 5391 1452 5439 tantm
1472 5384 1797 5440 calamitatis
1821 5394 1875 5438 et
1903 5382 2157 5437 miseriae.

596 5468 694 5525 Vel
725 5471 857 5526 illud
910 5471 1161 5529 fortassis
1213 5475 1528 5543 signiﬁcant
1597 5477 1715 5531 hac
1769 5475 1955 5539 verba,
2008 5475 2155 5544 quod

595 5562 875 5630 propheta
909 5563 1063 5631 olim,
1093 5565 1292 5621 divina:
1323 5566 1723 5625 incarnationis
1752 5566 2152 5637 prospicientes

596 5654 941 5735 mysterium,
974 5657 1301 5723 clamabant,
1334 5660 1731 5717 incarnandum
1759 5657 1928 5715 Deum
1965 5658 2020 5713 in
2048 5658 2149 5713 hu-

651 5832 695 5863 "
725 5826 857 5886 Ceu.
881 5848 958 5900 ιι,
991 5835 1043 5887 ti.
1076 5892 1081 5895 _

2337 5082 2454 5156 Uini
2483 5100 2809 5155 ἐπελάϐετό
2840 5099 2950 5168 τῆς
2972 5096 3239 5168 κραυγῆς
3262 5095 3381 5149 τῶν
3400 5092 3694 5162 πενήτων.
3723 5093 3836 5146 Τυ-

2265 5198 2596 5271 ραννουμένη
2632 5196 2740 5266 γάρ
2794 5197 2827 5264 η
2870 5193 3032 5261 φύσις
3060 5189 3169 5244 τῶν
3217 5188 3523 5259 ἀνθρώπων
3562 5186 3666 5239 ὑπὸ
3721 5186 3834 5239 τῶν

2262 5293 2510 5363 ἀοράτων
2564 5288 2796 5359 ἐχθρῶν,
2845 5286 3021 5339 ἐδόκει
3077 5285 3205 5355 βοᾷν
3254 5281 3403 5363 πρὸς.
3438 5280 3529 5332 τὸν
3562 5277 3834 5346 πλάστην.

2262 5384 2565 5455 γενομένης
2588 5380 2726 5448 αὐτῇ
2755 5376 3003 5447 κραυγῆς
3029 5376 3127 5446 τῆς
3146 5371 3415 5443 τοσαύτης
3430 5367 3828 5438 ταλαιπωρίας.

2265 5473 2333 5529 Ἦ
2368 5470 2633 5528 καὶτοῦτο
2658 5468 2907 5541 βούλεται
2932 5467 3110 5535 λέγειν
3135 5482 3150 5496 °
3191 5464 3267 5529 ὡς
3294 5464 3344 5518 oi
3367 5463 3640 5536 προφῆται
3665 5457 3831 5512 πάλιν

2262 5567 2324 5621 τὸ
2354 5568 2453 5637 τῆς
2493 5564 2643 5626 θείας
2672 5559 3133 5632 ἐνανθρωπήσεως
3158 5548 3477 5629 κατᾴδοντες
3504 5550 3829 5625 μυστήριον,

2260 5637 2517 5731 ἔκραζον,
2549 5652 2840 5716 καλοῦντες
2859 5651 2950 5705 τὸν
2975 5649 3464 5723 σαρκωθησόμενον
3494 5647 3573 5711 εἰς
3602 5641 3834 5721 ἀντίλη-
