4082 6326
221 418 301 481 153
1327 415 1716 486 COMMENT.
1763 428 1842 487 IN
1879 430 2244 489 PSALIllOS.

3302 434 3398 500 151

215 535 605 606 γλαφυρώτερον
645 540 859 593 εἰπεῖν’
920 542 1056 610 πρὸς
1105 543 1203 611 μὲν
1243 544 1312 594 τὸ
1369 544 1489 597 κατ’
1535 537 1732 614 εἰκόνα,

1841 553 2205 606 ascribebant.
2237 551 2334 606 Exi
2375 553 2653 621 itaquetu,
2689 554 2852 621 Deus,
2892 557 3086 624 inquit,
3113 565 3163 609 et
3189 564 3394 608 tan'am

211 629 316 691 θεός
342 630 484 682 ἐστιν
506 630 798 702 ἄνθρωπος
817 635 1005 710 ’.πρὸς
1037 636 1095 688 δὲ
1128 635 1196 689 τὰ
1225 636 1403 705 γεώδη
1435 638 1607 707 πάθη,
1640 641 1736 694 ἄν·

209 720 416 789 θρωπος.
454 721 671 775 Τούτων
709 723 801 776 οῦν
826 726 1268 797 ἐπικρατούντων
1302 728 1358 779 ἐν
1393 727 1733 798 ἀνθρώποις,

203 811 482 880 ἀναστῆναι
515 813 611 865 τοῦ
643 813 873 869 θανάτου
897 817 1203 884 παρακαλεῖ
1230 818 1321 872 τὸν
1349 820 1606 888 Χριστὸν,
1660 822 1740 874 δι-

201 899 408 966 δάξαντα
429 901 517 955 διὰ
548 904 660 956 τῶν
685 905 1027 970 ἀποστόλων,
1059 907 1135 978 μὴ
1189 910 1618 980 κατεπαίρεσθαι
1669 911 1738 964 τὰ

203 993 334 1061 πάθη
383 994 480 1062 τῆς
525 994 724 1066 ψυχῆς,
773 997 906 1067 μηδὲ
975 999 1068 1052 τὸν
1116 999 1243 1069 χοῦν
1292 1001 1386 1053 τοῦ
1434 1000 1569 1063 νοός.
1627 1001 1739 1054 Καὶ

201 1085 355 1149 ἄλλως
411 1087 466 1141 δέ
501 1104 516 1122 ο
564 1090 702 1158 μετὰ
751 1092 848 1159 τὴν
911 1092 1210 1147 ἀνάστασιν
1231 1095 1326 1147 τοῦ
1382 1093 1738 1164 κηρύγματος

203 1175 521 1240 ἁπλωθὲντος
563 1181 643 1242 εἰς
667 1180 770 1249 τὴν
812 1181 1162 1253 οἰκουμένην,
1215 1185 1271 1236 αἱ
1323 1183 1442 1237 κατ’
1495 1182 1737 1252 ἀλλήλων

202 1267 576 1331 ἐπαναστάσεις
597 1269 708 1323 τῶν
738 1271 945 1324 πόλεων
972 1273 1291 1343 ἐπαύθησαν

1842 655 2031 694 eorum
2071 641 2423 693 elevationem
2452 656 2762 710 compesce.
2799 644 2928 696 lilud
2958 645 3118 696 etiam
3158 643 3264 694 dici
3301 659 3396 710 pu-

1843 739 1948 785 test
1975 729 2118 800 quod
2141 746 2204 785 ea
2230 733 2460 794 ratione,
2487 748 2592 800 qua
2644 736 2710 786 ad
2750 735 3038 803 imaginem
3097 743 3151 786 ct
3206 732 3398 786 sit‘uili-

1844 821 2086 876 tudinem
2119 821 2206 876 Dei
2249 812 2436 876 homo,
2467 822 2639 877 factus
2697 832 2800 885 est,
2872 823 3010 877 Dens
3046 824 3245 875 dit-itur
3285 839 3298 874 :
3335 837 3397 874 ea
3505 819 3510 826 ’

1839 927 1968 967 vero
1999 929 2103 982 qua
2138 914 2366 967 terrenis
2399 912 2683 968 affectibus
2715 929 2778 967 ac
2805 915 3152 982 passiouibus
3191 897 3399 967 detine-

1843 1009 1953 1063 tur,
1990 1000 2149 1054 homo
2174 1001 2366 1054 merito
2391 1002 2711 1070 appellatur.
2745 1001 2882 1054 Cum
2914 1003 3093 1068 itaque
3151 1001 3231 1053 lite
3275 1017 3400 1068 pas-

1837 1091 2019 1144 siones
2051 1092 2105 1143 in
2148 1090 2458 1146 hominibus
2502 1093 2874 1159 praevalerent,
2939 1091 3189 1144 hortatur
3229 1091 3394 1143 Deum

1836 1180 2104 1249 PrOpheta
2138 1188 2195 1234 ut
2218 1189 2472 1250 exsurgat
2503 1197 2531 1234 a
2560 1189 2752 1245 morte,
2807 1189 2862 1235 et
2922 1189 2980 1234 ut
3043 1197 3137 1248 per
3177 1189 3395 1236 sanctos

1837 1272 2114 1340 apostolos
2145 1272 2336 1326 doceat
2370 1272 2643 1340 quomodo
2661 1272 2943 1341 passiones
2967 1289 3127 1340 supra
3160 1274 3394 1326 animam

203 1373 253 1414 se
269 1362 516 1416 extollere
550 1377 657 1416 non
691 1365 906 1428 debent,
937 1382 1113 1433 neque
1147 1367 1324 1435 pulvis
1357 1382 1524 1436 supra
1575 1365 1936 1420 intellectum.
1975 1364 2066 1419 Vel
2103 1367 2264 1420 aliter
2326 1375 2446 1435 post
2517 1366 2970 1420 resurrectionem
3037 1364 3248 1417 Domini
3314 1363 3396 1415 di-

204 1452 392 1521 volgato
421 1453 716 1524 Evangelia
778 1457 833 1513 in
892 1460 1206 1514 universum
1257 1461 1466 1528 orbem,
1526 1471 1726 1515 mutua:
1766 1460 1867 1515 illae
1905 1460 2146 1530 gentium
2194 1459 2618 1516 insurrectiones
2658 1467 2821 1543 atque
2874 1459 3176 1513 insolentiae
3241 1458 3394 1526 quie—

205 1554 390 1596 verunt.

260 1638 626 1706 Κριθήτωσαν
651 1641 795 1708 ἔθνη
835 1643 1090 1698 ἐνώπιόν
1115 1659 1252 1700 σου.
1289 1647 1433 1698 Ἀντὶ
1457 1646 1572 1711 τοῦ,
1611 1648 1722 1716 Τῆς

207 1733 286 1798 σῆς
334 1733 630 1801 ἐπισκοπῆς
660 1733 1067 1804 ἀξιωθήτωσαν.
1110 1738 1167 1791 ’0
1202 1739 1400 1809 κρίνων
1463 1743 1568 1811 γὰρ
1621 1745 1722 1811 ὁρᾷ

203 1819 278 1871 τδν
315 1822 646 1890 κρινόμενον.
707 1827 900 1894 Κρίσιν
930 1827 985 1878 δὲ
1019 1829 1115 1896 τὴν
1144 1831 1280 1882 κατὰ
1331 1831 1422 1884 τοῦ
1476 1832 1719 1884 διαϐόλου

1904 1642 2220 1698 Judicentur
2251 1649 2422 1709 gentes
2454 1641 2508 1693 in
2535 1632 2815 1706 conspectu
2853 1647 2962 1690 tuo.
3009 1637 3120 1689 Hoc
3152 1645 3233 1691 est
3267 1653 3390 1706 pro-

1832 1735 2064 1789 tet-tione
2097 1741 2149 1784 et
2179 1731 2427 1798 custodia
2467 1738 2555 1783 tua
2587 1730 2764 1799 dignae
2798 1729 3119 1782 cliieiantur.
3143 1726 3274 1781 Nam
3297 1729 3388 1797 qui

1824 1821 2130 1906 judicatad
2167 1819 2412 1887 eumqui
2458 1817 2736 1887 iudicatur
2787 1819 3029 1886 aspicere
3087 1818 3240 1871 solet.
3289 1817 3389 1870 Ju-

204 1912 384 1980 νόησον,
409 1908 611 1982 περὶῆς
637 1916 727 1966 καὶ
760 1916 847 1967 διὰ
881 1918 1098 1970 Ἡσαΐου
1127 1922 1290 1988 φησὶν
1315 1925 1342 1976 ό
1371 1923 1498 1983 Θεός
1523 1939 1538 1954 ·
1575 1923 1717 1977 Ἰδοὺ

1832 1913 2035 1966 dicinm
2078 1925 2206 1963 vero
2240 1911 2370 1964 illud
2407 1909 2645 1978 intelligo
2674 1908 2818 1977 quod
2865 1918 3049 1961 contra
3081 1909 3384 1962 dmmonem

203 2005 365 2070 ὀπαῖς
386 2023 501 2072 μου
529 2007 600 2058 ὃν
627 2008 894 2074 ᾑρέτισα,
929 2013 961 2063 ὁ
1014 2012 1298 2078 ἐκλεκτός
1356 2032 1493 2082 μου,
1538 2019 1629 2078 είς
1663 2016 1732 2067 ὅν

1839 2002 2142 2055 faciendum
2180 2009 2297 2055 erat
2329 2019 2342 2053 :
2376 2001 2442 2054 de
2465 2015 2573 2069 quo
2625 2015 2718 2068 per
2775 2000 2963 2053 Isaiam
3021 2000 3151 2052 dicit
3204 1999 3384 2054 Deus:

200 2095 513 2160 n-‘d‘dxno'sr
543 2098 581 2162 ἠ
626 2098 793 2166 ψυχή
818 2119 934 2166 μου
957 2116 971 2131 ο
1014 2103 1179 2169 θήσω
1211 2105 1276 2155 τὸ
1340 2103 1582 2172 Πνεῦμὰ
1612 2122 1730 2173 μου

197 2185 274 2238 ἐπ’
297 2187 464 2251 αὐτῷ,
501 2190 596 2242 καὶ
627 2192 828 2258 κρίσιν
853 2193 972 2258 τοῖς
993 2187 1233 2249 ἔθνεσιν
1263 2195 1508 2260 ἐξοίσει.

255 2363 652 2429 Κατὰστησον,
707 2367 903 2433 Κύριε,
949 2367 1278 2435 νομοθέτην
1347 2351 1440 2421 ἐπ’
1481 2371 1721 2434 αὐτούς.

204 2453 443 2506 Ἐνταῦθα
475 2455 566 2506 τὸν
594 2457 828 2524 Χριστὸν
875 2438 1189 2518 αἰνίττεται,
1233 2460 1373 2513 κατὰ
1422 2461 1516 2514 τόο
1583 2462 1726 2529 Ἐγὼ

195 2543 538 2609 κατεστάθην
563 2546 862 2611 βασιλεὺς
891 2547 991 2601 ὑπ’
1027 2548 1213 2602 αὐτοῦ
1237 2567 1250 2582 ο
1288 2551 1409 2602 νέον
1456 2550 1565 2617 γὰρ
1599 2551 1726 2603 ἔδω-

194 2647 274 2684 κεν
297 2617 470 2701 νόμον,
503 2635 592 2687 τὸν
624 2636 716 2688 τοῦ
745 2637 1099 2704 Εὐαγγελίου.

248 2807 565 2863 Γνὼτωσαν
625 2810 768 2877 ἔθνη
823 2811 911 2864 ὅτι
988 2814 1287 2880 ἄνθρωποί
1339 2817 1515 2870 είσιν.
1591 2815 1718 2883 ’0ψέ

191 2913 300 2950 ποτε
353 2901 696 2967 μαθέτωσαν,
761 2902 834 2965 ὼς
863 2902 1138 2974 ἄνθρωποι
1195 2907 1313 2976 ζῇν,
1364 2906 1459 2959 καὶ
1503 2905 1578 2968 ὡς
1642 2905 1716 2973 μὴ

189 2986 348 3056 θηρέα.

1837 2092 1970 2146 Ecce
2009 2107 2134 2159 puer
2165 2108 2308 2145 meus
2337 2107 2486 2160 quem
2539 2091 2923 2160 elegi,.electus
2984 2105 3125 2142 metu
3185 2090 3236 2140 in
3285 2105 3385 2156 quo

1833 2201 1962 2242 com;
1986 2183 2148 2236 Iacuit
2181 2184 2356 2235 anima
2379 2200 2509 2248 mea,
2533 2198 2724 2250 ponam
2765 2181 3018 2246 Spiritum
3043 2197 3209 2234 meum
3236 2196 3390 2248 super

1829 2270 1961 2330 eum~
1979 2283 2026 2327 et
2049 2274 2305 2343 judicium
2336 2273 2516 2338 aﬁ'eret
2542 2272 2776 2341 gentibus
2810 2271 2876 2325 “.

1902 2365 2066 2417 Vens.
2095 2364 2184 2416 2|.
2220 2362 2511 2424 Constittte,
2548 2361 2785 2427 Domine,
2818 2361 3171 2428 legislatorem
3224 2378 3382 2423 super

1821 2473 1928 2512 eos.
1957 2455 2056 2508 Per
2083 2454 2441 2522 legislaturem
2475 2453 2561 2516 hic.
2584 2452 2860 2520 Christum
2901 2452 3172 2520 intelligit,
3216 2452 3373 2520 juxta

1821 2546 1950 2600 illud
1983 2562 1995 2598 :
2038 2543 2145 2611 Ego
2177 2551 2348 2594 autem
2374 2542 2689 2594 constitutus
2715 2558 2828 2594 sum
2861 2540 2972 2594 Rex
3021 2543 3086 2593 ob
3143 2531 3222 2597 eo.
3279 2540 3372 2607 qui

1820 2635 2097 2704 legislator
2126 2649 2318 2687 novam
2343 2634 2420 2687 eis
2456 2634 2624 2700 legem
2663 2633 2832 2684 tulit‘:
2881 2640 3126 2684 sanetum
3158 2631 3366 2684 scilicet

1820 2725 2194 2792 Evangelium.

1850 2796 1854 2802 ’
1894 2812 2220 2880 Cognoscant
2241 2822 2410 2882 gentes
2440 2811 2574 2881 quod
2592 2813 2820 2865 homines
2849 2822 2989 2864 sunt.
3023 2812 3155 2866 Sero
3186 2811 3378 2864 saltem

1824 2903 2114 2970 aliquando
2141 2904 2426 2956 addisrant
2462 2906 2640 2958 vivere
2682 2914 2737 2956 ut
2781 2904 3052 2967 homines,
3083 2914 3132 2956 et
3174 2917 3276 2955 non
3320 2909 3381 2955 ut

1824 2992 1970 3047 ferat.
2000 2992 2118 3063 [Vel
2151 2994 2304 3047 aliter
2341 3013 2353 3046 :
2387 2993 2713 3057 Doceantur,
2738 2994 2938 3061 inquit,
2995 2993 3136 3060 quod
3185 3007 3378 3044 corru-

186 3084 375 3152 ptibiles
401 3092 546 3151 sunt,
607 3085 859 3155 quodque
916 3086 1072 3156 longe
1126 3097 1256 3142 sunt
1317 3105 1348 3143 υ
1390 3089 1533 3144 diis:
1595 3102 1714 3158 qua:
1752 3089 1972 3158 prepria
2003 3103 2097 3142 eos
2122 3088 2375 3157 gloriatio
2405 3103 2468 3142 ac
2502 3089 2759 3154 superbia
2798 3087 2864 3140 de
2927 3088 3123 3154 seipsis
3188 3087 3378 3140 suadet

187 3176 419 3228 coaitare.

274 3176 419 3228 itare.

215 3189 353 3322 οἕινιι
382 3173 458 3330 tl],
509 3269 706 3335 Κύριε,
725 3268 1070 3338 ἀφέστηκας
1115 3275 1460 3342 μακρόθεν;
1507 3272 1718 3326 Ἐντεῦο

1747 3277 1788 3336 C.
1891 3269 2086 3324 PSAL.
2119 3268 2163 3320 Χ
2195 3267 2419 3322 JUXTA
2459 3266 2826 3322 HEBRZEOS.
2863 3266 3024 3321 Vens.
3057 3269 3105 3320 1.
3155 3267 3373 3336 thnirf,

185 3352 263 3407 θεν
284 3358 357 3419 εἰς
383 3358 509 3420 τοὺς
556 3360 680 3427 περὶ
735 3362 993 3429 προνοίας
1033 3362 1304 3416 εἰσϐάλλει
1344 3363 1554 3430 λόγους,
1599 3363 1709 3415 τῶν

1820 3361 2052 3417 Domine.
2086 3360 2347 3412 recessisti
2376 3360 2522 3426 longe
2554 3361 2578 3412 ἶ)
2608 3357 2802 3425 Incipit
2829 3367 3064 3411 tractare
3096 3357 3160 3412 de
3189 3358 3370 3412 divina

184 3447 410 3515 πονηρῶν
441 3447 544 3518 μὲν
562 3448 998 3519 εὐημερούντων,
1026 3453 1479 3523 δυσπραγοῦντων
1517 3453 1575 3506 δὲ
1602 3454 1711 3507 τῶν

185 3536 379 3601 ἀγαθῶν
406 3553 420 3566 ·
451 3539 548 3590 καὶ
573 3539 853 3608 προσώπῳ
877 3541 982 3593 τῶν
1005 3542 1333 3612 θλιϐομένων
1363 3547 1596 3597 ποιεῖται
1615 3544 1711 3614 τὴν

174 3623 540 3694 δικαιολογίαν.
580 3629 756 3694 Διατί,
778 3632 962 3697 φησιν,
998 3633 1214 3701 ἀφῆκας
1243 3635 1367 3694 τοὺς
1389 3633 1709 3703 ἀνθρώπους

181 3715 242 3776 ὡς
276 3715 422 3785 ἔτυχε
466 3717 769 3788 φέρεσθαις
819 3721 883 3772 ἐκ
920 3724 1232 3792 μεταφορᾶς
1273 3723 1381 3775 τῶν
1423 3722 1703 3793 πόρρωθεν

183 3806 476 3874 ἱσταμένων,
509 3808 602 3860 καὶ
628 3808 998 3878 ἀμελούντων.

1817 3450 2156 3506 Providentia
2192 3468 2204 3503 :
2241 3465 2302 3502 ac
2320 3431 2480 3503 veluti
2506 3465 2791 3518 pravorum
2814 3449 3091 3502 hominum
3115 3465 3200 3502 res
3236 3451 3372 3518 bepe

1817 3558 1881 3598 ac
1905 3541 2134 3597 feliciter
2160 3542 2530 3602 succederent,
2549 3549 2734 3593 contra
2761 3549 2963 3602 autem,
2992 3540 3124 3605 justi
3158 3555 3218 3592 ac
3243 3541 3372 3594 boui

1815 3632 1914 3683 viri
1949 3629 2238 3683 infeliciter
2279 3629 2558 3698 degerent,
2609 3643 2674 3682 ex
2731 3644 2956 3696 persona
3007 3629 3278 3696 justozum
3317 3629 3370 3681 in

1817 3719 2196 3774 afﬂictionibus
2241 3719 2612 3772 exsistentium
2677 3733 2978 3771 sermonem
3047 3717 3224 3772 facit:
3311 3705 3368 3772 ei

1821 3799 2092 3864 rationem
2149 3805 2550 3875 quodammodo
2620 3807 2854 3874 exquirit
2887 3821 2915 3857 a
2946 3807 3079 3868 Deo,
3133 3806 3368 3861 dicens:

181 3892 338 3956 Quare
375 3896 648 3964 permittis
680 3897 929 3952 homines
959 3909 1160 3954 temere
1201 3915 1266 3955 ac
1319 3916 1445 3956 casu
1473 3900 1599 3956 ferri
1627 3913 1738 3969 quo
1775 3913 1895 3954 sors
1918 3898 2090 3965 jubet.
2123 3909 2221 3949 11εο
2249 3894 2410 3948 “nam
2439 3909 2624 3948 eorum
2657 3910 2840 3973 ευγίιιιι
2883 3897 3050 3951 habes
3088 3897 3277 3967 ἳίιυοά
3302 3915 3367 3954 οι

180 3988 465 4056 metaphora
504 3989 720 4043 illorum
761 4000 1037 4060 sumptum
1063 4004 1166 4060 est,
1192 3996 1283 4064 qui
1311 3996 1500 4065 procul
1534 3994 1808 4058 abierunt,
1847 4001 1902 4046 et
1925 3990 2240 4044 relictorum
2278 3985 2479 4042 nullam
2496 4004 2681 4043 curam
2719 3989 2944 4044 habent.

245 4079 551 4149 ’Υπερορᾷς
588 4081 659 4134 ἐν
689 4085 1016 4151 εὐκαιρίαις
1043 4087 1112 4139 ἐν
1133 4089 1419 4154 θλίψεσιν
1436 4105 1454 4152 ;
1505 4087 1704 4157 ’Υπερ-

1873 4083 2111 4151 Despicis
2143 4083 2196 4135 in
2219 4083 2656 4150 prosperitatibus
2683 4083 2735 4134 in
2763 4082 3098 4136 tribulatione
3127 4083 3153 4135 7
3179 4083 3366 4153 Despi-

179 4169 442 4238 ορᾷνὲστι,
484 4170 545 4222 τὸ
572 4173 988 4240 προσποιεῖσθαι
1035 4174 1109 4242 μὴ
1170 4177 1326 4244 όρᾷν,
1393 4175 1536 4228 ἀλλὰ
1580 4178 1704 4238 τοὺς

1820 4187 1924 4228 :ere
1960 4181 2043 4226 est
2072 4171 2442 4230 dissimulare,
2473 4185 2578 4225 non
2614 4171 2899 4232 videre,ac
2929 4173 3084 4240 quasi
3111 4173 3362 4227 deorsum

180 4257 455 4328 ὀφθαλμοὺς
481 4258 661 4328 αἴρειν
699 4260 838 4330 ὑπὲρ
861 4261 920 4313 τὸ
945 4262 1241 4331 ὁρώμενον.
1276 4265 1398 4318 Ἵνα
1433 4265 1702 4330 τίτοίνυν,

179 4348 312 4416 φησι,
343 4348 553 4418 παρὼν,
584 4349 885 4416 ἀφεστάναι
931 4351 1104 4416 δοκεῖς
1154 4354 1240 4408 διὰ
1292 4354 1390 4424 τὴν
1432 4357 1706 4424 μακροθυ-

179 4439 690 4520 μίανηιαιβλέπων
740 4442 979 4507 ἅπαντα,
1028 4449 1295 4516 προσποιῇ
1349 4447 1424 4516 μὴ
1464 4446 1701 4514 βλέπειν,

1802 4262 2071 4331 aspicere,
2117 4271 2305 4315 etnon
2345 4261 2408 4313 ad
2434 4274 2545 4312 rem
2595 4259 2765 4318 illam,
2828 4274 2948 4326 qua:
2994 4269 3119 4313 ante
3175 4263 3364 4316 oculos

1806 4353 1980 4422 posita
2013 4358 2115 4404 est.
2166 4349 2308 4414 Quid
2365 4349 2556 4418 igitur,
2608 4350 2802 4417 inquit,
2841 4358 2912 4402 tn'
2959 4351 3052 4418 qui
3106 4351 3362 4408 omnibus

1811 4455 2050 4510 praesens
2076 4455 2135 4495 es
2167 4447 2316 4493 tanta
2371 4449 2461 4493 tua
2525 4440 2938 4506 longanimitate
2990 4455 3054 4494 ac
3099 4443 3358 4510 patientia

177 4523 248 4577 διὰ
273 4527 328 4578 τὸ
358 4527 430 4597 μὴ
456 4529 755 4598 ἐπαμύνειν
785 4533 896 4594 τοῖς
939 4530 1245 4600 πράγμασι,
1291 4534 1382 4585 καὶΙ
1425 4533 1615 4588 ταῦτα-
1645 4535 1702 4587 ἐν

1820 4531 2001 4586 abesse
2031 4530 2252 4592 videris,
2313 4537 2369 4583 et
2429 4543 2551 4583 cum
2611 4528 2794 4582 omnia
2850 4531 3056 4594 videas,
3133 4531 3360 4586 simulas

177 4619 361 4684 καιροῑς
383 4617 652 4681 δεομένοις
676 4619 776 4686 τῆς
803 4620 899 4687 σῆς
938 4622 1262 4690 ἐπισκοπῆς,
1309 4621 1475 4690 ἧγουν
1508 4623 1567 4674 ἑν
1593 4622 1704 4674 θλί-

174 4700 281 4769 ψεσι
305 4707 409 4758 τῶν
433 4707 618 4770 κακῶς
657 4707 971 4776 πασχόντων
1000 4727 1016 4775 ;
1043 4710 1225 4763 Ταῦτα
1247 4710 1302 4764 δὲ
1330 4711 1478 4779 λέγει
1513 4701 1694 4782 παρα·-

1805 4637 1911 4675 non
1939 4622 2142 4683 videre,
2177 4628 2236 4673 ut
2259 4620 2417 4673 rebus
2447 4620 2652 4675 nostris
2685 4621 2946 4674 auxilium
2985 4637 3090 4674 nou
3161 4621 3303 4679 feras
3330 4662 3347 4687 ,

1802 4719 1965 4780 atque
2001 4712 2103 4764 hoc
2137 4725 2201 4764 eo
2233 4711 2575 4778 potissimum
2610 4718 2876 4778 tempore,
2920 4711 3136 4780 quando
3177 4721 3360 4781 proto-
3425 4715 3440 4729 '

177 4787 354 4852 καλῶν,
382 4790 481 4842 οὐκ
505 4791 779 4859 ἐγκαλῶν.
806 4788 916 4848 Εῐδ⁹
957 4795 1024 4848 ἃν
1051 4798 1079 4848 ὁ
1104 4796 1236 4859 Θεὸς
1269 4797 1403 4867 πρὸς
1430 4799 1600 4852 ταῦτα
1634 4801 1698 4853 τὸ

1820 4803 1985 4855 :tione
2015 4811 2105 4853 tua
2147 4799 2488 4867 potissimum
2538 4799 2868 4868 indigemus,

2950 4814 3096 4852 nunc
3144 4801 3356 4856 scilicet

176 4878 532 4949 γεγραμμένον
551 4899 565 4912 ·
592 4885 664 4936 AI
692 4884 964 4952 ἁμαρτίαι
997 4884 1162 4954 ὑμῶν
1183 4885 1454 4940 διιστῶσι
1470 4888 1696 4955 μεταξὺ

1820 4907 1920 4946 tum
1945 4890 1998 4944 in
2023 4889 2464 4943 tribulationibus
2489 4889 2770 4942 constituti
2796 4889 3011 4942 smnus?
3033 4887 3154 4942 Haec
3173 4886 3350 4944 autem

175 4964 300 5033 ἐμοῦ
323 4972 416 5024 καὶ
453 4971 643 5040 ὑμῶν.

1800 4997 1905 5036 non
1933 4980 2200 5037 accusans
2237 4971 2330 5034 aut
2388 4982 2615 5049 culpans
2663 4981 2831 5035 Deum
2893 4979 3191 5050 Pmpheta,
3255 4982 3349 5036 sed

175 5071 348 5127 rogans
373 5063 571 5116 dicitet
592 5061 905 5118 exhortans.
937 5063 1069 5120 Nam
1093 5068 1332 5138 alioquin
1358 5069 1690 5138 respondere
1727 5069 1776 5124 ei
1844 5071 1988 5126 Deus
2024 5073 2314 5140 potuisset,
2366 5070 2422 5124 id
2489 5070 2633 5140 quod
2701 5071 2827 5124 alibi
2909 5078 3167 5141 scriptum
3221 5081 3348 5128 est:

175 5146 370 5205 Peccata
397 5165 569 5208 ucstra
595 5155 834 5208 dividunt
864 5160 1106 5240 inter_me
1131 5171 1179 5213 et
1211 5177 1319 5215 ros.

244 5243 336 5297 ἐν
362 5242 442 5308 τῷ
469 5246 1017 5316 ὑπερηφανεύεσθαι
1069 5253 1174 5306 τὸν
1201 5255 1413 5324 ἀσεϐῆ,
1453 5258 1694 5326 ἐμπυρί-
1735 5308 1742 5314 .

176 5327 304 5418 ζεται
331 5337 362 5388 ό
385 5338 757 5404 πτωχός.Τοῦ
789 5340 1038 5406 ἀσεϐοῦς,
1073 5345 1258 5412 φησὶν,
1309 5348 1690 5418 ἐπαιρομένου,

1863 5256 2029 5309 Vens.
2060 5257 2116 5310 2.
2147 5254 2284 5308 Dum
2309 5255 2537 5322 superbit
2559 5255 2772 5321 impius,
2795 5255 3094 5308 incenditur
3123 5271 3344 5325 pauper.

1790 5347 2038 5413 Quando,
2077 5348 2271 5416 inquit,
2296 5348 2494 5415 aliquis
2521 5347 2821 5406 extollitur,
2850 5347 3069 5414 quando
3099 5349 3232 5401 bene
3265 5338 3342 5409 illi

174 5417 248 5474 διὰ
295 5425 353 5477 τὸ
412 5426 723 5482 εὐοδοῦσθαι
784 5430 918 5498 πρὸς
976 5431 1207 5500 ἅπαντα,
1269 5417 1481 5506 βλέπων
1561 5441 1691 5492 πᾶσι

1825 5446 1986 5490 uncta
2018 5436 2339 5506 succedunt,
2401 5445 2531 5488 tunc
2563 5435 2608 5489 si
2645 5433 2768 5502 quis
2837 5434 3070 5488 fidelium
3113 5445 3216 5498 est,
3248 5435 3338 5500 qui

175 5515 508 5598 προσκόπτων
538 5517 786 5584 εὐσεϐὴς,
848 5523 1202 5592 πυρπολείται
1269 5527 1345 5596 τῷ
1399 5529 1544 5598 ζήλῳ
1589 5529 1692 5598 τῆς

1820 5527 2169 5598 requeutibus
2207 5535 2464 5596 urgeatur
2493 5525 2916 5585 calamitatibus,
2955 5526 3000 5578 is
3057 5524 3172 5578 zelo
3199 5541 3340 5592 quo-

175 5593 578 5666 ιὺδοκιμήσεως,
607 5599 720 5656 οἷόν
749 5622 869 5660 τινα
901 5611 1105 5663 καπνὸν
1129 5613 1218 5665 τὸν
1280 5593 1578 5689 στεναγμξν
1605 5593 1691 5672 διὰ

1821 5595 1908 5672 :am
1940 5627 2099 5687 atque
2123 5618 2463 5672 aemulatione
2489 5617 2766 5686 Opinionis
2801 5631 2862 5689 ac
2917 5617 3040 5671 boui
3103 5617 3340 5670 nominis

219 5772 258 5804 ⁹⁶
280 5773 378 5832 lsa.
408 5792 552 5847 mu,
598 5783 681 5838 10.
