4082 6326
197 439 293 502 157

1323 443 1466 502 COM
1480 445 1525 501 Μ
1540 444 1703 503 ΕΝΤ.
1746 445 1823 504 IN
1865 449 1992 507 PSA
2005 454 2224 515 LMOS.

3267 457 3366 524 158
3407 505 3418 532 .·

183 551 270 620 Μὴ
292 545 564 612 δοκοῦνυς
586 549 905 618 βλέπεσθαι,
926 553 1120 623 μαιραὶ
1141 555 1378 622 γίνονται
1407 557 1461 608 αἰ
1493 557 1705 625 πράξεις

1820 574 2073 630 peccator
2098 583 2196 621 sua
2227 569 2394 624 videri
2423 588 2528 626 non
2561 581 2711 640 putat
2734 575 2954 640 delicta,
2990 574 3362 644 perversiores

181 642 271 694 τοῦ
298 640 614 710 ἁμαρτωλοῦ
641 641 734 694 καὶ
764 647 1188 714 μεμολυσμέναι.
1357 709 1362 715 ι

255 730 695 799 Ἄνταναιρεῖται
722 734 793 787 τὰ
822 736 1072 804 κρίματα
1104 751 1219 791 σου
1245 739 1719 808 ἀπὸ⁹προσώπου

178 821 371 877 αὐτοῦ.
408 824 786 892 Ἀφαιροῦνται
833 829 890 880 αἱ
922 829 1131 898 κρίσεις
1167 845 1262 882 σου
1295 829 1402 882 ἀπὸ
1457 831 1549 882 τοῦ
1597 830 1717 891 νοὸς

183 911 341 964 αὑτοῦ
364 929 379 944 ·
412 911 533 977 νοῦς
584 915 692 986 γὰρ
749 916 852 987 ὁρᾷ
878 917 1202 970 ’.τουτέστιν
1235 917 1606 982 ὲκϐἀλλονται,
1642 919 1716 987 μὴ

178 1003 567 1074 ἑνθυμουμένου
598 1006 822 1070 ταύτας,
847 1009 985 1078 μηδὲ
1013 1009 1385 1079 λογιζομένου,
1417 1011 1498 1064 ὄτι
1524 1011 1715 1079 κριτὴς

176 1090 225 1147 εἴ
247 1095 467 1158 δέκαιος,
503 1098 600 1149 καὶ
654 1096 901 1167 ἰσχυρὸς,
951 1101 1048 1154 καλ⁸
1104 1099 1472 1171 μακρόθυμος.
1506 1099 1716 1169 Παρέλ-

175 1200 335 1236 κουσα
355 1183 411 1236 δὲ
437 1186 471 1254 ή
499 1185 633 1241 ἀντὶ
663 1187 918 1263 πρόθεσις
938 1227 953 1252 ,
990 1189 1083 1243 καὶ⁵
1115 1191 1710 1262 καταχρηστικὼτερον,

173 1273 355 1342 ὥσπερ
387 1275 476 1327 ἐπὶ
502 1275 603 1343 τῆς
634 1277 1040 1342 ἀνταποδόσεως
1065 1280 1491 1350 ἡρμηνεύκαμεν
1513 1294 1528 1310 ο
1553 1281 1712 1351 ἤρκει

169 1363 268 1433 γὰρ
299 1365 486 1428 εἰπεῖν,
524 1365 950 1437 ’Δναιρεῖται.Ἣ
974 1369 1065 1422 καὶ
1083 1367 1274 1433 ἄλλως
1293 1370 1596 1438 Ἀναίρεσις
1613 1369 1711 1438 μὲν

171 1454 261 1523 τῆς
287 1456 585 1524 ἁμαρτίας,
615 1459 674 1511 at
703 1459 796 1512 τοῦ
820 1459 953 1513 Θεοῦ
983 1460 1210 1530 κρίσεις,
1239 1461 1305 1525 ἃς
1329 1463 1356 1514 ὁ
1385 1461 1709 1530 ἁμαρτάνων

170 1545 563 1615 ἐνθυμούμενος
620 1548 888 1603 παύεται·
954 1551 1334 1621 ἀνταναίρεσις
1392 1552 1446 1604 δὲ
1505 1552 1708 1604 τούτων

169 1633 333 1699 αὖθις,
369 1635 402 1704 ἡ
431 1636 568 1706 λήθη
605 1638 808 1693 αὐτῶν.

231 1903 470 1959 Πάντων
527 1907 647 1959 τῶν
699 1907 929 1975 ἐχθρῶν
988 1910 1174 1964 αὐτοῦ
1221 1915 1699 1982 κατακυριεύονει.

170 1995 366 2058 Πάντας
391 1998 672 2065 ἀμυνεῖται
702 2000 826 2062 τοὺς
855 1985 1282 2070 ἀνθισταμένους
1308 2005 1480 2073 αὐτῷ,
1499 2005 1583 2057 διὰ
1604 2004 1703 2076 τὴν

165 2084 249 2136 τοῦ
297 2084 427 2138 Θεοῦ
461 2088 847 2159 μακροθυμίαν
898 2092 1392 2164 παραχωρούμενος
1443 2095 1702 2160 πολλάκις

165 2177 304 2245 νικᾷν
333 2177 424 2230 καὶ
447 2179 505 2230 ὲν
531 2182 646 2242 τοῖς
674 2182 952 2250 πολέμοις.

223 2262 399 2322 Εἶπεν
435 2268 547 2338 γὰρ
574 2271 644 2323 ἐν
666 2273 879 2339 καρδίᾳ
911 2275 1098 2329 αὐτοῦ
1120 2289 1136 2306 ·
1179 2278 1260 2330 Οὐ
1282 2275 1370 2346 μὴ
1395 2275 1696 2331 σαλευθῶ.

163 2357 465 2428 Παρᾶμονον
492 2361 707 2429 ὲνόμισε
741 2363 838 2432 τὴν
882 2364 1219 2435 εὐημερίαν·
1263 2368 1584 2438 σαλευθῆναι
1617 2368 1694 2436 δὲ,

163 2447 210 2499 τὸ
225 2451 634 2520 μετατρατιῆναι
663 2452 762 2522 τῆς
795 2454 1095 2525 δυνάμεως.

225 2625 365 2680 Ἀπὸ
390 2627 601 2696 γενεᾶς
627 2632 714 2696 είς
753 2633 966 2700 γενεὰν
1004 2633 1151 2688 ἄνευ
1175 2635 1386 2689 κακοῦ.
1415 2637 1604 2690 Λείπει
1633 2637 1696 2690 τὸ

157 2719 423 2790 ἕσομαι,ῆ
454 2721 806 2791 διαϐήσομαι
830 2725 1115 2796 ’ἐνενόησε
1155 2727 1264 2796 γὰρ
1300 2728 1380 2781 ὃτι
1419 2728 1694 2796 ἀνέπαφος

157 2807 291 2860 ἔσται
320 2809 638 2874 κακώσεως,
695 2812 803 2866 ἀπὺ
845 2817 1039 2882 γενεᾶς
1067 2818 1145 2879 είς
1163 2818 1386 2884 γενεὰν,
1423 2820 1690 2881 τουτέστι,

158 2899 268 2968 παρ’
316 2898 442 2970 ὅλην
471 2899 648 2972 ζώήνο
705 2905 900 2972 γενεὰν
948 2908 1059 2975 γὰρ
1107 2908 1341 2963 ἐνταῦθα
1393 2911 1492 2981 τὴν
1540 2912 1687 2979 ζωὴν

160 2989 368 3058 οίητέον,
426 2997 725 3060 τουτέστιν,
754 2997 863 3050 ἀπὸ
893 2999 989 3069 τῆς
1018 3000 1211 3053 ἑαυτοῦ
1261 2998 1388 3070 ἄχρι
1438 3002 1536 3072 τῆς
1568 3003 1691 3074 μετ’

160 3079 317 3135 αὐτόν.

1821 668 2032 721 semper
2063 664 2228 726 atque
2255 659 2650 728 inquinatiores
2686 665 2819 717 iiunt
2845 666 2964 731 ejus
2998 680 3199 719 mores.

1891 748 2214 816 Auferuntur
2234 750 2445 816 judicia
2475 763 2564 806 tua
2589 772 2620 807 α
2658 756 2792 819 {acie
2831 757 2970 822 ejus.
2999 755 3235 826 Judieia,
3277 759 3364 813 in.

1817 840 1955 908 quit,
1991 849 2079 894 tua
2115 842 2184 895 ab
2213 843 2331 910 ejus
2358 844 2638 898 intellectu
2676 846 3021 900 auferuntur.
3050 847 3165 912 lpse
3188 849 3362 913 siqui-

1815 927 1936 980 dem
1994 929 2302 986 intellectus
2351 933 2538 987 oculos
2573 935 2734 986 etiam
2770 949 2902 988 suos
2948 934 3129 987 habet.
3164 935 3360 989 Verum

1816 1017 2128 1086 hujusmodi
2169 1020 2498 1089 deliuquens
2525 1032 2686 1078 tanta:
2713 1025 2974 1078 caecitatis
2997 1034 3099 1088 est,
3132 1031 3190 1077 ut
3210 1025 3361 1091 judi-

1816 1106 1921 1171 cia,
1953 1123 2072 1175 qum
2103 1123 2132 1162 a
2164 1118 2215 1163 te
2246 1110 2618 1178 proferuntur.
2651 1130 2757 1168 non
2790 1114 2988 1174 videat.
3026 1129 3132 1168 non
3183 1116 3364 1167 consi-

1812 1198 1986 1262 deret,
2015 1213 2120 1252 non
2153 1201 2563 1262 animadvertat.
2598 1212 2649 1258 te
2672 1203 2903 1277 justum,
2933 1204 3122 1258 fortem
3157 1213 3210 1257 et
3236 1203 3358 1257 lon-

1814 1288 2340 1357 ganimemjudicem
2370 1307 2513 1346 esse.
2551 1291 2840 1348 Redundat
2866 1306 3045 1348 autem
3083 1293 3360 1363 prmposi-

1813 1382 1889 1432 tio
1917 1380 2058 1443 ἀντὶ,
2094 1388 2148 1435 et
2192 1382 2413 1439 abusive
2465 1393 2780 1452 usurpatur.
2821 1395 2879 1438 ιιι
2924 1386 2983 1460 in.
3017 1401 3148 1439 voce
3198 1387 3358 1439 ἀντα-

1816 1471 2085 1544 ποδόσειιξς
2117 1473 2456 1540 interpretati
2486 1490 2695 1528 sumus.
2734 1475 2824 1526 Sat
2859 1476 2999 1527 enim
3028 1485 3145 1528 erat
3172 1477 3354 1530 dicere

1809 1563 2134 1630 ἀναιρεῖται.
2169 1561 2262 1615 Vel
2293 1563 2396 1618 alia
2427 1565 2637 1619 ratione
2669 1581 2682 1617 :
2711 1564 2922 1620 Peccati
2949 1567 3162 1633 quidem
3186 1568 3354 1622 oblit-

1809 1649 2002 1702 teratio
2029 1657 2156 1703 sunt
2191 1649 2281 1703 Dei
2310 1652 2540 1719 judicia,
2585 1655 2788 1724 quippe
2818 1672 2939 1722 quze
2972 1659 3274 1726 recogitans
3306 1659 3353 1712 is

1807 1739 1898 1806 qui
1935 1750 2144 1807 peccat,
2179 1756 2206 1793 a
2238 1753 2461 1809 peccato
2489 1744 2721 1798 desistit.
2758 1743 3078 1800 Divinorum
3114 1747 3352 1803 vicissim

1729 1865 1777 1923 Β
1807 1831 2130 1884 ohlilteratio
2155 1831 2481 1901 judiciorum
2517 1845 2600 1890 est
2629 1850 2813 1890 eorum
2846 1837 3070 1892 oblivio.

1875 1921 2121 1975 Omnium
2159 1925 2489 1978 inimicorum
2541 1943 2757 1980 suorum
2790 1931 3165 1984 dominabitur.
3196 1928 3349 1986 Ulci-

1803 2019 1986 2066 scetur
2031 2027 2221 2067 omnes
2273 2015 2364 2082 qui
2416 2015 2682 2072 adversus
2733 2035 2856 2073 eum
2907 2021 3348 2083 insurrexerunt,

1801 2103 1930 2169 Deo,
1985 2105 2394 2176 longanimitate
2424 2122 2542 2172 sua,
2580 2111 2928 2177 permittente
2960 2113 3112 2166 illum
3141 2112 3347 2183 saepius

1799 2197 1855 2251 iu
1886 2197 2025 2251 bello
2050 2200 2296 2254 inimicos
2325 2215 2455 2255 suos
2488 2216 2766 2270 superare.

1874 2286 2032 2344 Vens.
2063 2289 2116 2343 6.
2157 2289 2300 2343 Dixit
2337 2291 2474 2344 enim
2505 2291 2559 2343 in
2585 2292 2739 2345 corde
2760 2307 2890 2344 suo:
2921 2290 3039 2345 Non
3082 2293 3338 2348 movebar.

1797 2378 1962 2431 Putat
2023 2378 2338 2432 felicitatem
2401 2394 2555 2433 suam
2587 2380 2680 2434 ditt
2732 2397 2856 2436 esse
2908 2371 3342 2450 permansurum.

1798 2469 2000 2525 Moveri
2036 2468 2177 2523 enim
2213 2470 2323 2532 hic,
2376 2468 2621 2540 intelligo
2675 2486 2774 2540 pro
2819 2474 3039 2534 mutari,
3099 2485 3130 2526 a
3174 2473 3340 2542 priori

1795 2562 2055 2614 nimirum
2090 2559 2332 2628 petentia
2364 2567 2526 2628 atque
2557 2576 2586 2614 a
2615 2562 2848 2629 propriis
2873 2563 3096 2618 viribus.

1806 2687 1826 2695 -.
1865 2653 1905 2703 Α
1943 2651 2272 2721 generatione
2319 2652 2374 2704 in
2425 2654 2810 2720 generationem
2844 2655 2954 2705 sine
2993 2653 3154 2705 malo.
3202 2653 3344 2707 Sub-

1794 2744 2037 2813 intellige
2092 2745 2318 2798 verbum
2375 2761 2485 2807 ero,
2541 2745 2623 2797 vel
2672 2745 3044 2810 pertransitm:
3076 2745 3337 2806 cngitavit

1792 2837 1936 2892 enim
1973 2846 2230 2903 peccator
2265 2837 2355 2890 ille
2382 2844 2435 2890 et
2465 2837 2716 2896 credidit.
2755 2852 2812 2891 se
2846 2852 2873 2890 a
2915 2837 3258 2904 generatione
3283 2835 3336 2888 in

1791 2929 2215 2994 generationem.
2267 2927 2368 2980 hoc
2401 2936 2485 2981 est
2535 2943 2629 2995 per
2651 2921 2839 2980 'totant
2875 2928 3057 2992 vitam,
3096 2927 3334 2980 futurum

1791 3019 2000 3086 absque
2029 3001 2318 3071 alllictione
2351 3017 2557 3086 aliqua.
2598 3016 3013 3070 Generationcm
3062 3019 3202 3069 cuitu
3249 3017 3337 3069 hie

1791 3109 1973 3178 posuit
2005 3124 2101 3176 pro
2126 3109 2232 3161 vita
2265 3125 2281 3161 :
2321 3108 2476 3176 quasi
2505 3108 2673 3170 dicat,
2731 3107 2797 3159 ah
2821 3107 2949 3176 “ejus
2979 3111 3084 3160 vita
3120 3107 3184 3159 ad
3216 3122 3347 3166 eam.

1711 3184 1755 3240 ε
1786 3215 1908 3267 quae
1935 3199 2037 3251 erit
2070 3207 2192 3265 post
2222 3198 2340 3265 ejus
2366 3206 2618 3252 mortem.

211 3258 285 3317 Οὗ
326 3250 474 3331 ἀρᾶξ
508 3265 576 3319 τὸ
615 3271 809 3335 στόμα
834 3271 1020 3325 αὐτοῦ
1054 3273 1234 3340 γέμει,
1290 3274 1386 3327 καί
1423 3275 1681 3341 πικρίας,

162 3352 241 3406 καί
268 3353 469 3409 δόλου.
503 3350 580 3410 Οὗ
602 3373 746 3421 τινος
783 3360 970 3414 αὑτοῦ
1006 3360 1074 3413 τὸ
1108 3362 1330 3430 στόμιν
1363 3362 1590 3432 σύνηθες
1628 3364 1684 3416 δὲ

160 3440 238 3492 καὶ
258 3443 405 3495 τοῦτο
431 3445 493 3497 τὸ
517 3446 702 3516 σχῆμα
735 3449 801 3518 τῇ
833 3447 939 3501 τῶν
986 3448 1250 3522 Ἐϐραίων
1281 3451 1565 3522 διαλέκτῳ,
1589 3454 1682 3506 καὶ

160 3531 396 3601 πολλαχοῦ
453 3536 726 3604 κείμενον,
797 3539 942 3606 λέγω
984 3539 1049 3610 δὴ
1105 3542 1166 3593 τὸ
1219 3541 1568 3608 συξευγνύειν
1614 3542 1682 3594 τὰ

157 3613 306 3686 ἄρθρα
356 3622 476 3683 ταῖς
529 3621 925 3694 ἀντωνυμίαις,
956 3627 1032 3691 ὡς
1065 3628 1128 3681 τό
1155 3644 1169 3662 ο
1206 3629 1504 3698 Μακάριος
1535 3626 1608 3686 οὗ
1648 3634 1681 3684 ό

161 3708 282 3771 Θεὸς
312 3709 511 3765 Ἰακὼϐ
552 3713 782 3782 ,βοηθὸς
809 3718 1002 3776 ,αὐτοῦ
1023 3733 1040 3750 ο
1097 3720 1192 3773 καὶ
1222 3721 1285 3772 τό
1305 3736 1322 3750 ⁸
1381 3721 1681 3790 Μακάριος

157 3797 289 3866 ἀνὴρ
308 3840 322 3862 ,
359 3795 408 3868 ᾧ
449 3803 620 3857 ἐστιν
658 3806 985 3876 ἀντίληψις
1015 3810 1172 3875 αὐτῷ
1201 3812 1360 3878 παρὰ
1400 3812 1536 3866 σοῦ.
1578 3815 1680 3866 Πε-

163 3889 441 3960 πλησμένον
463 3894 520 3947 δέ
549 3897 697 3948 ἔστιν
753 3899 912 3968 ἀρᾶς,
945 3904 1335 3972 καταρωμένου
1368 3907 1500 3957 πᾶσι
1529 3921 1545 3936 ’
1587 3909 1680 3960 καὶ

158 3983 378 4048 πικρίας,
403 3983 637 4051 ὀργίλως
659 3986 1041 4065 ’φθεγγομένου
1061 4007 1076 4022 ·
1101 3993 1196 4046 καὶ
1225 3991 1397 4057 δόλου.
1432 3995 1506 4059 μὴ
1533 4012 1679 4065 χρω-

161 4067 300 4134 μένου
328 4074 436 4125 τοῖς
463 4072 524 4126 λο
536 4091 643 4142 (at;
662 4062 802 4130 κατᾶ
832 4079 930 4147 τὴν
959 4081 1210 4152 καρδίαν,
1238 4083 1356 4135 ἀλλ’
1386 4062 1676 4154 ἕτεραήμὲν

157 4156 394 4240 λεγοντος,
427 4161 593 4234 ἕτερα
621 4165 679 4218 δὲ
709 4167 1058 4238 κρύπτοντος.

224 4339 354 4395 Ὑπὸ
380 4341 496 4410 τὴν
520 4341 810 4414 ᾔλῶονοιαν
837 4349 1024 4402 αὑτοῦ
1077 4351 1282 4419 κόπος
1321 4354 1419 4408 καί
1462 4357 1666 4422 πόνος.

167 4431 354 4488 Ἐκεῖνα
375 4434 703 4506 φθέγγεται,
739 4438 776 4493 ἃ
808 4440 976 4494 κόπον
1003 4444 1095 4496 aut
1125 4445 1286 4499 πόνον
1303 4448 1417 4510 τοῖς
1448 4449 1672 4503 ἐπιϐου-

1854 3276 2022 3342 Vtilis.
2050 3288 2103 3342 7.
2163 3285 2331 3356 Cujus
2381 3288 2748 3341 maledictione
2783 3304 2837 3340 os
2873 3286 2982 3354 ejus
3012 3286 3242 3352 plenum,
3281 3293 3330 3337 et

1785 3380 2140 3434 amaritudine
2171 3389 2220 3433 et
2253 3380 2395 3435 dolo.
2419 3380 2595 3433 Verba
2643 3380 2732 3432 illa
2780 3379 2850 3432 Oa
2874 3379 3007 3446 ejus,
3042 3393 3189 3430 more
3228 3376 3334 3429 lie-

1782 3472 1956 3527 hraici
1995 3470 2275 3523 idiomatis
2304 3470 2479 3538 posita
2507 3480 2655 3531 sunt,
2687 3470 3142 3538 quemadmodum
3190 3467 3332 3520 mul-

1784 3564 1855 3616 lis
1899 3549 1951 3616 in
1979 3563 2115 3616 locis
2154 3561 2448 3630 reperitur.
2495 3558 2682 3614 Solent
2708 3560 2850 3613 enim
2885 3558 3089 3612 Hebraei
3128 3573 3331 3626 prono-

1781 3654 1926 3706 mina
1957 3651 2209 3705 articulis
2241 3650 2606 3720 conjungere;
2641 3648 2943 3718 cujusmodi
2967 3656 3020 3701 et
3049 3647 3179 3701 illud
3205 3653 3325 3701 est:

1782 3744 1975 3797 Beatus
1997 3741 2150 3810 cujus
2174 3737 2313 3794 Deus
2335 3739 2500 3792 Iacob
2529 3739 2748 3807 adjutor
2774 3740 2887 3805 ejus
2906 3739 2970 3790 "'.
3003 3738 3128 3791 Item
3152 3737 3281 3790 illud
3307 3751 3325 3788 :

1778 3833 1972 3887 Beatus
1998 3832 2078 3885 vir
2103 3831 2188 3884 cui
2211 3839 2288 3884 est
2318 3831 2580 3882 auxilium
2610 3829 2658 3882 ei
2693 3829 2786 3880 abs
2817 3838 2863 3881 te
2884 3828 2949 3880 ’9.
3007 3825 3106 3879 Est
3137 3837 3321 3877 autem
3405 3842 3408 3848 ·

1779 3924 2161 3979 maledictione
2195 3923 2415 3992 plenum
2444 3937 2527 3984 os,
2555 3936 2678 3975 cum
2709 3920 2962 3975 omnibus
2996 3917 3281 3972 maledicat
3301 3931 3322 3973 τ

1776 4025 1830 4070 et
1859 4012 2241 4075 amaritudine,
2267 4027 2388 4067 cum
2417 4013 2676 4066 iracunde
2719 4012 2786 4064 ad
2831 4026 3020 4064 omnes
3044 4010 3322 4078 loquatur.

1775 4107 1907 4161 Dolo
1934 4108 2094 4161 etiam
2123 4105 2336 4174 plenum
2367 4105 2587 4168 dicitttr,
2623 4119 2748 4158 cum
2794 4119 2897 4156 non
2927 4119 2989 4154 ex
3021 4100 3183 4154 corde
3210 4113 3327 4152 ser—
3365 4131 3369 4135 ς

1777 4211 1990 4252 monem
2026 4194 2288 4264 proferat,
2319 4193 2414 4248 sed
2454 4193 2558 4247 alia
2585 4193 2763 4257 dicat,
2789 4201 2842 4246 et
2877 4192 2976 4246 alia
3009 4190 3062 4244 in
3107 4196 3322 4244 secreto

1772 4283 1938 4338 animi
1975 4283 2192 4338 habeat.

1841 4375 1946 4429 Sub
1980 4375 2162 4443 lingua
2190 4376 2304 4443 ejus
2340 4373 2490 4427 labor
2514 4381 2562 4426 et
2591 4372 2761 4428 dator.
2821 4369 2913 4434 Ea,
2969 4366 3183 4432 inquit,
3241 4363 3322 4418 lo-

1773 4465 1976 4535 quitur,
2010 4479 2131 4532 quae
2178 4465 2416 4520 laborem
2443 4472 2497 4517 et
2524 4463 2764 4516 dolorem
2821 4461 2888 4515 iis
2919 4461 3158 4530 pariunt,
3195 4455 3320 4525 qui-

153 4521 433 4619 huouivot;
456 4529 808 4599 παρέχουσιν.
945 4534 1037 4588 καὶ
1062 4536 1120 4588 ὲν
1139 4538 1204 4606 τῇ
1232 4536 1549 4609 διδασκαλίᾳ
1571 4540 1671 4593 αὑ-
1701 4531 1705 4552 ⁴

1792 4521 1877 4612 Ξιιε
1917 4553 2150 4610 insidias
2176 4554 2350 4607 tendit
2383 4569 2398 4604 :
2436 4553 2520 4607 vel
2551 4551 2677 4619 quia
2723 4551 2776 4604 in
2807 4548 2921 4617 ejus
2953 4546 3316 4600 doctrina’la-

260 4615 496 4710 κάματος
515 4621 612 4672 καὶ
641 4620 824 4692 ὀδύνη,
857 4617 932 4676 ὧν
960 4625 1278 4693 μεθέξουσιν
1307 4628 1356 4680 oi
1383 4628 1532 4697 αὐτῷ
1553 4648 1672 4686 πει-

1792 4662 1872 4702 )or
1905 4655 1989 4700 est
2037 4653 2092 4698 et
2123 4643 2295 4706 dolor,
2329 4614 2756 4710 quorum-erunt
2802 4614 3095 4710 participes
3143 4636 3236 4705 qui
3265 4635 3319 4690 ei

153 4702 360 4772 θόμενοι,
417 4705 494 4777 μὴ
539 4708 885 4779 εὑρίσκοντες
910 4711 1008 4782 τὴν
1038 4714 1242 4768 ἄνεσιν.
1293 4717 1364 4769 Ἥ
1395 4718 1489 4770 καὶ
1518 4719 1670 4792 κάμῃ

1792 4739 2172 4804 tbtemperant,
2193 4733 2320 4787 dttm
2346 4733 2550 4786 nullam
2577 4732 2629 4785 in
2651 4731 2770 4800 ejus
2797 4730 3043 4786 doctrina
3075 4727 3315 4797 requiem

153 4794 231 4848 καὶ
265 4795 645 4868 ὀδυνηθήσεται
693 4802 727 4872 ἡ
769 4801 986 4870 γλῶσσα
1035 4803 1234 4871 αὑτοῦ,
1284 4807 1354 4858 τὰ
1387 4809 1529 4862 κατά
1561 4809 1671 4863 τῶν

1795 4827 2087 4891 nvcnient;
2123 4826 2206 4879 vel
2231 4825 2285 4891 i_n
2313 4825 2501 4878 labore
2535 4830 2587 4878 et
2608 4823 2795 4877 dolore
2818 4830 2934 4876 erat
2965 4822 3144 4888 lingua
3172 4819 3313 4885 ejus,

153 4887 373 4979 πολέμων
429 4890 798 4966 φθεγγομένη.
849 4896 948 4950 Διά
1006 4897 1064 4951 δὲ
1123 4899 1224 4967 τῆς
1284 4899 1669 4970 γλωσσαλγίας

1794 4920 1979 4979 ahoris
2018 4889 2276 4972 nimirum
2331 4926 2384 4970 et
2430 4916 2638 4970 doloris
2687 4916 2854 4970 verita
2909 4915 3170 4967 adversus
3219 4925 3313 4963 eos

152 4977 322 5050 ταύτης
347 4979 446 5053 τὴν
474 4983 758 5054 συνέχειαν
784 4985 894 5040 τῶν
921 4986 1097 5054 λόγων
1130 4990 1418 5060 ἐδήλωσεν.

1792 4977 2059 5068 )roferens
2095 5023 2232 5077 quos
2261 5007 2637 5075 impugnabat.
2671 5005 2994 5076 Huiusmodi
3027 5012 3207 5058 autem
3239 5003 3318 5055 lo-

1774 5098 1975 5166 quendi
2008 5097 2170 5153 modo
2194 5096 2577 5167 loquacitatem
2613 5098 2760 5149 illius
2791 5110 2853 5148 ac
2879 5093 3310 5148 maledicentiam

1771 5188 2049 5242 indicavit.

1842 5276 2004 5332 Vnus.
2027 5277 2080 5332 8.
2113 5277 2268 5332 Sedet
2307 5278 2359 5330 in
2389 5277 2596 5330 insidiis
2627 5293 2741 5327 cum
2764 5275 3028 5328 divitibus.
3053 5273 3152 5326 Per
3183 5272 3315 5325 iusi-

1765 5366 1884 5420 dias
1930 5366 2206 5420 occultum
2270 5366 2590 5420 insidiarum
2625 5364 2805 5417 locum
2852 5362 3117 5432 intelligit.
3167 5361 3309 5415 unde

1763 5458 2111 5514 insidiatores
2141 5458 2374 5512 latenter
2419 5457 2595 5512 solent
2627 5455 2884 5524 impetum
2914 5453 3113 5508 facere.
3156 5453 3304 5508 Coe-

1763 5557 2014 5604 nutnerat
2036 5558 2216 5604 autem
2239 5549 2511 5617 Propheta
2534 5549 2644 5613 hic,
2663 5546 2986 5614 multiplicia
3017 5560 3304 5613 pravoruut

1764 5639 2042 5696 hominum
2086 5639 2240 5703 vitia,
2274 5640 2429 5696 dolos
2462 5640 2728 5701 videlicet,
2772 5635 3021 5701 insidias,
3059 5623 3302 5703 rapinas,

215 5253 540 5322 Ἐτκόθηται
576 5257 648 5310 ἐν
677 5256 885 5328 ἐνέδρᾳ
909 5279 1058 5329 μετα
1078 5265 1406 5320 πλουσίων.
1437 5270 1665 5341 Ἔνεόρά

151 5345 242 5396 ἐστι
267 5343 422 5407 τόπος
449 5345 699 5414 κρύφιος,
721 5341 767 5416 ᾧ
790 5366 875 5413 τις
911 5352 1392 5424 ἑγκαταδυόμενος.
1440 5359 1662 5426 ἀφανῶς

150 5435 419 5488 ἐπιτίθεται
465 5440 578 5500 τοις
608 5440 886 5510 παριοῦσι.
918 5443 1224 5513 Καταλέγει
1251 5446 1308 5500 δὲ
1337 5450 1365 5501 ό
1384 5448 1537 5517 λόγος
1565 5454 1663 5517 τὰς

150 5525 412 5590 πολυειδεῖς
439 5528 639 5590 κακίας
670 5531 781 5584 τῶν
811 5534 1061 5603 πονηρῶν
1079 5574 1093 5599 ,
1126 5535 1193 5599 ἃς
1216 5543 1389 5594 ποιεῖν
1418 5542 1656 5610 είώθασι,

148 5616 250 5679 τοὺς
275 5616 474 5684 δόλους,
500 5619 598 5682 τὰς
639 5621 947 5690 ἐπιϐουλὰς,
975 5627 1071 5689 τὰς
1105 5627 1379 5698 ἁρπαγὰς,
1415 5637 1534 5699 τοὺς
1562 5639 1658 5706 φό-

187 5793 552 5863 "l'sal.cxt.v,
585 5797 640 5853 5.
687 5797 889 5854 "Psal.
917 5814 1140 5869 Luxm,
1186 5803 1242 5860 ϐ.
