  <div class='ocr_page' id='page_1' title='image "/cluster/home/n/w/nwhite01/storage/ocr_20150623/128/pst.000005714438/109.png"; bbox 0 0 4082 6326; ppageno 0'>
   <div class='ocr_carea' id='block_1_1' title="bbox 658 383 762 452">
    <p class='ocr_par' dir='ltr' id='par_1_1' title="bbox 658 383 762 452">
     <span class='ocr_line' id='line_1_1' title="bbox 658 383 762 452; baseline 0.029 -4"><span class='ocrx_word' id='word_1_1' title='bbox 658 383 762 452; x_wconf 81' lang='grc'>159</span> 
     </span>
    </p>
   </div>
   <div class='ocr_carea' id='block_1_2' title="bbox 1857 386 2643 447">
    <p class='ocr_par' dir='ltr' id='par_1_2' title="bbox 1857 386 2643 447">
     <span class='ocr_line' id='line_1_2' title="bbox 1857 386 2643 447; baseline -0.004 0"><span class='ocrx_word' id='word_1_2' title='bbox 1857 386 2246 447; x_wconf 75' lang='lat' dir='ltr'><strong>EUTHYMII</strong></span> <span class='ocrx_word' id='word_1_3' title='bbox 2285 386 2643 446; x_wconf 59' lang='lat' dir='ltr'><strong>ZlGABENI</strong></span> 
     </span>
    </p>
   </div>
   <div class='ocr_carea' id='block_1_3' title="bbox 3775 379 3870 442">
    <p class='ocr_par' dir='ltr' id='par_1_3' title="bbox 3775 379 3870 442">
     <span class='ocr_line' id='line_1_3' title="bbox 3775 379 3870 442; baseline 0.021 -3"><span class='ocrx_word' id='word_1_4' title='bbox 3775 379 3870 442; x_wconf 78' lang='lat'><strong>160</strong></span> 
     </span>
    </p>
   </div>
   <div class='ocr_carea' id='block_1_4' title="bbox 651 492 2237 578">
    <p class='ocr_par' dir='ltr' id='par_1_4' title="bbox 651 505 2237 578">
     <span class='ocr_line' id='line_1_4' title="bbox 651 505 2237 578; baseline -0.003 -14"><span class='ocrx_word' id='word_1_5' title='bbox 651 510 850 572; x_wconf 69' lang='lat' dir='ltr'><strong>caules,</strong></span> <span class='ocrx_word' id='word_1_6' title='bbox 910 515 1076 578; x_wconf 84' lang='lat' dir='ltr'><strong>atque</strong></span> <span class='ocrx_word' id='word_1_7' title='bbox 1130 510 1232 562; x_wconf 89' lang='lat' dir='ltr'><strong>alia</strong></span> <span class='ocrx_word' id='word_1_8' title='bbox 1274 509 1611 576; x_wconf 86' lang='lat' dir='ltr'><strong>hujusmo.li.</strong></span> <span class='ocrx_word' id='word_1_9' title='bbox 1662 505 1978 559; x_wconf 78' lang='lat' dir='ltr'><strong>Ahscondet</strong></span> <span class='ocrx_word' id='word_1_10' title='bbox 2034 509 2237 566; x_wconf 85' lang='lat' dir='ltr'><strong>enim,.</strong></span> 
     </span>
    </p>
   </div>
   <div class='ocr_carea' id='block_1_5' title="bbox 2344 492 3869 578">
    <p class='ocr_par' dir='ltr' id='par_1_5' title="bbox 2346 492 3869 562">
     <span class='ocr_line' id='line_1_5' title="bbox 2346 492 3869 562; baseline -0.004 -14"><span class='ocrx_word' id='word_1_11' title='bbox 2346 514 2458 559; x_wconf 70' lang='grc' dir='ltr'>ους.</span> <span class='ocrx_word' id='word_1_12' title='bbox 2504 501 2597 548; x_wconf 68' lang='grc' dir='ltr'><strong>καὶ</strong></span> <span class='ocrx_word' id='word_1_13' title='bbox 2629 497 2694 548; x_wconf 66' lang='grc' dir='ltr'>τὰ</span> <span class='ocrx_word' id='word_1_14' title='bbox 2733 495 2975 559; x_wconf 67' lang='grc' dir='ltr'>τοιαῦτα.</span> <span class='ocrx_word' id='word_1_15' title='bbox 3019 492 3583 562; x_wconf 78' lang='grc' dir='ltr'>Ἐγκατακρύπτεται.</span> <span class='ocrx_word' id='word_1_16' title='bbox 3615 493 3775 560; x_wconf 71' lang='grc' dir='ltr'>φησι,</span> <span class='ocrx_word' id='word_1_17' title='bbox 3807 494 3869 562; x_wconf 81' lang='grc' dir='ltr'>τῇ</span> 
     </span>
    </p>
   </div>
   <div class='ocr_carea' id='block_1_6' title="bbox 650 598 2217 666">
    <p class='ocr_par' dir='ltr' id='par_1_6' title="bbox 650 598 2217 666">
     <span class='ocr_line' id='line_1_6' title="bbox 650 598 2217 666; baseline 0.001 -16"><span class='ocrx_word' id='word_1_18' title='bbox 650 598 850 666; x_wconf 87' lang='lat' dir='ltr'><strong>inquit,</strong></span> <span class='ocrx_word' id='word_1_19' title='bbox 885 615 943 652; x_wconf 87' lang='lat' dir='ltr'><strong>se</strong></span> <span class='ocrx_word' id='word_1_20' title='bbox 974 599 1028 651; x_wconf 87' lang='lat' dir='ltr'><strong>in</strong></span> <span class='ocrx_word' id='word_1_21' title='bbox 1070 598 1308 662; x_wconf 84' lang='lat' dir='ltr'><strong>insidiis,</strong></span> <span class='ocrx_word' id='word_1_22' title='bbox 1337 600 1500 652; x_wconf 85' lang='lat' dir='ltr'><strong>simul</strong></span> <span class='ocrx_word' id='word_1_23' title='bbox 1523 613 1661 651; x_wconf 82' lang='lat' dir='ltr'><strong>cum</strong></span> <span class='ocrx_word' id='word_1_24' title='bbox 1714 599 1801 659; x_wconf 89' lang='lat' dir='ltr'><strong>iis,</strong></span> <span class='ocrx_word' id='word_1_25' title='bbox 1835 600 1926 665; x_wconf 92' lang='lat' dir='ltr'><strong>qui</strong></span> <span class='ocrx_word' id='word_1_26' title='bbox 1959 599 2105 652; x_wconf 64' lang='lat' dir='ltr'><strong>\‘itiis</strong></span> <span class='ocrx_word' id='word_1_27' title='bbox 2134 599 2217 651; x_wconf 83' lang='lat' dir='ltr'><strong>di—</strong></span> 
     </span>
    </p>
   </div>
   <div class='ocr_carea' id='block_1_7' title="bbox 653 691 2218 758">
    <p class='ocr_par' dir='ltr' id='par_1_7' title="bbox 653 691 2218 758">
     <span class='ocr_line' id='line_1_7' title="bbox 653 691 2218 758; baseline 0.001 -18"><span class='ocrx_word' id='word_1_28' title='bbox 653 692 822 744; x_wconf 80' lang='lat' dir='ltr'><strong>tiores</strong></span> <span class='ocrx_word' id='word_1_29' title='bbox 855 697 1020 754; x_wconf 87' lang='lat' dir='ltr'><strong>sunt;</strong></span> <span class='ocrx_word' id='word_1_30' title='bbox 1067 691 1167 743; x_wconf 90' lang='lat' dir='ltr'><strong>hoc</strong></span> <span class='ocrx_word' id='word_1_31' title='bbox 1203 697 1286 743; x_wconf 88' lang='lat' dir='ltr'><strong>est</strong></span> <span class='ocrx_word' id='word_1_32' title='bbox 1329 691 1420 758; x_wconf 89' lang='lat' dir='ltr'><strong>qui</strong></span> <span class='ocrx_word' id='word_1_33' title='bbox 1455 691 1832 757; x_wconf 72' lang='lat' dir='ltr'><strong>prmclariores</strong></span> <span class='ocrx_word' id='word_1_34' title='bbox 1863 699 1917 742; x_wconf 79' lang='lat' dir='ltr'><strong>et</strong></span> <span class='ocrx_word' id='word_1_35' title='bbox 1951 691 2218 743; x_wconf 81' lang='lat' dir='ltr'><strong>celebrio-</strong></span> 
     </span>
    </p>
   </div>
   <div class='ocr_carea' id='block_1_8' title="bbox 651 780 2216 849">
    <p class='ocr_par' dir='ltr' id='par_1_8' title="bbox 651 780 2216 849">
     <span class='ocr_line' id='line_1_8' title="bbox 651 780 2216 849; baseline 0.005 -17"><span class='ocrx_word' id='word_1_36' title='bbox 651 794 742 833; x_wconf 86' lang='lat' dir='ltr'><strong>rcs</strong></span> <span class='ocrx_word' id='word_1_37' title='bbox 799 787 925 834; x_wconf 85' lang='lat' dir='ltr'><strong>sunt</strong></span> <span class='ocrx_word' id='word_1_38' title='bbox 980 780 1034 833; x_wconf 90' lang='lat' dir='ltr'><strong>in</strong></span> <span class='ocrx_word' id='word_1_39' title='bbox 1093 780 1515 849; x_wconf 79' lang='lat' dir='ltr'><strong>delictis:quus</strong></span> <span class='ocrx_word' id='word_1_40' title='bbox 1561 783 1728 837; x_wconf 81' lang='lat' dir='ltr'><strong>veluti</strong></span> <span class='ocrx_word' id='word_1_41' title='bbox 1790 785 1976 837; x_wconf 85' lang='lat' dir='ltr'><strong>cadem</strong></span> <span class='ocrx_word' id='word_1_42' title='bbox 2031 802 2216 840; x_wconf 68' lang='lat' dir='ltr'><strong>secum</strong></span> 
     </span>
    </p>
   </div>
   <div class='ocr_carea' id='block_1_9' title="bbox 652 870 2222 932">
    <p class='ocr_par' dir='ltr' id='par_1_9' title="bbox 652 870 2222 932">
     <span class='ocr_line' id='line_1_9' title="bbox 652 870 2222 932; baseline 0.004 -7"><span class='ocrx_word' id='word_1_43' title='bbox 652 871 956 926; x_wconf 75' lang='lat' dir='ltr'><strong>sentientes</strong></span> <span class='ocrx_word' id='word_1_44' title='bbox 982 873 1162 928; x_wconf 76' lang='lat' dir='ltr'><strong>secios</strong></span> <span class='ocrx_word' id='word_1_45' title='bbox 1192 874 1297 927; x_wconf 85' lang='lat' dir='ltr'><strong>sibi</strong></span> <span class='ocrx_word' id='word_1_46' title='bbox 1331 874 1568 928; x_wconf 76' lang='lat' dir='ltr'><strong>habebit.</strong></span> <span class='ocrx_word' id='word_1_47' title='bbox 1626 870 1827 930; x_wconf 63' lang='lat' dir='ltr'><strong>Dcin‘de</strong></span> <span class='ocrx_word' id='word_1_48' title='bbox 1861 878 2092 932; x_wconf 83' lang='lat' dir='ltr'><strong>insidias</strong></span> <span class='ocrx_word' id='word_1_49' title='bbox 2123 879 2222 932; x_wconf 85' lang='lat' dir='ltr'><strong>de-</strong></span> 
     </span>
    </p>
   </div>
   <div class='ocr_carea' id='block_1_10' title="bbox 652 961 2140 1027">
    <p class='ocr_par' dir='ltr' id='par_1_10' title="bbox 652 961 2140 1027">
     <span class='ocr_line' id='line_1_10' title="bbox 652 961 2140 1027; baseline 0.007 -11"><span class='ocrx_word' id='word_1_50' title='bbox 652 961 890 1027; x_wconf 85' lang='lat' dir='ltr'><strong>clarans,</strong></span> <span class='ocrx_word' id='word_1_51' title='bbox 931 965 1255 1019; x_wconf 90' lang='lat' dir='ltr'><strong>insidiarum</strong></span> <span class='ocrx_word' id='word_1_52' title='bbox 1287 967 1448 1020; x_wconf 89' lang='lat' dir='ltr'><strong>etiam</strong></span> <span class='ocrx_word' id='word_1_53' title='bbox 1481 982 1702 1022; x_wconf 84' lang='lat' dir='ltr'><strong>causam</strong></span> <span class='ocrx_word' id='word_1_54' title='bbox 1731 969 1901 1024; x_wconf 91' lang='lat' dir='ltr'><strong>addit:</strong></span> <span class='ocrx_word' id='word_1_55' title='bbox 2134 973 2140 978; x_wconf 85' lang='grc'><strong>’</strong></span> 
     </span>
    </p>
   </div>
   <div class='ocr_carea' id='block_1_11' title="bbox 730 1052 2218 1128">
    <p class='ocr_par' dir='ltr' id='par_1_11' title="bbox 730 1052 2218 1128">
     <span class='ocr_line' id='line_1_11' title="bbox 730 1052 2218 1128; baseline 0.005 -22"><span class='ocrx_word' id='word_1_56' title='bbox 730 1052 796 1106; x_wconf 88' lang='grc' dir='ltr'><strong>1η</strong></span> <span class='ocrx_word' id='word_1_57' title='bbox 845 1054 1067 1109; x_wconf 80' lang='lat' dir='ltr'><strong>occultis</strong></span> <span class='ocrx_word' id='word_1_58' title='bbox 1117 1065 1175 1108; x_wconf 89' lang='lat' dir='ltr'><strong>ut</strong></span> <span class='ocrx_word' id='word_1_59' title='bbox 1223 1059 1511 1126; x_wconf 77' lang='lat' dir='ltr'><strong>interﬁciat</strong></span> <span class='ocrx_word' id='word_1_60' title='bbox 1557 1060 1906 1116; x_wconf 77' lang='lat' dir='ltr'><strong>innocentem.</strong></span> <span class='ocrx_word' id='word_1_61' title='bbox 1944 1061 2012 1116; x_wconf 89' lang='lat' dir='ltr'><strong>Ut</strong></span> <span class='ocrx_word' id='word_1_62' title='bbox 2037 1066 2218 1128; x_wconf 89' lang='lat' dir='ltr'><strong>morti,</strong></span> 
     </span>
    </p>
   </div>
   <div class='ocr_carea' id='block_1_12' title="bbox 655 1145 2222 1220">
    <p class='ocr_par' dir='ltr' id='par_1_12' title="bbox 655 1145 2222 1220">
     <span class='ocr_line' id='line_1_12' title="bbox 655 1145 2222 1220; baseline 0.01 -23"><span class='ocrx_word' id='word_1_63' title='bbox 655 1145 857 1213; x_wconf 81' lang='lat' dir='ltr'><strong>inquit,</strong></span> <span class='ocrx_word' id='word_1_64' title='bbox 883 1148 1003 1202; x_wconf 83' lang='lat' dir='ltr'><strong>sine</strong></span> <span class='ocrx_word' id='word_1_65' title='bbox 1033 1162 1197 1201; x_wconf 89' lang='lat' dir='ltr'><strong>causa</strong></span> <span class='ocrx_word' id='word_1_66' title='bbox 1227 1165 1350 1204; x_wconf 90' lang='lat' dir='ltr'><strong>eum</strong></span> <span class='ocrx_word' id='word_1_67' title='bbox 1383 1152 1579 1212; x_wconf 86' lang='lat' dir='ltr'><strong>tradat,</strong></span> <span class='ocrx_word' id='word_1_68' title='bbox 1638 1154 1726 1220; x_wconf 90' lang='lat' dir='ltr'><strong>qui</strong></span> <span class='ocrx_word' id='word_1_69' title='bbox 1762 1156 1907 1208; x_wconf 91' lang='lat' dir='ltr'><strong>nulla</strong></span> <span class='ocrx_word' id='word_1_70' title='bbox 1943 1171 2065 1210; x_wconf 76' lang='lat' dir='ltr'><strong>eum</strong></span> <span class='ocrx_word' id='word_1_71' title='bbox 2094 1157 2222 1211; x_wconf 77' lang='lat' dir='ltr'><strong>alle-</strong></span> 
     </span>
    </p>
   </div>
   <div class='ocr_carea' id='block_1_13' title="bbox 658 1236 2220 1316">
    <p class='ocr_par' dir='ltr' id='par_1_13' title="bbox 658 1236 2220 1316">
     <span class='ocr_line' id='line_1_13' title="bbox 658 1236 2220 1316; baseline 0.01 -27"><span class='ocrx_word' id='word_1_72' title='bbox 658 1237 731 1289; x_wconf 91' lang='lat' dir='ltr'><strong>cit</strong></span> <span class='ocrx_word' id='word_1_73' title='bbox 761 1236 980 1304; x_wconf 83' lang='lat' dir='ltr'><strong>injuria.</strong></span> <span class='ocrx_word' id='word_1_74' title='bbox 1017 1237 1170 1293; x_wconf 84' lang='lat' dir='ltr'><strong>Hanc</strong></span> <span class='ocrx_word' id='word_1_75' title='bbox 1209 1242 1352 1295; x_wconf 89' lang='lat' dir='ltr'><strong>enim</strong></span> <span class='ocrx_word' id='word_1_76' title='bbox 1384 1244 1708 1312; x_wconf 78' lang='lat' dir='ltr'><strong>particulam</strong></span> <span class='ocrx_word' id='word_1_77' title='bbox 1741 1246 1833 1298; x_wconf 76' lang='grc' dir='ltr'><strong>τοῦ</strong></span> <span class='ocrx_word' id='word_1_78' title='bbox 1856 1287 1870 1307; x_wconf 83' lang='grc'><strong>,</strong></span> <span class='ocrx_word' id='word_1_79' title='bbox 1919 1264 2041 1316; x_wconf 73' lang='lat' dir='ltr'><strong>qua:</strong></span> <span class='ocrx_word' id='word_1_80' title='bbox 2086 1264 2220 1304; x_wconf 86' lang='lat' dir='ltr'><strong>cau-</strong></span> 
     </span>
    </p>
   </div>
   <div class='ocr_carea' id='block_1_14' title="bbox 657 1328 2097 1395">
    <p class='ocr_par' dir='ltr' id='par_1_14' title="bbox 657 1328 2097 1395">
     <span class='ocr_line' id='line_1_14' title="bbox 657 1328 2097 1395; baseline 0.008 -14"><span class='ocrx_word' id='word_1_81' title='bbox 657 1341 773 1381; x_wconf 82' lang='lat' dir='ltr'><strong>8am</strong></span> <span class='ocrx_word' id='word_1_82' title='bbox 805 1328 1100 1395; x_wconf 76' lang='lat' dir='ltr'><strong>signiﬁcat,</strong></span> <span class='ocrx_word' id='word_1_83' title='bbox 1129 1331 1391 1386; x_wconf 89' lang='lat' dir='ltr'><strong>adhibere</strong></span> <span class='ocrx_word' id='word_1_84' title='bbox 1419 1345 1628 1390; x_wconf 81' lang='lat' dir='ltr'><strong>veteres</strong></span> <span class='ocrx_word' id='word_1_85' title='bbox 1663 1350 2097 1394; x_wconf 86' lang='lat' dir='ltr'><strong>consueverunt.</strong></span> 
     </span>
    </p>
   </div>
   <div class='ocr_carea' id='block_1_15' title="bbox 728 1416 2225 1494">
    <p class='ocr_par' dir='ltr' id='par_1_15' title="bbox 728 1416 2225 1494">
     <span class='ocr_line' id='line_1_15' title="bbox 728 1416 2225 1494; baseline 0.009 -23"><span class='ocrx_word' id='word_1_86' title='bbox 728 1416 890 1472; x_wconf 73' lang='lat' dir='ltr'><strong>Vens.</strong></span> <span class='ocrx_word' id='word_1_87' title='bbox 923 1419 977 1473; x_wconf 91' lang='lat'><strong>9.</strong></span> <span class='ocrx_word' id='word_1_88' title='bbox 1015 1421 1167 1475; x_wconf 89' lang='lat' dir='ltr'><strong>Oculi</strong></span> <span class='ocrx_word' id='word_1_89' title='bbox 1200 1424 1313 1493; x_wconf 79' lang='lat' dir='ltr'><strong>ejus</strong></span> <span class='ocrx_word' id='word_1_90' title='bbox 1347 1425 1402 1478; x_wconf 86' lang='lat' dir='ltr'><strong>in</strong></span> <span class='ocrx_word' id='word_1_91' title='bbox 1425 1441 1702 1494; x_wconf 74' lang='lat' dir='ltr'><strong>pauperem</strong></span> <span class='ocrx_word' id='word_1_92' title='bbox 1738 1429 2044 1492; x_wconf 81' lang='lat' dir='ltr'><strong>respiciunt.</strong></span> <span class='ocrx_word' id='word_1_93' title='bbox 2075 1431 2225 1486; x_wconf 80' lang='lat' dir='ltr'><strong>Assi-</strong></span> 
     </span>
    </p>
   </div>
   <div class='ocr_carea' id='block_1_16' title="bbox 660 1509 2222 1588">
    <p class='ocr_par' dir='ltr' id='par_1_16' title="bbox 660 1509 2222 1588">
     <span class='ocr_line' id='line_1_16' title="bbox 660 1509 2222 1588; baseline 0.01 -25"><span class='ocrx_word' id='word_1_94' title='bbox 660 1509 824 1564; x_wconf 90' lang='lat' dir='ltr'><strong>duam</strong></span> <span class='ocrx_word' id='word_1_95' title='bbox 857 1526 920 1566; x_wconf 90' lang='lat' dir='ltr'><strong>ac</strong></span> <span class='ocrx_word' id='word_1_96' title='bbox 952 1523 1266 1583; x_wconf 88' lang='lat' dir='ltr'><strong>perpetuam</strong></span> <span class='ocrx_word' id='word_1_97' title='bbox 1303 1518 1464 1588; x_wconf 80' lang='lat' dir='ltr'><strong>hujus</strong></span> <span class='ocrx_word' id='word_1_98' title='bbox 1491 1519 1828 1575; x_wconf 84' lang='lat' dir='ltr'><strong>insidiatoris</strong></span> <span class='ocrx_word' id='word_1_99' title='bbox 1866 1523 2222 1578; x_wconf 81' lang='lat' dir='ltr'><strong>attentionem</strong></span> 
     </span>
    </p>
   </div>
   <div class='ocr_carea' id='block_1_17' title="bbox 662 1605 2227 1680">
    <p class='ocr_par' dir='ltr' id='par_1_17' title="bbox 662 1605 2227 1680">
     <span class='ocr_line' id='line_1_17' title="bbox 662 1605 2227 1680; baseline 0.01 -27"><span class='ocrx_word' id='word_1_100' title='bbox 662 1609 885 1656; x_wconf 86' lang='lat' dir='ltr'><strong>narrat:</strong></span> <span class='ocrx_word' id='word_1_101' title='bbox 921 1605 1013 1672; x_wconf 92' lang='lat' dir='ltr'><strong>qui</strong></span> <span class='ocrx_word' id='word_1_102' title='bbox 1067 1621 1187 1658; x_wconf 93' lang='lat' dir='ltr'><strong>cum</strong></span> <span class='ocrx_word' id='word_1_103' title='bbox 1221 1616 1697 1675; x_wconf 89' lang='lat' dir='ltr'><strong>pertranseuntem</strong></span> <span class='ocrx_word' id='word_1_104' title='bbox 1752 1612 1986 1680; x_wconf 84' lang='lat' dir='ltr'><strong>aliquem</strong></span> <span class='ocrx_word' id='word_1_105' title='bbox 2026 1614 2227 1668; x_wconf 80' lang='lat' dir='ltr'><strong>viderit</strong></span> 
     </span>
    </p>
   </div>
   <div class='ocr_carea' id='block_1_18' title="bbox 662 1697 2227 1773">
    <p class='ocr_par' dir='ltr' id='par_1_18' title="bbox 662 1697 2227 1773">
     <span class='ocr_line' id='line_1_18' title="bbox 662 1697 2227 1773; baseline 0.007 -25"><span class='ocrx_word' id='word_1_106' title='bbox 662 1709 876 1748; x_wconf 83' lang='lat' dir='ltr'><strong>summa</strong></span> <span class='ocrx_word' id='word_1_107' title='bbox 922 1697 1093 1751; x_wconf 90' lang='lat' dir='ltr'><strong>animi</strong></span> <span class='ocrx_word' id='word_1_108' title='bbox 1138 1699 1512 1755; x_wconf 81' lang='lat' dir='ltr'><strong>sollicitudine</strong></span> <span class='ocrx_word' id='word_1_109' title='bbox 1570 1703 1902 1766; x_wconf 86' lang='lat' dir='ltr'><strong>considerat,</strong></span> <span class='ocrx_word' id='word_1_110' title='bbox 1951 1705 2227 1773; x_wconf 85' lang='lat' dir='ltr'><strong>quomodo</strong></span> 
     </span>
    </p>
   </div>
   <div class='ocr_carea' id='block_1_19' title="bbox 665 1789 2104 1869">
    <p class='ocr_par' dir='ltr' id='par_1_19' title="bbox 665 1789 2104 1869">
     <span class='ocr_line' id='line_1_19' title="bbox 665 1789 2104 1869; baseline 0.012 -31"><span class='ocrx_word' id='word_1_111' title='bbox 665 1798 788 1839; x_wconf 88' lang='lat' dir='ltr'><strong>eum</strong></span> <span class='ocrx_word' id='word_1_112' title='bbox 813 1789 1264 1856; x_wconf 86' lang='lat' dir='ltr'><strong>comprehendat.</strong></span> <span class='ocrx_word' id='word_1_113' title='bbox 2098 1865 2104 1869; x_wconf 26' lang='grc' dir='ltr'>ι</span> 
     </span>
    </p>
   </div>
   <div class='ocr_carea' id='block_1_20' title="bbox 733 1869 2224 1958">
    <p class='ocr_par' dir='ltr' id='par_1_20' title="bbox 733 1869 2224 1958">
     <span class='ocr_line' id='line_1_20' title="bbox 733 1869 2224 1958; baseline 0.013 -32"><span class='ocrx_word' id='word_1_114' title='bbox 733 1873 1037 1931; x_wconf 78' lang='lat' dir='ltr'><strong>Insidiatur</strong></span> <span class='ocrx_word' id='word_1_115' title='bbox 1062 1880 1116 1953; x_wconf 79' lang='lat' dir='ltr'><strong>in</strong></span> <span class='ocrx_word' id='word_1_116' title='bbox 1148 1869 1454 1936; x_wconf 72' lang='lat' dir='ltr'><strong>abscondito</strong></span> <span class='ocrx_word' id='word_1_117' title='bbox 1486 1887 1639 1954; x_wconf 83' lang='lat' dir='ltr'><strong>quasi</strong></span> <span class='ocrx_word' id='word_1_118' title='bbox 1658 1887 1735 1940; x_wconf 88' lang='lat' dir='ltr'><strong>leo</strong></span> <span class='ocrx_word' id='word_1_119' title='bbox 1754 1888 1808 1941; x_wconf 87' lang='lat' dir='ltr'><strong>in</strong></span> <span class='ocrx_word' id='word_1_120' title='bbox 1833 1891 2082 1958; x_wconf 82' lang='lat' dir='ltr'><strong>spelunca</strong></span> <span class='ocrx_word' id='word_1_121' title='bbox 2107 1910 2224 1945; x_wconf 82' lang='lat' dir='ltr'><strong>sua.</strong></span> 
     </span>
    </p>
   </div>
   <div class='ocr_carea' id='block_1_21' title="bbox 663 1962 2227 2049">
    <p class='ocr_par' dir='ltr' id='par_1_21' title="bbox 663 1962 2227 2049">
     <span class='ocr_line' id='line_1_21' title="bbox 663 1962 2227 2049; baseline 0.012 -33"><span class='ocrx_word' id='word_1_122' title='bbox 663 1962 906 2020; x_wconf 85' lang='lat' dir='ltr'><strong>Tandem</strong></span> <span class='ocrx_word' id='word_1_123' title='bbox 941 1969 1139 2038; x_wconf 85' lang='lat' dir='ltr'><strong>repetit</strong></span> <span class='ocrx_word' id='word_1_124' title='bbox 1171 1975 1526 2037; x_wconf 83' lang='lat' dir='ltr'><strong>sententiam,</strong></span> <span class='ocrx_word' id='word_1_125' title='bbox 1590 1980 1746 2032; x_wconf 84' lang='lat' dir='ltr'><strong>vario</strong></span> <span class='ocrx_word' id='word_1_126' title='bbox 1795 1983 2227 2049; x_wconf 79' lang='lat' dir='ltr'><strong>quodammodo,</strong></span> 
     </span>
    </p>
   </div>
   <div class='ocr_carea' id='block_1_22' title="bbox 663 2059 2229 2132">
    <p class='ocr_par' dir='ltr' id='par_1_22' title="bbox 663 2059 2229 2132">
     <span class='ocr_line' id='line_1_22' title="bbox 663 2059 2229 2132; baseline 0.015 -23"><span class='ocrx_word' id='word_1_127' title='bbox 663 2059 976 2127; x_wconf 86' lang='lat' dir='ltr'><strong>propalans,</strong></span> <span class='ocrx_word' id='word_1_128' title='bbox 1030 2070 1083 2116; x_wconf 90' lang='lat' dir='ltr'><strong>et</strong></span> <span class='ocrx_word' id='word_1_129' title='bbox 1140 2064 1191 2116; x_wconf 90' lang='lat' dir='ltr'><strong>in</strong></span> <span class='ocrx_word' id='word_1_130' title='bbox 1240 2067 1511 2132; x_wconf 87' lang='lat' dir='ltr'><strong>publicum</strong></span> <span class='ocrx_word' id='word_1_131' title='bbox 1545 2070 1837 2126; x_wconf 77' lang='lat' dir='ltr'><strong>traducens</strong></span> <span class='ocrx_word' id='word_1_132' title='bbox 1877 2090 2064 2128; x_wconf 85' lang='lat' dir='ltr'><strong>eorum</strong></span> <span class='ocrx_word' id='word_1_133' title='bbox 2106 2093 2229 2131; x_wconf 79' lang='lat' dir='ltr'><strong>sce-</strong></span> 
     </span>
    </p>
   </div>
   <div class='ocr_carea' id='block_1_23' title="bbox 663 2147 2230 2237">
    <p class='ocr_par' dir='ltr' id='par_1_23' title="bbox 663 2147 2230 2237">
     <span class='ocr_line' id='line_1_23' title="bbox 663 2147 2230 2237; baseline 0.016 -37"><span class='ocrx_word' id='word_1_134' title='bbox 663 2147 779 2201; x_wconf 87' lang='lat' dir='ltr'><strong>lera</strong></span> <span class='ocrx_word' id='word_1_135' title='bbox 829 2159 952 2203; x_wconf 89' lang='lat' dir='ltr'><strong>actu</strong></span> <span class='ocrx_word' id='word_1_136' title='bbox 981 2166 1044 2206; x_wconf 89' lang='lat' dir='ltr'><strong>ac</strong></span> <span class='ocrx_word' id='word_1_137' title='bbox 1093 2155 1296 2210; x_wconf 88' lang='lat' dir='ltr'><strong>malitia</strong></span> <span class='ocrx_word' id='word_1_138' title='bbox 1329 2160 1696 2231; x_wconf 80' lang='lat' dir='ltr'><strong>undecunque</strong></span> <span class='ocrx_word' id='word_1_139' title='bbox 1733 2165 1936 2232; x_wconf 84' lang='lat' dir='ltr'><strong>plena:</strong></span> <span class='ocrx_word' id='word_1_140' title='bbox 1978 2168 2230 2237; x_wconf 82' lang='lat' dir='ltr'><strong>ferasque</strong></span> 
     </span>
    </p>
   </div>
   <div class='ocr_carea' id='block_1_24' title="bbox 664 2238 2232 2324">
    <p class='ocr_par' dir='ltr' id='par_1_24' title="bbox 664 2238 2232 2324">
     <span class='ocr_line' id='line_1_24' title="bbox 664 2238 2232 2324; baseline 0.015 -35"><span class='ocrx_word' id='word_1_141' title='bbox 664 2238 1072 2305; x_wconf 88' lang='lat' dir='ltr'><strong>quodammodo</strong></span> <span class='ocrx_word' id='word_1_142' title='bbox 1123 2244 1244 2300; x_wconf 88' lang='lat' dir='ltr'><strong>illos</strong></span> <span class='ocrx_word' id='word_1_143' title='bbox 1280 2246 1396 2300; x_wconf 81' lang='lat' dir='ltr'><strong>ﬁeri</strong></span> <span class='ocrx_word' id='word_1_144' title='bbox 1457 2249 1818 2308; x_wconf 75' lang='lat' dir='ltr'><strong>demonstrat.</strong></span> <span class='ocrx_word' id='word_1_145' title='bbox 1857 2253 1988 2308; x_wconf 81' lang='lat' dir='ltr'><strong>Nam</strong></span> <span class='ocrx_word' id='word_1_146' title='bbox 2041 2273 2232 2324; x_wconf 62' lang='lat' dir='ltr'><strong>quem«</strong></span> 
     </span>
    </p>
   </div>
   <div class='ocr_carea' id='block_1_25' title="bbox 665 2328 2232 2409">
    <p class='ocr_par' dir='ltr' id='par_1_25' title="bbox 665 2328 2232 2409">
     <span class='ocr_line' id='line_1_25' title="bbox 665 2328 2232 2409; baseline 0.016 -30"><span class='ocrx_word' id='word_1_147' title='bbox 665 2328 960 2385; x_wconf 90' lang='lat' dir='ltr'><strong>admodum</strong></span> <span class='ocrx_word' id='word_1_148' title='bbox 994 2332 1102 2397; x_wconf 87' lang='lat' dir='ltr'><strong>leo,</strong></span> <span class='ocrx_word' id='word_1_149' title='bbox 1133 2351 1198 2389; x_wconf 72' lang='lat' dir='ltr'><strong>ex</strong></span> <span class='ocrx_word' id='word_1_150' title='bbox 1234 2342 1453 2409; x_wconf 79' lang='lat' dir='ltr'><strong>prapria</strong></span> <span class='ocrx_word' id='word_1_151' title='bbox 1479 2357 1713 2400; x_wconf 81' lang='lat' dir='ltr'><strong>caverna</strong></span> <span class='ocrx_word' id='word_1_152' title='bbox 1755 2357 1849 2399; x_wconf 89' lang='lat' dir='ltr'><strong>ant</strong></span> <span class='ocrx_word' id='word_1_153' title='bbox 1898 2350 2105 2402; x_wconf 82' lang='lat' dir='ltr'><strong>latebra</strong></span> <span class='ocrx_word' id='word_1_154' title='bbox 2149 2351 2232 2404; x_wconf 90' lang='lat' dir='ltr'><strong>in—</strong></span> 
     </span>
    </p>
   </div>
   <div class='ocr_carea' id='block_1_26' title="bbox 668 2417 2235 2506">
    <p class='ocr_par' dir='ltr' id='par_1_26' title="bbox 668 2417 2235 2506">
     <span class='ocr_line' id='line_1_26' title="bbox 668 2417 2235 2506; baseline 0.017 -36"><span class='ocrx_word' id='word_1_155' title='bbox 668 2417 1011 2480; x_wconf 83' lang='lat' dir='ltr'><strong>ﬁrmioribus</strong></span> <span class='ocrx_word' id='word_1_156' title='bbox 1045 2427 1374 2485; x_wconf 86' lang='lat' dir='ltr'><strong>animalibus</strong></span> <span class='ocrx_word' id='word_1_157' title='bbox 1408 2432 1720 2498; x_wconf 85' lang='lat' dir='ltr'><strong>insidiatur,</strong></span> <span class='ocrx_word' id='word_1_158' title='bbox 1756 2453 1877 2506; x_wconf 73' lang='lat' dir='ltr'><strong>qua:</strong></span> <span class='ocrx_word' id='word_1_159' title='bbox 1935 2441 2067 2493; x_wconf 80' lang='lat' dir='ltr'><strong>nihil</strong></span> <span class='ocrx_word' id='word_1_160' title='bbox 2124 2444 2235 2497; x_wconf 87' lang='lat' dir='ltr'><strong>tale</strong></span> 
     </span>
    </p>
   </div>
   <div class='ocr_carea' id='block_1_27' title="bbox 667 2514 2236 2591">
    <p class='ocr_par' dir='ltr' id='par_1_27' title="bbox 667 2514 2236 2591">
     <span class='ocr_line' id='line_1_27' title="bbox 667 2514 2236 2591; baseline 0.017 -27"><span class='ocrx_word' id='word_1_161' title='bbox 667 2514 922 2571; x_wconf 90' lang='lat' dir='ltr'><strong>timentia</strong></span> <span class='ocrx_word' id='word_1_162' title='bbox 959 2534 1156 2575; x_wconf 87' lang='lat' dir='ltr'><strong>secura</strong></span> <span class='ocrx_word' id='word_1_163' title='bbox 1189 2533 1580 2591; x_wconf 82' lang='lat' dir='ltr'><strong>pertranscunt</strong></span> <span class='ocrx_word' id='word_1_164' title='bbox 1617 2548 1631 2582; x_wconf 87' lang='lat'><strong>:</strong></span> <span class='ocrx_word' id='word_1_165' title='bbox 1661 2532 1732 2584; x_wconf 88' lang='lat' dir='ltr'><strong>ita</strong></span> <span class='ocrx_word' id='word_1_166' title='bbox 1770 2534 1934 2586; x_wconf 84' lang='lat' dir='ltr'><strong>etiam</strong></span> <span class='ocrx_word' id='word_1_167' title='bbox 1971 2537 2075 2590; x_wconf 89' lang='lat' dir='ltr'><strong>iste</strong></span> <span class='ocrx_word' id='word_1_168' title='bbox 2109 2535 2236 2591; x_wconf 82' lang='lat' dir='ltr'><strong>fecit</strong></span> 
     </span>
    </p>
   </div>
   <div class='ocr_carea' id='block_1_28' title="bbox 667 2607 1717 2676">
    <p class='ocr_par' dir='ltr' id='par_1_28' title="bbox 667 2607 1717 2676">
     <span class='ocr_line' id='line_1_28' title="bbox 667 2607 1717 2676; baseline 0.016 -19"><span class='ocrx_word' id='word_1_169' title='bbox 667 2607 908 2664; x_wconf 84' lang='lat' dir='ltr'><strong>occultis</strong></span> <span class='ocrx_word' id='word_1_170' title='bbox 936 2626 1072 2665; x_wconf 90' lang='lat' dir='ltr'><strong>usus</strong></span> <span class='ocrx_word' id='word_1_171' title='bbox 1102 2613 1438 2671; x_wconf 88' lang='lat' dir='ltr'><strong>latebrarum</strong></span> <span class='ocrx_word' id='word_1_172' title='bbox 1477 2620 1717 2676; x_wconf 76' lang='lat' dir='ltr'><strong>insidiis.</strong></span> 
     </span>
    </p>
   </div>
   <div class='ocr_carea' id='block_1_29' title="bbox 733 2697 2236 2788">
    <p class='ocr_par' dir='ltr' id='par_1_29' title="bbox 733 2697 2236 2788">
     <span class='ocr_line' id='line_1_29' title="bbox 733 2697 2236 2788; baseline 0.015 -36"><span class='ocrx_word' id='word_1_173' title='bbox 733 2697 1300 2782; x_wconf 76' lang='lat' dir='ltr'><strong>Insidiaturutrapiat</strong></span> <span class='ocrx_word' id='word_1_174' title='bbox 1335 2725 1637 2781; x_wconf 79' lang='lat' dir='ltr'><strong>pauperem,</strong></span> <span class='ocrx_word' id='word_1_175' title='bbox 1671 2727 1726 2768; x_wconf 90' lang='lat' dir='ltr'><strong>ut</strong></span> <span class='ocrx_word' id='word_1_176' title='bbox 1760 2721 2236 2788; x_wconf 74' lang='lat' dir='ltr'><strong>rapiatpauperem</strong></span> 
     </span>
    </p>
   </div>
   <div class='ocr_carea' id='block_1_30' title="bbox 669 2790 2237 2876">
    <p class='ocr_par' dir='ltr' id='par_1_30' title="bbox 669 2790 2237 2876">
     <span class='ocr_line' id='line_1_30' title="bbox 669 2790 2237 2876; baseline 0.015 -34"><span class='ocrx_word' id='word_1_177' title='bbox 669 2790 795 2844; x_wconf 82' lang='lat' dir='ltr'><strong>dum</strong></span> <span class='ocrx_word' id='word_1_178' title='bbox 819 2794 1037 2847; x_wconf 79' lang='lat' dir='ltr'><strong>attrahit</strong></span> <span class='ocrx_word' id='word_1_179' title='bbox 1077 2813 1216 2852; x_wconf 87' lang='lat' dir='ltr'><strong>cum.</strong></span> <span class='ocrx_word' id='word_1_180' title='bbox 1250 2799 1382 2854; x_wconf 88' lang='lat' dir='ltr'><strong>Cum</strong></span> <span class='ocrx_word' id='word_1_181' title='bbox 1418 2791 1555 2857; x_wconf 80' lang='lat' dir='ltr'><strong>leoni</strong></span> <span class='ocrx_word' id='word_1_182' title='bbox 1593 2822 1715 2862; x_wconf 91' lang='lat' dir='ltr'><strong>eum</strong></span> <span class='ocrx_word' id='word_1_183' title='bbox 1758 2808 1830 2862; x_wconf 89' lang='lat' dir='ltr'><strong>ob</strong></span> <span class='ocrx_word' id='word_1_184' title='bbox 1881 2810 2108 2864; x_wconf 84' lang='lat' dir='ltr'><strong>insidias</strong></span> <span class='ocrx_word' id='word_1_185' title='bbox 2134 2853 2148 2876; x_wconf 90' lang='lat'><strong>,</strong></span> <span class='ocrx_word' id='word_1_186' title='bbox 2184 2819 2237 2865; x_wconf 85' lang='lat' dir='ltr'><strong>et</strong></span> 
     </span>
    </p>
   </div>
   <div class='ocr_carea' id='block_1_31' title="bbox 672 2884 2239 2968">
    <p class='ocr_par' dir='ltr' id='par_1_31' title="bbox 672 2884 2239 2968">
     <span class='ocr_line' id='line_1_31' title="bbox 672 2884 2239 2968; baseline 0.015 -34"><span class='ocrx_word' id='word_1_187' title='bbox 672 2884 904 2938; x_wconf 62' lang='lat' dir='ltr'><strong>caedium</strong></span> <span class='ocrx_word' id='word_1_188' title='bbox 937 2888 1292 2958; x_wconf 88' lang='lat' dir='ltr'><strong>cupiditatem</strong></span> <span class='ocrx_word' id='word_1_189' title='bbox 1327 2898 1723 2964; x_wconf 80' lang='lat' dir='ltr'><strong>comparaverit</strong></span> <span class='ocrx_word' id='word_1_190' title='bbox 1757 2939 1770 2962; x_wconf 93' lang='lat'><strong>,</strong></span> <span class='ocrx_word' id='word_1_191' title='bbox 1815 2909 2021 2968; x_wconf 86' lang='lat' dir='ltr'><strong>perstat</strong></span> <span class='ocrx_word' id='word_1_192' title='bbox 2062 2904 2239 2958; x_wconf 85' lang='lat' dir='ltr'><strong>adhuc</strong></span> 
     </span>
    </p>
   </div>
   <div class='ocr_carea' id='block_1_32' title="bbox 673 2971 2234 3062">
    <p class='ocr_par' dir='ltr' id='par_1_32' title="bbox 673 2971 2234 3062">
     <span class='ocr_line' id='line_1_32' title="bbox 673 2971 2234 3062; baseline 0.015 -37"><span class='ocrx_word' id='word_1_193' title='bbox 673 2971 731 3026; x_wconf 80' lang='lat' dir='ltr'><strong>in</strong></span> <span class='ocrx_word' id='word_1_194' title='bbox 761 2979 1197 3044; x_wconf 87' lang='lat' dir='ltr'><strong>comparatione,</strong></span> <span class='ocrx_word' id='word_1_195' title='bbox 1236 2984 1438 3040; x_wconf 86' lang='lat' dir='ltr'><strong>docens</strong></span> <span class='ocrx_word' id='word_1_196' title='bbox 1466 3003 1766 3057; x_wconf 84' lang='lat' dir='ltr'><strong>congruere</strong></span> <span class='ocrx_word' id='word_1_197' title='bbox 1783 2992 1830 3045; x_wconf 88' lang='lat' dir='ltr'><strong>ei</strong></span> <span class='ocrx_word' id='word_1_198' title='bbox 1855 2993 2026 3046; x_wconf 88' lang='lat' dir='ltr'><strong>leonis</strong></span> <span class='ocrx_word' id='word_1_199' title='bbox 2051 3007 2234 3062; x_wconf 85' lang='lat' dir='ltr'><strong>opera.</strong></span> 
     </span>
    </p>
   </div>
   <div class='ocr_carea' id='block_1_33' title="bbox 671 3063 2239 3150">
    <p class='ocr_par' dir='ltr' id='par_1_33' title="bbox 671 3063 2239 3150">
     <span class='ocr_line' id='line_1_33' title="bbox 671 3063 2239 3150; baseline 0.016 -34"><span class='ocrx_word' id='word_1_200' title='bbox 671 3063 858 3133; x_wconf 85' lang='lat' dir='ltr'><strong>lrruit,</strong></span> <span class='ocrx_word' id='word_1_201' title='bbox 891 3067 1084 3138; x_wconf 79' lang='lat' dir='ltr'><strong>inquit,</strong></span> <span class='ocrx_word' id='word_1_202' title='bbox 1113 3081 1170 3124; x_wconf 92' lang='lat' dir='ltr'><strong>ut</strong></span> <span class='ocrx_word' id='word_1_203' title='bbox 1202 3073 1302 3134; x_wconf 87' lang='lat' dir='ltr'><strong>leo,</strong></span> <span class='ocrx_word' id='word_1_204' title='bbox 1332 3087 1389 3129; x_wconf 91' lang='lat' dir='ltr'><strong>ut</strong></span> <span class='ocrx_word' id='word_1_205' title='bbox 1425 3079 1656 3147; x_wconf 50' lang='lat' dir='ltr'><strong>precdam</strong></span> <span class='ocrx_word' id='word_1_206' title='bbox 1695 3083 1890 3150; x_wconf 84' lang='lat' dir='ltr'><strong>rapiat,</strong></span> <span class='ocrx_word' id='word_1_207' title='bbox 1923 3092 1981 3136; x_wconf 88' lang='lat' dir='ltr'><strong>ut</strong></span> <span class='ocrx_word' id='word_1_208' title='bbox 2012 3085 2077 3138; x_wconf 90' lang='lat' dir='ltr'><strong>ad</strong></span> <span class='ocrx_word' id='word_1_209' title='bbox 2107 3089 2239 3140; x_wconf 89' lang='lat' dir='ltr'><strong>late-</strong></span> 
     </span>
    </p>
   </div>
   <div class='ocr_carea' id='block_1_34' title="bbox 2321 584 3878 656">
    <p class='ocr_par' dir='ltr' id='par_1_34' title="bbox 2321 584 3878 656">
     <span class='ocr_line' id='line_1_34' title="bbox 2321 584 3878 656; baseline -0.004 -16"><span class='ocrx_word' id='word_1_210' title='bbox 2321 589 2513 655; x_wconf 65' lang='grc' dir='ltr'>ἐνέδρα</span> <span class='ocrx_word' id='word_1_211' title='bbox 2551 588 2686 656; x_wconf 83' lang='grc' dir='ltr'>μετὰ</span> <span class='ocrx_word' id='word_1_212' title='bbox 2717 588 2826 638; x_wconf 82' lang='grc' dir='ltr'><strong>τῶν</strong></span> <span class='ocrx_word' id='word_1_213' title='bbox 2854 587 3144 647; x_wconf 80' lang='grc' dir='ltr'>πλουσίων,</span> <span class='ocrx_word' id='word_1_214' title='bbox 3176 587 3278 654; x_wconf 80' lang='grc' dir='ltr'>τὴν</span> <span class='ocrx_word' id='word_1_215' title='bbox 3309 584 3508 638; x_wconf 82' lang='grc' dir='ltr'>κακίαν</span> <span class='ocrx_word' id='word_1_216' title='bbox 3541 584 3650 636; x_wconf 84' lang='grc' dir='ltr'>τῶν</span> <span class='ocrx_word' id='word_1_217' title='bbox 3679 585 3878 651; x_wconf 79' lang='grc' dir='ltr'>ἐπιφα-</span> 
     </span>
    </p>
   </div>
   <div class='ocr_carea' id='block_1_35' title="bbox 2324 657 3876 746">
    <p class='ocr_par' dir='ltr' id='par_1_35' title="bbox 2324 675 3876 746">
     <span class='ocr_line' id='line_1_35' title="bbox 2324 675 3876 746; baseline -0.003 -16"><span class='ocrx_word' id='word_1_218' title='bbox 2324 681 2590 745; x_wconf 80' lang='grc' dir='ltr'>νεστέρων</span> <span class='ocrx_word' id='word_1_219' title='bbox 2623 679 2801 746; x_wconf 76' lang='grc' dir='ltr'>αὐτῷ·</span> <span class='ocrx_word' id='word_1_220' title='bbox 2862 677 3083 738; x_wconf 80' lang='grc' dir='ltr'>τούτους</span> <span class='ocrx_word' id='word_1_221' title='bbox 3109 678 3219 744; x_wconf 86' lang='grc' dir='ltr'>γὰρ</span> <span class='ocrx_word' id='word_1_222' title='bbox 3273 676 3350 738; x_wconf 84' lang='grc' dir='ltr'>ὡς</span> <span class='ocrx_word' id='word_1_223' title='bbox 3401 675 3602 742; x_wconf 87' lang='grc' dir='ltr'>ὁμοίως</span> <span class='ocrx_word' id='word_1_224' title='bbox 3659 675 3876 744; x_wconf 78' lang='grc' dir='ltr'>ἔχοντας</span> 
     </span>
    </p>
   </div>
   <div class='ocr_carea' id='block_1_36' title="bbox 2323 764 3882 839">
    <p class='ocr_par' dir='ltr' id='par_1_36' title="bbox 2323 764 3882 839">
     <span class='ocr_line' id='line_1_36' title="bbox 2323 764 3882 839; baseline -0.001 -19"><span class='ocrx_word' id='word_1_225' title='bbox 2323 769 2803 839; x_wconf 73' lang='grc' dir='ltr'><strong>προσεταιρίζεται</strong></span> <span class='ocrx_word' id='word_1_226' title='bbox 2823 785 2834 797; x_wconf 90' lang='grc'><strong>·</strong></span> <span class='ocrx_word' id='word_1_227' title='bbox 2861 764 2981 821; x_wconf 75' lang='grc' dir='ltr'>εἶτα</span> <span class='ocrx_word' id='word_1_228' title='bbox 3021 768 3333 837; x_wconf 80' lang='grc' dir='ltr'>σαφηνίςων</span> <span class='ocrx_word' id='word_1_229' title='bbox 3364 767 3463 835; x_wconf 85' lang='grc' dir='ltr'>τὴν</span> <span class='ocrx_word' id='word_1_230' title='bbox 3491 766 3732 834; x_wconf 81' lang='grc' dir='ltr'>ἕνεδραν,</span> <span class='ocrx_word' id='word_1_231' title='bbox 3766 766 3882 834; x_wconf 72' lang='grc' dir='ltr'><strong>ἅμα</strong></span> 
     </span>
    </p>
   </div>
   <div class='ocr_carea' id='block_1_37' title="bbox 2320 858 3737 930">
    <p class='ocr_par' dir='ltr' id='par_1_37' title="bbox 2320 858 3737 930">
     <span class='ocr_line' id='line_1_37' title="bbox 2320 858 3737 930; baseline -0.003 -18"><span class='ocrx_word' id='word_1_232' title='bbox 2320 861 2375 912; x_wconf 84' lang='grc' dir='ltr'><strong>δὲ</strong></span> <span class='ocrx_word' id='word_1_233' title='bbox 2408 862 2503 913; x_wconf 80' lang='grc' dir='ltr'>καὶ</span> <span class='ocrx_word' id='word_1_234' title='bbox 2530 860 2624 930; x_wconf 82' lang='grc' dir='ltr'><strong>τὴν</strong></span> <span class='ocrx_word' id='word_1_235' title='bbox 2648 862 2827 913; x_wconf 79' lang='grc' dir='ltr'><strong>αἰτίαν</strong></span> <span class='ocrx_word' id='word_1_236' title='bbox 2861 859 3031 928; x_wconf 77' lang='grc' dir='ltr'>αὐτῆς</span> <span class='ocrx_word' id='word_1_237' title='bbox 3068 858 3399 929; x_wconf 68' lang='grc' dir='ltr'>προστιθεὶς,</span> <span class='ocrx_word' id='word_1_238' title='bbox 3427 859 3706 928; x_wconf 79' lang='grc' dir='ltr'><strong>ἐπήγαγεν</strong></span> <span class='ocrx_word' id='word_1_239' title='bbox 3724 874 3737 886; x_wconf 89' lang='grc'><strong>·</strong></span> 
     </span>
    </p>
   </div>
   <div class='ocr_carea' id='block_1_38' title="bbox 2405 1036 3882 1110">
    <p class='ocr_par' dir='ltr' id='par_1_38' title="bbox 2405 1036 3882 1110">
     <span class='ocr_line' id='line_1_38' title="bbox 2405 1036 3882 1110; baseline -0.005 -16"><span class='ocrx_word' id='word_1_240' title='bbox 2405 1040 2508 1094; x_wconf 87' lang='grc' dir='ltr'>Ἕν</span> <span class='ocrx_word' id='word_1_241' title='bbox 2533 1041 2904 1110; x_wconf 77' lang='grc' dir='ltr'>ἀποκρύφοις</span> <span class='ocrx_word' id='word_1_242' title='bbox 2939 1040 3042 1094; x_wconf 86' lang='grc' dir='ltr'>τοῦ</span> <span class='ocrx_word' id='word_1_243' title='bbox 3083 1039 3430 1094; x_wconf 78' lang='grc' dir='ltr'>ἀποκτεῖναι</span> <span class='ocrx_word' id='word_1_244' title='bbox 3479 1037 3695 1091; x_wconf 82' lang='grc' dir='ltr'>ἀθῶον.</span> <span class='ocrx_word' id='word_1_245' title='bbox 3721 1036 3882 1087; x_wconf 79' lang='grc' dir='ltr'>’Ὥστε</span> 
     </span>
    </p>
   </div>
   <div class='ocr_carea' id='block_1_39' title="bbox 2325 1127 3882 1202">
    <p class='ocr_par' dir='ltr' id='par_1_39' title="bbox 2325 1127 3882 1202">
     <span class='ocr_line' id='line_1_39' title="bbox 2325 1127 3882 1202; baseline -0.004 -17"><span class='ocrx_word' id='word_1_246' title='bbox 2325 1133 2634 1186; x_wconf 77' lang='grc' dir='ltr'><strong>θανατῶσαι</strong></span> <span class='ocrx_word' id='word_1_247' title='bbox 2686 1132 2972 1202; x_wconf 79' lang='grc' dir='ltr'>ἄνθρωπον</span> <span class='ocrx_word' id='word_1_248' title='bbox 3005 1131 3267 1191; x_wconf 84' lang='grc' dir='ltr'>ἀναίτιον,</span> <span class='ocrx_word' id='word_1_249' title='bbox 3318 1128 3484 1198; x_wconf 79' lang='grc' dir='ltr'>μηδὲν</span> <span class='ocrx_word' id='word_1_250' title='bbox 3519 1127 3882 1195; x_wconf 84' lang='grc' dir='ltr'>ἀδικήσαντα.</span> 
     </span>
    </p>
   </div>
   <div class='ocr_carea' id='block_1_40' title="bbox 2325 1216 3887 1295">
    <p class='ocr_par' dir='ltr' id='par_1_40' title="bbox 2325 1216 3887 1295">
     <span class='ocr_line' id='line_1_40' title="bbox 2325 1216 3887 1295; baseline -0.005 -19"><span class='ocrx_word' id='word_1_251' title='bbox 2325 1226 2398 1278; x_wconf 78' lang='grc' dir='ltr'><strong>Τὸ</strong></span> <span class='ocrx_word' id='word_1_252' title='bbox 2430 1226 2534 1278; x_wconf 86' lang='grc' dir='ltr'>τοῦ</span> <span class='ocrx_word' id='word_1_253' title='bbox 2566 1226 2674 1295; x_wconf 81' lang='grc' dir='ltr'><strong>γὰρ</strong></span> <span class='ocrx_word' id='word_1_254' title='bbox 2730 1223 3094 1290; x_wconf 77' lang='grc' dir='ltr'>αἰτιολογικὸν</span> <span class='ocrx_word' id='word_1_255' title='bbox 3148 1221 3409 1282; x_wconf 82' lang='grc' dir='ltr'><strong>πολλάκις</strong></span> <span class='ocrx_word' id='word_1_256' title='bbox 3465 1216 3887 1292; x_wconf 64' lang='grc' dir='ltr'>παραλαμβάνει</span> 
     </span>
    </p>
   </div>
   <div class='ocr_carea' id='block_1_41' title="bbox 2324 1317 3107 1386">
    <p class='ocr_par' dir='ltr' id='par_1_41' title="bbox 2324 1317 3107 1386">
     <span class='ocr_line' id='line_1_41' title="bbox 2324 1317 3107 1386; baseline -0.005 -15"><span class='ocrx_word' id='word_1_257' title='bbox 2324 1317 2434 1371; x_wconf 83' lang='grc' dir='ltr'><strong>τῶν</strong></span> <span class='ocrx_word' id='word_1_258' title='bbox 2466 1318 2715 1371; x_wconf 85' lang='grc' dir='ltr'>παλαιῶν</span> <span class='ocrx_word' id='word_1_259' title='bbox 2741 1319 2772 1386; x_wconf 85' lang='grc' dir='ltr'>ἠ</span> <span class='ocrx_word' id='word_1_260' title='bbox 2805 1317 3107 1379; x_wconf 79' lang='grc' dir='ltr'>διάλεκτος.</span> 
     </span>
    </p>
   </div>
   <div class='ocr_carea' id='block_1_42' title="bbox 2399 1398 3890 1478">
    <p class='ocr_par' dir='ltr' id='par_1_42' title="bbox 2399 1398 3890 1478">
     <span class='ocr_line' id='line_1_42' title="bbox 2399 1398 3890 1478; baseline -0.008 -17"><span class='ocrx_word' id='word_1_261' title='bbox 2399 1413 2462 1462; x_wconf 77' lang='lat' dir='ltr'><strong>Ol</strong></span> <span class='ocrx_word' id='word_1_262' title='bbox 2512 1410 2805 1476; x_wconf 69' lang='grc' dir='ltr'>ὀφθαλμοί</span> <span class='ocrx_word' id='word_1_263' title='bbox 2853 1407 3042 1478; x_wconf 67' lang='grc' dir='ltr'>αὑτοῦ</span> <span class='ocrx_word' id='word_1_264' title='bbox 3082 1406 3170 1470; x_wconf 78' lang='grc' dir='ltr'>εις</span> <span class='ocrx_word' id='word_1_265' title='bbox 3207 1404 3317 1457; x_wconf 82' lang='grc' dir='ltr'>τὸν</span> <span class='ocrx_word' id='word_1_266' title='bbox 3362 1403 3589 1468; x_wconf 81' lang='grc' dir='ltr'>πένητα</span> <span class='ocrx_word' id='word_1_267' title='bbox 3631 1398 3890 1453; x_wconf 72' lang='grc' dir='ltr'>ἀποϐλέ-</span> 
     </span>
    </p>
   </div>
   <div class='ocr_carea' id='block_1_43' title="bbox 2327 1485 3889 1568">
    <p class='ocr_par' dir='ltr' id='par_1_43' title="bbox 2327 1485 3889 1568">
     <span class='ocr_line' id='line_1_43' title="bbox 2327 1485 3889 1568; baseline -0.008 -15"><span class='ocrx_word' id='word_1_268' title='bbox 2327 1517 2533 1556; x_wconf 81' lang='grc' dir='ltr'>πουσι.</span> <span class='ocrx_word' id='word_1_269' title='bbox 2584 1501 2695 1568; x_wconf 81' lang='grc' dir='ltr'><strong>Τὴν</strong></span> <span class='ocrx_word' id='word_1_270' title='bbox 2742 1485 2980 1568; x_wconf 73' lang='grc' dir='ltr'>ἔμμονον</span> <span class='ocrx_word' id='word_1_271' title='bbox 3031 1497 3194 1552; x_wconf 82' lang='grc' dir='ltr'>αὐτοῦ</span> <span class='ocrx_word' id='word_1_272' title='bbox 3246 1492 3598 1557; x_wconf 82' lang='grc' dir='ltr'>κατασκοπὴν</span> <span class='ocrx_word' id='word_1_273' title='bbox 3653 1489 3889 1542; x_wconf 70' lang='grc' dir='ltr'>ἐνταῦθα</span> 
     </span>
    </p>
   </div>
   <div class='ocr_carea' id='block_1_44' title="bbox 2325 1580 3889 1661">
    <p class='ocr_par' dir='ltr' id='par_1_44' title="bbox 2325 1580 3889 1661">
     <span class='ocr_line' id='line_1_44' title="bbox 2325 1580 3889 1661; baseline -0.01 -15"><span class='ocrx_word' id='word_1_274' title='bbox 2325 1595 2614 1661; x_wconf 86' lang='grc' dir='ltr'>διηγεῖται,</span> <span class='ocrx_word' id='word_1_275' title='bbox 2653 1590 2938 1660; x_wconf 83' lang='grc' dir='ltr'>βλέποντος</span> <span class='ocrx_word' id='word_1_276' title='bbox 2971 1589 3196 1653; x_wconf 77' lang='grc' dir='ltr'><strong>ἀτενῶς,</strong></span> <span class='ocrx_word' id='word_1_277' title='bbox 3226 1588 3356 1640; x_wconf 83' lang='grc' dir='ltr'>πότε</span> <span class='ocrx_word' id='word_1_278' title='bbox 3385 1583 3648 1655; x_wconf 82' lang='grc' dir='ltr'><strong>παριόντα</strong></span> <span class='ocrx_word' id='word_1_279' title='bbox 3699 1580 3889 1633; x_wconf 73' lang='grc' dir='ltr'>τοῦτον</span> 
     </span>
    </p>
   </div>
   <div class='ocr_carea' id='block_1_45' title="bbox 2328 1681 2980 1752">
    <p class='ocr_par' dir='ltr' id='par_1_45' title="bbox 2328 1681 2980 1752">
     <span class='ocr_line' id='line_1_45' title="bbox 2328 1681 2980 1752; baseline 0 -18"><span class='ocrx_word' id='word_1_280' title='bbox 2328 1683 2599 1752; x_wconf 76' lang='grc' dir='ltr'><strong>εὐκαίρως</strong></span> <span class='ocrx_word' id='word_1_281' title='bbox 2631 1681 2980 1751; x_wconf 77' lang='grc' dir='ltr'><strong>συλλήψεται.</strong></span> 
     </span>
    </p>
   </div>
   <div class='ocr_carea' id='block_1_46' title="bbox 2402 1867 3896 1948">
    <p class='ocr_par' dir='ltr' id='par_1_46' title="bbox 2402 1867 3896 1948">
     <span class='ocr_line' id='line_1_46' title="bbox 2402 1867 3896 1948; baseline -0.01 -15"><span class='ocrx_word' id='word_1_282' title='bbox 2402 1881 2728 1948; x_wconf 80' lang='grc' dir='ltr'>Ἐνεδρεύει</span> <span class='ocrx_word' id='word_1_283' title='bbox 2750 1880 2820 1932; x_wconf 85' lang='grc' dir='ltr'>ἐν</span> <span class='ocrx_word' id='word_1_284' title='bbox 2842 1877 3170 1945; x_wconf 66' lang='grc' dir='ltr'>’ἀποκρύφῳ</span> <span class='ocrx_word' id='word_1_285' title='bbox 3190 1876 3268 1940; x_wconf 87' lang='grc' dir='ltr'>ὠς</span> <span class='ocrx_word' id='word_1_286' title='bbox 3286 1874 3444 1926; x_wconf 75' lang='grc' dir='ltr'>λέων</span> <span class='ocrx_word' id='word_1_287' title='bbox 3465 1871 3534 1925; x_wconf 82' lang='grc' dir='ltr'>ὲν</span> <span class='ocrx_word' id='word_1_288' title='bbox 3559 1868 3633 1936; x_wconf 78' lang='grc' dir='ltr'>τῇ</span> <span class='ocrx_word' id='word_1_289' title='bbox 3658 1867 3896 1936; x_wconf 73' lang='grc' dir='ltr'>μάνὸρᾳ</span> 
     </span>
    </p>
   </div>
   <div class='ocr_carea' id='block_1_47' title="bbox 2330 1959 3894 2034">
    <p class='ocr_par' dir='ltr' id='par_1_47' title="bbox 2330 1959 3894 2034">
     <span class='ocr_line' id='line_1_47' title="bbox 2330 1959 3894 2034; baseline -0.009 -10"><span class='ocrx_word' id='word_1_290' title='bbox 2330 1972 2534 2024; x_wconf 81' lang='grc' dir='ltr'>αὑτοῦ.</span> <span class='ocrx_word' id='word_1_291' title='bbox 2601 1970 2675 2023; x_wconf 83' lang='grc' dir='ltr'><strong>Τὸ</strong></span> <span class='ocrx_word' id='word_1_292' title='bbox 2721 1970 2851 2022; x_wconf 74' lang='grc' dir='ltr'>αὐτὸ</span> <span class='ocrx_word' id='word_1_293' title='bbox 2886 1970 2976 2021; x_wconf 68' lang='grc' dir='ltr'><strong>καὶ</strong></span> <span class='ocrx_word' id='word_1_294' title='bbox 3023 1966 3118 2020; x_wconf 80' lang='grc' dir='ltr'>νῦν</span> <span class='ocrx_word' id='word_1_295' title='bbox 3177 1965 3346 2034; x_wconf 76' lang='grc' dir='ltr'>δηλοῖ,</span> <span class='ocrx_word' id='word_1_296' title='bbox 3406 1963 3503 2033; x_wconf 80' lang='grc' dir='ltr'>τὴν</span> <span class='ocrx_word' id='word_1_297' title='bbox 3556 1959 3894 2028; x_wconf 78' lang='grc' dir='ltr'><strong>πανουργίαν</strong></span> 
     </span>
    </p>
   </div>
   <div class='ocr_carea' id='block_1_48' title="bbox 2331 2047 3894 2131">
    <p class='ocr_par' dir='ltr' id='par_1_48' title="bbox 2331 2051 3894 2131">
     <span class='ocr_line' id='line_1_48' title="bbox 2331 2051 3894 2131; baseline -0.009 -16"><span class='ocrx_word' id='word_1_298' title='bbox 2331 2064 2541 2116; x_wconf 76' lang='grc' dir='ltr'>ἐκείνου</span> <span class='ocrx_word' id='word_1_299' title='bbox 2603 2062 2853 2131; x_wconf 75' lang='grc' dir='ltr'><strong>ποικίλην</strong></span> <span class='ocrx_word' id='word_1_300' title='bbox 2909 2057 3299 2128; x_wconf 76' lang='grc' dir='ltr'>ὲκπομπεύων,</span> <span class='ocrx_word' id='word_1_301' title='bbox 3352 2057 3445 2108; x_wconf 75' lang='grc' dir='ltr'><strong>καὶ</strong></span> <span class='ocrx_word' id='word_1_302' title='bbox 3502 2053 3693 2122; x_wconf 77' lang='grc' dir='ltr'>θηρίον</span> <span class='ocrx_word' id='word_1_303' title='bbox 3729 2051 3894 2104; x_wconf 75' lang='grc' dir='ltr'>αὐτὸν</span> 
     </span>
    </p>
   </div>
   <div class='ocr_carea' id='block_1_49' title="bbox 2333 2139 3896 2222">
    <p class='ocr_par' dir='ltr' id='par_1_49' title="bbox 2333 2139 3896 2222">
     <span class='ocr_line' id='line_1_49' title="bbox 2333 2139 3896 2222; baseline -0.012 -15"><span class='ocrx_word' id='word_1_304' title='bbox 2333 2154 2591 2222; x_wconf 82' lang='grc' dir='ltr'>ἄντικρυς</span> <span class='ocrx_word' id='word_1_305' title='bbox 2650 2149 3017 2219; x_wconf 82' lang='grc' dir='ltr'><strong>γεγενημένον</strong></span> <span class='ocrx_word' id='word_1_306' title='bbox 3046 2147 3369 2198; x_wconf 74' lang='grc' dir='ltr'>’δείκνυσιν.</span> <span class='ocrx_word' id='word_1_307' title='bbox 3405 2145 3620 2210; x_wconf 79' lang='grc' dir='ltr'>Ὥσπερ</span> <span class='ocrx_word' id='word_1_308' title='bbox 3675 2143 3703 2193; x_wconf 77' lang='grc' dir='ltr'><strong>ὁ</strong></span> <span class='ocrx_word' id='word_1_309' title='bbox 3755 2139 3896 2191; x_wconf 74' lang='grc' dir='ltr'>λέων</span> 
     </span>
    </p>
   </div>
   <div class='ocr_carea' id='block_1_50' title="bbox 2332 2229 3898 2312">
    <p class='ocr_par' dir='ltr' id='par_1_50' title="bbox 2332 2229 3898 2312">
     <span class='ocr_line' id='line_1_50' title="bbox 2332 2229 3898 2312; baseline -0.01 -17"><span class='ocrx_word' id='word_1_310' title='bbox 2332 2242 2411 2312; x_wconf 80' lang='grc' dir='ltr'>τῷ</span> <span class='ocrx_word' id='word_1_311' title='bbox 2474 2242 2660 2312; x_wconf 84' lang='grc' dir='ltr'>οἰκείῳ</span> <span class='ocrx_word' id='word_1_312' title='bbox 2712 2240 2905 2308; x_wconf 83' lang='grc' dir='ltr'>φωλεῷ</span> <span class='ocrx_word' id='word_1_313' title='bbox 2960 2236 3405 2306; x_wconf 81' lang='grc' dir='ltr'>ὲγκρυπτόμενος</span> <span class='ocrx_word' id='word_1_314' title='bbox 3445 2251 3457 2264; x_wconf 77' lang='grc' dir='ltr'><strong><em>ο</em></strong></span> <span class='ocrx_word' id='word_1_315' title='bbox 3497 2231 3653 2284; x_wconf 82' lang='grc' dir='ltr'>τοῦτο</span> <span class='ocrx_word' id='word_1_316' title='bbox 3705 2231 3815 2298; x_wconf 80' lang='grc' dir='ltr'>γὰρ</span> <span class='ocrx_word' id='word_1_317' title='bbox 3864 2229 3898 2297; x_wconf 86' lang='grc' dir='ltr'>ἠ</span> 
     </span>
    </p>
   </div>
   <div class='ocr_carea' id='block_1_51' title="bbox 2339 2319 3903 2401">
    <p class='ocr_par' dir='ltr' id='par_1_51' title="bbox 2339 2319 3903 2401">
     <span class='ocr_line' id='line_1_51' title="bbox 2339 2319 3903 2401; baseline -0.011 -17"><span class='ocrx_word' id='word_1_318' title='bbox 2339 2331 2549 2401; x_wconf 70' lang='grc' dir='ltr'>μ-ἅνδρα</span> <span class='ocrx_word' id='word_1_319' title='bbox 2613 2329 2902 2399; x_wconf 81' lang='grc' dir='ltr'>βούλεται·</span> <span class='ocrx_word' id='word_1_320' title='bbox 2938 2330 3051 2388; x_wconf 81' lang='grc' dir='ltr'>τοῖς</span> <span class='ocrx_word' id='word_1_321' title='bbox 3097 2323 3508 2391; x_wconf 79' lang='grc' dir='ltr'><strong>ἀσθενεστέροις</strong></span> <span class='ocrx_word' id='word_1_322' title='bbox 3562 2319 3724 2383; x_wconf 79' lang='grc' dir='ltr'>ζώοις</span> <span class='ocrx_word' id='word_1_323' title='bbox 3781 2320 3903 2369; x_wconf 76' lang='grc' dir='ltr'>ἑπι-</span> 
     </span>
    </p>
   </div>
   <div class='ocr_carea' id='block_1_52' title="bbox 2337 2403 3898 2490">
    <p class='ocr_par' dir='ltr' id='par_1_52' title="bbox 2337 2403 3898 2490">
     <span class='ocr_line' id='line_1_52' title="bbox 2337 2403 3898 2490; baseline -0.01 -16"><span class='ocrx_word' id='word_1_324' title='bbox 2337 2422 2582 2475; x_wconf 80' lang='grc' dir='ltr'>ϐουλεύει</span> <span class='ocrx_word' id='word_1_325' title='bbox 2601 2463 2615 2487; x_wconf 91' lang='grc'><strong>,</strong></span> <span class='ocrx_word' id='word_1_326' title='bbox 2642 2420 3071 2490; x_wconf 78' lang='grc' dir='ltr'><strong>παρερχομένοις</strong></span> <span class='ocrx_word' id='word_1_327' title='bbox 3099 2417 3384 2484; x_wconf 76' lang='grc' dir='ltr'>ἀπονὴρως</span> <span class='ocrx_word' id='word_1_328' title='bbox 3405 2431 3418 2444; x_wconf 78' lang='grc'><em>’</em></span> <span class='ocrx_word' id='word_1_329' title='bbox 3446 2412 3588 2472; x_wconf 66' lang='grc' dir='ltr'>οὓτω</span> <span class='ocrx_word' id='word_1_330' title='bbox 3616 2411 3710 2462; x_wconf 74' lang='grc' dir='ltr'>καὶ</span> <span class='ocrx_word' id='word_1_331' title='bbox 3740 2403 3898 2468; x_wconf 71' lang='grc' dir='ltr'>οὗτος</span> 
     </span>
    </p>
   </div>
   <div class='ocr_carea' id='block_1_53' title="bbox 2338 2505 3652 2582">
    <p class='ocr_par' dir='ltr' id='par_1_53' title="bbox 2338 2505 3652 2582">
     <span class='ocr_line' id='line_1_53' title="bbox 2338 2505 3652 2582; baseline -0.01 -15"><span class='ocrx_word' id='word_1_332' title='bbox 2338 2517 2502 2580; x_wconf 81' lang='grc' dir='ltr'>ποιεῖ,</span> <span class='ocrx_word' id='word_1_333' title='bbox 2529 2514 2604 2582; x_wconf 81' lang='grc' dir='ltr'>τῷ</span> <span class='ocrx_word' id='word_1_334' title='bbox 2629 2513 2932 2581; x_wconf 70' lang='grc' dir='ltr'>ἀποκρύφῳ</span> <span class='ocrx_word' id='word_1_335' title='bbox 2955 2509 3107 2578; x_wconf 81' lang='grc' dir='ltr'>τόπῳ</span> <span class='ocrx_word' id='word_1_336' title='bbox 3138 2506 3330 2574; x_wconf 79' lang='grc' dir='ltr'><strong>φωλεῷ</strong></span> <span class='ocrx_word' id='word_1_337' title='bbox 3351 2505 3652 2575; x_wconf 81' lang='grc' dir='ltr'>χρώμενος.</span> 
     </span>
    </p>
   </div>
   <div class='ocr_carea' id='block_1_54' title="bbox 2419 2689 3903 2768">
    <p class='ocr_par' dir='ltr' id='par_1_54' title="bbox 2419 2689 3903 2768">
     <span class='ocr_line' id='line_1_54' title="bbox 2419 2689 3903 2768; baseline -0.009 -13"><span class='ocrx_word' id='word_1_338' title='bbox 2419 2702 2743 2768; x_wconf 83' lang='grc' dir='ltr'>Ἔνεδρεύει</span> <span class='ocrx_word' id='word_1_339' title='bbox 2802 2702 2906 2754; x_wconf 81' lang='grc' dir='ltr'>τοῦ</span> <span class='ocrx_word' id='word_1_340' title='bbox 2959 2700 3223 2768; x_wconf 78' lang='grc' dir='ltr'>ἁρπάσαι</span> <span class='ocrx_word' id='word_1_341' title='bbox 3331 2695 3518 2764; x_wconf 83' lang='grc' dir='ltr'>τωχὸν</span> <span class='ocrx_word' id='word_1_342' title='bbox 3543 2735 3557 2754; x_wconf 84' lang='grc'><strong>,</strong></span> <span class='ocrx_word' id='word_1_343' title='bbox 3632 2689 3903 2762; x_wconf 75' lang='grc' dir='ltr'>ἁρπάσαι</span> 
     </span>
    </p>
   </div>
   <div class='ocr_carea' id='block_1_55' title="bbox 2340 2782 3902 2861">
    <p class='ocr_par' dir='ltr' id='par_1_55' title="bbox 2340 2782 3902 2861">
     <span class='ocr_line' id='line_1_55' title="bbox 2340 2782 3902 2861; baseline -0.009 -15"><span class='ocrx_word' id='word_1_344' title='bbox 2340 2793 2576 2861; x_wconf 74' lang='grc' dir='ltr'>πτωχὸν</span> <span class='ocrx_word' id='word_1_345' title='bbox 2596 2792 2759 2856; x_wconf 78' lang='grc' dir='ltr'>ἐντῷ</span> <span class='ocrx_word' id='word_1_346' title='bbox 2790 2792 3046 2848; x_wconf 69' lang='grc' dir='ltr'>ὲλιιῦσαι</span> <span class='ocrx_word' id='word_1_347' title='bbox 3090 2791 3298 2842; x_wconf 83' lang='grc' dir='ltr'>αὐτόν.</span> <span class='ocrx_word' id='word_1_348' title='bbox 3352 2787 3538 2839; x_wconf 79' lang='grc' dir='ltr'>Λέοντι</span> <span class='ocrx_word' id='word_1_349' title='bbox 3568 2785 3675 2853; x_wconf 76' lang='grc' dir='ltr'>γὰρ</span> <span class='ocrx_word' id='word_1_350' title='bbox 3736 2782 3902 2836; x_wconf 81' lang='grc' dir='ltr'>αὐτὸν</span> 
     </span>
    </p>
   </div>
   <div class='ocr_carea' id='block_1_56' title="bbox 2339 2874 3944 2954">
    <p class='ocr_par' dir='ltr' id='par_1_56' title="bbox 2339 2874 3944 2954">
     <span class='ocr_line' id='line_1_56' title="bbox 2339 2874 3944 2954; baseline -0.009 -18"><span class='ocrx_word' id='word_1_351' title='bbox 2339 2885 2663 2950; x_wconf 71' lang='grc' dir='ltr'>ἀπεικάσας,</span> <span class='ocrx_word' id='word_1_352' title='bbox 2700 2885 2842 2938; x_wconf 86' lang='grc' dir='ltr'>κατά</span> <span class='ocrx_word' id='word_1_353' title='bbox 2876 2901 2933 2935; x_wconf 86' lang='grc' dir='ltr'><strong>τε</strong></span> <span class='ocrx_word' id='word_1_354' title='bbox 2980 2883 3078 2954; x_wconf 80' lang='grc' dir='ltr'>τὴν</span> <span class='ocrx_word' id='word_1_355' title='bbox 3119 2879 3432 2947; x_wconf 73' lang='grc' dir='ltr'>ἐπιϐουλὴν,</span> <span class='ocrx_word' id='word_1_356' title='bbox 3490 2878 3588 2929; x_wconf 70' lang='grc' dir='ltr'>καὶ</span> <span class='ocrx_word' id='word_1_357' title='bbox 3638 2874 3736 2945; x_wconf 83' lang='grc' dir='ltr'>τὴν</span> <span class='ocrx_word' id='word_1_358' title='bbox 3787 2875 3904 2926; x_wconf 86' lang='grc' dir='ltr'><strong>ἀπ-</strong></span> <span class='ocrx_word' id='word_1_359' title='bbox 3942 2941 3944 2948; x_wconf 32' lang='grc' dir='ltr'><strong>Ι</strong></span> 
     </span>
    </p>
   </div>
   <div class='ocr_carea' id='block_1_57' title="bbox 2341 2968 3908 3046">
    <p class='ocr_par' dir='ltr' id='par_1_57' title="bbox 2341 2968 3908 3046">
     <span class='ocr_line' id='line_1_57' title="bbox 2341 2968 3908 3046; baseline -0.01 -18"><span class='ocrx_word' id='word_1_360' title='bbox 2341 2976 2548 3046; x_wconf 77' lang='grc' dir='ltr'>ήνειαν,</span> <span class='ocrx_word' id='word_1_361' title='bbox 2576 2975 2671 3028; x_wconf 65' lang='grc' dir='ltr'><strong>καὶ</strong></span> <span class='ocrx_word' id='word_1_362' title='bbox 2701 2977 2758 3026; x_wconf 82' lang='grc' dir='ltr'><strong>τὸ</strong></span> <span class='ocrx_word' id='word_1_363' title='bbox 2791 2974 3040 3041; x_wconf 72' lang='grc' dir='ltr'>φονικὸν,</span> <span class='ocrx_word' id='word_1_364' title='bbox 3094 2971 3348 3040; x_wconf 74' lang='grc' dir='ltr'><strong>ἐπέμεινε</strong></span> <span class='ocrx_word' id='word_1_365' title='bbox 3391 2971 3456 3038; x_wconf 80' lang='grc' dir='ltr'>τῇ</span> <span class='ocrx_word' id='word_1_366' title='bbox 3495 2968 3692 3034; x_wconf 79' lang='grc' dir='ltr'>τροπῇ,</span> <span class='ocrx_word' id='word_1_367' title='bbox 3733 2979 3908 3032; x_wconf 73' lang='grc' dir='ltr'>προσυ-</span> 
     </span>
    </p>
   </div>
   <div class='ocr_carea' id='block_1_58' title="bbox 2341 3055 3904 3136">
    <p class='ocr_par' dir='ltr' id='par_1_58' title="bbox 2341 3055 3904 3136">
     <span class='ocr_line' id='line_1_58' title="bbox 2341 3055 3904 3136; baseline -0.008 -17"><span class='ocrx_word' id='word_1_368' title='bbox 2341 3067 2595 3136; x_wconf 78' lang='grc' dir='ltr'>αρμόζων</span> <span class='ocrx_word' id='word_1_369' title='bbox 2631 3065 2779 3134; x_wconf 85' lang='grc' dir='ltr'>αὐτῷ</span> <span class='ocrx_word' id='word_1_370' title='bbox 2810 3065 2876 3117; x_wconf 77' lang='grc' dir='ltr'>τὰ</span> <span class='ocrx_word' id='word_1_371' title='bbox 2901 3065 3036 3134; x_wconf 80' lang='grc' dir='ltr'>ἔργα</span> <span class='ocrx_word' id='word_1_372' title='bbox 3061 3062 3155 3116; x_wconf 82' lang='grc' dir='ltr'><strong>τοῦ</strong></span> <span class='ocrx_word' id='word_1_373' title='bbox 3185 3062 3419 3120; x_wconf 81' lang='grc' dir='ltr'>λέοντος.</span> <span class='ocrx_word' id='word_1_374' title='bbox 3473 3056 3736 3124; x_wconf 79' lang='grc' dir='ltr'>’Λρπάξει</span> <span class='ocrx_word' id='word_1_375' title='bbox 3769 3055 3904 3122; x_wconf 84' lang='grc' dir='ltr'>γὰρ,</span> 
     </span>
    </p>
   </div>
   <div class='ocr_carea' id='block_1_59' title="bbox 676 3144 2237 3243">
    <p class='ocr_par' dir='ltr' id='par_1_59' title="bbox 676 3157 2237 3243">
     <span class='ocr_line' id='line_1_59' title="bbox 676 3157 2237 3243; baseline 0.013 -33"><span class='ocrx_word' id='word_1_376' title='bbox 676 3157 806 3212; x_wconf 89' lang='lat' dir='ltr'><strong>bras</strong></span> <span class='ocrx_word' id='word_1_377' title='bbox 853 3160 1054 3214; x_wconf 83' lang='lat' dir='ltr'><strong>trahat.</strong></span> <span class='ocrx_word' id='word_1_378' title='bbox 1075 3162 1254 3232; x_wconf 82' lang='lat' dir='ltr'><strong>Neque</strong></span> <span class='ocrx_word' id='word_1_379' title='bbox 1278 3167 1422 3220; x_wconf 92' lang='lat' dir='ltr'><strong>enim</strong></span> <span class='ocrx_word' id='word_1_380' title='bbox 1445 3169 1731 3225; x_wconf 88' lang='lat' dir='ltr'><strong>insidiatur</strong></span> <span class='ocrx_word' id='word_1_381' title='bbox 1747 3181 1801 3225; x_wconf 91' lang='lat' dir='ltr'><strong>ut</strong></span> <span class='ocrx_word' id='word_1_382' title='bbox 1819 3172 1985 3227; x_wconf 81' lang='lat' dir='ltr'><strong>feram</strong></span> <span class='ocrx_word' id='word_1_383' title='bbox 2002 3176 2237 3243; x_wconf 85' lang='lat' dir='ltr'><strong>aliquam</strong></span> 
     </span>
    </p>
   </div>
   <div class='ocr_carea' id='block_1_60' title="bbox 2344 3144 3908 3243">
    <p class='ocr_par' dir='ltr' id='par_1_60' title="bbox 2344 3144 3908 3243">
     <span class='ocr_line' id='line_1_60' title="bbox 2344 3144 3908 3243; baseline -0.012 -28"><span class='ocrx_word' id='word_1_384' title='bbox 2344 3159 2620 3215; x_wconf 73' lang='grc' dir='ltr'>ἐπιπεσὼν</span> <span class='ocrx_word' id='word_1_385' title='bbox 2669 3160 2932 3228; x_wconf 76' lang='grc' dir='ltr'>αἰφνίδιον</span> <span class='ocrx_word' id='word_1_386' title='bbox 2985 3161 3012 3210; x_wconf 86' lang='grc' dir='ltr'>ὁ</span> <span class='ocrx_word' id='word_1_387' title='bbox 3056 3157 3213 3217; x_wconf 80' lang='grc' dir='ltr'>λέων,</span> <span class='ocrx_word' id='word_1_388' title='bbox 3271 3155 3368 3206; x_wconf 73' lang='grc' dir='ltr'>καὶ</span> <span class='ocrx_word' id='word_1_389' title='bbox 3430 3149 3612 3204; x_wconf 78' lang='grc' dir='ltr'>ὲλκύει</span> <span class='ocrx_word' id='word_1_390' title='bbox 3651 3149 3786 3243; x_wconf 78' lang='grc' dir='ltr'>πρὸς</span> <span class='ocrx_word' id='word_1_391' title='bbox 3808 3144 3908 3243; x_wconf 67' lang='grc' dir='ltr'>τὴν</span> 
     </span>
    </p>
   </div>
   <div class='ocr_carea' id='block_1_61' title="bbox 675 3250 2232 3334">
    <p class='ocr_par' dir='ltr' id='par_1_61' title="bbox 675 3250 2232 3334">
     <span class='ocr_line' id='line_1_61' title="bbox 675 3250 2232 3334; baseline 0.014 -33"><span class='ocrx_word' id='word_1_392' title='bbox 675 3250 1042 3317; x_wconf 84' lang='lat' dir='ltr'><strong>perniciosam</strong></span> <span class='ocrx_word' id='word_1_393' title='bbox 1073 3265 1169 3309; x_wconf 91' lang='lat' dir='ltr'><strong>aut</strong></span> <span class='ocrx_word' id='word_1_394' title='bbox 1194 3255 1468 3313; x_wconf 88' lang='lat' dir='ltr'><strong>inimicam</strong></span> <span class='ocrx_word' id='word_1_395' title='bbox 1494 3261 1693 3329; x_wconf 86' lang='lat' dir='ltr'><strong>capiat,</strong></span> <span class='ocrx_word' id='word_1_396' title='bbox 1717 3263 1808 3316; x_wconf 85' lang='lat' dir='ltr'><strong>sed</strong></span> <span class='ocrx_word' id='word_1_397' title='bbox 1833 3273 1890 3317; x_wconf 90' lang='lat' dir='ltr'><strong>ut</strong></span> <span class='ocrx_word' id='word_1_398' title='bbox 1921 3280 2232 3334; x_wconf 86' lang='lat' dir='ltr'><strong>pauperem,</strong></span> 
     </span>
    </p>
   </div>
   <div class='ocr_carea' id='block_1_62' title="bbox 675 3342 2240 3413">
    <p class='ocr_par' dir='ltr' id='par_1_62' title="bbox 675 3342 2240 3413">
     <span class='ocr_line' id='line_1_62' title="bbox 675 3342 2240 3413; baseline 0.013 -23"><span class='ocrx_word' id='word_1_399' title='bbox 675 3351 984 3407; x_wconf 86' lang='lat' dir='ltr'><strong>pauperem.</strong></span> <span class='ocrx_word' id='word_1_400' title='bbox 1005 3342 1252 3411; x_wconf 90' lang='lat' dir='ltr'><strong>inquam,</strong></span> <span class='ocrx_word' id='word_1_401' title='bbox 1286 3354 1339 3399; x_wconf 87' lang='lat' dir='ltr'><strong>et</strong></span> <span class='ocrx_word' id='word_1_402' title='bbox 1365 3347 1526 3403; x_wconf 91' lang='lat' dir='ltr'><strong>bonis</strong></span> <span class='ocrx_word' id='word_1_403' title='bbox 1552 3356 1606 3404; x_wconf 89' lang='lat' dir='ltr'><strong>et</strong></span> <span class='ocrx_word' id='word_1_404' title='bbox 1636 3352 1843 3406; x_wconf 86' lang='lat' dir='ltr'><strong>viribus</strong></span> <span class='ocrx_word' id='word_1_405' title='bbox 1871 3354 2142 3413; x_wconf 83' lang='lat' dir='ltr'><strong>humanis.</strong></span> <span class='ocrx_word' id='word_1_406' title='bbox 2175 3358 2240 3411; x_wconf 83' lang='lat' dir='ltr'><strong>Et</strong></span> 
     </span>
    </p>
   </div>
   <div class='ocr_carea' id='block_1_63' title="bbox 676 3429 2240 3520">
    <p class='ocr_par' dir='ltr' id='par_1_63' title="bbox 676 3429 2240 3520">
     <span class='ocr_line' id='line_1_63' title="bbox 676 3429 2240 3520; baseline 0.015 -38"><span class='ocrx_word' id='word_1_407' title='bbox 676 3429 804 3482; x_wconf 89' lang='lat' dir='ltr'><strong>dum</strong></span> <span class='ocrx_word' id='word_1_408' title='bbox 835 3432 1108 3488; x_wconf 87' lang='lat' dir='ltr'><strong>attrahere</strong></span> <span class='ocrx_word' id='word_1_409' title='bbox 1139 3450 1264 3490; x_wconf 90' lang='lat' dir='ltr'><strong>eum</strong></span> <span class='ocrx_word' id='word_1_410' title='bbox 1312 3438 1485 3507; x_wconf 88' lang='lat' dir='ltr'><strong>dicit,</strong></span> <span class='ocrx_word' id='word_1_411' title='bbox 1539 3445 1716 3512; x_wconf 76' lang='lat' dir='ltr'><strong>magis</strong></span> <span class='ocrx_word' id='word_1_412' title='bbox 1762 3444 2004 3501; x_wconf 85' lang='lat' dir='ltr'><strong>declarat</strong></span> <span class='ocrx_word' id='word_1_413' title='bbox 2040 3451 2240 3520; x_wconf 64' lang='lat' dir='ltr'><strong>rapinae</strong></span> 
     </span>
    </p>
   </div>
   <div class='ocr_carea' id='block_1_64' title="bbox 678 3520 2238 3601">
    <p class='ocr_par' dir='ltr' id='par_1_64' title="bbox 678 3520 2238 3601">
     <span class='ocr_line' id='line_1_64' title="bbox 678 3520 2238 3601; baseline 0.014 -30"><span class='ocrx_word' id='word_1_414' title='bbox 678 3520 924 3576; x_wconf 88' lang='lat' dir='ltr'><strong>modum.</strong></span> <span class='ocrx_word' id='word_1_415' title='bbox 980 3523 1319 3592; x_wconf 82' lang='lat' dir='ltr'><strong>Repetitioue</strong></span> <span class='ocrx_word' id='word_1_416' title='bbox 1349 3544 1478 3584; x_wconf 87' lang='lat' dir='ltr'><strong>vero</strong></span> <span class='ocrx_word' id='word_1_417' title='bbox 1511 3530 1624 3596; x_wconf 89' lang='lat' dir='ltr'><strong>illa,</strong></span> <span class='ocrx_word' id='word_1_418' title='bbox 1656 3542 1713 3585; x_wconf 84' lang='lat' dir='ltr'><strong>ut</strong></span> <span class='ocrx_word' id='word_1_419' title='bbox 1741 3538 1935 3601; x_wconf 82' lang='lat' dir='ltr'><strong>rapiat,</strong></span> <span class='ocrx_word' id='word_1_420' title='bbox 1969 3553 2238 3593; x_wconf 88' lang='lat' dir='ltr'><strong>summam</strong></span> 
     </span>
    </p>
   </div>
   <div class='ocr_carea' id='block_1_65' title="bbox 681 3610 2244 3683">
    <p class='ocr_par' dir='ltr' id='par_1_65' title="bbox 681 3610 2244 3683">
     <span class='ocr_line' id='line_1_65' title="bbox 681 3610 2244 3683; baseline 0.013 -21"><span class='ocrx_word' id='word_1_421' title='bbox 681 3611 846 3680; x_wconf 82' lang='lat' dir='ltr'><strong>hujus</strong></span> <span class='ocrx_word' id='word_1_422' title='bbox 870 3612 1103 3669; x_wconf 88' lang='lat' dir='ltr'><strong>hominis</strong></span> <span class='ocrx_word' id='word_1_423' title='bbox 1133 3617 1463 3683; x_wconf 86' lang='lat' dir='ltr'><strong>impietatem</strong></span> <span class='ocrx_word' id='word_1_424' title='bbox 1496 3610 1749 3678; x_wconf 64' lang='lat' dir='ltr'><strong>denotat.</strong></span> <span class='ocrx_word' id='word_1_425' title='bbox 1769 3625 1865 3680; x_wconf 85' lang='lat' dir='ltr'><strong>Vel</strong></span> <span class='ocrx_word' id='word_1_426' title='bbox 1899 3629 2018 3682; x_wconf 86' lang='lat' dir='ltr'><strong>ideo</strong></span> <span class='ocrx_word' id='word_1_427' title='bbox 2046 3627 2244 3682; x_wconf 79' lang='lat' dir='ltr'><strong>fortas-</strong></span> 
     </span>
    </p>
   </div>
   <div class='ocr_carea' id='block_1_66' title="bbox 682 3700 2240 3790">
    <p class='ocr_par' dir='ltr' id='par_1_66' title="bbox 682 3700 2240 3790">
     <span class='ocr_line' id='line_1_66' title="bbox 682 3700 2240 3790; baseline 0.015 -38"><span class='ocrx_word' id='word_1_428' title='bbox 682 3700 760 3754; x_wconf 84' lang='lat' dir='ltr'><strong>sis</strong></span> <span class='ocrx_word' id='word_1_429' title='bbox 773 3718 1080 3758; x_wconf 88' lang='lat' dir='ltr'><strong>sermonem</strong></span> <span class='ocrx_word' id='word_1_430' title='bbox 1107 3707 1480 3776; x_wconf 82' lang='lat' dir='ltr'><strong>ingeminavit,</strong></span> <span class='ocrx_word' id='word_1_431' title='bbox 1503 3720 1992 3786; x_wconf 70' lang='lat' dir='ltr'><strong>utcxaggcratione</strong></span> <span class='ocrx_word' id='word_1_432' title='bbox 2008 3721 2240 3790; x_wconf 85' lang='lat' dir='ltr'><strong>quadam</strong></span> 
     </span>
    </p>
   </div>
   <div class='ocr_carea' id='block_1_67' title="bbox 684 3789 1792 3882">
    <p class='ocr_par' dir='ltr' id='par_1_67' title="bbox 684 3789 1792 3882">
     <span class='ocr_line' id='line_1_67' title="bbox 684 3789 1792 3882; baseline 0.017 -39"><span class='ocrx_word' id='word_1_433' title='bbox 684 3789 852 3846; x_wconf 88' lang='lat' dir='ltr'><strong>Deum</strong></span> <span class='ocrx_word' id='word_1_434' title='bbox 885 3797 1056 3866; x_wconf 75' lang='lat' dir='ltr'><strong>magis</strong></span> <span class='ocrx_word' id='word_1_435' title='bbox 1083 3799 1349 3882; x_wconf 80' lang='lat' dir='ltr'><strong>excitaret</strong></span> <span class='ocrx_word' id='word_1_436' title='bbox 1376 3803 1444 3857; x_wconf 90' lang='lat' dir='ltr'><strong>ad</strong></span> <span class='ocrx_word' id='word_1_437' title='bbox 1474 3789 1792 3862; x_wconf 80' lang='lat' dir='ltr'><strong>vindictam.</strong></span> 
     </span>
    </p>
   </div>
   <div class='ocr_carea' id='block_1_68' title="bbox 755 3969 2245 4058">
    <p class='ocr_par' dir='ltr' id='par_1_68' title="bbox 755 3969 2245 4058">
     <span class='ocr_line' id='line_1_68' title="bbox 755 3969 2245 4058; baseline 0.013 -35"><span class='ocrx_word' id='word_1_438' title='bbox 755 3969 919 4026; x_wconf 74' lang='lat' dir='ltr'><strong>Vens.</strong></span> <span class='ocrx_word' id='word_1_439' title='bbox 953 3972 1038 4027; x_wconf 73' lang='grc'>10.</span> <span class='ocrx_word' id='word_1_440' title='bbox 1072 3973 1138 4029; x_wconf 82' lang='grc' dir='ltr'><strong>1η</strong></span> <span class='ocrx_word' id='word_1_441' title='bbox 1164 3977 1348 4048; x_wconf 87' lang='lat' dir='ltr'><strong>laqueo</strong></span> <span class='ocrx_word' id='word_1_442' title='bbox 1382 3997 1477 4035; x_wconf 72' lang='lat' dir='ltr'><strong>suo</strong></span> <span class='ocrx_word' id='word_1_443' title='bbox 1505 3982 1806 4040; x_wconf 83' lang='lat' dir='ltr'><strong>humiliabit</strong></span> <span class='ocrx_word' id='word_1_444' title='bbox 1833 4004 1972 4043; x_wconf 86' lang='lat' dir='ltr'><strong>eum.</strong></span> <span class='ocrx_word' id='word_1_445' title='bbox 2005 3988 2116 4046; x_wconf 84' lang='lat' dir='ltr'><strong>[loc</strong></span> <span class='ocrx_word' id='word_1_446' title='bbox 2139 3998 2245 4058; x_wconf 85' lang='lat' dir='ltr'><strong>est,</strong></span> 
     </span>
    </p>
   </div>
   <div class='ocr_carea' id='block_1_69' title="bbox 684 4059 2244 4137">
    <p class='ocr_par' dir='ltr' id='par_1_69' title="bbox 684 4059 2244 4137">
     <span class='ocr_line' id='line_1_69' title="bbox 684 4059 2244 4137; baseline 0.016 -25"><span class='ocrx_word' id='word_1_447' title='bbox 684 4059 808 4117; x_wconf 90' lang='lat' dir='ltr'><strong>dolo</strong></span> <span class='ocrx_word' id='word_1_448' title='bbox 857 4071 911 4117; x_wconf 87' lang='lat' dir='ltr'><strong>et</strong></span> <span class='ocrx_word' id='word_1_449' title='bbox 934 4065 1225 4124; x_wconf 84' lang='lat' dir='ltr'><strong>calliditate</strong></span> <span class='ocrx_word' id='word_1_450' title='bbox 1258 4085 1354 4124; x_wconf 90' lang='lat' dir='ltr'><strong>sua</strong></span> <span class='ocrx_word' id='word_1_451' title='bbox 1377 4073 1426 4124; x_wconf 89' lang='lat' dir='ltr'><strong>ei</strong></span> <span class='ocrx_word' id='word_1_452' title='bbox 1445 4073 1813 4131; x_wconf 88' lang='lat' dir='ltr'><strong>dominabitur</strong></span> <span class='ocrx_word' id='word_1_453' title='bbox 1844 4097 1858 4132; x_wconf 88' lang='lat'><strong>:</strong></span> <span class='ocrx_word' id='word_1_454' title='bbox 1895 4082 1975 4133; x_wconf 83' lang='lat' dir='ltr'><strong>vel</strong></span> <span class='ocrx_word' id='word_1_455' title='bbox 2004 4084 2244 4137; x_wconf 87' lang='lat' dir='ltr'><strong>occisum</strong></span> 
     </span>
    </p>
   </div>
   <div class='ocr_carea' id='block_1_70' title="bbox 685 4155 2245 4242">
    <p class='ocr_par' dir='ltr' id='par_1_70' title="bbox 685 4155 2245 4242">
     <span class='ocr_line' id='line_1_70' title="bbox 685 4155 2245 4242; baseline 0.015 -35"><span class='ocrx_word' id='word_1_456' title='bbox 685 4155 742 4209; x_wconf 88' lang='lat' dir='ltr'><strong>in</strong></span> <span class='ocrx_word' id='word_1_457' title='bbox 797 4163 995 4212; x_wconf 88' lang='lat' dir='ltr'><strong>terram</strong></span> <span class='ocrx_word' id='word_1_458' title='bbox 1036 4163 1305 4229; x_wconf 89' lang='lat' dir='ltr'><strong>projiciet.</strong></span> <span class='ocrx_word' id='word_1_459' title='bbox 1361 4164 1592 4222; x_wconf 86' lang='lat' dir='ltr'><strong>llumilis</strong></span> <span class='ocrx_word' id='word_1_460' title='bbox 1638 4169 1782 4223; x_wconf 90' lang='lat' dir='ltr'><strong>enim</strong></span> <span class='ocrx_word' id='word_1_461' title='bbox 1835 4180 1920 4227; x_wconf 80' lang='lat' dir='ltr'><strong>est</strong></span> <span class='ocrx_word' id='word_1_462' title='bbox 1961 4175 2050 4242; x_wconf 88' lang='lat' dir='ltr'><strong>qui</strong></span> <span class='ocrx_word' id='word_1_463' title='bbox 2098 4175 2245 4230; x_wconf 91' lang='lat' dir='ltr'><strong>humi</strong></span> 
     </span>
    </p>
   </div>
   <div class='ocr_carea' id='block_1_71' title="bbox 689 4250 1192 4320">
    <p class='ocr_par' dir='ltr' id='par_1_71' title="bbox 689 4250 1192 4320">
     <span class='ocr_line' id='line_1_71' title="bbox 689 4250 1192 4320; baseline 0.026 -24"><span class='ocrx_word' id='word_1_464' title='bbox 689 4251 993 4315; x_wconf 84' lang='lat' dir='ltr'><strong>prostratus</strong></span> <span class='ocrx_word' id='word_1_465' title='bbox 1029 4250 1192 4320; x_wconf 77' lang='lat' dir='ltr'><strong>iacet.</strong></span> 
     </span>
    </p>
   </div>
   <div class='ocr_carea' id='block_1_72' title="bbox 762 4335 2249 4425">
    <p class='ocr_par' dir='ltr' id='par_1_72' title="bbox 762 4335 2249 4425">
     <span class='ocr_line' id='line_1_72' title="bbox 762 4335 2249 4425; baseline 0.016 -37"><span class='ocrx_word' id='word_1_466' title='bbox 762 4335 1120 4394; x_wconf 86' lang='lat' dir='ltr'><strong>Inclinabitur</strong></span> <span class='ocrx_word' id='word_1_467' title='bbox 1140 4381 1155 4406; x_wconf 91' lang='lat'><strong>,</strong></span> <span class='ocrx_word' id='word_1_468' title='bbox 1182 4351 1231 4396; x_wconf 77' lang='lat' dir='ltr'><strong>et</strong></span> <span class='ocrx_word' id='word_1_469' title='bbox 1255 4348 1402 4400; x_wconf 84' lang='lat' dir='ltr'><strong>cadet</strong></span> <span class='ocrx_word' id='word_1_470' title='bbox 1442 4363 1559 4400; x_wconf 89' lang='lat' dir='ltr'><strong>cum</strong></span> <span class='ocrx_word' id='word_1_471' title='bbox 1594 4349 1898 4407; x_wconf 77' lang='lat' dir='ltr'><strong>dominatus</strong></span> <span class='ocrx_word' id='word_1_472' title='bbox 1924 4354 2084 4423; x_wconf 77' lang='lat' dir='ltr'><strong>fuerit</strong></span> <span class='ocrx_word' id='word_1_473' title='bbox 2113 4372 2249 4425; x_wconf 77' lang='lat' dir='ltr'><strong>pau—</strong></span> 
     </span>
    </p>
   </div>
   <div class='ocr_carea' id='block_1_73' title="bbox 689 4428 2247 4511">
    <p class='ocr_par' dir='ltr' id='par_1_73' title="bbox 689 4428 2247 4511">
     <span class='ocr_line' id='line_1_73' title="bbox 689 4428 2247 4511; baseline 0.015 -33"><span class='ocrx_word' id='word_1_474' title='bbox 689 4441 897 4495; x_wconf 81' lang='lat' dir='ltr'><strong>perum.</strong></span> <span class='ocrx_word' id='word_1_475' title='bbox 930 4428 1030 4483; x_wconf 83' lang='lat' dir='ltr'><strong>Ubi</strong></span> <span class='ocrx_word' id='word_1_476' title='bbox 1063 4442 1256 4500; x_wconf 90' lang='lat' dir='ltr'><strong>potens</strong></span> <span class='ocrx_word' id='word_1_477' title='bbox 1287 4435 1387 4490; x_wconf 86' lang='lat' dir='ltr'><strong>iste</strong></span> <span class='ocrx_word' id='word_1_478' title='bbox 1411 4451 1707 4507; x_wconf 89' lang='lat' dir='ltr'><strong>pauperum</strong></span> <span class='ocrx_word' id='word_1_479' title='bbox 1728 4445 2034 4502; x_wconf 85' lang='lat' dir='ltr'><strong>dominatus</strong></span> <span class='ocrx_word' id='word_1_480' title='bbox 2064 4446 2247 4511; x_wconf 80' lang='lat' dir='ltr'><strong>fuerit,</strong></span> 
     </span>
    </p>
   </div>
   <div class='ocr_carea' id='block_1_74' title="bbox 2344 3238 3911 3341">
    <p class='ocr_par' dir='ltr' id='par_1_74' title="bbox 2344 3238 3911 3341">
     <span class='ocr_line' id='line_1_74' title="bbox 2344 3238 3911 3341; baseline -0.013 -33"><span class='ocrx_word' id='word_1_481' title='bbox 2344 3254 2536 3308; x_wconf 77' lang='grc' dir='ltr'>ἑαυτοῦ</span> <span class='ocrx_word' id='word_1_482' title='bbox 2565 3253 2826 3322; x_wconf 87' lang='grc' dir='ltr'>μάνδραν.</span> <span class='ocrx_word' id='word_1_483' title='bbox 2870 3247 3166 3319; x_wconf 86' lang='grc' dir='ltr'>Ἐνεδρεύει</span> <span class='ocrx_word' id='word_1_484' title='bbox 3203 3245 3319 3341; x_wconf 32' lang='grc' dir='ltr'>(ιο),</span> <span class='ocrx_word' id='word_1_485' title='bbox 3343 3245 3635 3341; x_wconf 30' lang='lat' dir='ltr'><strong>deign-civ,</strong></span> <span class='ocrx_word' id='word_1_486' title='bbox 3678 3240 3776 3341; x_wconf 57' lang='grc' dir='ltr'>ουχ</span> <span class='ocrx_word' id='word_1_487' title='bbox 3822 3238 3911 3341; x_wconf 70' lang='grc' dir='ltr'><strong>ἵνα</strong></span> 
     </span>
    </p>
   </div>
   <div class='ocr_carea' id='block_1_75' title="bbox 2346 3327 3911 3412">
    <p class='ocr_par' dir='ltr' id='par_1_75' title="bbox 2346 3327 3911 3412">
     <span class='ocr_line' id='line_1_75' title="bbox 2346 3327 3911 3412; baseline -0.013 -16"><span class='ocrx_word' id='word_1_488' title='bbox 2346 3344 2650 3405; x_wconf 77' lang='grc' dir='ltr'>ἐπίϐουλον,</span> <span class='ocrx_word' id='word_1_489' title='bbox 2673 3341 2705 3412; x_wconf 87' lang='grc' dir='ltr'>ἢ</span> <span class='ocrx_word' id='word_1_490' title='bbox 2726 3341 3003 3409; x_wconf 85' lang='grc' dir='ltr'>πολέμιον,</span> <span class='ocrx_word' id='word_1_491' title='bbox 3021 3338 3053 3407; x_wconf 76' lang='grc' dir='ltr'><strong>ἢ</strong></span> <span class='ocrx_word' id='word_1_492' title='bbox 3077 3337 3260 3411; x_wconf 75' lang='grc' dir='ltr'>θηρίον</span> <span class='ocrx_word' id='word_1_493' title='bbox 3276 3335 3394 3403; x_wconf 71' lang='grc' dir='ltr'>ἕλη,</span> <span class='ocrx_word' id='word_1_494' title='bbox 3412 3331 3547 3384; x_wconf 82' lang='grc' dir='ltr'>ἀλλὰ</span> <span class='ocrx_word' id='word_1_495' title='bbox 3565 3327 3800 3396; x_wconf 74' lang='grc' dir='ltr'>πτωχὸν,</span> <span class='ocrx_word' id='word_1_496' title='bbox 3813 3327 3882 3396; x_wconf 76' lang='grc' dir='ltr'>τὴ</span> <span class='ocrx_word' id='word_1_497' title='bbox 3896 3355 3911 3369; x_wconf 80' lang='lat'><strong>-</strong></span> 
     </span>
    </p>
   </div>
   <div class='ocr_carea' id='block_1_76' title="bbox 2347 3419 3911 3504">
    <p class='ocr_par' dir='ltr' id='par_1_76' title="bbox 2347 3419 3911 3504">
     <span class='ocr_line' id='line_1_76' title="bbox 2347 3419 3911 3504; baseline -0.014 -15"><span class='ocrx_word' id='word_1_498' title='bbox 2347 3437 2404 3486; x_wconf 81' lang='grc' dir='ltr'><strong>ὲν</strong></span> <span class='ocrx_word' id='word_1_499' title='bbox 2436 3437 2681 3504; x_wconf 82' lang='grc' dir='ltr'>χρήμασι</span> <span class='ocrx_word' id='word_1_500' title='bbox 2716 3431 3055 3501; x_wconf 76' lang='grc' dir='ltr'>περιουσίαν,</span> <span class='ocrx_word' id='word_1_501' title='bbox 3105 3429 3197 3480; x_wconf 72' lang='grc' dir='ltr'><strong>καὶ</strong></span> <span class='ocrx_word' id='word_1_502' title='bbox 3240 3419 3763 3488; x_wconf 78' lang='grc' dir='ltr'>καταπεπονημένον</span> <span class='ocrx_word' id='word_1_503' title='bbox 3809 3431 3911 3504; x_wconf 73' lang='grc' dir='ltr'><strong>την</strong></span> 
     </span>
    </p>
   </div>
   <div class='ocr_carea' id='block_1_77' title="bbox 2347 3499 3910 3602">
    <p class='ocr_par' dir='ltr' id='par_1_77' title="bbox 2347 3499 3910 3602">
     <span class='ocr_line' id='line_1_77' title="bbox 2347 3499 3910 3602; baseline -0.017 -26"><span class='ocrx_word' id='word_1_504' title='bbox 2347 3499 2695 3593; x_wconf 63' lang='grc' dir='ltr'>ἀνθρωπίνην</span> <span class='ocrx_word' id='word_1_505' title='bbox 2730 3499 2909 3589; x_wconf 47' lang='grc' dir='ltr'>ἰσχύν.</span> <span class='ocrx_word' id='word_1_506' title='bbox 2951 3517 3256 3583; x_wconf 82' lang='grc' dir='ltr'>Ἐξηγεῖται</span> <span class='ocrx_word' id='word_1_507' title='bbox 3283 3512 3339 3563; x_wconf 81' lang='grc' dir='ltr'>δὲ</span> <span class='ocrx_word' id='word_1_508' title='bbox 3367 3509 3461 3564; x_wconf 61' lang='grc' dir='ltr'><strong>καὶ</strong></span> <span class='ocrx_word' id='word_1_509' title='bbox 3500 3499 3910 3602; x_wconf 36' lang='grc' dir='ltr'>την-αρπαγὴνέ</span> 
     </span>
    </p>
   </div>
   <div class='ocr_carea' id='block_1_78' title="bbox 2355 3597 3910 3685">
    <p class='ocr_par' dir='ltr' id='par_1_78' title="bbox 2355 3597 3910 3685">
     <span class='ocr_line' id='line_1_78' title="bbox 2355 3597 3910 3685; baseline -0.016 -19"><span class='ocrx_word' id='word_1_510' title='bbox 2355 3615 2438 3666; x_wconf 85' lang='grc' dir='ltr'>ὅτι</span> <span class='ocrx_word' id='word_1_511' title='bbox 2474 3611 2748 3682; x_wconf 80' lang='grc' dir='ltr'>ἑλκυσμός</span> <span class='ocrx_word' id='word_1_512' title='bbox 2793 3613 2929 3685; x_wconf 71' lang='grc' dir='ltr'>ἔστι.</span> <span class='ocrx_word' id='word_1_513' title='bbox 2980 3607 3078 3660; x_wconf 85' lang='grc' dir='ltr'><strong>Διὰ</strong></span> <span class='ocrx_word' id='word_1_514' title='bbox 3131 3605 3189 3658; x_wconf 82' lang='grc' dir='ltr'><strong>δὲ</strong></span> <span class='ocrx_word' id='word_1_515' title='bbox 3229 3604 3327 3674; x_wconf 81' lang='grc' dir='ltr'><strong>τῆς</strong></span> <span class='ocrx_word' id='word_1_516' title='bbox 3379 3597 3773 3685; x_wconf 52' lang='grc' dir='ltr'>ἐπαναλήψειος</span> <span class='ocrx_word' id='word_1_517' title='bbox 3811 3597 3910 3643; x_wconf 77' lang='grc' dir='ltr'><strong>οτοέ</strong></span> 
     </span>
    </p>
   </div>
   <div class='ocr_carea' id='block_1_79' title="bbox 2349 3682 3916 3771">
    <p class='ocr_par' dir='ltr' id='par_1_79' title="bbox 2349 3682 3916 3771">
     <span class='ocr_line' id='line_1_79' title="bbox 2349 3682 3916 3771; baseline -0.016 -18"><span class='ocrx_word' id='word_1_518' title='bbox 2349 3703 2610 3771; x_wconf 85' lang='grc' dir='ltr'>ὀνόματος</span> <span class='ocrx_word' id='word_1_519' title='bbox 2640 3682 2918 3771; x_wconf 73' lang='grc' dir='ltr'>ἁρπαγῆς,</span> <span class='ocrx_word' id='word_1_520' title='bbox 2965 3694 3215 3765; x_wconf 74' lang='grc' dir='ltr'>ἐμφαίνει</span> <span class='ocrx_word' id='word_1_521' title='bbox 3256 3686 3636 3760; x_wconf 79' lang='grc' dir='ltr'>σχετλιασμόν.</span> <span class='ocrx_word' id='word_1_522' title='bbox 3693 3682 3762 3732; x_wconf 81' lang='lat' dir='ltr'><strong>&quot;il</strong></span> <span class='ocrx_word' id='word_1_523' title='bbox 3815 3694 3916 3771; x_wconf 76' lang='grc' dir='ltr'><strong>και</strong></span> 
     </span>
    </p>
   </div>
   <div class='ocr_carea' id='block_1_80' title="bbox 2349 3768 3912 3859">
    <p class='ocr_par' dir='ltr' id='par_1_80' title="bbox 2349 3768 3912 3859">
     <span class='ocr_line' id='line_1_80' title="bbox 2349 3768 3912 3859; baseline -0.016 -15"><span class='ocrx_word' id='word_1_524' title='bbox 2349 3768 2561 3859; x_wconf 32' lang='grc' dir='ltr'>διὰ-τῆς</span> <span class='ocrx_word' id='word_1_525' title='bbox 2594 3768 2871 3858; x_wconf 76' lang='grc' dir='ltr'>συνεχείας</span> <span class='ocrx_word' id='word_1_526' title='bbox 2900 3789 3010 3840; x_wconf 82' lang='grc' dir='ltr'><strong>τῶν</strong></span> <span class='ocrx_word' id='word_1_527' title='bbox 3039 3781 3358 3853; x_wconf 80' lang='grc' dir='ltr'>παθητικῶν</span> <span class='ocrx_word' id='word_1_528' title='bbox 3400 3777 3681 3848; x_wconf 73' lang='grc' dir='ltr'>ῥημάτων,</span> <span class='ocrx_word' id='word_1_529' title='bbox 3710 3768 3912 3837; x_wconf 79' lang='grc' dir='ltr'>διεγεί·</span> 
     </span>
    </p>
   </div>
   <div class='ocr_carea' id='block_1_81' title="bbox 2355 3882 3064 3952">
    <p class='ocr_par' dir='ltr' id='par_1_81' title="bbox 2355 3882 3064 3952">
     <span class='ocr_line' id='line_1_81' title="bbox 2355 3882 3064 3952; baseline -0.01 -15"><span class='ocrx_word' id='word_1_530' title='bbox 2355 3901 2436 3952; x_wconf 88' lang='grc' dir='ltr'><strong>ρει</strong></span> <span class='ocrx_word' id='word_1_531' title='bbox 2466 3883 2555 3935; x_wconf 82' lang='grc' dir='ltr'>τὸν</span> <span class='ocrx_word' id='word_1_532' title='bbox 2584 3882 2714 3935; x_wconf 78' lang='grc' dir='ltr'>Θεὸν</span> <span class='ocrx_word' id='word_1_533' title='bbox 2733 3882 2811 3942; x_wconf 82' lang='grc' dir='ltr'><strong>είς</strong></span> <span class='ocrx_word' id='word_1_534' title='bbox 2835 3882 3064 3948; x_wconf 80' lang='grc' dir='ltr'>ἄμυναν.</span> 
     </span>
    </p>
   </div>
   <div class='ocr_carea' id='block_1_82' title="bbox 2433 3949 3913 4038">
    <p class='ocr_par' dir='ltr' id='par_1_82' title="bbox 2433 3949 3913 4038">
     <span class='ocr_line' id='line_1_82' title="bbox 2433 3949 3913 4038; baseline -0.016 -14"><span class='ocrx_word' id='word_1_535' title='bbox 2433 3974 2530 4024; x_wconf 83' lang='grc' dir='ltr'>Ἐν</span> <span class='ocrx_word' id='word_1_536' title='bbox 2553 3970 2629 4038; x_wconf 76' lang='grc' dir='ltr'>τῇ</span> <span class='ocrx_word' id='word_1_537' title='bbox 2664 3970 2881 4038; x_wconf 54' lang='lat' dir='ltr'><strong>(«artat</strong></span> <span class='ocrx_word' id='word_1_538' title='bbox 2929 3965 3114 4023; x_wconf 81' lang='grc' dir='ltr'>αὐτοῦ</span> <span class='ocrx_word' id='word_1_539' title='bbox 3169 3959 3517 4018; x_wconf 77' lang='grc' dir='ltr'>ταπεινώσει</span> <span class='ocrx_word' id='word_1_540' title='bbox 3562 3954 3766 4008; x_wconf 83' lang='grc' dir='ltr'>αὐτόν.</span> <span class='ocrx_word' id='word_1_541' title='bbox 3797 3949 3913 4001; x_wconf 62' lang='grc' dir='ltr'><strong>«Ἔν</strong></span> 
     </span>
    </p>
   </div>
   <div class='ocr_carea' id='block_1_83' title="bbox 2352 4042 3918 4135">
    <p class='ocr_par' dir='ltr' id='par_1_83' title="bbox 2352 4042 3918 4135">
     <span class='ocr_line' id='line_1_83' title="bbox 2352 4042 3918 4135; baseline -0.017 -17"><span class='ocrx_word' id='word_1_542' title='bbox 2352 4066 2429 4135; x_wconf 83' lang='grc' dir='ltr'><strong>τῷ</strong></span> <span class='ocrx_word' id='word_1_543' title='bbox 2456 4063 2570 4135; x_wconf 73' lang='grc' dir='ltr'>ἰδίῳ</span> <span class='ocrx_word' id='word_1_544' title='bbox 2593 4063 2726 4132; x_wconf 87' lang='grc' dir='ltr'>δόλῳ</span> <span class='ocrx_word' id='word_1_545' title='bbox 2750 4057 3213 4130; x_wconf 76' lang='grc' dir='ltr'>κυριεύσειᾳύτοῦ</span> <span class='ocrx_word' id='word_1_546' title='bbox 3249 4071 3262 4086; x_wconf 77' lang='grc' dir='ltr'><strong><em>ο</em></strong></span> <span class='ocrx_word' id='word_1_547' title='bbox 3299 4055 3332 4120; x_wconf 83' lang='grc' dir='ltr'>ἦ</span> <span class='ocrx_word' id='word_1_548' title='bbox 3364 4052 3457 4104; x_wconf 77' lang='grc' dir='ltr'>καὶ</span> <span class='ocrx_word' id='word_1_549' title='bbox 3496 4050 3572 4112; x_wconf 83' lang='grc' dir='ltr'>εἰς</span> <span class='ocrx_word' id='word_1_550' title='bbox 3614 4047 3717 4116; x_wconf 85' lang='grc' dir='ltr'><strong>γῆν</strong></span> <span class='ocrx_word' id='word_1_551' title='bbox 3766 4042 3918 4115; x_wconf 70' lang='grc' dir='ltr'>ρίψε.</span> 
     </span>
    </p>
   </div>
   <div class='ocr_carea' id='block_1_84' title="bbox 2354 4147 3460 4223">
    <p class='ocr_par' dir='ltr' id='par_1_84' title="bbox 2354 4147 3460 4223">
     <span class='ocr_line' id='line_1_84' title="bbox 2354 4147 3460 4223; baseline -0.014 -13"><span class='ocrx_word' id='word_1_552' title='bbox 2354 4159 2570 4219; x_wconf 84' lang='grc' dir='ltr'>κτείνας</span> <span class='ocrx_word' id='word_1_553' title='bbox 2605 4173 2618 4187; x_wconf 90' lang='grc'>·</span> <span class='ocrx_word' id='word_1_554' title='bbox 2653 4155 2907 4216; x_wconf 79' lang='grc' dir='ltr'>ταπεινὸς</span> <span class='ocrx_word' id='word_1_555' title='bbox 2932 4152 3061 4223; x_wconf 76' lang='grc' dir='ltr'>γὰρ,</span> <span class='ocrx_word' id='word_1_556' title='bbox 3086 4152 3113 4203; x_wconf 86' lang='grc' dir='ltr'>ὁ</span> <span class='ocrx_word' id='word_1_557' title='bbox 3145 4147 3460 4219; x_wconf 83' lang='grc' dir='ltr'>πρόσγειος.</span> 
     </span>
    </p>
   </div>
   <div class='ocr_carea' id='block_1_85' title="bbox 2427 4336 3919 4420">
    <p class='ocr_par' dir='ltr' id='par_1_85' title="bbox 2427 4336 3919 4420">
     <span class='ocr_line' id='line_1_85' title="bbox 2427 4336 3919 4420; baseline -0.013 -12"><span class='ocrx_word' id='word_1_558' title='bbox 2427 4354 2616 4420; x_wconf 72' lang='grc' dir='ltr'>Κύψει</span> <span class='ocrx_word' id='word_1_559' title='bbox 2639 4350 2734 4405; x_wconf 77' lang='grc' dir='ltr'><strong>καί</strong></span> <span class='ocrx_word' id='word_1_560' title='bbox 2767 4347 3032 4403; x_wconf 83' lang='grc' dir='ltr'>πεσεῖται</span> <span class='ocrx_word' id='word_1_561' title='bbox 3056 4347 3125 4399; x_wconf 79' lang='grc' dir='ltr'>ἐν</span> <span class='ocrx_word' id='word_1_562' title='bbox 3156 4343 3232 4409; x_wconf 82' lang='grc' dir='ltr'>τῷ</span> <span class='ocrx_word' id='word_1_563' title='bbox 3281 4342 3472 4396; x_wconf 81' lang='grc' dir='ltr'>αὐτόν</span> <span class='ocrx_word' id='word_1_564' title='bbox 3529 4336 3919 4405; x_wconf 77' lang='grc' dir='ltr'>κατακυριεῦ-</span> 
     </span>
    </p>
   </div>
   <div class='ocr_carea' id='block_1_86' title="bbox 2357 4429 3919 4506">
    <p class='ocr_par' dir='ltr' id='par_1_86' title="bbox 2357 4429 3919 4506">
     <span class='ocr_line' id='line_1_86' title="bbox 2357 4429 3919 4506; baseline -0.012 -7"><span class='ocrx_word' id='word_1_565' title='bbox 2357 4462 2460 4499; x_wconf 87' lang='grc' dir='ltr'><strong>σαι</strong></span> <span class='ocrx_word' id='word_1_566' title='bbox 2481 4442 2597 4496; x_wconf 85' lang='grc' dir='ltr'><strong>τῶν</strong></span> <span class='ocrx_word' id='word_1_567' title='bbox 2618 4441 2908 4506; x_wconf 77' lang='grc' dir='ltr'>πενήτων.</span> <span class='ocrx_word' id='word_1_568' title='bbox 2935 4440 3063 4490; x_wconf 85' lang='grc' dir='ltr'><strong>Ὅτε</strong></span> <span class='ocrx_word' id='word_1_569' title='bbox 3086 4431 3510 4503; x_wconf 75' lang='grc' dir='ltr'>κατακυριεύσει</span> <span class='ocrx_word' id='word_1_570' title='bbox 3533 4432 3642 4482; x_wconf 81' lang='grc' dir='ltr'>τῶν</span> <span class='ocrx_word' id='word_1_571' title='bbox 3671 4429 3919 4497; x_wconf 80' lang='grc' dir='ltr'>πενήτων</span> 
     </span>
    </p>
   </div>
   <div class='ocr_carea' id='block_1_87' title="bbox 694 4513 2237 4607">
    <p class='ocr_par' dir='ltr' id='par_1_87' title="bbox 694 4523 2237 4607">
     <span class='ocr_line' id='line_1_87' title="bbox 694 4523 2237 4607; baseline 0.009 -33"><span class='ocrx_word' id='word_1_572' title='bbox 694 4529 826 4575; x_wconf 89' lang='lat' dir='ltr'><strong>tunc</strong></span> <span class='ocrx_word' id='word_1_573' title='bbox 865 4530 918 4575; x_wconf 87' lang='lat' dir='ltr'><strong>et</strong></span> <span class='ocrx_word' id='word_1_574' title='bbox 950 4523 1064 4593; x_wconf 90' lang='lat' dir='ltr'><strong>ipse</strong></span> <span class='ocrx_word' id='word_1_575' title='bbox 1107 4525 1426 4583; x_wconf 84' lang='lat' dir='ltr'><strong>humiliatus</strong></span> <span class='ocrx_word' id='word_1_576' title='bbox 1478 4529 1866 4600; x_wconf 73' lang='lat' dir='ltr'><strong>inclinabitnr,</strong></span> <span class='ocrx_word' id='word_1_577' title='bbox 1915 4545 1970 4590; x_wconf 88' lang='lat' dir='ltr'><strong>et</strong></span> <span class='ocrx_word' id='word_1_578' title='bbox 2031 4540 2237 4607; x_wconf 89' lang='lat' dir='ltr'><strong>peribit</strong></span> 
     </span>
    </p>
   </div>
   <div class='ocr_carea' id='block_1_88' title="bbox 2344 4513 3918 4607">
    <p class='ocr_par' dir='ltr' id='par_1_88' title="bbox 2358 4521 3918 4601">
     <span class='ocr_line' id='line_1_88' title="bbox 2358 4521 3918 4601; baseline -0.01 -13"><span class='ocrx_word' id='word_1_579' title='bbox 2358 4539 2386 4588; x_wconf 84' lang='grc' dir='ltr'><strong>ό</strong></span> <span class='ocrx_word' id='word_1_580' title='bbox 2419 4536 2704 4601; x_wconf 77' lang='grc' dir='ltr'>δυνάστης,</span> <span class='ocrx_word' id='word_1_581' title='bbox 2732 4532 2855 4584; x_wconf 86' lang='grc' dir='ltr'>τότε</span> <span class='ocrx_word' id='word_1_582' title='bbox 2887 4530 2984 4596; x_wconf 73' lang='grc' dir='ltr'>καὶ</span> <span class='ocrx_word' id='word_1_583' title='bbox 3031 4527 3192 4589; x_wconf 74' lang='grc' dir='ltr'>αὐτὸς</span> <span class='ocrx_word' id='word_1_584' title='bbox 3252 4523 3574 4592; x_wconf 80' lang='grc' dir='ltr'>κλιθὴσεται</span> <span class='ocrx_word' id='word_1_585' title='bbox 3623 4521 3918 4575; x_wconf 83' lang='grc' dir='ltr'>ταπεινού-</span> 
     </span>
    </p>
   </div>
   <div class='ocr_carea' id='block_1_89' title="bbox 693 4609 2251 4719">
    <p class='ocr_par' dir='ltr' id='par_1_89' title="bbox 693 4609 2251 4719">
     <span class='ocr_line' id='line_1_89' title="bbox 693 4609 2251 4719; baseline 0.013 -56"><span class='ocrx_word' id='word_1_586' title='bbox 693 4609 828 4668; x_wconf 82' lang='lat' dir='ltr'><strong>Nam</strong></span> <span class='ocrx_word' id='word_1_587' title='bbox 886 4617 978 4685; x_wconf 90' lang='lat' dir='ltr'><strong>qui</strong></span> <span class='ocrx_word' id='word_1_588' title='bbox 1026 4617 1228 4672; x_wconf 83' lang='lat' dir='ltr'><strong>cadunt</strong></span> <span class='ocrx_word' id='word_1_589' title='bbox 1287 4624 1439 4690; x_wconf 89' lang='lat' dir='ltr'><strong>prius</strong></span> <span class='ocrx_word' id='word_1_590' title='bbox 1487 4627 1841 4683; x_wconf 89' lang='lat' dir='ltr'><strong>inclinantur.</strong></span> <span class='ocrx_word' id='word_1_591' title='bbox 1895 4628 2022 4684; x_wconf 68' lang='lat' dir='ltr'><strong>llaec</strong></span> <span class='ocrx_word' id='word_1_592' title='bbox 2073 4637 2251 4719; x_wconf 45' lang='lat' dir='ltr'><strong>autem</strong></span> 
     </span>
    </p>
   </div>
   <div class='ocr_carea' id='block_1_90' title="bbox 694 4707 2249 4791">
    <p class='ocr_par' dir='ltr' id='par_1_90' title="bbox 694 4707 2249 4791">
     <span class='ocr_line' id='line_1_90' title="bbox 694 4707 2249 4791; baseline 0.014 -35"><span class='ocrx_word' id='word_1_593' title='bbox 694 4707 876 4758; x_wconf 89' lang='lat' dir='ltr'><strong>omnia</strong></span> <span class='ocrx_word' id='word_1_594' title='bbox 908 4708 1054 4773; x_wconf 81' lang='lat' dir='ltr'><strong>ﬁent,</strong></span> <span class='ocrx_word' id='word_1_595' title='bbox 1079 4720 1136 4764; x_wconf 91' lang='lat' dir='ltr'><strong>ut</strong></span> <span class='ocrx_word' id='word_1_596' title='bbox 1169 4721 1224 4767; x_wconf 90' lang='lat' dir='ltr'><strong>et</strong></span> <span class='ocrx_word' id='word_1_597' title='bbox 1249 4715 1647 4774; x_wconf 84' lang='lat' dir='ltr'><strong>immedicabile</strong></span> <span class='ocrx_word' id='word_1_598' title='bbox 1677 4720 1800 4790; x_wconf 87' lang='lat' dir='ltr'><strong>ejus</strong></span> <span class='ocrx_word' id='word_1_599' title='bbox 1827 4722 2020 4776; x_wconf 70' lang='lat' dir='ltr'><strong>vitium</strong></span> <span class='ocrx_word' id='word_1_600' title='bbox 2046 4707 2249 4791; x_wconf 54' lang='lat' dir='ltr'><strong>pa&#39;teat,</strong></span> 
     </span>
    </p>
   </div>
   <div class='ocr_carea' id='block_1_91' title="bbox 695 4798 2251 4883">
    <p class='ocr_par' dir='ltr' id='par_1_91' title="bbox 695 4798 2251 4883">
     <span class='ocr_line' id='line_1_91' title="bbox 695 4798 2251 4883; baseline 0.013 -35"><span class='ocrx_word' id='word_1_601' title='bbox 695 4807 750 4849; x_wconf 87' lang='lat' dir='ltr'><strong>et</strong></span> <span class='ocrx_word' id='word_1_602' title='bbox 783 4798 873 4852; x_wconf 89' lang='lat' dir='ltr'><strong>Dei</strong></span> <span class='ocrx_word' id='word_1_603' title='bbox 909 4803 1112 4868; x_wconf 88' lang='lat' dir='ltr'><strong>pariter</strong></span> <span class='ocrx_word' id='word_1_604' title='bbox 1145 4804 1529 4874; x_wconf 83' lang='lat' dir='ltr'><strong>longanimitas</strong></span> <span class='ocrx_word' id='word_1_605' title='bbox 1555 4849 1571 4874; x_wconf 92' lang='lat'><strong>,</strong></span> <span class='ocrx_word' id='word_1_606' title='bbox 1620 4821 1674 4865; x_wconf 89' lang='lat' dir='ltr'><strong>et</strong></span> <span class='ocrx_word' id='word_1_607' title='bbox 1707 4828 1999 4883; x_wconf 87' lang='lat' dir='ltr'><strong>pauperum</strong></span> <span class='ocrx_word' id='word_1_608' title='bbox 2029 4830 2251 4883; x_wconf 74' lang='lat' dir='ltr'><strong>oppres~</strong></span> 
     </span>
    </p>
   </div>
   <div class='ocr_carea' id='block_1_92' title="bbox 698 4894 2135 4960">
    <p class='ocr_par' dir='ltr' id='par_1_92' title="bbox 698 4894 2135 4960">
     <span class='ocr_line' id='line_1_92' title="bbox 698 4894 2135 4960; baseline 0.012 -21"><span class='ocrx_word' id='word_1_609' title='bbox 698 4901 882 4942; x_wconf 73' lang='lat' dir='ltr'><strong>eorum</strong></span> <span class='ocrx_word' id='word_1_610' title='bbox 915 4894 1195 4960; x_wconf 87' lang='lat' dir='ltr'><strong>patientia,</strong></span> <span class='ocrx_word' id='word_1_611' title='bbox 1217 4899 1600 4954; x_wconf 88' lang='lat' dir='ltr'><strong>cteorumdem</strong></span> <span class='ocrx_word' id='word_1_612' title='bbox 1627 4900 1844 4956; x_wconf 79' lang='lat' dir='ltr'><strong>domum</strong></span> <span class='ocrx_word' id='word_1_613' title='bbox 1877 4901 2135 4957; x_wconf 89' lang='lat' dir='ltr'><strong>vindicta.</strong></span> 
     </span>
    </p>
   </div>
   <div class='ocr_carea' id='block_1_93' title="bbox 772 5068 2258 5146">
    <p class='ocr_par' dir='ltr' id='par_1_93' title="bbox 772 5068 2258 5146">
     <span class='ocr_line' id='line_1_93' title="bbox 772 5068 2258 5146; baseline 0.005 -22"><span class='ocrx_word' id='word_1_614' title='bbox 772 5068 934 5124; x_wconf 73' lang='lat' dir='ltr'><strong>Vens.</strong></span> <span class='ocrx_word' id='word_1_615' title='bbox 955 5074 976 5126; x_wconf 81' lang='lat' dir='ltr'><strong>l</strong></span> <span class='ocrx_word' id='word_1_616' title='bbox 995 5073 1039 5126; x_wconf 94' lang='lat' dir='ltr'><strong>I.</strong></span> <span class='ocrx_word' id='word_1_617' title='bbox 1067 5072 1210 5128; x_wconf 71' lang='lat' dir='ltr'><strong>Dixit</strong></span> <span class='ocrx_word' id='word_1_618' title='bbox 1232 5075 1368 5129; x_wconf 87' lang='lat' dir='ltr'><strong>enim</strong></span> <span class='ocrx_word' id='word_1_619' title='bbox 1390 5077 1442 5130; x_wconf 84' lang='lat' dir='ltr'><strong>in</strong></span> <span class='ocrx_word' id='word_1_620' title='bbox 1461 5078 1614 5132; x_wconf 82' lang='lat' dir='ltr'><strong>corde</strong></span> <span class='ocrx_word' id='word_1_621' title='bbox 1633 5094 1728 5133; x_wconf 72' lang='lat' dir='ltr'><strong>suo</strong></span> <span class='ocrx_word' id='word_1_622' title='bbox 1747 5094 1764 5133; x_wconf 93' lang='lat'><em>:</em></span> <span class='ocrx_word' id='word_1_623' title='bbox 1781 5078 1983 5142; x_wconf 72' lang='lat' dir='ltr'><strong>Oblitus</strong></span> <span class='ocrx_word' id='word_1_624' title='bbox 2002 5088 2079 5133; x_wconf 73' lang='lat' dir='ltr'><strong>est</strong></span> <span class='ocrx_word' id='word_1_625' title='bbox 2097 5078 2258 5146; x_wconf 73' lang='lat' dir='ltr'><strong>Deus,</strong></span> 
     </span>
    </p>
   </div>
   <div class='ocr_carea' id='block_1_94' title="bbox 701 5164 2259 5241">
    <p class='ocr_par' dir='ltr' id='par_1_94' title="bbox 701 5164 2259 5241">
     <span class='ocr_line' id='line_1_94' title="bbox 701 5164 2259 5241; baseline 0.006 -26"><span class='ocrx_word' id='word_1_626' title='bbox 701 5165 889 5216; x_wconf 79' lang='lat' dir='ltr'><strong>arertit</strong></span> <span class='ocrx_word' id='word_1_627' title='bbox 923 5164 1111 5231; x_wconf 83' lang='lat' dir='ltr'><strong>[aciem</strong></span> <span class='ocrx_word' id='word_1_628' title='bbox 1141 5184 1295 5220; x_wconf 76' lang='lat' dir='ltr'><strong>suam</strong></span> <span class='ocrx_word' id='word_1_629' title='bbox 1320 5184 1382 5222; x_wconf 84' lang='lat' dir='ltr'><strong>ne</strong></span> <span class='ocrx_word' id='word_1_630' title='bbox 1402 5171 1572 5223; x_wconf 80' lang='lat' dir='ltr'><strong>videat</strong></span> <span class='ocrx_word' id='word_1_631' title='bbox 1627 5171 1681 5224; x_wconf 84' lang='lat' dir='ltr'><strong>in</strong></span> <span class='ocrx_word' id='word_1_632' title='bbox 1714 5171 1892 5238; x_wconf 79' lang='lat' dir='ltr'><strong>ﬁnem.</strong></span> <span class='ocrx_word' id='word_1_633' title='bbox 1919 5171 1969 5224; x_wconf 90' lang='lat' dir='ltr'><strong>Is</strong></span> <span class='ocrx_word' id='word_1_634' title='bbox 1999 5172 2112 5241; x_wconf 62' lang='lat' dir='ltr'><strong>cui)</strong></span> <span class='ocrx_word' id='word_1_635' title='bbox 2137 5172 2259 5239; x_wconf 85' lang='lat' dir='ltr'><strong>per-</strong></span> 
     </span>
    </p>
   </div>
   <div class='ocr_carea' id='block_1_95' title="bbox 2363 4612 3916 4719">
    <p class='ocr_par' dir='ltr' id='par_1_95' title="bbox 2363 4612 3916 4719">
     <span class='ocr_line' id='line_1_95' title="bbox 2363 4612 3916 4719; baseline -0.012 -38"><span class='ocrx_word' id='word_1_636' title='bbox 2363 4644 2521 4696; x_wconf 86' lang='grc' dir='ltr'>μενος</span> <span class='ocrx_word' id='word_1_637' title='bbox 2581 4624 2676 4678; x_wconf 80' lang='grc' dir='ltr'>καὶ</span> <span class='ocrx_word' id='word_1_638' title='bbox 2734 4622 3032 4676; x_wconf 83' lang='grc' dir='ltr'>ἀπολεῖται.</span> <span class='ocrx_word' id='word_1_639' title='bbox 3085 4619 3147 4671; x_wconf 79' lang='lat' dir='ltr'><strong>Ol</strong></span> <span class='ocrx_word' id='word_1_640' title='bbox 3206 4617 3315 4687; x_wconf 83' lang='grc' dir='ltr'><strong>γὰρ</strong></span> <span class='ocrx_word' id='word_1_641' title='bbox 3368 4612 3916 4719; x_wconf 56' lang='grc' dir='ltr'>πίπτοντεςπρῶτὲν</span> 
     </span>
    </p>
   </div>
   <div class='ocr_carea' id='block_1_96' title="bbox 2360 4704 3919 4777">
    <p class='ocr_par' dir='ltr' id='par_1_96' title="bbox 2360 4704 3919 4777">
     <span class='ocr_line' id='line_1_96' title="bbox 2360 4704 3919 4777; baseline -0.009 -10"><span class='ocrx_word' id='word_1_642' title='bbox 2360 4717 2647 4767; x_wconf 78' lang='grc' dir='ltr'>κύπτουσι.</span> <span class='ocrx_word' id='word_1_643' title='bbox 2672 4712 2843 4765; x_wconf 76' lang='grc' dir='ltr'>Τοῦτο</span> <span class='ocrx_word' id='word_1_644' title='bbox 2868 4712 2925 4763; x_wconf 81' lang='grc' dir='ltr'><strong>δὲ</strong></span> <span class='ocrx_word' id='word_1_645' title='bbox 2943 4709 3172 4777; x_wconf 83' lang='grc' dir='ltr'>γίνεται,</span> <span class='ocrx_word' id='word_1_646' title='bbox 3203 4707 3288 4758; x_wconf 71' lang='grc' dir='ltr'>ἵνα</span> <span class='ocrx_word' id='word_1_647' title='bbox 3321 4705 3417 4758; x_wconf 70' lang='grc' dir='ltr'>καὶ</span> <span class='ocrx_word' id='word_1_648' title='bbox 3445 4706 3506 4756; x_wconf 86' lang='grc' dir='ltr'>τδ</span> <span class='ocrx_word' id='word_1_649' title='bbox 3537 4704 3757 4756; x_wconf 80' lang='grc' dir='ltr'>ἀνίατον</span> <span class='ocrx_word' id='word_1_650' title='bbox 3814 4704 3919 4754; x_wconf 64' lang='grc' dir='ltr'><strong>αἴθ’-</strong></span> 
     </span>
    </p>
   </div>
   <div class='ocr_carea' id='block_1_97' title="bbox 2361 4793 3920 4874">
    <p class='ocr_par' dir='ltr' id='par_1_97' title="bbox 2361 4793 3920 4874">
     <span class='ocr_line' id='line_1_97' title="bbox 2361 4793 3920 4874; baseline -0.01 -15"><span class='ocrx_word' id='word_1_651' title='bbox 2361 4805 2452 4859; x_wconf 80' lang='grc' dir='ltr'>τοῦ</span> <span class='ocrx_word' id='word_1_652' title='bbox 2473 4808 2634 4874; x_wconf 79' lang='grc' dir='ltr'>φανῇ,</span> <span class='ocrx_word' id='word_1_653' title='bbox 2667 4804 2760 4855; x_wconf 77' lang='grc' dir='ltr'>καὶ</span> <span class='ocrx_word' id='word_1_654' title='bbox 2785 4805 2844 4855; x_wconf 79' lang='grc' dir='ltr'><strong>τὸ</strong></span> <span class='ocrx_word' id='word_1_655' title='bbox 2871 4798 3222 4870; x_wconf 83' lang='grc' dir='ltr'>μακρόθυμον</span> <span class='ocrx_word' id='word_1_656' title='bbox 3253 4795 3345 4848; x_wconf 81' lang='grc' dir='ltr'>τοῦ</span> <span class='ocrx_word' id='word_1_657' title='bbox 3391 4795 3547 4859; x_wconf 78' lang='grc' dir='ltr'>Θεοῦ,</span> <span class='ocrx_word' id='word_1_658' title='bbox 3602 4795 3694 4847; x_wconf 78' lang='grc' dir='ltr'><strong>καὶ</strong></span> <span class='ocrx_word' id='word_1_659' title='bbox 3721 4795 3753 4862; x_wconf 79' lang='grc' dir='ltr'><strong>ἡ</strong></span> <span class='ocrx_word' id='word_1_660' title='bbox 3805 4793 3920 4844; x_wconf 84' lang='grc' dir='ltr'><strong>τῶν</strong></span> 
     </span>
    </p>
   </div>
   <div class='ocr_carea' id='block_1_98' title="bbox 2365 4885 3918 4964">
    <p class='ocr_par' dir='ltr' id='par_1_98' title="bbox 2365 4885 3918 4964">
     <span class='ocr_line' id='line_1_98' title="bbox 2365 4885 3918 4964; baseline -0.01 -13"><span class='ocrx_word' id='word_1_661' title='bbox 2365 4897 2709 4950; x_wconf 82' lang='grc' dir='ltr'>πεπονθότων</span> <span class='ocrx_word' id='word_1_662' title='bbox 2735 4892 3000 4964; x_wconf 78' lang='grc' dir='ltr'>ὑπομονὴ,</span> <span class='ocrx_word' id='word_1_663' title='bbox 3038 4892 3130 4944; x_wconf 73' lang='grc' dir='ltr'><strong>καὶ</strong></span> <span class='ocrx_word' id='word_1_664' title='bbox 3160 4891 3193 4960; x_wconf 76' lang='grc' dir='ltr'>ἡ</span> <span class='ocrx_word' id='word_1_665' title='bbox 3228 4887 3506 4958; x_wconf 76' lang='grc' dir='ltr'>ἐκδίκησις</span> <span class='ocrx_word' id='word_1_666' title='bbox 3550 4887 3656 4939; x_wconf 81' lang='grc' dir='ltr'>τῶν</span> <span class='ocrx_word' id='word_1_667' title='bbox 3703 4885 3918 4936; x_wconf 77' lang='grc' dir='ltr'>ἀδικου-</span> 
     </span>
    </p>
   </div>
   <div class='ocr_carea' id='block_1_99' title="bbox 2369 4987 3920 5143">
    <p class='ocr_par' dir='ltr' id='par_1_99' title="bbox 2369 4987 3920 5143">
     <span class='ocr_line' id='line_1_99' title="bbox 2369 4987 3920 5143; baseline -0.012 -10"><span class='ocrx_word' id='word_1_668' title='bbox 2369 4987 2584 5133; x_wconf 51' lang='grc' dir='ltr'>μέζεᾚέ</span> <span class='ocrx_word' id='word_1_669' title='bbox 2613 5076 2722 5143; x_wconf 80' lang='grc' dir='ltr'><strong>γὰρ</strong></span> <span class='ocrx_word' id='word_1_670' title='bbox 2751 5073 2821 5128; x_wconf 80' lang='grc' dir='ltr'>ἐν</span> <span class='ocrx_word' id='word_1_671' title='bbox 2863 5071 3074 5140; x_wconf 79' lang='grc' dir='ltr'>καρδίᾳ</span> <span class='ocrx_word' id='word_1_672' title='bbox 3125 5067 3313 5121; x_wconf 79' lang='grc' dir='ltr'>αὐτοῦ</span> <span class='ocrx_word' id='word_1_673' title='bbox 3344 5083 3357 5097; x_wconf 91' lang='grc'><strong>·</strong></span> <span class='ocrx_word' id='word_1_674' title='bbox 3422 5064 3852 5127; x_wconf 67' lang='grc' dir='ltr'>Ἔπιλέλησται</span> <span class='ocrx_word' id='word_1_675' title='bbox 3889 5063 3920 5114; x_wconf 85' lang='grc' dir='ltr'><em>ὁ</em></span> 
     </span>
    </p>
   </div>
   <div class='ocr_carea' id='block_1_100' title="bbox 2370 5146 3917 5235">
    <p class='ocr_par' dir='ltr' id='par_1_100' title="bbox 2370 5146 3917 5235">
     <span class='ocr_line' id='line_1_100' title="bbox 2370 5146 3917 5235; baseline -0.012 -10"><span class='ocrx_word' id='word_1_676' title='bbox 2370 5172 2533 5235; x_wconf 85' lang='grc' dir='ltr'>Θεὸς,</span> <span class='ocrx_word' id='word_1_677' title='bbox 2575 5158 2956 5235; x_wconf 73' lang='grc' dir='ltr'>ἀπέστρεψεν</span> <span class='ocrx_word' id='word_1_678' title='bbox 2985 5163 3050 5216; x_wconf 83' lang='grc' dir='ltr'>τὸ</span> <span class='ocrx_word' id='word_1_679' title='bbox 3080 5163 3411 5230; x_wconf 80' lang='grc' dir='ltr'>πρόσωπον</span> <span class='ocrx_word' id='word_1_680' title='bbox 3453 5157 3658 5214; x_wconf 83' lang='grc' dir='ltr'>αὐτοῦ.</span> <span class='ocrx_word' id='word_1_681' title='bbox 3701 5146 3917 5222; x_wconf 69' lang='grc' dir='ltr'><strong>τοῦἰιὴ</strong></span> 
     </span>
    </p>
   </div>
   <div class='ocr_carea' id='block_1_101' title="bbox 705 5245 2237 5330">
    <p class='ocr_par' dir='ltr' id='par_1_101' title="bbox 705 5257 2231 5330">
     <span class='ocr_line' id='line_1_101' title="bbox 705 5257 2231 5330; baseline 0.004 -22"><span class='ocrx_word' id='word_1_682' title='bbox 705 5257 930 5310; x_wconf 84' lang='lat' dir='ltr'><strong>missum</strong></span> <span class='ocrx_word' id='word_1_683' title='bbox 959 5274 1082 5314; x_wconf 87' lang='lat' dir='ltr'><strong>esse</strong></span> <span class='ocrx_word' id='word_1_684' title='bbox 1119 5259 1357 5315; x_wconf 79' lang='lat' dir='ltr'><strong>diximus</strong></span> <span class='ocrx_word' id='word_1_685' title='bbox 1403 5262 1600 5316; x_wconf 66' lang='lat' dir='ltr'><strong>anima;</strong></span> <span class='ocrx_word' id='word_1_686' title='bbox 1649 5278 1760 5317; x_wconf 77' lang='lat' dir='ltr'><strong>sua:</strong></span> <span class='ocrx_word' id='word_1_687' title='bbox 1787 5262 2231 5330; x_wconf 88' lang='lat' dir='ltr'><strong>concupiscentia</strong></span> 
     </span>
    </p>
   </div>
   <div class='ocr_carea' id='block_1_102' title="bbox 2344 5245 3917 5330">
    <p class='ocr_par' dir='ltr' id='par_1_102' title="bbox 2359 5245 3917 5328">
     <span class='ocr_line' id='line_1_102' title="bbox 2359 5245 3917 5328; baseline -0.014 -11"><span class='ocrx_word' id='word_1_688' title='bbox 2359 5263 2617 5328; x_wconf 72' lang='grc' dir='ltr'>,ϐλέπειν</span> <span class='ocrx_word' id='word_1_689' title='bbox 2653 5263 2741 5326; x_wconf 80' lang='grc' dir='ltr'>εις</span> <span class='ocrx_word' id='word_1_690' title='bbox 2770 5259 2965 5322; x_wconf 80' lang='grc' dir='ltr'>τέλος.</span> <span class='ocrx_word' id='word_1_691' title='bbox 3002 5254 3641 5325; x_wconf 76' lang='grc' dir='ltr'>Παραχωρούμενοςγᾱρ</span> <span class='ocrx_word' id='word_1_692' title='bbox 3679 5245 3917 5314; x_wconf 75' lang='grc' dir='ltr'>πληροῦν</span> 
     </span>
    </p>
   </div>
   <div class='ocr_carea' id='block_1_103' title="bbox 707 5349 2262 5440">
    <p class='ocr_par' dir='ltr' id='par_1_103' title="bbox 707 5349 2262 5440">
     <span class='ocr_line' id='line_1_103' title="bbox 707 5349 2262 5440; baseline 0.003 -37"><span class='ocrx_word' id='word_1_693' title='bbox 707 5349 927 5418; x_wconf 75' lang='lat' dir='ltr'><strong>explere</strong></span> <span class='ocrx_word' id='word_1_694' title='bbox 963 5351 1015 5402; x_wconf 94' lang='lat' dir='ltr'><strong>in</strong></span> <span class='ocrx_word' id='word_1_695' title='bbox 1043 5352 1196 5407; x_wconf 86' lang='lat' dir='ltr'><strong>valde</strong></span> <span class='ocrx_word' id='word_1_696' title='bbox 1225 5353 1492 5410; x_wconf 79' lang='lat' dir='ltr'><strong>absurdae</strong></span> <span class='ocrx_word' id='word_1_697' title='bbox 1518 5355 1719 5410; x_wconf 88' lang='lat' dir='ltr'><strong>decidit</strong></span> <span class='ocrx_word' id='word_1_698' title='bbox 1759 5353 2054 5440; x_wconf 29' lang='lat' dir='ltr'><strong>lepiuioncs</strong></span> <span class='ocrx_word' id='word_1_699' title='bbox 2087 5373 2101 5407; x_wconf 93' lang='lat'><strong>:</strong></span> <span class='ocrx_word' id='word_1_700' title='bbox 2135 5356 2262 5407; x_wconf 85' lang='lat' dir='ltr'><strong>dum</strong></span> 
     </span>
    </p>
   </div>
   <div class='ocr_carea' id='block_1_104' title="bbox 706 5444 2267 5537">
    <p class='ocr_par' dir='ltr' id='par_1_104' title="bbox 706 5444 2267 5537">
     <span class='ocr_line' id='line_1_104' title="bbox 706 5444 2267 5537; baseline 0.001 -41"><span class='ocrx_word' id='word_1_701' title='bbox 706 5444 848 5496; x_wconf 87' lang='lat' dir='ltr'><strong>intra</strong></span> <span class='ocrx_word' id='word_1_702' title='bbox 879 5444 1122 5514; x_wconf 88' lang='lat' dir='ltr'><strong>seipsum</strong></span> <span class='ocrx_word' id='word_1_703' title='bbox 1161 5455 1374 5525; x_wconf 79' lang='lat' dir='ltr'><strong>reputat</strong></span> <span class='ocrx_word' id='word_1_704' title='bbox 1403 5447 1547 5517; x_wconf 90' lang='lat' dir='ltr'><strong>quod</strong></span> <span class='ocrx_word' id='word_1_705' title='bbox 1608 5446 2032 5516; x_wconf 62' lang='lat' dir='ltr'><strong>DeuS‘proprim</strong></span> <span class='ocrx_word' id='word_1_706' title='bbox 2084 5445 2267 5537; x_wconf 80' lang='lat' dir='ltr'><strong>provi-</strong></span> 
     </span>
    </p>
   </div>
   <div class='ocr_carea' id='block_1_105' title="bbox 707 5535 2265 5609">
    <p class='ocr_par' dir='ltr' id='par_1_105' title="bbox 707 5535 2265 5609">
     <span class='ocr_line' id='line_1_105' title="bbox 707 5535 2265 5609; baseline 0.003 -21"><span class='ocrx_word' id='word_1_707' title='bbox 707 5535 905 5591; x_wconf 77' lang='lat' dir='ltr'><strong>dentia:</strong></span> <span class='ocrx_word' id='word_1_708' title='bbox 932 5537 1134 5592; x_wconf 86' lang='lat' dir='ltr'><strong>oblitus</strong></span> <span class='ocrx_word' id='word_1_709' title='bbox 1181 5538 1273 5604; x_wconf 84' lang='lat' dir='ltr'><strong>sit,</strong></span> <span class='ocrx_word' id='word_1_710' title='bbox 1305 5554 1410 5609; x_wconf 90' lang='lat' dir='ltr'><strong>qua</strong></span> <span class='ocrx_word' id='word_1_711' title='bbox 1451 5539 1711 5594; x_wconf 88' lang='lat' dir='ltr'><strong>mundum</strong></span> <span class='ocrx_word' id='word_1_712' title='bbox 1756 5544 2042 5608; x_wconf 84' lang='lat' dir='ltr'><strong>gubernat,</strong></span> <span class='ocrx_word' id='word_1_713' title='bbox 2093 5535 2265 5607; x_wconf 80' lang='lat' dir='ltr'><strong>quod-</strong></span> 
     </span>
    </p>
   </div>
   <div class='ocr_carea' id='block_1_106' title="bbox 2365 5337 3918 5428">
    <p class='ocr_par' dir='ltr' id='par_1_106' title="bbox 2365 5337 3918 5428">
     <span class='ocr_line' id='line_1_106' title="bbox 2365 5337 3918 5428; baseline -0.013 -20"><span class='ocrx_word' id='word_1_714' title='bbox 2365 5355 2463 5417; x_wconf 70' lang='grc' dir='ltr'><strong>τὰς</strong></span> <span class='ocrx_word' id='word_1_715' title='bbox 2496 5352 2790 5420; x_wconf 76' lang='grc' dir='ltr'>ἐπιθυμίας</span> <span class='ocrx_word' id='word_1_716' title='bbox 2813 5350 2910 5416; x_wconf 80' lang='grc' dir='ltr'>τῆς</span> <span class='ocrx_word' id='word_1_717' title='bbox 2935 5348 3112 5416; x_wconf 79' lang='grc' dir='ltr'>ψυχῆς</span> <span class='ocrx_word' id='word_1_718' title='bbox 3129 5345 3317 5406; x_wconf 79' lang='grc' dir='ltr'>αὐτοῦ,</span> <span class='ocrx_word' id='word_1_719' title='bbox 3348 5343 3484 5411; x_wconf 78' lang='grc' dir='ltr'>πρὸς</span> <span class='ocrx_word' id='word_1_720' title='bbox 3524 5337 3918 5428; x_wconf 42' lang='lat' dir='ltr'><strong>aduocabat).-</strong></span> 
     </span>
    </p>
   </div>
   <div class='ocr_carea' id='block_1_107' title="bbox 2366 5427 3915 5517">
    <p class='ocr_par' dir='ltr' id='par_1_107' title="bbox 2366 5427 3915 5517">
     <span class='ocr_line' id='line_1_107' title="bbox 2366 5427 3915 5517; baseline -0.014 -18"><span class='ocrx_word' id='word_1_721' title='bbox 2366 5446 2560 5517; x_wconf 79' lang='grc' dir='ltr'>λήψεις</span> <span class='ocrx_word' id='word_1_722' title='bbox 2589 5443 2866 5501; x_wconf 72' lang='grc' dir='ltr'>ἐκπίπτει,</span> <span class='ocrx_word' id='word_1_723' title='bbox 2899 5439 3250 5506; x_wconf 81' lang='grc' dir='ltr'>λογιζόμενος</span> <span class='ocrx_word' id='word_1_724' title='bbox 3274 5438 3330 5488; x_wconf 79' lang='grc' dir='ltr'>ὲν</span> <span class='ocrx_word' id='word_1_725' title='bbox 3367 5435 3544 5504; x_wconf 76' lang='grc' dir='ltr'>ἑαυτῷ</span> <span class='ocrx_word' id='word_1_726' title='bbox 3572 5427 3915 5497; x_wconf 77' lang='grc' dir='ltr'>ἐπιλελῆσθαι</span> 
     </span>
    </p>
   </div>
   <div class='ocr_carea' id='block_1_108' title="bbox 2370 5522 3919 5641">
    <p class='ocr_par' dir='ltr' id='par_1_108' title="bbox 2370 5522 3919 5641">
     <span class='ocr_line' id='line_1_108' title="bbox 2370 5522 3919 5641; baseline -0.012 -51"><span class='ocrx_word' id='word_1_727' title='bbox 2370 5538 2463 5591; x_wconf 78' lang='grc' dir='ltr'><strong>τὸν</strong></span> <span class='ocrx_word' id='word_1_728' title='bbox 2491 5535 2620 5588; x_wconf 73' lang='grc' dir='ltr'>Θεὸν</span> <span class='ocrx_word' id='word_1_729' title='bbox 2641 5534 2738 5603; x_wconf 86' lang='grc' dir='ltr'>τῆς</span> <span class='ocrx_word' id='word_1_730' title='bbox 2768 5532 2863 5584; x_wconf 76' lang='grc' dir='ltr'>τοῦ</span> <span class='ocrx_word' id='word_1_731' title='bbox 2917 5533 3122 5600; x_wconf 75' lang='grc' dir='ltr'>κόσμου</span> <span class='ocrx_word' id='word_1_732' title='bbox 3181 5529 3457 5600; x_wconf 78' lang='grc' dir='ltr'>προνοίας,</span> <span class='ocrx_word' id='word_1_733' title='bbox 3504 5522 3919 5641; x_wconf 50' lang='grc' dir='ltr'>ἀποστρὰίίαντα</span> 
     </span>
    </p>
   </div>
   <div class='ocr_carea' id='block_1_109' title="bbox 2016 5697 2566 5765">
    <p class='ocr_par' dir='ltr' id='par_1_109' title="bbox 2016 5697 2566 5765">
     <span class='ocr_line' id='line_1_109' title="bbox 2016 5697 2566 5765; baseline -0.002 -9"><span class='ocrx_word' id='word_1_734' title='bbox 2016 5697 2212 5758; x_wconf 70' lang='lat' dir='ltr'><strong>Varim</strong></span> <span class='ocrx_word' id='word_1_735' title='bbox 2241 5697 2566 5765; x_wconf 75' lang='lat' dir='ltr'><strong>lectiones.</strong></span> 
     </span>
    </p>
   </div>
   <div class='ocr_carea' id='block_1_110' title="bbox 787 5799 2237 5901">
    <p class='ocr_par' dir='ltr' id='par_1_110' title="bbox 787 5799 2225 5901">
     <span class='ocr_line' id='line_1_110' title="bbox 787 5799 2225 5901; baseline 0 -18"><span class='ocrx_word' id='word_1_736' title='bbox 787 5799 900 5900; x_wconf 48' lang='grc' dir='ltr'>(λθ)</span> <span class='ocrx_word' id='word_1_737' title='bbox 932 5828 1111 5887; x_wconf 61' lang='lat' dir='ltr'><strong>Crte-:0</strong></span> <span class='ocrx_word' id='word_1_738' title='bbox 1144 5833 1221 5889; x_wconf 71' lang='lat' dir='ltr'><strong>sic</strong></span> <span class='ocrx_word' id='word_1_739' title='bbox 1251 5849 1264 5886; x_wconf 89' lang='lat'><strong>:</strong></span> <span class='ocrx_word' id='word_1_740' title='bbox 1299 5830 1416 5887; x_wconf 76' lang='lat' dir='ltr'><strong>Non</strong></span> <span class='ocrx_word' id='word_1_741' title='bbox 1445 5836 1578 5888; x_wconf 59' lang='lat' dir='ltr'><strong>enim</strong></span> <span class='ocrx_word' id='word_1_742' title='bbox 1607 5833 1906 5901; x_wconf 67' lang='lat' dir='ltr'><strong>insidiatur,</strong></span> <span class='ocrx_word' id='word_1_743' title='bbox 1943 5842 1994 5884; x_wconf 83' lang='lat' dir='ltr'><strong>ut</strong></span> <span class='ocrx_word' id='word_1_744' title='bbox 2034 5832 2134 5886; x_wconf 79' lang='lat' dir='ltr'><strong>insi</strong></span> <span class='ocrx_word' id='word_1_745' title='bbox 2155 5832 2225 5883; x_wconf 82' lang='lat' dir='ltr'><strong>lia</strong></span> 
     </span>
    </p>
   </div>
   <div class='ocr_carea' id='block_1_111' title="bbox 2344 5799 3606 5901">
    <p class='ocr_par' dir='ltr' id='par_1_111' title="bbox 2344 5815 3606 5897">
     <span class='ocr_line' id='line_1_111' title="bbox 2344 5815 3606 5897; baseline -0.008 -15"><span class='ocrx_word' id='word_1_746' title='bbox 2344 5845 2398 5882; x_wconf 55' lang='lat' dir='ltr'><strong>an</strong></span> <span class='ocrx_word' id='word_1_747' title='bbox 2429 5827 2647 5897; x_wconf 76' lang='lat' dir='ltr'><strong>aliquem</strong></span> <span class='ocrx_word' id='word_1_748' title='bbox 2677 5824 2869 5892; x_wconf 78' lang='lat' dir='ltr'><strong>capiat,</strong></span> <span class='ocrx_word' id='word_1_749' title='bbox 2906 5822 2979 5875; x_wconf 77' lang='lat' dir='ltr'><strong>re!</strong></span> <span class='ocrx_word' id='word_1_750' title='bbox 3006 5822 3292 5887; x_wconf 79' lang='lat' dir='ltr'><strong>inimicum,</strong></span> <span class='ocrx_word' id='word_1_751' title='bbox 3319 5817 3392 5872; x_wconf 80' lang='lat' dir='ltr'><strong>t&#39;cl</strong></span> <span class='ocrx_word' id='word_1_752' title='bbox 3417 5815 3606 5886; x_wconf 77' lang='lat' dir='ltr'><strong>feram.</strong></span> 
     </span>
    </p>
   </div>
   <div class='ocr_carea' id='block_1_112' title="bbox 2067 5971 2073 6000">
    <p class='ocr_par' dir='ltr' id='par_1_112' title="bbox 2067 5971 2073 6000">
     <span class='ocr_line' id='line_1_112' title="bbox 2067 5971 2073 6000; baseline 0 0"><span class='ocrx_word' id='word_1_753' title='bbox 2067 5971 2073 6000; x_wconf 76' lang='grc' dir='ltr'><strong>ι</strong></span> 
     </span>
    </p>
   </div>
  </div>
