4082 6326
716 382 816 446 163

1907 372 2285 431 ElITllYMiI
2317 372 2669 430 'IZlGABlENl

3824 377 3913 440 l6!

716 493 772 542 In
805 491 1025 542 brat-talo
1058 484 1257 539 etenim
1301 485 1456 537 robur
1497 482 1732 536 hominis
1765 484 2038 538 consiSIit.
2078 485 2267 538 l‘ecca-

2375 485 2603 553 τούτῳή
2634 483 2727 535 τοῦ
2761 485 3043 551 ἀνθρώπου
3087 483 3314 552 δύναμις
3340 501 3351 512 '
3407 488 3724 556 ἁμαρτωλὸς
3774 492 3848 551 δὲ,
3896 495 3922 543 6

715 588 802 633 tor
831 589 1009 632 autem
1042 577 1132 630 ille
1177 586 1279 638 est,
1327 577 1421 644 qui
1475 576 1937 642 concupiscentiae
1971 574 2271 627 dominanti

717 671 944 726 inservit
968 669 1260 740 [malignus
1277 683 1406 723 vero
1426 668 1474 722 is
1495 669 1584 738 qui
1609 667 1890 737 ιιι-οροείιο
1911 682 1976 722 ac
1991 667 2271 721 voluntate

684 751 936 833 'propria
995 776 1194 830 pravus
1245 768 1327 812 cst
1385 769 1439 814 et
1484 761 1792 813 scelestus:
1846 772 1943 828 pro
1989 767 2274 827 peccatore.

719 853 881 907 etiam
912 862 964 907 et
989 853 1221 920 maligno
1242 850 1416 918 ipsum
1440 857 1592 918 potes
1612 849 1908 902 dmtnonetn
1931 846 2271 916 intelligere]

787 944 1062 1007 Quwretur
1092 949 1354 1008 peccatum
1391 939 1531 991 illius
1572 949 1620 991 et
1669 954 1767 990 non
1801 937 2107 989 invenietur.
2135 935 2272 1000 Quia

717 1037 764 1090 si
795 1037 938 1088 Deus
973 1041 1256 1096 peccatum
1288 1031 1435 1084 illius
1473 1029 1817 1097 exquisierit,
1852 1039 1906 1082 et
1951 1025 2272 1097 lungnnimis

713 1139 844 1194 erga
874 1139 996 1178 eum
1029 1137 1134 1176 non
1163 1121 1554 1185 fuerit,statim
1579 1119 1774 1188 peribit
1801 1117 2074 1187 judicatus
2099 1125 2272 1171 morte

717 1214 932 1282 dignus.
998 1209 1234 1278 Intelligi
1301 1211 1464 1260 etiam
1517 1215 1746 1276 possunt
1810 1207 1925 1261 haec
1983 1205 2144 1259 verba
2206 1205 2276 1259 de

713 1305 958 1369 Christo,
1012 1303 1088 1357 ita
1142 1311 1201 1356 ut
1243 1300 1606 1370 praenuntient
1635 1313 1701 1354 ea
1747 1313 1869 1366 quae
1914 1296 2121 1352 Pilatus
2156 1303 2273 1348 erat

712 1398 985 1458 dicturus,
1013 1394 1238 1464 quando,
1267 1393 1343 1446 ait
1389 1410 1401 1444 :
1437 1391 1662 1445 Nullam
1707 1407 1925 1444 causam
1975 1388 2176 1442 invenio
2215 1386 2271 1440 in

714 1487 923 1538 nomine
945 1487 964 1516 ⁸
998 1500 1015 1550 ;
1048 1484 1175 1552 item
1207 1491 1262 1538 et
1305 1482 1448 1551 quod
1478 1482 1592 1551 ipse
1616 1481 1868 1536 Christus
1896 1479 2073 1556 dixit:
2117 1478 2272 1532 Nunc

714 1579 954 1646 princeps
980 1575 1134 1643 hujus
1170 1575 1351 1628 mundi
1379 1575 1619 1643 ejicietur
1649 1573 1819 1641 foras,
1855 1582 1905 1625 et
1949 1572 2003 1624 iu
2043 1587 2121 1623 me
2167 1585 2271 1623 non

715 1667 938 1719 inveniet
966 1663 1312 1734 quidquam".
1345 1662 1533 1732 Neque
1575 1665 1718 1716 enim
1752 1660 1959 1716 Pilatus
1991 1672 2266 1730 peccatum

716 1757 937 1828 aliquod
979 1755 1188 1810 invenit
1218 1763 1437 1824 propter
1461 1756 1606 1824 quod
1640 1753 1812 1808 occidi
1841 1752 2002 1807 .lesus
2023 1751 2265 1815 deberet,

715 1850 1023 1918 nequeipse
1049 1848 1211 1900 etiam
1239 1845 1469 1907 daemon,
1497 1853 1738 1912 tempore
1777 1857 1884 1911 quo
1919 1841 2264 1894 immaculata

653 1920 656 1922 ’
714 1941 808 1993 illa
836 1938 1039 1993 Clu-isti
1071 1939 1252 1990 anima
1279 1938 1345 1990 ab
1371 1937 1490 2004 ejus
1513 1950 1738 2004 corpore
1769 1941 2016 2004 separata
2050 1943 2155 1997 est,
2188 1933 2270 1985 vel

715 2029 987 2083 tantillum
1012 2027 1188 2097 potuit
1217 2029 1461 2095 invenire
1501 2035 1805 2096 peccatum,
1839 2023 2050 2078 tametsi
2081 2023 2134 2076 in
2168 2023 2269 2082 hoc

716 2123 945 2175 multum
967 2119 1295 2174 incubuerit.

793 2212 950 2266 Vens.
990 2211 1076 2264 16.
1111 2211 1363 2263 Dominus
1394 2209 1504 2286 Rea;
1533 2220 1606 2263 est
1629 2209 1681 2262 in
1708 2209 1978 2270 saeculum,
2009 2219 2056 2261 et
2091 2209 2141 2261 in
2167 2223 2267 2260 sre-

714 2305 891 2359 culum
925 2303 1127 2358 sa’culi.
1158 2301 1330 2355 Verba
1363 2301 1477 2355 haec
1510 2301 1576 2353 ad
1625 2316 1718 2354 eos
1761 2301 1901 2354 dicta
1951 2307 2079 2354 sunt
2107 2337 2122 2362 ,
2175 2299 2264 2366 qui

716 2396 1154 2452 scandalizentur
1185 2435 1200 2459 ,
1253 2394 1397 2463 quod
1445 2393 1597 2462 pravi
1631 2393 1873 2446 liuinines
1926 2407 2030 2445 non
2085 2393 2266 2445 statim

715 2489 1032 2556 puniantur.
1069 2486 1333 2554 Regnum,
1367 2486 1560 2553 inquit,
1594 2495 1647 2538 et
1676 2483 1940 2551 judicium
1970 2482 2058 2536 Dei
2086 2523 2102 2548 ,
2159 2497 2266 2535 non

716 2581 801 2630 est
871 2573 935 2627 ad
997 2582 1209 2642 tempus
1273 2611 1288 2635 ,
1361 2571 1458 2627 sed
1524 2583 1863 2639 perpetuum.
1913 2567 2064 2624 Unde
2143 2571 2264 2624 licet

716 2665 894 2720 nullas
924 2677 1063 2717 nunc
1101 2662 1229 2716 deut
1253 2677 1464 2731 poenas,
1489 2661 1779 2730 aliquando
1811 2674 1991 2716 tamen
2040 2675 2131 2715 eas
2171 2660 2267 2714 da-

717 2760 871 2810 bunt.
903 2754 997 2807 Vel
1033 2752 1231 2807 Christi
1257 2768 1479 2822 regnum
1513 2753 1838 2820 praenuntiat
1863 2791 1876 2810 ,
1927 2749 2070 2819 quod
2133 2751 2260 2802 olim

715 2844 931 2914 quidem
958 2857 1169 2911 semper
1197 2842 1383 2898 habuit
1409 2851 1467 2896 ut
1506 2841 1668 2904 Deus,
1702 2841 1794 2896 sed
1845 2851 1965 2909 post
2018 2856 2266 2894 resurre-

715 2937 952 2992 ctionem
985 2935 1146 2990 etiam
1177 2935 1356 2989 denuo
1383 2934 1592 3002 accepit
1623 2943 1680 2986 ut
1716 2933 1879 2986 homo
1915 2949 1928 2985 :
1986 2931 2130 2986 Data
2184 2940 2260 2984 est

715 3029 858 3086 enim
881 3029 1028 3090 mihi,
1046 3027 1242 3096 inquit,
1259 3027 1431 3080 omnis
1448 3035 1676 3094 potestas
1700 3027 1752 3078 in
1777 3025 1904 3078 ca'lo
1919 3034 1967 3078 et
1988 3025 2043 3077 in
2067 3034 2206 3078 terra
2220 3023 2260 3089 ⁶;

2376 578 2493 636 ταῖς
2547 575 2935 644 τυραννούσαις
3009 576 3324 644 ἐπιθυμίαις
3392 577 3808 648 δεδουλωμένοςχ
3835 585 3919 634 καὶ

2378 665 2634 734 πονηρός.

2445 936 2848 1004 Ζητηθήσεται
2882 940 2918 1006 ἡ
2948 938 3196 1003 ἁμαρτία
3219 939 3422 1004 αὐτοῦ,
3467 940 3564 992 καὶ
3601 943 3671 994 οὐ
3705 941 3788 1008 μὴ
3829 944 3924 996 εὐ·-

2367 1028 2536 1098 ρεθῇ.
2592 1030 2654 1082 ΕΞ
2713 1027 2970 1100 ὲξετὰσῃς
3018 1033 3125 1101 γὰρ
3176 1031 3274 1101 τὴν
3309 1031 3583 1100 ἁμαρτίαν
3611 1031 3798 1094 αὑτοῦ,
3829 1035 3922 1084 καὶ

2380 1123 2454 1190 μὴ
2489 1122 2942 1192 μακροθυμήσῃς,
2977 1123 3173 1175 αὐτίκα
3215 1123 3494 1175 ἀπολεῖται
3539 1123 3719 1183 αὐτὸς,
3778 1123 3923 1185 ἄξιος

2377 1212 2612 1264 θανάτου
2636 1211 2862 1280 κριθείς.
2892 1211 3242 1281 Λαμὸιὶνεται
3272 1212 3328 1265 δὲ
3366 1211 3458 1264 καὶ
3510 1213 3590 1275 είς
3641 1211 3870 1280 Χριστὸν
3895 1213 3923 1262 6

2375 1301 2550 1366 λόγος,
2587 1300 2989 1371 προαγορεύων,
3016 1303 3149 1369 ὅπερ
3182 1299 3403 1369 ὕστερον
3431 1302 3458 1352 6
3498 1298 3730 1362 Πιλάτος
3776 1300 3923 1370 εἵρη-

2373 1411 2459 1453 κε,
2517 1393 2591 1454 ὡς
2638 1391 2927 1461 Οὑδεμίαν
2983 1391 3178 1446 αἰτίαν
3218 1390 3474 1457 εὑρίσκω
3507 1391 3577 1444 ἐν
3605 1389 3784 1454 αὐτῷ.
3818 1390 3924 1442 Καὶ

2374 1482 2548 1543 αὖθις,
2573 1482 2708 1550 ὅπερ
2737 1484 2762 1533 ὁ
2791 1481 3021 1550 Χριστὸς
3040 1477 3213 1544 εἶπεν,
3243 1481 3325 1534 ὅτι
3355 1481 3483 1534 Νῦν
3508 1483 3543 1533 δ
3581 1481 3780 1548 ἄρχων
3819 1480 3923 1533 τοῦ

2373 1575 2604 1642 κόσμου
2641 1572 2856 1625 τούτου
2880 1572 3138 1641 ¹ἔρχεται,
3163 1570 3260 1626 καὶ
3282 1571 3352 1624 ἐν
3380 1571 3507 1640 ἐμοὶ
3534 1571 3780 1638 εὑρήσει
3830 1575 3925 1623 οὺ-

2371 1663 2508 1718 ὃέν·
2544 1661 2670 1716 οὔτε
2699 1663 2808 1733 γὰρ
2849 1661 2878 1712 6
2913 1661 3139 1725 Πιλᾶτος
3176 1661 3334 1731 εὗρεν
3386 1662 3682 1732 ἁμαρτίαν,
3742 1662 3810 1714 δι’
3859 1661 3925 1729 ἤν

2372 1755 2561 1825 ἔμελλε
2597 1755 2777 1808 θανεῖν
2804 1756 2829 1806 6
2858 1753 3110 1822 Χριστδς,
3150 1751 3273 1806 οὔτε
3306 1757 3334 1806 6
3361 1753 3600 1816 διάϐολος
3627 1755 3685 1805 ἐν
3717 1753 3796 1822 τῷ
3824 1771 3924 1822 χω·

2376 1847 2554 1919 ρισμῷ
2582 1850 2678 1916 τῆς
2707 1845 2976 1916 ἀχράντου
3005 1843 3169 1897 αὑτοῦ
3203 1844 3378 1914 ψυχῆς
3407 1845 3505 1914 τὴν
3531 1843 3742 1896 οἱανοῦν
3774 1845 3924 1913 ἴσχυο

2374 1956 2462 1992 σεν
2502 1939 2680 2008 εὑρεῖν
2705 1938 2994 2006 ἁμαρτίαν,
3026 1936 3194 1988 πολλὰ
3230 1935 3442 2004 καμὼν.

2438 2215 2646 2279 Κύριος
2670 2210 2970 2276 ,βασιλεὺς
3009 2212 3094 2274 εις
3136 2208 3242 2261 τὸν
3279 2207 3480 2270 αἰῶνα,
3535 2209 3629 2261 καὶ
3673 2209 3762 2274 εὶς
3819 2207 3921 2259 τὸν

2367 2306 2550 2360 αἰῶνα
2580 2304 2682 2358 τοῦ
2713 2302 2941 2368 αἰῶνος.
2971 2301 3140 2354 Τοῦτο
3169 2300 3303 2369 πρὸς
3331 2300 3456 2363 τοὺς
3503 2298 3921 2367 σκανδαλιζομέ-

2368 2413 2510 2459 νους,
2541 2397 2633 2448 ἐπὶ
2663 2395 2723 2446 τὺ
2751 2394 2826 2463 μὴ
2863 2393 3060 2446 διδόναι
3105 2391 3260 2461 δίκην
3316 2390 3479 2452 εὐθὺς
3526 2389 3616 2441 τὸν
3662 2389 3916 2458 πονηρόν.

2368 2490 2482 2543 Οὐκ
2515 2487 2630 2541 ἔστι
2661 2488 2789 2556 γὰρ,
2821 2483 2976 2554 φησι,
3011 2481 3343 2554 πρόσκαιρος
3399 2483 3432 2550 ἡ
3477 2473 3727 2552 βασιλεία
3753 2481 3844 2533 καὶ
3886 2481 3918 2549 ἠ

2368 2581 2549 2651 κρίσις
2571 2578 2665 2631 τοῦ
2711 2575 2886 2629 Θεοῦ*
2922 2574 3062 2628 ἀλλὰ
3114 2573 3215 2627 κᾶν
3261 2572 3336 2644 μὴ
3375 2573 3471 2626 νῦν
3528 2572 3688 2626 δώσει
3739 2573 3918 2640 δίκην,

2365 2671 2524 2726 δώσει
2555 2670 2705 2724 ποτέ.
2735 2669 2804 2721 Ἦ
2835 2666 2944 2720 ’καὶ
2966 2667 3066 2736 τὴν
3115 2664 3210 2719 τοῦ
3252 2663 3490 2734 Χριστοῦ
3547 2662 3920 2733 προανεφώνει

2369 2762 2664 2833 βασιλείαν,
2692 2761 2758 2829 ἢν
2785 2759 2862 2822 ὡς
2906 2757 3038 2822 Θεὸς
3067 2758 3226 2826 ἔχων,
3253 2755 3408 2809 ἔλασε
3435 2757 3529 2809 καὶ
3574 2757 3649 2818 ὠς
3708 2753 3920 2824 ἄνθρω-

2368 2870 2468 2916 πος
2490 2855 2627 2924 μετὰ
2660 2853 2756 2922 τὴν
2797 2852 3113 2919 ἀνάστασιν.
3157 2849 3365 2916 Ἐδόθη
3393 2867 3495 2918 μοι
3543 2848 3672 2919 γὰρ,
3729 2847 3917 2916 φησιν,

2365 2946 2615 3011 ἐξουσία
2643 2944 2711 2996 ἐν
2747 2941 2982 3012 οἱφανῷ
3003 2943 3100 2995 καὶ
3129 2940 3227 2995 ἐπὶ
3263 2940 3395 3010 γῆς,
3418 2941 3558 2995 ὥστε
3612 2938 3918 3010 βασιλεύειν

2354 3042 2489 3094 ὀὑκ⁴
2525 3041 2583 3092 ἐν
2628 3037 2705 3108 τῷ
2765 3035 2993 3107 παρόντι
3045 3037 3204 3103 μόνον
3246 3034 3424 3097 αίῶνι,
3460 3034 3595 3087 ἀλλὰ
3627 3037 3720 3089 καὶ
3752 3036 3813 3087 ὲν
3839 3031 3916 3099 τῷ

684 3119 791 3176 'ita
819 3131 877 3175 ut
900 3134 1007 3174 non
1044 3121 1094 3174 iu
1127 3118 1375 3188 przeseuti
1397 3127 1603 3171 tantum
1626 3116 1847 3179 saeculo,
1871 3114 1963 3170 sed
1997 3115 2048 3168 iu
2078 3112 2262 3169 futuro
2287 3126 2332 3185 α
2369 3131 2628 3200 μέλλοντι,

711 3212 876 3266 etiam
905 3218 1229 3279 regnaturus
1266 3207 1362 3264 sit.
1759 3263 1766 3270 ,

789 3303 1031 3357 Peribitis
1053 3310 1222 3371 gentes
1256 3317 1321 3354 ea:
1368 3310 1510 3352 terra
1564 3300 1736 3353 illius.
1786 3298 1889 3353 Per
1940 3307 2129 3368 gentes
2169 3311 2265 3351 eos

715 3392 967 3460 intelligit
1000 3391 1102 3444 hoc
1141 3392 1192 3442 in
1226 3390 1344 3443 loco
1381 3390 1470 3456 qui
1523 3389 1901 3457 evangelieam
1936 3387 2106 3459 legem
2157 3407 2262 3444 non

717 3490 1094 3551 susceperunt.
1131 3479 1329 3534 Gentes
1363 3480 1630 3548 siquidem
1661 3481 1777 3534 sine
1807 3481 1922 3547 lege
1968 3490 2113 3535 sunt.
2165 3481 2266 3537 Per

715 3581 914 3626 terram
952 3579 1130 3626 autem
1167 3570 1330 3629 illius.
1363 3576 1536 3622 totum
1567 3569 1754 3623 orbem
1789 3569 2035 3638 intelligit
2093 3569 2263 3640 [cum

713 3661 918 3715 dictum
949 3662 1020 3714 sit
1048 3677 1062 3714 :
1116 3659 1324 3712 Domini
1352 3671 1425 3711 est
1457 3668 1599 3711 terra
1624 3668 1673 3712 et
1697 3658 1964 3724 plenitudo
1989 3659 2100 3720 eius
2131 3661 2193 3723 ';
2235 3676 2264 3714 ει

715 3767 823 3820 qua
850 3753 947 3805 ltus
977 3751 1414 3805 exterminandas
1434 3764 1558 3804 esse
1591 3747 1854 3820 praedicit]
1887 3749 1988 3805 ﬁde
2011 3750 2262 3804 nimirum

714 3842 1010 3910 divulgata.
1060 3839 1152 3893 Vel
1199 3854 1292 3908 per
1345 3851 1545 3893 terram
1592 3839 1841 3902 Domini,
1885 3855 2108 3909 regnum
2146 3844 2265 3905 ejus

2448 3303 2818 3367 Ἀπολεῖσθε,
2852 3305 3020 3370 ἔθνη,
3043 3303 3111 3356 ἐκ
3137 3300 3248 3369 τῆς
3271 3299 3382 3369 γῆς
3407 3299 3612 3354 αὑτοῦ.
3636 3298 3801 3369 Ἐθνη
3825 3295 3920 3352 νῦν

2365 3396 2622 3465 ὀνομάζει
2653 3394 2778 3456 τοὺς
2809 3391 2884 3462 μὴ
2917 3391 3241 3460 δεξαμένους
3277 3389 3368 3442 τὸν
3424 3387 3777 3457 εὑαγγελικον
3831 3389 3920 3440 v6-

2369 3504 2469 3555 μον
2498 3505 2512 3518 ·
2536 3486 2604 3538 τὰ
2640 3486 2744 3553 γὰρ
2768 3483 2917 3552 ἔθνη,
2948 3484 3142 3552 ἄνομα.
3195 3483 3303 3536 Τοῦ
3346 3482 3565 3550 Κυρίου
3621 3482 3678 3534 δὲ
3728 3481 3766 3548 ἡ
3821 3478 3920 3548 γῆ,

2369 3575 2649 3638 εὐσεσείας
2685 3572 3117 3642 ἑξαπλουμὲνης.
3143 3573 3212 3625 Ἢ
3232 3575 3326 3625 καὶ
3356 3573 3459 3642 γῆν
3504 3573 3709 3642 Κυρίου
3763 3570 3923 3625 καλεί

2369 3667 2467 3734 τὴν
2501 3665 2777 3733 βισιλειαν
2801 3663 2990 3729 αὑτοῦ,
3045 3659 3112 3735 ἦς
3141 3664 3546 3718 ἀποπεσοῦνται
3599 3665 3648 3717 ot
3698 3663 3921 3732 ἀνόμως

2369 3757 2656 3825 ζήσαντες.

717 3930 988 3997 intelligit,
1013 3945 1039 3980 ιι
1069 3943 1176 3997 quo
1200 3944 1388 3983 omnes
1422 3929 1692 3992 decident,
1725 3931 1815 3996 qui
1845 3929 1984 3984 male
2010 3931 2263 4014 vixerint.
2361 3933 2363 3935 ’

787 4018 947 4072 Vens.
973 4017 1052 4072 l7.
1082 4016 1398 4071 Desiderium
1420 4034 1701 4085 pauperum
1727 4019 2008 4085 exaudiui,
2028 4015 2263 4086 Domin’e,

713 4109 1150 4175 pratarationem
1172 4109 1345 4160 cordis
1371 4124 1548 4162 eorum
1587 4109 1786 4162 audiuit
1836 4110 1982 4164 auris
2016 4123 2128 4162 tua.
2169 4111 2266 4162 Dn-

713 4199 970 4252 siderium
997 4239 1012 4261 ,
1073 4199 1284 4267 inquit,
1325 4215 1662 4268 pauperum,
1719 4208 1773 4256 et
1819 4202 2263 4269 preparationem

713 4290 894 4343 eurdis
927 4306 1110 4344 eorum
1140 4330 1154 4352 ,
1185 4291 1470 4344 clamantia
1525 4291 1924 4360 quodammodo
1969 4292 2034 4343 ad
2085 4301 2134 4344 te
2163 4329 2178 4352 ,
2213 4300 2266 4345 et

712 4383 1035 4449 injustorutn
1090 4385 1509 4437 destructionem
1559 4385 1799 4452 optantis
1832 4423 1846 4446 ,
1887 4391 1942 4436 tu
1972 4383 2258 4437 exaudisti.

2441 4014 2560 4081 Τὴν
2586 4016 2904 4085 ἐπιθυμίαν
2932 4015 3048 4071 τῶν
3062 4017 3334 4082 πενήτων
3353 4017 3741 4085 εἰσήκουσας,
3803 4020 3919 4074 Kni-

2361 4123 2457 4174 ριε
2478 4124 2491 4136 ·
2526 4107 2597 4175 τῇ
2625 4108 2935 4177 ἑτοιμασίᾳ
2958 4107 3065 4174 τῆς
3092 4109 3335 4176 καρδίας
3364 4109 3548 4163 αὑτοῦ
3577 4109 3923 4178 προσέσχες

2365 4201 2432 4253 τὸ
2465 4196 2572 4264 οὖς
2602 4214 2739 4252 σου.
2776 4199 2989 4270 Τρόπον
3019 4199 3138 4254 τινὰ
3194 4201 3542 4273 κεκραγότων
3593 4204 3758 4270 ἄμφω
3780 4203 3920 4272 πρὸς

2367 4293 2428 4343 σέ
2460 4307 2472 4321 ·
2504 4289 2809 4359 ἐπεθύμουν
2838 4292 2935 4358 μὲν
2967 4290 3073 4361 γὰρ
3121 4295 3567 4363 καταστραφῆναι
3621 4293 3748 4353 τοὺς
3803 4292 3922 4345 ἀδί-

2367 4399 2493 4445 κους
2524 4399 2536 4412 ·
2569 4377 2708 4452 ἦσαν
2725 4383 2784 4446 δὲ
2821 4383 2993 4446 εὐθείς
3019 4386 3084 4454 τῇ
3130 4384 3345 4453 καρδίᾳ,
3395 4385 3661 4454 μηδεμιᾶς
3718 4386 3920 4450 κακίας

712 4471 876 4548 Erant
913 4475 1056 4528 enim
1104 4473 1156 4526 bi
1208 4488 1474 4542 pauperes
1529 4477 1814 4542 prazparati
1851 4481 1907 4528 et
1950 4476 2077 4528 recti
2100 4474 2264 4528 corde

2368 4473 2776 4541 ἐμποδιζούσης.
2810 4474 2878 4526 Ἦ
2907 4476 2998 4526 καὶ
3018 4452 3098 4526 ὅτι
3130 4452 3434 4544 ἐπεθύμουν
3457 4452 3577 4545 -τῆν
3637 4477 3917 4545 ὲνανθρὼο

710 4581 776 4619 ac
809 4567 954 4620 nullo
985 4566 1114 4618 vitio
1147 4566 1408 4634 impediti.
1445 4563 1540 4620 Vel
1576 4563 1824 4618 fortassis
1869 4579 1934 4619 eo
1993 4567 2265 4633 pertinent

714 4657 825 4707 lucc
855 4658 1034 4720 verba,
1075 4667 1128 4708 ut
1163 4656 1543 4724 prophetarum
1609 4654 1846 4710 indicent
1897 4657 2259 4720 desiderium,

709 4740 1253 4811 quilnearnatiouem
1302 4743 1509 4797 Domini
1558 4746 1857 4810 optabant.
1917 4754 1973 4799 et
2029 4745 2258 4814 prompti

708 4842 865 4886 erant
893 4833 957 4886 ad
986 4835 1384 4902 susceptionem
1420 4835 1538 4889 lidei
1563 4852 1577 4888 :
1606 4835 1642 4888 ii
1672 4835 1924 4890 nimirum
1955 4835 2045 4905 qui
2076 4847 2259 4905 postea

709 4939 827 4975 eam
860 4934 1236 4991 susceperunt.

784 5007 946 5064 Vens.
982 5012 1063 5065 l8.
1095 5010 1162 5062 Ut
1183 5011 1388 5079 judice:
1417 5014 1613 5080 pupillo
1643 5025 1692 5068 et
1719 5015 1925 5069 humili.
1954 5016 2259 5083 Exandisti,

2361 4580 2528 4634 πησιν
2552 4563 2644 4617 τοῦ
2679 4563 2929 4634 Σωτῆρος
2951 4567 3000 4617 oi
3039 4569 3312 4636 προφῆται
3346 4583 3361 4597 ·
3391 4567 3600 4634 ἕτοιμοι
3663 4567 3720 4620 δὲ
3769 4565 3918 4638 ἦσαν

2359 4656 2438 4718 εἰς
2499 4644 2766 4726 ὑποδοχὴν
2814 4660 2912 4728 τῆς
2968 4657 3201 4722 πίστεως
3237 4659 3300 4711 -οί
3378 4642 3580 4728 ratiqu
3649 4659 3933 4744 ὕποδεξάο,

2363 4763 2535 4814 μενοι.

2429 5008 2632 5077 Κρῒναι
2663 5010 2899 5080 ὀρφανῷ
2924 4995 3018 5064 καί
3044 5011 3318 5078 ταπεινῷ.
3351 5015 3706 5086 Εἰσήκονσας,
3751 5019 3909 5086 φησι,

710 5098 924 5166 inquit,
963 5113 1018 5154 et
1066 5102 1341 5158 atteudisti
1380 5113 1437 5158 ut
1477 5105 1645 5172 judex
1706 5109 1860 5160 lieres
1909 5108 2155 5176 orphano
2207 5118 2262 5163 et

2368 5104 2449 5155 καὶ
2473 5103 2791 5172 προσέσχες,
2821 5103 2958 5155 ὥστε
2999 5104 3191 5174 κριτὴς
3239 5107 3492 5172 γενέσθαι
3537 5107 3754 5178 ὀρφανῷ
3813 5111 3910 5162 καὶ

711 5190 926 5252 lmmili,
957 5199 1009 5244 et
1040 5193 1331 5247 vindictam
1389 5210 1575 5250 eorum
1610 5197 1835 5252 faceres.

795 5279 860 5331 Ut
890 5298 988 5334 non
1024 5296 1244 5350 apponat
1275 5287 1418 5338 ultra
1450 5288 1788 5356 magniﬁcare
1821 5305 1875 5342 se
1914 5289 2066 5344 homo
2098 5307 2252 5358 super

710 5378 925 5422 terram.
958 5369 1026 5423 Ut
1048 5375 1225 5429 omnis
1253 5377 1416 5428 homo
1447 5390 1828 5445 Oppressorum
1867 5394 2095 5433 cernens
2140 5382 2254 5434 vin-

709 5459 908 5512 dictam
938 5499 953 5524 ,
988 5461 1267 5516 audaciam
1314 5479 1377 5518 ac
1430 5465 1787 5520 temeritatem
1838 5467 2112 5536 deponat,
2160 5485 2258 5525 nec

710 5547 969 5615 glorietur
993 5551 1118 5620 quis
1150 5554 1382 5622 amplius
1435 5564 1530 5608 aut
1582 5556 1872 5612 extollatur
1923 5574 2087 5629 super
2120 5561 2256 5615 inlc-

2363 5193 2617 5263 ταπεινῷ,
2646 5195 2739 5247 καὶ
2768 5194 3043 5262 ἐκδικῆσαι
3070 5197 3247 5252 αὐτόν.
3566 5239 3570 5242 .
3773 5218 3785 5227 ‘
3919 5225 3925 5255 :

2441 5286 2572 5340 Ἵνα
2593 5288 2673 5352 μὴ
2711 5285 2943 5352 προσθῇ
2973 5288 3058 5341 ἔτι
3111 5287 3216 5342 τοῦ
3256 5289 3655 5360 μεγαλαυχεῖν
3683 5291 3912 5357 ἅνθρω-

2367 5393 2478 5442 πος
2511 5377 2606 5430 ἐπὶ
2639 5376 2747 5443 τῆς
2767 5375 2892 5446 γῆς.
2924 5377 3040 5431 ’Ίνα
3070 5380 3174 5442 πᾶς
3204 5379 3507 5448 ἄνθρωπος,
3541 5381 3751 5452 βλέπων
3807 5387 3913 5454 τὴν

2365 5467 2641 5536 ἐκδίκησιν
2661 5468 2766 5518 τῶν
2799 5468 3181 5534 ἀδικουμένων,
3215 5468 3292 5540 μὴ
3323 5471 3562 5543 τολμήσῃ
3597 5473 3675 5523 ἔτι
3731 5493 3904 5542 μεγα-

2362 5559 2600 5628 λαυχείν,
2653 5557 2927 5610 τουτέστιν
2974 5560 3292 5630 ἐπαίρεσθαι
3345 5566 3437 5618 καὶ
3488 5563 3905 5625 ἀλαζονεύεσθαι

805 5730 825 5758 ¹
857 5721 1013 5780 Joan.
1051 5741 1162 5792 xix,
1195 5729 1250 5787 6.
1333 5732 1351 5764 ⁸
1391 5730 1546 5788 Joan.
1603 5751 1699 5800 λιι,
1883 5741 1899 5766 ⁸
1934 5735 2121 5789 Matth.
2155 5749 2347 5800 λιι-ιιι,
2385 5737 2467 5791 l8.
2537 5737 2557 5768 '
2598 5736 2740 5792 Psal.
2773 5753 2925 5804 unt,
2963 5738 3010 5792 l.
