4082 6326
129 129 288 179 Ἴ-

143 340 223 402 ῙΠ
1234 335 1621 399 COMMENT.
1667 337 1746 397 ΙΝ
1782 337 2140 402 PSAIJIOS.

1875 255 1896 280 ο

3222 343 3319 406 178

138 448 458 523 προαγορεύει
485 467 492 476 ’
526 447 931 518 ἐπιγέγραπται
963 450 1038 510 δέ,
1083 449 1260 517 ’Υπὲρ
1291 449 1396 516 τῆς
1427 450 1665 519 ὀγδόης,

1778 461 1823 508 ct
1850 455 2054 507 scelera
2081 455 2180 508 hoc
2215 453 2432 510 Psalmo
2463 455 2832 523 reprehendit,
2853 453 3069 509 unicum
3101 455 3165 508 ad
3197 472 3320 523 pro-

134 544 207 598 δια
230 543 281 596 τὸ
295 542 416 595 Νῦν
432 542 878 610 ἀναστήσομαι,
911 544 1004 594 καὶ
1027 542 1089 594 τὰ
1109 541 1326 610 ἐφεξῆς,
1348 544 1412 610 τῇ
1433 543 1668 596 ἀναστά-

134 652 201 687 σει
229 632 413 703 μὶλλον
446 633 536 684 τοῦ
573 634 821 704 Σωτῆρος
843 634 1171 704 ἁρμόζοντα.
1207 634 1267 686 Ei
1293 635 1400 705 γὰρ
1431 634 1523 687 καὶ
1551 634 1674 690 ταῦο

1771 545 1941 614 priaiu
1983 545 2212 598 salutem
2252 543 2415 599 Deum
2471 545 2729 599 invocans
2763 563 2777 596 :
2817 546 2972 614 quasi
3017 545 3162 599 nulla
3211 546 3320 614 jam

1770 635 2002 704 amplius
2044 637 2091 688 ei
2130 651 2256 704 spes
2297 645 2607 704 superesset
2659 638 2711 689 in
2747 637 2950 688 auxilio
2998 639 3322 699 amicorum.

131 743 185 778 τα
224 725 343 793 πρὸς
374 724 462 774 τὸν
489 723 653 775 Δαεῖιδ
676 723 998 792 ἐλκύσομεν,
1031 723 1220 792 ὥσπερ
1249 724 1548 792 ἀκηκοότος
1575 724 1670 777 τοῦ

1778 728 1862 796 qui
1895 742 2012 781 sese
2061 728 2742 797 lt05|ibu3°adjunxissent,
2778 736 2830 780 et
2869 743 3102 796 quorum
3138 727 3328 781 interi—

131 815 244 869 Θεοῦ
273 815 358 867 καὶ
397 816 832 884 ὑπισχνουμένου
859 816 1147 885 κινηθῆναι
1193 817 1331 868 κατᾶ
1357 816 1446 868 τὸν
1478 817 1670 884 καιρὸν

129 909 207 976 τῆς
238 903 518 974 ἐπιϐουλῆς
550 909 628 969 εἰς
655 906 932 975 ἐκδίκησιν
965 908 1151 971 αὑτοῦ,
1191 909 1282 959 καὶ
1324 906 1497 959 θεῖναι
1546 908 1668 968 τοὺς

131 1001 348 1066 πτωχοὺς
398 997 491 1048 καὶ
521 997 754 1068 πένητας
786 999 866 1060 είς
897 999 1190 1067 σωτηρίαν,
1224 999 1316 1049 καὶ
1351 999 1665 1067 παρρησιὰ-

133 1181 215 1245 τῆς
249 1179 514 1248 σωτηρίας
541 1180 751 1232 αὐτῶνθ
783 1181 1248 1249 ἐναντιωθήσομαι
1285 1183 1348 1249 τῇ
1387 1183 1664 1248 ἐπιγραφῇ

1771 827 1882 870 tum
1914 816 1999 868 liie
2032 817 2313 885 praedicit:
2362 817 2534 885 ipsius
2577 818 2741 871 etiam
2793 816 2919 869 Saul
2952 831 3014 870 ac
3053 819 3326 870 sociorum
3412 809 3418 816 ’

1764 907 2083 975 iactantiam
2108 907 2451 966 evertendam
2485 921 2604 960 esse
2631 905 3018 974 pt'aanuntians'.
3051 904 3152 956 l-‘ro
3182 915 3328 957 octa-

1767 1016 1828 1051 va
1891 1015 2016 1051 vero
2071 999 2364 1068 inscriptus
2421 1006 2505 1052 cst
2555 1005 2776 1066 propter
2821 998 2910 1048 illa
2946 997 3143 1056 verba,
3177 995 3329 1048 Nunc

132 1087 322 1149 σασθαι,
351 1089 598 1141 τουτέστι
643 1089 878 1158 φανῆναι
931 1089 1148 1158 ἰσχυρὸς
1182 1093 1273 1140 καὶ
1320 1090 1526 1150 δίκαιος
1579 1088 1669 1141 διὰ
1769 1105 2036 1158 resurgam
2084 1107 2101 1140 :

2161 1105 2281 1158 qua:
2337 1099 2514 1141 tamen
2584 1088 2971 1143 resurrectioni
3031 1085 3330 1138 Saliatoris

1770 1197 2074 1249 congruere
2132 1182 2300 1247 magis
2347 1181 2620 1234 ridentur.
2677 1178 2807 1230 Nam
2858 1179 2900 1230 si
2939 1177 3062 1246 quis
3113 1175 3329 1227 trahere

127 1269 210 1335 τῆς
231 1268 436 1337 ὀγδόης.
475 1269 672 1322 Ἰστέον
704 1269 782 1333 δέ,
807 1271 888 1322 ὅτι
910 1267 970 1321 τὸ
996 1271 1260 1339 σωτήριον
1294 1269 1612 1338 οὐδετέρως,
1635 1271 1666 1337 ή

1778 1274 1895 1325 velit
1924 1289 2144 1326 sensum
2184 1273 2470 1326 verborum
2501 1271 2566 1323 ad
2603 1273 2820 1323 beatum
2855 1268 3044 1324 David.
3067 1275 3327 1332 tanquam

133 1362 370 1430 σωτηρία.

1767 1367 1879 1433 ipse
1907 1364 2176 1417 audiverit
2209 1364 2372 1418 Deum
2401 1364 2806 1433 promittentem
2828 1376 2884 1416 se
2902 1363 2974 1422 ci,
3009 1358 3347 1412 insidiatum,

137 1462 352 1522 tempore
384 1459 435 1509 ill
468 1457 732 1518 auxilium
765 1459 1142 1522 adventurum,
1179 1468 1232 1514 et
1264 1457 1329 1512 ad
1357 1457 1474 1527 ejus
1501 1457 1790 1510 vindictam
1826 1466 1841 1509 ξ
1870 1466 1921 1510 et
1960 1457 2261 1524 positurum
2304 1458 2527 1524 insuper
2588 1469 2852 1523 pauperes
2921 1466 3112 1505 omnes
3171 1460 3331 1515 atque.

134 1550 298 1627 inopes
343 1552 422 1603 iu‘
443 1553 638 1615 salute,
677 1553 895 1608 demum
942 1555 1110 1609 libere
1141 1569 1199 1608 se
1232 1563 1506 1612 acturum,
1558 1553 1657 1605 lioc
1699 1559 1806 1612 est,
1839 1550 2034 1604 fortem
2073 1552 2357 1618 acjustum
2382 1566 2440 1604 se
2477 1548 2924 1616 conspiciendum
2991 1560 3135 1605 esse,
3209 1560 3332 1612 pro-

131 1650 234 1708 pter
278 1644 486 1696 illorutn
548 1646 778 1699 salutem
815 1663 829 1699 :

879 1648 924 1701 si
971 1648 1116 1714 quis,
1159 1645 1404 1714 inquam,
1439 1658 1660 1698 sensum
1702 1641 2044 1696 Psaliuiillue
2081 1642 2294 1695 trahere
2325 1639 2579 1698 voluerit.
2633 1655 2739 1692 non
2796 1635 3123 1688 videbuntur
3170 1632 3330 1684 verba

132 1732 310 1789 Psaluii
347 1737 718 1806 inscriptioui,
754 1738 857 1791 Pro
885 1749 1089 1800 octava,
1149 1737 1473 1791 convenire.
1553 1733 1848 1788 Scirndum
1880 1746 1966 1788 est
1992 1733 2180 1797 etiam,
2215 1734 2356 1802 quod
2392 1720 2632 1788 salutare
2691 1729 2775 1785 liic
2819 1736 3067 1783 neutrum
3140 1741 3338 1778 nomen

133 1829 503 1885 substantivuin
535 1840 638 1888 est.
679 1842 731 1884 et
765 1833 983 1897 ponitur
1008 1848 1104 1899 pro
1136 1832 1338 1886 salute.

381 1925 481 1989 Εἰς
511 1923 575 1976 τὸ
617 1923 790 1986 τέλος
819 1925 1057 1990 ψαλμὸς
1088 1922 1167 1988 τῷ
1200 1922 1394 1976 Δίιῦίδ.

670 2017 962 2073 ΨΛΛΜΟΣ
1017 2019 1114 2074 ΙΒ’.

196 2111 334 2163 Μετὰ
362 2111 459 2180 τὴν
509 2112 754 2180 μοιχείαν
805 2113 1107 2180 Βηρσαὸέε,
1150 2111 1358 2164 καὶτὸν
1391 2111 1548 2177 φόνον
1581 2107 1675 2160 τοῦ

134 2203 302 2273 ἀνδρὸς
349 2205 515 2273 αὐτῆς
550 2205 770 2274 Οὐρίου,
803 2206 1082 2273 διαφόροις
1135 2195 1448 2274 περιπεσὼν
1481 2219 1673 2270 πειρα-

136 2298 270 2364 σμοῖς
297 2298 322 2347 ὁ
347 2296 534 2361 Δαὸὶδ,
559 2298 654 2366 ἦτε
683 2295 929 2364 θυγάτηρ
959 2295 1120 2348 αὐτοῦ
1149 2294 1301 2366 παρᾶ
1320 2293 1674 2370 τοῦ-ἀδελφοῦ

136 2391 280 2459 αὐτῆς
324 2389 572 2458 ’Λμνώνο
631 2389 848 2450 καὶτὸν
905 2389 1114 2459 Ἀμνὼν
1165 2391 1194 2443 ό
1238 2389 1466 2458 ἀδελφὸς
1508 2389 1676 2454 αὐτῆς

148 2479 438 2550 ’Ᾱσεσαλὼμ
490 2483 691 2544 ἀνεῖλε,
738 2473 977 2536 καὶτῶν
1021 2483 1315 2546 βασιλικῶν
1367 2483 1533 2536 οἴκων
1576 2481 1676 2532 οὐκ

136 2571 368 2641 ἐλαχίστη
405 2572 599 2641 γέγονε
647 2573 938 2642 σύγχυσιςο
972 2575 1094 2627 ἐπεὶ
1133 2574 1440 2626 τελευταῖον
1471 2573 1564 2624 καὶ
1586 2587 1675 2622 τυ-

141 2665 333 2736 ραννίδα
363 2667 560 2737 μελετή
572 2683 665 2728 τας
688 2667 717 2718 ὁ
739 2669 868 2728 παῖς
895 2661 1048 2729 οὗτος
1088 2665 1429 2735 ’Δόεσα).ὼμ,
1461 2665 1674 2734 ἀπήλα-

138 2773 192 2810 σε
221 2759 308 2826 μὲν
348 2759 511 2811 αὐτὸν
560 2759 658 2827 τῆς
708 2759 1016 2827 βασιλείας,
1059 2762 1158 2814 οὐκ
1191 2760 1384 2827 ἔστησε
1427 2759 1489 2811 δὲ
1515 2759 1676 2827 μέχρι

138 2847 302 2901 τούτου
332 2847 422 2900 τὸν
446 2847 638 2918 θυμὸν,
658 2848 794 2902 ἀλλὰ
814 2851 909 2912 τὰς
933 2850 1189 2919 δυνάμεις
1211 2851 1398 2902 τούτου
1423 2850 1678 2917 συνεκρό-

136 2955 273 3005 τησε,
321 2941 412 2993 καὶ
445 2943 888 3010 παρεσκευάζετο
940 2942 1273 3007 καταδιῶξαι
1319 2943 1409 2994 τὸν
1442 2942 1674 3008 πατέρα,

138 3029 221 3080 aut
267 3030 487 3084 ἀνελεῖν.
531 3033 1010 3102 Ἀναλογιζόμενος
1032 3036 1060 3085 ὁ
1087 3032 1250 3086 Δαὸὶδ
1280 3033 1338 3085 τ’)
1367 3030 1566 3102 πλῆθος
1584 3031 1676 3084 καὶ

139 3107 344 3186 μέγεθος
367 3121 474 3174 τῶν
507 3121 823 3192 συμφορῶν,
874 3120 1012 3192 ᾤετο
1043 3122 1143 3192 τὴν
1180 3121 1510 3191 δηλωθεῖσαν
1555 3137 1675 3189 μοι-

140 3213 272 3280 χείαν
298 3215 506 3268 καὶτὸν
554 3217 716 3284 φόνον
764 3215 832 3269 τὰ
868 3214 1095 3270 τοιαῦτα
1135 3216 1462 3286 προξενῆσαι
1507 3216 1674 3278 κακὰ,
1706 3253 1749 3310 C

140 3303 569 3370 ἐγκαταλιπόντος
605 3307 770 3361 αὐτὸν
821 3306 916 3361 τοῦ
950 3306 1108 3370 Θεοῦ,
1139 3309 1187 3360 εί
1239 3307 1332 3360 καὶ
1376 3307 1677 3376 τηνικαῦτα

141 3399 487 3470 συνεχωρήθη.
519 3400 609 3452 Διὸ
651 3399 743 3452 καὶ
775 3399 864 3452 τδν
883 3399 1125 3470 παρόντα
1156 3398 1416 3466 συνέθηκε
1445 3398 1677 3467 ψαλμὸν,

144 3491 261 3556 μετὰ
285 3492 374 3544 τὸν
401 3492 606 3562 τρίτον,
645 3493 733 3544 ὅτε
764 3492 794 3544 ὁ
826 3492 998 3546 Χουσὶ
1027 3490 1386 3554 διασκεδάσας
1417 3490 1517 3558 τὴν
1552 3487 1677 3558 βονο

139 3581 524 3654 λῆνἈχιτόφελ,
555 3584 631 3648 ὡς
660 3585 1088 3654 προειρήκαμεν,
1119 3583 1385 3652 ἐμήνυσεν
1416 3582 1562 3652 αὐτῷ
1582 3581 1680 3652 τὴν

144 3675 348 3745 μελέτην
387 3679 572 3729 πᾶσαν
601 3676 941 3746 Ἀϐεσαλὼμ,
969 3677 1062 3730 καὶ
1094 3675 1154 3730 τὸ
1179 3674 1450 3745 πρακτέον
1489 3675 1680 3729 ὑπέθε-

140 3785 206 3820 το.
252 3769 350 3835 Εις
376 3770 444 3822 τὸ
494 3773 666 3835 τέλος
700 3769 1126 3838 ἐπιγέγραπται.
1157 3769 1245 3822 διὰ
1277 3768 1376 3840 τὴν
1415 3770 1473 3820 ἐν
1507 3767 1680 3836 τούτῳ

143 3861 422 3933 πρόρῤησιν
456 3865 554 3934 τῆς
574 3864 680 3917 ’τοῦ
716 3862 1074 3934 πολεμοῦντος
1106 3864 1295 3934 ἥττης,
1337 3864 1416 3925 εἰς
1447 3864 1508 3915 τὸ
1531 3863 1679 3923 τέλος

141 3953 501 4026 ἱκὸιϐηκυίας.
538 3957 945 4024 Ἀγαλλιάσεται
981 3940 1090 4028 γάῥ
1116 3999 1130 4022 ,
1173 3956 1362 4026 φησιν,
1408 3956 1439 4025 ή
1487 3953 1680 4024 καρδία

145 4061 231 4112 μου
257 4048 345 4100 ἐπὶ
371 4049 448 4117 τῷ
475 4049 727 4122 σωτηρίῳ
765 4065 876 4103 σου.

201 4223 336 4289 Ἕως
359 4225 524 4288 πότε,
550 4225 746 4290 Κύριε,
767 4225 1028 4292 ἐπιλήσῃ
1043 4241 1162 4292 μου
1183 4227 1266 4289 εἰς
1287 4223 1460 4288 τέλος
1486 4237 1503 4285 ;
1528 4221 1680 4294 Λήθη

146 4319 229 4386 μίν
274 4319 415 4372 ἐστιν
447 4318 691 4386 ἀποῦολὴ
743 4320 996 4389 μνήμης’
1023 4317 1100 4388 τῷ
1128 4319 1246 4389 Θιῷ
1284 4317 1340 4371 δὲ
1391 4319 1571 4371 πάντα
1598 4320 1681 4372 ἐν-

143 4408 286 4475 ώτια,
342 4411 440 4464 καὶ
476 4410 572 4481 οὑχ
613 4410 670 4462 αἱ
699 4408 926 4479 πράξεις
967 4409 1146 4479 μόνον,
1200 4409 1336 4462 ἀλλὰ
1367 4408 1462 4462 καὶ
1493 4407 1562 4460 τὰ
1587 4405 1680 4459 τοῦ

145 4501 218 4553 νοῦ
249 4505 538 4572 κινήματα.
588 4502 772 4570 Λήθην
795 4498 888 4555 οὗν
918 4501 1013 4554 ἐπὶ
1039 4500 1197 4564 Θεοῦ,
1229 4501 1327 4571 τὴν
1360 4499 1677 4566 ἐγκαταλει-

2086 1913 2148 1967 In
2180 1915 2336 1981 ﬁnem
2378 1911 2624 1964 Psolmus
2677 1911 2777 1974 ipsi
2831 1908 3020 1960 David.

2330 2002 2647 2060 PSALMUS
2681 2001 2791 2055 XII.

1848 2101 1976 2154 Post
2009 2100 2335 2154 adulterium
2381 2098 2660 2153 Bersabee:
2690 2106 2741 2150 et
2777 2104 2897 2164 post
2941 2095 3140 2148 ciuilem
3169 2091 3336 2157 Ut'ia',

1777 2209 1900 2248 cum
1935 2193 1986 2245 in
2010 2183 2189 2246 rarius
2220 2191 2504 2246 incidisset
2535 2189 2876 2242 calamitates
2904 2189 3092 2241 beatus
3123 2185 3287 2237 David
3318 2201 3332 2236 :

1777 2286 1979 2353 quippe
2009 2299 2131 2338 cum
2166 2291 2220 2337 et
2248 2283 2352 2337 filia
2381 2281 2498 2349 ejus
2533 2280 2774 2334 Thamar
2805 2281 2873 2332 ab
2911 2278 3137 2330 Ammon
3169 2276 3336 2328 fratre

1781 2377 1971 2429 fuisset
2000 2383 2281 2443 corrupta,
2331 2383 2385 2427 et
2414 2376 2622 2425 Amnon
2661 2387 2691 2424 a
2740 2372 2906 2425 fratre
2938 2371 3206 2423 Alisalone
3249 2369 3335 2421 iii-

1779 2473 2079 2534 teremptus
2112 2483 2126 2522 :
2165 2466 2305 2519 unde
2335 2480 2441 2518 non
2476 2464 2772 2520 mediocris
2807 2463 3059 2518 confusio
3093 2463 3142 2515 ir.
3190 2463 3333 2531 regia

1779 2557 1868 2610 illa
1914 2557 2078 2611 domo
2111 2567 2230 2610 orta
2263 2567 2346 2612 est
2383 2575 2395 2610 :
2448 2558 2720 2626 praecipue
2771 2572 2894 2610 cum
2943 2557 3058 2624 ipse
3101 2555 3334 2608 Absaluu

1781 2658 2056 2718 postremo
2089 2631 2437 2719 tyrannidem
2469 2649 2632 2702 etiam
2667 2649 3025 2708 afl‘ectaVei-it,
3047 2654 3100 2698 ct
3131 2657 3334 2713 patri-ui

1781 2756 1948 2810 regno
1978 2743 2266 2807 expulerit,
2294 2750 2346 2795 et
2369 2752 2651 2794 crescente
2679 2741 2728 2791 iu
2773 2739 3096 2794 immensum
3129 2736 3333 2794 furore.

1779 2835 1964 2900 copias
1985 2836 2148 2886 etiam
2177 2834 2456 2902 collegerit
2486 2843 2540 2885 et
2571 2840 2887 2900 pr-rSecutus
2915 2831 2983 2882 sit
3019 2837 3244 2897 patrem,
3282 2837 3336 2880 ct

1781 2925 2092 2978 iuteriuiere
2135 2925 2298 2977 etiam
2342 2939 2466 2978 eum
2517 2933 2749 2978 conatus
2777 2922 2886 2977 sit:
2918 2936 3040 2974 eum
3091 2920 3254 2985 igitur
3281 2920 3332 2969 in

1781 3015 1880 3070 lias
1910 3032 2100 3070 omnes
2134 3016 2475 3070 calamitates
2511 3016 2792 3070 incidisset
2819 3016 3010 3067 beatus
3031 3011 3213 3069 David,
3257 3019 3336 3060 at-

1780 3125 1884 3178 que
1915 3110 2096 3163 animo
2123 3124 2217 3164 eas
2267 3123 2484 3178 semper
2537 3108 2858 3169 revulveret,
2902 3102 3234 3158 existimavit
3277 3117 3342 3155 se

1781 3201 1852 3255 ob
1892 3202 2246 3255 commissum
2279 3201 2552 3262 adulterii,
2609 3207 2662 3254 et
2718 3199 2878 3252 caedis
2925 3197 3129 3249 crimen
3167 3195 3336 3247 tantis

1779 3293 2014 3362 opprimi
2038 3293 2194 3346 malis
2230 3310 2243 3346 :
2288 3299 2341 3346 et
2386 3304 2697 3361 quanquam
2729 3289 2856 3342 olim
2902 3288 3004 3342 sibi
3043 3287 3331 3340 remissum

1783 3383 1972 3437 fuisset
2014 3391 2317 3452 peccatum.
2361 3381 2566 3436 veritus
2612 3390 2786 3434 tamen
2835 3393 2892 3433 se
2949 3392 2977 3429 a
3027 3376 3134 3430 Deo
3167 3375 3336 3430 fuisse

1779 3473 2124 3538 derelictum,
2155 3474 2301 3530 hunc
2354 3473 2630 3527 Psalmum
2661 3469 3008 3536 conscripsit,
3063 3476 3196 3537 post-
3227 3477 3336 3521 ter-

1781 3565 1938 3628 tium,
1960 3565 2178 3632 quando
2202 3565 2365 3618 Cliusi
2397 3564 2555 3632 fregit
2578 3564 2864 3617 consilium
2897 3560 3242 3626 Aeliitoiihel.
3278 3571 3335 3614 ut

1727 3698 1738 3709 .
1778 3655 1887 3723 jam
1917 3657 2286 3724 praediximus.
2323 3656 2434 3708 lloc
2467 3665 2647 3708 autem
2678 3655 2914 3716 Psalruo,
2943 3663 2996 3708 et
3043 3655 3334 3708 Absalouis

1785 3749 1876 3802 filii
1913 3749 2270 3818 cogitationes
2303 3748 2616 3816 explicavit.
2652 3757 2704 3800 et
2737 3761 2854 3814 qua!
2885 3757 3146 3800 eventura
3182 3758 3336 3801 erant

1784 3842 2031 3910 praedixit
2058 3861 2070 3894 :
2106 3853 2267 3911 atque
2298 3844 2421 3897 ideo
2449 3845 2500 3895 iu
2531 3844 2686 3910 ﬁnem
2719 3842 3015 3910 inscriptus
3047 3852 3126 3896 est
3163 3862 3174 3894 :
3208 3849 3334 3911 quia

1785 3935 2213 4004 profligationem
2240 3936 2530 3991 Absalouis
2550 3937 2814 4005 prtedieit.
2830 3950 2948 4004 qua:
2967 3951 3150 3988 verum
3177 3937 3345 3990 tinem

1782 4037 1902 4082 erat
1939 4038 2322 4083 consecutura.
2378 4029 2709 4092 Exsultabit,
2745 4029 2941 4098 inquit,
2974 4045 3065 4082 cor
3088 4046 3256 4082 meum
3282 4031 3334 4084 iu

1781 4120 2010 4174 salutari
2051 4130 2159 4174 tuo.

1856 4211 2015 4266 Vens.
2052 4213 2100 4266 l.
2137 4211 2444 4284 Usquequo,
2483 4215 2731 4274 Domine.
2765 4217 3082 4271 obliviscaris
3139 4218 3236 4269 mei
3283 4216 3336 4268 in

1783 4305 1981 4370 liuent?
2024 4303 2232 4358 Oblivio
2277 4313 2359 4359 est
2399 4306 2673 4360 memoria:
2704 4308 3024 4376 deperditio.
3067 4307 3176 4360 Deo
3209 4323 3338 4362 vero

1782 4395 1960 4448 omnia
1993 4396 2276 4465 praesrntia
2300 4405 2428 4451 sunt
2453 4414 2464 4449 :
2490 4413 2587 4451 nec
2613 4406 2817 4453 tantum
2846 4398 3086 4454 actiones
3113 4409 3334 4461 nostrw.

1785 4485 1884 4540 sed
1931 4487 2105 4556 ipsius
2154 4491 2318 4542 etiam
2360 4490 2564 4544 mentis
2615 4490 2972 4560 cogitationes
3023 4505 3084 4543 ac
3122 4497 3335 4544 ‘motus.

145 4592 219 4657 ψιν
246 4593 352 4646 τῶν
377 4593 802 4662 πεπλανηκότων
819 4592 1048 4661 οἰητέον,
1076 4588 1526 4660 παραχωροῦντος
1555 4606 1676 4642 πειο

1786 4575 2049 4631 Oblivisci
2085 4591 2215 4630 vero
2255 4575 2493 4633 dicimus
2524 4578 2692 4633 Deum
2734 4580 2983 4650 alicujus,
3017 4575 3237 4650 quando
3269 4582 3338 4633 ob

149 4683 380 4753 ράζεσθαι
420 4683 643 4745 τούτους
693 4685 773 4744 είς
830 4683 1130 4735 παίδευσιν.
1185 4681 1259 4734 Τὸ
1290 4681 1347 4734 δὲ
1378 4683 1464 4747 εις
1487 4680 1680 4746 τέλος,

149 4775 244 4828 ἀντὶ
277 4775 392 4840 τοῦ,
421 4776 584 4846 μέχρι
618 4773 815 4828 πολλοῦ
838 4773 1230 4845 παρείληπται.

204 4962 343 5027 Ἕως
375 4939 518 5014 πότε
548 4954 948 5028 ἀποστρέφεις
977 4959 1043 5014 τὸ
1075 4959 1402 5025 πρόσωπόν
1431 4974 1542 5012 σου
1579 4955 1681 5011 ἀπ’

146 5049 300 5118 spei;
337 5054 632 5123 Πρόσωπον
660 5052 757 5119 μὲν
786 5048 880 5105 οὖν
909 5053 1022 5104 ἐστι
1045 5048 1180 5102 Θεοῦ
1215 5051 1246 5119 ή
1285 5051 1552 5123 ἐποπτικὴ
1589 5049 1681 5110 καὶ

150 5115 448 5215 terg-retiis?)
497 5115 670 5194 αὑτοῦ⁷
712 5141 972 5212 δύναμις·
1019 5115 1336 5211 ἀποστροφή
1364 5142 1444 5205 δέ,
1482 5144 1514 5210 ή
1540 5115 1678 5210 πρὸς

149 5232 430 5284 τούναντίον
453 5234 624 5300 αὐτῆς
654 5232 922 5301 ἐνέργεια,
950 5235 1026 5293 ὡς
1057 5233 1509 5302 ἀποστρεφομένη
1560 5233 1682 5292 τοὺς

150 5321 375 5389 ἀναξίους
399 5323 496 5394 τῆς
530 5324 836 5392 ἐπισκοπῆς
869 5325 1057 5389 αὐτοῦ,
1090 5324 1178 5377 διὰ
1207 5323 1266 5377 τὸ
1303 5321 1683 5394 βδελύττεσθαι

151 5413 225 5478 τὰς
245 5415 470 5484 πράξεις
507 5414 707 5470 αὐτῶν.
761 5415 893 5469 Ἀπὸ
939 5416 1049 5468 τῶν
1090 5414 1449 5483 ἀνθρωπίνων
1477 5415 1554 5478 δὲ,
1586 5430 1684 5483 χα-

154 5511 442 5579 ρακτηρίζει
491 5507 686 5561 καὶ⁴τὰ
713 5509 853 5564 θεία.
892 5510 1000 5562 Καὶ
1027 5507 1136 5578 γὰρ
1182 5509 1236 5560 οι
1271 5506 1684 5576 ἐγκαταλιμπά-

152 5600 302 5660 νοντέῖ
343 5616 459 5650 τινα
483 5641 498 5663 ,
531 5597 626 5651 καὶ
660 5599 758 5667 τὴν
787 5602 1020 5670 μνήμην
1057 5599 1220 5653 αὐτοῦ
1275 5599 1686 5667 συναπολιμπά-

153 5704 295 5749 γουσι,
330 5692 423 5741 καὶ
447 5691 496 5743 οἱ
524 5691 988 5760 ἀποστρεφόμενοι
1018 5692 1114 5762 οὐχ
1165 5691 1384 5762 ὁρῶσιν,
1425 5690 1520 5755 οὒς
1550 5691 1686 5744 ἁπο-

158 5796 470 5850 στρεφονται.

1787 4667 1934 4722 illius
1979 4667 2178 4743 delicta
2240 4683 2366 4723 cum
2425 4669 2563 4724 Deus
2615 4671 2960 4740 derelinquit,
3029 4675 3348 4740 tetrtarique

1753 4753 2049 4840 fpermittit
2065 4771 2227 4831 atque
2252 4761 2433 4832 alfligi,
2455 4770 2514 4816 ut
2535 4761 2745 4832 ﬂagello
2767 4765 3068 4820 erudiatur.
3097 4763 3158 4816 In
3182 4765 3346 4830 ﬁnem.

1783 4860 1959 4902 autem
1990 4852 2170 4921 posuit
2203 4867 2301 4922 pro
2336 4851 2450 4906 diu.

1857 4939 2134 5012 Usquequo
2188 4945 2381 4999 avertis
2429 4945 2615 5012 faciem
2659 4955 2803 4999 tuam
2825 4963 2856 4999 a
2887 4949 3002 5002 me?
3031 4947 3216 5003 Facies
3245 4950 3346 5004 Dei'

1786 5035 2019 5102 potentia
2048 5037 2137 5089 illa
2172 5037 2223 5090 iu
2246 5035 2358 5092 Deo
2376 5046 2480 5103 est,
2510 5055 2614 5108 qua
2643 5039 2837 5108 aspicit
2865 5055 2984 5107 nos,
3011 5055 3072 5095 ac
3105 5041 3338 5095 custodit

1783 5138 1838 5181 ct
1897 5127 2174 5184 beneticiis
2235 5129 2425 5184 donat.
2477 5130 2699 5185 Aversio
2758 5147 2885 5187 vero
2938 5131 3026 5184 Dei
3065 5134 3336 5187 contraria

1785 5219 2030 5288 Operatio
2054 5229 2137 5276 est
2168 5239 2181 5275 :
2212 5221 2432 5289 quando
2466 5221 2722 5274 nimirum
2759 5221 3006 5290 indignos
3033 5236 3276 5292 quosque
3310 5238 3338 5275 a

1787 5314 2037 5370 custodia
2096 5320 2149 5365 et
2185 5313 2520 5381 protectione
2563 5294 2925 5375 sua'a’vertit.
2960 5323 3216 5383 tanquam
3273 5328 3336 5367 ea

1787 5411 2081 5473 operentur
2119 5419 2238 5469 quae
2270 5403 2324 5456 in
2388 5403 2558 5472 ipsius
2595 5413 2900 5471 conspectu
2953 5403 3337 5457 abominabilia

1788 5495 1960 5550 videri
2014 5495 2222 5564 possint
2255 5512 2270 5549 :
2300 5510 2490 5550 verum
2529 5495 2793 5549 humanis
2851 5495 3104 5562 loquendi
3167 5495 3340 5548 modis

1791 5588 2056 5658 Pr0piieta
2082 5588 2297 5643 divinas
2328 5588 2755 5643 nobisactiones
2786 5587 3058 5654 exprimit.
3094 5587 3224 5640 Nam
3247 5589 3337 5655 qui

1792 5679 2031 5749 aliquem
2081 5679 2489 5747 derelinquunt,
2553 5680 2701 5732 illius
2762 5679 2964 5747 pariter
3025 5680 3337 5732 memoriam

1791 5772 2043 5842 perdunt,
2070 5779 2122 5825 et
2147 5772 2238 5839 qui
2270 5770 2481 5840 aliquos
2507 5778 2780 5837 avertunt,
2818 5768 3048 5840 amplius
3088 5783 3184 5823 eos
3231 5783 3346 5821 non.

1793 5867 1994 5927 vident.
2032 5879 2061 5918 a
2096 5865 2294 5924 auibus
2325 5864 2499 5920 aversi
2532 5870 2682 5920 sunt.
