4082 6326
699 337 802 402 tas
1517 350 1524 356 -
1887 325 2284 399 Ευτιιιινιιιι·
2304 337 2666 400 ZIGABENI
3787 333 3889 390 200

696 461 840 506 recte
865 451 1133 513 convenit,
1171 459 1222 504 ut
1252 452 1440 505 eadem
1474 467 1587 510 res.
1616 462 1668 505 et
1713 455 1889 520 portio
1913 453 2152 518 dicatur,
2181 465 2235 508 et

2354 455 2481 525 ςρός.
2527 454 2850 507 Διδασκαλία
2893 451 2972 511 δὲ,
3025 451 3085 503 τὸ
3143 450 3394 517 ποτήριον
3423 491 3436 512 ,
3487 449 3567 502 ὅτι
3623 449 3717 499 καὶ
3762 443 3898 508 οἶκος

699 542 898 595 diviti:e
924 583 936 606 ,
969 554 1021 596 et
1063 543 1393 611 lmreditas;
1436 559 1496 596 ea
1543 545 1796 599 nimirum
1843 545 2070 607 ratione,
2117 547 2242 614 quia

2354 545 2513 613 αὕτη,
2542 545 2628 597 διὰ
2654 545 2710 596 τὸ
2738 543 3067 612 εὐφραίνειν,
3103 545 3197 594 κα)⁸
3226 541 3466 610 ἄμπελος
3497 542 3523 591 6
3555 540 3809 609 Χριστός.

695 645 750 690 et
784 635 1056 697 dividitur,
1090 646 1142 688 et
1175 637 1296 703 quia
1328 636 1542 690 divitem
1573 639 1763 702 reddit,
1797 649 1850 691 et
1882 640 2009 707 quia
2053 642 2380 710 relinquitur
2405 658 2432 692 a
2458 640 2632 692 Patre.
2665 639 2816 692 Calix
2844 638 3002 691 etiam
3033 653 3132 706 pro
3188 637 3435 690 doctrina
3490 637 3659 704 accipi
3704 646 3896 706 polL‘St,

699 743 820 796 quae
846 727 970 779 vino
1005 727 1194 780 merito
1227 738 1595 794 comparatur,
1666 739 1721 783 et
1787 732 1911 798 quia
1956 731 2210 796 laetiﬁcat,
2237 741 2292 786 et
2320 731 2445 799 quia
2481 728 2732 782 Christus
2759 728 2910 780 vinea
2939 729 3235 795 appellatus
3287 736 3392 779 est.

767 817 843 868 Tu
897 834 949 869 es
1005 819 1095 884 qui
1153 819 1393 871 restitues
1454 818 1811 871 [nereditatem
1853 837 2020 872 meam
2089 821 2240 874 mihi.

2411 815 2494 870 Σὺ
2537 812 2597 869 εἶ
2622 820 2654 869 ὀ
2686 814 3095 869 ἀποκαθιστῶν
3138 815 3252 882 τὴν
3307 818 3708 883 κληρονομίαν
3761 839 3876 888 μου

697 906 895 959 Gentes
929 921 1048 973 qua:
1076 907 1204 959 olim
1235 922 1265 960 a
1310 906 1463 961 Patre
1510 917 1671 976 atque
1700 923 1729 961 a
1756 907 1890 962 Filio
1914 921 2104 964 creata:
2132 911 2246 965 fue-

2354 905 2424 961 ra
2444 907 2694 976 γὰρεθνη
2725 907 2949 975 πλάσμα
2983 907 3077 959 τοῦ
3108 906 3233 959 Υίοῦ
3264 907 3356 959 καὶ
3388 907 3520 960 Θεοῦ
3547 913 3900 979 τυγχάνοντα,

699 1007 838 1057 rant,
883 1008 932 1050 et
971 998 1061 1050 Dei
1123 998 1434 1063 ﬁgmentum
1487 1000 1826 1062 dicebantur,
1883 1002 2248 1057 discesserant

2354 999 2662 1068 ἀπέστησαν
2693 999 2770 1059 εἰς
2809 997 3272 1066 εἰδωλολατρείαν,
3314 995 3434 1051 εἶτα
3462 999 3622 1052 πάλιν
3657 1003 3901 1056 άπεκατ·

698 1088 768 1140 ab
801 1103 887 1151 eo,
920 1096 972 1141 et
999 1104 1275 1142 conversae
1310 1090 1373 1142 ad
1411 1091 1768 1152 idololatrias.
1794 1103 2067 1160 postremo
2083 1094 2130 1147 ei
2160 1110 2252 1161 per

2354 1091 2584 1159 ἔστησαν
2638 1088 2780 1157 αὑτῷ
2821 1088 2906 1140 διὰ
2939 1091 3033 1158 τῆς
3065 1089 3318 1152 πίστεως.
3374 1091 3683 1159 ’Λνατίθησι
3730 1095 3786 1146 δὲ
3826 1096 3901 1163 τῷ

701 1180 856 1233 ﬁdem
890 1180 1086 1234 iterum
1124 1184 1390 1236 restitutae
1421 1193 1546 1238 sunt
1580 1201 1594 1237 :
1631 1184 1773 1237 hanc
1822 1195 2000 1239 autem
2033 1188 2250 1240 restitu-

703 1272 868 1325 tionis
898 1276 1126 1340 gratiatn
1166 1272 1358 1336 Filius,
1404 1275 1456 1328 itt
1487 1274 1700 1329 Patrem
1737 1287 1991 1345 tanquam
2025 1280 2077 1330 in
2109 1281 2253 1346 prin-

701 1365 900 1431 cipium
951 1363 1138 1419 refert.
1200 1367 1497 1435 Aptissinte
1540 1383 1667 1421 vero
1699 1368 1785 1422 hic
1832 1371 2136 1424 versiculus
2187 1371 2250 1426 ad

700 1453 1092 1522 praecedentem
1147 1457 1653 1525 interpretationem
1700 1463 2077 1529 consequitur.
2120 1461 2252 1523 llac.

703 1543 898 1612 inquit,
943 1549 1006 1598 de
1039 1561 1202 1600 causa
1243 1555 1298 1599 ιιι
1347 1563 1404 1601 es
1445 1551 1719 1617 particeps
1753 1551 2082 1604 haereditatis
2127 1568 2256 1606 mete

701 1645 756 1690 et
796 1631 986 1690 calicis
1023 1639 1146 1703 mei,
1178 1640 1434 1706 quoniam
1466 1649 1522 1693 tu
1556 1643 1687 1694 tnihi
1713 1657 1828 1694 eam
1860 1643 2164 1698 restituisti.
2191 1643 2252 1695 Et

702 1727 1069 1782 luereditatem
1105 1731 1284 1796 posuit
1327 1733 1672 1808 priusquaur
1707 1734 1952 1798 calicem,
1995 1736 2248 1803 quoniam

701 1819 986 1874 lnereditas
1010 1821 1200 1874 mortis
1231 1821 1302 1873 illi
1327 1837 1490 1876 causa
1521 1822 1638 1876 fuit.
1664 1824 2070 1891 Propteripsam
2107 1825 2248 1876 enim

700 1913 948 1961 mortuus
984 1918 1084 1962 est.
1113 1907 1220 1962 Nec
1264 1912 1491 1965 taeenda
1527 1912 1680 1966 nobis
1722 1924 1803 1967 est
1845 1915 2087 1982 quaedam
2143 1929 2247 1966 non

2357 1181 2528 1250 Πατρὶ
2554 1183 2651 1247 τὴν
2687 1183 2864 1250 χάριν,
2901 1181 2974 1242 ὡς
3012 1181 3178 1249 αίτίᾳ.
3205 1183 3310 1234 Καὶ
3337 1182 3614 1235 ἔστιτουτὶ
3636 1185 3694 1236 τὸ
3744 1187 3902 1254 ῥητόν

2356 1271 2818 1340 ἐφερμηνευτικὺν
2875 1269 2968 1321 τοῦ
3025 1271 3130 1338 πρὸ
3186 1270 3374 1323 αὐτοῦ.
3442 1271 3538 1323 Διὰ
3561 1270 3717 1323 τοῦτο
3773 1272 3900 1340 γὰρ,

2356 1364 2506 1430 φησὶ,
2550 1360 2801 1423 κοινωνὸς
2834 1356 2884 1412 εἷ
2942 1361 3039 1428 τῆς
3093 1360 3454 1430 κληρονομίας
3514 1377 3635 1429 μου,
3671 1361 3764 1414 καὶ
3812 1363 3901 1413 τοῦ

2357 1450 2619 1519 ποτηρίου
2659 1467 2781 1523 μου,
2815 1449 2947 1526 δίιότι
2982 1450 3043 1501 ού
3082 1467 3172 1518 μοι
3203 1450 3406 1516 ταύτην
3434 1451 3902 1520 άποκατὲστησας,

2357 1540 2471 1608 Πρὸ
2509 1541 2600 1592 τοῦ
2651 1527 2910 1608 ποτηρίου
2960 1539 3041 1600 δὲ,
3067 1539 3164 1609 τὴν
3222 1539 3587 1609 κληρονομίαν
3639 1541 3903 1604 τέθεικεν,

2356 1632 2435 1682 ὅτι
2468 1631 2604 1698 αὑτὴ
2642 1627 2863 1697 γέγονεν
2901 1631 3048 1681 αἰτία
3075 1630 3166 1682 τοῦ
3197 1630 3424 1684 θανάτου
3455 1629 3616 1684 αὑτοῦ
3640 1649 3654 1663 ’
3708 1633 3777 1684 δι’
3808 1635 3903 1686 αὐ-

2355 1722 2451 1789 τὴν
2479 1723 2586 1788 γὰρ
2621 1721 2907 1775 ἀπέθανεν.
2946 1721 3163 1787 Ῥητὲον
3183 1721 3237 1773 δέ
3260 1739 3310 1774 τι
3342 1725 3432 1774 καὶ
3462 1722 3734 1793 γλαφυρὸν
3772 1723 3905 1775 θεώο

2358 1829 2509 1881 ρημα
2552 1815 2676 1881 περὶ
2707 1812 2811 1865 τῶν
2851 1812 3256 1880 προκειμένωνο
3305 1813 3386 1865 ὅτι
3433 1813 3522 1865 τὸν
3554 1814 3672 1866 κατ’
3719 1816 3903 1867 εἰκόνα

2355 1902 2489 1955 Θεοῦ
2519 1902 2897 1972 πεπλασμένον
2926 1903 3232 1971 ἄνθρωπον,
3271 1905 3361 1954 καὶ
3407 1904 3493 1955 διά
3523 1905 3680 1956 τοῦτο
3703 1905 3902 1974 κλῆρον

704 1997 982 2064 inelegans
1034 2000 1099 2053 de
1159 2001 1430 2068 prtedietis
1481 2004 1802 2069 speculatio.
1861 2003 2138 2057 Hominem
2185 2003 2250 2056 ad

2354 1993 2446 2046 τοῦ
2494 1993 2790 2054 πλάσαντος
2843 1994 2992 2056 ὄντα,
3018 1993 3274 2056 δελεάσας
3306 1996 3333 2045 6
3357 1995 3644 2063 δυσμενὴς,
3687 1997 3780 2047 καὶ
3811 2013 3903 2046 τυ-

702 2084 994 2153 intaginem
1022 2095 1076 2139 et
1105 2088 1519 2144 similitudinem
1548 2091 1640 2146 Dei
1697 2093 1897 2146 factum
1928 2103 1981 2146 et
2019 2093 2254 2161 plasma-

701 2181 835 2236 tum,
853 2182 1017 2242 atque
1047 2176 1171 2230 ideo
1201 2177 1566 2233 luereditatem
1591 2181 1867 2237 Creatoris
1893 2184 2119 2246 dictum,
2147 2183 2248 2237 sub

702 2263 973 2329 propriam
1008 2264 1283 2334 redegerat
1312 2267 1522 2323 daemon
1549 2272 1908 2341 tyrannidem,
1933 2280 1986 2326 et
2017 2273 2252 2327 alienum

703 2355 1032 2424 mancipium
1068 2357 1171 2412 sibi
1199 2371 1555 2429 usurpaverat
1584 2379 1597 2415 :
1632 2361 1695 2415 ad
1741 2378 1923 2432 quem,
1957 2365 2049 2418 Dei
2085 2362 2256 2417 Filius

700 2450 756 2495 et
790 2443 983 2509 haeres",
1016 2446 1228 2503 litteras
1261 2450 1429 2514 misit,
1470 2451 1716 2506 scribens
1746 2453 1792 2506 ei
1821 2467 1916 2522 per
1944 2453 2257 2522 prophetas,

694 2535 1078 2588 altareditatent
1107 2538 1255 2592 illam
1308 2549 1576 2606 repetens,
1613 2557 1718 2611 qua
1746 2542 1918 2598 luerat
1956 2544 2257 2598 fraudatus.

702 2621 770 2677 Et
807 2628 932 2692 quia
983 2628 1196 2682 daemon
1227 2631 1489 2686 continue
1526 2632 1694 2702 magis
1731 2635 2039 2699 resistebat,
2069 2642 2123 2689 et
2178 2650 2263 2688 ra-

703 2716 884 2784 pinam
926 2718 1149 2774 reddere
1188 2723 1440 2790 negabat,
1481 2721 1652 2777 hzeres
1702 2733 1925 2794 accepto
1972 2726 2146 2779 Patris
2174 2727 2258 2780 sui

702 2811 1051 2872 testamento,
1074 2809 1138 2862 ad
1169 2816 1444 2882 raptorem
1473 2811 1776 2868 descendit.
1801 2813 1941 2867 Inter
1963 2829 2061 2870 eos
2079 2822 2259 2868 autem

2353 2085 2642 2154 ραννήσας,
2676 2085 3045 2146 ἐπεσπάσατο,
3077 2086 3168 2136 καὶ
3195 2085 3284 2136 τὸν
3311 2085 3589 2155 ἀλλότριον
3625 2087 3905 2156 ἐσφετερί-

2353 2193 2503 2240 σατο,
2545 2177 2796 2244 πέπομφε
2831 2175 2886 2226 δὲ
2930 2175 3067 2244 πρὸς
3110 2175 3270 2227 αὐτὸν
3307 2176 3334 2226 6
3367 2177 3702 2246 κληρονόμος
3730 2179 3910 2246 γράμ-

2357 2283 2500 2336 ματα
2537 2265 2623 2318 δια
2658 2263 2974 2334 προφητῶν,
3023 2263 3356 2316 ἀπαιτοῦντα
3405 2263 3495 2315 τὸν
3542 2263 3907 2332 ἀφαιρεθέντα

2355 2358 2574 2429 κλῆρον.
2624 2357 2712 2418 Ὠς
2758 2356 2812 2409 δὲ
2851 2355 3050 2426 μᾶλλον
3102 2355 3398 2424 ἀντείχετο,
3454 2355 3632 2408 λαϐὼν
3680 2355 3843 2416 αὐτὸς
3881 2357 3908 2408 6

2354 2447 2688 2518 κληρονόμος
2721 2446 2980 2516 διαθήκας
3008 2445 3101 2500 τοῦ
3137 2447 3367 2516 Πατρδς,
3397 2446 3604 2498 κάτεισι
3651 2447 3787 2512 πρὸς
3819 2447 3907 2498 τὸν

2355 2542 2599 2610 ἅρπαγα,
2627 2539 2722 2592 καὶ
2753 2539 3006 2605 δικαστὴς
3053 2537 3216 2591 αὑτοῦ
3266 2529 3476 2605 γίνεταί
3505 2539 3532 2591 6
3558 2537 3768 2607 Πατήρ.
3796 2538 3906 2590 Καὶ

2357 2630 2726 2692 καταδικάσας
2763 2629 2851 2681 τὸν
2893 2626 3138 2698 βιαστὴν,
3171 2625 3510 2696 άποκαθιστᾷ
3549 2626 3626 2695 τῷ
3658 2626 3772 2695 Υίῷ
3809 2627 3908 2696 τὴν

2357 2720 2738 2792 κληρονομίαν.
2763 2719 2837 2774 Ob
2861 2719 3039 2788 χάριν,
3066 2718 3162 2771 καὶ
3184 2717 3438 2770 κοινωνὸν
3465 2717 3624 2770 αὑτὸν
3647 2716 3740 2769 τοῦ
3770 2733 3906 2770 κατ-

2357 2812 2674 2882 ορθώματος
2719 2812 2747 2864 6
2777 2809 2903 2873 Υἱὸς
2938 2809 3217 2862 ἐκάλεσεν.

695 2897 859 2968 inde:
897 2901 1000 2956 fuit
1043 2899 1247 2958 Pater:
1301 2905 1393 2974 qui
1441 2905 1804 2961 condemnato
1852 2918 2087 2978 raptore,
2165 2907 2305 2962 Filio
2344 2907 2714 2961 hzrreditatem
2774 2903 3030 2960 restituit.
3083 2901 3259 2973 Hujus
3350 2903 3424 2959 rei
3481 2903 3679 2975 gratia,
3734 2901 3909 2964 Filius

702 3009 846 3049 nunc
881 2999 1198 3067 participem
1240 3000 1391 3054 illum
1425 3009 1532 3056 tam
1564 3003 1808 3072 praeclari
1841 3003 2022 3073 operis
2056 3002 2369 3073 appellavit.
2457 3017 2467 3026 ”

774 3082 937 3142 Vatis.
987 3088 1040 3142 6.
1075 3088 1243 3144 Funes
1286 3092 1584 3146 ceciderunt
1614 3093 1740 3146 mihi
1768 3095 1822 3147 in
1857 3096 2065 3162 optimis
2100 3097 2248 3149 meis.

702 3176 743 3231 li
773 3177 864 3245 qui
888 3185 1088 3232 terram
1118 3180 1389 3243 dividunt,
1414 3182 1636 3238 funibus
1657 3199 1775 3237 eam
1804 3185 2075 3239 metiendo
2111 3185 2254 3240 desi-

2429 3091 2674 3161 Σχοινία
2707 3087 2967 3143 ἐπέπεσέ
2996 3104 3096 3156 μοι
3122 3086 3191 3139 ἐν
3220 3085 3341 3150 τοῖς
3384 3085 3722 3153 κρατίστοις
3762 3103 3904 3154 μου.

2359 3185 2423 3238 Οἱ
2468 3182 2916 3253 κληροδοτοῦντες
2943 3180 3041 3250 τὴν
3091 3179 3216 3249 γῆν,
3253 3175 3504 3248 σχοινίοις
3541 3176 3745 3244 ταύτην
3788 3177 3907 3230 δια-

701 3278 931 3337 gnantes
984 3270 1371 3328 determinant.
1434 3273 1502 3352 Et
1555 3290 1752 3332 sensus
1793 3287 1922 3334 est:
1983 3277 2252 3335 Restituta

2358 3275 2698 3347 μετροῦντες,
2731 3271 3120 3342 περιορίζουσι.
3160 3269 3418 3322 Βούλεται
3447 3267 3576 3336 γοῦν
3607 3267 3805 3333 λέγειν,
3831 3269 3908 3329 ὡς

706 3357 836 3409 mitti
866 3357 1182 3421 haereditate
1209 3374 1349 3422 utea,
1387 3359 1545 3414 funes
1577 3361 1727 3414 multi
1759 3363 1890 3416 mihi
1919 3364 2252 3429 ceciderunt,

703 3446 807 3500 hoc
838 3455 941 3507 est,
974 3448 1334 3514 obvenerunt,
1371 3459 1427 3505 et
1453 3461 1596 3506 sorte
1643 3453 1798 3522 quasi
1843 3456 1970 3508 mihi
2018 3457 2256 3526 contige-

703 3546 849 3592 runt.
903 3536 1021 3593 Per'
1053 3538 1211 3594 funes
1250 3551 1427 3596 autem
1473 3543 1812 3598 credentium
1854 3546 2250 3600 multitudinem

703 3630 976 3699 intelligit.
1009 3630 1122 3684 Hoc
1145 3632 1306 3685 etiam
1332 3618 1584 3702 loquendi
1611 3635 1792 3698 modo,
1820 3636 2077 3693 denotare
2104 3637 2253 3693 vide-

706 3732 794 3772 tur
834 3720 974 3788 quod
1018 3721 1444 3778 Itaereditashtec
1481 3738 1601 3790 sua,
1665 3725 1949 3794 designata
1999 3738 2145 3784 esset
2189 3743 2252 3784 ac

701 3812 1082 3878 determinata,
1111 3821 1162 3866 et
1188 3813 1329 3880 quod
1361 3817 1613 3870 omnibus
1645 3817 1926 3873 notissima
1956 3835 2074 3875 esse
2093 3821 2254 3876 debe-

705 3903 814 3956 bat.
850 3902 979 3956 Bina
1033 3903 1331 3959 cnim'haec
1382 3921 1546 3975 opera
1593 3907 1817 3962 funiculi
1842 3923 1988 3975 sunt,
2032 3920 2086 3964 ttt
2113 3912 2253 3965 dixi-

704 4009 844 4048 mus.
876 3992 1030 4058 Quod
1075 4010 1201 4048 vero
1247 4010 1344 4064 per
1368 3998 1640 4067 ,optimos,
1687 4015 1839 4052 suam
1888 4002 2249 4056 Itmreditatetn

701 4086 988 4155 signiﬁcet,
1027 4086 1080 4139 in
1103 4087 1456 4157 sequentibus
1491 4091 1660 4159 magis
1686 4077 1946 4157 declarat,
1969 4094 2158 4150 dicens
2190 4114 2205 4149 :

775 4175 980 4229 Etenim
1025 4176 1304 4229 Itwreditas
1349 4194 1462 4230 mea
1504 4181 1699 4246 optima
1745 4191 1820 4235 est
1866 4185 2013 4239 milii.
2078 4187 2249 4255 supra

703 4266 898 4334 plurali
948 4279 1176 4319 numero
1223 4268 1458 4335 optimos
1512 4269 1646 4322 dixit
1693 4281 1912 4341 propter
1947 4273 2128 4329 ﬁdeles
2157 4276 2246 4345 qui

664 4359 867 4411 -variis
918 4366 1044 4410 sunt
1094 4358 1145 4411 in
1187 4359 1337 4420 locis,
1372 4377 1511 4416 nunc
1559 4378 1686 4419 vero
1733 4365 2078 4434 singulariter
2111 4369 2242 4436 opti-

702 4464 840 4501 mam
877 4449 1165 4524 appellavit
1203 4467 1216 4502 :
1271 4453 1397 4516 quia
1457 4452 1692 4505 ﬁdelium
1737 4457 2002 4520 omnium,
2057 4459 2149 4525 qui
2193 4459 2245 4512 in

2365 3361 2825 3423 Ἀποκατάστασίς
2869 3376 2956 3430 μοι.
2987 3359 3086 3428 τῆς
3113 3358 3478 3428 κληρονομίας
3509 3373 3634 3427 μου,
3668 3356 3905 3409 ἐπέπεσέ

2357 3474 2468 3526 μοι,
2513 3455 2791 3509 τουτέστιν
2848 3451 3133 3514 ἐπέϐαλον,
3171 3449 3264 3502 καὶ
3306 3448 3496 3518 ἔλαχον
3544 3447 3666 3517 ἐμοὶ
3695 3448 3908 3517 σχοινία

2353 3548 2544 3611 πολλά,
2593 3542 2884 3598 κάντεῦθεν
2929 3541 3264 3612 διεμετρήθη
3320 3557 3378 3592 τε
3409 3538 3546 3608 αῦτη
3578 3541 3669 3592 καὶ
3698 3555 3909 3608 περιω-

2355 3637 2533 3709 ρίσθη,
2568 3638 2659 3689 καὶ
2710 3636 2926 3702 ἐγένετο
2962 3634 3235 3703 γνώριμος
3260 3647 3274 3662 ο
3316 3631 3404 3685 διὰ
3429 3631 3535 3700 γὰρ
3561 3629 3671 3682 τῶν
3707 3646 3909 3699 σχοινι-

2354 3729 2574 3798 σμάτων
2607 3771 2621 3793 ,
2658 3726 2720 3784 τό
2747 3743 2806 3778 τε
2861 3723 3060 3794 πλῆθος
3100 3722 3205 3777 τῶν
3252 3722 3616 3791 πιστευόντων
3661 3721 3903 3790 ᾐνίξατο,

2351 3820 2446 3872 καὶ
2481 3802 2589 3890 ⁸τὴν
2639 3817 3041 3886 γνωριμότητα.
3091 3813 3194 3865 Δύο
3242 3813 3348 3881 γὰρ
3401 3812 3536 3881 ἔργα
3574 3811 3747 3863 ταῦτα
3806 3808 3906 3862 τοῦ

2353 3909 2749 3978 σχοινίσματος,
2785 3905 2860 3966 ὼς
2907 3905 3134 3973 ἔφημεν.
3169 3901 3501 3968 Κρατίστους
3526 3900 3580 3952 δέ
3602 3900 3768 3966 λέγει,
3805 3899 3908 3968 τὴν

2351 3999 2712 4068 κληρονομίαν
2736 3997 2921 4060 αὐτοῦ,
2967 3997 3061 4048 καὶ
3100 3991 3255 4047 τοῦτο
3293 3992 3639 4063 παρέστησεν
3675 3993 3761 4046 διά
3793 3994 3908 4046 τῶν

2350 4090 2495 4159 ἑξῆς-

2421 4181 2528 4236 Kal
2575 4181 2684 4249 γὰρ
2734 4179 2771 4247 ὴ
2832 4177 3200 4246 κληρονομία
3253 4193 3392 4244 μου,
3448 4174 3735 4244 κρατίστη
3792 4174 3907 4242 μοι

2349 4274 2543 4326 ἐστιν.
2581 4274 2726 4325 Ἀνω
2775 4271 2872 4340 μὲν
2917 4267 3294 4338 πληθυντικῶς
3355 4266 3674 4334 κρατίστους
3723 4260 3902 4327 εἶπεν,

2349 4349 2436 4417 διὰ
2457 4362 2582 4425 τοὺς
2607 4362 2746 4414 κατὰ
2770 4361 2931 4430 μέρος
2958 4357 3181 4420 πιστούς
3202 4374 3219 4395 ·-
3245 4355 3394 4409 κάτω
3425 4355 3482 4408 δὲ
3517 4353 3730 4415 ἑνικῶς,
3761 4371 3904 4422 κρα-

2348 4455 2530 4520 τίστη,
2561 4453 2647 4506 διὰ
2677 4452 2773 4520 τὴν
2795 4451 2903 4502 τῶν
2929 4451 3069 4502 κατὰ
3089 4449 3254 4516 μέρος
3282 4447 3409 4514 μίαν
3437 4442 3777 4511 συναγωγὴν,
3807 4446 3910 4496 καὶ

699 4542 931 4595 diversis
959 4551 1082 4595 Sllltl
1113 4541 1298 4594 mundi
1329 4544 1594 4609 partibus,
1638 4561 1738 4598 uua
1779 4557 1862 4599 est
1893 4540 2241 4619 congregatio

2354 4543 2648 4613 ὑμοδοξίαν.
2704 4544 3015 4610 Κρατίστην
3043 4540 3098 4592 δὲ
3125 4539 3300 4604 λέγει,
3335 4538 3433 4606 τὴν
3481 4536 3775 4604 ἐξαίρετον,
3809 4538 3909 4590 καὶ

702 4630 830 4700 [ιιιιιι
866 4631 1150 4696 Ecclesia].
1184 4647 1286 4685 una
1314 4634 1496 4701 opinio
1527 4651 1590 4688 ac
1626 4636 1776 4691 ﬁdes.
1811 4637 2080 4708 Optimam
2116 4658 2242 4696 vero

2354 4635 2722 4705 Ιιλγαπημένην.
2753 4633 2822 4683 Ἦ
2862 4631 2953 4683 καὶ
2983 4631 3082 4700 τὴν
3114 4629 3384 4696 γενναίαν,
3407 4627 3481 4691 ὡς
3499 4624 3909 4680 καταπαλαίουο

700 4721 953 4788 appellat,
988 4722 1144 4789 quasi
1187 4723 1512 4790 prmeipuam
1540 4739 1601 4777 ac
1639 4727 1912 4782 dilectam.
1945 4730 2036 4783 Ve!
2071 4731 2242 4802 [juxta

2354 4745 2443 4779 σαν
2469 4727 2557 4778 τὸν
2592 4722 2900 4777 ἀντίπαλον.
2966 4722 3227 4798 Νοοῦνται
3261 4720 3317 4772 δὲ
3340 4717 3566 4788 σχοινία,
3595 4717 3662 4770 τά
3701 4717 3906 4787 δεσμά,

700 4812 856 4864 aliam
892 4807 1088 4866 Grarca:
1143 4815 1397 4866 dit-tionis
1447 4816 1710 4884 κρατίστη
1769 4819 2241 4887 signiﬁcationem,

2354 4818 2379 4870 ἃ.
2407 4817 2597 4870 ἐπεσον
2641 4816 2715 4885 τῷ
2744 4813 2981 4885 Χριστῷ,
3021 4813 3169 4881 παρᾶ
3208 4811 3314 4863 τῶν
3353 4807 3611 4861 Ἰουδαίων
3644 4810 3909 4878 ἀγομένῳ

699 4920 807 4956 non
841 4905 1098 4971 optimam
1141 4914 1373 4971 tantum,
1407 4905 1526 4976 sed]
1568 4908 1913 4964 fortissimam
1949 4926 2011 4964 ac
2055 4922 2243 4980 poten-

2354 4909 2487 4979 πρὸς
2513 4909 2760 4960 [ιι-λάτον.
2813 4905 3109 4957 Ἐπέπεσον
3156 4904 3210 4955 δὲ
3243 4901 3389 4969 αὖτῷ
3420 4901 3507 4954 διὰ
3541 4901 3666 4962 τοὺς
3708 4901 3907 4967 κρατί-

698 4994 960 5046 tissimam
994 4993 1244 5062 appellat.
1278 4994 1410 5047 Cum
1436 4999 1810 5050 adversarium
1863 5013 1926 5051 ac
1974 5010 2240 5068 potentem

2354 5018 2522 5062 στους,
2560 5000 2674 5067 ἦτοι
2732 4995 2857 5058 τοὺς
2913 4996 3160 5056 πιστοὺς,
3193 4993 3328 5059 ὑπὲρ
3359 4986 3432 5044 ὧν
3457 4992 3681 5058 ἔπασχε.
3720 4989 3905 5042 Πάλαι

698 5084 990 5134 daemonem
1013 5083 1368 5150 superaverit.
1392 5083 1566 5137 Fuucs
1587 5087 1748 5138 etiam
1773 5085 1994 5156 intelligi
2019 5099 2246 5154 possunt

2354 5094 2441 5161 μὲν
2465 5088 2554 5145 οὖν
2573 5092 2620 5142 οί
2651 5089 2890 5143 Ἰουδαῖοι
2911 5085 3047 5158 ἦσαν
3079 5083 3214 5137 Θεοῦ
3239 5083 3586 5152 κληρονομίαο
3607 5081 3902 5147 Ἐτενήθη

700 5191 796 5242 pro
824 5174 1057 5226 vinculis
1090 5190 1205 5241 qua:
1232 5175 1446 5228 Christo
1479 5177 1810 5239 L"CidCl‘Ulli,
1855 5179 1954 5232 hoc
1979 5189 2063 5232 est
2106 5180 2246 5233 obti-

2354 5187 2468 5252 γὰρ,
2509 5181 2662 5251 φησὶ,
2706 5179 2873 5249 μερίς
2933 5178 3170 5244 Κυρίου,
3226 5175 3375 5238 ,λαὸς
3423 5170 3608 5225 αὐτοῦ
3667 5170 3903 5232 Ἰακὼϐ,

699 5275 940 5334 gerunt:
979 5281 1006 5317 a
1052 5263 1255 5318 Judmis
1299 5267 1575 5332 nimirum,
1628 5268 1843 5335 quando
1896 5271 1961 5322 ad
2010 5271 2239 5323 Pilatum

2354 5275 2665 5342 πχοίνισμα
2723 5267 3121 5335 κληρονομίας
3171 5264 3354 5319 αὑτοῦ
3404 5261 3669 5331 Ἰσραήλ.
3732 5264 3904 5315 Ἀποο

699 5359 896 5410 ductus
925 5367 1030 5410 est.
1070 5357 1390 5425 Obtigerunt
1421 5369 1597 5411 autem
1638 5365 1708 5425 ei,
1737 5369 1951 5430 propter
1987 5364 2242 5432 optimos,

2354 5364 2549 5430 Βλήτων
2572 5362 2628 5415 δὲ
2644 5361 2846 5412 τούτων
2876 5358 3204 5427 γενομένων,
3233 5353 3425 5420 ἑτέραν
3464 5351 3720 5406 ἀντίλαϐε
3756 5351 3904 5422 κλη·

702 5448 805 5500 hoc
849 5455 955 5507 est,
1018 5455 1236 5514 propter
1285 5447 1494 5510 ﬁdeles,
1539 5464 1634 5515 pro
1666 5450 1862 5518 quibus
1895 5452 2000 5521 pati
2048 5453 2239 5506 voluit.

2354 5454 2624 5525 ρονομίαν,
2643 5452 2740 5520 τὴν
2766 5449 3046 5520 βασιλείαν
3073 5447 3180 5508 τῶν
3199 5444 3260 5508 ἐξ
3287 5445 3480 5509 ἐθνῶν,
3506 5445 3572 5515 ἣν
3594 5442 3902 5514 κρατίστην

699 5535 837 5588 Olim
876 5531 1182 5589 .ludaeorum
1216 5538 1444 5603 populus
1473 5537 1756 5590 luereditas
1791 5538 1879 5594 Dei
1909 5542 2224 5596 dicebatur:

2354 5538 2512 5606 εἶπεν,
2540 5539 2614 5601 ὡς
2640 5539 2777 5609 ὑπὲρ
2815 5538 2911 5606 τὴν
2942 5533 3319 5601 παλαιοτέραν.

702 5624 866 5677 Facta
894 5634 968 5678 est
1013 5626 1168 5686 enim,
1200 5625 1396 5696 inquit,
1445 5643 1567 5694 pars
1606 5627 1815 5686 Domini
1868 5634 2086 5702 populus
2125 5635 2238 5704 ejus
2271 5633 2456 5698 Jacob,
2493 5631 2759 5700 funiculus
2799 5627 3260 5695 Itwreditatisxjut
3324 5620 3496 5680 Israel
3545 5622 3606 5684 ".
3692 5619 3902 5680 Verum

777 5735 822 5768 ¹⁶
857 5734 1013 5793 Deut.
1046 5752 1217 5808 χχχιι,
1245 5740 1276 5799 9
1316 5753 1427 5800 sec.
1462 5754 1585 5794 tu.
