4082 6326
691 441 794 507 211

1896 446 2274 506 ΕΗΤΗΥΜΠ
2315 449 2678 509 ZIGABENI

3793 452 3883 519 οη

689 551 909 616 Saulent
941 567 995 617 et
1019 562 1220 627 socios,
1253 561 1450 631 impios
1480 558 1600 631 [seu
1630 560 1827 630 potius,
1857 567 1914 612 ut
1936 571 2078 627 smpti
2104 561 2229 613 alilii

2338 565 2462 622 τοὺς
2486 565 2716 628 ἀοιῦους,
2741 565 2834 618 καὶ
2861 565 2936 629 ὡς
2970 556 3044 637 μὴ
3079 564 3403 638 σεϐομένους
3433 572 3532 644 τὴν
3567 573 3884 645 δηλωθπσαδ

687 648 948 715 diximus,
984 653 1141 722 juxta
1179 645 1380 709 Graeca:
1403 652 1663 707 dictionis
1696 653 1932 722 ἀνόμους
1963 656 2232 707 veriorem

687 745 1160 815 signiﬁcationem,
1195 741 1436 816 exleges]
1479 745 1770 815 appellavit
1800 762 1812 798 :
1843 757 1908 798 eo
1936 744 2079 813 quod
2107 759 2240 812 gen-

689 839 826 890 tium
864 853 1035 901 more,
1073 838 1290 906 cxleges
1321 836 1566 892 viVerent
1614 835 1669 890 in
1723 835 1982 906 peccatis,
2027 846 2078 888 ct
2114 835 2238 904 quia

2346 653 2430 706 ἐπ’
2464 654 2610 727 αὑτῷ
2639 654 2732 707 τοῦ
2776 655 2910 709 Θεοῦ
2949 659 3284 728 χειροτονίαν
3305 676 3325 694 ο
3353 656 3402 715 οἶ
3454 666 3548 718 καὶ
3601 667 3886 723 ἐταλαιπὼ-

2348 763 2521 816 ρησαν
2568 746 2748 811 αὑτὸν,
2784 749 2913 818 περὶ
2957 748 3056 822 τὴν
3099 746 3277 824 φυγὴν
3307 757 3489 811 πᾶσαν
3527 761 3884 816 κακοπάθειαν

2345 833 2730 908 ὑφιστάμενον.

685 934 1033 988 innocentem
1089 932 1340 986 occidere
1384 929 1720 996 studebant;
1759 943 1860 983 nec
1909 929 2228 984 electionem
2273 929 2418 985 illam
2484 935 2833 1004 verebantur,
2859 948 3021 1008 quam
3047 942 3128 999 eis
3173 944 3313 1000 Deus
3377 945 3778 1016 signiﬁcaverat
3833 963 3886 1004 se

687 1023 882 1078 fecisse
912 1023 977 1077 de
1007 1018 1193 1086 David,
1224 1021 1352 1077 dum
1381 1021 1664 1077 immodice
1691 1036 1818 1075 cum
1874 1019 2193 1090 alﬂigcrent,
2253 1029 2308 1076 et
2346 1023 2398 1077 in
2433 1039 2594 1080 causa
2623 1032 2805 1083 essent
2831 1041 2888 1084 ut
2915 1035 3071 1089 exsul
3098 1049 3162 1090 ac
3189 1036 3460 1108 profugus
3488 1050 3653 1092 omne
3677 1040 3886 1094 calami.

685 1122 856 1167 tatum
892 1130 1062 1186 genus
1089 1117 1405 1172 sustineret.

754 1205 918 1262 Vens.
955 1208 1046 1263 l0.
1090 1207 1305 1262 Inimici
1341 1209 1442 1263 mei
1467 1210 1702 1264 animam
1742 1224 1908 1262 meam
1942 1209 2235 1262 circumde-

681 1292 891 1354 derunt.
923 1299 1027 1356 Per
1055 1302 1289 1356 animam
1313 1315 1466 1356 suam
1491 1302 1728 1371 seipsum
1766 1299 2039 1371 intelligit,
2061 1308 2234 1354 totum

682 1392 992 1462 exprimens
1021 1409 1048 1446 a
1088 1400 1257 1462 parte.
1283 1393 1990 1460 Circumdederuntautem,
2022 1392 2236 1448 insidiis

684 1475 942 1538 nimirum
977 1486 1215 1552 undique
1241 1485 1525 1556 depositis.

749 1576 970 1651 Adipem
1007 1598 1161 1637 suum
1192 1581 1576 1645 conclusa-unt.
1613 1581 1713 1637 Per
1746 1580 1959 1651 adipem
2005 1581 2123 1654 ‘cor
2153 1581 2238 1634 in-

685 1673 877 1746 telligit
905 1684 959 1730 et
989 1672 1198 1731 viscera
1229 1694 1242 1729 :
1272 1675 1533 1747 quoniam
1561 1675 1772 1730 circum
1805 1675 1918 1729 haec
1949 1674 2118 1728 tnulta
2147 1687 2238 1728 so-

684 1768 757 1822 let
787 1769 967 1822 inesse
999 1768 1290 1838 pinguedo.
1325 1768 1414 1822 Ait
1434 1768 1624 1840 igitur,
1650 1782 1865 1822 omnem
1894 1781 1989 1822 eos
2016 1782 2044 1820 a
2072 1765 2238 1820 corde

689 1866 851 1928 atque
890 1873 918 1911 a
965 1858 1272 1915 visceribus
1330 1857 1764 1916 misericordiam
1821 1859 1965 1913 intra
2021 1858 2234 1927 seipsos

684 1952 973 2007 clausisse.
1005 1947 1377 2009 Misericordia
1406 1951 1552 2007 enim
1586 1966 1616 2004 a
1640 1953 1804 2006 corde
1827 1955 1988 2019 atque
2013 1962 2040 2003 a
2072 1950 2236 2003 visce-

684 2043 835 2099 ribus
889 2043 1092 2099 dicitur
1129 2039 1485 2099 descendere.
1537 2042 1642 2096 Alii
1698 2037 1908 2110 adipem
1950 2050 2232 2110 exponunt

683 2149 782 2206 pro
814 2136 953 2188 bona
982 2135 1304 2189 habitudine
1332 2148 1397 2188 ac
1432 2127 1710 2196 felicitate,
1744 2142 1905 2202 (ιιιιιιι
1937 2125 2060 2188 illos
2085 2129 2234 2187 clau-

611 2253 613 2255 ί
681 2227 822 2283 sisse
851 2217 984 2282 dicit
1017 2219 1316 2296 Propheta,
1348 2233 1514 2296 atque
1542 2226 1596 2280 in
1638 2219 1837 2295 seipsis
1867 2217 2230 2290 continuisse,

681 2319 847 2372 veluti
875 2332 1151 2387 nunquam
1193 2316 1428 2386 amplius
1473 2327 1836 2380 recessuram,
1877 2311 1972 2371 sed
2003 2331 2128 2370 cum
2152 2315 2232 2370 eis

682 2418 938 2478 perpetuo
974 2407 1232 2463 futuram.

750 2497 821 2552 Os
849 2515 1027 2552 eorum
1057 2499 1285 2554 loculum
1320 2508 1396 2553 est
1435 2498 1748 2566 superbiam.
1776 2497 2056 2553 iactabant
2087 2496 2229 2551 enim

679 2587 754 2642 illi
810 2590 919 2644 cito
967 2605 1027 2645 se
1081 2591 1577 2660 contprcliensuros
1627 2592 1847 2647 beatum
1900 2589 2087 2652 David,
2131 2603 2230 2643 nec

680 2675 1012 2750 posse'illum
1053 2683 1120 2735 ab
1151 2695 1339 2736 eorum
1381 2684 1633 2738 manibus
1667 2681 1898 2736 evadere
1929 2697 1943 2735 :
1972 2679 2124 2749 quasi
2161 2695 2226 2734 ex

679 2769 824 2825 nullo
849 2768 1015 2827 latere
1045 2772 1473 2842 exspectandum
1511 2773 1588 2827 illi
1631 2773 1862 2842 amplius
1891 2780 2032 2826 esset
2072 2771 2227 2824 auxi-

678 2863 832 2917 tium.

747 2952 912 3011 Vens.
947 2957 1031 3011 ll.
1062 2956 1343 3025 Ejicieutes
1373 2975 1452 3013 me
1481 2972 1617 3013 nunc
1646 2946 2098 3015 cireumdederunt
2123 2973 2223 3010 me.

679 3034 1016 3113 Expulerunt
1067 3063 1170 3109 me,
1219 3049 1415 3117 inquit,
1447 3066 1510 3104 ex
1544 3050 1798 3104 omnibus
1841 3049 1997 3103 bonis
2032 3049 2166 3103 meis
2207 3065 2221 3102 :

679 3151 777 3189 nec
799 3138 932 3192 satis
963 3139 1064 3193 hoc
1087 3141 1168 3193 eis
1201 3140 1320 3204 fuit,
1356 3143 1451 3196 sed
1491 3157 1685 3196 rursus
1715 3142 1882 3196 etiam
1923 3139 2228 3195 circumde-

676 3227 894 3293 derunt,
928 3231 1088 3285 morti
1119 3247 1202 3287 me
1235 3235 1453 3289 tradere
1477 3234 1837 3291 festinantes.

2407 1215 2473 1264 Οἱ
2527 1213 2728 1281 ἐχθροί
2777 1233 2896 1285 μου
2954 1217 3067 1285 τὴν
3125 1211 3337 1290 ψυχήν
3378 1239 3500 1290 μου
3551 1213 3885 1290 περιέσχον.

2347 1302 2478 1356 Ἀπὸ
2501 1305 2601 1374 τῆς
2631 1306 2809 1377 ψυχῆς
2840 1310 3036 1362 ἐαυτὸν
3075 1311 3354 1382 ἐνέφηνεν,
3408 1313 3485 1376 ὡς
3537 1315 3647 1367 ἀπὸ
3699 1315 3887 1385 μέρους

2334 1395 2396 1448 τὺ
2428 1397 2560 1451 πᾶν.
2631 1392 2962 1468 Περιέσχον
2995 1401 3074 1466 δέ,
3114 1404 3237 1458 ἀντὶ
3283 1399 3402 1470 τοῦ,
3449 1407 3887 1476 περιεκύκλωσαν

2287 1521 2297 1529 ί
2335 1489 2602 1544 πάντοθεν
2639 1491 2959 1564 καθίζοντες
2988 1494 3200 1564 λόχους.

2407 1580 2481 1635 Τὸ
2513 1582 2696 1650 στέαρ
2723 1579 2922 1638 αὐτῶν
2951 1584 3378 1645 συνέκλεισαν.
3408 1587 3507 1644 Διὰ
3532 1584 3625 1644 τοῦ
3674 1594 3887 1656 στέατος

2329 1674 2428 1743 τὴν
2454 1676 2682 1762 καρδίαν
2709 1678 2805 1731 καὶ
2825 1678 2894 1731 τὰ
2921 1672 3206 1752 σπλάγχνα
3227 1681 3399 1752 δηλοῖ*
3433 1685 3562 1753 περὶ
3591 1684 3763 1739 ταῦτα
3783 1677 3883 1753 γάρ

2333 1767 2500 1838 πολλὴ
2527 1769 2755 1840 πιμελή.
2790 1769 2901 1824 Καί
2943 1780 3111 1842 φησιν
3153 1774 3236 1827 ὅτι
3283 1775 3640 1830 Ἀπέκλεισάν
3684 1794 3776 1844 μοι
3801 1779 3886 1830 τὸν

2331 1859 2395 1912 ἐκ
2429 1861 2658 1930 καρδίας
2687 1865 2781 1916 καὶ
2817 1860 3141 1935 σπλάγχνων
3173 1867 3356 1930 αὐτῶν
3408 1860 3576 1933 ἔλεον,
3621 1868 3681 1933 ἐξ
3706 1864 3781 1924 ὧν
3801 1865 3885 1924 οἶμ-

2262 1994 2310 2054 B
2335 1970 2427 2015 τος
2455 1954 2720 2024 πρόεισιν.
2755 1957 2940 2012 Ἀλλοι
2971 1958 3030 2012 δέ
3071 1969 3234 2029 φασιν
3301 1954 3697 2033 ἑρμηνεύοντες
3729 1955 3887 2032 στέαρ

2337 2051 2435 2121 τὴν
2467 2052 2710 2120 εὐδοξίαν
2741 2049 2878 2108 εἶναι
2932 2054 3030 2110 καὶ
3066 2057 3387 2128 εὐημερίαν,
3436 2058 3504 2128 ἣν
3562 2057 3888 2111 ἀπέκλεισαν

2336 2142 2430 2230 καὶ
2482 2136 2595 2196 οἷον
2643 2145 2908 2214 συνεῖχον,
2959 2146 3035 2211 ὡς
3087 2145 3285 2218 μηκέτι
3329 2139 3690 2218 φευξομένην,
3756 2146 3886 2200 ἀλλὰ

2334 2234 2403 2287 δι’
2433 2235 2554 2288 ὅλου
2579 2236 2847 2307 ἐσομένην
2872 2237 3076 2302 αὐτοῖς.
3662 2273 3664 2275 -

2406 2495 2477 2550 Τὸ
2496 2499 2688 2566 στόμα
2712 2497 2910 2553 αὐτῶν
2924 2497 3230 2566 ἐλάλησεν
3249 2494 3689 2570 ὑπερηφανίαν.
3705 2490 3888 2568 Ἐκόμι

2332 2582 2502 2653 παζον
2531 2590 2636 2658 γάρ
2662 2583 2856 2644 θάττον
2894 2591 3058 2645 αὑτὸν
3087 2594 3304 2662 συσχεῖν
3338 2589 3412 2656 ὡς
3442 2588 3761 2664 ἁθήρευτον,
3796 2607 3887 2661 μη-

2329 2672 2562 2750 δαμόθεν
2588 2681 2779 2752 ἔχοντα
2807 2677 3080 2754 βοήθειαν.

2410 2946 2842 3015 Ἐκϐἀλλοντές
2857 2967 2933 3018 με
2953 2940 3090 3004 νυνί
3107 2938 3602 3017 περιεκύκλωσάν
3613 2964 3708 3018 με.
3728 2940 3886 3011 Ἐξὼο

2330 3045 2521 3108 σαντες
2565 3061 2633 3113 με
2666 3042 2775 3096 τῶν
2830 3043 2980 3112 ἐμῶν
3029 3042 3300 3103 ἁπάντων,
3338 3043 3440 3094 οὐκ
3495 3041 3882 3109 ἠρκέσθησαν·

2329 3117 2465 3188 om
2493 3132 2589 3186 καὶ
2619 3121 2714 3185 νῦν
2747 3129 3194 3200 περιεκύκλωσάν
3233 3147 3324 3198 με,
3361 3129 3670 3183 θανατῶσαι
3719 3144 3886 3180 σπουΔ

2328 3217 2603 3287 δάξοντες.

747 3319 940 3374 Oculos
971 3337 1092 3376 suos
1137 3334 1436 3378 statuerunt
1466 3324 1730 3380 declinare
1761 3327 1815 3379 in
1868 3335 2084 3380 terram.
2125 3324 2227 3379 Dc-

2405 3307 2550 3381 Ϋοὺς
2575 3307 2922 3383 ὀφθαλμοὺς
2947 3313 3145 3368 αὐτῶν
3177 3309 3380 3369 ἔθεντο
3408 3314 3683 3368 ἐκκλῖναι
3711 3314 3785 3368 ἐν
3815 3305 3886 3381 τῇ

678 3412 1199 3482 crcveru’nt,inquit,
1231 3414 1510 3470 declinare
1533 3417 1720 3471 oculos
1752 3431 1904 3479 suos,
1931 3431 1959 3468 a
1989 3425 2038 3470 tc
2065 3417 2228 3469 nitui-

678 3514 817 3563 rum,
841 3502 933 3570 qui
972 3502 1024 3556 in
1060 3505 1217 3559 caelis
1245 3505 1455 3562 habitas
1488 3525 1501 3560 :
1537 3517 1694 3577 atque
1735 3523 1765 3560 a
1801 3507 2065 3561 mandatis
2097 3507 2227 3571 tuis.

675 3589 873 3658 quibus
903 3592 1173 3650 mandasti
1219 3597 1592 3662 ne,insoutem
1643 3599 1765 3669 quis
1820 3598 2017 3663 lazdat;
2071 3607 2230 3674 atque

678 3681 782 3736 hoc
833 3690 890 3736 ut
939 3684 1060 3739 illos
1093 3685 1145 3738 in
1185 3695 1382 3742 terram
1439 3687 1835 3754 converterent,
1881 3691 1983 3744 boc
2027 3698 2112 3746 est
2157 3689 2225 3743 ad

677 3781 923 3830 terrenas
987 3779 1490 3847 concupiscentias.
1547 3779 1700 3846 Quod
1737 3783 1869 3836 nihil
1915 3783 2060 3836 aliud
2115 3782 2248 3848 cst,’

675 3881 833 3936 quam
861 3867 1066 3940 absque
1094 3865 1200 3926 ulla
1239 3873 1452 3928 ratione
1483 3875 1739 3945 quidquid
1791 3876 1956 3930 libido
1984 3875 2230 3945 postulat.

672 3958 910 4026 explere.
981 3957 1076 4016 Vel
1128 3964 1288 4017 aliter
1335 3966 1569 4019 litteram
1617 3967 1731 4036 lego
1785 3983 1798 4020 :
1841 3955 2040 4022 Oculos
2090 3979 2224 4020 suos

669 4057 980 4106 statuerunt
1012 4063 1071 4108 ut
1098 4056 1373 4111 declinent
1401 4059 1452 4111 in
1483 4065 1680 4112 terram
1711 4075 1726 4122 ;
1759 4068 1808 4112 ct
1845 4067 1974 4128 tunc
2014 4072 2225 4127 expono

2324 3411 2424 3482 τῇ.
2462 3412 2703 3474 Ἐοεντο,
2759 3411 3058 3479 ἐσκέψαντο
3111 3401 3356 3465 ἐκκλῖναι
3392 3403 3518 3473 τοὺς
3575 3400 3888 3479 ὀφθαλμοὺς

2325 3504 2504 3557 αὐτῶν
2539 3504 2645 3554 ἀπὸ
2674 3502 2792 3566 σοῦ,
2818 3491 2913 3554 τοῦ
2963 3503 3021 3553 ἐν
3049 3497 3297 3571 οὐρανοῖς
3326 3493 3621 3565 οἰκοῦντος,
3655 3498 3750 3554 καὶ
3780 3502 3889 3553 τῶν

2327 3595 2437 3648 σῶν
2493 3593 2956 3663 προσταγμάτων,
2989 3583 3026 3645 ἃ
3065 3584 3348 3645 κελεύουσι
3403 3591 3478 3662 μὴ
3530 3585 3736 3646 ἀδικεῖν
3796 3592 3888 3644 τὶν

2323 3689 2586 3750 ἀναίτιον,
2619 3687 2696 3747 εἰς
2719 3685 2845 3752 γῆν,
2888 3678 3165 3736 τουτέστιν
3208 3687 3287 3746 είς
3327 3683 3529 3754 γεηράς
3567 3681 3885 3750 ἐπιθυμίας·

2332 3776 2534 3839 αἵτινές
2569 3778 2704 3828 εἰσιν
2730 3775 2939 3842 ἀλόγως
2960 3775 3273 3844 άποπλῆσαι
3298 3773 3405 3829 πᾶν
3435 3776 3496 3828 τὸ
3521 3774 3644 3828 καθ’
3665 3769 3886 3843 ἡδονήν.

2333 3869 2442 3922 Καὶ
2471 3868 2594 3928 τοὺς
2616 3867 2922 3935 ὀφθαλμοὺς
2950 3868 3127 3918 αὐτῶν
3161 3855 3472 3938 ἐστήριξαν,
3499 3864 3889 3935 ἐπιτηροῦντες

2333 3961 2577 4014 ἐκκλῖναι
2633 3959 2726 4012 καὶ
2778 3957 3104 4012 καταϐαλεῖν
3154 3975 3218 4027 με
3259 3960 3340 4021 είς
3394 3959 3517 4028 γῆν,
3565 3951 3654 4008 ὑπ’
3705 3955 3891 4009 αὐτῶν

2332 4049 2828 4119 ἀποσφαττόμενον.
3230 4055 3234 4060 “

669 4151 996 4211 statuerunt,
1038 4148 1141 4204 hoc
1187 4160 1269 4206 est
1322 4152 1696 4208 stabiliverant
1728 4162 1782 4208 et
1819 4153 2187 4210 ﬁrmaverunt.
2221 4150 2569 4204 observantes
2601 4144 2852 4197 nimirum
2887 4151 2944 4196 ut
2971 4144 3118 4196 illum
3154 4142 3412 4196 inclinent
3437 4140 3800 4196 et-demittanl
3835 4136 3887 4192 in

671 4237 893 4304 'erraut,
926 4258 1082 4310 quem
1131 4245 1258 4297 olim
1292 4247 1452 4300 morti
1501 4247 1712 4302 tradere
1750 4246 2099 4301 contendunt.
2133 4242 2320 4299 Oratio
2344 4240 2485 4295 enim
2524 4237 2707 4293 Graeca
2736 4245 3020 4306 utrumque
3043 4239 3258 4293 sensum
3290 4237 3500 4306 recipit.

743 4331 908 4385 Vens.
941 4335 1028 4388 12.
1064 4333 1413 4404 Susceperunt
1455 4328 1532 4392 me
1571 4339 1724 4408 quasi
1767 4338 1845 4392 leo
1893 4349 2111 4404 paratus
2150 4337 2246 4408 ad,

667 4423 922 4489 prwdam,
952 4435 1000 4478 et
1027 4429 1178 4495 quasi
1205 4428 1411 4482 catulus
1448 4428 1610 4482 leonis
1641 4429 1886 4482 habitans
1918 4430 1971 4481 in
1999 4427 2217 4480 abditis.

670 4513 943 4576 Quantum
979 4515 1044 4568 ad
1078 4530 1261 4568 eorum
1290 4533 1440 4584 spem
1495 4518 1710 4579 attinet,
1738 4518 1838 4587 ipsi
1870 4533 1955 4572 me
1991 4519 2221 4572 itasus-

670 4615 964 4673 ceperunt;
1014 4609 1170 4674 quasi
1201 4607 1352 4662 dicat
1382 4627 1394 4661 :
1426 4598 1510 4661 llli
1539 4599 1834 4678 sperabant
1865 4610 2121 4663 accedere
2151 4606 2220 4660 ad
2264 4634 2270 4640 -

2394 4323 2800 4398 Ὗπέλαϐόνμε
2821 4330 2964 4383 ὡσεί
2992 4331 3150 4384 λέων
3173 4329 3406 4400 ἕτοιμος
3434 4328 3522 4394 είς
3545 4325 3888 4395 θήρανικιιι

2317 4423 2462 4478 ὡσεί
2507 4423 2779 4490 σκύμνος
2816 4421 2996 4475 οἰκῶν
3042 4421 3112 4474 ὲν
3150 4422 3546 4499 ἀποκρύφοις.
3585 4417 3750 4472 Ὅσον
3793 4416 3887 4468 ἐπὶ

2319 4508 2668 4580 ταῖςέαυτῶν
2698 4511 2936 4577 ἐλπίσιν,
2993 4513 3264 4567 ὑπέλαϐόν
3327 4529 3416 4580 με,
3464 4509 3742 4562 τουτέστιν
3781 4505 3888 4561 ὁπ-

2319 4607 2587 4671 ελθόντες,
2613 4595 2956 4675 μετεώρισαν
2981 4605 3080 4674 τῆς
3102 4605 3207 4673 γῆς
3231 4604 3576 4674 ἀνάρπαστον
3597 4603 3885 4671 φέροντες.

671 4713 777 4761 ιιιο,
836 4708 890 4752 et
944 4697 1226 4778 suscipere
1261 4713 1387 4751 me:
1419 4698 1524 4752 hoc
1557 4708 1641 4752 cst
1672 4714 1887 4757 sursum
1943 4699 2214 4766 accipere,

2326 4700 2599 4770 Διαφορὰν
2622 4698 2679 4752 δὲ
2708 4697 2801 4752 τοῦ
2835 4693 3046 4761 λέοντος
3077 4697 3174 4750 καὶ
3204 4696 3299 4750 τοῦ
3325 4696 3564 4765 σκύμνου
3620 4688 3889 4759 τοιαύτην

667 4794 830 4854 atque
887 4789 1153 4861 extollere
1216 4803 1243 4840 a
1303 4796 1473 4852 terra,
1528 4799 1589 4856 ct.
1635 4789 1968 4857 duscerptum
2006 4787 2217 4843 eﬂ‘erre.

671 4879 1044 4932 llill‘erentiant
1079 4880 1222 4933 inter
1248 4881 1460 4933 leonem
1491 4888 1544 4944 et
1579 4881 1754 4935 leonis
1805 4879 2069 4944 catulum,
2095 4880 2219 4949 qui-

667 4972 790 5024 dam
847 4970 1161 5040 huiusmodi
1216 4971 1562 5026 tradiderunt
1615 4973 2074 5041 dicenteszquod
2137 4973 2221 5028 leo

669 5065 896 5132 proprio
930 5065 1101 5120 fretus
1130 5065 1326 5119 robore
1354 5064 1640 5119 manifeste
1671 5080 1736 5118 ac
1772 5066 1952 5134 palam
1983 5065 2146 5136 repit,
2169 5076 2222 5120 et

665 5156 810 5225 quod
840 5157 1053 5212 catulus
1076 5165 1226 5224 tanta
1254 5172 1448 5212 carens
1479 5157 1842 5221 conﬁdentia,-
1874 5158 2011 5211 clam
2058 5166 2220 5226 atque

662 5249 883 5302 occulte
914 5261 973 5302 se
1012 5249 1249 5316 accingit
1281 5249 1346 5302 ad
1382 5248 1641 5316 praedam.
1674 5249 1814 5302 unde
1843 5249 2058 5303 abditus
2082 5263 2217 5302 con-

673 5341 854 5394 sidere
886 5341 1108 5395 dicitur.
1152 5341 1262 5396 Iloc
1295 5349 1453 5410 pacto
1481 5342 1642 5396 etiam
1675 5342 2019 5395 inimicorum
2075 5338 2219 5394 beati
2253 5387 2257 5392 .

669 5430 858 5500 David,
898 5436 986 5487 alii
1024 5447 1215 5502 aperto
1247 5435 1420 5490 Marte
1451 5437 1565 5491 suis
1604 5435 1726 5489 freti
1779 5435 1989 5488 viribus
2017 5435 2069 5486 in
2096 5452 2218 5487 eum

669 5526 974 5588 irruebant,
1031 5527 1122 5581 alii
1157 5538 1338 5582 autem
1370 5527 1534 5581 veluti
1586 5526 1890 5580 timidiOrcs
1925 5525 2027 5579 sibi
2089 5527 2219 5595 ipsis

669 5622 779 5666 tton
801 5615 931 5666 adeo
957 5616 1202 5678 lidcntes,
1224 5616 1361 5669 clam
1388 5615 1614 5668 insidias
1643 5617 1962 5680 struebant;
1999 5615 2215 5667 tametsi

2323 4793 2466 4856 τινές
2493 4791 2919 4854 ἀποδεδώκασιν,
2977 4788 3054 4854 ῶς
3087 4793 3116 4842 ὸ
3145 4791 3244 4859 μὲν
3263 4788 3402 4859 ἀλκῇ
3433 4783 3732 4849 πεποιθὼς,
3773 4802 3884 4852 φα-

2322 4887 2478 4955 νερός
2505 4887 2654 4939 ἐστιν
2685 4884 2778 4937 ἐπὶ
2807 4883 2886 4953 τῷ
2929 4883 3215 4954 θηρεύειν
3265 4882 3294 4932 ὁ
3329 4881 3387 4932 δέ
3426 4879 3686 4949 σκύμνος.
3713 4876 3891 4946 μήπω

2320 4975 2540 5048 θαρρῶν
2576 4974 2646 5029 ἐκ
2672 4974 2766 5028 τοῦ
2799 4973 3112 5044 προφανοῦς
3145 4969 3434 5041 ἁρπάζειν,
3478 4970 3715 5036 κάθηται
3746 4975 3892 5033 κρυ-

2319 5068 2606 5136 πτόμενος.
2661 5066 2771 5119 Καὶ
2823 5065 2930 5118 τῶν
2987 5062 3201 5132 ἐχθρῶν
3249 5061 3415 5115 αὑτοῦ
3468 5061 3650 5114 τοίνυν
3693 5059 3740 5108 oi
3777 5057 3889 5125 μὲν

2319 5159 2585 5231 ἐθάρρουν
2640 5158 2934 5226 προφανῶς
2967 5155 3127 5208 αὑτὸν
3157 5155 3433 5223 ἁρπάσαν
3472 5149 3617 5211 τινές
3664 5148 3720 5201 δὲ
3777 5149 3886 5198 λα-

2322 5251 2524 5320 θραίως
2550 5290 2565 5312 ,
2593 5250 2806 5311 ἑαυτοῖς
2853 5248 2912 5300 οὐ
2937 5246 3356 5318 τεθαρρηκότες.
3393 5242 3556 5295 Οὐδὲν
3583 5241 3640 5293 δὲ
3669 5239 3881 5293 κωλύει

2318 5342 2484 5398 ταὺτὸ
2508 5344 2599 5396 καὶ
2624 5342 2793 5412 ἄμφω
2823 5339 3036 5409 δηλοῦν·
3075 5337 3241 5392 εἴωθε·
3262 5336 3370 5405 γὰρ
3401 5334 3660 5394 πολλάκις
3680 5334 3738 5382 ἐν
3759 5334 3884 5393 τοῖς

2319 5435 2640 5503 παθητικοῖς
2675 5432 2855 5501 λόγοις
2890 5434 2918 5484 ὁ
2947 5431 3244 5503 Προφήτης
3268 5425 3636 5494 ταυτολογεῐν.
3662 5425 3719 5474 ἐν
3769 5421 3883 5474 ὑπ-

2319 5527 2581 5593 αλλαγαῖς
2637 5525 2860 5591 λέξεων,
2903 5525 2991 5578 ἵνα
3023 5523 3136 5593 (58)
3184 5521 3397 5593 αὐξήσῃ
3447 5520 3509 5572 τὸ
3543 5515 3747 5578 πάθος,
3793 5515 3885 5577 et;

2318 5617 2464 5670 ἔλεον
2493 5619 2865 5686 ἐπισπάσηται

670 5707 807 5760 nihil
841 5707 1059 5776 impedit
1095 5709 1228 5778 quin
1263 5717 1555 5778 utrumque
1585 5706 1729 5760 idem
1759 5705 1860 5759 sibi
1893 5706 2018 5760 velit
2044 5713 2204 5772 atque
2249 5705 2389 5757 idem
2421 5707 2707 5786 signiticet.
2745 5706 2899 5762 Solet
2960 5707 3106 5762 enim
3169 5699 3440 5784 Pmpbcta
3491 5717 3885 5772 saepenumero

1225 5794 1230 5804 '
1498 5815 1517 5837 .
1763 5791 1767 5794 ’
1993 5797 2186 5858 Varia?
2213 5798 2537 5860 lectiones.

742 5898 853 5963 (ηδ)
888 5910 974 5970 γρ.
999 5900 1235 5969 αὐξήσας
1267 5899 1347 5956 vel
1377 5898 1522 5954 valde
1556 5899 1647 5952 καὶ
1683 5907 1803 5954 autc
1846 5901 1941 5963 εἰς.
