  <div class='ocr_page' id='page_1' title='image "/cluster/home/n/w/nwhite01/storage/ocr_20150623/128/pst.000005714438/139.png"; bbox 0 0 4082 6326; ppageno 0'>
   <div class='ocr_carea' id='block_1_1' title="bbox 599 493 706 556">
    <p class='ocr_par' dir='ltr' id='par_1_1' title="bbox 599 493 706 556">
     <span class='ocr_line' id='line_1_1' title="bbox 599 493 706 556; baseline -0.047 1"><span class='ocrx_word' id='word_1_1' title='bbox 599 493 706 556; x_wconf 67' lang='grc'><strong>219</strong></span> 
     </span>
    </p>
   </div>
   <div class='ocr_carea' id='block_1_2' title="bbox 1829 487 2608 547">
    <p class='ocr_par' dir='ltr' id='par_1_2' title="bbox 1829 487 2608 547">
     <span class='ocr_line' id='line_1_2' title="bbox 1829 487 2608 547; baseline 0.001 -1"><span class='ocrx_word' id='word_1_2' title='bbox 1829 487 2207 546; x_wconf 76' lang='lat' dir='ltr'><strong>EUTIIYMII</strong></span> <span class='ocrx_word' id='word_1_3' title='bbox 2253 487 2608 547; x_wconf 77' lang='lat' dir='ltr'><strong>ZIGABENI</strong></span> 
     </span>
    </p>
   </div>
   <div class='ocr_carea' id='block_1_3' title="bbox 3713 483 3824 546">
    <p class='ocr_par' dir='ltr' id='par_1_3' title="bbox 3713 483 3824 546">
     <span class='ocr_line' id='line_1_3' title="bbox 3713 483 3824 546; baseline 0.018 -2"><span class='ocrx_word' id='word_1_4' title='bbox 3713 483 3824 546; x_wconf 69' lang='lat'><strong>220</strong></span> 
     </span>
    </p>
   </div>
   <div class='ocr_carea' id='block_1_4' title="bbox 600 593 2186 668">
    <p class='ocr_par' dir='ltr' id='par_1_4' title="bbox 600 597 2186 668">
     <span class='ocr_line' id='line_1_4' title="bbox 600 597 2186 668; baseline -0.005 -10"><span class='ocrx_word' id='word_1_5' title='bbox 600 603 828 658; x_wconf 82' lang='lat' dir='ltr'><strong>sortitus</strong></span> <span class='ocrx_word' id='word_1_6' title='bbox 852 611 951 666; x_wconf 87' lang='lat' dir='ltr'><strong>est,</strong></span> <span class='ocrx_word' id='word_1_7' title='bbox 983 600 1286 668; x_wconf 77' lang='lat' dir='ltr'><strong>appellatus</strong></span> <span class='ocrx_word' id='word_1_8' title='bbox 1312 599 1566 652; x_wconf 85' lang='lat' dir='ltr'><strong>nimirum</strong></span> <span class='ocrx_word' id='word_1_9' title='bbox 1618 607 1668 650; x_wconf 77' lang='lat' dir='ltr'><strong>et</strong></span> <span class='ocrx_word' id='word_1_10' title='bbox 1717 613 1909 652; x_wconf 81' lang='lat' dir='ltr'><strong>servus</strong></span> <span class='ocrx_word' id='word_1_11' title='bbox 1959 597 2050 648; x_wconf 78' lang='lat' dir='ltr'><strong>Dei</strong></span> <span class='ocrx_word' id='word_1_12' title='bbox 2100 605 2186 650; x_wconf 78' lang='lat' dir='ltr'><strong>et</strong></span> 
     </span>
    </p>
   </div>
   <div class='ocr_carea' id='block_1_5' title="bbox 2286 593 3824 668">
    <p class='ocr_par' dir='ltr' id='par_1_5' title="bbox 2286 593 3824 666">
     <span class='ocr_line' id='line_1_5' title="bbox 2286 593 3824 666; baseline -0.002 -17"><span class='ocrx_word' id='word_1_13' title='bbox 2286 600 2446 661; x_wconf 74' lang='grc' dir='ltr'><strong>τονεεις</strong></span> <span class='ocrx_word' id='word_1_14' title='bbox 2478 598 2696 666; x_wconf 77' lang='grc' dir='ltr'><strong>κτηθέν.</strong></span> <span class='ocrx_word' id='word_1_15' title='bbox 2734 599 2800 650; x_wconf 79' lang='grc' dir='ltr'><strong>’Λ</strong></span> <span class='ocrx_word' id='word_1_16' title='bbox 2845 599 2899 650; x_wconf 79' lang='grc' dir='ltr'><strong>δὲ</strong></span> <span class='ocrx_word' id='word_1_17' title='bbox 2949 598 3216 663; x_wconf 55' lang='lat' dir='ltr'><strong>sannae</strong></span> <span class='ocrx_word' id='word_1_18' title='bbox 3254 594 3332 660; x_wconf 85' lang='grc' dir='ltr'>τῷ</span> <span class='ocrx_word' id='word_1_19' title='bbox 3363 595 3574 663; x_wconf 77' lang='grc' dir='ltr'><strong>Κυρίῳ,</strong></span> <span class='ocrx_word' id='word_1_20' title='bbox 3601 593 3824 646; x_wconf 76' lang='grc' dir='ltr'><strong>λείπον-</strong></span> 
     </span>
    </p>
   </div>
   <div class='ocr_carea' id='block_1_6' title="bbox 605 690 2157 761">
    <p class='ocr_par' dir='ltr' id='par_1_6' title="bbox 605 690 2157 761">
     <span class='ocr_line' id='line_1_6' title="bbox 605 690 2157 761; baseline -0.005 -13"><span class='ocrx_word' id='word_1_21' title='bbox 605 697 747 748; x_wconf 84' lang='lat' dir='ltr'><strong>Illius</strong></span> <span class='ocrx_word' id='word_1_22' title='bbox 776 709 790 747; x_wconf 92' lang='lat'><strong>:</strong></span> <span class='ocrx_word' id='word_1_23' title='bbox 823 709 1049 761; x_wconf 64' lang='lat' dir='ltr'><strong>quaeque</strong></span> <span class='ocrx_word' id='word_1_24' title='bbox 1080 693 1258 761; x_wconf 89' lang='lat' dir='ltr'><strong>major.</strong></span> <span class='ocrx_word' id='word_1_25' title='bbox 1305 691 1379 744; x_wconf 87' lang='lat' dir='ltr'><strong>illi</strong></span> <span class='ocrx_word' id='word_1_26' title='bbox 1432 690 1531 743; x_wconf 83' lang='lat' dir='ltr'><strong>fuit</strong></span> <span class='ocrx_word' id='word_1_27' title='bbox 1565 691 1830 760; x_wconf 76' lang='lat' dir='ltr'><strong>‘gloriatio</strong></span> <span class='ocrx_word' id='word_1_28' title='bbox 1860 729 1875 752; x_wconf 94' lang='lat'><strong>,</strong></span> <span class='ocrx_word' id='word_1_29' title='bbox 1937 690 2157 757; x_wconf 90' lang='lat' dir='ltr'><strong>proprio</strong></span> 
     </span>
    </p>
   </div>
   <div class='ocr_carea' id='block_1_7' title="bbox 605 779 2160 850">
    <p class='ocr_par' dir='ltr' id='par_1_7' title="bbox 605 779 2160 850">
     <span class='ocr_line' id='line_1_7' title="bbox 605 779 2160 850; baseline -0.005 -11"><span class='ocrx_word' id='word_1_30' title='bbox 605 787 784 839; x_wconf 86' lang='lat' dir='ltr'><strong>smdio</strong></span> <span class='ocrx_word' id='word_1_31' title='bbox 811 800 873 838; x_wconf 85' lang='lat' dir='ltr'><strong>ac</strong></span> <span class='ocrx_word' id='word_1_32' title='bbox 899 785 1083 836; x_wconf 87' lang='lat' dir='ltr'><strong>labore</strong></span> <span class='ocrx_word' id='word_1_33' title='bbox 1131 785 1233 838; x_wconf 89' lang='lat' dir='ltr'><strong>sibi</strong></span> <span class='ocrx_word' id='word_1_34' title='bbox 1259 783 1478 836; x_wconf 87' lang='lat' dir='ltr'><strong>nomina</strong></span> <span class='ocrx_word' id='word_1_35' title='bbox 1501 782 1856 850; x_wconf 89' lang='lat' dir='ltr'><strong>comparavit.</strong></span> <span class='ocrx_word' id='word_1_36' title='bbox 1879 779 2034 835; x_wconf 88' lang='lat' dir='ltr'><strong>Unde</strong></span> <span class='ocrx_word' id='word_1_37' title='bbox 2057 782 2160 833; x_wconf 88' lang='lat' dir='ltr'><strong>hoc</strong></span> 
     </span>
    </p>
   </div>
   <div class='ocr_carea' id='block_1_8' title="bbox 605 871 2160 944">
    <p class='ocr_par' dir='ltr' id='par_1_8' title="bbox 605 871 2160 944">
     <span class='ocr_line' id='line_1_8' title="bbox 605 871 2160 944; baseline -0.003 -19"><span class='ocrx_word' id='word_1_38' title='bbox 605 877 757 944; x_wconf 84' lang='lat' dir='ltr'><strong>pueri</strong></span> <span class='ocrx_word' id='word_1_39' title='bbox 797 875 1017 929; x_wconf 84' lang='lat' dir='ltr'><strong>nomine</strong></span> <span class='ocrx_word' id='word_1_40' title='bbox 1070 875 1242 942; x_wconf 80' lang='lat' dir='ltr'><strong>magis</strong></span> <span class='ocrx_word' id='word_1_41' title='bbox 1289 873 1392 928; x_wconf 83' lang='lat' dir='ltr'><strong>sibi</strong></span> <span class='ocrx_word' id='word_1_42' title='bbox 1440 874 1612 942; x_wconf 84' lang='lat' dir='ltr'><strong>placet</strong></span> <span class='ocrx_word' id='word_1_43' title='bbox 1663 887 1822 938; x_wconf 87' lang='lat' dir='ltr'><strong>quam</strong></span> <span class='ocrx_word' id='word_1_44' title='bbox 1874 871 2014 938; x_wconf 82' lang='lat' dir='ltr'><strong>regis</strong></span> <span class='ocrx_word' id='word_1_45' title='bbox 2066 879 2160 923; x_wconf 91' lang='lat' dir='ltr'><strong>aut</strong></span> 
     </span>
    </p>
   </div>
   <div class='ocr_carea' id='block_1_9' title="bbox 607 961 2160 1035">
    <p class='ocr_par' dir='ltr' id='par_1_9' title="bbox 607 961 2160 1035">
     <span class='ocr_line' id='line_1_9' title="bbox 607 961 2160 1035; baseline -0.003 -17"><span class='ocrx_word' id='word_1_46' title='bbox 607 967 899 1035; x_wconf 67' lang='lat' dir='ltr'><strong>Prophetaa.</strong></span> <span class='ocrx_word' id='word_1_47' title='bbox 970 965 1224 1033; x_wconf 85' lang='lat' dir='ltr'><strong>Sequitur</strong></span> <span class='ocrx_word' id='word_1_48' title='bbox 1273 982 1285 1017; x_wconf 92' lang='lat'><strong>:</strong></span> <span class='ocrx_word' id='word_1_49' title='bbox 1343 965 1472 1026; x_wconf 80' lang='lat' dir='ltr'><strong>Quc</strong></span> <span class='ocrx_word' id='word_1_50' title='bbox 1511 965 1720 1013; x_wconf 76' lang='lat' dir='ltr'><strong>locutus</strong></span> <span class='ocrx_word' id='word_1_51' title='bbox 1787 970 1866 1014; x_wconf 75' lang='lat' dir='ltr'><strong>est</strong></span> <span class='ocrx_word' id='word_1_52' title='bbox 1913 961 2160 1014; x_wconf 86' lang='lat' dir='ltr'><strong>Domino.</strong></span> 
     </span>
    </p>
   </div>
   <div class='ocr_carea' id='block_1_10' title="bbox 605 1051 2162 1121">
    <p class='ocr_par' dir='ltr' id='par_1_10' title="bbox 605 1051 2162 1121">
     <span class='ocr_line' id='line_1_10' title="bbox 605 1051 2162 1121; baseline -0.003 -13"><span class='ocrx_word' id='word_1_53' title='bbox 605 1056 958 1121; x_wconf 70' lang='lat' dir='ltr'><strong>Subintt-Ilige</strong></span> <span class='ocrx_word' id='word_1_54' title='bbox 991 1067 1288 1120; x_wconf 84' lang='lat' dir='ltr'><strong>pronomen</strong></span> <span class='ocrx_word' id='word_1_55' title='bbox 1319 1052 1451 1113; x_wconf 78' lang='lat' dir='ltr'><strong>Iure,</strong></span> <span class='ocrx_word' id='word_1_56' title='bbox 1481 1060 1538 1104; x_wconf 91' lang='lat' dir='ltr'><strong>ut</strong></span> <span class='ocrx_word' id='word_1_57' title='bbox 1566 1051 1635 1103; x_wconf 90' lang='lat' dir='ltr'><strong>sit</strong></span> <span class='ocrx_word' id='word_1_58' title='bbox 1664 1051 1775 1103; x_wconf 70' lang='lat' dir='ltr'><strong>haec</strong></span> <span class='ocrx_word' id='word_1_59' title='bbox 1805 1066 1926 1118; x_wconf 74' lang='lat' dir='ltr'><strong>qua:</strong></span> <span class='ocrx_word' id='word_1_60' title='bbox 1946 1051 2162 1103; x_wconf 88' lang='lat' dir='ltr'><strong>locutus</strong></span> 
     </span>
    </p>
   </div>
   <div class='ocr_carea' id='block_1_11' title="bbox 604 1141 2165 1209">
    <p class='ocr_par' dir='ltr' id='par_1_11' title="bbox 604 1141 2165 1209">
     <span class='ocr_line' id='line_1_11' title="bbox 604 1141 2165 1209; baseline -0.002 -13"><span class='ocrx_word' id='word_1_61' title='bbox 604 1159 685 1200; x_wconf 77' lang='lat' dir='ltr'><strong>est</strong></span> <span class='ocrx_word' id='word_1_62' title='bbox 713 1147 937 1197; x_wconf 81' lang='lat' dir='ltr'><strong>Domino</strong></span> <span class='ocrx_word' id='word_1_63' title='bbox 963 1145 1128 1197; x_wconf 87' lang='lat' dir='ltr'><strong>verba</strong></span> <span class='ocrx_word' id='word_1_64' title='bbox 1162 1143 1361 1196; x_wconf 88' lang='lat' dir='ltr'><strong>cantici</strong></span> <span class='ocrx_word' id='word_1_65' title='bbox 1395 1142 1578 1209; x_wconf 87' lang='lat' dir='ltr'><strong>hujus.</strong></span> <span class='ocrx_word' id='word_1_66' title='bbox 1610 1141 1818 1194; x_wconf 83' lang='lat' dir='ltr'><strong>Cantici</strong></span> <span class='ocrx_word' id='word_1_67' title='bbox 1855 1157 1980 1194; x_wconf 89' lang='lat' dir='ltr'><strong>vero</strong></span> <span class='ocrx_word' id='word_1_68' title='bbox 2028 1142 2165 1194; x_wconf 78' lang='lat' dir='ltr'><strong>dixit</strong></span> 
     </span>
    </p>
   </div>
   <div class='ocr_carea' id='block_1_12' title="bbox 607 1232 2165 1300">
    <p class='ocr_par' dir='ltr' id='par_1_12' title="bbox 607 1232 2165 1300">
     <span class='ocr_line' id='line_1_12' title="bbox 607 1232 2165 1300; baseline -0.003 -13"><span class='ocrx_word' id='word_1_69' title='bbox 607 1248 658 1291; x_wconf 70' lang='lat' dir='ltr'><strong>ct</strong></span> <span class='ocrx_word' id='word_1_70' title='bbox 689 1253 794 1290; x_wconf 92' lang='lat' dir='ltr'><strong>non</strong></span> <span class='ocrx_word' id='word_1_71' title='bbox 829 1237 1022 1289; x_wconf 83' lang='lat' dir='ltr'><strong>Psalmi</strong></span> <span class='ocrx_word' id='word_1_72' title='bbox 1057 1254 1068 1288; x_wconf 89' lang='lat'>:</span> <span class='ocrx_word' id='word_1_73' title='bbox 1105 1236 1230 1300; x_wconf 82' lang='lat' dir='ltr'><strong>quia</strong></span> <span class='ocrx_word' id='word_1_74' title='bbox 1262 1248 1367 1285; x_wconf 89' lang='lat' dir='ltr'><strong>non</strong></span> <span class='ocrx_word' id='word_1_75' title='bbox 1415 1234 1622 1287; x_wconf 75' lang='lat' dir='ltr'><strong>music‘o</strong></span> <span class='ocrx_word' id='word_1_76' title='bbox 1672 1232 1854 1300; x_wconf 88' lang='lat' dir='ltr'><strong>aliquo</strong></span> <span class='ocrx_word' id='word_1_77' title='bbox 1901 1246 2024 1285; x_wconf 88' lang='lat' dir='ltr'><strong>cum</strong></span> <span class='ocrx_word' id='word_1_78' title='bbox 2081 1233 2165 1284; x_wconf 85' lang='lat' dir='ltr'><strong>in-</strong></span> 
     </span>
    </p>
   </div>
   <div class='ocr_carea' id='block_1_13' title="bbox 607 1322 2164 1392">
    <p class='ocr_par' dir='ltr' id='par_1_13' title="bbox 607 1322 2164 1392">
     <span class='ocr_line' id='line_1_13' title="bbox 607 1322 2164 1392; baseline -0.003 -14"><span class='ocrx_word' id='word_1_79' title='bbox 607 1336 926 1384; x_wconf 86' lang='lat' dir='ltr'><strong>strumcmo.</strong></span> <span class='ocrx_word' id='word_1_80' title='bbox 960 1327 1051 1378; x_wconf 78' lang='lat' dir='ltr'><strong>sed</strong></span> <span class='ocrx_word' id='word_1_81' title='bbox 1090 1327 1208 1392; x_wconf 80' lang='lat' dir='ltr'><strong>ipso</strong></span> <span class='ocrx_word' id='word_1_82' title='bbox 1246 1331 1454 1376; x_wconf 87' lang='lat' dir='ltr'><strong>tantum</strong></span> <span class='ocrx_word' id='word_1_83' title='bbox 1496 1337 1590 1376; x_wconf 89' lang='lat' dir='ltr'><strong>ore</strong></span> <span class='ocrx_word' id='word_1_84' title='bbox 1620 1325 1783 1376; x_wconf 88' lang='lat' dir='ltr'><strong>verba</strong></span> <span class='ocrx_word' id='word_1_85' title='bbox 1808 1323 1922 1376; x_wconf 69' lang='lat' dir='ltr'><strong>inec</strong></span> <span class='ocrx_word' id='word_1_86' title='bbox 1946 1322 2164 1384; x_wconf 84' lang='lat' dir='ltr'><strong>cecinit,</strong></span> 
     </span>
    </p>
   </div>
   <div class='ocr_carea' id='block_1_14' title="bbox 609 1409 2167 1482">
    <p class='ocr_par' dir='ltr' id='par_1_14' title="bbox 609 1409 2167 1482">
     <span class='ocr_line' id='line_1_14' title="bbox 609 1409 2167 1482; baseline -0.003 -15"><span class='ocrx_word' id='word_1_87' title='bbox 609 1414 854 1481; x_wconf 79' lang='lat' dir='ltr'><strong>cuntjatn</strong></span> <span class='ocrx_word' id='word_1_88' title='bbox 888 1413 1291 1472; x_wconf 86' lang='lat' dir='ltr'><strong>consenuisset,</strong></span> <span class='ocrx_word' id='word_1_89' title='bbox 1323 1419 1382 1464; x_wconf 93' lang='lat' dir='ltr'><strong>ut</strong></span> <span class='ocrx_word' id='word_1_90' title='bbox 1414 1415 1465 1482; x_wconf 86' lang='lat' dir='ltr'><strong>In</strong></span> <span class='ocrx_word' id='word_1_91' title='bbox 1491 1409 1694 1478; x_wconf 77' lang='lat' dir='ltr'><strong>Regum</strong></span> <span class='ocrx_word' id='word_1_92' title='bbox 1729 1411 1884 1463; x_wconf 92' lang='lat' dir='ltr'><strong>libris</strong></span> <span class='ocrx_word' id='word_1_93' title='bbox 1911 1409 2167 1463; x_wconf 91' lang='lat' dir='ltr'><strong>traditur.</strong></span> 
     </span>
    </p>
   </div>
   <div class='ocr_carea' id='block_1_15' title="bbox 609 1501 2166 1570">
    <p class='ocr_par' dir='ltr' id='par_1_15' title="bbox 609 1501 2166 1570">
     <span class='ocr_line' id='line_1_15' title="bbox 609 1501 2166 1570; baseline -0.001 -12"><span class='ocrx_word' id='word_1_94' title='bbox 609 1505 718 1558; x_wconf 79' lang='lat' dir='ltr'><strong>Nos</strong></span> <span class='ocrx_word' id='word_1_95' title='bbox 749 1513 935 1556; x_wconf 88' lang='lat' dir='ltr'><strong>autem</strong></span> <span class='ocrx_word' id='word_1_96' title='bbox 961 1504 1252 1570; x_wconf 86' lang='lat' dir='ltr'><strong>improprie</strong></span> <span class='ocrx_word' id='word_1_97' title='bbox 1279 1501 1502 1554; x_wconf 82' lang='lat' dir='ltr'><strong>Cantica</strong></span> <span class='ocrx_word' id='word_1_98' title='bbox 1532 1502 1784 1556; x_wconf 86' lang='lat' dir='ltr'><strong>Psalmos</strong></span> <span class='ocrx_word' id='word_1_99' title='bbox 1808 1502 2166 1569; x_wconf 81' lang='lat' dir='ltr'><strong>appellamus.</strong></span> 
     </span>
    </p>
   </div>
   <div class='ocr_carea' id='block_1_16' title="bbox 610 1593 2170 1668">
    <p class='ocr_par' dir='ltr' id='par_1_16' title="bbox 610 1593 2170 1668">
     <span class='ocr_line' id='line_1_16' title="bbox 610 1593 2170 1668; baseline -0.002 -21"><span class='ocrx_word' id='word_1_100' title='bbox 610 1595 675 1648; x_wconf 83' lang='lat' dir='ltr'><strong>In</strong></span> <span class='ocrx_word' id='word_1_101' title='bbox 708 1596 788 1647; x_wconf 79' lang='lat' dir='ltr'><strong>die</strong></span> <span class='ocrx_word' id='word_1_102' title='bbox 814 1610 920 1662; x_wconf 87' lang='lat' dir='ltr'><strong>qua</strong></span> <span class='ocrx_word' id='word_1_103' title='bbox 953 1594 1141 1668; x_wconf 76' lang='lat' dir='ltr'><strong>eripuit</strong></span> <span class='ocrx_word' id='word_1_104' title='bbox 1157 1609 1275 1646; x_wconf 82' lang='lat' dir='ltr'><strong>eum</strong></span> <span class='ocrx_word' id='word_1_105' title='bbox 1300 1593 1553 1645; x_wconf 86' lang='lat' dir='ltr'><strong>Dominus</strong></span> <span class='ocrx_word' id='word_1_106' title='bbox 1579 1593 1643 1645; x_wconf 85' lang='lat' dir='ltr'><strong>de</strong></span> <span class='ocrx_word' id='word_1_107' title='bbox 1665 1608 1821 1644; x_wconf 84' lang='lat' dir='ltr'><strong>manu</strong></span> <span class='ocrx_word' id='word_1_108' title='bbox 1840 1593 2170 1644; x_wconf 83' lang='lat' dir='ltr'><strong>inimicorum</strong></span> 
     </span>
    </p>
   </div>
   <div class='ocr_carea' id='block_1_17' title="bbox 611 1682 2172 1752">
    <p class='ocr_par' dir='ltr' id='par_1_17' title="bbox 611 1682 2172 1752">
     <span class='ocr_line' id='line_1_17' title="bbox 611 1682 2172 1752; baseline -0.001 -14"><span class='ocrx_word' id='word_1_109' title='bbox 611 1702 823 1738; x_wconf 83' lang='lat' dir='ltr'><strong>suorum</strong></span> <span class='ocrx_word' id='word_1_110' title='bbox 851 1704 868 1739; x_wconf 89' lang='lat'><em>:</em></span> <span class='ocrx_word' id='word_1_111' title='bbox 892 1687 989 1738; x_wconf 84' lang='lat' dir='ltr'><strong>hoc</strong></span> <span class='ocrx_word' id='word_1_112' title='bbox 1023 1697 1104 1738; x_wconf 85' lang='lat' dir='ltr'><strong>est</strong></span> <span class='ocrx_word' id='word_1_113' title='bbox 1142 1683 1309 1737; x_wconf 86' lang='lat' dir='ltr'><strong>indie</strong></span> <span class='ocrx_word' id='word_1_114' title='bbox 1333 1683 1548 1752; x_wconf 87' lang='lat' dir='ltr'><strong>quando</strong></span> <span class='ocrx_word' id='word_1_115' title='bbox 1569 1682 1634 1734; x_wconf 87' lang='lat' dir='ltr'><strong>ab</strong></span> <span class='ocrx_word' id='word_1_116' title='bbox 1658 1683 1909 1736; x_wconf 88' lang='lat' dir='ltr'><strong>omnibus</strong></span> <span class='ocrx_word' id='word_1_117' title='bbox 1937 1683 2172 1736; x_wconf 90' lang='lat' dir='ltr'><strong>inimicis</strong></span> 
     </span>
    </p>
   </div>
   <div class='ocr_carea' id='block_1_18' title="bbox 609 1774 2172 1844">
    <p class='ocr_par' dir='ltr' id='par_1_18' title="bbox 609 1774 2172 1844">
     <span class='ocr_line' id='line_1_18' title="bbox 609 1774 2172 1844; baseline -0.002 -15"><span class='ocrx_word' id='word_1_118' title='bbox 609 1793 750 1844; x_wconf 84' lang='lat' dir='ltr'><strong>quos</strong></span> <span class='ocrx_word' id='word_1_119' title='bbox 782 1785 1006 1830; x_wconf 89' lang='lat' dir='ltr'><strong>eatenus</strong></span> <span class='ocrx_word' id='word_1_120' title='bbox 1039 1776 1342 1837; x_wconf 80' lang='lat' dir='ltr'><strong>habuerat,</strong></span> <span class='ocrx_word' id='word_1_121' title='bbox 1396 1782 1504 1827; x_wconf 85' lang='lat' dir='ltr'><strong>tam</strong></span> <span class='ocrx_word' id='word_1_122' title='bbox 1547 1775 1863 1843; x_wconf 69' lang='lat' dir='ltr'><strong>alienigenis</strong></span> <span class='ocrx_word' id='word_1_123' title='bbox 1927 1774 2172 1827; x_wconf 82' lang='lat' dir='ltr'><strong>videlicet</strong></span> 
     </span>
    </p>
   </div>
   <div class='ocr_carea' id='block_1_19' title="bbox 609 1866 2166 1936">
    <p class='ocr_par' dir='ltr' id='par_1_19' title="bbox 609 1866 2166 1936">
     <span class='ocr_line' id='line_1_19' title="bbox 609 1866 2166 1936; baseline -0.001 -17"><span class='ocrx_word' id='word_1_124' title='bbox 609 1883 774 1936; x_wconf 90' lang='lat' dir='ltr'><strong>quam</strong></span> <span class='ocrx_word' id='word_1_125' title='bbox 808 1869 1076 1936; x_wconf 82' lang='lat' dir='ltr'><strong>cognatis,</strong></span> <span class='ocrx_word' id='word_1_126' title='bbox 1112 1876 1356 1933; x_wconf 80' lang='lat' dir='ltr'><strong>ereptum</strong></span> <span class='ocrx_word' id='word_1_127' title='bbox 1390 1881 1446 1918; x_wconf 86' lang='lat' dir='ltr'><strong>se</strong></span> <span class='ocrx_word' id='word_1_128' title='bbox 1481 1880 1542 1918; x_wconf 85' lang='lat' dir='ltr'><strong>ae</strong></span> <span class='ocrx_word' id='word_1_129' title='bbox 1597 1867 1884 1918; x_wconf 85' lang='lat' dir='ltr'><strong>liberatum</strong></span> <span class='ocrx_word' id='word_1_130' title='bbox 1937 1866 2166 1932; x_wconf 77' lang='lat' dir='ltr'><strong>putavit.</strong></span> 
     </span>
    </p>
   </div>
   <div class='ocr_carea' id='block_1_20' title="bbox 2261 684 3823 756">
    <p class='ocr_par' dir='ltr' id='par_1_20' title="bbox 2261 684 3823 756">
     <span class='ocr_line' id='line_1_20' title="bbox 2261 684 3823 756; baseline 0.012 -17"><span class='ocrx_word' id='word_1_131' title='bbox 2261 709 2351 754; x_wconf 85' lang='grc' dir='ltr'><strong>τος</strong></span> <span class='ocrx_word' id='word_1_132' title='bbox 2388 689 2503 752; x_wconf 81' lang='grc' dir='ltr'><strong>τοῦ,</strong></span> <span class='ocrx_word' id='word_1_133' title='bbox 2539 689 2723 742; x_wconf 80' lang='grc' dir='ltr'><strong>ταῦτά</strong></span> <span class='ocrx_word' id='word_1_134' title='bbox 2766 691 2904 753; x_wconf 80' lang='grc' dir='ltr'><strong>εισι,</strong></span> <span class='ocrx_word' id='word_1_135' title='bbox 2935 687 3132 756; x_wconf 83' lang='grc' dir='ltr'><strong>δηλαδὴ</strong></span> <span class='ocrx_word' id='word_1_136' title='bbox 3181 687 3308 748; x_wconf 77' lang='grc' dir='ltr'><strong>τοὺς</strong></span> <span class='ocrx_word' id='word_1_137' title='bbox 3341 687 3530 752; x_wconf 80' lang='grc' dir='ltr'><strong>λόγους</strong></span> <span class='ocrx_word' id='word_1_138' title='bbox 3559 685 3656 752; x_wconf 64' lang='grc' dir='ltr'><strong>τῆς</strong></span> <span class='ocrx_word' id='word_1_139' title='bbox 3680 684 3823 754; x_wconf 64' lang='grc' dir='ltr'>ᾠδῆς</span> 
     </span>
    </p>
   </div>
   <div class='ocr_carea' id='block_1_21' title="bbox 2262 775 3822 851">
    <p class='ocr_par' dir='ltr' id='par_1_21' title="bbox 2262 775 3822 851">
     <span class='ocr_line' id='line_1_21' title="bbox 2262 775 3822 851; baseline -0.006 -16"><span class='ocrx_word' id='word_1_140' title='bbox 2262 783 2464 851; x_wconf 79' lang='grc' dir='ltr'><strong>ταύτης</strong></span> <span class='ocrx_word' id='word_1_141' title='bbox 2490 782 2766 850; x_wconf 79' lang='grc' dir='ltr'><strong>ἐλάλησεν.</strong></span> <span class='ocrx_word' id='word_1_142' title='bbox 2808 780 2961 849; x_wconf 80' lang='grc' dir='ltr'><strong>ᾭδῆς</strong></span> <span class='ocrx_word' id='word_1_143' title='bbox 2985 779 3040 832; x_wconf 81' lang='grc' dir='ltr'><strong>δέ</strong></span> <span class='ocrx_word' id='word_1_144' title='bbox 3066 777 3370 846; x_wconf 73' lang='grc' dir='ltr'><strong>ἐπέγραψε,</strong></span> <span class='ocrx_word' id='word_1_145' title='bbox 3392 778 3484 828; x_wconf 72' lang='grc' dir='ltr'><strong>καὶ</strong></span> <span class='ocrx_word' id='word_1_146' title='bbox 3501 776 3558 828; x_wconf 83' lang='grc' dir='ltr'><strong>ού</strong></span> <span class='ocrx_word' id='word_1_147' title='bbox 3580 775 3822 845; x_wconf 75' lang='grc' dir='ltr'><strong>ψαλμοῦ,</strong></span> 
     </span>
    </p>
   </div>
   <div class='ocr_carea' id='block_1_22' title="bbox 2263 867 3826 940">
    <p class='ocr_par' dir='ltr' id='par_1_22' title="bbox 2263 867 3826 940">
     <span class='ocr_line' id='line_1_22' title="bbox 2263 867 3826 940; baseline -0.006 -12"><span class='ocrx_word' id='word_1_148' title='bbox 2263 877 2345 929; x_wconf 86' lang='grc' dir='ltr'><strong>ὅτι</strong></span> <span class='ocrx_word' id='word_1_149' title='bbox 2374 877 2434 926; x_wconf 88' lang='grc' dir='ltr'><strong>ού</strong></span> <span class='ocrx_word' id='word_1_150' title='bbox 2463 873 2548 925; x_wconf 79' lang='grc' dir='ltr'><strong>διὰ</strong></span> <span class='ocrx_word' id='word_1_151' title='bbox 2586 871 2860 940; x_wconf 78' lang='grc' dir='ltr'><strong>μουσικῶν</strong></span> <span class='ocrx_word' id='word_1_152' title='bbox 2885 871 3153 940; x_wconf 82' lang='grc' dir='ltr'><strong>ὀργάνων,</strong></span> <span class='ocrx_word' id='word_1_153' title='bbox 3197 867 3310 921; x_wconf 86' lang='grc' dir='ltr'><strong>ἀλλ’</strong></span> <span class='ocrx_word' id='word_1_154' title='bbox 3340 868 3448 920; x_wconf 78' lang='grc' dir='ltr'><strong>ἀπὸ</strong></span> <span class='ocrx_word' id='word_1_155' title='bbox 3497 867 3658 935; x_wconf 83' lang='grc' dir='ltr'>μόνου</span> <span class='ocrx_word' id='word_1_156' title='bbox 3701 867 3826 919; x_wconf 86' lang='grc' dir='ltr'><strong>στό-</strong></span> 
     </span>
    </p>
   </div>
   <div class='ocr_carea' id='block_1_23' title="bbox 2269 959 3827 1036">
    <p class='ocr_par' dir='ltr' id='par_1_23' title="bbox 2269 959 3827 1036">
     <span class='ocr_line' id='line_1_23' title="bbox 2269 959 3827 1036; baseline -0.005 -18"><span class='ocrx_word' id='word_1_157' title='bbox 2269 981 2433 1035; x_wconf 86' lang='grc' dir='ltr'><strong>ματος</strong></span> <span class='ocrx_word' id='word_1_158' title='bbox 2464 961 2562 1036; x_wconf 81' lang='grc' dir='ltr'><strong>ᾖσε</strong></span> <span class='ocrx_word' id='word_1_159' title='bbox 2600 965 2696 1028; x_wconf 83' lang='grc' dir='ltr'><strong>τὴν</strong></span> <span class='ocrx_word' id='word_1_160' title='bbox 2728 962 2868 1032; x_wconf 80' lang='grc' dir='ltr'><strong>ᾠδὴν</strong></span> <span class='ocrx_word' id='word_1_161' title='bbox 2907 961 3128 1031; x_wconf 81' lang='grc' dir='ltr'><strong>ταύτην,</strong></span> <span class='ocrx_word' id='word_1_162' title='bbox 3189 960 3291 1028; x_wconf 70' lang='grc' dir='ltr'><strong>ἢδη</strong></span> <span class='ocrx_word' id='word_1_163' title='bbox 3328 960 3599 1029; x_wconf 74' lang='grc' dir='ltr'><strong>γηράσας,</strong></span> <span class='ocrx_word' id='word_1_164' title='bbox 3647 959 3723 1020; x_wconf 82' lang='grc' dir='ltr'><strong>ῶς</strong></span> <span class='ocrx_word' id='word_1_165' title='bbox 3769 961 3827 1010; x_wconf 85' lang='grc' dir='ltr'><strong>ὲν</strong></span> 
     </span>
    </p>
   </div>
   <div class='ocr_carea' id='block_1_24' title="bbox 2265 1049 3824 1126">
    <p class='ocr_par' dir='ltr' id='par_1_24' title="bbox 2265 1049 3824 1126">
     <span class='ocr_line' id='line_1_24' title="bbox 2265 1049 3824 1126; baseline -0.005 -18"><span class='ocrx_word' id='word_1_166' title='bbox 2265 1059 2330 1126; x_wconf 79' lang='grc' dir='ltr'><strong>τῇ</strong></span> <span class='ocrx_word' id='word_1_167' title='bbox 2365 1054 2530 1124; x_wconf 69' lang='grc' dir='ltr'><strong>βίϐλῳ</strong></span> <span class='ocrx_word' id='word_1_168' title='bbox 2565 1054 2674 1106; x_wconf 89' lang='grc' dir='ltr'><strong>τῶν</strong></span> <span class='ocrx_word' id='word_1_169' title='bbox 2720 1053 3016 1106; x_wconf 80' lang='grc' dir='ltr'><strong>Βασιλειῶν</strong></span> <span class='ocrx_word' id='word_1_170' title='bbox 3063 1052 3496 1126; x_wconf 76' lang='grc' dir='ltr'><strong>ἀναγέγραπται.</strong></span> <span class='ocrx_word' id='word_1_171' title='bbox 3544 1050 3737 1117; x_wconf 79' lang='grc' dir='ltr'><strong>Ἡμεῖς</strong></span> <span class='ocrx_word' id='word_1_172' title='bbox 3771 1049 3824 1100; x_wconf 67' lang='grc' dir='ltr'><strong>δὲ</strong></span> 
     </span>
    </p>
   </div>
   <div class='ocr_carea' id='block_1_25' title="bbox 2268 1125 3830 1221">
    <p class='ocr_par' dir='ltr' id='par_1_25' title="bbox 2268 1125 3830 1221">
     <span class='ocr_line' id='line_1_25' title="bbox 2268 1125 3830 1221; baseline -0.004 -25"><span class='ocrx_word' id='word_1_173' title='bbox 2268 1141 2708 1221; x_wconf 71' lang='grc' dir='ltr'><strong>καταχρώμενοι,</strong></span> <span class='ocrx_word' id='word_1_174' title='bbox 2751 1139 2964 1209; x_wconf 74' lang='grc' dir='ltr'><strong>ψαλμὸν</strong></span> <span class='ocrx_word' id='word_1_175' title='bbox 3010 1141 3104 1192; x_wconf 68' lang='grc' dir='ltr'><strong>καὶ</strong></span> <span class='ocrx_word' id='word_1_176' title='bbox 3129 1125 3268 1209; x_wconf 75' lang='grc' dir='ltr'>ᾠδὴν</span> <span class='ocrx_word' id='word_1_177' title='bbox 3316 1138 3520 1208; x_wconf 76' lang='grc' dir='ltr'><strong>ταύτην</strong></span> <span class='ocrx_word' id='word_1_178' title='bbox 3565 1137 3830 1206; x_wconf 69' lang='grc' dir='ltr'><strong>ὀνομάζοο</strong></span> 
     </span>
    </p>
   </div>
   <div class='ocr_carea' id='block_1_26' title="bbox 2273 1224 3833 1300">
    <p class='ocr_par' dir='ltr' id='par_1_26' title="bbox 2273 1224 3833 1300">
     <span class='ocr_line' id='line_1_26' title="bbox 2273 1224 3833 1300; baseline -0.001 -17"><span class='ocrx_word' id='word_1_179' title='bbox 2273 1249 2393 1300; x_wconf 89' lang='grc' dir='ltr'><strong>μεν.</strong></span> <span class='ocrx_word' id='word_1_180' title='bbox 2443 1233 2545 1285; x_wconf 81' lang='grc' dir='ltr'><em>Ἐν</em></span> <span class='ocrx_word' id='word_1_181' title='bbox 2582 1230 2768 1299; x_wconf 77' lang='grc' dir='ltr'><em>ἡμέρᾳ</em></span> <span class='ocrx_word' id='word_1_182' title='bbox 2800 1230 2886 1292; x_wconf 79' lang='grc' dir='ltr'><strong>δὲ,</strong></span> <span class='ocrx_word' id='word_1_183' title='bbox 2919 1224 2959 1300; x_wconf 82' lang='grc' dir='ltr'><em>ᾗ</em></span> <span class='ocrx_word' id='word_1_184' title='bbox 2989 1233 3021 1283; x_wconf 84' lang='grc' dir='ltr'><em>ό</em></span> <span class='ocrx_word' id='word_1_185' title='bbox 3066 1232 3274 1296; x_wconf 82' lang='grc' dir='ltr'><strong>Κύριος</strong></span> <span class='ocrx_word' id='word_1_186' title='bbox 3305 1231 3600 1297; x_wconf 74' lang='grc' dir='ltr'><strong>ἐρῤὑσατο</strong></span> <span class='ocrx_word' id='word_1_187' title='bbox 3645 1228 3833 1282; x_wconf 72' lang='grc' dir='ltr'><strong>αὐτὸν</strong></span> 
     </span>
    </p>
   </div>
   <div class='ocr_carea' id='block_1_27' title="bbox 2269 1321 3826 1390">
    <p class='ocr_par' dir='ltr' id='par_1_27' title="bbox 2269 1321 3826 1390">
     <span class='ocr_line' id='line_1_27' title="bbox 2269 1321 3826 1390; baseline -0.004 -14"><span class='ocrx_word' id='word_1_188' title='bbox 2269 1325 2336 1376; x_wconf 75' lang='grc' dir='ltr'><strong>ἐκ</strong></span> <span class='ocrx_word' id='word_1_189' title='bbox 2368 1326 2561 1390; x_wconf 73' lang='grc' dir='ltr'><strong>χειρὸς</strong></span> <span class='ocrx_word' id='word_1_190' title='bbox 2599 1323 2837 1377; x_wconf 79' lang='grc' dir='ltr'><strong>πάντων</strong></span> <span class='ocrx_word' id='word_1_191' title='bbox 2864 1323 2982 1375; x_wconf 86' lang='grc' dir='ltr'><strong>τῶν</strong></span> <span class='ocrx_word' id='word_1_192' title='bbox 3011 1321 3237 1390; x_wconf 81' lang='grc' dir='ltr'><strong>ἐχθρῶν</strong></span> <span class='ocrx_word' id='word_1_193' title='bbox 3277 1321 3484 1384; x_wconf 81' lang='grc' dir='ltr'><strong>αὑτοῦ,</strong></span> <span class='ocrx_word' id='word_1_194' title='bbox 3525 1322 3826 1386; x_wconf 77' lang='grc' dir='ltr'><strong>τουτέστιν,</strong></span> 
     </span>
    </p>
   </div>
   <div class='ocr_carea' id='block_1_28' title="bbox 2270 1409 3828 1481">
    <p class='ocr_par' dir='ltr' id='par_1_28' title="bbox 2270 1409 3828 1481">
     <span class='ocr_line' id='line_1_28' title="bbox 2270 1409 3828 1481; baseline -0.001 -19"><span class='ocrx_word' id='word_1_195' title='bbox 2270 1413 2329 1463; x_wconf 88' lang='grc' dir='ltr'><strong>ἐν</strong></span> <span class='ocrx_word' id='word_1_196' title='bbox 2361 1410 2563 1481; x_wconf 69' lang='grc' dir='ltr'><strong>ἡμέρα,</strong></span> <span class='ocrx_word' id='word_1_197' title='bbox 2594 1411 2683 1460; x_wconf 87' lang='grc' dir='ltr'><strong>ὅτε</strong></span> <span class='ocrx_word' id='word_1_198' title='bbox 2731 1409 2907 1474; x_wconf 79' lang='grc' dir='ltr'><strong>ἔδοξεν</strong></span> <span class='ocrx_word' id='word_1_199' title='bbox 2963 1410 3390 1478; x_wconf 60' lang='grc' dir='ltr'><strong>ἐλευθερωθῖψαι</strong></span> <span class='ocrx_word' id='word_1_200' title='bbox 3436 1412 3653 1464; x_wconf 83' lang='grc' dir='ltr'><strong>πάντων</strong></span> <span class='ocrx_word' id='word_1_201' title='bbox 3702 1411 3828 1479; x_wconf 75' lang='grc' dir='ltr'><strong>ἄχρι</strong></span> 
     </span>
    </p>
   </div>
   <div class='ocr_carea' id='block_1_29' title="bbox 2271 1498 3834 1568">
    <p class='ocr_par' dir='ltr' id='par_1_29' title="bbox 2271 1498 3834 1568">
     <span class='ocr_line' id='line_1_29' title="bbox 2271 1498 3834 1568; baseline 0.003 -18"><span class='ocrx_word' id='word_1_202' title='bbox 2271 1498 2391 1550; x_wconf 75' lang='grc' dir='ltr'><strong>τότε</strong></span> <span class='ocrx_word' id='word_1_203' title='bbox 2425 1498 2717 1566; x_wconf 69' lang='grc' dir='ltr'><strong>πολεμίων,</strong></span> <span class='ocrx_word' id='word_1_204' title='bbox 2771 1503 2864 1551; x_wconf 70' lang='grc' dir='ltr'><strong>καὶ</strong></span> <span class='ocrx_word' id='word_1_205' title='bbox 2905 1498 3227 1566; x_wconf 79' lang='grc' dir='ltr'><strong>ἀλλογενῶν,</strong></span> <span class='ocrx_word' id='word_1_206' title='bbox 3268 1500 3360 1552; x_wconf 73' lang='grc' dir='ltr'><strong>καὶ</strong></span> <span class='ocrx_word' id='word_1_207' title='bbox 3380 1501 3676 1568; x_wconf 80' lang='grc' dir='ltr'><strong>ὁμογενῶν.</strong></span> <span class='ocrx_word' id='word_1_208' title='bbox 3709 1506 3834 1555; x_wconf 83' lang='grc' dir='ltr'><strong>Διε-</strong></span> 
     </span>
    </p>
   </div>
   <div class='ocr_carea' id='block_1_30' title="bbox 2271 1591 3834 1661">
    <p class='ocr_par' dir='ltr' id='par_1_30' title="bbox 2271 1591 3834 1661">
     <span class='ocr_line' id='line_1_30' title="bbox 2271 1591 3834 1661; baseline 0.002 -19"><span class='ocrx_word' id='word_1_209' title='bbox 2271 1591 2379 1642; x_wconf 89' lang='grc' dir='ltr'><strong>λὼν</strong></span> <span class='ocrx_word' id='word_1_210' title='bbox 2405 1592 2459 1644; x_wconf 89' lang='grc' dir='ltr'><strong>δέ</strong></span> <span class='ocrx_word' id='word_1_211' title='bbox 2489 1591 2598 1643; x_wconf 90' lang='grc' dir='ltr'><strong>τῶν</strong></span> <span class='ocrx_word' id='word_1_212' title='bbox 2620 1591 2791 1644; x_wconf 81' lang='grc' dir='ltr'><strong>ἄλλων</strong></span> <span class='ocrx_word' id='word_1_213' title='bbox 2814 1591 3022 1660; x_wconf 79' lang='grc' dir='ltr'><strong>ἐχθρῶν</strong></span> <span class='ocrx_word' id='word_1_214' title='bbox 3049 1592 3138 1644; x_wconf 81' lang='grc' dir='ltr'><strong>τὸν</strong></span> <span class='ocrx_word' id='word_1_215' title='bbox 3171 1593 3363 1652; x_wconf 70' lang='grc' dir='ltr'><strong>Σαοὺλ,</strong></span> <span class='ocrx_word' id='word_1_216' title='bbox 3389 1593 3495 1661; x_wconf 74' lang='grc' dir='ltr'>ἰδίᾳ</span> <span class='ocrx_word' id='word_1_217' title='bbox 3528 1594 3621 1644; x_wconf 80' lang='grc' dir='ltr'><strong>καὶ</strong></span> <span class='ocrx_word' id='word_1_218' title='bbox 3643 1595 3834 1646; x_wconf 81' lang='grc' dir='ltr'><strong>τελευ-</strong></span> 
     </span>
    </p>
   </div>
   <div class='ocr_carea' id='block_1_31' title="bbox 2273 1680 3831 1750">
    <p class='ocr_par' dir='ltr' id='par_1_31' title="bbox 2273 1680 3831 1750">
     <span class='ocr_line' id='line_1_31' title="bbox 2273 1680 3831 1750; baseline 0.002 -19"><span class='ocrx_word' id='word_1_219' title='bbox 2273 1683 2420 1732; x_wconf 88' lang='grc' dir='ltr'><strong>ταῖον</strong></span> <span class='ocrx_word' id='word_1_220' title='bbox 2452 1680 2699 1748; x_wconf 77' lang='grc' dir='ltr'><strong>τέθηκεν,</strong></span> <span class='ocrx_word' id='word_1_221' title='bbox 2723 1681 2754 1748; x_wconf 81' lang='grc' dir='ltr'>ἢ</span> <span class='ocrx_word' id='word_1_222' title='bbox 2789 1681 2862 1741; x_wconf 80' lang='grc' dir='ltr'><strong>ὡς</strong></span> <span class='ocrx_word' id='word_1_223' title='bbox 2890 1680 3294 1749; x_wconf 81' lang='grc' dir='ltr'><strong>πολεμιώτατον</strong></span> <span class='ocrx_word' id='word_1_224' title='bbox 3322 1683 3488 1734; x_wconf 83' lang='grc' dir='ltr'><strong>αὑτοῦ</strong></span> <span class='ocrx_word' id='word_1_225' title='bbox 3516 1685 3831 1750; x_wconf 79' lang='grc' dir='ltr'><strong>γενόμενον,</strong></span> 
     </span>
    </p>
   </div>
   <div class='ocr_carea' id='block_1_32' title="bbox 2273 1770 3833 1840">
    <p class='ocr_par' dir='ltr' id='par_1_32' title="bbox 2273 1770 3833 1840">
     <span class='ocr_line' id='line_1_32' title="bbox 2273 1770 3833 1840; baseline 0.003 -18"><span class='ocrx_word' id='word_1_226' title='bbox 2273 1771 2305 1840; x_wconf 86' lang='grc' dir='ltr'>ἢ</span> <span class='ocrx_word' id='word_1_227' title='bbox 2337 1772 2649 1840; x_wconf 77' lang='grc' dir='ltr'><strong>φειδόμενος</strong></span> <span class='ocrx_word' id='word_1_228' title='bbox 2672 1773 2782 1833; x_wconf 85' lang='grc' dir='ltr'><strong>τοῖς</strong></span> <span class='ocrx_word' id='word_1_229' title='bbox 2807 1770 2986 1834; x_wconf 80' lang='grc' dir='ltr'><strong>ἀλλοις</strong></span> <span class='ocrx_word' id='word_1_230' title='bbox 3014 1771 3224 1840; x_wconf 75' lang='grc' dir='ltr'><strong>ἐχθροῖς</strong></span> <span class='ocrx_word' id='word_1_231' title='bbox 3249 1773 3506 1836; x_wconf 73' lang='grc' dir='ltr'><strong>συντάξαι</strong></span> <span class='ocrx_word' id='word_1_232' title='bbox 3526 1774 3735 1839; x_wconf 71' lang='grc' dir='ltr'><strong>τοῦτον,</strong></span> <span class='ocrx_word' id='word_1_233' title='bbox 3756 1775 3833 1838; x_wconf 83' lang='grc' dir='ltr'><strong>ὡς</strong></span> 
     </span>
    </p>
   </div>
   <div class='ocr_carea' id='block_1_33' title="bbox 2279 1862 3839 1932">
    <p class='ocr_par' dir='ltr' id='par_1_33' title="bbox 2279 1862 3839 1932">
     <span class='ocr_line' id='line_1_33' title="bbox 2279 1862 3839 1932; baseline 0.001 -16"><span class='ocrx_word' id='word_1_234' title='bbox 2279 1862 2501 1930; x_wconf 82' lang='grc' dir='ltr'><strong>βασιλέα</strong></span> <span class='ocrx_word' id='word_1_235' title='bbox 2543 1863 2640 1916; x_wconf 71' lang='grc' dir='ltr'><strong>καὶ</strong></span> <span class='ocrx_word' id='word_1_236' title='bbox 2677 1863 2975 1932; x_wconf 78' lang='grc' dir='ltr'><strong>εὐεργέτην</strong></span> <span class='ocrx_word' id='word_1_237' title='bbox 3031 1862 3193 1915; x_wconf 81' lang='grc' dir='ltr'><strong>αὑτοῦ</strong></span> <span class='ocrx_word' id='word_1_238' title='bbox 3230 1881 3361 1916; x_wconf 89' lang='grc' dir='ltr'><strong>ποτε</strong></span> <span class='ocrx_word' id='word_1_239' title='bbox 3417 1866 3699 1932; x_wconf 79' lang='grc' dir='ltr'><strong>γεγονότα,</strong></span> <span class='ocrx_word' id='word_1_240' title='bbox 3743 1867 3839 1918; x_wconf 78' lang='grc' dir='ltr'><strong>καὶ</strong></span> 
     </span>
    </p>
   </div>
   <div class='ocr_carea' id='block_1_34' title="bbox 613 1953 2550 2022">
    <p class='ocr_par' dir='ltr' id='par_1_34' title="bbox 613 1953 2550 2022">
     <span class='ocr_line' id='line_1_34' title="bbox 613 1953 2550 2022; baseline -0.002 -11"><span class='ocrx_word' id='word_1_241' title='bbox 613 1957 868 2011; x_wconf 75' lang='lat' dir='ltr'><strong>Privatim</strong></span> <span class='ocrx_word' id='word_1_242' title='bbox 908 1967 1082 2011; x_wconf 76' lang='lat' dir='ltr'><strong>tmnen</strong></span> <span class='ocrx_word' id='word_1_243' title='bbox 1120 1957 1333 2009; x_wconf 79' lang='lat' dir='ltr'><strong>Saulcm</strong></span> <span class='ocrx_word' id='word_1_244' title='bbox 1364 1971 1391 2007; x_wconf 87' lang='lat' dir='ltr'><strong>a</strong></span> <span class='ocrx_word' id='word_1_245' title='bbox 1425 1955 1641 2008; x_wconf 75' lang='lat' dir='ltr'><strong>czctcris</strong></span> <span class='ocrx_word' id='word_1_246' title='bbox 1689 1955 2030 2021; x_wconf 70' lang='lat' dir='ltr'><strong>distinguo-ns</strong></span> <span class='ocrx_word' id='word_1_247' title='bbox 2059 1955 2165 2007; x_wconf 76' lang='lat' dir='ltr'><strong>ini-</strong></span> <span class='ocrx_word' id='word_1_248' title='bbox 2200 1953 2238 2004; x_wconf 81' lang='grc' dir='ltr'>Β</span> <span class='ocrx_word' id='word_1_249' title='bbox 2270 1954 2550 2022; x_wconf 69' lang='grc' dir='ltr'><strong>πίνθερόν.</strong></span> 
     </span>
    </p>
   </div>
   <div class='ocr_carea' id='block_1_35' title="bbox 614 2036 3839 2118">
    <p class='ocr_par' dir='ltr' id='par_1_35' title="bbox 614 2036 3839 2118">
     <span class='ocr_line' id='line_1_35' title="bbox 614 2036 3839 2118; baseline 0.001 -18"><span class='ocrx_word' id='word_1_250' title='bbox 614 2047 791 2111; x_wconf 88' lang='lat' dir='ltr'><strong>micis,</strong></span> <span class='ocrx_word' id='word_1_251' title='bbox 833 2047 1023 2100; x_wconf 89' lang='lat' dir='ltr'><strong>ultimo</strong></span> <span class='ocrx_word' id='word_1_252' title='bbox 1077 2061 1200 2097; x_wconf 80' lang='lat' dir='ltr'><strong>cum</strong></span> <span class='ocrx_word' id='word_1_253' title='bbox 1252 2045 1864 2118; x_wconf 64' lang='lat' dir='ltr'><strong>lo:o,ac&#39;tmminatim</strong></span> <span class='ocrx_word' id='word_1_254' title='bbox 1919 2045 2382 2106; x_wconf 65' lang='lat' dir='ltr'><strong>cmmemoravit,</strong></span> <span class='ocrx_word' id='word_1_255' title='bbox 2456 2043 2536 2094; x_wconf 85' lang='lat' dir='ltr'><strong>vel</strong></span> <span class='ocrx_word' id='word_1_256' title='bbox 2612 2052 2866 2112; x_wconf 83' lang='lat' dir='ltr'><strong>tanquam</strong></span> <span class='ocrx_word' id='word_1_257' title='bbox 2943 2047 3180 2100; x_wconf 85' lang='lat' dir='ltr'><strong>omnium</strong></span> <span class='ocrx_word' id='word_1_258' title='bbox 3238 2048 3710 2114; x_wconf 80' lang='lat' dir='ltr'><strong>inimicissimum,</strong></span> <span class='ocrx_word' id='word_1_259' title='bbox 3755 2036 3839 2105; x_wconf 86' lang='lat' dir='ltr'><strong>vel</strong></span> 
     </span>
    </p>
   </div>
   <div class='ocr_carea' id='block_1_36' title="bbox 617 2137 3839 2212">
    <p class='ocr_par' dir='ltr' id='par_1_36' title="bbox 617 2137 3839 2212">
     <span class='ocr_line' id='line_1_36' title="bbox 617 2137 3839 2212; baseline 0.002 -19"><span class='ocrx_word' id='word_1_260' title='bbox 617 2141 753 2196; x_wconf 82' lang='lat' dir='ltr'><strong>forte</strong></span> <span class='ocrx_word' id='word_1_261' title='bbox 774 2143 897 2210; x_wconf 89' lang='lat' dir='ltr'><strong>quia</strong></span> <span class='ocrx_word' id='word_1_262' title='bbox 925 2151 973 2195; x_wconf 91' lang='lat' dir='ltr'><strong>ct</strong></span> <span class='ocrx_word' id='word_1_263' title='bbox 1004 2154 1182 2209; x_wconf 80' lang='lat' dir='ltr'><strong>regem</strong></span> <span class='ocrx_word' id='word_1_264' title='bbox 1226 2149 1280 2194; x_wconf 86' lang='lat' dir='ltr'><strong>et</strong></span> <span class='ocrx_word' id='word_1_265' title='bbox 1325 2153 1596 2201; x_wconf 80' lang='lat' dir='ltr'><strong>socerum,</strong></span> <span class='ocrx_word' id='word_1_266' title='bbox 1629 2147 1683 2190; x_wconf 88' lang='lat' dir='ltr'><strong>et</strong></span> <span class='ocrx_word' id='word_1_267' title='bbox 1716 2137 1784 2190; x_wconf 92' lang='lat' dir='ltr'><strong>de</strong></span> <span class='ocrx_word' id='word_1_268' title='bbox 1815 2151 1873 2190; x_wconf 84' lang='lat' dir='ltr'><strong>se</strong></span> <span class='ocrx_word' id='word_1_269' title='bbox 1903 2137 2196 2206; x_wconf 80' lang='lat' dir='ltr'><strong>aliquando</strong></span> <span class='ocrx_word' id='word_1_270' title='bbox 2233 2137 2622 2191; x_wconf 85' lang='lat' dir='ltr'><strong>bencmcritum</strong></span> <span class='ocrx_word' id='word_1_271' title='bbox 2657 2139 2820 2192; x_wconf 87' lang='lat' dir='ltr'><strong>simul</strong></span> <span class='ocrx_word' id='word_1_272' title='bbox 2851 2155 2973 2193; x_wconf 87' lang='lat' dir='ltr'><strong>cum</strong></span> <span class='ocrx_word' id='word_1_273' title='bbox 3047 2142 3169 2195; x_wconf 87' lang='lat' dir='ltr'><strong>aliis</strong></span> <span class='ocrx_word' id='word_1_274' title='bbox 3221 2143 3658 2212; x_wconf 73' lang='lat' dir='ltr'><strong>coniungendum</strong></span> <span class='ocrx_word' id='word_1_275' title='bbox 3733 2162 3839 2199; x_wconf 88' lang='lat' dir='ltr'><strong>non</strong></span> 
     </span>
    </p>
   </div>
   <div class='ocr_carea' id='block_1_37' title="bbox 614 2237 793 2290">
    <p class='ocr_par' dir='ltr' id='par_1_37' title="bbox 614 2237 793 2290">
     <span class='ocr_line' id='line_1_37' title="bbox 614 2237 793 2290; baseline -0.011 0"><span class='ocrx_word' id='word_1_276' title='bbox 614 2237 793 2290; x_wconf 74' lang='lat' dir='ltr'><strong>duxit.</strong></span> 
     </span>
    </p>
   </div>
   <div class='ocr_carea' id='block_1_38' title="bbox 685 2321 2180 2393">
    <p class='ocr_par' dir='ltr' id='par_1_38' title="bbox 685 2321 2180 2393">
     <span class='ocr_line' id='line_1_38' title="bbox 685 2321 2180 2393; baseline -0.003 -16"><span class='ocrx_word' id='word_1_277' title='bbox 685 2327 850 2379; x_wconf 70' lang='lat' dir='ltr'><strong>Vens.</strong></span> <span class='ocrx_word' id='word_1_278' title='bbox 889 2324 942 2378; x_wconf 72' lang='grc' dir='ltr'><strong>Ξ.</strong></span> <span class='ocrx_word' id='word_1_279' title='bbox 982 2323 1209 2393; x_wconf 84' lang='lat' dir='ltr'><strong>Diligam</strong></span> <span class='ocrx_word' id='word_1_280' title='bbox 1241 2332 1308 2387; x_wconf 81' lang='lat' dir='ltr'><strong>te,</strong></span> <span class='ocrx_word' id='word_1_281' title='bbox 1346 2322 1579 2382; x_wconf 72' lang='lat' dir='ltr'><strong>Domine,</strong></span> <span class='ocrx_word' id='word_1_282' title='bbox 1601 2321 1854 2388; x_wconf 74' lang='lat' dir='ltr'><strong>fortitudo</strong></span> <span class='ocrx_word' id='word_1_283' title='bbox 1881 2338 2014 2375; x_wconf 76' lang='lat' dir='ltr'><strong>mea.</strong></span> <span class='ocrx_word' id='word_1_284' title='bbox 2046 2321 2180 2374; x_wconf 86' lang='lat' dir='ltr'><strong>Cum</strong></span> 
     </span>
    </p>
   </div>
   <div class='ocr_carea' id='block_1_39' title="bbox 627 2413 2180 2483">
    <p class='ocr_par' dir='ltr' id='par_1_39' title="bbox 627 2413 2180 2483">
     <span class='ocr_line' id='line_1_39' title="bbox 627 2413 2180 2483; baseline -0.005 -11"><span class='ocrx_word' id='word_1_285' title='bbox 627 2421 813 2481; x_wconf 87' lang='lat' dir='ltr'><strong>multa,</strong></span> <span class='ocrx_word' id='word_1_286' title='bbox 848 2415 1047 2483; x_wconf 80' lang='lat' dir='ltr'><strong>inquit,</strong></span> <span class='ocrx_word' id='word_1_287' title='bbox 1084 2423 1138 2466; x_wconf 90' lang='lat' dir='ltr'><strong>et</strong></span> <span class='ocrx_word' id='word_1_288' title='bbox 1178 2428 1368 2482; x_wconf 76' lang='lat' dir='ltr'><strong>magna</strong></span> <span class='ocrx_word' id='word_1_289' title='bbox 1411 2413 1668 2466; x_wconf 78' lang='lat' dir='ltr'><strong>beneﬁcia</strong></span> <span class='ocrx_word' id='word_1_290' title='bbox 1697 2431 1724 2464; x_wconf 88' lang='lat' dir='ltr'><strong>a</strong></span> <span class='ocrx_word' id='word_1_291' title='bbox 1759 2425 1810 2465; x_wconf 77' lang='lat' dir='ltr'><strong>te</strong></span> <span class='ocrx_word' id='word_1_292' title='bbox 1863 2414 2180 2481; x_wconf 84' lang='lat' dir='ltr'><strong>reccperim,</strong></span> 
     </span>
    </p>
   </div>
   <div class='ocr_carea' id='block_1_40' title="bbox 620 2505 2183 2576">
    <p class='ocr_par' dir='ltr' id='par_1_40' title="bbox 620 2505 2183 2576">
     <span class='ocr_line' id='line_1_40' title="bbox 620 2505 2183 2576; baseline -0.004 -13"><span class='ocrx_word' id='word_1_293' title='bbox 620 2521 673 2563; x_wconf 79' lang='lat' dir='ltr'><strong>et</strong></span> <span class='ocrx_word' id='word_1_294' title='bbox 725 2507 1053 2576; x_wconf 80' lang='lat' dir='ltr'><strong>respondere</strong></span> <span class='ocrx_word' id='word_1_295' title='bbox 1087 2505 1192 2559; x_wconf 86' lang='lat' dir='ltr'><strong>illis</strong></span> <span class='ocrx_word' id='word_1_296' title='bbox 1224 2519 1515 2574; x_wconf 82' lang='lat' dir='ltr'><strong>nequeam,</strong></span> <span class='ocrx_word' id='word_1_297' title='bbox 1557 2505 1702 2572; x_wconf 81' lang='lat' dir='ltr'><strong>(quid</strong></span> <span class='ocrx_word' id='word_1_298' title='bbox 1728 2505 1871 2556; x_wconf 87' lang='lat' dir='ltr'><strong>enim</strong></span> <span class='ocrx_word' id='word_1_299' title='bbox 1900 2505 2183 2556; x_wconf 76' lang='lat' dir='ltr'><strong>retribuam</strong></span> 
     </span>
    </p>
   </div>
   <div class='ocr_carea' id='block_1_41' title="bbox 621 2588 2184 2664">
    <p class='ocr_par' dir='ltr' id='par_1_41' title="bbox 621 2588 2184 2664">
     <span class='ocr_line' id='line_1_41' title="bbox 621 2588 2184 2664; baseline -0.004 -11"><span class='ocrx_word' id='word_1_300' title='bbox 621 2601 843 2653; x_wconf 82' lang='lat' dir='ltr'><strong>Domino</strong></span> <span class='ocrx_word' id='word_1_301' title='bbox 892 2613 984 2664; x_wconf 85' lang='lat' dir='ltr'><strong>pro</strong></span> <span class='ocrx_word' id='word_1_302' title='bbox 1021 2596 1258 2650; x_wconf 73' lang='lat' dir='ltr'><strong>erunibus</strong></span> <span class='ocrx_word' id='word_1_303' title='bbox 1311 2611 1426 2662; x_wconf 67' lang='lat' dir='ltr'><strong>qua</strong></span> <span class='ocrx_word' id='word_1_304' title='bbox 1461 2588 1701 2647; x_wconf 61' lang='lat' dir='ltr'><strong>retribuit</strong></span> <span class='ocrx_word' id='word_1_305' title='bbox 1738 2595 1863 2646; x_wconf 75' lang='lat' dir='ltr'><strong>mihi</strong></span> <span class='ocrx_word' id='word_1_306' title='bbox 1891 2597 1934 2624; x_wconf 80' lang='grc'><strong>²⁹</strong></span> <span class='ocrx_word' id='word_1_307' title='bbox 1951 2595 1993 2660; x_wconf 69' lang='grc'><strong>2)</strong></span> <span class='ocrx_word' id='word_1_308' title='bbox 2043 2593 2184 2661; x_wconf 87' lang='lat' dir='ltr'><strong>quod</strong></span> 
     </span>
    </p>
   </div>
   <div class='ocr_carea' id='block_1_42' title="bbox 619 2681 2184 2752">
    <p class='ocr_par' dir='ltr' id='par_1_42' title="bbox 619 2681 2184 2752">
     <span class='ocr_line' id='line_1_42' title="bbox 619 2681 2184 2752; baseline -0.007 -6"><span class='ocrx_word' id='word_1_309' title='bbox 619 2692 795 2746; x_wconf 81' lang='lat' dir='ltr'><strong>Solum</strong></span> <span class='ocrx_word' id='word_1_310' title='bbox 833 2691 982 2740; x_wconf 85' lang='lat' dir='ltr'><strong>valeo</strong></span> <span class='ocrx_word' id='word_1_311' title='bbox 1010 2687 1059 2739; x_wconf 90' lang='lat' dir='ltr'><strong>id</strong></span> <span class='ocrx_word' id='word_1_312' title='bbox 1107 2685 1298 2738; x_wconf 80' lang='lat' dir='ltr'><strong>faciam</strong></span> <span class='ocrx_word' id='word_1_313' title='bbox 1335 2701 1348 2736; x_wconf 88' lang='lat'><strong>:</strong></span> <span class='ocrx_word' id='word_1_314' title='bbox 1384 2683 1598 2752; x_wconf 81' lang='lat' dir='ltr'><strong>diligam</strong></span> <span class='ocrx_word' id='word_1_315' title='bbox 1629 2693 1695 2748; x_wconf 84' lang='lat' dir='ltr'><strong>te,</strong></span> <span class='ocrx_word' id='word_1_316' title='bbox 1719 2698 1824 2736; x_wconf 87' lang='lat' dir='ltr'><strong>non</strong></span> <span class='ocrx_word' id='word_1_317' title='bbox 1851 2681 1997 2749; x_wconf 87' lang='lat' dir='ltr'><strong>quod</strong></span> <span class='ocrx_word' id='word_1_318' title='bbox 2028 2691 2184 2735; x_wconf 86' lang='lat' dir='ltr'><strong>antea</strong></span> 
     </span>
    </p>
   </div>
   <div class='ocr_carea' id='block_1_43' title="bbox 620 2770 2186 2840">
    <p class='ocr_par' dir='ltr' id='par_1_43' title="bbox 620 2770 2186 2840">
     <span class='ocr_line' id='line_1_43' title="bbox 620 2770 2186 2840; baseline -0.004 -10"><span class='ocrx_word' id='word_1_319' title='bbox 620 2792 726 2830; x_wconf 88' lang='lat' dir='ltr'><strong>non</strong></span> <span class='ocrx_word' id='word_1_320' title='bbox 760 2789 1018 2835; x_wconf 86' lang='lat' dir='ltr'><strong>amarem,</strong></span> <span class='ocrx_word' id='word_1_321' title='bbox 1049 2771 1142 2825; x_wconf 86' lang='lat' dir='ltr'><strong>sed</strong></span> <span class='ocrx_word' id='word_1_322' title='bbox 1198 2772 1353 2838; x_wconf 89' lang='lat' dir='ltr'><strong>quasi</strong></span> <span class='ocrx_word' id='word_1_323' title='bbox 1387 2771 1556 2840; x_wconf 82' lang='lat' dir='ltr'><strong>n-agis</strong></span> <span class='ocrx_word' id='word_1_324' title='bbox 1597 2770 1944 2839; x_wconf 87' lang='lat' dir='ltr'><strong>imposterum</strong></span> <span class='ocrx_word' id='word_1_325' title='bbox 1985 2781 2186 2824; x_wconf 82' lang='lat' dir='ltr'><strong>amatu-</strong></span> 
     </span>
    </p>
   </div>
   <div class='ocr_carea' id='block_1_44' title="bbox 620 2861 2185 2937">
    <p class='ocr_par' dir='ltr' id='par_1_44' title="bbox 620 2861 2185 2937">
     <span class='ocr_line' id='line_1_44' title="bbox 620 2861 2185 2937; baseline -0.004 -18"><span class='ocrx_word' id='word_1_326' title='bbox 620 2882 739 2922; x_wconf 88' lang='lat' dir='ltr'><strong>rus.</strong></span> <span class='ocrx_word' id='word_1_327' title='bbox 774 2865 884 2920; x_wconf 89' lang='lat' dir='ltr'><strong>Hoc</strong></span> <span class='ocrx_word' id='word_1_328' title='bbox 920 2864 1066 2919; x_wconf 86' lang='lat' dir='ltr'><strong>enim</strong></span> <span class='ocrx_word' id='word_1_329' title='bbox 1099 2864 1241 2916; x_wconf 90' lang='lat' dir='ltr'><strong>inter</strong></span> <span class='ocrx_word' id='word_1_330' title='bbox 1291 2861 1543 2914; x_wconf 83' lang='lat' dir='ltr'><strong>mandata</strong></span> <span class='ocrx_word' id='word_1_331' title='bbox 1607 2863 1814 2937; x_wconf 80' lang='lat' dir='ltr'><strong>omnia</strong></span> <span class='ocrx_word' id='word_1_332' title='bbox 1842 2862 2073 2929; x_wconf 81' lang='lat' dir='ltr'><strong>primum</strong></span> <span class='ocrx_word' id='word_1_333' title='bbox 2121 2875 2185 2913; x_wconf 89' lang='lat' dir='ltr'><strong>ac</strong></span> 
     </span>
    </p>
   </div>
   <div class='ocr_carea' id='block_1_45' title="bbox 622 2950 2178 3025">
    <p class='ocr_par' dir='ltr' id='par_1_45' title="bbox 622 2950 2178 3025">
     <span class='ocr_line' id='line_1_45' title="bbox 622 2950 2178 3025; baseline -0.004 -17"><span class='ocrx_word' id='word_1_334' title='bbox 622 2953 947 3025; x_wconf 71' lang='lat' dir='ltr'><strong>praecipuum</strong></span> <span class='ocrx_word' id='word_1_335' title='bbox 981 2961 1082 3006; x_wconf 83' lang='lat' dir='ltr'><strong>est.</strong></span> <span class='ocrx_word' id='word_1_336' title='bbox 1141 2951 1332 3018; x_wconf 78' lang='lat' dir='ltr'><strong>Diliges</strong></span> <span class='ocrx_word' id='word_1_337' title='bbox 1381 2951 1566 3014; x_wconf 91' lang='lat' dir='ltr'><strong>enim,</strong></span> <span class='ocrx_word' id='word_1_338' title='bbox 1618 2951 1838 3020; x_wconf 89' lang='lat' dir='ltr'><strong>inquit,</strong></span> <span class='ocrx_word' id='word_1_339' title='bbox 1896 2950 2178 3003; x_wconf 85' lang='lat' dir='ltr'><strong>Dominum</strong></span> 
     </span>
    </p>
   </div>
   <div class='ocr_carea' id='block_1_46' title="bbox 627 3039 2182 3102">
    <p class='ocr_par' dir='ltr' id='par_1_46' title="bbox 627 3039 2182 3102">
     <span class='ocr_line' id='line_1_46' title="bbox 627 3039 2182 3102; baseline -0.005 -2"><span class='ocrx_word' id='word_1_340' title='bbox 627 3047 785 3100; x_wconf 82' lang='lat' dir='ltr'><strong>Deum</strong></span> <span class='ocrx_word' id='word_1_341' title='bbox 822 3054 967 3096; x_wconf 87' lang='lat' dir='ltr'><strong>tuum</strong></span> <span class='ocrx_word' id='word_1_342' title='bbox 992 3057 1056 3095; x_wconf 74' lang='lat' dir='ltr'><strong>ex</strong></span> <span class='ocrx_word' id='word_1_343' title='bbox 1091 3043 1215 3094; x_wconf 81' lang='lat' dir='ltr'><strong>totis</strong></span> <span class='ocrx_word' id='word_1_344' title='bbox 1249 3039 1443 3094; x_wconf 71' lang='lat' dir='ltr'><strong>viribus</strong></span> <span class='ocrx_word' id='word_1_345' title='bbox 1491 3039 1595 3092; x_wconf 81' lang='lat' dir='ltr'><strong>tuis</strong></span> <span class='ocrx_word' id='word_1_346' title='bbox 1621 3080 1634 3102; x_wconf 93' lang='lat'><strong>,</strong></span> <span class='ocrx_word' id='word_1_347' title='bbox 1675 3048 1722 3092; x_wconf 83' lang='lat' dir='ltr'><strong>ct</strong></span> <span class='ocrx_word' id='word_1_348' title='bbox 1766 3055 1829 3092; x_wconf 75' lang='lat' dir='ltr'><strong>ea:</strong></span> <span class='ocrx_word' id='word_1_349' title='bbox 1875 3049 1984 3092; x_wconf 85' lang='lat' dir='ltr'><strong>toto</strong></span> <span class='ocrx_word' id='word_1_350' title='bbox 2028 3039 2182 3092; x_wconf 79' lang='lat' dir='ltr'><strong>corde</strong></span> 
     </span>
    </p>
   </div>
   <div class='ocr_carea' id='block_1_47' title="bbox 627 3130 2182 3200">
    <p class='ocr_par' dir='ltr' id='par_1_47' title="bbox 627 3130 2182 3200">
     <span class='ocr_line' id='line_1_47' title="bbox 627 3130 2182 3200; baseline -0.003 -10"><span class='ocrx_word' id='word_1_351' title='bbox 627 3148 717 3192; x_wconf 82' lang='lat' dir='ltr'><strong>tuo</strong></span> <span class='ocrx_word' id='word_1_352' title='bbox 754 3136 818 3190; x_wconf 86' lang='grc'><strong>³⁸.</strong></span> <span class='ocrx_word' id='word_1_353' title='bbox 857 3133 1250 3188; x_wconf 82' lang='lat' dir='ltr'><strong>Fortitudinem</strong></span> <span class='ocrx_word' id='word_1_354' title='bbox 1287 3146 1416 3185; x_wconf 87' lang='lat' dir='ltr'><strong>vero</strong></span> <span class='ocrx_word' id='word_1_355' title='bbox 1455 3130 1621 3184; x_wconf 88' lang='lat' dir='ltr'><strong>Deum</strong></span> <span class='ocrx_word' id='word_1_356' title='bbox 1656 3131 1966 3200; x_wconf 87' lang='lat' dir='ltr'><strong>appellavit,</strong></span> <span class='ocrx_word' id='word_1_357' title='bbox 2017 3131 2182 3185; x_wconf 85' lang='lat' dir='ltr'><strong>veluti</strong></span> 
     </span>
    </p>
   </div>
   <div class='ocr_carea' id='block_1_48' title="bbox 625 3221 2184 3294">
    <p class='ocr_par' dir='ltr' id='par_1_48' title="bbox 625 3221 2184 3294">
     <span class='ocr_line' id='line_1_48' title="bbox 625 3221 2184 3294; baseline -0.003 -12"><span class='ocrx_word' id='word_1_358' title='bbox 625 3244 748 3282; x_wconf 86' lang='lat' dir='ltr'><strong>eum</strong></span> <span class='ocrx_word' id='word_1_359' title='bbox 782 3228 872 3294; x_wconf 91' lang='lat' dir='ltr'><strong>qui</strong></span> <span class='ocrx_word' id='word_1_360' title='bbox 904 3225 1074 3292; x_wconf 80' lang='lat' dir='ltr'><strong>ipsius</strong></span> <span class='ocrx_word' id='word_1_361' title='bbox 1103 3223 1245 3276; x_wconf 85' lang='lat' dir='ltr'><strong>beati</strong></span> <span class='ocrx_word' id='word_1_362' title='bbox 1285 3221 1448 3275; x_wconf 87' lang='lat' dir='ltr'><strong>David</strong></span> <span class='ocrx_word' id='word_1_363' title='bbox 1482 3221 1854 3275; x_wconf 80' lang='lat' dir='ltr'><strong>inﬁrmitatem</strong></span> <span class='ocrx_word' id='word_1_364' title='bbox 1923 3222 2184 3278; x_wconf 83' lang='lat' dir='ltr'><strong>adversus</strong></span> 
     </span>
    </p>
   </div>
   <div class='ocr_carea' id='block_1_49' title="bbox 625 3315 2122 3392">
    <p class='ocr_par' dir='ltr' id='par_1_49' title="bbox 625 3315 2122 3392">
     <span class='ocr_line' id='line_1_49' title="bbox 625 3315 2122 3392; baseline -0.001 -20"><span class='ocrx_word' id='word_1_365' title='bbox 625 3329 702 3392; x_wconf 73' lang='lat' dir='ltr'><strong>tot</strong></span> <span class='ocrx_word' id='word_1_366' title='bbox 732 3335 796 3371; x_wconf 80' lang='lat' dir='ltr'><strong>ac</strong></span> <span class='ocrx_word' id='word_1_367' title='bbox 822 3319 952 3371; x_wconf 87' lang='lat' dir='ltr'><strong>tales</strong></span> <span class='ocrx_word' id='word_1_368' title='bbox 989 3317 1238 3370; x_wconf 89' lang='lat' dir='ltr'><strong>inimicos</strong></span> <span class='ocrx_word' id='word_1_369' title='bbox 1273 3315 1462 3370; x_wconf 82' lang='lat' dir='ltr'><strong>fortem</strong></span> <span class='ocrx_word' id='word_1_370' title='bbox 1494 3331 1556 3370; x_wconf 89' lang='lat' dir='ltr'><strong>ac</strong></span> <span class='ocrx_word' id='word_1_371' title='bbox 1577 3315 1807 3369; x_wconf 86' lang='lat' dir='ltr'><strong>validam</strong></span> <span class='ocrx_word' id='word_1_372' title='bbox 1843 3315 2122 3370; x_wconf 79' lang='lat' dir='ltr'><strong>reddebat.</strong></span> 
     </span>
    </p>
   </div>
   <div class='ocr_carea' id='block_1_50' title="bbox 2366 2321 3837 2395">
    <p class='ocr_par' dir='ltr' id='par_1_50' title="bbox 2366 2321 3837 2395">
     <span class='ocr_line' id='line_1_50' title="bbox 2366 2321 3837 2395; baseline 0.001 -19"><span class='ocrx_word' id='word_1_373' title='bbox 2366 2321 2666 2392; x_wconf 59' lang='grc' dir='ltr'><strong>,ἀγαπήσω</strong></span> <span class='ocrx_word' id='word_1_374' title='bbox 2725 2335 2820 2385; x_wconf 83' lang='grc' dir='ltr'><strong>σε,</strong></span> <span class='ocrx_word' id='word_1_375' title='bbox 2875 2324 3066 2391; x_wconf 78' lang='grc' dir='ltr'><strong>Κύριε,</strong></span> <span class='ocrx_word' id='word_1_376' title='bbox 3107 2325 3144 2392; x_wconf 79' lang='grc' dir='ltr'><strong><em>ἡ</em></strong></span> <span class='ocrx_word' id='word_1_377' title='bbox 3200 2326 3378 2393; x_wconf 84' lang='grc' dir='ltr'><strong>ισχύς</strong></span> <span class='ocrx_word' id='word_1_378' title='bbox 3401 2345 3542 2395; x_wconf 81' lang='grc' dir='ltr'><strong>μου.</strong></span> <span class='ocrx_word' id='word_1_379' title='bbox 3599 2326 3837 2388; x_wconf 78' lang='grc' dir='ltr'><strong>Πολλῶν,</strong></span> 
     </span>
    </p>
   </div>
   <div class='ocr_carea' id='block_1_51' title="bbox 2279 2414 3842 2485">
    <p class='ocr_par' dir='ltr' id='par_1_51' title="bbox 2279 2414 3842 2485">
     <span class='ocr_line' id='line_1_51' title="bbox 2279 2414 3842 2485; baseline 0.001 -19"><span class='ocrx_word' id='word_1_380' title='bbox 2279 2415 2433 2484; x_wconf 79' lang='grc' dir='ltr'><strong>φησὶ,</strong></span> <span class='ocrx_word' id='word_1_381' title='bbox 2471 2414 2564 2466; x_wconf 73' lang='grc' dir='ltr'><strong>καὶ</strong></span> <span class='ocrx_word' id='word_1_382' title='bbox 2594 2415 2842 2482; x_wconf 82' lang='grc' dir='ltr'><strong>μεγάλων</strong></span> <span class='ocrx_word' id='word_1_383' title='bbox 2865 2416 3080 2482; x_wconf 82' lang='grc' dir='ltr'><strong>ἀγαθῶν</strong></span> <span class='ocrx_word' id='word_1_384' title='bbox 3113 2416 3425 2485; x_wconf 79' lang='grc' dir='ltr'><strong>τετυχηκὼς</strong></span> <span class='ocrx_word' id='word_1_385' title='bbox 3468 2417 3575 2470; x_wconf 77' lang='grc' dir='ltr'><strong>ἀπὸ</strong></span> <span class='ocrx_word' id='word_1_386' title='bbox 3603 2418 3717 2480; x_wconf 82' lang='grc' dir='ltr'><strong>σοῦ,</strong></span> <span class='ocrx_word' id='word_1_387' title='bbox 3745 2421 3842 2471; x_wconf 64' lang='grc' dir='ltr'><strong>καὶ</strong></span> 
     </span>
    </p>
   </div>
   <div class='ocr_carea' id='block_1_52' title="bbox 2285 2505 3842 2575">
    <p class='ocr_par' dir='ltr' id='par_1_52' title="bbox 2285 2505 3842 2575">
     <span class='ocr_line' id='line_1_52' title="bbox 2285 2505 3842 2575; baseline 0.003 -19"><span class='ocrx_word' id='word_1_388' title='bbox 2285 2507 2357 2574; x_wconf 78' lang='grc' dir='ltr'><strong>μὴ</strong></span> <span class='ocrx_word' id='word_1_389' title='bbox 2383 2505 2672 2572; x_wconf 80' lang='grc' dir='ltr'><strong>δυνάμενος</strong></span> <span class='ocrx_word' id='word_1_390' title='bbox 2701 2506 3056 2573; x_wconf 71' lang='grc' dir='ltr'><strong>ἀμείψασθαιο</strong></span> <span class='ocrx_word' id='word_1_391' title='bbox 3095 2508 3156 2559; x_wconf 79' lang='lat' dir='ltr'><strong>Tl</strong></span> <span class='ocrx_word' id='word_1_392' title='bbox 3185 2507 3292 2575; x_wconf 67' lang='grc' dir='ltr'><strong>γὰρ</strong></span> <span class='ocrx_word' id='word_1_393' title='bbox 3327 2508 3732 2562; x_wconf 79' lang='grc' dir='ltr'><strong>ἀνταποδώσω</strong></span> <span class='ocrx_word' id='word_1_394' title='bbox 3764 2508 3842 2571; x_wconf 77' lang='grc' dir='ltr'><strong>τῷ</strong></span> 
     </span>
    </p>
   </div>
   <div class='ocr_carea' id='block_1_53' title="bbox 2283 2591 3842 2666">
    <p class='ocr_par' dir='ltr' id='par_1_53' title="bbox 2283 2591 3842 2666">
     <span class='ocr_line' id='line_1_53' title="bbox 2283 2591 3842 2666; baseline 0.001 -19"><span class='ocrx_word' id='word_1_395' title='bbox 2283 2597 2476 2662; x_wconf 79' lang='grc' dir='ltr'><strong>Κυρίῳ</strong></span> <span class='ocrx_word' id='word_1_396' title='bbox 2510 2595 2642 2660; x_wconf 72' lang='grc' dir='ltr'><strong>περὶ</strong></span> <span class='ocrx_word' id='word_1_397' title='bbox 2675 2595 2912 2648; x_wconf 77' lang='grc' dir='ltr'><strong>πάντων</strong></span> <span class='ocrx_word' id='word_1_398' title='bbox 2935 2591 3022 2648; x_wconf 84' lang='grc' dir='ltr'><strong>ὧν</strong></span> <span class='ocrx_word' id='word_1_399' title='bbox 3047 2595 3589 2666; x_wconf 75' lang='grc' dir='ltr'><strong>ἀνταπέδωκέ·μοι;</strong></span> <span class='ocrx_word' id='word_1_400' title='bbox 3617 2597 3644 2648; x_wconf 80' lang='grc' dir='ltr'><strong>ὃ</strong></span> <span class='ocrx_word' id='word_1_401' title='bbox 3680 2599 3842 2666; x_wconf 69' lang='grc' dir='ltr'><strong>μόνον</strong></span> 
     </span>
    </p>
   </div>
   <div class='ocr_carea' id='block_1_54' title="bbox 2283 2687 3845 2766">
    <p class='ocr_par' dir='ltr' id='par_1_54' title="bbox 2283 2687 3845 2766">
     <span class='ocr_line' id='line_1_54' title="bbox 2283 2687 3845 2766; baseline -0.001 -26"><span class='ocrx_word' id='word_1_402' title='bbox 2283 2688 2536 2757; x_wconf 79' lang='grc' dir='ltr'><strong>δύναμαι,</strong></span> <span class='ocrx_word' id='word_1_403' title='bbox 2572 2687 2732 2740; x_wconf 82' lang='grc' dir='ltr'><strong>τοῦτο</strong></span> <span class='ocrx_word' id='word_1_404' title='bbox 2762 2690 2852 2740; x_wconf 77' lang='grc' dir='ltr'><strong>καὶ</strong></span> <span class='ocrx_word' id='word_1_405' title='bbox 2874 2689 3133 2766; x_wconf 38' lang='grc' dir='ltr'><strong>’ποιήσω’</strong></span> <span class='ocrx_word' id='word_1_406' title='bbox 3183 2688 3454 2758; x_wconf 79' lang='grc' dir='ltr'><strong>ἀγαπήσω</strong></span> <span class='ocrx_word' id='word_1_407' title='bbox 3492 2689 3598 2757; x_wconf 73' lang='grc' dir='ltr'><strong>γὰρ</strong></span> <span class='ocrx_word' id='word_1_408' title='bbox 3631 2689 3710 2754; x_wconf 73' lang='grc' dir='ltr'><strong>σὲ,</strong></span> <span class='ocrx_word' id='word_1_409' title='bbox 3743 2690 3845 2756; x_wconf 73' lang='grc' dir='ltr'><strong>οὐχ</strong></span> 
     </span>
    </p>
   </div>
   <div class='ocr_carea' id='block_1_55' title="bbox 2282 2777 3846 2849">
    <p class='ocr_par' dir='ltr' id='par_1_55' title="bbox 2282 2777 3846 2849">
     <span class='ocr_line' id='line_1_55' title="bbox 2282 2777 3846 2849; baseline 0 -19"><span class='ocrx_word' id='word_1_410' title='bbox 2282 2779 2355 2842; x_wconf 85' lang='grc' dir='ltr'><strong>ὡς</strong></span> <span class='ocrx_word' id='word_1_411' title='bbox 2387 2778 2576 2849; x_wconf 79' lang='grc' dir='ltr'><strong>πρώην</strong></span> <span class='ocrx_word' id='word_1_412' title='bbox 2629 2779 2703 2848; x_wconf 78' lang='grc' dir='ltr'><strong>μὴ</strong></span> <span class='ocrx_word' id='word_1_413' title='bbox 2731 2777 2980 2845; x_wconf 84' lang='grc' dir='ltr'><strong>ἀγαπῶν,</strong></span> <span class='ocrx_word' id='word_1_414' title='bbox 3031 2778 3144 2830; x_wconf 83' lang='grc' dir='ltr'><strong>ἀλλ’</strong></span> <span class='ocrx_word' id='word_1_415' title='bbox 3192 2779 3266 2841; x_wconf 87' lang='grc' dir='ltr'><strong>ὡς</strong></span> <span class='ocrx_word' id='word_1_416' title='bbox 3297 2779 3388 2831; x_wconf 76' lang='grc' dir='ltr'><strong>ἐπὶ</strong></span> <span class='ocrx_word' id='word_1_417' title='bbox 3434 2779 3633 2848; x_wconf 78' lang='grc' dir='ltr'><strong>μᾶλλον</strong></span> <span class='ocrx_word' id='word_1_418' title='bbox 3682 2781 3846 2831; x_wconf 79' lang='grc' dir='ltr'><strong>τοῦτο</strong></span> 
     </span>
    </p>
   </div>
   <div class='ocr_carea' id='block_1_56' title="bbox 2284 2867 3842 2939">
    <p class='ocr_par' dir='ltr' id='par_1_56' title="bbox 2284 2867 3842 2939">
     <span class='ocr_line' id='line_1_56' title="bbox 2284 2867 3842 2939; baseline 0 -19"><span class='ocrx_word' id='word_1_419' title='bbox 2284 2872 2524 2938; x_wconf 84' lang='grc' dir='ltr'><strong>ποιήσων</strong></span> <span class='ocrx_word' id='word_1_420' title='bbox 2542 2886 2554 2898; x_wconf 90' lang='grc'><strong>·</strong></span> <span class='ocrx_word' id='word_1_421' title='bbox 2585 2869 2742 2920; x_wconf 76' lang='grc' dir='ltr'><strong>τοῦτο</strong></span> <span class='ocrx_word' id='word_1_422' title='bbox 2769 2869 2875 2938; x_wconf 81' lang='grc' dir='ltr'><strong>γὰρ</strong></span> <span class='ocrx_word' id='word_1_423' title='bbox 2909 2870 3000 2920; x_wconf 76' lang='grc' dir='ltr'><strong>καὶ</strong></span> <span class='ocrx_word' id='word_1_424' title='bbox 3026 2867 3214 2939; x_wconf 83' lang='grc' dir='ltr'><strong>πρώτη</strong></span> <span class='ocrx_word' id='word_1_425' title='bbox 3256 2868 3362 2920; x_wconf 86' lang='grc' dir='ltr'><strong>τῶν</strong></span> <span class='ocrx_word' id='word_1_426' title='bbox 3394 2869 3641 2920; x_wconf 90' lang='grc' dir='ltr'><strong>ἐντολῶν.</strong></span> <span class='ocrx_word' id='word_1_427' title='bbox 3667 2867 3842 2936; x_wconf 73' lang='lat' dir='ltr'><strong>&#39;Ara-</strong></span> 
     </span>
    </p>
   </div>
   <div class='ocr_carea' id='block_1_57' title="bbox 2282 2950 3845 3027">
    <p class='ocr_par' dir='ltr' id='par_1_57' title="bbox 2282 2950 3845 3027">
     <span class='ocr_line' id='line_1_57' title="bbox 2282 2950 3845 3027; baseline -0.001 -17"><span class='ocrx_word' id='word_1_428' title='bbox 2282 2959 2500 3026; x_wconf 58' lang='grc' dir='ltr'><strong>πτήσεις</strong></span> <span class='ocrx_word' id='word_1_429' title='bbox 2529 2959 2655 3026; x_wconf 75' lang='grc' dir='ltr'><strong>γὰρ,</strong></span> <span class='ocrx_word' id='word_1_430' title='bbox 2688 2950 2852 3027; x_wconf 62' lang='grc' dir='ltr'><strong>φησι,¹</strong></span> <span class='ocrx_word' id='word_1_431' title='bbox 2885 2961 3098 3023; x_wconf 76' lang='grc' dir='ltr'><strong>Κύριον</strong></span> <span class='ocrx_word' id='word_1_432' title='bbox 3127 2957 3230 3009; x_wconf 78' lang='grc' dir='ltr'><strong>τόν</strong></span> <span class='ocrx_word' id='word_1_433' title='bbox 3264 2960 3412 3010; x_wconf 82' lang='grc' dir='ltr'><strong>Θεόν</strong></span> <span class='ocrx_word' id='word_1_434' title='bbox 3439 2973 3556 3010; x_wconf 88' lang='grc' dir='ltr'><strong>σου</strong></span> <span class='ocrx_word' id='word_1_435' title='bbox 3586 2957 3653 3019; x_wconf 80' lang='grc' dir='ltr'><strong>ἐξ</strong></span> <span class='ocrx_word' id='word_1_436' title='bbox 3693 2956 3845 3021; x_wconf 67' lang='grc' dir='ltr'><strong>ὅλης</strong></span> 
     </span>
    </p>
   </div>
   <div class='ocr_carea' id='block_1_58' title="bbox 2283 3047 3844 3118">
    <p class='ocr_par' dir='ltr' id='par_1_58' title="bbox 2283 3047 3844 3118">
     <span class='ocr_line' id='line_1_58' title="bbox 2283 3047 3844 3118; baseline -0.002 -15"><span class='ocrx_word' id='word_1_437' title='bbox 2283 3049 2391 3118; x_wconf 85' lang='grc' dir='ltr'><strong>τῆς</strong></span> <span class='ocrx_word' id='word_1_438' title='bbox 2420 3049 2723 3116; x_wconf 75' lang='grc' dir='ltr'><strong>δυνάμεώς</strong></span> <span class='ocrx_word' id='word_1_439' title='bbox 2746 3061 2881 3110; x_wconf 86' lang='grc' dir='ltr'><strong>σου,</strong></span> <span class='ocrx_word' id='word_1_440' title='bbox 2903 3049 2999 3102; x_wconf 74' lang='grc' dir='ltr'><strong>καὶ</strong></span> <span class='ocrx_word' id='word_1_441' title='bbox 3031 3048 3099 3110; x_wconf 78' lang='grc' dir='ltr'><strong>ἐξ</strong></span> <span class='ocrx_word' id='word_1_442' title='bbox 3132 3047 3278 3113; x_wconf 66' lang='grc' dir='ltr'><strong>ὅλης</strong></span> <span class='ocrx_word' id='word_1_443' title='bbox 3298 3047 3408 3114; x_wconf 80' lang='grc' dir='ltr'><strong>τῆς</strong></span> <span class='ocrx_word' id='word_1_444' title='bbox 3433 3047 3678 3115; x_wconf 65' lang='grc' dir='ltr'><strong>καρδίας</strong></span> <span class='ocrx_word' id='word_1_445' title='bbox 3705 3063 3844 3100; x_wconf 88' lang='grc' dir='ltr'><strong>σου.</strong></span> 
     </span>
    </p>
   </div>
   <div class='ocr_carea' id='block_1_59' title="bbox 2291 3138 3844 3211">
    <p class='ocr_par' dir='ltr' id='par_1_59' title="bbox 2291 3138 3844 3211">
     <span class='ocr_line' id='line_1_59' title="bbox 2291 3138 3844 3211; baseline -0.003 -18"><span class='ocrx_word' id='word_1_446' title='bbox 2291 3143 2465 3211; x_wconf 73' lang='grc' dir='ltr'><strong>Ἰσχὺν</strong></span> <span class='ocrx_word' id='word_1_447' title='bbox 2497 3142 2552 3195; x_wconf 82' lang='grc' dir='ltr'><strong>δὲ</strong></span> <span class='ocrx_word' id='word_1_448' title='bbox 2579 3140 2668 3194; x_wconf 77' lang='grc' dir='ltr'><strong>τὸν</strong></span> <span class='ocrx_word' id='word_1_449' title='bbox 2701 3141 2832 3194; x_wconf 79' lang='grc' dir='ltr'><strong>Θεὸν</strong></span> <span class='ocrx_word' id='word_1_450' title='bbox 2864 3141 3142 3205; x_wconf 80' lang='grc' dir='ltr'><strong>ἐκάλεσεν,</strong></span> <span class='ocrx_word' id='word_1_451' title='bbox 3173 3138 3247 3202; x_wconf 87' lang='grc' dir='ltr'><strong>ὡς</strong></span> <span class='ocrx_word' id='word_1_452' title='bbox 3280 3138 3378 3208; x_wconf 71' lang='grc' dir='ltr'><strong>⁸τὴν</strong></span> <span class='ocrx_word' id='word_1_453' title='bbox 3422 3139 3711 3192; x_wconf 80' lang='grc' dir='ltr'><strong>ἀσθένειαν</strong></span> <span class='ocrx_word' id='word_1_454' title='bbox 3741 3139 3844 3191; x_wconf 75' lang='grc' dir='ltr'><strong>αύ-</strong></span> 
     </span>
    </p>
   </div>
   <div class='ocr_carea' id='block_1_60' title="bbox 2278 3219 3848 3301">
    <p class='ocr_par' dir='ltr' id='par_1_60' title="bbox 2278 3219 3848 3301">
     <span class='ocr_line' id='line_1_60' title="bbox 2278 3219 3848 3301; baseline -0.003 -17"><span class='ocrx_word' id='word_1_455' title='bbox 2278 3232 2373 3284; x_wconf 80' lang='grc' dir='ltr'><strong>τοῦ</strong></span> <span class='ocrx_word' id='word_1_456' title='bbox 2401 3231 2760 3301; x_wconf 82' lang='grc' dir='ltr'><strong>ἐνισχύσαντα</strong></span> <span class='ocrx_word' id='word_1_457' title='bbox 2802 3231 2944 3285; x_wconf 79' lang='grc' dir='ltr'><strong>κατὰ</strong></span> <span class='ocrx_word' id='word_1_458' title='bbox 2996 3231 3104 3283; x_wconf 91' lang='grc' dir='ltr'><strong>τῶν</strong></span> <span class='ocrx_word' id='word_1_459' title='bbox 3144 3229 3398 3282; x_wconf 83' lang='grc' dir='ltr'><strong>τοιούτων</strong></span> <span class='ocrx_word' id='word_1_460' title='bbox 3439 3228 3533 3281; x_wconf 78' lang='grc' dir='ltr'><strong>καὶ</strong></span> <span class='ocrx_word' id='word_1_461' title='bbox 3578 3219 3848 3280; x_wconf 84' lang='grc' dir='ltr'><strong>τοσούτων</strong></span> 
     </span>
    </p>
   </div>
   <div class='ocr_carea' id='block_1_61' title="bbox 2282 3321 2513 3391">
    <p class='ocr_par' dir='ltr' id='par_1_61' title="bbox 2282 3321 2513 3391">
     <span class='ocr_line' id='line_1_61' title="bbox 2282 3321 2513 3391; baseline 0.009 -19"><span class='ocrx_word' id='word_1_462' title='bbox 2282 3321 2513 3391; x_wconf 84' lang='grc' dir='ltr'><strong>ἐχθρῶν.</strong></span> 
     </span>
    </p>
   </div>
   <div class='ocr_carea' id='block_1_62' title="bbox 697 3405 2186 3485">
    <p class='ocr_par' dir='ltr' id='par_1_62' title="bbox 697 3405 2183 3474">
     <span class='ocr_line' id='line_1_62' title="bbox 697 3405 2183 3474; baseline 0 -16"><span class='ocrx_word' id='word_1_463' title='bbox 697 3407 864 3462; x_wconf 72' lang='lat' dir='ltr'><strong>Vens.</strong></span> <span class='ocrx_word' id='word_1_464' title='bbox 897 3408 950 3461; x_wconf 77' lang='grc'><strong>5.</strong></span> <span class='ocrx_word' id='word_1_465' title='bbox 982 3405 1240 3459; x_wconf 83' lang='lat' dir='ltr'><strong>Dominus</strong></span> <span class='ocrx_word' id='word_1_466' title='bbox 1274 3407 1662 3474; x_wconf 77' lang='lat' dir='ltr'><strong>ﬁrmamentum</strong></span> <span class='ocrx_word' id='word_1_467' title='bbox 1703 3421 1871 3457; x_wconf 80' lang='lat' dir='ltr'><strong>meum</strong></span> <span class='ocrx_word' id='word_1_468' title='bbox 1897 3445 1912 3467; x_wconf 87' lang='lat'><strong>,</strong></span> <span class='ocrx_word' id='word_1_469' title='bbox 1943 3415 1991 3457; x_wconf 84' lang='lat' dir='ltr'><strong>et</strong></span> <span class='ocrx_word' id='word_1_470' title='bbox 2040 3405 2183 3472; x_wconf 77' lang='lat' dir='ltr'><strong>refu-</strong></span> 
     </span>
    </p>
   </div>
   <div class='ocr_carea' id='block_1_63' title="bbox 2286 3405 3848 3485">
    <p class='ocr_par' dir='ltr' id='par_1_63' title="bbox 2356 3406 3848 3480">
     <span class='ocr_line' id='line_1_63' title="bbox 2356 3406 3848 3480; baseline -0.004 -15"><span class='ocrx_word' id='word_1_471' title='bbox 2356 3413 2568 3480; x_wconf 85' lang='grc' dir='ltr'><strong>Κύριος</strong></span> <span class='ocrx_word' id='word_1_472' title='bbox 2589 3409 2890 3478; x_wconf 80' lang='grc' dir='ltr'><strong>στερέωμά</strong></span> <span class='ocrx_word' id='word_1_473' title='bbox 2916 3426 3052 3478; x_wconf 85' lang='grc' dir='ltr'><strong>μου,</strong></span> <span class='ocrx_word' id='word_1_474' title='bbox 3089 3409 3187 3464; x_wconf 78' lang='grc' dir='ltr'><strong>καὶ</strong></span> <span class='ocrx_word' id='word_1_475' title='bbox 3225 3407 3536 3478; x_wconf 71' lang='grc' dir='ltr'><strong>καταφυγή</strong></span> <span class='ocrx_word' id='word_1_476' title='bbox 3571 3424 3714 3477; x_wconf 82' lang='grc' dir='ltr'><strong>μου,</strong></span> <span class='ocrx_word' id='word_1_477' title='bbox 3749 3406 3848 3460; x_wconf 77' lang='grc' dir='ltr'><strong>και</strong></span> 
     </span>
    </p>
   </div>
   <div class='ocr_carea' id='block_1_64' title="bbox 630 3495 2184 3566">
    <p class='ocr_par' dir='ltr' id='par_1_64' title="bbox 630 3495 2184 3566">
     <span class='ocr_line' id='line_1_64' title="bbox 630 3495 2184 3566; baseline 0 -17"><span class='ocrx_word' id='word_1_478' title='bbox 630 3499 772 3565; x_wconf 82' lang='lat' dir='ltr'><strong>gimn</strong></span> <span class='ocrx_word' id='word_1_479' title='bbox 797 3513 986 3557; x_wconf 80' lang='lat' dir='ltr'><strong>meum,</strong></span> <span class='ocrx_word' id='word_1_480' title='bbox 1005 3505 1054 3548; x_wconf 85' lang='lat' dir='ltr'><strong>et</strong></span> <span class='ocrx_word' id='word_1_481' title='bbox 1077 3496 1328 3549; x_wconf 71' lang='lat' dir='ltr'><strong>liberator</strong></span> <span class='ocrx_word' id='word_1_482' title='bbox 1351 3512 1507 3548; x_wconf 84' lang='lat' dir='ltr'><strong>meus.</strong></span> <span class='ocrx_word' id='word_1_483' title='bbox 1535 3495 1949 3549; x_wconf 76' lang='lat' dir='ltr'><strong>Firmamentum</strong></span> <span class='ocrx_word' id='word_1_484' title='bbox 1969 3497 2184 3566; x_wconf 86' lang='lat' dir='ltr'><strong>quidem</strong></span> 
     </span>
    </p>
   </div>
   <div class='ocr_carea' id='block_1_65' title="bbox 633 3585 2184 3656">
    <p class='ocr_par' dir='ltr' id='par_1_65' title="bbox 633 3585 2184 3656">
     <span class='ocr_line' id='line_1_65' title="bbox 633 3585 2184 3656; baseline -0.001 -15"><span class='ocrx_word' id='word_1_485' title='bbox 633 3589 866 3656; x_wconf 83' lang='lat' dir='ltr'><strong>appellat</strong></span> <span class='ocrx_word' id='word_1_486' title='bbox 897 3586 1085 3647; x_wconf 87' lang='lat' dir='ltr'><strong>Deum,</strong></span> <span class='ocrx_word' id='word_1_487' title='bbox 1125 3587 1278 3654; x_wconf 88' lang='lat' dir='ltr'><strong>quasi</strong></span> <span class='ocrx_word' id='word_1_488' title='bbox 1308 3586 1397 3655; x_wconf 85' lang='lat' dir='ltr'><strong>qui</strong></span> <span class='ocrx_word' id='word_1_489' title='bbox 1431 3602 1553 3640; x_wconf 87' lang='lat' dir='ltr'><strong>eum</strong></span> <span class='ocrx_word' id='word_1_490' title='bbox 1593 3585 1850 3650; x_wconf 89' lang='lat' dir='ltr'><strong>stabiliat,</strong></span> <span class='ocrx_word' id='word_1_491' title='bbox 1878 3587 2184 3651; x_wconf 81' lang='lat' dir='ltr'><strong>conﬁrmet,</strong></span> 
     </span>
    </p>
   </div>
   <div class='ocr_carea' id='block_1_66' title="bbox 630 3676 2190 3746">
    <p class='ocr_par' dir='ltr' id='par_1_66' title="bbox 630 3676 2190 3746">
     <span class='ocr_line' id='line_1_66' title="bbox 630 3676 2190 3746; baseline -0.002 -13"><span class='ocrx_word' id='word_1_492' title='bbox 630 3689 685 3734; x_wconf 91' lang='lat' dir='ltr'><strong>et</strong></span> <span class='ocrx_word' id='word_1_493' title='bbox 721 3679 1005 3732; x_wconf 86' lang='lat' dir='ltr'><strong>adversum</strong></span> <span class='ocrx_word' id='word_1_494' title='bbox 1032 3679 1394 3731; x_wconf 88' lang='lat' dir='ltr'><strong>teutationum</strong></span> <span class='ocrx_word' id='word_1_495' title='bbox 1430 3678 1684 3746; x_wconf 87' lang='lat' dir='ltr'><strong>impetum</strong></span> <span class='ocrx_word' id='word_1_496' title='bbox 1709 3676 2040 3729; x_wconf 84' lang='lat' dir='ltr'><strong>immobilem</strong></span> <span class='ocrx_word' id='word_1_497' title='bbox 2066 3677 2190 3732; x_wconf 87' lang='lat' dir='ltr'><strong>red-</strong></span> 
     </span>
    </p>
   </div>
   <div class='ocr_carea' id='block_1_67' title="bbox 633 3767 2189 3837">
    <p class='ocr_par' dir='ltr' id='par_1_67' title="bbox 633 3767 2189 3837">
     <span class='ocr_line' id='line_1_67' title="bbox 633 3767 2189 3837; baseline -0.003 -13"><span class='ocrx_word' id='word_1_498' title='bbox 633 3771 744 3824; x_wconf 91' lang='lat' dir='ltr'><strong>dat.</strong></span> <span class='ocrx_word' id='word_1_499' title='bbox 797 3769 1082 3837; x_wconf 79' lang='lat' dir='ltr'><strong>Refuginm</strong></span> <span class='ocrx_word' id='word_1_500' title='bbox 1140 3783 1289 3831; x_wconf 89' lang='lat' dir='ltr'><strong>vero,</strong></span> <span class='ocrx_word' id='word_1_501' title='bbox 1331 3779 1585 3834; x_wconf 82' lang='lat' dir='ltr'><strong>tanquam</strong></span> <span class='ocrx_word' id='word_1_502' title='bbox 1636 3767 1729 3836; x_wconf 93' lang='lat' dir='ltr'><strong>qui</strong></span> <span class='ocrx_word' id='word_1_503' title='bbox 1777 3782 1900 3820; x_wconf 89' lang='lat' dir='ltr'><strong>eum</strong></span> <span class='ocrx_word' id='word_1_504' title='bbox 1953 3767 2189 3834; x_wconf 85' lang='lat' dir='ltr'><strong>pericula</strong></span> 
     </span>
    </p>
   </div>
   <div class='ocr_carea' id='block_1_68' title="bbox 636 3859 2188 3928">
    <p class='ocr_par' dir='ltr' id='par_1_68' title="bbox 636 3859 2188 3928">
     <span class='ocr_line' id='line_1_68' title="bbox 636 3859 2188 3928; baseline 0.001 -16"><span class='ocrx_word' id='word_1_505' title='bbox 636 3860 927 3928; x_wconf 72' lang='lat' dir='ltr'><strong>fugientem</strong></span> <span class='ocrx_word' id='word_1_506' title='bbox 982 3859 1034 3911; x_wconf 93' lang='lat' dir='ltr'><strong>in</strong></span> <span class='ocrx_word' id='word_1_507' title='bbox 1075 3873 1226 3911; x_wconf 90' lang='lat' dir='ltr'><strong>suam</strong></span> <span class='ocrx_word' id='word_1_508' title='bbox 1258 3859 1647 3927; x_wconf 83' lang='lat' dir='ltr'><strong>protectinnem</strong></span> <span class='ocrx_word' id='word_1_509' title='bbox 1677 3869 1732 3912; x_wconf 90' lang='lat' dir='ltr'><strong>et</strong></span> <span class='ocrx_word' id='word_1_510' title='bbox 1771 3859 2073 3912; x_wconf 85' lang='lat' dir='ltr'><strong>custodiam</strong></span> <span class='ocrx_word' id='word_1_511' title='bbox 2101 3873 2188 3914; x_wconf 83' lang='lat' dir='ltr'><strong>re-</strong></span> 
     </span>
    </p>
   </div>
   <div class='ocr_carea' id='block_1_69' title="bbox 635 3949 2176 4021">
    <p class='ocr_par' dir='ltr' id='par_1_69' title="bbox 635 3949 2176 4021">
     <span class='ocr_line' id='line_1_69' title="bbox 635 3949 2176 4021; baseline -0.002 -17"><span class='ocrx_word' id='word_1_512' title='bbox 635 3952 837 4018; x_wconf 75' lang='lat' dir='ltr'><strong>ceperit</strong></span> <span class='ocrx_word' id='word_1_513' title='bbox 876 3966 890 4001; x_wconf 90' lang='lat'><strong><em>:</em></strong></span> <span class='ocrx_word' id='word_1_514' title='bbox 929 3959 980 4004; x_wconf 90' lang='lat' dir='ltr'><strong>et</strong></span> <span class='ocrx_word' id='word_1_515' title='bbox 1021 3951 1112 4021; x_wconf 88' lang='lat' dir='ltr'><strong>qui</strong></span> <span class='ocrx_word' id='word_1_516' title='bbox 1153 3965 1308 4002; x_wconf 88' lang='lat' dir='ltr'><strong>muro</strong></span> <span class='ocrx_word' id='word_1_517' title='bbox 1345 3964 1407 4002; x_wconf 90' lang='lat' dir='ltr'><strong>ac</strong></span> <span class='ocrx_word' id='word_1_518' title='bbox 1436 3957 1588 4018; x_wconf 87' lang='lat' dir='ltr'><strong>septo</strong></span> <span class='ocrx_word' id='word_1_519' title='bbox 1616 3949 1783 4002; x_wconf 89' lang='lat' dir='ltr'><strong>divini</strong></span> <span class='ocrx_word' id='word_1_520' title='bbox 1837 3949 2021 4002; x_wconf 80' lang='lat' dir='ltr'><strong>auxilii</strong></span> <span class='ocrx_word' id='word_1_521' title='bbox 2053 3964 2176 4001; x_wconf 87' lang='lat' dir='ltr'><strong>eum</strong></span> 
     </span>
    </p>
   </div>
   <div class='ocr_carea' id='block_1_70' title="bbox 634 4028 2192 4107">
    <p class='ocr_par' dir='ltr' id='par_1_70' title="bbox 634 4028 2192 4107">
     <span class='ocr_line' id='line_1_70' title="bbox 634 4028 2192 4107; baseline -0.001 -13"><span class='ocrx_word' id='word_1_522' title='bbox 634 4051 942 4095; x_wconf 87' lang='lat' dir='ltr'><strong>conservet.</strong></span> <span class='ocrx_word' id='word_1_523' title='bbox 977 4041 1343 4093; x_wconf 86' lang='lat' dir='ltr'><strong>Liberatorem</strong></span> <span class='ocrx_word' id='word_1_524' title='bbox 1373 4039 1573 4099; x_wconf 87' lang='lat' dir='ltr'><strong>etiam,</strong></span> <span class='ocrx_word' id='word_1_525' title='bbox 1627 4039 1770 4106; x_wconf 90' lang='lat' dir='ltr'><strong>quod</strong></span> <span class='ocrx_word' id='word_1_526' title='bbox 1807 4055 1928 4091; x_wconf 88' lang='lat' dir='ltr'><strong>eum</strong></span> <span class='ocrx_word' id='word_1_527' title='bbox 1966 4028 2192 4107; x_wconf 84' lang='lat' dir='ltr'><strong>eripue-</strong></span> 
     </span>
    </p>
   </div>
   <div class='ocr_carea' id='block_1_71' title="bbox 642 4128 2190 4200">
    <p class='ocr_par' dir='ltr' id='par_1_71' title="bbox 642 4128 2190 4200">
     <span class='ocr_line' id='line_1_71' title="bbox 642 4128 2190 4200; baseline -0.001 -16"><span class='ocrx_word' id='word_1_528' title='bbox 642 4134 712 4184; x_wconf 92' lang='lat' dir='ltr'><strong>rit</strong></span> <span class='ocrx_word' id='word_1_529' title='bbox 771 4132 839 4185; x_wconf 87' lang='lat' dir='ltr'><strong>ab</strong></span> <span class='ocrx_word' id='word_1_530' title='bbox 873 4133 936 4187; x_wconf 86' lang='lat' dir='ltr'><strong>iis</strong></span> <span class='ocrx_word' id='word_1_531' title='bbox 967 4131 1060 4200; x_wconf 90' lang='lat' dir='ltr'><strong>qui</strong></span> <span class='ocrx_word' id='word_1_532' title='bbox 1125 4131 1377 4184; x_wconf 83' lang='lat' dir='ltr'><strong>obsidere</strong></span> <span class='ocrx_word' id='word_1_533' title='bbox 1418 4140 1469 4184; x_wconf 88' lang='lat' dir='ltr'><strong>et</strong></span> <span class='ocrx_word' id='word_1_534' title='bbox 1515 4131 1785 4196; x_wconf 86' lang='lat' dir='ltr'><strong>captivum</strong></span> <span class='ocrx_word' id='word_1_535' title='bbox 1839 4128 2020 4184; x_wconf 79' lang='lat' dir='ltr'><strong>facere</strong></span> <span class='ocrx_word' id='word_1_536' title='bbox 2067 4146 2190 4184; x_wconf 91' lang='lat' dir='ltr'><strong>eum</strong></span> 
     </span>
    </p>
   </div>
   <div class='ocr_carea' id='block_1_72' title="bbox 641 4211 1649 4291">
    <p class='ocr_par' dir='ltr' id='par_1_72' title="bbox 641 4211 1649 4291">
     <span class='ocr_line' id='line_1_72' title="bbox 641 4211 1649 4291; baseline 0.003 -15"><span class='ocrx_word' id='word_1_537' title='bbox 641 4224 948 4291; x_wconf 82' lang='lat' dir='ltr'><strong>sperabant.</strong></span> <span class='ocrx_word' id='word_1_538' title='bbox 1645 4211 1649 4216; x_wconf 29' lang='grc'><strong><em>⁵</em></strong></span> 
     </span>
    </p>
   </div>
   <div class='ocr_carea' id='block_1_73' title="bbox 714 4308 2194 4378">
    <p class='ocr_par' dir='ltr' id='par_1_73' title="bbox 714 4308 2194 4378">
     <span class='ocr_line' id='line_1_73' title="bbox 714 4308 2194 4378; baseline 0.002 -15"><span class='ocrx_word' id='word_1_539' title='bbox 714 4312 851 4364; x_wconf 86' lang='lat' dir='ltr'><strong>Deus</strong></span> <span class='ocrx_word' id='word_1_540' title='bbox 885 4327 1024 4363; x_wconf 80' lang='lat' dir='ltr'><strong>mens</strong></span> <span class='ocrx_word' id='word_1_541' title='bbox 1075 4311 1288 4378; x_wconf 79' lang='lat' dir='ltr'><strong>adjutor</strong></span> <span class='ocrx_word' id='word_1_542' title='bbox 1315 4325 1477 4374; x_wconf 76' lang='lat' dir='ltr'><strong>meus,</strong></span> <span class='ocrx_word' id='word_1_543' title='bbox 1497 4320 1543 4362; x_wconf 83' lang='lat' dir='ltr'><strong>et</strong></span> <span class='ocrx_word' id='word_1_544' title='bbox 1568 4312 1784 4378; x_wconf 77' lang='lat' dir='ltr'><strong>sperabo</strong></span> <span class='ocrx_word' id='word_1_545' title='bbox 1808 4312 1859 4363; x_wconf 85' lang='lat' dir='ltr'><strong>in</strong></span> <span class='ocrx_word' id='word_1_546' title='bbox 1888 4325 2024 4366; x_wconf 77' lang='lat' dir='ltr'><strong>etun.</strong></span> <span class='ocrx_word' id='word_1_547' title='bbox 2053 4308 2194 4366; x_wconf 83' lang='lat' dir='ltr'><strong>Deus</strong></span> 
     </span>
    </p>
   </div>
   <div class='ocr_carea' id='block_1_74' title="bbox 645 4401 2207 4470">
    <p class='ocr_par' dir='ltr' id='par_1_74' title="bbox 645 4401 2207 4470">
     <span class='ocr_line' id='line_1_74' title="bbox 645 4401 2207 4470; baseline -0.001 -13"><span class='ocrx_word' id='word_1_548' title='bbox 645 4419 800 4457; x_wconf 86' lang='lat' dir='ltr'><strong>meus</strong></span> <span class='ocrx_word' id='word_1_549' title='bbox 835 4404 980 4455; x_wconf 80' lang='lat' dir='ltr'><strong>solus</strong></span> <span class='ocrx_word' id='word_1_550' title='bbox 1009 4413 1114 4465; x_wconf 87' lang='lat' dir='ltr'><strong>est,</strong></span> <span class='ocrx_word' id='word_1_551' title='bbox 1150 4403 1239 4468; x_wconf 92' lang='lat' dir='ltr'><strong>qui</strong></span> <span class='ocrx_word' id='word_1_552' title='bbox 1278 4417 1492 4468; x_wconf 85' lang='lat' dir='ltr'><strong>semper</strong></span> <span class='ocrx_word' id='word_1_553' title='bbox 1527 4403 1660 4454; x_wconf 92' lang='lat' dir='ltr'><strong>mihi</strong></span> <span class='ocrx_word' id='word_1_554' title='bbox 1699 4418 1854 4470; x_wconf 91' lang='lat' dir='ltr'><strong>opem</strong></span> <span class='ocrx_word' id='word_1_555' title='bbox 1887 4403 2061 4457; x_wconf 79' lang='lat' dir='ltr'><strong>ferat:</strong></span> <span class='ocrx_word' id='word_1_556' title='bbox 2112 4401 2207 4455; x_wconf 64' lang='lat' dir='ltr'><strong>at-&#39;</strong></span> 
     </span>
    </p>
   </div>
   <div class='ocr_carea' id='block_1_75' title="bbox 645 4491 2195 4565">
    <p class='ocr_par' dir='ltr' id='par_1_75' title="bbox 645 4491 2195 4565">
     <span class='ocr_line' id='line_1_75' title="bbox 645 4491 2195 4565; baseline 0 -19"><span class='ocrx_word' id='word_1_557' title='bbox 645 4510 751 4562; x_wconf 88' lang='lat' dir='ltr'><strong>que</strong></span> <span class='ocrx_word' id='word_1_558' title='bbox 785 4495 902 4546; x_wconf 87' lang='lat' dir='ltr'><strong>ideo</strong></span> <span class='ocrx_word' id='word_1_559' title='bbox 941 4497 992 4545; x_wconf 90' lang='lat' dir='ltr'><strong>in</strong></span> <span class='ocrx_word' id='word_1_560' title='bbox 1023 4508 1087 4546; x_wconf 91' lang='lat' dir='ltr'><strong>eo</strong></span> <span class='ocrx_word' id='word_1_561' title='bbox 1120 4494 1234 4544; x_wconf 88' lang='lat' dir='ltr'><strong>solo</strong></span> <span class='ocrx_word' id='word_1_562' title='bbox 1266 4507 1414 4559; x_wconf 90' lang='lat' dir='ltr'><strong>spem</strong></span> <span class='ocrx_word' id='word_1_563' title='bbox 1449 4507 1641 4565; x_wconf 81' lang='lat' dir='ltr'><strong>ponam</strong></span> <span class='ocrx_word' id='word_1_564' title='bbox 1669 4531 1682 4552; x_wconf 92' lang='lat'><strong>,</strong></span> <span class='ocrx_word' id='word_1_565' title='bbox 1736 4507 1840 4544; x_wconf 90' lang='lat' dir='ltr'><strong>non</strong></span> <span class='ocrx_word' id='word_1_566' title='bbox 1893 4491 2195 4546; x_wconf 79' lang='lat' dir='ltr'><strong>formidans</strong></span> 
     </span>
    </p>
   </div>
   <div class='ocr_carea' id='block_1_76' title="bbox 645 4585 2189 4652">
    <p class='ocr_par' dir='ltr' id='par_1_76' title="bbox 645 4585 2189 4652">
     <span class='ocr_line' id='line_1_76' title="bbox 645 4585 2189 4652; baseline -0.001 -16"><span class='ocrx_word' id='word_1_567' title='bbox 645 4601 764 4652; x_wconf 75' lang='lat' dir='ltr'><strong>qum</strong></span> <span class='ocrx_word' id='word_1_568' title='bbox 793 4585 916 4635; x_wconf 62' lang='lat' dir='ltr'><strong>mihi</strong></span> <span class='ocrx_word' id='word_1_569' title='bbox 957 4587 1266 4649; x_wconf 74' lang='lat' dir='ltr'><strong>contingere</strong></span> <span class='ocrx_word' id='word_1_570' title='bbox 1301 4591 1547 4650; x_wconf 73' lang='lat' dir='ltr'><strong>possunt.</strong></span> <span class='ocrx_word' id='word_1_571' title='bbox 1592 4599 1764 4651; x_wconf 84' lang='lat' dir='ltr'><strong>neque</strong></span> <span class='ocrx_word' id='word_1_572' title='bbox 1795 4585 1958 4637; x_wconf 88' lang='lat' dir='ltr'><strong>etiam</strong></span> <span class='ocrx_word' id='word_1_573' title='bbox 1994 4585 2060 4638; x_wconf 85' lang='lat' dir='ltr'><strong>de</strong></span> <span class='ocrx_word' id='word_1_574' title='bbox 2097 4599 2189 4637; x_wconf 84' lang='lat' dir='ltr'><strong>sa—</strong></span> 
     </span>
    </p>
   </div>
   <div class='ocr_carea' id='block_1_77' title="bbox 649 4677 1112 4742">
    <p class='ocr_par' dir='ltr' id='par_1_77' title="bbox 649 4677 1112 4742">
     <span class='ocr_line' id='line_1_77' title="bbox 649 4677 1112 4742; baseline 0 -14"><span class='ocrx_word' id='word_1_575' title='bbox 649 4677 759 4729; x_wconf 91' lang='lat' dir='ltr'><strong>lute</strong></span> <span class='ocrx_word' id='word_1_576' title='bbox 795 4677 1112 4742; x_wconf 80' lang='lat' dir='ltr'><strong>desperans.</strong></span> 
     </span>
    </p>
   </div>
   <div class='ocr_carea' id='block_1_78' title="bbox 2278 3498 3850 3570">
    <p class='ocr_par' dir='ltr' id='par_1_78' title="bbox 2278 3498 3850 3570">
     <span class='ocr_line' id='line_1_78' title="bbox 2278 3498 3850 3570; baseline -0.004 -14"><span class='ocrx_word' id='word_1_577' title='bbox 2278 3503 2512 3569; x_wconf 78' lang='grc' dir='ltr'><strong>ρὐτης</strong></span> <span class='ocrx_word' id='word_1_578' title='bbox 2525 3518 2663 3570; x_wconf 80' lang='grc' dir='ltr'><strong>μου.</strong></span> <span class='ocrx_word' id='word_1_579' title='bbox 2681 3501 2970 3570; x_wconf 86' lang='grc' dir='ltr'><strong>Στερέωμα</strong></span> <span class='ocrx_word' id='word_1_580' title='bbox 3001 3501 3208 3570; x_wconf 78' lang='grc' dir='ltr'><strong>μὲν,ὡς</strong></span> <span class='ocrx_word' id='word_1_581' title='bbox 3236 3499 3535 3569; x_wconf 80' lang='grc' dir='ltr'><strong>ἐδραιὼσας</strong></span> <span class='ocrx_word' id='word_1_582' title='bbox 3566 3498 3729 3552; x_wconf 80' lang='grc' dir='ltr'><strong>αὑτὸν</strong></span> <span class='ocrx_word' id='word_1_583' title='bbox 3756 3498 3850 3552; x_wconf 82' lang='grc' dir='ltr'><strong>καὶ</strong></span> 
     </span>
    </p>
   </div>
   <div class='ocr_carea' id='block_1_79' title="bbox 2287 3586 3849 3662">
    <p class='ocr_par' dir='ltr' id='par_1_79' title="bbox 2287 3586 3849 3662">
     <span class='ocr_line' id='line_1_79' title="bbox 2287 3586 3849 3662; baseline -0.003 -20"><span class='ocrx_word' id='word_1_584' title='bbox 2287 3593 2520 3662; x_wconf 80' lang='grc' dir='ltr'><strong>ποιήσας</strong></span> <span class='ocrx_word' id='word_1_585' title='bbox 2546 3591 2838 3658; x_wconf 79' lang='grc' dir='ltr'><strong>ἀκλόνητον</strong></span> <span class='ocrx_word' id='word_1_586' title='bbox 2869 3589 3002 3660; x_wconf 79' lang='grc' dir='ltr'><strong>πρὸς</strong></span> <span class='ocrx_word' id='word_1_587' title='bbox 3045 3589 3144 3650; x_wconf 83' lang='grc' dir='ltr'><strong>τάς</strong></span> <span class='ocrx_word' id='word_1_588' title='bbox 3172 3588 3404 3657; x_wconf 75' lang='grc' dir='ltr'><strong>ἐμϐολὰς</strong></span> <span class='ocrx_word' id='word_1_589' title='bbox 3434 3588 3542 3640; x_wconf 80' lang='grc' dir='ltr'><strong>τῶν</strong></span> <span class='ocrx_word' id='word_1_590' title='bbox 3586 3586 3849 3640; x_wconf 76' lang='grc' dir='ltr'><strong>ἑκάστοτε</strong></span> 
     </span>
    </p>
   </div>
   <div class='ocr_carea' id='block_1_80' title="bbox 2289 3675 3851 3747">
    <p class='ocr_par' dir='ltr' id='par_1_80' title="bbox 2289 3675 3851 3747">
     <span class='ocr_line' id='line_1_80' title="bbox 2289 3675 3851 3747; baseline -0.003 -16"><span class='ocrx_word' id='word_1_591' title='bbox 2289 3679 2644 3747; x_wconf 74' lang='grc' dir='ltr'><strong>πειρασμῶν*</strong></span> <span class='ocrx_word' id='word_1_592' title='bbox 2676 3679 2964 3747; x_wconf 80' lang='grc' dir='ltr'><strong>καταφυγὴ</strong></span> <span class='ocrx_word' id='word_1_593' title='bbox 3012 3676 3090 3743; x_wconf 80' lang='grc' dir='ltr'><strong>δὲ,</strong></span> <span class='ocrx_word' id='word_1_594' title='bbox 3140 3677 3216 3738; x_wconf 86' lang='grc' dir='ltr'><strong>ὡς</strong></span> <span class='ocrx_word' id='word_1_595' title='bbox 3247 3677 3512 3745; x_wconf 80' lang='grc' dir='ltr'><strong>φεύγοντα</strong></span> <span class='ocrx_word' id='word_1_596' title='bbox 3560 3675 3851 3744; x_wconf 73' lang='grc' dir='ltr'><strong>δεχόμενος</strong></span> 
     </span>
    </p>
   </div>
   <div class='ocr_carea' id='block_1_81' title="bbox 2289 3766 3851 3839">
    <p class='ocr_par' dir='ltr' id='par_1_81' title="bbox 2289 3766 3851 3839">
     <span class='ocr_line' id='line_1_81' title="bbox 2289 3766 3851 3839; baseline -0.003 -18"><span class='ocrx_word' id='word_1_597' title='bbox 2289 3769 2417 3822; x_wconf 75' lang='grc' dir='ltr'><strong>εἴσω</strong></span> <span class='ocrx_word' id='word_1_598' title='bbox 2442 3769 2538 3839; x_wconf 79' lang='grc' dir='ltr'><strong>τῆς</strong></span> <span class='ocrx_word' id='word_1_599' title='bbox 2566 3768 2759 3821; x_wconf 77' lang='grc' dir='ltr'><strong>ἑαυτοῦ</strong></span> <span class='ocrx_word' id='word_1_600' title='bbox 2810 3768 3038 3836; x_wconf 78' lang='grc' dir='ltr'><strong>σκέπης,</strong></span> <span class='ocrx_word' id='word_1_601' title='bbox 3070 3768 3162 3819; x_wconf 68' lang='grc' dir='ltr'><strong>καὶ</strong></span> <span class='ocrx_word' id='word_1_602' title='bbox 3208 3767 3284 3836; x_wconf 81' lang='grc' dir='ltr'><strong>τῷ</strong></span> <span class='ocrx_word' id='word_1_603' title='bbox 3330 3767 3497 3836; x_wconf 75' lang='grc' dir='ltr'><strong>τείχει</strong></span> <span class='ocrx_word' id='word_1_604' title='bbox 3551 3767 3653 3835; x_wconf 84' lang='grc' dir='ltr'><strong>τῆς</strong></span> <span class='ocrx_word' id='word_1_605' title='bbox 3698 3766 3851 3827; x_wconf 80' lang='grc' dir='ltr'><strong>θεὶας</strong></span> 
     </span>
    </p>
   </div>
   <div class='ocr_carea' id='block_1_82' title="bbox 2293 3856 3851 3930">
    <p class='ocr_par' dir='ltr' id='par_1_82' title="bbox 2293 3856 3851 3930">
     <span class='ocr_line' id='line_1_82' title="bbox 2293 3856 3851 3930; baseline -0.004 -17"><span class='ocrx_word' id='word_1_606' title='bbox 2293 3860 2539 3930; x_wconf 81' lang='grc' dir='ltr'><strong>βοηθείας</strong></span> <span class='ocrx_word' id='word_1_607' title='bbox 2574 3861 3016 3930; x_wconf 76' lang='grc' dir='ltr'><strong>περιφυλάττων·</strong></span> <span class='ocrx_word' id='word_1_608' title='bbox 3071 3859 3271 3926; x_wconf 71' lang='grc' dir='ltr'><strong>ρύστης</strong></span> <span class='ocrx_word' id='word_1_609' title='bbox 3301 3858 3378 3922; x_wconf 80' lang='grc' dir='ltr'><strong>δέ,</strong></span> <span class='ocrx_word' id='word_1_610' title='bbox 3425 3858 3499 3920; x_wconf 87' lang='grc' dir='ltr'><strong>ὡς</strong></span> <span class='ocrx_word' id='word_1_611' title='bbox 3529 3856 3851 3924; x_wconf 78' lang='grc' dir='ltr'><strong>ἐξαιρούμε-</strong></span> 
     </span>
    </p>
   </div>
   <div class='ocr_carea' id='block_1_83' title="bbox 2290 3945 3850 4019">
    <p class='ocr_par' dir='ltr' id='par_1_83' title="bbox 2290 3945 3850 4019">
     <span class='ocr_line' id='line_1_83' title="bbox 2290 3945 3850 4019; baseline -0.004 -15"><span class='ocrx_word' id='word_1_612' title='bbox 2290 3969 2378 4014; x_wconf 89' lang='grc' dir='ltr'><strong>νος</strong></span> <span class='ocrx_word' id='word_1_613' title='bbox 2420 3952 2530 4004; x_wconf 84' lang='grc' dir='ltr'><strong>τῶν</strong></span> <span class='ocrx_word' id='word_1_614' title='bbox 2585 3953 2892 4019; x_wconf 69' lang='grc' dir='ltr'><strong>πολιορκεῖν</strong></span> <span class='ocrx_word' id='word_1_615' title='bbox 2944 3951 3038 4002; x_wconf 74' lang='grc' dir='ltr'><strong>καὶ</strong></span> <span class='ocrx_word' id='word_1_616' title='bbox 3081 3947 3504 4018; x_wconf 75' lang='grc' dir='ltr'><strong>αἱχμαλωτίζειν</strong></span> <span class='ocrx_word' id='word_1_617' title='bbox 3556 3945 3850 4014; x_wconf 70' lang='grc' dir='ltr'><strong>ἐλπιζομέ-</strong></span> 
     </span>
    </p>
   </div>
   <div class='ocr_carea' id='block_1_84' title="bbox 2292 4060 2417 4096">
    <p class='ocr_par' dir='ltr' id='par_1_84' title="bbox 2292 4060 2417 4096">
     <span class='ocr_line' id='line_1_84' title="bbox 2292 4060 2417 4096; baseline 0 0"><span class='ocrx_word' id='word_1_618' title='bbox 2292 4060 2417 4096; x_wconf 90' lang='grc' dir='ltr'><strong>νων.</strong></span> 
     </span>
    </p>
   </div>
   <div class='ocr_carea' id='block_1_85' title="bbox 2367 4303 3854 4379">
    <p class='ocr_par' dir='ltr' id='par_1_85' title="bbox 2367 4303 3854 4379">
     <span class='ocr_line' id='line_1_85' title="bbox 2367 4303 3854 4379; baseline -0.004 -15"><span class='ocrx_word' id='word_1_619' title='bbox 2367 4309 2578 4378; x_wconf 60' lang='grc' dir='ltr'><strong>Κύριος</strong></span> <span class='ocrx_word' id='word_1_620' title='bbox 2621 4311 2845 4375; x_wconf 83' lang='grc' dir='ltr'><strong>,βοηθός</strong></span> <span class='ocrx_word' id='word_1_621' title='bbox 2877 4327 3016 4379; x_wconf 82' lang='grc' dir='ltr'><strong>μου,</strong></span> <span class='ocrx_word' id='word_1_622' title='bbox 3064 4309 3161 4362; x_wconf 81' lang='grc' dir='ltr'><strong>καὶ</strong></span> <span class='ocrx_word' id='word_1_623' title='bbox 3193 4303 3376 4362; x_wconf 67' lang='grc' dir='ltr'><strong>ἐλπιῶ</strong></span> <span class='ocrx_word' id='word_1_624' title='bbox 3415 4307 3506 4359; x_wconf 78' lang='grc' dir='ltr'><strong>ἐπ’</strong></span> <span class='ocrx_word' id='word_1_625' title='bbox 3546 4307 3749 4360; x_wconf 78' lang='grc' dir='ltr'><strong>αὐτόν.</strong></span> <span class='ocrx_word' id='word_1_626' title='bbox 3794 4305 3854 4358; x_wconf 85' lang='grc' dir='ltr'><strong>Ὀ</strong></span> 
     </span>
    </p>
   </div>
   <div class='ocr_carea' id='block_1_86' title="bbox 2295 4397 3855 4471">
    <p class='ocr_par' dir='ltr' id='par_1_86' title="bbox 2295 4397 3855 4471">
     <span class='ocr_line' id='line_1_86' title="bbox 2295 4397 3855 4471; baseline -0.004 -17"><span class='ocrx_word' id='word_1_627' title='bbox 2295 4403 2425 4463; x_wconf 80' lang='grc' dir='ltr'><strong>Θεὸς</strong></span> <span class='ocrx_word' id='word_1_628' title='bbox 2463 4421 2560 4471; x_wconf 79' lang='grc' dir='ltr'><strong>μου</strong></span> <span class='ocrx_word' id='word_1_629' title='bbox 2609 4404 2765 4471; x_wconf 77' lang='grc' dir='ltr'><strong>μόνον</strong></span> <span class='ocrx_word' id='word_1_630' title='bbox 2798 4403 2944 4454; x_wconf 74' lang='grc' dir='ltr'><strong>ἐστὶν</strong></span> <span class='ocrx_word' id='word_1_631' title='bbox 2974 4401 3059 4454; x_wconf 85' lang='grc' dir='ltr'><strong>ἀεί</strong></span> <span class='ocrx_word' id='word_1_632' title='bbox 3092 4401 3281 4470; x_wconf 82' lang='grc' dir='ltr'><strong>βοηθός</strong></span> <span class='ocrx_word' id='word_1_633' title='bbox 3332 4417 3434 4467; x_wconf 86' lang='grc' dir='ltr'><strong>μου</strong></span> <span class='ocrx_word' id='word_1_634' title='bbox 3455 4415 3470 4431; x_wconf 77' lang='grc' dir='ltr'><strong>ο</strong></span> <span class='ocrx_word' id='word_1_635' title='bbox 3521 4399 3598 4452; x_wconf 76' lang='grc' dir='ltr'><strong>διὸ</strong></span> <span class='ocrx_word' id='word_1_636' title='bbox 3629 4399 3722 4450; x_wconf 74' lang='grc' dir='ltr'><strong>καὶ</strong></span> <span class='ocrx_word' id='word_1_637' title='bbox 3766 4397 3855 4448; x_wconf 78' lang='grc' dir='ltr'><strong>ἐπ’</strong></span> 
     </span>
    </p>
   </div>
   <div class='ocr_carea' id='block_1_87' title="bbox 2297 4485 3856 4562">
    <p class='ocr_par' dir='ltr' id='par_1_87' title="bbox 2297 4485 3856 4562">
     <span class='ocr_line' id='line_1_87' title="bbox 2297 4485 3856 4562; baseline -0.006 -17"><span class='ocrx_word' id='word_1_638' title='bbox 2297 4494 2458 4546; x_wconf 77' lang='grc' dir='ltr'><strong>αὐτὸν</strong></span> <span class='ocrx_word' id='word_1_639' title='bbox 2485 4494 2645 4562; x_wconf 38' lang='grc' dir='ltr'><strong>μόνον,</strong></span> <span class='ocrx_word' id='word_1_640' title='bbox 2668 4493 2855 4556; x_wconf 81' lang='grc' dir='ltr'><strong>ἐλπιῶ,</strong></span> <span class='ocrx_word' id='word_1_641' title='bbox 2888 4494 2958 4560; x_wconf 81' lang='grc' dir='ltr'><strong>μὴ</strong></span> <span class='ocrx_word' id='word_1_642' title='bbox 3005 4491 3359 4560; x_wconf 82' lang='grc' dir='ltr'><strong>ἀπολιγωρῶν</strong></span> <span class='ocrx_word' id='word_1_643' title='bbox 3389 4489 3523 4556; x_wconf 75' lang='grc' dir='ltr'><strong>πρὸς</strong></span> <span class='ocrx_word' id='word_1_644' title='bbox 3559 4490 3626 4540; x_wconf 71' lang='grc' dir='ltr'><strong>τὰ</strong></span> <span class='ocrx_word' id='word_1_645' title='bbox 3651 4485 3856 4555; x_wconf 80' lang='grc' dir='ltr'><strong>συμπὶ-</strong></span> 
     </span>
    </p>
   </div>
   <div class='ocr_carea' id='block_1_88' title="bbox 2299 4578 3567 4648">
    <p class='ocr_par' dir='ltr' id='par_1_88' title="bbox 2299 4578 3567 4648">
     <span class='ocr_line' id='line_1_88' title="bbox 2299 4578 3567 4648; baseline -0.002 -16"><span class='ocrx_word' id='word_1_646' title='bbox 2299 4597 2518 4642; x_wconf 86' lang='grc' dir='ltr'><strong>πτοντα,</strong></span> <span class='ocrx_word' id='word_1_647' title='bbox 2555 4579 2675 4648; x_wconf 79' lang='grc' dir='ltr'><strong>μηδ’</strong></span> <span class='ocrx_word' id='word_1_648' title='bbox 2709 4579 3096 4646; x_wconf 76' lang='grc' dir='ltr'><strong>ἀπογινώσκων</strong></span> <span class='ocrx_word' id='word_1_649' title='bbox 3126 4579 3223 4646; x_wconf 80' lang='grc' dir='ltr'><strong>τὴν</strong></span> <span class='ocrx_word' id='word_1_650' title='bbox 3270 4578 3567 4648; x_wconf 69' lang='grc' dir='ltr'><strong>σωτηρίαν.</strong></span> 
     </span>
    </p>
   </div>
   <div class='ocr_carea' id='block_1_89' title="bbox 721 4741 2186 4834">
    <p class='ocr_par' dir='ltr' id='par_1_89' title="bbox 721 4765 2186 4834">
     <span class='ocr_line' id='line_1_89' title="bbox 721 4765 2186 4834; baseline -0.001 -14"><span class='ocrx_word' id='word_1_651' title='bbox 721 4767 992 4820; x_wconf 81' lang='lat' dir='ltr'><strong>Protector</strong></span> <span class='ocrx_word' id='word_1_652' title='bbox 1020 4781 1160 4817; x_wconf 83' lang='lat' dir='ltr'><strong>meus</strong></span> <span class='ocrx_word' id='word_1_653' title='bbox 1187 4805 1200 4826; x_wconf 96' lang='lat'><strong>,</strong></span> <span class='ocrx_word' id='word_1_654' title='bbox 1234 4774 1282 4818; x_wconf 83' lang='lat' dir='ltr'><strong>et</strong></span> <span class='ocrx_word' id='word_1_655' title='bbox 1309 4781 1469 4818; x_wconf 88' lang='lat' dir='ltr'><strong>cornu</strong></span> <span class='ocrx_word' id='word_1_656' title='bbox 1491 4765 1679 4819; x_wconf 84' lang='lat' dir='ltr'><strong>salutis</strong></span> <span class='ocrx_word' id='word_1_657' title='bbox 1709 4782 1834 4819; x_wconf 73' lang='lat' dir='ltr'><strong>mem</strong></span> <span class='ocrx_word' id='word_1_658' title='bbox 1860 4807 1874 4828; x_wconf 94' lang='lat'><strong>,</strong></span> <span class='ocrx_word' id='word_1_659' title='bbox 1901 4777 1949 4820; x_wconf 79' lang='lat' dir='ltr'><strong>et</strong></span> <span class='ocrx_word' id='word_1_660' title='bbox 1980 4767 2186 4834; x_wconf 82' lang='lat' dir='ltr'><strong>ndjutnr</strong></span> 
     </span>
    </p>
   </div>
   <div class='ocr_carea' id='block_1_90' title="bbox 2286 4741 3856 4834">
    <p class='ocr_par' dir='ltr' id='par_1_90' title="bbox 2378 4753 3856 4826">
     <span class='ocr_line' id='line_1_90' title="bbox 2378 4753 3856 4826; baseline -0.004 -14"><span class='ocrx_word' id='word_1_661' title='bbox 2378 4757 2853 4826; x_wconf 73' lang='grc' dir='ltr'><strong>Ὺπερασπιστής</strong></span> <span class='ocrx_word' id='word_1_662' title='bbox 2876 4773 3015 4824; x_wconf 85' lang='grc' dir='ltr'><strong>μου,</strong></span> <span class='ocrx_word' id='word_1_663' title='bbox 3050 4754 3146 4806; x_wconf 79' lang='grc' dir='ltr'><strong>καὶ</strong></span> <span class='ocrx_word' id='word_1_664' title='bbox 3175 4755 3350 4822; x_wconf 83' lang='grc' dir='ltr'><strong>κέρας</strong></span> <span class='ocrx_word' id='word_1_665' title='bbox 3377 4753 3673 4821; x_wconf 70' lang='grc' dir='ltr'><strong>σωτηρίας</strong></span> <span class='ocrx_word' id='word_1_666' title='bbox 3711 4769 3856 4822; x_wconf 82' lang='grc' dir='ltr'><strong>μου,</strong></span> 
     </span>
    </p>
   </div>
   <div class='ocr_carea' id='block_1_91' title="bbox 656 4856 2203 4924">
    <p class='ocr_par' dir='ltr' id='par_1_91' title="bbox 656 4856 2203 4924">
     <span class='ocr_line' id='line_1_91' title="bbox 656 4856 2203 4924; baseline 0.001 -14"><span class='ocrx_word' id='word_1_667' title='bbox 656 4873 819 4910; x_wconf 82' lang='lat' dir='ltr'><strong>meus.</strong></span> <span class='ocrx_word' id='word_1_668' title='bbox 848 4857 949 4920; x_wconf 86' lang='lat' dir='ltr'><strong>Qui</strong></span> <span class='ocrx_word' id='word_1_669' title='bbox 985 4857 1037 4908; x_wconf 86' lang='lat' dir='ltr'><strong>in</strong></span> <span class='ocrx_word' id='word_1_670' title='bbox 1065 4856 1206 4909; x_wconf 83' lang='lat' dir='ltr'><strong>bello</strong></span> <span class='ocrx_word' id='word_1_671' title='bbox 1237 4857 1619 4924; x_wconf 77' lang='lat' dir='ltr'><strong>protectionem</strong></span> <span class='ocrx_word' id='word_1_672' title='bbox 1649 4873 1796 4910; x_wconf 89' lang='lat' dir='ltr'><strong>suam</strong></span> <span class='ocrx_word' id='word_1_673' title='bbox 1827 4858 1890 4910; x_wconf 86' lang='lat' dir='ltr'><strong>ad</strong></span> <span class='ocrx_word' id='word_1_674' title='bbox 1924 4859 2203 4914; x_wconf 80' lang='lat' dir='ltr'><strong>defensio-</strong></span> 
     </span>
    </p>
   </div>
   <div class='ocr_carea' id='block_1_92' title="bbox 657 4943 2204 5017">
    <p class='ocr_par' dir='ltr' id='par_1_92' title="bbox 657 4943 2204 5017">
     <span class='ocr_line' id='line_1_92' title="bbox 657 4943 2204 5017; baseline -0.001 -16"><span class='ocrx_word' id='word_1_675' title='bbox 657 4964 778 5001; x_wconf 86' lang='lat' dir='ltr'><strong>nem</strong></span> <span class='ocrx_word' id='word_1_676' title='bbox 810 4963 979 5000; x_wconf 84' lang='lat' dir='ltr'><strong>meam</strong></span> <span class='ocrx_word' id='word_1_677' title='bbox 1013 4948 1191 5014; x_wconf 85' lang='lat' dir='ltr'><strong>posuit</strong></span> <span class='ocrx_word' id='word_1_678' title='bbox 1222 4963 1289 5000; x_wconf 90' lang='lat' dir='ltr'><strong>ne</strong></span> <span class='ocrx_word' id='word_1_679' title='bbox 1322 4947 1652 5000; x_wconf 73' lang='lat' dir='ltr'><strong>vulnerarer.</strong></span> <span class='ocrx_word' id='word_1_680' title='bbox 1691 4943 1878 5001; x_wconf 88' lang='lat' dir='ltr'><strong>Solent</strong></span> <span class='ocrx_word' id='word_1_681' title='bbox 1910 4949 2056 5002; x_wconf 92' lang='lat' dir='ltr'><strong>enim</strong></span> <span class='ocrx_word' id='word_1_682' title='bbox 2111 4950 2204 5017; x_wconf 90' lang='lat' dir='ltr'><strong>qui</strong></span> 
     </span>
    </p>
   </div>
   <div class='ocr_carea' id='block_1_93' title="bbox 659 5035 2206 5106">
    <p class='ocr_par' dir='ltr' id='par_1_93' title="bbox 659 5035 2206 5106">
     <span class='ocr_line' id='line_1_93' title="bbox 659 5035 2206 5106; baseline -0.003 -14"><span class='ocrx_word' id='word_1_683' title='bbox 659 5042 714 5092; x_wconf 89' lang='lat' dir='ltr'><strong>in</strong></span> <span class='ocrx_word' id='word_1_684' title='bbox 745 5038 883 5090; x_wconf 86' lang='lat' dir='ltr'><strong>bello</strong></span> <span class='ocrx_word' id='word_1_685' title='bbox 916 5037 1076 5089; x_wconf 79' lang='lat' dir='ltr'><strong>alicui</strong></span> <span class='ocrx_word' id='word_1_686' title='bbox 1109 5036 1436 5104; x_wconf 89' lang='lat' dir='ltr'><strong>periclitanti</strong></span> <span class='ocrx_word' id='word_1_687' title='bbox 1470 5050 1624 5103; x_wconf 81' lang='lat' dir='ltr'><strong>Opem</strong></span> <span class='ocrx_word' id='word_1_688' title='bbox 1656 5035 1798 5088; x_wconf 80' lang='lat' dir='ltr'><strong>ferre</strong></span> <span class='ocrx_word' id='word_1_689' title='bbox 1829 5038 2018 5088; x_wconf 89' lang='lat' dir='ltr'><strong>volunt</strong></span> <span class='ocrx_word' id='word_1_690' title='bbox 2044 5076 2057 5099; x_wconf 91' lang='lat'><strong>,</strong></span> <span class='ocrx_word' id='word_1_691' title='bbox 2094 5037 2206 5106; x_wconf 82' lang='lat' dir='ltr'><strong>ely-</strong></span> 
     </span>
    </p>
   </div>
   <div class='ocr_carea' id='block_1_94' title="bbox 661 5127 2209 5205">
    <p class='ocr_par' dir='ltr' id='par_1_94' title="bbox 661 5127 2209 5205">
     <span class='ocr_line' id='line_1_94' title="bbox 661 5127 2209 5205; baseline -0.003 -22"><span class='ocrx_word' id='word_1_692' title='bbox 661 5145 818 5199; x_wconf 80' lang='lat' dir='ltr'><strong>peum</strong></span> <span class='ocrx_word' id='word_1_693' title='bbox 852 5129 1096 5181; x_wconf 90' lang='lat' dir='ltr'><strong>attollere</strong></span> <span class='ocrx_word' id='word_1_694' title='bbox 1128 5137 1251 5182; x_wconf 81' lang='lat' dir='ltr'><strong>ante</strong></span> <span class='ocrx_word' id='word_1_695' title='bbox 1291 5143 1413 5181; x_wconf 90' lang='lat' dir='ltr'><strong>eum</strong></span> <span class='ocrx_word' id='word_1_696' title='bbox 1446 5166 1461 5188; x_wconf 95' lang='lat'><strong>,</strong></span> <span class='ocrx_word' id='word_1_697' title='bbox 1496 5143 1653 5196; x_wconf 91' lang='lat' dir='ltr'><strong>quem</strong></span> <span class='ocrx_word' id='word_1_698' title='bbox 1708 5127 2002 5180; x_wconf 81' lang='lat' dir='ltr'><strong>defendunt</strong></span> <span class='ocrx_word' id='word_1_699' title='bbox 2032 5169 2048 5190; x_wconf 88' lang='lat'><strong>,</strong></span> <span class='ocrx_word' id='word_1_700' title='bbox 2087 5143 2209 5205; x_wconf 70' lang='lat' dir='ltr'><strong>~qn9</strong></span> 
     </span>
    </p>
   </div>
   <div class='ocr_carea' id='block_1_95' title="bbox 661 5218 2209 5288">
    <p class='ocr_par' dir='ltr' id='par_1_95' title="bbox 661 5218 2209 5288">
     <span class='ocr_line' id='line_1_95' title="bbox 661 5218 2209 5288; baseline -0.003 -13"><span class='ocrx_word' id='word_1_701' title='bbox 661 5219 802 5275; x_wconf 82' lang='lat' dir='ltr'><strong>ictus</strong></span> <span class='ocrx_word' id='word_1_702' title='bbox 829 5229 882 5275; x_wconf 90' lang='lat' dir='ltr'><strong>et</strong></span> <span class='ocrx_word' id='word_1_703' title='bbox 909 5220 1086 5288; x_wconf 77' lang='lat' dir='ltr'><strong>jacula</strong></span> <span class='ocrx_word' id='word_1_704' title='bbox 1113 5219 1179 5272; x_wconf 88' lang='lat' dir='ltr'><strong>ab</strong></span> <span class='ocrx_word' id='word_1_705' title='bbox 1212 5235 1276 5272; x_wconf 92' lang='lat' dir='ltr'><strong>eo</strong></span> <span class='ocrx_word' id='word_1_706' title='bbox 1309 5218 1546 5284; x_wconf 89' lang='lat' dir='ltr'><strong>undique</strong></span> <span class='ocrx_word' id='word_1_707' title='bbox 1579 5227 1824 5272; x_wconf 81' lang='lat' dir='ltr'><strong>avertant</strong></span> <span class='ocrx_word' id='word_1_708' title='bbox 1853 5259 1866 5271; x_wconf 91' lang='lat'><strong>.</strong></span> <span class='ocrx_word' id='word_1_709' title='bbox 1897 5230 1950 5270; x_wconf 89' lang='lat' dir='ltr'><strong>et</strong></span> <span class='ocrx_word' id='word_1_710' title='bbox 1977 5219 2076 5271; x_wconf 91' lang='lat' dir='ltr'><strong>hoc</strong></span> <span class='ocrx_word' id='word_1_711' title='bbox 2113 5234 2209 5287; x_wconf 90' lang='lat' dir='ltr'><strong>pa-</strong></span> 
     </span>
    </p>
   </div>
   <div class='ocr_carea' id='block_1_96' title="bbox 663 5309 2209 5380">
    <p class='ocr_par' dir='ltr' id='par_1_96' title="bbox 663 5309 2209 5380">
     <span class='ocr_line' id='line_1_96' title="bbox 663 5309 2209 5380; baseline -0.001 -16"><span class='ocrx_word' id='word_1_712' title='bbox 663 5321 754 5365; x_wconf 84' lang='lat' dir='ltr'><strong>cto</strong></span> <span class='ocrx_word' id='word_1_713' title='bbox 803 5321 1080 5379; x_wconf 79' lang='lat' dir='ltr'><strong>protegere</strong></span> <span class='ocrx_word' id='word_1_714' title='bbox 1139 5311 1262 5380; x_wconf 88' lang='lat' dir='ltr'><strong>quis</strong></span> <span class='ocrx_word' id='word_1_715' title='bbox 1307 5309 1469 5362; x_wconf 87' lang='lat' dir='ltr'><strong>alimn</strong></span> <span class='ocrx_word' id='word_1_716' title='bbox 1532 5309 1750 5362; x_wconf 76' lang='lat' dir='ltr'><strong>dicitur.</strong></span> <span class='ocrx_word' id='word_1_717' title='bbox 1804 5309 1981 5364; x_wconf 83' lang='lat' dir='ltr'><strong>Cornu</strong></span> <span class='ocrx_word' id='word_1_718' title='bbox 2031 5321 2209 5363; x_wconf 88' lang='lat' dir='ltr'><strong>autem</strong></span> 
     </span>
    </p>
   </div>
   <div class='ocr_carea' id='block_1_97' title="bbox 667 5400 2213 5468">
    <p class='ocr_par' dir='ltr' id='par_1_97' title="bbox 667 5400 2213 5468">
     <span class='ocr_line' id='line_1_97' title="bbox 667 5400 2213 5468; baseline -0.001 -12"><span class='ocrx_word' id='word_1_719' title='bbox 667 5404 856 5456; x_wconf 82' lang='lat' dir='ltr'><strong>salutis</strong></span> <span class='ocrx_word' id='word_1_720' title='bbox 885 5445 900 5467; x_wconf 91' lang='lat'><strong>,</strong></span> <span class='ocrx_word' id='word_1_721' title='bbox 954 5403 1002 5457; x_wconf 88' lang='lat' dir='ltr'><strong>id</strong></span> <span class='ocrx_word' id='word_1_722' title='bbox 1038 5410 1121 5458; x_wconf 87' lang='lat' dir='ltr'><strong>est</strong></span> <span class='ocrx_word' id='word_1_723' title='bbox 1153 5402 1389 5456; x_wconf 73' lang='lat' dir='ltr'><strong>salutare</strong></span> <span class='ocrx_word' id='word_1_724' title='bbox 1433 5400 1914 5468; x_wconf 79' lang='lat' dir='ltr'><strong>propugnaculum.</strong></span> <span class='ocrx_word' id='word_1_725' title='bbox 1972 5400 2213 5456; x_wconf 87' lang='lat' dir='ltr'><strong>Cornuta</strong></span> 
     </span>
    </p>
   </div>
   <div class='ocr_carea' id='block_1_98' title="bbox 674 5491 2218 5562">
    <p class='ocr_par' dir='ltr' id='par_1_98' title="bbox 674 5491 2218 5562">
     <span class='ocr_line' id='line_1_98' title="bbox 674 5491 2218 5562; baseline -0.003 -14"><span class='ocrx_word' id='word_1_726' title='bbox 674 5497 814 5548; x_wconf 87' lang='lat' dir='ltr'><strong>enim</strong></span> <span class='ocrx_word' id='word_1_727' title='bbox 854 5494 1104 5546; x_wconf 89' lang='lat' dir='ltr'><strong>animalia</strong></span> <span class='ocrx_word' id='word_1_728' title='bbox 1133 5494 1185 5548; x_wconf 92' lang='lat' dir='ltr'><strong>in</strong></span> <span class='ocrx_word' id='word_1_729' title='bbox 1222 5507 1398 5562; x_wconf 80' lang='lat' dir='ltr'><strong>pugna</strong></span> <span class='ocrx_word' id='word_1_730' title='bbox 1438 5491 1765 5543; x_wconf 84' lang='lat' dir='ltr'><strong>validissime</strong></span> <span class='ocrx_word' id='word_1_731' title='bbox 1812 5492 2070 5544; x_wconf 87' lang='lat' dir='ltr'><strong>cornibus</strong></span> <span class='ocrx_word' id='word_1_732' title='bbox 2099 5507 2218 5545; x_wconf 88' lang='lat' dir='ltr'><strong>cer-</strong></span> 
     </span>
    </p>
   </div>
   <div class='ocr_carea' id='block_1_99' title="bbox 679 5567 2212 5651">
    <p class='ocr_par' dir='ltr' id='par_1_99' title="bbox 679 5567 2212 5651">
     <span class='ocr_line' id='line_1_99' title="bbox 679 5567 2212 5651; baseline -0.001 -17"><span class='ocrx_word' id='word_1_733' title='bbox 679 5593 809 5636; x_wconf 82' lang='lat' dir='ltr'><strong>tant.</strong></span> <span class='ocrx_word' id='word_1_734' title='bbox 847 5583 907 5635; x_wconf 79' lang='lat' dir='ltr'><strong>Et</strong></span> <span class='ocrx_word' id='word_1_735' title='bbox 948 5567 1200 5651; x_wconf 82' lang='lat' dir='ltr'><strong>quoniam</strong></span> <span class='ocrx_word' id='word_1_736' title='bbox 1261 5581 1530 5634; x_wconf 75' lang='lat' dir='ltr'><strong>armorum</strong></span> <span class='ocrx_word' id='word_1_737' title='bbox 1579 5580 1678 5631; x_wconf 88' lang='lat' dir='ltr'><strong>alia</strong></span> <span class='ocrx_word' id='word_1_738' title='bbox 1732 5580 1793 5632; x_wconf 87' lang='lat' dir='ltr'><strong>ad</strong></span> <span class='ocrx_word' id='word_1_739' title='bbox 1850 5579 2212 5634; x_wconf 73' lang='lat' dir='ltr'><strong>defensionem</strong></span> 
     </span>
    </p>
   </div>
   <div class='ocr_carea' id='block_1_100' title="bbox 682 5668 2209 5736">
    <p class='ocr_par' dir='ltr' id='par_1_100' title="bbox 682 5668 2209 5736">
     <span class='ocr_line' id='line_1_100' title="bbox 682 5668 2209 5736; baseline -0.001 -12"><span class='ocrx_word' id='word_1_740' title='bbox 682 5684 828 5734; x_wconf 79' lang='lat' dir='ltr'><strong>sum,</strong></span> <span class='ocrx_word' id='word_1_741' title='bbox 870 5674 972 5722; x_wconf 87' lang='lat' dir='ltr'><strong>alia</strong></span> <span class='ocrx_word' id='word_1_742' title='bbox 1004 5670 1068 5724; x_wconf 88' lang='lat' dir='ltr'><strong>ad</strong></span> <span class='ocrx_word' id='word_1_743' title='bbox 1100 5669 1469 5729; x_wconf 79' lang='lat' dir='ltr'><strong>otTcnsionem,</strong></span> <span class='ocrx_word' id='word_1_744' title='bbox 1503 5675 1810 5736; x_wconf 83' lang='lat' dir='ltr'><strong>utrumque,</strong></span> <span class='ocrx_word' id='word_1_745' title='bbox 1845 5668 2034 5735; x_wconf 78' lang='lat' dir='ltr'><strong>inquit,</strong></span> <span class='ocrx_word' id='word_1_746' title='bbox 2069 5669 2209 5722; x_wconf 87' lang='lat' dir='ltr'><strong>Deus</strong></span> 
     </span>
    </p>
   </div>
   <div class='ocr_carea' id='block_1_101' title="bbox 2301 4845 3858 4917">
    <p class='ocr_par' dir='ltr' id='par_1_101' title="bbox 2301 4845 3858 4917">
     <span class='ocr_line' id='line_1_101' title="bbox 2301 4845 3858 4917; baseline -0.012 -11"><span class='ocrx_word' id='word_1_747' title='bbox 2301 4852 2401 4906; x_wconf 75' lang='grc' dir='ltr'><strong>καὶ</strong></span> <span class='ocrx_word' id='word_1_748' title='bbox 2429 4849 2803 4916; x_wconf 73' lang='grc' dir='ltr'><strong>ἀντιλήπτωρ</strong></span> <span class='ocrx_word' id='word_1_749' title='bbox 2821 4864 2958 4916; x_wconf 84' lang='grc' dir='ltr'><strong>μου.</strong></span> <span class='ocrx_word' id='word_1_750' title='bbox 2985 4847 3072 4898; x_wconf 84' lang='grc' dir='ltr'><strong>Ἐν</strong></span> <span class='ocrx_word' id='word_1_751' title='bbox 3100 4845 3356 4912; x_wconf 81' lang='grc' dir='ltr'><strong>πολέμοις</strong></span> <span class='ocrx_word' id='word_1_752' title='bbox 3398 4846 3497 4912; x_wconf 85' lang='grc' dir='ltr'><strong>τὴν</strong></span> <span class='ocrx_word' id='word_1_753' title='bbox 3509 4845 3733 4917; x_wconf 58' lang='grc' dir='ltr'><strong>εχέπην</strong></span> <span class='ocrx_word' id='word_1_754' title='bbox 3761 4847 3858 4896; x_wconf 69' lang='grc' dir='ltr'><strong>αὖ-</strong></span> 
     </span>
    </p>
   </div>
   <div class='ocr_carea' id='block_1_102' title="bbox 2301 4936 3858 5012">
    <p class='ocr_par' dir='ltr' id='par_1_102' title="bbox 2301 4936 3858 5012">
     <span class='ocr_line' id='line_1_102' title="bbox 2301 4936 3858 5012; baseline -0.007 -15"><span class='ocrx_word' id='word_1_755' title='bbox 2301 4944 2396 4997; x_wconf 78' lang='grc' dir='ltr'><strong>τοῦ</strong></span> <span class='ocrx_word' id='word_1_756' title='bbox 2429 4942 2533 5012; x_wconf 78' lang='grc' dir='ltr'><strong>πρὸ</strong></span> <span class='ocrx_word' id='word_1_757' title='bbox 2581 4939 2931 5009; x_wconf 72' lang='grc' dir='ltr'><strong>ἐμοῦτιθεὶς,</strong></span> <span class='ocrx_word' id='word_1_758' title='bbox 2966 4939 3051 4992; x_wconf 77' lang='grc' dir='ltr'><strong>ἵνα</strong></span> <span class='ocrx_word' id='word_1_759' title='bbox 3112 4939 3185 5006; x_wconf 81' lang='grc' dir='ltr'><strong>μή</strong></span> <span class='ocrx_word' id='word_1_760' title='bbox 3220 4936 3420 5005; x_wconf 83' lang='grc' dir='ltr'><strong>βληθῶ.</strong></span> <span class='ocrx_word' id='word_1_761' title='bbox 3461 4937 3570 4998; x_wconf 75' lang='grc' dir='ltr'><strong>Τὰς</strong></span> <span class='ocrx_word' id='word_1_762' title='bbox 3623 4937 3858 4998; x_wconf 69' lang='grc' dir='ltr'><strong>ἀσπίδας</strong></span> 
     </span>
    </p>
   </div>
   <div class='ocr_carea' id='block_1_103' title="bbox 2304 5025 3860 5105">
    <p class='ocr_par' dir='ltr' id='par_1_103' title="bbox 2304 5025 3860 5105">
     <span class='ocr_line' id='line_1_103' title="bbox 2304 5025 3860 5105; baseline -0.007 -18"><span class='ocrx_word' id='word_1_763' title='bbox 2304 5035 2413 5105; x_wconf 83' lang='grc' dir='ltr'><strong>γὰρ</strong></span> <span class='ocrx_word' id='word_1_764' title='bbox 2441 5034 2490 5085; x_wconf 85' lang='grc' dir='ltr'><strong>οι</strong></span> <span class='ocrx_word' id='word_1_765' title='bbox 2519 5029 2978 5100; x_wconf 74' lang='grc' dir='ltr'><strong>ὑπερασπίζοντὲς</strong></span> <span class='ocrx_word' id='word_1_766' title='bbox 3021 5044 3210 5088; x_wconf 86' lang='grc' dir='ltr'><strong>τινων,</strong></span> <span class='ocrx_word' id='word_1_767' title='bbox 3262 5027 3480 5080; x_wconf 77' lang='grc' dir='ltr'><strong>εἰώθασι</strong></span> <span class='ocrx_word' id='word_1_768' title='bbox 3533 5027 3638 5097; x_wconf 75' lang='grc' dir='ltr'><strong>πρὸ</strong></span> <span class='ocrx_word' id='word_1_769' title='bbox 3679 5025 3860 5079; x_wconf 78' lang='grc' dir='ltr'><strong>αὐτῶν</strong></span> 
     </span>
    </p>
   </div>
   <div class='ocr_carea' id='block_1_104' title="bbox 2307 5117 3860 5194">
    <p class='ocr_par' dir='ltr' id='par_1_104' title="bbox 2307 5117 3860 5194">
     <span class='ocr_line' id='line_1_104' title="bbox 2307 5117 3860 5194; baseline -0.005 -16"><span class='ocrx_word' id='word_1_770' title='bbox 2307 5125 2538 5194; x_wconf 76' lang='grc' dir='ltr'><strong>ἀνέχειν,</strong></span> <span class='ocrx_word' id='word_1_771' title='bbox 2569 5123 2645 5184; x_wconf 74' lang='grc' dir='ltr'><strong>εἰς</strong></span> <span class='ocrx_word' id='word_1_772' title='bbox 2674 5119 3130 5189; x_wconf 62' lang='grc' dir='ltr'><strong>ἀποτροπὴιὸθεν</strong></span> <span class='ocrx_word' id='word_1_773' title='bbox 3153 5119 3349 5187; x_wconf 79' lang='grc' dir='ltr'><strong>δήποτε</strong></span> <span class='ocrx_word' id='word_1_774' title='bbox 3381 5119 3561 5187; x_wconf 84' lang='grc' dir='ltr'><strong>βολῆς.</strong></span> <span class='ocrx_word' id='word_1_775' title='bbox 3595 5117 3781 5184; x_wconf 80' lang='grc' dir='ltr'><strong>Κέρας</strong></span> <span class='ocrx_word' id='word_1_776' title='bbox 3803 5119 3860 5170; x_wconf 74' lang='grc' dir='ltr'><strong>δὲ</strong></span> 
     </span>
    </p>
   </div>
   <div class='ocr_carea' id='block_1_105' title="bbox 2310 5197 3858 5279">
    <p class='ocr_par' dir='ltr' id='par_1_105' title="bbox 2310 5197 3858 5279">
     <span class='ocr_line' id='line_1_105' title="bbox 2310 5197 3858 5279; baseline -0.006 -11"><span class='ocrx_word' id='word_1_777' title='bbox 2310 5197 2624 5278; x_wconf 70' lang='grc' dir='ltr'><strong>σωτηρίας,</strong></span> <span class='ocrx_word' id='word_1_778' title='bbox 2652 5211 2771 5263; x_wconf 80' lang='grc' dir='ltr'><strong>ἀντὶ</strong></span> <span class='ocrx_word' id='word_1_779' title='bbox 2803 5209 2919 5270; x_wconf 82' lang='grc' dir='ltr'><strong>τοῦ,</strong></span> <span class='ocrx_word' id='word_1_780' title='bbox 2957 5210 3306 5279; x_wconf 83' lang='grc' dir='ltr'><strong>ἀμυντήριον,</strong></span> <span class='ocrx_word' id='word_1_781' title='bbox 3343 5208 3604 5261; x_wconf 75' lang='grc' dir='ltr'><strong>σωστικόν</strong></span> <span class='ocrx_word' id='word_1_782' title='bbox 3623 5224 3636 5239; x_wconf 86' lang='grc'><strong>·</strong></span> <span class='ocrx_word' id='word_1_783' title='bbox 3657 5208 3723 5260; x_wconf 84' lang='grc' dir='ltr'><strong>τὰ</strong></span> <span class='ocrx_word' id='word_1_784' title='bbox 3752 5211 3858 5276; x_wconf 70' lang='grc' dir='ltr'><strong>γὰρ</strong></span> 
     </span>
    </p>
   </div>
   <div class='ocr_carea' id='block_1_106' title="bbox 2312 5299 3860 5374">
    <p class='ocr_par' dir='ltr' id='par_1_106' title="bbox 2312 5299 3860 5374">
     <span class='ocr_line' id='line_1_106' title="bbox 2312 5299 3860 5374; baseline -0.005 -17"><span class='ocrx_word' id='word_1_785' title='bbox 2312 5304 2626 5374; x_wconf 65' lang='grc' dir='ltr'><strong>κερασφόρα</strong></span> <span class='ocrx_word' id='word_1_786' title='bbox 2672 5303 2784 5364; x_wconf 78' lang='grc' dir='ltr'><strong>ζῶα</strong></span> <span class='ocrx_word' id='word_1_787' title='bbox 2814 5304 2926 5362; x_wconf 86' lang='grc' dir='ltr'><strong>τοῖς</strong></span> <span class='ocrx_word' id='word_1_788' title='bbox 2969 5301 3193 5370; x_wconf 79' lang='grc' dir='ltr'><strong>κέρασιν</strong></span> <span class='ocrx_word' id='word_1_789' title='bbox 3230 5301 3524 5366; x_wconf 79' lang='grc' dir='ltr'><strong>ἀμύνονται</strong></span> <span class='ocrx_word' id='word_1_790' title='bbox 3574 5299 3860 5368; x_wconf 79' lang='grc' dir='ltr'><strong>καρτερῶς</strong></span> 
     </span>
    </p>
   </div>
   <div class='ocr_carea' id='block_1_107' title="bbox 2314 5389 3859 5462">
    <p class='ocr_par' dir='ltr' id='par_1_107' title="bbox 2314 5389 3859 5462">
     <span class='ocr_line' id='line_1_107' title="bbox 2314 5389 3859 5462; baseline -0.005 -15"><span class='ocrx_word' id='word_1_791' title='bbox 2314 5397 2371 5447; x_wconf 84' lang='grc' dir='ltr'><strong>ἐν</strong></span> <span class='ocrx_word' id='word_1_792' title='bbox 2416 5396 2535 5450; x_wconf 78' lang='grc' dir='ltr'><strong>ταῖς</strong></span> <span class='ocrx_word' id='word_1_793' title='bbox 2569 5394 2786 5462; x_wconf 81' lang='grc' dir='ltr'><strong>μάχαις.</strong></span> <span class='ocrx_word' id='word_1_794' title='bbox 2833 5391 2986 5444; x_wconf 79' lang='grc' dir='ltr'><strong>Ἐπεὶ</strong></span> <span class='ocrx_word' id='word_1_795' title='bbox 3011 5394 3117 5462; x_wconf 69' lang='grc' dir='ltr'><strong>γᾶρ</strong></span> <span class='ocrx_word' id='word_1_796' title='bbox 3149 5391 3209 5444; x_wconf 80' lang='grc' dir='ltr'><strong>τὸ</strong></span> <span class='ocrx_word' id='word_1_797' title='bbox 3262 5391 3444 5458; x_wconf 76' lang='grc' dir='ltr'><strong>μέντοι</strong></span> <span class='ocrx_word' id='word_1_798' title='bbox 3492 5389 3859 5459; x_wconf 70' lang='grc' dir='ltr'><strong>φυλακτήριον</strong></span> 
     </span>
    </p>
   </div>
   <div class='ocr_carea' id='block_1_108' title="bbox 2316 5481 3860 5553">
    <p class='ocr_par' dir='ltr' id='par_1_108' title="bbox 2316 5481 3860 5553">
     <span class='ocr_line' id='line_1_108' title="bbox 2316 5481 3860 5553; baseline -0.001 -17"><span class='ocrx_word' id='word_1_799' title='bbox 2316 5487 2462 5538; x_wconf 85' lang='grc' dir='ltr'><strong>ἐστιν</strong></span> <span class='ocrx_word' id='word_1_800' title='bbox 2492 5486 2672 5547; x_wconf 84' lang='grc' dir='ltr'><strong>ὅπλον,</strong></span> <span class='ocrx_word' id='word_1_801' title='bbox 2705 5484 2762 5535; x_wconf 74' lang='grc' dir='ltr'><strong>τὸ</strong></span> <span class='ocrx_word' id='word_1_802' title='bbox 2785 5483 2840 5536; x_wconf 76' lang='grc' dir='ltr'><strong>δέ</strong></span> <span class='ocrx_word' id='word_1_803' title='bbox 2869 5501 2921 5535; x_wconf 90' lang='grc' dir='ltr'><strong>τι</strong></span> <span class='ocrx_word' id='word_1_804' title='bbox 2969 5484 3415 5553; x_wconf 79' lang='grc' dir='ltr'><strong>πολεμιστήριονο</strong></span> <span class='ocrx_word' id='word_1_805' title='bbox 3451 5483 3545 5536; x_wconf 77' lang='grc' dir='ltr'><strong>καὶ</strong></span> <span class='ocrx_word' id='word_1_806' title='bbox 3573 5481 3731 5535; x_wconf 77' lang='grc' dir='ltr'><strong>τοῦτο</strong></span> <span class='ocrx_word' id='word_1_807' title='bbox 3757 5483 3860 5535; x_wconf 75' lang='grc' dir='ltr'><strong>κά-</strong></span> 
     </span>
    </p>
   </div>
   <div class='ocr_carea' id='block_1_109' title="bbox 2318 5570 3858 5644">
    <p class='ocr_par' dir='ltr' id='par_1_109' title="bbox 2318 5570 3858 5644">
     <span class='ocr_line' id='line_1_109' title="bbox 2318 5570 3858 5644; baseline -0.004 -14"><span class='ocrx_word' id='word_1_808' title='bbox 2318 5579 2482 5641; x_wconf 80' lang='grc' dir='ltr'><strong>κεῖνο,</strong></span> <span class='ocrx_word' id='word_1_809' title='bbox 2504 5570 2691 5644; x_wconf 59' lang='grc' dir='ltr'><strong>φησιν,</strong></span> <span class='ocrx_word' id='word_1_810' title='bbox 2727 5579 2753 5629; x_wconf 84' lang='grc' dir='ltr'>ὁ</span> <span class='ocrx_word' id='word_1_811' title='bbox 2785 5577 2914 5639; x_wconf 73' lang='grc' dir='ltr'><strong>Θεὸς</strong></span> <span class='ocrx_word' id='word_1_812' title='bbox 2953 5578 3183 5643; x_wconf 77' lang='grc' dir='ltr'><strong>ἐγένετο,</strong></span> <span class='ocrx_word' id='word_1_813' title='bbox 3232 5580 3324 5627; x_wconf 80' lang='grc' dir='ltr'><strong>καὶ</strong></span> <span class='ocrx_word' id='word_1_814' title='bbox 3355 5577 3570 5629; x_wconf 81' lang='grc' dir='ltr'><strong>σκέπων</strong></span> <span class='ocrx_word' id='word_1_815' title='bbox 3597 5577 3655 5627; x_wconf 70' lang='grc' dir='ltr'><strong>ἓν</strong></span> <span class='ocrx_word' id='word_1_816' title='bbox 3695 5571 3858 5625; x_wconf 85' lang='grc' dir='ltr'><strong>πολέ-</strong></span> 
     </span>
    </p>
   </div>
   <div class='ocr_carea' id='block_1_110' title="bbox 2319 5649 3859 5739">
    <p class='ocr_par' dir='ltr' id='par_1_110' title="bbox 2319 5649 3859 5739">
     <span class='ocr_line' id='line_1_110' title="bbox 2319 5649 3859 5739; baseline 0 -21"><span class='ocrx_word' id='word_1_817' title='bbox 2319 5649 2434 5739; x_wconf 68' lang='grc' dir='ltr'><strong>μῳ,</strong></span> <span class='ocrx_word' id='word_1_818' title='bbox 2468 5671 2558 5722; x_wconf 77' lang='grc' dir='ltr'><strong>καὶ</strong></span> <span class='ocrx_word' id='word_1_819' title='bbox 2588 5668 2911 5738; x_wconf 69' lang='grc' dir='ltr'><strong>διαφθείρων</strong></span> <span class='ocrx_word' id='word_1_820' title='bbox 2936 5670 3058 5733; x_wconf 71' lang='grc' dir='ltr'><strong>τοὺς</strong></span> <span class='ocrx_word' id='word_1_821' title='bbox 3087 5667 3332 5738; x_wconf 81' lang='grc' dir='ltr'><strong>ἐχθρούς.</strong></span> <span class='ocrx_word' id='word_1_822' title='bbox 3377 5669 3748 5739; x_wconf 70' lang='grc' dir='ltr'><strong>’Λντιλήκτωρ</strong></span> <span class='ocrx_word' id='word_1_823' title='bbox 3779 5665 3859 5732; x_wconf 69' lang='grc' dir='ltr'><strong>δέ,</strong></span> 
     </span>
    </p>
   </div>
   <div class='ocr_carea' id='block_1_111' title="bbox 759 5839 2301 5909">
    <p class='ocr_par' dir='ltr' id='par_1_111' title="bbox 759 5839 2301 5909">
     <span class='ocr_line' id='line_1_111' title="bbox 759 5839 2301 5909; baseline -0.003 -10"><span class='ocrx_word' id='word_1_824' title='bbox 759 5852 804 5880; x_wconf 65' lang='grc'><strong>’³</strong></span> <span class='ocrx_word' id='word_1_825' title='bbox 840 5847 978 5906; x_wconf 69' lang='grc' dir='ltr'><strong>Ρδιι.</strong></span> <span class='ocrx_word' id='word_1_826' title='bbox 1016 5865 1139 5909; x_wconf 71' lang='lat' dir='ltr'><strong>cxv,</strong></span> <span class='ocrx_word' id='word_1_827' title='bbox 1176 5845 1259 5898; x_wconf 68' lang='grc' dir='ltr'><strong>Η..</strong></span> <span class='ocrx_word' id='word_1_828' title='bbox 1334 5842 1376 5872; x_wconf 75' lang='grc'><strong>³⁸</strong></span> <span class='ocrx_word' id='word_1_829' title='bbox 1411 5842 1564 5897; x_wconf 83' lang='lat' dir='ltr'><strong>Dent.</strong></span> <span class='ocrx_word' id='word_1_830' title='bbox 1602 5857 1674 5906; x_wconf 85' lang='lat' dir='ltr'><strong>vt,</strong></span> <span class='ocrx_word' id='word_1_831' title='bbox 1709 5839 1775 5902; x_wconf 72' lang='grc' dir='ltr'><strong>ὃς</strong></span> <span class='ocrx_word' id='word_1_832' title='bbox 1824 5839 2009 5893; x_wconf 83' lang='lat' dir='ltr'><strong>Matth.</strong></span> <span class='ocrx_word' id='word_1_833' title='bbox 2047 5857 2181 5905; x_wconf 78' lang='lat' dir='ltr'><strong>nn,</strong></span> <span class='ocrx_word' id='word_1_834' title='bbox 2213 5842 2301 5895; x_wconf 72' lang='lat'><strong>&#39;57.</strong></span> 
     </span>
    </p>
   </div>
  </div>
