4082 6326
601 452 709 506 223
1784 443 2158 504 EU'I'llYMll
2205 443 2562 504 ZlGABENI
3699 435 3802 494 Ξὲί

605 564 744 604 terra
792 558 893 604 est.
920 548 1055 615 Quia
1084 549 1265 617 igitur.
1297 559 1353 603 ut
1384 551 1640 615 diximus,
1674 553 1920 605 accidere
1972 553 2150 604 solent

2278 554 2308 604 ὲ
2368 550 2582 620 κατέχει
2656 549 3116 619 παραλαμϐάνων.
3172 551 3238 601 Ἢ
3294 551 3386 601 καὶ
3434 549 3613 610 ὠδῖνες
3652 547 3805 616 ᾅδου,

601 644 820 696 dolores
853 642 904 695 in
939 650 1092 710 partu
1124 648 1284 708 atque
1316 642 1369 694 in
1409 641 1741 710 generando,
1767 641 2146 695 Circuindede-

2278 642 2407 692 τόνοι
2444 643 2575 709 πρὸς
2610 641 2741 710 ᾆδην
2781 641 3032 708 ἄγοντεςο
3064 641 3097 710 ἢ
3131 641 3362 693 διάκονοι
3389 640 3531 709 ᾅδου.

605 747 729 789 runt
784 753 866 791 me
895 777 910 801 ,
964 737 1157 806 lnquit.
1212 737 1426 792 dolores
1451 739 1554 807 qni
1592 749 1814 792 mortem
1850 745 2127 801 generant,
2172 749 2416 800 mortem,
2460 739 2700 806 inquam,
2735 737 2928 791 inferni
2956 738 3279 790 ministram.
3311 736 3450 789 Mors
3477 739 3618 790 enim
3684 735 3808 787 ani~

605 844 745 881 mam
771 828 956 882 dividit
992 845 1018 879 a
1052 842 1323 894 corpore:
1377 830 1520 881 unde
1571 828 1815 882 infernus
1865 841 2146 882 assumens
2221 845 2340 881 eam
2409 831 2684 884 continet-
2725 827 2817 883 Vel
2868 828 3082 882 dolores
3135 828 3329 882 inferni
3382 843 3474 881 eos
3529 827 3804 895 intelligo,

604 920 695 984 qui
737 915 791 971 in
822 915 1091 971 infernum
1119 919 1438 974 deducunt:
1473 919 1553 972 vel
1585 920 1676 987 qui
1740 919 1974 972 ministri
2024 927 2152 971 sunt
2192 918 2411 972 inl'ernl.

677 1013 1166 1079 Prwaccupaverunt
1196 1029 1274 1065 ine
1309 1015 1478 1080 laquei
1515 1013 1714 1066 mortis.
1765 1012 2154 1071 Prmvemzrunt

604 1117 710 1166 me,
745 1103 936 1170 inquit,
977 1103 1207 1164 insidiat.
1238 1120 1355 1170 qua:
1396 1114 1623 1157 mortem
1661 1115 1976 1170 operantur.
2024 1100 2156 1154 Nam

603 1195 745 1260 quod
774 1193 1122 1247 venatoribus
1156 1193 1330 1262 laquei
1362 1193 1623 1248 adversus
1651 1194 1797 1247 feras
1837 1200 2154 1262 operantur,

603 1282 706 1335 hoc
740 1281 949 1335 insidia:
987 1283 1234 1338 hostibus
1262 1292 1451 1337 contra
1485 1285 1672 1339 hostes
1706 1292 1983 1352 prtestant.

675 1369 835 1426 Vsus.
854 1371 904 1424 7.
929 1372 996 1424 Et
1021 1373 1074 1426 in
1098 1373 1435 1443 tribulatione
1457 1375 1826 1429 utea'invocavi
1853 1375 2156 1429 Dominum.

605 1466 662 1517 lu
690 1464 951 1516 auxilium
989 1464 1220 1519 scilicet.
1343 1492 1348 1496 ·
1963 1476 1965 1478 ’

675 1549 744 1602 Et
775 1552 842 1604 ad
877 1551 1035 1604 Deum
1071 1568 1238 1605 meum
1262 1555 1505 1609 clamavi.
1543 1555 1599 1610 lu
1655 1554 1922 1627 angustiis
1951 1551 2157 1614 consti-
2222 1550 2231 1558 ”

606 1651 755 1720 tutus
786 1657 969 1702 vocem
1001 1642 1066 1696 ad
1102 1642 1267 1696 Deum
1298 1661 1477 1698 meum
1528 1647 1697 1714 levavi
1728 1647 1990 1709 clamans,

675 1733 885 1785 Audiuit
909 1733 972 1786 de
1001 1734 1185 1801 templo
1215 1746 1394 1789 sancto
1420 1753 1514 1791 suo
1554 1754 1726 1792 vocem
1754 1755 1950 1792 meam.
2004 1736 2164 1792 Tem-

2330 1015 2718 1084 11ροέρθασάν
2730 1033 2805 1083 με
2828 1014 3067 1082 παγίὸες
3092 1012 3366 1067 θαγὰτου.
3395 1014 3438 1064 Π
3448 1012 3808 1082 ροκατέλαόὁν

2263 1125 2328 1176 με
2361 1108 2522 1176 λόχοι,
2557 1107 2782 1160 θάνατον
2834 1107 3220 1174 ἐργαζόμενοι·
3254 1105 3281 1156 ὃ
3326 1105 3432 1172 γὰρ
3465 1107 3574 1165 τοῖς
3605 1105 3805 1174 θηρευα

2257 1199 2374 1260 ταῖς
2406 1199 2464 1250 a‘l
2491 1198 2734 1263 παγίδες,
2757 1197 2912 1249 τοῦτο
2941 1198 3051 1260 τοῖς
3081 1194 3357 1264 πολεμίοις
3387 1196 3435 1245 οἱ
3461 1194 3625 1263 λόχοι.

2328 1375 2432 1430 Kal
2470 1373 2536 1426 ἐγ
2584 1373 2662 1437 τῷ
2709 1372 3011 1426 0..ῑίΰεσοαἰ
3061 1389 3135 1440 με
3194 1371 3650 1439 ἑπεκαλεσάμην
3705 1369 3814 1422 τὸν
3886 1382 3890 1384 ·

2260 1465 2493 1530 Κύριον.
2521 1463 2612 1522 Εἰς
2635 1463 2938 1529 ἀντίληψιν.

2329 1557 2436 1609 Kal
2477 1558 2625 1623 πρὸς
2653 1557 2755 1608 τὸν
2790 1532 2937 1608 θεόν
2961 1574 3078 1623 μου
3109 1556 3419 1623 ἐκέκραξα.
3455 1556 3682 1624 “Illinc:
3714 1557 3813 1626 τὴν

2259 1647 2442 1715 φωνήν
2479 1664 2579 1713 μου
2612 1647 2691 1699 ἔτι
2721 1645 3183 1714 ἀναγκαζόμενος.

2334 1739 2635 1792 ’Ἤκουσεν
2680 1738 2745 1790 ἐκ
2793 1737 2941 1791 ναοῦ
2971 1738 3152 1805 ..ἁγίου
3201 1738 3386 1792 αὐτοῦ
3429 1737 3636 1806 φωνῆς
3668 1755 3811 1805 μου.

607 1824 751 1890 plum
771 1836 1018 1878 sanctum
1051 1829 1244 1879 coelum
1277 1836 1378 1890 est,
1412 1838 1468 1881 ut
1495 1831 1748 1897 superius
1775 1830 2037 1892 diximus,
2061 1837 2155 1882 aut

2278 1829 2408 1882 Nlabv
2454 1828 2626 1896 ἅγιον,
2667 1829 2757 1880 τὸν
2822 1828 3048 1897 οὐρανὸν
3106 1829 3464 1897 ὑποληπτέον,
3501 1829 3572 1890 ὡς
3607 1830 3812 1894 προλα-

607 1915 900 1968 testimonii
934 1917 1358 1971 tabernaculum.
1391 1911 1671 1989 Templum
1703 1921 1847 1974 enim
1899 1921 1952 1975 in
2011 1919 2166 1975 Jeru-

620 2005 785 2058 salem
815 2006 1019 2058 nullum
1061 2008 1238 2061 adhuc
1276 2017 1392 2062 erat
1417 2049 1431 2075 ,
1466 2011 1561 2065 sed
1608 2026 1636 2064 a
1682 2009 1969 2066 Salomone
2021 1995 2168 2077 post-

609 2098 828 2155 modum
885 2113 1259 2157 ronstructum
1321 2117 1425 2158 ρει.
1479 2106 1712 2160 Audisse
1769 2117 1947 2160 autem
2004 2106 2164 2160 Deum

609 2192 866 2261 intelligo.
909 2209 1014 2247 non
1065 2193 1299 2247 lnnnano
1359 2210 1532 2259 more,
1593 2197 1684 2252 sed
1719 2197 1972 2251 decenter
2005 2197 2112 2250 Deo
2151 2215 2166 2250 :

611 2283 827 2336 tametsi
855 2297 976 2343 nos.
1005 2283 1096 2352 qui
1132 2283 1221 2337 Dei
1256 2285 1398 2339 vires
1433 2300 1494 2339 ac
1525 2288 1816 2356 potentias,
1848 2287 2046 2354 quibus
2079 2297 2165 2341 lo-

609 2381 724 2426 tum
780 2373 1020 2425 continet
1064 2373 1287 2436 orbem,
1339 2390 1436 2428 nec
1489 2378 1947 2445 comprehendere
1989 2376 2168 2428 animo

613 2474 900 2530 possumus
927 2499 943 2521 .
976 2476 1075 2514 nec
1124 2462 1306 2529 lingua
1337 2464 1661 2532 eXprimcre,
1733 2465 1798 2519 ad
1830 2467 2166 2520 sensibilium

613 2568 794 2608 rerum
823 2555 1204 2609 similitudines
1234 2572 1326 2609 eas
1376 2557 1696 2614 deducimus
1721 2599 1736 2622 ,
1787 2575 1880 2628 per
1921 2574 2059 2627 quias
2106 2571 2168 2611 ea

612 2660 734 2713 qum
762 2660 884 2698 vere
920 2653 1050 2699 sunt
1077 2648 1609 2714 comprehendimus.
2051 2705 2054 2709 .

689 2734 755 2788 Et
783 2737 984 2790 clamor
1014 2752 1155 2788 meus
1200 2737 1254 2789 in
1278 2749 1556 2805 conspectu
1582 2738 1716 2808 ejus.
1765 2740 1984 2792 Clamor
2015 2751 2168 2791 meus

616 2838 828 2893 semper
855 2826 908 2878 in
950 2834 1245 2894 conspectu
1286 2827 1407 2894 ejus
1434 2837 1518 2881 est
1566 2847 1581 2881 :
1626 2830 1752 2898 quia
1805 2831 1858 2882 lu
1904 2829 2171 2898 angustiis

615 2916 945 2969 constitutus
973 2915 1038 2967 ad
1068 2915 1244 2980 ipsum
1285 2915 1462 2970 solum
1503 2917 1700 2971 clamo.

692 3004 932 3058 Introibit
961 3006 1011 3058 in
1035 3022 1186 3058 aures
1216 3005 1350 3072 ejus.
1391 3005 1450 3060 lu
1493 3014 1734 3074 tempore
1759 3006 1920 3062 etiam
1970 3021 2170 3075 oppor-

2267 1919 2452 1981 δόντες
2480 1919 2799 1987 εἰρήκαμεν,
2829 1919 2860 1988 ἦ
2895 1917 2992 1983 τήν
3033 1915 3127 1968 τοῦ
3157 1917 3454 1986 μαρτυρίου
3491 1917 3708 1984 σκηνήν.
3759 1915 3818 1968 '0

2266 2010 2374 2078 γὰρ
2414 2007 2582 2076 μέγας
2620 2009 2676 2057 ἐν
2734 2004 3124 2074 Ἰεροσολύμοις
3184 2005 3307 2068 ναὸς
3362 2005 3582 2073 ’ὕστερον
3611 2005 3816 2073 ᾠκοδο-

2271 2099 2413 2169 μήθη
2447 2098 2594 2167 παρὰ
2617 2095 2974 2166 Σολομῶντος.
3005 2098 3269 2149 Ἤκουσεν
3294 2097 3370 2156 δὲ,
3401 2097 3500 2148 οὐκ
3520 2097 3816 2165 αἰσθητῶς,

2266 2189 2402 2241 ἀλλὰ
2432 2187 2767 2254 θεοπρεπῶς.
2802 2187 2911 2249 Τὰς
2953 2187 3059 2253 γὰρ
3113 2185 3428 2247 συνεκτικὰς
3479 2185 3566 2236 τοῦ
3617 2185 3820 2244 παντὸς

2268 2285 2521 2352 δυνάμεις
2543 2282 2926 2343 ἀδυνατοῦντες
2955 2279 3156 2347 γνῶναι
3182 2279 3273 2330 καὶ
3303 2281 3493 2331 εἰπεῖν.
3516 2279 3592 2339 εἰς
3627 2277 3792 2344 αῐσθή
3809 2307 3824 2314 -

2272 2392 2408 2426 σεων
2437 2373 2652 2433 εἰκόνας
2697 2372 2897 2433 ταύτας
2947 2367 3408 2439 καταμερίζομεν,
3459 2367 3526 2418 δι’
3557 2362 3631 2418 ὧν
3661 2369 3821 2435 ἡμεῖς

2271 2464 2776 2534 ἀντιλαμϐανόμεθα
2803 2463 2909 2514 τῶν
2935 2463 3124 2516 ὄντων.

2341 2725 2447 2781 Kal
2479 2726 2516 2792 ἡ
2550 2726 2773 2792 κραυγή
2804 2740 2919 2792 μου
2957 2723 3208 2775 ἐνώπιον
3254 2723 3457 2776 αὐτοῦ.
3493 2722 3587 2773 Διὰ
3623 2719 3824 2781 παντὸς

2272 2820 2306 2886 ἠ
2331 2816 2544 2885 κραυγή
2575 2832 2676 2884 μου
2705 2813 2930 2866 ἐνώπιον
2956 2813 3116 2866 αὐτοῦ
3140 2814 3276 2875 ἐστι,
3310 2813 3443 2882 πρὸς
3467 2812 3626 2864 αὑτὸν
3661 2813 3830 2878 μόνον

2271 2907 2563 2976 κράζοντος
2603 2906 2661 2957 ἐν
2696 2904 2978 2971 ἀνάγκαις.

2344 2997 2761 3050 Εἰσελεύσεται
2795 2996 2882 3059 εἷς
2908 2995 2981 3047 τὰ
3019 2989 3134 3049 ὦτα
3184 2986 3385 3048 αὑτοῦ.
3420 2996 3527 3049 Καὶ
3557 2997 3614 3048 ἐν
3640 2995 3831 3063 καιρῷ

615 3107 749 3153 tuno
771 3096 1021 3149 exaudiet
1048 3110 1153 3148 me.
1181 3092 1278 3156 llis,
1307 3104 1486 3150 autem
1519 3097 1698 3149 verbis
1746 3097 1824 3149 uti
1854 3106 1911 3150 et
1945 3112 2045 3151 nos
2073 3110 2162 3151 so-

2278 3088 2648 3162 εξσακοὺσεται
2675 3105 2797 3154 μου.
2825 3086 3042 3150 Τούτοις
3071 3087 3125 3140 δὲ
3157 3088 3270 3149 τοῖς
3304 3087 3508 3156 ῥήμασι
3545 3085 3637 3141 καλ
3659 3089 3829 3156 ἡμεῖς

618 3185 790 3240 lemus
823 3199 944 3238 cum
973 3184 1173 3252 gratias
1201 3185 1431 3250 agimus,
1460 3191 1513 3238 et
1539 3199 1665 3240 cum
1697 3185 2002 3241 daemonum
2028 3187 2174 3254 pari-

613 3283 703 3330 ter
742 3275 1123 3331 insultatioues
1159 3290 1467 3330 narramus.

687 3365 851 3420 Vens.
867 3365 919 3420 8.
937 3365 1205 3421 Commota
1224 3375 1296 3419 est
1317 3376 1364 3418 et
1388 3367 1694 3419 contremuit
1716 3364 2050 3423 terra.“Nunc
2067 3377 2176 3422 Ira-

619 3457 749 3513 dere
781 3457 972 3525 incipit
997 3456 1332 3526 prophetiam
1360 3456 1427 3510 de
1454 3455 1693 3517 Christo.
1731 3468 1784 3512 et
1835 3459 2010 3512 futura
2049 3474 2173 3512 uar-

623 3555 706 3600 rat
736 3555 994 3614 tauquam
1037 3549 1308 3614 praeterita
1365 3547 1745 3616 prophetarum
1797 3564 1967 3603 more.
2011 3547 2176 3604 Beato

620 3638 764 3693 enim
817 3638 983 3692 David
1035 3639 1173 3692 nihil
1234 3639 1411 3694 simile
1459 3639 1685 3710 legimus
1747 3644 2082 3713 contigisse;
2122 3650 2176 3700 et

617 3731 767 3800 quod
810 3730 950 3784 LXX
976 3731 1300 3798 interpretes
1335 3733 1582 3788 dixerunt
1616 3750 1632 3786 :
1666 3733 1938 3789 Commota
1964 3745 2060 3800 est,
2081 3752 2175 3791 seu

623 3821 826 3888 potius,
847 3821 1122 3889 ﬂuctuavit
1147 3832 1193 3874 et
1229 3824 1553 3876 contremuit
1582 3833 1722 3876 terra
1755 3841 1773 3877 :
1807 3827 1997 3893 Aquila
2019 3827 2172 3891 dixit,

623 3905 770 3961 Mota
811 3919 966 3964 estet
1005 3927 1277 3964 concussa.
1307 3909 1411 3965 Per
1473 3921 1672 3966 terram
1711 3923 1890 3967 autem
1932 3915 2176 3971 homines

624 4000 680 4053 in
715 4014 778 4052 ea
830 4001 1140 4056 habitantes
1191 4003 1449 4072 intelligo.
1506 4005 1740 4060 Dorcnle
1783 4007 1927 4060 enim
1960 4006 2176 4062 Chrism

622 4091 795 4148 Judaei
827 4105 880 4148 et
908 4105 1098 4164 gentes
1130 4098 1423 4164 perturbati
1457 4110 1581 4152 sunt
1613 4109 1834 4168 propter
1862 4101 2173 4169 Opinionem

620 4195 678 4238 et
715 4183 911 4238 famam
934 4200 1055 4254 quas
1096 4186 1162 4240 de
1207 4183 1272 4239 eo
1299 4189 1662 4242 increbuerat.
1688 4188 2178 4264 Fluctuaruntgigi-

622 4279 734 4336 tur,
767 4271 867 4325 hoc
897 4281 1000 4334 est,
1021 4275 1318 4340 perturbati
1354 4282 1497 4327 sunt.
1525 4273 1816 4329 Fluctuare
1848 4277 1991 4328 enim
2034 4276 2174 4329 idem

623 4368 709 4416 est
755 4361 898 4429 quod
945 4364 1244 4431 pertnbari.
1283 4363 1348 4416 Et
1389 4364 1709 4428 timuerunt,
1737 4364 1980 4419 videntes
2013 4367 2174 4419 nimi-

2276 3179 2556 3250 χρώμεθα,
2600 3179 3044 3248 εὐχαριστοῦντες
3074 3180 3210 3248 ἅμα,
3267 3180 3360 3231 καὶ
3408 3180 3503 3241 τὰς
3550 3179 3830 3242 ἐπιθέσεις

2275 3269 2382 3322 τῶν
2411 3269 2677 3337 δαιμόνων
2707 3268 2958 3336 ὲκδιηγού
2967 3285 3137 3337 μενοι.

2345 3360 2451 3412 Kal
2507 3359 2804 3424 ἐσαλεύθη
2855 3359 2952 3411 καὶ
3019 3359 3300 3428 ἔντρομος
3352 3358 3602 3426 ἐγενήθη
3654 3358 3690 3424 ἠ
3720 3359 3824 3425 τῆ.

2278 3451 2351 3502 Τὸ
2406 3447 2654 3501 ἐντεῦθεν
2687 3449 2813 3518 περὶ
2848 3447 3084 3517 Χριστοῦ
3130 3451 3486 3517 προφητεύει,
3540 3449 3664 3516 περὶ
3716 3447 3834 3500 τῶν

2277 3538 2548 3608 ἐσομένων
2582 3539 2656 3601 ὡς
2705 3537 3083 3605 γεγενημένων
3138 3537 3517 3606 διαλεγόμενος
3547 3553 3560 3565 ·
3627 3537 3832 3604 ἰδίωμα

2277 3627 2385 3700 γὰρ
2404 3625 2559 3683 τοῦτο
2582 3627 2960 3700 τπροφητικὸν·
3019 3625 3116 3682 καὶ
3168 3627 3276 3699 γὰρ
3329 3627 3420 3680 ἐπὶ
3473 3626 3634 3681 eam
3673 3625 3833 3680 οὐδὲν

2245 3721 2557 3792 λιστόρηταί
2619 3739 2670 3772 τι
2723 3721 2961 3774 τοιοῦτον
3022 3711 3335 3789 γενόμενον.
3399 3721 3546 3772 Ἀντὶ
3603 3720 3657 3772 δὲ
3707 3721 3830 3781 τοῦ,

2275 3813 2610 3878 Ἐσαλεύθη
2642 3813 2737 3863 καὶ
2775 3811 3060 3880 ἔντρομος
3113 3811 3366 3879 ἐγενήθη
3394 3813 3431 3876 ἡ
3454 3811 3554 3877 γῆ,
3586 3814 3613 3862 ὀ
3664 3811 3830 3862 ’Λκύο

2275 3903 2376 3966 λας
2406 3901 2556 3956 εἶπεν
2576 3921 2589 3934 ·
2634 3902 2905 3969 Ἐκινήθη
2928 3904 3024 3955 καὶ
3056 3901 3378 3966 ἐσαλεύθη.
3415 3901 3488 3969 Γῆ
3527 3893 3586 3952 δὲ’
3629 3901 3744 3962 νῦν,
3769 3902 3830 3952 ot

2278 3997 2341 4046 ἐκ
2367 3994 2470 4062 γῆς
2495 3995 2792 4063 ἄνθρωποι,
2815 3994 2864 4044 ol
2893 3991 2990 4062 τὴν
3020 3994 3122 4063 γῆν
3149 3991 3421 4054 οἰκοῦντες
3447 4007 3462 4022 ο
3489 3992 3831 4054 διδάσκοντος

2278 4087 2386 4156 γὰρ
2415 4085 2508 4138 τοῦ
2545 4084 2806 4156 Χριστοῦ,
2857 4083 2952 4137 καὶ
3002 4087 3049 4137 ol
3115 4085 3377 4154 Ἑϐραῖοι,
3433 4083 3528 4137 καὶ
3575 4083 3642 4136 τὰ
3694 4082 3828 4152 ἔθνη

2276 4178 2648 4248 ἐταράχθησαν
2676 4178 2779 4229 ὑπὸ
2804 4177 2903 4246 τῆς
2931 4176 3057 4245 περὶ
3095 4175 3261 4227 αὐτοῦ
3293 4176 3506 4244 φήμης’
3529 4175 3688 4237 σάλος
3717 4174 3830 4243 γὰρ

2275 4270 2303 4320 ὁ
2323 4269 2558 4339 τάραχος
2581 4284 2595 4297 ⁸
2627 4270 2720 4320 καὶ
2750 4267 3116 4336 ἐφοϐήθησαν,
3144 4264 3378 4336 ὁρῶντες
3403 4264 3439 4317 θ.
3470 4264 3641 4317 ἐποίει
3667 4265 3834 4334 τερά-

2278 4377 2398 4414 στια
2424 4376 2438 4390 ο
2465 4359 2662 4430 τρόμος
2697 4359 2825 4426 γὰρ,
2865 4359 2892 4410 ὁ
2925 4357 3088 4424 φόϐος
3119 4356 3380 4421 ἐνταῦθα,
3403 4357 3490 4410 διὰ
3512 4358 3572 4408 τὸ
3607 4358 3834 4426 τρέμειν

629 4466 745 4503 rum
782 4452 936 4519 signa
965 4468 1029 4505 ac
1063 4451 1304 4522 prodigia
1342 4469 1459 4521 qua:
1485 4449 2008 4509 laciebat.Tremere
2030 4455 2175 4509 enim

2279 4451 2405 4513 τοὺς
2432 4452 2568 4518 ἄγαν
2605 4450 2992 4518 φοϐουμένους.
3025 4450 3134 4501 Καὶ
3159 4449 3332 4511 ἄλλως
3371 4447 3448 4511 δὲ,
3478 4449 3830 4516 ἐκινήθησαν,

626 4541 808 4612 posuit
837 4555 933 4610 pro
966 4542 1175 4603 timere,
1206 4557 1271 4597 eo
1301 4544 1442 4612 quod
1471 4544 1640 4597 timidi
1674 4544 1919 4620 homines
1948 4555 2180 4604 tremore

618 4634 824 4702 corripi
856 4633 1082 4687 soleant.
1111 4633 1174 4685 Et
1211 4635 1370 4688 aliter
1399 4650 1413 4686 :
1458 4618 1897 4699 commoti‘smtt,
1925 4637 1990 4691 ad
2026 4637 2181 4691 Chri-

619 4733 770 4782 stum
790 4726 1042 4780 nimirum
1063 4723 1396 4780 conﬂuentes
1418 4726 1488 4780 ob
1502 4725 1696 4780 famam
1723 4743 1842 4797 qua:
1857 4728 1924 4784 de
1947 4744 2012 4783 eo
2032 4736 2179 4793 erat,

616 4821 681 4868 ~et
719 4813 1112 4867 tumultuantes
1143 4815 1379 4884 propriis
1419 4815 1674 4870 consiliis
1721 4819 1972 4873 concussi
2004 4827 2151 4872 sunt.

697 4902 1062 4957 Fundamenta
1103 4905 1353 4958 montium
1387 4907 1701 4958 conturbata
1729 4917 1850 4961 sunt
1871 4948 1886 4969 ,
1918 4919 2181 4961 commota

621 5005 769 5060 sunt,
804 4997 1052 5066 quoniam
1087 4997 1254 5048 iratus
1281 5007 1356 5049 est
1397 4999 1472 5050 eis
1504 4997 1779 5054 Dominus.
1829 4999 1931 5052 Per
1970 5009 2182 5054 montes

2283 4543 2602 4612 συρρέοντες
2630 4543 2713 4594 ἐπ’
2739 4542 2898 4594 αὑτὸν
2927 4541 3069 4593 κατὰ
3098 4542 3286 4608 φήμην
3316 4555 3330 4570 ο
3363 4541 3456 4591 καὶ
3481 4539 3829 4608 ἐσείσθησαν,

2279 4635 2397 4697 ταῖς
2421 4633 2629 4687 ἑαυτῶν
2658 4633 2899 4704 γνώμαις
2930 4631 3338 4702 θορυϐηθέντες.

2351 4905 2457 4959 Kal
2482 4905 2555 4959 τὰ
2594 4903 2837 4970 θεμέλια
2875 4899 2992 4953 τῶν
3037 4900 3219 4966 ὀρέων
3273 4898 3690 4966 ἐταράχθησαν
3733 4901 3829 4949 7m?

2279 4996 2720 5060 ἐσαιιεύθησαν,
2748 4993 2837 5046 ὅτι
2875 4992 3134 5061 ὠργίσθη
3160 4989 3419 5055 αὐτοῖς-ὁ
3477 4991 3638 5053 Θεός.
3692 4991 3836 5059 Ἥρη

627 5085 904 5140 ιιωωοηεσ
933 5085 1173 5154 intelligo
1203 5085 1273 5140 ob
1307 5101 1571 5140 summam
1598 5104 1785 5142 eorum
1813 5091 2098 5144 elationem
2123 5106 2175 5144 ac

2285 5089 2495 5155 νοήσεις
2518 5087 2641 5148 τοὺς
2666 5085 2945 5154 δαίμονας,
2979 5083 3066 5135 διὰ
3095 5083 3190 5152 τὴν
3219 5082 3469 5152 ἔπαρσιν,
3502 5083 3533 5151 ἢ
3571 5081 3665 5134 καὶ
3698 5080 3837 5134 ἀλα-

625 5175 934 5246 superbiam
969 5193 986 5242 ;
1015 5185 1066 5230 et
1109 5191 1205 5246 per
1259 5176 1629 5241 fundamenta,
1664 5173 1976 5247 profundas
1998 5196 2183 5234 eorum

628 5265 1005 5334 cogitationes.
1032 5265 1442 5335 Conspicieutes
1472 5270 1614 5321 enim
1655 5269 1928 5323 (Immunes
1963 5271 2186 5338 inexpu-

629 5359 897 5430 gnabilem
963 5360 1051 5414 Dei
1101 5361 1417 5429 potentiam,
1480 5363 1711 5431 propriis
1764 5363 2183 5431 cogitationibus

630 5451 1131 5516 confundebantur,
1162 5452 1476 5506 dubitantes
1499 5455 1750 5522 quisnam
1778 5463 2011 5520 esset,et
2030 5471 2185 5522 repu-

635 5551 811 5596 tantes
861 5541 1038 5612 qualia
1087 5542 1187 5609 ipsi
1249 5544 1354 5609 pati
1413 5541 1697 5597 deberent.
1750 5541 1964 5597 lllormn
2023 5544 2184 5612 igitur

634 5632 990 5699 COgitationes
1047 5633 1127 5691 sic
1181 5635 1507 5702 perturbata:
1554 5643 1704 5698 sunt,
1764 5642 1818 5688 et
1876 5635 1975 5702 ipsi
2020 5637 2179 5688 etiam

632 5723 839 5788 pariter
871 5724 938 5776 ab
966 5723 1054 5776 illa
1087 5724 1322 5792 potentia
1355 5726 1631 5789 commoti,
1661 5725 1713 5778 in
1742 5741 1844 5792 qua
1885 5726 2010 5778 dum
2044 5728 2183 5792 vige-

637 5824 756 5869 rent
796 5815 1086 5868 validiores
1115 5827 1262 5870 erant
1294 5804 1354 5870 at:
1385 5816 1661 5872 fortiores.
1704 5816 1814 5870 lloc
1855 5800 2031 5872 autem
2067 5819 2183 5869 ideo

2284 5177 2519 5242 ζονείαν.
2560 5176 2796 5244 Θεμέλια
2824 5176 2879 5226 δὲ
2907 5175 3055 5240 λέγει
3087 5176 3212 5235 τοὺς
3237 5173 3419 5244 βαθεῖς
3450 5171 3836 5242 διαλογισμοὺς

2290 5267 2467 5319 αὐτῶν
2490 5283 2502 5296 ·
2546 5266 2778 5336 ὁρῶντες
2809 5267 2915 5331 γὰρ
2960 5264 3058 5333 τὴν
3086 5266 3294 5332 ἄμαχον
3315 5262 3408 5315 τοῦ
3454 5263 3692 5334 Χριστοῦ
3739 5263 3834 5315 δύο

2291 5376 2471 5426 ναμιν,
2519 5360 2829 5430 συνεχέοντο
2863 5358 2970 5416 τοῖς
3035 5347 3331 5422 λογισμοῖς,
3393 5354 3832 5422 διαπορούμενοι,

2290 5450 2370 5509 τίς
2397 5451 2530 5513 ἐστι,
2572 5449 2660 5500 καὶ
2692 5446 3148 5514 ἀναλογιζόμενοι,
3177 5438 3263 5496 οἷα
3289 5443 3587 5496 πείσονται.
3638 5443 3702 5493 Ol
3737 5443 3837 5510 μὲν

2289 5537 2382 5593 οῦν
2414 5539 2660 5606 λογισμοὶ
2684 5539 2860 5588 αὐτῶν
2895 5537 3063 5596 οὕτως
3098 5535 3476 5604 ἐταράχθησαν
3498 5553 3511 5568 ·
3559 5534 3710 5588 αὐτοὶ
3778 5535 3837 5585 δὲ

2293 5629 2675 5696 ἐσαλεύθησαν,
2707 5629 2795 5692 ἀφ’
2821 5622 2885 5695 ἦς
2918 5613 3270 5691 ἐϐεϐήκεισαν
3324 5624 3604 5689 δυνάμεως
3653 5640 3805 5691 παρα

2293 5721 2619 5791 κινηθέντες.
2658 5719 2826 5770 Τοῦτο
2846 5718 2899 5769 δὲ
2931 5715 3150 5776 ἔπαθον,
3183 5715 3263 5766 ὃτι
3287 5713 3532 5782 ὠργίσθη
3587 5711 3770 5774 αὐτοῖς
3808 5712 3835 5762 6

2295 5811 2445 5873 (κῌις,
2477 5811 2565 5861 ἐπὶ
2588 5809 2835 5860 τοσοῦτον
2868 5806 3250 5874 τυραννήσασι,
3280 5805 3373 5856 καί
3426 5802 3839 5858 καταδουλωσα-
