4082 6326
722 425 831 488 263

1994 417 2380 478 EUTlIYMII
2424 419 2787 480 ZlGABENI

3845 418 3936 484 266

725 548 886 606 pacto
921 535 969 589 ei
1006 533 1174 587 locuti
1208 539 1363 597 sunt,
1414 528 1659 586 dicentes
1706 543 1722 580 :
1752 526 1875 582 Dies
1929 528 2288 582 tribulationis

2393 529 2486 582 τοῦ
2522 531 2658 600 πρὸς
2711 532 2954 596 Ἡσαΐαν,
3009 531 3182 596 οὕτως
3230 533 3553 602 εἰρήκασινο
3593 529 3796 601 Ἡμέρα
3824 535 3937 590 01l-

726 639 881 695 atque
904 625 1202 695 improperii
1235 623 1301 676 ⁸⁸.

796 718 1048 786 Protegat
1105 726 1154 769 te
1205 731 1393 768 nomen
1446 713 1544 768 Dei
1570 713 1758 770 Iacob.
1789 715 1944 779 Quod
1986 713 2109 781 negl
2145 720 2290 764 ctum

726 804 889 856 modo
928 812 1032 867 est,
1080 813 1133 856 et
1166 802 1599 872 blaspltematunt
1631 804 1697 856 ab
1747 803 2008 872 Assyriis.
2049 799 2318 854 Meminit"

729 905 910 948 autem
948 893 1274 962 patriarcha:
1306 891 1496 957 Jacob,
1533 893 1657 960 quia
1686 904 1736 948 et
1761 893 1850 946 ille
1870 893 1923 946 in
1957 895 2165 962 magnis
2196 884 2326 945 ca-'

729 983 1070 1038 lamitatibus
1116 995 1367 1038 versatus
1401 991 1488 1038 est
1525 993 1577 1038 et
1612 984 1893 1055 periculis,
1930 992 1983 1039 et
2018 987 2085 1038 ab
2116 983 2292 1057 omni-

729 1075 833 1131 bus
871 1076 1083 1130 tandem
1126 1077 1215 1131 Dei
1253 1077 1456 1130 auxilio
1486 1077 1770 1132 liberatus.

802 1167 964 1220 Vens.
998 1168 1052 1220 5.
1092 1165 1431 1221 Emittettibi
1462 1168 1722 1220 auxilium
1776 1167 1837 1221 de
1897 1179 2104 1222 sancto.
2154 1166 2295 1220 San-

727 1263 902 1319 ctum,
929 1257 1187 1325 templum
1217 1257 1563 1326 appellabant
1584 1258 1816 1327 antiqui,
1838 1258 1980 1328 quod
2003 1257 2294 1312 adventare

729 1343 861 1396 illuc
894 1344 1059 1397 Deum
1087 1345 1408 1399 credebam.
1816 1341 1824 1346 ’

799 1432 868 1486 Et
898 1434 963 1488 de
985 1433 1126 1490 .Sion
1158 1444 1372 1490 tueatur
1404 1447 1470 1493 te.
1508 1437 1664 1493 Mons
1701 1437 1833 1492 Sion
1864 1437 2150 1493 dedicatus
2175 1444 2294 1490 erat

726 1521 977 1579 Domino.
1006 1525 1069 1579 Et
1107 1541 1304 1582 sensus
1338 1541 1422 1583 est
1459 1546 1470 1582 :
1509 1529 1652 1584 Deus
1674 1530 1766 1600 qui
1807 1529 2013 1583 habitat
2054 1529 2110 1582 in
2138 1527 2292 1590 Sion,

727 1614 876 1670 illinc
901 1618 1079 1670 veniet
1111 1618 1160 1670 in
1195 1619 1453 1672 auxilium
1490 1631 1663 1675 tuum.

803 1703 962 1762 Vens.
986 1708 1039 1761 4.
1072 1707 1364 1763 Μεηιονέίι
1400 1712 1570 1765 omnis
1591 1711 1846 1779 sacriﬁcii
1873 1712 1973 1763 tui.
2001 1708 2290 1774 Quodcun-

2392 623 2548 688 ψεως
2575 623 2670 675 καὶ
2705 624 2968 692 ὀνειδισμ
2977 623 3068 677 οῦ.

2479 708 2913 781 ’Υπὲρασπίσαι
2942 732 3058 767 σου
3097 716 3160 767 τὸ
3195 713 3382 782 ὄνομα
3422 713 3527 766 τοῦ
3555 716 3703 769 Θεοῦ
3737 716 3936 770 Ἰακώϐ.

2393 803 2467 855 Τὸ
2499 805 2852 870 ὲξουδενωθὲν
2889 807 2982 857 καὶ
3019 803 3272 873 ὑϐρισθὲν
3333 804 3435 855 ὑπὸ
3471 805 3578 856 τῶν
3615 805 3934 874 Ἀσσνρίων⁸

2393 894 2484 946 τοῦ
2523 894 2711 947 Ἰακώὸ
2729 895 2786 947 δὲ
2811 895 3232 963 ἐμνημόνευσεν,
3253 893 3324 953 ὡς
3354 893 3603 948 κάκείνου
3630 899 3935 964 πειρασμοῖς

2391 983 2748 1054 ὁμιλήσαντος
2807 985 3060 1054 μεγάλοις
3107 985 3200 1038 καὶ
3252 985 3458 1053 φόῆοις,
3513 987 3604 1037 καὶ⁵
3665 984 3937 1054 ρυσθέντος

2393 1076 2609 1129 πάντων
2646 1076 2735 1127 διὰ
2769 1075 2927 1128 Θεοῦ.

2466 1169 2921 1233 Ἐξαποστείλαι
2950 1185 3048 1223 σοι
3064 1167 3352 1233 βοήθειαν
3369 1168 3437 1233 ἐξ
3458 1169 3652 1236 ἁγίου.
3684 1169 3867 1236 Ἀγιον
3912 1170 3936 1221 6

2395 1260 2518 1323 ναὸς
2541 1261 2875 1330 ὠνομάζετο,
2896 1263 2953 1313 ὲν
2975 1255 3018 1328 ᾧ
3050 1262 3240 1330 φοιτᾷν
3267 1261 3554 1313 ἐπίστευον
3581 1261 3672 1311 τὸν
3708 1260 3855 1312 θεόν.

2464 1429 2570 1484 Καὶ
2598 1431 2666 1484 ἐκ
2701 1430 2854 1484 Σιὼν
2910 1431 3286 1485 ἀντιλάϐοιτό
3311 1445 3450 1484 σου.
3488 1429 3548 1482 Ἦ
3580 1429 3716 1482 Σιὼν
3744 1428 3850 1499 γὰρ
3874 1427 3942 1496 τῷ

2392 1521 2510 1590 Θεῴ
2539 1522 2814 1575 ἀνέκειτοο
2843 1524 2870 1591 ὁ
2919 1521 3070 1585 Θεὸς,
3129 1524 3156 1574 ὁ
3193 1521 3250 1574 ἑν
3283 1523 3347 1591 τῇ
3403 1519 3542 1572 Σιὼν
3576 1520 3674 1584 ὢν,
3706 1519 3762 1584 ἑξ
3788 1520 3945 1588 αὐτῆς

2343 1621 2345 1625 ’
2393 1587 2732 1681 κινούμενος.
2771 1587 3037 1682 βοηθήσοι
3061 1631 3142 1667 σοι

2463 1706 2772 1771 Μνησθειή
2813 1705 3017 1771 πάσης
3033 1684 3278 1770 οθ-υσίας
3295 1721 3437 1760 σου.
3476 1704 3576 1760 Ἤν
3601 1706 3657 1757 ὲν
3687 1705 3763 1775 τῷ
3783 1703 3946 1773 καιρῷ

726 1810 834 1865 que
869 1799 1081 1852 scilicet
1115 1802 1168 1853 in
1194 1801 1344 1870 pacis
1377 1805 1620 1869 tempore
1657 1813 1730 1882 ut
1754 1803 1874 1871 pius
1908 1816 1971 1855 ac
2003 1801 2292 1870 religiosus

2395 1796 2493 1863 τῆς
2525 1797 2744 1866 εἰρήνης
2783 1797 3075 1865 προσῆγες,
3110 1795 3523 1860 θεοσεϐέστατος
3547 1795 3643 1850 ὥν.

725 1888 773 1939 ei
809 1887 1084 1942 obtulisti.

803 1978 870 2031 Et
911 1979 1274 2033 holocaustum
1309 1990 1456 2032 tuum
1511 1979 1701 2048 pingue
1750 1981 1863 2047 ﬁat.
1897 1979 1999 2035 Per
2032 1980 2292 2035 holocau-

705 2081 875 2124 ‘slum
909 2070 1184 2121 victimam
1238 2070 1510 2137 intelligit,
1538 2085 1701 2140 quam
1733 2078 1897 2123 totam
1951 2078 2114 2138 atque
2156 2072 2293 2124 inte-

725 2174 878 2230 gram
905 2168 1018 2213 erat
1058 2159 1366 2213 oblaturus.
1398 2158 1544 2223 ilze'c,
1587 2162 1780 2228 inquit,
1818 2162 2032 2213 victima
2069 2164 2294 2230 pingue-

724 2261 864 2306 scat.
895 2250 1012 2303 Fiet
1037 2262 1220 2304 autem
1253 2251 1488 2320 pinguis,
1520 2251 1561 2305 si
1595 2251 1759 2305 libera
1793 2253 1840 2304 ei
1875 2267 2075 2320 pascua
2109 2253 2294 2306 dimit-

727 2351 934 2408 tantur,
972 2342 1118 2411 quod
1150 2341 1275 2403 erit,
1309 2337 1576 2395 dissoluta
1605 2341 1909 2395 obsidione.
1934 2340 2034 2396 Per
2060 2345 2291 2397 victima:

727 2435 912 2502 itaque
962 2431 1371 2502 pinguedinem,
1410 2429 1718 2484 obsidionis
1753 2433 1914 2485 etiam
1970 2431 2291 2489 dissolutio-

727 2537 852 2576 nem
914 2522 1029 2576 lieri
1066 2529 1240 2586 Optat.
1283 2517 1399 2584 Vel,
1438 2521 1748 2590 pingueﬁat,
1797 2520 1899 2575 hoc
1943 2531 2048 2588 est,
2091 2524 2288 2593 pingue

725 2622 1012 2683 reputetur
1047 2622 1100 2665 et
1130 2620 1440 2682 acceptum.
1480 2611 1876 2677 Holoeaustum
1912 2612 2098 2668 Grmcn
2125 2617 2291 2669 dictio

725 2715 831 2771 est,
864 2719 930 2758 ex
965 2704 1203 2757 nominis
1242 2704 1567 2774 etymologia
1624 2704 1704 2758 sic
1735 2704 1962 2769 dictum,
2001 2709 2144 2776 quod
2205 2719 2286 2763 to-

727 2809 841 2850 tmn
885 2797 1255 2850 comburatur.
1277 2793 1680 2848 Sacriﬁciorum
1701 2797 1843 2849 enim
1890 2796 1994 2851 alia
2027 2777 2289 2866 totaliter,

726 2882 830 2934 alia
866 2894 1046 2935 autem
1084 2885 1135 2935 in
1169 2893 1330 2952 parte
1359 2883 1816 2937 comburebantur
1844 2901 1857 2938 :
1891 2886 2058 2939 veluti
2099 2903 2289 2942 omen-

728 2982 870 3034 tum,
894 2987 1078 3036 reues,
1113 2981 1167 3024 et
1194 2972 1384 3043 adeps,
1415 2983 1470 3026 et
1518 2973 1622 3026 alia
1654 2973 1991 3042 liujusmodi,
2026 2986 2083 3029 ut
2124 2979 2289 3038 liabe-

729 3073 818 3115 tur
852 3061 908 3116 in
941 3060 1198 3116 Levitieo.

2464 1969 2572 2024 Kal
2607 1971 2672 2022 τὸ
2727 1969 3114 2038 ὀλοκαύτωμά
3161 1986 3276 2024 σου
3314 1971 3601 2024 mar-dra).
3646 1974 3710 2023 Ὃ
3747 1973 3945 2042 μέλλεις

2393 2061 2781 2130 προσενεγκεῖν
2839 2061 2917 2121 εἰς
2981 2060 3360 2129 ὁλοκάρπωσιν
3426 2059 3593 2130 θῦμα,
3663 2062 3942 2128 πιανθείη·

2393 2151 2752 2221 πιανθήσεται
2792 2150 2870 2212 δὲ,
2906 2150 3076 2218 νομῆς
3107 2150 3399 2219 ἐλευθέρας
3435 2149 3728 2205 ἀπολαῦον.
3763 2151 3945 2202 "Eata:

2391 2243 2448 2295 δὲ
2475 2243 2651 2304 τοῦτο,
2679 2241 2934 2310 λυθείσης
2968 2241 3096 2293 ποτὲ
3143 2240 3244 2310 τῆς
3297 2241 3613 2310 πολιορκίας
3637 2258 3652 2271 ·
3671 2236 3828 2294 ’ὥστε
3867 2241 3947 2292 διὰ

2392 2335 2488 2401 τῆς
2512 2333 2763 2401 πιότητος
2782 2331 2872 2384 τοῦ
2907 2331 3166 2400 θύματος,
3198 2331 3296 2400 τήν
3319 2331 3473 2384 λύσιν
3502 2333 3604 2400 τῆς
3637 2333 3942 2402 πολιορκίας

2393 2425 2426 2490 ὴ
2462 2421 2592 2490 εὐχὴ
2627 2421 2896 2491 βούλεται.
2919 2420 2986 2474 Ἦ
3015 2419 3302 2484 Πιανάτω,
3324 2421 3441 2474 ἀντὶ
3469 2419 3584 2486 τοῦ,
3616 2421 3762 2474 (Nor
3812 2421 3948 2490 ἡγη-

2391 2510 2619 2573 σάσθω,
2654 2510 2745 2561 καὶ
2773 2509 3151 2564 εὐαπόδεκτον.
3183 2510 3571 2578 Ὀλοκαύτωμα
3600 2510 3656 2562 δὲ
3681 2511 3944 2573 ἐκαλεῖτο,

2390 2601 2524 2652 διότι
2555 2602 2673 2652 ὅλον
2706 2601 2955 2652 ἐκαίετο⁶
3010 2603 3104 2652 καὶ
3139 2601 3245 2670 γὰρ
3280 2601 3384 2652 τῶν
3416 2600 3672 2669 θυμάτων
3722 2601 3787 2654 τὰ
3857 2601 3945 2669 μὲν

2390 2690 2792 2743 ὡλοκαυτοῦντο
2813 2706 2825 2720 ’
2876 2690 2982 2743 τῶν
3009 2691 3064 2744 δὲ
3117 2691 3278 2761 μόριά
3311 2709 3430 2745 τινα
3460 2691 3800 2756 κατεκαίετο,
3839 2694 3949 2744 ἐπί-

2391 2781 2579 2844 πλους,
2608 2784 2699 2834 καὶ
2724 2782 2930 2850 νεφροὶ.
2967 2781 3059 2834 καὶ
3077 2783 3264 2852 στέαρ,
3293 2783 3386 2835 καὶ
3422 2782 3553 2836 ἄλλα
3578 2780 3823 2848 τοιαῦτα,
3859 2799 3946 2833 κα·

2394 2871 2499 2934 θὼς
2529 2872 2588 2924 τὸ
2619 2872 2900 2924 Λευιτικὸν
2930 2871 3151 2938 ἐδίδαξε.

805 3149 964 3206 Vens.
986 3153 1038 3206 5.
1062 3151 1276 3207 Tribuat
1303 3158 1399 3210 tibi
1431 3141 1682 3213 Dominus
1709 3159 1990 3213 secundum
2009 3175 2099 3212 cor
2121 3167 2290 3214 tuum.

2465 3138 2588 3206 Δὼη
2611 3154 2709 3190 σοι
2750 3139 2963 3203 Κύριος
3013 3135 3160 3189 κατὰ
3186 3133 3298 3202 τὴν
3322 3135 3572 3204 καρδίαν
3616 3149 3753 3188 σου.
3787 3135 3874 3197 Ὠς
3916 3135 3944 3201 ἡ

731 3241 799 3295 lit
836 3254 1102 3297 cortuum
1135 3255 1308 3314 optat.
1357 3250 1466 3303 Cor
1496 3261 1678 3304 autem
1713 3251 1983 3319 Propheta
2021 3266 2166 3319 saepe
2202 3265 2295 3319 po-

729 3333 810 3387 nit
851 3349 949 3403 pro
977 3337 1178 3400 anima,
1216 3352 1282 3392 eo
1308 3340 1451 3408 quod
1493 3356 1602 3409 prae
1627 3343 1842 3396 caeteris
1866 3342 1986 3396 aliis
2037 3342 2295 3404 membris

727 3432 826 3470 cor
867 3419 936 3472 ab
969 3423 1146 3474 anima
1181 3424 1502 3492 inspiretur.
1538 3426 1628 3480 Sic
1656 3427 1818 3481 etiam
1839 3429 1966 3482 alibi
2003 3431 2292 3498 accipitur:

726 3498 830 3563 C07:
860 3527 1029 3565 meum
1055 3523 1102 3565 et
1127 3530 1252 3567 caro
1292 3531 1404 3569 mea
1445 3518 1841 3573 exsultaverunt
1899 3523 1950 3573 in
2007 3520 2170 3575 Deum
2222 3524 2299 3575 ei-

727 3608 946 3653 tentent.

810 3688 876 3741 Et
913 3707 1062 3744 omne
1084 3694 1362 3748 consilium
1417 3704 1566 3749 tuum
1631 3698 1864 3766 impleat.
1921 3699 2308 3772 Quodcunque

689 3811 692 3814 -
728 3782 944 3837 scilicet
970 3795 1182 3839 rectum
1214 3802 1277 3841 ac
1312 3787 1526 3856 justum
1565 3791 1750 3845 luerit.
2127 3839 2136 3846 .

802 3871 964 3928 Vens.
996 3876 1049 3928 6.
1077 3875 1405 3931 La‘labimur
1431 3881 1483 3932 in
1511 3883 1740 3935 salutari
1804 3893 1911 3937 tuo.
1972 3883 2289 3955 Speramus,

725 3962 919 4029 inquit,
961 3966 1101 4032 quod
1128 3964 1269 4022 Deus
1305 3984 1457 4023 suam
1494 3972 1567 4024 ob
1602 3973 2126 4041 clementiam,etob
2148 3987 2290 4032 tuam

725 4053 1084 4119 probitatem,
1128 4057 1472 4125 praestiturus
1504 4061 1603 4114 tibi
1639 4063 1712 4115 sit
1735 4061 1991 4126 salutem,
2019 4075 2176 4133 teque
2213 4068 2297 4119 iu-

727 4143 1093 4211 superabilem
1115 4145 1453 4212 redditurus,
1473 4165 1580 4218 quo
1609 4151 1872 4208 beneﬁcio
1894 4163 1947 4210 et
1983 4169 2084 4211 nos
2115 4167 2290 4212 tecum

726 4234 933 4302 pariter
955 4232 1218 4290 fruemur.

805 4322 954 4386 Elin
1023 4327 1231 4379 nomine
1274 4327 1369 4382 Dei
1405 4332 1571 4385 nostri
1630 4333 2103 4403 magniﬁcabimur.
2158 4336 2293 4392 Nam

2398 3230 2592 3300 καρδία
2633 3246 2725 3281 σου
2786 3229 3052 3297 βούλεται.
3098 3228 3338 3297 Καρδίαν
3382 3228 3433 3280 δὲ
3470 3227 3567 3298 τὴν
3619 3227 3800 3296 ψυχὴν
3828 3227 3949 3278 πολ-

2398 3321 2551 3382 λάκις
2579 3324 2603 3372 ὁ
2627 3321 2915 3390 Προφήτης
2945 3320 3113 3385 λέγει,
3149 3319 3236 3370 διὰ
3261 3319 3319 3369 τὸ
3351 3316 3579 3386 ἑξῆφθαι
3605 3316 3809 3385 ταύτην
3856 3317 3946 3383 τῆς

2396 3412 2593 3482 ψυχῆς,
2624 3413 2856 3480 μάλιστα
2903 3410 3009 3462 τῶν
3036 3410 3210 3463 ἄλλων
3253 3395 3467 3478 μελῶν,¹
3487 3407 3560 3470 ὡς
3590 3408 3649 3460 τό
3669 3424 3682 3436 ·
3729 3407 3791 3458 Ἡ
3821 3425 3950 3475 uap-

2396 3507 2479 3557 δία
2517 3522 2616 3571 μου
2669 3505 2758 3555 καὶ
2809 3505 2841 3571 ἡ
2879 3502 3014 3572 σάρξ
3061 3519 3160 3570 μου
3229 3501 3629 3568 ἡγιλλιάσαντο
3678 3501 3775 3552 ἐπὶ
3821 3499 3945 3550 Θεὸν

2397 3597 2593 3660 ζῶντα.

2457 3674 2572 3742 ’Καὶ
2605 3687 2809 3742 πᾶσαν
2837 3685 2950 3751 τὴν
2974 3684 3218 3749 βουλήν
3257 3699 3372 3736 σου
3411 3682 3746 3751 πληρώσαι.
3792 3683 3951 3749 Ἀτα-

2399 3779 2497 3848 θὴν
2524 3781 2618 3831 καὶ
2651 3779 2862 3831 δικαίαν
2894 3773 3077 3830 οὖσαν.

2469 3869 2975 3939 Ἀγιιιλλιασόμεθα
2996 3867 3092 3920 ἐπὶ
3132 3864 3210 3929 τῷ
3230 3865 3497 3932 σωτηρίῳ
3519 3880 3654 3945 σου.
3684 3863 3950 3917 Πεποίθαὲ

2399 3981 2496 4034 μεν
2534 3965 2613 4016 ὃτι
2636 3963 2720 4015 διὰ
2749 3962 2845 4030 τήν
2879 3960 3041 4013 αὑτοῦ
3072 3963 3433 4030 χρηστότητα,
3474 3957 3569 4010 καὶ
3593 3957 3693 4026 τὴν
3719 3957 3818 4027 σήν
3858 3973 3952 4007 κα-

2395 4056 2701 4125 λοκαρδίαν,
2733 4055 2760 4105 ό
2797 4053 2926 4114 Θεὸς
2951 4054 3044 4124 τὴν
3076 4052 3344 4122 σωτηρίαν
3375 4051 3608 4117 ποιήσει,
3650 4050 3746 4103 καὶ
3788 4050 3953 4102 ἀκατ-

2395 4148 2691 4216 αγώνιστον
2721 4147 2872 4216 θήσει
2896 4163 2978 4209 σε,
3014 4140 3082 4216 ἧς
3114 4146 3203 4197 καὶ
3233 4145 3391 4212 ἡμεῖς
3417 4143 3815 4208 ἀπολαύσομεν.

2449 4324 2580 4381 -Ἑν
2609 4321 2686 4388 τῷ
2734 4321 3411 4391 ὀνόματιιΚυρίουΘεοῦ
3445 4318 3612 4388 ἡμῶν
3653 4322 3950 4388 μεγαλυν-

725 4415 771 4469 si
799 4415 1047 4470 inimicus
1086 4417 1228 4472 Deus
1280 4424 1540 4484 conterit,
1571 4421 1937 4481 formidabilis
1962 4430 2121 4481 etiam
2189 4432 2293 4484 erit

2398 4418 2719 4486 θησόμεθα.
2749 4417 2807 4468 El
2833 4417 2940 4483 γὰρ
2972 4414 3242 4483 συντρίϐει
3278 4416 3402 4469 τοὺς
3435 4411 3682 4492 ἐχθροὺς,
3724 4411 3950 4480 φοϐερὸς

730 4506 1007 4571 gentibus,
1036 4507 1138 4560 hoc
1161 4508 1280 4562 solo
1324 4513 1546 4566 nomine
1582 4513 1727 4568 Deus
1756 4514 1921 4570 Israel
1950 4517 2235 4572 invocatus
2273 4537 2289 4576 :

725 4608 824 4663 per
876 4595 1025 4662 quod
1075 4613 1272 4651 nomen
1316 4610 1370 4653 et
1429 4615 1531 4657 nos
1582 4605 2075 4674 magniﬁeabimur,
2131 4607 2295 4663 veluti

725 4686 985 4740 exaudita
1019 4688 1368 4773 invocatione
1420 4701 1634 4747 nostra.

799 4774 965 4832 Vens.
995 4777 1047 4832 7.
1071 4777 1298 4848 Impleat
1331 4783 1588 4839 Dominus
1618 4803 1793 4841 omnes
1843 4790 2117 4856 petitiones
2147 4799 2292 4846 luas.

726 4866 970 4923 Orationi
1006 4869 1272 4926 insistunt
1314 4885 1368 4928 et
1406 4877 1682 4944 precibus,
1727 4880 1796 4935 ob
1852 4873 2164 4938 diuturnam
2228 4898 2293 4939 ac

665 5028 673 5037 Ι
727 4967 1072 5014 constantem
1137 4965 1528 5021 contritionem
1581 4979 1744 5038 atque
1790 4971 2148 5031 humilitatem
2209 4992 2293 5031 re-

725 5061 830 5117 gis.

793 5139 950 5196 Nunc
973 5147 1184 5213 cognovi
1217 5149 1465 5215 qnoniam
1489 5150 1690 5204 salvum
1711 5153 1831 5219 fecit
1864 5153 2114 5210 Dominus
2137 5158 2292 5212 Citri-

721 5241 861 5286 stum
886 5251 1059 5288 suum.
1093 5236 1218 5293 Htec
1259 5244 1416 5308 quasi
1442 5243 1508 5296 ab
1532 5259 1862 5313 unoquoque
1913 5263 2097 5302 eorum
2161 5262 2290 5308 tunc

725 5325 932 5412 pariter
957 5333 1426 5396 comprecantium
1461 5334 1605 5387 dicta
1632 5344 1778 5399 sunt,
1808 5339 2138 5395 certitudinc
2158 5359 2293 5412 qua-

725 5411 850 5464 dam
893 5414 1089 5469 salutis
1111 5417 1296 5472 habita
1328 5435 1356 5472 a
1391 5433 1582 5476 sancto
1622 5422 1847 5494 Spiritu.
1875 5429 2153 5484 Christum
2176 5411 2286 5486 fau-

727 5503 1052 5586 tem'ﬂegem
1090 5513 1326 5580 appellat
1355 5522 1411 5567 ut
1450 5525 1690 5571 unctum.
1994 5498 1999 5505 ι

796 5595 1059 5655 Exaudiet
1084 5603 1234 5688 illum
1271 5607 1335 5660 de
1358 5609 1484 5662 coelo
1515 5621 1698 5666 sancto
1725 5629 1841 5670 suo.
1862 5614 1921 5670 In
1960 5619 2099 5675 coelo
2125 5618 2281 5674 babi-

794 5780 843 5811 ⁸³
880 5782 990 5838 lsa.
1028 5799 1229 5853 xxxv",
1268 5787 1322 5844 ὅ.

2396 4511 2547 4564 ἔσται
2577 4513 2683 4572 τοῖς
2730 4509 2926 4572 ἔθνεσι,
2967 4507 3060 4558 καὶ
3097 4507 3254 4574 μόνον
3303 4503 3702 4572 ὀνομαζόμενος
3737 4504 3766 4555 ὁ
3823 4504 3950 4562 Θεὸς

2389 4603 2481 4656 τοῦ
2521 4600 2732 4671 Ἰσραήλ
2755 4619 2767 4632 ·
2799 4601 2885 4652 διὰ
2908 4599 2964 4652 δὲ
2996 4597 3087 4650 τοῦ
3119 4596 3358 4649 τοιούτου
3394 4596 3655 4664 ὀνόματος
3683 4597 3951 4666 καὶήμείς

2395 4690 2924 4762 μεγαλυνθησόμεθα
2962 4689 3460 4757 συνεξακουόμενοι.

2461 4783 2778 4853 Πληρώσαι
2825 4784 3040 4851 Κύριος
3090 4781 3285 4834 πάντα
3338 4778 3744 4849 τὰηαιτήματά
3810 4795 3949 4832 σου.

2405 4883 2749 4952 Ἐπιμένουσι
2773 4882 2836 4950 τῇ
2865 4879 3018 4948 εὐχῇ,
3047 4878 3134 4931 διὰ
3162 4876 3262 4952 τὴν
3291 4876 3548 4946 ἐπίμονον
3567 4876 3660 4930 τοῦ
3685 4875 3954 4945 βασιλέως

2392 4974 2680 5044 συντριδὴν
2709 4973 2803 5026 καὶ
2826 4973 3176 5023 ταπείνωσιν.

2462 5154 2591 5208 Νῦν
2638 5154 2849 5222 ἔγνων,
2883 5150 2972 5203 ὅτι
3021 5150 3216 5204 ἔσωσε
3265 5149 3478 5215 Κύριος
3528 5147 3632 5201 τὸν
3693 5147 3954 5215 Χριστὸν

2391 5245 2785 5299 αὑτοῦ.Τοῦτο
2817 5244 2890 5304 ὡς
2917 5243 3008 5309 ἀφ’
3037 5243 3267 5294 ἑκάστου
3296 5240 3405 5291 τῶν
3436 5239 3766 5308 εὐχομένων,
3800 5255 3952 5308 τηνι-
3996 5249 4007 5259 ’

2391 5339 2568 5391 καῦτα
2605 5334 2972 5404 πληροφορίαν
3007 5333 3127 5385 τινὰ
3158 5332 3465 5399 δεξαμένων
3500 5329 3650 5401 παρὰ
3668 5327 3760 5380 τοῦ
3791 5331 3948 5398 ἁγίου

2390 5432 2726 5500 Πνεύματος.
2787 5427 3016 5496 Χριστὸς
3063 5425 3167 5494 γὰρ
3221 5425 3247 5473 ὁ
3301 5423 3576 5492 βασιλεὺς,
3621 5420 3695 5482 ὡς
3730 5421 3953 5491 χριόμεο

2387 5539 2496 5585 νος.

2454 5613 2876 5667 Ἐπακούσεται
2906 5606 3090 5663 αὑτοῦ
3125 5605 3192 5672 ἐξ
3223 5605 3480 5675 οὐρανοῦ
3540 5603 3713 5674 ά-γιόυ
3741 5602 3949 5659 αὑτοῦ.
