4082 6326
608 468 615 476 '
645 455 753 516 295

640 569 812 638 magis
835 563 1046 618 allicere
1076 557 1320 615 student.
1346 557 1439 610 Vel
1467 571 1558 626 per
1585 569 1851 617 mensam,
1881 552 2188 604 futurorum

642 660 916 712 bonorum
957 651 1276 706 I'ruitionem
1327 646 1604 715 intelligit,
1658 659 1817 712 quam
1869 646 2192 710 prmparavtt

646 749 788 803 Deus
815 743 1168 815 diligentibus
1201 755 1296 805 se;
1333 738 1416 792 vel
1445 736 1637 792 altaris
1669 749 1937 795 mensam,
1985 731 2038 784 in
2087 743 2194 798 qua

639 853 796 894 coena
834 835 1062 906 mystica
1094 832 1188 886 illa
1217 831 1390 899 jacet,
1414 829 1497 882 vel
1530 829 1693 882 etiam
1723 827 1978 878 virtutem
2015 833 2197 874 mora-

641 933 744 984 lem
777 947 793 982 :
823 935 876 980 et
910 942 1008 996 per
1041 925 1222 977 oleum
1259 919 1404 990 quod
1445 926 1678 972 mentem
1713 915 2036 984 impinguat,
2061 926 2196 965 con-

1826 431 2203 496 EUTHYMII
2243 425 2603 488 ZIGABENI

3757 415 3869 477 296

2290 534 2491 595 λόντών
2543 535 2762 606 ἀγαθῶν
2790 535 2824 591 ἃ
2851 535 3149 606 ἡτοίμασεν
3189 535 3214 586 ὁ
3255 532 3386 596 Θεὸς
3415 533 3525 594 τοῖς
3567 530 3867 598 ἀγαπῶσιν

2225 609 2262 665 Α
2295 633 2478 686 αὐτόν.
2516 633 2587 684 Ἥ
2618 631 2714 683 καὶ
2748 629 2847 698 τὴν
2875 627 2970 680 τοῦ
3022 625 3407 695 θυσιαστηρίου
3439 621 3745 693 τράπεζαν,
3779 623 3849 687 ἐφ

2289 721 2358 796 ἧς
2384 724 2668 793 πρόκειται
2695 723 2722 775 ό
2751 722 2964 782 δεῖπνος
3006 722 3033 773 ὁ
3059 718 3346 790 μυστικάς·
3377 719 3410 787 ἢ
3456 717 3708 787 τράπεζα,
3741 714 3866 785 μὲν,

2295 818 2331 886 ἡ
2353 813 2633 887 πρακτικὴ
2657 812 2829 883 ἀρετή
2857 827 2871 889 ξ
2901 810 3079 865 ἔλαιον
3119 811 3196 874 δὲ,
3228 810 3476 864 λιπαῐνον
3509 809 3599 861 τὸν
3629 807 3758 860 νοῦν
3789 807 3870 869 ὡς

2295 904 2562 974 κεφαλὴν,
2592 905 2627 971 ἡ
2657 901 2862 971 θεωρία
2891 901 2998 955 τῶν
3030 901 3089 953 ἐν
3131 901 3242 962 τοῖς
3292 895 3411 953 οὖσι
3440 899 3614 965 λόγων
3641 916 3655 928 ·
3694 898 3873 967 ποτή-

642 989 1052 1090 templationem
1093 989 1287 1070 earum
1317 1012 1593 1066 rationum
1649 1007 1916 1075 intellige,
1971 1018 2094 1072 quae
2144 1001 2198 1054 in

2301 1015 2416 1066 ριον
2447 996 2524 1060 δὲ,
2557 997 2592 1066 ἡ
2618 996 2744 1064 περὶ
2757 993 2893 1047 θεοῦ
2915 993 3116 1062 γνῶσις
3142 1007 3156 1022 ’
3195 991 3341 1054 ἔλεος
3379 991 3435 1044 δὲ
3477 989 3664 1054 αὐτοῦ,
3684 991 3713 1042 ὁ
3746 989 3874 1041 ile-

643 1114 916 1167 :nentihus
950 1111 1162 1164 insunt.

2296 1090 2454 1158 ήμων
2483 1086 2616 1148 Υἱὸς
2670 1085 2767 1138 καὶ
2815 1083 2972 1150 Θεὸς,
3018 1083 3077 1146 ὃς
3122 1084 3208 1137 διὰ
3241 1085 3338 1152 τῆς
3395 1082 3874 1154 ὲνανθρωπήσεως

640 1206 823 1266 αὐτοῦ,
845 1200 1172 1266 κατβδιὼκει
1198 1199 1283 1250 ἀεὶ
1307 1197 1413 1260 ἕως
1443 1188 1504 1248 οὗ
1535 1189 1818 1262 καταλάδῐι
1839 1187 2046 1248 πάντας
2073 1183 2196 1244 τοὺς
2231 1175 2644 1247 σωθησομένους
2662 1188 2675 1202 ’
2708 1170 2855 1238 οἶκος
2877 1174 3008 1246 “all
3035 1174 3282 1244 βασιλεία
3310 1175 3474 1229 αὑτοῦ
3507 1177 3564 1227 ἐν
3729 1176 3874 1227 ἀπθ⁶

638 1265 990 1350 καθίστανται
1023 1291 1225 1351 πάντες
1251 1290 1299 1341 οἱ
1343 1287 1488 1355 ᾶγιοι
1515 1302 1530 1318 ο
1565 1285 1842 1355 μακρότης
1866 1281 1923 1333 δὲ
1950 1275 2192 1348 ἡμερῶν,
2229 1275 2264 1342 ἡ
2293 1269 2510 1331 αἰώνιος
2539 1268 2674 1338 ζωή.

702 1396 722 1446 l
745 1385 1066 1454 tnpinguasti
1091 1383 1142 1433 in
1161 1381 1272 1434 oleo
1301 1390 1456 1448 caput
1482 1394 1672 1432 meum.
1709 1377 1766 1430 In
1793 1374 1912 1428 oleo
1938 1370 2196 1425 nimirum

637 1478 940 1550 apit'ilualis
979 1475 1164 1543 gratia:
1191 1490 1206 1526 :
1237 1478 1292 1526 ct
1333 1486 1428 1540 per
1454 1477 1618 1538 caput
1651 1477 1883 1520 mentem
1917 1479 2010 1518 seu
2040 1459 2202 1515 intel-

639 1571 840 1623 lectum
882 1565 1166 1633 intellige,
1228 1561 1390 1615 veluti
1441 1569 1758 1613 contentum
1805 1552 2195 1609 acootiuente.

2375 1363 2703 1426 Ἐλίπανας
2730 1361 2801 1414 ἐν
2835 1361 3017 1429 ἐλαίῳ
3046 1362 3159 1430 τὴν
3189 1361 3461 1430 κεφᾳλήν
3483 1380 3620 1430 μου.
3653 1364 3748 1433 Τῷ
3779 1362 3877 1416 τοῦ

2295 1453 2671 1522 πνευματικοῦ
2702 1454 3040 1525 χαρίσματος
3063 1469 3078 1483 ⁸
3105 1454 3345 1523 κεφαλὴν
3379 1454 3456 1518 δὲ,
3481 1457 3568 1509 τὸν
3599 1458 3723 1510 νοῦν
3756 1460 3877 1525 oln-

2294 1546 2436 1606 τέον,
2489 1544 2554 1594 ἐκ
2576 1541 2669 1594 τοῦ
2700 1543 3044 1616 περιήχοντος
3074 1543 3132 1596 τὸ
3168 1543 3574 1613 περιεχόμενον.
3613 1544 3687 1598 Τὸ
3713 1547 3881 1618 χάρι-

639 1660 825 1714 Gratia
862 1659 1004 1711 euim
1037 1632 1276 1722 Spiritus
1310 1653 1611 1720 impingnat
1644 1661 1696 1704 et
1738 1649 1965 1700 hilarem
2021 1639 2202 1696 reddit

2301 1649 2409 1701 σμα
2442 1632 2550 1702 γὰρ
2579 1632 2673 1685 τοῦ
2724 1633 3039 1702 Πνεεῖματος
3095 1634 3337 1702 ἱλαρύνει
3386 1635 3485 1687 καὶ
3532 1637 3743 1688 πιαίνει
3784 1637 3881 1689 τὸν

643 1761 898 1806 mentem.
931 1747 1200 1800 Fortassis
1234 1745 1399 1799 etiam
1431 1741 1739 1796 unctionem
1771 1739 1892 1792 olei'
1907 1734 2202 1803 baptisma-

2295 1723 2442 1777 νοῦν.
2481 1725 2554 1776 Ἦ
2600 1723 2661 1776 τὸ
2709 1724 2916 1794 χρίσμα
2949 1723 3042 1776 τοῦ
3095 1724 3453 1792 βαπτιστικοῦ
3485 1725 3690 1789 ἐλαίου,
3725 1726 3760 1794 ἢ
3820 1725 3882 1777 to

645 1845 715 1894 tis
747 1839 1012 1908 priedicit,
1041 1845 1133 1887 aut
1171 1842 1506 1901 unguentum
1549 1830 1714 1890 illud,
1744 1841 1851 1893 quo
1880 1823 2138 1878 Dominus
2167 1834 2198 1872 a

2301 1813 2394 1866 τοῦ
2433 1813 2604 1884 μύρου
2646 1816 3045 1885 προαναφωνετ,
3083 1815 3168 1883 ἐφ’
3189 1814 3246 1867 ὃν
3279 1817 3387 1887 (87)
3434 1815 3540 1870 ἀπὸ
3567 1816 3666 1884 τῆς
3699 1832 3879 1883 κεφα-

644 1903 871 1983 tiiuliere
899 1937 1094 1980 unctus
1123 1933 1224 1986 est,
1265 1924 1318 1976 in
1343 1922 1540 1991 quibus
1589 1917 1844 1974 omnibus
1895 1928 1992 1986 per
2036 1919 2199 1979 caput

2303 1903 2402 1973 λῆς
2423 1904 2543 1956 ὅλον
2575 1904 2664 1956 τὸν
2693 1904 2977 1974 ἄνθρωπον
3009 1907 3312 1975 νοήσωμεν.

644 2029 814 2075 totum
855 2017 1128 2069 hominem
1167 2012 1461 2082 signiﬁcat.

717 2110 784 2164 Et
812 2097 960 2163 calix.
981 2116 1101 2158 tuus
1134 2105 1400 2157 inebrians
1448 2116 1527 2153 me
1563 2141 1578 2164 ,
1629 2114 1784 2167 quam
1832 2097 2060 2163 optimus
2085 2093 2204 2147 est!

640 2203 925 2262 Poculum,
959 2201 1204 2266 inquam,
1233 2194 1669 2264 evangelicorum
1701 2203 2033 2253 sermonum,
2059 2187 2201 2255 quod

646 2309 732 2349 me
760 2293 974 2346 ebrium
1007 2289 1207 2351 reddit,
1236 2286 1514 2340 Excedere
1544 2283 1686 2337 enim
1721 2297 1804 2334 me
1827 2279 1953 2332 facit
1980 2293 2008 2331 a
2034 2277 2202 2348 priori

652 2383 994 2452 pertinacia,
1051 2386 1237 2447 utpote
1297 2383 1488 2445 potens
1540 2383 1730 2426 contra
1788 2370 2060 2425 inimicos.
2109 2366 2204 2422 Vel

650 2475 830 2534 aliter,
865 2471 1116 2541 poculum
1162 2465 1428 2520 incruenti
1463 2461 1713 2517 sacrilicii
1742 2460 2010 2526 intelligit.

721 2563 887 2618 Vens.
946 2563 996 2614 6.
1059 2560 1122 2614 Et
1171 2558 1533 2612 misericordia
1588 2563 1676 2605 tua
1725 2561 2067 2634 “persequetur
2129 2565 2206 2602 me

649 2658 889 2712 omnibus
919 2654 1101 2707 diebus
1128 2653 1248 2706 vim
1280 2666 1426 2703 metr.
1469 2679 1534 2688 —
1573 2644 1936 2713 Persequetur,
1968 2642 2068 2695 hoc
2100 2648 2204 2701 est,

648 2755 907 2815 sequetur
933 2762 1038 2805 me,
1060 2749 1130 2795 ita
1156 2741 1494 2795 incedentem
1528 2737 1806 2798 nimirum,
1831 2741 1879 2788 et
1913 2731 2206 2802 fugientem

649 2844 887 2885 errores.
922 2827 1035 2888 Vel,
1077 2834 1434 2892 persequetur,
1469 2821 1573 2874 hoc
1602 2829 1706 2884 est,
1735 2820 2008 2887 perquirct
2040 2831 2123 2867 me
2155 2820 2209 2866 et

653 2935 761 2972 non
795 2915 1056 2970 discedet.

729 3007 791 3058 Et
817 3019 872 3058 ut
901 3007 1245 3057 inhabitarent
1274 3004 1326 3054 in
1351 3002 1504 3053 domo
1540 2999 1748 3053 Domini
1800 2998 1851 3048 in
1891 2993 2210 3063 longitudine

2375 2078 2483 2134 Kal
2516 2079 2582 2132 τὸ
2633 2078 2916 2146 ποτήριόν
2959 2097 3075 2134 σου
3099 2083 3407 2149 μεθύσκυν
3428 2099 3525 2149 με.
3558 2083 3700 2135 ὡσεὶ
3731 2084 3883 2150 κρά-

2308 2191 2532 2228 τιστον.
2558 2174 2632 2228 Τὸ
2657 2176 2808 2240 πόμα
2840 2175 2949 2228 τῶν
2973 2176 3344 2244 εὐαγγελικῶν
3375 2176 3566 2244 λόγων,
3600 2177 3882 2246 μεθύσκον

2315 2263 2382 2332 μέ
2411 2265 2578 2316 ἐστιν.
2617 2263 2912 2318 Ἔκστασιν
2940 2263 3046 2334 γὰρ
3076 2267 3293 2333 ἐμποιεῖ
3321 2263 3411 2317 τοῦ
3450 2267 3714 2335 προτέρου
3742 2284 3883 2335 φρο-

2310 2355 2571 2422 νήματος,
2605 2355 2680 2417 ὡς
2714 2355 2949 2423 κρατοῦν
2976 2356 3116 2408 κατὰ
3141 2357 3246 2407 τῶν
3275 2357 3504 2426 ἐχθρῶν.
3540 2359 3607 2409 Ἦ
3647 2361 3741 2411 καὶ
3780 2377 3883 2412 πο·

2312 2444 2519 2515 τήριον,
2547 2446 2607 2496 τὸ
2642 2447 2738 2514 τῆς
2777 2438 3115 2516 ἀναιμάκτου
3157 2445 3364 2506 θυσὶας.
3555 2439 3560 2452 ’

2385 2538 2491 2589 Kal
2523 2538 2588 2590 τὸ
2623 2538 2798 2600 ἔλεός
2852 2553 2969 2591 σου
3023 2538 3365 2599 καταδιώξει
3413 2557 3487 2606 με
3516 2540 3719 2604 πάσας
3779 2543 3885 2604 τὰς

2313 2624 2538 2694 ’ἡμέρας
2587 2625 2695 2692 τῆς
2751 2625 2899 2693 ζωῆς
2943 2645 3081 2696 μου.
3114 2657 3180 2666 -
3213 2629 3567 2694 Καταδιώξει
3599 2632 3724 2684 ἀντὶ
3761 2633 3882 2691 τοῦ.

2317 2717 2568 2777 "Enecat.
2604 2715 2745 2769 οὕτω
2771 2717 3010 2783 δηλονότι
3042 2718 3413 2789 πορευομένῳ,
3470 2722 3562 2772 καὶ
3591 2722 3689 2790 τὴν
3742 2723 3885 2775 πλά-

2317 2825 2411 2880 νην
2442 2808 2715 2876 φεύγοντι.
2745 2810 2814 2861 Ἦ
2846 2810 2964 2874 καὶ,
2997 2811 3220 2876 Διώεει,
3244 2810 3365 2864 ἀντὶ
3397 2810 3490 2863 τοῦ
3559 2812 3889 2884 Ἐκζητήσει

2321 2916 2414 2968 με,
2449 2900 2542 2950 καὶ
2572 2899 2670 2951 οὐκ
2694 2899 3074 2968 ἀποστήσεται.

2390 2989 2500 3040 Καὶ
2523 2988 2586 3040 τὸ
2612 2987 2909 3042 κατοικεῖν
2933 3006 3009 3057 με
3034 2990 3103 3042 ἐν
3141 2991 3282 3056 οῑκῳ
3299 2992 3515 3060 Κυρίου
3544 2997 3630 3058 εις
3656 2995 3888 3062 μακρό-

653 3100 877 3152 dierum.
910 3097 1273 3164 Persequetur
1301 3104 1477 3145 autem
1515 3107 1620 3153 me,
1653 3099 1709 3142 ut
1761 3081 1998 3141 ttttus‘in
2032 3093 2204 3152 prote-

2324 3098 2466 3146 τητα
2501 3079 2752 3148 ἡμερῶν.
2787 3080 3125 3146 Καταδιὼξει
3144 3081 3200 3134 δέ
3228 3099 3295 3151 με
3320 3085 3412 3136 καὶ
3437 3084 3498 3136 τὸ
3521 3088 3798 3138 κατοικεῖν
3829 3089 3888 3140 ιν

657 3193 836 3245 ctione
891 3189 978 3240 Diri
1018 3188 1273 3240 habitem.
1315 3183 1408 3238 Vel
1463 3198 1559 3251 per
1600 3182 1818 3235 domum
1863 3177 2070 3230 Domini
2113 3175 2204 3227 Ec-

2318 3179 2382 3243 τῇ
2416 3174 2595 3244 σκέπῃ
2631 3173 2724 3226 τοῦ
2764 3173 2968 3245 Κυρίου
3021 3168 3571 3246 περιφρουρούμενον.
3620 3180 3691 3230 Ἦ
3735 3175 3889 3232 οἰκον

653 3280 874 3336 clesiam
911 3279 1045 3332 dicit
1078 3317 1091 3337 .
1124 3284 1176 3328 et
1209 3275 1677 3345 congregationem
1709 3269 1942 3323 ﬁdelium
1969 3305 1983 3328 ,
2020 3267 2073 3320 in
2107 3281 2204 3335 qua

2316 3268 2519 3336 Κυρίου
2550 3268 2696 3334 λέγει
2728 3267 2824 3338 τὴν
2886 3268 3210 3338 Ἐκκλησίαν
3277 3269 3367 3322 καὶ
3417 3273 3740 3340 συναγωγὴν
3772 3273 3884 3324 τῶν

654 3371 862 3426 habitat
889 3369 1149 3423 Dominus
1178 3406 1189 3429 .
1223 3374 1276 3420 et
1326 3366 1389 3420 iis
1439 3361 1657 3432 apparet
1687 3399 1704 3425 ,
1763 3361 1856 3429 qui
1903 3360 2008 3412 Deo
2065 3357 2204 3425 dign?

2315 3357 2545 3418 πιστῶν,
2566 3359 2622 3408 ἐν
2701 3360 2840 3411 οἰκεῖ
2863 3360 2889 3412 ὁ
2912 3359 3134 3428 Κύριος,
3153 3361 3516 3431 ὀπτανόμενος
3542 3364 3654 3424 τοῖς
3681 3363 3887 3428 ἀξίοις,

655 3469 787 3517 sunt
831 3479 848 3526 ;
897 3471 949 3514 et
977 3474 1170 3514 sensus
1198 3466 1282 3512 est
1333 3472 1348 3508 :
1406 3456 1514 3523 Ego
1541 3462 1594 3507 et
1623 3453 1805 3506 divina
1843 3448 2204 3504 misericordia

2314 3446 2584 3509 τουτέστι,
2621 3447 2732 3500 Καὶ
2765 3447 2917 3498 ὲλὲου
2958 3448 3356 3519 ἀξιωθήσομαι,
3380 3449 3473 3502 καὶ
3502 3452 3890 3521 φρουρηθήσοο

655 3551 849 3622 dignus
878 3550 1162 3612 censebor,
1197 3556 1249 3601 et
1285 3554 1532 3616 protegar
1557 3559 1587 3597 a
1625 3543 1732 3596 Deo
1755 3584 1770 3608 ,
1798 3549 1851 3596 et
1887 3539 2060 3594 Iidelis
2095 3555 2204 3608 per-

2324 3554 2444 3606 μαι,
2479 3540 2573 3590 καὶ
2597 3539 2782 3600 πιστὸς
2809 3537 2986 3608 μενῶ.
3028 3540 3099 3592 Ἦ
3131 3540 3223 3592 καὶ
3266 3541 3441 3605 ἄλλως
3461 3557 3474 3572 ⁸
3508 3542 3581 3594 Τὸ
3612 3547 3894 3599 κατοικεῖν

658 3639 907 3693 manebo.
938 3638 1034 3692 Vel
1065 3638 1220 3690 aliter
1268 3655 1280 3688 :
1327 3635 1552 3688 Dabitur
1599 3633 1732 3686 mihi
1781 3633 1835 3685 in
1879 3630 2204 3698 longitudine

2327 3644 2392 3697 με
2424 3629 2480 3679 ὲν
2504 3629 2640 3696 οἴκῳ
2679 3629 2906 3698 Κυρίου,
2943 3630 3100 3682 ἔσται
3151 3647 3240 3700 μοι
3282 3632 3360 3696 εἰς
3387 3633 3710 3704 μακρότητα
3749 3638 3892 3705 ἠμί.

655 3723 888 3785 dierum,
921 3725 1024 3776 hoc
1048 3733 1131 3778 est
1163 3739 1256 3791 per
1285 3730 1454 3777 totam
1484 3723 1648 3775 vitam
1679 3761 1694 3784 ,
1729 3728 1790 3773 ιιι
1819 3719 2117 3773 inhabitem
2154 3718 2204 3772 in

2327 3717 2458 3785 ρῶν,
2483 3718 2670 3788 ηγουν,
2698 3718 2763 3771 δι’
2796 3719 2917 3773 ὅλου
2945 3719 3038 3773 τοῦ
3072 3719 3210 3790 βίου.

657 3816 820 3868 demo
846 3813 1090 3867 Domini.
1120 3815 1186 3866 Et
1217 3815 1376 3867 aliter
1409 3832 1423 3865 :
1467 3812 1623 3866 Calix
1655 3811 1767 3881 (88)
1798 3811 2035 3880 cognitio
2061 3812 2151 3864 Dei
2185 3814 2290 3872 est,
2326 3807 2704 3863 misericordia
2737 3818 2917 3864 autem
2943 3813 3089 3879 ejus,
3124 3813 3439 3871 misericors
3463 3815 3717 3886 nimirpm
3749 3815 3896 3888 Deus

659 3909 850 3973 Filius,
887 3911 977 3976 qui
1007 3925 1101 3979 per
1127 3910 1559 3963 incarnationem
1611 3922 1762 3962 suam
1787 3947 1803 3971 ,
1853 3920 2067 3975 semper
2125 3920 2223 3960 nos
2249 3905 2620 3977 persequitur,
2653 3905 2830 3963 donec
2851 3921 3041 3964 omnes
3105 3909 3571 3987 comprehendat,
3609 3913 3708 3981 qui
3775 3913 3892 3968 sal-

661 4004 825 4058 vandi
851 4016 998 4059 sunt.
1033 4005 1236 4066 Domus
1269 4006 1430 4058 etiam
1465 4003 1675 4056 Domini
1709 4012 1791 4055 est
1820 4001 1939 4071 ejus
1973 4017 2224 4070 regnum,
2252 4001 2307 4056 in
2379 4018 2490 4074 quo
2558 4005 2923 4058 restituuntur
2946 4018 3134 4060 omnes
3155 4006 3365 4070 sancti;
3388 4007 3897 4076 perlongltudincm

665 4111 793 4153 vero
823 4096 1062 4158 dierum,
1089 4104 1348 4148 a-ternam
1385 4095 1545 4147 vitam
1583 4093 1841 4161 intelligo.

879 4185 1125 4241 Psalmus
1141 4188 1242 4254 ipsi
1270 4186 1434 4240 David
1454 4187 1635 4251 primm
1657 4185 2016 4239 sabbatorum.

2478 4186 2724 4255 Ψαλμὸς
2760 4186 2838 4252 τῷ
2867 4188 3064 4248 Δαόὶδ,
3096 4189 3205 4258 τῆς
3233 4189 3375 4259 μιᾶς
3401 4193 3734 4247 Σαόϐἀτων.

1177 4276 1494 4331 PSALMUS
1527 4277 1714 4333 XXIII.

2885 4279 3176 4346 ΨΔΛΜΟΣ
3216 4279 3340 4334 nr'.

740 4367 838 4421 IIic
865 4367 1106 4436 psalmus
1139 4368 1542 4435 ἰιιεειίριὶοςιοςιι
1595 4368 1753 4422 habet
1789 4385 1803 4423 :
1862 4369 2057 4422 Prima:
2113 4369 2232 4422 sab-

665 4459 907 4513 batorum
935 4474 953 4513 τ
990 4459 1092 4513 hoc
1121 4467 1227 4523 est,
1259 4459 1406 4511 illius
1437 4458 1541 4512 diei
1565 4501 1579 4522 ,
1611 4473 1714 4527 qua
1747 4458 2001 4514 Christus
2046 4475 2200 4514 resur

2328 4459 2444 4527 ἦτοι
2483 4462 2580 4529 τῆς
2614 4463 2825 4533 ἡμέρας
2886 4462 3005 4515 καθ’
3054 4463 3125 4539 ἢν
3162 4464 3190 4515 ὁ
3247 4464 3450 4531 Κύριος
3493 4465 3714 4535 ἀνέστη,
3765 4473 3898 4537 περὶ

666 4550 834 4615 rexit;
869 4550 1017 4602 illam
1048 4551 1191 4600 enim
1216 4549 1355 4601 diem
1393 4550 1637 4616 praedicit
1664 4565 1825 4618 quam
1851 4549 2203 4621 Evangelista:

2326 4551 2495 4619 αὐτῆς
2525 4553 3007 4624 προσαγορευθεὶς,
3060 4554 3126 4623 ἢν
3159 4555 3251 4606 καὶ
3275 4556 3324 4606 ol
3363 4557 3739 4622 εὐαγγελισταὶ
3765 4547 3899 4628 μίαν

667 4642 890 4709 primam
915 4640 1254 4692 sabbatorum
1285 4638 1570 4693 manifeste
1591 4641 1931 4707 appellarunt
1963 4657 1977 4692 :
2010 4650 2204 4696 tamets

2301 4677 2302 4680 η
2333 4641 2624 4696 Σαεϐἀτων
2661 4644 2845 4714 σαφῶς
2869 4644 3154 4699 ἐκάλεσαν.
3185 4644 3526 4717 Διεξέρχεται
3558 4648 3615 4700 δὲ
3645 4650 3736 4701 καὶ
3767 4651 3898 4719 περὶ

669 4731 722 4785 ἱιι
751 4731 855 4785 ﬁne
878 4729 946 4783 de
969 4731 1344 4799 assumptione
1376 4733 1540 4785 etiam
1565 4729 1768 4784 Christi
1811 4739 2028 4786 tractet.
2061 4731 2204 4804 [Illut

2331 4734 2429 4800 τῆς
2477 4733 2569 4785 τοῦ
2601 4733 2849 4804 Σωτῆρος
2879 4734 3196 4805 ἀναλήψεως
3227 4737 3282 4787 ἐν
3311 4732 3390 4802 τῷ
3403 4736 3567 4790 τέλει.

671 4829 850 4876 tamen
876 4822 1272 4876 observandum
1305 4823 1449 4891 quod
1479 4824 1538 4876 in
1565 4823 1749 4878 Graeca
1791 4822 2028 4878 lectione
2068 4839 2228 4876 unam
2267 4819 2623 4878 Sabbatorum
2658 4825 2908 4895 legimus,
2945 4829 3087 4897 quod
3139 4827 3318 4882 Latini
3384 4827 3706 4897 interpretes
3763 4845 3901 4897 pas-

673 4914 775 4969 sim
794 4954 808 4979 ,
841 4915 1066 4986 primam
1093 4916 1370 4980 dixerunt,

744 5007 910 5065 Vens.
956 5010 1007 5063 Ι.
1049 5010 1260 5064 Domini
1301 5021 1374 5064 est
1411 5021 1551 5064 terra
1602 5021 1651 5066 et
1699 5013 1968 5084 plenitudo
1989 5017 2124 5080 ejus.
2154 5011 2204 5064 Et

2415 5009 2522 5064 Τοῦ
2549 5010 2772 5076 Κυρίου
2801 5010 2840 5077 ἡ
2873 5009 2947 5078 γῆ
2975 5012 3070 5064 καὶ
3123 5013 3187 5063 τὸ
3222 5013 3510 5081 πλήρωμα
3537 5012 3741 5080 αὐτῆς.
3773 5013 3900 5068 Ὅτε

675 5113 784 5166 quo
810 5098 1069 5151 nimirum
1091 5100 1159 5152 de
1188 5101 1467 5168 sepultura
1494 5103 1796 5154 resurrexit
1824 5141 1841 5166 ,
1868 5115 1922 5156 et
1946 5102 2200 5170 discipuli

2330 5101 2528 5172 δηλαδὴ
2564 5101 2656 5155 τοῦ
2700 5102 2986 5172 μνήματος
3016 5101 3353 5169 ἐξαναστὰς,
3405 5104 3732 5174 ὲνεφανίσθη
3783 5085 3924 5169 τοῖς.

676 5185 946 5252 apparuit,
977 5185 1164 5241 dicens
1200 5201 1215 5239 :
1254 5187 1388 5241 Data
1421 5199 1498 5243 est
1525 5190 1650 5243 milii
1688 5192 1856 5244 omnis
1891 5201 2144 5259 potestas.
2179 5193 2204 5243 ii

2335 5192 2620 5262 μαθηταῖς,
2650 5195 2741 5247 καὶ
2771 5188 2925 5245 εἶπεν
2949 5209 2962 5222 ·
3007 5192 3208 5262 Ἐδόθη
3231 5212 3334 5262 μοι
3362 5192 3531 5250 πᾶσα
3559 5193 3809 5259 ἐξουσία
3830 5198 3900 5250 ἐν

676 5274 802 5334 caelo
829 5283 876 5324 et
900 5274 952 5324 iu
980 5288 1114 5326 terra
1146 5275 1214 5339 ",
1239 5292 1301 5329 ex
1338 5277 1431 5330 illo
1466 5294 1598 5332 sane
1628 5287 1868 5348 tempore
1895 5319 1911 5343 ,
1957 5297 2068 5350 quo
2124 5283 2204 5336 ha:

2333 5281 2584 5352 οὐρανῷ,
2611 5286 2709 5338 καὶ
2736 5284 2836 5337 ἐπὶ
2862 5282 2995 5351 τῆς.
3031 5285 3119 5351 Ἐξ
3152 5287 3366 5355 ἐκείνης
3399 5286 3506 5356 γὰρ
3537 5287 3633 5358 τῆς
3657 5290 3896 5358 ἡμέρας,

681 5361 1004 5416 acciderunt
1035 5401 1050 5426 ,
1081 5364 1286 5418 Christi
1320 5365 1506 5420 eﬂecta
1538 5376 1621 5422 est
1655 5370 1835 5423 omnis
1873 5380 2015 5426 terra
2045 5413 2060 5437 ,
2114 5389 2204 5443 qu:

2333 5373 2425 5426 τοῦ
2473 5374 2713 5446 Χριστοῦ
2757 5377 2984 5441 γέγονεν
3027 5376 3060 5444 ἡ
3092 5377 3183 5444 γῆ,
3217 5376 3480 5446 πρότερον
3511 5377 3617 5431 ὑπὸ
3653 5379 3758 5430 τῶν
3783 5380 3898 5432 διι-

611 5476 613 5478 -
680 5461 837 5505 antea
860 5453 962 5506 sub
1000 5453 1305 5508 damonum
1336 5465 1599 5525 potestate
1627 5459 1988 5516 detinebatur.
2018 5461 2082 5515 Et
2117 5464 2237 5517 ubi-

681 5555 785 5609 que
818 5554 1108 5608 terrarum,
1137 5559 1237 5613 pro
1271 5544 1430 5599 idolis
1467 5547 1664 5616 templa
1692 5547 1803 5601 Deo
1839 5559 2017 5603 erecta
2064 5560 2192 5606 sunt
2223 5592 2237 5616 ,

2415 4368 2474 4421 Ὀ
2523 4369 2736 4438 ψαλμὸς
2773 4363 2946 4434 οὗτος,
3005 4369 3112 4438 τῆς
3156 4371 3298 4439 μιᾶς
3359 4375 3674 4428 Σαϐϐάτων
3723 4375 3894 4441 ἐστὶν,

2341 5466 2518 5534 μόνων
2569 5467 3101 5535 κατακυριευομένη.
3133 5468 3412 5537 Πανταχοῦ
3459 5468 3776 5536 λοιπδν“τῆς
3796 5470 3898 5537 γῆς

2336 5556 2457 5608 ἀντὶ
2485 5555 2592 5608 τῶν
2618 5555 2851 5610 εἰδώλων
2883 5557 3018 5609 θεῖοι
3052 5557 3172 5610 ναοὶ
3225 5559 3643 5629 καθιδρύθησαν,
3673 5559 3766 5613 τοῦ
3793 5578 3900 5628 ,κη-

2034 5667 2229 5728 Variee
2266 5668 2587 5732 lectiones.

761 5755 1218 5842 ςὲΖΗΞ-ίφπῖξνς
1282 5832 1300 5842 .
1387 5833 1395 5842 .
1445 5833 1455 5841 .
1761 5834 1774 5842 .

2355 5787 2542 5838 supra.
2594 5773 2644 5824 in
2705 5773 2808 5826 line
2838 5761 3202 5842 expositionis
3238 5774 3494 5831 versiculi
3533 5791 3547 5828 :
3593 5773 3814 5830 Periisti
3847 5791 3903 5828 ιη

756 5827 865 5926 ςεΧΒ)
919 5827 1103 5883 Graeca
1155 5835 1240 5886 hic
1282 5832 1490 5887 Latinis
1542 5834 1927 5905 respondentia
1983 5839 2240 5909 leguntur
2350 5827 2627 5909 conspectu
2665 5851 2756 5897 tuo
2791 5827 3042 5899 maniam.
