4082 6326
144 393 228 456 3.33
582 390 583 393 κ
1241 374 1631 439 cunnum.
1663 370 1748 431 IN
1781 370 2140 434 PSALMOS.

3199 367 3305 432 εει

149 496 511 569 Ἰεροσολύμοις
544 495 835 563 συναγωγή
864 510 876 524 ·
914 490 1049 561 μετὰ
1074 488 1246 559 δὲτὴν
1293 491 1370 551 είς
1423 485 1655 557 Χριστὸν

1761 487 1946 540 eratin
1972 484 2274 541 Jerusalem
2311 484 2443 551 ;sed
2469 491 2591 554 post
2624 483 2978 539 contumelias
3031 497 3059 536 a
3100 482 3300 539 Judaeis

142 593 290 659 ῦῦριν,
311 588 522 655 ἐγένετο
542 588 575 655 ὴ
593 583 820 647 ἔπαυλις
846 582 1027 636 αὐτῶν
1068 581 1425 652 ἡρημωμὲνη.
1460 579 1653 630 ’Υστεο

141 698 216 751 ρον
245 679 294 730 δὲ
318 681 534 744 γέγονεν
565 674 704 744 αὐλὴ
734 675 863 740 ἁγία
880 673 974 725 τοῦ
1008 672 1265 742 Χριστοῦ,
1297 673 1329 740 ή
1369 670 1476 723 τῶν
1522 670 1654 737 Χρι-

139 767 338 818 στιανῶν
379 764 675 833 Ἐκκλησία
697 763 791 815 καὶ
826 762 1025 828 πίστις,
1058 764 1115 813 ὲν
1215 761 1540 830 προσκυνεῖν
1558 761 1653 812 αὺ-

135 859 209 909 τὸν
232 858 257 907 ὁ
281 856 427 922 λόγος
459 854 849 922 προτρέπεται,
876 852 1104 905 κωλύων
1128 853 1225 915 τὰς
1278 850 1654 920 σχισματικῶς

136 946 599 1015 παρασυναγωγὰς,
624 945 720 995 καὶ
747 944 918 1014 μόνην
942 943 1208 1012 ἐκκρίνων
1245 943 1343 1011 τὴν
1391 943 1496 994 ἀπὸ
1523 942 1652 1010 Χρι-

138 1034 243 1088 στοῦ
272 1033 698 1104 παραδεδομένην
731 1035 932 1086 πίστιν.
962 1031 1197 1085 Δυνατδν
1222 1031 1279 1082 δὲ
1317 1032 1508 1100 νοῆσαι
1560 1031 1655 1082 αύο

135 1123 217 1191 λὴν
241 1124 325 1173 καὶ
346 1123 440 1190 τὴν
466 1121 813 1189 ἐπουράνιον.
846 1121 943 1173 Διὰ
969 1121 1126 1173 τοῦτο
1150 1122 1199 1172 oi
1260 1110 1654 1188 πεφυτευμένοι

136 1209 339 1262 ἐνταῦθα
364 1212 421 1261 ὲν
441 1208 518 1278 τῷ
543 1209 676 1279 οἴκῳ
706 1210 937 1280 Κυρίου,
998 1210 1197 1279 δηλαδὴ
1251 1212 1317 1278 τῇ
1363 1209 1657 1278 Ἐκκλησία.

133 1299 225 1351 τῶν
254 1299 468 1362 πιστῶν,
492 1300 550 1351 ἐν
610 1303 730 1363 ταῖς
789 1301 978 1363 αὐλαῖς
1029 1302 1146 1367 ἐκεῖ
1186 1299 1281 1352 τοῦ
1323 1299 1455 1352 Θεοῦ
1501 1299 1655 1369 ἡμῶν

135 1390 475 1459 ὲξανθήσουσι.

190 1482 345 1547 Φωνὴ
390 1485 607 1550 Κιιρίου
662 1483 762 1536 ἐπὶ
795 1483 913 1537 τῶν
940 1484 1192 1539 ὑδάτων.
1225 1485 1397 1539 Τοῦτο
1446 1504 1657 1557 προφη-

133 1572 232 1623 τεία
256 1575 374 1642 περὶ
400 1576 499 1643 τῆς
531 1574 840 1644 ἐνεχθείσης
869 1573 1077 1627 ἄνωθέν
1110 1576 1291 1644 φωνῆς
1324 1578 1381 1629 ὲν
1396 1578 1655 1650 Ἰορδάνῃ,

133 1664 207 1716 ὅτε
232 1666 259 1715 δ
290 1664 519 1732 Χριστὸς
562 1663 914 1723 ὲΰαπτίσατο,
949 1663 1247 1733 λεγούσης·
1275 1660 1463 1730 Οὗτός
1491 1664 1659 1731 ἐστιν

137 1758 163 1807 ό
194 1755 316 1818 Υἱός
334 1770 451 1822 μου
490 1756 524 1807 ό
544 1754 869 1822 ἀγαπητὸς,
901 1754 971 1807 ἐν
998 1748 1046 1821 ᾧ
1080 1754 1412 1821 ηὐδόκησα.

202 1845 257 1896 ’0
285 1810 423 1909 ὸέὸς
444 1842 553 1910 τῆς
575 1810 761 1911 iam};
788 1810 1130 1914 έὲρδντῆσὲ.
1147 1845 1206 1897 'o
1229 1810 1418 1916 Πατὴρ
1447 1847 1657 1917 ἀφῆκεν
1687 1810 1730 1863 ¹¹

136 1936 324 2006 ἐκείνην
350 1938 451 2006 τὴν
496 1937 703 2008 φωνὴν,
753 1938 818 2008 ἢν
856 1938 950 1990 καὶ
999 1936 1225 2006 βροντὴν
1254 1937 1530 2005 ὀνομάζει,
1571 1939 1658 1992 διὰ

136 2028 186 2077 si
212 2026 266 2092 ἐξ
293 2026 522 2095 ούρανοῦ
553 2027 903 2096 κατηνέχθαι,
938 2028 1061 2081 ὅθεν
1094 2030 1188 2080 καί
1219 2030 1276 2080 ai.
1308 2029 1547 2099 βρονταὶ,
1565 2030 1659 2082 καὶ

135 2117 209 2188 διὰ
234 2118 291 2168 τδ
312 2119 556 2188 στερρὸν,
583 2118 677 2171 καὶ
707 2118 1053 2181 ἐξάκουστον.
1084 2120 1230 2183 Θεὸς
1248 2119 1305 2173 δὲ
1332 2118 1438 2186 τῆς
1452 2120 1656 2187 δόξης,

136 2186 237 2258 ἀντὶ
262 2206 369 2266 τοῦ,
399 2186 629 2271 ἐνδοξος,
664 2206 854 2276 ὥσπερ
895 2208 991 2260 καὶ
1021 2207 1152 2269 Θεὸς
1186 2209 1285 2277 τῆς
1312 2186 1595 2280 ἀληθείας,
1631 2211 1660 2262 δ

134 2295 379 2363 ἀληθινὸς,
414 2295 511 2348 καὶ⁵
558 2295 689 2360 Θεὸς
732 2299 1085 2368 ἐκδικήσεως,
1138 2302 1167 2352 ὁ
1214 2301 1523 2371 ὲκδικητὴς,
1565 2301 1661 2354 καὶ

135 2386 249 2448 Θεὸς
276 2387 576 2456 δυνάμεων,
609 2391 637 2440 ὁ
660 2389 907 2454 δυνατὸς,
933 2391 1026 2442 καὶ
1055 2389 1189 2452 Θεὸς
1222 2391 1422 2461 ἐλέους,
1453 2394 1481 2445 δ
1510 2392 1663 2462 ἐλεήο

137 2493 260 2544 μων,
290 2479 378 2530 καὶ
413 2479 514 2530 ὅσα
558 2478 784 2533 τοιαῦτα
809 2494 823 2511 ο
860 2479 1055 2549 ίδίωμσι
1097 2482 1204 2551 γὰρ
1235 2483 1330 2535 καὶ
1371 2483 1529 2537 τοῦτο
1564 2484 1663 2554 τῆς

134 2563 371 2627 unum.

194 2730 399 2815 Κύριος
434 2751 531 2803 ἐπὶ
590 2752 826 2806 ὑδάτων
874 2754 1137 2809 πολλῶν.
1200 2755 1257 2810 '0
1311 2759 1544 2828 Χριστὸς
1605 2761 1663 2813 ὲν

134 2837 273 2892 ’ὕδασι
297 2878 314 2903 ,
346 2845 455 2903 τοῖς
486 2842 578 2894 τοῦ
617 2844 899 2912 Ἰορδάνου,
933 2832 1029 2898 καὶ
1054 2844 1121 2899 δι’
1156 2845 1379 2900 ἐκείνων
1409 2850 1467 2901 ὲν
1499 2850 1664 2902 πᾶσιν

134 2928 321 2995 ὕδασιν,
345 2932 585 2998 ἁγιάζων
615 2933 710 3003 τὴν
737 2935 895 3002 φύσιν
924 2935 1102 2988 αὐτῶν
1132 2938 1190 2988 ὲν
1226 2937 1485 3009 Ἰορδάνῃ.

192 3022 355 3087 (Puri;
381 3024 599 3090 Κυρίου
627 3026 699 3078 ἐν
725 3028 911 3094 ισχύτ.
932 3029 1020 3080 Ἐν
1047 3028 1125 3096 τῷ
1164 3030 1367 3099 ίσχυρῷ
1394 3033 1533 3085 κατὰ
1556 3034 1664 3087 τῶν

1755 577 1808 630 in
1842 577 2117 632 Christum
2142 577 2345 642 illatas,
2389 575 2529 630 facta
2569 582 2651 629 est
2680 575 2942 629 habitatio
2982 575 3073 629 illa
3138 575 3298 629 dcso-
3398 568 3406 574 ’

1736 669 1887 729 lata.
1912 667 2216 725 Novissime
2249 679 2429 722 autem
2470 669 2591 721 aula
2638 678 2824 721 sancta
2879 667 3102 730 Christi,
3156 667 3297 723 facta

1754 769 1840 815 est
1869 762 2302 816 Christianorum
2337 761 2583 814 Ecclesia
2607 775 2668 813 ae
2704 760 2856 820 ﬁdes,
2899 762 2955 813 in
3015 776 3121 829 qua
3176 776 3302 828 pro-

1756 853 2008 922 pheticus
2031 866 2214 907 sermo
2246 853 2584 907 adorandum
2632 868 2756 907 esse
2790 852 3074 905 Dominum
3124 853 3299 920 jubet,

1756 960 1948 999 omnes
1978 946 2114 999 alias
2148 946 2461 1014 illegitimas
2507 946 2951 1015 cengregationcs
2987 943 3300 1013 prohibens,

1755 1044 1809 1091 et
1841 1037 2012 1090 solam
2051 1036 2256 1105 eligens
2289 1036 2445 1090 iidem
2471 1049 2499 1088 a
2529 1035 2744 1089 Christo
2786 1034 3063 1087 traditam.
3096 1035 3306 1088 intelli-

1757 1143 1882 1197 gere
1915 1128 2080 1182 etiam
2121 1142 2417 1197 possumus
2441 1142 2535 1197 per
2568 1128 2770 1190 aulam,
2798 1125 3306 1180 caelestem-habita-

1757 1218 1982 1271 tionem.
2023 1218 2155 1269 Nam
2193 1218 2228 1269 ii
2264 1219 2355 1285 qui
2399 1218 2453 1270 in
2501 1218 2603 1270 hac
2631 1218 2739 1269 vita
2792 1215 3016 1285 plantati
3070 1224 3197 1269 sunt
3250 1217 3301 1268 in

1756 1307 1916 1361 domo
1947 1306 2180 1372 Domini,
2206 1308 2315 1361 illic
2344 1308 2396 1361 in
2426 1308 2561 1363 aulis
2588 1306 2680 1361 Dei
2710 1307 2881 1361 nostri
2910 1306 3200 1360 ﬂorebunt.

1834 1479 1992 1534 Vsus.
2023 1484 2077 1536 '5.
2114 1480 2220 1534 Vox
2241 1480 2455 1533 Domini
2478 1496 2634 1550 super
2671 1495 2853 1548 aquas.
2882 1477 3166 1547 Prophetia
3191 1477 3303 1531 iure

1758 1581 1844 1625 est
1873 1573 1939 1625 de
1960 1587 2091 1642 voce
2130 1588 2250 1641 qua:
2298 1574 2349 1624 in
2383 1570 2618 1625 Jordane
2650 1585 2885 1639 superne
2914 1569 3151 1625 demissa
3194 1578 3299 1632 est,

1759 1663 1977 1732 quando
2002 1662 2252 1717 Christus
2282 1662 2678 1731 haptizahatur,
2711 1661 2900 1715 dicens
2925 1679 2938 1714 :
2972 1660 3074 1713 llic
3104 1670 3179 1719 est
3208 1659 3302 1713 Fi-

1759 1757 1860 1810 lius
1893 1772 2036 1809 meus
2056 1755 2295 1818 dilectus,
2317 1755 2369 1807 in
2398 1770 2498 1823 quo
2534 1754 2828 1822 complacui
2881 1754 3007 1806 mihi
3028 1754 3089 1804 ".

1830 1844 1970 1899 Deus
2030 1845 2210 1915 gloria:
2249 1846 2499 1899 intonuit.
2560 1844 2677 1913 ipse
2722 1827 2878 1898 Pater
2934 1859 3117 1899 vocem
3155 1844 3297 1897 illam

1758 1938 1944 1993 emisit
1975 1953 2135 2003 quam
2168 1937 2429 1991 diximus.
2466 1936 2790 1989 Tonitruum
2822 1946 3002 1988 autem
3041 1949 3159 1988 eam
3201 1949 3300 2003 ap-

1760 2029 1986 2098 pellavit
2009 2027 2299 2097 Propheta,
2336 2037 2390 2080 et
2420 2027 2548 2093 quia
2583 2042 2612 2081 e
2642 2028 2783 2081 caelo
2808 2027 2985 2080 delata
3032 2034 3116 2080 est
3159 2028 3302 2079 unde
3336 2058 3339 2059 ν

1763 2119 1991 2173 veniunt
2022 2119 2262 2173 tonitrua
2292 2126 2345 2172 et
2384 2126 2602 2186 propter
2634 2118 3246 2188 illiusmaguitudinem
3284 2135 3298 2170 :

1762 2224 1889 2263 nam
1924 2212 1993 2264 ab
2018 2210 2274 2267 omnibus
2319 2210 2387 2263 de
2418 2209 2567 2263 facili
2598 2210 2778 2263 audita
2805 2219 2909 2264 est.
2949 2210 3086 2263 Deus
3121 2220 3296 2263 autem

1759 2302 1945 2372 gioriw
1975 2301 2115 2355 dixit
2146 2317 2266 2371 pro,
2311 2302 2451 2356 Deus
2495 2302 2792 2371 gloriosus,
2846 2299 3300 2369 quemadmodum

1761 2403 1818 2447 et
1857 2393 1983 2447 alibi
2033 2392 2172 2449 Deus
2200 2394 2400 2447 dicitur
2426 2393 2687 2458 veritatis,
2711 2392 2851 2447 Deus
2897 2391 3135 2455 ultionis,
3161 2390 3305 2444 Deus

1761 2484 2162 2554 potentiarum,
2198 2492 2252 2539 et
2307 2483 2446 2537 Dens
2504 2482 3037 2545 misericordiarum,
3082 2496 3179 2551 pro
3238 2495 3305 2534 eo

1761 2574 1907 2644 quod
1920 2583 2024 2640 est,
2044 2574 2184 2631 Deus
2198 2588 2380 2640 verus,
2400 2573 2535 2628 Deus
2552 2573 2744 2628 vindex
2756 2614 2769 2635 .
2787 2574 2924 2628 Deus
2938 2581 3145 2643 potens,
3164 2570 3307 2630 Deus

1764 2663 2093 2720 misericors.
2134 2664 2332 2720 Idioma
2359 2666 2502 2720 enim
2536 2673 2617 2720 est
2648 2665 2843 2720 veteris
2872 2666 3184 2735 Scriptum.

1837 2756 2090 2810 Dominus
2117 2771 2272 2826 super
2305 2773 2470 2825 aquas
2506 2756 2725 2811 multas.
2758 2755 3016 2812 Christus
3043 2758 3302 2814 nimirum

1766 2847 1821 2901 in
1870 2847 2028 2916 aquis
2055 2846 2294 2901 ﬂuminis
2352 2845 2628 2913 Iordanis,
2670 2856 2726 2903 et
2778 2847 2979 2917 ubique
3034 2864 3133 2919 per
3159 2849 3305 2915 illas,

1766 2932 2027 3008 aquarum
2052 2946 2299 2993 naturam
2330 2940 2698 2995 sanctiﬁcans.
3192 2999 3194 3001 ,
3288 2956 3292 2960 ·

1838 3029 1999 3084 Vens.
2029 3030 2083 3083 4.
2138 3030 2248 3084 Vox
2274 3030 2485 3085 Domini
2509 3033 2563 3084 in
2587 3032 2913 3100 fortitudine.
2947 3033 3009 3086 In
3033 3032 3183 3097 forti,
3216 3035 3305 3089 iu-

132 3108 305 3162 παθῶν
333 3112 483 3182 ἀνδρὶ
515 3115 666 3185 φωνὴ
693 3116 900 3183 γίνεται
928 3119 1157 3188 Κυρίου,
1213 3123 1527 3189 ρωννύουσα
1568 3125 1662 3177 καὶ

1765 3122 1902 3192 quit,
1957 3136 2022 3175 ac
2076 3123 2303 3178 robusto
2339 3123 2929 3191 adversus‘passiones
2978 3134 3143 3196 atque
3177 3126 3306 3183 alie-

132 3201 481 3273 ὕποτιοεμένη
513 3206 581 3256 τὰ
608 3206 812 3259 δέοντα.

188 3397 358 3465 Φωνὴ
410 3400 631 3466 Κυρίου
680 3400 753 3454 ἐν
793 3405 1292 3472 μεγαλοπρεπείᾳ.
1349 3407 1548 3476 Καιὴἐν
1582 3407 1661 3477 τῷ

131 3488 550 3559 μεγαλοπρεπεῖ,
583 3491 659 3559 τῷ
690 3493 1116 3562 καταφρονοῦντι
1156 3495 1255 3562 μὲν
1284 3497 1391 3549 τῶν
1425 3498 1662 3568 γεηρῶν,

131 3575 400 3645 φρονοῦντι
433 3578 490 3630 δὲ
516 3579 582 3631 τὰ
606 3579 832 3648 οὐράνια
853 3597 865 3611 ·
897 3582 971 3645 ὡς
1000 3582 1290 3652 δηλοῦσθαι
1328 3584 1416 3637 διὰ
1446 3586 1544 3654 μὲν
1564 3586 1663 3655 τῆς

130 3666 326 3736 ἰσχύος,
352 3669 444 3720 τὸν
472 3673 778 3739 πρακτικόν
798 3690 813 3704 ο
848 3673 937 3728 διὰ
967 3674 1024 3728 δὲ
1044 3676 1141 3745 τῆς
1166 3676 1659 3748 μεγαλοπρεπείας,

126 3757 205 3809 τὸν
227 3757 581 3829 θεωρητικόν.
916 3754 925 3764 ’
1056 3751 1061 3756 ⁸
1248 3798 1255 3805 -

187 3849 360 3919 Φωνὴ
388 3853 633 3919 Κυρίου,
654 3858 1078 3923 συντρίϐοντος
1099 3860 1364 3927 κέδρους.
1382 3860 1449 3915 Ἦ
1471 3862 1662 3932 κέδρος

125 3940 241 3993 ποτὲ
295 3943 397 4011 μὲν
432 3944 525 3995 ἐπὶ
572 3944 739 3997 καλοῦ
788 3946 1141 4015 λαμϐάνεται,
1173 3949 1263 4003 διὰ
1293 3951 1355 4003 τδ
1410 3953 1661 4022 ἄσηπτον

124 4032 205 4083 καὶ
256 4034 575 4102 κατάκομον
631 4037 724 4087 καὶ
766 4038 985 4101 εὑῶδες,
1038 4040 1114 4102 ὥς
1163 4042 1262 4094 τό·
1297 4044 1531 4109 Δίκαιος
1579 4044 1661 4110 ὡς

120 4121 311 4188 φοίνιξ
335 4123 607 4189 ἀνθήσει,
634 4124 731 4178 καί
754 4128 894 4180 ὡσεί
918 4128 1128 4198 κέδρος
1169 4134 1207 4199 ἠ
1236 4135 1307 4185 ἐν
1326 4132 1405 4197 τῷ
1432 4133 1662 4199 Λιϐάνῳ

121 4213 608 4280 πληθυνθήσεται
629 4229 642 4244 ·
687 4217 815 4269 ποτὲ
847 4218 903 4271 δὲ
931 4220 1023 4271 ἐπὶ
1056 4212 1258 4286 κακοῦ,
1277 4221 1372 4274 διὰ
1401 4226 1461 4275 τὸ
1490 4224 1662 4293 ἄχαρι

120 4318 212 4353 πον
230 4306 327 4357 καὶ
358 4303 778 4374 δυσκαμπὲς,ιῖ›ς
798 4308 889 4360 τό·
922 4307 1102 4363 Εἶδον
1126 4313 1231 4364 τὸν
1266 4312 1454 4381 ἀσεϐῆ
1485 4316 1662 4382 ὑπερ·

1764 3223 1886 3267 etus
1911 3214 2149 3276 homine,
2190 3228 2295 3267 vox
2351 3213 2562 3268 Domini
2621 3215 2698 3278 iit,
2751 3216 3017 3272 roborans
3069 3234 3192 3272 eum
3239 3234 3304 3274 ac

1764 3314 2210 3372 suggerensun
2242 3304 2551 3357 necessaria
2578 3312 2726 3357 sunt.
2876 3346 2879 3347 ν
3196 3368 3202 3376 .

1830 3384 1956 3446 Vox
1995 3392 2203 3447 Domini
2237 3394 2292 3447 in
2332 3395 2744 3464 magniﬁcentia.
2786 3396 2899 3452 iloc
2941 3407 3046 3463 est,
3078 3400 3150 3453 in
3188 3416 3306 3455 ma-

1763 3484 1961 3552 gniﬁco
1991 3498 2059 3538 eo
2084 3484 2221 3547 viro,
2243 3486 2334 3553 qui
2366 3488 2645 3540 terrestria
2668 3488 2955 3555 spreverit,
2980 3495 3033 3542 et
3050 3490 3302 3548 .ccelestia

1766 3581 1975 3628 tantum
2038 3574 2332 3628 meditetur
2365 3589 2378 3624 :
2416 3582 2474 3627 ut
2535 3591 2629 3634 per
2668 3577 3044 3632 [orntudinem
3081 3582 3301 3650 quidem

1766 3665 1960 3728 activa,
1990 3678 2054 3719 ac
2081 3665 2305 3719 moralis
2336 3667 2531 3729 virtus,
2559 3660 2657 3734 per
2675 3666 3137 3736 magniﬁcentiam
3173 3688 3303 3728 vero

1764 3755 2192 3824 contemplativa
2219 3756 2575 3824 signiﬁcetur.

1839 3849 1999 3903 Vens.
2034 3848 2086 3902 5.
2135 3847 2249 3902 Vox
2279 3848 2528 3912 Domini,
2568 3849 2938 3919 confringentis
2964 3854 3161 3910 cedrus.
3200 3855 3303 3910 Cc-

1764 3937 1900 3992 drus
1934 3937 2228 4006 aliquando
2260 3938 2315 3991 in
2349 3937 2548 3991 bonum
2597 3939 2879 4007 accipitur,
2912 3941 3038 4011 quia
3080 3944 3299 3999 cedrina

1764 4029 1907 4098 ligna
1957 4029 2435 4084 immarcescibilia
2484 4036 2648 4093 sunt,
2681 4038 2845 4097 atque
2892 4032 3206 4101 imputrida,
3246 4041 3299 4090 et

1764 4122 1953 4174 earum
1967 4120 2198 4172 materia
2215 4119 2381 4173 densa
2405 4125 2488 4172 est
2515 4126 2678 4187 atque
2695 4120 2938 4185 odorata,
2954 4122 3108 4188 juxta
3132 4123 3262 4178 illud
3284 4141 3298 4177 :

1761 4203 1947 4259 Justus
1970 4214 2024 4258 ut
2048 4205 2229 4272 palma
2252 4205 2487 4274 ﬂarebit,
2532 4213 2581 4259 et
2611 4204 2746 4258 sicut
2803 4207 2986 4262 cedrus
3019 4209 3070 4262 in
3100 4208 3301 4267 Libano

1764 4295 2213 4364 multipticabitur
2252 4295 2321 4359 “,
2387 4292 2682 4363 aliquando
2735 4304 2912 4349 autem
2960 4297 3015 4351 in
3081 4300 3301 4363 malum,

118 4396 460 4464 υψούμενον
476 4397 574 4449 καί
607 4397 1020 4466 ἐπαιρόμενον,
1042 4402 1122 4468 ὡς
1150 4403 1256 4467 τὰς
1284 4404 1533 4472 κέδρους
1553 4405 1658 4458 τοῦ

1762 4386 1888 4454 quia
1927 4385 2090 4439 arbor
2140 4392 2225 4438 est
2275 4384 2481 4438 sterilis
2541 4391 2707 4453 atque
2744 4383 3088 4452 inﬂexibilis,
3147 4389 3301 4458 juxta

118 4485 395 4540 Λιϐάνου.
424 4487 538 4538 Νῦν
570 4486 664 4539 οὖν
685 4487 906 4558 κέδρους
951 4490 1203 4561 ὀνομάζει
1225 4494 1350 4556 τοὺς
1380 4494 1657 4565 δαίμονας,

116 4574 190 4626 διὰ
212 4576 275 4627 τὸ
304 4577 641 4645 ἐπῃρμένον.
682 4578 746 4631 Ἦ
771 4580 1000 4650 ἔπαρσις
1048 4570 1155 4651 γὰρ
1184 4585 1381 4646 αὐτοὺς
1420 4584 1529 4636 ἀπὸ
1564 4584 1660 4635 τοῦ

118 4665 344 4733 οὐρανοῦ
374 4670 833 4739 κατεκρήμνισεν.
884 4673 1062 4739 Φωνὴ,
1092 4673 1247 4740 φησι,
1282 4675 1491 4739 γίνεται
1546 4676 1659 4727 Κυ-

118 4756 245 4833 ρίου,
304 4756 403 4808 ὅτε
455 4758 730 4828 συντρίϐει
766 4762 858 4812 καὶ
901 4754 1162 4829 ταράσσει
1201 4763 1326 4825 τοὺς
1380 4762 1657 4831 δαίμονας.

124 4845 512 4898 Ὑποστικτέον
560 4849 671 4917 γὰρ
724 4852 861 4918 μετὰ
888 4850 948 4903 τὺ
990 4852 1231 4917 Κυρίου,
1267 4853 1351 4904 ἴνα
1378 4853 1591 4929 νοηθείη
1628 4854 1662 4918 ὴ

114 4937 348 5004 πλαγεία.
402 4937 671 5002 σύνταξις.
705 4941 891 5010 Τούτῳ
923 4941 979 4993 δὲ
1019 4943 1095 5010 τῷ
1126 4943 1365 5012 σχήματι
1405 4946 1498 4995 καὶ
1532 4944 1665 4994 ὑπο·

116 5025 307 5078 κατιὼν
337 5026 644 5095 ἐχρήσατο.

178 5201 285 5253 Kal
315 5202 644 5267 συντρίψει
676 5202 888 5267 Κύριος
915 5201 1021 5266 τὰς
1053 5202 1302 5269 κέδρους
1354 5202 1458 5255 τοῦ
1502 5202 1667 5257 Λιϐά-

116 5306 234 5344 νου.
270 5289 514 5350 Δίῦανος
544 5292 667 5359 ὅρος
695 5292 895 5361 ὑψηλὸν
923 5294 1280 5363 Παλαιστίνης
1316 5294 1663 5364 κεδροφόρον,

120 5382 418 5442 εἰδωλικοῖς
457 5382 607 5443 ναοῖς
636 5382 1012 5452 ἀνακείμενον.
1044 5383 1205 5436 Ὅθεν
1245 5384 1467 5452 κέδρους
1497 5385 1665 5437 Διδά-

121 5488 199 5523 sou
238 5473 401 5540 λέγει
432 5472 498 5523 τὰ
526 5472 725 5543 τεμένη
756 5475 863 5527 τῶν
903 5476 1156 5536 εἰδώλων,
1188 5476 1256 5528 τὰ
1301 5478 1359 5527 ἐν
1399 5476 1566 5543 αὐτῷ,
1604 5477 1668 5528 ὲκ

118 5564 201 5615 τοῦ
249 5563 608 5633 περιέχοντος
640 5563 813 5631 δηλῶν
843 5569 911 5619 τὰ
947 5568 1333 5635 περιεχόμενα,
1368 5570 1463 5622 καὶ
1497 5568 1669 5629 ἄλλως

1764 4477 1896 4531 illud
1923 4493 1937 4528 :
1976 4475 2097 4529 Vidi
2126 4477 2347 4545 impium
2378 4480 2830 4546 superexaltatum
2870 4490 3025 4549 atque
3049 4481 3301 4535 eleuatum

1764 4566 1897 4618 sicut
1917 4564 2099 4618 miros
2128 4564 2316 4619 Libani
2341 4567 2408 4619 ³⁸.
2429 4565 2542 4621 Hoc
2570 4567 2627 4621 in
2657 4568 2778 4623 loco
2807 4569 2973 4638 igitur
2994 4583 3090 4636 per
3109 4572 3301 4625 cedi-os

1766 4658 2037 4710 daemones
2061 4656 2311 4724 intelligit
2339 4666 2558 4724 propter
2593 4656 2882 4712 elationem
2905 4674 2968 4712 ac
2995 4660 3300 4727 superbiam
3342 4658 3345 4661 ’

1767 4744 1941 4808 illam,
1986 4758 2107 4812 qua:
2136 4744 2202 4798 de
2230 4744 2371 4798 caelo
2399 4759 2491 4799 eos
2527 4745 2901 4815 praecipitavit.
2949 4745 3078 4811 Vox,
3104 4747 3299 4816 inquit,
3369 4756 3374 4761 '

1768 4833 1980 4897 Domini
2021 4832 2084 4886 iit
2111 4873 2127 4899 ,
2159 4834 2375 4903 quando
2405 4837 2643 4889 conterit
2672 4850 2734 4889 ac
2780 4837 3074 4907 confringit
3110 4839 3302 4893 (immo-

1770 4938 1890 4979 nes.
1920 4924 2160 4978 Functus
2196 4923 2339 4977 enim
2372 4923 2656 4992 ponendus
2688 4934 2791 4988 est,
2825 4935 2951 4994 post
2984 4927 3315 4990 dictionem;

1767 5015 2005 5077 Domini,
2030 5023 2087 5067 ut
2122 5014 2455 5083 intelligatur
2490 5029 2612 5075 esse
2645 5014 2862 5083 obliqua
2892 5017 3138 5084 quadam
3164 5031 3299 5071 con-

1770 5106 1995 5159 structio
2019 5121 2035 5169 ;
2057 5118 2163 5173 qua
2193 5104 2452 5173 loquendi
2486 5102 2656 5172 ﬁgura
2685 5103 2829 5156 inira
2852 5106 3011 5156 etiam
3035 5119 3171 5158 usus
3196 5114 3296 5158 est.

1842 5197 1909 5251 Et
1948 5198 2232 5267 confringet
2281 5195 2531 5250 Dominus
2577 5197 2777 5265 θεάν-οδ,
2808 5197 3008 5252 Libani.
3067 5198 3299 5251 Libanus

1763 5302 1917 5341 mons
1954 5284 2037 5340 est
2078 5286 2375 5339 Dalmatium
2415 5285 2673 5355 regionis,
2708 5287 2873 5349 altus,
2907 5300 2970 5337 ac
2998 5286 3175 5339 terens
3211 5302 3297 5339 ce-

1764 5380 1915 5441 dros,
1956 5378 2221 5432 idolorum
2250 5378 2466 5445 templis
2490 5387 2865 5432 consecratum
2889 5394 2904 5441 ;
2936 5378 3075 5431 unde
3099 5392 3191 5444 per
3209 5392 3295 5429 ee-
3321 5403 3325 5407 ι

1766 5473 1894 5527 dros
1913 5471 2175 5527 idolorum
2199 5482 2418 5523 nemora
2441 5482 2505 5521 ac
2529 5469 2679 5523 lucus
2701 5468 2969 5537 intelligit,
2993 5469 3085 5537 qui
3108 5468 3159 5521 in
3180 5468 3295 5535 ipso

1768 5578 1916 5631 sunt,
1947 5582 2042 5636 per
2068 5565 2355 5621 continens
2385 5569 2640 5617 contenta
2703 5562 3036 5631 signiﬁcans.
3086 5559 3294 5615 Similia
3332 5596 3337 5600 -

234 5743 280 5776 υ
315 5739 519 5797 Matth.
570 5758 651 5806 ιιι,
684 5742 766 5795 i7.
812 5742 856 5772 "
882 5742 1028 5799 Psal.
1061 5758 1166 5811 χοι,
1200 5745 1282 5799 i3.
1341 5746 1385 5778 ²⁶
1412 5744 1556 5801 Psal.
1580 5760 1758 5813 nm,
1788 5746 1877 5801 55.
