4082 6326
692 421 796 484 339

1866 418 2242 477 EUTHYMU
2276 418 2632 478 ZlGABENI

3778 416 3878 478 δίο
3925 373 3932 380 ’

755 555 921 610 Vatis.
963 552 1048 607 li.
1081 553 1333 607 Dominus
1355 553 1707 621 fortitudinem
1737 552 1930 620 populo
1954 568 2048 605 suo
2064 552 2232 610 dabit.

2402 554 2616 620 Κύριος
2631 523 2812 624 wgf».
2840 553 3058 618 τῷλαῷ
3080 551 3264 607 αὑτοῦ
3283 551 3481 605 δώσει.
3508 549 3598 620 Τῷ
3614 549 3727 603 τῶν
3750 552 3878 619 Χριο
3944 625 3947 627 _

691 645 897 714 Pepulo
921 643 1355 698 Christianorum
1393 643 1602 698 scilicet
1661 643 1751 709 qui
1787 643 1890 695 sub
1924 642 2231 696 daemonum

685 749 749 789 ac
782 734 1098 804 passionum
1153 733 1442 803 tyrannide
1477 734 1604 786 olim
1663 731 2127 801 opprimebantur.

755 825 1012 877 Dominus
1045 823 1304 875 bcnedicet
1333 823 1524 890 populo
1577 837 1670 874 suo
1701 822 1754 873 iu
1784 837 1930 888 pace.
1981 818 2232 889 Oppres-

686 929 805 966 sum
828 915 971 968 bello
1004 913 1258 982 populum
1313 913 1606 973 roborabit.
1637 922 1693 966 et
1734 912 1785 962 in
1819 919 2060 979 tempore
2081 912 2233 979 pacis

684 1003 972 1056 benedicet
1002 1019 1016 1056 :
1052 1001 1154 1054 hoc
1185 1007 1270 1055 est
1301 1002 1476 1068 gratia
1516 1014 1616 1060 sua
1654 999 1876 1068 dignum
1928 999 2114 1062 faciet,
2142 1013 2236 1067 per

685 1095 887 1147 donum
920 1096 1094 1149 sancti
1122 1095 1377 1164 Spiritus.
1421 1093 1514 1147 Vel
1550 1091 1850 1157 benedicet,
1882 1107 2000 1162 pro,
2049 1091 2236 1144 lauda-

687 1185 790 1248 hit,
815 1193 1072 1253 tauquam
1100 1167 1200 1238 sibi
1229 1185 1528 1252 placentem
1560 1192 1614 1236 et
1653 1190 1883 1251 gratum.

687 1273 931 1330 l’salmns
975 1273 1183 1330 Cantici
1249 1273 1599 1327 rcnovationis
1667 1274 1854 1325 domus
1887 1273 1989 1340 ipsi
2047 1270 2233 1324 Dauid.

1203 1360 1518 1417 PSALMUS
1545 1360 1735 1415 XXIX.

757 1453 897 1518 Quid
931 1454 1000 1508 sit
1025 1453 1265 1506 Psalmus
1285 1450 1494 1505 Cantici
1518 1452 1571 1504 in
1612 1453 1878 1520 prommio
1905 1452 2105 1508 dictum
2137 1467 2239 1510 est.

686 1545 763 1597 lle
796 1545 1003 1613 reliqua
1064 1543 1226 1612 hujus
1265 1543 1454 1611 psalmi
1493 1543 1852 1613 inscriptione
1882 1546 2047 1598 variae
2107 1556 2238 1601 sunt

690 1637 1048 1703 interpretum
1079 1635 1380 1688 sententiae.
1413 1635 1592 1702 Aliqui
1617 1637 1761 1687 enim
1791 1635 1977 1690 dicunt
2009 1654 2104 1706 per
2137 1639 2237 1691 do-

688 1738 834 1775 mum
869 1722 1046 1776 hocin
1098 1723 1240 1785 loco,
1296 1721 1523 1792 intelligi
1571 1723 1803 1776 animam
1860 1725 2030 1794 ipsius
2091 1727 2238 1780 beati

686 1814 874 1876 David,
910 1829 1030 1882 qua:
1084 1815 1388 1882 prophetici
1446 1816 1792 1870 charismatis
1828 1815 2096 1884 quoddam
2127 1827 2244 1872 erat

690 1903 1061 1955 habitaculum
1104 1920 1118 1956 :
1156 1913 1211 1956 et
1264 1918 1360 1971 per
1385 1907 1796 1958 renovationem
1831 1905 2048 1972 domus,
2074 1923 2234 1961 reno-

2348 1906 2566 1974 ρητικοῦ
2616 1907 2952 1974 χαρίσματος
2990 1921 3003 1934 ο

700 1993 970 2047 vationem
1007 1983 1204 2047 divinae
1227 1995 1411 2062 gratia:
1457 1993 1787 2064 intelligunt,
1823 1996 2041 2064 quando
2080 1999 2236 2052 nimi—

689 2096 810 2136 rum
841 2090 963 2150 post
990 2083 1236 2137 adulterii
1267 2094 1322 2138 et
1378 2085 1539 2140 cadis
1575 2088 1826 2151 crimina,
1858 2102 2072 2157 peracta
2123 2107 2236 2158 pcn-

688 2169 918 2222 uitentia
956 2167 1152 2238 dignus
1193 2187 1412 2225 rursum
1439 2171 1663 2227 eil‘ectus
1687 2184 1788 2236 est.
1829 2178 1914 2229 cui
1949 2193 1978 2231 a
2012 2177 2238 2234 Domino

690 2259 986 2328 prephetia:
1022 2261 1223 2314 donum
1255 2263 1658 2319 restitueretur.
1699 2265 1804 2318 Alii
1830 2270 2071 2330 domum,
2106 2269 2238 2323 iide-

689 2350 819 2402 lium
847 2349 1142 2404 Ecclesium
1187 2367 1310 2406 esse
1358 2352 1584 2406 dicunt:
1619 2362 1672 2407 et
1705 2371 1801 2423 per
1830 2359 2236 2412 renovationem

693 2440 913 2504 domus,
941 2442 1340 2495 renovationem
1377 2441 1524 2494 illam
1558 2443 2031 2514 intelligunt,qua:
2059 2447 2117 2500 lit
2147 2463 2242 2517 per

687 2529 1152 2598 regenerationem
1185 2528 1550 2600 baptismatis.
1581 2532 1684 2586 Alii
1720 2535 1846 2586 item
1885 2534 2257 2590 festivitatem

687 2619 831 2672 illam
877 2620 1211 2674 renovationi
1274 2621 1526 2681 similem,
1590 2637 1750 2688 quam
1800 2624 2065 2679 Ezechias
2129 2627 2244 2681 ltex

685 2718 809 2778 post
843 2710 1198 2778 Assyriorum
1214 2711 1658 2780 proﬂigationem
1686 2714 1738 2765 in
1768 2715 1962 2783 templo
1995 2717 2242 2770 celebra-

687 2801 807 2855 vit:
844 2801 1113 2868 templum
1160 2801 1360 2870 quippe
1401 2801 1594 2856 domus
1648 2803 1857 2857 Domini
1888 2815 1972 2862 cst
2017 2807 2130 2858 :ita
2187 2819 2244 2861 ut

686 2907 929 2960 praesens
953 2893 1214 2961 psalmus,
1255 2893 1342 2947 cui
1367 2893 1688 2962 inscriptum
1709 2905 1826 2958 ;est,
1855 2895 2099 2952 Psalmus
2121 2917 2246 2952 cmi-

687 2985 781 3036 tici
828 2985 1178 3037 renovationis
1233 2986 1443 3047 domus,
1488 2988 1754 3050 enuntiet,
1806 3004 2053 3057 quamam
2084 2990 2244 3043 verba

686 3075 830 3128 dicta
864 3073 1063 3126 fuerint
1093 3089 1120 3126 a
1158 3075 1315 3128 beato
1341 3073 1528 3140 David,
1555 3077 1598 3128 si
1625 3077 1690 3129 ad
1718 3092 1841 3130 eum
1860 3078 2022 3131 verba
2051 3075 2242 3147 psalmi

688 3165 1031 3230 referamus,
1086 3173 1179 3216 ant
1259 3179 1506 3234 quaenam
1573 3166 1872 3221 verisimile
1928 3179 2070 3223 esset
2135 3170 2240 3223 dici

685 3253 884 3312 debere
915 3257 982 3310 ab
1017 3256 1280 3320 Ecclesia,
1340 3269 1434 3311 aut
1464 3259 1532 3312 ab
1562 3258 1679 3326 ipso
1733 3259 1986 3314 Ezechia.
2016 3261 2319 3332 Unicuique
2349 3265 2492 3318 enim
2530 3279 2717 3319 eorum
2789 3258 2963 3331 poti-Est
3004 3251 3423 3312 accommodari.
3487 3251 3514 3303 Ε

2337 643 2566 696 στιανῶν
2603 643 2988 714 πολεμουμένῳ
3019 642 3124 695 ὑπὸ
3149 642 3433 711 τυράννων
3461 641 3494 710 ἦ
3527 641 3820 709 δαιμόνων,
3847 640 3880 709 ἢ

2337 732 2543 787 παθῶν.

2405 827 2615 890 Κύριος
2642 825 2958 894 εὐλογήσω
2984 823 3090 876 τὸν
3124 823 3276 876 ,λαὸν
3322 821 3506 876 αὑτοῦ
3540 821 3610 874 ἐν
3655 819 3880 887 εἰρήνῃ.

2336 914 2746 983 Πολεμούμενον
2803 914 2924 980 μὲν,
2972 913 3265 983 ἐνισχύσει,
3325 916 3384 964 ἐν
3425 912 3502 981 τῷ
3551 909 3732 978 καιρῷ
3785 910 3882 978 τῆς

2336 1004 2558 1073 εἰρήνης
2583 1003 2885 1070 εὐλογήσει,
2933 1003 3201 1065 τουτέστι,
3249 1003 3469 1070 χάριτος
3528 998 3770 1063 ἀξιώσει.
3800 997 3884 1049 διὰ

2336 1091 2432 1159 τῆς
2464 1091 2672 1160 δωρεᾶς
2722 1089 2815 1141 τοῦ
2871 1091 3026 1155 ἁγίου
3072 1090 3404 1158 Πνεύματος.
3451 1088 3518 1138 Ἢ
3541 1086 3884 1154 εὐλογήσω,

2337 1180 2457 1232 ἀντὶ
2481 1179 2595 1244 τοῦ,
2617 1179 2982 1243 ἐπαινέσεται,
3021 1175 3443 1248 εὐχαριστοῦντα
3469 1175 3640 1243 αὐτῷ.

2345 1272 2588 1338 Ψαλμὸς
2658 1269 2829 1340 ’ῼδῆς
2869 1269 3255 1336 ἐγκαινισμοῦ
3309 1267 3412 1321 τοῦ
3472 1267 3638 1320 οτκου
3695 1264 3886 1316 Δαείδ.

2891 1359 3192 1451 ΙΨΛΔΜΟΣ
3222 1357 3349 1412 ΚΘ’.

2411 1453 2476 1506 Τί
2498 1454 2596 1522 μέν
2635 1455 2749 1505 ἐστι
2805 1443 3048 1522 Ψάλμός
3095 1448 3276 1517 ᾠδῆς,
3301 1450 3357 1500 ἐν
3379 1447 3457 1512 τῷ
3492 1443 3765 1514 προοιμίῳ
3793 1443 3888 1503 τῆς

2341 1546 2648 1615 ἐξηγήσεως
2686 1545 2787 1612 τῆς
2839 1543 3123 1611 παρούσης
3155 1541 3337 1610 βίϐλου
3370 1540 3732 1608 προείρηται·
3766 1532 3889 1601 περῖ

2340 1637 2396 1690 δέ
2423 1637 2518 1705 τῆς
2569 1637 2762 1704 λοιπῆς
2810 1633 3124 1702 ἐπιγραφῆς
3150 1632 3400 1698 διάφοροι
3432 1629 3580 1693 λόγοι
3609 1627 3886 1693 φέρονται.

2342 1727 2496 1792 Τινές
2531 1727 2631 1797 μέν
2685 1743 2869 1794 φασιν,
2923 1723 3070 1777 οἷκον
3123 1723 3220 1791 μὲν
3273 1720 3371 1789 τὴν
3401 1717 3493 1770 τοῦ
3528 1718 3687 1770 Δαεὶδ
3717 1717 3891 1783 ψυχὴν

2343 1819 2726 1885 ὀνομασθῆναι,
2771 1817 2846 1878 ὡς
2875 1814 3304 1882 κατοικητήριον
3334 1811 3616 1878 γεγονυῖαν
3647 1807 3740 1859 τοῦ
3770 1823 3895 1874 προ-

3079 1899 3427 1968 ἐγκαινισμδν
3479 1898 3535 1948 δὲ
3587 1895 3686 1963 τὴν
3742 1893 3894 1954 αὖθις

2342 1999 2654 2056 ἀνανέωσιν,
2707 1998 2795 2049 ὅτε
2846 1997 2982 2066 μετὰ
3037 1995 3134 2061 τὴν
3188 1991 3444 2062 πορνείαν
3478 1987 3571 2041 καὶ
3619 1987 3712 2039 τὸν
3737 1985 3896 2051 φόνον

2343 2086 2552 2153 Οὶρίου-
2575 2085 2913 2153 μετανοήσας
2939 2080 3178 2149 θερμῶς,
3205 2076 3408 2146 ἠξιώθη
3440 2075 3601 2127 πάλιν
3639 2072 3732 2124 τοῦ
3761 2087 3893 2139 προσ

2346 2173 2618 2244 φητεύειν,
2649 2174 2721 2235 ὼς
2762 2173 2822 2224 τὺ
2888 2171 3170 2241 πρότερον.
3204 2167 3358 2226 Τινὲς
3391 2164 3446 2215 δὲ
3471 2158 3616 2214 οἷκον
3653 2161 3774 2226 μὲν,
3800 2159 3895 2224 τὴν

2361 2265 2684 2335 Ἐκκλησίαν
2744 2263 2849 2315 τῶν
2892 2261 3121 2323 πιστῶν,
3176 2253 3530 2325 ἐγκαινισμδν
3575 2251 3654 2315 δὲ,
3685 2250 3784 2317 τὴν
3812 2248 3896 2299 διὰ

2344 2359 2442 2427 τῆς
2494 2356 2902 2425 ἁναγεννήσεως
2959 2353 3052 2406 τοῦ
3123 2351 3498 2420 βαπτίσματος
3551 2343 3897 2395 ἀνακαίνισιν

2346 2446 2537 2514 αὐτῆς.
2578 2445 2763 2497 ’Ἄλλοι
2791 2444 2846 2494 δὲ
2881 2444 3232 2508 ἐγκαινισμὸν
3281 2437 3548 2490 ἐκάλεσαν
3576 2433 3672 2502 τὴν
3707 2433 3896 2497 ἐγκειι⁸

2347 2534 2523 2603 νισμῷ
2563 2534 2825 2596 ἐοικυῖαν,
2874 2532 2941 2602 ἣν
2983 2534 3010 2582 ὁ
3052 2530 3300 2594 Ἐζεκίας
3341 2524 3580 2595 ἑώρταζε
3621 2518 3759 2591 μετὰ
3803 2519 3899 2588 τὴν

2349 2627 2630 2696 ἀναίρεσιν
2661 2625 2768 2676 τῶν
2813 2622 3128 2691 Ἀσσυρίων,
3159 2623 3214 2673 ἐν
3249 2617 3325 2688 τῷ
3360 2615 3474 2683 ναῷ
3499 2612 3576 2682 τῷ
3627 2611 3759 2677 οἴκῳ
3789 2610 3901 2661 Κυο

2353 2721 2467 2790 ρίου
2495 2734 2508 2750 ³
2540 2717 2614 2780 ὡς
2645 2715 2782 2770 εἶναι
2805 2715 2892 2767 τδν
2914 2714 3125 2781 ψαλμὸν
3149 2713 3358 2772 τοῦτον,
3381 2707 3595 2776 ψαλμὸν
3629 2703 3769 2772 ᾠδῆς
3802 2699 3893 2752 τοῦ

2350 2806 2698 2876 ἐγκαινισμοῦ
2725 2805 2816 2857 τοῦ
2843 2805 3009 2866 οἴκου,
3051 2797 3555 2869 προαναφωνοῦντα,
3583 2793 3729 2852 τίνας
3757 2789 3899 2849 εἰκὸς

2351 2899 2538 2966 λόγους
2600 2896 2831 2966 ῥηθῆναι
2884 2891 3204 2962 τηνικαῦτα,
3246 2889 3356 2940 εἴτε
3385 2886 3534 2954 παρᾶ
3583 2881 3677 2934 τοῦ
3717 2879 3900 2938 Δαῦἱδ,

2353 2991 2462 3041 εῑτε
2498 2989 2646 3058 παρα
2663 2989 2760 3057 τῆς
2799 2985 3144 3054 Ἐκκλησίας,
3170 2981 3277 3033 εἴτε
3312 2979 3458 3047 παρὰ
3484 2973 3576 3028 τοῦ
3616 2972 3860 3036 Ἐζεκίου
3885 2984 3899 2999 ·

2353 3079 2567 3148 ἐκάστῳ
2588 3078 2695 3146 γὰρ
2716 3077 2921 3131 τούτων
2948 3074 3238 3144 ἀρμόσειεν
3265 3069 3348 3122 ἄν.
3374 3068 3446 3119 Τὸ
3469 3066 3545 3129 δὲ,
3575 3062 3680 3116 τοῦ
3701 3060 3901 3122 Δασὶδ,

686 3348 847 3414 ipsius
902 3345 1085 3410 David,
1128 3363 1222 3416 per
1281 3362 1342 3402 se
1395 3350 1678 3418 legendum
1743 3361 1849 3412 est.
1895 3364 1950 3405 ut
1995 3355 2240 3410 auctoris
2281 3365 2492 3411 tantum
2533 3372 2732 3411 nomen
2764 3355 3048 3423 exprimat.

759 3435 923 3491 Vens.
945 3438 999 3492 2.
1036 3437 1296 3493 Exallabo
1324 3450 1396 3507 te,
1427 3435 1666 3508 Deminc,
1700 3446 1942 3511 quoniam
1967 3448 2241 3516 suscepisti
2269 3457 2310 3511 α

692 3543 793 3581 me.
822 3529 928 3582 Sed
963 3543 1198 3596 quonam
1224 3540 1386 3599 pacto
1419 3533 1640 3587 humilis
1693 3535 1852 3589 homo
1885 3552 2008 3589 eum
2043 3540 2247 3606 poterit

691 3619 953 3683 exaltare,
981 3620 1073 3689 qui
1112 3624 1360 3677 excelsus
1382 3623 1508 3678 est?
1549 3624 1868 3680 Conmendo
1899 3629 2153 3682 nimirum
2184 3647 2246 3684 ac

692 3709 1054 3777 praedicando,
1092 3713 1236 3781 quod
1283 3713 1490 3768 altusis
1508 3715 1582 3768 sit
1607 3730 1670 3768 ac
1697 3716 1968 3771 sublimis.
2006 3718 2119 3772 Hac
2154 3736 2246 3772 ra-

694 3799 840 3851 tione
888 3801 1238 3866 maguilicare
1284 3803 1447 3854 etiam
1492 3802 1660 3856 Deum
1717 3803 1841 3872 quis
1895 3804 2115 3868 dicitur,
2151 3806 2245 3875 qui

691 3902 946 3956 maguum
1015 3890 1168 3942 illum
1215 3905 1340 3946 esse
1398 3901 1726 3954 asseverat,
1787 3896 2241 3961 quemadmodum

693 3989 909 4046 contra,
945 3981 989 4035 is
1019 3981 1473 4045 Deumbumiliat,
1522 3998 1584 4037 ac
1616 3981 1894 4052 deprimit,
1926 3969 2018 4055 qui
2068 3989 2247 4041 humi-

691 4071 765 4126 lia
813 4087 876 4126 ac
926 4074 1052 4127 vilia
1096 4074 1162 4127 de
1191 4089 1256 4128 eo
1289 4075 1548 4142 loquitur.
1595 4073 1882 4144 Suscepisti
1931 4093 2082 4143 vero,
2144 4080 2248 4132 hoc

2424 3450 2675 3519 ’Υψώσω
2700 3466 2792 3511 σε,
2819 3447 3013 3513 Κύριέ,
3046 3446 3132 3498 ὅτι
3172 3441 3470 3504 ὑπέλαϐές
3488 3454 3579 3507 με.
3609 3433 3732 3496 Πῶς
3756 3433 3784 3482 ὁ
3808 3449 3903 3482 τα-

2346 3543 2526 3604 πεινὸς
2553 3541 2759 3610 ὑψώσει
2780 3540 2872 3591 τὸν
2902 3538 3131 3608 ὑψηλόν;
3166 3537 3237 3588 ’Ἦ
3252 3531 3492 3603 δηλονότι
3513 3525 3717 3596 ὑψηλὸν
3745 3523 3904 3575 αὑτὸν

2340 3633 2619 3702 ὁμολογῶν
2643 3648 2656 3660 ·
2687 3630 2830 3683 οὕτω
2869 3630 2973 3698 γὰρ
3015 3629 3110 3680 καὶ
3150 3623 3438 3695 μεγαλύνει
3463 3619 3644 3681 αὑτὸν,
3699 3615 3778 3676 ὡς
3812 3613 3906 3682 μέ-

2341 3739 2524 3789 γιστον
2553 3702 2918 3789 δδγματίζων,
2947 3719 3130 3786 ὥσπερ
3163 3719 3229 3769 ἐκ
3249 3713 3340 3770 τοῦ
3375 3711 3616 3764 ἐναντίου
3647 3705 3904 3758 ταπεινοί

2341 3813 2436 3864 καὶ
2496 3811 2801 3882 σμικρύνει,
2852 3811 2880 3862 ὁ
2909 3806 3140 3861 ταπεινά
3190 3804 3284 3857 καὶ
3333 3800 3506 3872 μικρὰ
3565 3797 3696 3864 περὶ
3733 3789 3903 3845 αὑτοῦ

2351 3900 2740 3968 φθεγγόμενος.
2784 3897 3099 3960 ’Υπέλαϐες
3128 3894 3208 3958 δέ,
3238 3892 3356 3945 ἀντὶ
3401 3889 3494 3942 τοῦ
3527 3882 3905 3954 Μετεώρισας,

2363 3973 2660 4057 ἐκούφισας
2689 3986 3136 4060 κατερῤαγμένον
3156 3986 3220 4054 τῇ
3244 3977 3729 4052 ἁμαρτίᾳ,ὑποθεὶς
3753 3976 3907 4044 χεῖρα

2359 4081 2458 4148 τῆς
2495 4081 2746 4151 βοηθείας
2775 4097 2890 4132 σου.

693 4173 800 4229 est,
833 4165 1162 4228 sublimasti,
1185 4176 1346 4235 atque
1374 4167 1639 4231 allevasti,
1663 4168 1856 4222 auxilii
1883 4169 2138 4224 nimirum
2170 4172 2248 4224 tui
2287 4187 2504 4227 manum
2540 4187 2874 4242 supponens,
2904 4185 3026 4226 cutn
3055 4174 3399 4225 peccatorum
3461 4175 3624 4218 onere
3681 4159 3908 4230 depres-

697 4269 792 4310 sus
820 4255 1081 4323 iacerem.

769 4346 882 4400 Nec
904 4348 1171 4402 delectasti
1196 4351 1434 4404 inimicos
1461 4368 1598 4406 meos
1626 4369 1778 4420 super
1810 4371 1904 4409 me.
1923 4355 1977 4410 Si
2000 4355 2068 4410 de
2095 4357 2251 4412 beato

666 4441 864 4495 -David
931 4444 1194 4511 psalmum
1256 4446 1511 4513 exponis,
1565 4461 1660 4514 per
1712 4447 1982 4512 inimicos,
2035 4464 2130 4502 eos
2175 4451 2254 4503 in-

697 4533 900 4603 tellige,
949 4534 1148 4603 quibus
1204 4534 1458 4588 daturum
1511 4551 1570 4590 se
1606 4535 1748 4591 Deus
1809 4537 1956 4591 illius
2023 4553 2248 4608 regnum

701 4625 1064 4678 comminatus
1115 4624 1290 4678 fuerat
1350 4639 1448 4692 per
1491 4625 1806 4693 pr0phetam
1836 4625 2150 4692 Nathau;si
2183 4626 2252 4679 de

703 4712 987 4778 Ecclesia,
1047 4712 1362 4778 daemones;
1419 4713 1464 4768 si
1498 4729 1642 4768 vero
1689 4715 1754 4768 de
1804 4731 1927 4785 rege
1984 4715 2250 4782 Ezechia,

699 4805 976 4874 Assyrios.
1016 4802 1139 4858 Non
1172 4805 1445 4858 delectasti
1480 4815 1685 4872 autem,
1712 4806 1815 4860 hoc
1853 4817 1958 4870 est.
1980 4806 2096 4861 Non
2131 4821 2254 4876 per-

707 4895 902 4948 misisti
939 4905 996 4948 ut
1029 4895 1426 4950 delectarentur
1444 4896 1729 4951 adversum
1757 4913 1856 4952 me.

772 4985 934 5040 Vens.
965 4985 1015 5041 3.
1049 4986 1266 5041 Domine
1304 4988 1440 5042 Deus
1483 5004 1647 5053 meus,
1699 4989 1923 5042 clamavi
1972 4988 2040 5041 ad
2074 4997 2154 5053 te,
2206 5001 2254 5043 et

698 5081 905 5132 sanasti
951 5095 1045 5133 me.
1099 5080 1217 5133 Non
1270 5094 1436 5146 sero,
1467 5079 1678 5149 inquit,
1720 5096 1805 5134 me
1865 5079 2094 5134 curasti.
2137 5078 2243 5134 Ubi

701 5169 843 5224 enim
867 5169 1152 5224 confessus
1193 5181 1276 5224 est
1323 5169 1510 5224 beatus
1557 5169 1720 5224 David
1783 5171 2032 5225 delictum
2085 5186 2246 5224 suum

702 5260 888 5316 dicens
920 5279 933 5314 :
970 5261 1184 5314 Peccavi
1210 5261 1434 5315 Domino
1463 5262 1532 5323 ³¹,
1565 5264 1747 5316 statim
1777 5263 1824 5316 ei
1875 5262 2076 5327 dictum
2110 5273 2193 5316 est
2222 5276 2250 5314 a

699 5349 908 5402 Nathan
937 5367 950 5403 :
992 5348 1216 5402 Abstulit
1244 5349 1495 5403 Dominus
1521 5361 1794 5417 peccatum
1830 5358 1977 5402 tuum
2036 5350 2099 5403 ’⁸.
2151 5349 2256 5404 Ec-

699 5442 864 5497 clesia
895 5443 1059 5496 etiam
1095 5440 1207 5509 pari
1227 5441 1385 5494 modo
1407 5439 1626 5509 quando
1652 5441 1990 5510 baptismatis
2015 5452 2257 5510 tempore

705 5534 869 5587 Deum
893 5533 1128 5596 invocat,
1156 5531 1338 5586 statim
1370 5531 1652 5585 abluitura
1679 5543 2016 5598 peccatorum
2047 5533 2251 5601 plagis:

700 5635 751 5677 «ιι
785 5624 974 5678 beatus
1005 5623 1262 5677 Ezechias
1292 5637 1449 5676 sacco
1478 5621 1721 5685 indutus.
1754 5632 1806 5677 et
1839 5624 2149 5692 supplicans
2183 5622 2249 5676 ad

2426 4357 2528 4411 Καὶ
2577 4357 2686 4408 οὐκ
2731 4355 3028 4422 εὔφρανας
3061 4351 3198 4414 τοὺς
3224 4347 3477 4416 ἐχθρούς
3516 4361 3630 4412 μου
3652 4345 3728 4398 ἐπ
3779 4347 3906 4414 ἐμέ.

2357 4446 2515 4500 Κατὰ
2539 4443 2630 4496 τὸν
2662 4442 2823 4494 Δασὶδ
2853 4441 2972 4508 μὲν,
3005 4435 3085 4500 οἷς
3110 4436 3334 4506 δοθῆναι
3359 4435 3459 4502 τὴν
3489 4433 3770 4502 βασιλείαν
3812 4436 3910 4486 αὐ-

2354 4532 2448 4584 τοῦ
2470 4533 2498 4584 ὁ
2524 4531 2654 4592 Θεὸς
2687 4527 2772 4580 διὰ
2795 4527 2888 4580 τοῦ
2924 4526 3200 4596 προφήτου
3231 4523 3326 4577 τοῦ
3384 4522 3567 4576 Νάθαν
3599 4523 3866 4592 ἠπείλησε
3889 4539 3903 4552 ’

2359 4624 2500 4676 κατὰ
2527 4623 2583 4674 δέ
2629 4622 2727 4692 τὴν
2797 4618 3144 4691 Ἐκκλησίαν,
3199 4616 3326 4679 τοὺς
3355 4615 3616 4683 δαίμονας
3640 4627 3652 4640 ·
3687 4613 3831 4668 κατᾶ
3853 4613 3906 4664 δὲ

2357 4713 2449 4766 τὸν
2486 4712 2752 4776 Ἐζεκίαν,
2802 4710 2926 4771 τοὺς
2992 4707 3314 4778 Ἀσσυρίους
3361 4721 3376 4736 ·
3429 4707 3550 4759 Οὐκ
3605 4704 3908 4772 εὔφρανας

2358 4807 2434 4870 δὲ,
2471 4805 2590 4858 ἀντὶ
2617 4801 2734 4865 τοῦ,
2765 4802 2879 4853 οὐκ
2911 4799 3118 4862 ἔδωκας
3151 4794 3524 4866 εὐφρανθῆναι
3553 4795 3752 4854 αὐτοὺς
3787 4793 3909 4844 κατ’

2359 4897 2516 4967 ἐμοῦ.
3527 4942 3529 4944 .

2424 4987 2596 5053 Κύριε
2618 4988 2650 5038 ὁ
2680 4984 2821 5048 Bede
2851 4999 2986 5050 μου,
3008 4979 3299 5047 ἐκέκραξα
3343 4977 3490 5045 πρὸς
3510 4974 3603 5037 σὲ,
3633 4971 3732 5026 καὶ
3759 4973 3911 5025 ἰάσω

2356 5095 2447 5148 με.
2482 5076 2736 5144 Δηλονότι
2765 5075 2863 5128 οὐκ
2900 5075 2978 5136 εἰς
3013 5071 3226 5141 μακράν
3247 5087 3261 5100 ·
3293 5071 3322 5121 ὁ
3354 5069 3451 5138 μέν
3483 5066 3590 5136 γὰρ
3618 5065 3785 5117 Δαϐὶδ
3836 5066 3911 5115 ει·

2353 5168 2488 5230 πὼν,
2527 5166 2851 5234 Ἠμὰρτηκα
2879 5161 2958 5225 τῷ
2981 5161 3192 5228 Κυρίῳ,
3222 5161 3454 5229 ἤκουσεν
3480 5158 3663 5218 εὐθὺς,
3699 5157 3782 5206 ὅτι
3843 5154 3909 5204 '0

2358 5261 2569 5327 Κύριος
2603 5257 2811 5326 ἀφεῖλε
2845 5254 2909 5308 τό
2935 5250 3248 5322 ἁμάρτημὰ
3271 5265 3409 5304 σουῖ
3434 5251 3467 5318 ἡ
3499 5249 3554 5302 δέ
3592 5244 3906 5313 Ἐκκλησία,

2359 5349 2761 5417 ἐπικαλουμένη
2795 5329 2955 5399 αὐτὸν
3003 5347 3062 5397 ἐν
3217 5342 3392 5412 καιρῷ
3440 5340 3535 5392 τοῦ
3596 5335 3910 5407 βαπτίσμα-’

2358 5460 2469 5505 τος,
2501 5440 2662 5501 εὐθὺς
2692 5437 3012 5490 ἀπολούεται
3041 5435 3138 5496 τὰς
3173 5433 3384 5501 πληγὰς
3435 5431 3534 5498 τῆς
3579 5425 3857 5496 ἁμαρτίας
3886 5439 3902 5454 '

2355 5537 2383 5587 ὁ
2416 5534 2470 5584 δέ
2521 5528 2765 5595 Ἑζεκίας
2791 5529 2991 5580 σάκκον
3053 5523 3528 5592 περιϐαλλόμενος.
3598 5518 3614 5557 ⁸
3651 5517 3903 5590 Αττεύσας,

2354 5622 2560 5694 ταχέως
2594 5621 2713 5690 ίάθη
2749 5619 2854 5672 ἀπὸ
2885 5619 2981 5687 τῆς
3009 5615 3220 5687 πληγῆς
3260 5614 3358 5684 τῆς
3405 5609 3741 5680 πολιορκίας.

2316 5411 2336 5446 \

700 5713 899 5775 ih-tuu,
933 5713 1214 5768 confestim
1241 5712 1503 5767 liberatus
1529 5721 1611 5771 est
1642 5712 1710 5767 ab
1743 5712 2038 5769 obsidionis
2068 5713 2242 5782 plaga.
2341 5721 2346 5730 ’

778 5825 818 5863 ³²
868 5823 907 5881 11
949 5823 1077 5892 Reg.
1110 5841 1202 5890 xu,
1242 5825 1320 5881 i3.
1390 5824 1591 5882 "ibid.
