4082 6326
224 427 309 489 3i!
874 443 894 461 ⁶
1335 429 1729 494 COMMENT.
1759 430 1840 491 ΙΝ
1883 431 2241 491 PSALMOS.

3301 432 3403 494 312

285 535 380 590 Καὶ
407 535 698 604 ἀνήγαγες
721 538 790 601 ἐξ
810 537 956 605 ᾅδου
995 539 1097 606 τὴν
1156 540 1363 608 ψυχήν
1392 559 1537 608 μου.
1593 543 1747 594 Κατὰ

1927 539 2086 594 Vens.
2117 547 2168 593 4.
2220 538 2458 605 Domine,
2501 537 2765 592 deduxisti
2807 538 2873 593 ab
2930 539 3130 608 inferno
3172 541 3401 594 animum

229 629 312 697 μὶν
356 627 445 680 τδν
485 630 646 682 Δαελδ
692 630 785 682 καὶ
829 632 925 698 τὴν
963 632 1310 702 Ἐκκλησίαν,
1362 635 1468 686 ἀπὸ
1501 651 1593 687 του
1628 635 1748 687 σκό-

225 736 327 780 τους
361 718 454 786 τῆς
482 720 773 789 ἁμαρτίας.
819 723 888 774 Ἦ
923 724 1015 774 καὶ
1033 722 1122 776 διὰ
1150 724 1251 794 τὴν
1306 724 1399 777 τοῦ
1426 725 1550 795 ᾅδου
1585 726 1750 778 κατὰ·

223 811 352 863 λυσιν
381 809 555 876 τοῦτο,
604 813 698 865 καὶ
725 815 825 882 τὴν
856 815 965 866 τῶν
997 815 1186 884 ψυχῶν
1212 816 1546 886 ἐλευθερίαν.
1598 820 1750 872 Κατὰ

223 903 269 955 δὲ
291 903 374 954 τὸν
412 903 678 968 Ἐζεκίαν,
704 905 812 958 ἀπὸ
848 905 942 958 τοῦ
984 907 1209 971 σκότους
1253 911 1349 978 τῆς
1398 909 1660 971 δουλείας,
1714 910 1747 979 ἢ

227 993 458 1046 σκότωσιν
485 995 719 1062 ἐμποιεῖ.

281 1166 543 1232 Ἕσωσὰς
559 1186 634 1236 με
659 1170 777 1224 ἀπὸ
807 1172 924 1224 τῶν
947 1175 1422 1228 καταϐαινόντων
1460 1179 1548 1241 είς
1598 1178 1745 1230 λάκ-

224 1272 334 1308 κον.
370 1255 440 1308 Τὸ
467 1258 597 1310 αὐτὸ
623 1261 782 1313 πάλιν
813 1257 968 1315 εἶπεν
1002 1280 1016 1293 ο
1048 1264 1167 1326 ἐοος
1208 1267 1315 1333 γὰρ
1370 1270 1483 1329 τοῖς
1528 1269 1748 1336 εὐχαρι-

226 1344 409 1408 στοῦσι,
470 1350 770 1402 ποικίλλειν
799 1352 896 1420 τὴν
939 1353 1193 1424 διήγησιν
1253 1350 1372 1426 τῆς
1407 1359 1742 1428 εὐεργεσίας.

224 1438 413 1490 Λάκκον
441 1438 496 1491 δὲ
534 1441 748 1510 νοήσεις
779 1442 870 1494 τὸν
899 1445 1138 1510 ἄφυκτον
1183 1446 1444 1511 κίνδυνον,
1508 1448 1746 1510 τοιοῦτος

223 1527 312 1596 γὰρ
345 1528 371 1579 ὁ
400 1527 610 1598 βόθρος,
647 1531 678 1600 ἧ
706 1532 796 1583 τὸν
820 1534 1008 1600 τάφον,
1037 1536 1069 1605 ἢ
1100 1537 1188 1588 τὸν
1231 1537 1362 1608 ᾃῗην
1398 1555 1412 1568 ·
1448 1539 1543 1592 καὶ
1571 1538 1742 1592 ταῦτα

224 1622 314 1688 γὰρ
337 1621 389 1672 ὲν
414 1621 488 1691 τῷ
518 1622 674 1690 βάθει
707 1627 802 1693 τῆς
822 1629 923 1697 γῆς
954 1630 1061 1682 εἰσὶ
1091 1631 1184 1682 καὶ
1213 1632 1447 1699 ἄφυκτα.
1496 1632 1746 1696 Ἕσωσὰς

225 1726 300 1776 με,
330 1712 502 1781 φησὶν,
532 1713 640 1766 ἀπὸ
690 1717 797 1769 τῶν
847 1719 1280 1772 καταϐαινόντων
1329 1723 1408 1782 είς
1457 1722 1738 1775 κίνδυνον·

225 1803 338 1854 κατὰ
372 1806 467 1872 μὲν
503 1806 591 1858 τὸν
614 1807 776 1860 Δα6“ιδ
802 1812 892 1862 καὶ
921 1810 1018 1879 τὴν
1064 1812 1412 1881 Ἐκκλησίαν,
1473 1813 1701 1884 ψυχικόν
1725 1830 1740 1844 ⁶

223 1891 344 1943 κατὰ
375 1893 429 1945 δὲ
453 1893 540 1946 τὸν
581 1895 848 1963 Ἐζεκίαν,
891 1901 1222 1965 σωματικόν.
1282 1902 1400 1971 Χρὴ
1452 1903 1508 1954 δὲ
1581 1903 1743 1970 γινώο

227 1997 370 2045 σχειν,
405 1984 482 2034 ὅτι
512 1985 571 2035 οὐ
606 1987 778 2038 πάντα
807 1989 871 2039 τὰ
905 1991 1030 2058 ἑξῆς
1089 1993 1248 2060 ῥητὰ,
1316 1993 1520 2055 τούτοις
1570 1995 1744 2064 ἁρμό-

223 2070 402 2135 ζουσιν,
441 2073 573 2125 ἀλλά
607 2093 765 2128 τινα⁸
812 2079 1034 2132 τοιαῦτα
1075 2081 1204 2149 γὰρ,
1261 2083 1335 2144 ὡς
1401 2084 1624 2148 ἐπίπαν,
1679 2088 1747 2139 τὰ

225 2163 524 2229 πρδξητικά.

286 2336 508 2392 Vitare
575 2339 653 2405 τῷ
683 2344 874 2410 Κυρίῳ
901 2347 954 2398 ol
975 2345 1128 2400 ὅσιοι
1166 2348 1372 2405 αὐτοῦ.
1431 2351 1494 2404 Οί
1548 2350 1745 2405 δίκαιοι

224 2427 447 2491 aito-3m!
483 2429 760 2498 ὲνάρετοι·
791 2435 839 2486 οί
863 2435 969 2505 γὰρ
1009 2437 1084 2508 μὴ
1119 2437 1290 2501 οὕτως
1327 2441 1565 2510 ιἔχοντες,
1606 2442 1747 2511 ψάλ-

225 2517 382 2578 λοντες
403 2520 460 2570 οὐ
493 2519 806 2589 ψάλλουσιν.
839 2526 914 2578 Οὐ
942 2527 1050 2598 γὰρ
1075 2527 1300 2583 δύναται
1334 2533 1551 2602 δένδρον
1579 2551 1744 2602 πονη-

226 2607 305 2674 ρίιν
349 2607 585 2681 καρποὺς
615 2615 853 2682 ἀγαθοὺς
883 2623 1079 2683 ποιεῖν,
1115 2621 1237 2673 οὐδὲ
1272 2622 1469 2692 καρδία
1511 2623 1746 2692 Θανατη-

225 2699 388 2769 φόρος,
426 2703 490 2771 ei;
501 2721 647 2772 ματα
671 2705 952 2760 ἐκϐάλλειν
978 2708 1143 2779 ζωῆς.

294 2881 763 2953 Ἑξομολογεῖσθε
816 2887 892 2956 τῇ
941 2889 1145 2959 μνήμῃ
1203 2890 1312 2960 τῆς
1348 2892 1748 2962 ’δικαιοσύνης

227 2971 409 3026 αὑτοῦ.
441 2974 548 3026 Καὶ
585 2976 956 3045 εὐχαριστεῖτε
983 2982 1084 3049 τῆς
1121 2978 1230 3048 (9‘7)
1284 2983 1502 3050 μνήμης
1561 2986 1745 3050 αὑτοῦ,

227 3062 712 3133 ἵπιὲμνημὸνευσεν
733 3069 887 3136 ἡμῶν
915 3069 1074 3140 αὕτη.
1130 3063 1239 3123 τῶν
1292 3073 1744 3145 ἐπιλελησμένων,

225 3150 301 3204 δή
319 3153 408 3216 τὰς
436 3155 705 3226 ἁμαρτίας
743 3159 918 3227 ἡμῶν.

287 3266 406 3318 Ὅτι
435 3268 580 3335 ὀργὴ
634 3268 702 3320 ἐν
729 3267 808 3333 τῷ
841 3267 1002 3337 θυμῷ
1025 3269 1233 3332 αὐτοῦ,
1259 3272 1353 3324 καὶ
1389 3271 1501 3341 (cui)
1554 3273 1622 3325 ἐν
1669 3273 1747 3339 τῷ

227 3357 480 3424 θελήματι
508 3359 712 3413 αὐτοῦ.
757 3360 958 3429 Ὀργὴν
989 3362 1085 3430 μὲν
1112 3363 1362 3430 ὀνομάζει
1388 3363 1479 3416 νῦν
1501 3366 1596 3431 τὴν
1653 3366 1747 3418 κό-

223 3437 362 3497 λασιν
384 3465 396 3477 ·
417 3449 582 3517 θυμὸν
607 3450 680 3512 δὲ,
715 3450 810 3520 τὴν
833 3451 1221 3521 ἀγανάκτησιν.
1258 3455 1409 3507 Ἔστι
1433 3455 1486 3508 δὲ
1513 3440 1749 3518 τοιοῦτος

223 3533 248 3582 6
283 3533 396 3596 νοῦς
420 3551 436 3570 ο
464 3538 546 3588 ὅτι
571 3537 787 3600 κόλασις
812 3541 910 3608 μέν
935 3542 1100 3605 ἐστιν,
1164 3545 1223 3594 ἐν
1269 3547 1332 3612 τῇ
1382 3546 1746 3612 ἀγανακτήσει

220 3622 370 3675 αὖτοῦ
411 3641 422 3656 ⁸
452 3625 562 3694 ζωὴ
591 3627 666 3693 δὲ,
701 3629 756 3678 ἐν
787 3629 863 3696 τῷ
894 3629 1156 3698 θελήματι
1183 3631 1373 3684 ,αὐτοῦ
1409 3648 1424 3664 ο
1472 3633 1746 3685 τουτέστιν

224 3713 523 3777 ἀγανακτῶν
563 3717 679 3785 μὲν,
716 3719 954 3782 κολάζει,
987 3720 1062 3783 ὡς
1090 3720 1296 3784 δίκαιος
1327 3737 1338 3753 ·
1368 3721 1509 3774 θέλει
1559 3723 1615 3776 δὲ
1661 3723 1748 3775 ἀεὶ

225 3801 397 3870 ἐλεεῖν,
428 3807 498 3868 ὡς
524 3808 789 3878 ἐλεήμων,
837 3804 922 3872 ὡς’
969 3807 1105 3864 εἶναι
1143 3813 1202 3864 τὸ
1260 3812 1377 3881 μὲν,
1434 3814 1748 3882 περιστάσει

225 3884 552 3967 ἀπροαιρέτῳ
583 3917 599 3932 ο
637 3901 695 3951 τὸ
716 3901 792 3965 δὲ,
818 3900 975 3967 φύσει
1007 3901 1259 3973 θελητικῇ
1290 3921 1304 3934 ·
1337 3903 1468 3972 φησὶ
1510 3903 1616 3974 γὰρ
1663 3903 1750 3956 διὰ

235 3981 468 4052 Ἰεζεκιήλ
521 4003 535 4016 ·
568 3974 662 4054 Μὴ
715 3992 955 4056 θελήσει
998 3991 1148 4044 θέλω
1192 3991 1297 4044 τὸν
1345 3992 1599 4045 θάνατον
1637 3992 1743 4046 τοῦ

208 4067 571 4142 Ἦιιαρτωλοῦ,
598 4080 676 4144 ὡς
706 4080 770 4132 τὸ
806 4082 1159 4148 ἐπιστρέψαι
1197 4082 1399 4135 αὐτόν.
1455 4082 1747 4151 Προτάττει

221 4165 322 4236 8ὲὴ
353 4169 539 4240 Γραφὴ
592 4173 660 4224 τὰ
696 4173 915 4243 λυπηρὰ
944 4173 1049 4226 τῶν
1082 4173 1250 4242 ἡδέων
1276 4189 1289 4202 ·
1348 4171 1456 4241 (98)
1513 4171 1748 4241 ἡδύσιμα

221 4257 317 4326 γὰρ
357 4263 492 4328 μετὰ
512 4263 730 4331 λυπηρᾶ
758 4264 822 4315 τὰ
852 4263 1083 4333 χρηστὰ,
1142 4263 1215 4325 ὡς
1243 4262 1303 4315 τό
1343 4278 1354 4291 ·
1412 4262 1555 4330 Ἐγὼ
1601 4262 1747 4315 ἀπο.

222 4350 390 4402 κτενῶ
423 4354 516 4406 καί
549 4353 656 4421 ζῇν
692 4354 950 4420 ,ποιήσω’
982 4354 1242 4418 πατάξω,
1279 4353 1439 4422 κάγὼ
1481 4353 1743 4421 ἰάσομαι.

222 4439 364 4506 pheta
395 4453 582 4498 intesta
611 4445 862 4513 jucundis
893 4462 908 4498 :
937 4461 1002 4499 eo
1035 4446 1175 4512 quod
1243 4445 1480 4499 dulciora
1536 4443 1818 4497 videantur
1877 4444 2019 4499 bona
2107 4461 2227 4514 qua:
2272 4454 2394 4514 post
2439 4443 2610 4498 tristia
2657 4441 2970 4496 obveniant.

1851 651 2037 689 meam.
2070 632 2195 687 Sive
2230 646 2469 700 exponas
2499 631 2762 700 psalmum
2791 631 2859 686 de
2893 631 3049 686 beato
3075 630 3260 696 David,
3287 634 3402 685 sive

1851 724 1917 777 de
1940 720 2201 782 Ecclesia,
2224 736 2316 788 per
2336 719 2605 773 infernum
2639 719 2876 790 intelligo
2903 722 3149 775 teni-bras
3172 723 3396 789 peccati.

1851 813 1942 868 Vel
1987 813 2069 867 his
2117 812 2294 866 verbis
2339 809 2535 863 inferni
2563 811 2984 864 destructionem
3012 813 3390 863 ctauimarum

1850 904 2218 960 liberationem
2249 899 2535 969 signiﬁcat.
2568 899 2721 964 Quod
2771 900 2814 953 si
2849 899 2914 952 de
2949 898 3207 964 Ezechia,
3252 909 3402 952 tene~

1850 997 1974 1049 bras
2045 991 2364 1048 formidinis.
2427 990 2572 1045 Solet
2639 990 2779 1043 enim
2849 989 3080 1044 formido
3145 992 3398 1045 tenebras

1848 1100 2122 1156 generare.

1920 1181 2155 1236 Salvasti
2183 1197 2260 1234 me
2295 1197 2325 1233 a
2350 1180 2774 1235 descendentibus
2807 1179 2861 1232 in
2894 1177 3090 1234 lacum.
3140 1175 3397 1230 Eamdcm

1847 1273 2042 1326 iterum
2073 1272 2196 1326 aliis
2224 1271 2404 1325 verbis
2436 1270 2629 1338 repetit
2658 1269 3003 1325 sententiam.
3045 1254 3402 1336 quemadmo-
3440 1310 3445 1315 .

1846 1359 1974 1413 dum
2004 1375 2120 1413 mos
2149 1369 2232 1414 est
2263 1360 2348 1424 iis,
2381 1359 2472 1426 qui
2503 1360 2568 1413 de
2591 1358 2830 1426 acceptis
2880 1357 3160 1411 beneﬁciis
3197 1356 3397 1426 gratias

1845 1459 2028 1519 aguut.
2070 1448 2171 1503 Per
2199 1450 2374 1503 lacum
2417 1463 2544 1502 vero
2599 1447 2910 1502 inevitabile
2965 1446 3260 1516 periculum
3311 1446 3397 1499 in-

1845 1539 2042 1607 telligo.
2069 1537 2198 1592 Nam
2218 1539 2308 1608 qui
2333 1538 2386 1591 in
2412 1538 2586 1593 lacum
2615 1523 2720 1592 aut.
2745 1537 2952 1592 foveam
2976 1545 3070 1590 aut
3104 1536 3394 1597 infernum,

1846 1647 1963 1701 qua:
2000 1632 2258 1686 omniain
2296 1631 2564 1700 profundo
2587 1639 2745 1685 terrae
2784 1639 2929 1695 sunt,
2973 1627 3197 1692 incidit,
3249 1628 3399 1682 illinc

1845 1722 2072 1776 evadere
2109 1736 2218 1776 non
2254 1727 2451 1790 potest.
2496 1720 2726 1774 Salvasti
2758 1735 2843 1774 me
2869 1761 2885 1784 ,
2944 1719 3158 1788 inquit,
3209 1719 3276 1772 ab
3329 1719 3398 1772 iis

1845 1811 1934 1880 qui
1954 1811 2290 1866 descendunt
2307 1809 2359 1863 in
2385 1810 2679 1879 periculum
2697 1827 2712 1874 ;
2739 1812 2789 1863 in
2809 1809 3130 1878 periculum,
3153 1809 3395 1877 inquam.

1849 1901 2061 1963 animm,
2084 1899 2129 1954 si
2164 1899 2230 1952 de
2254 1897 2513 1959 Ecclesia,
2551 1908 2644 1950 aut
2674 1899 2738 1950 de
2763 1897 2927 1950 David
2961 1898 3227 1965 intelligas
3255 1913 3271 1950 :
3297 1896 3404 1951 sed

1849 1991 2148 2058 corporale,
2183 1989 2228 2044 si
2254 1988 2322 2044 de
2358 1987 2604 2042 Ezechia.
2634 1987 2772 2041 Illud
2831 1996 3010 2042 autent
3062 1987 3402 2040 animadver-

1850 2082 2066 2137 tendum
2093 2086 2196 2144 est‘,
2231 2079 2372 2148 quod
2401 2093 2521 2146 qua:
2545 2085 2842 2148 sequuntur
2866 2119 2880 2141 ,
2932 2093 3036 2131 non
3084 2076 3260 2130 omnia
3310 2075 3396 2130 his

1848 2173 2024 2226 tribus
2043 2177 2370 2238 congruunt,
2395 2167 2489 2225 sed
2517 2169 2693 2236 aliqua
2717 2167 3118 2224 tantummodo:
3140 2167 3219 2222 sic
3251 2167 3392 2221 enim
3464 2196 3469 2199 -

1849 2263 1958 2317 fere
1985 2277 2044 2317 se
2070 2263 2267 2315 habent
2290 2260 2449 2314 verba
2473 2259 2801 2328 prophetica.

1918 2351 2080 2406 Vens.
2115 2351 2168 2405 5.
2199 2351 2417 2404 Ρεςαίίῑιε
2441 2350 2659 2403 Domino
2686 2349 3001 2416 sanctiejus.
3024 2347 3154 2411 Vos,
3181 2364 3213 2403 ο
3257 2347 3390 2416 justi

1848 2455 1900 2501 et
1937 2446 2133 2498 virtute
2165 2441 2394 2510 praediti.
2427 2439 2559 2494 Nam
2593 2440 2684 2509 qui
2711 2439 3018 2508 huiusmodi
3061 2453 3167 2493 non
3219 2447 3390 2502 sunt,

1849 2533 2060 2589 tametsi
2080 2534 2331 2602 psallant,
2362 2532 2592 2584 Domino
2623 2547 2729 2584 non
2769 2531 3030 2600 psallunt,
3060 2545 3232 2600 neque
3250 2530 3390 2585 enim

1849 2632 2022 2696 potest
2048 2624 2208 2678 arbor
2251 2621 2390 2674 mala
2425 2620 2636 2676 fructus
2681 2620 2853 2676 bonos
2899 2620 3113 2681 facere,
3144 2624 3259 2673 ‘nec
3301 2633 3396 2672 cor

1848 2714 2204 2778 mortiferum,
2239 2707 2300 2768 ac
2316 2711 2550 2767 caedibus
2581 2711 2797 2781 plenum
2833 2753 2849 2777 ,
2877 2712 3036 2768 verba
3075 2711 3198 2765 vita:
3237 2710 3394 2764 emit-

1851 2819 1986 2865 tere.

1921 2898 2323 2969 Etconﬁtemini
2355 2901 2616 2955 memorie:
2644 2897 2942 2954 sanctitatis
2991 2896 3127 2964 ejus.
3165 2892 3229 2946 Et
3267 2908 3392 2963 gra-

1848 2989 1952 3043 tias
1978 2988 2118 3057 agite
2167 2988 2313 3043 illius
2365 2991 2656 3052 memorize,
2707 2988 2847 3056 quod
2895 2992 3142 3040 nostrum
3183 2983 3392 3038 scilicet

1850 3078 2186 3141 meminerit,
2243 3094 2470 3148 quorum
2536 3091 2694 3134 antea
2734 3120 2748 3144 ,
2813 3077 2882 3133 ob
2921 3075 3116 3132 delicta
3147 3115 3163 3139 ,
3215 3073 3389 3126 fuerat

1779 3190 1820 3246 (ι
1851 3176 2064 3232 oblitus.

1920 3288 2084 3349 Vens.
2109 3288 2160 3342 6.
2231 3287 2488 3353 Quoniam
2527 3285 2610 3338 ira
2648 3284 2703 3337 in
2739 3279 3164 3337 excandescentia
3197 3277 3307 3346 ejus
3341 3287 3391 3331 et

1849 3381 1954 3434 vita
1981 3379 2030 3430 in
2059 3377 2322 3431 voluntate
2350 3377 2485 3443 ejus.
2527 3373 2628 3428 Per
2661 3373 2822 3436 iram,
2859 3367 3265 3438 castigationem
3289 3380 3386 3420 seu

1850 3470 2182 3540 punitioncm
2215 3466 2466 3536 intelligit
2496 3482 2510 3528 ;
2542 3473 2595 3518 et
2626 3476 2818 3518 sensus
2847 3457 3090 3527 estquod
3115 3456 3392 3524 castigatio

1847 3561 1901 3612 in
1931 3555 2376 3613 excandescentia
2420 3554 2510 3608 Dei
2548 3560 2656 3616 est;
2692 3551 2801 3604 vita
2829 3562 2960 3602 vero
2982 3547 3036 3601 in
3061 3545 3178 3614 eius
3200 3546 3394 3598 volun-

1849 3658 1978 3713 tate,
2013 3649 2114 3702 hoc
2154 3655 2258 3711 est,
2287 3645 2430 3714 quod
2467 3643 2613 3706 licet,
2648 3649 2708 3694 ut
2730 3641 2932 3709 justus,
2958 3637 3148 3708 puniat
3179 3635 3392 3703 quoties
3417 3675 3432 3696 .,

1847 3737 2210 3799 excandescit,
2241 3742 2301 3788 ut
2333 3732 2644 3808 misericors
2677 3737 2876 3788 tamen,
2908 3741 3120 3794 semper
3153 3724 3301 3792 cupit
3329 3737 3393 3776 ac

1846 3827 1960 3877 vult
1985 3823 2252 3884 misereri,
2273 3823 2343 3875 ita
2380 3831 2438 3874 ut
2470 3820 2723 3882 alterum,
2756 3817 2898 3888 quod
2932 3815 3144 3886 puniat,
3183 3828 3290 3865 non
3320 3814 3393 3865 ita

1846 3912 2203 3979 exzclcctione
2228 3909 2319 3963 Dei
2347 3922 2469 3965 esse
2496 3907 2918 3968 demonstretur,
2943 3903 3036 3958 sed
3083 3916 3212 3956 casu
3257 3917 3394 3968 quo-

1846 4001 2154 4063 dammodo,
2176 4009 2394 4070 propter
2423 3998 2699 4066 hominum
2721 3996 2912 4050 delicta
2948 4013 2959 4046 :
2984 3994 3212 4046 alterum
3244 4004 3392 4052 vero,

1853 4090 1994 4158 quod
2035 4089 2285 4152 viviﬁcet,
2319 4105 2380 4144 ex
2414 4095 2604 4141 natura
2637 4086 2754 4155 ejus
2781 4099 2900 4139 esse
2927 4089 3271 4152 appareat,et
3300 4096 3396 4133 vo-

1853 4177 2141 4231 luntarium
2183 4195 2196 4231 :
2226 4174 2677 4246 quemadmodum
2706 4181 2758 4228 et
2789 4173 2914 4227 alibi
2939 4187 3032 4241 per
3062 4171 3392 4224 Ezeehiclcm

1852 4265 2009 4318 docet
2037 4266 2221 4319 dicens
2253 4286 2264 4318 :
2321 4264 2441 4316 Non
2475 4264 2647 4317 volens
2675 4265 2784 4315 rolo
2818 4270 3035 4313 mortem
3070 4259 3354 4325 peccatoris
3379 4298 3392 4319 .

1852 4353 1940 4407 sed
1976 4365 2028 4406 ut
2061 4361 2410 4416 convertatur,
2443 4360 2488 4406 et
2514 4353 2643 4404 vivat
2680 4351 2744 4404 ³³.
2775 4349 3042 4418 Pra‘ponit
3074 4349 3231 4402 etiam
3263 4347 3396 4400 Pro-

3057 4435 3244 4491 Slmilc
3311 4445 3394 4492 cst

225 4527 339 4580 illud
378 4548 394 4582 :
435 4530 546 4601 Ego
578 4532 810 4584 occidam
834 4543 881 4584 et
905 4533 1194 4600 viviﬁcabo,
1220 4533 1507 4599 percutiam
1554 4538 1604 4584 et
1662 4531 1860 4586 sanabo
1886 4531 1950 4586 “.

286 4642 355 4695 Τὸ
387 4644 644 4711 ἑσπέρας
673 4643 1103 4710 αὺ.1ισοήσεται
1130 4643 1452 4711 κλαυθμὸς,
1511 4643 1607 4695 καί
1663 4645 1747 4707 εἰς

1869 4677 1884 4692 .
1922 4642 2004 4700 Ad
2030 4658 2292 4710 vesperum
2321 4641 2675 4715 demorabitur
2705 4640 2856 4707 ﬂetus
2885 4647 2941 4692 et,
2974 4638 3042 4692 ad
3081 4638 3394 4691 matutinum

224 4733 280 4784 τὸ
305 4736 450 4800 πρωῒ
475 4735 851 4801 ἀγαλλίασις.
874 4731 1043 4786 Τοῦτο
1086 4732 1329 4802 βούλεται
1389 4731 1601 4798 δηλοῦν,
1669 4732 1749 4782 ὅτι

223 4825 250 4889 ἠ
305 4823 806 4892 μετάνοιαιταχεῖαν
851 4823 1183 4890 ἀνεπὰγεται
1217 4823 1314 4893 τὴν
1381 4821 1748 4891 συγχώρησιν.

233 4913 282 4966 ’0
319 4917 422 4982 γὰρ
477 4914 713 4984 ἑσπέρας
740 4915 1001 4980 κλαύσας,
1041 4914 1101 4966 τὸ
1155 4912 1298 4982 πρωῒ
1345 4913 1748 4980 ἁγαλλιάσεται.

225 5009 689 5075 παρηγορούμενος
718 5009 782 5074 τῇ
823 5005 1085 5075 ἐπιδημίᾳ
1113 5004 1204 5055 τοῦ
1229 5003 1382 5070 ἁγίου
1415 5003 1747 5071 Πνεύματος.

227 5095 438 5149 Ἐσι-ιδὲ
481 5098 571 5148 καὶ
608 5099 907 5163 προφητεία
945 5096 1070 5163 περὶ
1089 5096 1196 5146 τῶν
1230 5093 1557 5154 ἀποστόλων,
1599 5087 1678 5154 οἷς
1698 5095 1754 5143 ὲν

226 5185 418 5253 ἑσπέρᾳ.
445 5186 540 5236 τοῦ
570 5186 866 5248 Σαεὸἀτου,
903 5185 1156 5252 μετὰ,τὴν
1177 5185 1350 5251 ταφὴν
1369 5183 1458 5235 τοῦ
1482 5184 1752 5251 Σωτῆρος,

226 5276 476 5337 κλαίουσι,
499 5279 592 5328 καὶ
612 5282 670 5330 τὸ
696 5276 837 5347 πρωῒ
862 5277 926 5345 τῆ
974 5275 1250 5344 Κυριακῆς
1274 5276 1327 5326 αί
1351 5277 1602 5337 γυναῖκες
1633 5275 1752 5326 ἑκό-

228 5383 376 5430 μισαν
417 5370 590 5439 χαρᾶς
622 5369 934 5435 εὐαγγέλια,
968 5369 1059 5419 καὶ
1092 5368 1171 5419 ὅτι
1205 5365 1402 5434 ἀνέστη
1447 5367 1474 5415 ὁ
1527 5364 1751 5434 Κύριος.

290 5542 333 5574 ⁵³
364 5544 563 5601 Ezech.
597 5557 745 5611 xvttt,
785 5545 872 5599 2‘5.
931 5545 976 5576 ³⁵
1003 5542 1153 5598 Deut.
1188 5556 1356 5602 xxxn,
1384 5542 1474 5596 '59.

1850 4733 2054 4786 Ia’litia.
2082 4733 2286 4788 Sensus
2313 4741 2418 4795 est,
2449 4732 2589 4800 quod
2630 4729 2946 4800 paenitentia
2997 4729 3064 4782 de
3114 4729 3350 4797 peccatis
3380 4767 3394 4788 ,

1851 4809 2292 4872 celerem‘secum
2324 4805 2538 4870 a'dducit
2578 4817 2810 4868 veniam.
2859 4813 2989 4866 Nam
3035 4813 3127 4880 qui
3176 4826 3397 4880 vespere

1849 4921 1945 4962 sua
1978 4905 2184 4958 ﬂeverit
2208 4912 2449 4973 peccata,
2478 4919 2635 4957 mane
2665 4902 3003 4969 postmodum
3055 4916 3266 4956 summa
3302 4903 3394 4954 la:-

1854 4997 1970 5050 titia
2007 4996 2318 5059 exsuitahit,
2349 4996 2576 5048 advequ
2626 4995 2878 5048 nimirum
2935 4993 3106 5047 sancti
3157 4993 3395 5060 Spiritus

1852 5089 2180 5144 consolatus.
2215 5085 2306 5140 Est
2338 5093 2389 5138 ct
2416 5088 2525 5140 inec
2555 5084 2835 5153 prophetia
2864 5083 2928 5137 de
2959 5082 3240 5151 apostolis,
3277 5083 3395 5150 qui-

1851 5179 1952 5233 bus
1990 5187 2109 5246 post
2136 5176 2346 5229 Domini
2382 5175 2711 5243 sepulturam
2745 5187 2966 5241 vespere
2996 5170 3214 5224 Sabbati
3262 5169 3395 5224 ﬂen-

1851 5269 2036 5331 tibus,
2087 5281 2285 5326 mane,
2333 5261 2614 5316 Dominico
2661 5261 2748 5314 die
2804 5260 3057 5312 mulieres
3097 5255 3391 5326 jucundum

1853 5359 1981 5414 illud
2014 5357 2210 5411 laetitiae
2238 5352 2485 5408 nuntium
2521 5351 2853 5414 attulerunt,
2894 5348 3176 5402 Dominum
3207 5358 3393 5400 resur-

1541 5659 1736 5722 Varim
1767 5659 2086 5722 lectiones.

286 5789 391 5857 (97)
427 5787 618 5844 Ssx-ibe
645 5792 710 5860 τῇ
753 5789 961 5860 μνήμῃ,
993 5787 1073 5844 vel
1098 5787 1322 5844 subaudi
1358 5788 1561 5842 ἕνεκεν.

1918 5781 2027 5853 (93)
2070 5782 2154 5836 ἵσ.
2194 5779 2393 5851 ἡδίονα.
