4082 6326
248 360 350 421 3:15

1378 373 1768 440 COMMENT.
1811 380 1896 441 IN
1932 383 2066 445 PSA
2077 389 2290 451 LMOS.

3307 359 3484 467 ,διο

244 468 589 536 ἀγνοοῦντας,
619 471 702 524 ὅτι
731 473 796 526 σὺ
816 475 1032 544 ἀληθῶς
1059 476 1211 543 Θεὸς,
1254 479 1286 550 ἢ
1313 481 1392 535 ὄτι
1441 484 1676 554 ἀληθήςς
1731 489 1774 540 Τ

1904 495 2117 552 veudus
2141 515 2285 564 sum,
2318 480 2523 572 gratias
2546 507 2842 578 aliquando
2872 511 2971 566 tibi
3003 508 3171 581 aget?
3201 507 3456 581 Nunquid

245 559 363 624 μὲν,
394 559 472 627 (Ι)
508 561 616 616 τῶν
644 564 820 616 ἄλλων
843 566 978 619 θεῶν
1009 568 1219 635 ψευδῶν
1245 570 1413 626 ὄντων
1441 591 1454 602 ·
1512 577 1573 628 τὸ
1614 577 1691 642 δὲ,
1723 579 1794 642 ὡς

243 649 576 720 πληροῦντός
613 671 706 707 σου
732 656 801 708 τὰ
841 659 1246 730 ἐπηγγελμένα.
1300 665 1516 719 Βέλτιον
1568 666 1662 721 οὖν
1713 670 1794 723 ἔτι

242 736 336 807 ζῇν
370 759 462 808 με,
499 746 548 796 εἰ
571 747 663 796 καὶ
695 746 770 817 μὴ
787 748 856 799 δι’
879 749 1001 818 ἐμὲ.
1036 751 1265 806 ἀλλ’ἵνα
1292 754 1556 826 δοξολογῶ
1603 776 1662 812 σε
1699 763 1794 815 καὶ

243 829 411 898 ὑμνῶ,
447 834 540 886 καὶ
569 838 821 905 κηρύττω
850 840 948 910 τὴν
971 841 1227 912 ἀλήθειάν
1259 863 1374 901 σου.

1901 587 2082 639 etiam'
2108 589 2220 654 ille,
2250 593 2562 662 ignorantes
2601 601 2840 663 docebit.
2866 603 3009 673 quod
3035 618 3162 657 vere
3200 618 3264 656 ac
3293 618 3457 656 verax

1904 674 2047 732 Deus
2079 682 2177 734 es?
2208 700 2331 739 vere
2371 687 2590 755 quidem
2619 693 2775 760 quasi
2809 693 3002 762 reliqui
3026 693 3118 746 Dei
3167 692 3290 747 falsi
3326 693 3456 756 sint,

1901 766 2130 824 alterum
2193 789 2320 828 vero
2374 788 2433 831 ιιι
2468 780 2645 846 jussa,
2678 796 2742 836 ac
2790 784 3040 838 mandata
3073 793 3160 836 tua
3193 783 3454 852 perﬁciat.

1899 855 2090 915 Melius
2138 873 2223 918 est
2270 868 2434 936 igitur
2462 880 2518 924 ut
2550 872 2726 926 adhuc
2760 877 3011 942 praesenti
3059 877 3167 930 vita
3209 875 3380 938 fruar,
3409 877 3453 928 si

243 926 309 976 ob
350 925 554 980 nullam
607 930 874 1029 privatam
942 935 1048 988 mei
1106 935 1277 1036 ipsius
1327 941 1616 1007 rationem,
1650 945 1839 1001 saltem
1874 951 1943 1004 ob
1976 953 2122 1009 illam
2159 958 2240 1013 vel
2294 963 2546 1030 maxime,
2595 976 2651 1021 ut
2679 925 2975 1036 gloiilicem
3003 977 3075 1032 te,
3108 979 3162 1022 et
3220 970 3456 1026 laudem,

243 1022 400 1084 atque
426 1024 486 1068 ut
511 1018 790 1073 veritatem
821 1030 964 1074 tuam
993 1023 1303 1093 pradicem.

310 1106 574 1159 ’Πκουσε
615 1110 828 1176 Κύριος
852 1153 865 1170 .
908 1114 1006 1168 καὶ
1040 1108 1268 1183 ἠλέησέ
1321 1135 1416 1186 με.
1464 1120 1798 1191 Λίσοόμενος

240 1195 337 1264 τῆς
367 1197 668 1268 μελλούσης
700 1201 970 1273 βοηθείας,
994 1207 1081 1274 ζὼς
1125 1209 1224 1278 ήδη
1275 1213 1582 1276 γεγονυίας,
1628 1217 1798 1286 αὐτὴν

238 1288 521 1358 διηγεῖται.
556 1293 828 1348 Ἤκουσεν
863 1297 961 1364 τῆς
1011 1298 1152 1366 ἐμῆς
1185 1294 1480 1372 κραυγῆς.
1528 1309 1794 1372 τουτέστι,

238 1382 547 1452 προσήκατό
575 1401 676 1454 μου
717 1385 816 1455 τὴν
843 1387 1024 1458 δέησιν
1050 1405 1064 1420 ·
1095 1393 1145 1443 οἱ
1177 1391 1284 1462 γὰρ
1312 1393 1388 1464 μὴ
1420 1398 1796 1468 προσιέμενοι,

238 1472 348 1524 οὐδ’
366 1473 584 1528 ἀκούειν
607 1477 910 1547 ἀνέχονται.

302 1653 513 1718 Κύριος
541 1654 793 1723 ἐγενήθη
827 1657 1054 1724 βοηθός
1083 1677 1222 1728 μου.
1240 1663 1500 1728 Ἀκούσας
1536 1667 1786 1737 ἠλέησεν,

233 1743 328 1794 καὶ
359 1744 606 1812 ἐλεήσας,
630 1746 894 1818 ἐϐοήθησὲ
919 1767 1030 1818 μοι,
1059 1753 1361 1822 ῥυσάμενος
1386 1757 1450 1809 ἐκ
1497 1757 1592 1812 τοῦ
1634 1777 1789 1830 τηνι-

234 1831 404 1884 καῦτα
436 1833 690 1889 Θανάτου.

306 1922 645 1992 Ἕστρεψας
675 1927 780 1980 τόν
802 1932 1056 1984 κοπετόν
1082 1949 1202 2000 μου
1226 1937 1311 1999 εἰς
1353 1935 1562 2003 χαράν.
1607 1940 1787 1993 Korre-

231 2011 319 2074 τός
346 2013 457 2066 ἐστι
487 2016 546 2066 τὸ
577 2016 796 2088 θρηνεῖν
822 2022 915 2073 καὶ
959 2023 1018 2074 τὸ
1064 2024 1291 2078 τύπτειν
1336 2028 1398 2080 τὸ
1451 2022 1655 2099 ’στῆθος
1692 2033 1786 2086 καὶ

229 2105 330 2168 τὰς
363 2107 590 2178 παρειάς
613 2125 626 2139 ο
652 2112 850 2164 κόπτω
883 2111 990 2184 γὰρ
1026 2114 1087 2167 τὸ
1119 2118 1337 2172 τύπτω.
1375 2119 1660 2190 Ἑνήλλαξε
1689 2123 1788 2193 τὴν

226 2194 401 2266 λύπην
434 2215 536 2268 μου
571 2202 650 2264 εἰς
675 2205 870 2272 χαράν.

1970 1131 2134 1188 Vens.
2169 1137 2253 1200 ll.
2287 1139 2500 1194 Audiuit
2535 1143 2788 1198 Dominus
2818 1155 2868 1198 et
2919 1149 3167 1201 misertus
3205 1157 3282 1201 est
3330 1151 3450 1202 mei-

1895 1219 2207 1282 Praevidens
2235 1228 2500 1297 Propheta
2530 1234 2845 1290 adfuturum
2875 1238 2977 1291 sibi
3014 1239 3262 1292 divinum
3291 1239 3453 1292 auxi-

1897 1313 2205 1376 littm,illud
2241 1333 2427 1375 narrat
2471 1334 2530 1378 ut
2555 1325 2667 1394 jam
2711 1330 3013 1396 praestitum
3043 1349 3055 1384 :
3080 1331 3318 1396 Audivit,
3367 1334 3450 1386 itt-

1894 1405 2035 1472 qttit,
2081 1409 2376 1466 clamorem
2409 1430 2612 1479 meum,
2676 1418 2780 1472 hoc
2828 1430 2934 1485 est,
2979 1421 3220 1477 Admisit
3248 1423 3450 1478 oratio-

1893 1508 2014 1546 nem
2050 1510 2246 1550 meam.
2277 1499 2412 1554 Nam
2437 1503 2529 1572 qui
2559 1520 2667 1560 non
2701 1507 3088 1576 admittuntur,
3131 1512 3308 1582 audiri
3341 1528 3448 1566 non

1891 1596 2140 1654 possunt.

1959 1677 2216 1735 Dominus
2243 1683 2418 1751 factus
2445 1695 2523 1741 est
2550 1688 2765 1758 adjutor
2791 1707 2955 1745 mens.
2985 1691 3224 1747 Audiens
3254 1692 3448 1747 miser-

1891 1775 1980 1823 tus
2008 1779 2114 1833 est,
2140 1782 2193 1826 et
2222 1775 2430 1845 adjuvit
2458 1793 2563 1842 me,
2602 1782 2840 1850 eripiens
2869 1799 2897 1836 a
2927 1792 3121 1846 morte,
3164 1798 3284 1853 qute
3318 1795 3446 1839 tunc

1892 1859 2257 1929 impendebat.

1962 1951 2128 2008 Vens.
2169 1957 2253 2010 12.
2296 1958 2608 2016 Convertisti
2632 1963 2896 2031 planctum
2919 1981 3092 2019 meum
3112 1966 3167 2018 in
3190 1966 3444 2034 gaudium

1891 2039 2038 2094 mihi.
2075 2042 2336 2114 Plangere
2360 2048 2500 2102 idem
2529 2059 2611 2104 est
2642 2053 2785 2120 quod
2814 2053 3020 2122 lugere.
3050 2068 3113 2107 ac
3146 2068 3314 2121 genas
3349 2069 3443 2120 Pe‘

1885 2140 2112 2199 etusqtte
2174 2146 2478 2204 percutere.
2545 2140 2778 2195 Verbum
2831 2144 2973 2197 enim
3031 2143 3243 2210 plango,
3303 2143 3444 2197 unde

1883 2219 2065 2289 plaga.
2115 2221 2254 2278 idem
2311 2229 2607 2298 sigttilical,
2659 2233 2803 2302 quod
2846 2233 2990 2288 credo
3036 2250 3130 2289 seu
3185 2234 3438 2301 percutio.

229 2285 505 2356 [Eamdem
530 2293 672 2346 enim
709 2297 1087 2367 etymologiam
1121 2307 1304 2353 servat
1335 2298 1523 2354 Gratca
1552 2299 1768 2372 dictio.]
1807 2285 2175 2365 Cotumutarit
2210 2285 2393 2384 itaque
2428 2285 2636 2372 luctum
2669 2285 2736 2373 ac
2771 2335 3061 2375 maerorem
3130 2285 3308 2374 meum
3383 2323 3438 2375 in

228 2379 486 2438 lmtitiam.

295 2475 615 2545 Διέρῤηξας
636 2480 744 2533 τόν
771 2482 1004 2537 σάκκον
1021 2503 1160 2553 μου,
1192 2487 1289 2540 καὶ
1315 2485 1678 2554 περιέζωσάς
1705 2507 1782 2557 με

226 2567 439 2634 εὐφροο
455 2565 627 2638 ὖνην.
670 2572 728 2626 ’0
757 2574 976 2638 σάκκος.
1019 2576 1304 2646 μετανοίας
1329 2574 1396 2650 ἦν
1441 2581 1533 2634 καὶ
1587 2599 1781 2633 ταπει-

227 2655 439 2721 νώσεως
465 2662 732 2729 σύμϐολον
764 2681 777 2694 ·
805 2667 854 2716 οἱ
881 2668 985 2736 γὰρ
1013 2668 1223 2741 μεγάλῃ
1252 2670 1343 2722 καὶ
1371 2671 1779 2742 ἀπαρηγορήτῳ

228 2753 478 2821 συμφορᾷ
511 2757 922 2824 περιπεσόντες,
967 2760 1168 2815 σάκκον
1213 2762 1646 2832 περιεϐάλλοντο,
1685 2767 1779 2819 καὶ

227 2841 416 2894 σποδὸν
447 2843 546 2912 τῆς
583 2847 822 2917 κεφαλῆς
842 2849 1182 2905 κατέπασσον
1207 2868 1220 2883 ·
1251 2855 1340 2906 ὅτε
1387 2855 1443 2907 δέ
1493 2855 1778 2926 ἐψυχαγω-

225 2930 434 2997 γοῦντο,
482 2935 910 3006 περιρρήξαντες
965 2939 1145 3004 αὐτὸν,
1206 2941 1543 3012 εὐφροσύνης
1589 2943 1778 3014 ἱμάτια

226 3022 694 3091 περιεζωννύοντο.
733 3028 1067 3094 Διέῤῥηξας,
1092 3031 1210 3083 ἀντὶ
1235 3031 1348 3097 τοῦ,
1387 3033 1670 3098 Ἐξέδυσας
1714 3032 1776 3085 τὸ

228 3113 415 3176 πένθος
451 3130 468 3149 ο
503 3115 863 3183 Περιέζωσας
889 3119 966 3186 δὲ,
998 3121 1293 3188 τουτέστιν,
1352 3123 1635 3192 ὴμφίασας
1687 3123 1776 3175 εὐ-

227 3204 514 3276 φροσύνην.

1955 2490 2274 2548 Conscidisti
2307 2511 2518 2549 saccum
2548 2510 2738 2562 meum,
2770 2505 2819 2549 et
2842 2497 3166 2564 prtecinxistt
3199 2512 3278 2548 me
3302 2496 3438 2549 ireti-

1884 2585 1982 2637 tia.
2017 2585 2244 2648 Saccus,
2273 2586 2632 2656 pmnitentiae,
2666 2597 2830 2656 atque
2861 2586 3186 2640 humilitatis
3214 2588 3431 2656 signum

1883 2684 2023 2729 erat.
2064 2674 2238 2730 Saceo
2268 2677 2412 2732 enim
2446 2678 2597 2732 indui
2647 2679 2918 2744 solebant,
2952 2687 3006 2732 et
3037 2678 3223 2733 cinere
3275 2690 3440 2748 caput

1881 2768 2122 2836 aspergi,
2151 2769 2197 2823 si
2228 2768 2449 2836 quando
2489 2770 2543 2824 in
2600 2771 2890 2824 maximam
2924 2779 3087 2838 atque
3129 2770 3434 2824 inconsola-

1879 2859 2045 2913 bilem
2077 2859 2439 2914 calamitatem
2471 2861 2795 2925 inciderent,
2825 2870 2880 2914 et
2919 2872 3174 2916 cessante
3213 2862 3430 2916 demum

1879 2949 2183 3004 calamitate
2206 2950 2492 3017 consolati,
2525 2965 2744 3006 saccum
2779 2950 3126 3014 scindebant,
3153 2960 3208 3006 et
3236 2951 3436 3006 laetitia:

1878 3039 2119 3094 vestibus
2172 3039 2556 3096 induebantur.
2589 3041 2904 3096 Conscidisti
2948 3043 3131 3110 itaque
3198 3058 3430 3103 saccum,

1877 3128 1983 3186 hoc
2012 3139 2114 3194 est,
2144 3129 2315 3185 Luctu
2345 3147 2431 3187 me
2472 3133 2713 3199 exuisti;
2758 3143 2806 3186 et
2835 3132 3164 3186 orazcinxisti
3187 3149 3285 3196 me,
3329 3133 3433 3186 huc

1877 3231 1984 3284 est,
2020 3222 2244 3277 induisti
2273 3223 2536 3277 laetitiam.

295 3295 491 3364 Ὅπως
520 3298 597 3352 ἂν
622 3301 789 3369 ψὰλῃ
824 3319 921 3357 σοι
955 3304 993 3370 ἡ
1033 3305 1181 3369 δόξα
1198 3325 1336 3374 μου.
1386 3309 1502 3362 Ἵνα
1563 3310 1772 3382 ἀνυμνῇ

1949 3312 2114 3369 Vens.
2142 3314 2228 3369 13.
2266 3312 2334 3366 Ut
2367 3323 2538 3367 cantet
2559 3314 2656 3366 tibi
2679 3315 2853 3383 gloria
2881 3331 3014 3370 mea.
3051 3313 3119 3370 Ut
3147 3315 3255 3369 vita
3287 3330 3425 3370 mea.

230 3401 288 3436 σε
324 3389 357 3451 ἡ
405 3388 764 3459 δεδοξασμένῃ
807 3393 917 3465 ζωή
968 3413 1069 3464 μου
1099 3415 1110 3428 ’
1162 3397 1518 3470 δεδοξασμένη
1554 3401 1630 3466 δὲ,
1686 3403 1773 3456 διὰ

227 3475 320 3547 τὴν
353 3479 505 3548 παρὰ
535 3483 626 3533 σοῦ
659 3483 928 3552 βοήθειαν.
962 3489 1031 3538 Ἣ
1064 3489 1157 3540 καὶ
1198 3489 1389 3553 ἄλλως,
1422 3492 1578 3555 δόξαν
1619 3494 1772 3559 λέγει

225 3569 314 3620 τὸν
353 3569 497 3636 νοῦν,
533 3566 576 3640 ᾧ
605 3576 941 3646 τετιμήμεοα
971 3576 1059 3630 διὰ
1099 3577 1160 3631 τὸ
1223 3580 1343 3632 κατ’
1401 3583 1585 3637 εἰκόνα
1633 3581 1771 3638 εἶναι

180 3674 186 3680 ·
225 3659 377 3716 θεοῦ.

285 3843 394 3898 Kal
418 3846 491 3897 οὐ
525 3845 612 3914 μὴ
638 3850 962 3917 κατανυγῶ.
989 3852 1132 3905 Ἀντὶ
1155 3853 1283 3918 τοῦ,
1334 3856 1415 3909 Οὐ
1458 3857 1543 3924 μὴ
1594 3875 1771 3913 καταο

220 3933 397 4002 νυγῶ,
431 3939 514 3990 Οὐ
533 3938 620 4006 μὴ
639 3940 876 4009 σιτήσω
897 3944 1240 4012 ήρμήνευσεν
1267 3947 1294 4000 ὁ
1324 3947 1619 4016 Σύμμαχος
1640 3966 1653 3980 ·
1702 3953 1768 4005 ἐκ

221 4024 312 4076 τοῦ
338 4030 752 4098 προηγουμένου
782 4026 875 4084 οὖν
899 4032 958 4084 τὸ
987 4033 1248 4100 ἑπόμενον
1291 4035 1532 4106 ἐδηλώθη
1567 4054 1582 4067 ο
1632 4040 1766 4093 ἒπε-

220 4134 302 4171 ται
332 4122 439 4189 γὰρ
484 4126 549 4193 τῇ
583 4123 874 4187 κατανύξει
897 4126 1045 4196 σιγή.
1077 4127 1168 4192 Ἦ,
1197 4129 1280 4179 Οὐ
1323 4127 1409 4195 μὴ
1435 4133 1764 4200 κατανυπῶ,

219 4205 335 4258 ἀντὶ
352 4208 468 4270 τοῦ,
503 4210 576 4262 Ού
622 4211 697 4280 μὴ
733 4212 1034 4284 ἅμαρτήσω
1067 4215 1166 4280 ἔτι,
1211 4217 1285 4280 ὡς
1341 4218 1626 4288 δηλοῦσθαι
1675 4223 1766 4278 διὰ

217 4295 307 4348 τοῦ
340 4300 606 4369 ἑπομένου
642 4302 704 4355 τὸ
747 4305 1156 4378 προηγούμενον
1182 4325 1196 4338 ο
1255 4308 1445 4373 ἕπεται
1493 4313 1600 4382 γὰρ
1653 4317 1764 4378 τοῖς

218 4387 586 4457 ἁμαρτάνουσι
617 4395 928 4460 κατάνυξις.

278 4481 456 4546 Κύριε
473 4485 508 4534 δ
537 4484 681 4549 Θεός
699 4502 839 4553 μου,
865 4489 1084 4552 εις-τὸν
1111 4491 1294 4545 αἰῶνα
1323 4493 1764 4563 ἐξομολογήσο-

212 4571 316 4637 μαί
344 4585 464 4627 σοι.
502 4571 623 4658 Ἄεὶ¹
653 4576 1050 4649 εὐχαριστήσω,
1078 4582 1154 4644 ὡς
1187 4583 1442 4653 τοιαύτης
1488 4601 1555 4654 με
1582 4603 1758 4658 σωτη-

1876 3404 2101 3476 gloriam
2139 3411 2386 3460 assecuta
2418 3405 2601 3458 laudet
2624 3387 2714 3469 te;
2749 3415 2993 3460 assecuta
3025 3407 3150 3460 dico
3179 3406 3427 3473 gloriam,

1873 3497 1942 3550 ob
1969 3495 2229 3549 auxilium
2259 3509 2288 3548 a
2324 3501 2376 3549 te
2405 3495 2537 3548 mihi
2588 3495 2910 3563 praeStitttm.
2947 3494 3043 3548 Vel
3091 3495 3249 3549 aliter
3279 3514 3293 3548 :
3327 3494 3430 3548 Per

1873 3587 2122 3657 gloriam,
2177 3595 2434 3650 mentem,
2489 3601 2586 3640 seu
2617 3587 2949 3641 intellectum
2991 3587 3266 3655 intelligit,
3318 3592 3434 3656 quo

1873 3678 2108 3730 maxime
2159 3677 2515 3741 honoramur,
2565 3693 2687 3731 cum
2719 3677 2791 3731 ob
2823 3677 2974 3730 illum
3011 3677 3080 3731 ad
3131 3679 3424 3746 imaginem

1871 3769 1963 3824 Dei
1996 3768 2119 3823 facti
2154 3783 2272 3823 esse
2309 3767 2579 3823 dicamur.

1905 3848 1907 3851 ’
1941 3862 2008 3916 Et
2029 3879 2130 3915 non
2151 3877 2485 3930 compungar.
2514 3861 2642 3924 Pro,
2668 3860 2788 3916 Non
2809 3877 3148 3932 compungar,
3173 3861 3424 3932 Symma-

1867 3955 2004 4008 chus
2039 3955 2424 4022 interpretatus
2453 3964 2557 4016 est,
2587 3952 2656 4006 Et
2684 3970 2783 4006 non
2813 3962 3036 4007 taceam.
3077 3953 3150 4006 Ex
3173 3969 3239 4007 eo
3268 3953 3414 4006 enim

1867 4045 2009 4115 quod
2042 4047 2324 4128 praecedit,
2345 4045 2717 4116 signiﬁcatum
2750 4053 2834 4100 est
2863 4047 3008 4116 quod
3043 4045 3418 4112 consequitur.

1865 4136 2359 4205 Compunctiouem
2396 4134 2540 4190 enim
2575 4139 2922 4193 taciturnitas
2971 4137 3279 4192 comitatur.
3320 4135 3416 4190 Vel

1867 4227 2023 4280 aliter
2049 4243 2062 4277 :
2097 4224 2217 4278 Non
2246 4241 2581 4294 compungar,
2616 4226 2717 4279 hoc
2745 4238 2848 4289 est,
2879 4225 2996 4290 Non
3028 4224 3262 4293 amplius
3285 4237 3415 4291 pec-

1865 4318 2006 4372 caho
2058 4332 2075 4371 :
2134 4328 2194 4370 ut
2246 4332 2312 4371 ex
2369 4318 2728 4386 consequenti
2790 4315 3104 4384 praecedens
3149 4314 3421 4384 signiﬁce-

1864 4414 1974 4460 tur.
2013 4403 2145 4460 Nam
2179 4415 2302 4475 post
2331 4415 2614 4476 peccatum
2648 4409 2898 4478 sequitur
2941 4407 3314 4476 compunctio.

1933 4497 2152 4550 Domine
2197 4497 2334 4551 Deus
2389 4513 2563 4562 meus,
2601 4499 2656 4550 in
2688 4498 2940 4551 sa’culum
2971 4496 3256 4565 conﬁtebar
3303 4493 3418 4548 tibi.

1861 4587 2158 4655 Perpetuo,
2189 4587 2389 4657 inquit,
2446 4588 2544 4642 tibi
2581 4589 2787 4657 gratias
2819 4603 3000 4658 agam,
3053 4601 3178 4640 eum
3220 4585 3418 4653 hujus-

220 4658 332 4750 ρίας
370 4656 685 4728 ἀξιώσαντι.
852 4638 1157 4741 ἄλλωςυγοὶρ
1194 4689 1209 4702 ο
1238 4676 1317 4726 Δι’
1347 4638 1467 4730 ὅλου
1488 4638 1590 4730 ’τοῦ
1616 4638 1758 4747 παρ-

1879 4638 2011 4732 iuodi
2039 4693 2125 4733 me
2162 4638 2338 4734 saltite
2358 4638 2826 4750 dignumul’eceris.
2853 4638 2948 4733 “Vel
2979 4678 3136 4732 aliter
3162 4693 3178 4732 :
3204 4676 3420 4745 Per-to—

216 4749 360 4843 όντος
402 4753 600 4818 αἰῶνος
649 4757 1031 4831 εὑχαριστήσει
1089 4765 1255 4834 αὐτῷ.
1293 4771 1408 4831 τοῖς
1469 4771 1757 4843 ἡμετέροις

219 4841 442 4910 στόμασι
465 4843 769 4915 χρώμενος,
795 4850 980 4914 ὁσάκις
1003 4853 1200 4925 ᾄδομεν
1229 4857 1318 4908 τὸν
1346 4856 1579 4926 ψαλμόν.

275 5115 377 5181 Εἰς
406 5116 472 5170 τὸ
494 5117 667 5184 τέλος
713 5123 953 5191 Ψαλμὸς
1009 5123 1087 5188 τῷ
1119 5125 1294 5178 Διιὸὶδ
1330 5126 1686 5197 ἐκστάσεως.

780 5214 1069 5268 ΨΛΛΜΟΣ
1109 5217 1188 5269 Λ’.
1229 5274 1237 5281 ,

281 5299 386 5364 Εἰς
407 5300 472 5354 τὸ
499 5301 671 5367 τέλος
703 5304 819 5372 μὲν,
853 5305 928 5368 ὡς
975 5306 1243 5377 περιέχων
1296 5311 1631 5380 προφητεῖαι)
1676 5316 1756 5376 εἰς

183 5385 276 5440 ait
336 5388 484 5453 τέλος
537 5391 798 5463 ,ὁρῶσανς
841 5395 1214 5464 Ἑκστὰσεως
1275 5397 1331 5450 δὲ
1393 5398 1624 5467 ψαλμδςι
1679 5398 1754 5460 ὡς

221 5479 568 5549 μνημονεύων
586 5483 683 5552 τῆς
719 5486 1074 5557 παρατροπῆς
1136 5489 1202 5558 ἣν
1245 5486 1751 5581 παρετράπη,”μοι-

1866 4778 1980 4822 tum
2008 4769 2110 4824 hoc
2137 4784 2376 4837 praesens
2396 4771 2676 4836 saeculum,
2700 4771 2905 4840 gratias
2931 4783 3146 4838 semper
3175 4767 3287 4821 Deo
3302 4770 3417 4846 ’σεξτ

1867 4858 2058 4913 beatus
2114 4857 2308 4922 David,
2369 4875 2467 4930 per
2510 4875 2626 4925 ora,
2670 4875 2734 4914 ac
2777 4860 2922 4916 labia
2966 4871 3418 4929 quorumcunquc

1866 4949 2122 5014 ﬁdelium,
2155 4950 2248 5019 qui
2278 4950 2427 5007 illius
2475 4951 2861 5007 celeberrimos
2913 4950 3152 5022 psalmos
3182 4949 3293 5006 Deo
3322 4964 3418 5005 ca-

1865 5050 2022 5095 uunL
2208 5027 2216 5036 ’

2080 5132 2146 5186 In
2184 5133 2338 5201 ﬁnem
2373 5134 2606 5200 psalmus
2659 5134 2762 5197 ipsi
2790 5133 2958 5188 David
2987 5135 3236 5190 exstasis.

2345 5223 2662 5279 PSALMUS
2712 5223 2883 5280 XXX.

1928 5308 1996 5362 In
2025 5311 2178 5377 ﬁnem
2209 5312 2428 5380 quidem
2466 5313 2588 5366 ideo
2645 5314 2966 5381 inscriptum
2994 5321 3098 5376 est,
3127 5311 3254 5380 quia
3284 5324 3410 5380 pro-

1861 5398 2040 5466 phetia
2075 5401 2160 5453 hic
2185 5402 2494 5456 continetur
2514 5418 2634 5471 quae
2654 5405 2719 5458 ad
2753 5404 2910 5457 linem
2931 5403 3126 5457 tendit.
3162 5402 3404 5454 Exstasis

1859 5499 2038 5543 autem
2067 5489 2454 5548 Psaltuusitleo
2476 5491 2652 5553 dictus
2685 5501 2790 5558 est,
2831 5493 2958 5562 quia
3012 5489 3403 5548 commutatio-

1531 5671 1722 5734 \'arim
1771 5672 2092 5737 lectiones.

277 5758 354 5833 (ι)
382 5760 696 5821 Addeudum
726 5763 956 5824 fortasse
985 5766 1078 5833 ὡς.
