4108 6330
689 369 797 433 355

1815 340 1821 344 ’
1877 361 2263 423 summa
2296 362 2658 422 ZlGABENl

3771 361 3884 425 ἓτῦῦ

743 482 1033 537 Vens.'l7.
1083 480 1309 536 Ostende
1339 479 1529 550 [aciem
1597 485 1742 531 tuam
1791 489 1965 560 .snper
2037 490 2232 527 servum

2409 473 2741 541 ’Exlparor
2775 470 2840 524 τὸ
2878 470 3201 539 πρόσωπόν
3221 486 3335 524 σου
3369 470 3465 525 ἐπὶ
3497 471 3601 524 τὸν
3657 468 3886 526 δοῦλόν

678 583 851 627 tuum.
879 602 949 611 —
993 573 1240 636 Ostende,
1282 572 1385 626 hoc
1447 581 1552 634 cst,
1602 565 1912 620 '(Zonvcrte.
1975 564 2236 619 Avertere

679 666 880 733 quippe
915 678 1031 715 eam
1061 663 1283 728 videris,
1315 661 1528 732 quoties
1550 659 1619 714 ob
1650 666 1870 724 peccata
1896 671 2014 716 mea
2045 671 2234 711 cessas

672 757 804 810 mihi
835 770 988 824 opem
1021 754 1178 809 ferre.
1204 753 1523 808 Per'l'aciem
1561 747 1742 805 autem
1772 747 1888 814 Dei,
1929 747 2075 803 illius
2099 748 2237 802 visi-

676 844 928 897 tationem
959 852 1121 912 atque
1152 841 1482 904 custodiam,
1501 854 1596 894 seu
1614 838 1778 893 etiam
1802 835 2233 891 benevolentiam

673 933 940 1003 intelligit.

745 1021 963 1075 Salvum
988 1037 1068 1075 me
1128 1021 1215 1089 fac

673 1122 898 1180 propter
932 1128 1037 1175 me,
1073 1112 1271 1166 saltem
1302 1110 1375 1164 ob
1433 1109 1866 1164 misericordiam
1925 1116 2095 1161 tuam.
2157 1107 2232 1161 De

673 1205 728 1252 te
748 1201 890 1252 enim
915 1198 1099 1259 dixisti
1132 1198 1185 1251 in
1211 1198 1346 1251 libro
1360 1195 1611 1251 Levitici:
1638 1195 1744 1264 Ego
1771 1194 2067 1249 misericors
2093 1209 2231 1248 sum.

743 1288 909 1345 Vens.
950 1289 1038 1342 l8.
1069 1287 1308 1354 Domine,
1341 1303 1446 1341 non
1492 1286 1808 1354 confundor,
1855 1285 2099 1354 quoniam
2149 1285 2233 1337 in-

676 1378 858 1432 vocavi
885 1387 954 1431 te.
985 1376 1175 1432 Simile
1207 1385 1292 1431 est
1318 1377 1463 1444 quod
1515 1374 1741 1444 legimus
1793 1373 2002 1442 psalmo
2051 1387 2186 1426 nm
2215 1389 2231 1426 :

646 1537 651 1541 _
686 1466 802 1520 Non
827 1466 1141 1535 eonfundar,
1193 1467 1444 1535 quoniam
1471 1465 1675 1533 speravi
1702 1467 1752 1517 in
1806 1473 1874 1517 te.

1284 1021 1340 1074 in
1404 1019 1772 1074 misericordia
1836 1026 1951 1072 tua.
2009 1016 2067 1070 Si
2127 1030 2234 1070 non

748 1577 1153 1646 Canfnndantur
1180 1578 1329 1646 impii
1376 1588 1425 1632 et
1476 1578 1790 1632 descendant
1828 1580 1884 1631 in
1941 1578 2227 1647 infernum.
2285 1636 2297 1648 _

2335 579 2472 617 σου.
2512 563 2957 630 -Ἑπίφανον,
3026 562 3148 615 ἀντὶ
3199 564 3314 622 τοῦ,
3370 561 3717 632 ἐπίστρεψον.
3791 562 3886 632 Μὴ

2335 651 2544 723 βοηθῶν
2575 669 2662 721 μοι
2702 652 2830 721 γὰρ,
2859 652 3035 713 δοκεῖς
3076 649 3415 720 ἀποστρέψαι
3468 650 3648 712 τοῦτο,
3683 650 3773 702 διὰ
3821 651 3885 702 τὸ

2333 743 2442 796 τῶν
2473 741 2761 811 ἁμαρτιῶν
2792 758 2893 810 μου
2927 740 3003 811 (5)
3037 739 3300 810 είδαχθὲς.
3341 741 3637 811 Πρόσωπον
3679 740 3758 806 δὶ,
3784 739 3887 811 τὴν

2333 833 2640 903 ἐπισκοπὴν
2665 833 2759 886 καὶ
2780 833 3054 885 οἰκείωσιν
3084 834 3256 886 καλεῖ.

2405 1006 2614 1063 Σῶσὸν
2633 1026 2709 1077 με
2733 1013 2801 1063 ἐν
2829 1003 2909 1076 τῷ
2928 1008 3084 1063 ἐλέει
3113 1026 3248 1064 σου.
3280 1010 3339 1062 Ei
3366 1007 3440 1078 μὴ
3475 1006 3542 1060 δι’
3589 1007 3708 1076 ἐμὲ,
3747 1006 3888 1060 ἀλλὰ

2333 1087 2419 1151 διὰ
2449 1100 2510 1151 τὸ
2530 1101 2620 1152 σὺν
2649 1101 2818 1161 ἔλεος.
2871 1099 2941 1150 Σὺ
2991 1099 3097 1167 γὰρ
3129 1095 3288 1161 εἶπας
3347 1100 3407 1149 ὲν
3452 1100 3534 1167 τῇ-
3569 1095 3736 1165 βίϐλῳ
3790 1094 3886 1147 τοῦ

2331 1187 2640 1252 Λευῖτικοῦ,
2665 1189 2746 1240 ὅτι
2779 1186 3080 1255 Ἐλεήμων
3109 1188 3252 1254 είμι.

2401 1279 2576 1345 Κύριε
2610 1317 2625 1340 ,
2663 1279 2748 1346 μὴ
2821 1277 3366 1346 καταισχυνθειην,
3421 1273 3890 1343 ἐπεκαλεσάμην

2331 1385 2424 1423 σε.
2461 1369 2643 1420 Ἕοικε
2681 1369 2837 1421 τοῦτο
2866 1368 2942 1437 τῷ
2970 1367 3196 1436 εἰκοστῷ
3218 1367 3460 1437 τετάρτῳ
3515 1365 3734 1437 ψαλμῷο
3784 1367 3886 1435 Μὴ

2333 1461 2859 1527 καταισχυνθείην,
2897 1459 2986 1513 ὅτι
3024 1459 3253 1526 ἤλπισα
3275 1459 3371 1511 ἐπὶ
3405 1459 3498 1513 σέ.

2393 1573 2879 1640 Αἱσχυνθείησαν
2961 1572 3216 1637 ἀσεϐεῖς,
3289 1573 3382 1625 καὶ
3443 1576 3889 1653 καταχθείησαν

678 1669 1341 1737 ΛοΙιὶιοιιΙιοΙοιιικίιιιρὶυιιι
1371 1670 1626 1738 appellat,
1655 1668 1819 1722 veluti
1848 1669 1939 1737 qui
1965 1669 2130 1737 legem
2165 1669 2232 1722 de

2331 1661 2416 1726 είς
2452 1661 2621 1728 ᾅδου.
2658 1661 2855 1730 ’Δσεὸῆ
2886 1663 2980 1730 μὲν
3006 1663 3154 1729 λέγει
3186 1662 3280 1715 τὸν
3327 1663 3629 1731 Ἀχιτόφελ,
3676 1665 3752 1726 ὡς
3803 1667 3884 1735 μὴ

677 1757 970 1827 parricidio
1001 1773 1110 1813 non
1141 1767 1226 1813 est
1278 1760 1506 1824 veritus,
1565 1759 1694 1812 dum
1752 1759 1923 1812 ﬁlium
1997 1758 2230 1812 irritavit

2333 1752 2622 1821 σεϐόμενον
2649 1754 2775 1815 τοὺς
2807 1754 2947 1805 κατὰ
2972 1753 3315 1822 πατραλοιῶν
3342 1755 3536 1822 νόμους
3579 1755 3672 1806 τοῦ
3719 1755 3882 1819 Θεοῦ,

678 1848 938 1903 adversus
1020 1855 1247 1917 patrem,
1341 1856 1501 1917 atque
1596 1849 1883 1918 insurgere
1972 1848 2025 1902 in
2101 1865 2226 1904 eum

2333 1844 2392 1896 ὲν
2414 1811 2491 1911 τέ’)
2520 1811 2822 1912 ἐπεγείρειν
2842 1843 2931 1895 τὸν
2956 1843 3069 1896 υἱὸν
3085 1811 3372 1914 πατρί.
3398 1811 3619 1905 iure,“
3641 1811 3898 1912 λέγουσι,¹

683 1937 838 1993 fecit.
873 1938 1054 2009 Aliqui
1099 1949 1280 1991 autem
1335 1939 1543 2005 dicunt,
1606 1939 1773 1993 verba
1833 1937 1945 1992 haec
2003 1937 2229 1994 formam

676 2029 896 2098 quidem
956 2029 1367 2098 imprecationis
1431 2029 1654 2093 habere,
1730 2028 1826 2084 sed
1884 2028 1990 2082 vim
2049 2038 2233 2095 tenere

678 2118 1000 2187 prophetiae,
1034 2127 1195 2186 atque
1240 2117 1460 2186 praedici
1517 2132 1581 2171 ea
1637 2132 1758 2186 qua:
1801 2130 2062 2184 passurus
2115 2124 2232 2171 erat

678 2208 1027 2277 AcliitOphel,
1062 2209 1154 2277 qni
1195 2221 1408 2264 summa
1449 2206 1680 2261 refertus
1714 2205 2061 2268 confusione,
2085 2205 2230 2273 quod

681 2299 974 2354 consilium
1012 2297 1178 2352 Clausi
1227 2312 1326 2352 suo
1359 2297 1712 2365 praepositum
1763 2294 1984 2361 fuisset,
2035 2295 2231 2364 laqueo

681 2402 982 2456 suspensus
1014 2386 1253 2456 seipsum
1312 2387 1606 2439 interemit.
1658 2383 2048 2453 Multiplicibus
2099 2399 2231 2438 vero

678 2475 864 2530 verbis
901 2475 1091 2530 beatus
1112 2473 1304 2540 David,
1332 2475 1602 2530 adversus
1661 2475 1910 2529 inimicos
1959 2488 2020 2529 se
2061 2474 2232 2543 impu-

681 2573 910 2634 gnantcs
938 2563 1174 2618 divinam
1203 2565 1433 2618 advocat
1473 2563 1906 2633 indignationem
1941 2580 1957 2616 :
1993 2565 2230 2632 primum

681 2670 743 2708 ca
792 2655 1024 2718 ratione,
1087 2665 1146 2709 ut
1203 2654 1454 2725 castigati
1503 2654 1755 2710 meliores
1818 2653 2228 2708 redderentur:

681 2744 900 2800 Percute
939 2748 1105 2810 etiitn,
1147 2746 1346 2815 inquit,
1371 2756 1645 2814 argentum
1697 2744 1996 2814 reprobum,
2026 2753 2074 2798 et
2101 2759 2231 2812 pur-

680 2837 895 2904 gabitur
941 2838 1032 2903 ‘°;
1083 2837 1345 2899 secundo,
1400 2847 1457 2890 ut
1507 2837 1560 2888 in
1625 2836 1726 2889 hac
1774 2835 1885 2889 vita
1946 2836 2231 2891 tormentis

679 2927 876 2991 allecti,
930 2927 984 2982 in
1031 2927 1218 2980 futura
1277 2927 1345 2982 ab
1377 2926 1595 2980 αξιοι-ηις
1652 2927 1826 2996 poenis
1883 2925 2228 2992 liberentur;

684 3016 866 3079 tertio,
900 3024 954 3067 ut
989 3015 1194 3084 posteri
1241 3015 1345 3070 hoc
1378 3023 1535 3084 pacto
1568 3014 1962 3069 moderatiores
2009 3015 2226 3081 ﬁerent;

2330 1935 2399 1986 τὰ
2427 1934 2673 2004 παρόντα
2705 1935 2844 2004 ρητά
2866 1934 3017 2003 ἰσχὺν
3045 1934 3148 2003 μὲν
3178 1933 3321 2003 ἔχειν
3347 1936 3505 2003 ἀρᾶς,
3564 1934 3796 2005 δύναμιν
3825 1935 3885 1988 δὲ

2333 2025 2675 2093 προφητείας
2697 2040 2710 2054 ο
2745 2024 3078 2094 προείρηκεν
3107 2025 3212 2095 γὰρ
3237 2023 3272 2078 ἃ.
3302 2023 3498 2094 ἔμελλε
3521 2025 3736 2078 παθεῖν.
3774 2025 3906 2095 ιςαι,

2331 2115 2568 2185 ᾐσχύνθη
2600 2117 2728 2184 γὰρ,
2759 2117 3191 2185 προτιμηθείσης
3217 2115 3418 2185 τῆςτοῦ
3450 2117 3615 2168 Χουσὶ
3645 2117 3889 2186 συμϐου-

2332 2206 2451 2276 λῆς,
2481 2208 2577 2258 καὶ
2597 2205 2858 2275 ἀνῃρέθη,
2893 2207 3084 2275 βρόχον
3123 2207 3422 2275 ἁψάμενος.
3447 2209 3543 2261 Διὰ
3602 2209 3772 2261 πολλὰ
3828 2207 3887 2260 δὲ

2330 2296 2504 2350 ταῦτα
2529 2296 2626 2365 τὴν
2652 2295 2801 2348 θείαν
2823 2297 3190 2363 ἀγανάκτησιν
3207 2298 3346 2351 κατὰ
3370 2299 3478 2351 τῶν
3505 2298 3888 2368 πολεμούντων

2331 2386 2479 2455 αύτῷ
2504 2385 2814 2439 ἐκκαλεῖται
2851 2403 2864 2415 ·
2899 2387 2960 2466 ἓν
2991 2387 3110 2455 μὲν,
3147 2385 3287 2440 ὥστε
3326 2387 3546 2451 τούτους
3590 2389 3889 2458 βελτιωθῆ-

2330 2494 2441 2531 ναν
2472 2480 2661 2533 Τύπτε
2690 2477 2821 2549 γὰρ,
2868 2480 3056 2548 φησὶν,
3103 2477 3396 2548 ἀδόκιμον
3425 2480 3710 2548 ἀργύριον
3731 2520 3747 2545 ,
3783 2481 3886 2532 καὶ

2332 2571 2769 2637 καθαρθήσεται
2787 2587 2802 2602 ·
2829 2572 3013 2641 ἕτερον
3045 2570 3124 2633 δὲ,
3165 2573 3252 2625 (va.
3279 2571 3413 2640 τῷδε
3439 2570 3884 2641 βασανισθέντες,

2331 2661 2451 2713 ἐκεῖ
2475 2660 2714 2730 ρυσθῶσι
2747 2637 2866 2713 τίιῐινε
2886 2637 3116 2714 αίωνίων
3149 2637 3424 2716 κολάσεων
3440 2637 3468 2692 τ’
3533 2662 3738 2730 τρίτον,
3796 2662 3888 2716 ἵνα

2332 2751 2425 2803 καὶ
2444 2750 2619 2820 ἕτεροι
2641 2750 2728 2819 διᾲ
2752 2750 2910 2803 τοῦτο
2937 2751 3367 2821 σωφρονισθώσι·
3413 2754 3721 2822 πανοῦργος
3749 2752 3887 2821 γὰρ,

2331 2840 2518 2910 φησὶν,
2545 2840 2666 2892 ίδὼν
2690 2840 2902 2910 ἄφρονα
2933 2841 3345 2910 τιμωρούμενον
3386 2843 3684 2910 κραταιῶς,
3705 2841 3887 2905 αὐτὸς

2332 2927 2646 2999 παιδεύεται
2681 2944 2694 2958 ·
2752 2930 3036 3000 τέταρτον,
3091 2918 3232 2982 ὥστε
3303 2932 3396 2984 καὶ
3453 2931 3566 3001 βίον
3585 2930 3890 3001 λοιμώδους

2331 3017 2706 3087 ἀπαλλαγῆναι
2729 3019 2926 3085 κακίας
2951 3036 2963 3049 ο
3006 3021 3274 3090 πέμπτον,
3304 3023 3391 3074 ἵνα
3440 3022 3514 3093 μὴ
3574 3025 3669 3075 καὶ
3731 3021 3889 3075 ἄλλοι

680 3105 946 3159 scelestus
976 3106 1328 3159 enimvidens
1361 3105 1461 3159 sibi
1492 3105 1722 3159 similem
1755 3103 1908 3171 caedi,
1949 3105 2229 3171 eruditur;

2339 3110 2662 3162 ὲπιτεθῶσιν
2691 3109 2860 3190 αὐτῷ,
2890 3111 2988 3174 τὰς
3015 3111 3395 3181 ἐπενεχθείσας
3451 3113 3676 3176 ἐκείνοις
3709 3114 3889 3182 φοϐη-

681 3203 898 3261 quarto,
931 3203 991 3246 ut
1021 3208 1254 3260 prmsens
1292 3195 1403 3246 vita
1457 3195 1526 3247 ab
1581 3192 1894 3262 bujusmodi
1959 3196 2232 3264 pestilenti

2343 3199 2525 3264 θέντες
2551 3187 2802 3271 πληγαί·
2830 3201 3005 3264 ἕκτον,
3043 3201 3128 3254 ἴνα
3157 3203 3231 3271 μή
3268 3219 3411 3265 τινες
3469 3204 3717 3270 εἴπωσιν,
3759 3205 3888 3257 Οὐκ

681 3283 815 3336 vitio
839 3282 1131 3348 liberetur;
1168 3279 1378 3351 quinto,
1406 3299 1473 3338 ne
1495 3282 1583 3337 alii
1615 3285 1917 3340 addantur:
1941 3293 2232 3341 cernentes

2333 3289 2464 3342 ἐστι
2491 3292 2752 3357 σωτηρία
2781 3289 2938 3360 αὐτῷ
2965 3292 3034 3344 ἐν
3065 3289 3146 3356 τῷ
3185 3291 3324 3356 Θεῷ.

683 3375 938 3430 nimirum
967 3391 1033 3431 ac
1063 3377 1216 3432 veriti
1265 3379 1447 3449 plagas
1497 3378 1604 3433 illis
1659 3378 1870 3445 illatas;
1930 3389 2107 3446 sexto,
2165 3395 2235 3434 ne
2272 3383 2396 3450 quis
2420 3382 2551 3437 illud
2574 3384 2756 3438 dicere
2788 3386 2994 3453 possit:
3037 3384 3159 3440 Non
3191 3397 3267 3439 est
3337 3383 3481 3440 salus
3527 3388 3605 3440 illi
3660 3388 3716 3440 in
3775 3387 3887 3440 Deo

681 3467 795 3535 ejus
827 3470 894 3522 “.

737 3582 901 3638 Vens.
937 3583 1023 3637 l9.
1059 3581 1212 3636 Muta
1239 3584 1373 3650 ﬁant
1398 3583 1541 3638 labia
1569 3584 1754 3640 dolosa
1791 3603 1907 3656 qua:
1940 3587 2228 3657 loquuntur

595 3730 598 3736 ,
681 3685 862 3728 contra
880 3674 1089 3743 justum
1119 3674 1423 3742 iniquitates
1455 3675 1508 3726 in
1537 3676 1779 3741 superbia
1805 3687 1852 3750 et
1887 3676 2230 3744 despectione.

683 3764 786 3819 Per
815 3765 956 3818 labia
984 3763 1170 3818 dolosa
1202 3763 1576 3833 Aebitoplielis
1628 3766 1769 3820 labia
1812 3766 2086 3836 intelligit,
2139 3782 2234 3822 ve-

685 3855 783 3910 luti
811 3871 931 3925 qua:
957 3855 1237 3923 antiquum
1273 3853 1453 3908 dolum
1471 3869 1537 3909 eo
1575 3870 1748 3924 usque
1810 3856 2232 3921 occultaverant,

678 3954 734 4000 et
756 3959 878 4014 qua
907 3953 1060 4019 muta
1127 3944 1268 3998 facta
1308 3953 1435 4002 sunt
1475 3945 1600 4014 quia
1633 3945 1796 4014 paulo
1852 3955 1975 4015 post
2013 3954 2237 4000 enectus

681 4045 784 4088 est.
816 4034 1053 4100 gJustum
1113 4043 1292 4088 autem
1346 4036 1586 4104 seipsum
1644 4036 1920 4104 appella'tJ
1944 4051 2010 4091 eo
2083 4037 2229 4106 quod

684 4137 785 4177 nec
833 4121 1152 4176 Absaloncm
1220 4124 1420 4190 injuria
1488 4136 1722 4190 unquam
1802 4121 2072 4186 aﬂ‘eccrat,
2135 4138 2232 4178 nec

687 4213 1116 4279 Achitophelem,
1166 4214 1463 4267 antatium
1519 4229 1585 4268 ex
1638 4229 1827 4268 eorum
1885 4216 2072 4269 sociis.
2130 4214 2232 4269 Per

685 4300 1026 4369 iniquitatem
1060 4315 1210 4366 vero,
1242 4316 1432 4356 eorum
1463 4302 1754 4356 consilium
1811 4304 2082 4373 intelligit,
2119 4320 2228 4374 quo

686 4390 1165 4446 lilium'adversus
1225 4400 1430 4461 patrem
1485 4393 1792 4447 irritabant.
1857 4391 1921 4446 In
1986 4395 2227 4462 superbia

605 4521 614 4526 ς
683 4482 847 4536 etiam
877 4481 1044 4545 addit,
1110 4482 1234 4550 quia
1276 4483 1516 4551 iactabat
1558 4483 1873 4555 Achilophel
1924 4495 2083 4541 nocte
2138 4487 2228 4542 illa

2404 3587 2640 3639 Ἀλαλα
2675 3585 2981 3654 γενηθήτω
3011 3585 3083 3638 τὰ
3112 3587 3285 3654 χείλη
3313 3586 3384 3640 τὰ
3412 3586 3606 3655 δόλια,
3656 3590 3729 3644 τὰ
3778 3595 3887 3645 Ja-

2328 3683 2554 3736 λοῦντα
2591 3682 2738 3734 κατὰ
2765 3680 2874 3734 τοῦ
2904 3680 3137 3733 δικαίου
3192 3680 3464 3748 ἀνομίαν,
3518 3681 3588 3733 ἐν
3660 3685 3885 3750 ὑπερη-

2329 3773 2515 3842 φανίᾳ
2538 3771 2640 3825 καὶ
2664 3770 3077 3834 ἐξουδενώσει.
3105 3770 3274 3839 Xsqu
3292 3769 3459 3836 δόλια,
3482 3772 3553 3823 τὰ
3601 3771 3694 3825 τοῦ
3729 3773 3881 3842 Ἀχι-

2331 3865 2515 3933 τόφελ,
2541 3865 2616 3928 ὡς
2643 3865 2928 3935 κρύψαντα
2960 3864 3052 3916 τὸν
3075 3864 3140 3915 ὲκ
3172 3864 3339 3916 πάλαι
3364 3863 3512 3916 δόλον
3560 3864 3689 3935 ἄχρι
3720 3867 3781 3918 τό
3794 3883 3877 3932 τε,

2331 3955 2367 4008 ἃ
2391 3957 2484 4009 καὶ
2503 3955 2676 4009 ἁλαλα
2703 3954 3013 4022 γεγόνασιν,
3045 3955 3433 4021 ἀποπνιγέντος
3490 3957 3606 4008 οὐκ
3641 3959 3720 4020 είς
3771 3975 3878 4028 μα-

2329 4047 2489 4115 κράν.
2518 4044 2737 4098 Δίκαιον
2756 4044 2811 4096 δὲ
2839 4044 3026 4096 ἑαυτὸν
3057 4043 3226 4110 λέγει,
3265 4045 3338 4106 ὡς
3394 4061 3469 4114 μη
3492 4046 3878 4118 ἀδικήσανταῆ

2328 4137 2420 4189 τὸν
2458 4134 2854 4206 Ἀὃεσαλὼμ,ἢ
2888 4135 2980 4188 τὸν
3020 4134 3325 4205 Ἀχιτόφελ,
3361 4133 3395 4203 ἡ
3446 4151 3568 4187 τινα
3618 4137 3725 4189 τῶν
3780 4139 3881 4193 σὺν

2327 4229 2528 4291 αὐτοῖς.
2548 4227 2800 4298 ’Δνομίαν
2817 4227 2892 4288 δὲ,
2917 4227 3230 4305 τὴνστούτου
3258 4226 3565 4297 συμῦουλὴν
3593 4228 3878 4297 ὀνομάζει·

2329 4319 2527 4388 ἄνομος
2551 4319 2680 4388 γὰρ,
2708 4319 2784 4381 ὡς
2805 4320 3195 4388 παραθήγουσα
3213 4319 3325 4373 υἱὸν
3361 4321 3495 4390 πρὸς
3521 4322 3610 4373 τὸν
3639 4325 3876 4394 πατέρα.

2330 4407 2424 4459 Ἐν
2464 4408 2808 4478 ὑπερηφανίᾳ
2857 4409 2932 4473 δὲ,
2949 4409 3030 4461 ὅτι
3059 4409 3470 4480 ἑμεγαλαύχησε
3512 4411 3769 4464 δύνασθαι
3807 4413 3877 4464 δι’

2332 4496 2460 4563 ὅλης
2479 4495 2581 4564 τῆς
2613 4496 2801 4556 νυκτὸς
2823 4497 3034 4564 ἐκείνης
3064 4496 3139 4563 (6)
3167 4498 3480 4560 ἀποπεσεῖν,
3527 4499 3622 4550 καὶ
3665 4500 3880 4554 ἀνελεῖν

685 4584 807 4624 sese
843 4571 1101 4640 impetum
1139 4569 1410 4624 facturum
1441 4581 1604 4640 atque
1653 4574 2104 4642 interempturum
2127 4573 2229 4627 Da-

2331 4584 2491 4647 αὖτδς
2519 4584 2610 4636 τὸν
2632 4569 2814 4646 Δαϐὶδ,
2837 4584 2912 4647 ὡς
2939 4587 2997 4637 ὲν
3028 4587 3094 4653 τῇ
3130 4583 3420 4636 Βασιλειῶν
3451 4585 3651 4653 ἐδίδαξε
3683 4589 3875 4659 βίϐλῳ.

683 4660 794 4724 vid,
835 4669 895 4712 ut
926 4661 1154 4714 habetur
1185 4661 1240 4713 in
1271 4660 1427 4715 libris
1481 4660 1710 4730 Regum.
1779 4659 1844 4713 In
1901 4660 2226 4728 despectione

682 4750 953 4814 similiter,
987 4749 1114 4819 quia
1161 4751 1452 4818 Opprobrio
1483 4765 1547 4803 ac
1580 4753 1910 4806 contumelia
1943 4767 2067 4806 cum
2098 4752 2227 4808 alie-

684 4847 854 4892 cerat.

740 4928 914 4984 "Vens.
947 4929 1037 4982 20.
1065 4929 1232 4993 Quam
1253 4946 1442 4999 magna
1490 4929 1772 4985 multitudo
1819 4931 2067 4986 bonitatis
2101 4943 2224 4998 tum,

689 5017 924 5084 Domine,
983 5034 1138 5087 quam
1189 5019 1504 5074 abscondisti
1565 5021 1862 5076 timentibus
1915 5023 2006 5077 te!
2057 5023 2225 5090 Quam

688 5120 903 5176 magna,
945 5124 1064 5177 pro,
1110 5109 1264 5181 valde
1297 5125 1529 5178 magna:
1589 5111 1998 5181 philosophatur
2044 5124 2224 5169 autem

687 5198 965 5275 praplieta,
1010 5197 1169 5251 modo
1199 5199 1666 5270 longanimitatem
1701 5200 1817 5265 Dei,
1849 5204 2008 5257 modo
2047 5206 2225 5260 vindi-

684 5295 825 5340 ctam
880 5287 1178 5352 admirans,
1210 5298 1377 5358 atque
1419 5291 1515 5356 ait,
1564 5291 1709 5362 quod
1753 5293 1910 5349 valde
1939 5296 2114 5364 ampla
2144 5309 2227 5351 est

757 5462 801 5492 “
832 5463 975 5518 Psal.
1007 5481 1082 5533 xl,
1113 5466 1166 5519 7.
1239 5466 1287 5500 “
1321 5467 1466 5524 Psal.
1511 5487 1594 5537 ιιι,
1621 5473 1674 5526 3.

2323 4673 2748 4740 Ἐξουὸενώσει
2795 4673 2872 4738 δὲ,
2904 4675 2984 4726 ὅτι
3008 4673 3101 4727 καὶ⁹
3125 4671 3346 4743 ὕϐρισεν
3370 4674 3555 4731 αὒτόνέ

2401 4934 2501 4999 Ὠς
2539 4935 2693 4989 πολὺ
2747 4935 2813 4988 τὸ
2859 4935 3091 5003 πλῆθος
3135 4935 3244 5004 τῆς
3269 4940 3679 5007 χρηστότητός
3731 4959 3874 5010 σου,

2334 5027 2529 5092 Κύριε,
2566 5025 2645 5092 ῆν
2681 5026 2949 5092 ἔκρυψας
2977 5025 3099 5090 τοῖς
3126 5029 3513 5096 φοϐουμένοις
3546 5046 3640 5084 σε.
3672 5031 3744 5084 Τὸ
3773 5037 3876 5101 ὡς,

2334 5117 2453 5171 ἀντὶ
2475 5117 2591 5179 τοῦ,
2623 5115 2764 5169 λίαν.
2790 5116 3068 5184 Φιλοσοφεῖ
3103 5118 3158 5171 δὲ
3180 5120 3306 5188 περὶ
3336 5120 3434 5189 τῆς
3459 5120 3714 5178 τοῦκΘεοῦ
3743 5126 3876 5178 ποτὶ

2338 5207 2436 5275 μὶν
2469 5205 2868 5277 μακροθυμίας,
2905 5212 3032 5264 ποτὲ
3073 5212 3130 5265 δὲ
3160 5213 3393 5282 ἀμύνης,
3442 5217 3533 5269 καί
3570 5215 3754 5284 φησιν,
3789 5220 3873 5271 ὅτι

2334 5297 2469 5352 Δίαν
2497 5298 2665 5368 πολλὴ
2688 5299 3042 5373 η’χρηστὸτης
3075 5319 3189 5369 σου,
3213 5303 3280 5373 ἢν
3323 5305 3457 5376 πρὸς
3485 5307 3674 5375 καιρὸν
3707 5301 3875 5381 ἐκρυ-

1936 5583 2127 5645 V'ariao
2156 5584 2480 5645 lectiones.

757 5698 830 5768 (5)
853 5702 954 5768 Pp.
985 5692 1250 5772 Είδεχθές.

2403 5709 2478 5782 (6)
2520 5708 2727 5766 Mallem
2767 5712 3118 5780 Προσπεσεῖν.
