4108 6330
683 365 787 429 359
1825 358 2215 420 EUTHYMII
2275 358 2640 421 ZIGABENI
3797 360 3902 425 360

751 470 822 525 Et
851 471 1094 524 retribuit
1121 471 1186 523 iis
1229 468 1319 538 qui
1340 467 1666 522 abundanter
1698 467 1904 536 faciunt
1923 469 2241 536 superbiant.
2269 473 2320 531 Α

2281 473 2320 531 Α
2419 471 2524 522 Ιιάί
2588 469 3028 523 ἀνταποδίδωσι
3090 471 3215 536 τοῖς
3287 470 3588 539 περισσῶς
3659 469 3903 524 ποιοῦσι

681 562 814 630 lloc,
841 570 900 618 ut
925 561 1294 631 przediximus,
1321 570 1541 630 propter
1577 560 1984 629 Aeliitnpbelem
2035 563 2240 615 dictum

2345 563 2814 629 ὑπερηφάνειαν.
2845 563 3016 614 Τοῦτο
3044 563 3131 614 διὰ
3166 565 3256 615 τὶν
3299 562 3601 631 Ἀχιτόφελ,
3647 561 3724 624 ὡς
3759 577 3897 629 προ·

679 665 784 708 est.
809 653 945 707 Cum
981 653 1050 709 iis
1106 653 1271 722 igitur
1319 652 1412 721 qui
1461 651 1782 721 simpliciter
1833 651 2055 720 superbi
2092 661 2239 718 sunt,

2345 653 2664 721 ειρήκαμεν.
2697 652 2819 704 Ἐπὶ
2841 653 2939 722 μὲν
2962 655 3072 715 τοῖς
3094 652 3281 716 ἁπλῶς
3307 652 3900 723 ὑπερήφανευομένοις,

685 739 948 796 Dominus
996 740 1327 809 longanimis
1351 747 1433 793 est
1466 755 1480 791 :
1511 754 1632 793 cum
1664 739 1732 792 iis
1780 754 1908 794 vero
1951 741 2042 808 qui
2088 741 2240 794 nimii

2346 742 2727 812 μακροθυμεῖ·
2757 744 2869 804 τοῖς
2896 741 2954 794 δὲ
2989 743 3265 812 περισσῶς
3296 741 3454 794 τοῦτο
3499 743 3770 809 ποιοῦσιν,
3802 741 3901 795 οὒκ

681 841 809 884 sunt
864 831 918 884 in
975 845 1043 885 eo
1095 831 1253 894 vitio,
1314 827 1584 898 condigna
1645 827 1768 899 [nec
1825 827 1976 898 sero]
2030 830 2243 884 delictis

2103 830 2243 884 lictis
2343 835 2423 894 εἰς
2445 833 2666 902 μακρὰν
2695 831 2817 886 ἀντὶ
2845 831 3051 902 ταύτης
3079 833 3405 887 ἀποδίδωσιν
3427 835 3725 904 τιμωρίαν.

682 915 937 976 retribuit
967 922 1261 991 supplicia.

751 1009 920 1066 Vens.
975 1011 1068 1064 25.
1139 1010 1374 1064 Viriliter
1443 1011 1607 1080 agite,
1667 1021 1718 1065 et
1781 1011 2094 1080 fortiﬁcetur
2152 1027 2243 1064 cor

2423 1003 2782 1072 Ἀνδρίζεσθε
2824 1007 2921 1059 καὶ
2957 1008 3364 1074 κραταιούσσω
3401 1010 3439 1078 ἡ
3475 1010 3686 1078 καρδία
3712 1013 3901 1082 ὑμῶν,

676 1112 926 1167 uestrum,
956 1117 1132 1154 omnes
1174 1103 1266 1172 qui
1295 1104 1522 1170 speratis
1568 1105 1624 1156 in
1665 1103 1908 1156 Domino.
1943 1103 2242 1172 Adjuvabit

2343 1096 2566 1163 πάντες
2607 1101 2661 1151 οι
2703 1096 3044 1164 ἐλπίζοντες
3085 1099 3182 1152 ἐπὶ
3210 1100 3452 1167 Κύριον.
3487 1101 3756 1173 Βοηθήσει
3793 1105 3902 1174 γὰρ

678 1193 872 1257 procul
901 1193 1069 1246 dubio
1100 1194 1368 1248 Dominus
1397 1209 1516 1260 vos,
1540 1205 1597 1250 et
1623 1210 1731 1248 non
1763 1194 2051 1263 despiciet.
2095 1193 2230 1248 Nam

2341 1189 2749 1257 ἀναμφιεόλως,
2780 1193 2874 1242 καὶ
2901 1191 2964 1243 οὐ
2993 1190 3335 1260 περιόψεται.
3361 1193 3425 1244 Oi
3447 1193 3556 1263 γὰρ
3586 1195 3905 1257 πεποιθότες

676 1280 769 1348 qui
821 1282 877 1334 in
912 1282 1068 1335 illum
1125 1282 1433 1348 conﬁdunt,
1465 1296 1576 1337 non
1607 1283 2046 1337 confunduntur.
2094 1282 2240 1338 Con-

2341 1281 2427 1334 ‘en’
2457 1281 2642 1351 αὑτὸν,
2665 1282 2724 1334 οὺ
2758 1280 2833 1351 μὴ
2867 1264 3360 1351 καταισξυνθῶσιν.
3403 1282 3786 1353 Ἐπεφὼνήσεν
3811 1285 3905 1338 καὶ

675 1384 814 1424 sona
840 1379 1026 1424 autem
1074 1373 1191 1426 haec
1241 1379 1373 1426 sunt
1433 1371 1506 1427 iis
1552 1386 1673 1441 quae
1723 1371 1996 1426 habentur
2048 1372 2104 1425 in
2132 1371 2238 1427 line

1962 1385 1996 1426 ,ι’
2048 1372 2104 1425 in
2132 1371 2238 1427 line
2338 1371 2513 1426 ταῦτα
2540 1371 2720 1441 ἑαυτῷ
2745 1375 2802 1426 ὲν
2835 1371 2914 1442 τῷ
2939 1371 3083 1425 τέλει
3101 1371 3195 1425 τοῦ
3223 1370 3316 1435 κς¹
3343 1372 3584 1442 ψαλμοῦ.

676 1458 877 1516 Psaltni
915 1476 1064 1516 xm.

962 1515 1208 1609 Psalmus
1251 1555 1352 1622 ipsi
1376 1553 1549 1607 Dauid
1581 1553 1958 1624 intelligentite.

2658 1515 2900 1615 'Falpdc
2930 1545 3008 1610 τῷ
3041 1547 3219 1599 Δαείδ
3257 1547 3586 1612 συνέσεως.

1027 1725 1030 1728 Α
1177 1646 1496 1702 essurus
1543 1645 1735 1700 xxxr.

1720 1684 1735 1699 .
2893 1638 3180 1690 ΨΑΔΜΟΣ
3216 1637 3342 1693 AA'.

745 1737 1110 1808 Intelligentite
1169 1737 1510 1801 inscribitur,
1559 1737 1664 1801 vel,
1713 1737 1836 1806 quia
1893 1736 2062 1790 multa
2118 1745 2236 1791 erat
2266 1795 2304 1808 __

2279 1795 2304 1808 _
2408 1735 2480 1787 Ἦ
2524 1735 2605 1786 ὅτι
2651 1734 2916 1795 συνέσεως
2965 1733 3222 1800 πλησθεὶς
3252 1733 3489 1802 ἔγραψεν
3521 1736 3717 1798 ταῦτα,
3751 1736 3784 1805 ἢ
3819 1737 3901 1789 ὅτι

679 1795 947 1898 PrOpheta
980 1831 1172 1897 plenus
1219 1795 1598 1898 intelligentia,
1647 1795 1863 1896 quando
1901 1828 2045 1882 hunc
2091 1828 2237 1896 psal-
2265 1795 2301 1850 Β

2278 1795 2308 1849 Β
2335 1826 2494 1898 χρεία
2534 1825 2799 1886 σλνέσεως
2827 1822 3087 1889 ἐνταῦθα,
3129 1825 3161 1894 ἢ
3207 1825 3300 1877 καὶ
3330 1826 3410 1877 ὅτι
3453 1828 3720 1890 συνετίζει
3769 1828 3900 1890 τοὺς

682 1932 826 1970 mum
884 1918 1241 1987 composuit;
1299 1919 1408 1982 vel,
1466 1919 1592 1989 quia
1649 1920 1718 1972 ob
1779 1917 2238 1987 proiundissimos

2338 1915 2831 1983 ἀναγινώσκοντας.
2865 1914 3002 1982 Φησὶ
3035 1913 3143 1982 γάρ
3169 1929 3184 1944 ·
3217 1912 3310 1980 Μὴ
3346 1915 3587 1980 γίνεσθε
3613 1917 3693 1980 ὡς
3715 1916 3902 1982 ἵππος

676 2008 873 2076 psalmi
896 2023 1112 2074 sensus,
1141 2009 1331 2063 lectori
1359 2009 1527 2062 multa
1557 2023 1696 2078 opus
1721 2017 1805 2062 est
1838 2009 2192 2077 intelligentia
2220 2025 2238 2064 :

2337 2007 2438 2061 καὶ
2490 2005 2781 2074 ἡμίονος,
2842 1999 2932 2070 οἷς
2978 2005 3090 2057 οὐκ
3146 2003 3279 2057 ἐστι
3323 2006 3594 2068 σύνεσις.
3664 2006 3901 2074 Εἴρηκεν

675 2101 781 2165 vel,
814 2103 944 2170 quia
985 2095 1243 2154 lectorem
1275 2101 1459 2154 erudit
1485 2110 1649 2171 atque
1676 2101 2067 2169 intelligentem
2114 2100 2240 2154 red-

2336 2098 2392 2149 δὲ
2453 2096 2544 2148 τὸν
2598 2094 2841 2163 παρόντα
2890 2093 3106 2162 ψαλμὸν
3154 2095 3293 2164 μετά
3347 2094 3445 2164 τήν
3501 2089 3750 2164 μοιχείαν
3807 2097 3904 2149 καὶ

673 2192 775 2244 dit.
825 2191 1098 2242 Admonet
1154 2189 1357 2258 quippe
1413 2205 1538 2242 eum
1587 2189 1822 2244 dicens:
1883 2187 2063 2243 Nolite
2115 2191 2235 2258 ﬁeri

2339 2188 2428 2238 τὸν
2459 2185 2619 2253 φόνον
2673 2183 2770 2236 τοῦ
2817 2182 3043 2254 Οὐρίου.
3094 2184 3384 2252 -Διαφέροις
3437 2185 3547 2254 γὰρ
3587 2184 3902 2255 περιπεσὼν

673 2282 805 2335 sicut
846 2296 1005 2348 equus
1055 2289 1102 2333 et
1158 2279 1353 2344 multis,
1379 2280 1566 2347 quibus
1625 2296 1728 2333 non
1786 2289 1860 2333 est
1913 2280 2228 2333 intellectus.

2337 2280 2401 2330 ὲκ
2462 2277 2584 2329 τότε
2627 2276 2929 2344 λογισμοῖς,
2987 2275 3277 2344 διαφόρους
3333 2275 3582 2344 ψαλμοὺς
3635 2276 3901 2346 ἔγραψεν,

675 2371 1014 2440 Couscripsit
1066 2373 1230 2425 etiam
1286 2371 1478 2424 beatus
1535 2371 1701 2424 David
1760 2371 1908 2424 buuc
1957 2373 2224 2439 psalmum

2341 2365 2780 2437 μνημονεύοντας
2833 2363 3048 2434 ἐκείνης
3099 2365 3196 2436 τῆς
3227 2366 3527 2436 ἁμαρτίας.
3582 2367 3900 2436 Πρόσφορος

672 2471 797 2530 post
827 2461 1182 2515 commissum
1235 2461 1564 2515 adulterium
1620 2470 1668 2515 et
1716 2462 1916 2514 caedem
1955 2476 1970 2513 :
2008 2461 2075 2514 ob
2106 2475 2227 2525 qua:

2106 2475 2227 2525 qua:
2334 2458 2390 2510 δὲ
2422 2459 2552 2526 ἡμῖν
2585 2459 2613 2509 ὁ
2642 2456 2877 2526 ψιλμὸς,
2906 2455 3185 2523 ἀναλόγως
3219 2455 3715 2527 ἑκλαμϐανόμενος.

670 2565 793 2602 cum
824 2552 876 2604 in
911 2556 1090 2604 varias
1122 2550 1413 2606 incidisset
1441 2550 1800 2618 calamitates,
1840 2551 2022 2605 varios
2060 2551 2226 2606 etiam
2263 2552 2504 2618 psalmos
2531 2548 2880 2618 conscripsit,
2913 2549 3004 2604 illa
3048 2549 3339 2618 deplorans
3413 2559 3668 2620 peccata.
3733 2549 3903 2606 L'tilis

672 2647 834 2699 etiam
883 2646 984 2700 erit
1016 2648 1101 2700 hic
1137 2648 1402 2716 psalmus,
1433 2647 1478 2702 si
1505 2648 1661 2716 juxta
1688 2647 2045 2717 anagogicum
2087 2661 2310 2701 sensum
2348 2646 2704 2715 intelligatur.

745 2739 903 2790 Vsus.
934 2737 986 2790 i.
1018 2736 1168 2789 Beati
1210 2753 1435 2806 quorum
1474 2738 1704 2791 remissa
1746 2746 1868 2791 sunt
1899 2738 2232 2806 iniquitates,

2402 2738 2690 2803 Μακάριοι
2735 2730 2824 2789 ὧν
2871 2735 3187 2804 ἀφέθησαν
3231 2739 3290 2790 al
3345 2735 3604 2805 ἀνομίαι,
3657 2739 3753 2790 καὶ
3807 2734 3901 2792 ὧν

669 2839 716 2885 et
749 2846 970 2899 quorum
1002 2838 1141 2882 tecta
1191 2839 1312 2882 sunt
1355 2843 1592 2898 peccata.
1621 2831 1756 2885 Cum
1787 2842 1908 2900 post
1939 2831 2229 2886 commissa

2332 2830 2853 2897 ἁπεκαλύφθησαν
2905 2831 2965 2884 αι
3022 2830 3316 2897 ἁμαρτίαι.
3373 2829 3546 2890 Αὐτὸς
3601 2831 3740 2897 μετὰ
3789 2831 3897 2900 τήν

633 2953 636 2956 ~
671 2937 701 2975 a
725 2937 783 2976 se
801 2920 1021 2985 delicta,
1055 2921 1257 2974 multos
1285 2923 1572 2990 pertulerit
1599 2922 1834 2987 labores,
1867 2922 2055 2977 beatos
2086 2938 2232 2976 nunc

2332 2920 2604 2989 ἁμαρτίαν
2626 2919 2800 2972 πολλὰ
2833 2921 3072 2989 πονήσας
3105 2921 3163 2974 ὲν
3197 2923 3263 2992 τῇ
3296 2921 3560 2991 ἁμαρτίᾳ,
3593 2923 3896 2990 μακαρίζει

670 3012 791 3066 illos
837 3012 951 3065 fore
998 3011 1157 3077 dicit,
1203 3013 1406 3083 quibus
1439 3015 1643 3084 absque
1676 3014 1788 3067 ullo
1825 3013 2015 3069 labore
2051 3014 2235 3068 conti-

2329 3011 2454 3073 τοὺς
2504 3010 2720 3074 ἀπόνως
2771 3009 3204 3078 ἀπολουομένους
3249 3011 3317 3064 τὰ
3363 3012 3705 3082 ἐγκλήματα,
3761 3014 3898 3075 τοὺς

673 3104 833 3171 gerit,
863 3107 1085 3174 propria
1118 3106 1341 3160 abluere
1371 3116 1593 3175 peccata
1627 3125 1641 3160 :
1673 3107 1798 3163 illos
1848 3109 2109 3161 nimirum
2155 3108 2235 3160 si-

2329 3098 2760 3169 βαπτιζομένους
2807 3101 3197 3170 αἰνιττόμενος.
3265 3100 3421 3154 Ἐπεὶ
3469 3101 3526 3154 δὲ
3578 3101 3784 3155 τούτων
3844 3103 3896 3154 οἱ

671 3193 962 3262 gniﬁcans,
993 3195 1088 3264 qui
1116 3195 1332 3250 lavacro
1371 3196 1721 3266 baptismatis
1768 3198 1869 3251 hoc
1910 3197 2111 3251 fuerint
2141 3212 2227 3251 re-
2254 3221 2293 3277 ο

2277 3193 2431 3277 Ξμεν
2483 3190 2543 3254 ἐξ
2589 3191 2766 3248 ἐθνῶν
2824 3194 2982 3257 εἰσὶν,
3035 3194 3086 3244 οἱ
3135 3192 3192 3245 δὲ
3247 3193 3310 3245 ὲκ
3373 3194 3676 3264 περιτομῆς
3708 3210 3720 3223 ·
3765 3194 3899 3246 ἀνο-

670 3285 946 3340 missionis
982 3285 1182 3340 donum
1226 3289 1542 3354 consecuti;
1573 3296 1631 3342 et
1680 3289 1806 3356 quia
1842 3303 1907 3343 ex
1937 3290 2005 3343 iis
2031 3289 2122 3342 alii
2156 3303 2224 3340 ex

2336 3282 2464 3353 μίαν
2525 3283 2624 3352 μὲν
2676 3279 2846 3346 εἶπεν,
2899 3286 2991 3336 ἐπὶ
3019 3283 3126 3338 τῶν
3151 3285 3208 3350 ἐξ
3261 3286 3451 3348 ἐθνῶν,
3483 3281 3563 3349 οἷς
3601 3287 3702 3337 οὐκ
3729 3285 3893 3355 ἐδόοη

667 3376 925 3442 gentibus
971 3377 1138 3430 futuri
1184 3389 1362 3440 erant,
1408 3379 1499 3432 alii
1546 3394 1608 3432 ex
1651 3381 2094 3443 circumcisione,
2125 3381 2227 3433 ini-

2333 3375 2534 3449 νόμος·
2587 3376 2862 3446 ἁμαρτίαν
2907 3379 2984 3442 δὲ,
3037 3379 3129 3431 ἐπὶ
3174 3378 3282 3431 τῶν
3324 3381 3386 3430 ἐκ
3421 3379 3742 3448 περιτομῆς,
3776 3377 3891 3431 τῶν

667 3469 901 3534 quitatcs
929 3469 1145 3538 quidem
1177 3485 1298 3539 qua:
1324 3469 1506 3524 Grtcca
1556 3471 1798 3524 dictione
1847 3471 2069 3540 ἀνομίαι
2123 3472 2227 3523 hoc

2123 3472 2227 3523 hoc
2333 3468 2438 3519 ὑπὸ
2468 3466 2556 3518 τὸν
2590 3467 2788 3536 νόμον·
2823 3466 3072 3536 ἁμαρτία
3099 3468 3224 3536 γὰρ,
3265 3467 3520 3536 ἀθέτησις
3551 3466 3741 3535 νόμου.

665 3574 749 3620 est
775 3565 990 3632 exleges
1048 3569 1226 3628 erant,
1291 3562 1361 3616 de
1379 3564 1674 3633 gentilibus
1700 3563 1946 3632 dicit‘qui
1981 3564 2127 3616 omni
2154 3575 2382 3632 prorsus
2409 3561 2670 3640 carebant
2708 3560 2858 3629 lege;
2891 3568 3112 3628 peccata
3141 3574 3271 3613 vero
3300 3559 3366 3614 de
3395 3559 3618 3626 Judaeis,
3655 3563 3752 3631 qui
3784 3561 3893 3616 sub

665 3656 783 3724 lege
811 3663 988 3709 erant.
1024 3652 1313 3708 Peccatum
1337 3654 1481 3706 enim
1512 3657 1790 3724 neglectus
1814 3665 1920 3717 est,
1945 3663 2036 3708 aut
2058 3663 2399 3722 contemptus
2423 3653 2577 3720 legis.
2647 3638 2657 3640 Ἦ
2833 3717 2836 3721 λ

737 3744 902 3799 Vens.
927 3749 982 3798 2.
1015 3745 1212 3797 Beatus
1243 3747 1323 3798 uir
1353 3747 1438 3798 cui
1465 3763 1568 3799 non
1605 3749 1938 3814 imputat-erit
1972 3747 2222 3800 Dominus

2396 3744 2697 3811 Μακάριος
2744 3745 2922 3812 ἀνὴρ.
2975 3740 3024 3812 ᾧ
3071 3748 3144 3800 οὺ
3185 3748 3269 3814 μή
3309 3749 3611 3817 λογίσεται
3669 3747 3894 3814 Κύριος

666 3845 956 3904 peccatum.
981 3835 1080 3888 Cui
1104 3850 1167 3888 ea
1191 3838 1401 3890 ratione
1423 3845 1704 3905 peccatum
1728 3853 1832 3890 non
1883 3839 2220 3907 ascripserit,

2321 3836 2633 3904 ἁμαρτίαν.
2664 3829 2731 3907 ᾭ
2753 3837 2853 3890 οὐκ
2885 3839 3266 3907 ἐπιγράφεται,
3298 3841 3358 3892 οὗ
3397 3844 3676 3910 μετρήσει,
3707 3842 3796 3892 διὰ
3827 3841 3893 3893 τὸ

664 3928 809 3995 quod
839 3927 1272 3994 regenerationis
1299 3927 1570 3981 lavacrum
1599 3929 1842 3981 ablutum
1865 3929 1999 3999 jam,
2027 3944 2087 3983 ac
2122 3945 2218 3998 pe-

2315 3930 2671 4001 ἀφανισθῆναι
2691 3931 2894 4001 ταύτην
2913 3932 3063 4002 παρά
3083 3932 3175 3984 τοῦ
3206 3934 3300 4001 τῆς
3325 3933 3738 4001 παλιγγενεσίας
3758 3935 3893 3988 λου-

667 4018 814 4071 ni‘tus
837 4017 1069 4070 deletum
1089 4020 1182 4074 sit.
1207 4006 1489 4072 Peccatum
1514 4019 1884 4074 indiﬂ'erenter
1907 4020 2087 4100 posuit
2116 4017 2219 4089 pro'

2313 4018 2463 4088 τροῦ.
2493 4021 2798 4088 Ἀμαρτίαν
2814 4023 2868 4075 δὲ
2890 4022 2981 4076 νῦν
3001 4023 3308 4092 ἀδιαφόρως
3334 4025 3388 4075 τὸ
3405 4023 3654 4094 ἔγκλημα
3675 4025 3891 4092 κέκλη-

663 4109 844 4178 culpa.
869 4108 1097 4173 Quidam
1125 4117 1305 4162 autem
1339 4108 1478 4162 idem
1511 4120 1741 4178 utraque
1763 4111 2067 4179 signiﬁcare
2089 4123 2222 4165 con-

2330 4128 2442 4166 κεν.
2474 4113 2629 4176 Τινὲς
2651 4114 2707 4166 δὲ
2738 4115 2804 4168 τὰ
2833 4116 2942 4168 ἀνω
2964 4116 3123 4185 ῥητὰ,
3153 4115 3461 4184 ἀδιαφόρως
3484 4115 3888 4184 λαμϐάνουσιν,

663 4199 949 4253 tendentes
993 4199 1352 4268 praecedentia
1385 4200 1529 4254 dicta
1565 4201 1931 4256 indilierenter
1970 4205 2218 4272 capiunt.

2327 4201 2392 4252 ἐκ
2421 4201 2760 4272 παραλλήλου
2793 4202 2853 4254 τὸ
2910 4205 3041 4255 αὐτὸ
3102 4203 3346 4270 λέγοντες
3371 4204 3535 4273 ἀμφω
3565 4205 3885 4272 σημαίνειν.

736 4287 848 4341 Nec
903 4301 975 4344 est
1031 4291 1086 4343 in
1143 4305 1232 4343 ore
1279 4291 1394 4359 ejus
1437 4291 1613 4346 dolus.
1653 4293 1765 4346 Nec
1794 4303 1918 4362 post
1948 4295 2217 4364 baptisma
2318 4297 2323 4304 ’

2318 4297 2323 4304 ’
2398 4291 2549 4344 om
2578 4293 2708 4344 ἐστι
2742 4293 2811 4345 ἐν
2849 4291 2928 4356 τῷ
2970 4294 3216 4361 στόματι
3262 4295 3446 4349 αὐτοῦ
3478 4295 3680 4358 δόλος.
3742 4296 3889 4349 Οὐδὲ

662 4381 926 4434 mentitus
961 4389 1066 4442 est,
1107 4388 1201 4432 aut
1251 4381 1471 4436 violasit
1534 4393 1713 4451 pacta,
1763 4399 1884 4453 qurc
1931 4400 2056 4439 cum
2109 4384 2220 4439 Deo

2325 4383 2463 4449 μετὰ
2495 4382 2554 4434 τὸ
2587 4381 2866 4452 βάπτισμα
2891 4385 3153 4453 ἐψεύσατο
3182 4387 3276 4446 τὰς
3302 4389 3380 4449 εὶς
3415 4386 3545 4438 Θεὸν
3581 4386 3883 4457 συνθήκας.

663 4469 846 4524 habet.
906 4470 1095 4525 Dolum
1148 4471 1291 4526 enim
1336 4473 1422 4527 hic
1469 4489 1569 4544 pro
1597 4476 1882 4529 mendacio
1916 4476 2221 4546 intelligere

2320 4473 2482 4526 Δόλον
2523 4475 2628 4544 γὰρ
2659 4473 2774 4538 νῦν,
2816 4478 2877 4525 τὸ
2925 4475 3118 4542 ψεῦδος
3164 4476 3520 4543 ὑποληπτέον.
3587 4477 3889 4547 Ὁμολογεῖ

661 4561 939 4616 debemus.
975 4561 1268 4617 Proﬂtetur
1299 4564 1444 4618 enim
1497 4567 1566 4630 is,
1601 4569 1694 4635 qui
1728 4568 2057 4635 baptizatur,
2088 4581 2218 4636 Ope-

2318 4565 2428 4632 γάρ
2457 4564 2486 4615 ὁ
2539 4563 2930 4632 βαπτιζόμενος
2975 4565 3350 4630 ἀποτάξασθαι
3408 4567 3506 4635 μὲν
3546 4571 3661 4630 τοῖς
3689 4570 3885 4637 ἔργοις

617 4635 623 4641 ’
661 4649 813 4704 ribus
842 4651 1150 4704 dmmouum
1194 4653 1514 4708 renuntiare
1537 4692 1553 4717 ,
1606 4664 1659 4708 et
1705 4654 1908 4710 Christi
1941 4635 2214 4711 mandatis

2145 4658 2214 4711 tis
2241 4691 2294 4751 Ι)
2320 4653 2416 4706 τοῦ
2446 4654 2722 4723 δαίμονος,
2777 4654 3138 4719 συντάξασθαι
3158 4656 3215 4708 δὲ
3248 4658 3358 4720 τοῖς
3381 4658 3472 4709 τοῦ
3503 4658 3764 4725 Χριστοῦ.

659 4755 717 4792 se
747 4740 1065 4809 adjungere.
1879 4809 1886 4818 υ

738 4831 894 4886 Vens.
921 4833 973 4884 5.
1006 4831 1266 4895 Quoniam
1303 4827 1463 4888 tacui.
1495 4833 1642 4891 Beati
1672 4837 1762 4892 isti
1795 4849 1942 4906 sunt,
1965 4854 2062 4910 ego
2085 4856 2214 4896 vero

2381 4836 2500 4889 Ὅτι
2521 4835 2797 4904 ὲσίγησα.
2825 4835 3096 4905 Μακάριοι
3127 4829 3269 4888 οὗτοι
3291 4851 3305 4866 ·
3337 4837 3432 4889 καὶ
3461 4839 3570 4908 γὰρ
3604 4837 3717 4905 ἐγὼ
3735 4838 3885 4894 ἁπο-

659 4922 965 4992 plange‘ndo
1004 4924 1262 4993 fatigatus
1293 4925 1446 4981 silui.

2308 4925 2499 4997 καμὼν
2530 4929 2589 4979 ὲν
2613 4927 2689 4993 τῷ
2718 4925 3033 4986 κόπτεσθαι,
3069 4925 3316 4996 ἐσίγησα.

730 5013 1029 5067 lnveterata
1056 5026 1180 5068 sunt
1205 5033 1325 5069 ossa
1352 5033 1487 5078 mea,
1514 5017 1638 5072 dum
1673 5019 1952 5074 clamarem
1975 5030 2082 5075 tota
2102 5023 2208 5078 die.

2393 5017 2760 5084 Ἐπαλαιὼθη
2791 5016 2861 5068 τὰ
2894 5014 3043 5070 ὀστᾶ
3089 5035 3208 5084 μου
3256 5019 3373 5071 ἀπὸ
3401 5019 3507 5072 τοῦ
3532 5018 3774 5086 κράᾰειν
3799 5041 3884 5092 με

661 5104 781 5158 llzec
817 5108 916 5160 luit
948 5107 1150 5161 silentii
1181 5125 1369 5164 causa.
1409 5113 1514 5167 Per
1538 5126 1660 5166 ossa
1691 5123 1874 5167 autem
1903 5115 2044 5168 vires
2079 5131 2209 5170 suas

2307 5109 2458 5177 ὅλην
2485 5109 2598 5174 τήν
2625 5107 2870 5176 ἡμέραν.
2905 5107 3074 5159 Τοῦτο
3101 5110 3131 5178 ή
3158 5110 3303 5162 αἰτία
3335 5110 3435 5178 τῆς
3466 5112 3623 5182 σιγῆς
3647 5129 3662 5143 ο
3695 5114 3790 5167 διὰ
3819 5116 3881 5170 δὲ

657 5197 906 5266 intelligit
933 5215 947 5261 ;
980 5213 1104 5253 ossa
1130 5199 1274 5253 enim
1314 5215 1516 5271 corpus
1541 5205 1832 5264 sustinent,
1865 5219 1930 5257 ac
1957 5207 2204 5261 stabilem

2307 5198 2413 5250 τῶν
2435 5196 2628 5260 ὀστῶν,
2676 5198 2772 5266 τήν
2812 5195 3036 5264 δύναμιν
3061 5197 3224 5250 αὖτοῦ
3259 5201 3578 5268 ἐνεσήμανε.
3620 5203 3702 5254 Τἁ
3733 5206 3883 5259 ὀστᾶ

659 5286 912 5340 reddunt.
950 5285 1252 5341 lnaeterata
1286 5300 1467 5345 autem
1491 5302 1633 5358 sunt,
1656 5292 1757 5348 hoc
1785 5302 1869 5347 est
1927 5295 2209 5349 inﬁrmata

2304 5290 2412 5357 γὰρ
2441 5287 2776 5356 ὑπερείδουσι
2810 5287 2869 5339 τὸ
2898 5287 3054 5351 ζῶον.
3094 5290 3464 5357 Ἐπιιλαιώθη
3503 5292 3580 5353 δὲ,
3613 5294 3742 5345 ἀντὶ
3772 5298 3879 5351 τοῦ

660 5391 722 5428 ac
754 5377 1058 5431 debilitata.
1089 5379 1222 5433 Nam
1254 5381 1396 5450 quod
1431 5383 1712 5453 antiquum
1733 5394 1837 5448 est,
1864 5386 2095 5441 debilius
2124 5389 2204 5440 ﬁt.

2315 5380 2664 5449 Ἦσοένησαν,
2688 5379 2768 5431 ὅτι
2792 5379 2851 5431 ιδ
2880 5380 3119 5441 παλαιὸν,
3138 5379 3380 5442 ἀσθενές.
3422 5381 3736 5451 Ἠσθένησε,
3766 5402 3879 5454 φη-

661 5471 972 5532 lntirmatze,
1003 5471 1202 5539 inquit,
1233 5483 1364 5527 sunt
1387 5475 1529 5530 vires
1571 5491 1720 5529 meae.
1770 5477 1901 5530 Tota
1935 5493 2063 5533 vero
2097 5477 2202 5543 die,

2305 5478 2407 5538 σὶν,
2466 5474 2499 5538 ὴ
2548 5472 2768 5540 δύναμίς
2804 5490 2926 5541 μου.
2963 5471 3154 5539 Ὅλην
3191 5475 3246 5527 δὲ
3297 5475 3408 5542 τὴν
3436 5474 3691 5543 ἡμέραν,
3744 5479 3879 5533 ἀντὶ

555 5567 558 5575 ’
657 5560 786 5611 dicit
816 5575 932 5627 pro,
969 5562 1212 5630 Semper,
1245 5574 1406 5631 atque
1438 5566 1672 5620 assidue.
1699 5567 1922 5632 Quoties
1954 5571 2097 5622 cnim
2152 5571 2177 5623 ii

2305 5567 2422 5630 τοῦ,
2454 5565 2550 5617 Διά
2586 5565 2808 5626 παντὸς.
2850 5565 3065 5628 Ὁσάκις
3091 5568 3197 5636 γὰρ
3233 5568 3298 5619 ἂν
3346 5569 3635 5638 πειρασμῷ
3675 5574 3879 5640 περιέ-

659 5650 982 5704 tentationes
1013 5651 1307 5711 incidebat,
1339 5653 1498 5706 toties
1529 5669 1686 5706 suum
1743 5654 1957 5723 lugebat
2010 5671 2203 5724 pecca-

2309 5673 2529 5719 πιπτεν,
2585 5656 2803 5723 ὀδύρετο
2831 5655 2927 5725 τὴν
2965 5658 3231 5726 ἁμαρτίαν
3271 5659 3506 5728 ἐκείνην,
3545 5659 3619 5720 ὼς
3647 5660 3877 5716 ἐκεῖθεν

659 5748 795 5806 tum,
819 5740 975 5808 quasi
1008 5741 1188 5796 omnis
1213 5742 1362 5796 illinc
1384 5742 1501 5796 vita:
1529 5758 1640 5798 sum
1671 5743 2010 5816 inmqualitas
2037 5747 2084 5800 ιιι
2105 5746 2199 5800 llu-

2309 5748 2455 5819 αὖτῷ
2483 5751 2576 5818 τῆς
2613 5746 2924 5815 ἀνωμαλίας
2969 5749 3063 5800 τοῦ
3091 5750 3205 5819 βὶου
3252 5751 3491 5822 ῥυείσης.
3547 5753 3699 5805 Ἐπεὶ
3754 5755 3877 5826 γὰρ
