4108 6330
638 310 741 372 36.1

1882 306 2260 366 EUTHYMII
2293 305 2644 366 ZIGABENI

3750 312 3853 374 365

637 432 862 485 tentpOIe
895 427 1206 484 opportuna.
1237 415 1348 496 .l'ro
1393 415 1516 476 hac,
1550 416 1652 469 ltoe
1698 425 1801 479 est,
1834 416 1914 470 Ab
1949 416 2050 472 bac
2090 417 2193 468 ini-

2301 417 2540 481 εὐθέτῳ.
2587 415 2658 468 Τὸ
2719 417 2869 483 ὑπὲρ
2917 416 3151 483 ταύτης,
3180 419 3300 470 ἀντὶ
3321 420 3436 484 τοῦ,
3495 421 3621 474 ’Λπὸ
3650 424 3848 495 ταύτης

637 512 844 580 qnitatc
872 508 1002 561 mihi
1035 508 1287 568 remissa.
1331 507 1454 578 pius
1505 522 1568 560 ac
1605 507 1888 576 religiosus
1917 507 1998 560 vir
2027 507 2190 575 quili-

636 604 722 655 bet
756 601 1050 656 instinctus
1079 600 1291 667 rogabit
1329 609 1399 653 te.
1438 599 1539 654 Ubi
1580 598 1721 651 enim
1773 599 2072 652 innotuerit
2103 613 2189 652 re-

639 693 859 746 missum
889 691 1018 744 mihi
1048 691 1216 744 fuisse
1239 694 1546 759 peceatum,
1579 689 1784 753 statim,
1811 699 1869 742 ut
1899 688 2188 742 confessus

635 795 779 845 smn,
821 780 1175 833 imitabnntur
1202 793 1286 832 me
1330 778 1588 847 deinceps
1622 779 1694 846 pii
1724 793 1913 830 unmes
1954 778 2006 830 in
2055 787 2191 830 tem-

638 888 768 941 pure
809 872 1168 941 pmnilcnlim.
1213 869 1324 924 lloc
1366 871 1507 923 enim
1567 868 1901 937 pmnitentite
1951 875 2185 936 tempus,

633 962 787 1030 quasi
825 964 1073 1014 idoneum
1134 977 1197 1014 ac
1232 959 1598 1023 connnodum,
1649 969 2009 1028 Opportunum
2048 967 2184 1012 tem-

636 1068 736 1120 pus
793 1052 1100 1120 appellavit.
1159 1053 1382 1120 Eritque
1438 1051 1548 1102 haec
1595 1051 1846 1104 remissio
1880 1049 2185 1117 exemplum

631 1141 880 1194 omnibus
907 1141 1296 1209 paenitentibus
1325 1157 1339 1193 :
1374 1155 1513 1209 quos
1543 1139 1664 1194 ideo
1700 1139 1913 1193 vocavit
1941 1147 2184 1198 sanctos,

631 1235 756 1302 quia
781 1232 930 1301 impii
977 1244 1138 1300 atque
1163 1233 1384 1285 omnino
1415 1232 1610 1300 perditi
1634 1231 1668 1285 ii
1693 1239 1842 1294 sunt,
1865 1241 2003 1298 quos
2037 1230 2186 1282 nulla

632 1325 752 1376 duci
787 1325 1056 1393 contingit
1102 1323 1441 1391 pmnitentia.
1495 1322 1791 1376 Possumus
1825 1331 1879 1374 et
1908 1321 2064 1375 aliter
2104 1321 2187 1374 di-

2293 508 2395 576 τῆς
2418 507 2691 577 ἁμαρτίας
2721 508 3054 577 κινούμενος,
3089 511 3458 579 παρακαλέσει
3493 530 3552 564 σε
3600 517 3707 576 πᾶς
3731 516 3850 568 θεο-

2297 601 2497 668 σεεήςυ
2556 599 2742 667 μαθὼν
2781 602 2910 668 γὰρ,
2959 601 3040 652 ὅτι
3086 601 3636 672 ἐξομολογησάμενος,
3691 605 3848 668 εὐθὺς

2296 691 2698 760 συνεχωρήθην,
2727 693 3026 760 μιμήσεταί
3087 709 3150 759 με
3183 695 3241 744 ὲν
3292 693 3481 762 καιρῷ·
3521 695 3849 760 μετανοίας·

2292 778 2481 831 τοῦτον
2509 781 2616 848 γὰρ
2651 780 2868 833 εὔθετον
2921 781 3014 832 καὶ
3047 782 3350 850 ἐπιτήδειον
3381 774 3719 851 εἷρηκείκαὶ
3755 784 3846 836 αὖ·

2292 885 2358 938 τη
2388 868 2536 922 ἔσται
2556 872 2668 930 cui;
2690 871 3042 938 μετανοοῦσιν
3061 871 3362 941 ὑπόδειγμα
3386 889 3400 903 ⁸
3424 874 3452 925 ὁ
3504 874 3612 943 γάρ
3639 875 3852 937 ἀνόσιος

2292 962 2354 1011 οὐ
2393 960 2779 1030 μεταμέλεται.
2808 962 2964 1014 Ἔστι
2985 963 3038 1014 δὲ
3070 963 3162 1034 και
3185 963 3359 1026 ἄλλως
3387 956 3579 1027 εἰπεῖν,
3615 967 3698 1018 ὅτι
3722 983 3843 1034 προ-

2295 1049 2517 1116 φητεύει
2553 1050 2680 1119 περὶ
2711 1052 2817 1102 τῶν
2851 1052 3080 1116 πιστῶν,
3113 1053 3309 1114 οἵτινες
3331 1055 3598 1123 ἐνικαιρῷ
3627 1054 3852 1123 εὐθέτῳ,

2293 1135 2492 1205 δηλαδὴ
2521 1138 2598 1207 τῷ
2636 1139 2773 1207 μετά
2819 1139 2878 1191 τὸ
2911 1141 3196 1209 κήρυγμα,
3241 1142 3510 1211 χρώμενοι
3563 1146 3675 1202 τοῖς
3725 1147 3852 1210 περὶ

2293 1231 2564 1300 ἁμαρτίας
2581 1231 2746 1285 αὐτοῦ
2765 1231 3018 1302 ψαλμοῖς,
3036 1234 3283 1287 δοκοῦσιν
3300 1235 3440 1304 ὑπὲρ
3455 1235 3656 1305 ταύτης
3680 1252 3852 1306 προσ-

2295 1322 2576 1390 εύχεσῠαι.
2671 1334 2673 1337 ‘

631 1431 775 1480 cere,
833 1418 976 1486 quod
1029 1410 1273 1470 tradatur
1316 1414 1604 1484 prophetia
1659 1415 1724 1466 tle
1776 1411 2048 1472 lidelibus,
2082 1411 2173 1479 qui
2217 1419 2461 1481 tempore
2532 1424 2865 1486 opportuno,
2932 1417 3035 1472 hoc
3083 1424 3167 1472 est
3216 1424 3340 1487 post
3414 1419 3850 1487 praedicationem

637 1507 933 1574 Evangelii,
966 1508 1091 1560 dum
1165 1520 1260 1560 eos
1313 1506 1455 1559 beati
1528 1503 1692 1559 David
1746 1503 1982 1571 psalmos
2029 1509 2253 1568 canunt,
2294 1504 2387 1571 qui
2420 1503 2569 1560 illius
2602 1517 2819 1575 peccata
2842 1489 3293 1575 commemorant,
3323 1524 3421 1580 pro
3450 1527 3635 1566 eorum
3661 1516 3855 1570 remis-

633 1605 784 1657 sione
812 1602 876 1655 ad
909 1601 1070 1654 Deum
1095 1599 1494 1669 quodammodo
1524 1614 1681 1652 orare
1699 1583 1981 1654 ‘videntur.

717 1690 1078 1744 Verumtamen
1116 1693 1171 1743 in
1223 1690 1420 1742 diluvio
1471 1705 1731 1758 aquarum
1771 1689 2059 1740 multarunt
2116 1689 2185 1740 ad

633 1795 748 1835 eum
779 1798 880 1834 non
908 1781 1375 1848 approximabunl.
1409 1779 1580 1833 Dictio
1614 1787 1967 1831 verumtamen
1997 1777 2098 1832 hoc
2130 1778 2183 1830 in

2363 1686 2537 1754 Πλὴν
2582 1688 2652 1740 ἐν
2696 1686 3099 1758 κατακλυσμῷ
3141 1686 3377 1742 ὑδάτων
3419 1689 3661 1742 πολλῶν
3703 1693 3854 1760 πρὸς

2291 1781 2476 1834 αὑτὸν
2523 1782 2634 1833 οὐκ
2679 1779 2969 1848 ἐγγιΟὗσι.
3000 1781 3072 1832 Τὸ
3097 1779 3281 1848 πλὴν,
3315 1782 3434 1833 ἀντὶ⁹
3457 1782 3550 1835 τοῦ
3599 1785 3693 1835 καὶ
3728 1802 3855 1836 συν·

637 1881 754 1928 loco
787 1889 883 1942 pro
910 1873 1218 1943 copulativa
1271 1872 1659 1938 conjunctione
1687 1870 1953 1924 sumenda
1991 1877 2096 1932 cst,
2130 1875 2188 1921 ut

2293 1872 2484 1940 δέσμου
2512 1871 2760 1937 νοοῦμεν,
2782 1867 2910 1943 ἵναῇ
2937 1871 3194 1932 τοιοῦτον.
3222 1873 3302 1925 ὅτι
3334 1873 3425 1924 καὶ
3456 1875 3512 1926 ἐν
3544 1873 3854 1945 πλημμύρᾳ

636 1967 706 2016 sit
771 1979 968 2018 sensus
1008 1981 1020 2016 :
1055 1963 1198 2030 quod
1261 1972 1317 2016 et
1377 1963 1428 2014 in
1490 1960 1781 2013 nndatione
1832 1957 2186 2012 tentatiOnum

637 2055 764 2122 (per
796 2068 967 2120 aquas
994 2053 1137 2104 enim
1181 2052 1283 2104 hoc
1309 2051 1362 2102 in
1403 2050 1520 2102 loco
1550 2048 1878 2121 tentationes
1922 2059 1983 2098 ac
2038 2045 2198 2097 cala-'

638 2145 854 2196 mitates
892 2140 1254 2211 intelligenda:
1278 2149 1423 2202 sunt,
1451 2137 1905 2208 quemadmodum
1938 2142 1991 2187 et
2022 2134 2149 2187 alibi
2175 2149 2188 2186 :

637 2232 821 2286 Libera
854 2248 934 2285 me
955 2232 1018 2284 de
1045 2231 1193 2300 aquis
1231 2231 1392 2283 maris
1409 2231 1448 2296 ).,
1490 2227 1631 2295 quod
1661 2229 1711 2277 in
1746 2223 2076 2292 bujnSuiodi,
2106 2222 2192 2275 in-

638 2306 821 2393 quam,
879 2323 1192 2385 undatione,
1218 2321 1376 2374 nulla;
1406 2333 1559 2387 aqua:
1590 2318 1654 2371 ad
1689 2332 1814 2370 eum
1844 2311 2190 2381 approxima-

638 2415 794 2474 bnnt,
836 2414 928 2480 qui
963 2413 1041 2466 sic
1078 2411 1363 2477 confessus
1400 2408 1583 2470 fuerit,
1631 2416 1684 2459 et
1726 2407 1813 2461 cui
1849 2405 1950 2457 hac
1979 2402 2194 2454 ratione

641 2503 867 2555 remissa
899 2501 1099 2553 fuerint
1140 2508 1382 2568 peccata.
1417 2496 1814 2566 Approximare
1849 2502 2055 2558 autem,
2094 2508 2190 2547 seu

637 2592 1090 2659 appropinquare,
1122 2591 1225 2644 hoc
1266 2589 1318 2642 in
1354 2589 1478 2658 loco
1515 2585 1655 2640 idem
1701 2593 1783 2641 est
1830 2585 1974 2653 quod
2028 2583 2195 2637 attin-

638 2700 765 2750 gere
795 2692 847 2736 et
881 2682 1096 2735 laedere.
1137 2679 1230 2733 Vel
1263 2693 1359 2749 per
1400 2676 1662 2732 diluvium
1733 2675 1999 2743 baptisma
2031 2673 2191 2726 intel-

643 2776 767 2841 lige,
795 2777 936 2842 quod
968 2774 1019 2825 in
1069 2771 1222 2840 aquis
1280 2772 1355 2834 lit,
1397 2776 1450 2822 et
1504 2776 1721 2836 peccata
1763 2767 1952 2819 abluit.
2008 2767 2192 2833 Aquas

643 2880 770 2918 vero
799 2863 1142 2932 baptismatis
1193 2862 1389 2915 multas
1423 2860 1680 2929 appellat,
1718 2858 2060 2912 considerata
2094 2872 2191 2924 po-

638 2957 745 3011 tius
805 2956 1061 3025 qualitate
1150 2969 1212 3008 ac
1265 2952 1499 3021 potentia
1537 2949 1796 3019 Spiritus,
1821 2964 1984 3018 quam
2019 2949 2192 3002 unda-

637 3064 756 3103 rum
790 3048 1124 3118 quantitate;
1155 3062 1262 3116 quo
1299 3053 1458 3114 pacto
1518 3044 1700 3097 dicere
1752 3032 1995 3097 solemus
2058 3055 2190 3093 ven-

2287 1960 2583 2029 λογισμῶν,
2634 1960 2799 2013 ὕδατα
2833 1962 2938 2029 γὰρ
2960 1960 3176 2022 τούτους
3211 1962 3438 2031 οἰητέον.
3469 1963 3543 2025 ὡς
3578 1966 3675 2029 τὸ,
3719 1964 3855 2018 Ῥῦ.

2289 2068 2390 2105 σαι
2435 2067 2510 2119 με
2559 2050 2656 2103 καί
2693 2050 3011 2118 ἐξελοῦμαι
3051 2050 3118 2114 ἐξ
3168 2050 3402 2104 ὑδάτων
3435 2051 3700 2116 πολλῶν,
3751 2054 3854 2106 οὐκ

2288 2141 2531 2207 ὲγγιοῦσι
2579 2142 2750 2193 ταῦτα
2784 2142 2852 2194 τὰ
2901 2133 3065 2194 ὕδατα
3120 2143 3253 2210 πρὸς
3307 2141 3489 2209 αὑτδν,
3538 2144 3626 2194 τὸν
3676 2143 3853 2206 οὕτως

2289 2227 2821 2297 ἐξομολογησάμενον
2853 2230 2946 2282 καὶ
2973 2230 3414 2301 συγχωρηθέντα.
3450 2233 3546 2285 Διὰ
3575 2233 3669 2286 τοῦ
3695 2235 3853 2301 ἐγγί-

2295 2316 2408 2380 ζειν
2436 2317 2491 2368 δὲ
2524 2317 2583 2369 τὸ
2612 2317 2877 2370 ἅπτεσθαι
2911 2319 3004 2371 καὶ
3033 2318 3244 2372 δάκνειν
3272 2319 3510 2390 ᾐνίξατο.
3545 2323 3611 2373 Ἢ
3635 2323 3731 2374 καὶ
3753 2323 3851 2375 ἄ).-

2292 2405 2392 2469 ὶως
2409 2400 2814 2477 κατακλυσμδς,
2866 2409 2924 2462 τὸ
2949 2410 3017 2461 δι’
3061 2411 3265 2463 ὑδάτων
3303 2411 3580 2480 βάπτισμα
3606 2411 3850 2480 νοηθείη,

2289 2497 2363 2561 ὡς
2396 2498 2732 2562 κατακλύζον
2776 2500 2873 2569 τὴν
2916 2500 3218 2569 ἁμαρτίαν·
3263 2501 3467 2553 ὑδάτων
3510 2502 3566 2554 δὲ
3612 2503 3850 2564 πολλῶν,

2291 2593 2356 2657 τῇ
2391 2590 2635 2658 ποιότητι
2664 2591 2756 2642 καὶ
2789 2590 3014 2658 δυνάμει
3051 2591 3145 2642 τοῦ
3190 2593 3526 2660 Πνεύματος,
3555 2595 3648 2645 καὶ
3677 2595 3738 2646 οὺ
3784 2595 3852 2664 τῇ

2286 2682 2541 2749 ποσότητι
2563 2681 2668 2732 τῶν
2693 2681 2930 2751 ριῧθρων⁰
2965 2681 3104 2734 οὕτω
3131 2682 3239 2753 γὰρ
3270 2684 3497 2754 λέγομεν
3524 2685 3690 2736 πολὺν
3723 2685 3820 2738 ﬁve
3840 2716 3853 2724 -

2296 2788 2394 2840 μον
2414 2827 2421 2834 ,
2442 2772 2530 2823 τὸν
2559 2772 2795 2840 ἰσχυρόν.
2824 2772 3210 2841 Προσεύξεται,
3237 2775 3390 2843 φησι,
3425 2775 3558 2842 πρὸς
3584 2777 3641 2827 σέ
3662 2793 3676 2806 ·
3712 2775 3856 2847 πλὴν

2291 2862 2350 2911 ἐν
2379 2859 2454 2928 τῷ
2491 2858 2821 2928 βαπτίσματι
2872 2861 3005 2928 πρὸς
3028 2863 3188 2914 αὑτὸν
3220 2858 3323 2916 οὐκ
3355 2864 3616 2930 ὲγγιοῦσι,
3662 2865 3857 2935 δηλον-

2290 2947 2372 3002 ότι
2411 2950 2468 3002 ai
2531 2950 2792 3025 ἁμαρτίαι
2839 2951 3302 3022 κατακλυζόμεναι
3361 2954 3455 3008 καὶ
3517 2954 3852 3025 ἀφανιζόμεο

2296 3058 2405 3092 ναι.

641 3155 754 3197 tum
815 3140 1064 3202 multum,
1124 3139 1227 3193 hoc
1279 3145 1380 3199 est,
1447 3136 1707 3189 validum.
1780 3133 1969 3188 Orabit
2004 3133 2190 3202 igitur,
2235 3130 2432 3201 inquit,
2472 3132 2539 3186 ad
2569 3142 2641 3198 te,
2675 3147 2862 3188 verum
2895 3134 2948 3189 in
2982 3125 3252 3207 baptismo
3278 3139 3344 3195 ad
3381 3154 3505 3195 eum
3570 3156 3680 3196 non
3755 3153 3856 3209 ap-

641 3232 1022 3304 proximabunt
1056 3239 1310 3298 peccata;
1348 3227 1495 3280 illine
1523 3227 1778 3279 nimirmn
1819 3224 2066 3277 demersa
2103 3236 2164 3275 ac
2204 3223 2405 3276 delata.

711 3326 872 3378 Vsus.
901 3324 955 3376 7.
988 3321 1063 3374 Tu
1086 3337 1136 3374 es
1163 3319 1419 3387 refugium
1452 3334 1620 3370 meum
1655 3333 1686 3369 a
1719 3316 2056 3368 tribulatione
2078 3329 2191 3382 qua:

2360 3317 2445 3370 Σύ
2467 3335 2570 3386 μοι
2629 3315 2689 3372 εἴ
2728 3320 3039 3388 καταφυγὴ
3079 3320 3198 3374 ἀπὸ
3236 3321 3497 3387 θλίψεως
3525 3319 3633 3388 τῆς
3662 3333 3859 3391 περιε-

640 3413 981 3470 rircumdedit
1038 3427 1138 3464 me.
1191 3413 1274 3464 Ab
1330 3410 1428 3464 bac
1476 3407 1676 3462 etenim
1730 3407 1796 3461 ad
1830 3419 1879 3462 te
1917 3405 2192 3475 confugio,

641 3519 894 3573 tanquam
923 3503 989 3555 ad
1016 3501 1274 3571 gaudium
1325 3509 1376 3554 et
1404 3499 1666 3552 laetitiam.

715 3595 1015 3650 Exsultatio
1074 3609 1212 3655 mea,
1245 3607 1367 3644 erue
1416 3606 1495 3643 me
1527 3605 1558 3642 a
1595 3585 2040 3641 circumdantibus
2091 3599 2191 3636 me.

638 3685 953 3759 Opportuna
978 3691 1061 3738 est
1097 3682 1210 3736 haec
1255 3681 1547 3734 invocatio.
1582 3677 1684 3740 Tu,
1727 3691 1760 3729 ο
1799 3677 1959 3738 Deus,
1994 3674 2193 3742 inquit,
2254 3683 2260 3690 '

640 3781 734 3849 qui
773 3794 833 3832 es
864 3776 1121 3847 gaudium
1155 3788 1362 3834 meum,
1404 3771 1556 3838 eripe
1599 3783 1684 3822 me
1720 3783 1748 3821 a
1778 3766 2190 3828 tentationibus,

641 3870 840 3940 quibus
889 3864 1289 3935 quodammodo
1351 3858 1720 3915 circumdatus
1773 3856 2046 3918 detineor,
2097 3870 2195 3907 seu

643 3961 881 4016 visibiles
905 3973 996 4012 seu
1027 3956 1191 4010 etiam
1241 3953 1545 4007 invisibiles
1593 3949 1847 4004 inimicos
1897 3947 2195 4034 intelligas.

641 4045 1034 4122 |Diapsalma.]
1180 4090 1184 4094 .
1945 4035 1948 4037 ’

713 4143 875 4196 Vens.
912 4131 966 4194 8.
999 4138 1331 4192 Intellectum
1369 4133 1464 4187 tibi
1488 4130 1645 4194 dabo,
1677 4139 1727 4185 et
1755 4128 1914 4183 simul
1941 4126 2192 4183 accedam

630 4227 696 4288 ’ἱιι
730 4235 811 4288 via
841 4235 938 4285 liae
984 4246 1089 4298 qua
1134 4227 1418 4298 gradieris.
1468 4223 1772 4290 Diapsalma
1817 4220 1922 4274 hoc
1965 4220 2022 4273 in
2078 4219 2194 4272 loco

641 4324 1001 4380 mutationem
1022 4320 1228 4376 indicat
1250 4314 1653 4384 consequentiae
1687 4311 1979 4366 sermonis.
2017 4309 2194 4364 Verba

639 4415 785 4471 enim
817 4428 935 4482 qua:
965 4418 1271 4478 sequuntur
1317 4423 1382 4461 ex
1433 4418 1665 4473 persona
1725 4402 1814 4456 Dei
1869 4400 2193 4470 proferenda

641 4515 789 4567 sunt,
824 4500 1201 4571 respondentis
1244 4496 1315 4550 ad
1343 4494 1700 4562 Prophetam,
1724 4493 1812 4545 cui
1845 4491 1946 4545 soli
1977 4489 2195 4544 auditus

642 4603 721 4648 est
745 4611 760 4646 :
787 4593 896 4661 Ego
935 4601 987 4644 te
1031 4588 1349 4658 prudentem
1405 4585 1619 4647 faciam,
1661 4583 1726 4638 ad
1763 4582 1886 4646 hoc,
1919 4591 1974 4633 ut
2009 4579 2194 4634 ἱιεὶιηί-

2295 3406 2522 3474 χούσης
2545 3426 2638 3475 με.
2684 3409 2817 3462 Ἀπὸ
2845 3410 3044 3480 ταύτης
3073 3412 3155 3472 είς
3188 3410 3248 3462 σὲ
3276 3409 3605 3479 καταφεύγω
3624 3453 3638 3477 ,
3667 3411 3744 3475 ὡς
3777 3415 3860 3476 είς

2296 3497 2651 3567 εὐφροσύνην.

2371 3589 2440 3642 Τὸ
2460 3589 2802 3657 ἀγαλλίαμά
2837 3606 2973 3659 μου,
3013 3589 3317 3657 λύτρωσαί
3339 3608 3415 3659 με
3444 3589 3562 3645 ἀπὸ
3593 3591 3712 3648 τῶν
3745 3574 3859 3644 κύ-

2296 3680 2658 3733 κλωσάντων
2703 3697 2800 3749 με.
2870 3681 3197 3744 Ἐνδιάθετος
3260 3684 3292 3751 ἡ
3350 3683 3722 3752 ὲπιφὼνησις·
3786 3680 3862 3736 Ὦ

2296 3773 2439 3841 χαρά
2479 3789 2598 3842 μου,
2643 3772 2804 3843 ῥῦσαί
2828 3791 2898 3840 με
2929 3772 3037 3827 ἀπὸ
3069 3774 3174 3826 τῶν
3201 3775 3594 3829 κυκλωσάντων
3627 3791 3694 3842 με
3731 3791 3861 3826 πει-

2300 3860 2541 3929 ρασμῶν,
2571 3858 2648 3925 οἷς
2681 3863 3108 3930 ὲναπείλημμαι,
3164 3861 3196 3932 ἢ
3239 3861 3450 3930 exesse
3498 3862 3713 3915 ὸοατῶν
3759 3862 3860 3914 καὶ

2295 3954 2560 4020 ἀοράτων.

2363 4130 2616 4185 Συνετιῶ
2638 4146 2711 4185 σε
2737 4131 2832 4183 καὶ
2863 4129 3124 4198 συμϐιϐὦ
3142 4141 3215 4183 0's
3237 4128 3306 4181 ἐκ
3331 4129 3452 4195 ὁδῳ
3475 4131 3660 4196 ταύτῃ
3686 4124 3727 4199 ᾖ
3750 4147 3862 4181 πο-

2288 4222 2502 4290 ρεύσῃ.
2541 4222 2612 4276 Τὸ
2653 4221 2930 4289 διάψαλμα
2980 4221 3336 4290 προκείμενον
3387 4221 3622 4274 ἐνταῦθα
3681 4237 3862 4289 μετα·

2298 4314 2456 4383 ὕολὴν
2483 4315 2582 4383 τῆς
2621 4312 2938 4374 ἀκολουθὶας
2987 4312 3137 4379 δηλοί
3158 4329 3171 4342 ο
3207 4317 3294 4365 καῖ
3320 4314 3427 4381 γὰρ
3455 4315 3482 4365 ὁ
3516 4312 3638 4379 ἑξῆς
3669 4311 3856 4378 λόγος,

2296 4404 2402 4455 ἀπὺ
2425 4401 2516 4454 τοῦ
2552 4400 2685 4453 Θεοῦ
2734 4401 2970 4468 λέγεται,
3012 4400 3099 4453 διὰ
3127 4404 3306 4470 φωνῆς
3344 4400 3614 4468 ἀκουστῆς
3639 4404 3860 4470 προφή-

2296 4511 2414 4554 ταις
2442 4490 2893 4561 ἀποκρινομένου,
2923 4493 3004 4542 ὄτι
3032 4491 3297 4543 Συνετίσω
3320 4508 3400 4555 σε,
3423 4491 3568 4552 ὅπως
3596 4490 3660 4544 ἂν
3683 4491 3862 4560 ὑπερ-

2297 4586 2554 4654 τερήσῃς,
2589 4585 2677 4635 καὶ
2712 4580 3014 4634 συνοδεύσω
3061 4597 3140 4633 σοι
3169 4581 3268 4653 ήδη
3300 4583 3358 4634 ἐν
3400 4584 3467 4650 τῇ
3512 4581 3860 4651 προκειμένῃ

642 4701 830 4741 eorum
865 4681 1116 4751 superior
1135 4678 1358 4742 evadas,
1387 4683 1440 4732 et
1472 4675 1637 4750 simul
1667 4685 1847 4728 tecum
1886 4671 2097 4725 veniam
2133 4669 2187 4721 in

2300 4645 2382 4729 σοι
2414 4645 2606 4743 πορείᾳ
2629 4671 2721 4726 τοῦ
2743 4671 2976 4740 πολέμου
2995 4688 3009 4703 θ
3033 4645 3341 4742 βιϐιῖίγάρ,
3367 4670 3426 4723 τὸ
3439 4645 3652 4735 :Batirtu.
3677 4645 3862 4724 'A6td:

645 4778 746 4831 hoc
776 4776 988 4835 itinere,
1015 4785 1124 4841 quo
1161 4771 1226 4823 ad
1271 4768 1468 4823 bellum
1502 4763 1826 4835 accingeris.
1873 4760 2018 4815 Βιϐὦ
2045 4759 2194 4814 enim

647 4869 786 4922 idem
809 4876 985 4928 sonat,
1007 4862 1149 4930 quod
1183 4861 1369 4930 βαίνω,
1406 4857 1644 4928 gradior.
1673 4854 1989 4910 lndill‘ereus
2008 4858 2190 4904 autem

597 5016 607 5039 η
645 4957 858 5013 esthoc
888 4969 1102 5025 quoque
1129 4953 1247 5005 loco
1273 4947 1631 5004 constructio.

714 5043 963 5101 Firmabo
1009 5057 1162 5109 super
1189 5051 1238 5094 te
1282 5038 1456 5095 oculos
1493 5051 1657 5092 meos.
1695 5030 1813 5088 Non
1848 5028 2193 5099 simpliciter,

643 5140 841 5209 inquit,
876 5151 976 5205 ego
1013 5143 1064 5188 te
1099 5132 1385 5202 aspiciam,
1419 5127 1513 5184 sed
1557 5132 1871 5181 constanter
1911 5130 2074 5190 atque
2105 5119 2196 5173 in-

643 5208 950 5284 desinenter
978 5233 1030 5279 te
1059 5221 1360 5278 observabo
1388 5237 1403 5274 :
1432 5231 1621 5273 eorum
1652 5216 1825 5269 instar
1847 5212 1943 5281 qui
1973 5212 2032 5265 in
2057 5208 2198 5264 bello

644 5321 872 5389 alicujus
911 5332 1099 5372 curam
1147 5313 1482 5381 suscipiunt,
1535 5318 1588 5364 et
1632 5307 1820 5361 oculos
1859 5304 1914 5358 in
1958 5318 2080 5358 eum
2110 5301 2200 5355 ﬁr-

647 5421 819 5478 mant,
847 5423 902 5465 ut
934 5408 1267 5480 periclitanti
1308 5402 1632 5458 subveniant
1693 5413 1754 5452 ac
1782 5403 1976 5467 praesto
2000 5394 2202 5448 adsint.

645 5505 786 5558 Alibi
829 5517 970 5571 srepe
1011 5493 1454 5564 diximus..quod
1498 5489 1780 5559 Scriptura
1825 5488 1893 5541 ab
1943 5485 2197 5539 humanis

631 5594 945 5661 'aﬂectibus.
968 5601 1060 5644 aut
1080 5588 1316 5641 moribus
1337 5594 1707 5653 szepenumero
1723 5576 1935 5633 divinas
1952 5576 2196 5631 actiones

645 5686 922 5752 describit,
971 5681 1281 5739 auditorum
1327 5671 1683 5733 imbecillitati
1731 5671 2192 5728 condcscendens.

2298 4784 2458 4838 φορος
2484 4764 2846 4820 δὲνκάνταῦθα
2875 4765 2910 4833 ἡ
2949 4763 3219 4827 σύνταξις.

2379 5029 2728 5101 Ἐπιστηριῶ
2757 5030 2852 5085 ἐπὶ
2907 5030 2982 5084 σὲ
3020 5028 3159 5095 τοὺς
3189 5028 3520 5096 ὀρθαλμούς
3543 5044 3683 5094 μου.
3734 5027 3856 5082 υῦκ

2296 5124 2573 5193 ὲπιϐλέψω
2628 5122 2807 5193 μόνον,
2843 5120 2978 5175 ἀλλὰ
3013 5122 3108 5173 xui.
3135 5120 3390 5183 ’ἀκλινῶς,
3437 5119 3592 5188 δίκην
3625 5119 3738 5173 τῶν
3797 5121 3860 5172 ἐν

2299 5217 2554 5287 πολέμοις
2593 5212 2904 5285 κηδομένων
2936 5210 3102 5276 τινὸς,
3143 5211 3235 5264 καὶ
3269 5209 3393 5272 τοὺς
3419 5210 3727 5279 ὀφθαλμοὺς
3760 5211 3856 5262 ἐπ’

2299 5310 2463 5365 αὐτὸν
2498 5305 2912 5378 ἁπερειδόντων,
2963 5303 3051 5357 ἱνα
3083 5301 3440 5357 κινδυνεύοντι
3485 5302 3856 5371 βοηθήσωσιν.

2300 5402 2618 5472 Εἰρήκαμεν
2663 5397 2718 5448 δὲ
2754 5394 3032 5459 πολλάκις,
3063 5393 3144 5446 ὅτι
3199 5393 3307 5447 ἀπὸ
3355 5393 3463 5445 τῶν
3494 5388 3860 5460 ἀνθρωπίνων

2302 5491 2591 5545 διαθέσεων
2644 5489 2677 5554 ἡ
2728 5484 2917 5553 Γραφὴ
2955 5475 3281 5552 σχηματίζει
3311 5478 3381 5534 τὰ
3406 5480 3545 5546 θεῖα,
3577 5494 3858 5545 συγκαταο

2304 5583 2561 5637 ϐαίνουσα
2580 5580 2646 5650 τῇ
2679 5575 2928 5646 ἀσθενείᾳ
2957 5576 3065 5630 τῶν
3091 5575 3472 5644 ἀκρςωμένων.
