4108 6330
255 457 368 520 373

1406 452 1799 515 COMMENT.
1838 451 1920 512 ΙΝ
1943 451 2302 512 PSAIMOS.

3386 450 3494 516 374

258 573 598 629 ἀναδίδονται
640 570 835 641 πηγαὶ,
889 569 985 624 καὶ
1017 569 1202 640 ῥέουσι
1235 568 1491 638 ποταμοί.
1521 569 1591 620 Ἦ
1619 566 1823 635 θησαυ-

1943 565 2190 633 possibile
2221 566 2290 620 sit
2317 571 2375 618 ut
2416 563 2468 619 in
2505 563 2634 618 illud
2667 563 2996 634 profundum
3023 565 3142 635 quis
3173 565 3492 621 descendat.

265 669 377 736 ροὶ,
427 668 455 719 ὁ
498 649 684 730 smier
735 663 829 717 τοῦ
883 661 1270 731 στερεώματος
1313 659 1498 722 τόπος,
1539 652 1715 726 ὲφόὒ
1755 653 1825 708 τὰ

259 762 440 830 ἡμίση
476 759 586 814 τῶν
620 759 828 812 ὑδάτων
869 758 1150 827 καταρχὰς
1181 757 1209 810 ὁ
1234 752 1365 819 Θεδς
1395 754 1549 808 ἔθετο
1569 770 1582 784 ·
1616 753 1826 822 θησαυ-

265 853 356 922 ροὶ
395 850 474 915 δὲ,
512 851 600 904 διὰ
647 851 710 904 τὸ
759 849 1002 920 δαψιλὲς,
1029 850 1125 902 καὶ
1151 849 1215 902 τὸ
1244 846 1653 918 κεκρυμμένον,
1685 842 1829 896 κατὰ

260 944 458 1014 χρείαν
489 944 839 1012 ἀνοιγόμενον
889 943 982 997 καὶ
1016 941 1358 1010 κλειόμενονο
1389 939 1561 994 ταῦτα
1581 939 1693 1008 ,γὰρ
1725 939 1831 991 ἴδια

265 1033 570 1104 θησαυροῦ.
610 1031 754 1100 Ἐγὼ
786 1033 844 1088 δὲ
876 1033 939 1085 τὸ
976 1034 1141 1103 ῥητὸν
1197 1033 1296 1085 καὶ
1344 1033 1458 1091 τοῖς
1516 1027 1836 1090 ἀποστέλοις

262 1125 656 1195 προσαρμόζω,
696 1126 746 1178 οἶ
798 1123 1061 1193 θησαυροὶ
1095 1125 1186 1177 καὶ
1237 1122 1476 1191 φύλακες
1503 1119 1612 1172 τῶν
1663 1116 1834 1171 ἀϐύσ-

261 1232 400 1276 σων,
431 1217 548 1285 ἦτοι
585 1217 692 1269 τῶν
727 1215 1044 1284 βαθυτάτων
1078 1215 1395 1284 μυστηρίων
1439 1214 1540 1282 τῆς
1592 1211 1832 1271 πίστεως

263 1308 543 1376 ἐγένοντο.

1931 655 2265 726 Abyssorum
2315 662 2494 711 autem
2547 655 2790 711 thesauri
2835 665 2963 712 sunt
3018 658 3174 713 sinus
3218 666 3420 722 teme.
3465 674 3497 713 e

1932 747 2132 816 quibus
2165 747 2344 802 fontes
2399 748 2724 817 proveniunt
2760 757 2814 802 et
2844 746 3087 803 ﬂumina.
3115 747 3211 803 Vel
3256 762 3350 818 per
3381 749 3496 804 tlie-
3525 782 3528 784 η

1937 853 2131 895 sauros
2195 841 2371 894 locum
2431 840 2677 910 intellige
2721 856 2886 910 supra
2928 841 3326 895 ﬁrmamentum
3355 883 3371 907 ,
3412 840 3504 894 ubi

1929 930 2081 1009 .Deus
2104 945 2134 984 a
2164 931 2431 1002 principio
2458 923 2722 1002 aquarum
2774 932 3059 987 dimidium
3114 933 3294 1001 posuit
3321 951 3334 987 :
3387 931 3506 984 tlte-

1937 1035 2134 1076 sauros
2160 1030 2338 1076 autem
2369 1037 2491 1076 eum
2523 1022 2703 1076 lucum
2725 1023 3130 1092 appellavit,ch
3155 1031 3371 1090 propter
3393 1024 3507 1076 loei

1926 1112 2370 1180 amplitudinem,
2413 1113 2494 1167 vel
2524 1114 2651 1184 quia
2687 1115 2816 1168 latet
2876 1115 3201 1169 ctoccultus
3236 1123 3340 1180 est,
3366 1123 3510 1168 taut-

1932 1203 2033 1257 etsi
2074 1192 2381 1273 opportuno
2411 1214 2652 1274 tempore
2693 1207 2970 1274 aperiatur
3001 1205 3165 1259 etiam
3210 1205 3257 1273 τις
3282 1206 3388 1260 Deo
3412 1245 3427 1265 .
3460 1217 3512 1260 et

1930 1294 2240 1350 claudatur.
2280 1294 2601 1366 Huiusmodi
2637 1299 2779 1352 enim
2809 1306 2938 1351 sunt
2968 1297 3208 1352 thesauri
3259 1298 3507 1368 proprie-
3594 1345 3596 1348 ,

259 1409 426 1452 tates.
462 1397 575 1467 Ego
636 1413 762 1450 vero
808 1397 952 1450 hunc
991 1396 1322 1451 versiculum
1372 1402 1505 1464 puto
1555 1388 1820 1463 apostolis
1859 1397 2186 1451 congruere.
2223 1385 2316 1464 qui
2348 1387 2591 1441 thesauri
2627 1385 2870 1451 fuerunt,
2943 1385 3200 1442 custodes
3260 1386 3513 1439 nimirum

254 1497 320 1545 et
359 1498 769 1544 conservatores
801 1489 1146 1558 abyssorum,
1182 1487 1285 1540 hoc
1312 1495 1419 1546 est,
1455 1479 2014 1555 profundissimorum
2047 1475 2195 1529 ﬁdei.

339 1579 646 1645 Φοϐήθητε
673 1577 780 1630 τὸν
818 1579 1058 1645 Κύριον,
1091 1574 1261 1630 πᾶσα
1287 1577 1325 1643 ἠ
1355 1573 1450 1644 γῆ.
1496 1575 1605 1644 Γῆν
1633 1572 1832 1626 πολλά-

266 1686 363 1732 κις
395 1669 551 1727 καὶεί
579 1669 704 1732 τοὺς
730 1669 1075 1740 ἀνθρώπους,
1099 1668 1174 1732 ὡς
1203 1669 1298 1721 καὶ
1327 1665 1446 1730 νῦν,
1471 1667 1505 1736 ἢ
1527 1665 1617 1719 διὰ
1642 1664 1702 1716 τὸ
1727 1661 1835 1731 ἀπὸ

263 1759 375 1827 γῆς
410 1759 743 1826 πεπλάσθαι,
771 1760 803 1830 ἢ
831 1760 918 1813 διὰ
950 1761 1010 1812 τὸ
1033 1760 1124 1812 ἐπὶ
1156 1761 1259 1828 γῆς
1279 1760 1468 1811 οἰκεῖν.
1498 1754 1836 1825 Παραόείξας

263 1850 381 1920 γὰρ
407 1851 517 1903 ἀπὸ
540 1850 642 1918 τῆς
673 1850 1073 1920 μεγαλουργίας
1101 1849 1208 1902 τῶν
1245 1848 1557 1918 κτισμάτων
1599 1846 1697 1915 τὴν
1742 1844 1836 1898 τοῦ

2011 1563 2177 1620 Vsus.
2201 1565 2263 1634 β.
2296 1564 2496 1620 Timete
2525 1566 2826 1630 Dominum,
2862 1568 3031 1621 omnis
3076 1577 3237 1621 terra.
3293 1565 3516 1628 Terram

1941 1672 2337 1725 smpenumero,
2380 1667 2439 1712 ut
2473 1673 2638 1723 nunc,
2675 1658 2926 1713 homines
2971 1671 3149 1723 vocat,
3191 1660 3278 1712 vel
3307 1658 3430 1728 quia
3453 1659 3520 1712 de

1943 1759 2087 1802 terra
2114 1748 2368 1819 plasmati
2400 1758 2563 1814 sunt,
2597 1750 2715 1814 vel,
2768 1751 2894 1818 quia
2946 1749 3191 1803 habitant
3244 1749 3298 1802 in
3351 1756 3517 1802 terra.

1943 1838 2080 1894 Nam
2111 1853 2237 1893 cum
2301 1854 2329 1892 a
2377 1849 2754 1894 creaturarum
2809 1839 3212 1906 magniﬁcentia
3246 1839 3520 1894 Creatoris

263 1941 561 2005 κτίσαντος
589 1941 839 2010 δύναμιν,
878 1941 1067 1994 τοῦτον
1117 1939 1421 2010 φοϐηθῆναι
1453 1939 1548 1993 καὶ
1588 1937 1839 1991 σέϐεσθαι

1951 1925 2250 1998 potentiam
2288 1929 2611 1994 ostenderit,
2641 1929 2784 1997 quod
2815 1930 3085 1997 reliquum
3121 1938 3225 1990 cst,
3263 1928 3521 1982 admouet

231 2087 240 2092 ι
266 2031 666 2101 προτρέπεται,
693 2031 768 2093 ὡς
806 2031 966 2100 μόνον
997 2029 1150 2085 Θιόν.
1186 2030 1255 2082 Ἦ
1279 2029 1386 2098 γῆν
1423 2028 1572 2095 λέγει
1593 2028 1686 2080 νῦν
1717 2027 1841 2088 τοὺς

270 2122 530 2189 μόνοντὰ
567 2121 743 2190 γεώδη
778 2119 1140 2191 φρονοῦντας
1179 2122 1296 2174 ἐστι
1329 2121 1440 2191 γὰρ
1476 2121 1567 2172 καὶ
1616 2117 1842 2186 τοιαύτη

271 2212 530 2279 σημασία
579 2211 849 2281 πολλαχοῦ
898 2213 996 2282 τῆς
1023 2211 1268 2281 Γραφῆςο
1304 2210 1399 2273 οὓς
1430 2209 1641 2262 κελεύει
1673 2207 1844 2277 φοϐη-

271 2301 441 2370 θῆναι
472 2303 562 2355 τὸν
591 2301 744 2368 Θεὸν,
773 2303 866 2354 καὶ
900 2301 1133 2371 φυλάξαι
1166 2301 1266 2365 τὰς
1293 2300 1515 2362 ἐντολὰς
1555 2297 1744 2353 αὐτοῦ.

360 2475 489 2531 Ἀπ’
525 2476 714 2531 αὐτοῦ
757 2475 828 2530 δὲ
853 2477 1332 2546 σαλευθήτωσαν
1373 2477 1592 2544 πάντες
1623 2479 1676 2532 οἱ
1705 2494 1845 2530 κατ-

266 2566 587 2634 οικοῦντες
635 2565 753 2634 τὴν
800 2567 1188 2636 οίκουμένην.
1239 2568 1374 2622 Ἀπὸ
1426 2568 1482 2620 δὲ
1529 2569 1625 2621 τοῦ
1675 2569 1843 2638 φόϐου

269 2655 448 2710 αὐτοῦ
492 2656 927 2728 ’τρομαξάτωσαν
957 2660 1006 2712 οί
1055 2657 1358 2727 ἄνθρωποι,
1392 2657 1476 2710 δτι
1528 2657 1705 2726 μέγας
1751 2658 1846 2710 καὶ

271 2745 514 2815 φοϐερός
560 2749 731 2800 ἐστιν.
776 2747 837 2800 '0
873 2747 932 2800 δι
989 2746 1166 2816 μέγας
1206 2744 1487 2807 Βασίλειος
1519 2746 1691 2809 ἄλλως
1729 2746 1845 2799 ἰδέ-

269 2834 409 2898 ξατο
440 2837 501 2888 τδ
534 2836 724 2904 ῥητόν·
759 2837 819 2889 τὸ
851 2836 951 2905 μὲν
1001 2836 1112 2907 γὰρ
1167 2837 1270 2890 ἀπ’
1295 2835 1512 2900 αὑτοῦ,
1557 2836 1633 2900 ὡς
1684 2837 1845 2899 αὐτὸς

269 2925 560 2994 βούλεταιο
591 2925 651 2979 τὸ
672 2927 728 2979 δὲ
757 2926 1258 2992 σαλευθιὶτωσαν,
1286 2929 1407 2980 ἀντὶ
1437 2925 1846 2992 minuamimm-

270 3032 403 3070 σαν.
462 3011 608 3070 Οἶον·
645 3017 831 3071 Ἔστω
878 3017 1090 3079 τούτοις
1124 3019 1219 3072 καὶ
1251 3018 1320 3071 τὰ
1349 3018 1635 3086 σωματικὰ
1661 3019 1756 3072 καὶ
1779 3020 1846 3073 τὰ

270 3106 484 3176 ψυχικὰ
519 3109 792 3177 κινήματα
843 3110 983 3163 κατὰ
1015 3109 1294 3172 Θεὸν,τοῦ
1344 3110 1488 3162 θείου
1536 3111 1700 3178 φόϐου
1730 3111 1847 3180 ὲχόο

275 3214 441 3265 μενα.
490 3197 629 3266 Ἐγὼ
651 3199 824 3252 δὲκαὶ
854 3201 933 3264 είς
966 3200 1128 3253 αὐτὸν
1161 3199 1446 3272 [Χριστὸν]
1469 3200 1761 3270 ἐκδέχομαι
1788 3201 1847 3251 τὸ

1945 2015 2248 2075 timendum
2277 2036 2399 2076 eum
2435 2036 2558 2076 esse
2618 2031 2670 2075 et
2707 2021 3074 2075 venerandum
3104 2059 3119 2083 ,
3155 2007 3310 2088 quasi
3346 2021 3517 2086 solum

1944 2111 2134 2167 Deum.
2171 2111 2261 2166 Vel
2289 2127 2386 2181 per
2414 2121 2640 2177 terram,
2684 2126 2832 2165 nilne
2859 2127 2952 2163 eos
2988 2109 3142 2174 dicit,
3173 2110 3265 2179 qui
3304 2118 3519 2162 terrena

1946 2211 2160 2257 tantum
2196 2203 2462 2272 cogitant,
2499 2217 2638 2271 quos
2667 2201 2819 2270 jubet
2849 2211 2906 2254 ut
2941 2203 3170 2256 timeant
3206 2202 3370 2254 Demn
3402 2217 3518 2254 Ser-

1945 2303 2182 2363 ventque
2213 2294 2332 2363 ejus
2364 2293 2638 2347 mandata.
2666 2295 2768 2348 Ista
2800 2289 2942 2348 enim
2973 2292 3379 2361 signifieari'per
3412 2300 3520 2346 ter-

1946 2401 2061 2440 ram
2094 2400 2240 2452 saepe
2267 2385 2408 2451 apud
2443 2384 2782 2452 Scripturam
2814 2384 3149 2438 invenimus.

2017 2474 2176 2530 Abeo
2205 2485 2380 2528 autem
2407 2482 2826 2528 commoveantur
2873 2487 3049 2527 omnes
3094 2475 3392 2528 habitantes
3433 2491 3517 2528 or-

1948 2566 2082 2620 bem.
2133 2566 2468 2622 Praetimore
2515 2567 2657 2636 ejus,
2693 2566 2907 2634 inquit,
2963 2575 3197 2620 tremant
3239 2567 3507 2630 homines,
3543 2603 3550 2609 -

1946 2658 2204 2727 quoniam
2236 2672 2467 2726 magnus
2499 2665 2583 2711 est
2617 2665 2671 2712 et
2719 2658 3002 2712 terribilis.
3052 2656 3279 2726 Magnus
3332 2669 3515 2711 autem

1950 2749 2184 2805 Basilius
2213 2750 2545 2804 versiculum
2583 2750 2726 2802 hunc
2752 2750 2915 2802 aliter
2955 2749 3240 2804 intellexit.
3263 2749 3520 2804 Habitan-

1947 2849 2028 2896 tes
2055 2840 2265 2904 orbem,
2298 2838 2492 2909 inquit.
2522 2848 2969 2893 commoveantur
2999 2839 3068 2892 ab
3099 2855 3165 2893 co
3195 2880 3211 2904 ,
3266 2839 3365 2895 hoc
3412 2851 3517 2897 est.

1946 2940 2302 2993 moveantur,
2352 2930 2816 2999 quemadmodum
2849 2929 2967 2997 ipse
2999 2929 3139 2984 Deus
3171 2931 3314 2996 vult;
3355 2940 3411 2983 ut
3451 2932 3520 2984 sit

1946 3033 2164 3080 sensus,
2184 3021 2504 3088 Prophetam
2529 3022 2764 3088 precari.
2787 3030 2842 3073 ut
2866 3021 3122 3074 omnibus
3139 3019 3514 3074 habitantibus

1927 3110 2156 3174 orbem,
2185 3109 2435 3178 corporis
2457 3119 2619 3178 atque
2644 3110 2836 3162 anima:
2855 3119 3052 3170 motus,
3074 3109 3182 3162 sint
3208 3111 3516 3163 secundum

1951 3199 2139 3264 Deum,
2170 3209 2222 3254 et
2245 3217 2274 3254 a
2306 3201 2493 3255 divino
2525 3202 2720 3253 timore
2750 3200 3077 3267 dirigantur.
3109 3198 3217 3268 Ego
3240 3214 3365 3252 vero
3392 3210 3520 3267 puto

275 3288 476 3358 ῥητόν·
498 3289 605 3342 ἀπὸ
629 3291 737 3361 γὰρ
766 3290 876 3344 τῶν
913 3290 1085 3358 λόγων
1141 3293 1236 3344 καὶ
1284 3291 1462 3360 ἔργων
1511 3292 1677 3344 αὑτοῦ
1710 3293 1842 3343 sosi-

1955 3292 2058 3345 hoc
2091 3291 2157 3344 dc
2191 3289 2412 3345 Clu-isto
2439 3290 2644 3345 dictum
2678 3306 2800 3344 esse
2825 3330 2840 3355 ,
2896 3304 2922 3342 a
2968 3290 3126 3359 cujus
3181 3290 3435 3357 operibus
3469 3302 3521 3343 et

274 3377 491 3446 σθησαν
514 3379 750 3441 πάντεςο
785 3380 835 3433 οἱ
869 3377 990 3450 μὲν,
1019 3379 1346 3449 μεταθέντες
1383 3382 1460 3443 εἰς
1501 3382 1603 3452 τὴν
1629 3382 1841 3439 πίστινο

269 3470 332 3522 οἱ
356 3469 438 3533 δὲ,
464 3471 849 3540 ταραχθέντες.

353 3559 484 3613 ὀτι
525 3563 708 3626 αὐτὸς
739 3559 887 3629 εἶπε,
937 3563 1034 3618 καί
1091 3562 1491 3629 ἐγενήθησαν.
1532 3563 1640 3617 Τοῦ
1675 3564 1843 3632 φόίου

266 3645 340 3716 εδ
364 3643 588 3713 εὔλογον
617 3648 949 3718 παρίστησιν
999 3650 1027 3700 ὁ
1067 3647 1222 3715 λόγος
1243 3664 1256 3678 ·
1286 3647 1459 3712 Αὐτὸς
1490 3650 1618 3720 γὰρ,
1654 3653 1841 3722 φησὶν,

276 3738 312 3790 ὁ
336 3734 542 3789 τούτων
572 3736 937 3805 δημιουργός·
987 3733 1142 3791 εἶπεν
1172 3737 1282 3805 γάρ
1302 3751 1316 3767 ⁸
1369 3739 1665 3812 Γενηθήτω
1694 3741 1840 3806 τόδε,

274 3827 376 3881 καὶ
403 3827 592 3894 γέγονε
615 3828 952 3897 παραυτίκα.

345 3915 534 3981 Αὐτὸς
562 3915 923 3980 ἐνετείλατο,
957 3917 1055 3971 καὶ
1083 3917 1476 3986 ἐκτίσθησαν.
1513 3921 1606 3974 Ἐκ
1640 3923 1844 3990 παραλ-

272 4005 448 4073 λήλου
476 4006 538 4058 τὸ
559 4007 724 4062 αὐτό·
748 4008 781 4079 ἢ
809 4008 891 4073 τδ,
912 3995 1273 4076 ἐπετείλατο,
1308 4014 1699 4084 σαφηνιστικόν
1726 4017 1841 4069 ἐστι

272 4095 402 4160 τοῦ,
431 4092 618 4152 cher.
655 4100 732 4153 Ού
757 4101 865 4170 γὰρ
893 4101 1080 4165 ἁπλῶς
1109 4098 1282 4168 εἶπεν,
1314 4104 1452 4157 ἀλλὰ
1489 4107 1840 4174 προσέταξεν,

274 4188 358 4252 ὡς
385 4187 824 4261 παντοδύναμοςο
855 4192 889 4261 ἢ
943 4193 1004 4246 τὸ
1058 4194 1188 4263 μὲν,
1237 4189 1387 4249 Εἷπε
1423 4195 1522 4249 καί
1559 4197 1842 4266 ἐγενήθη-

273 4296 427 4346 σαν,
450 4281 680 4334 τακτέον
703 4282 798 4335 ἐπὶ
819 4282 917 4350 τῆς
943 4282 1131 4346 ἁπλῶς
1164 4283 1529 4354 δημιουργίας
1583 4285 1693 4342 τῶν
1747 4290 1843 4342 ἁν-

275 4369 547 4438 θρὼπωνο
571 4371 631 4424 sb
659 4370 715 4424 δὲ
733 4411 748 4434 ,
793 4371 1165 4427 Ἐνετείαιατο
1199 4375 1296 4428 καί
1324 4375 1716 4445 ἐκτίσθησαν,
1748 4381 1843 4432 ἐπὶ

275 4459 382 4526 τῆς
407 4459 497 4514 διὰ
543 4461 638 4514 τοῦ
667 4461 1024 4532 κηρύγματος
1055 4463 1467 4534 ἁναγεννήσεως
1491 4483 1507 4498 ’
1540 4467 1844 4524 ἐνετείλατο

278 4551 395 4621 γὰρ
421 4554 534 4615 τοῖς
563 4553 904 4618 ἀποστόλοις,
954 4555 1038 4609 ὅτι
1092 4549 1512 4624 Πορευθέντες,
1543 4562 1840 4627 μαθητεύ-

279 4617 436 4698 σατε
483 4643 682 4700 πάντα
718 4644 792 4700 τὰ
842 4617 1010 4712 ἔθνη,
1045 4647 1143 4700 καὶ
1173 4617 1246 4698 τὰ
1289 4645 1446 4718 ἑξῆς·
1470 4617 1600 4702 ⁷ἐπεὶ
1657 4617 1752 4703 καὶ
1793 4651 1848 4704 oi.
1877 4617 1919 4669 θ

282 4733 491 4799 suo-toi,
520 4733 683 4804 καινὴ
719 4731 895 4797 κτίσις
929 4733 1277 4802 ὀνομάζεται.

354 5000 569 5068 Κύριος
595 4997 964 5058 διωκεδάζει
1002 4997 1240 5062 ,βουλὰς
1272 4996 1497 5052 ἐθνῶν·
1529 5001 1728 5054 ἀθετεῖ
1777 5001 1846 5056 δὲ

283 5085 618 5160 λογισμοὺς
644 5086 831 5152 λαῶν,
863 5087 962 5141 καὶ
987 5086 1189 5143 ἀθετεῖ
1227 5087 1464 5152 ,ϐουλὰς
1514 5089 1842 5157 ἀρχόντων.

286 5178 571 5248 Διαφόρως
603 5180 698 5231 καὶ
729 5176 900 5231 ταῦτα
916 5178 1156 5244 νοητέον,
1188 5175 1280 5228 ὲπί
1314 5193 1374 5230 τε
1405 5177 1516 5230 τῶν
1548 5195 1845 5248 περικεκα-

288 5272 522 5325 θικότων
569 5271 670 5340 τὴν
726 5269 1075 5340 Ἰερουσαλὴμ
1133 5269 1456 5336 Ἀσσυρίων,
1501 5271 1594 5324 ἐπί
1643 5289 1705 5325 τε
1734 5274 1844 5327 τῶν

291 5362 719 5431 ἑσταυρωκότων
747 5360 839 5414 τὸν
880 5358 1107 5430 Κύριον,
1141 5361 1234 5413 καὶ
1262 5360 1357 5413 ἐπὶ
1380 5359 1486 5411 τῶν
1516 5363 1840 5430 τυραννούν-

286 5452 570 5514 τωντοῦς
607 5450 935 5513 ἀποστόλους
981 5450 1076 5504 καὶ
1112 5449 1430 5520 μάρτυρας·
1471 5450 1562 5502 καὶ
1601 5451 1693 5504 ἐπὶ
1742 5452 1843 5521 μὲν

285 5544 400 5597 τῶν
429 5543 748 5622 Ἀσσυρίων,
775 5542 902 5615 ἔθνη
922 5543 1071 5612 λέγει
1107 5542 1350 5605 τούτους,
1379 5543 1455 5606 ὡς
1483 5542 1547 5596 ἐκ
1571 5536 1841 5617 διαφόρων

288 5633 461 5691 ἐθνῶν
525 5635 1036 5706 συστρατεύσαντας
1087 5633 1230 5690 κατὰ
1283 5633 1384 5704 τῆς
1441 5633 1839 5708 Ἰερουσαλήμ·

354 5815 399 5850 ⁸⁸
429 5815 618 5874 Matth.
651 5833 846 5888 xmu,
879 5816 973 5872 l9.
1045 5814 1090 5849 '°
1112 5812 1153 5868 ll
1180 5816 1301 5874 Cor.
1329 5836 1385 5888 γ,
1427 5818 1521 5876 17.
1579 5859 1586 5872 .

1953 3383 2133 3438 verbis
2157 3398 2351 3438 omnes
2391 3381 2649 3436 commoti
2685 3388 2850 3442 sunt,
2885 3379 2975 3432 alii
3012 3379 3228 3445 quidem
3253 3380 3317 3431 ad
3362 3379 3517 3432 tidem

1953 3475 2170 3535 mutati,
2210 3472 2301 3526 alii
2343 3487 2468 3525 vero
2503 3482 2708 3526 terrore
2738 3485 2799 3523 ac
2838 3469 3247 3536 perturbatione
3285 3469 3488 3524 allecti.

2025 3564 2205 3620 Vsus:
2253 3564 2308 3620 9.
2373 3563 2638 3630 Quoniam
2708 3563 2816 3628 ipse
2846 3561 3003 3621 dixit,
3069 3571 3114 3612 et
3174 3561 3318 3629 facta
3375 3571 3516 3614 sunt.

1951 3651 2207 3706 Traditur
2236 3653 2489 3719 liiejusta
2521 3651 2738 3705 timoris
2778 3664 2962 3703 causa.
3027 3648 3143 3716 Ipse
3177 3649 3321 3700 enim
3361 3690 3376 3712 ,
3429 3649 3515 3699 in-

1949 3743 2091 3811 quit,
2116 3743 2357 3797 omnium
2378 3741 2600 3796 Creator
2625 3750 2726 3795 est.
2763 3741 2904 3793 Dixit
2935 3739 3077 3794 enim
3101 3757 3114 3793 :
3138 3736 3256 3792 Fiat
3277 3739 3396 3799 hoc,
3426 3728 3518 3792 aut

1952 3834 2106 3899 illud,
2134 3842 2188 3887 et
2224 3832 2424 3887 factum
2457 3843 2541 3888 est
2576 3831 2792 3887 statim.

2024 3923 2147 3992 Ipse
2170 3925 2439 3979 mandavit
2458 3930 2509 3977 et
2537 3933 2718 3977 creata
2749 3932 2891 3976 sunt.
2927 3923 3074 3976 Idem
3111 3919 3222 3976 fere
3274 3923 3377 3977 sibi
3415 3937 3513 3974 vn-

1951 4016 2070 4070 lunt
2099 4017 2212 4084 haec
2241 4015 2425 4079 verba,
2463 4013 2607 4083 quod
2646 4014 2894 4082 proxime
2926 4013 3228 4082 superiora.
3259 4012 3351 4068 Vel
3387 4029 3514 4064 ver.

1949 4103 2403 4169 bum,mandaoit,
2416 4103 2723 4173 appositum
2736 4101 2896 4156 estad
2909 4101 3325 4156 declarationem
3343 4103 3515 4166 verbi,

1949 4197 2107 4259 dixit,
2134 4209 2310 4263 neque
2327 4195 2472 4248 enim
2500 4193 2821 4262 simpliciter
2843 4192 3001 4256 dixit,
3025 4190 3120 4247 sed
3143 4189 3302 4258 jussit
3327 4192 3512 4252 etiam.

1949 4287 2106 4357 quasi
2137 4287 2505 4354 multipotens.
2543 4283 2663 4346 Vel,
2701 4283 2847 4353 quod
2896 4283 2972 4336 ait
3011 4299 3026 4336 :
3076 4281 3243 4344 Dixit,
3273 4290 3323 4335 et
3371 4282 3516 4349 facta
3549 4334 3552 4336 ν

1949 4388 2071 4430 sunt
2099 4417 2113 4437 .
2141 4377 2205 4429 ad
2239 4377 2408 4445 ipsam
2443 4375 2819 4429 tantunnnodo
2842 4373 3123 4441 hominum
3183 4373 3510 4426 creationem

1951 4465 2290 4522 referendum
2319 4473 2424 4521 est.
2469 4463 2625 4530 Quod
2681 4477 2810 4517 vero
2844 4461 3060 4517 subdit:
3107 4460 3379 4516 Mandaoit
3411 4504 3426 4526 ,
3458 4472 3506 4515 et

1949 4568 2131 4612 creata
2159 4567 2303 4620 sunt,
2333 4558 2400 4612 ad
2437 4556 2900 4626 regenerationem
2937 4555 3194 4614 refertur,
3249 4567 3366 4618 quae
3419 4567 3512 4619 per

1951 4647 2232 4716 Evangelii
2282 4646 2720 4716 prmdicationem
2759 4645 2895 4698 facta
2925 4652 3028 4698 est.
3070 4642 3338 4696 Maudavit
3368 4644 3510 4694 enim

1915 4724 2215 4807 'apbstolis
2267 4745 2325 4791 ut
2381 4738 2524 4791 irent
2569 4745 2621 4791 et
2671 4734 2929 4789 docerent
2967 4747 3157 4787 omnes
3217 4741 3403 4799 gentes
3441 4731 3507 4783 δι’.

1950 4825 2084 4884 Nam
2125 4837 2180 4882 et
2205 4827 2309 4898 ipsi
2344 4827 2530 4882 ﬁdeles
2579 4842 2714 4880 nova
2771 4825 2865 4880 Dei
2918 4833 3166 4901 creatura
3215 4823 3262 4856 ⁸⁸
3320 4824 3504 4892 appet.

1954 4919 2158 4973 lantur.
3431 4910 3441 4918 '

2017 5007 2181 5063 Vsus.
2223 5008 2306 5063 ιο.
2339 5007 2596 5062 Dominus
2623 5007 2846 5075 dissipat
2882 5005 3110 5059 consilia
3133 5003 3396 5074 gentium;
3422 5019 3506 5055 rc-

1943 5102 2128 5167 probat
2168 5111 2346 5155 autem
2378 5101 2718 5170 cogitationes
2771 5098 3105 5168 populorum,
3151 5107 3201 5150 et
3263 5093 3504 5164 reprobat

1943 5192 2166 5246 consilia
2205 5191 2524 5258 principum.
2576 5188 2772 5245 Varios
2820 5198 3016 5244 senSns
3069 5187 3342 5256 recipiunt
3391 5187 3504 5238 haec

1945 5282 2128 5352 verba.
2159 5283 2396 5338 Possunt
2423 5281 2568 5335 enim
2601 5283 2668 5335 de
2692 5281 2931 5352 Assyriis
2969 5278 3194 5348 intelligi
3221 5315 3238 5340 ,
3283 5276 3377 5345 qui
3406 5276 3504 5330 ob-

1945 5374 2205 5428 sederunt
2231 5372 2567 5436 Jerusalem;
2597 5378 2652 5424 et
2679 5371 2744 5425 de
2761 5369 2963 5424 Christi
2982 5367 3422 5429 cruciﬁxoribus,
3447 5375 3503 5419 et

1947 5465 2014 5521 de
2044 5463 2111 5520 iis
2141 5465 2234 5535 qui
2270 5463 2542 5535 apostolos
2599 5476 2665 5515 ac
2691 5469 2959 5532 martyres
3017 5461 3067 5514 vi
3099 5467 3263 5529 atque
3315 5468 3500 5528 tyran-

1951 5553 2076 5609 nide
2097 5557 2486 5623 oppresserunt
2516 5567 2532 5615 ;
2560 5556 2638 5614 et,
2668 5549 2714 5605 si
2745 5550 2961 5619 quidem
3007 5548 3077 5605 de
3126 5547 3366 5618 Assyriis
3418 5547 3503 5599 in.-

1948 5643 2182 5715 telligas,
2207 5642 2298 5700 die
2319 5641 2462 5714 quod
2489 5649 2675 5712 gentes
2698 5638 2822 5696 ideo
2847 5655 2944 5698 eos
2956 5641 3191 5717 appellat
3209 5639 3494 5712 Propheta,
