4108 6330
693 343 796 407 331

1872 293 2249 393 EUTHYMIII
2293 329 2650 390 ZlGABENI

3807 330 3914 392 338

694 461 969 530 legimus:
1010 455 1130 510 Dies
1174 467 1429 507 annorum
1464 465 1696 504 nieorum
1726 449 1878 516 pauci
1939 458 1988 502 et
2019 447 2148 500 mali
2171 447 2215 478 "
2244 463 2260 511 ;

2365 445 2484 498 τῶν
2513 444 2662 498 ἐτῶν
2681 463 2798 514 μου
2821 446 3025 514 μικραὶ
3054 448 3150 499 καὶ
3216 447 3469 512 πονηραί
3490 462 3502 475 ·
3561 447 3650 498 καὶ
3685 447 3714 498 ό
3742 447 3917 515 μέγας

696 559 752 604 et
788 560 1041 614 magnum
1073 543 1294 596 Paulum
1326 558 1339 593 :
1381 539 1713 592 Redimentes
1751 547 1969 604 tempus,
2002 538 2250 604 quoniam

698 637 810 690 dies
845 635 970 687 mali
1000 645 1119 686 sunt
1155 633 1221 685 ⁸³.
1253 629 1455 684 Sed'de
1482 628 1648 682 futuri
1702 627 1888 682 smeuli
1950 628 2141 682 diebus
2169 628 2254 679 lo-

700 729 906 797 quitur.
940 723 1070 779 Illud
1111 724 1256 778 enim
1283 732 1365 774 est
1394 719 1676 781 saxulum,
1721 718 1866 786 quod
1938 719 2112 771 bonos
2165 718 2256 770 ha-

708 825 796 870 bet
825 817 963 878 dies,
992 815 1062 869 ob
1093 829 1278 866 venint
1305 812 1433 864 illud
1489 819 1652 880 atque
1679 806 1947 862 int-ﬂabile
1974 807 2253 875 gaudium.

703 909 828 964 Dies
895 917 1076 961 autem
1128 907 1248 958 ideo
1298 903 1457 965 dixit,
1512 905 1640 972 quia
1693 901 1803 954 illic
1858 909 2116 968 perpetua
2174 907 2256 952 est

703 1003 938 1139 huius.
966 1085 1048 1137 ll.
1077 1080 1268 1145 Cohibe
1311 1081 1548 1148 linguam
1599 1087 1746 1130 tuam
1808 1093 1839 1129 α
1885 1076 2046 1128 malo.
2103 1073 2256 1129 Nunc

704 1187 864 1239 opera
891 1169 1133 1237 Sllbjit’il,
1171 1181 1291 1236 qua
1320 1165 1534 1219 eﬂicere
1563 1166 1705 1219 solet
1755 1164 1846 1217 Dei
1909 1165 2094 1217 timor.
2161 1161 2256 1216 Ti-

2361 538 2569 600 Παῦλος
2603 554 2615 568 ·
2655 537 3167 607 Ἐξαγοραζὸμενοι
3196 539 3300 591 τὸν
3341 539 3548 606 καιρὸν
3565 538 3654 591 ὅτι
3676 541 3736 591 al
3766 539 3916 608 ἠμέ-

2349 646 2449 693 ραι
2475 628 2736 694 πονηραί
2761 631 2938 682 εἰσιν.
2993 629 3232 698 Ἡμέρας
3263 629 3320 681 δὲ
3349 629 3477 684 tam
3526 630 3758 698 ἀγαθὰς,
3783 633 3914 702 περὶ

2357 719 2447 770 τοῦ
2480 719 2766 786 μέλλοντός
2802 737 2966 788 φησιν
3000 719 3217 782 αἰῶνος.
3246 715 3414 783 Οὗτος
3440 721 3546 789 γὰρ
3575 721 3784 789 ἀγαθὰς
3811 721 3916 790 μὲν

2357 807 2491 872 ἔχει,
2530 805 2619 858 διὰ
2645 806 2746 874 τὴν
2775 806 3030 875 ἄληκτον,
3047 810 3140 860 καὶ
3174 809 3414 879 ἄρρητον
3459 809 3674 882 χαράνοη
3697 811 3916 881 ἡμέρας

2355 896 2433 960 δὲ,
2465 894 2552 948 διὰ
2586 895 2647 946 τὸ
2689 895 2755 947 δι’
2783 894 2902 949 ὅλου
2928 897 3062 965 φῶς.

2431 1071 2678 1126 Παῦσον
2715 1071 2829 1139 τὴν
2852 1070 3142 1142 γλῶσσάν
3171 1090 3288 1129 σου
3317 1076 3435 1130 ἀπὸ
3465 1076 3672 1130 κακοῦ.
3709 1076 3920 1129 Ἐντεῦο

2360 1161 2450 1214 θεν
2476 1163 2788 1215 ὑποτίθεται
2825 1163 2962 1232 ἔργα
2989 1165 3080 1216 τοῦ
3114 1164 3255 1217 Θείου
3297 1166 3485 1234 φόϐου,
3515 1165 3608 1219 τσῦ
3643 1183 3921 1235 στοιχειωο

705 1276 910 1316 morcm
941 1274 1070 1313 vero
1100 1258 1188 1315 Dei
1217 1271 1361 1309 nunc
1409 1255 1676 1309 initialem
1721 1253 1870 1316 dico,
1927 1269 2040 1306 nou
2085 1252 2261 1322 peric.

2365 1253 2531 1307 τικοῦ.
2562 1254 2857 1324 Προτὶθησι
2880 1255 2938 1306 δὲ
2959 1256 3061 1324 τὴν
3094 1256 3364 1323 γλῶσσαν,
3402 1258 3478 1319 ὡς
3505 1257 3782 1310 εὐόλισθον
3817 1257 3920 1326 μό-

701 1361 873 1406 ctum.
908 1350 973 1404 Et
1027 1352 1261 1418 linguam
1303 1350 1356 1402 in
1423 1349 1610 1416 primis
1687 1345 1846 1414 jubet
1890 1358 2256 1414 compesCere,

705 1444 868 1498 veluti
906 1442 1204 1496 membrum
1231 1440 1372 1492 inter
1399 1447 1594 1491 caetera
1621 1437 1791 1504 magis
1838 1435 2022 1500 labile,
2079 1445 2134 1490 et
2191 1436 2258 1488 ad

2362 1359 2498 1413 ριον,
2563 1346 2656 1396 καὶ
2715 1345 3137 1416 προχειρότατον
3183 1348 3260 1409 είς
3305 1348 3413 1400 πᾶν
3498 1343 3635 1409 εἷδος
3692 1351 3916 1410 κακίας.

2372 1432 2667 1502 Ὑπουργεῖ
2696 1435 2804 1502 γὰρ
2825 1434 3196 1504 βλασφημίαις
3223 1433 3382 1499 Θεοῦ,
3428 1433 3647 1504 ὕϐρεσιν
3701 1435 3918 1505 ἀνθρώ-

707 1550 867 1589 omne
893 1532 1007 1586 vitii
1032 1546 1205 1602 genus
1230 1527 1401 1596 magis
1431 1536 1763 1596 promptum.
1800 1524 2047 1580 Ministra
2109 1525 2260 1579 enim

2365 1543 2498 1590 πων,
2544 1526 2914 1595 μαστροπεύει
2971 1528 3222 1595 αἰσχραῖς
3255 1526 3592 1595 ἐπιθυμίαις,
3648 1542 3918 1593 συκοφαν-

708 1622 866 1676 nobis
884 1628 966 1674 est
990 1619 1058 1674 ad
1091 1618 1370 1672 hominum
1394 1614 1774 1678 contumelias,
1814 1623 1867 1667 et
1895 1613 1960 1667 ad
1990 1612 2081 1667 Dei
2114 1613 2260 1668 blas-

2361 1619 2461 1680 τεῖ,
2488 1615 2800 1681 καταλαλεῖ,
2831 1620 3148 1687 κατηγορεῖ,
3162 1617 3342 1680 δόλους
3371 1617 3608 1686 ὑφαίνει,
3645 1615 3915 1685 ἐξαπατᾷ,

707 1715 950 1782 phemias
1000 1729 1015 1764 :
1049 1706 1300 1778 turpibus
1323 1707 1481 1762 etiam
1513 1705 1979 1772 concupiscentiis
2032 1704 2262 1759 inservit

2366 1711 2802 1778 καταμαρτυρεῖ,
2861 1708 3129 1777 ἐπιορκεῖ,
3191 1709 3288 1760 καὶ
3332 1708 3472 1772 ὅλως
3523 1708 3753 1777 ὄργανόν
3800 1712 3920 1760 ἐστι

709 1815 764 1859 et
823 1800 1113 1862 lenocinio,
1179 1797 1452 1851 detrahit:
1517 1805 1785 1864 praeterea
1829 1803 2070 1858 accusat,
2128 1795 2262 1848 texit

2367 1799 2535 1852 κακοῦ
2573 1799 2788 1860 παντὸς.

712 1897 891 1960 dolos,
934 1891 1158 1960 decipit,
1199 1891 1330 1944 falsa
1386 1872 1589 1956 praabet
1646 1885 1982 1950 testimonia,
2032 1884 2261 1953 pejerat,

711 1997 765 2044 et
801 1987 1047 2040 omnium
1079 1982 1313 2047 denique
1369 1981 1622 2033 vitiorum
1678 1979 2101 2031 instrumentum
2154 1987 2258 2032 est.

782 2075 847 2128 Et
877 2074 1018 2128 labia
1053 2084 1228 2127 tuane
1261 2071 1538 2138 loquantur
1559 2071 1760 2124 dolum.
1793 2069 1956 2123 Dolus
1980 2073 2256 2124 occultum

711 2180 797 2224 est
836 2167 1051 2222 facinus
1073 2166 1177 2220 sub
1233 2164 1358 2216 boni
1422 2162 1770 2216 simulatione
1822 2162 2151 2217 coniictum:
2206 2168 2262 2216 et

711 2261 838 2313 dum
870 2257 1120 2325 superius
1144 2254 1283 2308 dixit
1317 2270 1330 2305 :
1360 2251 1552 2305 Cohibe
1582 2251 1815 2321 linguam
1850 2261 1994 2305 tuam
2029 2271 2063 2305 α
2098 2251 2260 2316 malo,

711 2363 904 2403 omnes
952 2348 1006 2400 in
1043 2347 1359 2399 universum
1407 2357 1607 2410 pravos
1677 2356 1956 2396 sermones
2015 2357 2263 2411 compre-

713 2437 1022 2499 liendit;at
1045 2446 1191 2486 nunc
1217 2432 1281 2484 ile
1310 2445 1476 2498 pravo
1505 2429 1741 2497 quodam
1795 2444 1859 2484 ac
1918 2430 2088 2499 magis
2140 2445 2263 2498 par-

715 2524 928 2582 tieulari
957 2529 1155 2576 tractat
1184 2533 1457 2580 sermone,
1486 2518 1649 2571 veluti
1702 2517 1772 2573 de
1831 2518 1962 2572 vitio
2023 2520 2263 2571 omnium

717 2613 1061 2685 gravissimo,
1097 2624 1220 2664 cum
1249 2608 1594 2662 clandestine
1643 2607 1895 2675 componi
1952 2607 2162 2661 soleant
2204 2605 2257 2660 bi

715 2705 850 2765 doli.
877 2711 1040 2770 atque
1064 2701 1184 2755 ideo
1218 2700 1380 2753 etiam
1417 2699 1640 2752 minime
1669 2697 1859 2750 evitari
1910 2698 2120 2766 possint
2151 2716 2164 2752 :
2195 2711 2259 2751 ac

715 2795 880 2849 veluti
911 2793 978 2847 de
1003 2808 1081 2854 re,
1113 2805 1232 2860 qua:
1257 2791 1310 2842 in
1342 2789 1597 2843 universo
1613 2803 1809 2857 genere
1839 2789 2076 2843 humano
2097 2804 2257 2857 quam

2429 2065 2532 2119 Kal
2563 2083 2732 2134 leam
2759 2083 2896 2131 σου,
2922 2067 3028 2121 τοῦ
3052 2067 3137 2136 μὴ
3184 2067 3451 2136 λαλῆσαι
3504 2067 3708 2120 δόλον.
3759 2067 3920 2131 Adito;

2358 2157 2475 2210 ιστὶ
2530 2159 2828 2211 κακοποιία
2879 2159 3136 2228 λαθραία,
3204 2160 3262 2211 έν
3314 2160 3669 2229 προσποιήσει
3722 2157 3916 2212 καλοῦ.

2361 2249 2696 2318 Προσεκτέον
2726 2247 2841 2311 οὖν,
2869 2249 2953 2301 ὅτι
2978 2249 3066 2303 διὰ
3109 2248 3205 2301 τοῦ
3262 2250 3458 2312 εἰπεῖν,
3516 2248 3764 2303 Παῦσον
3801 2248 3918 2315 τὴν

2367 2337 2788 2406 γλῶσσάνισου
2824 2339 2942 2394 ἀπὸ
2981 2341 3191 2406 κακοῦ,
3244 2339 3468 2393 καθόλου
3515 2339 3693 2392 πάντα
3760 2339 3918 2406 λόγον

2362 2429 2531 2481 κακὸν
2563 2431 2963 2500 συμπεριέλαϐε
2988 2441 3002 2461 ⁸
3028 2433 3122 2485 νῦν
3166 2431 3223 2484 δὲ
3287 2430 3670 2501 κατεξαίριτον
3717 2431 3916 2484 ὲπανὲ-

2369 2517 2502 2570 λα6ε
2522 2520 2612 2571 τὸν
2632 2519 2801 2584 δόλον,
2827 2523 2898 2583 ὡς
2924 2521 3322 2590 χαλεπώτατον,
3344 2521 3431 2575 διὰ
3453 2520 3514 2574 τὸ
3535 2521 3792 2590 λαθραῖον
3818 2521 3917 2574 καὶ

2365 2609 2623 2675 ἄφυκτον,
2656 2609 2870 2678 πρῶτον
2895 2612 3002 2682 γὰρ
3034 2612 3219 2666 τοῦτον
3243 2612 3327 2666 τὸν
3382 2614 3457 2666 ίὸν
3486 2615 3516 2666 ό
3557 2611 3795 2672 διάϐολος
3822 2611 3916 2674 ἑξ-

2367 2697 2569 2766 ήμεσεν
2594 2699 2682 2752 ὅτε
2714 2701 2811 2771 τὴν
2861 2697 3003 2756 Εὕαν
3053 2703 3352 2772 ἠπάτησεν,
3391 2705 3483 2757 καὶ
3527 2703 3602 2768 ὡς
3656 2701 3919 2757 ἐπιπολά-

2368 2790 2528 2853 ζοντα
2560 2793 2760 2862 μᾶλλον
2791 2798 2904 2860 τοῖς
2923 2796 3249 2866 ἀνθρώποις.

698 2881 983 2990 -ιυιίεεὶιις
1006 2886 1218 2949 pateat,
1251 2878 1304 2931 in
1355 2877 1501 2946 quod
1552 2878 1622 2932 ab
1672 2877 1826 2931 initio
1867 2877 2116 2932 diabolus
2163 2878 2478 2934 letbifcrum
2534 2882 2637 2936 lioe
2685 2885 2840 2940 virus
2880 2887 3140 2951 evomuit.
3203 2888 3419 2958 quando
3469 2889 3698 2958 primum
3742 2886 3917 2942 Eram

718 2977 947 3043 decepit.

787 3062 954 3117 Vens.
978 3062 1066 3116 15.
1097 3061 1311 3114 Declina
1344 3077 1379 3114 α
1429 3059 1590 3123 malo,
1618 3070 1670 3115 et
1707 3061 1791 3129 [ac
1823 3061 2034 3116 bonum.
2065 3061 2263 3118 Consi-
2287 3071 2329 3126 c

717 3156 844 3210 dera
895 3153 1154 3222 optimum
1211 3150 1456 3205 ordinem
1481 3159 1504 3206 ':
1534 3151 1660 3220 quia
1707 3152 1873 3206 verba
1905 3153 1959 3206 in
2012 3165 2262 3223 promptu

719 3244 892 3312 magis
921 3251 1069 3304 sunt,
1091 3257 1252 3308 quam
1281 3239 1442 3304 facta,
1475 3240 1650 3308 primo
1680 3256 1708 3293 a
1739 3243 1918 3308 pravis
1951 3258 2050 3297 nos
2080 3244 2266 3298 admo-

721 3345 811 3387 net
848 3331 1028 3386 veibis
1053 3329 1434 3384 abstinendum
1467 3343 1585 3383 esse
1611 3329 1838 3383 :Coliibe
1868 3332 2036 3396 enim,
2069 3334 2264 3402 inquit,

721 3423 953 3492 linguam
989 3430 1131 3474 tuam
1169 3437 1201 3474 a
1225 3421 1384 3475 malo.
1440 3421 1630 3475 Sermo
1662 3424 1829 3487 enim,
1882 3434 1941 3476 ut
1994 3425 2268 3493 sapientes

723 3515 927 3577 dixere,
962 3515 1048 3566 via
1071 3513 1316 3582 quiedam
1355 3522 1438 3566 est
1493 3515 1558 3566 ad
1581 3515 1846 3568 actiones.
1869 3515 1944 3567 Ac
1971 3515 2165 3569 deinde
2200 3519 2268 3572 ab

722 3606 856 3674 ipsis
887 3603 1050 3658 etiam
1080 3602 1261 3670 pravis
1288 3602 1484 3655 avertit
1515 3602 1986 3672 Operibus,ilic_ens
2015 3621 2028 3654 :
2053 3605 2269 3661 Declina

721 3718 755 3751 a
795 3697 959 3750 malo.
986 3695 1053 3749 Et
1079 3703 1501 3764 consequenter,
1559 3695 1794 3752 sublatis
1842 3699 2265 3767 impedimentis,

723 3803 825 3844 nos
855 3790 1076 3857 insuper
1095 3787 1162 3840 ad
1191 3788 1324 3840 bene
1352 3789 1688 3855 operandam
1737 3787 1980 3851 adducit,
2024 3789 2214 3845 dicens
2250 3806 2264 3844 :

728 3877 792 3930 Et
825 3878 910 3945 [ac
938 3877 1147 3929 bonum.
1175 3875 1310 3930 Nam
1328 3877 1785 3945 quemadmodum
1813 3879 2268 3949 impossibileest,

727 3967 997 4020 inﬁrmum
1029 3966 1261 4031 aliquem
1289 3965 1354 4018 ad
1378 3966 1665 4021 sanitatem
1695 3970 1935 4033 restitui,
1976 3970 2079 4025 nisi
2115 3975 2268 4040 prius

723 4073 754 4111 a
797 4058 986 4112 morbo
1048 4057 1325 4122 liberetur,
1360 4056 1436 4109 ita
1471 4059 1633 4111 etiam
1677 4058 2013 4128 impossibile
2057 4072 2142 4118 est
2170 4064 2268 4118 ali-

724 4161 884 4214 quem
914 4147 1050 4201 bene
1075 4146 1312 4214 operari,
1341 4146 1434 4214 qui
1463 4148 1676 4202 a'vitiis
1721 4151 1871 4216 prius
1909 4167 2021 4206 non
2043 4153 2266 4209 absces-

720 4237 875 4292 serit.
917 4235 1053 4290 lllud
1100 4237 1262 4289 etiam
1307 4235 1631 4300 considera,
1681 4241 1956 4308 quomodo
1998 4242 2268 4298 abstinere

723 4332 932 4379 tantum
955 4339 1066 4378 non
1091 4325 1282 4379 sulIicit
1310 4338 1340 4376 a
1372 4325 1545 4387 vitiis,
1569 4328 1661 4380 sed
1698 4326 1856 4382 bonis
1883 4329 2049 4382 etiam
2078 4344 2270 4400 opera-

2435 3064 2759 3117 Ἕχκλινον
2795 3062 2912 3117 ἀπὸ
2953 3065 3163 3128 κακοῦ,
3211 3065 3309 3121 καὶ
3357 3065 3620 3134 ποίησον
3664 3067 3916 3137 ὀπαδόν.

2368 3158 2510 3226 Ὅρα
2533 3155 2683 3221 τάξιν
2712 3154 2971 3226 ἀρίστην⁸
3002 3155 3192 3225 ἐπειδὴ
3236 3155 3344 3227 γὰρ
3390 3156 3732 3226 ὲτοιμότερός
3761 3161 3918 3214 ἐστιν

2365 3249 2392 3300 ό
2416 3248 2571 3312 λόγος
2608 3247 2708 3315 τῆς
2746 3245 3018 3315 πράξεως,
3070 3249 3324 3315 παραινεῖ
3371 3247 3584 3314 πρῶτον
3610 3249 3921 3318 ἀπέχεσθαι

2367 3334 2536 3386 κακοῦ
2565 3334 2744 3399 λόγουο
2778 3332 3022 3387 Παῦσον
3079 3333 3208 3402 γὰρ,
3263 3336 3415 3403 φησι,
3466 3339 3582 3400 τὴν
3626 3335 3917 3403 γλῶσσάν

2365 3441 2481 3479 σου
2517 3426 2635 3478 ἀπὸ
2663 3424 2873 3479 κακοῦο
2903 3426 2932 3478 ὁ
2975 3425 3081 3496 γάρ
3116 3426 3270 3491 λόγος
3323 3427 3437 3489 ὁδός
3469 3428 3619 3478 ἐστιν
3665 3428 3747 3491 είς
3775 3431 3920 3499 πρᾶ-

2368 3513 2471 3579 ξιν,
2501 3516 2574 3576 ὡς
2601 3515 2650 3566 oi
2687 3515 2840 3582 σοφοὶ
2861 3514 3143 3582 λέγουσιν’
3195 3511 3315 3569 εἶτα
3359 3517 3660 3586 ἀποτρέπει
3693 3517 3792 3570 καὶ
3824 3517 3918 3570 τοῦ

2366 3604 2537 3659 κακοῦ
2593 3607 2913 3676 πράγματος
2943 3622 2957 3638 ·
2993 3611 3315 3672 Ἐκκλινον
3365 3607 3472 3677 γὰρ
3496 3648 3512 3673 ,
3566 3608 3751 3678 φησιν,
3794 3609 3916 3664 ἀπὸ

2367 3697 2553 3752 κακοῦ
2584 3712 2598 3728 ⁸
2628 3699 2722 3752 καὶ
2769 3683 2924 3752 οὗτοι
2961 3701 3149 3767 ἀνάγει
3201 3700 3335 3769 πρὸς
3365 3700 3462 3769 τὴν
3511 3699 3880 3772 ἀγαθοεργιαν
3901 3741 3917 3765 ,

2369 3787 2668 3858 προεξάξας
2719 3789 2830 3858 (2i)
2864 3789 2931 3844 τὰ
2991 3790 3207 3843 σκῶλα·
3261 3791 3446 3860 ὥσπερ
3485 3789 3594 3859 γὰρ
3634 3792 3922 3862 ἀμήχανον

2369 3878 2555 3946 ὑγείαν
2593 3879 2884 3934 ἀπολαϐεῖν
2918 3880 2993 3950 μὴ
3015 3879 3394 3949 ἀπαλλαγέντα
3425 3879 3526 3949 τῆς
3555 3881 3736 3946 νόσου,
3775 3883 3922 3936 οὕτω

2368 3971 2462 4021 καὶ
2479 3969 2699 4037 ποιῆσαι
2725 3970 2926 4036 ἀγαθὸν
2951 3973 3028 4041 μὴ
3049 3971 3356 4026 ἀποστάντα
3378 3970 3472 4024 τοῦ
3492 3971 3686 4026 κακοῦ.
3713 3974 3920 4027 Σκόπει

2367 4057 2421 4108 δὲ
2450 4059 2530 4111 ὅτι
2555 4058 2654 4110 οὐκ
2707 4058 2867 4129 ἀρκεῖ
2917 4061 3079 4128 μόνον
3124 4061 3157 4128 ἡ
3204 4060 3386 4130 ἀποχὴ
3419 4060 3514 4112 τοῦ
3546 4059 3743 4126 κακοῦ,
3774 4062 3916 4115 ἀλλὰ

2367 4149 2470 4219 χρὴ
2501 4150 2594 4203 καὶ
2619 4151 2840 4218 ποιῆσαι
2882 4152 2942 4204 τὸ
2972 4151 3196 4219 ἀγαθὸν,
3237 4155 3286 4204 εἰ
3317 4153 3390 4221 μὴ
3420 4152 3604 4221 μέλλει
3643 4169 3728 4214 τις
3780 4154 3921 4206 ἀπο·

2369 4244 2587 4310 σχέσθαι
2625 4245 2723 4312 μὲν
2767 4243 2860 4296 τοῦ
2889 4243 3081 4308 κακοῦ,
3138 4243 3213 4314 μὴ
3259 4243 3482 4314 ποιῆσαι
3511 4242 3568 4295 δὲ
3598 4243 3663 4294 τὸ
3703 4244 3876 4298 καλόν
3900 4257 3918 4276 ⁸

2367 4333 2480 4401 (29.)
2504 4333 2579 4384 τὸ
2606 4335 2722 4402 μὲν,
2749 4335 2832 4386 ἵνα
2861 4335 2936 4404 μὴ
2958 4334 3302 4404 τιμωρηθῇςο
3333 4333 3395 4385 τὺ
3421 4333 3498 4397 δὲ,
3526 4332 3612 4385 ἴνα
3651 4335 3918 4405 τιμηθῇς.

728 4414 968 4466 tionibus
993 4428 1128 4482 opus
1162 4420 1267 4482 est.
1304 4410 1442 4483 [Vel
1478 4415 1631 4468 aliter
1659 4432 1672 4466 :
1713 4415 1930 4470 Declina
1963 4434 1994 4471 a
2029 4421 2187 4482 malo,
2221 4434 2266 4474 et

2373 4421 2509 4474 Καθ’
2539 4423 2721 4492 ἓτερον
2751 4415 2806 4476 δὲ
2833 4425 3010 4490 λόγον,
3043 4425 3138 4476 καὶ
3163 4423 3224 4475 τδ
3255 4423 3329 4490 μὴ
3357 4421 3576 4492 ποιῆσαι
3605 4422 3664 4475 τὸ
3709 4425 3918 4490 ἀγαθὸν

720 4503 806 4571 {ac
835 4503 1020 4577 bonum
1043 4502 1084 4574 ει
1111 4504 1260 4567 illud,
1285 4519 1351 4558 ne
1379 4520 1532 4573 ptena
1559 4505 1827 4570 tn‘iiclaris,
1852 4507 1951 4561 lioc
1980 4519 2182 4572 autem.
2211 4521 2271 4565 ut

723 4594 886 4648 etiam
922 4594 1228 4647 lionoreris.
1279 4595 1397 4648 Alia
1444 4597 1672 4659 ratione,
1727 4597 1858 4650 vitio
1893 4599 1980 4650 cui
2021 4600 2201 4666 datur,
2227 4603 2271 4657 si

722 4684 925 4737 bonum
965 4701 1070 4738 non
1104 4686 1308 4739 iaciat:
1342 4687 1469 4754 quia
1499 4687 1686 4740 inertis
1734 4702 1797 4740 ac
1826 4689 2000 4756 ignavi
2042 4691 2274 4747 hominis

719 4782 804 4827 est
830 4774 961 4826 nihil
994 4778 1230 4844 operari,
1263 4784 1428 4844 atque
1455 4774 1566 4829 otio
1593 4784 1922 4844 torpescere.

796 4860 1012 4930 Inquire
1037 4880 1236 4930 pacem,
1268 4873 1316 4916 et
1364 4878 1664 4931 persequere
1695 4879 1832 4918 eam.
1878 4863 1986 4919 Pax
2021 4878 2112 4921 est
2156 4863 2273 4922 oni-

729 4953 877 5008 nium
912 4955 1176 5008 bonorum
1208 4961 1389 5022 caput,
1424 4968 1585 5023 quam
1621 4954 1906 5020 discipulis
1948 4958 2064 5011 suis
2092 4956 2274 5012 Domi-

723 5058 828 5096 nus
863 5044 1025 5098 veluti
1053 5044 1416 5098 luereditatem
1438 5044 1723 5114 quamdam
1756 5045 1971 5114 reliquit
2003 5062 2017 5097 :
2060 5047 2270 5113 Pacem,

722 5132 994 5202 inquiens,
1045 5151 1213 5187 meant
1236 5134 1303 5187 do
1337 5137 1501 5200 vobis,
1539 5150 1716 5202 pacem
1759 5134 1994 5204 relinquo
2036 5138 2176 5190 vobis
2199 5137 2263 5191 “.

724 5221 858 5276 Nam
888 5225 978 5291 qui
1025 5239 1154 5295 erga
1188 5223 1352 5279 Deum
1395 5233 1451 5278 et
1497 5224 1742 5279 licinines
1792 5226 1954 5278 fuerit
1987 5225 2262 5293 paciﬁcus,

725 5313 773 5368 is
805 5312 1068 5368 humanas
1089 5314 1250 5368 etiam
1301 5315 1581 5384 passiones
1630 5327 1822 5370 omnes
1855 5325 2097 5384 superat.
2139 5315 2257 5370 Non

2366 4512 2524 4581 ἑτέρα
2539 4513 2634 4574 ’τίς
2664 4515 2779 4566 ἐστι
2822 4516 3008 4577 κακία,
3055 4515 3129 4576 ὼς
3167 4513 3333 4583 ἀργία
3365 4513 3457 4584 τοῦ
3493 4513 3679 4570 καλοῦ.
3729 4517 3920 4572 Κακία

2365 4604 2481 4656 ἐστὶ
2509 4603 2787 4674 προδήλως
2815 4605 2851 4675 ἡ
2879 4604 3100 4676 τοιαύτη
3130 4605 3317 4675 ἀργία.

2437 4860 2717 4928 Ζήτησων·
2763 4860 3027 4930 εἰρήνην,
3067 4861 3164 4916 καί
3205 4860 3422 4927 δίωεον
3449 4862 3661 4928 αὐτήν.
3726 4848 3801 4916 Ἦ
3841 4865 3922 4918 ει-

2368 4953 2502 5022 ρήνη
2542 4951 2648 5004 τῶν
2711 4952 2927 5021 ἀγαθῶν
2980 4953 3096 5006 ἔστι
3147 4952 3208 5005 τὸ
3259 4953 3570 5022 κεφάλαιον,
3627 4954 3693 5023 ἢν
3741 4955 3843 5008 καὶ
3890 4957 3921 5007 ό

2367 5044 2569 5113 Κύριος
2598 5037 2686 5097 οἷά
2707 5061 2828 5096 τινα
2855 5044 3055 5114 κλῆρον
3094 5047 3204 5106 τοῖς
3230 5044 3421 5098 ἑαυτοῦ
3465 5043 3732 5113 μαθηταῖς
3777 5045 3918 5098 ἀπο-

2369 5133 2618 5185 λέλοιπεν
2643 5149 2657 5163 ·
2686 5132 2946 5200 Είρήνην
2981 5132 3107 5203 γὰρ,
3152 5134 3314 5203 φησὶ,
3348 5132 3462 5199 τὴν
3502 5132 3656 5201 ἐμὴν
3699 5133 3918 5204 ἀφίημι

2370 5223 2529 5292 ὑμῖν.
2577 5225 2637 5276 '0
2671 5225 2776 5291 γὰρ
2815 5223 3106 5293 εἰρηνεύων
3152 5223 3286 5293 πρὸς
3327 5222 3461 5297 eam
3510 5227 3604 5276 καὶ
3649 5221 3920 5293 πρδ;’ἀν-

2369 5315 2618 5385 θρὼπους
2674 5313 2872 5378 παντὸς
2929 5316 3128 5378 πάθους
3208 5315 3544 5384 ὑπέρκειται.
3592 5313 3684 5383 Μὴ
3731 5301 3918 5370 τοίνυν

828 5453 872 5484 ⁶’
901 5452 1036 5507 Gen.
1069 5431 1232 5519 xtvn,
1267 5455 1320 5510 9.
1398 5456 1442 5488 ⁸³
1471 5454 1668 5525 pres.
1699 5469 1751 5519 ν,
1784 5453 1871 5510 i6.
1950 5455 1996 5487 “
2041 5454 2198 5510 Joan.
2235 5455 2367 5536 'xrv,
2396 5460 2486 5510 27.

2049 5547 2240 5639 Varia}
2287 5551 2610 5613 lectiones.

789 5641 900 5720 et)
936 5641 1018 5720 an.
1044 5648 1375 5720 ,προεξειραςο
1490 5718 1501 5720 _
1587 5708 1614 5720 -

794 5709 904 5781 (Si)
938 5709 1162 5773 Latinus
1198 5709 1462 5787 inierprcs
1489 5709 1680 5786 legisse
1714 5725 1969 5798 praetcrea
2018 5719 2256 5804 videtur.

2362 5651 2440 5703 ’Ἡ
2471 5648 2567 5699 καὶ
2591 5650 2790 5714 ἄλλως
2811 5664 2824 5678 '
2865 5646 3147 5701 Ἐκκλινον
3183 5645 3290 5700 ἀπὸ
3330 5643 3520 5711 κακοῦ,
3555 5642 3647 5697 καὶ
3689 5639 3919 5712 ποίησον

2371 5717 2595 5786 ἀγαθόν.
