4108 6330
667 385 766 451 ιιι

1858 385 2626 478 nurnvunztuAnENt

3792 395 3898 456 31-2

672 503 866 554 mundo
910 499 1300 552 tribulationem
1335 498 1610 564 habebitis,
1657 499 1745 552 sed
1781 500 2023 566 conﬁdite
2049 501 2130 564 ";
2181 509 2233 552 et

2348 499 2691 563 Ἀπόστολοςο
2723 500 2823 554 Ἕν
2851 500 3027 553 παντὶ
3061 499 3418 566 θλιϐόμενοι,
3444 499 3581 554 ἀλλ’
3605 503 3676 554 οὐ
3696 518 3825 554 στει
3843 525 3900 557 υ-

671 592 967 663 Apostolus
994 608 1008 644 :
1044 588 1107 643 In
1154 593 1392 642 omnibus
1423 590 1662 642 tribulati
1699 591 1846 655 estis,
1877 591 1967 644 sed
1995 608 2094 643 non
2133 608 2236 643 an-

669 685 889 754 gustiati
911 683 978 745 “',
1013 693 1066 735 et
1098 681 1265 734 multa
1291 682 1394 734 alia
1425 682 1694 734 habentur
1731 682 2069 748 hujusmodi.

744 773 902 828 Vens.
934 772 1024 826 2|.
1052 771 1319 826 'Custodit
1374 771 1629 826 Dominus
1671 774 1848 826 omnia
1882 789 2001 826 ossa
2029 789 2234 839 eorum,

671 879 832 915 unum
863 878 928 916 ex
955 863 1034 915 his
1065 879 1164 914 non
1200 874 1508 914 conteretur.
1540 863 1701 932 Atqui
1752 865 2044 916 multorum
2087 878 2237 917 mar-

667 966 846 1025 tyrum
878 969 1002 1007 ossa
1034 958 1268 1007 contrita
1323 951 1702 1007 sunt..Verum
1734 955 1898 1007 homo
1932 969 2035 1006 non
2061 955 2235 1008 solum

669 1045 716 1096 is
767 1043 999 1103 dicitur,
1042 1041 1134 1110 qui
1166 1041 1404 1093 exterior
1446 1049 1546 1103 est,
1601 1041 1703 1094 hoc
1750 1051 1837 1095 est
1890 1056 1997 1095 non
2057 1042 2234 1096 solum

671 1136 850 1202 ipsum
880 1148 1102 1202 corpus,
1144 1133 1238 1186 scd
1271 1134 1432 1184 etiam
1458 1133 1548 1200 qui
1577 1134 1827 1196 interior,
1857 1133 1959 1186 hoc
1986 1142 2070 1187 est
2122 1134 2236 1201 ipsa

667 1226 870 1285 anima,
899 1239 1020 1292 quae
1051 1239 1148 1276 sua
1171 1225 1335 1278 etiam
1358 1225 1601 1278 membra
1628 1224 1826 1278 habere
1856 1224 2076 1289 dicitur,
2097 1225 2238 1278 sicut

666 1323 720 1369 et
750 1329 976 1384 corpus,
1009 1323 1171 1384 atque
1202 1315 1410 1368 eisdem
1439 1315 1756 1370 nominibus
1794 1316 2072 1369 distincta.
2102 1314 2235 1369 Nam

668 1421 791 1458 cum
827 1405 1057 1474 legimus
1090 1421 1105 1457 :
1143 1405 1452 1460 Maritimum
1495 1405 1709 1460 Domini
1737 1407 1993 1471 luridum,
2035 1408 2237 1460 illumi-

667 1512 798 1548 nans
829 1497 1009 1550 oculos
1043 1496 1088 1527 "
1114 1513 1127 1562 ;
1157 1499 1284 1549 item
1317 1514 1330 1548 :
1361 1495 1466 1561 Qui
1491 1497 1644 1550 habet
1668 1513 1821 1550 aures
1849 1498 2096 1550 audiendi
2137 1515 2235 1551 au-

665 1589 773 1639 diat
799 1587 845 1618 '°
873 1604 888 1652 ;
931 1588 1014 1641 vel
1048 1605 1062 1640 :
1089 1587 1161 1641 0s
1185 1603 1351 1640 meum
1387 1590 1568 1654 aperui
1598 1598 1645 1642 et
1678 1591 1877 1642 attraxi
1895 1589 2190 1657 spiritum“
2218 1607 2234 1654 ;

670 1686 727 1732 ct
748 1698 762 1733 :
787 1678 974 1733 Dentes
1001 1696 1180 1732 eorum
1211 1681 1500 1733 contrivisti
1520 1682 1596 1746 7’;
1628 1680 1777 1747 item,
1803 1681 2037 1734 Ventrem
2065 1695 2236 1733 meum

664 1769 816 1820 doleo
837 1766 911 1832 7';
939 1777 1056 1832 aut,
1080 1765 1176 1820 Pes
1191 1768 1322 1836 justi
1348 1784 1448 1820 non
1479 1768 1700 1836 oﬂ‘endet
1726 1770 1791 1833 ",
1821 1779 1874 1822 et
1906 1770 2011 1823 alia
2049 1770 2235 1839 hujus-

2338 591 2723 660 χωρούμενοι.

2410 766 2718 820 Φυλάσσει
2752 766 2965 834 Κύριος
3021 766 3218 820 πάντα
3272 767 3344 820 τὰ
3388 766 3540 822 ὀστᾶ
3581 766 3800 832 αὐτῶν,
3837 769 3904 821 ἓν

2336 856 2407 920 ἐξ
2431 855 2628 910 αὐτῶν
2649 859 2720 910 οὺ
2744 856 3227 925 συντριϐήσεται.
3261 858 3372 910 Καὶ
3403 859 3510 927 μὴν
3533 859 3744 912 πολλῶν
3769 878 3906 929 μαρ-

2337 950 2517 1020 τύρων
2569 949 2965 1019 συνετρίόησαν
2994 966 3008 980 ·
3047 949 3161 1001 ἀλλ’
3200 951 3322 1002 ἐπεὶ
3367 948 3654 1018 ἄνθρωπος
3688 951 3904 1018 λέγεται

2337 1039 2487 1108 οὑχἝ
2509 1041 2666 1102 ἐκτὸς
2705 1039 2883 1108 μόνον,
2910 1041 3029 1111 ἦτοι
3063 1041 3126 1093 τὸ
3159 1040 3338 1109 σῶμα,
3374 1042 3510 1094 ἀλλὰ
3558 1045 3648 1095 καὶ
3674 1046 3702 1096 ὁ
3731 1045 3904 1108 ἐντὸς.

2337 1132 2617 1184 τουτέστιν
2648 1131 2872 1199 ἡψυχὴ,
2914 1133 3029 1200 ἔχει
3063 1131 3282 1195 πάντως
3319 1135 3414 1185 καὶ
3459 1133 3593 1203 μέλη
3636 1134 3904 1203 ὁμώνυμα

2339 1224 2449 1284 τοῖς
2478 1221 2574 1275 τοῦ
2619 1226 2894 1292 σώματος,
2930 1223 3005 1284 ὡς
3048 1223 3129 1276 τό·
3163 1222 3236 1276 ’11
3281 1223 3501 1290 ἐντολὴ
3533 1225 3771 1292 Κυρίου,
3808 1241 3905 1293 τη-

2337 1314 2588 1381 λαυγὴς,
2653 1313 2994 1381 φωτίζουσα
3051 1313 3417 1382 ὀφθαλμοὺς,
3478 1314 3718 1384 δηλονότι
3776 1318 3906 1378 τοὺς

2335 1405 2436 1472 τῆς
2467 1403 2664 1474 ψυχῆς·
2695 1407 2809 1458 καί·
2859 1403 2919 1456 '0
2945 1405 3104 1470 ἔχων
3137 1399 3258 1458 ὦτα
3301 1404 3571 1467 ἀκούειν,
3598 1405 3864 1458 ἀκουέτω
3888 1419 3905 1437 ·

2339 1497 2455 1549 καί·
2493 1496 2562 1548 Τὸ
2589 1498 2782 1564 στόμα
2807 1512 2926 1564 μου
2960 1495 3194 1563 ἧνοιξα,
3226 1496 3324 1551 καὶ
3355 1497 3614 1549 εἶλκυσα
3649 1497 3905 1564 πνεῦμα·

2339 1588 2452 1640 καί·
2487 1587 2758 1653 Ὀδόντας
2787 1567 3149 1656 ἁμαρτωλῶν
3189 1585 3590 1655 συνέτριψιιςο
3621 1587 3717 1641 καί
3739 1602 3754 1617 ⁸
3792 1589 3912 1654 Τὴν

2338 1679 2577 1732 κοιλίαν
2600 1695 2720 1748 μου
2755 1677 2942 1748 ἀλγῶ·
2980 1677 3096 1732 καιο
3138 1679 3191 1731 '0
3237 1679 3389 1746 ,ποὺς
3425 1679 3533 1733 τοῦ
3565 1679 3803 1734 δικαίου
3838 1684 3911 1734 οὐ

2333 1769 2420 1836 μὴ
2448 1771 2795 1838 προσκόψῃ,
2847 1773 2940 1823 καὶ
2967 1771 3090 1823 ὅσαι
3117 1769 3366 1823 τοιαῦται
3395 1771 3652 1840 δυνάμεις
3683 1771 3786 1840 τῆς
3807 1771 3910 1842 ψυ-

667 1857 812 1912 ntodi
844 1875 859 1912 :
889 1873 998 1913 non
1045 1834 1314 1929 corporis,
1354 1859 1446 1912 sed
1475 1834 1670 1912 anima:
1715 1861 1954 1914 membra
1987 1861 2233 1932 intelligi-

2340 1860 2460 1929 χῆς.
2487 1859 2675 1923 Οὕτως
2699 1859 2791 1913 οὖν
2824 1859 2917 1914 καὶ
2947 1860 3044 1914 νῦν
3067 1861 3202 1914 ὀστᾶ
3224 1861 3374 1928 λέγει
3398 1863 3523 1925 τοὺς
3546 1863 3908 1932 στερεοῦντας

666 1963 808 2002 inus.
863 1945 1019 2002 Unde
1073 1956 1129 2002 et
1187 1963 1334 2002 nunc
1373 1963 1468 2017 per
1500 1964 1624 2004 ossa
1650 1949 1937 2004 solidiores
1970 1953 2231 2019 quasdam

665 2040 857 2093 animae
901 2039 1261 2110 cogitationes
1293 2040 1567 2110 intelligit,
1603 2056 1724 2110 quae
1765 2055 1884 2097 eam
1925 2056 2031 2094 non
2070 2057 2232 2097 secus

666 2139 831 2199 atque
891 2145 1017 2185 ossa
1056 2145 1262 2201 corpus
1324 2133 1620 2198 sustinent,
1679 2143 1837 2203 atque
1885 2133 2229 2187 conﬁrmant.

664 2220 921 2275 Custodit
951 2231 1134 2276 autem
1168 2220 1430 2277 Dominus
1466 2223 1602 2287 haec,
1631 2239 1754 2293 qua:
1799 2223 2234 2294 diximusjusto-

664 2329 783 2366 runt
824 2316 1117 2382 ossa,quia
1148 2314 1196 2367 ei
1219 2313 1454 2382 placent,
1469 2323 1523 2368 et
1543 2316 1676 2369 nihil
1700 2329 1889 2370 eorum
1919 2323 2233 2372 conteretur

665 2403 917 2456 violentia
948 2402 1155 2458 scilicet
1187 2403 1415 2472 peccati.

737 2493 897 2547 Vens.
914 2494 1009 2548 22.
1032 2493 1169 2548 Mors
1186 2505 1517 2563 peccatorum
1540 2511 1721 2564 prora.
1744 2497 1858 2552 Hoc
1872 2506 1979 2562 est,
1998 2499 2234 2554 laborio-

665 2599 723 2637 ιιι
756 2594 917 2654 atque
952 2587 1176 2641 molesta
1215 2587 1380 2658 [quod
1416 2604 1480 2640 ex
1507 2586 1709 2642 Graeca:
1740 2590 1992 2645 dictionis
2020 2599 2234 2660 etymo-

667 2678 806 2747 logia
845 2678 1040 2732 melius
1105 2677 1455 2750 percipitur].
1513 2678 1669 2734 Tunc
1724 2682 1984 2748 temporis
2031 2682 2230 2736 etenim

665 2770 873 2824 certius
909 2771 1240 2840 dignoscunt
1274 2785 1466 2840 pronas
1513 2771 1616 2826 sibi
1667 2770 1782 2825 fore
1819 2774 2104 2840 repositas.
2136 2771 2231 2827 Ju-

666 2869 878 2914 storunt
918 2873 1098 2915 autem
1153 2877 1300 2916 mors
1333 2864 1518 2917 suavis
1562 2875 1681 2929 cst,
1711 2863 1837 2934 quia
1880 2863 2075 2933 gaudia
2125 2865 2229 2921 sibi

667 2952 912 3006 sentiunt
948 2960 1274 3022 praeparata.

734 3041 801 3095 Et
829 3044 919 3111 qui
948 3043 1172 3096 oderunt
1219 3044 1441 3109 iustum,
1471 3044 1793 3115 delinquant.
1843 3045 2090 3102 Oderunt
2142 3046 2232 3116 ju‘

2340 1953 2434 2003 καὶ
2462 1951 2750 2021 ἀνέχοντας
2785 1952 2885 2023 τὴν
2907 1951 3084 2022 ψυχὴν
3123 1952 3440 2022 λογισμοὺς,
3461 1954 3536 2017 ὡς
3560 1959 3652 2006 καὶ
3674 1955 3745 2008 τὰ
3772 1955 3908 2009 ὀστᾶ

2339 2045 2400 2096 τὸ
2431 2043 2609 2113 σῶμα.
2632 2046 2898 2099 Φυλάσσει
2923 2045 2980 2098 δὲ
3007 2046 3232 2108 τούτους
3251 2046 3500 2116 ὁΚύριος
3529 2046 3616 2099 διὰ
3631 2048 3731 2116 τὴν
3772 2048 3908 2118 πρὸς

2339 2137 2502 2189 αὐτὸν
2531 2137 2915 2206 εὐαρέστησιν.
2950 2137 3117 2192 Οὐδὲν
3141 2138 3200 2192 δὲ
3235 2137 3444 2192 τούτων
3482 2138 3906 2209 συντριϐήσεται

2335 2229 2402 2297 τῇ
2441 2226 2533 2298 βίᾳ
2570 2227 2672 2297 τῆς
2699 2212 2998 2298 ἁμαρτιας.

2411 2494 2676 2560 Θάνατος
2727 2495 3090 2565 ἁμαρτωλῶν
3136 2497 3418 2566 πονηρός.
3463 2498 3771 2563 Ἐπίπονος,
3813 2488 3913 2551 ἁλι

2337 2586 2533 2652 τεινός.
2585 2584 2718 2638 Τότε
2754 2585 2863 2655 γὰρ
2898 2587 3063 2652 ὀξέως
3113 2588 3460 2641 αἰσθάνονται
3509 2587 3610 2656 τῆς
3663 2582 3911 2657 διαδεχο-

2342 2677 2510 2745 μένης
2541 2677 2740 2740 αὐτοὺς
2773 2677 3041 2739 κολάσεως
3075 2694 3091 2709 ο
3123 2680 3150 2731 ὁ
3187 2680 3242 2733 δὲ
3275 2681 3382 2733 τῶν
3410 2680 3652 2746 δικαίων,
3678 2680 3912 2749 ἀγαθὸς,

2337 2764 2744 2835 αἰσθανομένων
2773 2768 2870 2838 τῆς
2904 2767 3172 2839 μενούσης
3203 2769 3400 2832 αὐτοὺς
3435 2770 3631 2839 χαίᾶς.

2408 3032 2516 3083 Kat
2548 3045 2602 3081 ο.
2645 3027 2970 3097 μισοῦντες
2999 3031 3105 3084 τὸν
3137 3030 3389 3095 δίκαιον,
3428 3034 3910 3110 adnuite/macu-

666 3142 809 3184 Stutn
842 3133 873 3184 ii
904 3133 996 3198 qui
1036 3131 1096 3184 in
1137 3136 1378 3201 peccatis
1438 3144 1605 3199 sunt;
1663 3151 1787 3188 nam
1842 3137 1888 3190 si
1926 3136 2102 3191 simile
2129 3149 2230 3194 suo

2336 3120 2723 3202 multitcoﬁct
2753 3122 2844 3173 τὸν
2871 3121 3080 3174 δίκαιον
3132 3125 3180 3175 οἱ
3211 3125 3270 3176 ἐν
3328 3125 3627 3202 ἁμαρτίαις
3647 3142 3661 3155 ·
3709 3128 3761 3179 εἰ
3795 3127 3911 3198 γὰρ

666 3219 831 3275 simili
863 3221 1096 3285 laetatur,
1130 3222 1260 3276 illud
1293 3235 1697 3294 consequenter
1726 3233 1892 3294 patet,
1932 3227 2079 3296 quod
2114 3227 2228 3280 dis-

666 3309 844 3365 simile
874 3326 1031 3364 suum
1059 3311 1172 3364 odit
1208 3311 1473 3365 dissimile
1512 3326 1781 3380 :quorum
1807 3313 1950 3366 enim
1979 3313 2082 3366 vita
2113 3312 2231 3367 dis-

669 3399 866 3452 similis
893 3411 1001 3462 est,
1033 3401 1228 3451 hnrum
1259 3400 1421 3453 etiam
1449 3403 1735 3455 sententia:
1755 3409 2061 3470 pugnantes
2091 3403 2232 3454 inter

670 3504 729 3545 se
764 3499 917 3554 sunt,
958 3501 1122 3560 atque
1160 3490 1472 3544 contrari:e.
1511 3491 1834 3562 Delinquent
1860 3501 2073 3558 autem,
2105 3493 2232 3563 quia

665 3581 921 3635 omnibus
950 3582 1074 3635 aliis
1115 3582 1334 3637 delictis
1375 3581 1479 3635 hoc
1518 3583 1629 3636 odii
1695 3592 1976 3652 peccatum
2008 3583 2232 3639 addide-

669 3677 819 3724 runt.
846 3669 959 3723 Non
1003 3671 1181 3725 solum
1225 3672 1370 3726 ettim
1417 3688 1541 3727 eum
1585 3674 1781 3726 imitati
1815 3689 1926 3728 non
1961 3684 2110 3738 sunt,
2137 3674 2230 3744 qui

667 3769 788 3813 erat
825 3759 1025 3828 justus,
1056 3763 1152 3816 sed
1188 3763 1315 3816 odio
1363 3765 1590 3833 insuper
1628 3780 1749 3818 eum
1783 3768 2056 3829 prosecuti
2080 3778 2228 3822 sunt.

668 3851 977 3922 Delinquent
1009 3853 1196 3923 igitur,
1232 3853 1286 3908 id
1306 3861 1410 3920 est,
1442 3855 1766 3923 peccabunt,
1796 3863 1914 3922 aut,
1953 3858 2233 3926 periclita-

673 3941 896 3996 buntur.

747 4028 912 4087 Vsus.
965 4033 1059 4089 23.
1115 4033 1352 4089 Redimet
1410 4034 1667 4091 Dominus
1713 4040 1916 4095 animas
1962 4055 2232 4094 servarunt

670 4138 912 4177 suorum.
933 4126 1016 4180 Ab
1039 4127 1293 4182 humanis
1317 4128 1572 4182 nimirum
1589 4144 1653 4184 ac
1677 4129 1964 4187 diabolicis
1993 4132 2229 4198 insidiis,

671 4231 809 4285 quas
843 4219 1060 4288 propria
1094 4221 1351 4288 patientia
1386 4228 1745 4292 superabunt.

740 4309 808 4361 Et
833 4310 1253 4381 nondetinquent
1307 4327 1483 4366 omnes
1529 4313 1618 4384 qui
1669 4325 1884 4383 sperant
1913 4315 1969 4368 in
1997 4332 2078 4370 eo.
2110 4312 2228 4369 Non

672 4403 1001 4468 peccahnnt,
1030 4416 1095 4456 eo
1124 4403 1268 4472 quod
1312 4403 1486 4457 valida
1519 4415 1682 4473 atquc
1727 4410 2002 4459 constanti
2034 4423 2132 4476 spe
2160 4407 2226 4462 ad

677 4492 970 4546 Dominum
1011 4496 1275 4560 ferantur,
1307 4511 1409 4550 nec
1453 4496 1619 4551 ullum
1652 4499 1813 4553 etiam
1846 4501 2041 4552 anima!
2080 4501 2224 4567 peri-
2259 4522 2302 4578 ι)

670 4585 853 4638 ιιιΙιιιη
885 4587 1252 4640 sustinebunt.

1128 4697 1379 4752 Psalmus
1428 4700 1531 4768 ipsi
1569 4699 1765 4754 Dauid.

1153 4830 1476 4886 PSALMUS
1509 4829 1753 4888 XXXIV.

738 4945 893 5000 Hunc
927 4946 1088 5000 etiam
1131 4943 1398 5022 psalmum
1438 4945 1747 5014 composuit
1800 4943 1993 4998 beatus
2035 4941 2222 5008 David,

575 5046 580 5050 “
667 5053 790 5092 cum
823 5039 1260 5107 persecutionem
1303 5035 1611 5091 sustineret
1641 5051 1671 5089 a
1712 5035 1893 5100 Saulc,
1939 5045 1993 5090 et
2038 5036 2223 5090 nullibi

667 5130 715 5181 ei
743 5127 966 5182 daretur
1001 5138 1117 5182 tuto
1145 5135 1470 5191 consistere.
1506 5128 1867 5197 .congruitque
1895 5127 2015 5181 aliis
2044 5128 2223 5181 omni-

668 5221 771 5273 bus
805 5219 1147 5275 inimicorum
1192 5220 1627 5288 persecutionem
1660 5218 2078 5274 sustinentibus.
2121 5216 2226 5271 lm-

2332 3200 2607 3284 rqiﬁtoiqi
2645 3213 2824 3282 χαίρει
2867 3213 2928 3266 τὺ
2955 3214 3171 3283 ὅμοιον,
3201 3215 3359 3286 δῆλον
3391 3217 3466 3280 ὡς
3512 3200 3663 3286 μισεῖ
3690 3219 3755 3271 τὸ
3785 3219 3916 3273 ἀνό-

2335 3319 2508 3374 μοιον⁹
2546 3305 2643 3357 καὶ
2680 3300 2755 3356 ὦν
2781 3306 2809 3356 ὁ
2841 3305 2954 3374 βίος
2983 3306 3261 3373 ἀνόμοιος,
3301 3307 3508 3361 τούτων
3534 3310 3776 3363 ἐναντίαι
3812 3312 3915 3363 καὶ

2333 3397 2388 3448 αἱ
2415 3396 2650 3464 γνῶμαι.
2684 3396 3145 3466 Πλημμελήσουσι
3171 3397 3246 3461 δὲ,
3275 3399 3350 3460 ὡς
3378 3400 3490 3461 τοῖς
3514 3399 3694 3461 ἄλλοις
3723 3401 3917 3455 αὐτῶν

2334 3489 2721 3560 ἁμαρτήμασιν
2762 3490 2844 3542 ἔτι
2900 3489 3281 3559 προστιθέντες
3337 3491 3432 3544 καὶ
3481 3491 3541 3544 τὸ
3578 3490 3674 3545 τοῦ
3706 3493 3918 3561 μίσους

2333 3581 2499 3634 αὑτοῦ
2543 3579 2867 3650 ἁμάρτημα.
2919 3581 2994 3633 Οὐ
3055 3581 3217 3651 μόνον
3258 3582 3366 3651 γὰρ
3414 3583 3515 3636 οὐκ
3560 3584 3916 3655 ἐμιμήσαντο

2331 3671 2540 3735 τοῦτον,
2594 3671 2730 3723 ἀλλὰ
2761 3672 2852 3725 καὶ
2887 3671 3177 3744 ἐμίσησαν.
3221 3675 3291 3726 Ἦ
3321 3673 3500 3726 τοίνυν
3530 3675 3593 3726 τὸ
3633 3679 3918 3745 πλημμε-

2330 3762 2660 3830 λήσουσιν,
2699 3764 2818 3815 ἀντὶ
2847 3762 2961 3828 τοῦ,
2985 3764 3380 3835 ἀμαρτήσουσι,
3447 3765 3686 3834 νοητέον,
3720 3766 3758 3836 ἢ
3786 3769 3919 3821 ἀντὶ

2330 3850 2448 3913 τοῦ,
2496 3849 2918 3904 κινδυνεύσουσι.

2402 4027 2774 4095 Λυτρώσεται
2805 4029 3011 4097 Κύριος
3036 4029 3238 4099 ψυχὰς
3263 4029 3499 4084 δούλων
3525 4030 3736 4087 αὐτοῦ.
3772 4032 3917 4086 ’Διτδ

2331 4121 2440 4174 τῶν
2469 4121 2826 4192 ἀνθρωπίνων
2857 4124 2950 4176 καὶ
2983 4122 3312 4192 δαιμονικῶν
3350 4122 3674 4188 ἐπιϐουλῶν,
3718 4123 3781 4176 αἳ
3813 4127 3912 4196 ᾑτ-

2331 4209 2657 4280 τηθήσονται
2684 4212 2782 4281 τῆς
2817 4212 3094 4282 ὑπομονῆς
3127 4211 3327 4266 αὐτῶν.

2403 4305 2511 4357 Καὶ
2567 4305 2638 4354 οὺ
2677 4302 2763 4371 μὴ
2815 4304 3322 4372 πλημμελήσουσι
3375 4303 3597 4369 στάντος
3628 4304 3684 4356 οι
3741 4305 3906 4358 eli-J-

2333 4393 2530 4459 ζοντες
2554 4393 2646 4446 ἐπ’
2673 4395 2879 4447 αὐτόν.
2923 4393 3061 4446 Οὔτε
3091 4396 3199 4464 γὰρ
3233 4395 3632 4464 ἅμαρτήσουσι,
3665 4395 3736 4464 τῇ
3768 4395 3916 4463 πρὸς

2332 4485 2493 4538 αὑτὸν
2535 4486 2711 4538 ἑλπίδι
2750 4486 3280 4556 χειραγωγούμενοι,
3315 4484 3440 4539 οὔτε
3489 4485 3914 4542 κινδυνεύσουσι

2332 4577 2599 4648 ψυχικῶς.

2828 4690 3072 4758 Ψαλμὸς
3093 4689 3171 4754 τῷ
3200 4691 3396 4744 Δαϐίδ.

2882 4827 3173 4880 ΨΑΛΜΟΣ
3203 4827 3323 4880 AA'.

2401 4941 2512 4993 Καὶ
2559 4939 2747 4993 τοῦτον
2792 4938 2983 5010 εἴρηκε
3016 4940 3107 4993 τὸν
3139 4939 3375 5010 ψαλμὸν,
3430 4941 3513 4993 ἔτι
3565 4941 3919 5012 διωκόμενος

2330 5032 2433 5084 ὑπὸ
2477 5032 2647 5085 Σαοὺλ
2670 5070 2686 5092 ,
2724 5033 2819 5084 καὶ
2872 5031 3122 5101 μηδαμοῦ
3152 5033 3346 5102 στῆναι
3405 5034 3874 5106 συγ-χωρούμενος
3900 5058 3917 5074 ο

2330 5130 2596 5196 προσήκει
2621 5125 2678 5177 δὲ
2710 5127 2802 5179 καὶ
2846 5126 2977 5177 πᾶσι
3011 5125 3500 5193 καταδιωιιομένοις
3531 5125 3622 5180 ὑπ’
3653 5128 3912 5197 ἐχθρῶν.

2328 5219 2448 5288 Χρὴ
2481 5217 2536 5270 δὲ
2581 5219 2701 5278 ταῖς
2737 5215 2835 5284 μὲν
2883 5217 3040 5285 ἀραῖς
3085 5218 3143 5268 ὲν
3177 5217 3311 5269 πᾶσι
3354 5217 3468 5278 τοῖς
3495 5215 3733 5287 ψαλμοῖς
3764 5222 3918 5275 κατά

669 5313 1074 5380 precationibus
1120 5321 1324 5376 autem,
1365 5328 1490 5383 qua!
1528 5320 1638 5366 tam
1691 5312 1745 5365 in
1786 5311 2037 5381 praesenti
2093 5318 2222 5364 sunt

2334 5310 2426 5362 τῶν
2471 5308 2739 5377 δαιμόνων
2772 5306 3039 5376 χρῆσθαι·
3080 5300 3227 5360 οὗτοι
3261 5306 3370 5378 γὰρ
3425 5309 3518 5360 καὶ
3563 5307 3692 5367 τοὺς
3737 5310 3919 5365 πολε-

668 5403 900 5472 psalmo,
932 5419 1094 5472 quam
1122 5403 1272 5469 alibi,
1313 5405 1390 5458 uti
1425 5419 1524 5460 nos
1553 5409 1771 5472 Oportet
1824 5402 2088 5456 adversus
2115 5399 2224 5455 de-

671 5507 862 5559 mpnes
895 5511 908 5547 :
944 5494 981 5548 ii
1011 5496 1154 5550 enim
1190 5502 1340 5559 sunt,
1377 5495 1469 5565 qui
1513 5503 1732 5551 nostros
1758 5494 1997 5548 excitant
2037 5490 2222 5545 inimi-

739 5690 956 5746 "Juan.
997 5710 1104 5759 χιιι,
1138 5697 1227 5750 55.
1347 5694 1392 5728 ⁸⁸
1423 5697 1462 5751 11
1485 5697 1608 5752 Cor.
1648 5714 1718 5759 Iv,
1749 5696 1802 5751 8.

670 5775 852 5829 cxvut,
886 5765 1005 5818 151.
1048 5766 1090 5795 "
1114 5767 1257 5822 Psal.
1283 5780 1365 5829 ιιι,
1389 5769 1440 5821 8.

1923 5697 1965 5727 ιε’
2008 5695 2146 5750 Psal.
2183 5712 2338 5758 xmt,
2381 5694 2464 5747 19.

1516 5770 1562 5800 ⁷³
1599 5770 1797 5824 Jeretn.
1827 5782 1898 5831 tv,
1948 5767 2033 5819 19.
2110 5768 2154 5796 "‘
2189 5768 2204 5819 1
2247 5765 2379 5835 Reg.
2439 5780 2498 5829 ιι,
2531 5763 2584 5818 9.

2324 5399 2555 5471 μοῦντας
2584 5399 2720 5465 ἡμῖν
2765 5397 3085 5467 ἀνθρώπους
3124 5398 3476 5470 διεγείρουσι·
3509 5397 3623 5480 τοῖς
3660 5397 3914 5456 ὀνείδεσι

2319 5491 2398 5556 δὲ,
2435 5489 2575 5544 κατὰ
2609 5487 2718 5542 τῶν
2745 5488 3213 5545 ἐπιϐουλευόντων
3259 5492 3392 5562 ἡμῖν
3445 5487 3761 5559 ἀνθρώπων
3786 5509 3806 5528 ⁶
3842 5496 3915 5550 τὰ

2568 5691 2614 5726 '°
2641 5687 2829 5743 Matth.
2882 5704 2959 5760 xi,
3008 5693 3073 5747 15
3102 5702 3154 5748 et
3183 5691 3310 5748 alibi
3332 5693 3557 5762 passim.
3665 5693 3714 5727 "
3743 5693 3908 5774 ρετ-ιι.
