4108 6330
639 404 742 468 399

1875 397 2249 460 EUTHYMU
2292 395 2650 457 ZlGABENI

3725 395 3826 458 ιὶο

628 511 944 570 laudabant.
974 509 1317 572 huntiliabar,
1356 509 1561 575 fingens
1602 521 1685 563 me
1721 507 1927 562 tristem
1960 521 2021 560 ac
2053 522 2173 562 mosL

2287 525 2358 574 νῳ
2386 507 2534 576 παρὰ
2562 505 2655 560 τοῦ
2684 505 2937 577 πλήθους,
2964 504 3378 575 ὲταπεινούμην,
3417 505 3558 558 ἑκὼν
3609 522 3822 577 σχημα-

629 613 770 655 stnm
813 617 954 655 esse.
1015 601 1161 654 Solet
1217 601 1359 654 enim
1401 601 1560 654 invisi
1613 599 1848 653 hominis
1898 597 2175 651 humilitas

628 707 786 764 atque
815 695 1044 764 dejectio
1095 693 1349 746 invidiam
1369 693 1658 760 reprimere
1683 706 1695 742 :
1722 687 2172 758 quemadmodum

625 797 810 840 contra
841 785 1090 854 superbia
1125 793 1286 851 atque
1328 783 1493 836 elatio
1523 795 1743 849 angere.

695 861 854 932 Vens.
881 879 958 931 l5.
983 876 1264 930 Adversum
1299 890 1375 926 me
1393 873 1560 927 la'tati
1582 881 1786 933 sunt,et
1807 880 2172 925 conuenerunt.

625 970 703 1022 Me
746 970 857 1022 haec
890 975 1098 1037 agente,
1139 974 1296 1034 atque.
1326 964 1428 1016 hoc
1458 971 1616 1031 pacto
1651 963 1941 1028 sentiente,
1975 961 2048 1014 illi
2081 963 2171 1013 lae-

621 1061 712 1111 tati
750 1067 896 1122 sunt,
929 1057 1207 1109 credentes
1243 1055 1468 1122 periisse
1496 1054 1640 1108 vires
1689 1069 1832 1108 meas
1865 1071 1880 1116 ;
1929 1063 1983 1107 et
2041 1068 2171 1106 con-

625 1157 910 1208 venerunt,
946 1147 1256 1200 nt'insidias
1293 1144 1577 1198 adversum
1609 1159 1692 1198 me
1715 1144 2082 1212 disponerent.

692 1238 1010 1305 Congregata
1046 1245 1162 1288 sunt
1219 1249 1371 1302 super
1396 1248 1473 1286 me
1518 1233 1727 1303 ﬂagella
1757 1275 1772 1298 ,
1828 1243 1875 1287 et
1915 1237 2164 1304 ignoravi.

617 1331 768 1396 Quod
800 1327 932 1382 LXX
967 1327 1288 1396 Iuterprctcs
1335 1325 1588 1377 dixerunt
1637 1325 1870 1394 ﬂagella,
1921 1325 2168 1396 Symma-

617 1426 752 1476 chus
782 1423 1120 1488 perculientes
1140 1421 1389 1474 reddidit.
1412 1421 1496 1473 Ait
1529 1421 1691 1488 igitur
1718 1437 1730 1472 :
1761 1417 2046 1472 Occisores
2074 1419 2167 1471 ad-

619 1528 830 1566 versum
874 1528 958 1564 me
995 1513 1300 1581 congregati
1339 1520 1465 1565 sunt
1496 1525 1510 1575 ;
1565 1523 1685 1570 me,
1719 1509 1936 1576 inquam
1970 1549 1984 1569 ,
2017 1511 2168 1578 igno-

621 1615 826 1658 rantem
884 1603 1186 1671 hnjnsnxodi
1223 1619 1406 1657 eorum
1455 1601 1680 1656 consilia
1743 1609 1904 1668 atque
1945 1601 2166 1654 insidias

622 1711 754 1762 quas
791 1695 1070 1746 adversum
1101 1708 1184 1746 nte
1219 1692 1598 1762 disponebant.
1651 1691 1749 1744 Eas
1798 1701 1976 1743 autem
2040 1703 2165 1758 puto

614 1784 933 1844 subnotari,
985 1766 1127 1850 φιλο
1159 1783 1210 1834 in
1281 1783 1505 1836 historia
1575 1781 1778 1848 l'tcgum
1828 1781 2114 1833 traduntur
2146 1821 2159 1843 ,

616 1874 831 1940 quando
858 1873 976 1939 ejus
1009 1888 1143 1924 uxor
1176 1871 1370 1925 Michol
1396 1871 1584 1944 omnia
1615 1871 1689 1923 illi
1725 1872 1935 1939 aperuit
1959 1909 1972 1932 ,
2005 1881 2162 1940 atque
2196 1863 2234 1916 Β

617 1981 651 2029 ιι
675 1963 912 2030 periculo
937 1961 1094 2012 etiam
1123 1975 1244 2013 eum
1283 1961 1529 2014 salvavil.

689 2051 849 2104 Vens.
885 2051 969 2104 16.
999 2051 1253 2116 Dissipati
1281 2058 1428 2112 sunt,
1463 2061 1510 2101 et
1562 2067 1661 2102 non
1706 2052 2160 2119 suntcompuncti.

620 2141 870 2208 Dissipati
913 2150 1039 2192 sunt
1065 2154 1184 2191 cum
1211 2154 1293 2191 me
1322 2154 1429 2191 non
1459 2139 1814 2203 invenissent,
1862 2141 1950 2192 ubi
1983 2155 2164 2208 spera-

621 2242 822 2292 verant,
851 2240 896 2280 et
929 2237 1102 2280 tamen
1141 2228 1447 2295 compuncti
1485 2243 1588 2280 non
1619 2239 1742 2282 sunt
1772 2270 1785 2292 ,
1848 2230 1972 2298 quia
2021 2230 2163 2283 nulla

618 2320 760 2372 ducti
798 2328 920 2371 sunt
964 2315 1296 2383 pmnitentia.

692 2408 1037 2461 Tentat-erunt
1097 2421 1196 2467 me,
1252 2404 1706 2458 subsannat'erunt
1760 2421 1840 2458 me
1875 2405 2165 2458 subsanna-

623 2503 783 2562 tiom,
818 2499 1154 2560 ,l'renduerunt
1187 2513 1340 2563 super
1375 2514 1454 2550 me
1475 2497 1717 2551 dentibus
1741 2499 1872 2552 suis.
1905 2499 2055 2560 Saul,
2081 2501 2166 2551 in-

618 2594 759 2660 quit,
793 2599 847 2644 et
893 2590 980 2655 qni
1017 2604 1137 2640 cum
1178 2603 1242 2639 eo
1273 2595 1446 2651 erant,
1491 2590 1782 2656 aliquando
1829 2598 2169 2642 tentaverunt

622 2699 704 2735 me
737 2682 1026 2748 Prohantes
1059 2689 1221 2746 atque
1253 2679 1639 2747 experientiam
1671 2688 1945 2732 sumentes
1975 2680 2167 2734 mentis

629 2789 805 2826 meae:
850 2757 1140 2838 aliquando
1194 2769 1357 2822 ctiam
1395 2769 1884 2829 subsannavernnt,
1937 2767 2168 2822 irriden-

621 2874 724 2922 ινδ,
761 2863 921 2915 veluti
949 2863 1247 2920 inlirmnm,
1275 2873 1418 2912 nunc
1447 2873 1575 2911 vero
1601 2859 1774 2925 palam
1813 2857 2052 2928 [lt'OllUlIl
2084 2859 2167 2911 in-

621 2949 760 3021 star]
797 2952 847 3002 in
885 2965 969 3003 me
995 2947 1197 3001 ellerati
1228 2955 1378 3000 sunt.
1416 2943 1687 2998 Frendere
1713 2944 1966 2998 dentibus
1992 2943 2166 2998 solent

621 3058 811 3096 onmes
848 3040 1139 3109 aliquando
1166 3039 1235 3091 ob
1282 3037 1551 3100 timorem,
1601 3035 1887 3104 aliquando
1924 3049 2048 3090 vero
2097 3037 2167 3090 ob

626 3135 853 3185 nimiam
897 3122 1364 3198 indignationem,
1403 3127 1622 3194 quando
1670 3127 1946 3189 nitnirutn,
2005 3125 2166 3179 veluti

2283 601 2560 670 τιζόμενος
2587 600 2993 677 τὸνμτενθοῦντα
3015 604 3107 652 καὶ
3136 598 3610 669 σκυθρωπάζοντα.
3643 601 3819 652 Κατα-

2284 690 2488 745 στέ).λει
2515 691 2621 762 γὰρ
2649 691 2740 744 τὸν
2768 692 2958 760 φθόνον
3008 693 3041 760 ή
3081 690 3174 744 τοῦ
3229 691 3590 760 φθονουμένου
3636 690 3822 743 ταπεί-

2282 798 2464 844 νωσις,
2499 782 2684 852 ὥσπερ
2713 781 2864 846 αὔξει
2895 781 3201 835 τούναντίον
3225 782 3527 851 ἡέπαρσις.

2347 873 2484 925 Κατ’
2507 872 2650 940 ἐμοῦ
2666 871 3108 940 εὐρράνθησαν,
3136 870 3232 924 καὶ
3256 871 3678 952 συνήχθησαν.
3715 871 3824 924 Καὶ

2278 962 2410 1031 ἐμοῦ
2455 961 2625 1015 ταῦτα
2684 963 2979 1029 ποιοῦντος,
3027 965 3119 1015 καὶ
3154 962 3325 1025 οὓτως
3378 961 3626 1031 ἔχοντος,
3674 962 3823 1014 αὐτοὶ

2278 1057 2657 1126 εὑφράνθησαν
2684 1059 2824 1120 τότε,
2856 1059 3131 1123 δοκοῦντες
3163 1059 3417 1129 ὑπορρεῖν
3435 1057 3534 1126 ἠδη
3563 1057 3661 1126 τὴν
3689 1056 3822 1127 ἐμὴν

2276 1143 2522 1214 δύναμιν,
2555 1147 2648 1199 καὶ
2679 1148 3018 1217 συνήχθησαν
3044 1151 3122 1211 είς
3152 1149 3380 1218 μελέτην
3412 1147 3723 1215 ἐπιϐουλῆς.

2345 1235 2743 1302 Συνήχθησαν
2767 1237 2856 1288 ἐπ’
2882 1237 2984 1305 ἐμὲ
3008 1236 3313 1305 μάστιγες,
3345 1237 3441 1292 καὶ
3470 1240 3578 1290 οὐκ
3612 1237 3816 1303 ἔγνων.

2276 1323 2384 1386 Τὰς
2413 1327 2680 1392 μάστιγας
2708 1327 2958 1398 ἐνταῦθα,
2997 1327 3335 1396 πλήττοντας
3364 1322 3516 1379 εἶπεν
3539 1327 3566 1377 ό
3595 1326 3820 1393 Σύμμα-

2274 1431 2386 1483 χος.
2408 1416 2569 1482 Λέγει
2596 1415 2792 1480 τοίνυν,
2821 1407 3113 1479 ὅτιΦονεῖς
3149 1415 3494 1484 συνήχθησαν
3537 1412 3656 1465 κατ’
3687 1411 3817 1479 ἐμοῦ

2271 1504 2610 1571 ἀγνοοῦντος,
2633 1507 3000 1577 ὲνεδρεύοντές
3034 1524 3140 1576 μοι.
3173 1507 3308 1575 Περὶ
3337 1504 3526 1556 τούτου
3561 1503 3616 1554 δὲ
3638 1503 3821 1570 σαφῶς

2271 1598 2303 1664 ἡ
2336 1597 2546 1667 ἱστορία
2577 1598 2838 1659 διδάσκει,
2869 1599 2956 1650 ὅτε
2979 1598 3206 1666 Μελχὼλ
3232 1599 3264 1665 ἡ
3294 1596 3430 1665 γυνὴ
3471 1593 3635 1646 αὐτοῦ
3686 1611 3816 1645 κατ-

2271 1692 2541 1759 εμήνυσεν
2565 1690 2709 1760 αὐτῷ
2738 1690 2836 1758 τὴν
2859 1689 3113 1759 τοιαύτην
3153 1687 3463 1758 ὲπιδουλὴν,
3513 1686 3606 1739 καὶ
3636 1683 3818 1753 φυγὼν

2269 1777 2516 1847 διεσώθη.

2331 2041 2793 2110 Διεσχίσθησαν,
2829 2041 2926 2094 καὶ
2961 2059 3033 2096 ου
3062 2042 3497 2111 κατενύγησαν.
3532 2040 3815 2092 Διεσκεδά-
3887 2040 3892 2044 ’

2267 2129 2487 2198 σθησαν,
2517 2133 2589 2200 μὴ
2618 2133 2865 2199 εὑρόντες
2898 2149 2990 2200 με,
3043 2131 3171 2185 ἔνθα
3208 2131 3434 2201 ἦλπιζον
3459 2149 3473 2162 ι
3516 2131 3611 2182 καὶ
3669 2131 3816 2198 ὅμως

2264 2220 2325 2271 οὐ
2369 2221 2766 2289 κατενύγησαν,
2789 2223 2911 2274 οὐδὲ
2938 2223 3291 2292 μετενόησαν.
3452 2265 3461 2270 -

2347 2309 2698 2376 Ἐπείρασάν
2724 2327 2834 2378 με,
2874 2310 3360 2380 ἐξεμυκτήρισάν
3406 2327 3482 2378 με
3534 2327 3816 2378 μυκτηρι-

2266 2402 2442 2469 σμὸν,
2465 2403 2721 2468 ἐερυξαν
2755 2402 2852 2454 ἐπ’
2897 2403 3003 2471 ἐμὲ
3035 2403 3176 2468 τοὺς
3214 2401 3462 2466 ὀδόντας
3503 2401 3721 2453 αὐτῶν.
3754 2402 3815 2451 0i

2268 2494 2396 2563 περὶ
2420 2495 2609 2558 Σαοὺλ,
2645 2497 2798 2564 φησὶ,
2828 2498 2958 2549 ποτὲ
2997 2497 3094 2566 μὲν
3121 2497 3419 2565 ἐπείρασαν
3467 2512 3554 2564 με,
3592 2494 3817 2560 δοκιμά-

2268 2587 2448 2648 ζοντες
2474 2585 2588 2648 πῶς
2621 2587 2896 2655 διάκειμαι
2925 2605 2941 2620 ο
2989 2589 3115 2640 ποτὲ
3149 2589 3204 2639 δὲ
3247 2587 3702 2657 ἑξεμυκτήριταν,
3754 2588 3813 2636 ὲν

2269 2675 2429 2745 χλεύῃ
2450 2675 2824 2743 διαγελῶντες,
2860 2677 2934 2738 ὡς
2958 2676 3153 2745 ἀσθενῆ
3185 2694 3198 2707 -
3233 2678 3326 2729 νῦν
3351 2677 3406 2729 δὲ
3450 2676 3698 2743 φανερῶς
3732 2675 3818 2737 ἐξ-

2268 2766 2661 2834 εοηριώθησαν.
2687 2768 2896 2820 Γίνεται
2920 2769 2973 2820 δὲ
2995 2767 3238 2837 βρυγμὸς
3263 2767 3508 2832 ὀδόντων,
3542 2768 3669 2818 ὅταν
3726 2766 3816 2816 ἁλ-

2267 2856 2466 2924 λήλοις,
2503 2857 2985 2925 ὲξυττερὸἀλλοντος
3019 2858 3183 2925 φόϐου
3219 2859 3250 2927 ἢ
3279 2855 3474 2925 θυμοῦ,
3503 2873 3816 2926 προσαρασ-

2269 2950 2482 3016 σόμενοι
2515 2948 2780 3000 κτυπῶσι.
2812 2947 2944 3010 Νῦν,
2987 2950 3139 3016 φησὶ,
3187 2948 3264 3016 τῷ
3315 2947 3470 3017 θυμῷ
3539 2946 3813 3009 ζέσαντες,

2268 3033 2377 3090 οἷον
2411 3039 2702 3091 κτυπούσιν
2731 3037 2815 3090 ἐπ’
2862 3037 2964 3107 ἐμὲ
3003 3039 3126 3099 τοὺς
3176 3037 3392 3099 ὀδόντας
3455 3037 3651 3100 αὐτῶν,
3700 3037 3815 3088 δια-

2274 3128 2547 3197 μασᾶσθαι
2574 3130 2675 3191 τὰς
2705 3127 2842 3196 ὲμὰς
2869 3127 3174 3196 γλιχόμενοι
3198 3127 3427 3195 σάρκας.

625 3221 806 3276 lurore
830 3221 1087 3291 quodam,
1116 3216 1386 3271 collidunt
1409 3225 1598 3269 mutuo
1624 3215 1813 3268 dentes
1838 3225 1890 3268 et
1919 3228 2191 3268 resonant.
2233 3214 2408 3284 Nunc,
2442 3218 2639 3287 inquit,
2669 3219 2745 3272 ira
2770 3233 2832 3272 ac
2858 3217 3006 3273 rabie
3033 3217 3195 3287 pleni,
3270 3232 3524 3273 resonare
3568 3219 3820 3272 videntur

623 3334 784 3384 super
818 3334 898 3370 me
927 3315 1179 3368 dentibus
1203 3313 1338 3376 suis,
1379 3311 1522 3365 avidi
1569 3311 1827 3363 nimirum
1869 3318 1928 3362 ut
1963 3324 2156 3365 carnes
2196 3326 2344 3367 meas
2369 3314 2653 3367 dilanient.

695 3413 857 3463 Vens.
895 3409 982 3462 17.
1021 3406 1239 3460 Domine
1293 3405 1504 3474 quando
1562 3403 1800 3470 respicies
1832 3403 1856 3454 7
1908 3401 1986 3455 Tu
2020 3404 2162 3457 enim

2335 3407 2531 3473 Κύριε,
2571 3408 2714 3460 πότε
2731 3407 2976 3476 exop-et,-
3000 3408 3381 3476 Μακροθυμῶν
3411 3411 3520 3478 γὰρ
3548 3409 3640 3459 ἐπὶ
3687 3409 3810 3460 τούς

624 3498 946 3568 tongauimis
995 3495 1062 3549 ad
1114 3497 1247 3559 hac,
1312 3493 1583 3562 respicere
1639 3506 1732 3546 eos
1781 3505 1887 3544 non
1943 3492 2162 3546 videris.

626 3588 856 3655 Quando
915 3587 1079 3655 igitur
1142 3583 1589 3646 animadvertes,
1633 3591 1689 3636 et
1746 3581 2036 3635 vindictam
2085 3581 2163 3635 l'a-

625 3681 738 3733 cies
763 3679 784 3729 ’ί

696 3769 932 3822 Restitue
961 3767 1192 3818 animam
1227 3778 1396 3818 meam
1422 3779 1454 3815 a
1486 3761 1818 3830 malignitate
1846 3776 2050 3815 eorum.
2083 3761 2164 3816 Tu

626 3876 711 3913 me
741 3859 932 3918 libera,
962 3855 1160 3923 inquit,
1195 3854 1264 3906 ab
1303 3853 1519 3907 inorum
1579 3851 1959 3920 perversitate,
2013 3859 2068 3904 et
2110 3850 2165 3904 in

629 3951 914 4018 pristinam
950 3946 1299 4001 securitatem
1321 3943 1568 3997 restitue.

699 4124 741 4176 A
773 4121 1005 4176 leonibus
1047 4121 1366 4189 unigenitum
1400 4135 1591 4172 meam.
1629 4115 1899 4171 Frendere
1954 4109 2167 4186 proprie

626 4216 880 4268 dicuntur
908 4212 1089 4266 leones
1118 4227 1133 4263 :
1158 4216 1547 4278 consequenter
1586 4208 1746 4277 igitur
1773 4222 1896 4261 cum
1924 4205 2169 4261 frendere

627 4318 720 4358 eos
745 4302 962 4365 dixerit,
994 4300 1334 4368 postmodum
1365 4299 1548 4353 leones
1580 4299 1742 4350 etiam
1772 4294 2088 4366 appellavit;
2116 4303 2170 4348 et

633 4394 862 4448 maxime
891 4391 960 4444 ob
986 4389 1278 4460 ingenitam
1305 4389 1387 4443 eis
1410 4389 1664 4443 saevitiam
1716 4395 1770 4440 et
1795 4387 2004 4440 insidiis
2029 4400 2169 4439 sem-

627 4500 722 4553 per
753 4486 1015 4536 intentum
1055 4482 1317 4534 animum.
1355 4477 1696 4548 Unigenitam
1728 4485 1908 4530 autem
1933 4477 2166 4529 animam

632 4589 809 4639 suam,
832 4559 934 4626 hoe
978 4581 1059 4625 cst
1112 4573 1371 4642 seipsum,
1410 4585 1474 4624 ea
1498 4573 1703 4623 ratione
1729 4567 2034 4638 appellavit,
2063 4581 2167 4635 qua

629 4664 1023 4719 declaravimus
1081 4661 1133 4714 in
1181 4660 1386 4728 psalmo
1441 4675 1568 4722 ut;
1626 4673 1656 4710 a
1697 4659 1968 4712 communi
2002 4659 2164 4711 etiam

632 4769 799 4808 sensu
829 4753 931 4805 hoc
959 4753 1012 4805 in
1040 4753 1162 4805 loco
1205 4749 1634 4826 subaudiendum
1681 4756 1764 4803 est
1813 4748 2057 4813 verbum,
2087 4762 2168 4800 re-
2198 4735 2246 4792 Ι)

629 4855 803 4898 stitue.

705 4935 866 4988 Vens.
900 4935 985 4987 18.
1019 4933 1319 5001 Co'nﬁtebor
1353 4933 1447 4985 tibi
1493 4933 1546 4984 in
1600 4930 1830 4984 Ecclesia
1879 4929 2063 4990 multa,
2117 4930 2172 4981 in

633 5027 820 5092 papula
869 5026 1013 5092 gravi
1076 5025 1305 5076 laudabo
1367 5034 1433 5076 te.
1493 5021 1624 5074 Vide
1680 5036 1801 5090 qua
1857 5019 2173 5087 exponendo

633 5115 928 5168 dixerimus
957 5114 1010 5166 in
1035 5123 1454 5167 commemorato
1499 5111 1747 5178 superius
1799 5109 2023 5177 psalmo,
2056 5107 2126 5160 ibi
2157 5124 2170 5159 :

632 5203 699 5256 In
738 5202 968 5254 Ecclesia
1000 5218 1188 5270 magna
1221 5200 1498 5266 conﬁtebor
1529 5199 1621 5250 tibi
1644 5197 1706 5252 ⁷⁸.

701 5291 768 5343 1η
800 5292 989 5359 populo
1021 5293 1165 5359 gravi
1203 5289 1426 5342 laudabo
1473 5298 1539 5340 te.
1595 5287 1698 5338 Pro
1751 5285 1946 5352 βαρεῖ,
2004 5287 2172 5353 gravi.

2265 3513 2397 3561 τοις,
2426 3497 2600 3560 δοκεῖς
2631 3498 2728 3568 μὲν
2755 3500 2852 3568 οὐχ
2875 3501 3005 3568 όρᾷν
3035 3500 3228 3552 ταῦτα.
3277 3500 3411 3551 Πότε
3465 3500 3558 3552 οὖν
3597 3499 3810 3567 ὲπὸψει,

2267 3586 2364 3641 και
2391 3588 2694 3659 ὲκδικήσεις
2713 3607 2728 3656 ;

2347 3754 2865 3821 Ἀποκατὰστησον
2899 3756 3013 3824 τὴν
3033 3757 3242 3824 ψυχήν
3261 3775 3383 3824 μου
3406 3758 3524 3811 ἀπὸ
3552 3759 3661 3826 τῆς
3703 3776 3809 3812 κα-

2268 3849 2554 3916 κουργίας
2617 3847 2830 3902 αὐτῶν.
2875 3849 3004 3901 una
3064 3851 3163 3916 τῆς
3233 3848 3568 3918 κακουργίας
3631 3852 3809 3904 αὐτῶν

2269 3937 2639 4016 ἐλευθερώσας
2669 3955 2759 4008 με,
2795 3941 3242 4007 ἀποκατάστησον
3267 3927 3348 4001 ε’ίς
3386 3938 3483 4008 τὴν
3538 3939 3812 4012 προτέραν

2267 4029 2512 4096 ἀφοϐίαν.
3515 4035 3522 4039 “

2349 4121 2490 4173 Ἀπὸ
2519 4122 2781 4174 λεόντων
2812 4121 2924 4190 τὴν
2943 4121 3241 4190 μονογενῆ
3290 4138 3428 4189 μου.
3475 4121 3550 4176 .Tb
3593 4121 3810 4193 βρύχειν

2269 4212 2470 4279 κυρίως
2500 4213 2592 4264 ἐπὶ
2623 4213 2851 4265 λεόντων
2913 4211 3147 4279 λέγεται.
3204 4211 3536 4274 Ἀκολούθως
3583 4211 3695 4278 οὖν,
3733 4211 3810 4274 ὡς

2271 4300 2597 4370 βρύξαντας.
2637 4303 2858 4364 λέοντας
2887 4302 3132 4372 ὠνόμασε
3157 4302 3400 4368 τούτους,
3423 4302 3516 4356 διὰ
3539 4303 3638 4372 τὴν
3657 4301 3807 4370 ὡμόο

2268 4409 2402 4462 τητα
2432 4395 2525 4444 καὶ
2552 4393 2860 4462 ἐπιϐουλήν.
2877 4394 3151 4463 Μοναγενῆ
3183 4393 3239 4446 δί
3257 4385 3266 4390 ’
3287 4377 3451 4462 λέγει’
3491 4395 3590 4464 τὴν
3612 4393 3808 4448 ἑαυτοῦ

2266 4483 2443 4552 ψυχὴν
2496 4484 2614 4552 ἦτοι
2658 4475 2868 4548 ἑαυτὸν,
2905 4484 2979 4547 ὡς
3028 4485 3328 4553 ειρήκαμεν
3362 4486 3420 4536 ἰν
3448 4485 3527 4553 τῷ
3577 4485 3807 4554 εἰκοστῷ

2270 4574 2467 4643 πρώτῳ
2497 4573 2696 4644 ψαλμῷ
2716 4589 2730 4602 ·
2754 4576 2859 4627 ἀπὸ
2883 4575 3064 4628 κοινοῦ
3089 4575 3147 4628 δὲ
3177 4557 3452 4628 κὰνταίἷθα
3475 4574 3556 4640 τδ,
3582 4577 3807 4631 ἀποκαο

2265 4661 2590 4727 τὰστησον.

2351 4917 2886 4992 Ἑξομολογὴσομαί
2910 4932 3008 4970 σοι
3061 4920 3130 4970 ἐν
3198 4919 3522 4986 Ἐιιιιησίᾳ
3585 4917 3806 4985 πολλῇ-

2283 5009 2369 5062 Ἐν
2401 5009 2478 5076 τῷ
2512 5008 2657 5078 αὐτῷ
2684 5008 2881 5078 ψαλμῷ
2914 5009 3071 5061 πάλιν
3104 5003 3255 5062 εἶπεν
3285 5027 3299 5040 ·
3336 5010 3438 5063 Ἔν
3483 5010 3796 5074 Ἐκκλησία

2269 5098 2492 5167 μεγάλῃ
2523 5097 3035 5166 ἐξομολογήσομαί
3060 5115 3157 5153 σσι
3193 5117 3207 5130 ο
3233 5101 3324 5152 καὶ
3353 5099 3503 5167 ζήτει
3536 5099 3634 5166 τὴν
3663 5100 3776 5151 ἐκεί

2269 5207 2357 5242 νου
2395 5189 2484 5241 τοῦ
2516 5188 2678 5260 ῥητοῦ
2701 5191 2974 5260 ἐξήγησιν.

2349 5279 2448 5331 Ἐν
2479 5277 2604 5344 λαῷ
2623 5278 2803 5346 ,ϐαρεῖ
2822 5280 3038 5332 αἰνέσω
3067 5295 3161 5332 σε.
3195 5277 3266 5332 Τὸ
3289 5279 3490 5347 βαρεῖ,
3527 5287 3806 5348 παμπλη-

633 5383 992 5451 Symtnacltus
1024 5383 1182 5434 habet
1209 5380 1547 5449 παμπληθεῖ,
1576 5379 1853 5447 frequenti.
1883 5379 2167 5432 Estautem

2272 5368 2358 5423 θεῖ
2382 5370 2602 5437 εἴρηκεν
2656 5371 2686 5421 ό
2736 5370 3058 5440 Σύμμαχος
3093 5371 3215 5422 ἐστι
3267 5371 3324 5422 δὲ
3361 5370 3454 5424 τοῦ
3497 5372 3600 5439 πρὸ
3639 5369 3804 5423 αὑτοῦ

631 5473 986 5542 praecedentis
1018 5475 1146 5526 dicti
1177 5473 1569 5539 interpretatio.

709 5558 988 5655 \'us.:9.
1042 5562 1158 5614 Non
1220 5563 1638 5628 supct‘gomleant
1688 5562 1774 5614 ani
1825 5559 2171 5613 adversantur

753 5747 794 5773 "
855 5744 988 5796 l‘sal.
1029 5756 1132 5796 ut.
1170 5741 1258 5792 9.3.

2271 5459 2431 5529 ῥητοῦ
2463 5460 2789 5530 ὲπεξήγησις
2823 5498 2838 5512 .

2341 5550 2436 5617 Μὴ
2464 5549 2886 5619 ἐπιχαρείησάν
2903 5569 3002 5620 μοι
3031 5553 3084 5604 ol
3112 5551 3521 5620 ἐχθραίνοντές
3539 5569 3641 5620 μοι
3678 5551 3809 5607 ἀδι-
