4108 6330
587 408 690 471 399

1823 403 2197 466 EUTHYMU
2240 401 2598 464 ZIGABENI

3673 403 3791 466 4".0

576 515 892 574 laudabant,
923 513 1265 577 humiliabar,
1304 513 1509 581 fingens
1550 527 1633 568 me
1669 512 1876 568 tristem
1908 528 1969 566 ac
2001 528 2118 568 inte

2234 531 2305 580 νῳ
2333 514 2482 583 παρὰ
2509 512 2603 566 τοῦ
2632 513 2885 584 πλήθους,
2913 511 3326 583 ἐταπεινούμην,
3365 513 3506 567 ἑκὼν
3557 531 3786 586 σχημα-

577 617 719 658 stum
761 621 902 658 esse.
963 605 1109 657 Solet
1165 606 1307 658 enim
1348 606 1507 659 invisi
1561 605 1795 658 hominis
1846 604 2122 657 humilitas

577 712 734 767 atque
763 699 991 767 dejectio
1043 698 1297 750 invidiam
1317 697 1606 764 reprimere
1630 712 1643 747 :
1669 694 2120 763 quemadmodum

573 789 1038 864 contrasupcrbia
1073 797 1234 856 atque
1275 788 1440 840 elatio
1470 801 1690 854 augere.

643 882 801 936 Vens.
828 883 906 934 l5.
931 881 1212 933 Adversum
1245 895 1323 930 me
1341 879 1507 932 la-tati
1529 886 1733 939 sunt,et
1754 886 2119 931 convenerunt.

573 973 651 1026 Me
692 974 804 1026 haec
837 979 1046 1041 agente,
1087 979 1243 1038 atque.
1273 968 1375 1022 hoc
1405 977 1562 1036 pacto
1599 969 1888 1034 sentiente,
1921 967 1995 1020 illi
2028 969 2118 1020 la:-

569 1065 660 1115 tati
697 1071 844 1125 sunt,
877 1061 1154 1113 credentes
1190 1059 1416 1127 periisse
1443 1059 1587 1114 vires
1635 1073 1780 1112 meas
1812 1076 1826 1121 ;
1876 1069 1930 1112 et
1988 1075 2118 1112 con—

572 1159 858 1212 venerunt,
893 1150 1203 1204 nt'insidias
1240 1149 1524 1203 adversum
1556 1163 1639 1203 me
1663 1149 2029 1219 disponerent.

639 1241 956 1308 Congrrgata
993 1250 1109 1292 sunt
1166 1254 1317 1306 super
1343 1253 1420 1291 me
1465 1238 1674 1308 ﬂagella
1704 1279 1718 1302 ,
1775 1249 1822 1293 et
1862 1242 2111 1310 ignoravi.

565 1333 716 1399 Quod
747 1330 1235 1400 LXXInterpretes
1282 1330 1534 1382 dixerunt
1583 1330 1816 1399 ﬂagella,
1868 1331 2114 1401 Symma-

565 1429 698 1479 cbns
729 1427 1067 1492 percutiemes
1087 1426 1336 1478 reddidit.
1358 1427 1442 1477 Ait
1475 1425 1637 1493 igitur
1664 1442 1676 1477 :
1707 1422 1992 1477 Oceisores
2019 1425 2113 1477 ad-

565 1532 776 1570 versum
821 1532 904 1568 mc
941 1517 1246 1584 congregati
1285 1525 1411 1569 sunt
1443 1531 1456 1579 ;
1510 1529 1631 1575 me,
1665 1513 1882 1582 inquam
1915 1555 1930 1575 ,
1963 1517 2114 1584 igno-

568 1618 772 1661 rantem
830 1607 1132 1675 hujnmmdi
1169 1623 1352 1661 eorum
1401 1606 1626 1660 consilia
1689 1615 1850 1674 atque
1891 1608 2112 1661 insidias

568 1713 700 1765 quas
737 1699 1016 1750 adversum
1047 1712 1130 1750 me
1165 1696 1544 1766 diSponehant.
1596 1696 1695 1750 Eas
1744 1706 1921 1748 autem
1986 1709 2111 1764 pulo

561 1788 879 1848 subnmari,
931 1802 1047 1854 qum.
1105 1786 1156 1838 in
1226 1788 1451 1840 historia
1520 1786 1724 1853 Regum
1773 1787 2105 1848 traduntur,

562 1877 777 1943 quando
804 1877 922 1943 ejus
954 1891 1089 1927 uxor
1121 1875 1316 1929 Michol
1343 1876 1530 1948 omnia
1561 1876 1635 1928 illi
1670 1877 1917 1944 aperuit,
1949 1886 2108 1945 atque
2141 1869 2180 1922 Β

563 1984 596 2030 ιι
620 1966 858 2032 periculo
883 1965 1039 2015 etiam
1068 1979 1189 2017 eum
1229 1965 1474 2017 salvavit.

634 2053 794 2106 Vens.
831 2054 914 2106 16.
945 2054 1198 2120 Dissipati
1227 2062 1373 2116 sunt,
1408 2066 1455 2105 et
1507 2072 1606 2107 non
1651 2058 2104 2124 suutcompuncti.

565 2144 815 2210 Dissipati
857 2152 984 2195 sunt
1009 2158 1128 2194 cum
1155 2158 1238 2194 me
1268 2158 1374 2195 non
1404 2145 1759 2208 invenissent,
1807 2146 1895 2198 ubi
1928 2161 2110 2213 spera-

566 2245 767 2295 verant,
796 2242 840 2283 ut
875 2240 1048 2283 tamen
1086 2233 1392 2299 compuncti
1431 2247 1533 2285 non
1563 2243 1686 2286 sunt
1717 2275 1729 2297 ,
1792 2235 1916 2302 quia
1965 2236 2108 2289 nulla

563 2323 705 2375 ducti
742 2331 865 2374 sunt
908 2320 1242 2387 pcenitentia.

636 2410 982 2464 ’l'eniarerunt
1042 2425 1141 2471 me,
1196 2407 1651 2462 subsaunarerunt
1704 2426 1784 2463 me
1819 2411 2109 2463 subsanna-

567 2506 727 2565 tione,
762 2502 1099 2563 {renduerunt
1131 2517 1284 2568 super
1319 2518 1398 2555 me
1419 2502 1661 2556 dentibus
1685 2504 1815 2556 suis.
1849 2504 1998 2566 Saul,
2025 2507 2109 2557 in-

561 2598 704 2662 quit,
738 2602 791 2647 et
838 2594 924 2659 qui
961 2608 1081 2644 cum
1123 2607 1186 2644 eo
1216 2599 1390 2655 erant,
1435 2595 1725 2661 aliquando
1773 2603 2112 2648 lenlaverunt

566 2702 648 2738 me
681 2686 969 2751 probantes
1003 2692 1165 2750 atque
1196 2684 1583 2751 experientiam
1614 2693 1889 2738 sumentes
1918 2686 2110 2740 mentis

573 2793 748 2829 mea:
794 2761 1083 2842 aliquando
1137 2774 1300 2826 etiam
1335 2773 1828 2834 Subsaunaveruut,
1881 2773 2112 2828 irriden-

564 2877 667 2925 tes,
704 2867 865 2918 veluti
892 2867 1190 2924 inﬁrmum,
1219 2877 1361 2917 nunc
1391 2878 1518 2916 vero
1544 2864 1717 2930 palam
1756 2863 1996 2934 [leonum
2027 2865 2110 2917 in-

564 2953 704 3024 star]
740 2955 790 3006 in
828 2970 912 3006 me
938 2952 1140 3005 ell'erati
1171 2959 1320 3004 sunt.
1359 2949 1630 3003 Frendcre
1657 2949 1909 3003 dentibus
1935 2949 2110 3004 solent

563 3062 755 3099 (tllllleS
791 3044 1082 3113 aliquando
1109 3043 1178 3096 ob
1225 3042 1494 3104 timorem,
1543 3041 1829 3109 aliquando
1867 3055 1991 3096 vero
2041 3042 2109 3096 ob

569 3137 796 3188 nimiam
852 3136 1307 3202 indignationem,
1346 3132 1565 3199 quando
1613 3133 1889 3194 nimirum,
1947 3131 2108 3185 veluti

2231 607 2508 676 τιζόμενος
2535 607 2940 685 τὸνίπενθοῦντα
2962 612 3054 660 καὶ
3083 606 3558 677 σκυθρωπάζοντα.
3591 609 3782 661 Κατι-

2231 697 2435 751 στέ).λει
2462 698 2569 769 γὰρ
2597 699 2688 751 τὸν
2715 699 2905 767 φθόνον
2955 701 2988 768 ή
3029 698 3121 752 τοῦ
3177 699 3537 769 φθονουμένου
3584 700 3786 752 ταπεί-

2229 805 2412 851 νωσις,
2445 790 2632 858 ὥσπερ
2661 789 2812 854 αὔξει
2842 790 3148 842 τούναντίον
3172 790 3474 859 ήὲπαρσις.

2295 880 2432 932 Κατ’
2455 879 2597 947 ἐμοῦ
2613 879 3055 947 εὐφράνθησαν,
3083 878 3179 932 καί
3203 880 3624 961 συνήχθησαν.
3659 879 3786 932 Καὶ

2224 969 2358 1038 ἐμοῦ
2402 968 2572 1022 ταῦτα
2631 970 2926 1036 ποιοῦντος,
2974 973 3066 1023 καὶ
3101 969 3272 1033 οὕτως
3325 969 3573 1039 ἔχοντος,
3619 971 3783 1023 αὐτοὶ

2224 1064 2603 1133 εὐφράνθησαν
2631 1067 2771 1128 τότε,
2802 1066 3078 1130 δοκοῦντες
3109 1067 3364 1137 ὑπορρεῖν
3382 1065 3480 1135 ἠδη
3509 1066 3607 1134 τὴν
3634 1065 3780 1136 ἐμὴν

2222 1151 2469 1221 δύναμιν,
2502 1155 2594 1206 καὶ
2626 1155 2964 1224 συνήχθησαν
2991 1158 3068 1218 είς
3099 1156 3326 1226 μελέτην
3359 1155 3667 1224 ἐπιϐουλῆς.

2291 1242 2688 1309 Συνήχθησιιν
2713 1245 2802 1294 ἐπ’
2828 1244 2930 1313 ἐμὲ
2953 1244 3259 1313 μάστιγες,
3291 1245 3388 1300 καί
3415 1248 3524 1299 οὐκ
3557 1245 3770 1312 ἔγνων.

2222 1329 2330 1392 Τὰς
2359 1333 2626 1400 μάστιγας
2654 1333 2904 1405 ἐνταῦθα,
2943 1335 3280 1404 πλήττοντας
3310 1330 3462 1387 εἶπεν
3485 1335 3512 1386 ό
3540 1335 3775 1402 Σύμμα-

2221 1438 2331 1490 χος.
2353 1423 2515 1488 Λέγει
2542 1423 2738 1488 τοίνυν,
2767 1426 2849 1476 ὅτι
2877 1425 3058 1487 Φονεῖς
3094 1423 3441 1492 συνήχθησαν
3483 1420 3601 1474 κατ’
3631 1420 3771 1488 ἐμοῦ

2217 1511 2556 1577 ἀγνοοῦντος,
2579 1513 2946 1584 ἐνεδρεύοντες
2979 1531 3087 1583 μοι.
3119 1515 3252 1583 Περὶ
3283 1512 3472 1565 τούτου
3507 1512 3562 1563 δὲ
3582 1512 3774 1579 σαφῶς

2217 1605 2249 1671 ή
2281 1604 2492 1674 ἱστορία
2523 1605 2784 1667 διδάσκει,
2815 1606 2902 1658 ὅτε
2925 1606 3150 1674 Μελχὼλ
3177 1607 3210 1674 ὴ
3239 1604 3375 1674 γυνὴ
3417 1603 3579 1655 αὑτοῦ
3630 1619 3766 1654 κατ-

2217 1698 2486 1766 εμήνυσεν
2509 1697 2654 1768 αὐτῷ
2683 1697 2781 1765 τὴν
2805 1697 3058 1767 τοιαύτην
3097 1696 3408 1766 ὲπιῦουλὴν,
3457 1695 3551 1748 καὶ
3580 1692 3767 1762 φυγὼν

2215 1783 2460 1854 διεσώθη.

2277 2048 2738 2115 Διεσχίσθησαν,
2774 2049 2870 2103 καί
2906 2066 2977 2104 ου
3007 2050 3442 2118 κατενύγησαν.
3477 2049 3758 2101 Διεσκεδά-
3851 2050 3856 2054 ’

2211 2135 2432 2204 σθησαν,
2462 2139 2534 2207 μὴ
2563 2139 2810 2206 εὑρόντες
2842 2157 2934 2208 με,
2987 2139 3116 2193 ἔνθα
3153 2139 3378 2209 ἧλπιζον
3404 2157 3417 2170 ·
3460 2140 3555 2191 καὶ
3612 2139 3758 2207 ὅμως

2209 2227 2270 2278 ού
2315 2227 2711 2296 κατενύγησαν,
2733 2230 2855 2281 οὐδὲ
2882 2231 3236 2299 μετενόησαν.
3397 2273 3405 2279 .

2292 2316 2642 2392 Ἑπείρασάν
2668 2334 2778 2385 με,
2818 2318 3304 2387 ἐξεμυκττζρισὰν
3350 2336 3425 2387 με
3478 2335 3758 2387 μυκτηρι-

2211 2408 2386 2474 σμὸν,
2409 2409 2666 2474 ἓθρυξαν
2699 2409 2796 2461 ἐπ’
2841 2410 2946 2479 ἐμὲ
2979 2410 3120 2476 τοὺς
3158 2409 3406 2474 ὀδόντας
3447 2409 3663 2462 αὐτῶν.
3695 2411 3756 2460 0i

2212 2500 2340 2569 περὶ
2363 2502 2553 2566 Σαοὺλ,
2589 2504 2742 2572 φησὶ,
2773 2505 2903 2556 ποτὲ
2940 2505 3038 2574 μὲν
3064 2505 3362 2573 ἐπείρασὰν
3411 2520 3498 2573 με,
3535 2503 3758 2568 δοκιμα-

2212 2592 2393 2655 ζον-τες
2419 2592 2532 2654 πῶς
2565 2594 2840 2662 διάκειμαι
2869 2612 2884 2627 ’
2932 2597 3058 2648 ποτὲ
3093 2596 3147 2647 δὲ
3191 2595 3644 2664 ἐξεμυκτήριταν,
3695 2596 3754 2645 ἐν

2212 2681 2374 2751 χλεύῃ
2394 2682 2767 2750 διαγελῶντες,
2803 2685 2878 2746 ὼς
2901 2684 3096 2752 ἀσθενῆ
3129 2701 3141 2714 ·
3176 2685 3269 2736 νῦν
3294 2685 3349 2737 δὲ
3394 2685 3639 2752 φανερῶς
3671 2684 3757 2746 ἐξ-

2211 2772 2604 2841 εθηριώθησαν.
2631 2775 2840 2827 Γίνεται
2863 2776 2917 2826 δὲ
2939 2775 3181 2845 βρυγμὸς
3206 2775 3451 2840 ὀδόντων,
3485 2777 3610 2827 ὅταν
3666 2775 3756 2824 ἁλ-

2211 2863 2410 2930 λήλοις,
2447 2863 2928 2932 ὲξυπερῦάλλοντος
2962 2866 3126 2933 φόϐου
3162 2865 3193 2934 ἢ
3222 2864 3416 2933 θυμοῦ,
3446 2881 3756 2934 προσαρασ-

2212 2956 2424 3022 σόμενοι
2457 2955 2723 3007 κτυπῶσι.
2755 2954 2886 3017 Νῦν,
2930 2958 3082 3023 φησὶ,
3129 2956 3206 3023 τῷ
3257 2955 3412 3026 θυμῷ
3481 2954 3753 3018 ζέσαντες,

2211 3039 2320 3097 οἷον
2353 3045 2646 3097 κτυποῦσι-θ
2673 3044 2758 3097 ἐπ’
2806 3045 2906 3114 ἐμὲ
2945 3046 3068 3107 τοὺς
3119 3046 3334 3107 ὀδόντας
3397 3045 3592 3108 αὐτῶν,
3640 3046 3756 3097 δια-

2217 3135 2490 3203 μασᾶσθαι
2517 3136 2618 3199 τὰς
2647 3135 2785 3204 ἐμὰς
2812 3135 3116 3204 γλιχόμενοι
3140 3135 3368 3203 σᾶρκας.

567 3225 749 3279 lurore
773 3225 1030 3294 quodam,
1059 3221 1329 3276 collidunt
1352 3230 1540 3274 mutuo
1567 3221 1756 3274 dentes
1780 3231 1833 3274 et
1861 3233 2134 3274 resonant.
2176 3220 2351 3290 Nunc,
2384 3225 2582 3294 inquit,
2611 3226 2687 3278 ira
2712 3240 2775 3280 ac
2801 3225 2949 3280 rabie
2975 3225 3138 3294 pleni,
3212 3241 3466 3282 resonare
3510 3228 3759 3280 videntur

565 3338 726 3386 super
761 3338 841 3373 me
869 3319 1122 3372 dentibus
1145 3317 1280 3380 suis,
1321 3316 1464 3370 aridi
1511 3316 1769 3368 nimirum
1813 3324 1871 3368 ut
1905 3330 2098 3371 carnes
2139 3331 2286 3373 meas
2312 3321 2595 3373 dilanient.

638 3416 799 3467 Vens.
837 3413 924 3465 17.
964 3409 1181 3464 Domine
1235 3410 1446 3478 quando
1505 3409 1742 3476 respicies
1774 3408 1798 3460 7
1850 3407 1928 3460 Τυ
1963 3409 2105 3463 enim

2276 3414 2472 3479 Κύριε,
2512 3415 2656 3466 πότε
2672 3414 2919 3482 eximat;
2942 3415 3322 3484 Μακροθυμῶν
3353 3419 3462 3486 γὰρ
3489 3419 3582 3468 ἐπὶ
3628 3418 3751 3469 τού-

566 3500 888 3571 longanimis
937 3499 1004 3553 ad
1056 3501 1189 3564 haec,
1254 3497 1525 3566 respicere
1581 3511 1674 3551 eos
1723 3511 1829 3550 non
1886 3497 2104 3552 videris.

568 3591 798 3659 Quando
857 3590 1021 3659 igitur
1084 3588 1530 3650 animadvertes,
1575 3595 1630 3640 et
1687 3587 1978 3640 vindictam
2026 3587 2105 3641 la-

567 3683 680 3735 cies
704 3682 726 3733 ’ί

637 3773 873 3825 Restitue
902 3770 1133 3822 animam
1168 3783 1338 3822 meam
1363 3784 1395 3820 a
1428 3767 1760 3835 malignitate
1788 3781 1991 3820 eorum.
2025 3766 2104 3822 Tu

568 3879 652 3916 me
683 3861 874 3921 libera,
904 3859 1102 3927 inquit,
1137 3858 1206 3910 ab
1244 3858 1460 3911 illorum
1521 3855 1900 3925 perversitate.
1954 3865 2009 3910 et
2051 3856 2106 3909 in

570 3953 855 4022 pristinam
892 3950 1240 4004 securitatem
1263 3947 1508 4001 restitue.

639 4127 682 4180 A
714 4125 946 4180 leonibus
988 4125 1306 4193 unigenitum
1341 4139 1532 4176 meam.
1569 4121 1839 4177 Frendere
1895 4115 2108 4192 prOprie

567 4219 822 4271 dicuntur
849 4216 1030 4270 leones
1059 4232 1073 4267 :
1099 4221 1488 4282 consequenter
1522 4203 1686 4282 igitur
1713 4227 1836 4266 cum
1865 4211 2110 4266 frendere

568 4321 660 4361 eos
686 4306 903 4368 dixerit,
936 4305 1275 4372 postmodum
1305 4304 1488 4358 leones
1520 4304 1683 4356 etiam
1712 4300 2028 4371 appellavit;
2056 4309 2110 4354 et

572 4398 802 4451 maxime
832 4395 900 4448 ob
927 4394 1219 4464 ingenitam
1245 4394 1327 4447 eis
1350 4394 1604 4447 saevitiam
1655 4400 1709 4445 et
1735 4393 1943 4446 insidiis
1969 4406 2108 4446 sem-

567 4503 661 4556 per
693 4489 966 4560 intentum.
995 4485 1257 4538 animum.
1295 4481 1635 4552 Unigenitam
1668 4490 1848 4535 autem
1873 4482 2106 4535 animam

571 4591 749 4641 suam,
772 4563 874 4629 hoc
918 4585 1000 4628 cst
1052 4577 1311 4645 seipsum,
1350 4589 1413 4628 ea
1437 4577 1642 4628 ratione
1669 4573 1973 4643 appellavit,
2002 4587 2106 4641 qua

568 4668 963 4721 declaravimus
1021 4665 1073 4717 in
1121 4664 1326 4732 psalmo
1381 4678 1508 4727 ut;
1565 4678 1596 4715 a
1636 4664 1908 4716 communi
1941 4665 2103 4716 etiam

571 4772 738 4811 sensu
769 4756 871 4808 hoc
899 4757 951 4808 in
980 4756 1101 4808 loco
1145 4752 1574 4830 subaudiendum
1620 4760 1704 4808 est
1751 4753 1997 4819 verbum,
2026 4767 2106 4806 re-
2138 4740 2186 4797 Ι)

568 4857 743 4900 stilue.

644 4938 805 4991 Vens.
839 4937 924 4990 18.
958 4936 1258 5004 Conﬁtebor
1291 4937 1385 4989 tibi
1432 4936 1485 4988 in
1538 4934 1769 4988 Ecclesia
1818 4933 2002 4995 multa,
2056 4935 2111 4987 in

572 5030 759 5095 papula
808 5029 952 5095 gravi
1015 5028 1244 5080 laudabo
1305 5037 1372 5080 te.
1430 5025 1562 5079 Vide
1618 5040 1740 5094 qua
1796 5025 2112 5093 exponendo

572 5118 867 5171 dixerimus
897 5117 949 5170 in
973 5127 1393 5170 commemorato
1438 5115 1686 5182 superius
1737 5115 1962 5182 psalmo,
1995 5113 2065 5166 ibi
2095 5129 2109 5164 :

571 5206 638 5258 In
676 5205 907 5258 Ecclesia
938 5222 1127 5274 magna
1159 5204 1436 5270 conﬁtebor
1468 5204 1560 5255 tibi
1582 5202 1644 5257 η.

640 5294 707 5345 In
738 5295 927 5362 populo
959 5296 1103 5362 gravi
1141 5293 1364 5346 laudabo
1411 5302 1476 5345 te.
1533 5292 1636 5344 Pro
1690 5290 1883 5358 βαρεῖ,
1943 5292 2110 5359 gravi,

572 5386 930 5454 Symmachus
961 5386 1120 5438 habet
1147 5384 1485 5453 παμπληθεῖ,
1515 5385 1792 5452 frequenti.
1821 5384 2105 5437 Estautem

568 5476 924 5544 praecedentis
955 5479 1084 5530 dicti
1114 5477 1507 5544 interpretatio.

646 5561 924 5658 \'tls.19.
979 5566 1096 5618 Non
1158 5568 1576 5633 supergaudeant
1626 5567 1711 5618 aui
1762 5565 2108 5618 adversantur

691 5749 731 5776 "
792 5747 926 5799 l‘sal.
966 5761 1071 5800 ut.
1107 5744 1196 5796 '23.

2207 3519 2339 3568 τοις,
2367 3504 2542 3567 δοκεῖς
2572 3505 2670 3575 μὶν
2697 3507 2793 3575 οὐχ
2817 3508 2947 3576 όρᾷν
2976 3508 3169 3559 ταῦτα.
3219 3508 3352 3559 Πότε
3406 3509 3501 3561 οὗν
3539 3508 3752 3576 ὲπὸψει,

2209 3592 2305 3647 ita!
2332 3594 2636 3665 ὲκδικήσεις
2654 3614 2669 3662 ;

2289 3761 2806 3828 Ἀποκατάστησον
2840 3763 2954 3832 τὴν
2974 3764 3183 3832 ψυχήν
3203 3783 3324 3832 μου
3348 3767 3466 3819 ἀπὸ
3493 3767 3602 3835 τῆς
3644 3785 3751 3821 κα-

2209 3856 2495 3922 κουργίας
2557 3854 2771 3910 αὐτῶν.
2816 3857 2946 3908 ’Δπὺ
3005 3859 3104 3925 τῆς
3175 3857 3509 3926 κακουργίας
3572 3861 3750 3912 αὐτῶν

2211 3944 2580 4023 ἐλευθερώσας
2609 3962 2699 4014 με,
2735 3948 3183 4016 ἀποκατάστησον
3209 3935 3288 4009 ε’ίς
3327 3947 3424 4016 τὴν
3479 3948 3752 4020 προτέραν

2208 4035 2452 4102 ἀφοϐίαν.
3456 4044 3464 4048 “

2290 4126 2430 4180 Ἀπὸ
2459 4129 2722 4181 λεόντων
2752 4129 2866 4197 τὴν
2884 4129 3182 4198 μονογενῆ
3231 4146 3369 4197 μου.
3416 4130 3490 4184 Τὸ
3533 4130 3750 4202 βρύχειν

2209 4218 2410 4286 κυρίως
2441 4219 2532 4271 ἐπὶ
2564 4219 2791 4272 λεόντων
2853 4219 3088 4286 λέγεται.
3145 4219 3476 4282 ’Δκολούθως
3523 4219 3636 4286 οὖν,
3673 4219 3751 4282 ὡς

2211 4306 2538 4376 βρῦξαντας,
2577 4309 2798 4372 λέοντας
2828 4310 3072 4379 ὠνόμασε
3098 4309 3340 4375 τούτους,
3364 4310 3456 4363 διὰ
3479 4311 3578 4380 την
3597 4310 3746 4378 dipo-

2207 4415 2343 4468 τητα
2373 4402 2465 4451 καὶ
2491 4400 3091 4471 ὲπιὸουλήν.Μονογενῆ
3123 4392 3204 4453 δι’
3227 4385 3392 4469 λέγει’
3431 4403 3530 4470 τὴν
3552 4402 3747 4456 ἑαυτοῦ

2206 4489 2382 4558 ψυχὴν
2437 4491 2553 4559 ἦτοι
2598 4482 2808 4555 ἑαυτὸν,
2845 4491 2920 4554 ὡς
2967 4492 3268 4560 εἰρήκαμεν
3302 4494 3360 4544 ὲν
3388 4493 3466 4561 τῷ
3515 4493 3746 4562 εἰκοστῷ

2210 4581 2406 4649 πρώτῳ
2436 4579 2636 4650 ψαλμῷ
2655 4595 2670 4609 °
2694 4583 2798 4634 ἀπὸ
2823 4581 3004 4635 κοινοῦ
3029 4583 3087 4635 δὲ
3117 4564 3392 4636 κάνταύθα
3414 4582 3494 4647 τδ,
3521 4584 3746 4639 ἀποκα-

2205 4666 2529 4733 τὰστησον.

2290 4924 2826 5000 Ἑξομολογήσομαί
2849 4940 2947 4978 σοι
2999 4927 3069 4977 ἐν
3137 4926 3461 4994 Ἐκκλησία
3523 4925 3746 4994 πολλῇ-

2223 5014 2308 5068 Ἐν
2341 5015 2416 5083 τῷ
2451 5014 2596 5085 αύτῷ
2623 5015 2820 5085 ψαλμῷ
2853 5016 3009 5069 πάλιν
3042 5011 3193 5069 εἶπεν
3223 5034 3236 5048 ·
3274 5018 3378 5070 Ἔν
3422 5019 3737 5083 Ἐκκλησία

2208 5103 2430 5172 μεγάλῃ
2462 5104 2973 5174 ἐξομολογήσομαί
2998 5123 3095 5160 σοι
3131 5125 3146 5138 ο
3171 5108 3262 5160 καὶ
3292 5107 3442 5176 ζήτει
3475 5108 3573 5174 τὴν
3601 5109 3714 5160 ἐκεί

2209 5212 2296 5247 νου
2333 5195 2423 5247 τοῦ
2455 5195 2616 5265 ῥητοῦ
2640 5196 2912 5266 ἐξήγησιν.

2287 5285 2387 5337 Ἐν
2417 5283 2542 5349 λαῷ
2561 5283 2742 5352 βαρεῖ
2760 5287 2976 5338 αἰνέσω
3004 5301 3098 5340 σε.
3132 5285 3204 5339 Τὸ
3227 5287 3429 5355 βαρεῖ,
3465 5296 3746 5357 augt:th-

2205 5375 2297 5430 θεῖ
2320 5376 2541 5444 εῐρηκεν
2594 5377 2624 5427 ό
2674 5376 2996 5446 Σύμμαχος
3031 5378 3153 5430 ἐστι
3205 5379 3261 5430 δὲ
3299 5379 3392 5432 τοῦ
3435 5379 3539 5448 πρὸ
3578 5379 3744 5432 αὐτοῦ

2209 5465 2369 5535 ῥητοῦ
2401 5465 2726 5536 ὲπεξήγησις
2761 5505 2776 5519 .

2278 5559 2334 5609 Μ
2343 5556 2374 5623 ὴ
2401 5555 2824 5625 ἐπιχαρειήσόν
2841 5576 2940 5627 μοι
2969 5560 3022 5611 ol
3049 5559 3459 5627 ἐχθραίνοντές
3477 5577 3579 5628 μοι
3615 5560 3749 5615 ἀδί-
