4108 6330
249 416 367 492 405

1362 423 1750 487 COMMENT.
1801 425 1883 486 IN
1921 427 2280 489 PSALMOS.

3337 441 3449 504 406

249 539 459 609 μᾶλλον,
503 537 615 590 ἀλλ’
651 537 708 588 ὲν
752 538 891 606 ἀρᾶς
927 535 1082 605 τόπῳ
1119 531 1517 604 προσαγορεύει
1552 532 1620 586 τὰ
1669 531 1797 601 μὲλ-

1902 551 2042 587 mum
2073 545 2242 599 tuum,
2269 545 2318 589 et
2342 539 2462 591 odio
2495 541 2824 608 prosequeris
2853 541 3122 596 inimicum
3161 554 3339 612 tuum;
3361 565 3453 618 ego

247 621 398 683 λοντα
447 628 822 698 συμϐήσεσθαι
874 629 983 690 τοῖς
1031 627 1242 697 ἐχθροῖς
1276 625 1464 678 αὑτοῦ.
1519 626 1580 678 Εἰ
1613 624 1669 676 δὲ
1703 623 1796 676 καὶ

245 722 531 790 ἐπαρᾶται,
555 719 775 788 νομικὸν
799 717 976 780 τοῦτο,
1010 717 1152 770 καθὰ
1183 715 1525 786 προείρηται.
1558 715 1666 767 Καὶ
1703 715 1794 768 die

243 811 344 873 λως
366 801 506 880 γᾶρῖ
538 794 726 864 Tuan
769 807 1077 874 ἀδόκιμον,
1114 806 1297 874 φησὶν,
1331 794 1643 873 ἀργύριον,
1693 803 1788 856 καὶ

243 901 735 968 καθαρισθήσεται
771 899 966 953 ἅπαν·
1000 899 1244 968 ἐπηρᾶτο
1287 895 1414 965 γὰρ,
1451 895 1550 965 οὐχ
1597 895 1673 956 ὡς
1701 911 1791 946 πι-

1879 631 2078 676 .aulem
2107 624 2225 676 dico
2250 624 2390 678 vobis
2421 641 2440 678 :
2477 625 2691 696 Diligite
2741 628 2982 682 inimicos
3044 643 3262 696 vestros,
3305 635 3454 690 bene-

1900 710 2060 764 dicite
2112 712 2538 782 persequentibus
2581 731 2670 768 vos
2704 716 2796 780 7°;
2841 717 2924 771 vel
2967 719 3092 786 quia
3145 722 3304 776 verba
3342 723 3455 779 haec

1901 801 2038 854 beati
2071 802 2258 855 David-
2287 802 2634 873 intelligenda
2686 815 2834 869 sunt,
2895 795 3005 863 non
3056 819 3113 862 ιιι
3153 813 3455 881 imprecen-

1900 902 2008 957 tur,
2040 893 2135 947 sed
2163 894 2308 962 quod
2347 895 2451 949 sub
2495 897 2564 949 im
2580 899 2914 966 precationis
2952 902 3109 954 modo
3140 916 3202 955 ea
3263 904 3454 972 praedi-

242 992 390 1060 κρδς,
420 991 533 1042 ἁλλ’
563 990 638 1050 ὡς
668 988 1053 1057 μισοπόνηρος,
1085 986 1630 1067 ἴναομαστιχθέντες,
1688 983 1791 1050 φύ-

1899 992 2042 1048 cant,
2068 998 2188 1051 qua:
2227 983 2467 1044 inimicis
2498 995 2762 1041 eventura
2792 1000 2970 1044 erant.
3011 991 3105 1045 Vel
3146 1009 3208 1046 ea
3243 995 3452 1048 ratione

241 1099 385 1147 γοιεν
411 1082 523 1152 ,τὴν
563 1081 862 1151 μέλλουσαν
893 1079 1074 1148 κρίσιν
1097 1096 1110 1110 ·
1159 1079 1191 1149 ἢ
1224 1080 1312 1132 ἵνα
1349 1078 1550 1130 τούτων
1602 1073 1799 1155 παθόν.

241 1189 369 1234 των,
394 1171 568 1239 ἕτεροι
589 1172 852 1237 γένωνται
887 1170 1149 1240 βελτίους.
1173 1171 1266 1222 Δεῖ
1289 1169 1344 1221 δὲ
1371 1167 1682 1236 γινώσκειν,
1714 1166 1796 1216 ὅτι.
1822 1190 1824 1192 τ

239 1262 306 1312 τᾶ
340 1261 556 1336 πλείονα
587 1262 679 1315 καὶ
711 1250 1044 1331 καιριώτερα
1069 1260 1163 1313 τοῦ
1195 1259 1407 1330 ψαλμοῦ
1438 1261 1516 1319 εἰς
1542 1257 1632 1338 τρν
1663 1257 1798 1325 Χρι-

241 1351 362 1400 στὸν
389 1351 835 1420 ὲκλαμϐἀνονται,
870 1347 980 1404 τ’ὦν
1035 1351 1343 1422 ἀχαρίστων
1391 1348 1658 1401 Ἰουδαίων
1695 1364 1793 1398 κα-

236 1440 605 1495 ταδιωκόντων
629 1443 810 1495 αὐτόν.

1899 1073 2150 1129 fortassis
2199 1075 2553 1144 imprecatur,
2604 1093 2708 1147 qua
2758 1081 3018 1148 scriptum
3066 1092 3150 1137 est
3183 1101 3198 1138 :
3234 1083 3457 1138 Pcrcute

1898 1170 2174 1232 argentum
2225 1164 2525 1230 reprobum,
2567 1175 2614 1219 et
2667 1169 3001 1237 purgabilur.
3056 1171 3458 1242 imprecabatur

1899 1262 2076 1307 autem
2110 1254 2192 1310 eis
2221 1255 2416 1309 beatus
2446 1255 2637 1320 David,
2670 1274 2777 1312 non
2813 1269 2864 1314 ιιι
2889 1265 3119 1322 acerbus
3145 1266 3338 1331 hostis,
3359 1267 3454 1320 sed

1901 1344 2068 1397 veluti
2109 1345 2156 1398 is
2210 1345 2302 1413 qui
2353 1360 2551 1412 pravos
2611 1362 2803 1403 omnes
2858 1351 3108 1408 homines
3160 1355 3364 1420 oderat,
3403 1364 3456 1410 et

1900 1435 2123 1502 optabat
2157 1451 2251 1489 eos
2285 1436 2647 1506 caSIigatione
2678 1441 2980 1518 emendari,
3027 1454 3085 1497 ut
3117 1443 3358 1502 futurum
3393 1460 3456 1499 ac
3544 1440 3551 1447 ⁷

236 1529 496 1586 horribile
540 1533 804 1602 judicium
837 1536 1149 1599 evaderent,
1198 1535 1279 1590 vel
1317 1545 1375 1588 ut
1411 1547 1507 1602 per
1552 1533 1766 1586 illorum
1811 1543 1999 1599 pmnas
2042 1528 2130 1582 alii
2169 1527 2360 1584 ﬁerent
2423 1531 2693 1586 meliores.
2775 1533 2910 1616 Illud
2960 1538 3179 1606 insuper
3260 1541 3461 1597 addenv

234 1623 366 1678 dum
457 1633 709 1692 putamus
772 1627 839 1681 ad
894 1629 1171 1698 praedicta,
1255 1627 1398 1697 quod
1447 1625 1598 1695 plura
1653 1638 1716 1677 ac
1799 1623 2007 1690 potiora
2052 1620 2226 1690 ipsius
2278 1621 2470 1688 psalmi
2516 1623 2678 1678 verba
2731 1624 2952 1685 Christo
3040 1628 3272 1686 Domino
3317 1643 3462 1689 recte
3537 1682 3541 1686 .

232 1719 637 1786 accommodari
671 1730 920 1804 possunt,
955 1721 1218 1776 adversus
1256 1719 1661 1789 ingratissimos
1689 1715 1923 1770 Judaeos.

421 1811 522 1878 Εἰς
545 1809 719 1877 τέλος
742 1811 820 1878 τῷ
851 1814 1014 1866 παιδὶ
1025 1805 1279 1881 ‘Kv'plov,
1308 1811 1387 1876 τῷ
1405 1809 1600 1864 Δαόἱδ.

792 1903 1082 1956 ΨΑΛΜΟΣ
1116 1905 1236 1957 AE'.

301 1994 642 2064 Διωκόμενος
693 1998 720 2049 6
764 1995 926 2049 Δασὶδ
977 1997 1081 2048 ὑπὸ
1139 1997 1332 2062 Σαοὺλ,
1383 1997 1689 2064 κατέφυγεν
1720 1997 1798 2057 εἰς

230 2083 500 2155 σπήλαιον
548 2082 1016 2151 κοιμηθησόμενος
1040 2099 1054 2114 θ
1087 2080 1220 2152 ἦλθε
1251 2083 1306 2136 δὲ
1342 2087 1437 2136 καὶ
1479 2083 1671 2145 Σαοὺλ,
1707 2082 1800 2134 καὶ

225 2173 550 2241 ὲνεκυλεσθη
583 2172 775 2242 τούτῳ,
819 2174 892 2242 μὴ
937 2173 1111 2238 εἰδὼς,
1143 2175 1226 2228 ὅτι
1260 2173 1422 2227 Δαϐὶδ
1455 2175 1572 2227 ἐκεῖ
1598 2175 1797 2243 κέκρυ-

229 2283 388 2318 πται.
416 2265 627 2327 Νυκτδς
647 2265 703 2317 δὲ
732 2265 895 2316 Δαϐὶδ
918 2264 1177 2328 ἀναστὰς,
1207 2265 1476 2334 ἐπέστησε
1506 2264 1653 2333 αὐτῷ
1683 2281 1798 2316 κοι-

231 2358 495 2428 μωμένῳ,
536 2356 632 2410 καὶ¹
667 2356 1014 2424 φεισάμενος,
1065 2355 1304 2423 περιεῖλε
1337 2356 1494 2424 μόνον
1517 2353 1801 2427 τὸίπτερύ-

236 2465 359 2515 γιον
384 2448 480 2517 τῆς
511 2447 778 2510 διπλοΐδος
809 2445 995 2510 αὑτοῦ,
1027 2447 1161 2514 πρὸς
1192 2445 1484 2510 ἀπόδειξιν.
1517 2441 1649 2500 Εἶτα
1683 2446 1801 2514 μεθ’

226 2541 451 2611 ἡμέραν
498 2539 672 2593 Σαοὺλ
706 2540 804 2604 μὲν
835 2537 1056 2609 ἐξῆλθεν
1075 2557 1089 2570 ·
1136 2520 1298 2590 λαόὶδ
1327 2538 1384 2590 δὲ
1413 2537 1800 2602 ἀκολουθήσας,

227 2629 768 2703 ἐϐόησεοπόρρωθεν,
821 2630 914 2682 καὶ
965 2628 1238 2682 ὠνείδισεν
1285 2628 1434 2698 αὐτῷ
1468 2629 1564 2699 τὴν
1619 2629 1799 2682 ἄδικον

227 2722 545 2790 ἐπιϐουλήν.
580 2721 898 2791 ’Λνήγγειλε
941 2720 996 2772 δὲ
1028 2720 1123 2771 καὶ⁸
1154 2710 1252 2789 τὴν
1285 2719 1479 2772 ἑαυτοῦ
1524 2720 1801 2772 δικαιοσύ·

227 2829 355 2879 νην,
390 2811 697 2873 ’ὑποδείξας
728 2811 789 2862 τὸ
821 2811 920 2878 τῆς
968 2809 1234 2872 διπλοΐδος
1292 2809 1604 2880 πτερύγιον.
1656 2812 1716 2863 Ὀ
1745 2811 1802 2864 δὲ

226 2901 1036 2974 καταισχυνθεὶς,ιο.δμολόγησε,
1065 2903 1160 2954 καὶ
1188 2900 1484 2972 κατενύγη,
1515 2903 1607 2955 καὶ
1624 2901 1804 2968 λόγοις

225 2993 722 3064 ιπικεχρυσμένοις
769 2992 958 3064 ἀγάπῃ
1007 2992 1142 3062 πρὸς
1171 2991 1334 3047 Δαὸὶδ
1366 2992 1657 3062 ἐχρήσατο.
1692 2993 1801 3045 Πά-

214 3088 316 3140 λιν
365 3087 424 3140 δὲ
469 3085 818 3139 κατεδίωκεν.
881 3084 1045 3137 Ὅθεν
1109 3083 1502 3154 βαρυθυμήσας
1541 3085 1569 3136 6
1617 3084 1800 3150 Δαῦὶδ,

2152 1803 2213 1856 1η
2254 1803 2409 1870 finem
2443 1804 2542 1870 ipsi
2577 1819 2735 1872 puero
2765 1806 2973 1863 Domini
3018 1809 3206 1865 David.

2398 1894 2715 1950 PSALMUS
2754 1895 2968 1954 XXXV.

1971 1988 2108 2041 Cum
2140 1987 2336 2042 beatus
2370 1987 2541 2042 David
2567 1988 2772 2045 veritus
2806 1988 2990 2046 Saulis
3021 1996 3454 2064 persecutionem

1900 2083 2204 2132 moraretur
2255 2079 2309 2131 in
2343 2077 2582 2144 deserto,
2641 2086 2695 2133 et
2744 2080 3037 2148 quamdam
3083 2075 3192 2137 illic
3236 2085 3461 2154 speluno

1901 2183 2018 2222 cam
2046 2168 2384 2223 dormiturus
2429 2168 2820 2236 subintrasset,
2857 2175 3008 2227 venit
3045 2188 3110 2228 eo
3131 2175 3235 2230 loci
3277 2191 3462 2244 persc-

1901 2271 2059 2315 cutor
2089 2259 2210 2329 ejus
2245 2259 2396 2325 Saul,
2442 2252 2912 2333 pernoctavitqde,
2949 2265 3120 2320 latere
3153 2267 3264 2321 illic
3311 2269 3463 2337 igno-

1901 2365 2030 2404 rans
2050 2351 2262 2404 beatum
2289 2349 2480 2405 David.
2510 2350 2684 2407 Noctu
2716 2339 2899 2424 itaque
2921 2355 3086 2412 David
3105 2349 3457 2431 consurgens.

1904 2441 2076 2495 astitit
2111 2455 2275 2510 supra
2303 2441 2686 2507 dormientem,
2715 2459 3055 2515 parcensque
3089 2451 3161 2514 ei,
3190 2451 3456 2506 ﬁtiibriam

1903 2541 2112 2586 tantum
2154 2532 2409 2602 diploidis
2433 2532 2618 2602 gladio
2657 2536 2902 2601 abstulit,
2945 2539 2996 2592 in
3048 2539 3174 2594 facti
3220 2544 3463 2596 testimo-

1907 2623 2076 2676 nium.
2118 2623 2185 2676 Et
2217 2623 2434 2691 postera
2473 2623 2560 2678 die
2585 2633 2874 2679 exeuntem
2906 2626 3055 2681 illinc
3080 2628 3297 2686 Saulem
3326 2647 3460 2686 con-

1905 2721 2148 2777 secutus,
2178 2719 2397 2766 ostensa
2437 2712 2648 2768 limbria
2694 2713 2953 2782 diploidis
2986 2719 3328 2784 acclamavit,
3365 2737 3462 2774 ex—

1901 2787 2168 2871 probrans
2210 2802 2443 2869 injustas
2477 2802 2623 2858 illius
2677 2803 2928 2868 insidias,
2963 2814 3018 2860 et
3071 2822 3224 2862 suam
3263 2810 3463 2877 pariter

1899 2893 2164 2961 justitiam
2219 2892 2571 2964 annuntians.
2606 2891 2701 2947 Ille
2747 2903 2926 2947 autem
2969 2895 3175 2964 pudore
3222 2898 3461 2964 suﬂuSus

1907 2997 2010 3036 non
2047 2982 2328 3047 mediocri,
2356 2983 2646 3038 conlessus
2685 2994 2790 3048 est,
2822 2991 2876 3040 et
2917 2996 3293 3057 compunctus,
3348 3006 3462 3046 ver-

1905 3073 2100 3141 bisque
2131 3070 2476 3127 dilectionem
2524 3074 2842 3140 simulabat,
2893 3091 3088 3133 rursus
3120 3087 3299 3134 tamen
3335 3097 3474 3157 eum.

228 3176 532 3247 συνέθηκεν
563 3177 652 3228 τὸν
682 3175 924 3246 παρόντα
951 3173 1185 3243 ψαλμὸν,
1220 3175 1649 3244 προηγουμένως
1705 3175 1802 3242 μὲν

1904 3162 2347 3231 persequebatur.
2383 3159 2537 3226 Quod
2591 3175 2734 3231 agre
2795 3160 2972 3216 ferens
3028 3163 3218 3218 beatus
3267 3165 3458 3228 David,

223 3268 402 3321 αὑτοῦ
420 3234 862 3336 ’καθαπτόμενοῇ
894 3234 1086 3319 ἔπειτα
1111 3234 1205 3320 καὶ
1229 3234 1424 3328 παντδς
1448 3234 1639 3320 δολίου*
1665 3234 1796 3336 στη-

1904 3259 2226 3319 ριιεεοηιειιι
2285 3249 2550 3318 psalmum
2606 3250 2914 3318 composuit
2955 3268 2970 3304 :
3019 3252 3193 3320 primo
3242 3253 3457 3321 quidem

225 3358 459 3412 λιτεύων
479 3357 859 3428 κακοτροπίαν.
885 3359 988 3422 Εἰς
1011 3355 1077 3410 τὸ
1099 3356 1275 3423 τέλος
1293 3357 1348 3410 δὲ
1370 3349 1812 3426 ἐπιγέγραπται,ο

223 3448 321 3503 δὲ
355 3448 416 3501 τὸ
468 3445 828 3516 προφητεύειν
864 3446 923 3499 ἐν
953 3444 1102 3515 αὐτῷ
1129 3445 1229 3515 τὴν
1261 3448 1342 3508 εις
1371 3445 1520 3508 τέλος
1567 3445 1798 3513 ἐκϐεϐη-

226 3540 392 3591 κυῖαν
417 3538 524 3590 τῶν
559 3537 769 3607 ἐχθρῶν
801 3535 1098 3590 ἀπώλειαν.
1137 3537 1271 3600 Παῖς
1307 3536 1364 3589 δὲ
1395 3536 1598 3606 Κυρίου
1636 3539 1663 3590 6
1690 3539 1797 3589 Δα-

225 3629 341 3692 σιδ,
370 3631 447 3690 ὼς
473 3630 529 3680 ὲν
562 3634 640 3699 τῇ.
662 3632 934 3698 ξπιγραφῇ
967 3626 1061 3679 τοῦ
1094 3627 1552 3680 ἑπτακαιδεκάτου
1582 3627 1796 3698 ψαλμοῦ

228 3715 604 3792 amt-$1.7m".
671 3721 681 3730 '
717 3743 724 3751 ι
1124 3711 1127 3713 ’

304 3974 504 4038 Φησὶν
532 3978 566 4030 ό
596 3976 937 4046 παράνομος
963 3974 1456 4046 τοῦδάμαρτὰνειν
1491 3977 1560 4029 ἐν
1584 3976 1792 4057 ἐαυτῷ.

222 4066 306 4118 τὸ
340 4068 553 4133 Φησὶν,
584 4069 703 4120 ἀντὶ
748 4068 866 4131 τοῦ,
907 4068 1118 4135 Οἷεται,
1145 4064 1393 4139 νοήσειςί
1418 4071 1510 4123 καὶ
1558 4070 1638 4133 τὸ,
1667 4063 1794 4133 τοῦ,

219 4158 516 4227 περιττόν·
553 4158 621 4210 ἶν’
655 4153 956 4230 ᾖτοιοῦτος
1004 4161 1032 4211 6
1071 4159 1234 4220 νοῢςτ
1262 4159 1447 4212 Οἴεται
1487 4160 1514 4208 6
1559 4159 1797 4228 παράνο-

221 4258 399 4316 νομος
425 4237 760 4320 ἁμαρτάνειν
811 4252 867 4301 ὲν
898 4249 1097 4318 ἑαυτῷ,
1152 4249 1427 4301 τουτέστιν
1455 4250 1512 4299 ἐν
1545 4248 1680 4317 μόνῃ
1727 4249 1794 4318 τῇ

219 4337 425 4389 ἑαυτοῦ
474 4338 777 4408 συνειδήσει
831 4338 1152 4406 λεληθότως,
1187 4337 1262 4400 ὡς
1293 4337 1460 4406 μηδὲν
1507 4335 1600 4390 τοῦ
1655 4335 1792 4391 Θεοῦ

217 4427 535 4496 βλέποντος.
569 4430 638 4481 Ἦ
669 4428 761 4480 καὶ
786 4428 990 4491 ἄλλως*
1027 4430 1193 4497 Φησὶν
1217 4430 1276 4480 ὲν
1310 4428 1488 4497 ἑαυτῴ
1508 4430 1535 4480 ὁ
1558 4429 1796 4498 παράνο-

1900 3341 2180 3410 proposito
2207 3349 2265 3394 ut
2295 3340 2438 3396 illius
2479 3339 2688 3394 vitiunr
2703 3350 2970 3410 carperet,
2990 3343 3184 3398 deinde
3212 3342 3372 3398 e:iam
3392 3354 3462 3398 ,ιιι

1899 3431 2073 3486 dolosi
2103 3429 2394 3500 cujuslibet
2443 3431 2858 3502 perversitatem
2895 3441 3136 3487 notaret.
3200 3431 3265 3488 In
3302 3435 3460 3514 ﬁnem

1899 3532 2077 3578 autem
2109 3523 2446 3589 inscribitur,
2488 3521 2614 3594 quia
2649 3523 2704 3576 in
2736 3537 2803 3576 eo
2839 3523 3195 3578 inimicorum
3240 3524 3461 3580 destru-

1901 3615 2007 3670 etio
2022 3615 2368 3684 praedicitur,
2401 3631 2530 3685 qua:
2556 3616 2645 3678 _ad
2675 3614 2857 3680 linem,
2887 3629 2982 3669 seu
3011 3613 3216 3673 exitum
3273 3630 3462 3685 perve-

1899 3707 1997 3759 nit.
2037 3705 2180 3759 Puer
2211 3713 2393 3759 autem
2422 3704 2632 3758 Domini
2680 3704 2884 3768 dicitur
2910 3703 3103 3760 beatus
3139 3704 3306 3760 David
3353 3705 3478 3761 du-“
3512 3733 3514 3735 ν

1901 3796 2026 3866 plici
2084 3795 2316 3861 ratione,
2353 3793 2809 3866 quemadmodum
2861 3809 3032 3865 supra,
3086 3795 3358 3870 declaravi
3403 3799 3456 3851 in

1899 3886 2252 3956 inscriptione
2275 3887 2468 3955 psalmi
2506 3901 2634 3940 xvn:

1969 3974 2132 4030 Vens.
2156 3975 2213 4028 2.
2249 3975 2390 4028 Dicit
2424 3975 2638 4045 iniquus
2668 3975 2968 4046 delinquere
2989 3975 3041 4028 in
3072 3976 3261 4044 seipse.
3292 3973 3454 4040 Dicit,

1900 4065 1954 4120 id
1977 4073 2081 4129 est,
2107 4073 2282 4135 putat.
2327 4064 2609 4119 Articulus
2641 4075 2820 4120 autem
2853 4065 2967 4137 τοῦ,
2998 4065 3091 4135 qui
3139 4065 3369 4120 habetur
3401 4065 3455 4119 in

1898 4154 2086 4210 Graeco
2113 4164 2236 4210 ante
2263 4155 2486 4210 verbum
2523 4155 2858 4226 Delinqttere,
2911 4155 3223 4226 superﬂuus
3257 4162 3362 4220 est,
3397 4163 3458 4210 ut

1901 4247 1972 4302 sit
2014 4261 2211 4302 sensus
2241 4263 2256 4301 :
2303 4245 2465 4302 Putat
2517 4247 2738 4317 iniquus
2768 4261 2993 4316 peccare
3024 4247 3076 4301 in
3111 4246 3315 4316 selpso,
3353 4246 3459 4300 boc

1899 4343 2003 4404 est,
2039 4344 2196 4406 putat
2225 4352 2286 4392 se
2316 4337 2454 4390 clam
2490 4351 2554 4392 ac
2587 4339 2819 4392 latenter
2842 4335 3161 4406 delinquere
3193 4351 3373 4407 posse,
3403 4345 3459 4390 et

1899 4430 1952 4481 in
1987 4442 2084 4482 sua
2113 4428 2229 4482 sola
2257 4428 2620 4496 conscientia,
2646 4429 2731 4488 ita.
2751 4437 3014 4500 utneque
3047 4431 3116 4485 ab
3142 4430 3261 4500 ipso
3293 4430 3455 4485 etiam

222 4518 551 4587 μος,,ἦγουν
596 4519 818 4593 μελετᾷ,
849 4519 988 4572 ὥστε
1041 4519 1408 4591 ἁμαρτάνειν·
1473 4519 1627 4571 τοῦτο
1689 4519 1796 4586 γὰρ

1902 4516 2012 4571 Deo
2045 4517 2215 4572 videri
2250 4519 2446 4589 possit.
2479 4517 2574 4574 Vel
2605 4521 2650 4575 si
2692 4518 2982 4579 articulum
3019 4519 3112 4572 τοῦ
3164 4519 3304 4574 nolis
3332 4532 3457 4572 esse
3489 4571 3500 4578 ,

216 4606 368 4658 ποτὲ
413 4607 505 4674 μὲν
532 4607 982 4678 ὲπιρῤηματικῶς
1008 4610 1202 4672 κεῖται,
1235 4624 1298 4676 ση
1309 4607 1577 4676 μαῖνονητὸ
1605 4605 1791 4658 ὥστε*

1901 4608 2263 4679 superﬂuum,
2291 4620 2346 4663 et
2378 4610 2594 4678 legere:
2639 4607 2778 4665 Dicit
2809 4609 3054 4681 iniquus,
3095 4620 3151 4664 ut
3176 4609 3457 4676 delinquat

216 4692 370 4765 ποτὲ
394 4695 470 4760 δὲ,
517 4695 805 4765 περιττῶς.
845 4693 1163 4765 Παρὰνομος
1191 4695 1245 4749 δὲ
1275 4698 1303 4748 6
1333 4695 1524 4761 Σαοὺλ,
1555 4696 1584 4746 6
1613 4696 1802 4764 μισῶν-

211 4784 326 4836 τὸν
353 4784 496 4853 φίλον
517 4785 681 4838 αὐτοῦ
718 4785 811 4838 καὶ
834 4785 1102 4854 γαμόρόν.

1899 4789 2118 4858 iniquus
2143 4789 2346 4859 cogitat
2379 4789 2436 4843 in
2463 4789 2665 4860 seipse,
2701 4789 2804 4845 hoc
2833 4798 2918 4844 est
2953 4790 3099 4842 intra
3125 4802 3204 4849 se.
3246 4796 3306 4842 ut
3325 4801 3453 4857 pet:-

216 4886 339 4935 cet.
384 4875 567 4930 Solent
603 4875 745 4929 enim
778 4875 1093 4945 huiusmodi
1135 4876 1345 4931 articuli
1372 4876 1664 4947 aliquando
1691 4877 1945 4947 superﬂui
1977 4880 2181 4949 jacere,
2219 4878 2512 4949 aliquando
2544 4877 3127 4934 etiamadverbialit’er
3176 4877 3326 4948 poni,
3369 4884 3449 4930 -ut

212 4965 653 5019 declaravimus.
689 4963 790 5018 Per
809 4967 1056 5042 iniquum
1087 4974 1266 5021 autem
1288 4968 1388 5020 hoc
1419 4968 1469 5020 in
1513 4968 1631 5023 loco
1677 4969 1890 5024 Saulem
1931 4970 2126 5038 ipsum
2152 4969 2425 5038 intelligit,
2458 4984 2621 5039 quem
2657 4981 2868 5030 summa
2899 4977 3114 5028 constat
3139 4981 3298 5022 usum
3328 4978 3449 5023 esse

210 5055 538 5129 iniquitate,
569 5055 698 5110 dum
733 5050 967 5110 amicum
1003 5054 1230 5128 [pariter
1263 5073 1327 5112 ac
1357 5049 1783 5130 benefactorem]
1825 5068 1878 5116 et
1904 5076 2161 5131 generum
2197 5071 2349 5116 tanto
2381 5061 2505 5116 odio
2535 5066 2978 5130 prosequeretur.
3373 5113 3382 5120 ,

285 5145 422 5198 οὐκ
449 5145 579 5198 ἔστι
607 5149 791 5215 φόϐος
829 5149 977 5202 Θεοῦ
1003 5151 1295 5206 ἀπέναντι
1323 5152 1443 5204 τῶν
1470 5152 1795 5221 ὀφθαλμῶν

1962 5153 2085 5215 Non
2114 5163 2189 5209 est
2222 5156 2378 5208 timor
2412 5153 2506 5207 Dei
2537 5161 2657 5206 ante
2687 5151 2868 5206 oculos
2903 5151 3037 5219 ejus.
3063 5149 3174 5210 lloc
3194 5161 3297 5215 est,
3323 5160 3450 5207 ante

203 5234 441 5288 αὐτοῦ.
493 5233 599 5286 Τοῦ
642 5237 882 5290 τοιούτου
930 5237 987 5290 δὲ
1018 5243 1124 5309 πρὸ
1153 5241 1443 5312 ὀφθαλμῶν
1472 5243 1570 5312 τῆς
1614 5243 1793 5312 ψυχῆς

1899 5247 2077 5303 oculos
2108 5242 2491 5314 animas-liujus
2523 5244 2713 5313 iniqui.
2751 5243 2928 5312 Atque
2974 5241 3098 5300 ideo
3121 5244 3194 5296 ita
3225 5241 3445 5313 cogitat,

203 5324 329 5377 οὐκ
365 5322 475 5376 ἐστι
496 5323 674 5393 ’φόϐος
696 5326 863 5380 Θεοῦο
913 5327 995 5382 διδ
1022 5331 1116 5384 καὶ
1148 5332 1372 5386 τοιαῦτα.
1397 5333 1588 5399 οἴεται,
1628 5333 1659 5401 ἦ
1695 5351 1790 5402 με·

1899 5352 1996 5391 non
2026 5337 2368 5407 perspiciens
2399 5351 2462 5400 se
2481 5335 2650 5390 latere
2682 5347 2790 5389 non
2812 5348 2994 5403 posse.
3096 5348 3107 5356 ·

198 5415 474 5480 mam,
504 5417 576 5487 μὴ
606 5416 1026 5487 ἐνθυμούμενος,
1055 5423 1129 5484 ὡς
1161 5424 1219 5475 οὐ
1266 5425 1507 5494 λέληθεν.
2051 5410 2058 5415 ⁸

294 5507 437 5559 Ὀτι
465 5508 767 5563 ἐδόλωοεεν
793 5509 1045 5567 ἐνώπιον
1071 5515 1276 5578 αὑτοῦ,
1304 5515 1409 5570 τοῦ
1434 5516 1628 5583 εὑρεῖν
1673 5514 1786 5583 τὴν

1962 5515 2221 5580 Quoniam
2262 5513 2438 5566 dolose
2476 5510 2576 5581 egit
2609 5511 2663 5564 in
2686 5515 2956 5576 conspectu
2994 5523 3112 5573 suo,
3153 5514 3207 5558 ut
3245 5520 3430 5574 cogno-

192 5594 488 5663 ἀνομίαν
517 5597 723 5665 αὐτοῦ,
754 5599 850 5652 καὶ
874 5600 1153 5668 μισῆσαι.
1178 5604 1287 5658 Καὶ
1316 5605 1446 5676 γὰρ,
1479 5607 1661 5676 φησιν,
1687 5606 1786 5676 ὅρα

1899 5614 2051 5661 sceret
2081 5610 2345 5672 peccatum
2380 5617 2553 5667 suum,
2589 5609 2638 5655 et
2664 5599 2881 5654 odisset.
2911 5597 3065 5664 Vide,
3092 5597 3285 5667 inquit,
3311 5593 3439 5664 quid

286 5772 350 5804 ⁷⁸
377 5769 566 5827 Matth.
587 5790 640 5840 ν,
676 5775 774 5841 45,
796 5779 884 5834 44.

1890 4701 1956 4762 in
1986 4715 2046 4755 se
2075 4701 2236 4767 ipso:
2267 4699 2356 4754 dic
2389 4715 2612 4755 sensum
2643 4714 2790 4765 esse,
2838 4700 2984 4768 quod
3016 4697 3322 4768 bujusmodi
3373 4697 3454 4750 vir
3529 4749 3540 4758 _
