4108 6330
261 386 377 450 409

1408 385 1551 446 COM
1562 383 1718 445 ΜΕΝ
1725 385 1792 442 Τ.
1839 382 1920 441 IN
1959 382 2317 442 PSALMOS.

3367 386 3474 450 410

262 511 371 570 les,
399 509 721 577 voluptatem
759 505 932 578 [olim,
971 515 1024 562 et
1051 505 1234 560 carnis
1256 503 1522 558 desideria
1552 515 1810 573 pecorum
1855 500 2054 572 instar]
2086 509 2380 556 sectantes.
2421 501 2486 554 Et
2515 506 2644 555 tunc
2670 502 2895 556 verbum
2969 502 3212 557 Salvalris
3272 503 3327 556 in
3373 521 3472 558 sua

261 608 591 665 permaneat
631 599 1050 670 signiﬁcatione,
1091 605 1145 650 et
1175 597 1344 650 futuri
1391 597 1463 648 sit
1489 597 1752 662 temporis
1794 609 1808 644 :

1888 597 1942 642 et
2005 593 2340 660 prophetiam
2363 589 2719 645 continebuut
2750 591 2863 645 hac
2888 593 3054 645 verba
3105 593 3173 646 de
3198 592 3471 646 ﬁdelibus.

262 692 518 747 Salvabis
553 692 697 746 enim
729 707 842 756 eos,
874 691 964 760 qui
991 690 1326 745 crediderint
1375 689 1559 744 audita
1611 681 1996 756 prmdicatione
2026 683 2326 751 Evangelii.

354 784 449 848 Ὦς
471 784 818 852 ἐπλήθυνας
846 783 910 836 τὸ
939 784 1109 848 ἔλεός
1127 797 1262 847 σου,
1285 786 1316 838 ό
1341 785 1505 848 Θεός.
1526 783 1600 835 Τὸ
1623 782 1713 842 Ὠς
1731 781 1811 831 ὲν-

1992 778 2164 843 Quam
2187 777 2548 846 multiplicattt'
2567 777 2978 830 misericordiam
3002 784 3168 838 litant,
3189 775 3350 830 Deus.
3381 777 3471 829 Di-

258 874 460 937 ταῦθα,
484 873 851 943 θαυμαστικόν
887 874 996 943 (28)
1027 876 1196 930 ἐστιν.
1238 873 1562 941 Ἐκπλαγεὶς
1593 873 1701 940 γὰρ
1720 873 1818 938 τὴν

261 965 573 1037 ὑπερϐολὴν
602 965 700 1033 τῆς
737 963 830 1017 τοῦ
859 964 992 1017 Θεοῦ
1032 963 1362 1036 ἁγαθότητος
1393 964 1484 1017 καὶ
1518 962 1819 1030 ἐλεημοσύ-

255 1075 385 1125 νης,
421 1055 488 1108 δι’
518 1057 584 1126 ἣν
615 1053 774 1118 σώζει
799 1055 1021 1118 τούτους
1055 1056 1363 1119 κάκείνους,
1402 1054 1685 1122 ὲπιφωνεϊ.
1734 1053 1818 1105 ὅτι

257 1147 402 1209 Δίαν
427 1146 733 1216 ὲπλήθυνας
762 1148 839 1210 είς
868 1148 1015 1216 ἡμᾶς
1041 1146 1100 1199 τὸ
1127 1146 1274 1209 ἔλεός
1305 1163 1417 1199 σου.

344 1409 407 1460 οι
433 1406 500 1458 δὲ
535 1405 648 1460 υἱοί
675 1407 792 1460 τῶν
814 1406 1134 1470 ἀνθρώπων
1160 1406 1225 1458 ἐν
1251 1405 1449 1472 σκέπῃ
1479 1403 1592 1459 τῶν
1611 1403 1818 1470 πτερύ-

258 1513 389 1562 γων
413 1513 527 1550 σου
546 1498 878 1550 ἐλπιοῦσιν.
907 1498 1026 1548 Υίοὶ
1051 1496 1157 1549 τῶν
1199 1497 1517 1567 ἀνθρώπων,
1551 1495 1672 1549 ἀντὶ
1695 1493 1814 1556 τοῦ,

259 1588 599 1657 Ἄνθρωποι,
649 1588 831 1651 καθὼς
874 1589 930 1640 ὲν
961 1589 1036 1657 τῷ
1063 1590 1304 1659 τετάρτῳ
1325 1588 1520 1658 ψαλμῷ
1557 1587 1816 1657 προείρη-

254 1696 386 1732 ται·
423 1680 570 1746 λέγει
601 1679 679 1743 δὲ,
713 1680 794 1732 ὅτι
815 1678 972 1734 Ὅσοι
1000 1679 1204 1750 κυρίως
1231 1680 1366 1732 εἰσὶν
1401 1679 1696 1748 ἄνθρωποι,
1739 1676 1814 1746 μὴ

257 1769 751 1839 παραχαράξαντες
799 1772 1059 1839 πονηραῖς
1113 1770 1340 1838 πράξεσι
1390 1770 1488 1837 τὴν
1542 1784 1814 1837 προσηγοο

256 1858 410 1927 ρίαν,
439 1862 503 1918 ’ἐν
529 1861 593 1930 τῇ
634 1861 813 1931 σκέπῃ
839 1863 935 1926 τῆς
966 1859 1115 1928 παρὰ
1163 1859 1256 1911 σοῦ
1311 1858 1552 1926 θάλψεως
1587 1860 1682 1912 καὶ
1712 1877 1814 1927 φυ-

252 1949 438 2019 λακῆς
467 1950 764 2004 ἐλπιοῦσιν.
820 1951 888 2000 Ἢ
925 1953 1018 2002 καὶ
1068 1950 1276 2012 ἄλλωςο
1309 1949 1614 2020 πρόρρησις
1658 1948 1814 2002 τοῦτο

255 2042 396 2110 περὶ
424 2040 531 2094 τῶν
569 2039 924 2110 Χριστιανῶν.

333 2216 826 2285 Μεθυσθήσονται
861 2217 979 2271 ἀπὸ
1009 2217 1289 2284 πιότητος
1319 2217 1486 2271 οἶκοι)
1519 2231 1659 2270 σου.
1704 2214 1814 2268 Μέ-

255 2310 365 2378 θην
391 2307 617 2363 ὲνταῦθα
657 2309 754 2380 τὴν
783 2310 1119 2380 εὐφροσύνην
1138 2310 1315 2374 καλεῖ,
1364 2289 1549 2376 ὥσπερ
1580 2307 1674 2359 καὶ
1697 2306 1816 2357 πιό-

252 2417 401 2471 τητα
419 2402 507 2454 τὸν
528 2401 772 2456 πλοῦτον.
808 2403 980 2468 οἶνός
1006 2419 1065 2453 τε
1105 2402 1212 2470 γὰρ
1241 2401 1543 2469 εὐφραίνει
1566 2398 1814 2466 καρδίαν

251 2489 571 2558 ἀνθρώπου
592 2508 605 2522 °
636 2495 729 2542 καὶ
747 2493 780 2561 ἠ
802 2493 992 2560 πιότης
1041 2492 1326 2561 περισσεία
1352 2493 1466 2566 ﬁeri
1492 2491 1583 2543 τοῦ
1600 2491 1808 2552 λίπους.

253 2581 529 2652 Τοιαύτην
557 2583 612 2636 δὲ
644 2584 882 2638 διάνοιαν
913 2585 1024 2653 ἔχει
1065 2586 1124 2638 τὸ
1153 2586 1333 2654 ῥητὸν,
1357 2585 1438 2636 ὅτι
1470 2585 1533 2636 Oi
1583 2581 1812 2634 τοιοῦτοι

253 2676 723 2746 εὐφρανθήσονται
748 2677 854 2730 ἀπὸ
878 2677 970 2729 τοῦ
999 2677 1224 2729 πλούτου
1243 2675 1333 2728 τοῦ
1357 2677 1505 2727 οῐκου
1538 2687 1650 2726 σου·
1667 2669 1812 2735 οἶκος

255 2765 366 2833 μὲν
390 2765 496 2833 γὰρ
523 2765 615 2820 τοῦ
643 2765 796 2831 Θεοῦ,
823 2769 855 2838 ἡ
891 2767 1187 2835 Ἐκκλησία
1209 2781 1222 2796 ·
1270 2764 1498 2827 πλοῦτος
1534 2765 1592 2818 δὲ
1623 2765 1810 2834 αὐτῆς,

249 2856 330 2908 τὰ
356 2855 552 2924 εὖσεΰῆ
577 2855 840 2926 δόγματα,
880 2857 1237 2926 εὐφραίνοντα
1270 2855 1652 2922 πνευματικῶς
1686 2856 1811 2918 τοὺς

252 2947 792 3016 μεταλαμϐάνοντας.
813 2948 884 3000 Ἢ
913 2943 1058 3009 οἶκος
1091 2947 1188 3017 μὲν
1217 2946 1309 2999 τοῦ
1338 2948 1512 3013 Λόγου
1535 2947 1628 3000 καὶ
1651 2945 1808 3011 Θεοῦ,

249 3039 294 3106 ἡ
321 3036 719 3106 προσληφθεῖσα
751 3037 987 3108 ἔμψυχος
1018 3038 1174 3106 σὰρξ,
1197 3039 1254 3090 ὲν
1345 3039 1619 3105 ἐσκήνωσε
1642 3054 1655 3066 ⁸
1692 3038 1810 3090 πιό-

247 3143 355 3194 της
378 3126 512 3194 δὲ,ή
565 3127 713 3196 παρὰ
749 3125 937 3179 τούτου
988 3125 1321 3190 διδασκαλία,
1376 3125 1608 3194 ἄρδουσα
1634 3124 1810 3194 ψυχὰς

249 3219 351 3272 καὶ
381 3218 666 3270 πιαίνουσα
699 3217 792 3270 καὶ
837 3213 1202 3283 εὑφᾷαίνουσα
1226 3232 1240 3247 ο
1284 3215 1356 3277 ὼς
1387 3213 1642 3268 δύνασθαι
1674 3216 1812 3283 μετὰ

253 3309 472 3364 Παύλου
501 3308 680 3376 λέγειν
699 3324 713 3338 ο
754 3308 848 3374 Τις
870 3306 1026 3377 ἡμᾶς
1049 3307 1286 3378 χωρίσει
1311 3307 1428 3363 ἀπὸ
1450 3304 1552 3378 τῆς
1576 3306 1812 3376 ἀγάπης

251 3399 366 3454 τοῦ
392 3399 696 3468 Χριστοῦ·;

287 3667 292 3671 ’
329 3657 438 3714 Kal
465 3658 574 3711 τὸν
621 3657 982 3725 χειμὰρῤουν
1037 3655 1147 3726 τῆς·
1182 3657 1411 3738 τρυφῆς
1446 3674 1562 3715 σου
1589 3661 1811 3727 ποτιεῖς

259 3751 499 3814 αὐτούς.
521 3749 596 3800 To
616 3749 746 3802 αὐτὸ
763 3748 938 3803 ,πάλιν
956 3748 1227 3802 κάνταῦθα
1263 3752 1438 3819 νόημα
1462 3767 1476 3782 ο
1509 3753 1677 3822 μέθης
1701 3753 1809 3823 γὰρ

260 3843 662 3909 μνημονεύσας,
691 3839 994 3902 ἀκολούθως
1025 3839 1118 3891 καὶ
1145 3839 1274 3909 περὶ
1298 3841 1538 3909 πόματος
1569 3841 1808 3897 διέλαϐε.

258 3933 369 3985 Καὶ
387 3931 479 3984 τδν
507 3930 745 3999 ποταμὸν
775 3932 867 3999 τῆς
900 3930 1048 3999 παρὰ
1076 3929 1190 3994 σοῦ,
1220 3930 1374 4000 φησὶ,
1404 3914 1812 4001 χορηγουμένης

258 4022 590 4092 εὐφροσύνης
619 4022 856 4086 ποτίσεις
878 4021 1091 4085 αὐτούς.
1126 4023 1468 4092 Χειμάρῤους
1489 4023 1545 4076 δὲ
1575 4024 1810 4092 τρυφῆς,

257 4113 319 4166 τὸ
357 4112 536 4184 ῥεῦμα
577 4112 675 4181 τῆς
706 4113 1034 4186 εὐφροσύνω
1069 4111 1406 4174 διδασκαλίας
1427 4129 1442 4142 ·
1477 4112 1810 4183 χειμάρρους

260 4203 380 4276 μιν,
408 4201 500 4255 διὰ
538 4202 598 4254 τὸ
621 4202 955 4272 πρόσκαιρον
980 4201 1081 4269 τῆς
1109 4201 1198 4253 διὰ
1247 4201 1422 4269 στόμα
1450 4201 1543 4254 τοῦ
1572 4203 1808 4270 Χριστοῦ

256 4293 499 4363 διδαχῆς,
528 4293 623 4345 καὶ
650 4291 712 4344 τὸ
751 4292 970 4362 ίσχυρδν
995 4292 1165 4361 αὐτῆς
1194 4293 1287 4347 καὶ
1316 4292 1490 4360 βίαιον
1519 4295 1599 4356 είς
1623 4295 1810 4366 ἀντίρο

262 4385 439 4454 ῥησιν,
469 4381 641 4436 καὶτὸ
664 4381 771 4436 ἀπὸ
796 4383 1144 4454 προφητικῶν
1167 4377 1338 4450 λόγων
1367 4385 1810 4454 σίυγκεκροτημέο

259 4491 382 4527 νον·
413 4475 507 4528 καὶ
533 4475 564 4526 ό
607 4475 940 4546 χειμάρρους
968 4475 1097 4546 γὰρ,
1147 4475 1498 4545 πρόσκαιρος,
1539 4476 1634 4528 καὶ
1678 4493 1809 4542 atpo-

257 4563 403 4635 δρὸς,
433 4566 528 4617 καὶ
555 4565 746 4634 βίαιος,
795 4568 888 4620 καὶ
913 4568 1020 4619 ἀπὸ
1057 4565 1312 4636 συρροίας
1361 4567 1568 4619 ὑδάτων
1601 4584 1810 4636 συμπε-

261 4657 564 4729 φορημένος
581 4674 594 4687 ’
627 4659 806 4728 τρυφὴ
821 4659 897 4719 δὲ,
916 4659 990 4720 ὡς
1006 4657 1367 4726 εὖφραίνουω
1384 4659 1478 4710 καὶ
1496 4659 1805 4724 πιαίνουσα,

1919 870 2049 932 ειίο,
2082 887 2263 937 quant,
2290 869 2390 922 hoc
2416 869 2467 921 in
2498 869 2613 922 loco
2639 866 2959 922 admirantis
2983 868 3222 918 animum
3243 866 3470 920 demon-

1919 969 2075 1013 strat.
2112 957 2513 1026 Obstupescens
2552 957 2693 1010 enim
2753 955 3019 1022 Propheta
3079 956 3370 1009 bonitatem
3407 971 3471 1009 ac

1921 1048 2348 1102 misericordiam
2385 1061 2651 1102 summam
2689 1046 2799 1107 Dei,
2837 1062 2941 1115 qua
2976 1046 3030 1100 bi
3068 1045 3270 1115 pariter
3309 1055 3472 1114 atque

1920 1138 1999 1188 iiii
2065 1138 2372 1200 salvantur,
2430 1137 2686 1190 inclamat
2739 1135 2805 1189 ad
2866 1136 3054 1200 Deum,
3110 1136 3302 1188 dicens
3347 1151 3472 1188 eum

1918 1244 2078 1296 quam
2111 1229 2341 1284 maxime
2367 1242 2514 1283 suam
2542 1229 2593 1281 in
2625 1243 2724 1283 nos
2758 1226 3186 1282 misericordiam
3213 1225 3471 1294 multipli-

1918 1335 2093 1376 C3580.

1993 1409 2121 1463 Filii
2154 1419 2329 1462 autem
2358 1410 2624 1462 hominum
2671 1409 2721 1460 in
2750 1408 3065 1476 proiectione
3094 1409 3305 1462 alarum
3345 1420 3466 1463 tua-

1918 1518 2033 1554 rum
2059 1502 2364 1566 sperabunt.
2399 1498 2516 1552 Filii
2539 1499 2839 1559 hominum,
2875 1498 2978 1552 hoc
3008 1509 3092 1552 est
3115 1499 3386 1562 homines,
3412 1511 3470 1554 ut

1916 1593 2155 1646 diximus
2225 1592 2274 1644 iu
2309 1591 2516 1659 ps:dmo
2546 1597 2761 1658 quarto.
2790 1588 2879 1643 Ait
2910 1589 3072 1658 igitur
3103 1591 3246 1658 quod
3279 1606 3468 1644 omnes

1917 1682 2010 1752 qui
2032 1682 2141 1736 veri
2172 1681 2418 1734 homines
2444 1687 2590 1740 sunt,
2620 1686 2671 1730 et
2702 1679 2792 1746 qui
2824 1678 2984 1742 hujus
3012 1678 3248 1731 nominis
3287 1679 3470 1746 appel-

1917 1773 2172 1826 lationem
2199 1769 2492 1824 sceleribus
2515 1768 2626 1822 suis
2653 1783 2757 1822 non
2782 1769 3174 1829 adulterarunt,
3208 1768 3259 1820 in
3288 1767 3469 1820 divina

1917 1862 2212 1931 sperabunt
2243 1860 2599 1929 protectione,
2636 1861 2891 1928 quodque
2931 1874 3025 1912 eos
3052 1859 3195 1912 Deus
3247 1867 3306 1912 ut
3351 1861 3468 1912 avis

1918 1953 2167 2022 preprios
2201 1952 2377 2020 pullos
2411 1949 2618 2004 fovebit
2649 1966 2711 2004 ac
2746 1949 3040 2004 custodiet.
3085 1950 3147 2003 Et
3191 1951 3349 2002 aliter
3383 1951 3469 2003 iu-

1918 2044 2083 2113 telligi
2115 2052 2291 2112 potest
2321 2043 2646 2107 versiculus,
2678 2049 2737 2095 ut
2776 2041 2848 2098 sit
2903 2041 3186 2110 prophetia
3216 2027 3281 2094 de
3308 2039 3467 2094 Chri-

1914 2135 2128 2190 stianis.

1984 2223 2148 2279 Visus.
2186 2226 2240 2280 9.
2272 2222 2681 2279 Inebriabuntur
2705 2223 2768 2275 ab
2811 2222 3046 2276 ubertate
3092 2222 3282 2277 domus
3338 2233 3463 2279 tute.

1915 2314 2370 2386 |Inebriabuntur,
2425 2315 2528 2367 hoc
2597 2323 2681 2367 est
2733 2311 3132 2383 Lzetabuntur.]
3191 2313 3458 2368 Laetitiam

1914 2407 2056 2461 enim
2094 2406 2534 2483 hicebrietatem
2596 2403 2850 2472 appellat,
2912 2404 3368 2472 quemadmodum
3412 2412 3467 2458 et

1912 2499 2127 2554 divitias
2178 2498 2496 2560 ubertatem.
2548 2494 2736 2547 Vinum
2783 2494 2952 2556 enim,
2984 2503 3044 2547 ut
3099 2495 3229 2548 alibi
3291 2494 3468 2562 inquit

1912 2589 2197 2657 Propheta,
2240 2587 2476 2653 latiﬁcat
2508 2603 2597 2638 cor
2624 2585 2849 2637 homini:
2893 2583 2964 2638 ⁸⁸.
3026 2583 3252 2639 lib'ertas
3303 2585 3465 2637 etiam

1911 2678 2120 2747 copiam
2154 2676 2440 2744 quamdam
2469 2675 2781 2743 ampliorem
2810 2672 3098 2740 signiﬁcat.
3121 2671 3463 2741 Hujusmodi,

1913 2768 2108 2837 inquit,
2155 2770 2399 2821 homines
2438 2765 2537 2819 laeti
2584 2773 2742 2818 erunt
2780 2780 2808 2817 a
2836 2764 3041 2818 divitiis
3086 2764 3283 2819 domus
3336 2773 3461 2816 tua}.

1914 2861 2124 2914 Domus.
2175 2867 2356 2911 autem
2414 2856 2504 2911 Dei
2573 2856 2816 2910 Ecclesia
2869 2863 2974 2914 est,
3048 2855 3206 2922 cujus
3269 2854 3467 2908 divitia:

1910 2945 1994 3014 pia
2057 2953 2184 2999 sunt
2237 2945 2526 3012 dogmata,
2609 2957 2728 3011 quae
2778 2943 2951 3010 ipsos.
2981 2942 3293 3012 dogmatum
3342 2959 3466 3012 par-

1915 3037 2107 3105 ticipes
2145 3033 2416 3103 spirituali
2448 3033 2691 3087 aﬂiciuut
2730 3033 2937 3087 laetitia.
2977 3032 3073 3087 Vel
3111 3048 3206 3102 per
3241 3034 3462 3087 domum

1914 3124 2032 3188 Dei,
2064 3122 2224 3178 Verbi
2254 3138 2472 3177 carnem
2505 3122 2745 3191 iutellige
2772 3141 2786 3177 :
2824 3121 2971 3175 illam
3011 3122 3270 3175 nimirum
3300 3137 3461 3189 quam

1913 3217 2076 3272 simul
2104 3231 2225 3269 cum
2278 3215 2458 3267 anima
2491 3215 2812 3281 assumpsit,
2843 3222 2895 3266 et
2926 3213 2979 3265 in
3028 3227 3134 3282 qua
3167 3211 3461 3276 habitavit;

1914 3315 1967 3360 et
2006 3321 2103 3375 per
2137 3305 2464 3366 ubertatem,
2507 3301 2709 3356 Christi
2749 3300 3073 3362 doetrinam,
3104 3315 3225 3367 quae
3253 3298 3464 3350 animas

1834 3420 1880 3482 ο
1913 3398 2120 3467 irrigat,
2173 3394 2496 3464 impingunt,
2527 3403 2579 3445 et
2607 3392 2885 3478 laetiﬁcat;
2919 3392 2992 3445 ita
3031 3400 3092 3444 ut
3127 3404 3250 3443 cum
3297 3387 3467 3441 Paulo

1914 3489 2100 3543 dicere
2165 3485 2426 3554 possint:
2465 3483 2594 3549 Qui:
2646 3498 2739 3534 nos
2795 3473 3060 3549 separabit
3123 3497 3157 3532 α
3209 3479 3467 3532 charitate

1908 3575 2104 3632 Christi
2128 3574 2171 3606 ⁸⁸
2200 3574 2224 3626 ?
2778 3629 2786 3632 _

1986 3665 2053 3719 Et
2078 3674 2304 3720 torrente
2326 3661 2636 3716 deliciarum
2677 3667 2890 3711 tuarum
2917 3657 3124 3726 potabis
3154 3673 3265 3712 eos.
3295 3656 3459 3710 Eaut-
3497 3679 3500 3683 ·

1912 3757 2032 3812 dem
2064 3757 2260 3825 repetit
2293 3752 2642 3817 sententiam,
2672 3759 2726 3805 et
2755 3764 2878 3802 cum
2906 3749 3186 3803 ebrietatis
3213 3748 3467 3801 memine-

1917 3849 2010 3912 rit,
2077 3856 2479 3914 consequenter
2529 3852 2584 3898 et
2639 3839 3157 3910 poculum-addidit
3192 3857 3204 3891 :
3241 3839 3463 3894 Potabis

1911 3939 2056 3995 enim
2095 3952 2217 4000 eos,
2274 3935 2471 4004 inquit,
2523 3933 2752 3987 ﬂumine
2792 3931 2913 4000 ejus
2951 3931 3169 3993 la-titize,
3205 3945 3323 3998 qua
3351 3946 3381 3982 a
3413 3937 3466 3982 te

1914 4026 2386 4094 subministratur.
2412 4022 2731 4076 Torrentem
2766 4029 2949 4073 autem
2989 4019 3326 4080 deliciarum,
3367 4017 3460 4084 juo

1911 4115 2248 4172 cundissima
2294 4112 2496 4168 Christi
2541 4112 2804 4164 doctrinae
2862 4109 3061 4161 ﬂuenta
3121 4107 3404 4175 appellavit
3445 4122 3460 4159 :

1911 4214 2206 4262 torrentem
2240 4205 2461 4276 quidem
2487 4203 2558 4256 ob
2577 4201 2952 4270 tempestivam
2985 4199 3316 4261 doctrinam,
3345 4212 3466 4266 quae

1912 4306 2064 4352 certo
2090 4305 2329 4362 tempore
2355 4293 2422 4345 ab
2453 4307 2548 4344 ore
2574 4289 2772 4343 Christi
2795 4289 3098 4350 deﬂuebat,
3133 4295 3462 4356 propterque

1911 4389 2031 4457 ejus
2057 4383 2472 4447 vehementiam,
2504 4397 2568 4436 ac
2599 4381 2706 4436 vim
2757 4379 2842 4450 (ut
2871 4380 2943 4431 ita
2977 4378 3176 4444 dicam)
3216 4377 3465 4430 iudeten-

1913 4491 2044 4545 tam,
2077 4489 2130 4532 et
2159 4487 2374 4549 propter
2407 4475 2572 4529 multa
2611 4488 2731 4542 quae
2761 4473 2830 4525 de
2881 4469 3215 4540 prepheticis
3261 4482 3466 4523 seruio-

1914 4576 2072 4628 nibus
2117 4573 2172 4626 in
2205 4585 2372 4624 unum
2418 4569 2644 4622 collecta
2681 4565 3003 4619 adducebat.
3053 4562 3288 4616 Torrens
3317 4561 3460 4614 enim

1912 4667 1979 4722 ad
2006 4675 2216 4734 tempus
2247 4663 2384 4724 ﬂuit,
2418 4671 2472 4716 et
2501 4661 2790 4714 vehemens
2816 4666 2902 4712 est
2946 4671 3010 4710 ac
3057 4655 3350 4715 violentus,
3408 4662 3463 4707 et

259 4747 440 4812 καθὼς
464 4747 786 4819 εἰρήκαμεν.
817 4749 970 4811 Τινὲς
1002 4748 1058 4802 δὲ
1094 4748 1323 4819 πιότητα
1356 4748 1456 4816 μιν
1487 4750 1662 4811 οἴκου.
1711 4747 1806 4803 τοῦ

1911 4773 1972 4811 ex
2006 4754 2287 4822 multiplici
2337 4753 2561 4816 conﬂuit
2593 4765 2856 4820 aquarum
2886 4761 3196 4810 concursu;
3236 4745 3461 4799 delicias

260 4839 434 4909 Λόγου
479 4839 574 4893 καὶ
607 4837 742 4892 Θεοῦ
769 4840 984 4909 λέγουσι
1014 4840 1093 4894 τὸ
1121 4839 1503 4910 καταρῤεῦσαν
1543 4835 1686 4909 αἷμα
1713 4841 1812 4909 τῆς

262 4932 827 5006 ἁχράντουλπλευρᾶς·
883 4935 1217 5004 χειμάρρους
1260 4933 1337 4996 δὲ,
1387 4933 1448 4985 τὸ
1483 4931 1812 5002 συνεκχυθὲν

1907 4857 2086 4900 autem
2134 4845 2252 4899 ideo
2284 4843 2442 4906 dixit,
2494 4835 2624 4910 quia
2673 4840 2950 4895 laetiﬁcant
3010 4849 3067 4893 et
3099 4839 3456 4907 impinguant.

1905 4936 2081 5004 Aliqui
2104 4949 2197 5004 per
2223 4935 2519 4989 ubertatem
2544 4935 2737 4986 domus
2773 4930 2889 4992 Dei,
2913 4931 3228 4998 sanguinem
3254 4925 3458 4980 Christi

265 5021 407 5090 αὐτῷ
623 5004 856 5094 καὶγὰρ
877 5023 935 5076 ἐν
971 5022 1147 5091 καιρῷ
1173 5015 1434 5093 χειμῶνος
1460 5022 1755 5093 ὲρῤὐησαν,
1778 5023 1811 5076 a

1911 5025 2234 5094 intelligunt,
2264 5025 2356 5095 qui
2383 5040 2444 5079 ex
2472 5023 2617 5078 illius
2641 5020 2986 5076 immaculato
3008 5020 3176 5072 latere
3196 5018 3418 5073 deﬂuxit
3439 5053 3456 5078 ,

267 5112 355 5162 καὶ
383 5111 552 5180 ἄμφω,
604 5110 890 5185 ιμέθυσαφ
904 5113 1070 5182 ἡμᾶς.
1101 5113 1176 5175 ὡς
1209 5113 1638 5183 ἑκϐακχευθῆναι
1679 5115 1814 5181 πρὸς

271 5202 554 5272 σωτηρίαν.
585 5203 680 5256 καὶ
727 5204 980 5274 ὲκστῆναι
1021 5203 1120 5274 τῆς
1163 5203 1438 5286 προτέρας
1468 5203 1684 5276 ἀπάτης
1717 5205 1810 5258 καὶ

272 5292 489 5362 πλάνης,
519 5293 612 5348 καὶ
639 5292 941 5364 ηὖφραναν.

1907 5124 1963 5170 et
2000 5131 2094 5184 per
2125 5123 2442 5176 torrentem,
2475 5128 2669 5182 aquam
2692 5113 2859 5177 illam,
2885 5126 3006 5180 qua:
3041 5119 3174 5164 tunc
3203 5105 3459 5176 temporis

1916 5221 2036 5259 cum
2069 5207 2330 5276 sanguine
2353 5206 2554 5275 pariter
2578 5204 2754 5260 eﬂusa
2783 5213 2891 5270 est,
2917 5211 2970 5257 et
2992 5219 3112 5273 qua:
3147 5206 3228 5271 (ut
3259 5200 3461 5254 Graeca:

1915 5295 2167 5366 dictionis
2201 5297 2526 5370 etymologia
2581 5294 2807 5366 indicat)
2838 5294 3067 5351 hiberno
3103 5301 3342 5360 tempore
3365 5288 3458 5345 deo.

273 5380 420 5444 luxit
477 5384 689 5457 {bycms
719 5386 866 5445 enim
893 5396 1010 5441 erat
1039 5389 1252 5456 quando
1277 5404 1471 5451 passus
1510 5396 1594 5446 est
1626 5385 1932 5460 Dominus].
1963 5402 2084 5457 quze
2115 5388 2280 5444 etiam
2348 5387 2640 5445 inebriavit
2713 5399 2836 5453 nos,
2903 5385 2978 5439 ita
3049 5392 3108 5438 ut
3140 5380 3459 5438 debacchati

321 5565 366 5598 "
389 5563 535 5619 Psal.
567 5525 679 5632 cui,
702 5565 786 5620 l5.
851 5566 892 5599 ⁸⁸
925 5567 1076 5624 Rom.
1121 5588 1235 5641 vui,
1268 5571 1356 5630 '55.

1557 5663 1751 5730 Variae
1785 5662 2107 5730 lectiones.

340 5757 445 5829 (28.)
475 5760 560 5815 Ai.
583 5759 908 5832 θαυμαστόν.
