4108 6330
651 325 756 388 415

1869 327 2245 388 ΕυΤΠΥΜΙΙ
2285 329 2638 387 ZlGABENl

3780 325 3890 388 416

725 431 886 501 Spera
937 432 991 484 in
1024 448 1104 486 eo.
1148 431 1354 487 Rursus
1394 447 1542 500 spem
1605 433 1900 501 protendit,
1959 442 2222 502 tauquam

2385 436 2492 489 Kal
2520 437 2779 490 ἓλπισον
2803 439 2896 490 ἐπ’
2928 439 3134 492 αὐτόν.
3171 439 3338 490 Πάλιν
3394 440 3491 506 τὴν
3517 439 3712 491 ἐλπίδα
3746 455 3890 508 τερσ-

652 522 1022 575 uecessariam
1049 522 1113 575 iis
1135 524 1222 590 qui
1248 525 1299 575 iu
1325 522 1712 578 afﬂictionibus
1744 532 1870 579 sunt
1896 525 2209 590 constituti;

655 613 773 665 sola
809 613 952 664 enim
987 628 1112 678 spes
1151 615 1347 667 minuit
1376 615 1620 670 dolores.

728 701 794 754 Et
823 703 931 769 ipse
981 704 1159 771 faciet.
1227 703 1410 759 Faciet
1468 707 1749 770 nimirum,
1799 723 1918 777 qua:
1956 708 2116 777 petis,
2163 717 2216 764 et

651 809 770 860 qua!
806 792 1139 847 conducunt.

731 881 887 937 Vsus.
926 884 980 938 6.
1015 883 1080 937 Et
1112 887 1292 940 educet
1342 888 1495 954 quasi
1533 886 1706 940 lumen
1742 888 2012 955 justitiam
2046 895 2212 942 tuam.

651 975 870 1029 iustitia
905 977 1006 1029 hoc
1063 978 1114 1030 in
1170 979 1289 1033 loco
1339 981 1602 1033 sumenda
1665 987 1750 1033 est
1793 980 2063 1048 projusta
2092 996 2216 1036 sen-

653 1068 846 1122 tentia.
879 1066 944 1120 Et
980 1069 1196 1134 educet,
1232 1071 1434 1139 inquit,
1459 1071 1666 1140 justam
1692 1071 1760 1125 de
1785 1081 1834 1124 te
1866 1071 2212 1135 sententiam,

655 1157 984 1226 lnminisque
1019 1159 1302 1228 cujusdam
1335 1162 1508 1216 instar
1554 1161 1850 1231 fulgentem
1897 1176 1961 1215 ac
1989 1163 2212 1231 conspi-

654 1259 812 1298 cuam
905 1261 1090 1299 coram
1146 1249 1399 1304 omnibus
1465 1251 1780 1304 constituet.
1843 1253 2008 1304 Pater
2071 1261 2212 1314 tuus,

655 1335 833 1403 inquit
883 1336 1035 1402 alibi,
1086 1339 1174 1406 qui
1227 1339 1359 1392 videt
1409 1340 1463 1391 in
1504 1341 1729 1404 occulto,
1781 1341 1962 1394 reddet
2019 1342 2112 1394 tibi
2161 1343 2215 1395 in

657 1427 933 1495 manifesta
961 1425 1029 1479 ⁸⁷.
1055 1425 1150 1480 Vel
1183 1428 1370 1482 aﬂ‘eret
1398 1409 1651 1484 virtutem
1686 1439 1830 1483 tuam
1871 1432 1925 1484 in
1954 1431 2211 1494 medium,

654 1517 940 1586 divulgans
967 1533 1084 1572 eam
1121 1521 1277 1586 quasi
1340 1534 1536 1587 purum
1591 1520 1795 1582 lumen,
1829 1531 1880 1574 et
1911 1521 2216 1586 prmdicans

659 1608 710 1659 in
747 1614 993 1674 tempore
1042 1620 1372 1677 opportuno.

731 1696 1083 1764 Etjudicinm
1137 1708 1280 1752 tuum
1329 1707 1579 1769 tanquam
1629 1701 1922 1758 meridiem.
1962 1703 2215 1759 Eamdem

2312 526 2498 592 τείνει,
2546 528 2621 590 ὡς
2656 528 2956 595 ἀναγκαίαν
3001 532 3114 591 τοῖς
3165 530 3225 581 ὲν
3260 527 3470 597 θλίψεσι
3503 545 3518 560 ·
3577 531 3722 601 μόνη
3777 529 3893 597 γὰρ

2308 613 2860 686 αὐτοῖς’ὲπικουφίζει
2892 619 2953 670 τὸ
2987 619 3170 684 ἄλγος.

2384 713 2490 766 Καὶ
2520 710 2698 777 αῠτὲς
2733 711 2991 779 ποιήσει.
3019 712 3237 780 Ποιήσει
3271 711 3305 765 ἃ
3341 708 3598 775 ἐλπίζεις,
3623 711 3658 765 ἃ.
3681 711 3891 773 αἰτεῖς,

2312 804 2347 858 ὃ.
2373 805 2660 872 συμφέρει.
2969 869 2972 876 ι

2397 894 2654 964 Ἐξοίσει
2685 894 2762 957 ὡς
2783 893 2906 961 φῶς
2940 895 3053 958 τὴν
3083 893 3481 958 δικαιοσύνην
3497 909 3631 946 σου.
3658 895 3897 944 Δικαιο-

2315 988 2480 1053 σύνην
2508 985 2740 1040 ἐνταῦθα
2787 985 3018 1054 ληπτέον
3057 987 3153 1055 τὴν
3197 986 3408 1038 δικαίαν
3440 987 3738 1053 ἀπόφασιν.
3778 985 3896 1037 Καὶ

2315 1079 2593 1148 ἐξενέγκῃ,
2631 1078 2787 1146 φησὶ,
2821 1079 2916 1147 τὴν
2966 1079 3114 1147 παρὰ
3168 1079 3260 1131 σοῦ
3317 1079 3528 1131 δικαίαν
3578 1080 3892 1145 ἀπόφασιν,

2315 1171 2389 1232 ὡς
2418 1171 2530 1238 φῶς
2570 1171 2828 1240 λαμπρὰν
2862 1171 3090 1224 ἐνώπιον
3119 1172 3391 1226 ἁπάντων.
3430 1172 3492 1224 Ὀ
3521 1171 3727 1238 Πατήρ
3768 1185 3895 1222 σου

2313 1260 2443 1332 γὰρ,
2475 1262 2658 1331 φησὶν,
2694 1265 2725 1314 ό
2763 1262 3012 1325 ,ϐλέπων
3043 1262 3112 1314 ἐν
3148 1261 3227 1325 τῷ
3274 1261 3532 1329 κρυπτῷ,
3578 1260 3897 1315 ἀποδώσει

2316 1368 2412 1406 σοι
2446 1352 2515 1405 ἐν
2543 1351 2620 1417 τῷ
2665 1352 2920 1421 φανερῷ.
2961 1354 3032 1406 Ἦ
3079 1352 3336 1424 ἐξενέγκῃ
3380 1353 3478 1423 τὴν
3534 1355 3740 1422 ἀρετήν
3793 1368 3897 1405 σου

2316 1444 2393 1504 εἰς
2422 1443 2483 1494 τὸ
2511 1442 2695 1511 μέσον,
2752 1443 2826 1506 ὡς
2861 1442 2985 1510 ’φῶς
3040 1443 3280 1512 καθαρὸν
3310 1442 3647 1511 δημοσιεύων
3684 1438 3894 1508 αὐτὴν,

2317 1534 2408 1586 καὶ
2431 1533 2818 1603 ἀνακηρύττων
2844 1533 2900 1582 ὲν
2929 1533 3102 1605 καιρῴ
3133 1533 3209 1603 τῷ
3242 1535 3597 1605 προσήκοντι.

2349 1767 2356 1772 ν
2389 1706 2494 1758 Kal
2530 1704 2595 1757 τὸ
2625 1703 2799 1772 κρῖμὰ
2857 1719 2974 1758 σου
3019 1703 3100 1770 ὡς
3152 1703 3547 1776 μεσημϐρίαν.
3592 1705 3662 1755 Ἦ
3691 1703 3901 1756 ταύτὸν

659 1790 856 1856 repetit
888 1790 1235 1843 Sententiam.
1275 1789 1529 1846 Meridies
1553 1795 1697 1845 enim
1731 1809 1866 1859 pura
1912 1803 1961 1847 et
2002 1796 2217 1850 sincera

2334 1796 2466 1864 ιέγει
2494 1799 2556 1864 τῇ
2587 1795 2824 1865 προτέρᾳ
2848 1795 3122 1863 ἐξηγήσει,
3146 1797 3211 1864 τῇ
3250 1793 3376 1862 περὶ
3395 1774 3494 1860 τῆς
3523 1793 3861 1870 ἀποφάσεως
3881 1805 3897 1819 ⁸

658 1888 743 1932 est
797 1893 860 1933 ac
890 1879 1286 1950 fulgentissima
1314 1880 1420 1934 diei
1458 1881 1572 1935 lux.
1598 1881 1694 1937 Vel
1729 1883 1923 1938 educet
1947 1878 2218 1953 judicium

659 1980 810 2022 tuum
846 2011 861 2035 ,
917 1971 1021 2024 hoc
1073 1978 1178 2034 est,
1229 1973 1699 2026 conversationem
1745 1989 1809 2028 ac
1855 1975 2019 2028 vitam
2073 1976 2220 2030 illam

659 2077 821 2130 quam
881 2061 1088 2132 judicio
1143 2071 1240 2118 tuo
1309 2063 1407 2117 tibi
1465 2067 1778 2120 sectandam
1845 2068 2220 2137 proposuisti,

661 2153 978 2218 publicabil,
1011 2162 1065 2210 et
1098 2155 1354 2210 omnibus
1380 2163 1563 2210 notam
1601 2157 1788 2220 faciet,
1823 2165 1883 2210 ut
1912 2158 2218 2212 meridiem.

661 2241 914 2299 Meridies
965 2245 1110 2298 enim
1171 2247 1427 2301 omnibus
1483 2255 1566 2302 est
1633 2247 1989 2312 manifestus,
2057 2250 2221 2303 veluti

661 2333 1096 2400 splendidissima
1135 2349 1199 2388 ac
1222 2335 1598 2390 lucentissima
1627 2338 1734 2392 diei
1763 2353 1909 2406 pars.
2081 2332 2086 2336 ’

731 2422 982 2478 Subditus
1027 2433 1137 2478 esto
1195 2425 1436 2479 Domino.
1485 2425 1720 2482 Servans
1777 2429 2226 2487 nimirumillius

665 2517 941 2582 mandata,
973 2526 1026 2571 et
1060 2531 1166 2572 non
1192 2533 1334 2588 aegre
1386 2517 1565 2576 ferens
1603 2519 1810 2588 ﬂagella
1843 2521 1911 2574 ab
1943 2535 2008 2575 eo
2040 2502 2223 2584 missa,

664 2607 756 2658 sed
789 2607 990 2676 gratias
1043 2609 1092 2662 ei
1145 2622 1332 2678 agens,
1387 2610 1544 2678 quasi
1597 2609 1868 2666 erudienti
1919 2620 1972 2666 te
2016 2625 2081 2665 ac
2133 2626 2228 2664 ca-

663 2694 912 2763 stigauti.

735 2781 803 2836 Et
847 2800 942 2837 ora
974 2800 1112 2839 eum.
1151 2785 1220 2840 Ut
1262 2785 1477 2841 scilicet
1504 2787 1832 2845 misereatur
1885 2791 1963 2844 tui
2006 2799 2072 2846 et
2100 2806 2228 2861 pro-

664 2883 810 2942 legat
849 2882 920 2928 te.

736 2965 898 3018 Vsus.
936 2965 986 3018 7.
1021 2964 1103 3030 Ne
1133 2968 1395 3022 a’muleris
1440 2971 1494 3022 in
1534 2986 1617 3031 eo,
1674 2972 1763 3038 qui
1787 2957 2141 3041 'prasperatur
2175 2974 2228 3025 in

2324 1884 2672 1954 μεσημϐρίαν
2729 1884 2838 1954 γὰρ
2893 1885 2953 1936 τὸ
3001 1884 3296 1952 ἀκραιφνὲς
3351 1883 3446 1955 καὶ
3501 1884 3739 1951 ἀκμαῖον
3798 1879 3902 1932 τοῦ

2322 1974 2497 2041 φωτὸς
2531 1974 2626 2043 τῆς
2653 1973 2863 2042 ἡμέρας
2889 1991 2901 2002 ”
2939 1973 2970 2040 ἢ
3001 1974 3158 2026 πάλιν
3208 1973 3279 2028 Τὸ
3318 1973 3494 2042 κρῖμά
3535 1989 3675 2038 σου,
3731 1988 3902 2024 τουτ-

2323 2065 2488 2127 έστιν,
2535 2063 2637 2115 Ἦν
2668 2063 2885 2132 ἔκρινας
2917 2064 3009 2116 καὶ
3040 2064 3183 2116 εἵλου
3233 2064 3531 2126 πολιτείαν,
3573 2062 3904 2132 δημοσιεύει

2323 2155 2398 2217 ὡς
2425 2154 2771 2224 μεσημδρίαν
2797 2172 2814 2188 ’
2845 2156 2978 2212 πᾶσι
3006 2154 3115 2224 γὰρ
3136 2155 3170 2224 ή
3209 2154 3524 2224 μεσημσρία
3558 2153 3903 2223 κατάδηλοῖν

2298 2239 2411 2297 ιοῖα
2435 2245 2814 2315 λαμπροτάτη.

2405 2420 2764 2488 ’Υποτάγηθι
2803 2419 2881 2483 τῷ
2932 2421 3146 2486 Κυρίῳ.
3179 2418 3468 2473 Φυλάττων
3511 2419 3608 2480 τὰς
3667 2417 3904 2478 ἐντολὰς

2327 2511 2490 2564 αὐτοῦ
2518 2529 2532 2542 ο
2575 2512 2607 2581 ἢ
2646 2512 2741 2563 καὶ
2775 2510 2846 2580 μὴ
2883 2510 3293 2579 δυσανασχετῶν
3327 2512 3462 2580 πρὸς
3490 2511 3584 2570 τὰς
3612 2507 3904 2577 ἐπαγομέο

2327 2620 2422 2665 νας
2455 2601 2746 2671 μάστιγας,
2776 2601 2890 2653 ἀλλ’
2920 2601 3258 2673 εὐχαριστῶν
3289 2600 3612 2654 παιδεύοντι.

2352 2752 2360 2755 _
2399 2784 2503 2838 Kal
2534 2783 2846 2837 ἱκέτευσον
2880 2782 3087 2837 αὐτόν.
3121 2783 3282 2836 ’Ὥστε
3313 2782 3598 2852 ἐλεηθῆναι
3633 2781 3728 2834 καὶ
3766 2799 3894 2834 axe-

2330 2875 2621 2946 πασθῆναι.

2399 2967 2495 3033 Μὴ
2544 2963 2883 3033 παραζήλου
2933 2965 3001 3017 ἐν
3045 2961 3124 3029 τῷ
3169 2961 3650 3031 κατευοδουμένῳ
3700 2963 3774 3016 ἐν
3825 2961 3906 3033 τῇ

669 3053 752 3106 via
781 3055 982 3116 σπειρία
1012 3055 1218 3116 homine
1252 3058 1477 3125 faciente
1522 3058 1875 3127 iniquitatem.
1907 3060 2031 3129 Hinc
2065 3062 2224 3116 verba

2334 3059 2447 3125 ὀδῷ
2501 3059 2707 3122 αὑτοῦ,
2745 3059 2813 3111 ἐν
2849 3057 3135 3124 ἀνθρώπῳ
3185 3055 3458 3110 ποιοῦντι
3493 3049 3902 3122 παρανομίαν.

667 3145 916 3200 eumdem
950 3160 1174 3202 sensum
1207 3149 1428 3215 habent,
1465 3168 1627 3222 quam
1668 3153 1798 3207 illa:
1852 3152 1934 3208 Ne
1966 3154 2228 3208 azmuleris

2334 3153 2514 3210 Ταῦτα
2543 3151 2739 3204 ταύτὸν
2790 3150 2886 3217 μὲν
2943 3149 3194 3201 δύνανται
3251 3147 3363 3215 τῷ·
3418 3150 3512 3213 Μὴ
3548 3146 3907 3215 παραζῆλου

667 3239 722 3290 in
744 3236 1192 3307 ‘malignantibus,
1244 3258 1407 3310 neque
1451 3245 1716 3300 temulerit
1753 3245 2005 3310 facientes
2038 3247 2234 3315 iniqui-

670 3337 861 3380 tatem:
894 3343 1081 3380 verum
1117 3333 1390 3398 apertiora
1428 3342 1575 3386 sunt.
1612 3333 1696 3398 Et,
1731 3335 1858 3389 dum
1895 3336 1969 3389 ait
2005 3353 2020 3387 :
2057 3334 2125 3388 In
2149 3351 2230 3400 eo,

669 3420 760 3488 qui
793 3431 1132 3488 proaperatur
1185 3424 1240 3476 in
1289 3425 1375 3478 ria
1424 3442 1544 3491 tua,
1598 3427 1850 3482 distinxit
1881 3427 1948 3482 de
1993 3443 2231 3497 quonam

675 3512 981 3580 loquatur:
1045 3511 1114 3567 de
1165 3513 1374 3582 iniusto
1432 3516 1715 3572 nimirum.
1764 3516 1899 3571 Nam
1965 3519 2231 3589 alioquin,

674 3602 720 3653 si
771 3601 962 3669 justus
1021 3602 1113 3668 sit,
1145 3605 1238 3673 qui
1274 3615 1654 3676 prosperatur,
1714 3608 1916 3663 imitari
1965 3625 2089 3665 eum
2143 3610 2234 3666 de-

675 3693 885 3746 bemus.

749 3783 916 3840 Vsu.
947 3785 1000 3841 8.
1042 3785 1232 3842 Desine
1271 3789 1335 3841 ab
1372 3789 1474 3851 ira.
1525 3798 1577 3844 et
1627 3790 1926 3861 derelinque
1983 3795 2234 3860 (urerent.

678 3874 814 3926 Cum
849 3874 1021 3939 vides,
1073 3877 1272 3946 inquit,
1323 3877 1561 3946 iniustos
1607 3879 1858 3936 homines
1909 3881 1962 3936 in
1997 3867 2238 3937 secunda

676 3979 803 4020 esse
834 3964 1076 4032 fortuna,
1131 3968 1242 4021 noli
1303 3967 1488 4031 irasci,
1544 3978 1638 4023 aut
1669 3969 1939 4041 indignari
1966 3987 2094 4042 erga
2122 3987 2239 4038 eos,

683 4056 841 4121 quasi
871 4064 1064 4124 praeter
1091 4055 1144 4111 id
1179 4067 1590 4126 prosperentur,
1615 4059 1764 4129 quod
1793 4075 1891 4130 par
1910 4069 1997 4116 est
2022 4080 2036 4114 :
2066 4078 2243 4129 neque

681 4152 859 4198 tecum
885 4144 1004 4213 ipse
1036 4143 1168 4199 illud
1212 4145 1424 4212 doleas,
1475 4147 1622 4216 quod
1663 4149 1736 4203 ob
1783 4163 2056 4203 summum
2091 4158 2240 4203 tuum

680 4247 809 4302 erga
862 4232 1092 4286 virtutes
1146 4248 1382 4288 amorem
1444 4233 1629 4303 potius
1687 4234 1959 4289 infelicior
2012 4235 2112 4290 sis.
2162 4234 2243 4289 lra

681 4328 861 4374 autem
884 4329 938 4374 et
965 4320 1270 4398 indignatio
1301 4322 1389 4374 hic
1419 4322 1560 4376 idem
1597 4321 1909 4390 signiﬁcant
1935 4339 1949 4375 :
1980 4338 2167 4382 verum
2198 4325 2241 4378 si

681 4425 871 4463 eorum
903 4409 1266 4464 dilereutiam
1303 4411 1530 4476 quaeris,
1593 4411 1714 4466 vide
1755 4427 1880 4481 qua:
1925 4414 2246 4482 exponendo
2279 4417 2320 4470 D

685 4502 988 4576 dixerimus
1017 4503 1162 4556 circa
1200 4503 1528 4572 principium
1561 4505 1702 4556 sexti
1738 4505 1959 4572 psalmi.

759 4588 843 4643 Ne
894 4590 1182 4655 temuleris,
1239 4600 1296 4647 ut
1328 4591 1656 4660 malignerit.
1711 4590 1850 4656 Quia
1906 4605 2102 4660 pravos
2145 4592 2244 4646 ali-

687 4682 930 4751 quando,
949 4683 1018 4736 ’et
1066 4682 1363 4751 aliquando
1407 4682 1585 4738 bonos
1627 4684 1972 4748 aemulamur,
2011 4685 2240 4756 primam

689 4772 1049 4828 aemulationis
1099 4773 1331 4843 speciem
1401 4773 1622 4829 avertit.
1681 4771 1816 4830 Nam
1869 4775 2114 4828 amulari
2175 4773 2244 4826 ad

693 4865 920 4927 bonum,
974 4872 1182 4917 rectum
1237 4872 1343 4919 est.
1395 4863 1461 4918 Et
1519 4865 1806 4919 considera
1868 4867 2143 4935 quomodo
2194 4865 2247 4918 in

694 4955 966 5024 principio
1010 4955 1204 5024 psalmi
1251 4956 1538 5010 obscurius
1570 4957 1881 5025 hujnsmodi
1929 4957 2252 5010 admonitio-

687 5061 819 5114 gem
867 5046 1108 5110 tradidit,
1155 5056 1211 5101 et
1267 5047 1541 5116 quomodo
1580 5048 1840 5118 deinceps
1887 5048 2246 5118 procedendo,

689 5137 974 5204 aliquanto
999 5150 1118 5192 eam
1151 5137 1390 5204 apertius
1419 5139 1736 5203 declaravit,
1768 5152 1833 5192 ac
1862 5152 2007 5190 nunc
2033 5138 2248 5192 tandem

692 5226 916 5300 plenius
975 5223 1317 5286 manifestam
1373 5225 1522 5281 facit.
1575 5224 1777 5280 Eadem
1830 5234 2010 5278 autem
2056 5226 2254 5296 saepius

696 5316 894 5386 repetit
924 5315 1217 5385 Propheta,
1246 5324 1300 5370 et
1333 5331 1497 5385 supra
1524 5324 1688 5385 atque
1737 5315 1876 5394 infra
1916 5329 1977 5367 ea
2010 5316 2255 5382 revolvit,

2330 3245 2398 3298 ὲν
2431 3241 2957 3309 πονηρευομένοις,
2988 3238 3140 3306 μηδὲ
3173 3232 3358 3303 ζήλοὺ
3403 3239 3544 3303 τοὺς
3572 3237 3908 3302 ποιοῦντας

2332 3335 2446 3400 τὴν
2483 3333 2738 3402 ἀνομίαν
2763 3348 2776 3362 ·
2822 3333 3025 3382 κεῖνται
3062 3330 3117 3380 δὲ
3149 3328 3550 3399 φανερώτερον.
3600 3327 3787 3380 Εἰπὼν
3819 3327 3906 3389 δε,

2332 3427 2438 3480 Ἐν
2457 3424 2536 3489 τῷ
2556 3419 3038 3490 κατευθδουμένφ
3064 3420 3135 3474 ἐν
3166 3420 3238 3488 τῇ
3264 3419 3386 3486 ὀδῷ
3411 3419 3616 3483 αὐτοῦ,
3636 3421 3909 3472 διέστειλε

2334 3515 2461 3586 περὶ
2493 3515 2648 3567 ποίου
2699 3513 2870 3579 λέγει,
2925 3511 3007 3564 ὅτι
3062 3511 3194 3580 περὶ⁵
3245 3509 3340 3563 τοῦ
3398 3508 3721 3580 παρανόμου
3753 3522 3770 3539 ο
3805 3508 3910 3559 τὸν

2335 3605 2444 3674 γὰρ
2472 3606 2679 3657 δὲκαιον
2706 3601 3057 3670 εὐοδούμενον
3095 3598 3380 3668 μιμεῖσθαι
3424 3597 3622 3669 χρεών.

2405 3780 2645 3836 Παῦσαι
2697 3778 2818 3834 ἀπὸ
2868 3775 3084 3846 ὀργῆς.
3131 3775 3231 3828 καί
3284 3772 3646 3842 ἐγκατάλιπε
3684 3775 3908 3842 θυμόν.

2336 3873 2561 3925 Βλέπων
2605 3870 2732 3931 τοὺς
2778 3867 2999 3928 ἀδίκους
3049 3863 3478 3935 εὐημεροῦντας,
3530 3863 3604 3933 μὴ
3652 3863 3908 3932 ὀργίζου,

2343 3961 2479 4032 μηδὲ
2537 3959 2733 4030 Θυμοῦ,
2801 3959 2937 4028 μήτε
2993 3956 3113 4009 κατ’
3171 3955 3388 4020 αὐτῶν,
3436 3953 3510 4037 ὦς
3563 3953 3694 4023 παρ’
3746 3952 3912 4017 ἀξίαν

2342 4051 2730 4122 εὐτυχούντων,
2763 4046 3071 4119 μήτε-κατὰ
3108 4044 3359 4111 σεαυτοῦ,
3405 4044 3480 4106 ὡς
3517 4043 3607 4095 διὰ
3636 4042 3698 4094 τδ
3727 4043 3914 4110 φιλεῖν

2340 4144 2442 4214 τὴν
2471 4141 2670 4212 ἀρετὴν
2717 4138 2917 4209 μᾶλλον
2945 4135 3357 4206 δυστυχοῦντος.
3417 4132 3513 4186 Ἐκ
3555 4131 3914 4202 παραλλήλου

2341 4236 2398 4289 δὲ
2430 4233 2522 4287 νῦν
2554 4233 2691 4302 ὀργὴ
2722 4231 2814 4284 καὶ
2838 4229 3005 4298 θυμός
3038 4243 3055 4260 ο
3097 4229 3147 4281 εί
3189 4225 3246 4280 δι
3277 4225 3371 4278 καὶ
3401 4223 3662 4294 διαφορὰν
3697 4224 3909 4294 ζητεῖς,

2345 4326 2598 4396 εὑρήσεις
2631 4323 2690 4376 ἐν
2720 4323 2864 4390 ἀρχῇ
2894 4320 2987 4373 τοῦ
3021 4319 3180 4372 ἕκτου
3210 4315 3450 4386 ψαλμοῦ.

2418 4585 2514 4654 Μὴ
2584 4581 2926 4652 παραζήλου
2993 4577 3146 4634 ὥστε
3223 4578 3678 4646 ποηρεύεσθαι.
3754 4575 3914 4630 Ἐπεὶ

2351 4675 2658 4747 παραζηλοῖ
2714 4689 2798 4734 τις
2843 4671 2939 4724 καὶ
2993 4671 3072 4732 είς
3127 4668 3364 4740 πονηρὸν
3415 4669 3511 4722 καὶ
3561 4665 3786 4735 ἀγαθὸν,
3849 4665 3916 4717 τδ

2351 4770 2565 4839 πρῶτον
2621 4763 2918 4834 ἀποτρέπει
2948 4777 2961 4790 ·
3022 4762 3084 4814 τὸ
3157 4759 3264 4828 γὰρ
3319 4757 3706 4830 παραζηλοῦν,
3765 4756 3911 4810 ὥστε

2353 4855 2772 4930 χρηστεύεσθαι,
2805 4854 2968 4907 καλόν
2998 4855 3165 4905 ἐστιν.
3193 4853 3336 4922 Ὅρα
3367 4852 3425 4904 δὲ
3465 4853 3613 4913 ὅπως
3655 4850 3716 4902 εν
3763 4851 3912 4920 ἀρχῇ

2349 4949 2429 5012 τὸ,
2472 4947 2566 5013 Μὴ
2597 4941 2958 5012 παραζήλου,
2990 4939 3328 5008 δύσφραστον
3361 4940 3571 4992 τέθεικε
3597 4955 3611 4972 ο
3652 4955 3908 5010 παρακα-

2352 5033 2480 5085 τιὼν
2539 5032 2618 5092 δὲ,
2683 5029 3019 5098 σαφέστερον
3073 5027 3205 5081 αὐτὸ
3255 5025 3642 5097 προστέθηκε·
3707 5027 3801 5080 νῦν
3853 5027 3914 5078 δὲ

2351 5125 2529 5178 τέλεον
2595 5121 2726 5174 αὐτὸ
2794 5120 3136 5188 ἐσαφήνισεν.
3199 5118 3467 5181 Πολλάκις
3515 5119 3570 5172 δὲ
3636 5120 3708 5172 τὰ
3771 5119 3914 5174 αὐτὰ

2356 5219 2522 5286 λέγει,
2579 5216 2670 5268 καὶ
2724 5213 2836 5269 ἄνω
2878 5212 2974 5265 καὶ
3029 5211 3179 5264 κάτω
3227 5210 3483 5282 στρέφει,
3541 5204 3774 5280 βεϐαίαν
3811 5210 3914 5280 τὴν

2355 5307 2700 5362 διδασκαλίαν
2733 5305 2852 5365 ταῖς
2886 5302 2994 5355 τῶν
3039 5300 3322 5371 ἀκροατῶν
3365 5301 3563 5373 ψυχαῖς
3603 5302 3910 5372 ivgum/ci-

698 5422 934 5476 sperans
1006 5409 1108 5463 hac
1171 5409 1442 5464 sermonis
1507 5390 1868 5478 perpetuitate
1915 5408 2124 5460 ﬁrmam
2193 5421 2234 5460 at

2360 5401 2556 5455 σασθαι
2597 5397 2684 5450 διὰ
2728 5396 2822 5464 τῆς
2876 5392 3152 5461 συνεχείας
3183 5393 3725 5464 πραγματευόμενος.
3778 5389 3914 5447 Εἶτα

700 5498 955 5563 stabilem
983 5496 1291 5552 doctrinam
1323 5500 1375 5552 in
1409 5499 1719 5553 auditorum
1745 5512 1907 5552 aures
1939 5496 2252 5551 immittere.

707 5590 913 5655 Deinde
937 5589 1090 5658 ponit
1120 5605 1362 5658 causam,
1397 5607 1565 5662 quare
1601 5589 2007 5662 maliguaudum
2036 5603 2144 5647 non
2169 5588 2256 5644 sit.

773 5703 818 5762 ’ἶ
851 5700 1038 5768 Matth.
1077 5719 1148 5775 vt,
1177 5703 1227 5761 ὦ.

2359 5492 2538 5562 τίθησι
2576 5489 2667 5544 καὶ
2708 5486 2804 5557 τὴν
2834 5481 3012 5537 αἰτίαν
3039 5480 3135 5535 τοῦ
3171 5481 3244 5554 μὴ
3275 5483 3385 5536 δεῖν
3422 5481 3837 5553 πονηρεύεσοαι.
