4108 6330
632 457 663 517 ι
678 461 738 518 i3
1850 456 2194 516 EUTHYMI

2307 456 2616 516 [GABENI
2991 465 2999 474 ·
3064 447 3070 450 ⁷
3733 447 3836 512 ίιίι

632 584 751 620 rum
783 581 840 617 ευ
865 567 1008 618 novit
1042 583 1056 631 ;
1083 579 1340 630 attamen,
1364 567 1507 635 quod
1535 569 1764 637 ignorat,
1796 580 1996 636 quatita
2021 571 2202 625 futura
2244 572 2315 626 sit
2342 573 2453 626 haec
2473 571 2717 640 paucitas
2745 569 3039 636 temporis:
3066 570 3259 624 etidco
3279 570 3408 622 alibi
3452 571 3611 622 etiam
3654 569 3833 622 dicit:

632 659 956 716 Pam-italum
1012 661 1214 712 dierum
1250 677 1479 712 meorum
1557 663 1743 713 nuntia
1817 663 2002 728 mihi“;
2055 673 2112 718 et
2160 665 2262 718 hoc
2301 674 2402 729 est,
2435 664 2579 733 Quod
2635 662 2688 716 in
2740 663 2987 730 prmseuti
3022 661 3182 716 etiam
3234 662 3521 732 significari
3547 661 3698 715 sibia
3729 660 3838 714 Deo

634 751 804 815 cupit.
835 749 1099 802 Modicum
1127 759 1389 818 prmterca
1418 749 1522 802 dici
1574 760 1746 819 potest
1775 751 1877 806 hoc
1909 753 2176 822 reliquum
2219 755 2344 806 vitae
2395 753 2678 821 temporis,
2733 752 2798 804 ad
2833 751 3292 820 comparationem
3363 751 3474 820 jam
3545 760 3837 805 transacta:

637 843 778 894 vitae.
836 843 968 896 Illud
1019 852 1279 911 praeterea
1309 853 1316 859 '
1349 860 1453 896 non
1479 841 1831 898 oiniltendum
1878 847 2032 913 duxi,
2064 849 2210 915 quod
2249 847 2436 908 dictio.
2485 863 2619 909 ecce,
2662 847 2972 900 adverbium
3010 855 3114 910 est,
3153 857 3207 900 et
3261 847 3572 916 frequenter
3605 846 3674 899 ab
3727 846 3842 899 He-

635 928 790 980 br:cis
841 938 1134 998 usurpatur
1171 948 1185 994 ;
1217 942 1376 999 atque
1412 938 1493 997 (ut
1539 933 1590 985 in
1631 935 1945 988 universum
2019 938 2217 1008 diram)
2257 930 2261 936 ’
2295 919 2411 991 aut.
2438 935 2641 1004 aliquid
2701 937 3054 998 demonstrat,
3109 946 3200 989 aut
3261 939 3564 1004 proximum
3625 945 3841 1003 tempus

635 1025 818 1081 notat;
845 1021 1012 1086 priori
1042 1021 1222 1084 modo,
1246 1021 1330 1072 hic
1367 1022 1602 1075 sumitur
1628 1039 1642 1086 ;
1675 1023 1846 1077 altero
1871 1024 1996 1079 alibi
2056 1042 2215 1105 usum
2257 1027 2406 1080 vides
2438 1025 2760 1092 l‘rOphetam
2787 1025 2840 1077 in
2865 1025 2972 1078 illis
2995 1025 3211 1079 verbis:
3241 1027 3590 1089 Pertransivi,
3646 1035 3698 1078 et
3722 1039 3840 1079 ecce

545 1151 550 1156 .
634 1123 738 1160 non
758 1112 927 1166 erat'.
960 1131 978 1162 ι
1015 1111 1167 1175 Quod
1203 1114 1342 1167 idrm
1369 1115 1470 1169 sibi
1506 1115 1640 1178 vult,
1674 1131 1735 1168 ac
1758 1119 1801 1170 si
1834 1119 2095 1174 dixisset:
2126 1120 2190 1176 Et
2229 1127 2412 1176 statim
2445 1121 2509 1172 ad
2539 1119 2765 1172 nihilum
2785 1119 3155 1174 redactusest.

707 1220 775 1272 Et
798 1224 1067 1274 subtuntia
1101 1241 1216 1276 utea
1250 1227 1402 1293 quasi
1430 1229 1646 1282 nihilum
1682 1247 1858 1283 coram
1887 1240 1957 1285 te.
1993 1232 2104 1286 Hoc
2131 1234 2189 1286 in

2360 1233 2464 1284 Καὶ
2501 1232 2536 1298 ἡ
2555 1232 2892 1296 ὑπόστασίς
2910 1248 3048 1298 μου,
3071 1230 3210 1283 ὡσεὶ
3233 1232 3412 1284 οὐδὲν
3432 1232 3686 1286 ἐνώπιόν
3700 1249 3842 1289 σου.

636 1315 754 1368 loco
776 1314 964 1380 incipit
993 1317 1166 1381 palam
1193 1318 1389 1378 facere,
1415 1320 1554 1386 quod
1589 1322 1748 1374 exilis
1802 1334 1854 1374 et
1891 1323 2099 1392 fragilis
2127 1327 2200 1378 sit

2311 1321 2588 1372 Ἐντεῦθεν
2647 1321 2873 1390 ἄρχεται
2920 1322 3194 1388 φαυλίζειν
3247 1323 3308 1374 τὸ
3347 1323 3446 1392 τῆς
3497 1324 3845 1393 ἀνθρωπίνης

638 1405 873 1458 humana
899 1413 1114 1467 natura,
1144 1417 1196 1460 et
1218 1410 1292 1462 ait
1322 1418 1336 1460 ξ
1368 1409 1677 1465 Substantia
1715 1429 1852 1472 mea.
1890 1429 1984 1466 seu
2014 1430 2199 1468 essen-

641 1495 716 1546 tia
746 1509 885 1558 mea,
917 1494 1018 1548 hoc
1047 1505 1153 1556 est,
1179 1512 1277 1564 ego
1305 1498 1417 1564 ipse
1443 1515 1562 1553 sum
1586 1504 1738 1568 quasi
1780 1504 2028 1568 nihilum,
2059 1505 2104 1557 si
2133 1503 2198 1556 ad

641 1585 1028 1638 beatitudinem
1064 1595 1117 1639 et
1146 1589 1500 1642 aeternitatem
1560 1600 1707 1644 tuam
1740 1591 1896 1646 fuero
1917 1608 2200 1662 compara-

645 1681 755 1724 tus.
792 1672 867 1726 Ita
898 1675 1055 1737 ,enim
1097 1676 1386 1742 significat,
1429 1682 1572 1745 quod
1623 1681 1700 1731 ait
1735 1693 1748 1730 :
1783 1680 1976 1734 Coram
2016 1693 2084 1735 te.
2121 1683 2198 1735 Tu

639 1767 807 1826 enirn,
847 1776 902 1817 ut
931 1767 1054 1819 alibi
1084 1769 1180 1831 ait,
1211 1768 1347 1819 idem
1375 1769 1484 1834 ipse
1504 1759 1578 1830 es,
1613 1780 1658 1821 et
1692 1773 1820 1822 anni
1846 1774 1923 1822 tui
1947 1790 2046 1826 non
2069 1773 2201 1839 defi-

640 1856 795 1916 cient,
825 1871 914 1922 ego
942 1867 1110 1907 autem
1142 1858 1450 1914 immutatus
1479 1876 1618 1918 sum,
1656 1871 1708 1912 et
1756 1876 1852 1928 pro
1883 1877 2008 1930 rege
2046 1863 2198 1916 exsul

645 1943 817 1998 factus
843 1961 856 2008 ;
881 1956 927 1997 et
954 1947 1061 1998 dies
1092 1948 1188 1998 mei
1219 1949 1351 1999 sicut
1385 1950 1568 2002 umbra
1590 1960 1902 2017 praetereunt
1920 1955 1963 2005 '.

716 2110 882 2166 Vsus.
917 2111 968 2166 7.
1013 2110 1376 2166 Verumtamen
1433 2117 1673 2168 universa
1723 2117 1949 2172 vanitas.
1998 2117 2200 2173 Dictio-

647 2218 766 2254 nem
796 2211 1150 2255 verumtamen
1195 2205 1414 2272 quidam
1450 2205 1538 2260 hic
1567 2210 1892 2276 superﬂuam
1923 2224 2042 2265 esse
2078 2211 2198 2279 opif-

648 2299 842 2343 nantur
868 2309 883 2357 ;
914 2292 1006 2344 alii
1061 2309 1190 2346 vero
1237 2297 1466 2363 positam
1502 2311 1626 2352 esse
1677 2299 1866 2352 dicunt
1904 2315 2003 2367 pro
2044 2278 2198 2355 certe.

2302 1412 2516 1476 φύσεως
2567 1410 2900 1479 πρόσκαιρον
2929 1413 3022 1464 καὶ
3067 1412 3361 1482 ἐπίκηρον·
3399 1419 3532 1483 φησὶ
3560 1415 3664 1482 γὰρ
3693 1414 3780 1466 ὅτι
3808 1417 3844 1483 ἠ

2299 1499 2599 1562 ὑπόστασίς
2657 1517 2782 1567 μου,
2827 1502 3103 1554 τουτέστιν
3147 1504 3180 1572 ὴ
3213 1501 3450 1575 ὕπαρξίς
3484 1519 3606 1573 μου,
3636 1505 3664 1556 ὃ
3693 1506 3847 1556 ἐστιν

2296 1588 2435 1652 ὅλος,
2467 1589 2598 1640 ὡσεὶ
2639 1589 2956 1659 οὗδένείμι
2995 1593 3132 1659 πρὸς
3175 1594 3275 1661 τὴν
3334 1593 3432 1661 σὴν
3469 1594 3850 1661 μακαριότητα

2300 1683 2393 1730 καὶ
2419 1679 2715 1746 ἀῖδιότητα.
2761 1679 2932 1732 Τοῦτο
2977 1681 3086 1749 γὰρ
3132 1681 3385 1750 σημαίνει
3430 1683 3511 1740 τὸ.
3558 1682 3850 1734 Ἕνὼετιόν

2301 1763 2439 1820 σου.
2480 1767 2562 1820 Σὺ
2609 1768 2707 1836 μὲν
2762 1768 2872 1837 γὰρ
2925 1772 2957 1822 ό
2985 1768 3166 1835 αὐτὸς
3194 1767 3267 1833 εἴ,
3323 1771 3418 1824 καί
3451 1772 3522 1824 τὰ
3563 1773 3666 1836 ἐτη
3705 1787 3848 1834 σου,

2299 1857 2482 1924 φησὶν.
2516 1858 2625 1908 οὐκ
2649 1858 3039 1926 ἐκλείψουσιν
3059 1876 3071 1887 ·
3099 1858 3212 1925 ἐγὼ
3235 1858 3302 1911 δὲ
3343 1860 3688 1927 ήλλοίωμαι,
3740 1877 3849 1926 φυ-

2299 1945 2400 2012 γὰς
2424 1946 2587 2007 αὐτὸς
2626 1946 2892 2014 βασιλέως
2923 1949 3246 2018 γενόμενος·
3271 1949 3367 2002 καί
3389 1953 3446 2002 ai
3486 1950 3700 2017 ἡμέραι
3723 1967 3847 2017 μου

2299 2036 2443 2088 ὡσεὶ
2470 2035 2612 2088 σκιὰ
2635 2037 2991 2104 παράγουσι.

2369 2124 2542 2190 Πλὴν
2590 2125 2660 2177 τὰ
2704 2127 3024 2194 σύμπαντα
3048 2133 3388 2197 ματαιότης.
3427 2131 3720 2194 ’Τὸ-Πλὴν
3757 2133 3845 2183 ἓν·

2302 2212 2474 2265 ταῦοα
2525 2218 2779 2282 περιττόν
2841 2233 2981 2278 τινες
3029 2219 3285 2285 ἐνόμισαν
3311 2235 3323 2247 ·
3353 2221 3401 2269 oi
3433 2219 3491 2270 δέ
3517 2238 3700 2286 φασιν,
3727 2222 3851 2273 ἀντὶ

2297 2301 2392 2354 τοῦ
2433 2302 2648 2370 ἀληθῶς
2686 2304 2896 2356 κεῖσθαι
2929 2305 3107 2357 τοῦτο.
3153 2308 3381 2358 Ἀπιδὼν
3413 2305 3505 2359 οὖν
3525 2311 3551 2360 ὁ
3581 2311 3743 2361 Δαϐὶδ
3772 2310 3853 2373 εἷς

647 2381 779 2434 Cum
854 2382 1324 2437 animadvertisset
1374 2384 1540 2453 igitur
1592 2387 1784 2442 beatus
1838 2388 2028 2453 David,
2079 2406 2200 2458 quas

2303 2408 2355 2443 τε
2385 2392 2510 2454 τοὺς
2554 2395 2811 2456 παλαιοὺς
2847 2396 2939 2446 καὶ
2967 2398 3047 2459 εἰς
3075 2397 3141 2448 τὰ
3173 2398 3291 2449 καθ’
3330 2399 3536 2458 ἑαυτὸν,
3595 2401 3686 2451 καὶ
3721 2416 3852 2452 σκε-

647 2470 912 2533 majormn
969 2485 1189 2524 suorum
1253 2482 1495 2540 tempore
1528 2475 1668 2528 facta
1713 2475 1947 2539 fuerant,
1991 2487 2046 2531 et
2081 2494 2199 2547 qua:

2303 2481 2544 2550 ψάμενος
2589 2485 2669 2536 ὅτι
2729 2485 3012 2552 ἀνώμαλος
3047 2489 3075 2539 ὀ
3111 2486 3222 2556 βίος
3245 2489 3337 2540 καὶ
3363 2490 3584 2552 ἄπιστος
3610 2490 3852 2556 ἀποφαί-

653 2566 784 2612 tuuc
835 2561 1098 2628 temporis
1159 2560 1366 2626 fierent,
1421 2566 1602 2617 omnia
1649 2568 1885 2620 vanitate
1906 2567 2202 2634 laliescere,

2306 2586 2475 2631 νεται,
2510 2575 2590 2625 ὅτι
2622 2574 2689 2625 τὰ
2740 2575 3036 2641 σύμπαντα
3076 2579 3292 2644 ἀληθῶς
3321 2581 3636 2648 ματαιότης,
3661 2582 3851 2633 τουτέ-

647 2649 749 2701 hoc
779 2658 884 2713 est,
916 2650 1302 2705 incertitudine
1343 2662 1397 2706 et
1457 2654 1810 2708 instabilitate
1839 2671 2049 2710 summa
2078 2673 2203 2710 con-

2306 2677 2424 2712 στιν
2449 2661 2700 2726 ἀϐέϐαια,
2729 2665 2823 2717 καὶ¹
2849 2666 3099 2730 πλοῦτος,
3130 2671 3221 2720 καὶ
3245 2668 3390 2733 δόξα,
3411 2671 3504 2722 καὶ
3529 2672 3737 2739 νεότης,
3756 2672 3855 2748 καί.

646 2746 812 2799 stare,
882 2738 1043 2792 veluti
1089 2756 1242 2809 opes,
1299 2743 1547 2812 gloriam,
1594 2745 1840 2811 imperia,
1893 2746 2199 2812 juventam,

2303 2751 2514 2815 κάλλος,
2554 2756 2647 2806 καὶ
2676 2757 2922 2823 μέγεθος,
2948 2758 3042 2810 καὶ
3073 2759 3253 2829 ῥώμη,
3295 2762 3389 2814 καὶ
3420 2763 3602 2825 ἁπλῶς
3626 2738 3726 2817 ὅσα
3759 2745 3854 2816 ἀνέ-

647 2828 1128 2893 pulchritudinem,
1164 2833 1327 2894 vires,
1363 2843 1415 2886 ct
1449 2833 1550 2886 alia
1573 2834 1910 2900 huiusmodi,
1950 2833 2202 2904 [senten-

2303 2841 2546 2911 θρώπινα
2581 2847 2786 2912 ἀγαθά.
2832 2848 2999 2916 Δῆλον
3025 2849 3081 2901 δὲ
3107 2849 3189 2900 ὅτι
3213 2828 3280 2902 τὰ
3306 2853 3647 2920 πνευματικὰ
3670 2854 3855 2921 ἀγαθὰ

647 2917 773 2970 tiam
807 2934 959 2974 suam
987 2921 1280 2974 universali
1301 2923 1403 2974 hoc
1428 2938 1678 2976 sermone
1701 2926 1932 2992 posteris
1951 2933 2199 2979 testatam

2303 2930 2662 3000 διαφερόντως
2690 2935 3061 3004 ὑπεξῄρηνται
3099 2938 3198 3006 τῆς
3227 2917 3475 3008 τοιαύτης
3505 2943 3852 3008 ἀποφάσεως.

649 3013 888 3082 reliquit]
920 3030 1028 3082 quo
1061 3025 1240 3069 tamen
1275 3031 1377 3069 non
1427 3017 1593 3069 animi
1636 3017 1823 3081 dotes,
1877 3017 1947 3071 ob
1981 3033 2250 3073 summam
2320 3036 2508 3078 earum
2569 3028 2995 3093 excellentiam,
3050 3032 3145 3085 sed
3214 3035 3460 3100 corporis
3527 3043 3736 3087 tantum
3797 3037 3855 3089 et

653 3106 886 3158 fortunze
915 3108 1051 3160 bona
1087 3109 1368 3176 complecti
1389 3108 1680 3176 intelligas.

719 3197 902 3250 Omnis
923 3197 1072 3250 homo
1093 3200 1284 3253 vivens.
1316 3200 1429 3254 Hoc
1458 3211 1564 3267 est,
1589 3203 1822 3256 humana
1857 3202 2033 3257 omnis
2061 3204 2194 3259 vita.

650 3283 749 3338 Est
773 3294 952 3338 autem
987 3286 1072 3340 hic
1105 3289 1299 3342 modus
1331 3290 1583 3359 loquendi
1613 3291 1850 3346 Hebraeis
1884 3292 2198 3360 peculiaris,

647 3372 800 3440 juxta
827 3374 955 3427 illud
992 3387 1006 3427 :
1041 3374 1224 3430 Omnis
1273 3379 1425 3431 homo
1470 3382 1691 3433 mendax
1712 3383 1756 3445 ⁹,
1801 3396 1921 3447 pro,
1958 3382 2199 3459 Humana

651 3463 831 3516 omnis
854 3464 1033 3532 opinio
1067 3464 1222 3519 falsa.
1251 3466 1438 3520 Omnis
1466 3469 1625 3536 igitur
1659 3469 1889 3523 humana
1916 3471 2024 3523 vita
2049 3471 2201 3523 vani-

653 3559 738 3604 tas
763 3563 866 3615 est,
919 3552 1062 3620 quod
1093 3555 1156 3605 ad
1190 3556 1542 3623 prmeedenlis
1583 3557 1836 3610 versiculi
1878 3559 2203 3612 declaratio-

653 3653 773 3692 nem
802 3639 1053 3707 pertinet.
1080 3640 1182 3692 Per
1229 3645 1518 3696 humanam
1552 3659 1680 3698 vero
1708 3645 1896 3709 vitam,
1926 3647 2200 3699 carnalem

656 3729 902 3797 intelligit
925 3738 979 3782 et
1010 3730 1235 3798 spiritus
1264 3743 1562 3800 expertem.

733 3815 924 3869 Verum
975 3819 1025 3870 in
1081 3819 1307 3888 imagine
1338 3825 1620 3889 pertransit
1666 3824 1838 3879 homo.
1877 3825 2196 3892 Dictionem,

655 3921 854 3970 verum,
896 3906 997 3960 hoc
1028 3908 1082 3960 in
1115 3909 1234 3963 loco
1266 3912 1378 3980 pari
1418 3913 1576 3967 modo
1601 3915 1780 3982 posuit
1813 3931 1908 3982 pro
1934 3932 2076 3980 vere,
2105 3933 2199 3970 seu

656 4005 825 4048 certe.
856 3995 920 4048 In
954 3997 1178 4064 imagine
1206 4009 1411 4062 autem,
1447 4001 1550 4054 hoc
1593 4012 1697 4064 est,
1733 4005 1904 4056 instar
1932 4006 2204 4072 imaginis.

658 4083 791 4138 Nam
823 4086 1275 4152 quemadmodum
1305 4090 1512 4158 depicta
1550 4092 1724 4161 imago
1759 4095 1958 4147 nullam
1992 4094 2058 4147 de
2089 4095 2209 4162 pul-

660 4169 973 4225 chritudine
1015 4188 1115 4226 sua
1145 4183 1238 4228 aut
1285 4176 1351 4229 de
1381 4179 1623 4232 colorqu
1660 4182 1936 4243 varietate,
1974 4192 2067 4235 aut
2099 4185 2205 4236 alia

661 4260 975 4327 huiusmodi
1023 4278 1080 4316 re
1125 4267 1466 4318 commodum
1515 4268 1675 4336 capit,
1705 4269 1776 4323 ita
1805 4271 2009 4323 nullum
2048 4273 2209 4327 homo

663 4350 730 4402 ab
759 4350 992 4404 humana
1039 4351 1293 4409 felicitate
1329 4354 1560 4410 fructum
1585 4358 1840 4428 decerpit.
1872 4360 1965 4414 Vel
2003 4363 2211 4416 inimu-

664 4444 801 4508 gine,
841 4442 894 4495 id
924 4451 1029 4508 est,
1054 4445 1104 4498 i-n
1134 4447 1363 4512 umbra;
1412 4458 1630 4519 propter
1671 4450 2024 4508 humanarum
2060 4455 2210 4510 vide-

662 4529 790 4584 licet
825 4547 1003 4587 rernm
1035 4534 1479 4593 inconstantiam.

744 4619 1106 4678 Verumtamen
1135 4625 1338 4695 frustra
1363 4630 1722 4685 conturbatur.
1750 4662 1819 4673 —
1845 4633 2210 4688 Verumtamen

664 4713 755 4766 hic
775 4716 955 4782 posuit
988 4732 1107 4783 pro,
1151 4717 1447 4773 Caeterum.
1486 4718 1641 4786 Quod
1686 4723 1949 4792 reliquum
1991 4732 2097 4789 est,
2124 4723 2211 4779 in-

664 4800 802 4868 quit,
847 4800 1043 4857 frustra
1065 4803 1225 4859 homo
1257 4805 1515 4875 fatigatur
1561 4817 1616 4862 et
1665 4810 2003 4866 distrahitur.

652 4930 654 4932 τ
739 4889 1083 4945 Thesaurizat
1118 4903 1171 4950 et
1217 4897 1424 4965 ignorat
1464 4900 1568 4952 .cui
1617 4902 1946 4970 congregabit
1991 4919 2076 4956 ea.
2106 4903 2207 4966 Et,

663 4980 808 5047 quod
837 4982 1076 5037 Omnium
1100 4984 1540 5042 molestissimum
1570 4996 1673 5054 est,
1698 4991 1964 5046 lueredem
1992 5008 2098 5047 non
2131 4996 2213 5048 tli-

663 5068 878 5136 gnoscit
923 5083 1081 5123 suum
1149 5080 1166 5123 :
1228 5085 1351 5125 cum
1419 5077 1700 5145 angustias
1753 5088 1809 5132 et
1873 5080 2085 5138 labores
2149 5085 2204 5136 in

2372 3202 2493 3269 Πᾶς
2522 3206 2816 3274 ἄνθρωπος
2854 3208 2984 3269 ζῶν.
3035 3209 3181 3264 Ἀντὶ
3210 3212 3320 3275 τοῦ,
3356 3214 3511 3267 Πᾶσα
3533 3215 3849 3288 ἀνθρωπίνη

2303 3294 2650 3376 ζωή-,σχῆμα
2680 3299 2735 3350 δὲ
2753 3302 2844 3352 καὶ
2869 3302 3025 3355 τοῦτο
3044 3307 3144 3372 τῆς
3184 3303 3462 3376 Ἐὄραῖδος
3493 3311 3674 3376 φωνῆς
3705 3310 3850 3379 (ter

2305 3373 2638 3452 Ἀνθρωπος
2663 3391 2928 3456 ψεύστης
2954 3435 2966 3455 ,
3002 3397 3124 3448 ἀντὶ
3168 3373 3295 3460 τοῦ,
3343 3373 3513 3451 Πᾶσα
3537 3373 3850 3470 ἀνθρωπίνη

2305 3473 2452 3537 δόξα,
2519 3476 2735 3544 ψευδής.
2787 3480 2941 3532 ῙΙᾶσα
2997 3479 3110 3546 οὖν,
3147 3488 3332 3553 φησιν,
3391 3489 3700 3557 ἀνθρωπίνη
3735 3488 3850 3558 ζωὴ

2309 3565 2624 3632 ματαιότης.
2663 3565 3156 3636 Ἑφερμηνευτικὸν
3176 3572 3233 3624 δὲ
3260 3572 3414 3627 τοῦτο
3437 3578 3552 3638 τοῦ,
3603 3577 3682 3630 Τὰ
3712 3577 3852 3646 σύμ-

2306 3672 2483 3706 παντα
2515 3657 2824 3726 ματαιότης.
2870 3659 3241 3732 Ἀνορωπίνην
3274 3664 3329 3715 δὲ
3363 3666 3506 3733 ζωὴν
3562 3667 3707 3734 λέγει
3751 3669 3853 3736 τὴν

2309 3744 2600 3813 σαρκικὴν,
2632 3744 2746 3797 ἀλλ’
2772 3749 2829 3799 οὺ
2851 3749 2947 3816 τὴν
2980 3754 3369 3821 πνευματικήν.

2369 3837 2584 3888 Μέντοι
2607 3854 2671 3903 γε
2705 3838 2773 3890 ἐν
2795 3840 2978 3891 εικόνι
3001 3840 3403 3908 διαπορεύεται
3418 3844 3742 3910 ἄνθρωπος.
3778 3847 3853 3899 Τὸ

2306 3924 2517 3976 Μέντοι
2547 3940 2630 3990 γε,
2654 3925 2825 3977 καὶτὸ
2847 3927 3068 3987 ,Μενοῦν
3095 3946 3181 3994 γε,
3211 3930 3271 3981 τὸ
3298 3931 3464 3994 ὅντως
3489 3933 3706 4002 δηλοῦσι
3733 3954 3747 3967 ο
3789 3937 3852 3988 τὸ

2305 4011 2381 4071 δὲ,
2425 4012 2525 4064 Ἐν
2543 4013 2751 4079 εἰκόνι,
2781 4016 2898 4067 ἀντὶ
2930 4016 3042 4081 τοῦ,
3069 4019 3234 4087 Δίκην
3261 4021 3462 4083 εἰκόνος
3484 4023 3608 4090 βιοῖ.
3637 4025 3854 4094 ’Ὠσπερ

2305 4101 2414 4169 γὰρ
2469 4102 2567 4170 τὴν
2611 4105 2997 4173 γεγραμμένην
3030 4108 3212 4159 είκὸνα
3245 4110 3393 4161 οὐδὲν
3416 4110 3615 4180 ὡφελεῖ
3650 4113 3712 4164 τὸ
3743 4113 3855 4166 ἀπὸ

2306 4190 2413 4242 τῶν
2444 4193 2748 4260 χρωμάτων
2775 4196 2989 4259 κάλλος,
3015 4196 3050 4266 ἢ
3082 4197 3380 4268 μέγεθος-,ἢ
3409 4200 3507 4252 ὅσα
3539 4204 3602 4254 ἐκ
3622 4202 3851 4273 τούτων,

2308 4277 2480 4339 οὕτως
2509 4281 2627 4332 οὐδὲ
2654 4282 2743 4334 τὸν
2768 4284 3051 4352 ἄνθρωπον
3080 4286 3318 4354 ὀνίνησιν
3347 4290 3706 4359 ήάνθρωπίνη
3749 4310 3855 4360 μαρ

2309 4367 2591 4436 καριότης.
2627 4371 2697 4422 Ἦ
2740 4373 2841 4425 Ἐν
2865 4375 3068 4440 εικόνι,
3091 4375 3213 4428 ἀντὶ
3241 4377 3357 4442 τοῦ,
3389 4380 3475 4431 Ἐν
3507 4383 3656 4451 σκιᾷ,
3685 4382 3768 4436 διὰ
3792 4384 3854 4437 τὸ

2307 4455 2415 4509 τῶν
2445 4453 2794 4526 ἀνθρωπίνων
2819 4465 3159 4534 πραγμάτων
3190 4466 3471 4525 ἀϐέϐαιον.

2378 4640 2552 4705 Πλὴν
2602 4639 2802 4708 μάτην
2859 4642 3236 4710 ταράσσεται.
3277 4644 3350 4697 To
3364 4645 3596 4700 ἐνταῦθα
3658 4649 3852 4717 Πλὴν,

2308 4727 2430 4782 ἀντὶ
2457 4729 2548 4782 τοῦ
2593 4732 2810 4795 Λοιπὸν,
2832 4735 3030 4787 κεῖται.
3061 4734 3276 4803 Μάτην,
3313 4737 3498 4804 φησὶν,
3528 4738 3855 4805 ἀγωνίζεται

2310 4818 2408 4872 καὶ
2428 4836 2494 4870 πε
2506 4822 2782 4888 ρισπᾶται.

2384 4910 2746 4977 Θησαυρίζει,
2771 4913 2868 4965 καί
2894 4916 2965 4968 οὐ
2983 4913 3255 4981 γινώσκει
3271 4917 3384 4970 τίνι
3407 4916 3656 4980 συνάξει
3679 4918 3848 4972 αὐτὰ.

2311 5001 2424 5055 Καὶ
2449 5002 2509 5053 τὸ
2536 5001 2932 5075 χαλεπώτερον,
2971 5006 3048 5057 ὅτι
3086 5005 3214 5076 περὶ
3263 5006 3525 5076 συλλογὴν
3558 5008 3856 5077 χρημάτων

2313 5093 2841 5164 ταλαιπωρούμενος,
2891 5096 3009 5149 οὐδὲ
3056 5097 3149 5150 τὸν
3178 5095 3730 5167 κληρονόμονὲαυτοῦ
3771 5117 3848 5166 γι-

666 5159 1026 5225 congcrendis
1084 5159 1293 5217 divitiis
1355 5177 1465 5217 non
1521 5167 1821 5223 mediocres
1874 5170 1946 5224 sit
1999 5185 2203 5238 passus.

669 5246 875 5271 f-..----_
911 5249 1119 5271 .l-__-___.
1172 5260 1221 5271 α-.
1279 5267 1472 5271 --μηη-
1502 5254 1514 5271 l
1607 5257 1642 5271 ι-
1713 5258 1727 5270 ο
1807 5266 1819 5271 -
1866 5260 1878 5271 ι
1997 5269 2006 5271 ι
2097 5263 2109 5271 .

2313 5185 2531 5238 νὼσκει.
2562 5159 2691 5238 ’κρίι
2731 5187 2765 5256 ἡ
2815 5159 2913 5254 μὲν
2931 5186 3186 5258 συντρισὴ
3357 5159 3852 5271 οννάγοντός.ξστι,

668 5246 878 5302 fructus
905 5249 1122 5305 demum
1172 5260 1227 5305 'ct
1271 5254 1550 5311 commoda
1573 5257 1730 5312 alteri
1769 5266 1826 5314 et
1865 5260 2050 5330 ignoto
2096 5263 2203 5318 ha:-

2309 5273 2370 5328 τὸ
2398 5272 2454 5328 δὲ
2484 5273 2692 5344 κέρδος,
2726 5246 2908 5329 ilico.

667 5338 785 5394 redi
814 5341 1047 5408 reponit.

743 5512 766 5545 ⁶
797 5511 942 5568 Psal.
970 5531 1044 5580 cr,
1078 5516 1167 5572 24.
1240 5520 1261 5552 ⁷
1289 5518 1433 5575 Psal.
1487 5500 1675 5589 xxx",
1730 5525 1823 5584 35.
1896 5525 1918 5558 ⁸
1948 5524 2095 5581 Psal.
2127 5540 2201 5592 ct,
2226 5526 2317 5580 28.
2393 5527 2414 5560 '
2441 5488 2584 5583 Psal.
2615 5543 2738 5598 σιν,
2778 5531 2871 5586 Η.

1955 5665 2148 5726 Variae
2175 5666 2498 5732 lectiones.

749 5777 859 5848 (42)
886 5779 1198 5838 Δυίιιειιιίεηιι
1237 5787 1466 5844 fortasse
1497 5790 1632 5843 κατὰ
1657 5790 1733 5856 τδ,
1772 5792 1850 5847 vel
1883 5792 1955 5854 ὡς
1987 5791 2070 5846 τό.
2135 5778 2138 5780 ’
