4108 6330
643 409 747 474 451

1843 408 2218 473 EUTHYMU
2256 410 2607 471 ZlGABENl

3718 408 3824 471 452

720 522 788 575 Et
820 538 921 574 non
960 527 1180 591 respexit
1222 524 1276 575 in
1321 523 1598 575 vanitates.
1651 521 1715 574 Et
1760 522 2070 591 hujusmodi
2102 525 2181 576 vir

2357 526 2461 576 Καὶ
2508 526 2618 577 οὐκ
2675 525 3007 590 ὲπὲσλεψεν
3050 524 3132 584 εις
3172 523 3587 589 ματαιότητας.
3636 522 3747 574 Καὶ
3796 524 3824 573 ὸ

650 612 900 666 inanibus
950 613 1111 667 rebus
1162 626 1382 681 operam
1418 629 1522 665 non
1557 612 1705 666 dedit
1734 627 1747 663 :
1783 628 1903 681 qua:
1940 628 1968 667 a
2001 614 2188 670 multis

648 718 859 757 summa
886 714 1205 770 reputantur
1234 703 1398 758 bona.

717 794 785 847 Et
838 796 1071 848 insanias
1130 794 1321 861 falsas.
1377 795 1420 846 Α
1455 796 1731 847 communi
1790 809 1954 849 sensu
1995 809 2187 848 rursus

646 884 1153 950 subintelligendum
1214 892 1319 946 est,
1379 881 1449 935 Et
1499 899 1603 936 non
1660 884 1906 952 respexit.
1964 882 2189 936 Insania:

645 980 821 1024 autem
884 972 1032 1024 falsae
1070 971 1156 1039 lex
1197 971 1395 1024 Gratca:
1454 971 1710 1025 dictionis
1770 971 2186 1041 signiﬁcatione]

642 1062 897 1113 vaticinia
926 1071 1069 1114 sunt.
1103 1060 1267 1115 Vates
1296 1063 1441 1114 enim
1472 1062 1551 1114 illi
1611 1060 1925 1115 debacchnti
1962 1062 2184 1114 demen-

645 1162 727 1205 tcs
760 1152 976 1211 ﬁebant,
1000 1162 1054 1203 et
1082 1152 1376 1204 furentium
1409 1154 1581 1205 instar
1616 1151 1950 1206 ferebantur.
1988 1152 2185 1205 Verum
2232 1148 2235 1151 “

647 1243 782 1295 falsa
821 1252 997 1308 erant,
1037 1257 1153 1310 quae
1206 1242 1657 1311 praenuntiabant.
1713 1241 1814 1297 Per
1878 1243 2185 1311 hujusmodi

644 1341 823 1385 autem
864 1331 1120 1384 vaticinia
1180 1332 1489 1384 universum
1535 1331 1799 1385 idolorum
1853 1334 2059 1385 cultum
2092 1332 2188 1385 de-

645 1431 837 1473 notare
864 1420 1052 1483 volnit,
1082 1422 1245 1474 veluti
1279 1429 1449 1474 totum
1485 1437 1513 1473 a
1544 1430 1717 1487 parte.

716 1508 879 1565 Vsus.
929 1512 982 1564 6.
1024 1511 1196 1564 Multa
1239 1512 1410 1579 fecisti
1470 1523 1547 1575 tu,
1579 1512 1797 1565 Domine
1851 1513 1987 1567 Dens
2021 1530 2187 1576 meus,

648 1601 917 1652 mirabilia
968 1611 1080 1653 tua.
1101 1601 1443 1655 \Adtniratus
1473 1602 1665 1655 beatus
1698 1601 1862 1655 David
1922 1601 2189 1655 ineffabile

648 1691 1035 1744 Incarnationis
1091 1689 1293 1744 Christi
1352 1692 1692 1760 mysterium,
1750 1699 1805 1744 et
1858 1693 2186 1761 condignum

648 1780 722 1831 illi
755 1794 1060 1834 sermonem
1118 1781 1364 1835 invenire
1393 1796 1500 1835 non
1532 1782 1741 1844 valens,
1801 1782 2188 1836 exclamatione

649 1862 848 1931 solum,
879 1871 1019 1937 quod
1048 1871 1246 1935 potuit,
1282 1880 1386 1923 tant
1421 1872 1624 1942 grande
1639 1876 1839 1924 donum
1870 1883 2188 1939 prosecutus

649 1970 731 2013 est
753 1978 764 2012 :
790 1959 976 2024 Multa,
1015 1960 1619 2028 inquiens,admiranda
1653 1959 1858 2022 fecisti,
1884 1970 1941 2014 tu
1964 1960 2189 2015 Domine

652 2049 797 2102 Deus
818 2064 993 2101 meus.
1022 2048 1097 2101 Ita
1125 2050 1286 2101 etiam
1322 2050 1450 2101 alibi
1478 2050 1765 2118 Apostolus
1790 2050 1939 2111 facit,
1976 2052 2189 2119 quando

650 2140 1074 2194 adtuirabundus
1126 2140 1324 2193 clamat
1358 2159 1371 2195 :
1415 2140 1459 2193 0
1492 2142 1721 2193 altitudo
1771 2141 2069 2193 divitiarum
2106 2159 2193 2193 sa-

648 2227 861 2293 pientia:
902 2234 949 2278 et
986 2229 1212 2279 scientia:
1263 2227 1394 2279 Dei!
1449 2244 1604 2296 quant
1647 2228 2012 2280 inscrutabilia
2070 2238 2190 2280 sunt

643 2313 849 2382 Jndicia
878 2314 1010 2384 ejus,
1053 2326 1101 2368 et
1126 2315 1508 2384 investigabiles
1556 2318 1650 2369 via:
1675 2317 1789 2383 ejus
1812 2318 1853 2348 ¹⁶
1882 2320 1895 2370 ι
1926 2317 2191 2369 Mirabilia

652 2414 832 2457 autem
859 2402 1093 2472 appellat
1116 2420 1222 2458 non
1250 2419 1311 2458 ea
1336 2413 1569 2469 tantum,
1595 2421 1715 2473 qua:
1733 2412 1975 2473 tempore
1999 2404 2188 2474 Moysi,

652 2503 746 2546 aut
772 2492 899 2547 Jesu
930 2492 1094 2555 Nave,
1118 2504 1210 2547 aut
1236 2508 1357 2561 quae
1377 2494 1485 2548 illis
1513 2494 1823 2561 antiquiora
1854 2509 1881 2545 a
1915 2492 2021 2546 Deo
2047 2494 2191 2545 facta

654 2593 781 2637 sunt
808 2583 1088 2645 miracula,
1134 2582 1226 2635 sed
1275 2596 1337 2635 ea
1377 2584 1555 2650 potius
1583 2599 1700 2651 qua:
1734 2591 1973 2651 tempore
2001 2582 2189 2635 lucar-

656 2674 892 2728 nationis
928 2659 1229 2741 Salvatoris
1261 2673 1436 2726 nostri
1480 2672 1620 2726 facta
1671 2684 1818 2736 sum,
1860 2683 1912 2725 et
1941 2687 2079 2740 qua.
2100 2687 2195 2740 per

655 2767 907 2834 spiritum
963 2764 1261 2833 praevidens
1295 2765 1560 2831 Propheta
1592 2779 1802 2817 summa
1864 2780 1986 2816 cum
2018 2763 2192 2817 admi-

655 2858 863 2912 ratione
892 2871 1010 2924 qure
1042 2857 1281 2908 diximus
1313 2856 1471 2907 verba
1497 2856 1739 2923 protulit.

728 2946 794 2998 Et
824 2945 1217 3013 mgitationibus
1250 2946 1378 3007 tuis,
1405 2960 1505 2996 non
1529 2946 1713 3012 estqui
1743 2945 1928 2997 similis
1956 2945 2049 2997 erit
2080 2943 2193 2998 tibi.

658 3034 723 3087 Et
757 3027 970 3089 nou'est
996 3036 1189 3104 aliquis
1227 3035 1319 3087 tibi
1357 3036 1409 3087 in
1434 3034 1856 3103 cogitationibus
1908 3035 2018 3087 tuis
2050 3049 2195 3086 com-

2284 615 2525 676 τοιοῦτος
2558 614 2658 666 οὐκ
2699 614 3025 666 ἐσπούδασεν
3051 614 3130 676 είς
3163 614 3229 665 τὰ
3264 614 3489 682 μάταια,
3520 612 3720 682 δηλαδὴ
3748 615 3824 672 είς

2285 706 2353 755 τὶ
2384 705 2640 755 δοκοῦντα
2665 707 2775 766 τοῖς
2816 703 3024 763 πολλοῖς
3058 702 3256 770 ἀγαοά.
3372 756 3382 766 ,

2356 794 2461 847 Καὶ
2481 796 2698 860 μανίας
2720 792 2983 859 ψευδεῖς.
3030 792 3162 844 ’Δπὺ
3190 792 3371 845 κοινοῦ
3403 791 3563 845 πάλιν
3589 791 3671 855 τὸ,
3704 795 3824 845 Οὐκ

2286 885 2580 952 caecam:
2602 902 2617 916 ·
2648 887 2835 952 μανίαι
2869 885 2925 937 δέ
2960 884 3192 952 ψευδεῖς,
3226 885 3280 936 αί
3310 886 3597 954 μαντεῖαι·
3630 886 3680 936 oi
3715 886 3823 953 γὰρ

2289 978 2511 1044 μάντεις
2545 977 2898 1046 βακχεύοντες
2944 976 3219 1038 ἐξίσταντο
3247 977 3345 1045 μὲν
3370 976 3461 1029 τοῦ
3492 978 3824 1046 καθεστηκό-

2287 1086 2395 1132 τος,
2428 1070 2523 1121 καὶ
2556 1071 2930 1139 παρεφέροντο
2961 1068 3117 1138 δίκην
3148 1068 3515 1137 μαινομένων·
3547 1068 3823 1138 ἐψεύδοντο

2285 1162 2360 1221 δέ,
2412 1160 2540 1229 περὶ
2589 1154 2665 1212 ὧν
2710 1161 2915 1226 ελεγον.
2962 1158 3093 1211 Ἀπὸ
3136 1159 3192 1211 δὲ
3238 1158 3337 1226 τῆς
3392 1160 3649 1229 μαντείας
3699 1159 3823 1228 δλην

2286 1251 2383 1321 τὴν
2406 1250 2849 1320 εἰδωλολατρείαν
2873 1251 3112 1321 ᾐνίξατο,
3130 1250 3204 1313 ὡς
3232 1250 3338 1303 ἀπὸ
3372 1251 3571 1320 μέρους
3602 1244 3663 1302 τὸ
3694 1252 3820 1303 πᾶν.

2356 1517 2560 1571 Πολλὰ
2584 1515 2873 1582 ἐποίησας
2895 1516 2995 1577 σὺ,
3018 1514 3193 1582 Κύριε
3220 1518 3253 1568 d
3276 1515 3417 1577 Θεός
3440 1512 3661 1581 nomen
3689 1514 3825 1565 θαυ-

2282 1608 2472 1680 μάσιά
2522 1624 2659 1661 σου.
2696 1608 3020 1672 Ἐκπλαγεὶς
3048 1606 3075 1658 ὁ
3106 1606 3277 1675 μέγας
3317 1604 3480 1656 Δαϐὶδ
3506 1602 3568 1656 τὸ
3595 1601 3695 1668 τῆς
3738 1603 3822 1653 ἐν·

2287 1702 2688 1771 ανθρωπήσεως
2743 1700 2836 1752 τοῦ
2888 1698 3122 1768 Χριστοῦ
3150 1696 3450 1765 παράδοξον
3506 1693 3821 1763 μυστήριον,

2289 1794 2381 1845 καὶ
2418 1794 2492 1860 μὴ
2523 1790 2769 1859 δυνηθεὶς
2816 1790 2963 1855 ἄξιον
3009 1789 3164 1851 λόγον
3199 1790 3411 1856 εύρεῐν,
3439 1785 3629 1838 τοῦτον
3668 1784 3824 1851 μόνον

2290 1880 2661 1947 ἐπεφώνησεν,
2696 1882 2777 1932 ὅτι
2818 1882 3021 1933 Πολλὰ
3062 1877 3133 1930 τὰ
3161 1875 3461 1945 θαυιιὰσιά
3483 1890 3599 1928 σου
3626 1874 3824 1938 ἐποίη-

2289 1989 2426 2036 σας,
2446 1972 2619 2040 Κύριε
2647 1974 2679 2024 ό
2700 1973 2845 2034 Θεός
2864 1987 3002 2038 μου·
3029 1966 3066 2020 δ’
3079 1970 3170 2020 καὶ
3189 1961 3225 2019 δ
3255 1966 3574 2027 Ἀπόστολος
3595 1965 3823 2017 πέπονθε

2290 2063 2500 2125 Παῦλος
2519 2078 2534 2093 ο
2564 2062 2891 2130 ὑπερθαυμά
2905 2078 2995 2122 τας
3020 2059 3150 2128 γὰρ,
3181 2059 3475 2127 ἀνεϐόησεν
3496 2072 3511 2086 ⁸
3553 2058 3621 2110 Ὠ
3635 2055 3822 2120 ,Βάθος

2290 2156 2578 2216 πλούτου,
2602 2155 2699 2205 καὶ
2722 2153 2959 2217 σοφίας,
2990 2151 3082 2202 καὶ
3108 2148 3378 2217 γνώσεως
3411 2148 3559 2201 Θεοῦ
3577 2146 3598 2198 !
3619 2148 3701 2211 ὡς
3722 2146 3825 2199 ἀνι

2289 2246 2644 2312 εξερεύνητα
2671 2244 2742 2295 τὰ
2780 2243 3027 2310 κρίματα
3052 2239 3234 2293 αὑτοῦ
3256 2240 3353 2291 καί
3386 2238 3825 2305 ἀνεξιχνίαστοι

2289 2339 2349 2389 αι
2380 2335 2505 2389 ὁδοὶ
2545 2334 2731 2387 αὑτοῦ
2751 2334 2771 2384 .'
2791 2332 3073 2399 Θαυμάσια
3094 2330 3149 2382 δὲ
3172 2329 3341 2397 λέγει,
3371 2330 3432 2380 οὐ
3461 2328 3619 2396 μόνον
3646 2328 3715 2379 τὰ
3736 2328 3826 2378 ἐπὶ

2292 2426 2553 2487 Μωσέως,
2576 2424 2672 2476 καὶ
2714 2420 2886 2493 Ἰησοῦ
2909 2419 3001 2474 τοῦ
3025 2420 3199 2488 Ναυῆ,
3234 2420 3328 2471 καὶ
3352 2416 3625 2487 Σαμουὴλ,
3648 2416 3743 2468 καὶ
3762 2415 3828 2465 τὰ

2291 2516 2495 2567 τούτων
2525 2514 2857 2582 παλαιότερα
2884 2512 3401 2580 τερατουργήματα,
3435 2506 3550 2595 ἁλῷ*
3574 2507 3655 2559 ἔτι
3679 2505 3825 2575 μᾶλα

2292 2607 2383 2656 λον
2439 2606 2506 2657 τὰ
2558 2605 2698 2656 κατὰ
2748 2605 2844 2673 τὴν
2901 2603 3307 2671 ἐνανθρὼπησιν
3357 2600 3449 2652 τοῦ
3486 2598 3756 2667 Σωτῆρος,
3792 2595 3828 2649 ἃ.

2294 2695 2527 2765 προϊδὼν
2562 2696 2617 2747 ἐν
2643 2694 2932 2763 πνεύματι,
2960 2690 3259 2753 θεσπεσίως
3413 2688 3472 2741 τὸ
3504 2688 3689 2758 ῥηθέν.

2362 2960 2469 3012 Καὶ
2493 2956 2615 3023 τοῖς
2638 2950 3040 3022 διαλογισμοῖς
3060 2970 3195 3017 σου,
3227 2956 3336 3005 οὐκ
3356 2952 3488 3005 ἐστι
3515 2952 3604 3017 εἰς
3628 2953 3827 3017 ὁμοιωι-

2295 3038 2541 3114 θήσεται
2569 3065 2688 3101 σοι.
2715 3049 2829 3099 Οὐκ
2864 3047 3009 3099 ἐστιν
3039 3046 3183 3103 ὅστις
3216 3041 3614 3111 ὁμοιωθήσεται
3652 3058 3734 3093 σοι
3770 3042 3826 3092 ἐν
3859 3063 3866 3071 ·

661 3127 953 3194 parandus.
1025 3125 1135 3185 lis,
1206 3125 1465 3191 inquam,
1532 3125 1989 3192 cogitationibus,
2062 3140 2193 3192 quas

2294 3141 2406 3200 τοὶς
2434 3139 2799 3207 διαλογισμοῖς
2839 3154 2932 3189 σου
2953 3178 2967 3201 ,
2995 3136 3136 3201 λέγω
3164 3136 3240 3195 δέ,
3268 3131 3534 3201 τοῖςπερὶ
3558 3132 3655 3200 τῆς
3692 3146 3825 3199 προσ

661 3228 869 3268 snnuna
899 3229 1017 3265 cmn
1049 3212 1385 3282 providentia
1419 3227 1515 3281 pro
1552 3213 1828 3277 hominum
1880 3214 2056 3267 salute
2100 3214 2201 3266 sol-

664 3304 843 3363 licitus
901 3303 1154 3356 habuisti.
1195 3300 1332 3355 Ecce
1359 3303 1503 3354 enim
1535 3302 1677 3369 quod
1725 3303 1924 3369 grande
1965 3309 2019 3354 et
2056 3303 2199 3369 quod

662 3378 1037 3443 admirandum
1089 3407 1225 3459 opus
1275 3391 1618 3457 excogitasti,
1653 3399 1710 3442 ut
1761 3399 1818 3442 tu
1848 3390 2005 3443 homo
2047 3392 2201 3444 ﬁeres

666 3491 883 3549 propter
915 3483 1204 3534 hominem.

734 3572 1051 3624 Annuntiari
1081 3582 1130 3623 et
1159 3572 1360 3625 locutus
1382 3588 1500 3624 sum
1526 3608 1542 3634 ,
1567 3571 1918 3640 multiplicata
1946 3580 2067 3624 sunt
2109 3586 2200 3622 su-

665 3677 757 3729 per
784 3678 1077 3714 numerum.
1107 3662 1459 3725 Annuntiavi,
1516 3662 1713 3730 inquit,
1750 3673 1803 3716 et
1842 3664 1998 3716 docui
2036 3663 2201 3714 multa

670 3750 937 3803 mirabilia
990 3759 1081 3803 tua
1127 3752 1180 3803 in
1233 3751 1417 3805 multis
1482 3752 1725 3820 psalmis,
1778 3767 1961 3806 verum
2024 3752 2201 3805 adhuc

668 3843 1025 3911 multiplicata
1056 3854 1199 3906 sunt,
1230 3853 1284 3897 et
1310 3843 1444 3897 adeo
1492 3844 1903 3897 innumerabilia
1950 3858 2071 3896 esse
2106 3858 2202 3910 ap-

670 3942 987 3999 paruerunt,
1036 3941 1093 3984 ut
1119 3932 1299 3998 aliquo
1327 3948 1552 3986 numero
1583 3933 1832 3986 concludi
1878 3948 1983 3985 non
2017 3942 2201 3996 potue-

670 4022 798 4076 rint.
827 4021 959 4073 Nam
996 4036 1113 4089 qua
1140 4021 1339 4074 dudum
1394 4022 1644 4089 cognovi,
1688 4030 1905 4091 propter
1959 4020 2201 4073 altitudi-

670 4126 789 4163 nem
841 4119 895 4164 et
958 4112 1376 4165 immensitatem
1432 4110 1996 4179 incomprehensibilia
2052 4118 2199 4163 sunt.

669 4200 789 4265 Vel,
813 4214 933 4253 cum
961 4203 1088 4269 quid
1119 4202 1357 4256 dicerem
1392 4217 1499 4255 non
1539 4202 1792 4255 haberem
1816 4238 1834 4263 ,
1861 4201 1965 4255 hoc
1996 4210 2202 4254 tantum

670 4291 985 4344 nnnuntiavi
1028 4301 1082 4345 et
1129 4292 1343 4347 locutus
1390 4305 1536 4355 sum,
1597 4289 1745 4359 quod
1803 4305 2014 4345 omnem
2058 4298 2204 4343 tran-

668 4380 994 4434 scenderunt
1020 4397 1323 4436 numerum.

745 4468 906 4521 Vens.
929 4472 982 4523 7.
1007 4470 1334 4538 Sacriﬁcium
1375 4480 1423 4524 et
1478 4471 1791 4524 oblationem
1815 4471 2059 4534 noluisti,
2088 4488 2193 4523 cor«

2375 4468 2602 4522 Θυσίαν
2645 4469 2754 4520 καί.
2780 4466 3125 4534 προσφορὰν
3146 4466 3255 4517 οὐκ
3290 4463 3627 4530 ήθέλησας’
3662 4476 3834 4531 σωμα
3932 4474 3943 4485 ’

672 4572 767 4625 pus
792 4569 962 4611 autem
1011 4559 1273 4628 perfecisti
1314 4560 1461 4612 mihi.
1517 4559 1647 4625 Qua:
1682 4570 1981 4628 sequuntur
2006 4562 2057 4613 in
2086 4578 2205 4629 per-

674 4664 863 4701 sonam
886 4647 1086 4703 Christi
1122 4648 1350 4703 dicenda
1375 4661 1525 4713 sunt,
1551 4660 1606 4701 ut
1640 4665 1864 4718 magnus
1898 4665 1996 4703 nos
2025 4651 2207 4704 docuit

679 4736 872 4791 Paulus
902 4739 955 4791 in
1005 4739 1352 4806 Epistola'ad
1385 4738 1637 4793 Hebraeos
1662 4741 1724 4792 ".
1756 4742 1844 4793 Ait
1874 4741 2033 4809 igitur
2066 4743 2209 4810 quod

677 4840 795 4893 post
831 4828 1251 4882 incarnationem
1304 4827 1443 4881 Deus
1485 4827 1649 4881 Filius
1681 4828 1815 4880 dixit
1845 4830 1908 4882 ad
1938 4831 2146 4883 Patrem
2190 4848 2204 4883 :

676 4915 785 4977 Tu,
806 4916 982 4980 Pater,
1002 4918 1059 4970 in
1088 4928 1362 4987 posterum
1398 4919 1559 4987 legale
1582 4932 1738 4971 omne
1765 4919 2087 4973 sacrilicium
2127 4934 2208 4971 re.

678 5006 938 5072 probasti,
1007 5017 1061 5060 et
1115 5008 1417 5062 oblationes
1473 5021 1664 5060 omnes
1726 5008 1839 5076 lege
1892 5008 2203 5064 institutas:

679 5112 863 5150 rerum
894 5113 1095 5165 corpus
1129 5096 1259 5149 tnihi
1289 5096 1513 5152 effecisti
1544 5112 1609 5152 ex
1645 5095 1883 5163 Virginis
1934 5100 2208 5168 sanguini-

676 5187 801 5247 bus,
862 5199 920 5239 ut
958 5175 1053 5255 prb
1082 5190 1356 5240 hominum
1424 5191 1593 5242 salute
1646 5190 1700 5241 in
1756 5189 2081 5243 sacriﬁcium
2119 5190 2205 5244 of-

676 5276 867 5329 terrer.

752 5364 913 5420 Vens.
954 5368 1006 5420 8.
1043 5368 1384 5431 Holocausta,
1432 5383 1476 5424 et
1510 5388 1601 5439 pro
1634 5383 1848 5435 peccato
1893 5388 1995 5425 non
2023 5372 2210 5440 φιωεὶ-

678 5456 814 5509 nisti.
852 5457 908 5510 In
943 5454 1182 5512 Levitico
1238 5469 1290 5513 et
1325 5461 1740 5515 Deuteronomio
1771 5464 1917 5517 clare
1948 5463 2209 5525 invenies,

2296 3230 2440 3291 νοίας
2471 3231 2564 3283 καὶ
2606 3230 2899 3298 σωτηρίας.
2943 3228 3072 3279 Ἰδοὺ
3100 3225 3206 3293 γὰρ
3234 3218 3345 3276 οἷον
3392 3224 3621 3291 πρᾶγμα
3652 3220 3825 3272 διελο-

2297 3322 2453 3389 γίσω,
2487 3320 2739 3387 γενέσθαι
2762 3320 3043 3385 ἄνθρωπος
3071 3316 3160 3368 διὰ
3184 3315 3273 3366 τὸν
3296 3313 3601 3382 ἄνθρωπον.

2382 3575 2725 3643 “min-suta
2745 3576 2840 3629 xui
2867 3574 3156 3642 ἐλάλησα,
3180 3575 3650 3641 ἐπληθύνθησαν
3678 3574 3829 3643 ὑπὲρ

2299 3666 2558 3732 ἀριθμόν.
2595 3664 2944 3732 Ἀπήγγειλα,
2981 3664 3132 3733 φησὶ,
3171 3664 3263 3715 καὶ
3295 3662 3509 3725 ἐδίδαξα
3537 3662 3666 3730 περὶ
3698 3662 3826 3715 πῆλ’

2296 3757 2401 3808 λῶν
2432 3756 2745 3822 θαυμασίων
2779 3772 2871 3806 σου
2911 3756 2968 3806 ἐν
2995 3754 3203 3817 πολλοῖς
3229 3754 3461 3822 ψαλμοῖς
3479 3769 3494 3785 ⁸
3524 3753 3637 3805 ἀλλ’
3663 3752 3830 3821 ἐπληο

2300 3846 2565 3914 θύνθησαν
2598 3846 2699 3905 ἔτι,
2732 3846 2826 3896 καὶ
2860 3844 3133 3912 ἐφάνησαν
3158 3844 3520 3914 ἀναρίθμητα,
3564 3843 3637 3913 μὴ
3668 3843 3827 3895 δυνά·

2304 3951 2439 4001 μενα
2470 3936 2764 3985 ὑποπεσεῖν
2790 3931 3035 4000 ἀριθμῷ·
3077 3930 3113 3983 ἃ
3151 3932 3260 3999 γὰρ
3286 3931 3380 3983 νῦν
3415 3931 3604 3998 ἔγνων.
3632 3930 3829 3999 ἁπερίο

2300 4023 2477 4091 ληπτά
2506 4024 2629 4083 είσι,
2663 4020 2748 4073 διὰ
2776 4022 2836 4071 τὸ
2865 4020 3147 4088 μεγαλεῖον
3176 4020 3273 4087 τῆς
3302 4019 3513 4086 φύσεως
3540 4017 3728 4071 αὑτοῦ.
3762 4018 3830 4068 Ἦ

2300 4116 2393 4167 καὶ
2448 4106 2619 4175 ἄλλως
2640 4129 2654 4141 ·
2713 4113 2893 4180 Μηδὲν
2919 4112 3105 4180 ῑτερον
3137 4114 3310 4164 εἰπεῖν
3357 4111 3671 4179 δυνάμενος,
3730 4110 3831 4160 ἀπ-

2300 4206 2527 4273 ήγγειλα
2568 4206 2660 4258 καὶ
2695 4204 2929 4273 ἐλάλησα
2957 4202 3050 4255 νῦν
3079 4203 3237 4255 τοῦτο
3271 4202 3428 4273 μόνον
3466 4202 3596 4271 περὶ
3628 4200 3829 4261 αὐτῶν.

2298 4299 2381 4351 ὃτι
2410 4295 2818 4365 ἐπληθύνθησαν
2848 4294 2986 4364 ὑπὲρ
3012 4293 3263 4361 ἀριθμόν.
3735 4283 3745 4289 ’

2300 4560 2367 4612 δὲ
2414 4561 2743 4626 κατηρτίσω
2764 4577 2886 4627 μοι.
2920 4560 3000 4610 Τὰ
3033 4555 3281 4609 ἐντεῦθεν
3319 4557 3384 4606 ἐκ
3417 4554 3704 4624 προσώπου
3739 4554 3830 4607 τοῦ

2302 4651 2537 4720 Χριστοῦ
2596 4650 2825 4718 ῥηθῆναι
2883 4647 3089 4709 Παῦλος
3120 4650 3147 4698 ὁ
3179 4644 3470 4706 ἀπόστολος
3511 4644 3748 4708 ἐδίδαξεν
3774 4646 3831 4695 ἐν

2302 4747 2367 4813 τῇ
2392 4743 2528 4811 πρὸς
2566 4742 2847 4809 Ἐϐραίους
2890 4739 3175 4807 Ἐπιστολῇ
3196 4752 3211 4767 ·
3242 4739 3373 4807 φησὶ
3395 4738 3502 4806 γὰρ
3531 4739 3561 4791 δ
3594 4739 3719 4800 Υἱὸς
3738 4738 3833 4789 καὶ

2302 4836 2435 4895 Neo;
2488 4834 2623 4902 πρὸς
2676 4832 2765 4884 τὸν
2824 4832 3041 4901 Πατέρα
3080 4830 3217 4899 μετὰ
3255 4830 3353 4899 τὴν
3401 4827 3831 4898 ἐνανθρὼπησιν,

2305 4923 2387 4973 ὅτι
2410 4921 2516 4973 Τοῦ
2565 4922 2749 4973 λοιποῦ
2798 4912 3199 4990 ἀτέεδωιίμασας
3227 4920 3324 4990 τὴν
3351 4919 3580 4988 νομικὴν
3615 4916 3827 4979 θυσίαν,

2308 5012 2403 5063 καὶ
2434 5010 2530 5079 τὴν
2555 5011 2764 5063 ἐκεῖθεν
2794 5012 3103 5081 προσφοράν
3123 5025 3137 5039 ·
3167 5010 3322 5076 σῶμα
3352 5009 3408 5061 δι
3434 5007 3833 5068 κατεσκεύασας

2313 5120 2401 5172 μοι
2456 5103 2798 5171 παρθενικῶν
2848 5101 2907 5164 ἐξ
2955 5102 3218 5171 αἱμάτων,
3263 5101 3345 5161 είς
3382 5097 3442 5151 τὸ
3485 5098 3831 5168 θυσιασθῆναι

2308 5196 2465 5247 τοῦτο
2495 5196 2622 5263 περὶ
2653 5194 2923 5261 σωτηρίας
2952 5193 3059 5245 τῶν
3077 5192 3399 5261 ἀνθρώπων.

2386 5371 2897 5437 Ὀλοκαυτὼματα.
2944 5369 3039 5421 καί
3082 5368 3212 5434 περὶ
3247 5368 3528 5435 ἁμαρτιας
3562 5366 3671 5418 οὐκ
3712 5362 3834 5444 ἐφ’
3872 5350 3879 5355 ι

2306 5479 2514 5530 τησας.
2546 5462 2633 5512 Ἐν
2660 5462 2725 5527 τῇ
2754 5459 2917 5527 βίϐλῳ
2941 5456 3033 5508 τοῦ
3072 5456 3355 5509 Δευϊτικοῦ
3397 5452 3615 5505 καὶτοῦ
3646 5455 3833 5505 Δευτε·

678 5561 922 5613 quamam
954 5557 1137 5600 essent
1168 5551 1504 5612 holocausta,
1557 5561 1612 5605 et
1659 5546 1781 5621 qua:
1812 5554 2074 5607 sacriﬁcia
2116 5568 2193 5622 prt

2314 5554 2559 5620 ρονομίου
2593 5549 2778 5618 σαφῶς
2822 5548 3092 5617 εὑρήσεις,
3124 5546 3242 5599 τίνα
3279 5544 3375 5613 μὲν
3419 5542 3485 5595 τὰ
3537 5538 3831 5595 ὁλοκαυτώ-

751 5722 790 5752 "
827 5721 978 5774 Rom.
1017 5738 1087 5784 χι,
1122 5723 1206 5776 53.
1297 5725 1334 5754 ”
1362 5724 1519 5778 llebr.
1552 5742 1603 5790 tt,
1638 5726 1686 5778 5.
