4108 6330
254 350 351 413 48.)

1411 353 1793 415 COMMENT.
1831 355 1914 416 IN
1953 358 2305 424 PSALMOS.

3366 376 3470 440 ιςο

255 464 493 534 Bst-.1591
542 463 634 518 τοῦ
689 466 926 537 Χριστοῦ
976 466 1227 529 διέξεισιν
1280 466 1306 517 ό
1354 463 1604 533 ψαλμόςο
1658 457 1812 528 οὗτος
1841 468 1884 525 Α
1913 468 2080 523 lecto:
2144 474 2311 530 totius
2366 476 2737 549 inscriptionis
2784 482 3110 538 summulam
3140 486 3383 540 continet
3410 499 3464 543 et

257 559 383 623 γὰρ,
413 557 441 608 ὁ
466 558 769 626 ἀγαπητόςο
795 558 872 628 τῷ
899 558 1071 627 Πατρὶ
1103 557 1223 627 μὲν,
1249 555 1321 618 ὡς
1343 555 1468 617 Υἱὸς
1496 558 1808 625 μονογενήςο

258 648 386 714 ἡμῖν
445 646 526 710 δὲ,
572 647 646 710 ὡς
698 647 887 716 πατὴρ
918 647 1071 717 ἡμῶν
1121 644 1647 725 κηδεμονικῴτατος.
1678 647 1813 715 Περὶ

256 736 447 789 τούτου
505 737 613 808 γάρ
642 755 807 807 φησιν
837 738 865 789 ὁ
900 738 1094 808 Πατήρ
1120 754 1134 768 ·
1188 733 1375 803 οὗτός
1408 737 1580 790 ἐστιν
1613 739 1645 790 ό
1681 736 1812 800 Υἱός

256 845 369 896 μοι·
403 832 435 881 ό
462 829 789 896 ἀγαπητός.
822 829 1085 896 -Ὑπὲρ
1116 827 1221 881 τοῦ
1252 828 1557 897 ἀγαπητοῦ
1583 826 1661 893 δὲ,
1696 828 1813 879 ἀντὶ

257 916 371 981 τοῦ,
400 902 538 988 [rapi
559 918 655 971 τοῦ
688 918 998 988 ἀγαπητοῦ,
1044 920 1296 988 καθάπερ
1321 919 1415 971 καὶ
1445 922 1502 971 ἐν
1528 918 1708 981 ἄλλοις
1743 918 1814 969 εί-

1913 570 2116 629 eaput:
2154 564 2281 633 quia
2337 567 2592 621 nimirum
2659 568 2747 623 hic
2780 578 3048 626 tractatur
3100 573 3168 628 de
3223 575 3465 639 Christo,

1914 654 2005 720 qui
2043 661 2097 707 et
2135 654 2237 723 ipsi
2276 656 2421 711 Pulli
2452 659 2686 716 dilectus
2717 670 2820 725 est,
2859 672 3118 730 tanquam
3141 663 3311 722 Filius
3339 669 3466 721 uni-

1912 743 2127 812 genitus
2159 760 2174 798 :
2204 758 2258 800 et
2286 747 2446 803 nobis
2500 751 2736 829 pariter,
2768 753 2892 821 quia
2924 754 3165 807 omnium
3218 768 3465 813 nostrum

1914 842 2070 902 pater
2092 844 2176 889 est
2210 836 2657 894 studiosissimus
2686 856 2698 891 :
2732 844 2876 895 unde
2902 842 3067 895 etiam
3091 844 3157 896 de
3176 859 3242 897 eo
3261 846 3466 901 dictum

1916 939 2040 980 esse
2089 926 2370 995 legimusa
2396 925 2553 983 Patre
2586 947 2599 983 :
2640 928 2741 982 llic
2777 940 2853 983 est
2915 930 3088 986 Filius
3139 950 3278 987 meus
3335 938 3470 989 dile-

261 1012 526 1080 ρήκαμεν,
556 1010 813 1080 πρόθεσις
844 1012 965 1064 ἀντὶ
998 1010 1327 1081 προθέσεως.

1916 1024 2027 1068 ctus
2045 1015 2108 1069 ”.
2152 1016 2255 1069 Pro
2288 1017 2477 1072 dilecto
2507 1029 2687 1074 autem
2717 1059 2733 1085 ,
2770 1020 2873 1074 hoc
2906 1030 3014 1085 est,
3040 1025 3104 1075 de
3136 1024 3345 1079 dilecto.
3373 1026 3469 1079 E-t

1918 1106 2061 1159 enim
2091 1108 2405 1176 praepositio
2438 1124 2536 1177 pro
2568 1111 2970 1180 praepositione,
3013 1120 3073 1166 ut
3102 1115 3229 1169 alibi
3261 1132 3402 1186 saepe
3438 1134 3469 1172 a

1920 1195 2200 1265 prophetis
2230 1200 2478 1265 usurpari
2514 1200 2775 1256 diximus.

336 1272 739 1341 Ἐξηρεύξατο
796 1276 834 1341 ἡ
899 1274 1110 1341 καρδία
1159 1293 1279 1343 μου
1328 1278 1513 1344 λόγον
1570 1279 1812 1342 ἀγαθόν.

1992 1286 2153 1341 Vens.
2192 1289 2246 1342 2.
2311 1288 2587 1345 Eructavit
2631 1309 2723 1346 cor
2780 1310 2949 1347 meum
3002 1298 3210 1350 uerbum
3260 1300 3469 1353 bonum.

255 1363 441 1426 Συνεὶς
488 1367 516 1416 ὀ
570 1366 855 1436 προφήτης
903 1367 984 1418 ὅτι
1032 1365 1242 1434 μεγάλα
1274 1368 1403 1436 περὶ
1454 1367 1549 1418 τοῦ
1574 1368 1812 1437 Χριστοῦ

1919 1374 2164 1430 Cernens
2199 1380 2462 1445 propheta
2484 1422 2498 1443 ,
2537 1381 2682 1449 quod
2715 1398 2904 1454 magna
2933 1386 3177 1454 quaedam
3227 1390 3293 1444 de
3317 1390 3473 1444 Cirri-

261 1455 444 1523 μέλλει
478 1458 912 1527 προαγορεῦσαι,
956 1457 1374 1527 προοιμιάζεται
1397 1459 1477 1512 ὅτι
1501 1458 1659 1527 λόγον
1682 1461 1812 1527 ἀγα-

1919 1472 2003 1520 Sto
2035 1466 2139 1520 sibi
2168 1476 2324 1521 erant
2355 1471 2723 1538 prmdicenda,
2752 1477 2980 1529 exordio
3012 1478 3244 1546 quodam
3280 1481 3472 1543 utitur,

257 1547 347 1599 θὸν
379 1550 474 1600 καὶ
517 1551 780 1617 σωτήριον
809 1551 947 1618 ἐρεῖ.
983 1550 1180 1603 Σκόπει
1231 1550 1287 1602 δὲ
1320 1550 1417 1619 τὴν
1449 1550 1684 1620 ἔμφασιν
1723 1552 1812 1603 τοῦ

1922 1555 2112 1611 dicens
2138 1572 2444 1613 sermonem
2478 1577 2537 1616 se
2569 1563 2767 1618 bonum
2795 1581 2857 1620 ac
2899 1567 3193 1622 salutarem
3226 1573 3475 1640 prolatu-

269 1636 687 1703 'E5npet5£aco.
721 1639 1018 1709 Μονονουχὶ
1041 1641 1148 1709 γάρ
1171 1657 1355 1709 φησιν,
1394 1640 1473 1692 ὅτι
1504 1640 1750 1710 καθάπερ
1786 1643 1812 1710 ἡ

1922 1659 2063 1699 rum.
2114 1644 2197 1699 Tu
2248 1662 2377 1703 vero
2404 1651 2567 1703 etiam
2599 1654 2899 1723 emphasim
2955 1636 3241 1712 considera
3299 1662 3475 1726 verbi,
3568 1646 3573 1663 ’

259 1726 434 1795 ἑρυγὴ
469 1726 547 1796 μὴ
581 1728 919 1798 βουλομένων
966 1730 1122 1799 ήμῶν
1181 1730 1434 1799 πρόεισι,
1465 1733 1562 1796 τῆς
1609 1730 1812 1791 κοιλίας

1925 1733 2222 1793 Eruetavit.
2252 1737 2392 1793 Illud
2425 1742 2571 1795 enim
2598 1743 2758 1797 nobis
2783 1745 3024 1800 indicare
3055 1749 3286 1813 videtur,
3328 1755 3474 1820 quod

256 1815 458 1883 ταύτης
513 1819 970 1889 ἀιιαπεμποὺσης,
1033 1819 1175 1872 οὕτω
1230 1819 1325 1871 καὶ
1386 1820 1476 1871 τον
1530 1819 1658 1889 περὶ
1723 1820 1812 1871 τοῦ

3333 1800 3473 1820 Γ-.-

1924 1827 2379 1894 quemadmodum
2435 1832 2730 1896 eructatio,
2778 1836 2940 1888 etiam
3009 1851 3037 1888 a
3084 1839 3318 1894 nolentis
3384 1856 3480 1896 ore

254 1908 494 1978 Χριστοῦ
550 1910 715 1977 ,λόγον
768 1910 1087 1980 ἀνέπεμψεν
1120 1911 1218 1981 ἤδη
1253 1911 1495 1964 κάτωθεν
1550 1914 1580 1981 ἡ
1621 1913 1812 1983 καρδία

1922 1916 2056 1979 exit,
2093 1917 2331 1970 humano
2393 1919 2651 1973 nimirum
2682 1931 2871 1977 ventre
2896 1938 3016 1977 eam
3050 1926 3098 1978 vi
3134 1928 3363 1997 quadam
3396 1932 3477 1985 ef-

259 2016 361 2067 μου
386 2040 401 2063 ,
438 2001 745 2069 πλησθεῖσα
783 2000 884 2071 τῆς
914 2002 1121 2072 τροφῆς
1148 2002 1240 2053 τοῦ
1266 2002 1421 2070 ἁγίου
1482 2003 1812 2072 Πνεῦματος.

1926 2006 2113 2073 llante,
2172 2009 2247 2062 ita
2276 2020 2331 2064 et
2363 2012 2454 2066 hic
2515 2014 2759 2081 psalmus
2799 2017 2866 2071 de
2926 2016 3131 2074 Dilecto
3179 2024 3247 2076 ab
3283 2024 3477 2078 intimo

258 2092 539 2162 Propheta:
575 2096 750 2150 nostri
782 2096 949 2151 corde
973 2095 1213 2153 emissus
1267 2098 1643 2168 sit,superna
1711 2101 1945 2170 quadam
1999 2103 2047 2155 vi
2109 2103 2182 2156 ita
2252 2105 2583 2174 impellente,
2678 2125 2803 2163 cum
2894 2115 3222 2170 suavissimo
3302 2124 3475 2177 sancti

257 2183 496 2252 Spiritus
522 2184 685 2254 epulo
717 2184 953 2241 refertus
978 2194 1144 2241 esset.
1988 2248 1989 2251 η

320 2279 485 2345 Λέγω
512 2277 626 2346 ἐγὼ
647 2278 719 2331 τὰ
748 2276 891 2346 ἔργα
920 2295 1038 2345 μου
1092 2276 1172 2341 τῷ
1198 2278 1464 2340 βασιλεῖ.
1498 2278 1812 2348 Προσφωνῶ

1992 2279 2125 2331 Dico
2159 2294 2252 2347 ego
2304 2296 2415 2333 mea
2449 2296 2605 2350 opera
2633 2284 2759 2353 regi.
2792 2283 3018 2341 Profero
3041 2299 3241 2355 autem,
3281 2294 3477 2364 inquit.

256 2370 441 2421 λοιπὸν
471 2368 585 2438 ἐγὼ
620 2370 698 2439 τῷ
742 2368 963 2422 Βασιλεῖ
990 2368 1210 2439 Χριστῷ
1234 2367 1303 2421 τὰ
1338 2368 1472 2437 ἔργα
1507 2386 1629 2450 μου,
1662 2387 1812 2423 τουτ-

1918 2368 2138 2423 Christo
2169 2369 2301 2440 Regi
2342 2387 2507 2440 opera
2553 2390 2693 2437 mea,
2723 2377 2823 2430 hoc
2854 2386 2961 2439 est,
2993 2380 3304 2449 prnphetias
3341 2402 3477 2452 quas

256 2459 372 2513 ἐστι
403 2461 502 2522 τὰς
527 2462 655 2530 περὶ
685 2460 852 2513 αὐτοῦ
881 2458 1218 2529 προφητείας
1244 2475 1367 2527 μου.
1396 2460 1680 2531 Προγέᾐτου
1707 2461 1812 2530 γὰρ

1921 2463 1988 2515 de
2017 2475 2083 2515 eo
2115 2460 2326 2515 afﬂatus
2364 2461 2572 2531 Spiritu
2604 2467 2918 2533 pronuntio.
2978 2467 3267 2540 Propheta:
3327 2478 3473 2531 enim

260 2550 436 2621 ἔργον,
465 2552 714 2620 ὑφαίνειν
744 2552 1102 2623 προφητείας.

1924 2563 2063 2620 Opus
2087 2559 2170 2605 est
2206 2552 2522 2620 prophetias
2552 2563 2863 2610 contexere.

335 2643 399 2698 Ἠ
430 2644 683 2713 γλῶσσά
710 2664 830 2716 μου
860 2648 1127 2717 κάλαμος
1161 2646 1538 2717 γραμματέως
1571 2642 1812 2711 όξυγράε

1994 2639 2202 2709 Lingua
2251 2657 2365 2693 mea
2398 2642 2639 2698 calamus
2666 2647 2852 2699 scriba:
2897 2649 3140 2705 velociter
3176 2657 3476 2717 scribentis.

256 2751 394 2802 90v.
456 2737 570 2787 Καὶ
623 2736 712 2787 διὰ
753 2736 943 2788 τούτου
994 2738 1349 2806 παρίστησιν,
1382 2736 1454 2797 ὡς
1482 2736 1581 2787 οὐκ
1610 2733 1812 2786 οἴκοθεν

1916 2730 2011 2786 llis
2037 2734 2199 2787 etiam
2233 2735 2416 2789 verbis
2448 2735 2582 2789 illud
2620 2737 2981 2805 demonstrat,
3016 2747 3292 2811 quomodo
3322 2766 3386 2804 es
3418 2768 3477 2805 se

260 2828 394 2894 ἐρεῖ.
452 2826 719 2895 Καθάπερ
767 2827 896 2897 γὰρ,
932 2827 1119 2896 φησιν,
1176 2828 1203 2878 ὁ
1262 2827 1506 2895 κάλαμος
1541 2826 1812 2894 ,ὑπηρετεῖ

1916 2825 2036 2895 ipso
2062 2824 2267 2895 aliquid
2303 2826 2559 2881 dicturus
2596 2844 2701 2881 non
2741 2838 2841 2883 est.
2883 2830 3344 2895 Quemadmodum
3379 2818 3471 2894 ca-

262 2917 419 2986 μόνον
470 2920 535 2987 τῇ
586 2919 732 2988 χειρὶ
777 2919 870 2971 τοῦ
928 2919 1187 2989 γραφέως
1225 2919 1566 2987 κινούμενος,
1598 2916 1726 2969 ἔνθα
1758 2916 1812 2967 ἂι

1918 2917 2115 2981 lamus,
2152 2916 2353 2985 inquit,
2389 2918 2680 2972 scribentis
2732 2924 2912 2975 manui
2950 2923 3209 2991 inservit,
3262 2941 3315 2983 et
3383 2934 3471 2991 ille

258 3008 438 3077 ἐκείνη
470 3008 661 3062 τοῦτον
694 3011 922 3081 κινήσῃ’
958 3008 1098 3061 οὓτω
1139 3008 1232 3061 καὶ
1268 3008 1301 3077 ἡ
1331 3007 1439 3077 ἐμὴ
1470 3006 1691 3073 γλῶσσα
1721 3004 1812 3056 κά-

1920 3012 2131 3057 tantum
2185 3013 2456 3070 movetur,
2488 3022 2597 3075 quo
2643 3022 2837 3062 manus
2895 3011 3047 3065 illum
3080 3014 3376 3083 impulerit,
3406 3025 3475 3076 ita

256 3100 425 3169 λαμός
454 3102 571 3153 ἐστι
604 3100 1008 3170 γραμματέως,
1032 3100 1150 3167 ἦτοι
1187 3101 1469 3169 γραφέως,
1498 3097 1699 3167 δηλαδὴ
1727 3097 1812 3149 τοῦ

1922 3108 1976 3153 et
2000 3098 2184 3169 lingua
2216 3115 2334 3154 mea
2368 3117 2584 3155 summo
2614 3104 2689 3156 illi
2723 3106 2937 3169 scriba),
3001 3122 3188 3166 sancto
3217 3114 3473 3169 nimirum

260 3192 411 3257 ἁγίου
451 3190 789 3260 [Ινεύματος.
845 3193 1138 3260 κινουμένη
1176 3190 1356 3252 καθὼς
1387 3190 1453 3242 ἂν
1484 3190 1691 3251 ἐκεῖνος
1729 3206 1812 3240 κι-

1923 3189 2184 3268 Spiritui,
2237 3192 2431 3244 calami
2463 3193 2745 3262 cujusdam
2793 3197 2962 3250 vicem
3020 3211 3257 3268 praestat,
3306 3213 3361 3258 ct
3410 3222 3475 3259 eo

260 3283 397 3354 νήσῃ
425 3280 651 3351 ταύτην.
698 3282 1045 3351 Ὀξυγράφου
1092 3281 1150 3333 δὲ
1193 3278 1367 3343 εἶπεν,
1415 3280 1502 3332 διὰ
1527 3280 1625 3349 τὴν
1658 3279 1812 3347 εὐχέσ

1918 3287 2127 3332 tantum
2178 3264 2458 3346 'mov'etur,
2522 3296 2631 3349 quo
2692 3282 2928 3351 Spiritus
2986 3264 3129 3339 illam
3182 3290 3469 3347 direxerit.

264 3388 413 3443 ρειαν
456 3372 557 3442 τῆς
607 3373 965 3439 ἐπαγγελίας.
1002 3371 1314 3442 Ἀνθρωποι
1362 3370 1457 3439 μὲν
1508 3370 1636 3439 γὰρ,
1692 3386 1812 3437 σχο-

1919 3369 2167 3423 Scribam
2238 3382 2417 3424 autem
2487 3372 2749 3426 velociter
2812 3374 3139 3432 scribentem
3205 3381 3375 3445 dixit,
3417 3394 3475 3437 ut

261 3465 538 3534 λαιότερον
563 3465 967 3535 ὑπαγορεύουσι
995 3469 1087 3518 καὶ
1114 3466 1438 3534 γράφουσιν,
1477 3462 1816 3531 άπασχολούο

267 3573 413 3624 μενοι
448 3556 586 3625 πρὸς
616 3556 836 3626 εὕρεσιν
862 3556 1174 3624 νοημάτων,
1192 3555 1283 3606 καὶ
1305 3554 1577 3622 συνθήκην
1595 3554 1812 3619 λέξεων,

263 3647 346 3697 διὰ
374 3646 473 3714 τὴν
506 3646 604 3714 τῆς
639 3646 881 3709 διανοίας
913 3646 1217 3699 ἀσθένειαν.
1255 3648 1431 3717 Μέχρι
1454 3644 1644 3698 τούτου
1681 3661 1817 3714 συμ-

260 3737 501 3804 περάνας
533 3735 593 3788 τὸ
634 3737 940 3805 προοίμιον,
975 3736 1203 3807 ἄρχεται
1230 3735 1321 3787 τοῦ
1356 3736 1533 3803 λόγου,
1558 3734 1693 3805 πρὸς
1725 3735 1816 3788 τὸν

260 3829 492 3895 Χριστὸν
522 3828 623 3897 ἢδη
668 3828 1111 3895 ἀποτεινόμενος,
1166 3827 1305 3908 περὶ,
1323 3827 1427 3879 τῶν
1475 3827 1685 3894 ἀρετῶν
1720 3826 1812 3878 τοῦ

259 3920 703 3989 προσλήμματος.

334 4100 567 4169 Ὧραῖος
608 4100 821 4155 κάλλει
857 4103 1015 4170 παρὰ
1048 4101 1183 4166 τοὺς
1236 4101 1402 4166 υἱοὺς
1449 4100 1560 4154 τῶν
1595 4101 1815 4168 ἀνθρὼ-

258 4205 403 4247 πων.
437 4192 632 4245 Λείπει
662 4191 723 4243 τὸ
754 4191 1045 4259 ὑπάρχεις
1066 4208 1079 4221 ⁸
1113 4191 1426 4260 ὡραιότητα
1459 4191 1515 4242 δὲ
1561 4191 1810 4257 κάλλους,

255 4282 315 4335 οὐ
348 4280 675 4352 σωματικὴν
703 4281 889 4347 λέγει,
921 4282 1056 4334 ἀλλὰ
1084 4281 1343 4351 ψυχικήν.
1376 4283 1672 4352 Διετὴρησε
1706 4282 1812 4353 γὰρ

252 4375 425 4446 αὐτὴν
459 4372 678 4437 ἄσυλον,
717 4372 877 4443 μόνος
924 4372 1074 4442 παρᾲ
1110 4373 1317 4434 πάντας
1350 4374 1534 4442 μείνας
1568 4374 1814 4443 ἀναμάρ-

1918 3460 2311 3514 enuntiationis
2336 3461 2653 3517 facilitatem
2682 3456 3013 3521 ostenderei.
3044 3468 3300 3526 llomines
3329 3476 3472 3527 enim

1918 3548 1987 3601 ob
2020 3550 2253 3617 propria:
2293 3552 2492 3615 mentis
2542 3554 2888 3617 tenuitatem,
2940 3557 3026 3609 vix
3059 3560 3262 3626 pariter
3298 3577 3474 3616 erum-

1919 3639 2055 3694 tiare
2110 3652 2343 3710 possunt
2386 3649 2439 3695 et
2479 3643 2742 3712 scribere,
2796 3644 2924 3699 dum
2968 3648 3032 3702 ad
3086 3665 3345 3706 sensuum
3391 3655 3474 3708 in-

1919 3732 2259 3795 ventionern,
2301 3741 2355 3786 et
2402 3732 2701 3788 dictionum
2765 3740 3161 3795 eonnexiouem
3215 3745 3474 3799 attentius

1918 3829 2279 3888 occupantur.
2307 3822 2585 3877 Hactenus
2620 3823 2841 3879 fuerunt
2868 3829 3078 3881 exordii
3112 3833 3297 3884 verba.
3322 3834 3474 3887 Nunc

1918 3918 2097 3965 autem
2129 3926 2436 3967 sermonem
2486 3914 2821 3981 aggreditur,
2882 3924 2935 3971 et
2964 3920 3130 3973 verba
3180 3923 3367 3993 dirigit
3404 3929 3472 3981 ad

1823 4002 1827 4006 ’
1916 4002 2196 4056 Christum
2231 4003 2298 4056 de
2325 4005 2591 4071 assumpti
2628 4004 2869 4061 hominis
2896 4009 3190 4066 virtutibus
3214 4013 3470 4082 loquens.

1990 4091 2156 4146 Vens.
2187 4094 2241 4146 5.
2288 4091 2566 4156 Speciosus
2620 4097 2795 4163 forma
2854 4114 2962 4165 pra:
3004 4099 3129 4166 ﬁliis
3182 4102 3471 4158 hominum.

1919 4184 2358 4254 Subintelligitur
2390 4187 2651 4251 verbum,
2703 4203 2778 4242 es.
2830 4188 3076 4257 Speciem
3130 4208 3257 4247 vero
3310 4196 3470 4260 hanc,

1917 4276 2019 4329 hoc
2062 4284 2145 4329 est
2194 4274 2617 4339 formositatem,
2657 4293 2767 4331 non
2812 4277 3081 4348 corporis,
3132 4283 3226 4337 sed
3275 4286 3472 4340 animae

1918 4364 2379 4435 pulchritudinem
2415 4365 2659 4437 intellige
2685 4382 2698 4418 :
2728 4382 2892 4437 quam
2951 4371 3216 4440 integram
3257 4390 3474 4445 semper

249 4480 435 4533 τητος.
473 4463 702 4525 Ἡσαΐας
730 4464 787 4516 δὲ
822 4463 1018 4533 λέγων,
1048 4464 1130 4516 ὅτι
1173 4463 1285 4517 Kal
1337 4462 1575 4530 εἴδομεν
1603 4464 1809 4527 αὐτὸν,

1917 4458 2173 4514 Christus
2209 4459 2469 4519 servavit.
2526 4456 2701 4515 solus‘
2736 4476 2897 4527 supra
2932 4477 3123 4517 omnes
3150 4480 3472 4531 permanens

251 4555 352 4608 καὶ
382 4557 495 4608 οὐκ
525 4550 689 4622 εἶχεν
712 4551 894 4617 εἶδος,
921 4554 1064 4606 οὐδὲ
1091 4553 1338 4618 κάλλος,
1372 4553 1529 4606 ἀλλὰ
1558 4554 1622 4605 τὸ
1653 4548 1812 4616 εἶδος

1917 4550 2037 4605 sine
2090 4560 2339 4618 peccato.
2389 4548 2557 4607 Isaias
2612 4550 2757 4604 enim
2793 4550 3029 4605 dicens:
3070 4552 3303 4607 Vidimus
3350 4548 3470 4610 deum

250 4645 440 4701 αὐτοῦ
485 4645 716 4712 ἄτιμον,
776 4645 875 4698 καὶ
918 4645 1221 4708 ἐκλεῖπον,
1253 4644 1414 4712 παρὰ
1457 4645 1597 4710 τοὺς
1644 4643 1813 4708 υἱοὺς

251 4736 369 4791 τῶν
390 4736 718 4803 ἀνθρώπων
738 4776 754 4801 ,
795 4736 1036 4808 περὶτοῦ
1068 4736 1314 4806 σώματος
1334 4735 1503 4803 λέγει,
1535 4735 1646 4789 οἷον
1673 4734 1739 4808 ἦν
1756 4738 1814 4788 ἐν

249 4832 328 4901 τῷ
359 4829 456 4883 τοῦ
486 4812 688 4891 πάθους
715 4828 893 4899 καιρῷ
931 4828 1477 4899 προπηλακιζόμενον
1502 4827 1597 4879 καὶ
1622 4843 1814 4895 μαστι-

254 4920 503 4991 ζόμενον,
539 4920 633 4973 καὶ
662 4919 831 4989 μυρία
864 4920 1094 4989 πάσχον.

334 5187 623 5257 Ἐξεχύθη
658 5188 698 5255 ἡ
732 5187 902 5255 χάρις
929 5187 1000 5240 ἐν
1031 5186 1265 5253 χείλεσι
1296 5188 1433 5241 σου.
1476 5185 1645 5255 Φησὶν
1669 5185 1697 5238 ό
1724 5187 1814 5238 εὐ-

263 5282 583 5351 αγγελιστὴς
609 5320 623 5343 ,
657 5280 739 5332 ὅτι
768 5279 1079 5349 ἐθαύμαζον
1116 5278 1209 5330 ἐπὶ
1237 5280 1348 5340 τοῖς
1378 5277 1556 5345 λόγοις
1579 5278 1676 5348 τῆς
1709 5278 1810 5346 χά-

264 5388 421 5442 ριτος,
452 5375 565 5434 τοῖς
592 5371 1051 5439 ἐκπορευομένοις
1097 5368 1186 5421 διὰ
1229 5369 1493 5436 στόματος
1526 5368 1763 5437 Χριστοῦ
1790 5383 1803 5397 ⁸

264 5462 495 5517 ιὀοῦνται
548 5462 604 5515 δὲ
643 5461 792 5531 χείλη
821 5460 1087 5529 Χριστοῦ,
1147 5458 1243 5512 καὶ
1286 5458 1335 5511 οἱ
1372 5459 1685 5524 ἀπόστολοι,
1724 5460 1804 5521 εἰς

265 5548 345 5611 οὒς
369 5550 594 5623 ἐξεχύθη
619 5550 855 5622 δαψιλῶς
878 5550 911 5620 ἡ
949 5550 1106 5619 χάρις
1135 5548 1229 5602 τοῦ
1258 5548 1415 5617 ἁγίου
1447 5550 1761 5620 Πνεύματος
1787 5565 1800 5578 ⁸

331 5729 370 5763 ³³
394 5729 575 5786 Matth.
603 5747 686 5799 ιιι,
710 5732 799 5787 l7.
876 5733 920 5765 ιο
946 5733 1048 5789 lsa.
1074 5733 1268 5801 Ltu,2,
1291 5736 1346 5791 3.
1423 5734 1465 5767 "
1496 5731 1629 5788 Luc.
1656 5744 1729 5796 tv,
1767 5730 1859 5784 τε.

566 5827 839 5889 ΡΑτιιοι..
886 5826 1006 5890 Gn.
1057 5827 1372 5891 CXXVIII.

1913 4657 2013 4695 non
2048 4642 2321 4695 habentem
2372 4643 2615 4708 speciem,
2667 4658 2828 4710 neque
2859 4642 3123 4707 decorem,
3152 4645 3241 4697 sed
3277 4649 3468 4713 species

1910 4732 2025 4801 ejus
2048 4732 2185 4792 vilis,
2207 4741 2256 4784 et
2285 4730 2526 4799 deﬁciens
2556 4748 2714 4799 super
2750 4748 2927 4785 omnes
2951 4734 3090 4801 ﬁlios
3115 4735 3379 4790 hominum
3400 4739 3445 4769 ⁸⁸

1912 4824 1979 4877 de
2005 4838 2237 4892 corpore
2265 4824 2387 4893 ejus
2417 4823 2699 4892 loquitur;
2728 4823 2907 4891 qualis
2940 4825 3196 4881 nimirum
3251 4827 3469 4884 iuturus

1911 4922 2056 4968 esset
2113 4913 2366 4967 Christus
2401 4912 2680 4966 Passionis
2733 4920 3000 4982 tempore,
3064 4916 3209 4985 quod
3251 4918 3466 4985 probris

1913 5008 2123 5060 scilicet
2163 5020 2226 5057 ac
2263 5004 2437 5074 plagis
2472 5004 2795 5061 alliciendus
2833 5015 2887 5061 et
2922 5008 3243 5076 ignominias
3267 5011 3467 5064 multas

1908 5111 2192 5167 passurus.

1978 5187 2184 5256 Diﬁ'usa
2206 5196 2278 5240 est
2300 5187 2478 5256 gratia
2503 5186 2558 5239 in
2596 5185 2753 5238 labiis
2787 5186 2916 5240 tuis.
2946 5187 3285 5259 Evangelista
3317 5192 3462 5245 enim

1906 5280 1982 5332 ait
2015 5276 2162 5346 quod
2200 5276 2546 5330 mirabantur
2570 5277 2743 5330 turba:
2772 5276 2816 5308 "
2859 5293 3025 5346 super
3055 5278 3231 5333 verbis
3278 5281 3465 5349 gratiae

1908 5384 2029 5439 qua
2048 5368 2273 5422 exibant
2301 5368 2369 5422 de
2396 5382 2491 5422 ore
2510 5367 2655 5436 ejus.
2675 5367 2973 5439 Possumus
3002 5368 3170 5422 etiam
3200 5384 3295 5437 per
3320 5370 3462 5422 labia

1912 5458 2032 5526 ejus
2082 5465 2301 5512 sanctos
2335 5456 2611 5524 apostolos
2672 5457 3018 5525 intelligere:
3053 5458 3105 5512 in
3148 5473 3286 5525 quos
3325 5460 3463 5513 adeo

1911 5551 2129 5606 abunde
2148 5550 2321 5605 sancti
2353 5547 2593 5619 Spiritus
2617 5550 2787 5619 gratia
2816 5549 2988 5604 effusa
3012 5559 3115 5612 est,
3140 5558 3199 5603 ut
3228 5565 3462 5619 peream

2952 5819 3019 5881 16
