4108 6330
677 396 779 462 τρι

1940 393 2317 452 EUTIIYMII
2364 390 2720 453 ZiGABENl

3794 397 3892 462 4ςὲ

681 513 1036 563 adversantes
1074 505 1451 576 reprimerent,
1495 508 1547 555 et
1599 498 1812 554 caneris
1848 500 2101 554 omnibus
2144 514 2237 566 pro

2348 499 2415 560 ὼς
2449 500 2822 569 ἐκκομίζειν
2856 501 3062 563 πάντας
3103 505 3168 572 τῇ
3214 505 3439 574 δυνάμει
3472 505 3560 560 τοῦ
3590 505 3770 576 λόγου,
3805 512 3891 562 καὶ

681 583 959 654 voluntate
994 596 1403 668 persuaderent.

757 695 1041 760 Propterea
1065 689 1329 743 benedixit
1364 699 1410 740 te
1459 684 1596 738 Deus
1624 684 1674 736 in
1706 685 1974 737 arculum.
2011 683 2238 752 Propter

681 789 785 843 has
839 787 1161 854 igiturtuas
1183 781 1437 840 virtutes,
1491 776 1633 831 Deus
1656 775 1957 838 benedixit,
1995 776 2097 830 hoc
2127 784 2237 842 est,

685 878 1009 950 gloriﬁcavit
1031 886 1083 929 te
1107 890 1120 924 :
1149 872 1212 926 Et
1231 871 1521 943 glori/icavi
1544 869 1686 923 enim
1711 877 1760 921 te
1784 907 1798 931 ,
1825 867 1951 922 alibi
1976 867 2171 936 inquit,
2191 879 2239 921 et

683 976 871 1027 iterum
924 965 1313 1039 gioriﬁcabo“.
1352 961 1484 1026 Vel,
1536 959 1808 1015 Beuedixit
1873 974 1969 1028 pro
2015 957 2243 1027 Benedi-

688 1063 922 1119 cendum
947 1071 999 1114 et
1031 1054 1384 1111 Laudandum
1441 1052 1590 1114 fecit,
1642 1059 1946 1130 ut’semper
1984 1050 2240 1103 nimirum

684 1153 925 1209 lauderis
951 1160 1114 1219 atque
1140 1147 1432 1201 honoreris
1460 1158 1487 1196 a
1510 1141 1783 1206 ﬁdelibus.
1808 1141 2077 1211 Antiquos
2099 1141 2241 1194 enim

688 1247 776 1301 ille
826 1243 994 1298 Adam
1048 1247 1266 1309 prOpter
1303 1234 1724 1289 inobedientiam
1777 1232 2104 1286 maledictus
2138 1240 2243 1295 est,

687 1353 861 1392 novus
923 1347 1050 1386 vero
1100 1336 1322 1400 propter
1357 1325 1723 1380 obedientiam
1787 1321 2240 1377 benedicendus:

686 1439 849 1495 quam
885 1420 1320 1478 benedictionem
1367 1414 1523 1468 nobis
1564 1414 1725 1468 etiam
1757 1412 2126 1482 participavit.
2157 1413 2245 1465 Ait

684 1520 832 1573 enim
895 1512 1024 1568 alibi
1083 1511 1354 1580 Pr0pheta
1386 1526 1398 1561 :
1432 1506 1702 1560 Benedicti
1729 1522 1816 1559 ros
1853 1522 1884 1557 a
1927 1504 2148 1557 Domino
2176 1505 2241 1558 “.

757 1607 922 1662 Vsus.
957 1605 1011 1658 4.
1042 1603 1321 1670 Accingere
1337 1599 1515 1669 gladio
1548 1608 1635 1651 tuo
1668 1613 1823 1666 super
1861 1596 2033 1664 femur
2071 1606 2242 1660 tuum,

685 1699 1068 1770 potentissime.
1096 1695 1233 1749 Cum
1273 1691 1452 1746 lorma
1498 1690 1807 1758 speciosum
1853 1703 1976 1742 eum
2010 1702 2130 1742 esse
2163 1687 2247 1742 di-

2343 589 2552 642 πείθειν
2580 583 2709 662 ῥᾷον
2733 591 2824 653 οὓς
2856 592 2920 646 ἂν
2952 593 3226 648 ἐθέλωσιν.

2412 683 2514 735 Διὰ
2551 683 2724 736 τοῦτο
2749 685 3049 752 εὐλόγησέ
3075 703 3148 740 σε
3193 691 3226 742 ὀ
3257 690 3401 756 Θεὸς
3422 692 3510 756 εἰς
3543 693 3649 746 τὸν
3691 693 3891 752 αἰῶνα.

2343 772 2440 826 Διὰ
2475 773 2675 837 ταύτας
2729 774 2821 828 οὖν
2882 792 2974 829 σου
3021 779 3120 841 τὰς
3151 780 3374 848 ἀρετὰς,
3408 783 3690 854 εὐλόγησε,
3743 802 3893 838 τουτ-

2344 866 2512 926 ἐστιν,
2551 865 2770 932 ὲδόξασέ
2804 884 2863 920 σε
2889 869 3064 932 ὀθεός
3087 885 3102 902 ο
3142 873 3277 942 φησὶ
3305 876 3435 942 γὰρ,
3471 873 3582 929 Kal
3635 875 3896 942 ἐδόξασα

2343 954 2442 1005 καὶ
2499 954 2685 1008 πάλιν
2717 954 2978 1020 δοξάσω.
3011 959 3077 1010 Ἢ
3119 960 3179 1012 τὸ
3234 964 3606 1032 Εὐλόγησεν,
3649 967 3767 1020 ἀντὶ
3804 970 3894 1022 τοῦ

2349 1043 2650 1116 Εὑλογητδν
2707 1047 2997 1117 ἐποίησεν,
3068 1050 3143 1113 ὡς
3207 1054 3294 1106 ἀεὶ
3355 1055 3739 1126 εὐφημείσθαι,
3805 1061 3894 1113 καὶ

2347 1133 2634 1202 ὑμνεῖσθαι
2685 1137 2834 1207 παρὰ
2859 1137 2966 1191 τῶν
2993 1137 3236 1194 εὐσεϐῶν
3261 1159 3276 1174 ⁶
3327 1145 3354 1196 ὁ
3406 1146 3504 1214 μὲν
3532 1147 3641 1219 γὰρ
3673 1149 3893 1210 παλαιὸς

2357 1225 2552 1295 ’Δδὰμ,
2579 1229 2954 1298 κεκατήρατοιι
2986 1230 3072 1284 διὰ
3113 1234 3212 1302 τὴν
3258 1241 3576 1307 παρακοήν·
3614 1240 3641 1291 ὁ
3680 1240 3734 1292 δὲ
3763 1240 3893 1302 νέος,

2347 1316 2635 1388 εὐλόγηται
2667 1319 2752 1372 διὰ
2789 1321 2887 1389 τὴν
2925 1321 3205 1392 ὑπακοὴνο
3245 1328 3518 1394 μετέδωκε
3543 1329 3601 1381 δὲ
3648 1332 3740 1383 καὶ
3771 1332 3896 1399 ἡμῖν

2345 1410 2442 1479 τῆς
2496 1411 2779 1480 εὐλογίας·
2833 1417 2966 1504 quoi
3021 1416 3129 1486 γὰρ
3181 1419 3208 1470 ὁ
3270 1419 3466 1472 Δαϐίδ·
3499 1422 3894 1490 Εὐλογημένοι

2346 1503 2512 1571 ’ἡμεῖς
2547 1504 2625 1570 τῷ
2655 1507 2865 1574 Κυρίῳ.
2947 1543 2949 1546 -

2418 1596 2736 1663 Περίζωσαι
2795 1599 2908 1666 τὴν
2931 1602 3238 1673 ῥομφαίαν
3271 1620 3388 1660 σου
3435 1607 3532 1661 ἐπὶ
3573 1608 3680 1660 τὸν
3712 1608 3902 1677 μηρόν

2349 1696 2486 1747 σου,
2535 1688 2775 1744 δυνατέ.
2817 1689 3032 1760 Ὠραῖον
3063 1694 3156 1745 καὶ
3189 1695 3471 1749 κάλλιστον
3493 1697 3652 1749 αὐτὸν
3685 1714 3900 1766 προτει.

689 1795 830 1848 xcrit
869 1798 923 1845 et
982 1788 1212 1855 pulchro
1268 1778 1562 1847 ore,'nunc
1608 1791 1893 1837 strenuum
1928 1781 2088 1834 etiam
2127 1795 2244 1834 esse

2351 1778 2465 1830 πὼν
2497 1782 2588 1832 καὶ
2615 1780 2897 1853 εὖστομον,
2946 1784 3073 1854 ἄρτι
3110 1787 3204 1839 καὶ
3251 1787 3585 1855 στρατιώτην
3617 1789 3900 1851 δείκνυσιν,

694 1886 915 1940 militem
956 1854 1316 1936 demonstrat.
1377 1873 1441 1927 Et
1476 1874 1565 1928 illa
1604 1872 1819 1943 quidem
1871 1873 2046 1941 signa,
2076 1907 2078 1909 ›
2112 1873 2244 1926 inte-

2348 1871 2428 1923 ὅτι
2461 1872 2641 1924 ἐκεῖνα
2692 1872 2789 1940 μὲν
2843 1869 2910 1944 ἦν
2935 1876 3293 1946 γνωρίσματα
3341 1879 3438 1945 τῆς
3469 1880 3900 1956 ἀναμαρτησὶας,

689 1978 942 2048 gritatem
973 1970 1092 2039 ejus
1121 1979 1174 2024 et
1205 1967 1511 2023 doctrinam
1539 1965 1946 2036 signiﬁcabant,
1965 1965 2078 2018 haec
2098 1979 2247 2028 vero,

693 2082 926 2139 pugnam
959 2064 1080 2132 ejus
1107 2070 1161 2116 et
1200 2067 1480 2115 certamen
1535 2056 1795 2111 denotant
1828 2056 2090 2111 adversus
2145 2057 2247 2110 dte-

692 2172 933 2214 monem.
967 2154 1206 2208 Advocat
1237 2151 1380 2205 enim
1408 2149 1688 2202 Christum
1725 2146 1988 2216 Pmphcta
2036 2146 2100 2200 ad
2133 2163 2251 2201 cer-

694 2264 874 2306 tamen
911 2263 1034 2302 cmu
1069 2248 1332 2304 dmmone,
1402 2251 1461 2293 ut
1505 2254 1603 2293 nos
1654 2239 1860 2308 jamdiu
1911 2251 2251 2308 peccatoca-

696 2343 873 2408 ptivos
906 2341 1122 2399 liberet,
1157 2345 1212 2390 et
1244 2335 1312 2389 dc
1341 2332 1551 2388 exuviis
1582 2331 1754 2399 erigat
1815 2339 2076 2398 tropamm
2108 2345 2122 2379 ε
2166 2337 2248 2381 at-

691 2451 798 2502 que
830 2444 886 2487 ut
917 2430 1220 2485 terribilem
1256 2442 1319 2480 ae
1347 2424 1521 2493 magis
1544 2421 1956 2493 iormidabilem
1992 2419 2252 2474 daemoni-

693 2526 796 2579 bus
849 2537 973 2576 eum
1004 2517 1324 2578 constituat,
1383 2516 1578 2582 primo,
1617 2512 1918 2565 humanum
1952 2511 2006 2564 in
2043 2526 2246 2565 morem

690 2612 859 2667 armis
896 2625 1019 2665 eum
1065 2607 1258 2660 munit.
1316 2605 1512 2660 Milites
1569 2602 1771 2672 quippe
1813 2616 1998 2655 ensem
2051 2601 2246 2654 femori

694 2701 1007 2770 accingunt.
1041 2696 1289 2761 Armare,
1317 2692 1517 2762 inquit,
1550 2699 1604 2745 et
1627 2691 1963 2761 congredere
1988 2691 2041 2744 in
2067 2707 2244 2760 pugna

692 2793 953 2845 adversus
981 2798 1294 2858 tyrannum.
1341 2784 1443 2837 Per
1489 2794 1639 2834 arma
1685 2786 1885 2842 autem,
1921 2778 2122 2834 Christi
2167 2780 2245 2834 fa-

2353 1967 2445 2019 xa‘t
2472 1970 2570 2037 τῆς
2601 1969 2948 2032 διδασκαλίας
2972 1989 2985 2002 ο
3021 1973 3193 2025 ταῦτα
3234 1973 3288 2024 δὲ
3313 2012 3328 2036 ,
3367 1973 3465 2041 τῆς
3497 1971 3635 2025 κατὰ
3664 1972 3757 2024 τοῦ
3794 1971 3906 2023 δια-

2352 2056 2509 2109 ϐόλου
2563 2059 2762 2128 μάχης.
2798 2061 2968 2114 Καλεῖ
3014 2061 3123 2132 γὰρ
3172 2063 3336 2116 αὑτὸν
3366 2066 3443 2124 εἰς
3476 2054 3564 2115 τὸν
3597 2065 3717 2116 κατ’
3742 2061 3905 2116 αὐτοῦ

2331 2149 2608 2218 πόλεμον,
2663 2152 2748 2203 ἵνα
2791 2153 3050 2220 τρόπαιον
3098 2156 3338 2224 στήσας,
3389 2153 3731 2226 ἐλευθερώσῃ
3787 2155 3923 2223 τοὺς,

2353 2240 2893 2309 αἰχμαλωτισθέντας
2932 2245 2963 2312 ἡ
2974 2245 3100 2312 μᾶς.
3141 2244 3379 2310 Ὀπλιξει
3408 2245 3463 2298 δὲ
3489 2245 3675 2298 τοῦτον
3702 2245 3912 2315 ἀνθρω-

2353 2333 2545 2396 πίνως,
2579 2334 2666 2385 ἵνα
2701 2329 2850 2404 δείξῃ
2877 2334 3140 2404 φοϐερόν·
3193 2338 3241 2388 οἱ
3293 2337 3632 2407 στρατιῶται
3669 2339 3780 2407 γὰρ
3817 2335 3910 2405 τὴν

2357 2420 2688 2508 σπάθξρἵὲπὶ
2714 2424 2804 2475 τὴν
2833 2424 3009 2494 μηρὸν
3041 2424 3494 2494 περιζώννυνται.
3529 2428 3681 2479 Ἐστι
3709 2427 3766 2479 δὲ
3793 2443 3911 2478 συν⁴

2352 2515 2531 2581 τὸμως
2561 2518 2592 2580 ἡ
2625 2514 2801 2567 ἔννοια
2825 2514 2916 2567 τοῦ
2951 2515 3234 2583 λόγου,ὅτι
3273 2517 3594 2587 Ὀπλίσθητι
3630 2519 3724 2570 καὶ
3752 2517 3914 2569 πολέ·

2362 2620 2533 2674 μησον
2567 2603 2640 2673 τῷ
2666 2605 2936 2674 τυράννῳ.
2980 2605 3159 2658 ’Ὅπλα
3183 2608 3238 2660 δὲ
3271 2606 3532 2676 Χριστοῦ.
3561 2611 3593 2678 ἡ
3617 2606 3911 2673 κολαστικῆ

2350 2693 2597 2760 δύναμις,
2692 2696 2813 2747 κατ’
2846 2695 3056 2766 ὲχθρῶν
3093 2697 3360 2768 ἐκέχρητο
3382 2714 3395 2727 ·
3423 2686 3652 2750 δυνατὸν
3667 2696 3723 2750 δὲ
3751 2696 3913 2751 αὐτὸν

2360 2784 2610 2865 ἐκάλεσε,
2650 2787 2792 2840 κατὰ
2823 2787 2919 2857 τὴν
2954 2790 3241 2860 ἡνωμένην
3268 2791 3531 2860 Θεὸτητα.

693 2886 945 2939 eultatem
970 2876 1228 2948 puniendi
1258 2873 1756 2942 intelligimus,qua
1778 2882 1968 2942 contra
1996 2871 2248 2927 inimicos
2288 2889 2417 2931 suos
2445 2878 2520 2931 uti
2553 2878 2711 2932 solet.
2746 2880 3028 2934 Potentem
3052 2897 3180 2938 vero
3203 2900 3324 2937 eum
3360 2885 3591 2955 appellat
3655 2882 3728 2936 ob
3797 2879 3915 2935 uui-

694 2985 801 3029 tam
833 2988 896 3025 ac
922 2969 1273 3035 coniunctam
1303 2964 1669 3018 Divinitatem.

763 3062 924 3116 Vsus.
961 3059 1011 3113 5.
1045 3057 1221 3125 Specie
1271 3064 1362 3107 tua
1393 3063 1440 3106 et
1475 3050 1866 3121 pulchritudine
1903 3061 2014 3106 tua.
2041 3053 2244 3107 Accin-

2432 3053 2507 3122 Τῇ
2540 3055 2856 3123 ὡραιότητί
2909 3075 3046 3124 σου,
3096 3061 3192 3114 καὶ
3226 3060 3304 3125 τῷ
3343 3061 3551 3115 κάλλει
3585 3077 3721 3116 σου.
3755 3063 3917 3131 Περί-

693 3169 840 3224 gere,
902 3147 1103 3217 inquit,
1161 3144 1343 3215 gladio
1387 3150 1480 3195 tuo
1531 3142 1694 3197 simul
1755 3156 1880 3196 cum
1942 3144 2138 3196 decore
2199 3149 2244 3196 el

2359 3141 2534 3207 ζωσαι
2560 3146 2658 3214 τὴν
2693 3149 2966 3216 ῥομφαίαν
3002 3167 3118 3214 σου,
3151 3154 3306 3221 φησὶ,
3343 3155 3482 3222 μετὰ
3520 3154 3618 3223 τῆς
3644 3154 3917 3224 ὡραιότη-

695 3237 1102 3313 pulchritudine
1156 3245 1268 3296 tua,
1323 3241 1381 3285 ut
1419 3231 1601 3299 gladio
1634 3231 1889 3286 inimicos
1931 3239 2159 3290 terrens.
2203 3241 2244 3288 el

2359 3234 2446 3297 τός
2480 3253 2596 3299 σου,
2630 3239 2839 3291 καὶτοῦ
2875 3240 3108 3305 κάλλους
3135 3260 3250 3306 σου,
3288 3245 3372 3298 ἵνα
3403 3249 3487 3316 τῇ,
3507 3247 3602 3315 μὲν
3643 3248 3910 3315 ῥομφαίᾳ,

694 3335 954 3385 virtutum
992 3321 1400 3397 pulchritudine
1433 3321 1641 3376 amicos
1685 3321 1894 3376 trahas.
1953 3319 2063 3375 Nec
2086 3319 2174 3376 abs
2199 3337 2244 3376 τε

2360 3325 2483 3386 τοὺς
2506 3326 2735 3396 ἐχθροὺς
2765 3329 2905 3398 φοϐῇ
2926 3346 2940 3359 ·
2977 3334 3041 3400 τῇ
3075 3332 3372 3402 ὡραιότητι
3401 3334 3455 3385 δὲ
3479 3336 3573 3403 τῆς
3598 3335 3800 3405 ψυχῆς,
3827 3335 3915 3386 καὶ

693 3433 799 3485 est,
830 3422 1067 3491 speciem
1108 3426 1184 3472 -et
1213 3414 1682 3485 pulchritudinem
1731 3414 1874 3468 idem
1920 3414 2244 3482 signiﬁcare.

2357 3415 2433 3484 τῷ
2464 3417 2645 3471 κάλλει
2698 3419 2806 3472 τῶν
2838 3422 3066 3491 ἀρετῶν,
3111 3423 3240 3486 ’τοὺς
3271 3424 3458 3492 φίλους
3486 3425 3742 3497 έλκύσῃς.
3802 3428 3915 3480 Οὐκ

693 3512 836 3584 (Vel,
885 3527 979 3579 per
1013 3509 1276 3580 gladium,
1333 3507 1422 3560 Dei
1466 3504 1722 3568 Verbum,
1775 3515 1850 3567 et,
1909 3521 2006 3575 per
2056 3506 2244 3569 femur1

2355 3507 2580 3572 ἀπεικὸς
2631 3511 2687 3564 δὲ
2739 3511 3052 3582 ὡραιότητα
3111 3515 3206 3567 καὶ
3263 3516 3460 3581 κάλλος
3521 3515 3580 3570 τὸ
3633 3517 3768 3571 αὐτὸ
3819 3534 3912 3588 ση-

697 3603 1127 3657 lncarnationem
1201 3595 1445 3664 intcllige
1492 3611 1507 3648 :
1565 3609 1684 3663 quae
1737 3595 2043 3650 incarnatio
2095 3589 2254 3665 j'uxta
2362 3599 2596 3666 μαίνειν.

693 3698 858 3749 alium
888 3709 1111 3748 sensum
1143 3691 1405 3745 dictionis
1457 3687 1677 3754 Graecae,
1725 3688 1867 3743 facta
1897 3697 1982 3743 est
2018 3690 2071 3742 in
2106 3692 2531 3758 tempestivitate
2561 3735 2574 3758 ,
2613 3695 2715 3749 hoc
2739 3707 2843 3765 est,
2915 3701 2970 3755 in
3033 3710 3280 3772 tempore
3345 3716 3671 3774 opportuno.
3745 3707 3916 3762 Dictio

693 3791 836 3845 enim
863 3789 1129 3858 ὡραιότης
1157 3793 1210 3839 et
1241 3783 1481 3854 speciem,
1512 3782 1617 3836 hoc
1645 3789 1751 3845 est,
1783 3782 2252 3852 pulchritudinem
2295 3785 2588 3856 signiﬁcat,
2624 3800 2680 3842 et
2708 3793 3235 3870 tempestivitatemJ

763 3881 832 3936 Et
862 3879 1090 3933 intende.
1129 3877 1241 3932 Hoc
1269 3883 1352 3931 est
1381 3873 1588 3943 adauge
1643 3883 1848 3928 motum
1890 3883 2052 3942 atque
2085 3872 2244 3940 impe-

2387 3899 2398 3912 -
2431 3879 2534 3931 Kal
2570 3879 2857 3935 ἕντεινον.
2897 3885 3006 3936 Καὶ
3039 3882 3306 3940 ἐπίτεινον
3324 3889 3422 3959 τὴν
3450 3890 3624 3959 ὁρμήν
3655 3905 3777 3945 σου.

692 3982 808 4024 tum
837 3979 1008 4025 tuum.
1917 4019 1939 4036 κ

765 4058 833 4112 Et
872 4071 1116 4126 prospere
1141 4053 1376 4124 procede.
1420 4050 1530 4106 lloc
1552 4057 1656 4115 est,
1686 4050 1884 4104 virtute
1916 4050 2030 4117 ipsa
2056 4049 2254 4118 perﬁce

686 4151 1056 4220 quodcunque
1079 4147 1255 4214 cupis.

766 4240 836 4294 Et
875 4254 1056 4308 regna.
1093 4237 1382 4290 Dominare
1431 4225 1708 4299 omnibus,
1763 4232 1959 4301 inquit,
2021 4232 2111 4299 qui
2159 4233 2253 4286 tibi

2429 4053 2539 4105 Καὶ
2570 4055 2920 4110 κατευοδοῦ.
2946 4058 3054 4110 Καὶ
3085 4059 3351 4128 κατόρθου
3381 4063 3488 4115 πᾶν
3517 4060 3545 4114 ὃ
3579 4061 3777 4127 θέλεις.

2430 4232 2542 4288 Kal
2594 4235 2911 4298 βασίλευε.
2964 4236 3072 4290 Καὶ
3107 4240 3324 4305 κυρῑευε
3383 4238 3489 4292 τῶν
3536 4239 3918 4310 ἐπερχομένων

695 4334 1037 4389 restiterunt.
1071 4327 1134 4382 Et
1181 4327 1309 4382 licet
1361 4325 1523 4381 verba
1584 4326 1721 4388 hmo,
1783 4324 2086 4395 imperativi
2147 4323 2244 4376 sint

2363 4340 2465 4377 σοι.
2495 4325 2555 4377 Εἰ
2590 4325 2647 4377 δὲ
2678 4327 2768 4378 καὶ
2799 4329 3173 4396 προστακτικὰ
3201 4328 3371 4382 ταῦτα
3400 4329 3562 4394 δοκεῖ,
3600 4329 3711 4383 ἀλλ’
3747 4327 3918 4391 οὕτως

686 4422 866 4483 modi,
901 4423 1009 4474 vim
1059 4429 1238 4473 tamen
1283 4417 1509 4486 optativi
1553 4415 1753 4469 habent
1800 4413 2244 4484 quemadmodum

2362 4417 2395 4485 ἡ
2425 4416 2614 4486 Γραφὴ
2645 4417 2712 4492 τᾷ
2740 4418 2965 4472 εὐκτικά
2997 4421 3340 4490 σχηματίζει.
3377 4422 3732 4491 Ἁγιασθήτω
3789 4424 3917 4492 γὰρ,

692 4515 896 4583 sacpius
948 4512 1086 4580 apud
1135 4510 1472 4578 Scripturam
1531 4508 1792 4576 repetitur
1826 4544 1840 4559 .
1895 4505 2244 4574 Santiﬁcetur,

2361 4506 2512 4574 φησὶ,
2572 4508 2634 4559 τὸ
2666 4505 2851 4573 ὄνομά
2890 4524 3028 4572 σου,
3081 4509 3298 4562 ἐλθέτω
3365 4511 3404 4577 ἡ
3446 4510 3738 4573 ,βασιλεία
3782 4529 3916 4574 σου,

694 4606 893 4675 inquit,
923 4621 1112 4657 nomen
1152 4613 1299 4654 tuum
1330 4640 1345 4665 ,
1385 4602 1644 4678 adveniat.
1670 4614 1884 4666 regnum
1928 4607 2074 4649 tuum
2100 4636 2115 4660 ,
2168 4596 2239 4662 βα

2365 4596 2667 4666 γενηθήτω
2702 4598 2768 4650 τὸ
2799 4595 3026 4666 θέλημὰ
3055 4613 3196 4666 σου,
3227 4602 3322 4655 καὶ
3350 4602 3418 4654 τὰ
3456 4602 3600 4670 ἑξῆς.

682 4697 936 4751 voluntas
978 4705 1069 4746 tua
1096 4693 1162 4756 “,
1205 4690 1348 4764 [quae
1370 4694 1530 4745 verba
1566 4705 1672 4744 non
1703 4688 1929 4760 optativi
1957 4730 1971 4754 ,
2020 4687 2116 4742 sed
2152 4688 2457 4756 imperativi
2490 4696 2618 4742 sunt
2650 4689 2817 4755 modi,
2885 4701 2946 4746 ut
3008 4707 3075 4748 ex
3161 4695 3396 4748 lectione
3437 4693 3621 4747 Cra-ca
3684 4692 3918 4747 manifeo

695 4792 928 4845 stissime
974 4794 1167 4855 patet:
1223 4793 1276 4837 et
1323 4792 1501 4835 tamen
1545 4783 1784 4850 Optantis
1831 4780 2071 4833 animum
2121 4777 2409 4848 referunt.]
2877 4806 2892 4815 -
3260 4845 3267 4849 1

763 4882 987 4947 Propter
1026 4877 1294 4930 veritatem
1324 4883 1373 4926 et
1421 4871 1874 4925 mansuetudinem
1905 4878 1951 4923 et
1971 4869 2237 4938 justitiam

2351 4868 2356 4874 ’
2437 4872 2686 4926 ’Ἕνεκεν
2723 4874 3010 4940 ἀληθείας
3035 4891 3131 4928 και
3170 4877 3499 4946 πραότητος
3551 4880 3647 4931 καὶ
3696 4878 3918 4933 δικαιο-

694 4972 888 5028 Omnia
955 4970 1091 5025 haec.
1158 4963 1353 5033 inquit,
1388 4977 1638 5032 operare,
1669 4971 1724 5017 et
1755 4963 1929 5026 vince,
1971 4961 2030 5014 ut
2077 4976 2235 5016 verax

2362 4964 2577 5030 σύνης.
2604 4966 2785 5018 Πάντα
2808 4966 2978 5018 ταῦτα
3008 4969 3369 5038 κατεργάζου,
3398 4971 3492 5022 καὶ
3513 4969 3656 5032 νίκα,
3689 4971 3765 5033 ὡς
3799 4971 3922 5039 ἁλη-

695 5062 863 5124 mitis,
886 5069 941 5114 et
973 5058 1181 5127 justus.
1222 5054 1487 5106 Omnibus
1519 5051 1660 5105 enim
1697 5051 1782 5106 his
1827 5051 2063 5120 pollebat
2109 5051 2236 5105 Chri

2363 5053 2460 5122 θὴς
2480 5055 2573 5106 καὶ
2605 5055 2802 5125 πρᾶος,
2837 5055 2931 5108 καὶ
2953 5058 3027 5120 ὡς
3084 5058 3312 5122 δίκαιος.
3361 5060 3498 5129 Φησὶ
3556 5061 3663 5130 γὰρ
3704 5063 3866 5125 αὐτὸς
3893 5063 3920 5113 ὁ

694 5163 810 5204 stus
858 5147 1172 5201 virtutibus.
1239 5142 1349 5213 Ego
1377 5145 1522 5197 enim
1577 5159 1692 5195 sum
1735 5145 1814 5196 ιτὶα
1850 5152 1897 5194 ει
1960 5143 2149 5197 “ma,
2170 5143 2244 5197 ss;

2361 5144 2560 5212 Κύριος
2590 5161 2604 5175 ο
2687 5145 2830 5214 Ἐγώ
2857 5149 2969 5214 ειμι
2993 5149 3029 5214 ἡ
3070 5150 3208 5216 ὁδὸς
3259 5151 3358 5204 καὶ
3398 5151 3703 5220 ἠάλήθεια
3734 5173 3750 5185 ·
3785 5155 3879 5207 καί
3902 5167 3919 5185 ο

695 5246 848 5307 item,
891 5239 1084 5292 Discite
1117 5253 1154 5288 α
1198 5252 1278 5288 me
1314 5234 1440 5304 quia
1473 5234 1688 5287 Immitis
1718 5233 1924 5296 sum“,
1982 5245 2032 5287 et
2075 5233 2198 5288 alibi
2243 5255 2244 5282 :

2355 5233 2583 5292 Μάθετε
2610 5237 2709 5291 ἀπ’
2739 5237 2906 5306 ἐμοῦ,
2975 5239 3064 5293 ὅτι
3133 5241 3321 5309 πρᾶος
3382 5244 3534 5310 ειμι·
3588 5245 3718 5297 καί·
3763 5244 3921 5297 οὔτω

692 5331 778 5384 Sic
832 5331 971 5384 decet
1031 5327 1319 5391 adimplere
1383 5342 1476 5380 nos
1525 5341 1729 5378 omnem
1787 5325 2049 5388 iustitiam
2074 5324 2138 5379 δ’.
2197 5323 2244 5377 Et

2359 5329 2465 5399 γὰρ
2494 5329 2724 5396 πρέπον
2756 5329 2896 5397 ἡμῖν
2927 5331 3057 5385 ἐστι
3084 5332 3397 5400 πληρῶσαι
3445 5335 3650 5390 πᾶσαν
3699 5321 3919 5391 δικαίου

691 5424 849 5478 aliter
878 5439 891 5475 :
922 5419 1046 5474 Haec
1081 5433 1202 5489 qua:
1223 5417 1370 5473 dicta
1400 5426 1525 5472 sunt
1555 5415 1738 5482 facito,
1773 5423 1830 5469 ut
1864 5418 1916 5469 in
1949 5424 2114 5480 terra,
2141 5416 2244 5469 loct

2367 5421 2587 5486 σύνην.
2621 5419 2712 5480 Ἢ.
2743 5422 2821 5473 Τὰ
2859 5423 3089 5492 ρηθέντα
3124 5424 3371 5494 ποίησον,
3411 5428 3495 5480 ἵνα
3552 5427 3920 5499 κατασπείρῃς

693 5513 985 5576 mendacii,
1037 5512 1270 5566 feritatis
1315 5518 1369 5563 cl
1413 5509 1714 5578 injustitizc,
1748 5506 2060 5571 veritatem,
2113 5521 2244 5559 man-

2361 5513 2452 5564 ὲπὶ
2480 5512 2586 5580 γῆς
2617 5511 2876 5582 ἀλήθειαν
2925 5515 3020 5566 καὶ
3068 5516 3356 5585 πραότητα
3414 5517 3506 5570 καὶ
3553 5516 3917 5586 δικαιοσύνην,

693 5606 1038 5664 suetudinem
1073 5611 1125 5659 et
1165 5602 1432 5672 justitiam
1462 5602 1716 5656 semines.

2361 5602 2479 5654 ἀντὶ
2507 5601 2756 5670 ψεύδους,
2789 5604 2882 5654 καὶ
2904 5603 3246 5676 ἀγριότητος,
3285 5609 3376 5660 καὶ
3407 5607 3634 5667 ἀδικίας.

761 5723 996 5775 "Joan.
1064 5739 1162 5776 xu.
1209 5721 1299 5776 ‘28.
1392 5721 1605 5774 "Psal.
1659 5735 1812 5783 cxm,
1879 5719 1964 5770 l5.
2052 5716 2243 5771 “Matt

2365 5733 2437 5779 vt,
2491 5719 2548 5780 9,
2603 5718 2688 5772 10.
2777 5717 2821 5749 ⁸⁵
2860 5716 3018 5773 Joan.
3077 5736 3188 5786 xw,
3242 5721 3296 5773 6.
3381 5721 3426 5751 “3
3454 5719 3640 5775 Matth.
3702 5734 3778 5786 ιι,
3832 5719 3917 5773 9.9.

683 5793 739 5832 ἐν
770 5792 967 5847 Matth.
994 5808 1071 5856 tu,
1104 5792 1188 5845 15.

1392 5721 1436 5751 ⁸³
1469 5721 1605 5774 Psal.
1659 5735 1812 5783 cxut,
1879 5719 1964 5770 l5.
2052 5716 2303 5771 “Matth.
2365 5733 2437 5779 vt,
2491 5719 2548 5780 9,
2603 5718 2688 5772 10.
2777 5717 2821 5749 ⁸⁵
2860 5716 3018 5773 Joan.
3077 5736 3188 5786 xw,
3242 5721 3296 5773 6.
