4108 6330
231 549 322 615 193

1281 579 1290 585 -
1355 538 1743 607 COMMENT.
1776 534 1858 596 1N
1893 532 2254 596 PSALMOS.

3337 525 3445 594 (94

288 665 398 718 Kal
443 663 729 732 ὁδηγήσει
776 675 851 717 σε
913 659 1265 730 θαυμαστῶς
1325 659 1365 727 ἡ
1437 654 1608 720 δεξιὰ
1644 667 1784 708 σου.

1979 647 2052 703 Et
2088 647 2308 702 deducet
2359 655 2406 701 te
2445 645 2756 701 mirabiliter
2795 636 3009 700 dextera
3042 654 3154 701 tua.
3198 646 3450 711 Dextera,

243 754 442 827 ’Δγάτῃ
478 773 539 810 σε
560 758 652 809 ἐπὶ
669 753 736 807 τά
759 751 987 805 τοιαῦτα
1019 749 1418 822 κατορθώματα
1451 750 1486 820 ἡ
1542 745 1804 818 δτξιότης,

235 848 678 909 σου,τουτέστιν,
730 844 764 914 ἡ
809 843 990 913 ἀγαθή
1051 859 1144 896 σου
1203 840 1409 908 φύσιςο
1469 839 1634 903 αὐτὸς
1679 837 1789 906 γὰρ

229 935 368 1006 αὖτῷ
401 935 681 1006 ἀρκέσεις,
706 933 931 1006 μηδενὸς
956 933 1143 1004 ἑτέρου
1168 932 1440 1003 δεόμενος.
1467 929 1789 1001 θαυμαστὸν

231 1025 278 1080 δὲ
305 1026 366 1080 τδ
404 1026 496 1096 ὑφ’
521 1024 717 1080 ἑαυτοῦ
738 1024 1057 1079 ιδτπνείσθαῑ
1078 1040 1222 1078 τινα.

296 1290 372 1345 τὰ
394 1290 555 1360 βέλη
584 1305 701 1345 σου
749 1291 1112 1360 ἠκονημένα,
1159 1287 1402 1356 δυνατὰ,
1451 1289 1592 1346 λαοὶ
1644 1291 1790 1344 ὑπο-

229 1380 378 1436 κάτω
407 1399 524 1436 σου
559 1381 889 1436 πεσοῦνται
911 1381 981 1436 ἐν
1004 1382 1218 1451 καρδίᾳ
1242 1380 1361 1436 τῶν
1409 1380 1639 1451 ἐχθρῶν
1684 1380 1790 1436 τοῦ

223 1469 544 1535 βασιλέως.
605 1469 811 1533 Πάντες
863 1470 915 1522 οἱ
971 1469 1258 1541 ἐξηγηταὶ,
1311 1470 1431 1526 καθ’
1485 1468 1789 1542 ὑπερϐατὸν

229 1559 585 1613 συντάσσουσι
611 1559 673 1611 τὸ
694 1560 878 1630 pne»,
909 1556 1020 1614 οἷον
1057 1575 1071 1590 ⁸
1145 1559 1226 1614 Τὰ
1244 1559 1405 1628 ,ϐέλη
1431 1576 1548 1614 σου
1573 1560 1792 1630 ἠκονη-

222 1650 390 1718 μένα,
417 1649 660 1712 δυνατὲ.
712 1653 783 1706 ἐν
811 1653 1018 1720 καρδίᾳ
1057 1650 1177 1706 τῶν
1212 1651 1444 1720 ἐχθρῶν
1471 1650 1578 1706 τοῦ
1605 1651 1794 1716 ,βασι-

225 1739 394 1805 λέως.
429 1770 502 1780 —--
542 1744 688 1796 Aaol
738 1744 1014 1798 ὑποκάτω
1049 1758 1168 1798 σου
1237 1742 1588 1810 πεσοῦνται,
1650 1743 1792 1798 κατά

228 1829 569 1898 ⁴καρένθτσιν.
604 1833 744 1903 Βὲλη
783 1833 840 1886 δὲ
871 1833 964 1886 τοῦ
988 1817 1246 1904 Χριστοῦ,
1301 1833 1357 1886 οι
1403 1831 1499 1886 τοῦ
1542 1833 1791 1902 Εὐαγγε-

224 1922 333 1974 λίου
357 1921 530 1990 λόγοι,
547 1923 648 1977 διά⁸
661 1940 721 1976 τε
748 1926 810 1976 τδ
837 1925 1046 1994 ταχέως
1095 1925 1415 1996 διαδραμεῖν
1474 1924 1574 1997 τὴν
1612 1927 1792 1978 οἰκου-

225 2014 414 2084 μένην,
443 2015 537 2068 xci
572 2013 663 2068 διὰ
690 2015 752 2068 τὸ
809 2017 1080 2085 εὐστόχως
1126 2016 1341 2087 βάλλειν
1381 2016 1482 2081 τάς
1531 2016 1791 2086 εὐαισθή-

223 2123 343 2168 τους
378 2105 555 2176 ψυχάς
579 2122 595 2138 ·
621 2109 943 2178 ἠκονημένα
977 2109 1055 2173 δὲ,
1087 2109 1177 2162 διὰ
1233 2109 1296 2162 τὸ
1330 2109 1582 2184 λαμπρὸν
1611 2111 1706 2163 καὶ
1729 2109 1793 2162 τὺ

224 2195 502 2266 τμητικόν.
522 2197 812 2269 Δάμπουσι
842 2198 952 2270 γὰρ
976 2199 1040 2270 τῇ
1071 2199 1324 2272 ἀληθείᾳ,
1383 2200 1480 2255 καὶ
1534 2200 1792 2270 τέμνουσι

225 2286 318 2358 τὴν
335 2288 632 2358 ἁμαρτίαν.
672 2290 910 2344 Δυνατδν
932 2290 989 2344 δὲ
1013 2290 1160 2358 λέγει
1189 2290 1282 2344 τὸν
1305 2289 1565 2362 Χριστὸν,
1603 2291 1664 2343 οὗ
1698 2291 1792 2360 μό-

225 2393 310 2430 νον
333 2377 423 2432 διά
460 2377 560 2448 τὴν
595 2379 1010 2450 παντοδύναμον
1045 2374 1209 2434 αὐτοῦ
1236 2379 1490 2452 θεότητα.
1537 2377 1794 2432 ἀλλὰκαὶ

227 2468 308 2522 διά
341 2469 403 2522 τὸ
433 2471 658 2541 νικῆσαι
688 2469 778 2524 τὸν
819 2469 1086 2537 διάϐολον,
1128 2473 1195 2543 τῇ
1226 2471 1418 2543 ἀνδρίᾳ
1440 2471 1547 2526 τῶν
1570 2470 1671 2540 τῆς
1701 2471 1794 2525 ἀν-

227 2559 568 2632 θρωπότητος
593 2562 825 2634 ἀρετῶν.
861 2561 1048 2617 ταῦτα
1075 2563 1133 2617 δὲ
1157 2561 1225 2616 τὰ
1267 2562 1419 2633 βέλη,
1451 2562 1508 2616 ὲν
1537 2564 1605 2634 τῇ
1655 2578 1792 2631 καρ-

229 2651 310 2722 δίᾳ
335 2654 622 2724 πεπήγασι
647 2655 755 2709 τῶν
787 2655 918 2724 πρὶν
953 2654 1165 2732 ἐχθρῶν
1195 2653 1293 2708 τοῦ
1333 2653 1598 2724 βασιλέως
1631 2653 1791 2715 Θεοῦ,

228 2742 298 2805 ὡς
329 2743 589 2799 δύνασθαι
609 2746 716 2817 τὴν
743 2743 974 2816 πληθὺν
999 2745 1181 2799 αὐτῶν
1216 2745 1419 2814 λέγειν,
1448 2743 1791 2814 Τετρωμένη

231 2835 427 2904 ἀγάπῃ
455 2835 571 2906 ειμι
591 2836 728 2906 ἐγώ.
759 2837 1084 2908 τρώσαντες
1113 2836 1226 2908 (57)
1255 2836 1386 2907 γὰρ,
1427 2835 1527 2889 οὐκ
1560 2835 1790 2902 ἀνεῖλον,

231 2926 357 2981 ἀλλὰ
387 2927 589 2998 μᾶλλον
621 2928 852 2997 νεκροὺς
868 2927 1029 2991 ὄντας
1051 2931 1128 2991 ei;
1160 2929 1365 3000 ἀρετὴν
1395 2927 1675 2992 ὲζώωσαν,
1699 2929 1795 2979 καὶ

230 3019 480 3090 εἵλκυσαν
515 3020 650 3089 πρὸς
681 3020 776 3074 τὸν
807 3019 951 3074 θεῖον
998 3020 1200 3090 ἔρωτα.
1251 3018 1394 3073 Λαοι
1426 3018 1482 3072 δὲ
1516 3015 1796 3073 ὑποκάτω

230 3125 342 3163 σου
381 3110 731 3174 πεσοῦνται,
795 3111 1100 3173 τουτέστιν,
1148 3108 1548 3164 ὑποπεσοῢνταί
1593 3122 1676 3162 σοι
1729 3109 1796 3163 δι’

232 3200 505 3271 ὑποταγῆς
532 3201 740 3267 πολλοὶ,
771 3201 886 3254 ὅσοι
924 3199 1126 3271 δηλαδὴ
1157 3195 1626 3271 ἐτρώθησανέῐεν
1657 3199 1703 3252 δ’
1729 3200 1796 3253 ἂν

1891 739 2087 810 inquit,
2120 747 2234 802 tua,
2262 737 2366 793 hoc
2399 745 2505 802 est,
2544 737 2686 793 bona
2708 752 2772 794 ac
2811 746 2960 793 recta
2999 749 3090 794 tua
3135 747 3326 794 natura
3359 739 3452 795 de-

1889 832 2050 886 ducet
2073 838 2125 886 te
2145 831 2209 886 ad
2246 829 2506 901 praeclara
2538 847 2553 885 :
2586 829 2705 886 haec
2746 831 3002 886 nimirum
3026 819 3239 886 virtutis
3265 844 3451 902 opera.

1890 920 1970 977 Τιι
2010 923 2153 978 enim
2203 921 2322 992 ipse
2371 921 2468 977 tibi
2511 921 2646 978 satis
2690 936 2771 988 es,
2811 929 2863 977 et
2898 921 3051 978 nullo
3102 921 3209 977 alio
3243 921 3456 992 indiges

1890 1001 2114 1068 auxilio.
2158 1013 2531 1068 Admiratione
2583 1021 2765 1069 autem
2809 1027 3022 1070 summa
3071 1013 3294 1084 dignum
3343 1007 3452 1077 est,

1889 1104 2032 1174 quod
2068 1120 2098 1158 a
2136 1118 2197 1161 se
2244 1104 2365 1174 ipso
2390 1104 2528 1174 quis'
2549 1102 2616 1158 ad
2650 1111 2854 1160 rectam
2897 1103 3161 1160 virtutum
3202 1104 3452 1160 semitam

1890 1193 2209 1249 deducatur.
2353 1256 2358 1261 I

1963 1286 2129 1342 Vens.
2163 1285 2216 1341 θ.
2244 1285 2470 1357 Sagitta
2505 1295 2612 1340 tua
2639 1295 2830 1354 acute,
2855 1303 2883 1341 ο
2915 1295 3117 1356 potens,
3157 1287 3338 1357 populi
3360 1287 3456 1342 sub

1895 1389 1944 1434 te
1983 1379 2174 1434 cadent
2222 1377 2276 1432 in
2316 1377 2473 1432 corde
2528 1378 2861 1432 inimicorum
2900 1379 3056 1447 regis.
3108 1376 3457 1448 Expositores

1892 1486 2104 1537 omnes,
2145 1485 2244 1541 per
2272 1471 2609 1542 hyperbaton
2646 1480 2975 1526 construunt
3017 1472 3304 1540 praesentis
3336 1487 3458 1528 ver-

1894 1561 2054 1618 siculi
2106 1561 2292 1622 rcrha,
2341 1561 2443 1616 hoc
2489 1569 2692 1631 pacto:
2731 1558 2955 1630 Sagittte
3017 1569 3122 1616 tua:
3173 1571 3366 1632 acute,
3427 1573 3458 1618 ο

1892 1668 2095 1723 potens,
2137 1657 2191 1709 in
2250 1656 2404 1709 corde
2440 1655 2778 1709 inimicorum
2811 1657 2946 1726 regis
2991 1648 3179 1726 inﬂate
3210 1667 3354 1712 sunt.
3397 1647 3463 1713 Et

1894 1747 2039 1816 quod
2070 1747 2186 1801 ait:
2241 1743 2438 1815 Populi
2485 1747 2654 1809 subte
2690 1746 2898 1813 cadent,
2948 1762 3048 1818 per
3092 1749 3458 1819 parcnthcsim

1890 1837 2055 1907 jacet.
2087 1837 2311 1909 Sagitta:
2344 1847 2527 1892 autem
2553 1837 2778 1903 Christi,
2831 1839 3129 1907 evangelici
3184 1847 3315 1896 sunt
3342 1856 3461 1896 ser-

1896 1944 2104 1993 mones,
2121 1929 2211 1998 qui
2233 1923 2493 1998 perqdam
2516 1928 2770 1984 celeriter
2784 1929 3100 1984 universum
3127 1930 3314 1987 orbem
3336 1948 3463 2003 per-

1893 2031 2144 2086 currunt,
2179 2029 2231 2074 et
2256 2018 2365 2074 ictu
2397 2018 2710 2075 certissimo
2751 2019 2890 2075 bene
2923 2019 3225 2076 sentientes
3251 2023 3465 2079 animas

1896 2106 2095 2161 feriunt
2128 2124 2143 2162 :
2167 2108 2261 2178 qui
2283 2119 2565 2164 sermones
2592 2109 2737 2166 acuti
2768 2109 2941 2167 etlecti
2965 2111 3383 2182 essedicuntur,
3408 2119 3467 2170 et

1895 2207 2114 2270 propter
2131 2215 2403 2256 summum
2437 2215 2628 2256 eorum
2648 2201 3014 2272 splendorem,
3045 2211 3098 2258 et
3124 2212 3349 2276 propter
3377 2205 3466 2260 in-

1893 2291 2255 2348 cidendivim.
2285 2289 2446 2346 Nitidi
2464 2293 2610 2347 enim
2637 2298 2844 2349 suntet
2876 2293 2993 2361 ipsa
3024 2290 3255 2351 veritate
3280 2295 3466 2367 splen-

1899 2384 2158 2449 descunt,
2193 2397 2256 2437 ac
2300 2383 2503 2452 pariter
2532 2382 2783 2438 incidunt
2826 2391 3070 2454 peccata.
3119 2383 3255 2441 Illud
3283 2396 3467 2444 autem

1897 2473 2580 2543 auimadverteudum_est,
2611 2473 2757 2544 quod
2791 2473 2979 2540 dictio,
3007 2473 3209 2538 Acuta,
3239 2475 3466 2545 partici-

1896 2563 2043 2633 pium
2078 2564 2353 2632 passivum
2383 2572 2470 2619 est
2504 2576 2533 2615 a
2564 2562 2731 2618 verbo
2769 2555 2916 2616 Acuo
2956 2564 3140 2628 :quod
3170 2579 3240 2620 ex
3276 2563 3466 2622 Graeca

1896 2653 2132 2707 lectione
2156 2653 2358 2708 clarius
2391 2659 2558 2724 patet.
2583 2651 2864 2726 Potentem
2886 2665 3019 2707 vero
3052 2652 3333 2709 Christum
3368 2669 3468 2723 ap-

1844 2786 1850 2790 .
1898 2743 2237 2812 pellat,'non
2291 2742 2474 2812 solum
2505 2740 2577 2796 ob
2621 2740 3052 2812 omnipotentem
3092 2741 3463 2809 divinitatem,

1897 2833 1992 2888 sed
2021 2835 2184 2888 etiam
2213 2835 2339 2903 quia
2368 2822 2705 2887 'iortitudine
2737 2846 2802 2886 ac
2851 2832 3068 2896 robore,
3115 2842 3170 2888 et
3211 2833 3468 2890 humanis

1899 2925 2194 2982 virtutibus
2223 2925 2519 2980 daemonem
2571 2926 2870 2993 superavit.
2909 2922 3004 2979 Hae
3037 2924 3204 2996 igitur
3253 2918 3471 2998 sagittt'

1899 3019 1952 3071 in
1992 3031 2180 3073 eorum
2223 3010 2389 3072 corde
2414 3013 2593 3069 tum
2623 3023 2773 3082 sunt,
2806 3015 2896 3083 qui
2937 3024 3096 3071 antea
3153 3015 3250 3071 Dei
3305 3014 3468 3089 Regts

1899 3108 2106 3180 inimici
2139 3117 2310 3173 erant,
2347 3108 2420 3162 ita
2471 3115 2531 3161 ut
2573 3121 2761 3161 eorum
2804 3105 3092 3162 multitudo
3118 3123 3263 3162 nunc
3286 3108 3472 3187 dicere

1899 3197 2256 3273 possitiquod
2281 3200 2336 3254 in
2358 3197 2601 3255 Cantieis
2621 3198 2922 3254 caticorunt
2939 3197 3193 3272 legimus]
3220 3217 3234 3254 :
3277 3183 3473 3255 Vatiae-
3515 3183 3518 3187 ’

234 3293 355 3362 βέλη
389 3291 624 3363 Χριστοῦ
676 3292 770 3347 καὶ
805 3294 854 3346 οί
895 3292 1202 3357 ἀπόστολοι,
1245 3293 1560 3362 ἠκονημένα
1608 3290 1698 3346 διά
1732 3290 1793 3344 τὸ

1899 3300 2023 3346 rata
2063 3306 2154 3361 ego
2191 3305 2307 3343 sum
2338 3307 2368 3343 a
2409 3289 2693 3363 charitate,
2732 3289 2836 3344 hoc
2879 3291 2962 3344 c'st
2995 3287 3016 3360 [
3044 3303 3073 3344 ι
3119 3291 3332 3362 sagittis
3377 3300 3472 3347 aut

230 3383 601 3455 λαμπρὸν⁴τοῦ
639 3383 778 3454 βίον,
803 3385 896 3438 καὶ
923 3384 988 3438 τὸ
1013 3383 1441 3455 παρεισδύεσθαι
1484 3386 1603 3448 ταῖς
1651 3401 1795 3456 καρ-

231 3473 364 3540 δίαις
425 3474 536 3529 τῶν
590 3475 1072 3545 μαθητευομένων,
1116 3475 1206 3529 διά
1259 3474 1360 3545 τῆς
1415 3475 1792 3540 διδασκαλίας.

231 3565 403 3636 Μέχρι
424 3565 616 3620 τούτου
645 3568 759 3630 τοίς
787 3566 888 3636 τῆς
951 3556 1368 3638 ἀνθρωπότητος
1409 3567 1504 3620 τοῦ
1560 3565 1799 3637 Χριστοῦ

231 3647 802 3729 λόγοιςξὲνδιατρίῷας,
849 3657 1056 3712 ἄνεισιν
1096 3659 1197 3728 ἥδη
1245 3656 1340 3712 καὶ
1385 3657 1478 3710 ἐπὶ
1527 3657 1651 3719 τοὺς
1701 3655 1805 3724 τῆς

232 3747 479 3820 θεότητος
497 3749 684 3803 αὐτοῦ.

1895 3400 1922 3438 a
1950 3385 2149 3454 iaculis
2175 3379 2524 3451 charitatis];
2553 3380 2864 3450 huiusmodi
2904 3392 3082 3435 autem
3124 3383 3336 3450 sagittae
3357 3382 3470 3438 ictu

1899 3485 2002 3527 suo
2057 3467 2340 3524 vulnerant
2365 3467 2605 3537 quidem,
2643 3467 2735 3523 sed
2773 3482 2879 3522 nou
2915 3467 3257 3541 interimunt,
3285 3471 3473 3541 quini-

1903 3571 2116 3612 moeos
2145 3556 2326 3626 potius
2346 3554 2438 3624 qui
2468 3554 2598 3609 olim
2639 3554 2936 3612 virtutibus
2972 3557 3174 3612 mortui
3201 3565 3360 3614 erant
3392 3557 3474 3614 vio'

1905 3650 2149 3711 vilicant,
2183 3656 2234 3700 et
2260 3645 2328 3700 ad
2355 3647 2869 3700 divinum-amorem
2896 3648 3239 3715 pertrahunt.
3276 3650 3471 3722 Sequi-

1910 3751 2003 3796 tur
2035 3757 2048 3794 :
2082 3738 2273 3809 Populi
2306 3738 2399 3792 sub
2442 3747 2490 3792 te
2522 3737 2732 3801 cadent,
2759 3737 2865 3793 hoc
2893 3745 2995 3803 est,
3040 3739 3136 3792 tibi
3175 3740 3474 3811 subiicien-

231 3848 340 3893 tur.
412 3837 687 3910 Quotquot
769 3842 1028 3898 nimirum
1108 3839 1176 3895 ab
1234 3840 1545 3911 huiusmodi
1607 3837 1864 3911 sagittis~
1904 3833 2108 3889 iuerint
2191 3831 2484 3886 vulnerati.
2563 3830 2667 3886 Per
2729 3829 2957 3899 sagittas
3030 3832 3195 3887 etiam
3273 3833 3476 3891 Christi

231 3935 498 4002 apostolos
533 3949 827 4007 possumus
848 3937 1176 4006 intelligere.
1235 3938 1328 4006 qui
1362 3935 1531 4001 acuti,
1605 3934 1709 3989 hoc
1746 3939 1852 3996 cst,
1930 3929 2162 3994 nitidati,
2222 3942 2285 3982 ac
2349 3925 2514 4009 lucidi
2575 3940 2697 3982 esse
2758 3927 3034 3992 dicuntur,
3087 3939 3308 4000 prapter
3353 3933 3476 3988 vita

231 4027 572 4096 splendorem
605 4046 624 4099 ;
663 4042 718 4086 et
748 4032 874 4100 quia
927 4033 1146 4102 propria
1205 4032 1461 4086 doctrina
1507 4029 1560 4083 in
1635 4025 2029 4097 discipulorum
2082 4018 2250 4079 corda
2317 4027 2690 4092 penetrarunt.
2781 4019 3052 4078 Hactenus
3109 4022 3177 4081 de
3271 4026 3473 4084 Christi

234 4127 572 4182 humanitate
599 4141 784 4206 sermo
815 4125 937 4193 fuit,
958 4127 1219 4198 deinceps
1248 4127 1317 4182 de
1344 4125 1491 4195 illius
1511 4123 1800 4180 divinitate
1841 4126 2159 4191 pertractat.
3523 4107 3525 4109 ’

319 4217 380 4270 'O
416 4218 630 4286 θρόνος
681 4233 818 4285 σου,
872 4223 906 4274 ό
957 4220 1120 4286 Θεὸς,
1164 4222 1252 4284 εις
1298 4219 1406 4274 τὸν
1439 4218 1643 4296 αἰῶνα
1698 4217 1805 4270 τοῦ

234 4305 472 4374 αιῶνος.
503 4309 565 4363 '0
590 4309 800 4380 θρόνος,
829 4309 1107 4382 βασιλείας
1132 4308 1208 4363 ὣν
1228 4309 1518 4380 σύμϐολον,
1553 4308 1652 4380 τὴν
1705 4307 1803 4377 βα-

236 4399 444 4454 σιλείαν
469 4401 793 4455 αἰνίττεται.
827 4403 994 4470 Λέγει
1039 4402 1123 4465 δὲ,
1167 4403 1248 4455 ὅτι
1289 4399 1352 4454 Ἥ
1395 4402 1644 4473 βασιλεία
1691 4418 1809 4465 σου,

235 4491 428 4556 ἁῖδιος.
465 4493 606 4564 Ὅρα
637 4492 715 4558 δὲ,
740 4492 888 4557 ὅπως
925 4492 1058 4547 Θεὸν
1130 4492 1382 4565 φανερῶς
1427 4493 1518 4546 τὸν
1571 4491 1808 4545 Χοιστὸν

239 4582 542 4655 ὠνόμασεν.

1979 4210 2140 4265 Vens.
2179 4209 2229 4262 7.
2260 4207 2499 4262 Throuus
2533 4217 2653 4262 tuus
2680 4211 2734 4262 in
2766 4209 3018 4262 ramulum
3049 4210 3252 4266 swculi.
3301 4211 3476 4269 Thro-

1904 4319 2008 4360 nus
2037 4311 2120 4358 est
2169 4302 2331 4372 regite
2359 4301 2640 4372 dignitatis
2672 4300 2976 4364 indiciumr
3001 4301 3146 4371 unde
3191 4317 3288 4375 per
3332 4303 3479 4358 thro-

1907 4412 2060 4461 num,
2112 4396 2308 4448 merito
2363 4407 2584 4463 regnum
2615 4390 3054 4462 signiﬁcatur,et
3098 4405 3294 4448 sensus
3339 4400 3424 4450 est
3459 4410 3475 4449 :

1906 4487 2153 4558 Regnum
2206 4497 2358 4540 tuum
2417 4491 2679 4539 aeternum
2736 4483 2864 4549 erit,
2915 4499 2979 4538 ex
3037 4483 3238 4555 quibus
3293 4483 3476 4539 verbis

1910 4576 2260 4647 apertissime
2283 4583 2454 4647 patet,
2498 4574 2641 4644 quod
2678 4573 2958 4630 Christum
3005 4567 3476 4646 Proplrcta'Deum

1848 4696 1886 4748 υ
1914 4685 2035 4725 cssc
2070 4666 2416 4723 intellexerit.

1989 4758 2146 4828 Virga
2196 4755 2526 4820 directiouis,
2581 4755 2730 4826 uirga
2764 4756 2908 4824 regni
2970 4755 3068 4810 tui.
3112 4752 3214 4809 Per
3247 4755 3478 4826 virgam.

357 4766 576 4837 Ρὰὅδος
609 4767 936 4834 εὐθύτητος
971 4768 1008 4834 ἠ
1056 4764 1433 4836 ῥάϐδος-τῆς
1490 4767 1812 4832 ,Βασιλείας

381 4844 390 4913 ξ
433 4854 867 4922 Ἐ’ρἀδος,τῆς
902 4860 1222 4922 δικαστικῆς
1247 4858 1496 4922 ἐξουσίας
1525 4857 1813 4922 σύμϐολον.
1911 4852 2116 4922 iudicis
2171 4848 2471 4905 auctoritas
2504 4862 2569 4901 ac
2601 4856 2845 4916 potestas
2887 4845 3223 4919 designatur.
3249 4843 3479 4910 Iudicis,

239 4875 390 4914 σου.
433 4854 747 4930 Ἠράσδος,
767 4857 867 4928 τῆς
902 4860 1222 4928 δικαστικῆς
1247 4858 1496 4924 ἐξουσίας
1525 4857 1813 4928 σύμϐολον.

256 4950 327 5003 Ἡ
369 4950 650 5022 δικαστική
708 4968 801 5004 σου
833 4950 947 5018 οὖν,
980 4953 1170 5022 φησιν,
1218 4951 1460 5017 ἐξουσία,
1522 4951 1795 5020 coeamus.

1921 4942 2119 5013 inquit,
2152 4947 2419 5012 potestate
2443 4947 2588 4992 recte
2619 4936 2810 4991 uteris.
2840 4933 3007 5010 ﬂecte
3047 4935 3195 4991 enim
3225 4934 3480 5004 iudicas,

242 5043 424 5107 surtu,
447 5039 620 5114 ὀρθῶς
649 5041 966 5108 δικάζουσα.
996 5043 1066 5096 Ἢ
1087 5041 1180 5095 καὶ
1217 5041 1393 5106 ἄλλως
1418 5082 1434 5107 ,
1482 5041 1680 5113 ρἀδον
1707 5042 1792 5094 νόε

1923 5047 1976 5089 et
1997 5034 2144 5103 iuste
2171 5030 2445 5102 procedis.
2480 5027 2618 5103 [Vel
2654 5026 2833 5091 aliter,
2866 5041 2963 5096 per
2991 5026 3199 5098 virgam
3227 5026 3484 5092 directio-

245 5150 348 5200 μοι
384 5129 477 5204 τὴν
501 5134 854 5204 παιδευτικὴν
885 5134 1134 5204 δύναμιν,
1162 5133 1302 5203 αὕτη
1352 5133 1468 5197 οὖν,
1527 5133 1795 5203 εὐθύτητὸ

1925 5125 2034 5192 nis,
2085 5121 2389 5194 castigandi
2423 5129 2747 5192 potestatem
2794 5117 3080 5189 intelligo:
3134 5129 3256 5186 quae
3289 5117 3489 5173 merito

242 5227 399 5287 ἐστι,
431 5223 653 5288 δικαίως
680 5223 1036 5294 μαστίζουσα.

1924 5219 1997 5270 ita
2025 5215 2345 5286 appellatur,
2382 5210 2509 5283 quia
2541 5209 2670 5266 dum
2708 5222 2907 5280 pravos
2928 5207 3072 5278 iuste
3096 5208 3344 5278 castigat,
3373 5208 3485 5263 eis-

1926 5322 2035 5378 que
2063 5303 2394 5376 supplicium
2425 5299 2610 5366 infert,
2649 5300 2852 5355 multos
2881 5295 3200 5368 huiusmodi
3226 5298 3488 5369 caemplls

1932 5401 1997 5454 ad
2025 5407 2230 5453 rectam
2261 5397 2522 5450 virtutum
2550 5391 2798 5448 semitam
2824 5386 3073 5461 dirigit.]
3210 5399 3215 5402 ‘

340 5486 695 5556 Ἦτάπησας
754 5486 1170 5555 δικαιοσύνην,
1201 5487 1298 5541 καὶ
1346 5488 1644 5557 ἐμίσησας
1682 5488 1794 5540 dra

1999 5492 2162 5545 Vens.
2194 5490 2247 5546 8.
2283 5487 2526 5543 Ditexisti
2556 5483 2830 5554 justitiam
2858 5492 2912 5535 et
2940 5479 3101 5535 odis‘i
3139 5478 3486 5550 iniquitatem.

245 5580 432 5647 μίαν.
477 5579 732 5650 Ἄνομίαν
759 5578 907 5645 λέγει
929 5579 1024 5650 τὴν
1070 5579 1306 5635 ἀδικίαν.
1359 5579 1622 5640 Ποικίλως
1660 5579 1716 5632 δὲ
1745 5579 1795 5631 τί

1931 5583 2032 5638 Per
2064 5581 2406 5651 iniquitatem
2430 5575 2752 5648 iniustitiam
2782 5563 3049 5644 intelligit.
3094 5566 3273 5627 Varlis
3305 5577 3486 5625 autem

239 5669 489 5742 ’Χριστῷ
511 5657 923 5742 ττροσραρτυοεῖ
941 5670 1040 5740 τὴν
1060 5662 1431 5742 δικαιοσὺνήν,
1472 5672 1547 5733 ὡς
1578 5670 1791 5724 ἅπαντα

1933 5661 2112 5725 modis
2143 5669 2408 5739 Propheta
2444 5665 2669 5721 Christo
2711 5659 3037 5732 iniustitiam
3073 5655 3486 5736 ascribitveluti

1610 5841 1810 5908 variae
1836 5845 2163 5908 lectiones.

330 5946 460 6020 (57)
494 5929 695 6018 Anicium
726 5950 773 6002 οι
813 5946 980 6016 λόγοι.
