4108 6330
653 429 761 495 503

1865 428 2250 494 EUTHYMII
2287 430 2644 498 ZlGABENI

3769 437 3882 502 θοι

651 539 850 610 quibus
883 530 1345 598 sollicitudinibus
1375 542 1457 596 hae
1486 541 1729 611 virgines
1761 541 2032 595 immunes
2058 545 2206 602 sunt,

2326 543 2462 608 Ιενος
2502 546 2899 617 ἀπαλλαγεῖσα,
2972 549 3068 604 καὶ
3126 548 3261 620 πρὸς
3313 548 3474 619 μόνον
3531 548 3623 601 τὸν
3679 550 3882 618 νοητὸν

654 647 777 686 cum
812 631 880 687 ad
912 632 1130 688 unicum
1156 643 1212 688 et
1239 632 1518 688 ealestem
1552 631 1826 702 Sponsum
1855 631 2034 687 solum
2080 643 2208 699 spe-

656 732 886 786 ctantes.
919 723 1276 793 spiritualiter
1301 722 1665 786 oblectentur,

724 813 993 868 Ducentur
1043 815 1100 869 in
1139 816 1388 886 templum
1438 816 1613 886 Regis.
1645 815 1741 870 Vel
1773 815 1901 884 quia
1934 813 2207 886 virginum

655 903 878 963 ordines
916 908 968 960 in
999 905 1250 962 Ecclesia
1289 915 1602 962 statuantur
1631 925 1645 961 :
1674 907 1760 961 vel
1786 920 1883 975 per
1919 905 2208 974 templum,

582 1022 597 1028 -
653 999 931 1054 cmlestem
963 1000 1164 1070 regiam
1184 1000 1452 1070 intelligit,
1484 1000 1551 1053 ad
1581 1013 1742 1069 quam
1774 997 2015 1068 virgines
2035 997 2210 1053 addu-

653 1096 846 1144 centur
878 1089 947 1144 ab
977 1090 1204 1159 angelis.

726 1266 891 1323 Vna.
922 1267 1008 1321 l7.
1037 1268 1146 1322 Pro
1189 1269 1427 1335 patribus
1458 1268 1560 1320 tuis
1617 1269 1730 1320 nati
1775 1274 1896 1320 sunt
1939 1266 2032 1320 tibi
2088 1265 2208 1334 ﬁlii.

657 1356 785 1412 Haec
807 1358 872 1411 ad
900 1357 1197 1412 Ecclesiam
1229 1357 1466 1412 ﬁdelium
1508 1357 1655 1412 dicta
1688 1361 1818 1411 sunt
1854 1370 2054 1424 :quam
2084 1355 2209 1424 quia

657 1449 893 1517 iusserat
931 1448 1208 1518 Propheta
1232 1460 1267 1500 a
1309 1448 1487 1516 patria
1536 1446 1701 1501 domo
1736 1445 2044 1510 discedere,
2080 1459 2213 1498 con-

658 1538 862 1592 solatur
895 1553 1042 1593 nunc
1071 1537 1281 1602 dicens,
1315 1537 1456 1605 quod
1492 1536 1584 1589 lilii
1619 1535 1762 1604 ejus,
1817 1534 1999 1588 ﬁdeles
2055 1532 2213 1588 nimi-

659 1645 804 1692 rum,
838 1631 930 1698 qui
953 1644 1062 1700 .per
1090 1626 1426 1699 baptismum
1460 1626 1816 1698 regenerandi
1847 1634 2026 1691 erant,
2080 1639 2212 1680 nas-

657 1731 848 1776 centur
912 1721 1034 1776 loco
1102 1729 1390 1791 parentum
1467 1717 1624 1789 ejus,
1694 1727 1859 1787 atque
1918 1717 1971 1770 in
2023 1729 2213 1770 eorum

657 1811 1000 1868 sulﬁcientur
1031 1811 1396 1880 dignitatem;
1433 1808 1792 1878 episcopique
1841 1821 1904 1861 ac
1955 1803 2211 1860 custodes

661 1901 967 1964 hominum.
1016 1910 1072 1956 et
1100 1879 1492 1955 iEcelesiarum
1531 1897 1793 1968 praesides
1844 1897 1898 1951 in
1940 1904 2057 1950 toto
2087 1895 2219 1949 orbe
2251 1879 2292 1932 Β

660 1992 1062 2048 constituentur
1092 2009 1106 2044 :
1143 1990 1291 2060 quod
1348 1991 1404 2045 in
1456 1987 1818 2058 sequentibus
1846 1988 2009 2042 etiam
2047 1986 2218 2055 magis

659 2081 891 2149 expticat
918 2080 1106 2136 dicens
1134 2097 1148 2133 :
1194 2149 1199 2154 θ

730 2171 1027 2224 Constitues
1056 2187 1143 2224 eos
1167 2172 1426 2238 principes
1457 2184 1610 2235 super
1656 2185 1860 2224 onmem
1884 2177 2104 2220 terram.
2135 2164 2217 2219 Ad

663 2259 944 2313 Christum
991 2274 1300 2314 sermonem
1364 2261 1550 2321 habet,
1603 2259 1762 2326 cujus
1822 2265 2077 2327 parentes
2122 2268 2218 2310 seu

610 2349 623 2409 Ϊ
663 2359 847 2416 patres
881 2363 945 2405 ex
972 2359 1217 2404 materno
1247 2365 1468 2418 genere,
1497 2350 1767 2403 Abraham
1799 2346 1921 2410 fuit,
1947 2362 2010 2401 ac
2039 2344 2220 2400 caeteri

663 2439 991 2507 patriarchae
1017 2448 1070 2494 et
1100 2440 1381 2510 prophetae
1402 2456 1418 2506 ;
1441 2439 1535 2493 ﬁlii
1563 2453 1692 2493 vero
1717 2437 1947 2506 apostoli
1976 2435 2139 2505 ,quod
2165 2435 2219 2488 in

662 2533 981 2601 dignitatem
1015 2539 1304 2602 parentum
1353 2530 1560 2586 Christi
1593 2527 1810 2583 suﬁ‘ecti
1841 2535 2009 2591 sunt;
2043 2524 2218 2578 cﬁ‘ecti

663 2623 921 2676 nimirum
940 2631 994 2678 et
1020 2622 1123 2692 ipsi
1148 2622 1496 2692 patriarchae,
1519 2636 1582 2675 ac
1603 2621 1961 2689 plurimarum
1979 2615 2220 2686 gentium

662 2723 869 2781 patres,
897 2729 1036 2782 quos
1063 2729 1163 2782 per
1201 2714 1535 2782 baptismum
1591 2712 1695 2766 sibi
1744 2717 2055 2779 genuerunt
2082 2727 2097 2763 :
2126 2707 2220 2777 qui

652 2801 830 2857 etiam
861 2803 1005 2873 digni
1039 2803 1204 2856 habiti
1229 2812 1376 2866 sunt,
1408 2811 1467 2855 ut
1499 2802 1726 2869 spiritus
1757 2802 1986 2870 gratiam
2014 2800 2225 2869 recipe-

667 2900 816 2959 rent,
851 2901 1022 2961 utque
1048 2893 1212 2946 veluti
1244 2893 1428 2948 eximii
1454 2891 1677 2960 quidam
1713 2894 1880 2945 duces
1917 2891 1970 2943 in
2003 2889 2228 2942 univer-

672 2994 791 3032 sum
817 2979 1000 3033 orbem
1044 2988 1312 3034 terrarum
1367 2979 1740 3033 mitterentur.
1799 2976 2000 3032 Euntas
2057 2977 2223 3040 enim,

669 3071 868 3139 inquit,
909 3070 1090 3124 docete
1130 3087 1309 3124 omnes
1362 3081 1535 3139 gentes
1563 3071 1646 3136 ”;
1701 3085 1803 3125 nec
1853 3067 2226 3123 tantummodo

2315 637 2495 709 ὁρῶσα
2540 641 2792 710 νυμφίον,
2853 642 3030 711 χαίρει
3084 640 3488 711 πνευματικῶς.

2398 819 2788 888 Ἇχθήσονται
2847 821 2934 884 εἰς
2977 817 3130 872 ναὸν
3158 814 3483 881 βασιλέως.
3531 813 3602 866 Ἦ
3652 812 3735 866 ὅτι
3779 813 3884 865 καὶ

2319 909 2604 980 παρθένων
2622 911 2877 979 τάγματα
2909 907 2991 979 τῷ
3012 907 3200 978 κλήρῳ
3220 907 3321 976 τῆς
3360 905 3693 976 Ἐκκλησίας
3728 905 3888 985 ,ἀφο-

2323 1004 2637 1075 ρισθήσεται
2672 1019 2686 1033 ⁸
2745 1002 2778 1072 ἢ
2830 1002 2979 1066 ναὸν,
3041 1000 3136 1053 τὸν
3200 997 3545 1068 ἐπουράνιον,
3594 996 3787 1050 καὶτὰ
3822 997 3888 1049 ἑν

2318 1095 2536 1165 οὐρανῷ
2564 1093 2831 1163 βασίλεια,
2865 1093 2945 1155 είς
2975 1090 3011 1146 ἃ
3053 1089 3205 1161 παρά
3247 1088 3356 1142 τῶν
3418 1086 3664 1156 ἀγγέλων
3708 1087 3890 1156 άχθήσ

2322 1203 2526 1240 σονται.

2401 1276 2549 1330 Ἀντί
2581 1274 2698 1330 τῶν
2727 1275 2996 1341 πατέρων
3027 1288 3144 1327 σου
3187 1269 3601 1340 ἐγεννήθησαν
3659 1268 3713 1320 ol
3765 1265 3897 1320 τίοι

2320 1383 2458 1421 σου.
2494 1365 2668 1420 Τοῦτο
2699 1365 2835 1435 πρὸς
2869 1364 2967 1433 τὴν
3003 1362 3326 1430 συναγωγὴν
3376 1360 3488 1412 τῶν
3557 1359 3763 1412 πιστῶν
3816 1357 3898 1408 st-

2321 1475 2491 1528 ρηκεν
2522 1471 2536 1484 °
2569 1455 2760 1525 ἐπειδὴ
2794 1454 2902 1524 γὰρ
2931 1452 3216 1506 ἐκέλευσεν
3255 1451 3426 1519 αὐτὴν
3464 1448 3765 1518 ἀποστῆναι
3787 1444 3893 1499 τοῦ

2321 1546 2576 1618 πατρῴου
2644 1546 2821 1610 οῐκου,
2850 1542 3259 1611 παραμυθεῖται
3312 1539 3540 1610 ταύτην,
3585 1541 3668 1592 ὅτι
3715 1537 3895 1589 τέκνα

2320 1641 2512 1708 αὐτῆς,
2540 1639 2708 1708 ήγουν
2764 1638 2814 1689 οἱ
2852 1635 3259 1697 πιστεύσαντες
3284 1634 3379 1687 καὶ
3423 1627 3897 1698 άναγεννηθέντες

2321 1732 2409 1786 διὰ
2431 1730 2522 1784 τοῦ
2548 1729 2940 1800 βαπτίσματος,
2973 1710 3292 1795 γενήσονται
3331 1725 3450 1778 ἀντὶ
3491 1723 3598 1776 τῶν
3635 1720 3896 1789 πατέρων

2323 1825 2513 1893 αὐτῆς,
2545 1824 2668 1876 ὅσον
2688 1823 2772 1882 ,είς
2800 1819 3137 1889 προστασίαν
3171 1835 3184 1847 ·
3227 1816 3570 1884 κατέστησαν
3607 1813 3714 1882 γὰρ
3761 1810 3896 1864 ἐπιί-

2323 1931 2511 1967 σκοποι
2552 1913 2646 1965 καὶ
2685 1911 2985 1980 προστάται
3033 1907 3144 1960 τῶν
3201 1908 3344 1959 κατὰ
3395 1907 3592 1966 τόπους
3658 1901 3899 1970 Ἐκιιληο

2323 2005 2474 2068 σιῶν,
2503 2003 2531 2056 ὃ
2559 2005 2653 2057 καὶ
2683 2002 2771 2055 διὰ
2794 2001 2901 2055 τῶν
2928 2000 3054 2070 ἑξῆς
3077 1999 3368 2069 ἐδήλωσεν.
3395 1994 3566 2049 εἰπών
3585 2007 3600 2022 ⁶

2393 2179 3010 2246 Καταστήσειαῠτοὺς
3038 2179 3336 2247 ἄρχοντας
3377 2176 3475 2230 ἐπὶ
3519 2173 3726 2230 πᾶσαν
3766 2169 3896 2238 τὴν·

2322 2274 2460 2342 γῆν.
2489 2274 2559 2326 Ἦ
2595 2275 2688 2326 καὶ
2718 2273 2854 2342 πρὸς
2879 2271 2968 2322 τὸν
3005 2254 3245 2338 Χριστὸν
3271 2269 3298 2320 ὁ
3332 2268 3510 2334 λόγος,
3561 2263 3620 2321 οὗ
3651 2263 3898 2332 πατέρες

2326 2367 2445 2436 μὲν,
2487 2366 2610 2418 ὅσον
2647 2364 2756 2416 άπὸ
2792 2362 2892 2431 τῆς
2924 2360 3128 2430 μητρὸς
3159 2357 3348 2421 αὑτοῦ,
3393 2357 3648 2426 Ἀϐραάμ
3684 2355 3777 2408 καὶ
3837 2353 3894 2404 oi

2322 2458 2500 2511 λοιποὶ
2539 2454 2874 2524 πατριάρχαι
2905 2453 3000 2505 καὶ
3021 2450 3300 2521 προφῆται
3328 2461 3342 2477 ’
3371 2447 3479 2499 υἱοὶ
3511 2446 3590 2509 δὲ,
3637 2446 3686 2495 oi
3745 2442 3896 2495 ἀπό-

2326 2549 2525 2609 στολοι,
2555 2546 2750 2608 οἵτινες
2776 2543 3119 2610 ἐπανὲὁησαν
3145 2543 3224 2602 είς
3253 2541 3314 2593 τὸ
3347 2538 3562 2606 ἀξίωμα
3583 2535 3690 2589 τῶν
3722 2532 3901 2588 πατὲο

2328 2656 2433 2708 ρων
2464 2636 2652 2699 αὑτοῦ,
2692 2632 3023 2702 πατριάρχαι
3049 2649 3107 2683 τε
3142 2631 3444 2701 γενόμενοι,
3485 2631 3544 2682 ὲν
3591 2627 3668 2697 τῷ
3693 2624 3900 2694 γεννῆο

2326 2747 2416 2782 σαι
2454 2728 2543 2780 διὰ
2564 2727 2658 2780 τοῦ
2691 2725 3066 2795 βαπτίσματος
3095 2724 3274 2776 πάντα
3295 2722 3364 2774 τὰ
3401 2723 3551 2790 ἔθνη,
3575 2721 3672 2775 καὶ
3718 2718 3900 2782 ἀξιω-

2326 2819 2508 2882 Θὲντες
2565 2817 2658 2870 τοῦ
2707 2813 3083 2884 πνευματικοῦ
3137 2814 3494 2883 χαρίσματος.
3581 2811 3741 2863 Ἀλλὰ
3789 2808 3901 2861 καὶ

2327 2907 2713 2974 ἀπεστάλησαν
2739 2903 2997 2971 ἄρχοντες
3027 2903 3157 2970 παρ’
3219 2901 3384 2954 αὐτοῦ
3438 2902 3519 2962 είς
3568 2901 3748 2951 πᾶσαν
3783 2897 3898 2966 τὴν

2327 2999 2450 3065 γῆν.
2479 2991 2878 3061 Πορευθέντες
2902 2992 3032 3060 γὰρ.
3065 2993 3221 3059 φησὶ,
3249 2990 3662 3059 μαθητεύσατε
3694 2986 3900 3038 πάντα

2327 3087 2400 3140 τὰ
2447 3087 2616 3152 ἔθνη.
2659 3085 2733 3137 Οὐ
2796 3083 2954 3153 μόνον
3008 3082 3065 3134 δὲ
3123 3080 3326 3144 ζῶντες
3363 3076 3556 3151 ἦρξαν,
3610 3077 3746 3131 ἀλλὰ
3791 3076 3902 3128 καὶ

667 3160 796 3212 dum
817 3161 1061 3213 viverent
1115 3160 1483 3229 principatum
1524 3160 1671 3214 hunc
1722 3159 2089 3223 retinuerunt,
2130 3158 2224 3213 sed

2336 3177 2474 3249 μετὰ
2525 3176 2756 3229 θάνατον
2787 3189 2802 3204 ⁸
2856 3175 3054 3235 πάντες
3118 3173 3226 3242 γὰρ
3275 3173 3324 3223 οἱ
3376 3172 3577 3236 πιστοὶ,
3611 3165 3899 3236 πανταχοῦ

665 3252 827 3305 etiam
846 3260 966 3319 post
989 3260 1240 3308 mortem.
1273 3250 1470 3305 Eorum
1497 3253 1638 3306 enim
1667 3251 1951 3320 praeceptis
1978 3265 2040 3304 ac
2065 3249 2232 3305 moni-

667 3342 764 3404 tis,
789 3340 990 3410 ubique
1023 3341 1263 3411 gentium
1295 3340 1484 3396 ﬁdeles
1515 3340 1920 3410 obtemperant,
1952 3346 2116 3408 atque
2157 3338 2226 3392 ab

670 3431 753 3486 eis
835 3430 1169 3502 diriguntur.
1225 3430 1532 3486 Ostendant
1587 3430 1771 3499 itaque
1833 3427 2049 3494 Judaei,
2099 3428 2226 3494 qui-

668 3537 796 3576 nam
859 3536 1048 3577 eorum
1120 3521 1214 3576 ﬁlii
1283 3522 1674 3590 imperaverint
1750 3518 2047 3589 aliquando
2127 3517 2227 3573 toti

672 3622 831 3668 terra
869 3629 884 3667 :
919 3624 1041 3666 cum
1071 3612 1171 3682 ipsi
1205 3612 1388 3682 potius
1421 3613 1678 3667 universo
1736 3626 1882 3683 nunc
1934 3611 2055 3666 orbi
2108 3626 2228 3665 ser-

673 3705 844 3758 viant.

743 3792 910 3851 Vens.
941 3795 1028 3851 18.
1057 3794 1258 3850 Memor
1277 3811 1364 3848 ero
1393 3796 1616 3849 nominis
1647 3797 1722 3848 tui
1759 3796 1812 3848 in
1843 3797 1984 3848 omni
2008 3811 2225 3864 genera-

675 3886 815 3951 tione
843 3895 893 3940 et
927 3887 1283 3956 generatione.
1315 3886 1428 3940 Hoc
1463 3899 1528 3940 ex
1564 3899 1798 3955 persona
1837 3883 2094 3938 Ecclesiae
2147 3883 2230 3937 di-

671 3987 822 4033 ctum
875 3984 979 4038 est,
1027 3986 1314 4046 postquam
1366 3983 1477 4046 tam
1532 3977 1806 4044 praeclaris
1863 3974 2025 4030 donis
2067 3975 2228 4043 digna

675 4074 760 4121 est
823 4065 1026 4119 habita.
1095 4063 1366 4135 Repetitio
1446 4071 1628 4118 autem
1695 4064 1786 4118 illa
1843 4063 2231 4136 generationis.

608 4159 619 4170 "
676 4162 992 4233 perpetuam
1029 4155 1237 4225 prolem
1271 4170 1336 4210 ac
1392 4154 1799 4209 successionem
1844 4153 2148 4222 signiﬁcat;
2179 4161 2232 4207 et

2331 3270 2441 3328 τοῖς
2468 3267 2650 3336 νόμοις
2684 3265 2861 3320 αὐτῶν
2889 3265 2984 3317 καὶ
3019 3265 3140 3326 ταῖς
3161 3261 3561 3332 παραγγελίαις
3588 3260 3898 3323 πείθονται,

2331 3361 2423 3412 καὶ
2476 3359 2764 3411 ίθύνονται.
2815 3341 3157 3421 Δειξάτωσαν
3207 3353 3300 3409 οὖν
3347 3356 3397 3408 οἱ
3455 3352 3715 3414 Ἰουδαῖοι,
3744 3351 3901 3414 τινας

2330 3449 2434 3502 υἱοὶ
2462 3447 2642 3501 αὐτῶν
2685 3443 2857 3517 ἦρξαν
2885 3445 3067 3514 πάσης
3099 3445 3199 3514 τῆς
3256 3447 3397 3514 γῆς·
3454 3441 3565 3512 (64)
3607 3441 3640 3510 ἢ
3689 3438 3901 3510 μᾶλλον

2330 3541 2478 3608 πάσῃ
2505 3540 2569 3606 τῇ
2600 3539 2669 3607 γῇ
2699 3535 3026 3590 δουλεύουσι.

2399 3798 2833 3868 Μνησθήσομαι
2866 3794 2972 3849 τοῦ
3011 3793 3306 3863 ὀνόματός
3347 3805 3466 3868 σου
3494 3790 3564 3844 ἐν
3598 3790 3762 3856 πάσῃ
3790 3806 3900 3859 τε-

2330 3890 2439 3958 νεᾷ
2459 3866 2557 3945 καί
2590 3887 2785 3959 τεν-σᾷ.
2827 3886 2999 3939 Τοῦτο
3019 3888 3052 3955 ὴ
3097 3883 3418 3954 Ἐκκλησία,
3452 3866 3606 3953 ἐρησὶ,
3635 3881 3904 3933 τοιούτων

2333 3982 2660 4045 ἀξιωθεῖσα·
2704 3980 2738 4050 ἠ
2783 3978 3148 4038 άναδίπλωσις
3188 3974 3245 4028 δὲ
3279 3975 3378 4041 τῆς
3422 3974 3638 4042 γενεᾶς,
3673 3971 3772 4041 τὴν
3809 3972 3903 4034 είς

2333 4073 2420 4128 ἀεὶ¹
2469 4069 2722 4141 διαδοχὴν
2751 4069 3047 4138 σημαίνει.
3089 4066 3201 4120 Καὶ⁵
3249 4064 3357 4134 μὴν
3390 4063 3482 4116 καὶ
3524 4063 3901 4132 μιμνήσκεται

2332 4165 2420 4217 ἀεὶ
2439 4162 2534 4216 τοῦ
2563 4161 2804 4232 Χριστοῦ
2826 4177 2839 4190 ·
2864 4157 2976 4231 (65)
3000 4159 3122 4212 ἐπεὶ
3149 4157 3246 4211 καὶ
3269 4155 3366 4210 ἀπ’
3381 4153 3571 4218 αὑτοῦ,
3591 4152 3902 4224 Χριστιανὶι

677 4261 810 4300 sane
870 4260 1083 4316 semper
1135 4243 1342 4300 Christi
1377 4258 1587 4316 memor
1619 4241 1719 4299 luit
1762 4241 2026 4308 Ecclesia,
2077 4243 2235 4313 cujus
2337 4253 2620 4322 κέκληται,

678 4344 896 4399 nomine
931 4341 1190 4412 insignita
1225 4341 1429 4396 mirum
1462 4340 1519 4394 in
1547 4339 1767 4394 modum
1797 4339 2087 4407 gloriatur.

757 4433 1047 4501 Propterea
1090 4433 1268 4502 populi
1316 4430 1702 4498 confitebuntur
1727 4429 1823 4482 tibi
1868 4430 1922 4481 in
1959 4429 2232 4482 sarculum.

2405 4432 2507 4486 Διὰ
2539 4428 3288 4512 τοῦτοΙᾶξομολοτήσονται
3307 4442 3405 4482 σοι
3435 4429 3522 4492 είς
3552 4427 3659 4480 τὸν
3684 4423 3895 4480 aliIn-ts.

681 4526 951 4592 Quoniam
985 4501 1136 4579 tanta
1192 4525 1248 4579 in
1282 4538 1367 4578 me
1417 4521 1756 4592 providentia
1795 4535 1858 4574 ac
1894 4519 2077 4574 studio
2104 4535 2228 4574 usus

2337 4524 2503 4577 Διότι·
2538 4504 2808 4590 τοσαύτης
2871 4536 2939 4589 με
2995 4517 3338 4588 προμηθείας
3392 4515 3653 4583 ἠξίωσας,
3711 4515 3898 4586 πλήθη

678 4633 764 4684 es,
805 4614 1045 4670 ﬁdelium
1079 4614 1264 4684 populi
1308 4614 1437 4666 dum
1471 4612 1650 4667 vivent
1681 4611 1886 4682 gratias
1926 4608 2022 4663 tibi
2078 4618 2228 4680 agent

2336 4615 2544 4668 πιστῶν
2573 4610 3027 4684 εὐχαριστήσουσί
3085 4625 3190 4675 σοι,
3235 4608 3366 4677 παρ’
3392 4607 3516 4661 ὅλον,
3559 4607 3652 4664 νδν
3685 4606 3901 4678 ἀνθρὼ-

683 4709 1022 4760 innumeras.

752 4794 819 4848 Et
855 4796 911 4845 in
941 4793 1191 4847 stet-utam
1229 4779 1430 4848 saeculi.
1466 4791 1582 4846 Non
1615 4792 1667 4846 in
1726 4790 1978 4861 praesenti
2028 4798 2234 4844 tantum

681 4881 904 4945 saeculo,
951 4879 1044 4936 sed
1093 4881 1259 4935 etiam
1305 4881 1360 4934 in
1397 4880 1602 4947 futuro,
1642 4880 1789 4949 quod
1831 4878 2090 4934 saeulum
2136 4893 2236 4931 ειε-

686 4972 795 5026 culi
820 4971 1042 5034 dicitur,
1077 4971 1234 5040 quasi
1251 4961 1504 5025 ~nobilius
1525 4973 1597 5024 sit
1631 4979 1685 5024 et
1715 4969 1864 5023 nullo
1890 4968 1994 5023 ﬁne
2018 4970 2240 5023 conclu-

686 5061 872 5113 datur.

911 5149 978 5203 In
1007 5121 1160 5218 ﬁnem
1196 5166 1291 5219 pro
1319 5151 1447 5219 ﬁliis
1484 5148 1625 5205 Core
1640 5168 1734 5219 pro
1770 5153 2011 5206 occultis.

1203 5323 1527 5380 PSALMUS
1581 5324 1741 5378 XLV.
2139 5387 2151 5401 ο

753 5415 821 5471 In
851 5417 1005 5484 ﬁnem
1035 5416 1250 5486 quidem
1276 5417 1479 5471 dictum
1514 5427 1618 5482 est,
1644 5418 1771 5487 quia
1802 5418 2096 5487 prophetia:
2118 5432 2236 5488 quae

673 5521 675 5524 ’
761 5533 810 5565 ⁵⁸
841 5531 1032 5585 Matth.
1066 5547 1256 5598 xxvm,
1294 5532 1380 5586 l8.
1469 5581 1478 5595 η

2336 4721 2489 4757 πινον
2517 4703 2650 4773 βίον,

2403 4795 2512 4849 Kal
2567 4796 2655 4858 εις
2712 4793 2820 4848 τὸν
2849 4793 3036 4846 αιῶνα
3110 4790 3216 4844 τοῦ
3264 4789 3502 4855 αἰῶνος.
3542 4788 3654 4843 Καὶ
3683 4789 3782 4842 οὐκ
3813 4789 3900 4851 είς

2336 4884 2426 4936 τὸν
2463 4881 2559 4936 τοῦ
2589 4883 2862 4953 παρόντος
2886 4883 3093 4951 κόσμου
3117 4880 3298 4950 αἰῶνα,
3323 4881 3506 4950 μόνον,
3531 4879 3666 4933 me
3693 4878 3785 4931 καὶ
3814 4877 3899 4939 είς

2342 4977 2433 5029 τὸν
2461 4975 2554 5028 τοῦ
2589 4975 2914 5045 μέλλοντος·
2950 4967 3102 5035 οὗτος
3135 4973 3240 5042 γάρ
3291 4973 3485 5032 αἰῶνος
3527 4967 3681 5032 αἰὼν,
3709 4967 3784 5030 ὡς
3815 4984 3902 5021 τι-

2346 5065 2614 5135 μιώτερον
2641 5065 2738 5118 καὶ
2757 5063 3084 5129 ἀπέραντον.

2341 5159 2444 5220 Εἰς
2495 5156 2562 5210 τὸ
2609 5154 2783 5220 τέλος
2812 5154 2963 5224 ὑπὲρ
3005 5155 3124 5208 τῶν
3163 5153 3310 5209 υἱῶν
3349 5151 3519 5220 Κορὲ,
3574 5151 3723 5220 ὑπὲρ
3776 5151 3900 5206 τῶν

2965 5244 3251 5313 κρυφίων.

2893 5334 3183 5389 ΨΑΛΜΟΣ
3221 5332 3352 5388 ΜΕ¹.

2416 5422 2517 5488 Εἰς
2564 5426 2628 5479 τὸ
2680 5423 2854 5491 τέλος
2911 5426 3031 5495 μὲν,
3073 5425 3155 5478 ὅτι
3191 5424 3329 5494 πρὸς
3357 5423 3510 5486 τέλος
3533 5420 3728 5491 ὁρῶσιν
3754 5422 3812 5474 αἱ
3838 5420 3899 5477 lt

2023 5624 2220 5685 Varias
2263 5624 2587 5696 lectiones.

755 5717 869 5790 (et)
899 5720 999 5790 Ἷσ.
1025 5721 1094 5774 οι.

757 5789 869 5856 (65)
902 5789 984 5844 ΔΙ.
1050 5790 1200 5842 Ἐπεὶ
1250 5790 1341 5842 καὶ
1394 5789 1486 5844 ἀπ’
1526 5789 1689 5844 αὐτοῦ
1725 5792 2039 5860 Χριστιανοὶ
2085 5793 2395 5860 κέκληνται.
