4108 6330
233 430 370 494 505.

1386 429 1775 491 conamur.
1809 429 1892 492 ιιι
1934 384 2298 494 PsALMos.
2358 498 2369 523 ι

3345 427 3451 493 505

226 544 404 612 τούτῳ
457 543 818 616 προφητεῖαιο
876 541 1238 614 προαγορεύει
1275 541 1333 596 δὲ
1363 545 1464 607 τὰς
1511 545 1655 598 κατὰ
1692 545 1792 614 τῆς

1902 545 1984 600 hic
2017 550 2372 602 continentur
2402 545 2468 601 ad
2505 545 2668 601 ﬁnem
2715 546 3028 602 tendebant.
3064 543 3322 600 Prtedicit
3351 559 3454 600 au-

240 637 576 705 Ἐκκλησίας
606 639 665 690 ἑν
694 637 840 708 ἀρχῇ
868 636 962 689 τοῦ
994 635 1354 705 κηρύγματος
1388 636 1791 698 ἐπαναστάσεις

227 725 339 778 τῶν
365 727 671 796 τυράννων,
720 727 814 780 καὶ
850 725 948 798 τὴν
978 726 1183 794 ταύτης
1211 726 1509 798 ὑπομονὴν,
1554 728 1647 779 καὶ
1691 724 1790 796 τὴν

229 817 434 890 ἑφεξῆς
495 821 738 889 εἰρήνην.
802 818 894 870 Διὸ
956 818 1049 872 καὶ
1111 817 1252 889 μετὰ
1301 818 1394 872 τὸν
1447 817 1791 888 προλαϐόντα

228 909 457 973 δικαίως
515 911 816 962 τέτακταιο
867 911 1074 973 ἐκεῖνος
1132 911 1234 978 μὲν
1271 910 1403 980 γὰρ,
1444 910 1546 980 τὴν
1598 909 1791 979 κλῆσιν

231 1000 406 1069 αὐτῆς
449 1001 697 1071 περιέχει
719 1017 734 1031 ο
768 993 922 1062 οὗτος
955 1001 1034 1064 δὲ,
1057 1002 1125 1053 τὰ
1155 1001 1292 1069 μετὰ
1311 1000 1410 1071 τὴν
1438 1002 1654 1070 κλῆσιν.
1690 1000 1790 1053 Ἕν

229 1106 343 1144 τισι
373 1092 431 1146 δὲ
475 1092 585 1146 τῶν
639 1090 884 1160 ἀρχαίων
910 1092 1278 1160 ἀντιγράφων,
1318 1092 1415 1161 οὐχ
1458 1089 1639 1160 ⁴Υπὲρ
1672 1091 1792 1145 τῶν

228 1181 380 1236 υίῶν
411 1183 582 1250 Κορὲ,
643 1181 780 1236 ἀλλὰ
816 1181 948 1247 Τοῖς
975 1183 1127 1248 υἱοῖς
1157 1181 1325 1249 Κορὲ,
1384 1183 1788 1252 ιπεγέγραπτο.

229 1275 342 1327 Καὶ
363 1275 545 1344 δῆλον.
575 1273 652 1337 ὡς
679 1273 817 1346 λήθῃ
848 1274 1007 1328 τοῦτο
1045 1274 1138 1328 τοῦ
1165 1276 1286 1328 κατ’
1317 1274 1492 1345 ἀρχὰς
1515 1275 1794 1345 μεταγρά-

225 1364 450 1434 ψαντος,
478 1366 584 1432 ἀφ’
615 1360 678 1419 οὗ
705 1382 849 1428 τινος
882 1365 1092 1436 διεδόθη
1136 1366 1388 1436 καὶπρὸς
1419 1367 1546 1430 τοὺς
1574 1368 1786 1430 ἄλλους.

225 1455 520 1524 Δυνάμεθα
543 1456 602 1509 δὲ
629 1457 724 1508 καὶ
749 1454 924 1517 οὕτως
948 1456 1280 1526 ἑρμηνεῦσαι
1309 1456 1408 1526 τὴν
1455 1457 1788 1528 ἐπιγραφὴν,

225 1546 334 1616 τὴν
365 1547 519 1616 ὑπὲρ
549 1547 805 1618 πρόθεσιν
839 1549 958 1602 ἀντὶ
981 1548 1078 1617 τῆς
1106 1547 1206 1601 διά
1233 1549 1622 1617 λαμϐάνοντες’
1657 1545 1789 1615 οἷον,

226 1637 334 1690 Διὰ
373 1637 493 1691 τῶν
513 1637 659 1691 υίῶν
691 1637 862 1707 Κορέ.
905 1637 1178 1707 Ἐπονήθη
1214 1638 1312 1708 μὲν
1352 1639 1461 1708 γὰρ
1487 1638 1564 1709 τῷ
1605 1639 1789 1704 Δαόὶδ,

225 1727 546 1798 ιμελφδήθη
604 1728 684 1792 δὲ,
725 1729 812 1782 διὰ
840 1729 950 1781 τῶν
998 1729 1130 1780 υἱῶν
1175 1730 1351 1796 Κορέο
1381 1731 1514 1797 φασὶ
1543 1729 1652 1800 γὰρ
1692 1729 1793 1800 τὴν

235 1817 539 1889 Ἔσραῖκὴν
561 1818 706 1884 λέξιν
742 1822 836 1874 και¹
854 1821 936 1883 τὸ,
960 1822 1060 1872 Διὰ
1077 1819 1196 1874 τῶν
1211 1819 1377 1884 υἱῶν,
1397 1821 1491 1874 καὶ
1511 1821 1594 1884 τὸ,
1609 1820 1791 1888 ’Υπὲρ

1903 646 2010 692 tem
2043 638 2130 692 hic
2150 638 2395 708 psalmus
2416 637 2632 694 futuros
2658 639 2920 695 adversus
2942 636 3242 704 Ecclesiam
3276 637 3454 696 insul-

1899 736 2028 784 tus:
2057 730 2151 798 qui
2199 745 2321 785 mox
2351 730 2419 784 ab
2467 729 2794 800 evangelicae
2842 727 3249 799 pradicationis
3293 727 3453 782 initio

1898 821 2207 878 concitandi
2257 831 2458 877 erant.
2500 819 2677 888 Ipsius
2735 820 2897 876 etiam
2937 819 3188 876 Ecclesia
3241 822 3456 890 patien-

1897 913 2027 967 tiam
2097 922 2152 968 et
2228 927 2414 982 pacem
2495 912 2712 966 demum
2787 919 3048 966 secutam.
3113 908 3266 964 Unde
3345 923 3454 964 non

1899 1001 2173 1057 immerito
2210 1010 2337 1070 post
2367 1001 2761 1070 praecedentem
2821 999 3091 1069 psalmum
3131 1000 3452 1054 collocatur.

1899 1091 1994 1147 Ille
2021 1093 2169 1147 enim
2200 1091 2460 1148 Ecclesiae
2490 1093 2837 1148 vocationem
2865 1091 3130 1155 continet,
3155 1091 3244 1144 hic
3272 1100 3454 1144 antem

1897 1199 1960 1240 ea
1990 1199 2110 1255 quae
2142 1196 2266 1255 post
2293 1189 2635 1240 vocationem
2667 1183 2957 1240 subsecuta
2985 1191 3134 1238 sunt.
3163 1180 3221 1236 In
3257 1181 3456 1251 aliqui-

1898 1275 2002 1329 bus
2037 1285 2216 1329 autem
2238 1276 2516 1329 veteribus
2536 1273 2942 1343 exemplaribus
2979 1271 3301 1341 inscriptum
3329 1279 3451 1326 est:

1901 1366 2051 1421 Filiis
2109 1365 2244 1420 Cors
2284 1383 2304 1420 :
2357 1367 2565 1434 absque
2623 1340 2712 1418 illa
2768 1364 3006 1418 dictione
3071 1340 3208 1430 pro;
3265 1376 3450 1416 verum
3511 1340 3518 1350 ’

1898 1465 2048 1526 patet
2099 1458 2150 1512 id
2193 1456 2441 1511 eﬂeetum
2485 1472 2610 1512 esse
2672 1455 2960 1524 scriptoris
3003 1453 3236 1518 incuria,
3286 1467 3317 1507 a
3347 1465 3458 1520 quo

1898 1564 2054 1604 error
2095 1549 2149 1604 in
2181 1557 2410 1604 caeteros
2442 1549 2738 1603 emanavit.
2771 1545 3074 1601 Possumus
3103 1545 3264 1600 etiam
3290 1537 3459 1612 espo-

1900 1657 2030 1696 nere
2069 1643 2507 1712 praapositionem
2577 1657 2694 1710 pro,
2722 1641 2842 1694 loco
2899 1637 3298 1708 praepositionis
3343 1651 3455 1703 per,

1901 1741 1960 1786 ιιι
1991 1733 2063 1786 sit
2095 1749 2290 1788 sensus
2317 1774 2332 1798 ,
2371 1733 2517 1801 quod
2579 1746 2673 1801 per
2727 1730 2896 1784 Filios
2953 1729 3088 1783 Core
3135 1728 3456 1782 decantatus

1899 1834 1980 1880 est
2011 1825 2099 1880 hic
2117 1825 2382 1896 psalmus,
2411 1823 2626 1879 tametsi
2659 1820 2994 1891 compositus
3025 1835 3053 1872 a
3075 1818 3264 1874 David.
3291 1818 3459 1872 Aiunt

233 1907 358 1962 τῶν
385 1909 533 1964 υίῶν
559 1912 763 1980 ὁμοίως
819 1911 1127 1981 σημαίνειν.
1171 1910 1338 1978 Ὑπὲρ
1376 1910 1496 1964 τῶν
1523 1912 1794 1979 κρυφίων

1902 1917 2041 1970 enim
2074 1890 2511 1986 praepositionem
2549 1917 2689 1972 hanc
2721 1890 2861 1981 apud
2897 1911 3153 1964 Hebraeos
3204 1910 3257 1962 iu
3307 1917 3458 1962 utra-

225 1999 312 2064 δὲ,
338 2002 460 2055 ἀντὶ
487 2002 582 2055 τοῦ
616 2004 752 2072 Περὶ⁸
795 2002 903 2056 τῶν
933 2001 1334 2071 κεκρυμμένων
1375 2003 1490 2065 τοῖς
1536 2001 1751 2064 πολλοῖς
1773 2018 1788 2034 ο

225 2093 607 2162 αἰνιγματώδη
667 2093 776 2163 γὰρ
827 2095 887 2145 ἐν
919 2095 1094 2164 τούτῳ
1135 2093 1202 2146 τὰ
1239 2093 1430 2149 πολλά.
1474 2094 1700 2162 Εἴρηται
1734 2092 1791 2145 δὲ

227 2185 516 2254 προσώπῳ
549 2183 658 2236 τῶν
691 2185 1025 2245 ἀποστόλων.
1068 2186 1160 2238 καὶ
1187 2185 1295 2238 τῶν
1327 2184 1646 2255 μαρτύρων.

1897 2021 2004 2076 que
2048 2007 2174 2075 poni
2235 2005 2656 2076 significatione.
2712 2002 2866 2068 Quod
2899 2017 3027 2056 vero
3078 2001 3154 2053 ait
3185 2016 3199 2052 :
3233 1998 3340 2053 Pro
3370 2015 3459 2052 oc-

1896 2097 2078 2162 cultis,
2139 2114 2372 2167 expone,
2415 2098 2470 2151 id
2521 2104 2625 2162 est,
2677 2097 2741 2149 de
2793 2093 3036 2148 occultis.
3089 2091 3272 2146 Multis
3312 2090 3456 2145 enim

1898 2190 2136 2253 occulta,
2159 2189 2264 2244 hoc
2301 2198 2408 2254 est,
2463 2190 2696 2242 obscura
2733 2197 2896 2253 atque
2931 2185 3114 2252 ignota
3147 2190 3297 2246 sunt,
3340 2194 3460 2250 quae

229 2274 285 2327 in
311 2273 415 2327 hoc
443 2273 654 2343 psalmo
679 2276 1051 2340 continentur,
1083 2275 1382 2331 elleruutur
1407 2285 1590 2330 autem
1647 2277 1809 2344 hujus
1849 2279 2043 2347 psalmi
2094 2283 2259 2336 verba
2297 2297 2362 2336 ex
2401 2279 2775 2349 apostolorum
2815 2290 2914 2330 seu
2982 2280 3284 2340 martyrum
3333 2286 3458 2339 per-

227 2379 392 2420 8011³.

314 2456 370 2510 '0
412 2458 555 2525 Θεὸς
611 2457 800 2527 ἡμῶν,
857 2461 1170 2531 καταφυγὴ
1244 2460 1341 2514 καί
1395 2459 1668 2527 δύναμις.
1735 2459 1793 2513 '0

228 2544 470 2615 Χριστὸς
494 2547 572 2608 είς
606 2546 666 2600 δν
706 2548 868 2616 ἡμεῖς
905 2547 1373 2616 πεπιστεύκαμεν,
1397 2545 1659 2614 φεύγουσι
1697 2546 1796 2614 μὲν

231 2636 393 2704 ἡμῖν,
423 2638 718 2707 καταφυγή
759 2641 907 2691 ἐστιν
926 2652 941 2668 ⁸
971 2637 1390 2706 άνθισταμένοις
1418 2637 1498 2702 δὲ,
1530 2637 1757 2711 δύναμις
1779 2653 1794 2667 ·

211 2726 400 2789 »αὐτὸς
427 2716 536 2798 γάρ
561 2728 865 2782 ἐνετείλατο
892 2723 1114 2797 φεύγειν
1132 2729 1254 2796 μὲν,
1279 2729 1406 2791 τοὺς
1435 2729 1794 2796 αιτειρεισμούς⁹

229 2817 607 2884 ἐμπίπτοντας
628 2819 706 2883 δὲ,
743 2818 1101 2874 ἀνθίστασθαι
1128 2820 1194 2872 δι’
1226 2816 1692 2889 ὐπομονῆςθῶστε
1720 2817 1796 2888 μὴ

230 2907 502 2978 ἡττᾶσθαι
530 2908 759 2963 τούτων.

315 3105 546 3172 Βοηθὸς
560 3105 628 3158 ἐν
639 3105 883 3172 satam
902 3104 1030 3170 ταῖς
1044 3103 1361 3172 εὑρούσαις
1378 3100 1533 3170 ἡμᾶς
1547 3101 1802 3170 σφόδρα.

239 3195 322 3248 Τὸ
352 3194 610 3263 Σφόδρα.
639 3193 777 3263 πρὸς
799 3193 882 3256 τδ,
917 3193 1166 3260 Βοηθὸς,
1187 3191 1510 3244 ἀποδίδωσιν
1538 3192 1566 3243 ὀ
1595 3191 1808 3258 Χρυσό-

1965 2460 2127 2514 Vens.
2157 2458 2213 2513 2.
2245 2457 2380 2512 Deus
2410 2465 2586 2511 noster
2609 2455 2870 2524 refugium
2896 2461 2944 2506 et
2979 2453 3166 2505 virtus.
3203 2449 3457 2505 Christus

1897 2554 1950 2607 in
1991 2568 2152 2622 quem
2179 2551 2480 2614 credimus,
2521 2556 2577 2601 et
2608 2545 2874 2614 refugium
2915 2542 3075 2597 nobis
3099 2551 3203 2604 est,
3240 2541 3457 2611 quoties

1894 2644 1962 2698 ab
1994 2642 2228 2696 inimicis
2251 2639 2522 2710 fugamur,
2547 2644 2602 2692 et
2625 2637 2802 2690 virtus
2831 2635 3018 2698 etiam,
3043 2633 3146 2688 hoc
3163 2642 3266 2692 est.
3291 2633 3458 2686 robur

1893 2749 1990 2790 seu
2017 2740 2281 2802 potestas,
2314 2732 2531 2799 quoties
2564 2729 2824 2798 impetum
2859 2726 3076 2779 illorum
3112 2725 3454 2778 sustinentes

1904 2825 2231 2896 resistimus.
2284 2823 2406 2892 Ipse
2433 2823 2580 2876 enim
2632 2826 2689 2874 et
2721 2815 3076 2872 tentationem
3147 2815 3329 2884 fugere
3363 2829 3464 2868 nos

1899 2916 2087 2986 jussit,
2121 2925 2176 2969 et
2221 2913 2555 2969 irruentibus
2598 2911 2655 2964 in
2693 2924 2794 2964 nos
2826 2907 3087 2970 inimicis,
3125 2921 3221 2975 per
3250 2906 3460 2975 patien-

1902 3008 2032 3061 tiam
2062 3006 2342 3068 resistere,
2374 3018 2443 3057 ne
2473 3003 2540 3056 ab
2573 3001 2680 3055 illis
2701 3013 3045 3068 superemur.

1970 3097 2203 3165 Adjutor
2250 3096 2304 3149 in
2371 3091 2799 3146 tribulationibus
2858 3103 2973 3159 qua
3017 3088 3323 3140 invenerunt
3369 3101 3463 3139 nos

1901 3188 2076 3243 valde.
2109 3186 2417 3241 Dictionem
2448 3183 2631 3245 Valde,
2658 3181 3090 3251 Chrysostomus
3120 3177 3460 3232 referendam

241 3303 472 3356 στομος.
507 3285 710 3339 Σκόπει
757 3285 835 3348 δὲ,
873 3285 956 3338 ὅτι
989 3284 1045 3336 αἱ
1080 3283 1287 3352 θλίψεις
1327 3281 1638 3352 εὑρίσκουσι
1678 3282 1797 3343 τοὺς

1905 3296 2028 3337 esse
2054 3279 2187 3335 dicit
2235 3279 2301 3332 ad
2339 3277 2635 3332 dictionem
2685 3273 2938 3340 Adjutor.
2972 3270 3108 3322 Illud
3148 3284 3294 3322 nunc
3334 3284 3468 3322 con-

239 3379 394 3434 κατά
438 3379 570 3432 Θεὸν
593 3377 824 3444 ζῶντας,
849 3376 1283 3432 καταδιώκουσαι
1304 3376 1524 3438 αὐτοὺς,
1551 3375 1643 3427 τοῦ
1667 3374 1797 3426 Θεοῦ

1909 3370 2355 3436 sidera,docente
2376 3375 2427 3421 te
2449 3365 2718 3435 Propheta
2740 3369 2954 3423 nostro,
2984 3360 3128 3429 quod
3145 3358 3467 3413 alilictiones

238 3470 750 3542 παραχωροῦντος,
810 3471 900 3524 ἵνα
953 3468 1388 3539 γυμνασθέντες,
1453 3464 1809 3535 δοκιμώτεροι

234 3560 532 3627 γίνωνται.
558 3560 630 3613 Ἣ
649 3559 748 3614 0.1!
756 3561 858 3627 ψις
884 3558 1019 3628 γὰρ,
1047 3558 1232 3626 φησιν,
1257 3555 1575 3624 ὑπομονὴν
1603 3571 1806 3620 κατερ-

233 3648 506 3719 γάζεταιο
538 3651 576 3717 ἠ
617 3649 686 3703 δὲ
714 3647 1014 3717 ὑπομονὴ,
1047 3645 1322 3716 δοκιμήν.
1371 3645 1429 3700 '0
1461 3646 1569 3717 γὰρ
1585 3645 1717 3706 Θεὸς
1742 3643 1802 3695 ού

238 3738 448 3792 κωλύει
483 3739 582 3808 μὲν
621 3738 748 3800 τοὺς
779 3737 1143 3808 πειρασμοὺς,
1174 3737 1264 3790 διὰ
1282 3737 1382 3806 τὴν
1419 3736 1682 3807 ῥηθεῖσαν
1718 3733 1806 3789 al-

235 3829 368 3883 τίαν
389 3845 404 3858 ·
433 3831 690 3883 ἐπιόντων
721 3829 800 3894 δὲ,
833 3829 1164 3899 παρίσταται
1190 3828 1407 3898 βοηθός.

1910 3470 1964 3518 et
1989 3461 2331 3516 calamitates
2387 3456 2634 3511 invenire
2692 3468 2787 3508 eos
2811 3453 3062 3506 homines
3107 3450 3341 3515 soleant,
3371 3448 3464 3518 qui

1909 3554 2096 3607 vivunt
2129 3549 2430 3606 secundum
2470 3547 2639 3599 Deum
2674 3543 2972 3611 :quodque
3006 3539 3352 3608 permittente
3384 3537 3467 3592 sic

1911 3643 2043 3708 Deo,
2078 3657 2173 3696 eos
2192 3645 2618 3711 persequuntur,
2649 3622 2706 3688 ιῖι
2745 3633 3138 3687 exercitatione
3176 3628 3465 3698 probatio-

1909 3750 1996 3790 res
2025 3733 2176 3787 ﬁant.
2217 3729 2518 3784 Tribulatio
2557 3727 2725 3789 enim,
2773 3723 2972 3792 inquit,
3015 3723 3325 3790 patientiam
3346 3734 3500 3794 ope-‘.

1913 3836 2089 3888 ratur,
2120 3823 2380 3892 patientia
2423 3836 2539 3873 vero
2568 3817 2929 3886 probationem
2952 3813 3026 3866 ".
3068 3810 3180 3863 Hac
3209 3809 3276 3862 de
3305 3801 3489 3860 causa‘

242 3928 394 3980 Deus
421 3927 764 3996 insurgentes
821 3926 875 3980 in
931 3939 1032 3980 nos
1085 3925 1442 3991 tentationes,
1472 3940 1582 3980 non
1611 3924 1794 3980 statim
1828 3923 2099 3993 prohibet,
2179 3918 2274 3974 sed
2335 3930 2459 3970 cum
2514 3911 2854 3974 advenerint,
2886 3922 3042 3977 opem
3095 3919 3253 3959 suam
3309 3901 3467 3955 nobis

235 4017 532 4086 impendit.
1507 4009 1519 4043 '

316 4113 419 4168 Διὰ
437 4113 612 4167 τοῦτο
635 4113 706 4168 οὐ
725 4111 1183 4181 φοϐηθησόμεθα
1197 4111 1266 4165 ἐν
1294 4111 1371 4177 τῷ
1393 4113 1802 4179 ταράσσεσθαι

234 4207 362 4282 τήν
376 4204 516 4275 γῆν,
534 4205 631 4258 καί
650 4205 1064 4274 μετατίθεσθαι
1084 4203 1190 4272 ὄρη
1211 4203 1281 4256 ἐν
1295 4201 1556 4270 καρδίαις
1574 4206 1801 4256 θαλασ-

238 4295 398 4351 σῶν.
423 4295 594 4348 Τοῦτο
613 4295 674 4348 τὸ
699 4295 920 4364 χωρίον,
950 4294 1074 4348 οὕτε
1106 4297 1133 4347 ὁ
1157 4293 1328 4364 μέγας
1348 4294 1628 4356 Βασίλειος
1659 4293 1802 4346 κατὰ

241 4385 541 4455 ἀναγωγὴν
558 4383 734 4453 ἔσχεν,
765 4382 888 4438 οὔτε
919 4387 946 4438 ὀ
971 4385 1375 4454 Χρυσόστομος,
1408 4383 1544 4440 ἀλλὰ
1579 4383 1801 4456 συμφώ-

240 4491 355 4538 νως
385 4469 559 4536 εἷπον,
599 4475 681 4527 ὄτι
717 4474 965 4540 λέγουσιν
993 4475 1042 4527 οί
1071 4475 1236 4543 ἆγιοι,
1267 4475 1341 4538 ὡς
1379 4477 1485 4546 ἄρα
1520 4476 1613 4529 τοῦ
1664 4478 1802 4544 Χρι-

241 4561 376 4616 στοῦ
426 4561 745 4631 βοηθοῦντος
793 4565 927 4633 ἡμῖν
961 4565 1184 4632 σφόδρα,
1216 4564 1469 4617 οὐδέποτε
1499 4565 1802 4635 φοὸηθησό-

244 4651 415 4721 μεθα,
466 4650 576 4702 οὐδ’
625 4652 674 4702 εί
719 4653 869 4705 πᾶσα
916 4653 949 4722 ἡ
1003 4653 1072 4722 γῆ
1131 4652 1524 4723 συνταραχθείη
1560 4656 1800 4723 σεισμοῖς

1978 4107 2146 4162 Vatis.
2176 4105 2230 4160 3.
2261 4106 2549 4170 Propterea
2593 4073 2707 4151 non.
2731 4093 3027 4149 timebimus
3057 4088 3183 4140 dum
3221 4084 3465 4138 turbatur

1907 4215 2068 4267 terra,
2123 4211 2173 4256 et
2227 4198 2621 4266 transferuntur
2661 4199 2859 4245 montes
2903 4189 2958 4240 in
3005 4184 3164 4238 corda
3217 4179 3462 4233 marium.

1908 4295 2109 4348 Locum
2145 4292 2317 4353 hunc,
2342 4301 2443 4342 nec
2475 4298 2705 4354 magnus
2733 4277 2988 4339 Basilius,
3011 4289 3113 4329 nec
3138 4272 3469 4340 Chrysosto-

1910 4401 2030 4439 mus
2073 4383 2228 4452 juxta
2262 4392 2542 4449 anagogen
2589 4378 2892 4441 exponunt,
2927 4366 3019 4422 sed
3055 4380 3164 4418 uno
3192 4376 3286 4415 ore
3314 4359 3465 4452 juxta

1909 4445 2140 4529 litteram
2172 4445 2394 4524 tanturn
2415 4445 2605 4520 dicunt
2633 4505 2646 4528 ,
2672 4462 2837 4515 verba
2869 4459 2984 4511 hmc
3014 4460 3327 4525 sanctorum
3359 4445 3466 4500 dici

1907 4577 2161 4634 persona,
2216 4559 2520 4621 fatentium,
2569 4552 2714 4623 quod
2757 4549 2976 4604 Christo
3018 4559 3115 4600 eos
3176 4541 3465 4610 adiuvante

1909 4629 2184 4722 nunquam
2221 4649 2530 4712 -timebunt,
2588 4657 2764 4712 neque
2797 4640 2842 4695 si
2878 4638 3135 4690 universa
3159 4641 3306 4685 terra
3330 4629 3463 4680 hor-

245 4720 538 4815 ἑξουσίοις,
565 4741 675 4796 οὐδ’
697 4745 746 4796 εί
767 4744 835 4797 τὰ
859 4720 958 4813 ὅρη
995 4720 1094 4813 τῆς
1114 4720 1347 4813 φυσικῆς
1368 4720 1527 4816 ἔδρας
1547 4720 1792 4800 ἀνασῖιτα⁸

1905 4720 2089 4801 rendis
2125 4741 2469 4797 concutiatur
2511 4730 2932 4790 terrmmotibus,
2961 4737 3138 4791 neque
3180 4720 3225 4774 si
3255 4726 3467 4772 montes

249 4835 475 4903 σθέντα,
533 4837 613 4898 είς
657 4835 727 4888 τά
780 4836 918 4907 βάθη
964 4836 1065 4905 τῆς
1109 4835 1385 4907 θαλάσσης
1425 4839 1807 4906 άποσφενδονι-

246 4927 456 4983 σθεῖεν.
487 4927 550 4979 Εί
586 4925 642 4979 δὲ
691 4925 800 4978 τῶν
834 4927 1111 4996 στοιχείων
1149 4927 1290 4980 οὕτω
1331 4930 1707 4998 συγχεομένων
1744 4928 1805 4981 ού

243 5018 522 5087 δείσομεν,
567 5017 747 5087 πολλῷ
778 5019 978 5087 μᾶλλον
1011 5019 1130 5071 οὐδὲ
1161 5019 1268 5071 τῶν
1309 5019 1583 5087 τυράννων
1615 5022 1802 5072 ἔπιτε.

245 5109 513 5178 θειμὲνων
543 5111 694 5180 ἡμῖν.
728 5110 890 5163 Ὅθεν
931 5110 1024 5161 καὶ
1073 5108 1282 5171 Παῦλος
1325 5107 1476 5175 ελεγε
1515 5107 1624 5177 (66)
1654 5122 1670 5138 ⁶
1715 5109 1808 5173 Τίς

247 5200 410 5270 ἡμᾶς
460 5197 716 5269 χωρήσει
765 5201 881 5255 ἀπὸ
924 5197 1028 5266 τῆς
1081 5196 1317 5267 ἀγάπης
1362 5197 1466 5252 τοῦ
1516 5197 1771 5266 Χριστοῦ
1786 5213 1807 5262 ;

246 5292 369 5347 τόδε
388 5309 405 5358 ;
435 5291 468 5361 ἢ
499 5291 615 5345 τόδε
636 5308 653 5358 ;
1797 5275 1803 5279 ’

328 5575 377 5608 ³⁸
405 5576 562 5634 Rom.
588 5579 724 5645 v,.'5.
799 5578 845 5610 "
871 5576 1026 5631 Rom.
1063 5591 1179 5644 rm,
1212 5577 1300 5634 '55.

1900 4852 1930 4889 a
1987 4831 2284 4890 stabilitate
2318 4843 2383 4882 ac
2419 4825 2549 4882 sede
2581 4838 2680 4878 sua
2725 4815 2964 4874 naturali
3010 4811 3230 4874 divulsi,
3262 4809 3315 4862 in
3345 4822 3468 4874 pro-

1900 4927 2125 4981 fundum
2183 4921 2349 4975 maris
2396 4915 2821 4973 transferantur.
2865 4908 2943 4961 Ac
2997 4905 3043 4961 si
3096 4897 3466 4971 dicerent;$i

1904 5013 2190 5072 elementis
2239 5010 2374 5063 adeo
2431 5004 2680 5060 confusis
2721 4995 3065 5054 formidaturi
3115 5006 3220 5045 non
3252 5005 3464 5049 sumus,

1906 5104 2076 5171 multo
2131 5102 2311 5156 minus
2347 5093 2760 5168 insurgentibus
2795 5090 2848 5142 in
2883 5101 2985 5140 nos
3014 5081 3262 5154 tyrannis
3296 5079 3465 5146 trepi-

1902 5195 2177 5250 dabimus.
2217 5190 2367 5245 Unde
2388 5189 2551 5240 etiam
2579 5181 2875 5253 Apostolus
2915 5176 3133 5230 dicebat
3169 5184 3184 5224 ε
3217 5172 3346 5235 Quis
3372 5185 3465 5223 nos

1911 5285 2178 5355 separabit
2199 5299 2228 5335 a
2247 5281 2503 5334 charitate
2519 5275 2755 5330 Christi?
2777 5269 3094 5342 [tribulatio,
3113 5281 3179 5316 an
3200 5263 3464 5331 angustia,

1911 5353 1983 5430 an
2041 5377 2227 5445 fames,
2265 5391 2331 5427 an
2359 5372 2589 5431 nuditas,
2625 5383 2692 5420 an
2720 5361 3032 5433 periculum,
3067 5373 3133 5410 an
3159 5353 3464 5425 persecutio,

1910 5486 1976 5521 an
2001 5467 2208 5538 gladius
2235 5468 2275 5499 ⁵⁷
2301 5467 2323 5518 ?
2346 5474 2398 5520 et
2431 5477 2550 5532 qua:
2577 5461 2647 5515 ibi
2683 5447 3038 5526 sequuntur]

1581 5666 1777 5728 Varia;
1832 5667 2152 5730 lectiones.

334 5798 441 5870 (66)
467 5799 652 5858 Greece
677 5800 839 5858 verba
869 5801 949 5858 sic
973 5798 1168 5856 habent
1203 5815 1215 5854 :
1249 5797 1479 5867 hoccine,
1522 5813 1588 5852 an
1617 5795 1751 5850 illud
1783 5795 1916 5854 tSic
1947 5797 2087 5853 alius
2115 5798 2304 5854 codex.
