4108 6330
676 493 791 558 515

1878 490 2256 555 EUTHYMII
2295 489 2653 552 ZIGABEN’I

3777 493 3888 559 516

752 605 918 661 Vsus.
947 604 998 660 5.
1033 603 1204 673 Elegit
1235 601 1380 656 nobis
1412 603 1926 685 hereditatemsiti.
1977 603 2075 658 l’er
2123 618 2215 656 nos

2360 601 2744 685 _‘E£s.té£ato
2804 603 2948 672 ἡμῖν
3007 605 3123 674 τὴν
3177 608 3581 691 κληρονομίαν
3638 609 3884 665 ἑαυτοῦ.

674 699 1082 787 dispensatores
1113 694 1369 749 Ecclesia:
1405 709 1518 750 suae
1541 695 1703 766 elegit
1735 682 1854 761 eos,
1886 697 1979 765 qui
2004 711 2068 753 es
2097 711 2226 766 gen-

677 790 824 842 tibus
845 785 990 855 digni
1010 794 1189 839 essent
1212 785 1266 838 in
1294 785 1654 840 hereditatem
1683 801 1835 841 suam
1857 787 2048 856 {juxta
2066 785 2220 840 illud:

675 875 822 928 Dabo
841 875 933 927 tibi
953 883 1125 942 gentes
1147 873 1504 927 hereditatem
1527 885 1672 927 tuam
1698 876 1778 939 τίς
1829 889 2075 945 quasque
2113 891 2228 930 ma-

673 982 812 1034 gnus
855 965 941 1020 hic
979 975 1167 1019 noster
1219 965 1329 1018 Rex
1385 980 1479 1034 per
1525 980 1623 1020 nos
1652 1005 1668 1032 ,
1713 965 1874 1021 veluti
1924 982 2017 1035 per
2059 967 2233 1022 duces.

673 1051 956 1119 quosdam,
987 1051 1088 1104 sibi
1139 1049 1196 1105 in
1248 1051 1449 1107 milites
1497 1055 1816 1122 assumpsit.
1858 1053 2033 1123 [Nam
2080 1055 2222 1125 quod

673 1140 747 1190 ait
781 1155 794 1189 τ
825 1137 993 1206 Elegit
1029 1140 1199 1199 nobis,
1230 1138 1463 1208 positum
1496 1151 1598 1206 est,
1633 1157 1728 1212 pro
1750 1182 1766 1207 ,
1814 1145 1868 1197 in
1919 1145 2074 1199 nobis
2102 1163 2117 1210 ;
2170 1146 2223 1200 id

671 1236 774 1290 est,
803 1244 900 1296 per
937 1244 1052 1282 nos.
1081 1227 1101 1298 ]

719 1318 967 1384 Speciem
995 1318 1163 1372 Iacob
1193 1337 1351 1389 quam
1388 1322 1594 1376 dilexit.
1621 1322 1804 1393 Neque
1846 1325 1950 1384 hoc
1992 1334 2220 1392 tantum,

671 1409 766 1463 sed
791 1424 885 1462 eos
916 1411 1060 1464 enim
1093 1427 1186 1479 per
1224 1425 1322 1464 nos
1349 1411 1530 1482 elegit,
1557 1414 1651 1482 qui
1688 1415 1934 1473 utiliores
1963 1429 2118 1472 erant
2151 1420 2220 1473 de

673 1517 870 1569 genere
904 1500 1113 1562 Jacob,
1160 1515 1298 1568 quos
1356 1491 1615 1558 dilectam
1671 1508 1905 1573 speciem
1955 1504 2220 1572 Propheta

669 1591 918 1658 appellat,
943 1594 1048 1644 hoe
1064 1600 1166 1654 est,
1191 1591 1459 1646 formosos
1482 1601 1644 1661 atque
1661 1605 1904 1659 ornatos,
1927 1596 2221 1651 virtutibus

671 1681 924 1732 nimirum
961 1697 974 1731 :
1006 1691 1166 1748 atque
1203 1681 1320 1733 ideo
1369 1682 1530 1734 etiam
1577 1684 1809 1738 maxime
1856 1686 2104 1740 dilectos.
2155 1688 2222 1741 Et

670 1770 919 1837 superius
949 1771 1166 1837 quidem
1201 1772 1496 1838 praeposuit
1523 1771 1764 1838 Judaeos,
1801 1776 1889 1844 qui
1916 1776 2076 1844 primi
2101 1765 2221 1846 post

667 1858 866 1914 Chrisni
901 1861 1352 1914 resurrectionem
1387 1863 1782 1928 credidissent,
1835 1880 1983 1919 nunc
2028 1877 2216 1920 contra

2340 675 2650 757 Ἐξελὲξατο
2669 693 2739 747 δι’
2763 694 2940 763 ἡμῶν,
2966 696 3074 751 τῶν
3094 697 3392 768 οικονόμων
3413 675 3508 770 τῆς
3556 698 3887 774 Ἐκκλησιας

2327 783 2514 848 αὑτοῦ,
2543 787 2668 847 τοὺς
2703 785 2763 850 ἐξ
2789 784 2957 839 ἐθνῶν
2980 787 3164 853 ἀξίους
3191 789 3269 851 el;
3295 785 3658 861 κληρονομίαν
3688 792 3885 860 αὐτοῦ,

2327 871 2466 924 κατά
2488 872 2556 938 τό,
2576 886 2592 904 ο
2617 872 2793 927 Δώσω
2825 891 2924 929 σοι
2963 877 3106 944 ἔθνη
3137 876 3252 944 τὴν
3282 881 3688 950 κληρονομίαν
3720 899 3838 941 σου
3866 900 3885 916 ⁸

2325 960 2416 1023 οὒς
2442 963 2536 1015 καὶ
2564 962 2630 1014 δι’
2659 965 2838 1033 ἡμῶν,
2867 964 2940 1028 ὡς
2960 965 3048 1019 διά
3070 983 3230 1020 τινων
3263 969 3606 1040 στρατηγῶν,
3647 973 3676 1025 ὁ
3706 973 3885 1043 μέγας

2325 1045 2477 1114 οὗτος
2501 1050 2751 1121 βασιλεὺς
2771 1054 3234 1128 ἐστρατολόγησεν
3258 1057 3458 1127 ἑαυτῷ.

2378 1304 2514 1372 ,Τὴν
2555 1308 2868 1377 καλλονὴν
2903 1310 3130 1376 Ἰακὼϐ,
3176 1311 3256 1380 ἣν
3283 1314 3620 1384 ἠγάπησεν.
3669 1320 3782 1374 Καὶ
3813 1322 3881 1374 οὐ

2321 1394 2542 1458 τούτους
2599 1397 2782 1466 μόνον,
2820 1398 2955 1452 ἀλλά
3001 1392 3094 1454 καὶ
3141 1402 3270 1465 τοὺς
3313 1406 3762 1476 χρησιμωτέρους
3811 1411 3884 1462 ἐκ

2322 1487 2510 1551 γένους
2579 1488 2770 1541 Ἰακώῦ
2805 1506 2818 1519 ·
2880 1491 3108 1556 τούτους
3163 1485 3277 1563 ’γὰρ
3345 1495 3607 1564 καλλονὴν
3679 1498 3881 1552 Ἰακὼὸ

2320 1577 2621 1646 ὠνόμασεν,
2674 1581 2749 1644 ὡς
2784 1583 3071 1646 καλλίονας
3118 1584 3178 1649 ἐξ
3227 1584 3421 1638 Ἰακώϐ
3445 1603 3459 1617 ο
3493 1590 3556 1658 ἢν
3594 1589 3878 1659 καλλονὴν,

2320 1669 2599 1723 τουτέστιν
2633 1670 2725 1732 οὓς
2760 1673 2957 1737 καλοὺς
2990 1676 3296 1752 ἡγάπησεν,
3323 1677 3399 1742 ὡς
3422 1679 3882 1749 κτκαλλωπισμέο

2322 1775 2442 1820 νους
2486 1763 2606 1823 ταῖς
2633 1762 2877 1830 ἀρεταῖς.
2915 1767 3060 1818 ’Δνω
3105 1769 3203 1837 μὲν
3256 1765 3347 1822 οὗν
3401 1773 3700 1841 προσέταξε
3749 1776 3886 1839 τοὺς

2336 1847 2640 1912 Ἰουδαίους,
2697 1852 2774 1914 ὡς
2828 1853 3075 1922 πρώτους
3131 1857 3267 1924 μετὰ
3313 1859 3409 1929 τὴν
3448 1862 3743 1917 ἀνάστασιν
3779 1862 3880 1916 τοῦ

668 1950 930 2017 praeponit
969 1960 1178 2017 gentes,
1208 1953 1350 2018 quod
1379 1968 1442 2004 ex
1473 1953 1553 2005 eis
1585 1924 1779 2022 ριυτεε
1796 1969 2010 2024 semper
2043 1958 2215 2009 credi-

2317 1941 2551 2009 Χριστοῦ
2579 1944 3002 2016 πιστεύσαντας·
3029 1948 3257 2000 ἐνταῦθα
3289 1924 3701 2014 δὲξτούναντιον
3724 1958 3880 2009 ἑποί-

669 2041 862 2095 derint.
895 2039 1064 2095 Judaei
1092 2045 1240 2096 enim
1283 2044 1536 2112 gentibus
1587 2050 1930 2114 comparati,
1989 2049 2215 2101 minima

669 2133 910 2198 quaedam
946 2147 1068 2201 pars
1095 2144 1221 2186 sunt
1247 2132 1506 2188 ﬁdelium.

735 2303 900 2357 Vsus.
936 2305 987 2358 6.
1017 2305 1262 2358 Ascendit
1296 2305 1546 2359 Dominus
1572 2307 1623 2359 in
1643 2306 1814 2375 jubila
1839 2345 1856 2370 ,
1883 2309 2131 2362 Dominus
2164 2311 2218 2363 in

665 2408 783 2445 voce
810 2393 964 2446 tubw.
998 2393 1107 2447 Hoc
1136 2397 1187 2447 in
1221 2397 1339 2448 loco
1389 2397 1589 2450 Christi
1629 2412 1918 2452 ascensum
1971 2400 2026 2453 in
2077 2402 2222 2454 cmlo

665 2485 1047 2557 praenuntiavit
1074 2501 1088 2537 :
1120 2486 1573 2552 quemadmodum
1601 2524 1616 2550 ,
1650 2497 1704 2539 et
1734 2488 1787 2544 in
1820 2504 1956 2544 mu
1984 2492 2211 2557 psalmo,

663 2553 1104 2640 signiﬁcavimus.
1128 2572 1612 2640 Perjuhilatiouem
1637 2584 1843 2642 autem,
1872 2586 1924 2633 ct
1959 2553 2053 2649 per
2075 2553 2215 2636 ιυικέ

662 2675 870 2729 vocem,
899 2678 1060 2721 voces
1093 2665 1337 2734 intelligit
1369 2667 1790 2734 pmice-dentium
1825 2679 1953 2722 tunc
1986 2674 2216 2740 angelo-

663 2768 805 2817 rum,
821 2755 1194 2821 jubilationem
1218 2755 1453 2823 quidem,
1475 2769 1688 2825 propter
1711 2759 1796 2811 illa
1819 2761 1976 2814 verba
2001 2772 2127 2816 tunc
2147 2765 2216 2818 ab

662 2846 866 2912 angelis
887 2846 1089 2910 prolata
1115 2863 1127 2897 :
1153 2845 1404 2899 Dominus
1422 2847 1575 2914 {ortis
1593 2857 1640 2900 et
1659 2860 1859 2917 potens,
1882 2861 1930 2904 et
1961 2853 2214 2909 Dominus

659 2943 837 3001 potens
862 2937 914 2987 in
939 2935 1118 3002 prwlio
1146 2937 1192 2967 ⁷⁸
1221 2953 1234 2999 ;
1263 2953 1384 3006 qua:
1412 2939 1462 2990 in
1496 2939 1736 2992 victoria:
1775 2940 2032 3010 hymnum
2070 2945 2214 2999 dicta

660 3025 928 3080 videntur.
947 3026 1178 3080 .ltibilnm
1198 3029 1339 3081 enim
1360 3029 1598 3082 victoriae
1618 3044 1801 3084 vocem
1820 3047 1942 3085 esse
1959 3033 2213 3087 diximus.

661 3112 694 3165 Ἱ
713 3118 1017 3169 obeuntem
1051 3133 1233 3172 vocem
1249 3120 1466 3173 dixitob
1486 3121 1647 3189 verba
1667 3122 1756 3176 illa
1776 3138 1791 3177 :
1811 3122 1999 3178 Tollite
2008 3135 2213 3194 portas,

659 3205 942 3273 principes,
969 3217 1170 3263 vestras
1189 3209 1256 3272 "',
1287 3218 1343 3264 et
1369 3225 1487 3277 quae
1505 3223 1828 3280 sequuntur.
1858 3213 2054 3269 Prurire
2071 3217 2210 3290 enim
2237 3238 2281 3299 ρ

658 3294 836 3346 solent
864 3294 1166 3359 tubicines,
1221 3299 1436 3364 quoties
1477 3302 1822 3354 exercituum
1869 3301 2037 3358 duces
2085 3320 2210 3360 cum

657 3384 879 3437 victoria
907 3386 962 3437 in
988 3388 1214 3455 patriam
1249 3395 1609 3458 revertuntur.
1641 3388 1734 3444 Vel
1781 3391 1938 3446 aliter
1963 3432 1978 3456 ,
2013 3396 2213 3465 peril-

658 3474 821 3528 bilum
882 3484 935 3528 et
968 3491 1061 3544 per
1110 3491 1294 3539 vocem
1331 3479 1506 3546 tubae,
1548 3481 1864 3550 angelorum
1912 3499 2072 3539 voces
2125 3487 2209 3538 in-

658 3564 901 3617 tellexit:
937 3567 1063 3633 quia
1094 3566 1401 3633 hujusmodi
1427 3569 1589 3622 verba
1618 3571 1764 3626 clare
1813 3586 1877 3628 ac
1924 3574 2211 3630 manifeste

658 3651 723 3707 ad
754 3666 942 3705 omnes
977 3651 1163 3706 mundi
1195 3652 1331 3707 lines
1361 3667 1457 3723 per
1482 3659 1851 3725 apostolorum
1904 3660 2215 3716 doctrinam.

657 3748 1045 3805 pervenerunt.

728 3828 890 3883 Vens.
923 3829 972 3882 7.
1000 3812 1221 3886 Psallitc
1251 3830 1353 3885 Deo
1374 3833 1816 3901 nostro,'psallite
1846 3835 1977 3906 Regi
2009 3849 2206 3903 nostro,

655 3918 884 3986 psallite.
950 3921 1086 3974 Cum
1143 3923 1402 3991 praelata
1435 3923 1634 3980 Christi
1689 3941 1854 3994 opera
1899 3938 1954 3983 et
1991 3929 2210 3985 illorum

657 4009 1085 4082 magnitudinem
1133 4013 1462 4078 narraverit,
1513 4028 1728 4070 summo
1774 4017 2034 4087 deinceps
2083 4034 2207 4074 cum

657 4101 842 4154 studio
873 4104 1188 4158 universum
1223 4107 1418 4160 orbem
1452 4106 1682 4161 advocat
1710 4108 1777 4162 ad
1809 4109 1957 4164 illius
1998 4111 2219 4173 laudes.

658 4188 772 4243 lloc
807 4191 950 4243 enim
997 4193 1100 4247 sibi
1144 4195 1255 4247 vult
1310 4195 1560 4264 repetitio
1608 4197 1700 4250 illa
1742 4200 1914 4264 verbi,
1965 4197 2216 4274 Psallitc,

656 4277 706 4329 Η
742 4292 844 4344 est,
883 4278 1095 4335 Canite.
1130 4281 1194 4334 Et
1222 4283 1423 4338 deinde
1443 4299 1666 4342 causam
1698 4286 1848 4342 addit
1869 4304 1971 4366 cur
2005 4306 2212 4348 canen-

655 4367 782 4420 dum
798 4369 866 4421 sit
885 4386 900 4422 :

733 4459 891 4513 Vens.
921 4460 976 4514 8;
1009 4460 1269 4524 Quoniam
1298 4464 1409 4519 Rea:
1434 4467 1604 4520 omnis
1629 4477 1782 4522 terra:
1812 4469 1971 4537 Deus,
1994 4473 2207 4542 psallite

2317 2045 2436 2100 ησε,
2465 2031 2550 2102 δια
2573 2033 2632 2084 τὸ
2663 2034 3007 2104 παμπληθεῖς
3036 2040 3310 2090 πιστεύειν
3330 2041 3414 2112 ac}
3441 2043 3566 2106 τοὺς
3588 2045 3647 2110 ἐξ
3679 2044 3878 2109 ἐθνῶν,

2319 2123 2412 2171 καὶ
2443 2119 2615 2192 βραχύ
2653 2141 2706 2175 τι
2740 2126 2906 2197 μέρος
2947 2122 3088 2180 εἶναι
3127 2128 3260 2198 πρὸς
3289 2132 3412 2194 τοὺς
3446 2132 3506 2198 ἐξ
3545 2134 3718 2189 ἐθνῶν
3745 2138 3876 2200 τοὺς

2316 2210 2375 2275 ἐξ
2413 2213 2626 2282 Ἰσραὴλ
2658 2216 3032 2279 πιστεύοντας.
3449 2252 3453 2256 .
3471 2212 3474 2216 ’
3720 2208 3726 2216 ·

2399 2303 2604 2371 Ἀνέθη
2637 2308 2668 2357 ό
2697 2308 2841 2371 Θεὸς
2867 2307 2937 2360 ἐν
2959 2309 3305 2378 ἀλαλαγμῷ,
3343 2313 3555 2380 Κύριος
3598 2313 3670 2368 ἐν
3698 2316 3875 2384 φωνῇ

2315 2391 2668 2463 σάλπιγγος.
2717 2398 2978 2450 Ἐνταῦθα
3015 2399 3112 2469 τὴν
3142 2403 3220 2462 εἰς
3262 2402 3522 2470 οὐρανοὺς
3557 2403 3743 2458 ἄνοδον
3777 2408 3874 2459 τοῦ

2316 2485 2550 2553 Χριστοῦ
2591 2489 3052 2556 προκαταγγέλλει
3080 2490 3263 2555 Δασὶδ,
3294 2491 3370 2554 ὡς
3413 2494 3470 2545 ὲν
3504 2494 3580 2562 τῷ
3618 2495 3705 2562 κγ’
3735 2495 3874 2567 ψαλ-

2319 2576 2402 2646 μῷ
2433 2580 2921 2651 ὲπεσημηνάμεθα.
2968 2581 3303 2653 Ἀλαλαγμὸν
3330 2583 3387 2639 δὲ
3432 2583 3576 2654 λέγει
3609 2585 3703 2640 νῦν
3737 2587 3875 2643 ea-

2318 2687 2534 2738 πιγγος,
2559 2673 2656 2734 τὰς
2684 2675 2866 2740 φωνὰς
2889 2676 2998 2728 τῶν
3040 2677 3344 2746 τηνικαῦτα
3379 2682 3876 2751 προπορευομένων

2313 2761 2560 2828 ἀγγέλων
2593 2779 2606 2792 ·
2670 2765 2981 2834 ἀλαλαγμὸν
3020 2768 3140 2835 μὲν,
3188 2768 3291 2822 διάι
3323 2768 3384 2821 τό
3407 2785 3422 2801 ο
3458 2772 3671 2837 Κύριος
3730 2788 3873 2840 xpu-

2316 2851 2477 2916 ταιὸς
2498 2852 2594 2905 καὶ
2633 2853 2907 2921 δυνατὸς,
2945 2857 3156 2923 Κύριος
3183 2857 3438 2924 δυνατὸς
3467 2860 3536 2912 έν
3583 2860 3828 2930 πολέμῳ
3856 2878 3873 2895 ⁸

2314 2943 2468 2993 τοῦτο
2519 2943 2644 3012 γὰρ,
2699 2944 2865 3013 ὕμνος
2908 2946 3170 3011 ἐπινίκιος
3200 2964 3215 2981 ο
3253 2950 3375 3002 ἐπεὶ
3411 2951 3501 3003 καὶ
3531 2949 3874 3030 ἀλαλαγμὸς.

2316 3031 2465 3098 φωνή
2495 3033 2642 3082 ἐστιν
2675 3034 2937 3094 ἑπινίκιος
2961 3050 2976 3065 ο
3000 3035 3180 3105 φωνὴν
3207 3037 3264 3088 δὲ
3295 3038 3613 3106 σάλπιγγος,
3645 3041 3735 3094 διὰ
3764 3043 3832 3098 τό
3854 3058 3873 3076 ⁶

2319 3119 2520 3187 Ἄρατε
2545 3121 2762 3186 πύλας,
2799 3127 2854 3174 ol
2882 3123 3186 3191 ἄρχοντες,
3217 3127 3404 3195 ὑμῶν,
3452 3122 3546 3182 καὶ
3584 3134 3651 3186 τὰ
3689 3131 3819 3204 ἑξῆς
3853 3149 3871 3164 ⁸

2313 3209 2545 3262 ὁδοποιεῖ
2591 3210 2699 3279 γὰρ
2739 3213 2773 3280 ἡ
2827 3212 3081 3288 σάλπιγξ,
3143 3218 3252 3277 rei;
3295 3215 3752 3286 ἀναζευγνῦουσιν
3801 3225 3875 3277 ὲκ

2316 3297 2551 3366 πολέμου
2581 3298 2913 3369 βασιλεῦσιν.
2949 3304 3018 3355 Ἦ
3048 3305 3141 3358 καὶ
3164 3305 3340 3369 ἄλλως
3371 3303 3528 3362 εἶπεν
3558 3311 3651 3374 τὰς
3680 3314 3872 3380 φωνὰς

2285 3389 2423 3466 τῶν.
2447 3391 2698 3458 ἀγγέλων
2716 3392 3029 3461 ἀλαλαγμὸν
3067 3397 3158 3447 καὶ
3194 3398 3376 3466 φωνὴν
3419 3399 3735 3469 σάλπιγγος,
3773 3403 3872 3456 διὰ

2312 3481 2370 3532 τὸ
2395 3482 2608 3551 τρανῶς
2627 3483 2719 3544 καὶ
2747 3483 2910 3547 ὀξέως
2934 3486 3263 3555 ἀκουσθῆναι
3293 3488 3359 3540 τά
3386 3489 3608 3543 τοιαῦτα
3641 3493 3874 3562 ῥήματα.

2311 3571 2447 3639 πρὸς
2489 3572 2705 3633 ἅπαντα
2752 3574 2843 3628 τοῦ
2871 3577 3073 3644 κόσμου
3102 3577 3169 3630 τά
3203 3579 3435 3648 πέρατα,
3482 3581 3575 3634 διὰ
3611 3581 3714 3650 τῆς
3749 3582 3875 3638 τῶν

2309 3664 2621 3718 ἀποστόλων
2661 3666 3025 3733 διδασκαλίας.

2389 3839 2624 3895 Ψάλατε
2654 3842 2734 3907 τῷ
2790 3842 2910 3907 Θεῷ
2957 3844 3142 3912 ἡμῶν,
3196 3845 3435 3914 ψάλατε
3491 3852 3571 3915 τῷ
3614 3851 3871 3915 ﬂuentes

2309 3930 2498 4000 ἡμῶν,
2525 3932 2782 4000 ψᾶλαι-ε.
2814 3936 3222 4006 Διηγησάμενος
3250 3938 3311 3989 τὸ
3340 3939 3572 4008 μέγεθος
3625 3943 3733 3996 τῶν
3761 3945 3866 3998 τοῦ

2309 4021 2546 4092 Χριστοῦ
2577 4023 3033 4102 κατορθωμάτων,
3077 4028 3231 4080 καλεῖ
3249 4029 3347 4099 τὴν
3398 4032 3722 4102 οἰκουμένην
3772 4036 3870 4099 ’τις

2309 4115 2583 4185 εὐφημίαν
2621 4115 2759 4184 μετά
2787 4100 2988 4186 πολλῆς
3019 4121 3115 4189 τῆς
3143 4121 3383 4188 σπουδῆς
3423 4137 3438 4152 ⁸
3498 4100 3656 4179 τοῦτο
3694 4127 3801 4196 γὰρ
3832 4129 3868 4180 δ
3931 4197 3939 4203 ἢ

2307 4202 2402 4259 τοῦ
2439 4205 2677 4260 Ψὰλατε
2728 4208 3467 4282 παρίστησι-διπλασιασμός.
3523 4214 3862 4280 Ψάλατεδδ,

2311 4295 2435 4349 ἀντὶ
2466 4297 2857 4368 Μελῳδήσατε,
2896 4299 3014 4355 εἶτα
3049 4304 3142 4358 καὶ
3179 4305 3210 4374 ἠ
3247 4307 3394 4358 αἰτία
3420 4305 3511 4359 τοῦ
3540 4307 3800 4362 Ψὰλαττο

2367 4474 2494 4528 Ὅτι
2531 4475 2828 4541 βασιλεὺς
2850 4480 2882 4531 ό
2913 4478 3055 4541 Θεὸς
3074 4478 3274 4547 πάσης
3307 4481 3418 4548 τῆς
3443 4484 3576 4552 τῆς,
3617 4486 3867 4555 ﬂuat:

653 4553 942 4617 sapienter.
971 4551 1184 4617 Caiiite,
1217 4555 1414 4624 inquit,
1468 4557 1577 4612 Deo
1601 4559 1734 4629 Regi
1767 4571 1978 4626 nostro,
2014 4565 2065 4618 id
2097 4577 2199 4632 est,

2314 4567 2597 4633 συνετῶς.
2637 4566 3020 4639 Μελῳδήσατε,
3068 4573 3222 4638 φησι,
3284 4574 3362 4642 τῷ
3420 4551 3540 4646 Θεῷ
3581 4551 3660 4648 sip
3692 4579 3857 4649 βασι-

656 4640 873 4694 Chrism
901 4658 915 4696 :
953 4645 1211 4712 quoniam
1250 4643 1366 4700 Res
1392 4657 1488 4709 est
1520 4650 1687 4704 totius
1719 4659 1877 4706 terrae
1905 4672 1917 4707 :
1957 4654 2095 4709 Data
2125 4668 2202 4712 est

655 4731 798 4781 cnim
826 4732 972 4796 mihi,
1007 4734 1202 4802 inquit,
1240 4737 1408 4788 omnis
1424 4746 1656 4804 potestas
1683 4741 1739 4792 in
1767 4742 1894 4798 caelo
1919 4753 1968 4798 et
1997 4746 2050 4799 in
2100 4759 2205 4802 tero

615 4847 620 4852 -
656 4832 714 4868 ru
747 4817 815 4872 ".
853 4819 1071 4875 Psallite
1104 4834 1282 4877 autem
1332 4841 1438 4879 non
1472 4827 1816 4897 simpliciter,
1852 4836 1946 4886 sed
1990 4837 2203 4905 sapien~

655 4913 756 4970 ter,
796 4909 895 4962 hoc
924 4920 1030 4976 est,
1080 4927 1186 4966 non
1243 4914 1426 4983 lingua
1479 4927 1711 4984 tantum,
1783 4923 1876 4975 sed
1927 4925 2089 4979 corde
2151 4937 2204 4982 et

655 4997 929 5078 intellectu
979 5018 994 5052 :
1040 5001 1408 5074 intelligentes
1457 5009 1669 5065 scilicet
1713 5012 1765 5066 id
1805 5015 1950 5083 quod
1979 5017 2200 5086 canitis,

654 5093 709 5136 et
739 5100 986 5152 quaenam
1016 5090 1124 5143 sint
1156 5095 1415 5158 praeclara
1447 5090 1596 5154 illius
1625 5114 1814 5169 opera.

725 5175 886 5230 Vens.
917 5177 968 5231 9.
999 5178 1249 5250 Regnavit
1289 5184 1425 5238 Deus
1456 5204 1609 5256 super
1638 5202 1832 5262 gentes.
1877 5195 2047 5251 Antea
2087 5198 2203 5267 qui-

656 5263 775 5316 dem
814 5268 952 5322 Deus
979 5273 1218 5337 gentium
1266 5276 1427 5329 etiam
1485 5278 1886 5349 dominabatur,
1930 5263 2120 5340 verum
2145 5296 2202 5342 ut

658 5354 958 5411 nolentium
1001 5367 1056 5414 et
1106 5364 1420 5433 rebellium,
1470 5385 1614 5425 nunc
1660 5385 1840 5428 autem
1893 5377 2198 5436 volentibus

657 5445 910 5514 imperat,
940 5461 1000 5504 ut
1029 5454 1362 5526 redemptor.
1399 5459 1465 5512 Et
1489 5465 1615 5530 quia
1650 5464 1921 5535 duplicem
1947 5469 2200 5527 Christus

661 5538 824 5590 habet
850 5551 1127 5627 naturam,
1155 5557 1278 5602 ante
1329 5549 1756 5609 incarnationem
1789 5573 1911 5612 eum
1946 5575 2199 5630 regnasse

659 5629 894 5685 uicimus
946 5627 1006 5687 ut
1041 5635 1230 5700 Deum,
1284 5649 1407 5708 post
1447 5647 1902 5702 resurrectionem
1937 5627 2065 5706 vero
2115 5668 2198 5708 re

2307 4656 2388 4711 λεῖ
2407 4659 2587 4728 ἡμῶν,
2613 4660 2731 4728 ἤτοι
2754 4660 2829 4729 τῷ
2851 4661 3091 4731 Χριστῷ,
3112 4661 3247 4715 διότι
3279 4662 3533 4733 βασιλεὺς
3548 4669 3729 4740 πάσης
3751 4671 3860 4742 τῆς
3875 4693 3888 4706 -

2307 4752 2410 4819 γῆς
2429 4753 2599 4816 sat-tv.
2614 4750 2820 4818 Ἐδόθη
2831 4769 2936 4821 μοι
2966 4753 3096 4824 γάρ,
3125 4757 3280 4823 φησὶ,
3306 4757 3474 4816 πᾶσα
3502 4759 3754 4824 ἐξουσία
3781 4763 3860 4818 ἐν

2305 4841 2536 4912 οὐρανῷ
2565 4846 2663 4898 καὶ
2705 4845 2803 4899 ἐπὶ
2842 4846 2952 4915 γῆς
2980 4864 2994 4878 ·
3026 4847 3231 4916 ψάλατε
3263 4847 3320 4902 δὲ
3356 4850 3434 4920 μὴ
3463 4853 3669 4920 ἁπλῶς,
3709 4857 3855 4912 ἀλλὰ

2307 4934 2531 5004 νοητῶς,
2550 4936 2714 5005 ἤγουν
2740 4937 2816 5007 μὴ
2835 4937 3044 5010 γλώττῃ
3063 4941 3244 5009 μόνον,
3266 4942 3401 4996 ἀλλά
3427 4947 3517 4998 καὶ
3537 4946 3636 5010 νοτ,
3661 4950 3855 5000 συνέν-

2304 5043 2415 5092 τες,
2465 5028 2573 5080 τίνι
2605 5027 2916 5099 μελῳδεῖτε,
2960 5033 3054 5085 καὶ
3087 5033 3179 5086 ἐπὶ
3210 5035 3382 5098 ποίοις
3407 5037 3851 5109 κατορθώμασιν.

2385 5206 2806 5262 Ἐϐασίλευσεν
2842 5211 2876 5262 ὁ
2901 5211 3042 5276 Θεὸς
3071 5209 3165 5264 ἐπὶ
3224 5210 3294 5264 τὰ
3357 5212 3517 5279 ἔθνη.
3583 5214 3852 5283 Πρότερον

2307 5298 2404 5367 μὲν
2454 5295 2765 5352 ἐϐασίλευεν
2798 5301 3058 5365 ἀκόντων,
3102 5302 3175 5365 ὡς
3220 5302 3548 5373 δημιουργός
3582 5321 3597 5334 ·
3641 5305 3734 5357 νῦν
3765 5306 3848 5370 δὲ,

2306 5391 2559 5458 ἑκόντων,
2590 5391 2665 5454 ὡς
2699 5393 3014 5464 Λυτρωτής.
3046 5395 3154 5446 Καὶ
3190 5395 3311 5448 ἐπεὶ
3333 5394 3552 5458 διπλοῦς
3599 5390 3688 5465 ἦν,
3741 5397 3852 5465 πρὸ

2308 5483 2408 5552 μὲν
2440 5483 2539 5551 τῆς
2568 5484 3052 5553 ἐνανθρωπήσεως,
3083 5486 3157 5548 ὡς
3184 5484 3316 5547 Θεὸς
3347 5482 3489 5555 εἶχεν
3537 5493 3635 5556 την
3689 5485 3847 5556 βασι-

2303 5572 2453 5622 λείαν
2483 5587 2498 5602 ο
2537 5572 2675 5639 μετά
2700 5573 2756 5625 δὲ
2785 5573 2884 5640 τὴν
2923 5574 2987 5626 ὲκ
3024 5573 3230 5642 νεκρῶν
3295 5575 3608 5639 ἀνάστασιν,
3657 5574 3847 5628 ἔλασιν

2304 5657 2595 5725 αὐτὴνκαὶ
2619 5658 2693 5720 ὡς
2723 5660 3023 5728 ἄνθρωπος.
3052 5663 3181 5715 Τότε
3210 5665 3315 5731 γὰρ
3346 5655 3466 5714 εἷπε
3489 5661 3551 5715 τό
3578 5677 3593 5692 ⁶
3637 5662 3850 5733 Ἐδόθη

733 5807 776 5837 ⁷⁸
812 5808 954 5864 Psal.
1005 5828 1063 5874 ιι,
1100 5813 1154 5866 8.
1227 5815 1272 5847 "
1304 5816 1451 5870 Psal.
1499 5834 1652 5887 nm,
1691 5823 1744 5877 8.
1851 5826 1895 5856 ’³
1930 5827 2063 5882 ibid.
2100 5831 2149 5885 7.

2314 5835 2492 5890 Matth.
2529 5850 2722 5902 “vni,
2772 5837 2855 5890 l8.
