4108 6330
272 357 385 426 51⁸1

1429 363 1816 428 COMMENT.
1864 367 1944 428 IN
1984 367 2342 430 PSALMOS.

3378 368 3484 434 513

245 494 376 546 μοι
403 474 574 531 πᾶσα
601 475 874 541 ἐξουσία,
905 479 997 531 καὶ
1028 479 1096 532 τὰ
1127 479 1273 548 ἑξῆς.
1326 477 1449 534 Ἐπὶ
1502 481 1571 535 τὰ
1601 481 1730 552 ἔθνη
1753 482 1832 550 δὲ,

1950 499 2097 552 gnum
2123 483 2304 538 denuo
2325 481 2690 553 assumpsisse
2713 488 2773 536 ut
2797 482 3068 538 hominem
3091 500 3107 550 ;
3136 482 3192 540 et
3221 483 3340 540 ideo
3369 494 3500 540 tune

271 569 522 639 δηλονότι
546 570 752 638 πάντα,
789 571 870 624 ὅτι
891 574 948 625 ὲν
979 573 1182 626 ἆπασιν
1212 572 1389 625 ἔθνεσι
1407 573 1834 628 πεπιστεύκασιο

274 660 376 711 καὶ
399 662 474 730 πῇ
516 661 638 729 μὲν,
671 661 903 714 καθόλου
931 663 990 714 τὸ
1015 663 1166 726 ἔθνος
1197 664 1342 718 ἅπαν
1365 681 1382 696 ο
1416 667 1490 735 πῇ
1514 665 1592 730 δὲ,
1620 663 1680 730 ἐξ
1708 668 1839 736 ἡμι-

278 749 435 812 σείας
454 766 466 778 ⁸
509 753 582 819 πῇ
607 751 686 812 δὲ.
721 753 783 804 ἐκ
815 753 1035 822 μέρους.
1069 757 1172 818 Εἰς
1193 753 1397 808 πᾶσαν
1422 755 1528 826 γὰρ
1575 756 1692 826 τὴν
1721 755 1840 828 γῆν

275 840 542 908 ἐξῆλθεν
571 845 605 896 ό
640 846 897 913 φθόγγος
915 843 1031 898 τῶν
1055 846 1383 901 ἀποστόλων.

364 1103 426 1154 '0
449 1102 592 1168 Θεὸς
613 1101 862 1171 κάθηται
890 1105 988 1160 ἐπὶ
1041 1109 1259 1176 epos-av
1306 1112 1480 1180 ἁγίου
1543 1115 1746 1168 αυτοῦ.
1781 1115 1842 1168 '0

279 1193 385 1263 μὲν
408 1196 613 1260 θρόνος,
651 1194 928 1264 βασιλείας
955 1198 1222 1268 σύμϐολον
1247 1217 1264 1234 ο
1330 1202 1392 1256 τὸ
1436 1203 1490 1256 δὲ
1548 1207 1840 1275 καθῆσθαι,

278 1283 666 1356 βεϐαιότητος.
695 1289 859 1359 Λέγει
901 1287 1014 1355 οὖν,
1055 1293 1136 1345 ὅτι
1175 1294 1202 1345 ὁ
1248 1295 1481 1365 Χριστὸς
1532 1297 1844 1366 βεϐαιοζται

277 1377 378 1428 ἐπὶ
404 1377 504 1446 τῆς
531 1379 809 1448 βασιλείας
862 1384 1046 1446 αὐτοῦ,
1099 1386 1239 1438 κατὰ
1292 1387 1382 1440 τό’
1431 1389 1744 1444 Ἐκάθισεν
1777 1394 1848 1445 ἐν

273 1462 453 1532 δεξιᾷ
487 1467 595 1534 τῆς
611 1474 1040 1539 μεγαλοσύνης
1064 1475 1132 1527 ἑν
1161 1475 1420 1543 ὑψηλοῖς
1441 1495 1456 1510 ο
1482 1479 1574 1531 τοῦ
1608 1482 1844 1548 μεγάλου

270 1557 338 1631 δὲ
372 1558 607 1624 Παύλου,
630 1561 692 1612 τὸ
723 1564 907 1632 ῥητόν.
939 1563 1223 1633 Ἀγιονδὲ
1288 1569 1378 1622 τὸν
1423 1571 1612 1640 θρόνον
1671 1568 1847 1635 εἶπεν,

270 1647 363 1708 ὡς
386 1649 624 1719 καθαρὸν
668 1651 848 1722 πάσης
908 1657 1387 1726 προσωποληψίας,
1460 1663 1553 1711 καὶ
1629 1661 1851 1732 ἀπαρά-

271 1755 548 1808 γραπτον.

363 1917 685 1984 Ἄρχοντες
720 1918 887 1972 ,λαῶν
923 1921 1328 1991 συνήχθησαν
1343 1927 1495 1994 μετὰ
1536 1929 1642 1982 τοῦ
1695 1931 1844 1987 Θεοῦ

285 2005 568 2076 Ἀϐραάμ.
614 2007 880 2063 Ἐνταῦθα
907 2010 1145 2066 δείκνυσι
1197 2015 1290 2067 τοῦ
1342 2018 1696 2085 εὐαγγελικοῦ
1743 2039 1846 2093 κη-

277 2097 570 2168 ρύγματος
592 2099 690 2169 τὴν
722 2100 895 2170 ἰσχὺν,
927 2103 1007 2156 ὅτι
1041 2104 1143 2156 οὐκ
1191 2105 1414 2159 ἰδιωτῶν
1473 2111 1655 2178 μόνον,
1711 2115 1848 2168 ἀλλὰ

272 2189 386 2276 καὶ
413 2188 677 2256 βασιλέων
705 2194 799 2244 καὶ
837 2194 1124 2263 ἡγεμόνων
1146 2196 1339 2266 ἥψατο.
1375 2201 1483 2252 Καὶ
1533 2203 1686 2256 αὐτοὶ
1739 2206 1846 2276 γὰρ

272 2273 456 2344 οὗτοι,
484 2280 827 2351 συνήχθησαν
857 2286 994 2352 μετὰ
1019 2286 1113 2339 τοῦ
1149 2289 1403 2356 Χριστοῦ,
1475 2288 1574 2359 τῆς
1628 2273 1846 2362 μερίδος

273 2369 456 2422 αὐτοῦ
488 2372 766 2438 γενόμενοι
793 2390 807 2404 ·
839 2375 974 2427 Θεοῦ
1006 2376 1062 2430 δὲ
1109 2378 1358 2447 Ἀϐραὰμ
1403 2378 1577 2443 εἶπεν,
1641 2385 1844 2454 ὲμφαίυ

272 2473 417 2520 νων,
450 2459 530 2510 ὅτι
555 2454 707 2522 οὗτος
740 2458 807 2530 ἦν
837 2465 865 2514 ὁ
899 2465 1178 2529 κάκείνου,
1227 2469 1320 2520 καὶ
1377 2469 1485 2522 τῶν
1535 2471 1595 2535 ἐξ
1635 2474 1841 2529 ἐκείνου

273 2546 443 2609 Θεὸς,
477 2551 566 2600 καὶ
582 2544 670 2632 εἷς
695 2545 849 2614 οὗτος
883 2555 1177 2627 νομοθέτης
1204 2559 1304 2636 τῆς
1361 2560 1602 2626 Παλαιᾶς
1648 2566 1872 2636 Διαθή--

273 2652 416 2704 κης.
467 2641 558 2691 καὶ
589 2640 685 2710 τῆς
698 2642 940 2713 Καινῆς.
1203 2633 1218 2642 ’

364 2897 483 2948 Ὅτι
508 2897 611 2951 τοῦ
633 2899 780 2953 Θεοῦ
801 2902 852 2954 οἱ
871 2905 1133 2969 κραταιοὶ
1167 2905 1271 2972 τῆς
1287 2907 1397 2977 γῆς
1421 2909 1654 2977 σφόδρα
1668 2910 1848 2979 ἐπήρ-

286 2989 518 3053 θησαν.
589 2991 942 3062 Συνήχθησαν
975 2996 1027 3047 δὲ
1062 2999 1199 3064 μετὰ
1258 2999 1349 3050 τοῦ
1404 2999 1557 3064 Θεοῦ,
1613 2995 1764 3056 διότι’
1798 3005 1846 3055 ol

1939 576 2009 628 ab
2040 587 2108 628 eo
2137 574 2343 642 dictum
2377 574 2605 644 legimus
2643 592 2655 627 :
2691 573 2826 626 Data
2847 583 2923 628 est
2969 574 3093 627 mihi
3141 591 3313 629 omnis
3359 591 3501 644 pote-

1937 676 2066 722 stas.
2106 667 2238 720 Data
2267 672 2352 720 est
2396 674 2576 720 autem
2609 681 2771 735 super
2799 679 2991 719 omnes
3028 674 3238 734 gentes,
3281 669 3408 736 quia
3446 670 3500 722 in

1937 758 2196 812 omnibus
2217 758 2472 826 gentibus
2509 756 2698 811 ﬁdeles
2730 757 2927 826 reperti
2955 767 3098 810 sunt.
3131 757 3195 811 Et
3227 759 3354 812 alibi
3385 759 3502 830 qui-

1938 847 2060 902 dem
2093 847 2146 900 in
2183 846 2493 901 universum
2526 854 2638 899 tota
2670 848 2824 899 natio
2857 846 3113 911 credidit,
3165 847 3289 900 alibi
3318 858 3496 902 autem

1939 950 2066 1005 pars
2099 937 2296 1004 major,
2329 945 2424 988 aut
2463 937 2662 1001 minor.
2699 935 2760 988 In
2786 952 2987 988 onmem
3011 937 3155 990 enim
3182 939 3496 990 terramexi~

1939 1027 2011 1078 vit
2040 1027 2404 1094 apostolorum
2444 1043 2602 1080 sonus
2635 1025 2702 1078 ⁷⁸.

2011 1115 2151 1168 Deus
2181 1115 2320 1169 sedet
2343 1131 2497 1183 super
2523 1116 2760 1169 thronum
2790 1126 3028 1169 sanctum
3054 1130 3226 1178 suum,
3252 1113 3502 1169 Thronus

1943 1214 2028 1257 est
2053 1205 2212 1274 regia:
2241 1183 2521 1274 dignitatis
2556 1210 2804 1275 signum;
2839 1205 3028 1258 sedere
3074 1213 3252 1257 autent
3294 1204 3504 1256 stabili-

1945 1295 2076 1348 tatis
2103 1295 2390 1350 indicium.
2418 1295 2624 1349 Sensus
2655 1303 2759 1358 est,
2788 1294 3070 1349 Christum
3104 1296 3157 1348 in
3197 1295 3299 1348 hoc
3337 1307 3501 1362 regno

1947 1399 2049 1440 suo
2102 1387 2349 1440 Stabilem
2400 1401 2554 1453 esse;
2600 1387 2752 1454 juxta
2785 1402 2946 1454 quem
2997 1402 3218 1439 sensum
3275 1386 3502 1454 legimus

1949 1476 2090 1543 apud
2146 1477 2486 1544 Apostolum,
2538 1477 2679 1544 quod
2728 1479 2916 1532 sedere
2969 1476 3120 1529 illum
3173 1474 3304 1530 fecit
3364 1474 3504 1528 Deus

1949 1568 2002 1620 in
2029 1567 2244 1621 dextera
2278 1567 2577 1635 majestatis
2620 1567 2674 1620 in
2715 1569 2926 1621 excelsis
2963 1569 3030 1620 ".
3069 1566 3329 1619 Sanctum
3376 1581 3502 1619 vero

1952 1655 2210 1707 thronum
2267 1655 2425 1714 dixit.
2482 1655 2647 1707 veluti
2690 1670 2882 1722 purum
2935 1669 2998 1707 ac
3049 1651 3305 1706 mundum
3356 1654 3501 1705 omni

1956 1745 2270 1814 acceptione
2303 1760 2657 1813 personarum
2688 1753 2853 1812 atque
2880 1742 2985 1796 alia
3014 1744 3160 1797 oumi
3192 1743 3505 1811 exceptione

1879 1841 1922 1895 Β
1949 1850 2239 1893 carentem.

2015 1926 2182 1982 Vens.
2237 1927 2324 1981 10.
2368 1928 2637 1991 Principes
2680 1924 2988 1992 populorum
3045 1913 3346 1993 congregati
3382 1933 3505 1976 sunt

1946 2033 2061 2071 cum
2101 2018 2207 2071 Deo
2246 2017 2538 2069 Abraham.
2574 2015 2908 2083 Evangelicze
2931 2014 3336 2082 praedicationis
3360 2013 3504 2066 vires

1946 2109 2120 2177 magis
2155 2109 2318 2161 etiam
2348 2107 2707 2166 demonstrat.
2747 2104 2889 2174 quod
2920 2119 3026 2157 non
3062 2103 3261 2157 idiotas
3293 2110 3502 2154 tantum

1945 2209 1999 2254 et
2031 2202 2274 2269 privatos
2309 2199 2580 2260 homines,
2607 2197 2699 2250 sed
2748 2196 3025 2264 principes
3075 2198 3235 2248 etiam
3269 2202 3320 2246 et
3352 2206 3506 2260 rege.)

1947 2291 2095 2358 ipsos
2138 2277 2453 2341 attraxerit.
2504 2285 2782 2355 Siquidem
2828 2293 2883 2338 et
2950 2298 3138 2337 eorum
3193 2283 3344 2334 multi
3377 2295 3503 2334 cum

1945 2380 2169 2434 Christo
2217 2377 2533 2451 congregati
2574 2384 2702 2431 sunt
2739 2386 2793 2429 et
2840 2376 3074 2444 partium
3129 2374 3245 2442 ejus
3298 2369 3502 2425 ellecti.

1952 2470 2116 2526 Deum
2168 2479 2347 2524 autem
2407 2470 2677 2522 Abraham
2738 2467 3017 2523 Christum
3079 2465 3387 2535 appellavit,
3445 2471 3505 2515 ut

1947 2561 2194 2616 eumdem
2231 2575 2352 2613 eum
2383 2575 2504 2614 esse
2533 2557 2884 2629 significaret,
2910 2561 3000 2626 qui
3040 2558 3168 2612 olim
3202 2556 3432 2608 Abrahae
3454 2563 3508 2607 et

1945 2660 2288 2719 posterorum
2327 2650 2442 2720 ejus
2489 2648 2632 2702 Deus
2673 2647 2876 2710 fuerat,
2912 2657 3078 2716 utque
3113 2649 3359 2702 euntdem
3385 2657 3509 2699 esse

1946 2740 2259 2794 ostenderet
2292 2737 2516 2805 Antiqui
2548 2737 2885 2792 Testamenti
2913 2735 3276 2806 legislaturem
3310 2733 3502 2795 Deum,

1947 2831 2040 2898 qui
2077 2831 2239 2882 etiam
2269 2838 2325 2882 et
2353 2828 2510 2882 Novi.

2020 2921 2281 2986 Quoniam
2305 2921 2466 2986 [orles
2489 2917 2583 2971 Dei
2600 2921 2785 2982 afterra
2812 2916 3126 2970 uehementer
3156 2913 3343 2967 elevati
3362 2916 3504 2964 sunt.

1947 3010 2267 3079 Congregati
2298 3020 2478 3062 autem
2515 3017 2787 3062 suntcum
2819 3007 2930 3059 Deo
2984 3006 3256 3058 Abraham
3313 3003 3386 3055 illi
3420 3017 3513 3071 po-

276 3077 601 3144 articulat,
645 3082 890 3150 (τούτους
920 3084 1026 3151 γὰρ
1078 3086 1358 3154 ὠνόμασεν
1413 3094 1705 3158 κραταιοὺς
1753 3093 1845 3145 τοῦ

276 3169 429 3209 θεοῦ
483 3170 556 3209 ὧν
579 3174 642 3209 ιιιῖ
671 3172 894 3209 κιμιᾶηει
928 3175 1020 3209 ηιΛῆ
1053 3178 1205 3209 Annum
1266 3180 1579 3209 fl..-.'...----
1640 3200 1810 3209 ..-.--..

1950 3105 2200 3171 pulorum
2251 3101 2548 3169 principes,
2585 3099 2842 3166 quoniam
2875 3094 3107 3164 apostoli
3142 3092 3307 3162 [quos
3331 3106 3392 3144 ea
3422 3107 3510 3144 ra-

1953 3192 2097 3209 μμ.-
2124 3188 2161 3209 η
2196 3199 2293 3209 μ.--
2324 3189 2408 3209 n-_-
2446 3191 2638 3209 L----.
2665 3189 2914 3209 __|.-.-..-..
2947 3183 3336 3209 n-:........tl....:a
3380 3181 3504 3209 ,τηιν-

274 3169 451 3232 Θεοῦ,
483 3170 556 3232 ὡς
579 3174 642 3240 τῇ
671 3172 898 3242 δυνάμει
928 3175 1020 3227 τοῦ
1052 3178 1205 3244 ἁγίου
1263 3180 1579 3249 Ιινεύματος
1640 3200 1844 3257 κεκραη

274 3261 646 3328 ταιωμὲνους,
680 3267 774 3318 καὶ
803 3265 1070 3336 δαιμόνων
1106 3269 1200 3320 καὶ
1244 3270 1522 3340 τυράννων
1569 3291 1844 3346 κεκρατη-

277 3348 502 3419 κότας),
541 3353 740 3423 σφόδρα
769 3355 878 3406 τῶν
900 3357 1100 3424 γηΐνων
1128 3358 1379 3412 ἁπάντων
1408 3362 1664 3431 ἀνῶτεροι
1687 3366 1848 3433 γεγόο

278 3457 437 3501 νασι,
473 3445 608 3512 μήτε
645 3445 878 3514 ηδοναϊς,
913 3449 1051 3516 μήτε
1081 3448 1277 3510 λύπαις
1309 3451 1630 3516 ἐαλωκότες.

1953 3192 2101 3244 tione
2118 3188 2295 3243 Fortes
2315 3189 2428 3251 Dei,
2446 3191 2544 3240 hoc
2558 3197 2643 3240 est
2665 3189 2917 3239 robustos
2947 3183 3360 3251 Deiappellavit,
3379 3181 3505 3248 quia

1953 3280 2126 3336 sancti
2162 3280 2402 3347 Spiritus
2429 3278 2633 3331 auxilio
2681 3275 2983 3339 lortilieati,
3014 3273 3292 3327 daemones
3321 3281 3372 3325 et
3430 3282 3510 3339 ty-

1953 3387 2154 3426 rannos
2189 3369 2477 3441 vicerunt]
2511 3387 2524 3423 :
2558 3370 2814 3438 quoniam
2860 3367 2937 3429 hi,
2982 3367 3223 3435 inquam;
3282 3361 3510 3431 apostoli

1954 3473 2168 3518 terrena
2194 3479 2256 3517 ac
2286 3462 2558 3516 mundana
2587 3463 2770 3512 omnia
2797 3461 3214 3526 superaverunt,
3232 3470 3335 3508 nec
3356 3449 3509 3507 volu-

287 3534 534 3600 ptatihus
566 3534 690 3588 ullis
718 3546 818 3588 aut.
838 3537 1280 3593 tribulationibus
1311 3542 1438 3596 victi
1465 3555 1593 3597 sunt
1617 3545 1732 3616 [sed
1763 3550 1875 3605 vita
1915 3567 1977 3606 ac
2009 3569 2262 3608 sermone
2301 3567 2514 3620 semper
2537 3551 2850 3604 claruerunt
2880 3565 2894 3601 :
2932 3555 3091 3616 atque
3121 3547 3242 3600 ideo
3279 3559 3374 3614 per
3392 3556 3508 3595 eos:
3579 3575 3584 3580 ο

283 3628 492 3682 summi
522 3629 681 3683 etiam
708 3631 980 3700 principes
1009 3647 1072 3686 ac
1103 3647 1276 3700 reges,
1303 3635 1369 3688 ad
1396 3635 1674 3692 Christum
1701 3641 1914 3696 adducti
1948 3655 2096 3700 sunt.
2126 3647 2256 3699 Illud
2292 3660 2397 3698 non
2427 3641 2858 3713 praetereundum
2888 3639 3143 3694 dummus
3170 3638 3316 3708 quod
3339 3636 3510 3693 dictio

287 3721 391 3774 Dei
421 3722 637 3788 genitivi
674 3739 836 3779 casus
865 3733 970 3791 est,
1006 3729 1461 3794 quemadmodum
1495 3737 1762 3802 expositio
1792 3737 1994 3806 docuit,
2022 3751 2075 3794 et
2099 3757 2161 3792 ex
2193 3738 2378 3792 Graeca
2411 3737 2638 3791 lectione
2668 3735 2910 3801 apertius
2937 3731 3132 3800 patet].

289 3815 543 3884 Ψαλμὸς
576 3815 735 3886 ᾠδῆς
769 3818 892 3882 τοῖς
920 3820 1069 3885 υἱοῖς
1092 3825 1239 3891 Κορὲ
1268 3823 1512 3892 δευτέρᾳ
1549 3828 1851 3885 Σαϐϐάτου

867 3913 1156 3967 ΨΑΛΜΟΣ
1186 3918 1316 3970 MZ'.

305 4000 431 4090 βτί
461 4004 558 4072 μὲν
583 4004 877 4074 ἑρμηνεύει
913 4008 1359 4078 Ψαλμὸςῴδῆς,
1405 4013 1462 4064 ὲν
1508 4014 1622 4075 τοῖς
1666 4031 1852 4084 προοι-

211 4099 218 4103 ’
284 4095 442 4165 μιοις
476 4097 572 4163 τῆς
598 4095 889 4165 παρούσης
909 4097 1091 4166 βίϐλου
1125 4100 1564 4170 προδιελάὸομεν.
1605 4103 1734 4156 ἔνθα
1753 4105 1850 4158 καὶ

279 4188 376 4250 τὸ,
399 4185 520 4252 Τοῖς
537 4185 686 4251 υἱοῖς
699 4189 847 4254 Κορὲ
866 4193 1270 4259 σεσαφήνισται.
1289 4192 1360 4243 Τὸ
1369 4195 1619 4262 Δευτέρᾳ
1633 4197 1688 4250 δὲ
1702 4200 1849 4252 Σαϐ-

282 4279 498 4342 σὰτου,
529 4279 628 4349 τὴν
655 4275 867 4349 ἡμέραν
910 4281 1060 4351 δηλοί
1075 4284 1196 4336 καθ’
1224 4284 1289 4354 ἥν
1316 4286 1632 4358 ὲμελῳδήθη
1656 4307 1669 4321 ο
1705 4289 1846 4345 Σάε.

284 4373 457 4444 ϐατον
486 4373 594 4442 γὰρ
647 4372 883 4443 Ἐὀραῑοι
927 4375 1025 4445 τὴν
1057 4375 1183 4446 ὃλην
1240 4376 1508 4447 ἑϐδομάδα
1569 4382 1844 4438 καλοῦσιν.

285 4464 658 4532 Εὐχαριστίσς
681 4465 738 4517 δὲ
767 4466 1008 4534 περιέχει
1036 4467 1063 4518 ὁ
1092 4467 1304 4536 enim;
1341 4464 1494 4533 οὗτος
1518 4472 1627 4524 τῶν
1655 4476 1718 4526 ἐκ
1747 4475 1848 4544 τῆς

2057 3833 2302 3886 Psalmas
2324 3829 2540 3890 cantici,
2574 3828 2701 3895 ﬁliis
2735 3825 2869 3881 Core
2901 3825 3129 3879 secmtda
3160 3822 3405 3878 Sabbati.

2439 3915 2760 3972 PSALMUS
2815 3914 3018 3970 XLVII.

2020 4013 2160 4080 Quid
2221 4012 2493 4084 signiﬁcet
2552 4009 2803 4063 Psalmus
2876 4009 3091 4071 cantici,
3149 4007 3389 4063 diximus
3449 4008 3507 4063 in
3616 4068 3620 4072 ,

1949 4106 2214 4174 ριόωηιίο
2249 4107 2454 4175 operis,
2482 4102 2570 4156 ubi
2598 4102 2761 4156 etiam
2787 4101 3210 4164 deelaravimus,
3243 4099 3374 4169 quid
3403 4099 3509 4154 sibi

1949 4196 2082 4250 velit
2132 4195 2465 4262 inscriptio:
2492 4191 2654 4245 Filiis
2680 4189 2830 4245 Core.
2874 4189 3029 4252 Quod
3063 4201 3190 4241 vero
3244 4189 3320 4240 ait
3347 4207 3361 4241 :
3392 4204 3506 4264 ,ιε-

1949 4288 2122 4342 cauda
2154 4285 2395 4350 Sabbati,
2425 4285 2567 4341 diem
2596 4284 2739 4337 illam
2771 4282 2970 4350 signat,
3003 4293 3109 4349 qua
3132 4281 3375 4348 psalmus
3406 4277 3511 4333 fuit

1949 4379 2293 4434 decantatus.
2323 4375 2623 4431 Sabbatum
2652 4381 2832 4426 autem
2872 4369 3043 4424 .ludaai
3091 4376 3259 4421 totam
3304 4367 3510 4422 hebdo-

1950 4469 2166 4523 madam
2189 4467 2484 4536 appellant.
2513 4463 2770 4518 Continet
2797 4462 2884 4516 hic
2910 4460 3154 4528 psalmus
3209 4443 3507 4526 gratiarum

282 4555 676 4625 αἰχμαλωσίας
735 4556 1057 4620 Βαϐυλῶνος
1100 4560 1508 4616 ἐπανελθόντων
1565 4562 1719 4624 α’ὓθις
1771 4567 1846 4628 εις

1954 4561 2199 4614 actiones
2223 4574 2289 4613 ex
2311 4571 2499 4612 eorum
2532 4569 2783 4626 persona.
2809 4554 2899 4619 qui
2932 4566 2962 4604 e
2987 4548 3315 4620 Babylonica
3334 4548 3508 4623 capti-

295 4645 679 4716 Ίερουσαλήμ.
720 4647 976 4717 ’Λρμόσει
1009 4648 1066 4701 δὲ
1102 4648 1192 4702 καὶ
1219 4652 1332 4713 τοῖς
1355 4650 1419 4703 ἐκ
1448 4650 1547 4721 τῆς
1567 4654 1845 4723 αἰχμάλω-

286 4746 420 4805 σίας
489 4743 598 4798 τῶν
640 4741 871 4797 εἰδώλων
955 4740 1337 4797 ἐπανελθοῦσιν
1388 4745 1469 4807 εις
1522 4745 1847 4814 θεογνωσεαν

285 4853 530 4900 πιστοις.

368 5015 566 5083 Μέγας
592 5015 825 5083 Κύριος.
846 5013 1036 5081 Μέγας
1061 5017 1129 5086 τῇ
1160 5014 1408 5086 δυνάμει,
1440 5021 1506 5088 τῇ
1568 5008 1748 5093 σοφίᾳ,
1782 5026 1849 5095 τῇ

288 5107 615 5176 spem“.

371 5198 480 5254 Kal
513 5199 746 5264 αἰνετός
779 5197 1031 5267 σφόδρα.
1070 5197 1180 5250 Καὶ
1209 5200 1416 5272 σφόδρα
1468 5201 1614 5268 ἄξιος
1683 5206 1853 5262 αἰνεῖ-

293 5291 451 5354 σθαι,
480 5290 569 5342 διὰ
601 5288 668 5340 τὰ
686 5289 766 5350 εἰς
793 5289 940 5358 ἡμᾶς
966 5289 1309 5357 γεγενημένα
1364 5291 1647 5360 τεράστια,
1703 5293 1852 5357 ὅπως

288 5385 344 5436 oi
383 5377 814 5449 ἐπιλελησμένοι,
848 5377 1163 5444 παραδόξως
1196 5377 1594 5451 ἁνεκλήθημεν,
1623 5386 1716 5435 καὶ
1751 5384 1852 5455 τῆς

291 5471 712 5544 φιλανθρωπίας
734 5467 897 5522 αὐτοῦ
919 5470 1315 5540 τετυχήκαμεν.

411 5741 454 5773 ἐ
497 5738 636 5795 Psal.
670 5752 826 5804 xvnt,
853 5736 903 5791 5.
979 5737 1024 5768 "
1068 5731 1230 5788 llehr.
1267 5747 1305 5799 ι,
1339 5735 1392 5788 5.

1957 4652 2122 4707 vitate
2137 4651 2190 4704 in
2207 4647 2510 4704 Jerusalem
2537 4659 2724 4701 rursus
2740 4642 2941 4697 reversi
2970 4648 3130 4695 sunt:
3158 4642 3368 4692 tametsi
3393 4651 3511 4690 om-

1958 4740 2120 4794 nibus
2141 4738 2307 4793 etiam
2337 4739 2514 4806 possit
2541 4732 2793 4790 ﬁdelibus
2821 4729 3016 4799 aptari,
3035 4727 3127 4797 qui
3149 4726 3218 4781 ab
3239 4726 3507 4778 idolorum

1958 4845 2021 4885 ac
2041 4829 2348 4884 damonum
2369 4824 2686 4897 captivitate
2714 4822 2779 4876 ad
2811 4816 3174 4887 cognitionem
3211 4814 3303 4870 Dei
3333 4814 3513 4869 redie-

1957 4931 2190 5067 wit”.
2224 5011 2280 5064 ‘2.
2340 5008 2563 5077 Magnus
2615 5001 2894 5058 Dominus.
2936 4999 3207 5055 Potestate
3248 4993 3508 5049 nimirum

1948 5100 2326 5170 sapientiaque
2353 5107 2407 5150 et
2436 5097 2698 5150 bonitate.
2747 5155 2766 5178 ‘

2018 5191 2087 5245 Et
2118 5188 2406 5244 laudabitis
2445 5187 2614 5241 valde.
2647 5184 2710 5238 Et
2743 5175 2898 5239 valde
2926 5179 3125 5250 dignus
3169 5177 3262 5246 qui
3318 5175 3509 5229 laude-

1948 5295 2037 5338 tur
2061 5284 2134 5338 oh
2164 5297 2378 5338 summa
2405 5279 2658 5336 videlicet
2685 5275 2968 5337 miracula,
2991 5286 3109 5350 quae
3136 5279 3392 5337 operatus
3420 5274 3510 5322 est

1945 5378 2002 5432 in
2040 5376 2217 5431 nobis.
2245 5374 2514 5430 Ohlivioni
2545 5371 2689 5426 enim
2723 5369 2838 5424 dati
2861 5365 3202 5427 videbamur,
3223 5370 3278 5416 et
3315 5371 3503 5413 tamen

1948 5467 2255 5523 mirandum
2304 5467 2361 5521 in
2386 5463 2628 5526 modum,
2658 5470 2713 5516 et
2759 5463 2954 5529 praeter
2999 5453 3240 5508 omnium
3289 5448 3508 5518 opinio-

1959 5573 2081 5613 nem
2129 5557 2197 5612 ab
2221 5558 2415 5612 exsilio
2459 5557 2514 5609 in
2543 5553 2774 5625 patriam
2807 5546 3068 5611 revocati.
3113 5552 3168 5600 et
3201 5541 3510 5596 misericor-

1957 5648 2103 5703 diam
2141 5648 2417 5704 consecuti
2445 5659 2655 5711 sumus.
