4108 6330
692 319 797 386 513

762 439 828 495 In
854 439 1063 493 civitate
1107 439 1204 492 Dei
1232 436 1422 490 nostri.
1454 435 1659 506 Dignus
1681 443 1765 489 est
1798 443 1978 489 autem
2012 435 2104 502 qui
2137 434 2252 487 lau-
2278 441 2327 495 Α

688 541 847 589 detur
898 533 952 586 in
1006 531 1226 585 civitate
1281 530 1608 593 Jerusalem,
1655 528 1709 581 in
1750 543 1856 596 qua
1901 527 2250 592 cognoscitur

687 633 746 680 et
797 623 1021 678 colitur.
1074 621 1261 694 [Neque
1313 621 1458 678 enim
1513 620 1679 675 Deum
1721 620 1945 675 laudant
1977 620 2082 688 qui
2124 635 2248 674 eum

689 716 964 787 ignorant.

757 807 818 861 In
849 815 1022 860 monte
1054 815 1239 860 sancto
1283 794 1421 872 ejus.
1462 804 1598 860 Cum
1641 804 1882 859 civitatis
1919 802 2250 868 meminerit,

673 910 1088 968 consequenter
1128 909 1181 954 et
1240 906 1479 952 montem
1529 897 1578 951 ei
1614 897 1851 951 vicinum
1905 911 1970 950 ac
2013 895 2247 964 quodam

689 989 850 1043 modo
905 990 1115 1043 unitum
1160 988 1430 1042 nominat.
1488 987 1876 1057 Saepenumero
1928 989 2093 1040 etiam
2155 1000 2251 1053 per

687 1082 1104 1150 appellationem
1135 1081 1340 1134 montis
1355 1078 1508 1142 Sion,
1557 1081 1674 1149 ipsa
1705 1077 2007 1133 Jerusalem
2048 1076 2250 1130 intelli-

686 1173 850 1241 gitur.
885 1173 1094 1226 Civitas
1123 1180 1301 1224 autem
1337 1169 1429 1225 Dei
1468 1171 1575 1224 dici
1610 1179 1790 1240 potest
1842 1169 2085 1224 Ecclesia
2117 1169 2250 1221 lide-

687 1264 820 1318 llum
865 1265 918 1317 in
972 1279 1077 1333 qua
1132 1263 1273 1318 Deus
1317 1263 1561 1316 creditur
1612 1262 1883 1324 habitare,
1919 1275 2038 1328 quae
2086 1258 2248 1312 etiam

687 1371 846 1410 mons
910 1357 1160 1410 dicitur:
1213 1355 1343 1423 quia
1405 1369 1570 1423 supra
1628 1362 1845 1405 terrena
1890 1349 2072 1404 omnia
2121 1347 2251 1401 vitia

687 1447 915 1506 eminet,
952 1456 1006 1500 et
1034 1447 1088 1498 in
1121 1445 1299 1514 ipsum
1335 1444 1512 1497 fertur
1539 1443 1763 1497 coelum.

766 1536 925 1589 Vens.
951 1536 1003 1588 5.
1030 1535 1167 1588 Bene
1186 1535 1406 1604 fundato
1427 1533 1779 1587 exsultatione
1803 1531 2055 1584 universa:
2077 1538 2250 1582 teme.

688 1629 746 1684 In
775 1640 980 1692 monte,
1011 1630 1257 1698 inquam,
1289 1627 1423 1680 bene
1457 1625 1707 1688 fundato,
1740 1621 2107 1677 exsultatione
2133 1620 2254 1672 uni-

689 1737 859 1776 ιρι-επ
905 1731 1083 1774 terras.
1136 1719 1483 1772 Post‘vocem
1529 1717 1674 1770 enim
1723 1713 1924 1783 εὐρίζῳ
1968 1713 2249 1780 interpun-

688 1811 861 1881 genda
887 1811 1064 1866 oratio
1091 1819 1213 1873 est;
1263 1808 1554 1876 legendum
1598 1803 1794 1858 deinde
1840 1801 2206 1869 ἁγαλλιάματι
2233 1839 2247 1863 ,

688 1906 791 1958 hoc
824 1912 927 1966 est,
965 1919 1089 1956 cum
1117 1902 1313 1971 gaudio
1359 1917 1424 1954 ac
1454 1899 1818 1953 delectatione
1863 1898 2034 1950 totius
2079 1894 2247 1948 orbis.

756 1993 951 2046 Montes
984 1993 1136 2056 Sion,
1163 1993 1331 2044 latera
1356 1989 1641 2058 aquilonis,
1659 1990 1842 2041 civitas
1873 1987 2024 2056 Regis
2050 1987 2248 2056 magni.

682 2081 911 2148 .Quoties
937 2083 1060 2151 quis
1101 2083 1230 2135 mihi
1264 2097 1329 2135 ex
1378 2093 1692 2135 transverso
1755 2084 1918 2145 atque
1981 2092 2044 2130 es
2084 2077 2252 2128 latere

688 2189 992 2228 conversus
1019 2185 1126 2238 est,
1176 2173 1264 2226 ille
1309 2173 1478 2225 latera
1529 2185 1647 2225 mea
1696 2184 1807 2222 non
1835 2177 2036 2222 temere
2082 2169 2112 2220 a
2169 2183 2288 2220 me.

686 2265 946 2333 appellari
981 2273 1180 2332 potest.
1213 2262 1347 2316 Nam
1389 2262 1533 2331 quod
1581 2270 1947 2314 transversum
1981 2257 2112 2310 mihi
2145 2265 2248 2319 est,

689 2367 833 2410 recte
857 2357 1062 2409 dicitur
1083 2371 1146 2410 ex
1180 2354 1353 2408 latere
1378 2354 1511 2406 mihi
1538 2367 1661 2406 esse
1683 2369 1698 2416 ;
1721 2351 1919 2419 etquia
1943 2363 2101 2401 tnons
2121 2345 2251 2400 Sion

686 2447 926 2514 aquiloni
961 2456 1124 2500 vento
1153 2461 1181 2500 e
1211 2446 1419 2500 directo
1460 2447 1724 2497 adversus
1764 2454 1870 2493 non
1918 2448 2023 2494 est.
2063 2437 2251 2505 Neque

690 2538 837 2591 enim
860 2537 1044 2606 aquilo
1076 2551 1224 2590 recta
1250 2547 1440 2589 contra
1480 2550 1602 2588 eum
1633 2534 1826 2604 spirat,
1855 2533 1946 2585 sed
1973 2546 2040 2585 ex
2076 2540 2254 2584 trans-

687 2642 868 2692 verso,
899 2629 973 2679 nil
1009 2627 1388 2680 admirandum
1419 2626 1464 2679 si
1516 2626 1662 2680 hunc
1714 2633 1950 2676 montem
1980 2621 2252 2689 PrOpheta
2299 2615 2304 2620 ⁷

691 2718 860 2770 latera
900 2718 1172 2786 aquilonis
1199 2716 1509 2784 appellavit,
1539 2715 1731 2768 dicens
1771 2731 1783 2766 :
1821 2711 1952 2777 Vos,
1985 2725 2020 2764 ο
2041 2720 2252 2766 montes

691 2808 843 2872 Sion,
882 2808 972 2875 qui
1006 2824 1068 2861 ex
1105 2815 1426 2861 transverso
1461 2806 1735 2870 aquilonis
1777 2807 1934 2868 estis,
1972 2815 2134 2872 atque
2184 2819 2252 2859 ex

689 2899 858 2953 latere
889 2899 1006 2964 ejus
1055 2899 1252 2967 jacetis
1286 2898 1304 2968 [
1333 2898 1526 2952 scitote
1563 2897 1688 2966 quia
1731 2911 1958 2964 magnus
1993 2895 2253 2949 Dominus

689 3001 772 3043 est
831 2999 886 3044 et
929 2991 1221 3044 laudabilis
1257 2991 1428 3053 value,
1482 2988 1616 3057 etc.]
1659 2989 1772 3042 Nec
1819 2988 2035 3057 illepide
2082 2989 2247 3041 etiam

1894 315 2272 379 EUTHYMII
2311 315 2666 376 ZIGABENI

3792 312 3900 377 530

2432 433 2535 487 'Er
2563 435 2738 486 πόλει
2766 431 2871 486 τοῦ
2900 432 3048 486 Θεοῦ
3081 431 3268 501 ἡμῶν.
3303 431 3577 486 Λὶνεῖσθαι
3608 431 3685 497 δὲ,
3734 434 3790 484 έν
3837 434 3907 501 τῇ

2362 522 2718 593 Ἰερουσαλὴμ
2754 526 2820 592 τῇ
2881 522 3220 594 γνωριζούσῃ
3259 540 3274 555 ’
3315 525 3364 576 οἱ
3412 523 3520 591 γὰρ
3566 523 3905 592 ἀγνοοῦντες,

2349 613 2449 666 οὐκ
2475 615 2808 668 ἐπαινοῦσιν.
3245 639 3249 642 ·

2421 791 2524 846 Ἐν
2552 793 2669 860 ὄρει
2689 793 2835 859 ἁγίῳ
2856 789 3060 846 αὑτοῦ.
3104 791 3264 844 Πιόλιν
3293 791 3485 855 είπὼν,
3521 790 3612 844 καὶ
3640 788 3735 842 τοῦ
3752 787 3914 858 ὅρους

2352 885 2491 938 Σιὼν
2535 885 2961 954 ἐμνημόνευσεν,
3014 883 3089 946 ῶς
3152 885 3432 953 ἡνωμένον
3493 885 3631 952 αὐτῇ
3690 882 3776 935 διὰ
3811 882 3914 952 τὴν

2350 976 2662 1045 ἐγγύτητα·
2699 975 2956 1038 πολλάκις
2973 976 3028 1028 δὲ
3058 977 3153 1028 καὶ
3214 976 3321 1028 ἀπὸ
3387 974 3548 1043 μόνου
3611 973 3706 1026 τοῦ
3748 974 3914 1041 ὄρους

2350 1069 2542 1122 τούτου
2572 1070 2722 1138 δηλοῖ
2743 1068 2840 1136 τὴν
2882 1067 3254 1138 Ἰερουσαλήμ.
3272 1065 3372 1136 Εἴη
3403 1067 3451 1120 δ’
3490 1067 3556 1119 ἂν
3583 1065 3736 1126 πόλις
3774 1063 3912 1117 Θεοῦ

2351 1163 2491 1229 καὶὴ
2529 1160 2827 1229 Ἐκκλησία
2843 1159 2950 1212 τῶν
2976 1159 3206 1226 πιστῶν,
3234 1152 3528 1233 ἐνοικεῖν
3561 1157 3879 1212 πιστεύεται
3895 1173 3911 1188 ⁸

2352 1256 2384 1323 ἡ
2414 1255 2457 1306 δ’
2483 1253 2620 1320 αὐτὴ
2653 1255 2746 1305 καὶ
2789 1253 2932 1321 ὅρος,
2965 1251 3039 1314 ὡς
3081 1253 3454 1321 ὑπερκειμένη
3493 1251 3919 1321 πάσηςααμερ-

2353 1345 2487 1407 ποῦς
2525 1346 2744 1408 κακίας,
2771 1345 2870 1422 καὶι
2891 1343 3026 1414 πρὸς
3055 1344 3289 1413 οὐρανὸν
3327 1343 3731 1413 ἁνατεταμένη.

2867 1423 2870 1454 |

2422 1526 2664 1594 Εὑρίζῳ,
2683 1527 3084 1595 ἁγαλλιάματι
3108 1528 3312 1593 πάσης
3341 1526 3452 1596 τῆς
3475 1527 3603 1597 γῆς.
3639 1527 3794 1597 Ὀρει
3834 1526 3914 1592 δὲ,

2352 1619 2427 1689 τῷ
2467 1618 2822 1688 εὺριζομένῳ,
2850 1618 2926 1686 τῷ
2973 1618 3340 1689 ἀγαλλιάματι
3389 1621 3568 1691 πάσης
3631 1621 3732 1687 τῆς
3774 1619 3916 1687 γῆς’

2357 1713 2493 1780 μετὰ
2517 1713 2624 1783 γὰρ
2657 1715 2717 1766 τὸ
2757 1711 3000 1780 Εὐρίζφ,
3040 1712 3284 1764 στικτέον
3313 1725 3326 1740 ⁸
3361 1701 3479 1763 εἶτα
3528 1711 3588 1764 τὸ
3646 1711 3916 1778 ἀγαλλιά-

2358 1819 2487 1871 ματι
2541 1803 2936 1870 ἀναγνωστέον.
2982 1801 3406 1873 Ἀγαλλιάματι
3453 1803 3510 1854 δὲ
3565 1802 3768 1868 πάσης
3806 1801 3917 1869 τῆς

2354 1895 2487 1963 γῆς,
2520 1895 2642 1946 ἀντὶ
2664 1894 2759 1947 τοῦ
2791 1896 3153 1964 Τερπνότητι.

2428 1989 2576 2052 Ὀρη
2613 1985 2783 2048 Σιὼν,
2803 1984 2874 2038 τὰ
2907 1986 3138 2052 πλευρὰ
3176 1984 3283 2038 τοῦ
3298 1983 3512 2053 βορῤᾶ,
3538 1985 3576 2052 ἠ
3611 1985 3786 2050 πόλις
3807 1983 3917 2038 τοῦ

2346 2074 2654 2139 ,βασιλέως
2681 2074 2789 2127 τοῦ
2813 2075 3189 2144 μεγάλου.Τὸ
3211 2077 3276 2127 ὲκ
3315 2074 3545 2142 πλαγίου
3576 2092 3665 2144 μοι
3683 2091 3921 2144 τετραμ-

2356 2167 2536 2236 μένον,
2566 2167 2776 2238 πλευρά
2820 2185 2910 2237 μοι
2963 2169 3171 2234 λέγοιτ’
3222 2169 3288 2222 ἂν
3317 2208 3331 2222 .
3367 2168 3509 2220 κατὰ
3533 2168 3796 2235 πλευρὰν,
3860 2165 3920 2217 τὸ

2351 2259 2580 2328 πλάγιον
2605 2259 2741 2328 (72)*
2767 2261 2889 2313 ἐπεὶ
2916 2256 3008 2312 οὖν
3027 2260 3118 2312 καὶ
3143 2261 3223 2324 τὸ,
3246 2259 3399 2312 Σιὼν
3419 2260 3575 2326 ὄρος,
3600 2260 3660 2311 οὐ
3686 2259 3804 2310 κατ’
3829 2258 3921 2311 εὑ-

2355 2351 2527 2412 θείαν,
2559 2351 2672 2404 ἀλλ’
2697 2354 2760 2404 ὲκ
2790 2351 3019 2420 πλαγίου
3039 2355 3215 2406 κεῖται
3252 2353 3386 2423 πρὸς
3447 2352 3538 2405 τὸν
3575 2352 3800 2422 βορρᾶν,
3857 2349 3919 2403 οὐ

2352 2445 2460 2512 γὰρ
2508 2445 2595 2497 ἐπ’
2627 2445 2844 2508 εὐθείας
2907 2445 3065 2498 τοῦτο
3128 2448 3415 2506 καταπνεῖ,
3465 2443 3706 2514 πλευρὰν
3749 2442 3920 2495 αὑτοῦ

2354 2517 2592 2601 κέκληκέ
2620 2533 2793 2600 λέγων
2818 2549 2831 2564 ⁸
2862 2529 2932 2585 Ὦ
2955 2533 3057 2604 ὅρη
3087 2532 3247 2599 Σιὼν,
3270 2534 3338 2587 τὰ
3368 2535 3573 2602 πλάγια
3595 2532 3686 2586 τοῦ
3720 2535 3918 2603 βορρᾶ,

2351 2623 2420 2677 τὰ
2447 2625 2588 2677 κατὰ
2617 2624 2858 2695 πλευρὰν
2897 2625 3046 2695 αὺτῷ
3071 2626 3322 2695 κείμενα.
3355 2626 3673 2696 Περιχαρῶς
3695 2626 3752 2679 δὲ
3779 2627 3924 2679 ἁναο

2353 2719 2598 2771 καλεῖται
2631 2719 2723 2770 καὶ
2749 2717 2809 2770 τὸ
2837 2717 2964 2786 ὅρος
3008 2717 3098 2768 καὶ
3129 2718 3227 2786 τὴν
3275 2717 3429 2770 πόλιν
3460 2733 3471 2745 ·
3497 2718 3592 2769 καὶ
3650 2715 3752 2785 ὅρη
3818 2717 3925 2784 μὲν

2351 2809 2505 2874 λέγει
2548 2807 2608 2860 τὸ
2650 2808 2797 2876 ὅρος,
2856 2808 2996 2860 κατὰ
3041 2799 3319 2861 διάλεκτον
3391 2807 3671 2876 Ἐϐραῖδα,
3734 2806 3923 2870 καθὼς

2353 2903 2615 2966 πολλάκις
2650 2904 2952 2972 εἰρήκαμεν
2977 2918 2992 2933 °
3023 2902 3193 2970 μέγαν
3215 2900 3271 2952 δὲ
3313 2899 3557 2968 βᾶσιλέα,
3592 2899 3682 2951 τὸν
3737 2898 3879 2950 Θεὸν
3906 2914 3920 2929 ·

2358 2996 2503 3064 μόνῳ
2525 2997 2632 3063 γὰρ
2659 2993 2854 3062 τούτῳ,
2883 2993 3019 3062 μόνη
3045 2991 3193 3070 αὕτη.
3211 2992 3479 3044 ἀνέκειτο.
3543 2988 3701 3042 Κατὰ
3728 2991 3790 3042 δὲ
3825 2991 3923 3042 ἀν-

689 3093 926 3136 montem
971 3098 1075 3136 una
1131 3097 1194 3135 ac
1243 3083 1518 3135 civitatem
1574 3082 1851 3144 advocat;
1900 3089 1953 3134 et
2009 3090 2244 3133 montem

2355 3089 2598 3156 αγωιγὴν,
2633 3087 2824 3154 ἑτέραν
2851 3085 3084 3154 ἐροῦμεν
3115 3085 3358 3150 ἔννοιαν,⁴
3381 3085 3463 3136 ὅτι
3508 3083 3710 3154 βορῤᾶν
3735 3082 3861 3150 μὲν,
3887 3083 3923 3152 ἡ

688 3177 904 3245 quidem
940 3175 1132 3242 plurali
1159 3175 1386 3230 numer’o
1419 3181 1627 3227 montes
1663 3172 1990 3241 dicit,juxta
2025 3171 2248 3226 Hebrai-

689 3283 812 3319 cum
868 3265 1092 3326 idioma,
1159 3276 1216 3318 ut
1273 3281 1415 3332 stupe
1466 3266 1754 3330 diximus;
1810 3279 2063 3333 magnum
2121 3278 2251 3318 vero

691 3373 872 3426 regem
929 3355 1097 3410 Deum
1145 3359 1400 3425 appellat,
1438 3357 1564 3424 quia
1613 3357 1716 3409 soli
1770 3355 1879 3409 Deo
1938 3355 2120 3408 oblata
2184 3370 2249 3409 ac

692 3451 939 3503 dedicata
971 3460 1090 3503 erat
1117 3447 1438 3503 Jerusalem.
1475 3447 1635 3501 Juxta
1667 3463 1942 3516 anagogen
1972 3464 2067 3516 per
2099 3448 2254 3517 aqui-

689 3541 889 3602 lonem,
920 3541 1194 3616 diabolum
1229 3556 1372 3607 saepe
1402 3540 1694 3610 signiﬁcari
1738 3538 2089 3608 intelligimus
2123 3555 2137 3590 :
2175 3539 2250 3592 Ab

690 3633 937 3699 aquilone
989 3633 1155 3695 enim,
1206 3631 1425 3700 inquit,
1482 3632 1832 3684 accendentur
1887 3632 2062 3682 omnia
2112 3630 2254 3682 mala

691 3737 846 3788 super
882 3732 1076 3774 terram
1096 3723 1162 3775 ".
1188 3721 1316 3775 Item
1351 3722 1480 3776 alibi
1513 3740 1527 3776 :
1573 3721 1881 3798 Aquilonem
1919 3722 2173 3787 expellam
2222 3737 2254 3772 a

690 3814 834 3866 vobis
867 3813 935 3864 ⁷⁸.
961 3812 1154 3868 Latera
1181 3821 1386 3876 autem,
1417 3813 1521 3866 hoc
1551 3823 1652 3879 est,
1692 3816 1933 3870 membra
1963 3815 2256 3884 aquilonis,

693 3915 882 3973 gentes
943 3915 1120 3960 erant.
1165 3906 1256 3958 Ait
1306 3906 1471 3973 igitur
1521 3906 1663 3976 quod
1721 3906 1959 3960 membra
2021 3906 2247 3973 diaboli,

691 3997 891 4066 quibus
920 3997 1048 4051 olim
1079 3997 1168 4052 ille
1188 3996 1592 4061 dominabatur,
1629 3996 1816 4051 effecta
1855 3980 1984 4052 sunt
2033 4007 2246 4055 montes

694 4089 848 4152 Sion,
889 4087 994 4141 hoc
1039 4096 1143 4150 est,
1194 4087 1448 4141 sublimia
1499 4087 1744 4156 quaedam
1815 4096 1978 4156 atque
2029 4091 2246 4146 excelsa

2354 3177 2393 3229 Γ
2397 3175 2544 3248 ραφὴ
2567 3177 2722 3228 καλεῖ
2739 3176 3000 3237 πολλάκις
3014 3175 3106 3228 τὸν
3123 3175 3390 3227 διάϐολον·
3413 3175 3558 3227 Ἀπὸ
3570 3173 3769 3240 ,βορῤἆ
3786 3174 3921 3240 γὰρ,

2351 3267 2988 3339 φησὶν,ἑκκαυθήσεται
3009 3269 3080 3319 τὰ
3093 3265 3267 3332 κακὰ,
3290 3267 3386 3317 ἐπὶ
3411 3263 3618 3318 πᾶσαν
3633 3264 3750 3330 τὴν
3779 3263 3920 3331 γῆν·

2351 3362 2444 3414 καὶ
2469 3361 2631 3412 πάλιν
2657 3378 2671 3391 ·
2702 3360 2808 3412 Kal
2828 3360 2932 3412 τὸν
2958 3359 3076 3413 ἀπὸ
3094 3357 3288 3426 ,Βορῤᾶ
3305 3356 3562 3420 ἐκδιώξω
3597 3355 3697 3422 ἀφ’
3725 3356 3921 3423 ὑμῶν.

2351 3455 2567 3523 Πλευρὰ
2592 3453 2649 3506 δὲ
2680 3453 2868 3517 αὐτοῦ,
2902 3454 3069 3521 ἤγουν
3104 3451 3263 3521 μέλη,
3295 3450 3361 3503 τὰ
3390 3449 3539 3520 ἔθνη.
3599 3449 3736 3516 Φησὶ
3806 3450 3924 3501 τοί-

2351 3565 2467 3613 νυν,
2499 3548 2580 3600 ὃτι
2607 3546 2674 3600 τὰ
2710 3547 2844 3616 μέλη
2870 3545 2965 3598 τοῦ
2996 3544 3243 3597 διαϐόλου
3271 3538 3344 3596 ῶν
3383 3543 3543 3606 αὐτὸς
3574 3541 3923 3612 ἐκυρίευσεν,

2353 3641 2453 3710 ὅρη
2485 3641 2622 3694 Σιὼν
2646 3643 2920 3707 γεγόνασι,
2973 3639 3252 3690 τουτέστιν
3314 3636 3445 3704 meo;
3517 3637 3612 3688 καὶ
3660 3634 3926 3704 πρόϐολοι

2353 3731 2453 3798 τῆς
2481 3729 2807 3797 Ἑκκλησίας
2840 3729 2946 3780 τῶν
2981 3726 3209 3788 πιστῶν,
3241 3725 3328 3778 διὰ
3373 3726 3434 3776 τὸ
3472 3724 3954 3794 ὑπεραναστῆναῢ

2356 3819 2466 3873 τῶν
2492 3821 2640 3873 κάτω
2671 3818 2989 3889 συρομένων
3021 3817 3387 3888 πραγμάτων,
3421 3817 3517 3870 καὶ
3542 3817 3632 3868 διὰ
3661 3816 3766 3884 τὴν
3823 3817 3928 3867 ἀν-

2356 3913 2541 3980 δρείαν
2567 3912 2763 3964 αὐτῶν.
2800 3913 2906 3963 Καὶ
2933 3912 2983 3963 τί
3032 3912 3175 3976 λέγω
3225 3909 3359 3978 ὕψος
3398 3908 3491 3960 καὶ
3520 3906 3818 3977 πρόϐολοις
3860 3907 3928 3959 Ἡ

2357 4003 2510 4066 πόλις
2542 4003 2634 4055 τοῦ
2677 4001 2942 4072 βασιλέως
2971 3998 3226 4072 Χριστοῦ,
3257 3999 3430 4053 ταῦτα
3458 4000 3624 4052 εἰσιν·
3670 3999 3737 4052 ὲκ
3795 3997 3929 4052 τοὺ-

2357 4112 2466 4147 των
2497 4096 2606 4165 γὰρ
2631 4097 2663 4166 ἡ
2715 4095 3012 4164 Ἐκκλησία
3043 4095 3392 4162 συνέστηκεν.

695 4178 945 4233 Ecclesiae
971 4183 1279 4245 cacumina,
1303 4195 1367 4234 eo
1391 4182 1534 4251 quod
1576 4195 1604 4233 a
1643 4183 1872 4236 terrenis
1908 4194 2068 4251 atque
2100 4185 2249 4240 humi
2297 4188 2471 4244 amris
2510 4191 2674 4245 rebus
2708 4189 3205 4256 elevati,sublimes
3239 4190 3291 4243 in
3341 4190 3508 4243 altum
3575 4189 3930 4245 conscende.

696 4281 844 4335 runt,
875 4282 931 4328 et
957 4283 1176 4345 propter
1192 4289 1381 4328 eorum
1412 4273 1811 4331 fortitudinem.
1836 4276 2033 4332 Verum
2101 4294 2294 4348 parum
2370 4283 2504 4347 dixi,
2535 4283 2679 4353 quod
2708 4284 2919 4339 excelsa
2956 4284 3093 4339 facta
3113 4285 3222 4339 sint
3257 4283 3561 4346 cacumina,
3588 4295 3714 4337 cum
3738 4282 3931 4351 potius

696 4359 835 4415 facta
891 4364 1002 4416 sint
1058 4367 1216 4420 sedes
1253 4382 1315 4421 ac
1360 4367 1723 4423 diversorium
1764 4371 1992 4453 Christi.
2045 4373 2125 4429 Ex
2170 4377 2253 4430 eis
2283 4378 2427 4431 enim
2469 4389 2798 4451 congregata
2845 4388 2930 4436 est
2957 4379 3196 4435 ﬁdelium
3229 4378 3495 4444 Ecclesia,
3518 4381 3576 4433 in
3650 4393 3761 4448 qua
3841 4379 3933 4434 in-

605 4522 608 4525 Α
695 4454 903 4508 habitat
929 4465 982 4508 et
1004 4457 1202 4534 residet
1233 4457 1489 4515 Christus
1516 4455 1797 4518 Dominus.

765 4545 930 4600 Vsus.
961 4548 1014 4600 4.
1057 4547 1198 4602 Deus
1242 4551 1293 4603 in
1341 4553 1584 4606 domibus
1614 4555 1727 4622 ejus
1758 4567 2096 4624 cognoscetur
2138 4575 2255 4612 cum
2287 4563 2331 4618 ι)

693 4637 985 4691 auxiliatus
1009 4637 1168 4706 fuerit
1195 4641 1263 4694 ei.
1284 4639 1412 4712 [Pro
1437 4645 1692 4699 domibus
1725 4647 1776 4698 in
1807 4644 1998 4701 Graeco
2024 4649 2255 4717 legimus

695 4728 937 4799 βάρεσι-Ἰ
970 4732 1108 4784 Sunt
1150 4742 1328 4787 autem
1358 4732 1545 4804 βάρεις
1577 4740 1872 4808 magnilica:
1898 4754 1960 4794 ac
2006 4741 2252 4810 splendi-

692 4821 774 4873 da:
806 4821 1021 4887 domus,
1045 4838 1139 4892 per
1166 4841 1302 4893 quas
1325 4827 1428 4880 hoc
1458 4843 1512 4881 m
1552 4829 1950 4899 locotemplum
1980 4832 2254 4900 signiﬁca-

693 4925 806 4977 tur,
855 4919 1000 4985 quod
1045 4929 1163 4971 erat
1195 4921 1247 4972 in
1279 4917 1582 4976 Jerusalem
1617 4941 1629 4976 :
1679 4924 1733 4976 in
1763 4938 1870 4993 quo
1900 4925 2256 4980 manifestare

693 5023 751 5061 sc
806 5023 871 5062 ac
935 5021 1122 5062 notum
1188 5015 1565 5069 sacerdotibus
1611 5018 1788 5070 facere
1835 5019 2045 5071 solebat
2090 5017 2252 5082 Deus,

691 5102 909 5167 quando
931 5102 1251 5156 adveniente
1268 5105 1450 5194 aliqup
1471 5107 1611 5162 bello
1630 5108 1710 5162 eis
1728 5117 1842 5160 erat
1865 5087 2248 5164 ausiliaturus.

693 5193 818 5244 Haec
863 5202 1046 5247 autem
1093 5195 1144 5246 in
1175 5195 1388 5250 Iaudem
1415 5193 1676 5252 ’civitutis
1719 5200 1864 5253 dicta
1909 5207 2057 5253 sunt.
2087 5198 2249 5254 Juxta

694 5297 972 5353 anagogen
1003 5301 1098 5354 per
1122 5288 1398 5341 civitatem
1427 5277 1738 5344 communio
1775 5291 1864 5344 illa
1907 5291 2248 5358 intelligitur,

691 5387 798 5440 qua
829 5371 1018 5429 ﬁdeles
1051 5377 1105 5428 in
1132 5379 1263 5440 vita,
1320 5388 1482 5448 atque
1531 5385 1943 5436 conversatione
1985 5397 2084 5437 sua
2108 5398 2249 5451 con-

687 5465 1010 5534 iunguntur.
1075 5468 1174 5522 Est
1227 5481 1408 5525 autem
1463 5489 1569 5526 una
1607 5476 1720 5529 hazc
1769 5476 1982 5544 civitas,
2026 5485 2249 5545 propter

759 5584 803 5614 '"
831 5582 1027 5638 Jcrem.
1062 5601 1099 5651 ι,
1128 5585 1213 5639 ii.
1312 5587 1358 5656 _"
1380 5586 1496 5653 Joel
1527 5604 1584 5656 ιι,
1609 5587 1698 5643 20.

2443 4558 2505 4611 '0
2541 4557 2688 4623 Θεὸς
2713 4555 2783 4610 ἐν
2828 4555 2956 4622 ταῖς
2972 4554 3231 4623 ,ϐάρεσιν
3269 4555 3456 4610 αὑτοῦ
3543 4555 3929 4624 γινώσκεται,

2358 4652 2503 4705 ὅταν
2524 4649 3028 4720 ἀντιλαμϐάνηται
3045 4649 3256 4717 αὐτῆς.
3310 4649 3526 4714 Βάρεις,
3553 4649 3603 4700 οι
3631 4651 3931 4719 ἐπιφανεῖς

2357 4740 2528 4797 οἶκοι·
2563 4741 2673 4796 εἷεν
2701 4743 2746 4794 δ’
2760 4742 2826 4794 ἂν
2854 4741 3024 4794 ταῦτα
3046 4740 3140 4794 νῦν
3174 4743 3203 4793 ό
3238 4740 3363 4802 ναὸς
3394 4741 3491 4808 τῆς
3532 4741 3929 4812 Ἰερουσαλὴμ,

2359 4820 2416 4887 έν
2446 4829 2510 4901 ᾧ,
2549 4834 2734 4901 φησὶν,
2794 4829 3151 4900 ἐμφανίζεται
3201 4833 3314 4892 τοῖς
3360 4829 3612 4900 ἱερεῦσιν,
3676 4832 3932 4901 ὁπηνίκα

2358 4925 2598 4994 πολέμου
2630 4923 3048 4986 καταλαϐόντος,
3097 4924 3268 4993 μέλλῃ
3312 4922 3526 4994 βοηθεῖν
3577 4925 3761 4986 αὐτοῖς
3802 4939 3817 4954 ο
3846 4921 3931 4980 εἴ-

2360 5035 2461 5071 πεν
2494 5017 2551 5071 δὲ
2578 5016 2756 5080 τοῦτο,
2790 5016 2924 5084 πρὸς
2949 5015 3170 5068 ἔπαινον
3198 5017 3297 5084 τῆς
3345 5015 3572 5076 πόλεως.
3617 5014 3932 5087 ’Λναγωγι-

2357 5109 2469 5171 κῶς
2519 5107 2575 5160 δὲ
2631 5108 2781 5170 πόλις
2844 5107 2964 5176 μὲν,
2994 5108 3027 5176 ἡ
3076 5106 3318 5160 πολιτεία
3365 5107 3466 5174 τῆς
3510 5107 3747 5168 πίστεως
3813 5111 3931 5163 τῶν

2361 5197 2650 5268 ἁπανταχῆ
2676 5197 3018 5268 Χριστιανῶν
3045 5214 3057 5226 σ
3089 5196 3187 5267 μία
3221 5200 3328 5266 γὰρ
3349 5195 3512 5266 αὕτη,
3539 5199 3627 5252 διὰ
3655 5199 3756 5266 τὴν
3791 5199 3932 5252 ἕνω-

2361 5306 2446 5342 σιν
2470 5294 2564 5342 καὶ
2594 5287 2878 5340 κοινωνίαν
2938 5288 3036 5357 τῆς
3092 5287 3392 5350 εὐσεϐείας.
3461 5289 3657 5359 Βάρεις
3703 5288 3765 5340 δὲ
3831 5291 3932 5345 καὶ

2357 5377 2518 5446 οἶκοι,
2546 5380 2594 5431 οί
2630 5378 2770 5431 κατὰ
2794 5378 2958 5431 τόπον
2988 5379 3106 5430 ναοὶ
3125 5377 3324 5442 αὐτῶν,
3379 5382 3438 5432 έν
3468 5376 3548 5441 οἷς
3607 5381 3636 5431 ό
3679 5378 3932 5445 Χριστὸς

2359 5472 2740 5542 ἐμφανίζεται,
2773 5471 2901 5524 ὅταν
2942 5469 3186 5538 διωγμοῦ
3239 5471 3658 5534 καταλαϐόντος,
3707 5470 3932 5545 ὑπερας

1289 5653 1318 5690 λ
1573 5653 1580 5656 ⁷
2037 5658 2246 5720 Varias
2279 5659 2612 5719 lectiones.

749 5749 876 5824 ’(72)
908 5755 994 5810 Al.
1041 5755 1099 5809 Ὀ
1122 5758 1184 5811 ὲκ
1212 5757 1440 5827 πλαγίου
1467 5777 1560 5830 μοι
1586 5759 1981 5830 τετραμμένος,
2020 5759 2230 5830 πλευρά
2256 5777 2345 5832 μοι
2380 5760 2575 5829 λέγοιτ’
2607 5758 2691 5812 ἄν.
2723 5756 2878 5812 Κατᾶ
2908 5756 3149 5812 πλευ-’λιν
3186 5757 3294 5829 γὰρ
3322 5759 3380 5811 τὸ
3414 5758 3660 5828 πλάγιον.
