4108 6330
753 368 854 433 527

1974 364 2358 426 EU'I‘IIYMII
2401 367 2760 428 ZlGABENl

3856 368 3969 432 528

758 486 914 530 vocat
934 487 1153 532 sanctus
1188 476 1444 545 Spiritus.
1475 475 1723 528 Animam
1755 474 1896 527 enim
1925 483 2132 526 tantum
2163 489 2304 541 qum-

2409 492 2504 536 τας
2557 475 2712 527 καλεῖ
2755 475 2815 526 τὸ
2853 474 3068 545 Πνεῦμα
3122 475 3178 526 τὸ
3217 476 3400 543 ἅγιον,
3446 475 3622 545 ψυχὴν
3671 477 3972 548 ὲπιζητοῦν

758 572 827 621 rit
865 569 1227 636 intelligentiae
1256 579 1558 636 compotem
1613 581 1772 634 quam
1827 581 1933 619 non
1971 565 2176 618 divitia:
2205 581 2301 620 ex-

761 660 964 719 hibent,
1027 658 1122 711 sed
1179 657 1338 711 timor
1393 657 1506 709 Dei.
1544 656 1606 707 Et
1639 655 1782 725 quod
1849 655 1979 710 dicit
2036 656 2208 710 Simul
2253 657 2304 707 in

758 765 941 809 unum,
979 748 1118 800 idem
1154 755 1260 810 est,
1296 747 1436 814 quod
1468 746 1610 812 Una,
1642 746 1912 800 similiter.

830 840 983 891 Vens.
1025 839 1080 890 4.
1117 838 1186 890 Os
1230 855 1398 891 meum
1431 838 1674 907 loquetur
1707 839 2034 906 sapientiam.
2076 835 2307 890 Audito-

759 945 845 983 res
877 931 1074 983 excitat
1103 930 1164 981 ad
1196 929 1571 993 attentionem,
1595 929 1759 1004 veluti
1792 930 1885 997 qui
1910 929 1976 983 de
2009 928 2167 983 rebus
2199 943 2305 980 non

758 1021 995 1073 minimis
1024 1028 1358 1073 tractaturus
1411 1018 1502 1081 sit,
1540 1019 1632 1074 sed
1669 1019 1736 1072 de
1775 1020 2005 1073 excelsis
2036 1019 2216 1087 potius
2244 1032 2305 1070 ac

755 1110 1099 1164 venerandis.
1130 1109 1230 1162 Per
1260 1109 1582 1178 sapientiam
1635 1120 1813 1162 autem
1847 1108 2025 1162 divina
2059 1106 2306 1176 intelligit

754 1201 988 1268 eloquia,
1019 1216 1137 1264 qua:
1159 1201 1429 1268 sapientia
1461 1208 1589 1254 sunt
1629 1199 1854 1254 referta.

829 1289 889 1341 Ιίι
926 1289 1194 1342 meditatio
1225 1287 1400 1340 cordis
1431 1288 1529 1340 mei
1564 1287 1988 1356 intelligentiam.
2017 1284 2305 1341 Pollicetur

753 1394 812 1430 se
852 1378 985 1431 nihil
1047 1386 1270 1440 temere,
1325 1379 1416 1432 sed
1473 1387 1723 1432 accurate
1781 1378 1961 1431 omnia
2008 1378 2302 1432 dicturum.

753 1470 1060 1532 Meditatio,
1099 1470 1296 1538 inquit,
1333 1470 1515 1524 cordis
1546 1469 1701 1531 meis,
1736 1469 1836 1523 hoc
1873 1477 1977 1535 est,
2003 1470 2232 1538 diligens
2256 1478 2309 1524 et

761 1569 967 1611 attenta
999 1560 1194 1614 mentis
1225 1575 1357 1612 mea:
1403 1558 1796 1620 consideratio,
1851 1560 2014 1612 verba
2059 1559 2310 1628 loquetur

756 1652 1067 1718 plenissima
1111 1651 1500 1720 intelligentiae,
1555 1651 1660 1714 vel,
1703 1657 1952 1719 loquetur
2004 1651 2190 1716 verba,
2241 1652 2307 1705 ad

753 1759 870 1809 qum
909 1741 1254 1811 percipienda
1295 1743 1461 1794 multa
1495 1742 1598 1795 erit
1631 1758 1768 1811 opus
1796 1743 2171 1814 intelligentia.

826 1834 988 1887 Vens.
1037 1833 1087 1888 5.
1133 1831 1404 1884 lnclinabo
1445 1833 1498 1883 in
1545 1817 1854 1898 parabolam
1899 1850 2076 1886 aurem
2115 1849 2303 1887 meam.

754 1930 1069 1981 Sermonem
1107 1925 1393 1978 habiturus
1451 1925 1516 1977 ad
1565 1939 1682 1988 vos,
1742 1924 2012 1977 inclinabo
2067 1924 2306 1978 vicissim

755 2035 938 2072 aurem
991 2019 1180 2071 anima:
1232 2032 1358 2070 mea:
1410 2017 1460 2069 iu
1503 2015 1837 2084 parabolam,
1879 2031 2000 2083 quae
2045 2031 2073 2067 a
2119 2026 2307 2068 sancto

757 2107 883 2160 mihi
935 2107 1134 2174 Spiritu
1171 2107 1497 2174 suggeritur.
1536 2104 1638 2157 Per
1683 2104 1994 2172 parabolam
2042 2119 2168 2157 vero
2220 2105 2306 2158 hic

756 2197 1064 2264 ambiguum
1125 2201 1286 2263 atque
1348 2193 1747 2262 renigmaticum
1796 2208 2102 2249 sermonem
2147 2195 2306 2250 intel-

757 2287 892 2354 ligit.
927 2285 1065 2337 Sunt
1094 2288 1236 2336 enim
1273 2286 1586 2352 prophetica
1620 2283 1798 2336 omnia
1829 2284 2074 2351 ambigua
2120 2285 2307 2338 admo-

757 2376 908 2438 dum,
943 2384 1154 2443 propter
1178 2374 1418 2428 oecultos
1445 2387 1640 2426 sensus
1665 2371 1994 2425 obscuritate
2018 2374 2304 2427 verborum

757 2467 986 2520 velatos.
1039 2463 1220 2519 Fidem
1255 2465 1398 2518 enim
1445 2463 1687 2518 sermoni
1728 2478 1826 2517 suo
1875 2465 2036 2517 etiam
2086 2473 2305 2532 prmstat

755 2557 838 2611 bis
863 2557 1070 2618 verbis,
1102 2557 1229 2608 dum
1260 2569 1496 2622 superne
1527 2568 1587 2606 ea
1619 2553 1719 2607 sibi
1760 2554 1982 2608 denotat
2027 2555 2304 2623 inspirari.

825 2647 1065 2714 Aperiunt
1136 2647 1190 2696 in
1274 2644 1535 2696 Psalterio
1617 2644 2020 2709 propositionem
2097 2661 2297 2697 meam.

757 2739 857 2791 l‘er
891 2737 1290 2805 propositionem
1334 2751 1639 2790 sermonem
1677 2735 1952 2803 intelligit,
2009 2736 2073 2788 ad
2110 2737 2306 2789 exhor-

758 2828 1012 2880 tatiOnem
1043 2836 1204 2895 atque
1240 2827 1525 2878 utilitatem
1578 2825 1914 2878 audientium
1974 2826 2302 2892 propositum

757 2931 820 2970 ac
855 2917 1139 2984 prolatum.
1173 2915 1421 2982 Aperiam
1455 2915 1637 2983 igitur,
1677 2917 1776 2967 hoe
1821 2922 1925 2976 est,
1951 2913 2305 2968 manifestato

758 3009 900 3061 hunc
927 3023 1228 3061 sermonem
1267 3021 1472 3068 meum,
1500 3020 1605 3057 una
1636 3019 1757 3057 cum
1790 3003 2035 3057 PSulterii
2086 3006 2303 3058 harmo-

2409 569 2646 619 συνιέναι
2699 567 3020 635 δυναμένην,
3063 567 3129 635 ἢν
3157 567 3216 619 οὒ
3255 567 3503 631 πλοῦτος,
3536 568 3668 620 ἀλλά
3696 570 3834 631 θεῖος
3865 571 3970 636 φό-

2408 657 2499 717 ϐος
2553 656 2858 726 χαρίζεται,
2920 657 3263 709 Ἐπιτυαυτὸ
3321 657 3412 722 δὲ,
3446 658 3566 709 ἀντὶ
3610 659 3726 722 τοῦ,
3773 659 3970 728 Ὁμοῦ,

2405 747 2624 818 ὁμοίως.

2481 839 2548 890 Τὸ
2582 837 2774 905 στόμα
2805 854 2926 906 μου
2967 835 3225 900 λαλήσει
3255 839 3497 906 σοφίαν.
3545 840 3809 908 Διεγείρει
3837 842 3969 901 τοὺς

2408 928 2677 998 ἀκροατὰς
2712 931 2790 989 εἰς
2849 929 3140 997 προσοχὴν,
3172 929 3245 988 ὡς
3295 930 3390 997 οὐχ
3439 930 3576 998 ὑπὲρ
3609 931 3966 998 προσκαίρων

2407 1017 2565 1072 τινῶν
2595 1021 2929 1088 πραγμάτων
2963 1019 3174 1088 μέλλων
3205 1021 3367 1088 ἐρεῖν,
3402 1020 3534 1073 ἀλλὰ
3557 1023 3681 1089 περὶ
3712 1022 3967 1090 μεγάλων

2409 1109 2504 1162 καὶ
2537 1108 2663 1176 φοϐε
2675 1110 2804 1178 ρῶν.
2835 1110 3030 1176 Σοφίαν
3059 1110 3114 1161 δὲ
3171 1110 3317 1177 λέγει
3351 1110 3419 1163 τά
3451 1113 3637 1179 σοφίας
3673 1114 3967 1179 πεπληρω-

2411 1197 2545 1270 μένα
2579 1198 2750 1266 λόγια.

2477 1291 2581 1345 Kal
2609 1292 2646 1357 ἠ
2681 1291 2903 1358 μελέτη
2949 1289 3056 1357 τῆς
3088 1290 3326 1358 καρδίας
3357 1309 3475 1359 μου
3513 1293 3789 1346 σύνεσιν.
3843 1293 3965 1345 Ἐν-

2407 1375 2581 1435 ταῦθα
2610 1383 2959 1435 κατατίθεται
2995 1381 3067 1451 μὴ
3107 1383 3525 1452 ἀπερισκέπτως
3567 1384 3732 1450 ἐρεῖν,
3761 1382 3874 1435 ἀλλ’
3905 1385 3967 1434 ἐκ

2411 1472 2664 1541 μελέτης.
2689 1471 2923 1540 Λαλήσει
2948 1473 3075 1540 γὰρ,
3100 1473 3254 1540 φησι,
3293 1473 3382 1524 καὶ
3412 1473 3444 1540 ἡ
3477 1474 3671 1540 μελέτη
3705 1471 3803 1538 τῆς
3831 1489 3968 1539 καρ-

2407 1563 2524 1624 δίας
2555 1580 2678 1632 μου,
2718 1564 3012 1625 τουτέστιν,
3064 1562 3293 1630 ἀκριϐὴς
3323 1562 3415 1614 τοῦ
3452 1554 3565 1623 νοός
3613 1579 3714 1631 μου
3743 1562 3963 1614 διάσκε-

2406 1653 2517 1722 ψις,
2544 1654 2804 1713 συνέσεως
2836 1655 3073 1721 γέμοντα
3100 1654 3343 1723 ῥήματα,
3382 1654 3414 1724 ἢ
3447 1655 3712 1717 συνέσεως
3735 1655 3964 1724 δεόμενα

2409 1748 2486 1808 εἰς
2519 1746 2578 1797 τὸ
2600 1745 2878 1814 νοηθῆναι.

2476 1835 2671 1890 Κλινῶ
2700 1839 2786 1900 εἰς
2813 1834 3156 1904 παραϐολὴν
3187 1837 3254 1890 τὸ
3284 1833 3392 1901 οὖς
3408 1854 3544 1905 μου.
3578 1836 3964 1908 Διαλεγόμενος

2409 1929 2543 1997 πρὸς
2571 1929 2732 1996 ὑμᾶς,
2764 1930 2916 1996 φησὶ,
2967 1926 3128 1979 κλινῶ
3157 1930 3214 1980 ὲν
3240 1929 3393 1997 μέρει
3439 1929 3496 1981 τὸ
3526 1925 3617 1991 οὖς
3646 1930 3745 1998 τῆς
3787 1931 3963 1998 ψυχῆς

2411 2036 2512 2087 μου
2540 2020 2615 2080 εἰς
2641 2021 2736 2086 τὴν
2769 2019 3133 2087 ὲνηχουμένην
3161 2036 3251 2087 μοι
3284 2020 3434 2089 παρὰ
3478 2019 3569 2072 τοῦ
3607 2022 3763 2087 ἁγίου
3798 2020 3964 2073 [πνεύ-

2409 2126 2577 2177 ματος
2607 2109 2952 2177 παραϐολήν·
2994 2109 3141 2174 λέγει
3191 2109 3247 2160 δὲ
3284 2109 3387 2179 νῦν,
3410 2110 3725 2181 παραϐολὴν
3774 2111 3842 2163 τὰ
3877 2115 3962 2163 al-

2406 2197 2672 2267 νὶγματα·
2705 2198 2797 2249 καὶ
2825 2198 2930 2267 γὰρ
2959 2196 3329 2268 αἰνιγματώδη
3377 2199 3444 2251 τὰ
3488 2202 3801 2268 προφητικά
3835 2204 3959 2264 εἰσι,

2405 2287 2490 2338 διὰ
2543 2287 2640 2354 τὴν
2690 2287 2954 2353 ἀσάφειαν
3014 2286 3122 2336 τῶν
3185 2285 3617 2356 κεκρυμμένωνῆ
3649 2286 3957 2353 νοημάτων.

2419 2377 2783 2442 Ἀξιοπιστίαν
2811 2377 2865 2429 δὲ
2895 2377 3007 2439 τοῖς
3037 2375 3228 2430 ἑαυτοῦ
3279 2375 3456 2445 λόγοις
3499 2376 3853 2446 περιέθηκεν,
3890 2377 3961 2438 ὡς

2406 2468 2795 2538 ἑμπνεομένοις
2841 2467 3067 2521 ἄνωθεν.
3871 2455 3875 2458 ’

2488 2642 2720 2706 Ἀνοίξω
2759 2643 2829 2695 ἐν
2875 2643 3181 2712 ψαλτηρξῳ
3208 2644 3273 2694 τὸ
3315 2642 3627 2711 πρόϐλημά
3647 2660 3789 2711 μου.
3819 2643 3957 2713 Πρό-

2405 2733 2588 2803 ϐλημα
2612 2733 2761 2785 καλεῖ
2783 2734 2874 2785 τὸν
2895 2733 3049 2799 λόγον
3074 2735 3163 2784 τὸν
3191 2733 3628 2804 προϐεϐλημένον
3659 2737 3739 2797 εἰς
3765 2735 3958 2804 παραί-

2405 2839 2548 2875 νεσιν
2571 2824 2662 2874 καὶ
2680 2821 2945 2888 ὠφέλειαν
2969 2821 3076 2873 τῶν
3103 2825 3484 2892 ἀκροωμένων.
3503 2825 3723 2888 Ἀνοίξω
3743 2825 3822 2887 δὲ,
3842 2842 3958 2876 του-

2403 2915 2572 2978 τέστι,
2605 2914 2902 2983 φανερώσω
2941 2913 3028 2965 τὸν
3075 2913 3228 2981 λόγον
3283 2933 3383 2984 μου
3431 2917 3568 2984 μετά
3601 2917 3795 2985 μέλους
3822 2916 3957 2984 ψαλ-

2403 3005 2614 3072 τηρίου.
2659 3004 2717 3055 '0
2746 3005 2851 3075 γὰρ
2889 3005 3120 3072 ἀνοίγων
3178 3005 3346 3073 θύραν
3375 3010 3618 3076 ¹ςρτιινεμοῖ
3672 3006 3740 3059 τὰ
3786 3006 3952 3060 ἔνδον.

757 3102 864 3153 nia.
890 3097 1018 3150 Nam
1047 3097 1136 3166 qui
1165 3097 1386 3164 januant
1419 3099 1614 3163 aperit,
1646 3096 1824 3149 omnia
1852 3096 2304 3164 tnanilcstat,qi;m

2424 3095 2516 3147 Ἐκ
2543 3094 2631 3146 τοῦ
2669 3095 3074 3166 προηγουμένου
3097 3100 3272 3149 τοίνυν
3290 3096 3555 3166 ἐδήλωσεν
3580 3099 3639 3148 τὸ
3668 3098 3952 3166 ἑπόμενον.

757 3191 904 3243 intus
953 3198 1103 3241 sunt.
1156 3187 1230 3240 Ex
1264 3204 1327 3239 eo
1357 3187 1498 3239 enim
1548 3189 1688 3254 quod
1721 3189 1993 3254 pra-cedit,
2031 3188 2305 3240 denotavit

758 3281 808 3332 id
843 3279 984 3346 quod
1014 3279 1400 3345 consequitur.
1423 3276 1896 3331 .‘llaniiestaturum
1944 3292 2000 3331 se
2029 3290 2206 3329 autem
2253 3279 2302 3330 i.l

757 3372 831 3424 ait
866 3385 986 3423 eum
1027 3369 1307 3422 harmonia
1339 3378 1390 3422 et
1419 3377 1607 3434 cantu,
1641 3377 1698 3421 ut
1732 3385 1912 3424 sermo
1941 3385 2074 3424 suus
2103 3370 2303 3437 jucun—

757 3462 877 3514 dior
927 3462 1016 3514 sit.
1052 3459 1211 3514 Juxta
1247 3477 1521 3529 anugogcn
1557 3461 1644 3514 ille
1674 3462 1884 3529 aperire
1933 3460 2133 3514 dicitur
2182 3475 2305 3529 pro-

759 3554 1078 3621 positionem
1130 3567 1280 3604 suam
1313 3552 1364 3604 in
1400 3551 1687 3616 Psalterio,
1739 3552 1832 3618 qui
1865 3551 1992 3604 iacit
2025 3551 2225 3618 pariter
2252 3558 2304 3602 et

757 3641 958 3704 docet,
1017 3639 1168 3703 cujus
1222 3654 1383 3707 opera
1443 3639 1786 3693 sermonibus
1837 3648 2161 3706 congruunt.
2223 3639 2303 3690 Ad

760 3731 1213 3783 melodianrenim
1251 3730 1497 3784 l’salterii
1525 3729 1863 3784 excitandam
1889 3729 2139 3781 manibus
2169 3742 2303 3797 opus

758 3828 860 3883 est,
901 3836 994 3886 per
1027 3834 1160 3886 quas
1197 3821 1454 3886 operandi
1481 3819 1710 3872 facultas
1741 3818 2078 3885 designatur.

828 3907 990 3962 Vens.
1010 3908 1060 3960 6.
1084 3907 1189 3961 Cur
1211 3909 1395 3960 timebo
1424 3909 1476 3961 in
1500 3910 1582 3960 die
1612 3909 1751 3960 mala
1775 3908 1798 3960 ?
1818 3908 1916 3961 Per
1935 3907 2306 3976 interrogatio-

763 4012 880 4051 nem
910 3998 1133 4066 legenda
1173 4008 1302 4051 sunt
1340 3999 1453 4051 haec
1483 3999 1667 4053 verba.
1709 3997 1886 4051 Vultis
1914 3999 2073 4059 scire,
2108 3993 2301 4067 inquit,

759 4099 852 4135 rur
875 4082 1006 4136 mibi
1040 4083 1336 4138 timendum
1369 4085 1439 4138 sit
1482 4085 1535 4137 in
1571 4087 1654 4138 die
1689 4085 1854 4138 futuri
1879 4084 2111 4152 judicii?
2155 4086 2305 4139 Hanc

758 4173 900 4224 enim
930 4173 1069 4226 diem
1096 4172 1290 4226 malam
1317 4174 1574 4244 appellat,
1605 4173 2059 4242 quemadmodum
2087 4181 2142 4228 et
2176 4176 2303 4229 alibi

760 4259 812 4311 in
844 4260 1046 4327 psalmo
1079 4275 1141 4312 ιι.
1171 4260 1191 4329 [
1226 4261 1300 4314 ibi
1329 4278 1342 4314 :
1398 4261 1462 4314 In
1495 4263 1578 4316 die
1606 4264 1744 4316 mala
1789 4265 2028 4317 liberabit
2061 4281 2177 4318 eum
2203 4265 2305 4318 Do-

761 4351 950 4413 mium,
1001 4351 1088 4404 ubi
1151 4351 1387 4406 diximus
1414 4352 1456 4422 1.
1506 4356 1705 4408 Audite
1750 4354 1918 4424 igitur
1961 4370 2179 4410 causam
2234 4357 2302 4410 ti-

759 4453 946 4494 mons.

829 4527 1087 4598 Iniquitas
1117 4529 1346 4583 calcanei
1391 4532 1492 4585 mei
1521 4531 1874 4586 circumdabit
1932 4552 2030 4591 me.
2089 4536 2299 4603 Timeo,

2328 4429 2379 4487 D

2405 3186 2557 3238 Μετὰ
2613 3187 2804 3252 μέλους
2861 3187 2917 3237 δὲ
2974 3185 3285 3254 ὀργανικοῦ,
3329 3185 3413 3237 ἵνα
3461 3188 3680 3254 γένηται
3728 3188 3756 3238 ὁ
3801 3187 3956 3253 λόγος

2406 3275 2676 3345 ἡδύτερος.
2745 3275 2972 3340 Ἀνοίγει
3017 3276 3071 3328 δὲ
3120 3279 3177 3326 έν
3223 3275 3504 3346 ψαλτηρίῳ
3555 3277 3614 3328 τὸ
3666 3275 3955 3343 πρόϐλημα

2406 3361 2570 3418 αὑτοῦ
2603 3367 2628 3417 ὁ
2666 3366 2832 3417 ποιῶν
2861 3367 2953 3417 καὶ
2999 3364 3279 3430 διδάσκων,
3333 3370 3421 3417 καὶ
3457 3366 3554 3436 τὴν
3587 3366 3784 3435 πρᾶξιν
3819 3365 3955 3433 ἔχων

2405 3459 2479 3525 τῷ
2524 3457 2665 3525 λόγῳ
2713 3457 3015 3525 σύμφωνον.
3050 3457 3122 3507 Τὸ
3158 3456 3265 3524 γὰρ
3314 3456 3473 3522 μέλος
3509 3456 3601 3507 τοῦ
3658 3457 3955 3525 ψαλτηρίου

2403 3548 2491 3597 διὰ
2514 3547 2706 3615 χειρῶν
2727 3546 3081 3616 ἀπαρτίζεται
3102 3562 3115 3573 ·
3147 3549 3243 3616 τῆς
3271 3547 3574 3617 πρακτικῆς
3605 3547 3661 3598 δὲ
3692 3545 3956 3616 σύμϐολον

2404 3653 2460 3687 αι
2487 3653 2664 3706 χειρες

2487 3897 2670 3951 Ἰνατί
2691 3897 2984 3967 ξροϐοῦμαι
3014 3900 3082 3952 ἐν
3109 3899 3294 3968 ἡμέρᾳ
3336 3913 3568 3966 πονηρςι
3595 3919 3614 3964 ;
3654 3901 3786 3953 Κατ’
3818 3899 3957 3969 ἐρώ-

2403 4007 2558 4058 τησιν
2599 3991 2968 4050 ἀναγνωστέον
2993 4007 3007 4022 ·
3042 3983 3313 4044 Βούλεσθέ
3356 4009 3422 4060 με
3460 3993 3651 4060 μαθεῖν
3682 3994 3819 4046 διατί
3859 4011 3956 4060 φο-

2401 4077 2605 4146 ϐοῦμαι
2635 4081 2692 4130 ὲν
2726 4082 2790 4148 τῇ
2816 4079 2997 4149 ἡμέρᾳ.
3025 4080 3120 4148 τῆς
3151 4079 3412 4150 κρίσεως;
3441 4081 3644 4150 ταύτην
3676 4083 3784 4150 γὰρ
3805 4082 3954 4148 λέγει

2404 4167 2663 4237 πονηρὰν,
2689 4167 2762 4228 ὡς
2800 4173 2857 4222 ὲν
2904 4170 2983 4241 τῷ
3022 4170 3260 4242 δευτέρῳ
3291 4171 3457 4242 στίχῳ
3485 4172 3580 4226 τοῦ
3634 4179 3688 4244 μ’
3739 4171 3954 4243 ψαλμοῦ

2403 4257 2932 4329 προαποδεδώκαμεν
2949 4276 2963 4290 ο
3005 4261 3190 4315 λοιπὸν
3217 4258 3308 4318 οὖν
3336 4264 3623 4318 ἀκούσατε.

2477 4543 2546 4596 ῖιι
2578 4543 2792 4612 ἀνομία
2821 4541 2929 4612 τῆς
2959 4545 3215 4610 πτέρνης
3248 4559 3369 4611 μου
3409 4541 3708 4597 κυκλώσει
3735 4560 3828 4613 με.
3855 4545 3952 4597 Φο-

759 4621 954 4688 inquit,
992 4621 1116 4688 quia
1151 4630 1282 4676 tunc
1309 4621 1566 4691 iniquitas
1618 4627 1822 4691 peccati
1869 4628 1996 4689 mei,
2044 4628 2146 4681 hoc
2197 4639 2304 4695 est,

2406 4635 2622 4704 ϐοὖμαι,
2655 4637 2737 4687 ὅτι
2762 4636 3027 4688 κυκλώσει
3052 4651 3119 4704 με
3142 4634 3261 4687 τότε
3284 4637 3315 4705 ἡ
3341 4637 3535 4702 ἀνομία
3563 4636 3656 4706 τῆς
3679 4638 3948 4706 ἁμαρτίας

757 4713 884 4781 quia
923 4722 1197 4779 peceatum
1229 4729 1409 4767 meum
1445 4715 1808 4770 circumdabit
1837 4734 1942 4772 me.
1981 4717 2301 4773 Calcaneum

757 4802 898 4855 enim
950 4804 1132 4871 posuit
1183 4819 1278 4873 pro
1331 4805 1650 4874 deceptione
1702 4825 1715 4860 :
1758 4809 2206 4876 quemadmodum
2249 4818 2304 4864 et

757 4891 880 4954 alibi
905 4893 957 4945 in
998 4907 1417 4948 commemorato
1444 4897 1654 4964 psalmo
1681 4913 1746 4952 ιι.
1773 4897 1870 4969 [ibi
1902 4916 1914 4950 :
1947 4899 2302 4968 Magniﬁcarit

756 4981 1032 5036 adversum
1106 5001 1182 5036 me
1259 4986 1793 5058 supplantationem]
1885 4989 2294 5044 declaravimns.

759 5069 933 5140 [Quod
967 5083 1142 5127 tamen
1171 5088 1234 5126 ex
1265 5074 1494 5128 lectione
1524 5073 1708 5128 Graeca
1739 5077 1929 5132 melius
1982 5081 2296 5148 percipitur,

755 5175 877 5214 cum
907 5163 1090 5217 Graeca
1106 5164 1272 5217 dictio
1301 5166 1648 5235 πτερνισμδς,
1669 5166 1771 5251 hoc
1789 5178 1889 5228 est.
1915 5170 2302 5238 supplantatio,

2405 4744 2528 4793 μου,
2574 4727 2844 4787 τουτέστι,
2887 4727 2919 4793 ἠ
2955 4726 3194 4795 ἁμαρτία
3249 4743 3371 4794 μου,
3427 4728 3566 4777 κατά
3602 4727 3943 4796 περίφρασιν.

2407 4817 2618 4884 Πτέρνα
2648 4815 2868 4885 μὲνγὰρ
2892 4818 2924 4884 ἡ
2957 4817 3156 4883 ἀπάτη,
3203 4815 3278 4878 ώς
3305 4818 3360 4868 ἐν
3391 4817 3468 4886 τῷ
3495 4815 3784 4883 δηλωθέντι
3813 4814 3947 4883 ψαλ-

2409 4907 2491 4976 μῷ
2525 4908 2876 4977 προείπομεν.
2896 4907 3103 4976 Ἀπάτη
3132 4907 3208 4971 δὲ,
3237 4910 3268 4976 ή
3297 4906 3555 4975 ἁμαρτία,
3586 4906 3658 4969 ὡς
3684 4906 3945 4960 ἀπατῶσα

2404 4996 2493 5046 τὸν
2527 4996 2923 5065 ἁμαρτάνοντα.
2957 4995 3106 5059 Εἶδες
3155 4997 3315 5064 σοφὸν
3367 4996 3521 5062 λόγον
3566 4995 3659 5048 καὶ
3706 4985 3939 5059 συνέτδν,

2401 5087 2546 5148 ὅπως
2573 5087 2658 5138 διὰ
2687 5087 2779 5137 τοῦ
2810 5088 3119 5154 εἰσαγαγεῖν
3143 5086 3329 5139 ἑαυτὸν
3359 5085 3942 5156 φοϐούμενονβαρῄπ-

2402 5194 2460 5228 σε
2489 5177 2768 5242 φοϐεῖσθαι
2803 5177 2899 5246 τὴν
2948 5177 3240 5248 ἀμαρ;ίαν,
3301 5176 3515 5242 διδάξας
3567 5178 3702 5246 ἅμα,
3739 5171 3940 5228 καῗικὸτι

753 5256 861 5308 ἀπὸ
891 5255 986 5323 τῆς
1015 5256 1268 5328 πτέρνης,
1301 5259 1398 5311 hoc
1452 5267 1572 5324 est,
1604 5275 1631 5312 a
1668 5259 1924 5316 ealcaneo
1959 5263 2301 5336 deducatur.]

2406 5269 2576 5336 κρίσις
2607 5267 2754 5319 ἔσται
2783 5268 3094 5330 ἀδέκαστος.

753 5339 1038 5398 Peccatum
1082 5362 1208 5399 vero
1257 5353 1450 5433 merito
1494 5352 1739 5418 deceptio
1795 5354 2132 5420 appellatur,
2173 5357 2298 5426 quia
2341 5368 2660 5428 peccantem
2688 5361 2862 5428 ipsum
2892 5359 3109 5428 decipit.
3148 5359 3338 5418 Vidisti
3405 5359 3666 5432 sapientia
3724 5363 3935 5433 plenum

754 5447 1074 5497 sermonem,
1108 5451 1214 5502 quo
1248 5432 1531 5506 Propheta,
1573 5441 1698 5494 dum
1731 5457 1790 5496 se
1821 5443 2009 5498 timere
2055 5446 2376 5512 introduxit,
2429 5450 2568 5504 alios
2630 5459 2789 5503 caute
2827 5449 3104 5504 admonuit
3169 5452 3359 5507 timere
3401 5464 3429 5502 a
3482 5432 3756 5520 peccatis,
3814 5467 3936 5507 cum

681 5608 686 5613 ἱ
761 5523 997 5574 udicium
1055 5523 1144 5576 Dei
1193 5527 1453 5593 ejusmodi
1507 5531 1744 5583 futurum
1779 5531 1873 5595 sit,
1909 5539 1968 5586 ut
2021 5540 2292 5604 corrumpi
2336 5555 2442 5593 non
2476 5541 2670 5608 possit.

826 5612 982 5666 Vens.
1015 5617 1065 5667 7.
1098 5612 1195 5678 Qui
1226 5618 1489 5684 conﬁdunt
1519 5619 1569 5670 in
1599 5628 1850 5686 potestate
1870 5638 1984 5687 sua,
2011 5633 2058 5676 et
2083 5625 2135 5676 in
2161 5627 2293 5678 mul-

752 5704 969 5756 titudine
996 5703 1296 5760 divitiarum
1333 5725 1548 5763 suarum
1578 5711 1896 5780 gloriantur.
1943 5713 2289 5782 Subaudieng

2471 5632 2535 5682 Ol
2568 5632 2913 5696 πεποιθότες
2957 5632 3054 5685 ἐπὶ
3087 5631 3162 5700 τῇ
3188 5632 3432 5703 δυνάμει
3475 5634 3691 5701 αὐτῶν,
3717 5636 3805 5688 καὶ
3836 5635 3933 5686 ἐπὶ

2394 5718 2471 5796 τῷ
2501 5717 2710 5785 πλήθει
2730 5719 2834 5774 τοῦ
2852 5723 3116 5778 πλούτου
3134 5723 3329 5780 αὐτῶν
3354 5725 3736 5796 καυχώμενοι.
3765 5725 3934 5795 Προτ-
