4108 6330
621 425 730 492 535

1825 425 2209 490 EUTHYMII
2251 426 2614 494 ZlGABENl

3740 428 3858 493 536

623 549 727 605 eet,
755 539 862 595 hoc
907 547 1013 604 est,
1043 539 1281 594 Prorsus
1317 538 1409 594 tiet
1468 519 1682 596 inutile.
1736 538 1872 593 Nam
1904 539 2052 608 quod
2085 553 2179 592 ve-
2209 588 2210 593 η

2314 540 2419 608 id".
2472 571 2542 582 —
2592 543 3078 608 Halatwmlo'srat
3109 583 3124 606 ,
3174 544 3298 597 ἀντὶ
3373 543 3502 604 τοῦ,
3574 542 3856 612 ἄχρηστος

625 641 834 687 tustum
894 640 1000 697 est,
1050 631 1241 686 inutile
1286 647 1410 688 esse
1463 641 1719 686 censetur
1753 647 1767 684 :
1800 629 1946 700 quod
2001 638 2180 683 autem

628 724 760 779 utile
793 738 897 779 non
932 732 1038 787 est,
1065 725 1223 792 quasi
1265 705 1376 794 jam
1417 738 1526 777 non
1560 723 1652 787 sit,
1686 722 1966 791 abjicitur.
1997 720 2180 775 Confl-

627 813 828 868 debant
858 814 956 877 illi,
992 815 1186 884 inquit,
1229 815 1281 868 in
1310 814 1622 869 divitiarum
1671 822 1835 882 atque
1882 813 2181 866 amicorum

628 905 784 975 copia
841 923 856 956 :
906 919 1026 973 qua
1084 905 1136 959 in
1175 905 1386 959 inferno
1451 916 1544 958 aut
1604 904 1750 958 nulla
1822 910 1914 955 aut
1971 902 2183 956 inutilis

627 997 754 1052 erit.
804 997 917 1050 Illic
949 998 1093 1051 enim
1149 997 1465 1052 huiusmodi
1516 1011 1625 1050 non
1671 994 2035 1049 admittuntur
2086 1009 2184 1047 au-

631 1085 782 1141 xilia.

698 1179 740 1228 Α
775 1177 945 1246 gloria
968 1193 1068 1230 sua
1108 1177 1312 1246 expulsi
1343 1188 1482 1230 sunt.
1527 1175 1641 1230 Non
1685 1176 1796 1230 hinc
1848 1184 2058 1229 tantum
2108 1174 2188 1228 eis

631 1266 968 1332 acciderunt,
999 1265 1128 1335 quia
1166 1265 1344 1356 brutis
1389 1281 1449 1320 se
1499 1249 1712 1321 similes
1742 1265 2048 1326 reddidere,
2099 1279 2189 1318 ve-

633 1371 754 1410 rum
779 1365 834 1410 et
860 1356 1135 1426 propriam
1177 1353 1476 1411 amiserunt
1509 1355 1763 1426 gloriam,
1797 1354 1869 1410 ob
1897 1370 2059 1424 quam
2088 1353 2187 1424 ipsi

633 1447 863 1516 periere.
907 1446 1133 1503 Summo
1157 1451 1302 1502 enim
1337 1449 1522 1504 studio
1577 1449 1923 1512 tenebantur,
1975 1455 2032 1500 ut
2075 1462 2188 1500 me—

636 1541 864 1594 moriam
903 1542 1007 1595 sibi
1043 1541 1222 1596 laudis
1272 1549 1552 1612 pararent.
1610 1540 1798 1610 Neque
1851 1540 2012 1594 modo
2049 1541 2191 1593 hanc

636 1628 960 1692 amiserunt,
1014 1629 1196 1683 sed‘et
1236 1631 1465 1699 insuper
1518 1629 1820 1699 ignominia
1863 1637 2076 1682 tantum
2130 1643 2192 1683 ac

637 1718 849 1784 probris
879 1718 1148 1772 celebrem
1175 1719 1320 1772 illam
1355 1719 1721 1788 reliquerunt.

708 1805 875 1861 Vens.
908 1809 994 1862 16.
1064 1809 1430 1865 Verumtamen
1495 1810 1634 1865 Deus
1694 1812 1911 1865 redimet
1959 1813 2194 1864 animam

649 1914 817 1950 ineant
849 1899 914 1952 de
941 1915 1097 1952 manu
1126 1900 1342 1968 inferni,
1373 1917 1488 1954 cum
1522 1903 1774 1969 acceperit
1813 1918 1912 1954 me.
1972 1899 2096 1955 Haec
2132 1901 2198 1956 de

640 1990 839 2043 Christi
868 1991 1240 2045 lncarnatione
1267 1993 1520 2060 pnedieta
1551 2003 1680 2046 sunt
1711 2000 1762 2046 et
1793 1993 1858 2046 de
1890 1993 2195 2045 animarum

642 2079 987 2144 liberatione,
1018 2099 1139 2152 qua
1173 2092 1303 2136 tunc
1336 2084 1392 2136 iu
1429 2083 1646 2137 inferno
1704 2093 1882 2138 erant.
1927 2082 2197 2146 llcdimet,

644 2170 839 2237 inquit,
869 2171 1105 2225 animam
1141 2175 1338 2237 meam,
1380 2172 1600 2242 quando
1633 2189 1727 2242 per
1758 2173 2195 2226 incarnationem

647 2276 729 2314 me
757 2263 860 2316 sibi
902 2262 952 2315 in
977 2262 1313 2318 domicilium
1344 2265 1636 2335 acceperit.

715 2368 879 2425 Vens.
920 2372 1003 2434 Π,
1035 2371 1118 2425 l8.
1157 2371 1239 2426 Ne
1268 2371 1507 2429 timueris
1542 2391 1659 2427 cum
1694 2375 1835 2429 dit-es
1873 2376 2050 2442 factus
2083 2381 2200 2442 [ue-

643 2461 716 2513 rit
748 2461 924 2525 homo,
957 2471 1049 2514 aut
1077 2479 1192 2516 cum
1224 2463 1580 2532 multiplicata
1607 2464 1770 2532 fuerit
1815 2466 1987 2535 gloria
2017 2467 2202 2518 domus

650 2551 782 2620 ejus,
812 2541 1082 2621 quoniam,
1115 2571 1230 2607 cum
1250 2557 1528 2622 interierit,
1559 2574 1659 2613 non
1691 2567 1857 2610 sumet
1889 2558 2088 2622 omnia,
2113 2573 2204 2610 nec

649 2659 745 2713 que
768 2644 1042 2699 descendet
1075 2662 1195 2700 cum
1225 2664 1284 2700 eo
1313 2648 1486 2716 gloria
1544 2650 1679 2718 ejus.
1733 2649 1807 2702 De
1871 2648 2076 2712 iniusto
2111 2649 2205 2701 lio-

652 2733 798 2789 mine
846 2750 1155 2792 sermonem
1185 2737 1346 2793 habet
1371 2737 1611 2808 [tametsi
1643 2739 1960 2808 simpliciter
1989 2739 2057 2794 de
2102 2738 2203 2791 ho.

652 2825 799 2878 mine
843 2825 993 2894 loqui
1041 2827 1335 2898 videatur].
1377 2830 1455 2882 Ne
1514 2829 1799 2894 formides,
1860 2831 2057 2898 inquit,
2117 2838 2209 2881 aut

651 2915 857 2985 cegites
905 2917 1049 2986 quod
1104 2918 1336 2974 humana
1400 2921 1540 2974 Deus
1586 2935 1691 2974 non
1755 2921 2005 2990 aspiciat.
2062 2919 2207 2972 Nihil

651 3009 796 3061 enim
828 3023 1014 3062 eorum
1047 3009 1339 3066 descendet
1365 3027 1486 3066 cum
1531 3013 1623 3067 illo
1652 3029 1707 3066 tn
1747 3012 2027 3068 lnfernum
2059 3032 2070 3066 :
2111 3015 2204 3066 sed

655 3095 836 3151 nudus
861 3097 1032 3151 abibit
1072 3100 1277 3155 relictis
1309 3102 1584 3156 omnibus.
1619 3101 1862 3155 Gloriam
1890 3110 2071 3155 autem
2105 3101 2207 3155 doc

2288 633 2464 696 ἔσται,
2520 634 2818 696 τουτέστιν,
2862 634 2960 687 οὐκ
3013 634 3189 688 ἔσται.
3231 635 3305 688 Τὸ
3337 634 3565 704 μὲνγὰρ
3591 635 3854 692 παλαιὸν.

2290 724 2594 792 ἄχρηστον·
2628 724 2688 775 τὸ
2743 723 2788 776 δ’
2814 723 3106 794 ἄχρηστον,
3167 724 3270 794 ἤδη
3334 724 3408 794 μὴ
3461 724 3541 778 δν.
3582 723 3859 800 Ἐοάρῤη-
3966 751 3968 754 -

2292 831 2414 877 σαν,
2469 816 2621 885 φησὶ,
2657 818 2722 884 τῇ
2756 814 2978 885 βοηθείᾳ
3017 814 3110 868 τοῦ
3139 815 3368 868 πλούτου
3403 819 3495 868 καὶ
3518 816 3622 869 τῶν
3654 816 3857 882 φίλων,

2289 909 2410 976 ἥτις
2441 908 2498 958 ἐν
2527 907 2603 976 τῷ
2627 906 2728 980 ᾅδῃ
2752 909 2811 960 οὐ
2841 909 3224 977 χρησιμεύσει,
3259 908 3394 961 διότι
3439 909 3538 959 οὐκ
3577 906 3687 959 ἐστι
3719 924 3858 959 συν-

2290 999 2657 1053 διαϐαίνουσα.

2379 1183 2480 1234 Ἐκ
2540 1169 2647 1246 τῆξ*
2691 1179 2877 1244 δόξης
2933 1177 3131 1230 αὐτῶν
3184 1177 3561 1242 ἐξώσθησαν.
3613 1175 3721 1227 Καὶ
3784 1173 3859 1226 οὐ

2296 1271 2468 1326 ταῦτα
2495 1270 2828 1324 πεπόνθασιν
2881 1271 3127 1340 ἑλόμενοι
3160 1269 3259 1339 τὴν
3291 1268 3534 1334 ἀλογίαν,
3589 1266 3723 1319 ἀλλὰ
3756 1268 3864 1317 καὶ

2295 1363 2394 1431 τὴν
2440 1361 2597 1424 δόξαν
2645 1358 2954 1424 ἀπώλεσαν,
3021 1358 3089 1412 δι’
3139 1358 3207 1428 ἢν
3254 1357 3360 1428 ἄρα
3403 1355 3497 1409 καὶ
3550 1353 3859 1407 ἀπώλοντο.

2310 1453 2684 1508 Ἐσπούδασαν
2739 1454 2837 1521 μὲν
2883 1451 2991 1521 γὰρ
3041 1450 3262 1520 μνήμην
3291 1446 3512 1500 ὲπατνου
3536 1444 3866 1498 καταλιπεῖν

2297 1545 2512 1608 ἑαυτοῖς
2536 1558 2550 1573 ⁶
2579 1541 2852 1598 ἀπέϐαλον
2877 1539 2931 1593 δὲ
2963 1540 3055 1594 καὶ
3089 1539 3309 1608 ταύτην,
3349 1538 3382 1606 ἢ
3414 1533 3861 1606 ἁμαυρωθεῖσαν,

2299 1636 2331 1704 ἢ
2381 1635 2473 1688 καὶ
2509 1633 2587 1696 εἰς
2611 1632 2778 1702 ψόγον
2813 1629 3418 1700 ἀντιπεριχωρὴσασαν.

2372 1807 2544 1877 Πλὴν
2573 1809 2604 1860 ό
2646 1804 2790 1870 Θεὸς
2831 1801 3199 1872 λυτρώσεται
3224 1799 3339 1866 τὴν
3373 1797 3583 1866 ψυχήν
3621 1812 3740 1866 μου
3785 1796 3864 1850 ἐκ

2303 1902 2498 1970 χειρὸς
2528 1898 2698 1967 ᾅδου,
2725 1896 2870 1948 ὅταν
2904 1891 3175 1963 λαμϐάνῃ
3194 1908 3292 1962 με.
3321 1887 3634 1960 Προφητεία
3662 1885 3819 1940 τοῦτο
3844 1902 3865 1916 ο

2304 1992 2430 2062 περί
2463 2008 2521 2042 τε
2577 1992 2676 2058 τῆς
2729 1985 3192 2054 ὲνανθρωπὴσεως
3242 1980 3336 2034 τοῦ
3397 1978 3558 2043 θεοῦ,
3619 1977 3715 2032 καὶ
3762 1980 3868 2046 τῆς
3945 2026 3949 2030 .

2303 2081 2616 2152 ἐλευθερίας
2642 2078 2749 2131 τῶν
2772 2079 2829 2130 ὲν
2866 2076 2966 2146 ᾅδῃ
3009 2073 3218 2143 ψυχῶν.
3285 2070 3658 2141 Δυτρώσεται,
3702 2067 3867 2137 φησι,

2303 2177 2402 2246 τὴν
2423 2174 2603 2243 ψυχήν
2638 2188 2762 2242 μου,
2789 2170 2916 2222 ὅταν
2948 2166 3202 2235 λαμϐάνῃ
3263 2181 3329 2232 με
3357 2157 3509 2216 οἷκον
3555 2157 3730 2228 ἑαυτῷ
3772 2157 3873 2211 διὰ

2303 2268 2402 2336 τῆς
2432 2262 2924 2332 ὲνανθρωπήσεως.

2377 2385 2470 2449 Μὴ
2496 2379 2706 2450 φοϐοῦ,
2755 2378 2902 2431 ὅταν
2934 2373 3252 2439 πλουτήση
3283 2372 3617 2437 ἅνθρωπος,
3652 2365 3690 2430 ἢ
3719 2365 3872 2418 ὅταν·
3899 2417 3903 2421 ,

2307 2472 2627 2541 πληθυνθῇ
2660 2474 2695 2539 ή
2724 2471 2871 2534 δόξα
2930 2468 3033 2522 τοῦ
3073 2467 3241 2520 οτκου
3289 2463 3493 2522 αὐτοῦ.
3520 2459 3609 2511 ὅτι
3647 2458 3758 2510 οὐκ
3796 2453 3873 2505 ἐν

2306 2569 2387 2632 τῷ
2412 2559 2824 2628 ἀποθνήσκειν
2865 2562 3048 2612 αὑτὸν
3099 2557 3357 2623 λήψεται
3383 2555 3454 2608 τὰ
3483 2551 3698 2612 πάντα,
3724 2544 3874 2599 οὐδὲ

2305 2655 2825 2726 συγκαταϐήσεται
2857 2649 3014 2713 αὐτῷ
3043 2649 3087 2713 ή
3108 2648 3255 2709 δόξα
3291 2643 3496 2699 αὐτοῦ.
3543 2641 3870 2708 ¹Ἄνθρωπον

2307 2748 2718 2816 ἐνταῦθαιλέγει,
2738 2735 2828 2796 τὸν
2858 2744 3057 2796 ἄδικον.
3090 2742 3178 2809 Μὴ
3200 2738 3460 2806 πτοηθῇς,
3487 2733 3669 2802 φησὶν,
3695 2731 3769 2790 ὡς
3792 2728 3873 2797 μὴ

2308 2839 2607 2910 ἐφορῶντος
2631 2835 2722 2888 τοῦ
2754 2834 2886 2885 Θεοῦ
2911 2832 2976 2890 τὰ
2999 2829 3330 2898 ἀνθρώπινα·
3351 2825 3502 2876 οὐδὲν
3536 2821 3639 2892 γὰρ
3663 2817 3874 2871 τούτων

2311 2926 2787 2996 συγκαταϐήσεται
2815 2922 2962 2990 αὐτῷ
2985 2923 3064 2983 εἰς
3100 2920 3253 2989 ᾅδην,
3294 2917 3428 2969 ἀλλὰ
3482 2912 3685 2983 γυμνὸς
3737 2910 3877 2962 πάν·

2298 3031 2415 3074 ’των
2454 3018 2834 3072 ἀπελεύσεται.
2901 3012 3065 3076 Δόξαν
3089 3012 3144 3064 δὲ
3173 3009 3359 3069 εἰπὼν,
3387 3008 3536 3073 λέγει
3563 3005 3660 3074 τὴν
3689 3015 3870 3070 μεγα-

2307 3111 2555 3179 λωσύνην
2585 3149 2600 3172 ,
2647 3107 2738 3158 τὸν
2788 3107 2989 3172 ὄγκον,
3033 3104 3130 3171 τὴν
3184 3100 3556 3170 περιφάνειαν.
3613 3094 3724 3165 (78)
3795 3091 3878 3145 Ἦ

657 3201 799 3249 mus,
832 3188 1282 3256 magniﬁcentiam
1306 3206 1400 3245 seu
1430 3190 1627 3245 fastum
1657 3192 1892 3261 appellat
1922 3199 1975 3245 et
1996 3192 2206 3246 vivendi

2315 3203 2464 3265 δόξα
2486 3199 2592 3253 τοῦ
2613 3198 2784 3250 οἴκου
2815 3192 3160 3256 αὐτοῦ’δὸξα
3183 3190 3281 3258 μὲν
3311 3189 3481 3249 οἴκου,
3517 3186 3689 3240 στοαὶ,
3715 3179 3876 3249 περί-

657 3277 988 3348 wpcrbiam.
1023 3279 1123 3334 Vel
1158 3280 1320 3335 aliter
1361 3297 1375 3335 :
1423 3281 1606 3336 Gloria
1646 3282 1832 3334 domus
1867 3283 2058 3345 ipsius,
2114 3282 2212 3336 tio-

659 3385 784 3425 mus
812 3380 937 3425 sunt
966 3381 1309 3438 ornamenta,
1343 3381 1400 3426 ut
1426 3374 1686 3442 porticus,
1723 3374 2214 3436 deambulationos,

661 3477 850 3522 aurata
907 3474 1071 3525 tecta,
1122 3466 1515 3534 pavimentum,
1555 3465 1809 3519 animalia
1854 3466 1963 3518 illic
2019 3465 2244 3534 lapillis-

661 3556 938 3622 distincta,
964 3562 1141 3624 prata,
1165 3553 1329 3621 horti,
1356 3569 1636 3609 servorum
1663 3569 1875 3624 greges.
1901 3563 2220 3622 sumptuosa

663 3645 925 3714 supellex,
976 3652 1030 3697 et
1058 3658 1209 3706 vasa,
1246 3652 1340 3697 aut
1364 3643 1408 3698 si
1447 3644 1577 3712 quid
1601 3643 1744 3696 aliud
1795 3643 2061 3712 ejusmodi
2118 3653 2220 3696 est.

663 3736 847 3791 Gloria
881 3744 1060 3791 autem
1092 3735 1358 3805 corporis,
1417 3734 1679 3789 fortitudo
1709 3743 1815 3799 est,
1852 3735 2222 3805 pulchritudo,

665 3838 718 3881 et
743 3829 1063 3898 proceritas.
1109 3827 1291 3882 Gloria
1323 3842 1456 3882 vero
1488 3827 1707 3890 animae,
1733 3825 1847 3881 sola
1890 3826 2090 3882 virtus.
2123 3827 2225 3881 Re-

666 3928 775 3972 stat
821 3920 1008 3988 igitur,
1050 3926 1109 3970 ut
1138 3917 1301 3972 verba
1335 3918 1422 3970 illa
1475 3917 1754 3984 Propheta:
1784 3934 1796 3969 :
1834 3915 2016 3970 Omnis
2053 3917 2226 3984 gloria

668 4008 911 4072 hominis,
946 4007 1078 4061 sicut
1106 4006 1286 4070 herba,
1321 4007 1397 4060 vel
1424 4007 1558 4060 sicut
1583 4006 1681 4074 ﬂos
1728 4005 1918 4070 herbe,
1946 4005 2013 4059 de
2037 4019 2229 4074 corpo-

670 4099 748 4154 ris
771 4099 941 4168 gloria
972 4100 1116 4152 dicta
1150 4113 1274 4154 esse
1309 4099 1700 4168 intelligantur.

742 4209 908 4266 νειιε.
946 4209 1033 4265 19.
1084 4209 1354 4276 Quoniam
1416 4211 1596 4263 anima
1648 4211 1764 4278 ejus
1805 4211 1856 4262 in
1906 4209 2016 4262 vita
2063 4208 2230 4275 ipsius

674 4303 1017 4357 benedicetur.
1049 4301 1169 4371 Ipse
1193 4302 1338 4355 enim
1367 4301 1496 4356 dum
1529 4302 1728 4356 vixerit
1766 4301 1959 4354 beatus
1995 4298 2227 4361 dicetur,

673 4400 729 4448 ct
758 4391 1068 4446 laudabitur
1093 4393 1160 4446 ab
1188 4391 1280 4456 iis,
1301 4391 1394 4460 qui
1421 4393 1694 4460 ignorant,
1731 4403 1979 4459 quamam
2012 4389 2080 4443 sit
2105 4404 2231 4443 vera

2318 3310 2500 3354 πατοι,
2533 3288 2766 3359 χρυσοῦς
2790 3285 3006 3353 ὄροφος,
3042 3284 3254 3349 ἔδαφος,
3278 3281 3392 3342 ζῶα
3445 3277 3639 3343 ψηφῖσι
3673 3271 3882 3339 διηνθι-

2321 3384 2521 3452 σμένα,
2563 3378 2844 3448 λειμῶνες,
2906 3374 3243 3442 παράδεισοι.
3277 3365 3623 3438 ἀνδραπόδων
3661 3361 3876 3429 ἀγέλαι,

2318 3470 2588 3539 ’πολυτελῆ
2640 3466 2862 3528 ἔπιπλα,
2914 3466 3005 3514 καὶ
3062 3459 3250 3526 σκεύη,
3310 3460 3402 3510 καὶ
3430 3456 3482 3510 εἴ
3512 3473 3564 3508 τι
3590 3453 3831 3506 τοιοῦτον
3857 3467 3875 3481 ο

2320 3565 2448 3628 δόξα
2472 3562 2528 3614 δὲ
2557 3559 2809 3629 σώματος
2841 3556 2938 3626 μὲν
2961 3550 3270 3622 ἀνθρώπου,
3306 3549 3487 3617 ῥώμη,
3514 3547 3606 3598 καὶ
3659 3544 3878 3606 κάλλος,

2323 3654 2416 3708 καὶ
2449 3651 2699 3720 μέγεθος,
2764 3649 2854 3701 καὶ
2884 3646 2951 3698 τὰ
2999 3644 3222 3697 τοιαῦτα
3244 3658 3257 3671 ·
3289 3639 3414 3703 δόξα
3447 3639 3504 3690 δὲ
3532 3637 3731 3704 ψυχῆς.
3783 3634 3882 3701 p.6—

2324 3765 2412 3799 νον
2441 3748 2472 3813 ἠ
2503 3742 2669 3812 ἀρετή
2690 3757 2702 3770 ·
2733 3740 2914 3792 λοιπὸν
2936 3736 3027 3790 οὖν
3058 3737 3115 3787 τό
3144 3752 3156 3767 ·
3182 3732 3351 3789 Πᾶσα
3373 3730 3519 3788 δόξα
3544 3725 3881 3790 ἀνθρώπου,

2325 3840 2402 3904 ὡς
2425 3838 2658 3905 χόρτος.
2746 3833 2826 3897 ὡς
2847 3832 3022 3891 ἄνθος
3049 3825 3414 3895 χόρτου,περὶ
3437 3823 3532 3891 τῆς
3563 3815 3884 3888 σωματικῆς

2328 3930 2555 3995 νοοῦμεν
2591 3908 2841 3993 ἒίρῆσθαι
2862 3921 3037 3988 δόξης.

2401 4215 2528 4266 Ὀτι
2557 4213 2594 4278 ἡ
2627 4209 2796 4280 ψυχὴ
2823 4207 3007 4263 αὑτοῦ
3042 4206 3109 4260 ἐν
3139 4203 3212 4271 τῇ
3234 4201 3345 4270 ζωῇ
3363 4201 3544 4256 αὑτοῦ
3562 4170 3898 4266 sulci-nari-

2297 4315 2519 4373 _0't:rat.
2577 4304 2684 4355 Καὶ
2740 4301 2848 4369 γὰρ
2905 4298 3064 4361 αὐτὸς
3121 4299 3225 4359 ἕως
3280 4296 3346 4349 ἂν
3380 4293 3466 4362 ζῇ,
3499 4293 3897 4360 μακαρίσεται.

2334 4392 2742 4462 εὐφημούμενος
2766 4389 2915 4459 παρὰ
2953 4388 3058 4440 τῶν
3085 4385 3438 4453 ἀγνοούντων,
3467 4382 3550 4458 τες
3579 4383 3609 4451 ἡ
3645 4377 3899 4449 μακαρία

674 4483 801 4539 vita:
834 4483 1134 4538 beatitudo.
1175 4455 1705 4538 Nam-ubi'mortuus
1733 4455 1918 4546 fuerit,
1949 4481 2210 4533 contraria

2334 4455 2928 4556 ζωητελευτήσαντος
2958 4478 3035 4542 δὲ,
3075 4474 3330 4530 τάναντία
3374 4455 3637 4524 πείσεται.

677 4585 906 4642 prorsus
927 4573 1186 4641 patietur.

749 4684 1096 4753 Conﬁtebitur
1127 4685 1222 4740 tibi
1252 4701 1372 4739 cum
1421 4684 1545 4739 bene
1581 4684 1766 4752 feceris
1797 4684 1868 4738 ei.
1901 4681 2078 4737 Verba
2119 4680 2236 4734 haec

681 4775 750 4830 ad
773 4790 1062 4844 pauperem
1092 4777 1233 4832 dicta
1264 4785 1415 4832 sunt.
1435 4774 1558 4843 Ubi,
1584 4775 1784 4845 inquit,
1808 4774 1972 4838 bona,
1997 4773 2099 4826 hoc
2126 4780 2233 4837 est,

679 4873 835 4936 grata
872 4867 922 4922 ei
967 4867 1188 4934 feceris,
1240 4873 1375 4922 tunc
1423 4875 1634 4923 tantum
1692 4865 1786 4921 tibi
1836 4872 1960 4935 aget
2009 4865 2236 4934 gratias.

683 4953 817 5010 Nam
849 4957 1192 5027 postmodum
1221 4958 1485 5028 despiciet
1517 4966 1681 5027 atque
1713 4962 2045 5021 contemnet,
2097 4963 2240 5007 tam-

685 5048 790 5102 etsi
823 5049 877 5102 in
912 5053 1061 5104 omni
1121 5053 1387 5106 virtutum
1443 5065 1646 5120 genere
1699 5046 2018 5118 profeceris.
2057 5045 2243 5100 Dicere

685 5138 852 5191 etiam
902 5153 1218 5207 possumus.
1258 5141 1403 5210 quod
1437 5140 1554 5194 haec
1587 5143 1752 5194 verba
1787 5153 1882 5208 per
1915 5136 2240 5205 Proplietam

687 5224 756 5278 ad
789 5225 956 5281 Deum
985 5227 1052 5282 de
1082 5227 1290 5297 injuste
1317 5227 1539 5282 homine
1568 5225 1714 5281 dicta
1744 5224 1874 5288 sint,
1906 5237 1972 5278 sc
2004 5223 2049 5278 si
2077 5222 2230 5276 dice-

686 5323 811 5370 ret:
835 5315 1060 5380 Quoties
1088 5334 1257 5389 pravo
1282 5320 1411 5374 huic
1439 5316 1645 5372 homini
1676 5314 1998 5372 beneficium
2027 5311 2245 5382 aliquod

2419 4681 2957 4751 Ἐξομολογήσεταί
2987 4693 3105 4741 σοι,
3158 4676 3302 4730 ὅταν
3349 4672 3654 4742 ἀγαθόνῃς
3705 4667 3902 4730 αὐτῷ.

2341 4777 2481 4846 Πρὸς
2498 4775 2588 4827 τὸν
2613 4774 2818 4836 πένητα
2842 4773 2869 4824 ὁ
2889 4771 3067 4837 λόγος,
3084 4770 3165 4821 ὅτι
3190 4768 3358 4820 Ὀταν
3380 4764 3578 4831 ἀγαθὰ.
3596 4759 3902 4819 τουτέστιν,

2342 4869 2611 4936 εύάρεστα
2677 4863 2908 4932 ποιήσῃς
2948 4859 3118 4928 αὐτῷ,
3169 4859 3290 4910 τότε
3322 4856 3480 4926 μόνον
3511 4848 3906 4920 εὐχαριστήσει

2346 4970 2446 5011 σοι’
2469 4954 2527 5007 τὺ
2556 4953 2598 5005 δ’
2623 4951 3204 5018 ὲξὴλαταφρονήσει,
3223 4949 3316 5001 καὶ
3349 4942 3692 5012 ὑπερόψεται,
3725 4939 3773 4988 εἰ
3798 4936 3908 4989 καὶ

2348 5045 2711 5114 κατορθώσεις
2740 5043 2957 5092 ἃπασαν
2986 5040 3206 5108 ἀρετήν.
3242 5037 3312 5088 "H
3353 5035 3444 5086 καὶ
3475 5031 3608 5100 πρὸς
3651 5029 3742 5080 τὸν
3764 5027 3910 5079 Θεὸν

2346 5135 2563 5206 εἴρηται
2593 5132 2783 5193 ταῦτα,
2815 5131 2895 5183 ὃτι
2918 5130 3086 5182 Ὅταν
3108 5124 3512 5194 ἁγαθοποιήσῃς
3541 5120 3708 5190 αύτῷ,
3732 5119 3907 5186 εὐχα-

2342 5224 2620 5297 ριστήσειο
2649 5221 2781 5274 ὅταν
2807 5218 2863 5271 δὲ
2911 5218 3147 5287 συντύχῃ
3197 5215 3417 5276 λύπαις,
3475 5207 3869 5297 βλασφημήσει
3884 5218 3906 5235 ·

2353 5291 2382 5363 δ
2405 5310 2463 5364 δὲ
2489 5291 2715 5370 δίκαιος
2764 5305 3047 5376 εύλογήσει
3075 5305 3164 5358 τὸν
3187 5301 3388 5371 Κύριον
3416 5301 3475 5353 ὲν
3516 5298 3680 5352 παντὶ
3698 5291 3908 5364 καιρῷ.

690 5400 1012 5477 contuleris,
1057 5425 1188 5467 tunc
1217 5412 1419 5483 gratias
1447 5410 1548 5464 tibi
1597 5418 1750 5480 aget:
1791 5423 1978 5464 verum
2018 5406 2062 5460 si
2111 5419 2232 5472 qua:
2272 5399 2725 5458 il'i'calamltates
2754 5397 3095 5467 obyenerint,
3129 5393 3193 5448 ad
3229 5391 3593 5464 blaspltemias
3663 5394 3722 5474 et
3788 5402 3912 5444 nta-

693 5498 888 5557 lodicta
916 5503 1193 5575 confugiet
1224 5519 1240 5556 :
1277 5518 1386 5558 non
1429 5501 1510 5558 sic
1537 5511 1712 5556 autem
1763 5501 1973 5569 justus,
2016 5495 2109 5551 sed
2153 5494 2441 5550 benedieet
2475 5492 2764 5546 Dominum
2797 5489 2850 5544 in
2880 5489 3025 5545 omni
3053 5496 3312 5557 tempore.

2029 5671 2227 5732 Varias
2251 5669 2576 5732 lectiones.

770 5807 886 5878 (78}
907 5808 1030 5863 llaec
1075 5806 1341 5876 usquead
1378 5801 1768 5860 Commentarii
1814 5800 1977 5855 tinem
2004 5796 2055 5851 in
2084 5793 2188 5850 alio
2221 5791 2354 5849 Cod.
2383 5789 2783 5847 desiderantur.
