4124 6326
556 433 665 536 us

1725 438 1727 440 ’
1763 477 2143 566 summm
2186 478 2542 540 zroannm

3643 479 3749 544 5M

612 582 778 638 Vens.
803 582 854 638 9.
876 582 998 638 Non
1025 585 1277 654 accipiam
1308 589 1372 640 dc
1400 587 1553 643 domo
1573 586 1676 644 Ἰιια
1703 591 1920 654 vitulos,
1939 605 2099 659 neque

2275 594 2356 645 Οὐ
2386 591 2628 658 δέξομαι
2673 593 2741 644 ἐκ
2793 592 2897 645 τοῦ
2951 593 3119 645 οἴκου
3153 603 3270 644 σου
3288 592 3580 657 μόσχους,
3610 593 3754 645 οὐδὲ

544 672 609 727 de
628 671 868 742 gregibus
893 674 997 727 tuis
1012 673 1208 728 hircos.
1233 674 1311 730 Ne
1339 677 1646 743 existimes,
1675 680 2097 749 inquit,gratum

543 762 676 816 mihi
709 763 915 816 cultum
945 764 1279 834 impendere,
1310 774 1408 821 aut
1441 768 1572 822 mihi
1623 772 1913 834 inservire,
1966 772 2096 826 dum

544 851 792 910 studiose
817 851 1119 908 sacriﬁcas.
1156 852 1342 924 Neque
1373 855 1518 911 enim
1550 857 1767 930 indigeo
1791 860 2097 920 sacriﬁciis,

544 957 668 994 cum
695 941 840 996 nulla
897 956 958 996 re
994 943 1289 1010 deﬁciam,
1350 949 1598 1015 quinimo
1653 960 1708 1005 et
1763 953 1943 1006 omnia
2001 967 2102 1022 ego

466 1037 472 1039 ’
543 1034 707 1088 etiam
733 1032 963 1104 singulis
990 1036 1286 1105 praebeam.
1333 1037 1604 1103 Quocirca
1653 1041 1798 1096 nulla
1836 1043 1887 1096 in
1921 1053 2102 1111 poste-

459 1163 478 1175 .
545 1139 665 1178 rum
691 1124 1013 1193 huiusmodi
1039 1128 1332 1198 suscipiam
1397 1131 1690 1186 sacriﬁcia.
1739 1133 1884 1187 Alibi
1937 1136 2099 1190 etiam

544 1214 794 1268 acerbius
819 1230 917 1282 per
953 1214 1146 1270 Isaiam
1181 1218 1400 1273 eosdem
1443 1223 1643 1291 carpit,
1700 1223 1929 1283 dicens:
1964 1225 2103 1290 Quid

545 1302 674 1358 mihi
704 1305 987 1359 multitudo
1002 1307 1392 1377 sacriﬁciorum
1416 1321 1703 1385 vestrorum
1732 1317 1758 1369 2
1790 1315 1970 1383 plenus
1987 1335 2105 1370 sum

543 1393 871 1450 holocaustis
898 1396 1126 1450 arietum
1164 1415 1184 1454 :
1219 1399 1426 1468 adipem
1452 1419 1732 1471 agnorum,
1793 1415 1841 1459 et
1887 1409 2103 1477 sangui-

543 1498 658 1536 nem
706 1492 977 1540 taurorum
1004 1497 1160 1557 atque
1191 1491 1460 1543 hircorum
1493 1507 1598 1546 non
1631 1495 1768 1548 uolo.
1803 1495 1933 1560 Quis
1964 1498 2105 1550 cnim

540 1575 814 1644 quuisisit
849 1577 960 1629 hac
1005 1577 1069 1631 dc
1123 1579 1362 1635 manibus
1424 1584 1606 1637 vestris
1625 1585 1724 1639 “.’
1758 1587 1956 1640 lterum
2008 1603 2106 1657 per

542 1659 853 1728 Jeremiam,
882 1665 1072 1720 dicens
1105 1684 1121 1722 :
1159 1667 1300 1734 Quid
1345 1669 1476 1724 mihi
1517 1673 1636 1726 thus
1689 1675 1792 1744 fers
1836 1677 1899 1730 dc
1962 1675 2107 1731 Saba

541 1763 592 1807 ct
606 1756 995 1810 cinnamomum
1049 1757 1113 1812 dc
1144 1767 1287 1812 terra
1319 1759 1606 1829 longinqua
1642 1765 1691 1798 ”
1719 1767 1742 1820 ἲ
1781 1765 1845 1820 Et
1863 1782 2055 1824 rursus
2086 1786 2102 1824 :

2199 683 2266 735 ἐκ
2297 683 2417 736 τῶν
2441 685 2728 751 ποιμνίων
2755 697 2875 737 σου
2904 682 3240 752 χειμάρους.
3269 682 3422 734 Θόων
3453 681 3754 750 ἐπιμελῶς,

2205 773 2280 841 μὴ
2309 773 2419 825 οἴου
2473 790 2565 841 με·
2593 763 2915 842 θεραπεύειν
2952 773 3010 826 ἐν
3055 772 3227 840 τούτῳ
3251 788 3265 801 ο
3323 773 3385 823 οὐ
3421 773 3610 841 δέομαι
3640 763 3752 840 γὰρ

2203 862 2425 927 θυσιῶν,
2452 862 2704 931 ἀνενδεὴς
2736 862 2954 915 πάντων
2985 859 3059 912 ὢν
3081 877 3095 891 ο
3131 860 3225 914 καὶ
3269 860 3484 913 πάντων
3516 861 3755 928 μάλιστα

2203 954 2334 1006 πᾶσι
2383 951 2649 1022 χορηγόςο
2687 951 2812 1005 ὅθεν
2856 951 2948 1004 τοῦ
2994 949 3183 1004 λοιποῦ
3255 950 3317 1002 οὐ
3376 949 3598 1019 δέξομαι
3656 951 3756 1014 τὰς

2202 1038 2456 1102 τοιαύτας
2489 1038 2697 1102 Θυσίας.
2755 1037 3126 1107 Εὑτονώτερον
3158 1037 3215 1090 δὲ
3245 1036 3583 1090 καθάπτεται
3629 1039 3756 1091 τού-

2204 1147 2332 1192 των,
2399 1130 2487 1182 διὰ
2519 1131 2738 1183 Ἡσαΐου
2772 1128 2975 1197 λέγων·
3008 1129 3070 1183 Τί
3103 1145 3202 1196 μοι
3247 1128 3478 1194 πλῆθος
3508 1128 3628 1180 τῶν
3659 1131 3759 1189 θυ-

2205 1206 2354 1274 σιῶν
2375 1220 2571 1289 optim;
2599 1221 2834 1289 πλήρης
2863 1222 2982 1288 ειμι
2998 1235 3012 1250 ο
3049 1218 3509 1287 ὁλοκαυτώματα
3553 1218 3758 1286 κριῶν,

2207 1310 2304 1363 καί
2327 1311 2509 1380 στέαρ
2537 1311 2741 1380 σιγῶν,
2767 1311 2864 1365 καὶ
2888 1305 3028 1378 αἷμα
3051 1310 3276 1377 ταύρων
3300 1308 3396 1361 καί
3430 1309 3660 1377 τράγων
3686 1313 3763 1361 οὑ

2199 1405 2522 1473 βούλομαι.
2580 1390 2674 1469 Τῗς
2699 1403 2809 1471 γὰρ
2837 1401 3124 1469 ἐζήτησεν
3174 1399 3461 1478 ταῦταθὲκ
3491 1397 3608 1463 τῶν
3637 1415 3760 1466 χει-

2199 1494 2324 1562 ρῶν
2361 1493 2572 1562 ὑμῶν;
2640 1494 2736 1546 καὶ
2772 1492 3041 1563 Ἱερεμίας
3095 1492 3152 1544 δέ
3195 1506 3397 1561 φησιν’
3442 1490 3626 1545 ’Ῑνατί
3657 1509 3763 1558 μοι

2205 1586 2454 1639 λίϐανον
2485 1584 2554 1637 ἐκ
2580 1580 2738 1638 Σαόἇ
2757 1565 3002 1652 Ῐςοέρεις,
3045 1581 3142 1634 καί
3175 1579 3514 1650 κινάμωμον
3544 1578 3617 1649 su,
3648 1580 3764 1649 fiu-

2201 1675 2536 1745 μακρόθεν;
2599 1678 2694 1726 καὶ
2729 1672 2923 1724 πάλινο
2970 1673 3092 1726 Οὐκ
3117 1670 3396 1737 ἐλάλησα
3432 1673 3582 1738 πρὸς
3621 1671 3765 1736 τοὺς

2202 1767 2464 1832 ,πατέρας
2493 1763 2659 1832 ὑμῶν
2681 1764 2810 1830 περὶ
2842 1762 3087 1823 θυσιῶν,
3125 1761 3225 1815 καί
3258 1761 3388 1830 περὶ
3425 1764 3765 1839 ὁλοκαυτω-

545 1839 666 1897 Non
687 1847 904 1931 [locutus
935 1863 1050 1902 sum
1078 1848 1149 1900 ad
1174 1859 1352 1918 patres
1380 1861 1572 1906 uestros
1604 1854 1668 1908 dc
1714 1858 2017 1925 sacriﬁciis.
2057 1873 2105 1912 et

2206 1857 2406 1926 μάτων
2433 1859 2543 1909 οὐκ
2574 1855 2962 1923 ἐνετειλάμην
2999 1853 3232 1918 αὐτοῖς’
3255 1857 3347 1907 καὶ
3377 1855 3508 1908 ἄλλα
3537 1854 3765 1907 τοιαῦτα

541 1936 608 1992 dc
643 1936 961 1994 holocaustis
991 1956 1093 1994 non
1121 1945 1371 1999 mandaui
1395 1947 1467 2000 eis
1481 1945 1542 2000 ".
1573 1947 1637 2001 Et
1664 1948 1768 2002 alia
1796 1950 2106 2018 liujusmodi

2207 1949 2436 2016 διάφορα
2483 1947 2757 2016 προφῆται
2797 1963 2952 2014 φασι.
2988 1946 3097 1999 Καὶ
3141 1945 3248 2016 μὴν
3278 1945 3446 1997 πολλὰ
3497 1947 3627 2015 περὶ
3667 1946 3766 1997 θυ-

545 2029 714 2082 mnlta
754 2031 1005 2102 plerique
1036 2034 1420 2103 prophetarum
1453 2041 1693 2094 tradunt.
1729 2039 1881 2104 Quod
1906 2043 1951 2097 si
1979 2046 2105 2112 quis

543 2133 571 2171 a
600 2117 710 2178 Deo
740 2120 889 2176 dicat
939 2137 1036 2192 per
1063 2122 1286 2193 Moysen
1321 2125 1374 2180 in
1409 2127 1524 2196 lege
1559 2131 1757 2185 tradita
1780 2132 2109 2188 iuissemano

548 2211 670 2265 data
705 2211 770 2266 de
792 2213 1100 2278 sacriﬁciis,
1134 2215 1266 2269 illud
1291 2216 1356 2270 ad
1392 2217 1530 2272 hanc
1575 2220 1942 2287 olijectinnem
2000 2224 2104 2277 dici

547 2301 750 2369 poterit
781 2320 796 2356 :
830 2304 974 2371 quod
1007 2307 1404 2361 sacriﬁciorum
1436 2309 1541 2372 lex,
1571 2326 1676 2365 non
1709 2312 2105 2380 principaliter,

543 2407 719 2461 neque
742 2408 807 2447 ex
831 2395 1007 2463 primo
1032 2397 1314 2464 pr0posito
1334 2398 1530 2452 tradita
1547 2407 1630 2452 est
1663 2411 1884 2469 propter
1912 2403 2102 2467 Deum,

542 2497 605 2536 ea
632 2484 861 2548 ratione,
894 2485 1033 2554 quod
1062 2486 1372 2555 bujusmodi
1405 2489 1676 2544 sacriﬁcia
1700 2491 1776 2543 illi
1803 2493 2102 2560 placerent.

541 2571 726 2643 Neque
755 2576 898 2630 enim
936 2577 1022 2631 bis
1060 2581 1227 2633 rebus
1250 2578 1528 2646 indigebat
1573 2589 1669 2634 aut
1728 2582 2105 2637 delectabatur

545 2661 688 2718 Deus
718 2665 852 2720 :sed
892 2667 1142 2722 humana:
1165 2669 1660 2726 duritimmisertus
1717 2673 1889 2742 legem
1954 2674 2103 2728 illam

547 2757 817 2812 tradidit:
857 2759 1214 2816 considerans
1249 2763 1395 2816 enini
1455 2761 1713 2819 ﬂebraos
1758 2765 1811 2818 in
1872 2764 2106 2834 Egypto

537 2843 650 2910 jam
679 2845 938 2903 didicisse
977 2849 1052 2903 uti
1083 2851 1395 2916 sacriﬁciis,
1429 2861 1482 2906 et
1519 2853 1753 2909 libenter
1785 2855 1837 2906 in
1875 2855 1958 2909 eis
1983 2871 2106 2910 ver-

543 2937 678 3001 sari,
711 2951 808 2992 nec
869 2951 1026 3006 posse
1080 2937 1344 3007 perfacile
1377 2944 1450 2996 ab
1518 2942 1603 2996 bis
1665 2945 1848 3007 avelli,
1893 2960 2104 2999 sumina

547 3024 958 3093 dispensatione
981 3043 1045 3084 ea
1071 3030 1136 3084 ad
1172 3039 1385 3100 tempus
1412 3035 1704 3100 concessit,
1731 3035 1861 3089 illud
1885 3035 2103 3091 interim

544 3115 920 3184 lucrifaciens,
978 3121 1124 3187 quod
1155 3123 1222 3176 ad
1272 3123 1355 3177 sui
1391 3107 1601 3177 cultum
1637 3139 1699 3178 ea
1761 3124 2101 3190 transferret,

2210 2039 2338 2090 σιῶν
2369 2038 2458 2090 διὰ
2491 2037 2734 2099 Μωσέως
2763 2037 3172 2106 ἐνομοθέτησεν.
3206 2037 3361 2102 Ἐστι
3395 2035 3452 2088 δὲ
3481 2035 3634 2098 λύσις
3664 2036 3763 2100 τῆς

2206 2117 2470 2196 δοκούσης
2525 2128 2918 2195 ἐναντιότητος,
2969 2126 3053 2178 ὅτι
3097 2125 3169 2178 Οὐ
3224 2125 3648 2201 προηγουμένως
3695 2125 3764 2176 δι’
3807 2196 3816 2210 θ

2207 2216 2399 2268 ἑαυτὸν
2431 2215 2796 2282 ἐνομοθέτησα
2826 2213 2954 2282 περὶ
2982 2213 3182 2267 θυσιῶν
3203 2230 3217 2243 °
3277 2215 3351 2284 μὴ
3385 2214 3493 2283 γὰρ
3529 2214 3764 2283 ἔχρῃζον

2206 2303 2444 2364 τούτων,
2481 2301 2614 2353 ἀλλὰ
2647 2301 3131 2368 συγκατασατικῶς
3160 2301 3249 2354 διὰ
3281 2304 3377 2372 τὴν
3406 2303 3559 2372 ὑμῶν
3598 2305 3767 2372 σκλη-

2211 2393 2428 2460 ρίτητα.
2463 2390 2626 2454 Εἰδὼς
2661 2392 2770 2459 γὰρ
2794 2393 2935 2460 ὑμᾶς
2967 2390 3113 2456 ἅπαξ
3145 2403 3200 2445 εν
3226 2393 3484 2464 Αἰγύπτῳ
3516 2393 3769 2464 μεμαθη-

2208 2484 2368 2546 κότας
2397 2482 2565 2544 θύειν,
2598 2483 2689 2534 καὶ
2725 2481 2894 2552 ἡδέως
2925 2481 3060 2550 πρὸς
3109 2481 3265 2534 τοῦτο
3290 2483 3386 2535 καὶ
3416 2482 3770 2537 δυσαποσπά-

2209 2592 2349 2636 στως
2384 2573 2627 2642 ἔχοντας,
2665 2572 3020 2645 συνεχώρησα
3048 2571 3207 2626 τοῦτο
3257 2573 3380 2627 κατ’
3421 2575 3768 2644 οἰκονομίαν,

2211 2665 2561 2734 μεταστήσας
2611 2663 2710 2725 τὰς
2753 2663 2946 2726 θυσίας
2996 2664 3075 2726 εις
3123 2665 3384 2734 ἐμαυτὸν,
3416 2664 3503 2717 ἵνα
3531 2668 3596 2734 τῇ
3637 2681 3769 2719 συν-

2206 2756 2360 2824 εχείᾳ
2392 2755 2600 2808 τούτων
2637 2744 3012 2825 μνημονεύητέ
3060 2772 3181 2824 μου,
3228 2755 3322 2808 καὶ
3355 2757 3388 2825 ἡ
3421 2757 3528 2810 τῶν
3561 2756 3771 2810 θυσιῶν

2205 2847 2371 2916 ἡδονὴ
2424 2843 2632 2916 φυλάξῃ
2686 2847 2748 2898 τὸ
2814 2847 2948 2917 πρὸς
2996 2846 3095 2917 ἐμὲ
3149 2847 3311 2910 σέϐας
3354 2850 3412 2902 ὲν
3454 2848 3770 2919 ἀνθρώποις

2206 2935 2545 3005 ἀχαρίστοις,
2575 2937 2669 2988 ual
2690 2937 2819 3006 ῥᾷον
2848 2937 3382 3006 ἑπιλανθανομένοις.
3441 2940 3556 2991 Νῦν
3585 2941 3643 2994 δὲ
3670 2939 3768 2993 τοῦ

2209 3025 2422 3096 μακροῦ
2460 3026 2673 3093 χρόνου,
2734 3025 2830 3077 καὶ
2887 3026 2996 3080 τῶν
3052 3028 3324 3080 τοσούτων
3354 3029 3611 3082 ἑκάστοτε
3670 3047 3772 3098 ση-

2208 3119 2378 3187 μείων
2411 3117 2825 3188 βεϐαιωσάντων
2853 3118 3017 3186 ὑμᾶς,
3046 3119 3125 3171 ὅτι
3146 3118 3256 3186 ὲγὼ
3284 3120 3401 3187 εἰμι
3422 3119 3550 3182 Θεδς
3583 3121 3768 3187 μόνος,
3792 3145 3818 3155 -

542 3207 798 3277 quodque
826 3209 903 3262 illi
930 3210 1013 3264 sui
1045 3211 1245 3281 saepius
1261 3213 1635 3269 meminissent
1666 3215 1794 3269 dum
1833 3213 2088 3284 frequen-

2206 3210 2486 3278 ὶπογυμνῶ
2540 3209 2637 3277 τὴν
2693 3208 2830 3278 ἐμὴν
2864 3207 3107 3278 γνώμην,
3143 3211 3234 3261 καὶ
3287 3209 3580 3278 διαρρήδην
3627 3210 3773 3261 ἀπα·

542 3299 773 3354 tioribus
831 3303 1119 3358 sacriﬁciis
1152 3304 1500 3370 interessent.
1545 3304 1779 3359 Nchrat
1810 3309 1955 3361 enim
1995 3311 2100 3363 hoc

544 3400 708 3458 pacto
743 3391 1116 3449 intercedente
1166 3397 1345 3464 aliqua
1407 3397 1792 3461 oblectatione,
1847 3399 2099 3468 pietatem

543 3493 607 3532 ac
645 3479 961 3549 religionem
989 3481 1042 3536 in
1067 3482 1259 3548 Deum,
1291 3486 1343 3538 in
1382 3492 1490 3538 tam
1523 3487 1748 3551 ingratis
1776 3496 1940 3556 atque
1963 3489 2103 3542 obli-

541 3567 713 3621 viosis
751 3569 952 3623 animis
989 3568 1198 3624 diutius
1233 3586 1394 3640 posse
1436 3575 1751 3628 conservari
1817 3590 1832 3627 :
1867 3584 1921 3628 at
1958 3591 2104 3628 nunc

2206 3301 2421 3372 γορεύω
2451 3300 2551 3361 τὰς
2606 3299 2794 3361 θυσίας
2821 3337 2836 3359 ,
2872 3297 2948 3374 ὡς
2989 3299 3294 3368 ἀχρήστους
3321 3299 3440 3350 κκαὶ
3485 3300 3771 3367 περιττάς.

2208 3393 2662 3463 Αίσχυνέσθωσαν
2707 3393 2755 3443 οἱ
2819 3389 3104 3454 Ἰουδαῖοι,
3176 3391 3612 3460 παρατρέχοντες
3667 3390 3811 3460 τῆν’

2209 3485 2489 3556 ἀλήθειαν,
2529 3484 2622 3535 καὶ
2661 3483 2886 3553 μύοντες
2910 3483 3045 3553 πρὸς
3079 3481 3138 3534 τὸ
3159 3484 3216 3536 ὲν
3246 3485 3356 3544 τοῖς
3385 3485 3590 3553 ῥήμασι
3609 3479 3772 3533 τοῦτο

2213 3576 2351 3643 φῶς.

539 3657 757 3724 quando
816 3665 924 3711 tam
977 3658 1236 3713 diuturno
1305 3669 1546 3728 tempore
1616 3677 1680 3716 ac
1739 3664 1905 3719 tantis
1941 3666 2110 3734 signis
2143 3664 2348 3734 ultique
2383 3665 2626 3736 gentium
2658 3663 2819 3718 factis
2854 3663 3101 3718 homines
3127 3661 3238 3732 jam
3271 3663 3324 3715 in
3391 3664 3490 3717 hoc
3566 3668 3776 3719 contir-

543 3749 673 3802 mati
707 3759 853 3813 sunt,
899 3749 1042 3819 quod
1089 3766 1228 3806 unus
1316 3762 1400 3807 est
1451 3768 1614 3808 verus
1687 3753 1848 3816 Dens,
1903 3755 2144 3810 denudat
2217 3758 2399 3827 palam
2441 3759 2531 3812 ille
2561 3768 2725 3827 atque
2747 3760 2922 3828 aperit
2950 3757 3109 3813 nobis
3151 3773 3245 3826 per
3287 3756 3604 3826 Prophetam
3649 3777 3780 3818 aen-,-

543 3841 762 3896 tentiam
798 3858 977 3909 suam,
1031 3845 1423 3900 sacriﬁciorum
1467 3845 1891 3915 superﬁuitatem
1932 3849 2076 3903 clare
2149 3850 2398 3904 omnibus
2461 3852 2809 3906 annuntians.
2869 3848 3285 3904 Confundantur
3344 3851 3508 3920 igitur
3575 3850 3776 3911 Judaei.

543 3934 637 4002 qni
735 3935 1014 3990 veritatem
1071 3945 1408 4004 pervertunt,
1485 3947 1541 3994 et
1621 3938 1821 4006 lucem,
1885 3956 2007 4010 quas
2082 3941 2136 3994 in
2204 3940 2497 4014 Scriptum
2544 3944 2726 3999 verbis
2786 3941 2949 4010 jacet,
3011 3943 3275 4012 obtegunt
3333 3953 3495 4012 atque
3544 3945 3780 4001 abscon-

545 4025 705 4080 dunt.

614 4113 776 4169 Vsus.
806 4117 892 4172 10.
924 4117 1186 4183 Quoniam
1220 4134 1346 4172 meae
1391 4130 1511 4174 sunt
1564 4138 1738 4176 omnes
1791 4123 1914 4189 [cm
1973 4123 2109 4192 agri,

2287 4121 2411 4173 Ὀτι
2474 4118 2583 4186 ἐμὰ
2627 4118 2756 4170 ἐστι
2809 4117 3001 4169 πάντα
3051 4115 3120 4169 τὰ
3163 4117 3335 4182 θηρία
3397 4116 3500 4170 τοῦ
3564 4115 3777 4183 ἀγροῦ,

545 4223 734 4275 pecora
765 4208 820 4261 in
872 4209 1134 4262 montibus
1161 4219 1210 4263 et
1238 4211 1410 4265 boves.
1446 4212 1544 4278 Ea,
1596 4214 1798 4282 inquit,
1827 4215 2100 4272 sacriﬁcia

2210 4211 2400 4278 κτήνη
2449 4214 2518 4264 ἑν
2556 4208 2678 4273 τοῖς
2718 4207 2923 4275 ὄρεσι,
2956 4207 3056 4261 καί
3082 4207 3396 4285 ,βοεςρὊτι
3435 4209 3496 4261 οὐ
3525 4208 3777 4274 δέξομαι,

551 4312 659 4350 non
693 4299 1012 4367 suscipiam,
1043 4302 1302 4368 quoniam
1332 4311 1515 4356 creata
1561 4304 1743 4357 omnia
1786 4319 1902 4358 mea
1963 4314 2109 4360 sunt.

2209 4305 2364 4374 φησὶ,
2397 4305 2463 4357 τὰ
2496 4301 2763 4379 ρηθέντα,
2819 4300 2900 4353 ὅτι
2947 4299 3064 4368 ἐμά’
3102 4300 3218 4350 ἐστι
3251 4300 3445 4352 πάντα.
3495 4299 3671 4366 Θηρία
3716 4300 3780 4352 δὲ

546 4387 651 4441 Per
681 4387 821 4442 feras
848 4397 1030 4443 autem
1065 4389 1180 4458 agri
1247 4393 1447 4445 munda
1509 4392 1766 4463 intelligit
1801 4396 2108 4465 quadruw

2208 4395 2378 4465 ἀγροῦ
2436 4393 2584 4461 λέγει
2641 4390 2709 4443 τὰ
2739 4394 2796 4444 ὲν
2842 4391 2954 4453 τοῖς
2991 4390 3177 4457 ἀγροῖς
3231 4388 3502 4456 νεμόμενα
3556 4388 3772 4456 καθαρὰ

546 4480 658 4544 dia,
695 4496 816 4548 qua:
838 4481 892 4533 in
923 4483 1067 4550 agris
1100 4491 1424 4548 pascuntur.
1475 4484 1625 4539 Solet
1653 4486 1796 4540 enim
1829 4486 2109 4556 Scriptura

2207 4484 2550 4555 τετράποδα·
2597 4483 2660 4534 τὸ
2694 4481 2802 4550 γὰρ
2845 4481 2953 4533 τῶν
2994 4479 3197 4549 θηρίων
3239 4478 3432 4547 ὄνομα,
3480 4479 3609 4531 ποτὲ
3671 4480 3776 4548 μὲν

549 4583 658 4624 non
688 4569 916 4624 immitia
969 4579 1175 4624 tantum
1237 4587 1301 4626 ac
1350 4572 1621 4628 silvestria
1679 4574 1957 4642 animalia,
2016 4577 2108 4630 sed

2215 4575 2440 4630 ἐπὶτῶν
2467 4571 2674 4642 ἀγρίων
2697 4611 2714 4636 ,
2769 4569 2900 4622 ποτὲ
2954 4568 3011 4622 δὲ
3045 4570 3138 4620 ἐπὶ
3175 4568 3281 4620 τῶν
3310 4568 3528 4636 ἡμέρων
3552 4568 3771 4638 τίθησιν

553 4665 788 4718 mitioris
812 4664 975 4719 etiam
1026 4679 1090 4719 ac
1118 4666 1421 4722 domestica
1454 4669 1693 4724 ferarum
1738 4671 1964 4740 nomine
2012 4685 2109 4739 ap-

2217 4659 2490 4730 ἦΓραφή.
2530 4657 2669 4727 Ἐμὰ
2717 4657 2774 4709 δὲ
2825 4651 2916 4708 οὖν
2944 4657 3112 4716 ἐστιν,
3167 4655 3241 4717 ὼς
3280 4655 3413 4722 ἐμοῦ
3464 4655 3772 4716 κτίσαντος.

550 4755 773 4822 pellare.
818 4755 964 4810 Meas
1021 4765 1201 4812 autem
1263 4773 1387 4814 esse
1412 4759 1562 4822 dico,
1610 4760 1738 4828 quia
1792 4760 2108 4827 bujusmodi

2214 4751 2345 4806 Τινὰ
2386 4752 2442 4804 δὲ
2489 4750 2594 4801 τῶν
2640 4749 2988 4818 ἀντιγράφων
3020 4747 3194 4814 θηρία
3226 4747 3330 4799 τοῦ
3352 4745 3582 4816 δρυμοῦ
3633 4749 3775 4818 γράο

549 4846 727 4898 omnia
762 4861 862 4914 ego
884 4848 1083 4902 creavi.
1108 4847 1364 4913 Quaedam
1394 4864 1521 4906 vero
1535 4851 1868 4920 exemplaria
1887 4850 2109 4906 habent:

2217 4831 2428 4912 φουσιν,
2464 4843 2519 4891 ὲν
2549 4831 2628 4899 οἷς
2671 4838 2869 4907 μᾶλλον
2902 4839 3114 4909 νοήσεις
3138 4838 3204 4890 τὰ
3237 4837 3441 4905 ἄγρια·
3481 4839 3639 4907 ἀγροὶ
3669 4841 3773 4909 μὲν

552 4933 741 4988 Omnes
771 4934 896 5003 [crte
923 4937 1196 4999 silvarum,
1244 4947 1301 4993 et
1354 4946 1486 4995 tunc
1541 4941 1771 4994 immitia
1833 4941 2109 5010 intelliges

2218 4933 2346 5001 γὰρ,
2391 4930 2461 4982 τὰ
2503 4930 2686 4999 ἥμερα
2709 4929 2882 4998 χωρία
2929 4942 2945 4957 ⁸
2990 4927 3182 4997 δρυμοὶ
3227 4925 3306 4985 δὲ.
3337 4925 3405 4978 τὰ
3448 4926 3622 4996 ὑλώδη
3679 4929 3779 4978 καὶ

549 5024 850 5091 signiﬁcari
922 5025 1205 5084 animalia.
1258 5028 1529 5096 siquidem
1594 5043 1753 5096 agros
1816 5030 2109 5085 domestica

2219 5021 2581 5092 θηριότροφα”
2618 5020 2712 5070 καὶ
2750 5018 3052 5079 ἀποδώσεις
3107 5018 3186 5078 είς
3238 5017 3522 5086 ἐξήγησιν,
3573 5016 3654 5069 δτι
3696 5017 3778 5069 Οὐ

550 5115 752 5182 praedia
796 5117 1160 5184 appellamus,
1195 5126 1250 5172 et
1282 5118 1470 5180 silvas,
1513 5119 1808 5172 immitiora
1867 5121 2005 5182 loca,
2062 5112 2109 5172 in

2213 5114 2280 5167 τὰ
2311 5113 2493 5181 ἥμερα
2529 5109 2686 5179 μόνον
2716 5109 2824 5176 ἐμά
2850 5109 3019 5172 ἐστιν,
3053 5107 3185 5162 ἀλλὰ
3216 5111 3308 5161 καὶ
3355 5109 3423 5160 τὰ
3451 5108 3635 5178 ἄγρια.
3679 5105 3774 5176 Ἐξ

550 5207 751 5274 quibus
785 5205 910 5261 ferai
930 5209 1109 5263 solent
1136 5210 1310 5278 magis
1334 5210 1536 5264 versari
1572 5228 1584 5264 :
1617 5219 1673 5264 et
1707 5219 1836 5262 tunc
1855 5223 2109 5277 expones,

2215 5202 2412 5269 ὀλίγων
2436 5201 2491 5253 δὲ
2524 5197 2698 5263 ζώων,
2718 5197 2812 5250 ὅλα
2839 5198 2904 5250 τὰ
2926 5196 3292 5267 θυσιαζόμενα
3315 5198 3488 5252 καλεῖ.

551 5300 694 5369 quod
725 5313 833 5354 non
879 5300 1054 5353 solum
1093 5301 1390 5355 domestica
1429 5301 1690 5360 animalia
1741 5300 1831 5354 Dei
1864 5307 2013 5361 sunt,
2049 5299 2142 5354 se.l
2183 5297 2343 5350 etiam
2374 5290 2664 5347 silvestria.
2689 5291 2785 5344 His
2817 5298 2997 5344 autem
3058 5291 3254 5360 paucis
3301 5291 3615 5344 animalium
3674 5305 3778 5368 ποτ

554 5393 793 5449 minibus
846 5401 1041 5458 cetera
1068 5395 1251 5448 omnia
1284 5394 1760 5457 contineriroluit,
1787 5410 1908 5463 quae
1929 5390 2212 5447 sacriﬁciis
2244 5398 2373 5445 sunt
2419 5389 2634 5445 idonea.

631 5486 795 5545 Vsus.
851 5488 939 5540 Η.
993 5486 1222 5558 Cognoui
1268 5487 1445 5540 omnia
1479 5487 1712 5540 volatilia
1780 5486 1914 5539 cazli.
1955 5483 2112 5548 Novi,

557 5581 758 5648 inquit,
796 5580 912 5634 haec
948 5579 1155 5641 omnia,
1199 5593 1263 5633 ac
1296 5577 1461 5632 veluti
1526 5579 1870 5633 certissimus
1921 5592 2110 5634 eorum

562 5670 844 5736 Dominus,
875 5680 1193 5727 enumerata
1221 5685 1283 5726 ea
1317 5671 1491 5726 habeo
1523 5685 1689 5738 penes
1724 5684 1830 5725 me.

2295 5465 2566 5550 Ἔγνωκα
2636 5477 2828 5532 πάντα
2889 5476 2958 5532 τὰ
3018 5475 3256 5529 πετεινὰ
3321 5475 3428 5529 τοῦ
3489 5475 3772 5540 οὐρανοῦ·

2221 5574 2477 5643 Γνωρίζω
2530 5569 2734 5626 ταῦτα·
2789 5565 3143 5641 ἠριθμημένα
3187 5566 3325 5638 ἔχω,
3373 5566 3446 5630 ὡς
3495 5567 3773 5637 Δ⁶εσπὸτης

2221 5665 2420 5718 αὐτῶν.

633 5850 679 5915 ’,.’
704 5849 806 5906 lsa.
863 5867 901 5917 i,
937 5849 1020 5917 ll,
1051 5850 1139 5904 1‘2.
1213 5851 1259 5883 ’³
1292 5849 1499 5907 lcrcm.
1539 5865 1608 5916 vn,
1636 5847 1725 5904 20.
1792 5849 1838 5882 ’⁵
1865 5847 2064 5905 iorem.
2089 5816 2187 5915 vit,
2213 5844 2302 5922 22.
