4124 6326
414 318 520 384 545

1549 329 1936 396 COMMENT.
1968 332 2047 396 IN
2085 334 2445 399 PSALMOS.

3512 359 3619 422 546

478 432 586 485 Kal
624 432 909 501 ὡραιότης
954 434 1139 503 ἀγ·ροῦ
1172 437 1297 505 μετ’
1325 435 1472 506 ἐμοῦ
1514 442 1703 496 ἐστιν.
1748 444 1931 513 Ὠραιό

2031 498 2033 505 ,
2138 446 2203 501 Ει
2218 450 2687 522 ριιίεΙινῖιιιιίοάθεί
2709 472 2908 511 mecum
2931 470 3024 515 est.
3046 462 3145 518 Per
3169 467 3621 535 pulchritudinem

411 538 546 592 τητα
598 526 857 579 ἐκάλεσεν
900 527 1073 598 ἀγροῦ
1119 529 1247 592 τοὺς
1293 531 1352 597 ἐξ
1402 533 1587 603 ἀγρῶν
1654 538 1955 604 φυομένους

412 612 694 681 καρπούς·
743 612 919 669 ταῦτα
972 617 1081 687 γὰρ
1130 618 1223 671 καὶ
1254 619 1449 684 κάλλος
1478 622 1582 674 elei.
1611 622 1707 675 τοῦ
1758 625 1952 695 ἀγροῦ,

408 702 500 755 καὶ
521 702 699 772 ὡραῖα
727 704 813 756 διὰ
847 705 946 768 τὰς
975 706 1125 776 ὥρας
1150 707 1243 760 τοῦ
1274 709 1522 763 ἐνιαυτοῦ
1573 713 1954 782 ὀνομάζονται.

405 795 543 847 Μετ’
572 793 722 863 ἐμοῦ
748 796 803 848 δέ
837 796 1027 863 ἐστιν,
1054 800 1171 850 ἀντὶ
1202 798 1318 863 τοῦ,
1376 801 1511 870 Παρ’
1538 802 1683 871 ἐμοὶ,
1714 805 1771 855 ὲν
1804 803 1956 868 ἐξου-

405 884 491 955 σία
544 902 669 954 μου.
707 888 846 956 Ὅρα
887 889 942 941 δὲ
998 890 1114 951 πῶς
1171 892 1509 954 συωπτικῶς
1579 894 1952 963 ἐμνημόνευσε

397 976 619 1029 πάντων
641 992 655 1007 ·
690 966 1090 1049 προσεφέροντο
1114 982 1218 1050 γὰρ
1245 983 1322 1042 είς
1350 980 1542 1033 θυσίαν
1576 984 1685 1035 ἀπὸ
1721 983 1820 1051 μὲν
1843 986 1952 1037 τῶν

398 1068 768 1134 τετραπόδων,
816 1069 959 1138 βόες,
1005 1073 1100 1123 καὶ
1123 1074 1336 1141 τράγοι,
1384 1073 1476 1124 καὶ
1529 1073 1812 1143 πρόϐατα·
1842 1074 1950 1128 ἀπὸ

395 1155 452 1208 δὲ
502 1159 612 1211 τῶν
655 1161 938 1224 πετεινῶν,
981 1163 1322 1230 περιστεραὶ,
1375 1164 1466 1215 καὶ
1512 1165 1801 1232 τρυγόνες·
1843 1166 1951 1218 ἀπὸ

394 1246 449 1299 δὲ
478 1249 590 1302 τῶν
621 1251 868 1320 καρπῶν,
902 1240 1202 1322 σεμίδαλις,
1230 1255 1325 1305 καὶ
1355 1250 1518 1317 οἶνος,
1559 1255 1651 1306 καὶ
1678 1255 1876 1308 ἔλαιον.
1910 1316 1918 1325 ,

2057 539 2171 607 agri
2211 539 2421 596 fructus
2466 543 2712 615 intelligit
2749 550 2840 617 qui
2890 553 2943 605 in
2971 556 3115 623 agris
3151 570 3471 623 nascuntur,
3528 566 3621 633 qui

2052 630 2214 684 etiam
2242 633 2700 701 pulchritudinem
2724 643 3013 708 quamdam
3050 656 3212 715 atque
3240 630 3619 709 ornamentum

2056 719 2202 787 agris
2225 721 2478 777 omnibus
2496 734 2776 792 praestant.
2810 728 2875 782 Et
2892 731 3220 800 quiaGraaca
3242 738 3411 793 dictio
3424 739 3621 809 ὡραιό-

2057 824 2182 877 της,
2219 824 2327 863 non
2361 813 2830 879 pulchritudinem
2867 830 3101 889 tantum,
3149 828 3242 880 sed
3280 833 3621 898 tempestivi-

2058 904 2226 952 tatem
2263 902 2427 955 etiam
2460 904 2750 974 significat,
2781 926 2901 980 qua:
2940 913 2994 967 in
3018 916 3162 985 agris
3212 917 3266 972 id
3316 920 3498 989 ellicit,
3557 934 3616 977 ut

2056 989 2175 1041 suis
2202 1005 2433 1061 quaeque
2458 999 2797 1066 temporibus
2849 1003 2987 1057 miro
3023 1007 3214 1062 ordine
3271 1015 3609 1078 proveniant,

2056 1080 2145 1133 dic
2167 1083 2312 1151 quod
2354 1085 2496 1141 hanc
2529 1091 3010 1159 tempestivitatem
3084 1096 3226 1153 Deus
3273 1115 3457 1155 secum
3490 1119 3612 1160 esse

2060 1171 2215 1239 dicit,
2270 1176 2397 1245 quia
2446 1178 2497 1231 in
2540 1180 2660 1249 ejus
2710 1182 2967 1241 facultate
3022 1196 3131 1254 est,
3166 1206 3285 1245 eam
3352 1203 3609 1261 prmstare

2053 1262 2201 1331 agris
2232 1272 2326 1318 aut
2351 1282 2567 1337 negare.
2586 1269 2651 1323 Et.
2667 1275 2952 1328 considera
2972 1291 3131 1344 quam
3163 1282 3351 1349 paucis
3366 1286 3604 1337 omnium

396 1341 732 1407 meminerit,
758 1360 876 1413 qua:
909 1347 960 1398 in
999 1345 1271 1398 sacrificio
1319 1344 1705 1400 offerebantur.
1738 1345 2118 1405 Oll'erebantur
2154 1354 2298 1408 enim
2332 1372 2398 1411 ex
2432 1360 2879 1431 quadrupedibus
2940 1341 3127 1433 boves,
3163 1341 3177 1349 U
3207 1372 3367 1437 hirci,
3436 1386 3606 1445 atque

391 1450 558 1502 oves;
601 1454 669 1493 ex
698 1440 1037 1504 volucribus,
1072 1440 1353 1503 columbae,
1384 1449 1439 1494 et
1463 1450 1703 1494 turtures
1742 1459 1754 1493 :
1783 1449 1838 1494 et
1871 1456 1937 1494 ex
1977 1450 2138 1499 terrae
2199 1448 2470 1519 frugibus,
2522 1454 2706 1525 siligo,
2734 1458 2942 1525 vinum,
2974 1472 3136 1531 atque
3163 1465 3366 1520 oleum.

476 1529 619 1582 Ἐὰν
639 1531 923 1598 πεινάσω,
952 1535 1023 1584 οὺ
1058 1532 1141 1601 μή
1180 1548 1279 1585 σοι
1307 1532 1474 1585 εἵκω.
1512 1530 1679 1583 Τοῦτο
1711 1530 1829 1584 κατ’
1862 1532 1944 1583 εί-

393 1620 621 1689 ρωνείαν
650 1618 791 1685 εἷπε,
842 1622 1115 1691 διασύρων
1154 1622 1250 1691 τὴν
1274 1620 1454 1674 αὐτῶν
1491 1620 1800 1690 παχύτητα,
1841 1622 1946 1672 οίοο

394 1712 571 1787 μένων
608 1713 699 1765 τὸν
737 1714 872 1766 Θεὸν
914 1714 1121 1768 δεῖσθαι
1172 1713 1281 1767 τῶν
1324 1711 1524 1764 θυσιῶν
1584 1713 1663 1772 είς
1715 1709 1941 1779 βρῶσιν.

385 1803 556 1872 Φησὶν
598 1802 713 1867 οὖν,
746 1806 825 1857 ὅτι
857 1806 963 1857 Καὶ
996 1807 1045 1858 εἰ
1094 1804 1269 1874 ὀρθῶς
1304 1801 1708 1871 ὑπελάμϐανες,
1736 1801 1852 1852 οὐκ
1876 1798 1941 1852 ἂν

386 1892 614 1962 εζήτουν
642 1898 835 1963 φαγεῖν
872 1897 979 1949 ἀπὸ
1010 1896 1125 1949 σοῦ.
1154 1896 1263 1950 Καὶ
1291 1896 1522 1949 ἄκουσον
1546 1893 1641 1961 τὴν
1670 1890 1867 1944 αἰτίαν.

466 2072 612 2138 ‘Eph
648 2072 754 2139 γάρ
783 2074 956 2126 ἐστιν
996 2075 1033 2141 ἡ
1065 2074 1384 2142 οἰκουμένη
1434 2070 1624 2125 καὶτὸ
1655 2067 1943 2135 πλήμυμα

379 2161 594 2228 αὐτῆς.
633 2162 804 2232 Ἐμῆς
832 2163 1020 2232 οὖσης,
1046 2164 1235 2218 ἔλαῦον
1267 2164 1333 2217 ἂν
1368 2166 1552 2225 αὑτός.

2116 1535 2281 1594 Vsus.
2315 1541 2402 1595 12.
2429 1542 2761 1613 Siesuriero,
2793 1566 2892 1602 non
2922 1552 3093 1604 dicam
3119 1556 3231 1607 tibi.
3254 1554 3354 1609 Per
3377 1557 3602 1612 ironiam

2042 1625 2148 1681 hoc
2194 1629 2349 1696 dicit,
2406 1634 2743 1701 redarguens
2790 1654 2977 1694 eorum
3032 1639 3470 1711 crassitudinem,
3507 1652 3597 1719 qui

2042 1718 2315 1784 putabant
2336 1735 2491 1789 egere
2530 1724 2695 1779 Deum
2728 1730 3014 1787 sacrificiis
3041 1732 3107 1786 ad
3138 1718 3597 1802 manducandum,

2041 1820 2105 1859 ac
2134 1807 2178 1860 si
2212 1808 2468 1865 diceret:
2505 1811 2743 1870 Tametsi
2798 1826 2855 1871 tu
2920 1820 2971 1874 id
3035 1833 3183 1878 recte
3233 1827 3595 1893 existimares,

1971 1931 2014 1985 Β
2040 1910 2144 1965 ego
2172 1905 2349 1953 tamen
2374 1915 2401 1953 a
2434 1914 2485 1956 te
2514 1904 2723 1959 nullum
2758 1916 2995 1976 peterem
3026 1912 3208 1968 cibum
3265 1916 3331 1970 ad
3367 1921 3597 1975 mandu-

2038 1986 2296 2041 candum.
2319 1986 2386 2041 Et
2409 2004 2630 2047 causam
2660 1994 2885 2061 subjicit
2924 2014 2939 2052 :
3414 2046 3418 2052 ρ

2108 2071 2251 2125 Meus
2271 2084 2348 2128 est
2370 2079 2508 2131 enim
2545 2080 2688 2133 orbis
2720 2091 2874 2137 terrae
2902 2094 2953 2139 et
2980 2087 3257 2157 plenitudo
3282 2092 3414 2160 ejus.
3456 2094 3591 2150 Cum

2043 2157 2213 2226 igitur
2238 2177 2354 2217 mea
2382 2167 2453 2219 sit
2480 2173 2647 2230 terra,
2684 2184 2895 2225 sumam
2938 2188 3058 2244 ego,
3114 2176 3160 2231 si
3224 2157 3361 2247 opus
3407 2181 3589 2249 fuerit,

380 2266 410 2304 a
444 2266 529 2305 me
568 2250 687 2322 ipso
720 2254 1131 2327 [quodcumque
1181 2258 1426 2312 libuerit.
1462 2257 1570 2311 Sed
1607 2256 1735 2325 quia
1771 2252 1931 2306 nullis
1974 2246 2115 2305 Deus
2176 2252 2486 2320 bujusmodi
2542 2258 2875 2329 adiumentis
2932 2266 3159 2337 indiget,
3239 2271 3365 2325 audi
3460 2246 3589 2342 quid

372 2341 573 2416 dicat].

447 2440 545 2503 Μὴ
580 2440 837 2509 φάγομαι
874 2441 986 2510 (79)
1015 2440 1158 2509 κρέα
1191 2443 1439 2510 ταύρων,
1466 2443 1504 2510 ἢ
1530 2439 1672 2511 αἷμα
1700 2438 1929 2507 τράῖων

376 2530 622 2603 πίομαι;
660 2532 792 2585 Κατ’
821 2531 1087 2600 ἐρώτησιν
1119 2534 1199 2585 ἔτι
1228 2533 1560 2603 πλατύτερον
1591 2533 1800 2600 ἐλέγχει
1830 2530 1928 2599 τὴν

378 2620 566 2675 ἄνοιαν
598 2602 810 2675 αὐτῶν·
845 2624 936 2693 Μὴ
985 2626 1115 2693 γὰρ,
1144 2626 1327 2693 φησὶν,
1376 2625 1451 2687 ὡς
1474 2602 1541 2676 fol
1586 2624 1926 2692 ψευδώνυμοι

378 2708 493 2762 θεοὶ
541 2711 651 2763 τῶν
687 2698 877 2775 ἐθνῶν,
940 2713 1194 2780 τοιαύτης
1259 2712 1515 2782 βρώσεως
1554 2713 1648 2764 καὶ
1716 2712 1925 2772 πόσεως

375 2796 697 2869 ἐπιδέομαις
754 2803 956 2869 ὃπουγε
1006 2802 1101 2854 καὶ
1138 2802 1321 2855 πολλοὶ
1365 2804 1472 2855 τῶν
1501 2803 1924 2871 ἐπιεικεστέρων

374 2892 677 2959 ἀνθρώπων
706 2894 1138 2965 ἀποστρέφονται
1167 2896 1367 2965 ταύτην
1408 2895 1502 2949 καὶ
1554 2895 1923 2948 διαπτύουσιν.

446 3069 649 3127 Θῦσον
668 3071 747 3137 τῷ
780 3072 899 3137 Θεῷ
919 3073 1139 3128 θυσίαν
1166 3070 1469 3135 αἰνέσεως.
1490 3071 1636 3142 Ὂρα
1674 3070 1923 3140 φανερῶς

374 3158 779 3229 “Sauariam
811 3159 909 3228 τὴν
933 3159 1161 3228 νομικὴν
1188 3157 1461 3227 λατρείαν,
1486 3158 1577 3209 καὶ
1602 3158 1918 3221 ἀντεισαγό⁴⁴

2104 2429 2268 2486 Vens.
2300 2434 2385 2488 15.
2431 2434 2687 2506 Nunquid
2717 2440 3042 2494 manducabu
3080 2460 3264 2499 carnes
3292 2456 3585 2516 taurorum,
3648 2448 3651 2449 ⁷

2033 2531 2121 2571 aut
2142 2525 2443 2591 sanguinem
2464 2526 2729 2579 hircorum
2746 2533 2935 2596 potabo
2954 2530 2981 2583 7
2996 2532 3092 2587 Per
3114 2535 3585 2607 interrogatlonem

2031 2608 2251 2675 legenda
2322 2621 2450 2667 sunt
2498 2615 2612 2671 haec
2686 2618 2875 2697 yerba.
2931 2620 3115 2677 Latius
3165 2633 3341 2681 autem
3397 2642 3584 2682 eorum

2030 2702 2320 2756 amentiam
2370 2705 2650 2776 redarguit
2719 2725 2735 2762 :
2783 2708 3053 2781 Nunquid'
3101 2730 3221 2786 ego,
3311 2718 3583 2787 inquiens.

2032 2788 2510 2864 (quemadmodum
2591 2799 2712 2855 falsi
2764 2805 3005 2872 gentium
3087 2804 3183 2877 dii)
3270 2808 3583 2879 hujusmodi

2032 2881 2285 2946 cibo,aut
2316 2894 2445 2955 potu
2486 2888 2745 2958 indigeo?
2766 2894 3201 2964 quandoquidem
3234 2899 3386 2953 multi
3415 2901 3579 2955 etiam

2024 2971 2292 3039 mquiores
2351 2977 2594 3033 homines
2626 2995 2687 3033 ea
2730 2983 3005 3051 negligunt
3063 2993 3117 3038 et
3182 2991 3581 3044 contemnunt?

2096 3062 2363 3120 νεκωι.
2402 3066 2626 3124 Immola
2664 3072 2767 3126 Deo
2784 3076 3112 3143 sacriﬁcium
3163 3078 3354 3133 laudis.
3396 3080 3578 3135 Palam

2028 3164 2176 3224 patet
2207 3174 2271 3211 ex
2326 3159 2412 3215 his
2460 3163 2643 3217 verbis
2696 3166 2917 3234 legalem
2995 3169 3200 3223 cultum
3257 3174 3475 3240 expelli,
3524 3182 3579 3228 ct

375 3248 548 3319 μένην
567 3250 668 3319 τὴν
696 3249 1079 3316 εύαγγελικήν.
1120 3249 1185 3300 Ἦ
1220 3248 1327 3317 γὰρ
1358 3247 1424 3299 δι’
1453 3248 1718 3308 αἰνέσεως
1754 3247 1912 3300 θυσία

2031 3250 2390 3317 evangelicum
2434 3254 2725 3309 introduci.
2760 3257 3096 3312 Sacrificium
3129 3264 3270 3313 enim
3311 3264 3453 3331 quod
3479 3280 3576 3333 per

369 3341 485 3399 τοῖς
514 3341 858 3409 Χριστιανοῖς
884 3340 1358 3409 ἀποκεκλήρωται.
1400 3339 1615 3391 Αίνεσιν
1666 3338 1722 3390 δὲ
1766 3338 1912 3405 λέγει

2031 3338 2231 3403 ηέἰυάϐῐη
2266 3339 2344 3405 fit,
2370 3341 2703 3398 Christianis
2729 3348 3047 3401 attributum
3079 3360 3179 3404 est.
3210 3352 3311 3403 Per
3357 3352 3569 3408 Iaudem

369 3428 470 3500 τὴν
491 3431 788 3499 εὐφημίαν,
842 3431 874 3500 ἢ
908 3432 1005 3500 τὴν
1036 3430 1421 3499 εὐχαριστίαν·
1482 3431 1576 3483 καὶ
1623 3430 1913 3498 ἀμφότερα

2031 3440 2146 3478 vero
2174 3427 2603 3485 benedictionem
2642 3443 2695 3486 et
2727 3437 3023 3503 gratiarum
3072 3442 3339 3494 actionem
3378 3444 3577 3496 intelli-

367 3519 481 3590 γὰρ
513 3519 593 3572 δεῖ
616 3522 810 3582 ποιεῖν,
874 3521 968 3587 ἐφ’
990 3516 1070 3581 οἷς
1118 3522 1183 3570 ὲκ
1206 3517 1300 3569 τοῦ
1330 3520 1405 3587 μὴ
1430 3518 1581 3580 ὄντος
1635 3520 1916 3588 παρήχθη·

370 3622 494 3676 μεν,
522 3608 611 3660 καὶ
642 3608 710 3660 τὰ
732 3606 867 3675 πρὸς
890 3606 1076 3676 χρείαν
1099 3607 1192 3658 καὶ
1222 3606 1518 3661 ἀπόλαυσιν
1540 3607 1911 3676 ἐκτησάμεθα,

368 3702 464 3753 καὶ
488 3700 601 3768 φῶς
636 3682 888 3767 γνώσεως
916 3700 1346 3769 προσελάσομεν,
1381 3699 1476 3751 καὶ
1498 3697 1684 3762 ἁπλῶς
1717 3699 1911 3766 εἰπεῖν,

365 3790 667 3861 τηλικαῦτα
700 3790 1171 3861 εὐηργετήθημεν.

434 4049 545 4104 Kal
574 4050 799 4117 ἀπόδος
835 4050 916 4116 τῷ
958 4050 1225 4119 ’Υψίστφ
1247 4047 1354 4114 τὰς
1384 4044 1573 4115 εὐχάς
1620 4060 1759 4102 σου.
1796 4046 1909 4112 Τὰς

358 4142 503 4213 ὑπὲρ
537 4144 809 4213 σωτηρίας
830 4158 959 4195 σου·
1015 4143 1307 4212 χρεωστεῖς
1331 4139 1441 4210 γὰρ
1485 4138 1644 4193 τοῦτο
1686 4141 1859 4192 ποιεῖν
1892 4155 1909 4173 ο

356 4236 392 4305 ἢ
418 4234 583 4304 εὐχὰς
609 4234 761 4301 λέγει
806 4234 903 4296 τὰς
938 4233 1279 4304 ὑποσχέσεις,
1319 4232 1419 4294 τὰς
1468 4230 1609 4301 ὑπὲρ
1658 4229 1755 4285 τοῦ
1816 4231 1911 4283 εὐ-

357 4327 610 4396 αρεστεῖν
637 4326 784 4379 αὑτω
806 4336 822 4351 ’
854 4323 1002 4377 οὕτω
1036 4326 1142 4394 γὰρ
1174 4324 1345 4376 ποιεῖν
1369 4324 1461 4376 καὶ
1510 4320 1750 4375 Ἰουδαῖοι
1804 4323 1904 4374 ιπ-

2017 3515 2115 3583 git.
2160 3513 2460 3586 Utrumque
2492 3522 2634 3573 enim
2667 3523 2930 3580 debemus
2962 3526 3086 3590 Deo,
3124 3529 3443 3585 benedicere
3519 3535 3568 3587 ei

2016 3606 2295 3671 nimirum,
2348 3619 2404 3661 et
2433 3612 2636 3679 gratias
2683 3628 2862 3684 agere,
2904 3618 3045 3685 quod
3103 3618 3309 3673 Scilicet
3350 3623 3401 3674 in
3450 3640 3571 3677 esse

2012 3696 2261 3764 producti
2318 3715 2532 3766 sumus,
2573 3718 2694 3755 cum
2726 3714 2882 3759 antea
2940 3722 3045 3760 non
3094 3725 3364 3775 essemus,
3428 3717 3602 3782 quml‘

2012 3788 2135 3841 usui
2162 3799 2349 3842 nostro
2377 3794 2685 3847 nccessnria
2717 3796 3228 3867 possedimus,quod
3248 3804 3429 3871 cognit
3452 3808 3573 3859 onis

2013 3876 2195 3932 lumen
2231 3881 2569 3950 accepimus,
2601 3894 2654 3937 et.
2682 3884 2826 3953 quod
2861 3888 3091 3943 summis
3120 3889 3353 3962 denique
3386 3894 3566 3948 allecti

2010 3982 2200 4024 sumus
2229 3970 2528 4028 beneflciis.

2082 4055 2148 4109 Et
2179 4060 2334 4111 redde
2370 4061 2641 4115 Altissimo
2666 4072 2784 4117 vota
2817 4075 2927 4120 tua.
2960 4067 3019 4121 1d
3048 4077 3153 4132 est,
3201 4073 3477 4127 orationes
3510 4084 3564 4128 et

2009 4160 2199 4215 preces
2231 4164 2331 4219 pro
2360 4152 2533 4207 salute
2569 4154 2681 4239 tua.
2718 4156 2885 4212 Debes
2928 4160 3069 4215 enim
3120 4160 3171 4214 ul
3227 4160 3423 4218 facere.
3476 4163 3565 4219 Vel

2009 4249 2105 4303 per
2133 4246 2256 4290 vota
2312 4241 2704 4307 promissiones
2729 4244 2984 4316 intellige,
3015 4263 3153 4317 quas
3197 4249 3397 4305 fecerat
3435 4254 3562 4308 Deo.

2006 4324 2085 4379 Ita
2118 4328 2260 4382 enim
2296 4343 2355 4384 se
2386 4331 2626 4386 facturos
2661 4332 2769 4388 Deo
2814 4334 3206 4405 pollicebantur
3254 4338 3464 4406 Judaei,
3510 4352 3563 4397 et

354 4416 703 4484 ηγγείλαντο,
731 4416 825 4469 καὶ
868 4417 1029 4487 ἡμεῖς
1086 4412 1550 4511 ἔπαγγελλόιιεθα,
1600 4411 1677 4473 ὡς
1732 4410 1908 4511 ﬁctile:

2031 4431 2107 4472 tos
2135 4420 2294 4474 etiam
2324 4423 2666 4490 pollicemur.
2703 4432 2957 4496 tanquam
2988 4431 3128 4482 servi
3163 4428 3425 4511 Domino;
3454 4434 3561 4490 Deo

354 4511 624 4579 Δεσπότη.
655 4510 956 4579 Εὐαρεστεῖ
1004 4507 1060 4560 δὲ
1121 4505 1293 4575 μόνος“
1331 4504 1362 4556 δ
1416 4505 1707 4573 ινὰρετος·
1756 4503 1816 4556 τὸ
1848 4503 1906 4556 δὲ

2031 4515 2184 4561 ιυιεω
2215 4509 2261 4563 is
2290 4511 2442 4566 solus
2471 4512 2684 4581 placet,
2720 4515 2810 4582 qui
2850 4515 3052 4571 virtute
3108 4504 3366 4588 praeditus
3418 4536 3497 4576 est
3537 4540 3551 4575 :

355 4600 507 4653 θύειν
532 4572 665 4666 ζῶα,
694 4572 795 4655 οῖηι
819 4599 984 4670 ἀρετή
1004 4614 1019 4628 ⁸
1047 4572 1140 4651 καλ.
1152 4594 1273 4649 οὐδὲ
1300 4594 1369 4648 τὰ
1394 4572 1545 4665 ἔθνη,
1572 4595 1720 4668 παρὰ
1743 4593 1903 4650 τοῦτο

2031 4596 2103 4651 ιεὰ
2152 4598 2457 4655 sacriﬁcare
2484 4602 2762 4671 animalia,
2798 4604 2997 4660 nullius
3032 4622 3254 4675 prorsus
3276 4620 3355 4664 est
3382 4611 3561 4665 virtu-

353 4691 605 4760 ὲνάρετα.

422 4870 530 4925 Kal
556 4866 913 4923 ἑπικὰνιεσαί
930 4885 1006 4936 με
1035 4870 1105 4923 ἐν
1130 4867 1318 4937 ἡμέρᾳ
1345 4868 1607 4935 θλίψεως
1627 4881 1766 4929 σου,
1799 4866 1896 4920 καὶ

1996 4680 2099 4735 tis.
2132 4680 2316 4751 Neque
2355 4686 2498 4740 enim
2556 4697 2746 4758 gentes
2784 4692 2855 4745 ob
2898 4706 2996 4747 sua
3052 4693 3317 4749 sacrificia
3361 4697 3556 4753 virtute

2006 4781 2263 4839 praestare
2286 4775 2695 4831 existimantur.

2081 4861 2239 4917 Vsus.
2272 4866 2358 4918 i5.
2397 4864 2464 4919 Et
2490 4868 2670 4920 invoca
2708 4886 2787 4923 me
2823 4873 2877 4924 in
2911 4872 2995 4926 die
3040 4874 3550 4943 tribulationis-tute.

352 4960 673 5029 ἐξελοῦμαί
705 4975 799 5025 σε,
838 4959 935 5011 καὶ
964 4958 1244 5024 δοξάσεις
1270 4974 1367 5025 με.
1399 4957 1556 5009 Οὕτω
1598 4956 1778 5020 θῦσον,
1805 4957 1897 5009 καὶ

2036 4960 2052 5004 ι
2081 4967 2263 5007 eruam
2294 4965 2361 5017 te,
2382 4965 2431 5009 et
2456 4953 2777 5025 gioriﬁcabis
2809 4977 2907 5014 me.
2929 4961 3212 5027 Sacrilica,
3238 4968 3429 5038 inquit,
3454 4973 3551 5023 hoc

352 5052 551 5114 ἀπόδος
579 5053 607 5105 δ
636 5053 951 5121 χρεωστεῖς,
981 5052 1076 5103 καὶ
1111 5051 1230 5102 τότε
1262 5049 1606 5119 θαρρούντως
1646 5048 1899 5101 ὲπικάλε-

2006 5055 2183 5115 pacto,
2208 5058 2260 5102 et
2290 5050 2453 5103 redde
2487 5050 2595 5105 Deo
2624 5054 2767 5119 quod
2817 5053 2982 5109 debes
3004 5095 3019 5119 ,
3062 5066 3117 5110 et
3167 5067 3298 5113 tunc
3336 5060 3546 5113 denunn

353 5145 446 5198 σαί
482 5160 572 5212 με,
602 5144 697 5195 καὶ
725 5140 1015 5210 ὲξελοῦμαί
1040 5157 1096 5191 σε
1122 5142 1221 5208 τῆς
1268 5140 1518 5208 θλίψεως,
1576 5140 1686 5191 εἴτε
1748 5141 1898 5210 παρά

2031 5152 2193 5191 nvoca
2224 5152 2328 5198 me.
2360 5147 2416 5193 et
2449 5141 2675 5208 eripiam
2713 5151 2765 5197 te
2816 5158 2880 5197 ex
2907 5146 3052 5197 Ouini
3104 5147 3410 5213 hominum,
3460 5157 3551 5202 aut

349 5232 670 5305 ἀνθρώπων,
696 5236 805 5287 εἴτε
828 5232 979 5303 παρὰ
1008 5230 1296 5300 δαιμόνων.
1351 5230 1461 5284 Kal.
1513 5228 1754 5293 δοξάσεις
1806 5246 1891 5300 με,

2000 5226 2302 5281 daemonum
2352 5228 2677 5297 afﬂictione,
2708 5240 2761 5287 et
2807 5233 3131 5303 gloriﬁcabis
3168 5252 3251 5291 me
3295 5246 3546 5307 tanquam

350 5324 429 5387 ὥς
474 5325 677 5395 ἀψευδῆ
725 5326 818 5376 καὶ
871 5325 1039 5394 ταχὺν
1098 5320 1308 5392 βοηθόν.
1340 5322 1789 5392 ,Παρατηρητέον
1834 5322 1892 5374 δὲ

2033 5331 2245 5371 eracem
2285 5332 2349 5373 ac
2397 5322 2629 5376 celerem
2649 5323 2973 5393 adiutorem.
2998 5324 3404 5385 Observandum
3420 5345 3548 5384 vero

349 5412 471 5475 πῶς
497 5412 726 5479 ἀνοίγων
752 5414 817 5481 τῇ
848 5411 1174 5486 εὐαγγελικῇ
1227 5411 1450 5479 λατρεία
1479 5410 1647 5479 θύραν
1671 5414 1700 5464 ό
1736 5412 1889 5476 Θεὸς,

1997 5415 2082 5462 est
2113 5410 2386 5477 quomodo
2418 5410 2558 5466 Deus
2586 5415 2879 5485 evangelici
2914 5418 3091 5473 cultus
3136 5421 3289 5475 nobis
3333 5420 3421 5475 hic
3458 5423 3547 5487 ja-

347 5501 511 5565 εὐθὺς
539 5504 633 5557 καὶ
665 5502 795 5573 περὶ
830 5502 928 5572 τῆς
955 5504 1113 5571 ἁγίας
1140 5502 1359 5572 ἐνέφηνε
1387 5501 1633 5568 Τριάδος.
1690 5502 1889 5557 Θῦσον

2040 5518 2160 5557 nam
2190 5506 2462 5576 aperiens,
2494 5510 2678 5565 statim
2707 5510 2871 5567 etiam
2904 5520 3107 5567 sancta:
3132 5512 3411 5569 Trinitatis
3445 5528 3543 5569 co-

345 5590 481 5659 γὰρ.
507 5587 639 5658 φησι
721 5589 798 5655 τῷ
832 5590 972 5657 Θεῷ,
1017 5588 1159 5659 εἶτα,
1199 5589 1305 5645 Kal
1346 5590 1572 5659 ἀετρδος
1607 5589 1687 5654 τῷ
1730 5592 1886 5661 Tw.

2032 5597 2290 5654 nitionem
2330 5602 2641 5659 tradiderit.
2700 5602 2988 5673 Sacrifica,
3020 5604 3211 5676 inquit,
3264 5602 3413 5672 Deo;
3459 5612 3533 5668 el.

1636 5686 1839 5750 Varias
1868 5688 2191 5755 lectiones.
2226 5744 2229 5747 η
3020 5710 3024 5712 ⁷

424 5782 535 5855 (79)
559 5781 647 5837 Al.
678 5783 857 5853 φάγω.
