4124 6326
639 358 742 425 551

1837 349 2217 412 EUTHYMU
2258 347 2620 409 ZlGABENI

3742 332 3861 400 552

641 487 790 549 gnat.
823 476 969 532 utsit
990 488 1188 531 sensus
1209 471 1724 541 composuisseeum
1743 468 1886 522 lmnc
1908 465 2197 535 psalmum,
2242 475 2527 552 postquam
2583 462 2806 517 intrarit
2857 461 2924 515 ad
2955 457 3220 514 Bersabee
3264 463 3318 510 et
3381 451 3660 528 gravidam
3733 465 3861 506 eam

641 574 895 630 reddidit.

716 664 877 717 Vens.
915 662 968 715 5.
999 659 1244 712 Miserere
1271 657 1392 715 mei,
1418 653 1578 718 Deus,
1617 655 1900 708 secundum
1943 668 2191 722 magnam
2221 666 2267 720 Α

641 753 1060 809 misericordiam
1081 761 1249 802 tuam.
1265 745 1428 801 Juxta
1449 747 1796 806 immensam,
1831 743 2030 812 inquit,
2046 752 2197 796 tuam

643 844 1076 901 misericordiam
1113 841 1378 894 miserere
1401 839 1526 893 mei.
1560 838 1899 892 luunensum
1929 837 2075 889 enim
2112 843 2198 889 est

641 938 787 1010 quod
820 935 1045 1001 deliqui.

711 1028 779 1080 Et
805 1024 1090 1078 secundum
1121 1019 1520 1092 multitudinem
1546 1019 1950 1073 miserationum
1981 1029 2193 1075 tuarum

643 1119 754 1172 dele
793 1116 1128 1184 iniquitatem
1151 1128 1341 1165 meam.
1393 1109 1828 1179 Supplicantium
1871 1125 2022 1165 more
2045 1125 2198 1165 eum-

643 1212 766 1262 dem
799 1207 996 1272 saepius
1021 1203 1245 1271 repertit
1266 1217 1508 1256 sensum.
1533 1204 1592 1254 Et
1617 1217 1710 1270 per
1731 1202 2075 1270 iniquitatem
2099 1216 2196 1270 pro

641 1315 749 1368 qua
797 1297 936 1350 LXX
972 1296 1200 1362 ἀνομίαν
1239 1293 1497 1347 dixerunt
1533 1290 1708 1362 [juxta
1738 1291 2196 1360 significationem

642 1389 840 1443 Graecae
879 1383 1160 1454 dietionis]
1203 1382 1706 1452 praevaricationem
1763 1382 1895 1451 legis
1926 1381 2197 1451 intelligit,

644 1481 697 1532 in
731 1477 992 1532 adulterio
1021 1485 1073 1527 et
1120 1475 1266 1528 cmde
1299 1488 1330 1527 a
1387 1488 1447 1527 se
1480 1472 1856 1526 commissam.
1892 1470 2198 1540 Utrumque

641 1571 784 1624 enim
815 1572 930 1637 lege
959 1567 1276 1628 vetabatur,
1323 1565 1427 1628 vel,
1457 1578 1577 1616 cum
1608 1563 1950 1630 iniquitatem
1983 1577 2077 1616 seu
2103 1576 2198 1630 po—

2377 599 2669 716 ’έλέησόν
2682 662 2776 715 με,
2807 646 2841 697 ό
2863 642 3025 707 Θεὸς,
3051 639 3200 728 κατὰ
3227 636 3294 692 τὸ
3307 637 3462 707 μέγα
3485 634 3659 700 sm,-
3711 648 3856 688 σου.

2309 744 2564 814 Ἐλέησόν
2588 757 2656 811 με
2693 739 2858 804 ἀξίως
2888 735 2982 790 τοῦ
3016 735 3253 805 μεγάλου
3272 732 3456 794 ἐλέους
3487 747 3604 797 σου,
3637 729 3721 783 δτι
3751 743 3861 799 μι-

2293 836 2436 905 γάλα
2464 833 2582 902 ἧμα
2591 847 2734 904 ρτον.

2364 1013 2472 1070 Καὶ
2496 1011 2646 1067 κατὰ
2675 1011 2742 1064 τὸ
2770 1008 3002 1078 πλῆθος
3028 1005 3145 1059 τῶν
3194 1001 3510 1071 οίκτιρμῶν
3557 1015 3676 1055 σου
3720 999 3862 1064 ἐξά-

2292 1109 2513 1174 λειψον
2561 1101 2629 1156 τὸ
2679 1099 2957 1168 ἁνόμημά
2979 1114 3120 1167 μου.
3180 1094 3254 1148 Th
3288 1094 3420 1147 αὐτὸ
3477 1087 3863 1146 ἐδιπλασίασεν

2294 1197 2385 1249 δνο
2397 1214 2495 1265 μα,
2535 1193 2766 1263 σύνηθες
2781 1193 2893 1260 γὰρ
2913 1189 3071 1243 τοῦτο
3089 1190 3200 1250 τοῖς
3230 1187 3526 1254 δεομένοις.
3571 1183 3768 1251 Ἀνόμη
3779 1200 3860 1251 μα

2295 1286 2353 1339 δὲ
2407 1285 2555 1352 λέγει
2611 1284 2712 1354 τὴν
2765 1280 3112 1353 παρανομίαν
3151 1281 3250 1349 τῆς
3305 1277 3549 1346 μοιχείας
3615 1277 3709 1328 καὶ
3759 1271 3859 1326 τοῦ

2299 1376 2479 1443 φόνου·
2494 1393 2507 1407 ·
2540 1375 2637 1429 καὶ
2660 1376 2828 1444 ἄμφω
2849 1373 2956 1443 γὰρ
2978 1373 3007 1424 ό
3030 1371 3191 1440 νόμος
3252 1368 3507 1421 ἐκώλυεν.
3574 1368 3863 1436 ’Δνόμημα

2301 1468 2360 1522 δὲ
2388 1467 2593 1536 ταύτην
2621 1450 3014 1530 tardissim-61::
3053 1463 3210 1534 δίκην
3243 1461 3562 1530 ἀλλοφύλου,
3629 1460 3721 1513 τοῦ
3784 1461 3863 1530 μὴ

2304 1559 2490 1629 νόμον,
2516 1558 2932 1628 ἐπλημμέλησε.

642 1669 750 1722 tius
777 1666 860 1732 [ut
909 1659 1170 1731 diximus]
1206 1659 1434 1729 ἀνομίαν
1469 1675 1528 1713 se
1554 1661 1897 1714 commisisse
1932 1657 2184 1722 fateatur,
2223 1668 2621 1727 consequenter
2653 1655 2786 1710 illud
2813 1655 2976 1709 etiam
3037 1652 3288 1719 afﬁrmat,
3355 1667 3415 1708 se
3471 1652 3692 1722 ἄνομον,
3759 1651 3867 1705 hoc

640 1764 746 1815 cst,
774 1762 1030 1822 tanquam
1061 1753 1303 1820 exlegem
1341 1743 1483 1811 esse‘,
1507 1763 1629 1802 cum
1655 1749 1970 1818 alienigena:
2002 1748 2196 1812 instar,
2238 1749 2330 1817 qui
2364 1750 2467 1804 sub
2506 1749 2625 1820 lege
2690 1763 2798 1803 non
2850 1749 2941 1811 sit,
3015 1744 3247 1803 nefanda
3275 1744 3390 1801 haec
3411 1745 3606 1799 delicta
3633 1745 3867 1800 commi-

643 1851 794 1906 Sct‘il.

707 1937 872 1994 Vens.
908 1939 964 1993 4.
990 1938 1227 2006 Amplius
1254 1937 1371 1990 lava
1395 1952 1474 1989 me
1497 1935 1856 2004 abiniquitate
1875 1936 2194 1992 mea.Venia
2228 1943 2270 2000 Β

639 2033 840 2100 quippe
869 2031 917 2084 ei
964 2031 1072 2098 iam
1125 2029 1249 2082 data
1285 2028 1462 2081 fuerat
1499 2043 1595 2096 per
1626 2028 1946 2097 prophetam
1981 2026 2195 2080 Natliau

639 2123 910 2174 dicentem
947 2137 961 2172 :
991 2120 1131 2172 Deus
1166 2118 1385 2170 abstulit
1419 2129 1687 2185 peccatum
1722 2128 1868 2170 tuum
1897 2119 1968 2174 ":
2001 2131 2192 2172 verum

640 2229 752 2282 prae
780 2213 1016 2265 maximo
1039 2212 1276 2278 quodam
1319 2208 1516 2262 ardore
1547 2208 1782 2276 amplius
1807 2209 1973 2262 etiam
2027 2207 2197 2261 lavari

641 2303 824 2370 cupit;
859 2300 940 2354 vel
964 2299 1214 2366 amplius,
1238 2313 1472 2365 expone,
1503 2313 1602 2366 pro
1627 2298 1800 2351 valde.

712 2389 780 2441 Et
815 2405 846 2441 a
879 2396 1090 2455 peccato
1120 2402 1232 2440 meo
1265 2386 1457 2438 munda
1492 2404 1591 2440 me.
1627 2385 1839 2441 Rursus
1863 2387 2070 2456 peccati
2095 2402 2194 2442 no-

643 2482 786 2535 mine
812 2481 1069 2534 delictum
1096 2493 1126 2531 a
1154 2492 1213 2533 se
1241 2469 1597 2532 eummissum
1637 2478 1888 2548 appellat,
1923 2479 2065 2548 quod
2101 2495 2197 2534 su-

643 2567 829 2636 perius
868 2566 1234 2635 iniquitatem,
1294 2581 1388 2621 seu
1437 2565 1521 2636 [ut
1549 2566 1812 2637 diximus]
1855 2569 2115 2637 ἀνομίαν,
2144 2568 2197 2622 id

642 2665 747 2719 est,
779 2657 1268 2725 transgressionem
1295 2655 1428 2724 legis
1452 2657 1778 2726 appellavit:
1806 2661 2025 2727 proprie
2049 2657 2194 2712 enim

645 2749 733 2800 ille
757 2761 983 2815 peccare
1013 2745 1237 2810 dicitur,
1272 2747 1363 2814 qui
1394 2747 1563 2817 legem
1595 2750 2018 2816 transgrcditur.
2047 2749 2202 2815 Solet

643 2849 826 2893 autem
854 2837 1123 2907 Propheta
1159 2840 1470 2906 promiscue
1501 2841 1577 2892 uti
1608 2841 1692 2894 liis
1717 2841 2052 2896 nominibus.

711 2926 877 2982 Vsus.
913 2927 966 2982 5.
1010 2929 1279 2994 Quoniam
1337 2929 1673 2996 iniquitatem
1734 2947 1903 2984 meam
1963 2948 2056 3002 ego
2107 2949 2197 2985 co-

642 3034 859 3089 gnosco,
892 3029 943 3073 et
993 3029 1267 3088 peccatum
1319 3036 1494 3072 meum
1527 3032 1711 3074 contra
1751 3039 1829 3076 me
1869 3032 1946 3076 est
1975 3039 2194 3092 semper.

642 3111 898 3165 Miserere
945 3113 1073 3175 mci,
1109 3112 1306 3179 inquit,
1338 3119 1391 3163 et
1436 3113 1638 3165 munda
1686 3129 1794 3177 me,
1824 3116 1951 3183 quia
2008 3130 2198 3185 perpe-

641 3202 768 3254 trati
797 3217 826 3255 a
853 3217 936 3254 me
967 3201 1217 3254 criminis
1250 3201 1455 3256 oblitus
1480 3218 1587 3256 non
1614 3219 1756 3267 sum,
1779 3219 1904 3270 nec,
1929 3206 2090 3259 veluti
2131 3206 2198 3260 de

2379 1938 2511 1992 Ἐπί
2552 1937 2766 1992 πλεῖον
2792 1936 3031 1990 πλῦνάν
3048 1951 3125 2002 με
3153 1934 3270 1988 ἀπὸ
3298 1931 3409 2001 τῆς
3429 1933 3679 2001 ἀνομίας
3719 1950 3864 2003 μου.

2303 2028 2666 2099 Συνεχωρήθη
2692 2028 2801 2098 γὰρ
2832 2027 2926 2078 καὶ
2961 2026 3047 2080 διὰ
3076 2025 3168 2078 τοῦ
3220 2025 3430 2088 Νάθαν,
3458 2024 3725 2086 είπόντος,
3780 2026 3866 2079 ὅτι

2304 2121 2397 2173 καὶ
2429 2121 2644 2186 Κύριος
2675 2117 2886 2185 ἀφεῖλε
2915 2117 2982 2169 τὸ
3025 2115 3338 2184 ἁμάρτημά
3389 2132 3526 2169 σου.
3599 2114 3736 2167 Ἀλλ’
3760 2115 3867 2167 ὑπὸ

2303 2212 2636 2282 θερμότητος
2665 2211 2746 2263 ἔτι
2781 2208 3052 2278 πλυθῆναι
3085 2209 3392 2278 παρακαλεῖ
3425 2226 3436 2238 ·
3495 2209 3527 2278 ἢ
3557 2207 3617 2259 τὺ
3641 2248 3656 2274 ,
3732 2209 3868 2263 Ἐπὶ

2303 2303 2538 2370 πλεῖον,
2566 2301 2685 2356 ἀντὶ
2703 2300 2798 2354 τοῦ
2833 2300 3027 2366 Ἀγαν.

2358 2396 2468 2449 Καὶ
2505 2394 2622 2447 ἀπὸ
2652 2392 2761 2460 τῆς
2785 2391 3070 2460 ἁμαρτίας
3126 2407 3241 2459 μου
3295 2393 3731 2460 καθάρισόνμε.
3787 2392 3866 2446 Τὸ

2304 2485 2437 2539 αὐτὸ
2455 2485 2605 2551 λέγει
2629 2481 2790 2536 πάλιν
2820 2480 3114 2549 ἁμαρτίαν,
3146 2481 3227 2532 ὅτι
3281 2480 3484 2551 κυρίως
3529 2482 3773 2551 ἁμαρτία
3824 2485 3855 2552 ἡ

2303 2577 2398 2630 τοῦ
2423 2577 2587 2646 νόμου
2622 2574 2956 2646 παράὸασις.
2989 2573 3134 2643 Πλὴν
3167 2573 3239 2633 ὡς
3265 2574 3358 2624 ἐπὶ
3387 2574 3446 2624 τὸ
3513 2574 3758 2626 πλεῖστον
3779 2574 3860 2643 τῷ

2301 2668 2402 2737 τῆς
2431 2666 2684 2735 ἀνομίας,
2704 2666 2798 2719 καὶ
2825 2663 3189 2735 παρανομίας,
3222 2663 3316 2715 καὶ
3343 2663 3613 2735 ἁμαρτίας
3632 2655 3860 2734 ὀνόματι

2305 2759 2607 2830 ἀδιαφόρως
2638 2757 2858 2828 χρῆται,
2903 2757 2998 2811 καὶ
3026 2757 3141 2809 ἀντ’
3169 2755 3435 2826 ἀλλήλων.

2372 2940 2494 2992 Ὅτι
2524 2939 2639 3006 τὴν
2669 2937 2925 3004 ἀνομίαν
2971 2951 3091 3003 μου
3125 2932 3264 3001 οέᾕηὼ
3312 2934 3598 3001 γινώσκω,
3669 2937 3764 2988 καί
3822 2939 3862 3005 ἠ

2303 3032 2552 3102 ἁμαρτία
2565 3048 2683 3099 μου
2711 3029 2965 3084 ἐνώπιόν
2988 3027 3101 3095 μού
3125 3026 3252 3079 ἐστι
3275 3025 3616 3092 διαπαντός.
3679 3026 3865 3097 Ἐλέη-

2307 3125 2398 3176 σόν
2433 3141 2522 3193 με,
2560 3122 2714 3191 φησὶ,
2749 3119 3155 3189 καὶκαθάρισόν
3197 3134 3287 3187 με.
3314 3118 3448 3170 διότι
3478 3119 3578 3171 οὐκ
3602 3118 3862 3175 ἐπελαθό-

2308 3234 2416 3286 μην
2449 3215 2547 3284 τῆς
2581 3213 2854 3284 ἁμαρτίας
2890 3228 3016 3280 μου,
3069 3209 3142 3272 ὡς
3212 3210 3714 3280 εὐκαταφρονήτου,
3769 3211 3864 3267 διὰ

641 3293 790 3360 regia
839 3290 1109 3360 dignitate
1141 3293 1438 3362 superbus,
1476 3293 1608 3346 illud
1638 3294 1874 3363 neglexi.
1931 3293 2064 3349 Nam
2095 3298 2197 3352 etsi

2302 3308 2396 3362 τὸν
2423 3309 2587 3374 ὄγκον
2617 3309 2716 3376 τῆς
2749 3306 3026 3375 βασιλείας
3050 3320 3065 3334 ο
3125 3301 3304 3354 ἁλλέί
3327 3301 3421 3354 καὶ
3469 3302 3592 3365 τοὺς
3655 3302 3864 3373 ἀνθρὼ-

641 3379 896 3436 homines
929 3385 1114 3444 lateat,
1148 3398 1247 3452 ego
1280 3394 1461 3438 tamen
1509 3385 1657 3439 illius
1691 3377 2068 3443 enormitatem
2101 3402 2199 3442 co-

641 3487 868 3542 gnosco,
919 3487 982 3525 ac
1016 3473 1371 3528 conscientia:
1403 3489 1537 3528 ineas
1589 3475 1761 3530 oculis
1790 3476 1882 3528 diu
1925 3489 2199 3544 noctuque

642 3564 774 3617 illud
799 3578 968 3617 cerno
999 3579 1012 3618 :
1044 3563 1246 3632 quippe
1268 3578 1391 3618 cum
1429 3564 1648 3620 assidue
1664 3581 1727 3619 ac
1749 3567 2048 3636 peracerbe
2077 3567 2198 3621 ani-

639 3671 782 3710 lnam
810 3670 983 3710 meam
1016 3654 1283 3709 stimulet.
1325 3654 1460 3720 Quae
1496 3671 1585 3711 res
1615 3666 1823 3711 certam
1861 3659 2199 3728 poenitentia:

638 3745 1014 3813 conjecturam
1043 3751 1284 3812 praestat,
1313 3752 1379 3798 at:
1407 3753 1756 3812 peccatorum
1792 3747 1956 3800 etiam
1984 3747 2197 3801 veniam

637 3835 922 3890 conciliat.

711 3922 880 3979 Vens.
916 3923 972 3978 6.
1012 3922 1130 3976 Tibi
1158 3923 1258 3977 soli
1309 3924 1543 3991 peccari.
1570 3924 1706 3979 Cum
1748 3941 1840 3980 rex
1887 3925 2012 3990 sim,
2056 3934 2111 3980 et
2144 3934 2198 3981 te

639 4013 816 4070 solum
849 4012 1270 4068 commissorum
1309 4027 1339 4065 a
1370 4028 1457 4066 me
1507 4014 1776 4068 scelerum
1811 4015 2051 4083 judicem
2099 4015 2199 4068 lia-

641 4107 820 4169 beam,
853 4105 950 4156 tibi
996 4103 1096 4156 soli
1128 4118 1388 4173 peccasse
1420 4103 1627 4169 videor,
1680 4105 1780 4160 hoc
1825 4117 1932 4171 est,
1966 4108 2062 4162 tibi
2097 4107 2199 4161 soli

637 4193 812 4262 jndici
871 4193 1161 4262 subjicior.
1211 4193 1547 4247 Caeterorum
1604 4197 1750 4250 enim
1803 4199 2047 4250 omnium
2097 4211 2199 4267 ego

562 4290 575 4305 '
639 4284 896 4336 dominus
927 4297 1074 4345 sum,
1107 4293 1160 4336 et
1196 4283 1266 4335 ob
1298 4284 1593 4351 potentiam
1649 4296 1825 4338 meam
1861 4286 2024 4340 licere
2066 4285 2196 4339 milii

637 4374 916 4436 videntur,
937 4387 1277 4442 quaecunque
1303 4373 1592 4429 libuerint.
1609 4371 1729 4437 Vel,
1753 4376 1882 4444 quia
1900 4376 2046 4445 leges
2076 4386 2198 4430 tuas

639 4473 1023 4535 transgressus
1054 4481 1200 4529 sum,
1224 4464 1434 4520 idcirco
1464 4467 1562 4520 tibi
1595 4467 1696 4521 soli
1725 4481 1984 4536 peccasse
2007 4467 2198 4522 videor

640 4558 858 4612 illarum
892 4556 1214 4625 Iegislatori.
2058 4559 2072 4566 ’

2303 3418 2436 3462 nou;
2466 3398 2676 3461 ἔλαθον,
2717 3398 2864 3466 ὅμως
2882 3394 2992 3465 ἐγὼ
3051 3393 3302 3462 γινώσκω
3357 3393 3582 3463 ταύτην,
3643 3393 3812 3464 ἡλίκη
3846 3413 3861 3426 ο

2299 3493 2393 3544 καὶ
2454 3489 2635 3560 βλέπω
2682 3488 2852 3558 αὐτὴν
2905 3487 3121 3552 νύκτωρ
3173 3487 3266 3537 καὶ
3301 3483 3419 3553 μεθ’
3474 3485 3687 3554 ἡμέραν
3745 3488 3864 3549 τοῖς

2298 3584 2392 3637 τοῦ
2457 3582 2755 3642 συνειδότος
2804 3578 3122 3648 ὀφθαλμοῖς,
3151 3576 3364 3644 πικρῶς
3398 3575 3736 3645 πλήττουσαν
3758 3577 3867 3647 τὴν

2301 3675 2441 3746 ἐμὴν
2494 3673 2710 3743 ψυχήνο
2755 3671 2924 3741 ’ὅπερ
2979 3668 3268 3740 μετανοίας
3331 3667 3483 3720 ἐστὶν
3514 3668 3867 3740 ⁵εἰλικρινοῦς

2296 3769 2616 3836 τεκμήριον,
2661 3765 2759 3818 καὶ
2818 3761 3078 3833 πρόξενον
3110 3761 3532 3832 συγχωρήσεως.
3613 3829 3626 3835 _

2369 3925 2470 3980 Σοί
2503 3925 2669 3992 μόνῳ
2694 3921 2976 3989 ἥμαρτον.
3025 3919 3115 3982 Ὠς
3151 3917 3235 3970 σοὶ
3261 3916 3406 3988 μόνῳ
3455 3916 3681 3987 δικαστῇ
3722 3917 3867 3972 ὓπο-

2299 4017 2549 4087 κείμενος
2578 4030 2593 4046 ·
2623 4013 2878 4084 βασιλεὺς
2906 4010 3016 4081 γὰρ
3037 4009 3133 4077 ὣν,
3163 4010 3222 4064 σὲ
3253 4009 3410 4080 μόνον
3441 4008 3550 4078 ἔχω
3597 4007 3706 4061 τῶν
3757 4026 3869 4062 πε-

2298 4109 2634 4178 πραγμένων
2667 4123 2759 4176 μοι
2785 4105 3069 4174 δικαστὴν,
3102 4102 3214 4156 τῶν
3241 4101 3418 4155 ἄλλων
3452 4101 3711 4155 ἁπάντων
3755 4100 3867 4154 κῦ-

2300 4217 2414 4270 ριος
2448 4199 2546 4260 ὣν,
2578 4197 2672 4251 καὶ
2692 4196 2813 4250 κατ’
2833 4194 3078 4261 ὶξουσίαν
3103 4192 3271 4246 ποιῶν
3293 4191 3329 4246 ἃ
3355 4191 3637 4262 βούλομαι.
3661 4193 3729 4246 Ἢ
3759 4194 3867 4248 καὶ

2296 4293 2378 4346 ὅτι
2410 4291 2535 4353 τοὺς
2561 4290 2688 4352 σοὺς
2717 4289 2916 4358 νόμους
2939 4286 3216 4358 παραϐὰς,
3245 4285 3330 4340 σοὶ
3389 4284 3537 4356 μόνῳ
3575 4284 3654 4356 τῷ
3701 4301 3867 4355 νομο-

2298 4384 2434 4456 θέτῃ
2457 4381 2665 4456 τούτων
2693 4381 3015 4452 ἡμάρτηκα.

712 4647 779 4700 Et
808 4647 1008 4701 malum
1035 4662 1214 4701 coram
1245 4658 1293 4701 te
1319 4649 1438 4718 Ieci.
1470 4646 1666 4702 Omnia
1696 4650 1840 4704 enim
1875 4649 2048 4715 vides,
2087 4666 2192 4705 non

2367 4629 2475 4685 Kal
2500 4629 2567 4684 τὸ
2584 4626 2853 4694 πονηρὸν
2871 4622 3126 4679 ἐνώπιόν
3177 4637 3296 4676 σου
3340 4620 3617 4687 ἐποίησα.
3672 4619 3863 4674 Πάντα.

557 4805 562 4812 ,
639 4748 850 4794 tantum
882 4742 1104 4809 quando
1131 4755 1197 4794 ea
1230 4741 1386 4801 fiunt,
1419 4744 1514 4795 sed
1563 4741 1784 4810 quando
1830 4742 1992 4800 etiam
2041 4742 2193 4796 futu-

640 4845 757 4882 rum
779 4839 864 4884 est
908 4840 964 4883 ut
993 4831 1146 4884 fiant.
1181 4830 1294 4884 lloc
1319 4841 1499 4886 autem
1523 4832 1676 4898 dicit,
1713 4833 1923 4902 pudore
1953 4835 2190 4903 seipsum

639 4925 1007 4983 cenl'unilens,
1049 4924 1141 4992 qui
1173 4923 1342 4977 Deum
1373 4926 1649 4980 videntem
1682 4937 1892 4981 tantum
1922 4929 2192 4983 committi

639 5015 855 5069 facinus
907 5016 1113 5070 veritus
1165 5032 1273 5069 non
1330 5017 1425 5071 sit.
1463 5016 1600 5071 Illud
1649 5028 1826 5072 autem
1878 5021 2190 5081 considera,

635 5105 778 5176 quod
818 5105 885 5158 de
910 5120 1022 5158 uno
1055 5113 1266 5158 tantum
1298 5120 1328 5158 α
1365 5111 1426 5160 se
1467 5109 1764 5163 commisso
1784 5108 2013 5162 crimine
2043 5109 2191 5179 loqui

638 5195 874 5259 videtur,
931 5210 1056 5248 cum
1109 5204 1291 5251 tamen
1354 5197 1510 5267 plura
1561 5210 1792 5253 essent:
1835 5214 1897 5253 ea
1932 5200 2190 5254 nimirum

639 5290 874 5350 ratione,
903 5289 1031 5356 quia
1065 5304 1233 5343 unmn
1270 5289 1339 5343 ab
1373 5290 1549 5345 altero
1574 5291 1916 5360 dependebat
1950 5292 2192 5364 :quippe

638 5393 763 5432 cum
793 5377 1066 5431 adulterio
1093 5379 1368 5450 impulsus
1399 5380 1565 5436 fuerit
1596 5385 1664 5436 ad
1686 5385 1912 5438 eadem.
2067 5371 2092 5385 ”
2191 5378 2214 5387 “

712 5465 780 5522 Ut
809 5467 1120 5536 iustiﬁcaris
1146 5470 1215 5523 in
1247 5471 1574 5526 sermonibus
1603 5472 1730 5540 tuis,
1765 5483 1815 5529 et
1850 5473 2028 5528 vincas
2070 5490 2189 5527 cum

637 5559 923 5629 iudicaris.
979 5560 1273 5630 Delicium,
1304 5547 1483 5634 inquit
1532 5565 1677 5620 ouod
1733 5566 1835 5622 feci
1885 5565 2072 5622 coram
2113 5577 2184 5633 te,

701 5738 748 5798 ιι
772 5735 818 5794 ιι
853 5734 987 5809 Reg.
1014 5751 1110 5805 xit,
1141 5739 1229 5795 l5.

2299 4726 2406 4794 γὰρ
2436 4721 2712 4794 Miami;
2739 4719 2827 4772 ὅτε
2876 4717 3113 4784 γίνονται
3157 4714 3336 4784 μόνον,
3384 4711 3522 4766 ἀλλὰ
3574 4712 3669 4766 καὶ
3724 4713 3863 4766 ὅταν

2304 4815 2557 4884 μέλλωσι.
2577 4807 2822 4876 Τοῦτοδὶ
2843 4802 2986 4873 εἷπε,
3016 4806 3392 4874 καταισχύνων
3417 4805 3626 4868 ἑαυτὸν,
3646 4803 3720 4866 ὡς
3750 4804 3864 4858 οὐκ

2300 4901 2658 4973 αἰσχυνθέντα
2685 4899 2777 4951 τὸν
2808 4897 2968 4961 Θεὸν,
2991 4895 3200 4966 ὁρῶντα
3223 4895 3516 4964 γινομένην
3535 4895 3636 4962 τὴν
3670 4893 3862 4963 ἁμαρ-

2296 4995 2438 5049 τίαν.
2472 4995 2626 5063 ’ὈραΔ
2668 4991 2746 5058 δὲ,
2805 4991 2924 5052 πῶς
2971 4987 3048 5050 ὡς
3101 4986 3228 5058 περὶ
3275 4986 3393 5048 ἑνὸς
3461 4984 3861 5054 ἁμαρτήματος

2297 5089 2450 5142 δοκεῖ
2477 5087 2683 5155 λέγειν,
2705 5085 2793 5138 διὰ
2817 5087 2878 5135 τὸ
2931 5079 3281 5150 ἀπηρτῆσθαι
3335 5077 3433 5147 τῆς
3475 5074 3720 5146 μοιχείας
3754 5077 3858 5129 τὸν

2297 5181 2462 5250 φόνον
2481 5196 2496 5210 ο
2526 5178 2712 5246 ἐκείνη
2737 5175 2847 5245 γὰρ
2868 5173 3161 5251 εἰργάσατο
3190 5168 3402 5223 τοῦτον.

2361 5468 2559 5531 Ὅπως
2585 5462 2662 5518 ἂν
2707 5456 3023 5527 δικαιωθῇς
3050 5456 3119 5509 ἐν
3153 5455 3275 5522 τοῖς
3323 5456 3522 5523 λόγοις
3553 5470 3690 5517 σου,
3747 5454 3850 5509 και

2292 5561 2552 5626 νικήσῃς
2574 5557 2645 5611 ἐν
2674 5555 2754 5621 τῷ
2787 5548 3094 5622 κρίνεσθαί
3111 5564 3215 5627 os.
3271 5544 3529 5622 Ἐποίησα
3575 5543 3628 5597 δὲ
3659 5543 3719 5595 τὸ
3748 5560 3855 5596 κα-
