4124 6326
707 398 810 460 559

1917 395 2116 452 ILU'I'H
2130 397 2224 452 ΥΜ
2238 399 2288 454 tl
2326 396 2688 459 ZlGABENI

3803 412 3914 476 ΒΕΘ

588 559 596 564 .
693 519 854 570 tiora.
878 511 1032 578 Quod
1081 510 1126 569 si
1171 512 1293 582 quis
1339 510 1582 583 objieiat,
1623 512 1840 569 beatum
1892 513 2057 568 David
2111 524 2225 584 post

2337 515 2512 569 ἐποίει
2534 516 2801 570 τοῦτοδιὰ
2833 518 2919 571 τὸν
2951 519 3134 591 νόμον,
3165 523 3259 577 καὶ
3285 525 3368 579 ὅτι
3401 525 3554 580 οὔπω
3583 527 3679 598 τῆς
3712 531 3914 600 καινῆς

692 606 1003 675 hujusmodi
1053 605 1215 659 verba
1263 604 1403 659 Deo.
1439 605 1640 673 saepius
1692 605 2058 669 sacriﬁcasse,
2102 606 2235 660 illud

2347 606 2582 670 θυσίας-ὀ
2614 609 2804 679 καιρὸς
2831 610 3097 681 ἐληλύθει.

687 695 1812 766 animadvertendumducimus,quodnon
1837 712 1899 751 ex
1927 699 2227 767 praposito,
2271 714 2446 768 neque
2481 716 2543 752 ex
2575 702 2798 770 propria
2856 702 3137 760 voluntate
3225 707 3277 762 id
3336 709 3548 779 agebat,
3594 711 3690 767 sed
3766 711 3910 782 legis

687 796 1008 857 reverentia,
1059 801 1112 845 et
1169 793 1294 862 quia
1342 793 1464 845 novi
1526 792 1788 870 sacriﬁcii
1836 792 1953 847 dies
1993 793 2232 847 nonduin
2277 805 2518 849 venerat.

756 889 917 943 Vens.
985 890 1068 942 l9.
1133 887 1467 956 Sacriﬁcium
1510 888 1617 941 Deo
1677 880 1893 957 spiritus
1946 892 2228 942 contritus.

685 983 902 1043 Anima,
929 979 1125 1048 inquit,
1155 993 1272 1047 quae
1295 978 1599 1032 humilitate
1633 993 1696 1031 ac
1734 979 2065 1034 demissione
2095 995 2231 1048 qua-

686 1060 817 1125 dam'
844 1070 1147 1123 voluntaria
1207 1068 1436 1123 coatrita
1487 1067 1676 1132 fuerit,
1700 1080 1911 1139 gratum
1955 1081 2114 1138 atque
2141 1083 2234 1122 ae-

685 1160 954 1229 ceptabile
995 1159 1102 1213 Deo
1131 1159 1466 1213 sacriﬁcium
1498 1158 1699 1213 reddit.

753 1253 852 1308 Cor
887 1254 1172 1306 contritum
1224 1261 1272 1305 et
1303 1251 1641 1305 humiliatth
1672 1249 1812 1304 Deus
1841 1267 1944 1303 non
1971 1250 2234 1318 despiciet.
2287 1260 2293 1269 ί

681 1343 1106 1412 Szepenumero,
1170 1351 1231 1396 ut
1311 1342 1574 1406 diximus,
1638 1341 1922 1408 Scriptura
1994 1357 2087 1409 per
2134 1357 2238 1395 cor

680 1435 918 1488 animam
984 1433 1260 1501 intelligit,
1327 1447 1392 1488 eo
1475 1432 1625 1499 quod
1683 1433 1877 1485 animae
1933 1432 2092 1486 sedes
2143 1434 2236 1495 sit,

679 1532 734 1577 et
761 1527 815 1577 in
839 1539 902 1577 eo
925 1524 1266 1592 potissimum
1292 1522 1634 1576 diversetur:
1670 1532 1833 1590 atque
1857 1523 1979 1576 ideo
2015 1523 2107 1575 ubi
2141 1537 2237 1576 cor

681 1614 906 1682 patitur,
951 1613 1129 1667 anima
1170 1613 1354 1667 statim
1405 1628 1434 1666 a
1487 1623 1598 1666 toto
1625 1613 1803 1666 evolat
1832 1627 2078 1682 corpore.
2113 1611 2236 1668 Non

678 1705 920 1773 despiciet
949 1716 1127 1758 autem
1174 1718 1295 1772 pro,
1353 1718 1456 1756 non
1521 1695 1738 1767 aveﬂet,
1791 1703 1892 1756 hoc
1928 1711 2030 1768 est,
2073 1718 2233 1757 suum

679 1797 748 1850 ab
773 1811 838 1849 eo
870 1810 973 1848 non
1010 1795 1303 1848 dimovebit
1350 1803 1651 1862 aspectum.

747 1886 910 1941 Vsus.
943 1886 1031 1940 ΞΟ.
1058 1885 1303 1952 Benefac,
1329 1885 1563 1950 Domine,
1597 1885 1650 1938 in
1679 1883 1813 1938 bona
1840 1885 2108 1939 voluntate
2137 1896 2228 1938 tua

678 1977 824 2032 Sion.
882 1978 1160 2046 Supplicat
1203 1978 1304 2030 hoc
1361 1977 1413 2029 in
1468 1978 1586 2031 loco
1639 1991 1739 2046 pro
1808 1977 2228 2032 reasdiﬁcatione

674 2069 998 2129 Jerusalem,
1032 2083 1150 2136 quae
1193 2067 1370 2124 futura
1395 2077 1510 2122 erat
1558 2079 1680 2136 post
1707 2070 1944 2122 reditum
1976 2084 2005 2122 e
2047 2067 2226 2138 Baby-

677 2161 816 2211 lone.
854 2158 875 2229 ι
915 2159 1170 2223 Qaredam
1229 2173 1356 2211 vero
1395 2159 1722 2226 exemplaria
1754 2173 1859 2211 non
1895 2159 1948 2211 in
1983 2172 2220 2234 accusa;

675 2250 784 2302 tivo
821 2265 970 2311 casu,
1027 2249 1118 2302 sed
1146 2251 1198 2302 in
1245 2247 1425 2303 dativo
1452 2249 1650 2302 habent
1681 2249 2000 2312 dictionem,
2060 2246 2227 2302 Sion:

673 2339 815 2407 quod
853 2355 918 2393 cx
961 2341 1194 2394 lectione
1233 2338 1420 2392 Graeca
1470 2341 1666 2393 melius
1690 2340 1988 2408 percipitur
2010 2349 2228 2408 propter

673 2428 1001 2492 articulum,
1063 2427 1217 2494 juxta
1297 2443 1457 2496 quem
1528 2437 1581 2480 et
1637 2442 1737 2482 nos
1786 2427 2230 2482 commodissime

674 2518 849 2588 legere
876 2533 1168 2586 possumus
1196 2520 1426 2586 primam
1479 2519 1749 2570 lit-teram:
1797 2517 2025 2584 Benefac
2059 2517 2226 2582 ipsam
2258 2515 2425 2577 Sion,
2461 2515 2545 2567 vel
2602 2519 2656 2568 in
2708 2516 2927 2570 dativo;
2983 2515 3210 2583 Benefac
3261 2516 3363 2585 ipsi
3407 2516 3535 2572 Sion

2407 891 2594 944 Θυσία
2615 892 2694 957 τῷ
2708 893 2846 957 Θεῷ,
2867 893 3103 962 πνεῦμα
3125 899 3645 964 συντετριμμένον.
3666 899 3910 970 Εὐπρόσ-

2337 983 2521 1046 δεκτος
2583 984 2742 1038 θυσία
2825 987 2904 1057 τῷ
2953 988 3093 1057 Θεῷ,
3144 987 3290 1058 ψυχὴ
3355 992 3787 1064 συντετριμμένη
3838 991 3907 1059 ἐξ

2338 1076 2584 1128 ἑκουσίου
2611 1078 3012 1142 ταπεινώσεως.

2402 1253 2663 1323 Καρδίαν
2695 1257 3208 1326 συντετριμμένην
3255 1253 3352 1312 και
3382 1259 3906 1328 τεταπεινωμένην-

2339 1349 2371 1398 ὀ
2397 1347 2540 1410 Θεὸς
2565 1349 2673 1421 οὐκ
2695 1346 3106 1411 ἐξουδεηῦσει.
3156 1349 3396 1419 Καρδίαν
3447 1350 3543 1420 τὴν
3563 1350 3737 1421 ψυχὴν
3767 1348 3903 1402 πολ-ὲ

2338 1435 2494 1498 λάκις
2525 1438 2556 1505 ἡ
2597 1420 2786 1508 Γραφὴ
2818 1437 2994 1500 καλεῖ,
3039 1437 3125 1490 διὰ
3157 1437 3218 1490 τὸ
3249 1442 3341 1491 καὶ
3372 1439 3469 1509 τὴν
3498 1420 3721 1509 καρδίαν
3752 1441 3900 1506 ἄγαν

2336 1527 2555 1594 ἔχεσθαι
2613 1530 2709 1596 τῆς
2761 1526 2959 1595 ψυχῆς,
2985 1526 3076 1580 καὶ¹
3101 1528 3197 1597 τὴν
3215 1528 3392 1598 ψυχὴν
3413 1529 3550 1596 ἄγαν
3580 1530 3899 1597 ἐμπεφυκέ-

2339 1633 2423 1670 ναι
2451 1619 2514 1687 τῇ
2556 1617 2776 1688 καρδία.
2814 1618 2975 1671 Ὅθεν
3025 1618 3117 1670 καὶ
3155 1618 3430 1688 παθούσης
3462 1622 3559 1690 τῆς
3583 1620 3827 1689 καρδίας,
3853 1622 3892 1687 ἠ

2339 1708 2483 1778 ψυχὴ
2523 1707 2827 1776 ὰφίπταιται
2868 1703 3088 1760 ἀπὸτοῦ
3116 1708 3366 1778 σώματος
3396 1709 3539 1764 ὅλου.
3577 1710 3897 1774 Ἐξουδένω-

2265 1830 2307 1887 Β
2341 1795 2423 1851 σιν
2453 1800 2508 1852 δὲ
2537 1800 2686 1868 λέγει
2713 1799 2810 1870 τὴν
2838 1801 3210 1870 ἀποστροφήν.

2405 1889 2750 1955 Ἀγίίθυνον,
2776 1890 2976 1956 Κύριε,
3002 1889 3069 1941 ἐν
3100 1888 3172 1955 τῇ
3197 1889 3438 1956 εὐδοχια
3457 1903 3572 1942 σου
3589 1889 3701 1955 τὴν
3719 1889 3896 1942 Σιών.

2345 1981 2604 2033 Ἐνταῦθα
2622 1983 2927 2050 παρακαλεῖ
2956 1983 3083 2052 περὶ
3109 1985 3204 2052 τῆς
3228 1984 3365 2052 μετὰ
3387 1983 3484 2049 τὴν
3499 1990 3561 2034 ἐκ
3579 1982 3894 2042 Βαϐυλῶνος
3975 2008 3980 2011 ·

2335 2069 2594 2136 ἐπάνοδον
2617 2069 2966 2137 ἀνοικοδομῆς
2986 2073 3080 2137 τῆς
3116 2069 3476 2138 Ἰερουσαλήμ
3503 2083 3516 2096 ·
3542 2068 3602 2119 τὸ
3621 2068 3697 2130 δὲ,
3747 2065 3894 2132 ἀγά-

2335 2156 2540 2215 θυἈον,
2585 2153 2704 2204 ἀντὶ
2760 2149 2873 2216 τοῦ,
2910 2155 3306 2223 ἁγαθοποίησον
3342 2170 3359 2188 ο
3396 2155 3579 2225 ἕτερον
3620 2157 3727 2222 γὰρ
3758 2151 3896 2222 παρ’

2336 2244 2514 2294 ἐκεῖνο
2543 2241 2717 2305 τοῦτο,
2749 2243 2823 2304 ὼς
2852 2245 2913 2295 τό
2939 2259 2950 2273 ·
2984 2242 3320 2312 ’Λγηάουνεῆ
3370 2245 3563 2311 Κύριε,
3587 2244 3706 2307 τοῖς
3744 2244 3888 2308 dra-

2336 2332 2480 2396 θοῖς.
2518 2333 2620 2384 Ἐν
2663 2330 2737 2399 τῇ
2767 2332 3010 2399 εὐδοκία
3046 2349 3160 2387 σου
3192 2334 3268 2388 δὲ.
3300 2333 3570 2396 τουτέστι,
3592 2335 3656 2401 τῇ
3691 2348 3891 2398 συνερ-

2339 2424 2461 2495 γείᾳ
2498 2441 2590 2475 σου

3590 2535 3602 2570 Ζ
3649 2522 3701 2570 οι
3752 2523 3890 2568 tunc

670 2611 903 2682 expone]
939 2611 1185 2678 Bcnefac,
1241 2627 1357 2678 pro,
1394 2611 1537 2663 llona
1576 2611 1760 2665 fat-ito.
1795 2612 1952 2665 Aliud
1985 2612 2127 2665 enim
2151 2618 2234 2664 est
2276 2610 2380 2663 hoc
2413 2611 2480 2662 ab
2527 2610 2618 2662 illo
2647 2610 2864 2676 μίακαὶ
2898 2610 3040 2678 quod
3090 2611 3214 2664 alibi
3303 2611 3572 2678 legimus:
3623 2607 3880 2677 ΒεηεῙιιε,

672 2707 908 2771 Domine,
931 2709 1074 2760 bonis
1119 2719 1163 2759 et
1236 2709 1388 2758 rectis
1436 2709 1609 2761 corde.
1641 2707 1704 2759 In
1733 2708 1862 2760 bona
1896 2715 2070 2760 autem
2108 2706 2367 2759 voluntate
2415 2713 2523 2768 tua,
2561 2706 2662 2757 hoc
2696 2714 2794 2764 est,
2834 2704 3117 2756 auxilio-et
3148 2718 3246 2771 ope
3277 2712 3387 2756 tua.

743 2802 807 2853 Et
865 2801 1189 2867 a'diﬁcentur
1241 2801 1376 2850 muri
1423 2798 1742 2852 Jerusalem.
1772 2796 2021 2867 Optantis
2051 2813 2226 2852 sermo

2402 2747 2986 2863 Καὶόίκοδομήθήτω
3034 2747 3299 2863 uenerim;
3346 2747 3894 2882 'Iepovo'aliiy._'l'o,‘

671 2897 774 2952 est,
829 2890 1041 2942 tametsi
1106 2903 1168 2940 ex
1219 2885 1402 2941 Graeca
1451 2889 1686 2942 lectione
1727 2889 2034 2958 imperativi
2078 2888 2225 2942 modi

2327 2891 2774 2960 Οίκοδομηθήτω,
2808 2892 3216 2965 παρακλητικόν
3239 2893 3406 2955 ἐστιν,
3427 2893 3476 2943 εί
3522 2892 3615 2944 καὶ
3645 2905 3886 2959 προστα-

669 2996 789 3034 esse
823 2983 1089 3033 videatur.

740 3073 902 3126 Vens.
961 3073 1050 3124 2|.
1115 3073 1260 3126 Tunc
1289 3072 1586 3139 acceptabis
1617 3073 1942 3141 sacriﬁcium
1971 3072 2219 3140 justitiaz.

2323 2982 2508 3034 κτικδν
2544 2981 2822 3049 φαίνεται.

2397 3076 2533 3127 Τότε
2548 3073 2898 3141 εὐδοκήσας
2919 3073 3139 3128 θυσίαν
3155 3072 3563 3140 δικαιοσύνης.
3583 3068 3715 3125 Τότε
3739 3073 3879 3125 ἀπο-

671 3167 845 3226 Tune,
879 3165 1072 3232 inquit,
1106 3163 1311 3231 justum
1349 3165 1616 3232 suscipias
1648 3163 1992 3217 sacriﬁcium.
2024 3162 2079 3214 In
2115 3163 2220 3215 alio

2327 3166 2447 3234 δέξῃ
2517 3165 2706 3218 θυσίαν
2757 3165 3002 3217 δικαίαν·
3058 3167 3114 3216 ἐν
3151 3164 3318 3232 ἑτέρῳ
3388 3163 3496 3233 γὰρ
3541 3165 3689 3233 τόπῳ
3777 3165 3879 3215 οὐκ
3965 3214 3968 3216 η

670 3258 814 3310 enim
849 3270 988 3308 nunc
1018 3269 1180 3322 quam
1213 3255 1265 3306 in
1313 3249 1638 3308 Jerusalem'
1665 3255 1936 3306 sacriﬁcia
1975 3255 2071 3307 tibi
2112 3271 2218 3307 non

2326 3255 2438 3308 ἔστι
2490 3255 2710 3317 δικαίως
2763 3255 2939 3307 θύειν·
2992 3257 3048 3308 ὲν
3085 3255 3219 3324 μόνῃ
3259 3255 3365 3322 γὰρ
3395 3256 3459 3324 τῇ
3521 3246 3878 3322 Ἰερουσαλῆμ

670 3351 769 3402 rite
797 3348 1123 3410 offeruntur,
1179 3360 1300 3398 cum
1353 3345 1433 3398 lex
1485 3344 1539 3398 in
1597 3360 1657 3398 ea
1696 3352 1900 3396 tantum
1925 3346 2220 3398 sacriﬁeari

2327 3348 2470 3400 θύειν
2493 3349 2520 3399 ὁ
2557 3347 2718 3416 νόμος
2750 3346 3074 3416 ἐπέτρεψεν.

671 3455 829 3508 posse
855 3440 1216 3498 mandaverit.

739 3533 1060 3587 Oblationent
1073 3540 1121 3584 et
1136 3529 1567 3584 ItoIocansta.Per
1581 3530 1902 3584 oblationem
1932 3545 1992 3584 ea
2026 3531 2223 3586 intelli-

668 3626 744 3692 git
765 3624 1288 3692 sacriﬁcia,quorum
1308 3638 1428 3690 pars
1447 3623 1624 3691 aliqua
1638 3631 1850 3675 tantum
1868 3621 2218 3677 olferebatur:

668 3720 761 3785 per
777 3717 1087 3768 holocausta
1115 3723 1313 3778 autem,
1333 3729 1395 3767 ea
1418 3729 1536 3782 qua:
1555 3713 2220 3782 integraincendebantur.

2391 3501 2718 3589 ’Aieapopdr
2755 3519 2851 3573 καί
2888 3519 3368 3587 ὁλοκαυτώματα.
3423 3516 3721 3586 Ἀναιρορὰν
3774 3515 3877 3585 μὲν

2321 3613 2468 3680 λέγει
2499 3614 2565 3665 τὰ
2580 3613 2959 3682 ἀφαιρήματα,
2983 3611 3049 3662 τὰ
3074 3613 3135 3662 ἐκ
3169 3611 3364 3678 μέρους
3419 3607 3835 3678 προσφερόμενα
3856 3620 3871 3634 ·

2321 3701 2748 3770 ὁλοκαυτώματα
2780 3701 2856 3761 δὲ,
2891 3699 2958 3748 τὰ
2993 3698 3109 3749 καθ’
3139 3697 3457 3765 ὁλοκληρίαν
3484 3697 3761 3761 καιόμενα.

2399 3793 2532 3846 Τότε
2586 3791 2946 3845 ἀνοίσουσιν
3007 3788 3104 3840 ἐπὶ
3161 3789 3227 3840 τὸ
3272 3786 3698 3852 θυσιαστήριον
3754 3798 3882 3837 σου

738 3806 882 3858 Tunc
942 3807 1169 3871 imponet
1209 3821 1362 3871 super
1416 3804 1587 3857 altare
1639 3814 1785 3856 tuum
1838 3805 2048 3858 vitulos.
2100 3804 2221 3858 Haec

667 3895 881 3962 quidem
932 3878 1081 3960 juxta
1128 3882 1363 3946 historiae
1425 3907 1646 3946 sensum
1713 3893 1854 3944 dicta
1894 3895 2039 3955 sunt;
2066 3891 2218 3962 juxta

670 3998 947 4052 anagogcn
1014 3997 1143 4035 vero
1214 3996 1277 4035 ea
1316 3980 1585 4050 praedicit
1634 3979 1918 4048 Propheta,
1969 3983 2218 4050 quaefad

667 4074 962 4129 Ecclesiam
1040 4072 1272 4126 ﬁdelium
1353 4081 1406 4125 et
1460 4072 1523 4124 ad
1601 4073 1974 4139 evangelicum
2049 4074 2219 4127 sacri-

671 4165 846 4217 ﬁcium
905 4165 1199 4232 pertinent.
1290 4162 1353 4215 Et
1432 4163 1778 4232 peribonam
1883 4164 2214 4217 voluntatem

2316 3884 2609 3951 μόσχους.
2662 3882 2843 3934 Ταῦτα
2896 3881 3011 3948 μὲν,
3052 3879 3170 3932 καθ’
3206 3878 3443 3946 ἱστορίαν
3466 3895 3477 3905 ·
3513 3873 3878 3944 ἀναγωγικῶς

2320 3975 2397 4036 δὲ,
2428 3974 2672 4041 περὶτῆς
2715 3972 3043 4040 Ἐκκλησίας
3073 3971 3180 4022 τῶν
3213 3969 3418 4020 πιστῶν
3447 3968 3541 4020 καὶ⁹
3581 3969 3675 4036 τῆς
3708 3967 3877 4032 εὐαγ-

2321 4065 2544 4132 γελικῆς
2602 4062 2788 4123 θυσίας
2843 4064 3212 4130 προφητεύει*
3265 4059 3510 4112 εὐδοκίαν
3553 4058 3648 4127 μὲν
3690 4058 3874 4123 λέγων

2318 4156 2416 4222 τὴν
2439 4152 2844 4221 ὲνανθρώπησιν
2861 4148 2950 4200 τοῦ
2978 4148 3245 4216 Σωτῆρος,
3271 4148 3344 4209 ώς
3366 4146 3572 4214 ἀγαθὴν
3595 4145 3874 4212 βούλησιν·

671 4251 970 4305 Salvatoris
1014 4251 1440 4304 incarnationem
1495 4251 1769 4318 intelligit,
1808 4251 1984 4317 veluti
2015 4251 2216 4307 bonum

2327 4243 2458 4295 Σιὼν
2504 4242 2579 4306 δὲ,
2608 4241 2704 4308 τὴν
2760 4240 3033 4292 πολιτείαν
3077 4240 3183 4290 τῶν
3214 4238 3582 4308 Χριστιανῶν·
3623 4237 3776 4303 τείχη
3815 4236 3875 4289 δὲ

668 4341 936 4409 quoddam
969 4340 1347 4408 propositum:
1379 4347 1432 4392 et
1458 4355 1551 4406 per
1592 4340 1741 4404 Sion,
1789 4339 2215 4394 Christianorum
2321 4337 2508 4404 αὐτῆς,
2561 4336 2686 4394 τοὺς
2738 4332 3067 4392 ἐπισκόπους
3099 4331 3193 4382 καὶ
3220 4330 3563 4390 διδασκάλους
3595 4343 3608 4356 °
3645 4328 3762 4379 τότε
3814 4326 3875 4377 δὲ

668 4430 1132 4482 conversationem
1160 4444 1175 4492 ;
1207 4443 1299 4494 per
1331 4443 1514 4480 muros
1564 4429 1689 4482 item
1733 4428 2078 4506 Jerusalem“
2103 4423 2216 4499 epi-

2327 4424 2640 4486 ὰποδέξεται
2671 4422 2765 4474 καῖ
2806 4419 2995 4472 θυσίαν
3039 4418 3402 4486 δικαιοσύνης,
3446 4420 3610 4487 ἦγουν
3643 4417 3871 4485 ἀρετῆς·

669 4535 865 4587 scopos
894 4521 1259 4589 etqdoctores.
1309 4518 1374 4570 Et
1425 4525 1576 4582 tunc,
1627 4518 1828 4588 inquit,
1867 4521 2100 4589 accipies
2129 4535 2216 4576 sa-

2327 4515 2415 4567 xal.
2441 4514 2717 4582 ἀναφορὰν
2751 4512 2867 4580 μὲν,
2901 4510 2996 4573 τὰς
3017 4510 3104 4562 διὰ
3124 4510 3355 4579 Χριστὸν
3387 4511 3447 4561 ἐκ
3502 4511 3699 4577 μέρους
3730 4509 3875 4558 καύ-

2320 4621 2434 4665 σεις
2467 4603 2574 4654 τῶν
2612 4594 2959 4671 ὁμολόγητῶν
2989 4616 3002 4630 ⁸
3040 4598 3466 4668 ὁλοκαυτώματα
3497 4599 3576 4660 δὲ,
3608 4597 3701 4658 τὰς
3741 4596 3873 4648 καθ’

2317 4698 2611 4767 ὁλόκληρον
2633 4695 2740 4749 τῶν
2775 4694 3084 4765 μαρτύρων.
3104 4696 3172 4747 Ἢ
3191 4695 3250 4746 τὸ
3273 4697 3391 4762 μὲν,
3415 4687 3538 4753 τὸὺς
3559 4693 3648 4744 διὰ
3679 4689 3874 4758 ξίφους

671 4801 860 4849 sores;
899 4795 952 4838 et
989 4785 1325 4848 holocausta,
1377 4786 1481 4841 hoc
1517 4795 1624 4849 est,
1664 4797 1880 4844 sanctos
1927 4801 2225 4861 martyres.

2327 4786 2796 4858 ἀκροτηριασμοὺς
2857 4785 2967 4838 τῶν
3007 4783 3351 4854 ὁμολογητῶν
3377 4799 3391 4814 ο
3444 4784 3503 4835 τὸ
3532 4783 3610 4848 δέ,
3637 4784 3730 4845 τὰς
3753 4782 3874 4832 τῶν

671 4875 801 4947 [11ιί
853 4876 997 4928 enim
1075 4874 1472 4936 oblationibus,
1548 4878 1636 4930 isti
1694 4893 1824 4931 vero
1877 4880 2214 4937 holocaustis

2327 4877 2618 4948 μαρτύρων
2669 4876 2900 4944 σφαγάς.
2936 4876 3004 4927 Ἢ
3028 4875 3086 4926 τὸ
3119 4874 3238 4942 μὲν,
3273 4873 3369 4943 τὴν
3399 4874 3462 4926 ἐκ
3494 4876 3686 4943 μέρους
3733 4873 3876 4940 ἀρε-

672 4966 864 5045 merito
944 4965 1250 5034 comparari
1321 4974 1591 5033 possunt,
1645 4981 1768 5020 cum
1836 4971 2052 5038 utrique
2107 4972 2216 5026 Deo

2327 4970 2436 5037 τὴν,
2469 4969 2542 5030 ὡς
2579 4967 2677 5035 τὴν
2709 4969 2767 5019 ἐν
2801 4967 2982 5036 γάμῳ,
3015 4965 3212 5035 suae
3244 4950 3476 5033 βιωτικῷ
3510 4967 3741 5032 σχήματι
3761 4977 3773 4990 ο
3803 4961 3874 5014 es

672 5057 838 5111 oblati
893 5070 956 5108 ac
986 5054 1308 5117 sanctiticati
1355 5057 1499 5121 sint;
1538 5066 1590 5111 et
1620 5057 1958 5115 confessores
1998 5063 2212 5130 quidem

2327 5059 2395 5121 δὲ,
2437 5057 2537 5130 τὴν
2567 5057 2795 5122 τελείαν,
2829 5058 2904 5118 ὡς
2932 5057 3031 5124 τὴν
3091 5057 3148 5106 ἐν
3181 5056 3411 5124 ἀγαμίᾳ,
3452 5053 3484 5122 ἦ
3518 5051 3868 5123 ἐνμοναδικῇ

672 5163 737 5199 ex
799 5156 948 5214 parte
1006 5159 1065 5197 se
1129 5146 1236 5198 Deo
1277 5144 1540 5201 obtulisse
1586 5147 1855 5215 videntur,
1891 5161 2108 5219 prepter
2129 5168 2217 5207 as-

2327 5148 2580 5217 πολιτεία.
2605 5149 2810 5217 Μόσχοι
2845 5147 2921 5210 δὲ,
2945 5148 2992 5199 οί
3019 5147 3198 5199 πιστοὶ
3223 5149 3290 5216 τῇ
3309 5144 3540 5214 χορηγίᾳ
3571 5144 3678 5196 τῶν
3715 5145 3870 5211 ,ἀρε-

671 5233 1061 5287 scverationem
1118 5230 1263 5308 ﬁdei,
1322 5242 1587 5303 martyres
1642 5244 1842 5288 autem
1877 5239 2214 5308 exlintegro,

2327 5240 2441 5304 τῶν,
2502 5240 2596 5291 καὶ
2644 5241 2825 5300 πίονες
2880 5237 2957 5307 τῷ
2991 5238 3130 5306 ἁγίῳ
3181 5239 3476 5306 Πνεύματι,
3511 5238 3604 5288 καὶ
3639 5220 3870 5307 κερατίέ

673 5339 794 5378 cum
857 5332 910 5376 ct
960 5325 1198 5375 animum
1267 5325 1490 5390 pariter,
1552 5333 1603 5379 et
1662 5329 1837 5393 ipsum
1899 5343 2096 5396 corpus
2159 5333 2210 5382 in

2327 5329 2495 5388 ζοντες
2527 5329 2615 5380 τὸν
2645 5328 2910 5392 διάϐολον,
2945 5328 3170 5382 καθόλου
3215 5327 3414 5388 πάντες
3435 5328 3481 5378 oi
3506 5312 3696 5378 τὲλὶιοι
3719 5323 3864 5390 πρά-
3893 5336 3906 5343 ³

2314 5420 2392 5481 ξει
2425 5422 2518 5472 καὶ
2559 5420 2724 5487 λόγῳ,
2757 5421 2805 5472 οἳ
2846 5421 2937 5472 καὶ
2991 5422 3069 5482 είς
3102 5420 3162 5470 τὸ
3194 5419 3515 5489 ἐπουράνιον
3565 5415 3866 5480 ἀνάγονται

2313 5508 2717 5577 θυσιαστήριον,
2766 5511 2844 5571 είς
2899 5507 3073 5578 ὀσμὴν
3117 5509 3341 5571 εὐωδίας
3376 5507 3453 5577 τῷ
3489 5506 3627 5574 Θεῷ.
3659 5505 3774 5573 Χρὴ
3798 5505 3863 5557 δὲ

2313 5599 2619 5664 γινώσκειν,
2667 5600 2748 5652 ὅτι
2790 5599 2973 5650 ’πολλοὶ¹
3034 5599 3292 5662 πολλάκις
3343 5597 3439 5666 τὴν
3491 5596 3728 5650 διάθεσιν
3757 5590 3861 5647 τοῦ

2317 5689 2596 5756 μέλλοντος
2619 5690 2806 5760 χρόνου
2865 5691 2982 5742 ἀντὶ
3009 5689 3258 5743 εύκτικοῦ
3313 5686 3859 5757 παραλαμϐάνουσιν,

2317 5779 2507 5848 ίδίωμα
2532 5781 2799 5834 καὶτοῦτο
2818 5782 2914 5852 τῆς
2946 5783 3220 5852 Ἐϐραῖδος
3249 5780 3523 5835 διαλέκτου
3582 5777 3860 5847 λέγοντες,

2321 4337 2508 4404 αὐτῆς,
2561 4336 2686 4394 τοὺς
2738 4332 3067 4392 ἐπισκόπους
3099 4331 3193 4382 καὶ
3220 4330 3563 4390 διδασκάλους

667 4605 929 4666 oriﬁcium
977 4605 1226 4672 iustitiae,
1290 4606 1391 4662 hoc
1431 4614 1535 4668 est,
1577 4609 1906 4662 sacriﬁcium
1950 4610 2215 4667 universa:

669 4698 919 4761 virtutis;
949 4705 1002 4751 et
1027 4695 1384 4758 oblationem,
1438 4698 1538 4751 hoc
1580 4706 1682 4759 est,
1721 4707 1942 4752 sanctos
1996 4701 2216 4757 confes-

676 5423 849 5466 totum
884 5411 993 5466 Deo
1018 5411 1354 5466 devoverint.
1409 5413 1526 5474 Vel.
1560 5429 1653 5480 per
1685 5417 2009 5479 oblationes,
2047 5417 2211 5471 mein-

674 5502 894 5555 brorum
987 5502 1353 5556 extremitates
1407 5504 1672 5571 intellige,
1731 5506 1796 5560 de
1844 5495 2209 5560 confessorum

651 5606 896 5671 corpore
923 5591 1307 5658 detruncatas;
1341 5608 1433 5662 per
1471 5594 1786 5648 holocausta
1820 5610 1968 5658 vero,
2006 5599 2211 5666 integra

671 5690 966 5749 martyrum
998 5682 1268 5748 incendia,
1309 5691 1402 5737 aut
1432 5679 1624 5739 caedes.
1654 5685 1746 5739 Vel
1776 5687 1932 5739 aliter
1959 5689 2207 5743 :Oblatio

671 5766 920 5823 virtutem
976 5768 1193 5830 quidem
1242 5771 1532 5839 signiﬁcat,
1565 5774 1658 5829 sed
1690 5787 1750 5828 ex
1781 5781 1932 5840 parte
1972 5775 2207 5833 diminu-
