4124 6326
280 356 390 420 561
1463 348 1850 410 COMMENT.
1881 349 1962 410 IN
1997 348 2352 412 PSALMOS.
3397 349 3500 413 552

276 464 365 526 ὼς
384 463 462 525 τὸ,
496 462 784 526 Ῥαντιεῒς
796 477 870 530 με
887 457 1166 526 ὑσσώπῳ,
1189 457 1288 512 καὶ
1305 455 1838 526 καθαρισθήσομαι·

1949 469 2091 514 tam:
2145 462 2312 516 veluti
2367 462 2413 516 si
2463 462 2586 532 quis
2628 462 2681 518 in
2713 463 3011 533 conjugali,
3049 469 3140 516 aut
3187 461 3294 515 alio
3345 477 3503 515 mun-

278 551 541 618 πλυνεῖς
588 569 686 620 με,
742 553 837 606 καὶ
899 550 1049 618 ὑπὲρ
1100 549 1277 618 χιόνα
1341 548 1851 617 λευκανθήσομαι,

1955 552 2108 605 dante
2136 552 2258 622 vitm
2285 561 2424 606 statu
2455 554 2709 608 virtutem
2741 553 3058 624 pratseferat
3086 543 3108 617 ς’
3125 554 3502 608 holocaustum

276 646 386 699 καὶ
416 644 514 697 ὅσα
541 643 792 699 τοιαῦτα.
1783 639 1786 644 ’

1952 656 2080 694 vero
2133 643 2424 711 perfectam
2465 645 2744 708 virtutem,
2793 645 2955 698 veluti
2999 646 3044 699 si
3084 645 3209 712 quis
3255 645 3308 698 in
3338 643 3503 710 virgi-

358 735 364 742 '
1920 733 2136 799 'uitate,
2190 744 2282 790 aut
2349 737 2647 791 monastica
2715 737 2873 806 degat
2921 735 3356 789 etinvei'Sationc.
3404 732 3505 786 Per

271 816 484 870 vitulos
551 817 714 870 etiam
783 831 877 870 eos
949 815 1204 884 intellige,
1260 816 1352 885 qui
1426 817 1698 870 virtutum
1757 820 2064 876 ministerio
2119 825 2257 896 pasti
2340 839 2403 880 ac
2487 826 2648 879 cibati
2717 837 2864 889 sunt,
2925 833 2979 880 et
3041 826 3216 880 effecti
3273 825 3503 894 pingues

271 910 458 978 gratia
513 911 685 963 sancti
754 908 1024 976 Spiritus,
1090 911 1182 980 qui
1271 912 1573 976 daemones,
1639 911 1859 967 fortium
1900 915 2196 972 vitulorum
2243 897 2434 986 instar,
2486 935 2653 974 cornu
2713 928 2950 989 petunt:
2996 932 3050 974 et
3103 917 3337 986 denique
3399 926 3498 967 eos

271 1018 498 1064 omnes,
550 1000 642 1070 qui
691 1002 907 1054 actione
951 1011 1005 1056 et
1040 1016 1290 1057 sermone
1318 1002 1538 1072 perfecti
1563 1013 1709 1067 sunt,
1735 1007 1826 1072 qui
1865 1009 2030 1061 etiam
2075 1009 2141 1063 ad
2195 1010 2424 1065 emleste
2504 1011 2850 1066 adducuntur
2903 1011 3078 1070 altare
3135 1010 3187 1086 in
3275 1007 3496 1059 odorem

274 1093 572 1148 suavitatis
619 1093 660 1147 ³.
727 1092 861 1146 Illud
925 1103 1105 1147 autem
1175 1095 1318 1150 seire
1383 1101 1639 1163 oportet,
1724 1097 1868 1165 quod
1912 1100 2064 1154 multi
2135 1117 2508 1171 saepenumero
2591 1101 2832 1157 futurum
2911 1111 3126 1170 tempus
3213 1095 3493 1152 indicativi

274 1182 560 1252 accipiunt
611 1198 713 1252 pro
775 1183 1032 1252 optotivo,
1083 1185 1280 1238 idioma
1326 1185 1376 1238 id
1408 1199 1530 1238 esse
1579 1184 1824 1239 dicentes
1867 1186 2144 1244 llebraicae
2204 1191 2416 1259 linguae,
2470 1199 2531 1246 ut
2566 1191 2697 1246 illud
2747 1210 2762 1247 :
2818 1193 3071 1261 Asperges
3128 1204 3229 1251 me,
3260 1186 3496 1261 Domineg

270 1278 524 1348 hyssopo,
581 1291 627 1333 et
688 1281 997 1342 mundabor,
1024 1281 1219 1336 lavabis
1251 1295 1351 1344 me,
1371 1290 1474 1334 etc.
1513 1294 1610 1348 pro
1635 1294 1700 1334 eo
1729 1282 1874 1350 quod
1911 1293 2010 1348 est,
2042 1284 2259 1340 Utinam
2282 1254 2389 1341 _me
2433 1303 2708 1356 aspergas,
2757 1254 2918 1356 atque
2987 1254 3195 1339 utinam
3240 1283 3404 1345 laves,
3447 1254 3500 1333 ιιι

270 1374 390 1428 alia
428 1375 758 1445 huiusmodi.

823 1467 1116 1522 ΨΑΛΜΟΣ
1140 1467 1272 1521 NA’.

2505 1472 2821 1528 PSALMUS
2859 1472 2942 1526 Li.

273 1563 387 1627 Εἰς
417 1561 482 1615 τὸ
511 1564 684 1626 τέλος
716 1562 956 1629 ψαλμὸς
996 1561 1306 1627 συνέσεως
1337 1559 1415 1626 τῷ
1442 1560 1639 1626 Δαϐὶδ,
1676 1563 1746 1615 ἐν
1765 1563 1846 1628 τῷ

1943 1563 2005 1616 In
2041 1565 2194 1632 ﬁnem
2222 1565 2453 1631 psalmus
2483 1565 2842 1632 intelligentia:
2881 1564 2984 1632 ipsi
3037 1562 3206 1616 David
3227 1602 3241 1625 ,
3288 1569 3497 1631 quando

353 1651 552 1704 ἐλθεῖν
583 1652 750 1719 Δωὴκ
781 1653 887 1704 τὸν
944 1651 1296 1721 Ἰδουμαῖον.
1349 1653 1452 1706 καὶ
1495 1653 1842 1720 ἀναγγεῖλαι

2014 1654 2150 1705 venit
2174 1653 2308 1707 Doec
2340 1653 2607 1710 Idumam:
2630 1695 2643 1719 ,
2671 1665 2718 1709 et
2751 1656 3079 1708 annuntiavit
3124 1655 3225 1723 ipsi
3256 1653 3384 1709 Snnl
3405 1693 3418 1718 ,
3450 1664 3496 1707 et

351 1742 431 1806 τῷ
463 1743 684 1807 Σαοὺλ,
714 1743 812 1798 καὶ
842 1744 1030 1811 εἰπεῖν
1064 1743 1223 1808 αὑτῷ
1249 1760 1259 1772 ·
1303 1740 1489 1798 Ἦλθε
1541 1745 1716 1798 Δαὸὶδ
1759 1749 1845 1811 εἰς

2012 1744 2167 1807 dixit,
2211 1745 2350 1799 Venit
2383 1747 2549 1800 David
2581 1749 2642 1801 in
2663 1750 2874 1801 domum
2911 1748 3231 1802 Achimelech
3255 1747 3386 1816 (8'2).

354 1834 460 1888 τὸν
480 1832 646 1888 οἷκον
685 1835 743 1889 Ἀ
753 1835 1017 1903 ὅιμέλεχ.
1746 1833 1748 1835 ’
2310 1879 2312 1882 μ

351 1927 571 1993 Φεύγων
609 1930 635 1980 6
674 1926 835 1979 Δασὶδ
863 1927 952 1979 τὸν
977 1925 1169 1990 Σαοὺλ,
1200 1925 1482 1979 ἐπείνασεν
1516 1943 1529 1959 ⁸
1555 1927 1650 1980 καὶ
1680 1929 1837 1980 ἁπελο

2009 1921 2142 1976 Cum
2198 1921 2639 1992 fugeretSaulcm
2689 1924 2878 1978 hca'us
2932 1923 3130 1987 David,
3185 1935 3344 1990 atque
3393 1925 3496 1996 [ut

263 2017 391 2070 θὼν
421 2018 556 2086 πρὸς
581 2017 807 2084 Νομσὰν
837 2017 933 2086 τὴν
957 2018 1115 2070 πόλιν
1160 2018 1269 2068 τῶν
1303 2018 1492 2085 ἱερέων
1522 2017 1657 2085 πρὸς
1697 2019 1835 2070 Ἀσι-

279 2108 452 2176 “ilex
481 2107 570 2160 τὸν
601 2107 884 2176 ἀρχιερέα,
915 2108 1170 2175 ἐποίησεν
1191 2109 1289 2160 ὅσα
1319 2109 1376 2158 ὲν
1426 2109 1703 2176 ἐπιγραφῇ
1743 2107 1835 2158 τοῦ

273 2198 364 2265 λγ¹
396 2199 614 2267 ψαλμοῦ
643 2199 1053 2269 ὲξηγησάμεθα.
1084 2199 1256 2252 Τοῦτο
1288 2198 1408 2251 ἰδὼν
1458 2200 1632 2263 Δωὴκ.
1669 2198 1697 2250 6
1730 2198 1837 2250 τῶν

275 2287 579 2362 βασιλικῶν
635 2288 877 2358 ἡμιόνων
923 2286 1278 2357 ἐπιμελητὴς,
1341 2278 1717 2355 κατεμήνυσεν
1760 2287 1837 2356 τῷ

273 2377 456 2431 Σαούλ
486 2395 501 2410 ·
535 2379 628 2431 καὶ
653 2379 795 2432 κατὰ
827 2377 920 2431 τοῦ
965 2379 1254 2447 Ἀϐιμέλεχ
1298 2377 1528 2447 ἐξέμηνε
1563 2376 1834 2443 τοσοῦτον,

271 2469 599 2541 ὠςάγαγδεϊν
630 2471 728 2538 μὲν
764 2470 856 2522 καὶ
879 2471 1091 2523 ἀνελεῖν
1121 2470 1208 2523 διὰ
1233 2468 1324 2522 τοῦ
1357 2469 1515 2539 Δωὴκ
1561 2470 1686 2532 τοὺς
1717 2471 1837 2522 ὲκαο

272 2560 371 2611 τὸν
403 2559 497 2611 καὶ
523 2560 861 2628 πεντήκοντά
896 2560 1061 2628 ἱερεῖς
1091 2577 1104 2590 ·
1132 2560 1474 2631 κατασφάξαι
1523 2561 1579 2612 δὲ
1615 2561 1705 2612 καὶ
1730 2563 1836 2612 πᾶ-

159 2654 166 2659 “
276 2669 380 2704 σαν
409 2650 625 2721 ἡλικίαν
669 2651 768 2720 τῆς
809 2651 1034 2715 πόλεως,
1085 2653 1179 2704 καὶ
1244 2651 1586 2720 πανωλεθρίᾳ
1634 2651 1838 2720 ταύτην

270 2740 612 2808 διαφθεῖραι,
654 2741 728 2792 ’0
751 2739 937 2810 μαθὼν
969 2741 996 2792 6
1031 2739 1214 2803 Aa6‘t6,
1250 2739 1452 2810 ἔγραψε
1481 2741 1570 2791 τὸν
1597 2741 1837 2800 παρόντα

1937 2013 2174 2085 accidit]
2206 2017 2459 2078 esuriret,
2493 2015 2768 2084 profectus
2798 2027 2880 2069 est
2914 2015 3170 2070 Nomham
3219 2017 3488 2070 civitatem

1937 2107 2276 2160 sacerdotum
2300 2147 2313 2170 ,
2351 2107 2415 2160 ad
2448 2108 2793 2162 Aeltimelech
2828 2107 3138 2176 pontificem
3171 2146 3185 2166 ,
3242 2109 3330 2160 ubi
3389 2107 3407 2177 [
3435 2114 3488 2161 et

1937 2185 2101 2263 panes
2136 2197 2522 2265 propositionis
2554 2198 2808 2261 comedit,
2845 2210 2896 2252 et
2921 2196 3047 2267 alia]
3079 2197 3186 2266 egit
3216 2235 3230 2258 ,
3261 2212 3379 2265 qum
3401 2211 3491 2250 su-

1938 2303 2028 2352 pra
2060 2273 2674 2342 commemoravimusin
2701 2289 3039 2357 expositione
3065 2288 3260 2356 psalmi
3293 2302 3490 2341 ιιιιιι.

1937 2372 2089 2427 llunc
2118 2386 2240 2427 eum
2272 2375 2497 2429 vidisset
2531 2374 2668 2429 Doce
2688 2414 2701 2436 ,
2731 2361 3007 2443 regiorum
3061 2374 3327 2427 mulorum
3358 2389 3492 2441 pta;-

1917 2466 2132 2528 .fertus,
2155 2468 2334 2519 omnia
2370 2465 2518 2520 Sauli
2556 2466 2906 2521 renuntiavit.
2962 2465 3062 2531 Qui
3120 2466 3220 2530 hoc
3263 2465 3447 2519 audito
3475 2507 3488 2529 ,

1937 2560 2070 2610 adeo
2110 2555 2288 2610 furere
2318 2571 2379 2610 ac
2406 2559 2595 2612 saevire
2630 2559 2797 2626 coapit
2825 2559 3084 2612 adversus
3131 2557 3491 2614 Achimelech.

1936 2657 1994 2699 ut
2026 2659 2239 2700 centum
2267 2657 2319 2700 et
2355 2648 2747 2718 quinquaginta
2774 2648 3080 2702 sacerdotes
3108 2649 3172 2702 ad
3201 2663 3258 2700 se
3291 2645 3484 2699 adduci

1889 2785 1902 2798 .
1932 2737 2175 2807 jusserit,
2207 2747 2260 2792 et
2283 2738 2452 2792 occidi
2488 2754 2516 2793 a
2566 2738 2703 2794 Doce
2729 2780 2743 2803 ,
2800 2747 2855 2794 et
2895 2741 2946 2793 in
2992 2739 3256 2809 cujusque
3313 2739 3486 2809 aetatis

268 2783 621 2898 ψαλγμδνῖεες
655 2783 933 2900 ὑποπρονὴν
967 2830 1074 2883 τῶν
1099 2783 1486 2900 among-evitet
1530 2833 1632 2894 Εἰς
1662 2791 1848 2914 {suae}

1932 2783 2175 2807 νην.-.
2208 2783 2259 2792 υ.
2287 2783 2452 2792 um.
2489 2783 2516 2793 ..
2569 2783 2703 2794 ,νυν
2729 2783 2743 2803 ,
2802 2783 2855 2794 ν-
2994 2783 3256 2809 cur”..-

1938 2829 2186 2905 homines
2219 2831 2270 2882 in
2308 2845 2369 2883 ea
2403 2830 2622 2885 civitate
2656 2830 2852 2886 saeviri.
2886 2828 3039 2897 Quod
3065 2845 3184 2884 cum
3236 2783 3490 2885 rescisseh

270 2919 334 2971 δὲ
362 2920 792 2990 ἐπιγέγραπται,
824 2921 1156 2990 παρεγγυῶν
1195 2923 1274 2983 ei;
1308 2921 1367 2990 τὸ
1393 2920 1545 2979 τέλος
1595 2921 1705 2972 τῶν
1733 2921 1839 2971 ἁδι.

272 3011 517 3070 χούντων
587 3012 956 3074 ἀποϐλέπειν,
1011 3012 1106 3065 καὶ
1145 3010 1574 3081 ·ρ.ἀκροθυμεῖν.
1655 3009 1835 3062 Συνέ-

269 3117 428 3165 σεως
456 3101 532 3166 δὲ,
560 3103 640 3155 ὅτι
674 3103 934 3167 συνέσεως
964 3103 1046 3156 δεῖ
1059 3104 1136 3170 τῷ
1158 3103 1497 3173 ἀδικουμένῳ
1527 3100 1660 3172 πρὸς
1697 3099 1835 3154 ὑπο-

273 3194 474 3263 μονὴν.

1937 2919 2124 2972 beatus
2152 2918 2336 2980 David,
2363 2921 2686 2989 conscripsit
2739 2920 2880 2973 hunc
2930 2921 3193 2989 psalmum
3222 2959 3237 2979 ,
3291 2919 3356 2972 ad
3399 2933 3492 2973 eos

1935 3007 2315 3072 censolandos,
2353 3009 2442 3077 qui
2479 3010 2674 3078 injuria
2705 3007 2882 3063 allecti
2939 3008 3173 3062 fuerant.
3228 3007 3289 3060 In
3337 3008 3494 3074 ﬁnem

1936 3099 2270 3158 inscribitur,
2300 3101 2424 3167 quia
2466 3099 2531 3153 ad
2577 3115 2764 3154 eorum
2803 3099 2961 3153 linem
3017 3099 3136 3153 illos
3167 3098 3321 3167 jubet
3351 3099 3494 3164 aspi-

1937 3205 2080 3253 cere,
2111 3191 2200 3254 Qui
2236 3191 2485 3256 iniuriam
2516 3190 2836 3254 intulerunt,
2864 3198 3025 3258 atque
3047 3191 3259 3243 interim
3287 3191 3493 3258 patien-

267 3294 359 3337 ter
383 3284 638 3366 ferrehae
666 3287 1023 3356 longanimem
1054 3301 1194 3340 esse.
1229 3284 1596 3355 fntelligentin:
1628 3293 1831 3343 autem,
1874 3297 1968 3335 seu
1999 3279 2188 3352 [juxta
2222 3281 2382 3334 aliam
2414 3280 2612 3336 Gi'tecaa
2649 3281 2902 3355 dictionis
2953 3283 3215 3344 συνέσεως
3284 3281 3494 3351 sigoili‘

271 3379 579 3452 cationem]
616 3382 926 3446 prudentiae,
955 3380 1076 3435 ideo
1116 3381 1276 3443 dixit,
1314 3383 1571 3450 quoniam
1605 3381 1705 3442 iis,
1765 3379 1858 3450 qui
1910 3379 2108 3449 injuria
2169 3376 2342 3432 allecti
2369 3378 2615 3442 fuerant,
2653 3380 2817 3434 multa
2866 3397 3003 3453 opus
3045 3393 3157 3436 erat
3204 3380 3488 3451 prudentia

267 3481 432 3538 atque
464 3472 762 3532 intellectu.
803 3483 862 3527 ut
898 3475 1118 3542 patienti
1162 3475 1343 3527 animo
1368 3475 1547 3528 illatas
1585 3475 1789 3527 ferrent
1829 3472 2070 3540 injurias,
2096 3473 2228 3542 (83).

349 3569 411 3621 Τί
445 3568 707 3637 ἐγκαυχᾷ
743 3570 814 3620 ἐν
870 3569 1067 3634 κακίᾳ,
1098 3572 1131 3622 ό
1176 3569 1437 3635 δυνατός
1470 3585 1488 3632 ;
1525 3570 1669 3639 Πρὸς
1733 3570 1822 3622 τὸν

2006 3566 2164 3622 Vens.
2187 3569 2237 3622 ὅ.
2275 3568 2412 3634 Quid
2437 3569 2684 3642 g'oriaris
2709 3572 2759 3626 in
2796 3573 3021 3637 malitia,
3048 3584 3222 3641 potens
3250 3575 3274 3627 ?
3302 3574 3490 3628 Sermo

270 3660 432 3730 Δωὴκ
461 3663 491 3713 6
518 3660 696 3726 λόγος,
722 3659 782 3713 ὃν
819 3658 924 3712 ἔδει
956 3659 1190 3728 μάλιστα
1245 3662 1683 3727 ὲγκαλύπτεσθαι
1727 3663 1820 3714 ἐπὶ

266 3755 339 3821 τῇ
415 3748 600 3821 κακίᾳ.
656 3749 864 3804 Κακίαν
917 3751 973 3802 δὲ
1028 3751 1172 3818 λέγει
1233 3753 1332 3812 τὴν
1385 3753 1652 3821 πονηρίαν
1695 3753 1832 3804 καο-

269 3843 433 3895 όλου’
487 3842 710 3896 δυνατὸν
748 3844 804 3895 δὲ
876 3841 1039 3895 αὑτὸν
1099 3839 1242 3906 εἷπε,
1279 3844 1367 3896 διὰ
1417 3844 1514 3913 τὴν
1567 3845 1703 3914 πρὸς
1743 3845 1832 3897 τὸν

272 3934 446 3988 Σαοὺλ
477 3934 749 3988 οἱκεῐωσιν
780 3950 795 3965 ο
889 3935 1132 4001 δυνατὸν,
1168 3935 1251 3999 εἰς
1291 3935 1351 3988 τὸ
1385 3936 1655 3990 κακῶσαι.

352 4198 623 4265 Ἆνομίαν
653 4197 805 4263 ὅλην
832 4196 944 4263 τὴν
973 4196 1217 4261 ἡμέραν,
1251 4195 1486 4250 ἀδικίαν
1513 4196 1830 4265 ἐλογίσατο

267 4291 311 4355 ἡ
365 4285 618 4358 γλῶσσά
704 4304 840 4341 σου.
932 4286 1024 4350 Τὸ,
1058 4295 1068 4333 i
1099 4287 1435 4355 ἐλογίσατο,
1504 4289 1829 4358 ἐφθέγξατο

266 4376 470 4435 εἶπενὸ
503 4379 825 4433 Θεοδοτιων’
872 4381 931 4432 1:6
1011 4379 1163 4444 ὅλην
1209 4377 1315 4445 τὴν
1386 4380 1632 4448 ἡμέραν,
1699 4379 1826 4433 καθ’

1937 3664 2018 3711 est
2050 3657 2116 3710 ad
2150 3657 2310 3726 Doce,
2341 3674 2497 3726 quem
2535 3670 2846 3730 oportuerat
2870 3663 3046 3730 potius
3064 3664 3317 3718 malitiam
3335 3681 3486 3719 suam

1934 3747 2206 3816 obtegere,
2239 3762 2398 3814 quam
2439 3749 2506 3802 de
2535 3764 2596 3803 ea
2628 3751 2868 3817 gloriari.
2897 3751 2997 3805 Per
3019 3754 3276 3806 malitiam
3309 3763 3485 3807 autem

1933 3848 2146 3888 omnem
2180 3834 2228 3886 iu
2265 3833 2577 3890 universum
2612 3837 2924 3905 pravitatem
2989 3838 3256 3908 intelligit.
3294 3839 3488 3894 Poten-
3534 3865 3539 3870 η

1933 3931 2036 3978 tem
2071 3940 2198 3978 vero
2227 3940 2346 3979 eum
2379 3927 2669 3996 appellavit
2692 3967 2706 3990 ,
2750 3930 2818 3982 ob
2856 3929 3271 3984 familiaritatem
3327 3941 3487 3998 atque

1930 4018 2426 4087 amicitiam,quam
2451 4019 2679 4074 habebat
2718 4035 2839 4074 cum
2875 4021 3036 4078 Saule
3064 4041 3078 4092 ;
3107 4023 3187 4077 vel
3209 4031 3482 4093 potentem

1933 4107 1984 4161 in
2021 4107 2263 4181 lzedendo
2294 4123 2356 4162 ac
2389 4111 2627 4180 maligne
2658 4112 2887 4181 agendo.

1999 4195 2162 4249 Vens.
2193 4198 2247 4252 4.
2280 4195 2619 4265 Iniquitatem
2649 4209 2760 4253 tota
2794 4199 2900 4262 die,
2934 4199 3253 4268 injustitiant
3288 4213 3486 4277 cor/ita-

1929 4287 1996 4338 vit
2023 4287 2199 4355 lingua
2223 4298 2332 4341 tua.
2384 4286 2489 4342 Pro
2517 4291 2762 4358 cogitavit
2789 4332 2802 4354 ,
2851 4289 3153 4349 Theodotio
3203 4299 3434 4357 reddidit
3464 4339 3480 4364 ,

1926 4378 2100 4432 locuta
2159 4391 2256 4434 est.
2293 4379 2446 4446 Quod
2482 4399 2609 4438 vero
2642 4385 2714 4437 ait
2749 4425 2764 4449 ,
2829 4395 2936 4441 tota
2963 4386 3046 4439 die
3074 4431 3086 4453 ,
3123 4387 3477 4460 Symmachus

264 4472 540 4539 ἑκάστην
576 4471 806 4539 ἡμέραν
850 4466 1003 4523 εἶπεν
1036 4473 1063 4523 ὁ
1107 4471 1422 4541 Σύμμαχος.
1483 4472 1637 4525 Ἔστι
1683 4472 1737 4524 δὲ
1792 4473 1824 4541 ή

1931 4469 2104 4525 dixit:
2148 4487 2240 4540 per
2295 4473 2529 4542 singulos
2568 4475 2698 4527 dies.
2767 4474 2909 4530 Ordo
2960 4488 3082 4532 est:
3128 4478 3333 4552 Lingua
3385 4493 3473 4546 tua

270 4563 524 4626 σύνταξις
572 4562 781 4623 οὕτως’
848 4562 961 4613 Ἀεὶ
999 4561 1299 4630 ἐφθέγξατο
1347 4564 1380 4631 ἡ
1449 4563 1670 4629 γλῶσσά
1729 4581 1823 4616 σου

1931 4577 2136 4632 semper
2179 4563 2354 4617 locuta
2400 4573 2482 4619 est
2533 4565 2895 4634 iniquitatem,
2951 4569 3272 4635 iniustitiam
3304 4575 3476 4637 ,"sine

266 4653 521 4721 ἀνομίαν,
549 4652 785 4714 ἀδικίαν,
848 4651 1170 4715 ἀσυνδέτως,
1233 4651 1421 4722 ἤγουν,
1477 4652 1680 4722 ἄνομα⁴
1732 4653 1824 4706 καὶ

1931 4653 2139 4720 copula,
2177 4668 2275 4722 pro
2306 4667 2370 4708 eo
2392 4695 2406 4720 ,
2441 4655 2581 4724 quod
2611 4665 2691 4710 est
2716 4693 2732 4717 ,
2768 4658 2949 4724 iniqua
3007 4666 3060 4710 et
3106 4659 3333 4729 injusta.
3365 4661 3473 4716 Ex-

265 4744 450 4798 ἄδικα.
477 4743 731 4814 Διασύρει
765 4743 826 4797 δὲ
853 4743 971 4796 ὅλον
996 4744 1084 4796 τὸν
1117 4743 1229 4811 βίον
1258 4742 1452 4810 αὑτοῦ,
1507 4743 1612 4807 ὡς,
1644 4744 1819 4815 πάντη

1931 4735 2181 4815 probrare
2211 4756 2389 4798 autem
2419 4745 2684 4817 Propheta
2715 4746 2928 4801 videtur
2958 4749 3105 4805 illius
3180 4753 3344 4807 vitam
3415 4770 3476 4808 ac

263 4833 662 4904 διεφθαρμένον
694 4850 710 4866 ο
738 4835 798 4886 ού
830 4833 939 4904 γὰρ
969 4835 1034 4888 ἂν
1062 4835 1315 4904 τοιαύτην
1346 4833 1498 4889 πόλιν
1521 4835 1818 4900 ἀπώλεσεν,

1931 4839 2392 4892 conversationem
2461 4852 2683 4907 prorsus
2740 4840 3027 4908 perditam.
3084 4840 3268 4910 Neque
3332 4848 3473 4898 enim

263 4927 314 4978 cl
341 4924 417 4995 μὴ
443 4924 780 4979 παντάπασιν
804 4923 1022 4988 ἀνίατος
1047 4921 1137 4997 ἦν.

1933 4929 2240 5002 Ιιυῇιιςιῃοόί
2275 4911 2546 4984 civitatem
2599 4932 2887 4999 aliquando
2923 4909 3192 4991 vastasset
3223 4977 3238 5001 ,
3279 4938 3324 4994 si
3368 4955 3474 4993 non

303 5067 311 5076 .
1928 5022 2156 5092 perditis
2186 5037 2411 5091 prorsus
2446 5022 2636 5076 fuisset
2668 5024 2933 5079 moribus.

345 5101 503 5154 Ὠσεὶ
528 5102 716 5170 ξυρὸν
727 5101 1102 5170 ἠκονημένον
1122 5103 1412 5169 ἐποίησας
1438 5101 1640 5158 δόλον.
1669 5106 1829 5161 Δόλον

1997 5111 2166 5177 Quasi
2189 5113 2442 5168 novacula
2470 5122 2625 5166 acuta
2657 5113 2828 5181 fecisti
2888 5116 3086 5171 dolum.
3141 5117 3330 5186 Dolum
3387 5121 3475 5176 hic

265 5191 498 5245 ἰνταῦοα
557 5191 654 5260 τὴν
679 5192 927 5261 διαϐολὴν
956 5191 1128 5256 καλεῖ,
1160 5191 1226 5263 ἣν
1263 5192 1670 5262 παρεσκεύασεν
1687 5197 1829 5252 οὕτω

1931 5206 2251 5259 calumniam
2288 5205 2537 5275 appellat,
2573 5222 2730 5275 quam
2773 5205 2905 5263 adéo
2955 5217 3220 5277 potentem
3250 5228 3473 5282 parave-

263 5282 715 5356 δραστήριον,ὠς
740 5286 896 5355 δίκην
963 5283 1123 5355 ξυροῦ
1193 5283 1472 5354 ἐκθερίσαι
1530 5287 1629 5358 τὴν
1674 5289 1829 5342 πόλιν

1931 5305 2009 5350 rat
2045 5295 2202 5360 Doec,
2230 5305 2287 5351 ut
2318 5295 2655 5352 sacerdotum
2687 5298 2956 5352 civitatem
3015 5299 3184 5354 instar
3205 5302 3472 5361 novacula:

398 5414 418 5444 ³
441 5415 619 5473 chit.
647 5432 698 5470 tv
749 5417 836 5472 5i.

555 5476 566 5483 ’
1101 5512 1105 5516 ·
1601 5493 1798 5555 Variae
1837 5498 2155 5562 lectiones.

338 5586 451 5658 (82)
477 5587 661 5645 Graece
689 5584 1326 5663 ’Δὸιμὲλεχ,ᾹὺὶηίειεεΙι,
1351 5601 1407 5646 ιιι
1441 5594 1664 5652 habetur
1682 5599 1819 5666 apud
1924 5612 2096 5656 autem
2139 5620 2264 5672 opus
2311 5611 2385 5659 est
2414 5605 2481 5671 ei,
2523 5603 2611 5673 qui
2647 5606 2841 5674 injuria
2886 5605 3146 5674 afﬁciatur
3173 5641 3204 5666 μ
3229 5604 3294 5655 ad
3341 5609 3466 5663 Iole.

268 5655 433 5730 ωιξ.
466 5662 511 5730 l.
547 5658 679 5730 Reg.
713 5661 803 5717 2|.
1334 5712 1339 5718 .
1923 5675 2173 5727 rantiam.

339 5714 454 5797 (83)
485 5714 801 5788 Graecorum
819 5734 1103 5789 verborum
1135 5714 1339 5791 sensus.
1366 5742 1486 5790 cst:
1530 5733 1818 5791 Prudentia
