4124 6326
628 381 735 445 5'15

1815 380 2194 443 EUTHYMII
2226 381 2549 443 ZlGABEN
2553 383 2580 443 Ι
2639 425 2643 428 -

3734 371 3845 438 576

627 492 1000 550 insidiatorem
1026 533 1040 558 ,
1084 495 1210 551 item
1272 505 1328 551 et
1379 506 1761 566 peccatarem;
1808 512 1872 551 eo
1916 496 2064 565 quod
2092 495 2178 551 ιω-

2302 496 2406 561 ιέν,
2440 498 2517 561 ὡς
2559 496 2872 553 ἐπίϐουλον·
2897 499 3218 571 ἁμαρτωλὸν
3247 499 3325 563 δὲ,
3349 499 3422 564 ὡς
3453 495 3842 570 ἁμαρτάνοντα

628 581 806 638 dendo
859 584 1204 640 innocentem
1239 586 1602 658 delinqueret.
1634 586 1809 641 Tanto
1843 595 2020 640 autem
2055 601 2180 656 gra—

2283 589 2362 651 είς
2393 589 2483 642 τὸν
2519 589 2631 662 (90)
2663 591 2891 645 δίκαιον.
2921 593 3022 644 Τὸν
3062 592 3171 663 γὰρ
3203 592 3380 646 ἀθῶον
3404 589 3725 646 κατεδίωκε,
3745 585 3843 638 καὶ

629 675 748 729 vius
787 676 947 730 etiam
983 679 1262 747 peccabat,
1295 687 1499 748 quanto
1525 692 1631 732 nou
1664 687 1873 731 tantum
1915 678 2179 732 innocens

2302 680 2493 733 ἱνελεῖν
2524 681 2707 752 ἐζήτει
2741 683 2831 736 τὸν
2857 684 3171 753 εὐεργέτην.
3207 685 3316 737 Καὶ
3339 681 3521 751 φωνὴν
3579 680 3673 750 μὲν
3690 678 3846 744 λέγει

521 816 526 819 .
629 776 748 822 erat
776 769 969 826 beatus
994 772 1182 835 David,
1216 773 1310 827 sed
1347 773 1415 827 de
1455 773 1618 827 Saule
1655 771 1820 826 etiam
1846 771 1983 826 bene
2018 771 2181 824 meri-

2287 773 2384 837 τὰς
2415 775 2626 843 θλίψεις
2649 775 2812 829 αὑτοῦ
2839 793 2853 808 ο
2883 775 3043 846 ὓϐριν
3073 777 3148 841 δὲ,
3171 777 3262 830 τὸν
3286 775 3547 845 διωγμόν.

631 867 736 916 tus.
761 862 1163 918 Benefaetorem
1179 865 1432 918 enimille
1463 880 1622 920 suum
1647 873 1810 933 atque
1832 864 2177 918 innocentem
2210 867 2489 936 quaerebat
2534 869 2848 926 interimere
2888 889 2900 924 :
2937 886 3035 941 per
3098 885 3288 925 vocem
3354 870 3525 941 igitur
3621 859 3847 941 inimici

633 949 814 1006 Saulis
847 955 1209 1009 contumelias
1241 955 1500 1025 intellige,
1526 963 1582 1009 et
1614 969 1710 1024 per
1739 954 2170 1020 tribulationem,
2211 959 2648 1025 persecutionem
2685 960 2882 1029 ipsam.
3780 964 3786 968 '

704 1042 864 1098 Vens.
901 1044 954 1096 4.
996 1046 1261 1109 Quoniam
1287 1044 1695 1103 declinaverunt
1732 1046 1787 1099 in
1815 1061 1894 1098 me
1927 1045 2186 1110 iniquita-

2360 1047 2490 1102 Ὀτι
2516 1043 2835 1115 ἐξέκλιναν
2857 1055 2949 1107 ἐπ’
2979 1054 3082 1124 ἐμὲ
3130 1055 3402 1123 ἀνομίαν.
3456 1051 3624 1114 Διότι,
3655 1053 3848 1120 φησὶν*

636 1143 758 1188 tem.
792 1135 928 1200 Quia
973 1136 1152 1190 Saulis
1201 1136 1363 1190 amici
1414 1143 1703 1190 moverunt
1733 1125 2077 1204 iniquitatem
2129 1137 2184 1189 in

2302 1139 2335 1192 il
2363 1140 2490 1208 περὶ
2514 1140 2605 1194 τὸν
2633 1143 2808 1196 Σαοὺλ
2837 1144 3095 1215 ἐκίνησαν
3139 1147 3224 1199 ἐπ’
3260 1144 3362 1214 ἐμὲ
3403 1143 3849 1211 ἀνομίαν,,τουτ-

636 1242 740 1290 me,
777 1227 880 1281 hoc
909 1235 1012 1291 est,
1061 1227 1320 1296 quoniam
1354 1227 1566 1280 crimen
1607 1225 1735 1279 mihi
1784 1225 2184 1295 imposuerunt,

634 1318 882 1372 dicentes
926 1333 1010 1371 me
1099 1318 1327 1373 insidias
1383 1318 1613 1373 tendere
1641 1317 1904 1372 adversus
1939 1315 2179 1372 Saulem.

2285 1226 2452 1294 ἐστιν,
2487 1230 2765 1299 ἐπήγαγόν
2813 1232 2904 1302 μοι
2933 1232 3215 1304 ἔγκλημα,
3266 1233 3672 1300 προσάπτοντες
3714 1228 3850 1298 ἐμοὶ

2289 1319 2489 1388 μᾶλλον
2519 1322 2811 1393 ἐπιϐουλὴν
2866 1325 3006 1377 κατὰ
3062 1325 3154 1377 τοῦ
3203 1324 3398 1378 Σαούλ.
3431 1322 3565 1375 Τινὰ
3618 1322 3674 1375 δὲ
3733 1321 3850 1373 τῶν

639 1409 892 1473 Quaedam
932 1423 1059 1463 vero
1104 1408 1454 1478 exemplaria,
1504 1401 1831 1476 iniquitates,
1875 1409 2078 1463 habent
2131 1409 2184 1464 in

2302 1408 2663 1480 ὶντιγράφων,
2733 1414 2972 1509 ἀναμίαι
3005 1414 3327 1484 γράφουσιν,
3359 1414 3445 1482 ἐφ’
3480 1406 3553 1465 ὧν
3588 1401 3845 1480 νοοῦμεν,

635 1505 784 1552 recto
815 1513 982 1564 casu;
1018 1507 1070 1553 et
1102 1509 1232 1554 tunc
1264 1514 1496 1568 expone,
1531 1499 1676 1568 quod
1725 1499 2057 1569 iniquitates.
2084 1500 2188 1555 hoc

635 1599 741 1651 est,
776 1589 943 1656 iniqui
981 1590 1250 1653 homines,
1286 1591 1416 1644 moti
1451 1598 1581 1644 sunt
1628 1599 1819 1644 contra
1853 1605 1961 1645 me.
2002 1588 2183 1659 Smpe-

640 1695 869 1734 numero
903 1680 1046 1732 enim
1097 1680 1425 1744 iniustitiam
1462 1679 1702 1736 dicimus
1726 1696 1825 1750 pro
1849 1681 2056 1751 injusto
2088 1682 2210 1756 llO-_

2290 1501 2369 1554 ὅτι
2401 1502 2733 1573 ἐκινήθησαν
2773 1501 2858 1558 ἐπ’
2889 1506 2987 1576 ἐμὲ
3014 1505 3240 1576 ἄνομοιο
3286 1505 3429 1558 οὕτω
3476 1506 3583 1574 γὰρ
3630 1506 3850 1558 ἀδικίαν

2294 1591 2555 1658 πολλάκις
2605 1595 2696 1649 τὸν
2744 1596 3226 1667 ᾶδικονλὲγομεν,
3290 1596 3644 1667 σφοδρότερον
3678 1593 3848 1647 αὐτοῦ

2293 1685 2715 1757 καθαπτόμενοι.
3101 1719 3110 1724 -

644 1770 807 1823 mine.
840 1769 972 1822 Nam
1035 1785 1160 1825 eum
1213 1771 1449 1841 aliquem
1501 1773 1878 1829 vehementius
1933 1773 2186 1830 volumus
2225 1788 2474 1847 carpere,
2503 1792 2613 1834 non
2661 1779 2986 1835 sceleratum
3058 1794 3207 1842 eum.
3288 1777 3382 1833 sed
3435 1775 3618 1832 scelus
3664 1775 3847 1844 ipsum

639 1862 992 1929 appellamus.

709 1951 776 2006 Et
801 1957 853 2006 in
884 1955 966 2007 ira
1011 1955 1229 2009 oderant
1255 1971 1357 2008 me.
1391 1956 1459 2010 Et
1485 1955 1614 2009 dum
1649 1957 2042 2020 irascerentur,
2074 1971 2186 2011 me-

2358 1958 2466 2012 Kal
2490 1960 2561 2012 ἐν
2585 1957 2732 2028 ὀργῇ
2762 1956 3088 2012 ἐνεκότουν
3121 1975 3241 2025 μοι.
3291 1957 3400 2009 Και
3438 1973 3497 2009 εν
3527 1973 3602 2024 τῳ
3624 1955 3848 2024 ὀργίζε-

644 2048 865 2100 moriam
897 2047 1003 2102 odii
1022 2048 1422 2110 conservabant
1453 2047 1620 2119 [quod
1647 2065 1710 2102 ex
1739 2049 1978 2104 dictione
2004 2051 2190 2105 Graeca

641 2138 918 2188 ὲνεκότουν
957 2136 1357 2206 significantius
1400 2135 1794 2207 exprimitur],
1830 2128 1970 2206 quae
2001 2151 2062 2190 ex
2106 2134 2192 2190 sui

642 2228 966 2298 etymologia
1014 2229 1438 2283 constantiorem
1474 2243 1535 2282 ac
1564 2209 1964 2283 diuturniorem
1996 2244 2190 2298 quant-

643 2321 764 2374 dam
799 2321 892 2374 irte
921 2329 1084 2392 atque
1111 2321 1218 2376 odii
1250 2321 1432 2375 sedem
1476 2321 1740 2375 denotare
1765 2321 1998 2374 videtur.

711 2412 877 2464 Vens.
909 2411 960 2464 5.
998 2410 1103 2466 Cor
1135 2427 1303 2463 meum
1328 2410 1597 2463 turbatum
1623 2421 1701 2464 est
1729 2411 1782 2463 in
1811 2426 1913 2464 me.
1944 2410 2047 2465 Per
2098 2422 2194 2463 cor

645 2505 878 2555 animam
917 2504 1187 2571 intelligit,
1229 2519 1393 2572 quam
1426 2505 1699 2557 turbatam
1729 2518 1853 2558 esse
1888 2503 2043 2566 dicit.
2083 2503 2190 2556 vel-

645 2592 724 2646 uti
756 2593 808 2667 in
840 2592 1182 2647 inimicorum
1213 2590 1430 2646 insidiis
1453 2593 1673 2646 assidue
1707 2601 2003 2648 versatam.

715 2683 780 2735 Et
813 2682 1039 2750 formido
1071 2685 1254 2735 mortis
1283 2683 1467 2736 cecidit
1503 2697 1658 2748 super
1685 2699 1784 2737 me.
1820 2683 2021 2738 Verum
2057 2697 2196 2752 quo-

613 2773 808 2826 .modo
864 2773 988 2826 alibi
1038 2773 1170 2826 dicit
1209 2791 1222 2825 :
1275 2771 1397 2825 Non
1443 2773 1633 2826 timebo
1674 2772 1844 2825 millia
1881 2774 2194 2841 populorum

647 2863 1159 2917 circumvallantium
1188 2879 1270 2916 me
1302 2864 1344 2927 ’,
1393 2871 1445 2916 et
1486 2864 1588 2916 alia
1626 2864 1941 2930 ltujusmodi
1989 2865 2155 2916 multa
2180 2901 2195 2925 ,

647 2964 703 3009 ct
735 2971 877 3008 nunc
907 2965 1089 3022 aperte
1115 2956 1363 3008 timorem
1390 2953 1590 3008 fatetur
1625 2955 1646 3007 l
1674 2954 1810 3020 Quia
1838 2955 2040 3008 scilicet
2069 2955 2196 3020 dum

649 3046 871 3099 sentiret
897 3045 1136 3098 divinum
1166 3045 1444 3110 auxilium,
1466 3061 1676 3099 summa
1702 3055 1817 3100 erat
1847 3047 2036 3115 plenus
2064 3046 2201 3099 ﬁdu-

648 3138 769 3200 cia;
817 3137 1031 3204 quando
1061 3144 1237 3189 autem
1286 3137 1465 3189 divina
1511 3136 1916 3206 dispensatione
1968 3137 2203 3192 derelin-

650 3227 933 3295 quebalur,
980 3239 1037 3294 ut
1082 3228 1226 3281 illius
1275 3225 1533 3296 patientia
1583 3238 1744 3296 atque
1790 3229 2091 3282 constantia
2146 3231 2198 3282 in

2297 2049 2422 2102 σθαι
2487 2051 2606 2103 κατ’
2667 2049 2824 2120 ἐμοῦ,
2880 2049 3282 2120 ἐμνησικάκουν
3342 2062 3472 2116 μοι’
3520 2047 3673 2110 κότος
3711 2047 3850 2116 γὰρ,

2296 2141 2445 2212 παρὰ
2471 2141 2530 2194 τδ
2558 2141 2769 2194 κεῖσθαι
2802 2143 2894 2194 καὶ
2933 2140 3214 2210 βραδύνειν
3251 2139 3354 2211 τὴν
3374 2138 3566 2208 ὀργήν.

2353 2407 2449 2482 ,Ἦ
2471 2407 2682 2474 καρδία
2715 2423 2830 2476 μου
2856 2405 3153 2475 ἐταράχθη
3199 2406 3268 2460 ἐν
3297 2405 3446 2474 ἐμοί.
3483 2405 3722 2473 Καρδίαν
3758 2405 3853 2456 λέ-

2296 2516 2383 2567 γει
2411 2500 2509 2568 τὴν
2533 2499 2745 2584 ψυχὴνΓ
2781 2500 2846 2568 ἢν
2875 2499 3202 2567 τεταράχθαι
3239 2499 3393 2567 φησὶ,
3437 2496 3851 2568 στροφουμένην

2297 2593 2355 2644 ἐν
2388 2593 2504 2653 ταῖς
2530 2590 2842 2651 ἐπιϐουλαῖς
2863 2590 2970 2642 τῶν
3001 2588 3230 2658 ἐχθρῶν.

2369 2682 2476 2737 Kal
2516 2683 2709 2735 δειλία
2742 2681 2998 2735 θανάτου
3045 2680 3342 2734 ἐπέπεσεν
3369 2679 3462 2732 ἐπ’
3486 2676 3605 2746 ἐμέ.
3641 2677 3760 2738 Πῶς
3792 2679 3854 2730 ἐν

2299 2774 2476 2838 ἄλλοις
2504 2767 2602 2842 μὲν
2625 2773 2772 2840 λέγει
2793 2789 2805 2802 ·
2847 2773 2928 2824 Οὐ
2965 2771 3378 2840 φοϐηθήσομαι
3411 2769 3529 2821 ἀπὸ
3548 2765 3857 2836 μυριάδων

2299 2866 2483 2928 λαῶν,
2501 2865 2617 2917 τῶν
2632 2865 2848 2929 κύκλῳ,
2868 2863 3402 2931 συνεπιτιθεμένων
3422 2878 3542 2928 μοι,
3569 2861 3658 2910 καὶ
3680 2858 3852 2911 πολλὰ

2299 2957 2555 3011 τοιαῦτα’
2587 2956 2679 3008 νῦν
2732 2954 2788 3007 δὲ
2827 2953 3108 3024 προδήλως
3150 2953 3408 3023 ὁμολογεῖν
3440 2951 3672 3016 δειλίαν;
3701 2954 3847 3012 Ὅτι,

2301 3052 2386 3103 ὅτε
2445 3050 2542 3116 μὲν
2594 3045 2857 3117 ᾐσθάνετο
2884 3047 2981 3115 τῆς
3018 3044 3170 3106 θείας
3209 3045 3544 3116 ἐπικουρίας,
3594 3044 3849 3114 ἐθάρρει·

2303 3143 2390 3193 ὅτε
2416 3141 2471 3193 δὲ
2503 3141 2622 3193 κατ’
2657 3138 2987 3208 οἰκονομίαν.
3021 3137 3543 3206 ἐγκατελιμπάνετο,
3598 3137 3735 3211 πρός
3793 3133 3854 3187 τδ

2305 3229 2541 3298 φανῆναι
2569 3229 2665 3297 τὴν
2693 3228 2970 3298 ὑπομονὴν
2997 3227 3183 3290 αὐτοῦ,
3219 3226 3313 3279 καὶ
3343 3225 3438 3294 τὴν
3460 3224 3723 3293 ἐπιμονὴν
3756 3224 3855 3291 τῆς

651 3319 1050 3386 exspectatione
1067 3316 1258 3370 divinae.
1276 3318 1657 3391 consolationis
1680 3320 1877 3372 clarior
1900 3319 2198 3386 appareret;

2309 3323 2387 3379 είς
2409 3321 2540 3392 Θεὸν
2573 3315 2973 3391 ⁴παρακλήσεως
3002 3335 3018 3350 ο
3062 3318 3182 3370 τότε
3231 3317 3325 3370 καὶ
3356 3315 3585 3385 ἠγωνία,
3631 3315 3725 3366 καὶ
3763 3312 3856 3365 τὸν

651 3417 761 3462 tum
810 3407 1161 3460 afﬂictabatur
1205 3409 1502 3477 timoreque
1553 3409 1792 3462 interiori
1830 3409 2202 3476 torquebatur.

721 3497 878 3552 Vens.
917 3498 970 3551 6.
1010 3493 1188 3551 Timor
1252 3507 1299 3551 et
1355 3507 1550 3551 tremor
1594 3508 1842 3552 venerant
1887 3514 2043 3565 super
2100 3516 2200 3552 me.

668 3592 807 3647 Idem
841 3607 1033 3644 rursus
1071 3592 1290 3659 repetit,
1338 3592 1690 3645 intensiorem
1735 3591 1985 3644 indicans
2016 3590 2204 3643 formi-

653 3683 853 3735 dinem.
906 3681 1219 3734 Formidiue
1283 3680 1501 3734 etenim.
1541 3687 1696 3754 aucta
1751 3681 1912 3732 timor
1961 3681 2201 3745 obvenit,

652 3771 842 3826 tim'ore
869 3788 995 3825 vero
1023 3772 1252 3825 adaucto
1316 3777 1522 3825 tremor
1550 3771 1876 3840 insequitur.

724 3864 790 3918 Et
837 3856 1174 3917 centexerunt
1213 3878 1291 3916 me
1331 3863 1573 3915 tenebrat.
1629 3862 1893 3921 Tenebrae
1948 3862 2203 3916 nimirum

655 3961 930 4015 mestitiae
997 3974 1060 4012 ac
1104 3957 1330 4021 doloris,
1366 3971 1486 4023 quae
1529 3972 1636 4012 non
1694 3956 2044 4012 mediocriter
2105 3957 2207 4009 bu-

607 4091 610 4094 .
657 4065 844 4105 manes
873 4050 1083 4105 animos
1112 4049 1496 4113 obtenebrant,
1533 4056 1698 4117 atque
1729 4048 2096 4111 confundunt,

724 4142 886 4195 Vens.
922 4141 974 4194 8.
1005 4140 1198 4194 Etdizi
1223 4156 1240 4192 :
1269 4140 1401 4204 Qui:
1433 4141 1577 4193 dabit
1603 4139 1730 4193 mihi
1764 4155 1979 4208 pennas,
2024 4147 2079 4191 ut
2119 4153 2208 4191 co-

657 4233 868 4299 lumba,
921 4243 967 4286 et
986 4233 1194 4296 volabo,
1247 4241 1296 4286 et
1344 4233 1718 4302 requiescam?
1764 4227 2042 4284 Columba:
2100 4229 2204 4282 sibi

658 4344 866 4395 pennas
891 4343 996 4382 non
1025 4336 1232 4382 temere
1265 4328 1417 4394 petiit
1442 4327 1632 4381 beatus
1676 4324 1864 4378 David.
1916 4319 2204 4378 Celerritni

657 4418 800 4469 enim
831 4426 914 4471 est
960 4418 1174 4470 volatus
1227 4416 1497 4470 columba.
1556 4415 1896 4470 Mansuetum
1949 4423 2206 4484 praeterea

659 4514 741 4558 est
792 4506 1286 4576 domesticumque,
1338 4521 1402 4559 ae
1455 4506 1686 4574 simplex
1738 4505 1942 4558 animal
1978 4524 1992 4559 :
2024 4519 2209 4573 quem-

659 4597 943 4651 admodum
974 4607 1026 4650 et
1060 4598 1174 4665 ipse
1196 4605 1310 4651 erat
1343 4595 1530 4650 David.
1564 4596 1630 4650 Et
1664 4598 1880 4659 volabo,
1922 4596 2122 4664 inquit.
2151 4596 2202 4648 in

661 4690 776 4743 loca
808 4697 945 4751 tuta,
976 4698 1029 4743 et
1062 4691 1428 4757 requiescam,
1455 4671 1556 4742 hoc
1588 4696 1697 4749 est,
1732 4688 1914 4757 quiete
1946 4687 2099 4740 fruar
2134 4703 2147 4739 :
2174 4700 2203 4738 a

659 4789 808 4832 lztnlu
849 4781 1050 4834 scilicet
1075 4781 1270 4835 timore
1333 4797 1394 4834 ac
1428 4781 1612 4834 labore
1646 4780 1932 4836 liberatus.

733 4867 892 4921 Vens.
919 4871 968 4922 7.
1017 4868 1149 4923 Ecce
1198 4871 1430 4941 elongari
1461 4871 1674 4940 fugam,
1705 4879 1753 4924 et
1791 4869 1967 4923 mansi
1999 4870 2050 4922 in
2079 4867 2210 4921 soli-

661 4961 854 5014 tudine.
890 4958 1106 5028 Fugans
1132 4961 1265 5014 dixit
1304 4976 1402 5030 pro
1449 4960 1682 5030 fugiens,
1720 4975 1815 5014 seu
1861 4960 2039 5027 fugam
2072 4957 2207 5010 arri-

666 5054 841 5121 piens.
2164 5121 2184 5130 μ

734 5144 889 5197 Vens.
919 5147 972 5199 9.
1006 5147 1379 5213 Exspectabam
1412 5145 1594 5206 Deum.
1625 5147 1715 5215 qui
1741 5144 1944 5198 salvum
1982 5159 2061 5194 me
2090 5139 2213 5209 fecit

664 5254 695 5288 a
725 5237 1157 5303 pusillanimitule
1217 5247 1367 5306 atque
1399 5255 1428 5289 a
1472 5247 1791 5303 tempestate.
1855 5236 2213 5290 Commorans

665 5341 762 5393 ego
804 5327 858 5379 in
897 5328 1108 5379 deserto
1147 5327 1351 5379 nullum
1401 5328 1566 5379 alium
1599 5328 1860 5380 hactenus
1893 5323 2024 5376 mihi
2056 5322 2212 5389 adju-

668 5425 835 5472 t-irem
864 5422 1196 5488 exspectavi,
1234 5435 1392 5489 quam
1431 5427 1480 5473 te
1514 5419 1683 5474 solum
1725 5418 1907 5472 Deum.
1945 5415 2044 5469 Per
2079 5423 2218 5467 tem-

737 5603 757 5634 '
790 5600 936 5664 Psal.
997 5617 1045 5664 ν,
1081 5604 1131 5654 7.

2307 3411 2468 3480 φόϐον
2503 3412 2762 3479 ἔκρυπτε.
2891 3411 2895 3414 ’
3114 3435 3116 3438 ν

2375 3505 2563 3566 Φόϐος
2593 3502 2687 3555 καί
2712 3501 2926 3570 τρόμος
2952 3500 3044 3553 ἐπ’
3078 3496 3181 3568 ἐμὲ
3204 3497 3468 3564 διῆλθεν.
3512 3497 3585 3550 Τὸ
3607 3496 3736 3564 αὐτὸ
3759 3495 3860 3549 πάρ

2305 3594 2386 3646 λιν
2439 3597 2623 3663 φησιν,
2683 3594 2966 3662 ἐμφαίνων
3016 3591 3113 3659 τὴν
3164 3590 3412 3641 ἐπίτασιν
3470 3586 3571 3652 τῆς
3618 3585 3857 3648 δειλίας·

2305 3685 2472 3738 δειλία
2507 3687 2604 3753 μὲν
2633 3685 2741 3753 γὰρ
2786 3684 3082 3754 αὐξηθεῖσα
3148 3683 3357 3748 γίνεται
3393 3678 3552 3748 φόϐος
3575 3694 3589 3710 ο
3622 3671 3773 3738 οὗτος
3803 3675 3864 3728 δὶ

2307 3778 2466 3831 πάλιν
2493 3775 2770 3838 ἐπιταθεὶς
2830 3775 3038 3842 γίνεται
3066 3773 3283 3842 τρόμος.

2375 3870 2479 3924 Καὶ
2500 3867 2765 3936 ἑκάλυψέ
2774 3885 2848 3936 με
2874 3869 3110 3931 σκότος.
3149 3866 3221 3920 Τὸ
3243 3865 3340 3933 τῆς
3383 3863 3614 3931 ἀθυμίας
3647 3860 3742 3913 καὶ
3767 3858 3872 3911 λύ-

2309 3979 2445 4030 πηςο
2482 3958 2638 4015 αὗται
2695 3959 2804 4026 γὰρ
2850 3957 3212 4031 διαφερόντως
3267 3951 3692 4018 σκοτίζουσικαὶ
3723 3965 3870 4018 συγ-

2307 4056 2489 4125 χέουσι
2517 4054 2614 4124 τὴν
2642 4051 2838 4122 ψυχήν.
3866 4055 3872 4059 ”

2378 4147 2482 4201 Καὶ
2511 4143 2678 4199 εἶπα·
2735 4146 2828 4209 Τίς
2865 4142 3039 4195 δώσει
3056 4157 3158 4210 μοι
3187 4136 3501 4206 πτέρυγας,
3535 4133 3674 4188 ὡσεὶ
3696 4148 3866 4199 περι·

2308 4239 2547 4308 στερᾶς,
2585 4237 2681 4290 καί
2715 4230 3306 4302 πετασθήσομαι,καὶ
3327 4227 3726 4289 καταπαύσω;
3763 4225 3872 4277 Πε-

2312 4331 2570 4403 ριστερᾶς
2604 4329 2835 4399 ἐζήτησε
2868 4329 3171 4398 πτέρυγας,
3207 4327 3287 4378 ὅτι
3309 4324 3471 4388 ὀξέως
3500 4322 3744 4384 πέταται,
3769 4318 3872 4372 καὶ

2307 4423 2389 4475 ὅτι
2436 4423 2641 4491 ἥμερον
2690 4419 2845 4472 τοῦτο
2876 4418 2935 4469 τὸ
2979 4417 3118 4480 ζῶον
3174 4416 3268 4468 κοιλ⁸
3330 4415 3622 4483 ἀπόνηρον,
3671 4410 3744 4471 ὡς
3773 4409 3871 4461 καὶ

2309 4513 2491 4575 αὑτός.
2521 4511 2628 4563 Καὶ
2668 4508 3101 4578 πετασθήσομαι,
3137 4506 3319 4576 φησιν,
3348 4507 3428 4567 είς
3465 4503 3658 4561 τόπους
3692 4502 3872 4566 ἀσφα-

2307 4608 2439 4670 λεῖς,
2490 4606 2584 4659 καὶ
2641 4602 2977 4658 καταπαύσω
3004 4599 3111 4653 dab
3167 4600 3274 4652 τῶν
3303 4596 3538 4666 συνεχῶν
3569 4591 3746 4661 φόϐων
3770 4591 3871 4644 καὶ

2316 4695 2518 4750 πόνων.

2397 4873 2550 4928 Ἰδοὺ
2595 4870 2896 4939 ἐμάκρυνα
2939 4865 3306 4935 φυγαδεύσων,
3338 4862 3432 4917 καὶ
3478 4857 3776 4927 ηὐλίσθην
3796 4851 3878 4905 ἐν

2315 4964 2387 5033 τῇ
2420 4963 2634 5031 ἐρήμῳ.
2665 4959 3004 5029 Φυγαᾶύων,
3037 4960 3156 5013 ἀντὶ
3181 4956 3296 5024 τοῦ,
3316 4955 3550 5024 φεύγων.

2387 5138 2842 5208 Προσεδεχόμην
2896 5132 3001 5186 τόν
3050 5132 3199 5186 Θεὸν·
3245 5129 3351 5183 τόν
3382 5120 3643 5186 σώζοντα
3670 5139 3742 5193 με
3768 5119 3879 5174 ἀπ’

2313 5229 2706 5298 ὀλιγοψυχίας
2740 5224 2975 5279 insidat)
3020 5220 3382 5290 καταιτίδος.
3431 5218 3519 5270 Ἐν
3571 5219 3638 5284 τῇ
3675 5212 3878 5282 ἐρήμῳ

2317 5300 3108 5389 αὐλιζόμενος,ούδέσαὲτερον
3149 5314 3276 5384 ἄχρι
3307 5310 3419 5366 οιαὶ
3479 5308 3577 5364 νῦν
3631 5301 3878 5371 ἐξεδεχό-

2321 5434 2429 5486 μην
2483 5413 2696 5483 βοηθὸν,
2741 5411 2788 5481 ἢ·
2840 5410 2993 5481 μόνον
3023 5406 3080 5460 οὶ
3109 5405 3202 5462 τὸν
3255 5405 3427 5464 Θεόν.’
3462 5398 3764 5468 Καταιγίδα
3811 5394 3879 5449 δὲ

2007 5676 2202 5739 Variae
2234 5676 2562 5740 lectiones.

736 5734 848 5858 ('90)
889 5791 969 5844 Al.
1003 5790 1082 5844 τό.
