4124 6326
311 391 428 455 5'17

1468 398 1852 462 COMMENT.
1896 401 1976 460 IN
2014 402 2377 470 PSALMOS.

3433 421 3540 482 578

311 508 474 572 λέγει
536 509 636 581 τὴν
701 510 1037 581 σφοδρότητα
1104 512 1198 564 καὶ
1268 511 1437 582 ζάλην
1500 513 1608 567 τῶν
1691 531 1866 584 πειραη

1991 525 2255 583 pestatem
2279 532 2409 574 vero
2447 521 2814 578 vehementem
2857 529 3218 583 tentationum
3248 533 3536 598 praet-itam

315 618 507 655 συηυν.

456 619 507 655 ν.

361 619 867 756 μιιιῗὶαταπόντιοόινο,
891 695 1085 762 Κύριε,
1109 696 1204 748 καὶ
1233 696 1542 751 namNa/ts
1569 697 1676 761 τὰς
1693 698 1884 767 γλώσ-

315 800 445 851 σας
473 787 690 840 αὐτῶν.
724 786 798 838 Τὸ
831 785 955 853 ἑξῆς
986 785 1128 838 κατά
1150 787 1257 838 τῶν
1296 787 1584 852 Ἰουδαίων,
1613 789 1709 841 καὶ
1737 790 1886 859 ,περὶ

317 876 584 946 Χριστοῦ.
610 877 1040 941 Καταπόντισον,
1069 877 1255 946 φησὶν,
1291 872 1334 929 ὦ
1359 875 1558 948 Κύριε,
1587 882 1685 942 τὰς
1712 880 1886 968 γλώσ-

321 985 428 1030 σας
456 967 634 1021 αὐτῶν
662 1009 679 1034 ,
712 967 811 1029 τὰς
843 967 1271 1039 βλασφημούσας
1306 969 1395 1020 τὸν
1434 970 1524 1022 σὸν
1551 971 1696 1035 Υἱδν,
1726 967 1882 1025 τουτο

320 1057 467 1122 ἐστι,
496 1058 734 1126 βύοισον,
768 1059 1127 1123 ὲναποπνίξας
1157 1058 1233 1128 τῷ
1263 1059 1413 1129 βάθει
1439 1061 1528 1113 τοῦ
1553 1063 1880 1129 πνεύματοςο

319 1164 359 1199 κ
376 1148 421 1200 ιὶ
453 1148 732 1199 καταδίελε
755 1149 943 1210 αὐτὰς,
972 1149 1200 1219 ποιήσας
1217 1149 1579 1218 ἀσυμφώνους
1601 1151 1878 1219 ἀλλήλαις,

315 1237 400 1300 ὣς
435 1239 632 1306 μηκέτι
659 1237 915 1292 δύνασθαι
944 1240 1341 1293 συσκεπτεσθαι
1387 1243 1528 1297 κατὰ
1565 1243 1658 1296 τοῦ
1697 1245 1884 1315 Σωτῆ-

319 1344 439 1397 ρος.
481 1331 542 1383 "A
581 1328 645 1400 δὴ
696 1331 792 1384 καὶ
831 1333 1160 1386 πεπόνθασιν
1209 1332 1452 1404 ὕστερον,
1489 1335 1882 1408 διαφθαρέντες

316 1423 432 1477 ὑπὸ
473 1424 774 1496 Ῥωμαίων.

389 1601 522 1655 Ὀτι
544 1598 707 1658 εἶδον
743 1598 998 1682 ἀκομίαν
1058 1609 1154 1662 καὶ
1206 1609 1552 1681 circulo-ﬂav-
1571 1613 1641 1666 ἐν
1664 1612 1738 1682 τῇ
1771 1618 1878 1668 πόα

310 1696 434 1750 ⁸κει.
465 1695 631 1762 Διότι,
660 1680 844 1766 φησὶν,
881 1695 1020 1753 εἶδον
1049 1703 1161 1763 τοῖς
1186 1680 1546 1771 προφητικοῖς
1574 1680 1878 1776 ὀφθαλμοῖς

312 1784 380 1839 ὲν
401 1787 466 1855 τῇ
503 1787 656 1839 πόλει
699 1789 1072 1861 Ἰερουσαλὴμ,
1106 1793 1333 1862 ἀνομίαν
1359 1796 1480 1863 μὲν,
1511 1797 1592 1850 ὅτι
1638 1799 1876 1866 παρανό-

315 1891 440 1943 μως
504 1877 729 1946 ἐζήτουν
810 1880 1017 1934 ἀνελεῖν
1072 1883 1160 1935 τὸν
1221 1885 1462 1954 ἀρχηγὸν
1508 1891 1608 1956 τῆς
1666 1889 1815 1959 ζωῆς.
1855 1908 1869 1921 ·

311 1967 669 2038 ἀντιλογίαν
724 1969 802 2034 δὲ,
835 1972 915 2025 ὅτι
951 1973 1236 2043 ἀντέλεγον
1267 1977 1435 2047 αὐτῷ,
1475 1977 1778 2034 διδάσκοντι
1807 1983 1875 2036 τὰ

314 2059 584 2127 σωτήρια.

401 2147 647 2218 Ἡμέρας
700 2152 800 2206 καὶ
857 2155 1072 2221 νυκτὸς
1105 2158 1404 2216 κυκλώσει
1429 2161 1640 2225 αὐτὴν,
1675 2162 1773 2215 ἐπὶ
1802 2164 1874 2217 τὰ

309 2239 486 2310 τείχη
537 2241 746 2311 αὐτῆς.
781 2247 1024 2316 Ἡμέρας
1080 2249 1172 2300 καὶ
1223 2251 1414 2314 νυκτὸς
1446 2252 1653 2318 συνέξει
1679 2255 1870 2323 αὐτὴν,

311 2329 440 2382 ἀντὶ
492 2333 607 2399 τοῦ,
656 2335 748 2388 ἐπὶ
796 2337 950 2402 πολὺ,
985 2339 1028 2408 ἡ
1068 2339 1285 2408 ἀνομία,
1334 2341 1499 2410 ἧτουν
1534 2349 1867 2420 παρανομία,

315 2420 484 2491 μέχρι
538 2426 633 2476 καὶ
679 2425 790 2478 τῶν
839 2429 1037 2497 τειχῶν
1071 2429 1261 2500 αὐτῆς,
1316 2434 1596 2488 τουτέστιν
1618 2437 1746 2507 ὃλην
1775 2438 1872 2509 τὴν

308 2512 494 2567 πᾶλιν.
523 2516 766 2568 Τοιοῦτοι
790 2517 898 2588 γὰρ
925 2521 971 2572 οἱ
1016 2521 1260 2575 Ἰουδαῖοι
1302 2526 1396 2578 καὶ
1421 2527 1561 2594 μετά
1587 2529 1684 2598 τὴν
1717 2530 1869 2583 ἀναί-

306 2621 470 2672 ρεσιν
498 2607 592 2684 τιοῦ
617 2610 853 2677 Χριστοῦ
884 2613 1277 2682 μεμενήκασιν,
1328 2615 1486 2685 ἄχρις
1514 2618 1578 2670 ἂν
1608 2622 1870 2691 ὲπιστραι

308 2697 622 2758 τευσάντων
674 2700 859 2763 αὐτοῖς
924 2702 1211 2776 Ῥωμαίων
1259 2707 1604 2779 πανωλεθρίᾳ
1653 2711 1873 2782 διεφθά-

307 2800 526 2854 ρησανε
727 2781 736 2788 ’

381 2876 490 2928 Καὶ
543 2877 759 2948 ἀνομία
818 2881 916 2934 καὶ
960 2884 1143 2950 πόνος
1195 2885 1264 2938 ἐν
1312 2888 1479 2955 μέσῳ
1524 2892 1732 2961 αὐτῆς,
1768 2913 1866 2950 και

299 2962 533 3018 ἀδικία.
591 2966 757 3021 Πάλιν
803 2971 1244 3041 ἐπαναλαμϐάνει
1292 2977 1388 3046 τὴν
1433 2979 1691 3048 ἀνομίαν,
1742 2986 1865 3034 ἐπι-

311 3052 618 3124 μονώτερον
663 3058 936 3130 διασύρων
985 3064 1199 3128 αὐτοὺς,
1257 3066 1340 3119 ὅτι
1405 3071 1547 3122 κατά
1581 3072 1744 3140 νόμον
1767 3074 1865 3144 ζῇν

307 3143 624 3212 αὐχοῦντες,
648 3151 1000 3219 παρηνόμουν
1029 3154 1133 3208 ἀεί.
1160 3154 1341 3216 Εἰπὼν
1369 3158 1446 3224 δὲ,
1476 3162 1556 3213 ὅτι
1591 3163 1857 3219 κυκλώσει
1889 3172 1932 3228 C

305 3232 482 3304 αὐτὴν
513 3235 640 3306 ἄχρι
666 3239 772 3290 τῶν
823 3241 1016 3308 τειχῶν
1051 3244 1083 3310 ἠ
1129 3248 1460 3316 παρανομία,
1511 3249 1749 3305 διδάσκει
1779 3255 1859 3308 ὅτι

305 3324 433 3377 οὐδὲ
461 3317 532 3380 τὸ’
560 3330 723 3397 μέσον
748 3329 846 3397 τῆς
879 3331 1084 3394 πόλεως
1119 3335 1422 3403 ἀνθέξεται,
1453 3341 1567 3393 ἀλλ’
1625 3347 1684 3396 ἐν
1708 3347 1859 3414 μέσῳ

307 3415 500 3470 ἔσται’
527 3437 839 3488 παρανομία
903 3424 1018 3492 μὲν,
1056 3428 1113 3478 ὲν
1143 3430 1260 3490 ταῖς
1307 3431 1546 3497 κρίσεσιο
1584 3434 1750 3498 κόπος
1779 3439 1856 3505 δὲ,

308 3508 370 3558 ἓν
399 3509 514 3569 ταῖς
566 3510 708 3564 κατὰ
761 3511 1145 3579 τῶνάναιτίων
1177 3523 1445 3589 μηχαναῖς
1476 3524 1568 3576 καὶ
1601 3531 1854 3592 σκευαίςο

306 3596 494 3652 ἀδικία
514 3598 592 3664 δὲ,
622 3602 682 3655 ἐν
701 3605 821 3666 ταῖς
858 3605 1203 3670 πλεονεξίαις.

375 3857 485 3910 Καὶ
512 3859 622 3911 οὐκ
650 3859 928 3922 ἐξέλιπεν
954 3862 1021 3915 ἐκ
1054 3864 1170 3916 τῶν
1201 3869 1513 3923 ’πλατειῶν
1534 3872 1728 3940 αὐτῆς
1760 3878 1854 3929 τό-

301 3962 413 4010 κος
433 3947 528 3999 καὶ
561 3947 758 4014 δόλος.
807 3950 895 4026 Ἐν
917 3951 1060 4024 πασῃ
1095 3956 1242 4009 πόλει
1283 3960 1374 4009 καὶ
1424 3953 1672 4014 πλατεῖαι
1722 3967 1855 4019 εἰσιν

300 4036 436 4114 osa,
487 4039 580 4090 καὶ
627 4043 929 4094 στενωποί·
1000 4048 1094 4098 καὶ
1153 4047 1405 4102 πλατεῖαι
1462 4052 1579 4119 μὲν,
1621 4055 1677 4106 αἱ
1719 4058 1855 4126 πρὸς

302 4108 542 4192 ἄμαξαν,
569 4126 634 4189 ἀς
657 4128 886 4198 λέγομεν
942 4133 1196 4202 ἐξαέρους
1227 4153 1239 4165 ·
1269 4108 1528 4191 στενωποὶ
1553 4108 1630 4202 δὲ,
1661 4146 1715 4194 αί

300 4214 568 4284 ιμσόλων.
605 4219 714 4281 Τὰς
745 4221 1002 4285 πλατείας
1033 4225 1124 4277 οὖν
1152 4227 1339 4279 ἔλασεν
1361 4229 1608 4296 ἐνταῦθα,
1633 4234 1764 4287 διότι
1795 4241 1852 4288 ὲν

298 4305 421 4362 ταῖς
458 4305 739 4368 πλατείαις
791 4305 928 4376 ἦσαν
968 4312 1023 4362 αἱ
1057 4307 1252 4382 ἀγοραὶ
1331 4320 1425 4370 καὶ
1484 4321 1592 4389 (91)
1625 4325 1691 4376 τὰ
1711 4325 1849 4394 σύμ-

298 4389 467 4442 σολιν
529 4394 688 4446 τόκον
728 4397 824 4464 μὲν
867 4394 1039 4463 εἶπεν,
1083 4402 1162 4453 ὅτι
1195 4400 1438 4470 ἐτύκιζον
1475 4389 1846 4479 λανθάνοντες,

1900 1849 1948 1908 Β

1991 604 2262 664 intelligit.

2064 623 2262 676 .eutglt.
2378 623 2394 633 ‘

2064 696 2224 751 Vens.
2260 697 2345 752 l0.
2376 699 2647 771 Demerge,
2672 702 2907 771 Domine,
2936 717 2983 760 et
3010 710 3179 762 divide
3211 711 3417 782 linguas
3447 734 3534 769 co-

1987 799 2126 837 rum.
2151 785 2282 850 Quae
2309 800 2617 857 sequuntur
2655 792 2919 849 adversus
2960 797 3182 852 JtltlaLOS
3211 802 3354 855 dicta
3388 819 3535 870 sunt,

1986 883 2039 926 et
2063 873 2130 928 de
2161 875 2397 930 Christo.
2434 879 2715 951 Demergc,
2744 882 2944 951 inquit,
2972 901 3002 938 ο
3033 887 3281 955 Domine,
3319 893 3532 961 linguas

1985 979 2198 1031 eorum,
2246 969 2340 1038 qui
2375 970 2573 1024 Filium
2629 983 2777 1027 tuum
2834 976 3233 1045 blasphemant.
3278 982 3536 1054 Demerge

1985 1071 2162 1117 autem
2197 1081 2290 1120 eas
2324 1067 2557 1138 linguas,
2585 1070 2691 1124 hoc
2723 1083 2827 1135 est,
2884 1075 3039 1128 mitte
3091 1076 3143 1130 in
3176 1081 3531 1147 profundum,

1985 1155 2067 1219 fac
2095 1156 2213 1211 illas
2243 1159 2296 1211 in
2332 1161 2602 1230 profundo
2627 1165 2833 1238 proprii
2883 1168 3120 1234 gutturis
3152 1170 3406 1225 suil‘ocari
3435 1191 3449 1238 ;
3481 1183 3533 1226 et

1983 1246 2163 1304 divide
2190 1266 2304 1317 eas,
2325 1249 2532 1308 faciens
2551 1270 2616 1310 ne
2644 1272 2748 1309 una
2775 1260 3008 1327 amplius
3033 1261 3086 1314 in
3129 1265 3373 1342 eamdem
3406 1280 3533 1318 sen-

1982 1339 2202 1392 tentiam
2238 1344 2592 1410 conveniant,
2630 1347 2766 1401 adeo
2809 1357 2869 1402 ut
2909 1349 3173 1406 adversus
3201 1339 3528 1410 Salva-torem

1981 1427 2047 1479 de
2096 1437 2293 1482 ctetero
2323 1433 2638 1501 conspirare
2667 1450 2773 1489 non
2826 1438 3062 1494 valeant.
3096 1440 3246 1505 Quod
3277 1459 3409 1500 sane
3453 1447 3532 1500 eis
3642 1477 3650 1488 σ

1981 1521 2202 1584 accidit,
2237 1531 2524 1591 postquam
2563 1541 2592 1579 a
2616 1522 2882 1586 Romanis
2918 1531 3075 1588 deleti
3101 1543 3250 1590 sunt.

2050 1605 2310 1668 Quoniam
2343 1611 2448 1664 uidi
2492 1614 2822 1683 iniquitatem
2893 1628 2943 1672 et
2982 1623 3446 1680 contradictionem
3475 1629 3532 1682 in

1981 1697 2203 1754 civitate.
2227 1699 2497 1766 Quoniam
2551 1709 2906 1788 propheticis.
2968 1714 3162 1783 inquit,
3221 1733 3320 1788 ego
3352 1722 3526 1777 oculis

1981 1787 2089 1841 vidi
2123 1790 2174 1843 in
2225 1791 2447 1848 civitate
2499 1784 2798 1854 Jerusalem
2833 1818 2849 1856 :
2884 1804 3226 1872 iniquitatem
3260 1784 3525 1878 iquidem,

1975 1875 2101 1929 dum
2129 1877 2308 1947 inique
2330 1895 2413 1934 me
2439 1883 2560 1936 vitae
2582 1880 2859 1941 auetoreui
2884 1893 3164 1947 studerent
3193 1895 3524 1964 interimere,

1975 1969 2456 2026 contradictionem
2494 1976 2781 2039 vero,dum
2813 1981 3169 2039 saluberrima
3196 1987 3410 2043 docenti
3435 1991 3528 2044 ad-

1974 2072 2344 2118 versarentur.

2043 2151 2241 2228 Vsus.i
2256 2153 2304 2206 1.
2325 2153 2417 2208 Die
2439 2173 2503 2210 ac
2533 2169 2678 2213 nocte
2691 2162 3036 2219 circumdabit
3055 2154 3171 2221 eam
3186 2187 3340 2240 super
3353 2190 3525 2244 muros

1973 2242 2102 2309 ejus.
2136 2243 2231 2298 Die
2254 2256 2508 2314 acnocte,
2547 2251 2742 2320 inquit,
2772 2253 3053 2336 iniquitas,
3085 2275 3244 2328 quam
3266 2242 3524 2328 diximus,

1972 2346 2088 2384 eam
2112 2335 2385 2390 civitatem
2424 2355 2597 2409 usque
2633 2342 2698 2395 ad
2732 2360 2916 2402 muros
2938 2335 3257 2406 continebit.
3291 2355 3525 2423 iniquis-

1971 2421 2090 2474 simi
2117 2423 2298 2492 ltaque
2340 2427 2562 2483 fuerunt
2592 2430 2762 2487 Judaei
2794 2437 2956 2490 etiam
2983 2449 3104 2506 post
3135 2442 3338 2499 Christi
3375 2421 3524 2499 mor-

1973 2518 2103 2576 tem,
2135 2512 2308 2568 donec
2338 2514 2591 2587 Romani,
2630 2509 2797 2578 misso
2842 2529 3086 2583 exercitu
3148 2545 3244 2588 eos
3297 2548 3523 2602 prorsus

1970 2601 2104 2657 dissi
2111 2616 2326 2673 parum.

2043 2865 2106 2918 Et
2132 2867 2401 2937 iniquitas,
2435 2883 2482 2925 et
2507 2871 2656 2927 labor
2690 2876 2744 2930 in
2771 2880 2938 2933 medio
2973 2881 3111 2950 ejus,
3154 2888 3518 2955 etjnjustitia.

1966 2954 2177 3012 Rursus
2211 2961 2548 3027 iniquitatem
2569 2981 2754 3021 eorum
2791 2974 3115 3040 exprobrat,
3157 2978 3280 3034 illos
3307 2998 3371 3036 eo
3398 3000 3513 3038 ma-

1966 3047 2048 3113 gis
2094 3047 2451 3117 redarguens,
2504 3070 2645 3124 quo,
2674 3073 2796 3111 cum
2851 3063 3029 3118 vivere
3057 3081 3116 3120 se
3155 3071 3517 3137 gloriarentur

1965 3138 2259 3191 secundum
2287 3140 2476 3210 legem,
2525 3144 2711 3215 iniqua
2741 3164 2951 3222 semper
2979 3159 3147 3227 magis
3174 3163 3430 3231 agebant;
3464 3177 3517 3222 et

1966 3239 2091 3280 eum
2119 3227 2336 3294 dixerit,
2378 3236 2522 3300 quod
2568 3236 2988 3313 iniquitas_eam
3031 3227 3388 3308 circumdabit
3416 3227 3516 3311 tus-

1965 3332 2071 3385 que
2100 3319 2166 3373 ad
2195 3336 2403 3385 muros,
2434 3325 2595 3380 docet
2627 3334 2901 3394 quomodo
2922 3337 3010 3390 illa
3046 3340 3231 3394 eadem
3261 3359 3371 3397 non
3400 3346 3512 3401 dis-

1965 3410 2118 3464 cedet
2143 3423 2172 3462 a
2209 3412 2387 3467 medio
2414 3415 2664 3483 civitatis,
2689 3423 2819 3490 quin
2847 3428 2954 3479 imo
2986 3429 3093 3484 illic
3117 3431 3364 3488 similiter
3393 3453 3514 3504 per-

1966 3503 2204 3557 manebit
2247 3504 2550 3574 :iniquitas
2602 3512 2814 3580 quidem
2862 3526 3111 3573 versatur
3164 3528 3218 3574 in
3267 3503 3510 3594 judiciis,

1965 3592 2118 3646 labor
2143 3602 2327 3648 autem
2367 3597 2419 3649 in
2449 3598 2663 3655 insidiis
2721 3612 2774 3656 et
2825 3610 3344 3680 machinationibus,
3376 3633 3512 3686 quas

1965 3681 2222 3738 adversus
2256 3684 2572 3743 innocentes
2607 3693 2908 3760 moliuntur
2941 3716 2954 3753 :
2997 3700 3269 3769 injustitia
3293 3722 3421 3762 vero
3457 3710 3531 3775 in,

1961 4057 2082 4108 quae
2112 4042 2300 4110 platea:
2329 4045 2618 4110 dicuntur;
2659 4063 2790 4108 sunt
2819 4067 2873 4109 et
2901 4059 3020 4112 alia:
3049 4067 3412 4131 angustiores.

1959 4144 2054 4196 per
2073 4129 2276 4218 plateas
2297 4135 2513 4202 quidem
2543 4153 2736 4196 currus
2771 4152 3083 4214 transeunt,
3120 4129 3213 4214 eas
3239 4171 3334 4209 nos
3359 4157 3512 4222 ἐξαέ-

1961 4237 2084 4288 ρους
2113 4208 2450 4291 appellamus
2489 4245 2503 4280 :
2536 4244 2630 4297 per
2653 4237 2995 4302 angustiores
3032 4256 3158 4294 vero
3180 4245 3504 4304 incedimus.

1962 4312 2177 4368 Plateas
2227 4324 2408 4369 autem
2437 4316 2541 4372 hoc
2569 4319 2624 4373 in
2660 4321 2778 4375 loco
2807 4327 3061 4394 appellat,
3093 4332 3216 4397 quia
3241 4336 3355 4396 fora
3399 4337 3506 4392 illic

1956 4408 2113 4454 erant
2167 4403 2381 4455 venalia
2436 4412 2490 4461 et
2549 4412 2897 4465 commercia.
2950 4412 3178 4470 Usuram
3212 4420 3371 4474 etiam
3405 4423 3510 4477 illis

295 4480 456 4533 τοῦτο
487 4481 578 4535 τοῦ
613 4485 778 4550 νόμου
830 4489 1157 4554 κωλύοντος·
1221 4494 1371 4548 δόλον
1401 4498 1478 4563 δὲ,
1542 4501 1629 4552 διὰ
1676 4505 1769 4565 τὰς
1793 4507 1850 4558 ἐν

1969 4493 2198 4546 axerceri
2259 4493 2412 4557 dicit,
2465 4497 2589 4563 quia
2640 4498 2743 4551 sub
2794 4503 2964 4554 mutui
3000 4515 3256 4570 praetextu
3309 4507 3504 4567 usuras

297 4573 414 4630 τοῖς
447 4575 853 4644 συναλάτμασιν
915 4579 1149 4643 ἀπάτας,
1182 4582 1212 4650 ἢ
1270 4587 1479 4649 καὶτὰς
1509 4588 1674 4654 ἄλλας
1728 4594 1849 4646 ἐπι·-

300 4659 519 4724 6ουλάς.
566 4663 720 4719 Οὕτω
767 4668 947 4722 πᾶσαν
998 4670 1180 4731 αὐτοῖς
1230 4674 1430 4728 κακίαν
1465 4683 1848 4751 προσεμαρτύ-

300 4764 486 4822 ρησεν.

369 5019 498 5070 Ὀτι
523 5021 576 5072 ει
605 5023 637 5073 d
672 5019 887 5089 ἐχθρὸς
927 5019 1197 5078 ὠνείδισέ
1235 5043 1332 5094 με,
1382 5028 1685 5098 ἐπήνεγκα
1747 5032 1844 5100 ἂν,

294 5111 393 5164 καὶ
421 5113 472 5164 ει
510 5113 543 5163 δ
593 5113 790 5179 μισῶν
811 5131 888 5182 με
936 5115 1026 5168 ἐπ’
1059 5115 1165 5184 ἐμὲ
1187 5118 1839 5192 ἐμεγαλορῤημόνησεν,

291 5203 554 5272 ἀκρύϐην
579 5201 655 5254 ἂν
690 5205 790 5256 ἀπ’
820 5204 1022 5262 αὑτοῦ.
1050 5207 1129 5259 Τὰ
1159 5208 1402 5263 ἐντεῦθεν
1439 5215 1722 5286 -προσὼπῳ
1750 5219 1843 5271 τοῦ

292 5293 534 5362 Χριστοῦ
603 5292 850 5361 λέγονται
907 5297 1048 5350 κατά
1102 5296 1196 5349 τοῦ
1271 5299 1456 5354 Ἰούδα,
1486 5302 1558 5354 Τδ
1597 5304 1701 5372 μὲν
1726 5304 1841 5372 οὖν,

291 5383 627 5448 ὠνείδισεν,
711 5385 830 5437 ἀντὶ
888 5387 1006 5450 τοῦ,
1060 5387 1435 5456 ὲξουδένωσεν,
1482 5392 1577 5445 καὶ
1601 5395 1841 5448 διέϐαλεν

293 5471 552 5544 εἴρηται·
604 5475 666 5529 τὸ
711 5474 788 5542 δὲ,
821 5475 1470 5550 ἐμεγαλορῤημόνησεν,
1529 5485 1651 5539 ἀντὶ
1718 5486 1835 5552 τοῦ,

1957 4581 2096 4634 clam
2125 4583 2445 4651 exigebant;
2476 4587 2620 4654 quod
2650 4587 2702 4640 in
2737 4589 2851 4659 lege
2884 4592 3106 4647 vetitum
3133 4606 3270 4654 erat.
3310 4598 3498 4655 Delum

1955 4673 2113 4724 etiam
2153 4672 2223 4727 ibi
2252 4673 2495 4732 adluisse
2522 4678 2730 4744 asserit,
2762 4679 2833 4734 ob
2863 4679 3108 4740 fallacias
3146 4701 3281 4754 quas
3310 4690 3358 4741 in
3383 4706 3502 4744 mu-

1937 4750 2063 4816 tuis
2092 4767 2438 4821 commerciis
2465 4769 2768 4836 struebant,
2795 4772 2896 4835 vel,
2940 4773 3010 4827 ob
3043 4790 3207 4830 omne
3237 4780 3382 4834 aliud
3414 4782 3499 4835 in-
3599 4820 3602 4822 η

1958 4855 2222 4910 sidiarum
2254 4871 2426 4923 genus
2468 4875 2483 4912 :
2515 4869 2566 4922 et
2600 4860 2892 4930 hoeopacto
2922 4864 3172 4920 universa
3207 4869 3322 4924 illic
3373 4873 3502 4948 vitia

1952 4946 2144 4998 adesse
2175 4953 2424 5000 testatur.
3379 4949 3392 4958 ’

1962 5084 1965 5086 ,
2021 5033 2188 5087 Vsus.
2226 5035 2311 5088 15.
2344 5035 2601 5100 Quoniam
2633 5038 2680 5091 si
2707 5039 2946 5094 inimicus
2979 5058 3122 5096 meus
3152 5044 3502 5102 maledixisset

1951 5122 2102 5189 mihi,
2143 5128 2502 5180 sustinuissent
2528 5129 2726 5196 utique,
2780 5143 2828 5183 et
2868 5133 2913 5184 si
2959 5133 3024 5195 is,
3054 5133 3143 5200 qui
3166 5136 3360 5188 'oderat
3394 5153 3496 5201 me,

1951 5234 2105 5286 super
2137 5234 2220 5270 me
2248 5233 2439 5287 magna
2490 5219 2695 5274 locutus
2747 5223 2954 5290 fuisset,
2993 5223 3375 5279 abscondissem
3413 5243 3493 5280 me

1943 5310 2171 5378 forsitan
2200 5309 2264 5382 ab
2296 5325 2376 5362 eo.
2411 5310 2538 5374 Quae
2564 5322 2870 5379 sequuntur
2911 5327 2976 5366 ex
3006 5313 3205 5368 Christi
3262 5330 3494 5383 persona

1953 5399 2276 5468 proferenda
2328 5410 2456 5455 sunt
2512 5401 2774 5455 adversus
2825 5400 3038 5456 Judam.
3089 5402 3154 5456 Et
3205 5406 3346 5475 quod
3393 5406 3491 5469 ait,

1951 5490 2308 5545 matrdixisset
2329 5489 2445 5564 [seu
2494 5491 2648 5562 juxta
2688 5493 2852 5547 aliam
2887 5492 3086 5548 Graecae
3131 5495 3384 5550 dictionis
3409 5496 3491 5549 si-

1640 5661 1833 5723 Variae
1868 5661 2190 5728 lectiones.

363 5748 480 5819 (9|)
508 5748 593 5803 ΔΙ.
622 5707 933 5819 συμϐόλαια.
958 5812 960 5814 τ
