4124 6326
671 405 773 468 519

1891 399 2200 459 EUTIIYM
2213 399 2270 457 II
2310 395 2668 458 ZlGABENl

3763 394 3879 457 580

670 519 1097 588 gnificationem,
1123 515 1524 587 exprobrasset]
1553 515 1734 584 posuit
1763 528 1884 583 pro,
1916 515 2228 582 sprevissd,

2336 512 2727 581 ὴναισχύντησε
2789 511 2880 564 καὶ
2916 512 3199 582 ἠπείλησε.
3229 513 3334 564 Καὶ
3363 511 3648 582 ἄμφωγὰρ
3666 514 3878 576 ἐκεῖνος

680 621 756 671 et,
791 611 1153 662 calumniatus
1190 618 1372 671 esset;
1403 609 1542 675 quod
1566 623 1691 659 vero
1715 607 1824 658 ait:
1864 622 2053 673 magna
2083 605 2225 656 locu.

673 715 754 753 tus
789 702 994 767 fuisset,
1043 715 1280 766 expone,
1328 715 1426 766 pro
1461 698 1806 765 impudenter
1839 706 1892 750 ct
1939 697 2222 750 minaciter

672 792 884 844 loeutus
915 797 1082 843 esset.
1127 787 1424 855 Utrumque
1468 790 1606 840 enim
1649 788 1736 841 ille
1766 788 2215 867 scelus_commi-

671 881 762 931 sit.
787 879 914 930 Nam
946 891 998 931 et
1028 880 1166 945 apud
1201 879 1412 931 Jndzeos
1447 879 1710 944 probrosa
1755 877 1941 930 retulit
1969 877 2035 929 de
2061 875 2216 930 Chri-

675 979 782 1030 sto,
821 977 872 1019 et
901 969 1258 1021 comminatus
1284 977 1365 1022 est
1412 984 1468 1022 se
1497 984 1618 1021 eum
1649 969 1755 1021 illis
1789 967 1856 1021 ad
1888 982 2072 1020 necem
2136 966 2388 1017 daturum

2333 603 2594 666 πεποίηκε
2627 618 2640 630 ·
2689 601 3065 672 διεκωμῴδησε
3107 603 3215 670 γὰρ
3248 603 3409 654 αὐτὸν
3430 605 3540 664 τοῖς
3575 603 3878 665 Ἰουδαίοις,

2329 691 2421 743 καὶ
2452 691 2744 759 ἠπείλησεν
2773 693 3102 761 παραδοῦναι
3131 696 3210 756 εἰς
3231 695 3478 749 Θάνατον.
3513 695 3586 746 Τὸ
3621 695 3698 761 δὲ,
3753 694 3875 754 ὅτι,

2328 781 2796 850 προκαταρκτικὸς
2827 782 2911 835 ἄν’
2945 784 3030 852 εἰη
3087 781 3401 852 σύνδεσμος,
3432 783 3489 836 ὃν
3513 784 3726 852 λέγουσι
3772 785 3880 838 καὶ

2326 871 2740 940 διηγηματικόν.

2446 981 2460 1017 :
2517 963 2604 1015 illa
2673 965 2831 1016 etiam
2884 963 3072 1029 dictio,
3139 967 3414 1032 quoniam,
3476 967 3578 1020 hoc
3634 967 3686 1018 in
3748 967 3877 1018 loco

673 1055 956 1107 narrativze
1007 1055 1404 1122 conjunctionis
1457 1057 1563 1109 vim
1613 1056 1798 1116 habet,
1849 1065 1906 1107 ut
1951 1055 2076 1120 alibi
2125 1055 2331 1107 dictum
2363 1061 2466 1106 est.

749 1172 908 1224 Vna.
947 1170 1028 1222 Η.
1064 1169 1138 1220 Tu
1165 1186 1305 1231 vero,
1333 1169 1482 1222 homo
1517 1172 1800 1232 unanimis,
1833 1172 1940 1223 dna:
1970 1186 2131 1230 nicas,
2165 1179 2210 1222 et

677 1269 826 1313 notus
863 1276 1027 1310 meus.
1067 1259 1106 1310 Α
1136 1260 1409 1311 communi
1434 1274 1594 1313 sensu
1627 1261 1945 1314 sumendum
1982 1270 2065 1313 est
2096 1275 2209 1312 ver-

679 1352 807 1403 bum
865 1347 1243 1401 malcdixisset.
1304 1348 1623 1402 Unanimem
1679 1357 1856 1404 autem
1903 1351 2056 1412 dixit,
2123 1365 2217 1418 pro

679 1440 872 1492 amico.
911 1438 1107 1490 Ducem
1148 1452 1278 1491 vero
1321 1453 1479 1490 suum
1527 1437 1718 1491 ludam
1783 1440 2032 1506 appellat,
2093 1440 2217 1507 quia

632 1537 636 1541 '
683 1530 836 1582 illum
887 1528 1044 1580 simul
1081 1544 1200 1580 cum
1240 1527 1363 1582 aliis
1410 1529 1669 1597 apostolis
1719 1529 1908 1581 ducem
1971 1529 2216 1583 ﬁdelibus

676 1619 1056 1672 constituerat.
1111 1617 1403 1671 Conslitucs
1429 1619 1570 1690 enim
1602 1635 1706 1680 eos,
1738 1619 1934 1686 inquit,
1961 1620 2216 1686 principes

675 1724 832 1775 super
851 1725 1051 1760 onmem
1075 1718 1267 1759 terram
1299 1709 1366 1762 ¹⁰.
1392 1708 1569 1763 Notus
1587 1710 1746 1762 etiam
1775 1725 1947 1775 meus,
1983 1711 2084 1762 hoc
2112 1717 2214 1774 est,

678 1797 805 1849 milii
836 1797 1081 1865 cognitus
1111 1810 1174 1848 ac
1197 1795 1495 1849 familiaris.

2381 1169 2464 1222 Σὺ
2518 1154 2922 1247 ὃὲίᾶνθρωπε
2973 1172 3265 1238 ισόιειυχε,
3313 1172 3543 1240 ἡγεμών
3586 1191 3719 1241 μου,
3768 1174 3874 1227 και

2309 1259 2538 1326 γνωστέ
2560 1277 2697 1326 μου.
2765 1260 2892 1311 Ἀπὸ
2940 1262 3116 1314 κοινοῦ
3163 1261 3397 1327 ληπτέον
3443 1267 3501 1315 τὸ
3544 1263 3816 1317 ὠνείδισε
3846 1282 3863 1296 ⁶

2313 1352 2491 1402 κεῖται
2545 1351 2601 1401 δὲ
2656 1352 2777 1402 ἀντὶ
2801 1351 2916 1413 τοῦ,
2967 1352 3112 1419 φίλε,
3182 1353 3240 1404 τὸ
3271 1353 3550 1420 [add-v18.
3595 1355 3876 1421 Ἦγεμὸνα

2313 1443 2369 1494 δὲ
2403 1441 2561 1495 αὐτοῦ
2611 1443 2757 1508 λέγει
2813 1443 2990 1506 αὐτὸν,
3052 1444 3184 1495 διότι
3234 1444 3325 1497 καὶ
3383 1445 3544 1507 αὐτὸς
3598 1449 3735 1512 μετὰ
3760 1447 3877 1498 τῶν

2319 1533 2491 1585 ἄλλων
2565 1532 2822 1600 μαθητῶν
2870 1534 3246 1588 πιστευόντων.
3301 1534 3710 1600 ιιίιταστήσεις
3737 1535 3872 1602 γάρ,

2323 1624 2505 1691 φησὶν,
2530 1623 2749 1687 αὖτοὺς
2768 1623 3060 1690 ἄρχοντας
3081 1622 3177 1675 ἐπὶ
3200 1622 3402 1677 πᾶσαν
3413 1624 3525 1691 τὴν
3540 1623 3675 1692 γῆν.
3708 1628 3878 1679 Γνω-

2323 1715 2430 1767 στέ
2491 1733 2608 1782 μου
2667 1715 2744 1778 δὲ,
2791 1715 2949 1774 κάντὶ
3007 1713 3125 1778 τοῦ,
3157 1714 3486 1780 ὲγνωσμένε,
3535 1715 3877 1784 γνησιώτατι

2327 1819 2448 1870 μου.

753 1883 910 1936 Vnus.
943 1885 1024 1937 15.
1051 1883 1147 1948 Qui
1179 1885 1336 1937 simul
1364 1902 1561 1936 mecum
1586 1885 1901 1939 dulcorabas
1927 1887 2085 1938 cibos.
2113 1886 2215 1950 Qui

2389 1895 2493 1946 Kal
2520 1893 2834 1945 ἐπιτοαυτό
2879 1892 3214 1960 ἐγλύκανάς
3229 1911 3328 1962 μοι
3359 1893 3677 1962 ἐδέσματα.
3712 1896 3874 1947 Ἐπι-

677 1993 798 2028 cu-u
849 1991 954 2027 una
985 1991 1192 2028 mecum
1225 1990 1394 2038 esses,
1423 1977 1767 2038 dulcorabas,
1807 1979 1906 2031 hoc
1940 1986 2044 2037 est,
2079 1991 2217 2043 prte-

679 2067 909 2132 parabas
939 2066 1110 2118 cibos.
1145 2064 1276 2116 Nam
1306 2065 1451 2131 quod
1479 2077 1836 2132 praeparatur,
1873 2066 2081 2119 dulcius
2101 2081 2222 2118 sen-

690 2157 844 2208 titur.
899 2154 1000 2207 l‘cr
1058 2155 1207 2207 cibos
1269 2165 1444 2208 autem
1502 2155 1868 2222 evangelicum
1916 2154 2218 2207 doctrinam

680 2247 952 2311 intelligit,
999 2260 1104 2310 qua
1140 2243 1323 2297 ﬁdeles
1382 2243 1574 2296 anima:
1603 2237 1903 2297 alebantur.
1958 2244 2107 2297 llanc
2143 2252 2220 2296 ct-

677 2336 822 2390 enim
852 2335 1154 2388 doctrinam
1192 2333 1309 2400 ipse
1333 2334 1493 2386 etiam
1533 2333 1723 2396 ludas,
1768 2343 1954 2401 utpote
2004 2342 2225 2401 aposto.

681 2427 786 2488 lus,
811 2433 864 2478 et
890 2424 956 2476 ad
987 2421 1384 2492 praedicandum
1414 2422 1635 2484 missus,
1677 2432 1834 2475 antea
1865 2422 2215 2486 iluleoraliat,

683 2519 788 2570 Itoc
849 2524 977 2578 est,
1039 2524 1244 2582 gratam
1299 2524 1353 2568 et
1405 2515 1703 2582 jucundam
1755 2514 1972 2567 Clu-isto
2030 2514 2258 2567 rcdde-’

683 2610 795 2662 bat.
818 2609 821 2614 ⁷

757 2694 821 2746 In
849 2693 1000 2746 domo
1037 2691 1132 2766 Dei
1159 2692 1537 2745 antbuiavimus
1562 2709 1675 2744 cum
1723 2708 1990 2744 consensu.
2020 2691 2222 2744 Unani-

687 2787 865 2846 initer,
905 2783 1104 2851 inquit,
1135 2783 1188 2834 in
1221 2782 1476 2848 templum
1536 2780 1764 2848 profecti
1798 2797 2006 2834 sumus.
2038 2781 2112 2833 Te
2146 2793 2222 2834 et-

686 2872 830 2924 enim
874 2870 1006 2945 mibi
1043 2869 1176 2923 adeo
1233 2869 1555 2921 familiarem
1609 2869 1891 2930 habebam,
1921 2883 1977 2922 ut
2005 2884 2034 2922 a
2060 2869 2225 2922 latere

689 2977 808 3015 meo
839 2974 1112 3030 nunquam
1140 2969 1348 3028 paterer
1371 2959 1573 3012 divelli.

760 3073 919 3127 Vnus.
940 3073 1024 3128 l6.
1064 3074 1235 3127 Veniat
1271 3090 1404 3126 mors
1433 3089 1588 3139 super
1625 3088 1729 3125 eos.
1757 3071 1878 3126 ΙΙωο
1905 3073 2072 3140 igitur
2090 3087 2213 3127 cum

2320 1983 2534 2036 τοαυτό
2585 1982 2707 2055 μὲν,
2750 1982 2891 2044 ἀντὶ,
2946 1982 3042 2033 σὺν
3099 1982 3223 2050 ἐμοὶ
3279 1980 3389 2034 ὤν’
3422 1982 3872 2050 ἐγλύκαναςδὲ,

2320 2074 2437 2126 ἀντὶ
2461 2074 2576 2135 τοῦ,
2609 2072 2911 2133 ὲσκεύασας
2935 2088 2948 2100 ·
2977 2074 3085 2124 πᾶν
3106 2073 3213 2140 γάρ
3258 2071 3654 2143 σκευαζόμενον
3741 2072 3875 2141 ἠδύ-

2320 2179 2474 2230 τερον
2503 2165 2728 2229 γίνεται.
2761 2164 2826 2213 Ἦ
2855 2162 3123 2230 ἐδέσματα
3151 2163 3363 2230 νοήσεις
3394 2163 3491 2232 τὴν
3517 2162 3875 2215 διδασκαλίαν

2319 2253 2412 2306 τοῦ
2446 2253 2817 2323 κηρύγματος,
2846 2246 2889 2320 ᾧ
2919 2253 3206 2320 ὲτρέφοντο
3232 2254 3285 2304 αἱ
3317 2253 3484 2322 ψυχαὶ
3505 2253 3615 2306 τῶν
3646 2269 3876 2305 πιστευ-

2320 2346 2487 2398 όντων
2515 2363 2526 2375 ·
2562 2348 2762 2412 ταύτην
2785 2344 2842 2396 δὲ
2879 2344 2973 2396 καὶ
3029 2343 3226 2406 Ἰούδας
3253 2344 3327 2406 ὡς
3383 2344 3679 2406 ἀπόστολος
3706 2345 3869 2412 ὲγλύ-

2321 2455 2501 2501 κανεν,
2527 2438 2691 2506 ἠγουν
2724 2435 3078 2488 εὖαπὸδεκτον
3128 2436 3348 2504 ἐποίησε
3376 2435 3453 2505 τῷ
3482 2435 3721 2506 Χριστῷ.

2391 2696 2495 2748 Ἐν
2549 2694 2692 2764 οιχῳ
2726 2697 2832 2747 τοῦ
2888 2692 3034 2746 Θεοῦ
3086 2693 3486 2761 ἐπορεύθημεν
3505 2696 3574 2748 ἐν
3601 2697 3871 2764 ὁμονοίᾳ.

2323 2789 2414 2848 Ei;
2440 2788 2498 2839 τὸ
2528 2787 2687 2855 ἔργον
2713 2773 3084 2854 ἐπορεύθημεν
3103 2787 3520 2854 ὁμογνωμόνως.
3567 2788 3690 2850 Ἐπὶ
3741 2805 3873 2842 too-

2322 2874 2474 2926 οὖτον
2498 2873 2797 2943 ἀχώριστον
2823 2873 2916 2924 καὶ
2941 2875 3162 2943 γνήσιον
3189 2868 3355 2943 εἶχον,

2403 3069 2650 3124 Ἐλθέτω
2671 3068 2746 3136 δὴ
2769 3068 3023 3133 θάνατος
3046 3068 3138 3122 ἐπ’
3163 3071 3401 3135 αὐτούς.
3433 3071 3613 3125 Ταῦτα
3635 3072 3874 3142 προϊδὼν

687 3165 1024 3235 praevidisset
1059 3165 1245 3216 beatus
1286 3162 1476 3224 David,
1512 3162 1846 3230 imprecatnr
1879 3163 2135 3230 deinceps
2169 3163 2222 3216 in

2325 3159 2556 3222 ὁΔαόὶδ,
2610 3159 2879 3229 ἐπαρᾶται
2941 3158 3018 3228 τῷ
3074 3175 3133 3210 τε
3174 3157 3365 3229 Ἰούδᾳ,
3420 3162 3514 3212 καὶ
3557 3165 3666 3224 τοῖς
3727 3166 3874 3231 ἀμφὶ

685 3257 896 3317 ΔιιςΙοιιι,
935 3255 986 3306 ἱιι
1019 3253 1302 3320 Cnipliam.
1357 3252 1410 3304 in
1456 3251 1687 3316 Annam,
1722 3261 1878 3320 atque
1911 3253 1963 3305 in
1999 3260 2226 3307 caeteros

685 3347 885 3401 Christi
915 3343 1288 3398 interfectores
1320 3343 1558 3395 .ludzeos.

757 3456 825 3509 Et
859 3457 1171 3510 descendant
1196 3457 1244 3506 in
1267 3454 1526 3522 infernum
1556 3456 1800 3507 viventes.
1835 3455 1936 3507 Sed
1958 3457 2228 3523 quomodo

688 3549 1030 3603 descendent
1065 3548 1305 3600 \iventes
1343 3547 1393 3598 in
1442 3546 1732 3608 infernum,
1768 3546 1812 3600 si
1846 3562 2013 3613 mors,
2039 3551 2226 3615 ‘quam

691 3640 1017 3705 imprecatus
1071 3646 1175 3699 est,
1235 3637 1287 3688 in
1345 3653 1440 3690 eos
1487 3637 1734 3690 venerit?
1784 3636 1919 3701 Quia
1974 3639 2226 3690 nimirum

692 3739 876 3776 corum
925 3725 1089 3792 aliqui
1149 3725 1383 3777 violenta
1444 3734 1618 3778 morte
1661 3724 2002 3778 interimendi
2052 3708 2226 3777 erant.

691 3815 913 3869 Mortem
932 3816 1136 3877 ctenim
1157 3830 1262 3868 nou
1289 3815 1592 3869 naturalem
1615 3815 1850 3883 aliquam
1877 3813 2225 3882 imprecatur,

696 3907 781 3959 ςειΙ
817 3905 1124 3958 violentam.
1157 3906 1218 3958 Et
1249 3905 1336 3958 alii
1384 3905 1748 3959 Romanorum
1789 3906 1981 3957 timore
2007 3907 2058 3957 in
2092 3921 2226 3973 prie-

694 4007 848 4064 rupta
882 4011 1002 4050 sese
1037 3996 1408 4058 contulerunt,
1442 3997 1492 4048 in
1527 3995 1884 4063 cavernisque
1922 4003 1972 4048 et
2003 3997 2056 4049 in
2109 4010 2230 4063 spe-

692 4089 867 4143 luncis
892 4091 1095 4149 vixere,
1120 4086 1259 4139 fame
1290 4095 1336 4138 et
1365 4086 1452 4138 siti
1483 4095 1643 4153 atque
1668 4085 1954 4141 formidine
1983 4087 2228 4148 cruciati,

693 4182 825 4231 utin
858 4191 951 4231 sua
982 4177 1147 4229 refert
1175 4173 1446 4241 Joscpltus
1485 4173 1743 4227 Historia.
1784 4174 2100 4245 Huiusmodi
2135 4192 2231 4229 au-

693 4277 796 4322 tem
825 4267 1006 4320 foveas
1059 4280 1123 4318 ac
1153 4267 1438 4333 speluncas
1466 4263 1730 4332 Pmpheta
1761 4265 2021 4320 infernum
2047 4267 2230 4336 appel-

695 4357 848 4409 lavit.
874 4355 1005 4407 Nam
1040 4363 1092 4408 ct
1127 4356 1235 4408 illic
1266 4356 1478 4408 demum
1517 4356 1707 4422 sepulti
1747 4365 1892 4409 sunt.
1922 4357 2067 4410 Illius
2087 4359 2228 4412 enim

693 4449 816 4501 vita:
844 4447 1098 4501 duritiam
1140 4432 1243 4500 nan
1277 4447 1532 4509 terentes,
1567 4447 1687 4500 cibo
1711 4447 1904 4500 ibidem
1932 4450 2224 4515 perierunt.

695 4537 796 4588 Alii
853 4537 1062 4600 dicunt,
1113 4536 1280 4605 Quod,
1313 4552 1374 4589 ex
1413 4552 1522 4603 quo
1565 4545 1618 4591 et
1654 4536 1823 4591 Judaei
1874 4548 1927 4592 et
1961 4539 2230 4592 daemones

697 4626 920 4680 insidias
980 4619 1240 4680 adversus
1291 4624 1562 4678 Christum
1621 4627 1788 4679 moliti
1844 4636 1989 4690 sunt,
2034 4627 2232 4681 Judmis

697 4716 913 4782 quidem
970 4724 1195 4767 mortem
1248 4715 1575 4781 imprecatus
1647 4725 1766 4778 cst,
1836 4726 2062 4771 mortem
2111 4717 2230 4778 dico

699 4816 976 4870 poenarum
1009 4816 1070 4854 ac
1103 4803 1518 4870 suppliciorum,
1554 4794 1892 4859 (immunibus
1945 4820 2100 4861 vero.
2137 4805 2232 4859 dc-

698 4905 949 4943 scensum
975 4890 1038 4942 ad
1100 4889 1270 4943 infera
1328 4901 1482 4944 terra:
1537 4893 1784 4956 viscera;
1839 4895 2084 4964 quodque
2119 4877 2232 4948 litos

2264 4493 2304 4545 D

2323 3250 2411 3302 τὸν
2442 3251 2638 3303 Ἅνναν
2667 3252 2761 3302 καὶ
2804 3251 3076 3317 Καϊάφαν,
3131 3249 3528 3319 χριστοριτόνοις
3570 3251 3870 3314 Ἰουδαίοις.

2397 3454 2500 3507 Kal
2533 3433 2958 3515 καταὸήτωσαν
2983 3451 3064 3513 εις
3093 3447 3239 3514 ᾅδου
3263 3447 3488 3510 ζῶντες.
3513 3450 3620 3502 Καὶ
3650 3451 3698 3501 εἱ
3725 3449 3872 3502 ἔλθοι

2327 3544 2552 3605 θάνατος
2607 3541 2939 3604 ὲπάὑτοὺς,
3004 3539 3121 3600 πῶς
3179 3537 3574 3607 καταϐήσονται
3631 3541 3712 3602 εἷς
3742 3540 3872 3610 ᾅδου

2325 3636 2561 3699 ζῶντεςς
2593 3634 2713 3684 Ὅτι
2743 3633 2791 3682 ol
2826 3632 2922 3698 μὲν
2957 3629 3132 3682 αὐτῶν
3186 3629 3374 3698 βιαίως
3433 3629 3698 3682 ἀπέθανον
3723 3646 3737 3660 ’
3769 3632 3870 3684 θά-

2327 3741 2482 3778 νατον
2504 3722 2630 3792 γὰρ,
2655 3723 2714 3773 οὐ
2745 3720 2834 3773 τὸν
2857 3719 2994 3772 κατὰ
3017 3719 3194 3786 φύσιν,
3228 3719 3361 3771 ἀλλὰ
3389 3719 3478 3771 τὸν
3504 3719 3608 3770 ἀπὺ
3635 3719 3873 3788 ἀγχόνης

2327 3818 2420 3870 καὶ
2447 3815 2699 3882 πολέμου.
2753 3813 2848 3865 καὶ
2877 3812 2928 3864 εἷ
2954 3829 3035 3873 τις
3059 3811 3259 3878 τρόπος
3307 3811 3538 3878 nupti;-
3569 3811 3617 3862 οῐ
3648 3811 3727 3875 δὲ,
3762 3813 3877 3864 ὑπ’)

2326 3909 2422 3976 τῆς
2450 3898 2690 3972 ἀνάγκης
2715 3905 2808 3955 καὶ
2829 3901 2920 3953 τοῦ
2961 3899 3266 3968 Ῥωμαϊκοῦ
3297 3899 3550 3967 πολέμου,
3583 3902 3662 3962 εἰς
3691 3918 3882 3970 κρημ-

2329 3999 2415 4051 νὸν
2447 3997 2640 4058 αὐτοὺς
2669 3993 2930 4060 καθῆκαν,
2961 3989 3054 4042 καὶ
3085 3989 3271 4055 διῆγον
3299 3989 3458 4056 ὲν,τῷ
3489 3990 3670 4060 λάκκῳ
3706 3991 3880 4061 μέχρι

2331 4085 2544 4148 πολλοῦ,
2567 4085 2730 4152 λιμῷ,
2759 4083 2850 4134 καὶ
2878 4081 3026 4151 δίψῃ,
3057 4082 3148 4133 καὶ
3172 4081 3319 4149 φόϐῳ
3345 4082 3876 4148 ταλαιπωρούμενοι,

2330 4176 2510 4236 καθὼς
2552 4175 2810 4243 Ἰώσηπος
2847 4173 3080 4240 ἱστορεῖο
3114 4171 3192 4223 διὸ
3226 4172 3318 4223 καὶ
3344 4171 3474 4242 ᾅδην
3525 4171 3616 4224 τὸν
3681 4170 3879 4240 β’ῐθρον

2329 4268 2584 4320 ἐκάλεσεν
2605 4283 2618 4295 ·
2645 4265 2766 4316 ἐπεὶ
2805 4266 2896 4317 καὶ
2928 4265 3096 4333 τάφος
3117 4264 3301 4325 αὐτοῖς
3359 4263 3593 4330 ἐγένετο,
3639 4262 3876 4332 διαφθα-

2332 4362 2500 4430 ρεῖσιν
2535 4359 2593 4409 ὲν
2623 4357 2816 4424 ὲκεξνῳ
2869 4356 3010 4408 κατὰ
3071 4356 3286 4424 μικρόν.
3321 4357 3479 4416 Τινὲς
3509 4355 3565 4406 δὲ
3598 4355 3876 4422 λέγουσιν.

2332 4435 2405 4512 αἷς
2431 4451 2551 4502 ἐπεὶ
2582 4449 2657 4516 τῷ
2682 4446 2896 4516 κριστῷ
2926 4447 3020 4498 καὶ
3043 4446 3345 4498 οἱἸουδαίοι
3373 4447 3881 4518 ἐπεϐούλευονκκαὶ

2333 4543 2379 4592 οἱ
2401 4541 2650 4608 δαίμονες
2674 4555 2689 4569 ο
2728 4533 2972 4598 ’ἐκείνοις
3003 4536 3102 4605 μὲν
3155 4537 3464 4604 ἐπηράσατο
3488 4536 3591 4601 τὸν,
3618 4535 3877 4599 θάνατον,

2327 4631 2414 4682 τὸν
2448 4619 2816 4697 τιμωρητικόν
2837 4643 2851 4658 ·
2883 4628 2993 4688 τοῖς
3023 4626 3238 4694 δαίμοσι
3268 4627 3343 4689 δὲ,
3373 4626 3467 4696 τὴν
3495 4628 3574 4688 εἰς
3601 4627 3666 4679 τά
3697 4643 3878 4679 xora-

2329 4721 2516 4789 χθόνια
2566 4717 2880 4784 διαγωγήν*
2917 4717 3136 4777 τούτους
3186 4716 3240 4767 δὲ
3272 4717 3492 4769 καλέσαι
3538 4715 3761 4781 ζῶντας,
3791 4717 3879 4777 ὡς

2331 4809 2648 4869 ἀθανάτους.
2702 4805 3133 4871 Καταόήτωσαν
3183 4806 3311 4876 γάρ,
3367 4808 3548 4878 φησιν,
3590 4811 3674 4871 εις
3723 4805 3876 4870 ᾅδου

2333 4897 2566 4963 ζῶντες,
2597 4899 2685 4950 διὰ
2702 4897 2801 4963 τὴν
2827 4895 3008 4962 φύσιν.
3087 4913 3098 4929 ι

697 4981 972 5035 daemones
1013 4981 1264 5036 viventes
1309 4982 1623 5051 appellavit,
1673 4985 1837 5039 veluti
1887 4987 2243 5042 immortales.
2280 4987 2628 5055 Descendunt,
2671 4991 2865 5060 inquit,
2901 4990 2955 5042 in
2989 4989 3246 5048 infernum
3271 4988 3509 5049 viventes,
3557 4986 3710 5068 juxta
3774 4996 3878 5036 eo-

701 5085 818 5123 rum
850 5082 1114 5142 naturam.

769 5187 1033 5250 Quoniam
1064 5187 1266 5240 malitia
1295 5190 1345 5241 in
1375 5190 1692 5243 habitaculis
1741 5207 1942 5257 eorum,
1973 5194 2029 5246 in
2063 5188 2231 5247 medio

699 5293 896 5331 eorum.
936 5277 1200 5340 Quoniam
1241 5280 1444 5332 malitia
1478 5292 1733 5334 versatur
1773 5282 1825 5336 in
1859 5299 2046 5338 eorum
2078 5284 2232 5336 habi-

701 5367 891 5421 taculis
923 5375 1080 5433 atque
1113 5369 1164 5420 in
1192 5368 1366 5422 media
1383 5384 1569 5424 eorum
1596 5373 1813 5426 civitate
1838 5390 1852 5438 ;
1880 5389 1942 5428 ac
1971 5375 2018 5430 si
2048 5375 2190 5429 dicat
2214 5393 2228 5429 :

702 5458 896 5509 Eorum
942 5457 1144 5508 malitia
1180 5474 1286 5511 non
1334 5467 1542 5514 tantum
1568 5461 1620 5514 in
1641 5463 1932 5531 superﬁcie
1959 5474 2044 5520 est
2071 5477 2232 5534 atque

699 5547 1060 5610 extrinsecus,
1094 5547 1188 5599 sed
1221 5550 1276 5601 in
1308 5549 1504 5615 medio,
1539 5551 1640 5608 hoc
1671 5562 1776 5612 est;
1832 5553 1886 5607 in
1939 5535 2227 5628 profundo,

805 5727 847 5756 '°
882 5725 1022 5779 l‘sal.
1056 5741 1199 5788 κων,
1236 5725 1315 5777 i7.

2410 5172 2536 5248 ’ότι
2558 5191 2812 5259 πονηρία
2832 5191 2901 5243 ἐν
2932 5190 3056 5253 ταῖς
3096 5201 3428 5253 παροικιαις
3569 5162 3736 5253 μεζσῷ
3764 5185 3878 5238 αὐ-

2330 5286 2466 5340 τῶν.
2501 5284 2646 5337 Διότι
2679 5281 2914 5350 πονηρία
2947 5277 3358 5348 ὲμπολιτεύεται
3383 5277 3505 5336 ταῖς
3531 5276 3588 5326 ὲν
3609 5277 3673 5342 τῇ
3710 5273 3878 5327 πόλει-

2329 5374 2637 5445 παροικίαις
2665 5372 2840 5424 αὐτῶν
2863 5384 2887 5399 θ
2910 5369 3003 5424 καὶ
3029 5369 3134 5439 γάρ
3165 5367 3260 5420 οὐκ
3289 5365 3629 5431 ἐπιπόλαιον,
3665 5363 3870 5437 ἀλλ’ρν

2329 5465 2500 5534 μέσῳ,
2527 5462 2801 5515 τουτέστιν
2830 5463 2908 5521 εἰς
2945 5457 3124 5528 βάθος,
3152 5461 3208 5511 ἒν
3235 5459 3350 5518 ταῖς
3380 5451 3626 5521 καρδίαις
3659 5452 3864 5508 αὐτῶν.

2327 5555 2628 5624 Παροικξας
2683 5554 2738 5605 δὲ
2791 5549 2943 5604 εἶπεν
2983 5550 3081 5615 τὰς
3127 5549 3406 5611 κατοικίας
3459 5546 3658 5611 αὐτῶν,
3685 5545 3773 5599 διὰ
3801 5543 3869 5596 τὸ
