4124 6326
686 412 791 474 5‘33

1886 395 2263 473 EUTHYMII
2303 406 2675 468 ZIGABENI.

3793 394 3907 462 584

697 531 840 580 Deus
904 531 1224 592 potestatem
1297 538 1358 578 ac
1448 522 1591 578 vires
1646 537 1775 578 suas
1829 523 1884 576 in
1944 520 2241 590 puniendo,

2358 515 2654 580 Ἐξέτεινεν
2702 517 2728 567 ὁ
2787 514 2921 577 θεὸς
2970 513 3069 584 τὴν
3119 510 3444 581 κολαστικὴν
3499 511 3665 564 αὐτοῦ
3739 509 3902 563 δύνα-

694 624 750 670 υι
799 616 1066 684 condigna
1102 613 1359 668 nimirum
1393 614 1774 683 peccatoribus
1811 612 2078 667 retribuat
2108 627 2238 667 suo-

689 707 868 775 pliria.
2055 712 2059 716 ”

759 796 921 850 Ἦλις.
952 797 1038 849 2:2.
1073 796 1497 864 Profanarerunt
1529 802 1899 848 testamentum
1932 797 2066 863 ejus.
2109 793 2239 848 Sani

688 896 738 940 et
773 887 1066 953 complices
1113 885 1561 952 profanaverunt,
1608 885 1708 938 hoc
1753 894 1874 946 est,
1913 891 2240 953 spreverunt

691 980 859 1047 legem
922 978 1036 1040 Dei,
1097 993 1202 1045 qua
1266 980 1554 1029 mandatur
1607 994 1620 1028 :
1684 976 1881 1044 Diliges
1947 976 2240 1042 proximum

693 1081 840 1120 tuum
877 1070 938 1130 ",
980 1077 1033 1120 et
1077 1069 1180 1119 alia
1215 1065 1548 1134 huiusmodi.
1585 1067 1787 1119 Christi
1821 1075 1997 1117 autem
2032 1063 2241 1117 occiso-

692 1173 780 1211 res
809 1155 1128 1225 spreverunt
1161 1157 1536 1223 Evangelium.
1590 1155 1883 1210 Profanum
1927 1167 2106 1208 autem
2149 1170 2243 1222 ap-

691 1247 942 1313 pellatur,
975 1246 1116 1313 quod
1147 1260 1433 1298 commune
1465 1255 1547 1298 est
1581 1257 1633 1298 et
1660 1261 1762 1298 non
1800 1260 2039 1300 sacrum.

769 1339 1079 1390 Divisisunt
1115 1337 1178 1389 ab
1218 1339 1300 1405 ira
1351 1339 1524 1391 vultus
1558 1338 1690 1404 ejus,
1717 1345 1763 1388 et
1798 1338 2242 1404 appropinquare-

696 1438 816 1481 runt
851 1429 1010 1480 corda
1035 1445 1235 1482 eorum.
1261 1426 1455 1490 Judaei,
1487 1427 1684 1494 inquit,
1720 1427 1879 1480 divisi
1915 1436 2039 1478 sunt
2067 1427 2134 1476 ali
2164 1425 2242 1477 ira

695 1519 876 1571 vultus
909 1519 1137 1578 Christi,
1189 1520 1316 1586 quia
1361 1532 1483 1571 eum
1519 1515 1744 1568 Romani
1776 1532 1870 1568 eos
1911 1516 2245 1578 obsiderent,

697 1612 838 1663 inter
873 1627 929 1664 se
960 1611 1118 1664 divisi
1167 1618 1315 1664 sunt.
1375 1608 1607 1673 Quidam
1643 1611 1784 1662 enim
1845 1623 2030 1660 eorum
2066 1608 2152 1660 illa
2188 1621 2247 1660 se

698 1703 805 1768 pali
847 1701 1103 1754 dicebant
1139 1709 1360 1769 propter
1389 1699 1691 1759 Christum,
1759 1699 1900 1750 inter
1947 1714 2085 1766 quos
2130 1705 2248 1749 erat

701 1791 990 1861 Josephus,
1017 1792 1108 1859 qui
1142 1791 1303 1846 etiam
1336 1789 1388 1842 in
1420 1790 1510 1842 illo
1537 1804 1698 1856 opere
1739 1803 1840 1842 suo
1865 1789 1933 1841 de
1976 1803 2248 1856 expugna-

700 1882 846 1933 tione
876 1880 1198 1944 Jerusalem,
1229 1879 1505 1932 Christum
1544 1877 1653 1930 fere
1689 1876 1854 1930 Deum
1877 1893 1993 1931 esse
2021 1870 2248 1930 testatus

703 1981 806 2024 est.
844 1968 906 2021 Et
942 1970 1106 2022 corda
1157 1984 1344 2022 eorum
1398 1969 1609 2022 veritati
1658 1969 2248 2036 appropinquaverunt,

704 2062 829 2122 dum
863 2061 1191 2124 cogitarent.
1219 2059 1362 2126 quod
1395 2059 1646 2111 Christus
1675 2068 1820 2112 esset
1854 2057 2014 2112 Deus.
2044 2060 2250 2127 Appro-

707 2153 965 2219 pinquare
1011 2150 1152 2204 enim
1192 2151 1266 2202 illi
1323 2150 1582 2203 dicuntur
1633 2149 1867 2212 veritati,
1902 2150 2014 2218 'qui
2057 2150 2247 2203 saltem

700 2243 948 2295 dubitare
975 2243 1267 2309 incipiunt.
1764 2256 1767 2259 '

773 2333 959 2386 Molles
1001 2336 1130 2400 {acti
1158 2344 1278 2386 sunt
1303 2350 1480 2386 eorum
1508 2350 1767 2386 sermones
1801 2349 1954 2399 super
1981 2334 2170 2394 oleum,
2198 2340 2250 2385 et

699 2426 797 2490 ipsi
818 2435 936 2478 sunt
959 2425 1164 2491 jacula.
1190 2423 1300 2478 Hoc
1326 2426 1389 2478 de
1415 2425 1668 2479 omnibus
1699 2425 1897 2477 Christi
1934 2425 2248 2478 interfecto-

702 2515 852 2567 ribus
881 2518 935 2566 in
964 2515 1275 2568 universum
1304 2507 1508 2566 dictum
1528 2523 1655 2570 est_:
1689 2514 1778 2581 qui
1811 2523 2100 2580 antequam
2125 2526 2247 2565 eum

701 2606 1033 2669 occiderent,
1077 2607 1301 2660 blandos
1351 2606 1400 2658 ei
1475 2620 1537 2660 ac
1571 2607 1715 2659 leves
1747 2620 2025 2660 sermones
2065 2606 2250 2672 loque-

705 2698 919 2759 bantur,
956 2697 1126 2750 llabbi
1156 2713 1276 2749 eum
1332 2698 1688 2765 appellantes.
1726 2705 1777 2750 et
1808 2697 2049 2750 dicentes
2094 2715 2106 2749 :
2142 2694 2252 2749 Sci-

698 2805 814 2840 mus
847 2789 968 2854 quia
998 2803 1153 2840 verax
1174 2804 1245 2851 es,
1267 2798 1314 2841 et
1336 2788 1542 2840 verbum
1569 2788 1662 2841 Dei
1689 2790 1740 2840 in
1770 2789 1981 2841 veritate
2014 2788 2163 2839 dcces
2186 2787 2249 2850 ",

700 2888 753 2930 et
789 2878 892 2930 alia
927 2878 1259 2945 hujusmodi.
1302 2879 1402 2942 Qui
1435 2888 1613 2932 tamen
1646 2895 1702 2931 re
1737 2880 1847 2947 ipsa
1877 2887 2029 2931 erant
2085 2878 2250 2931 veluti

703 2969 1018 3022 acutissima
1048 2969 1290 3034 quietiam
1321 2969 1518 3036 jacula,
1558 2981 1608 3022 et
1641 2970 1784 3022 illius
1806 2972 2123 3037 sanguinem
2152 2983 2248 3037 ap-

710 3060 987 3126 petebant.
1025 3059 1135 3112 Dici
1186 3061 1349 3112 etiam
1384 3069 1611 3128 possunt
1640 3060 1749 3111 haec
1782 3060 1943 3112 verba
1970 3058 2035 3111 de
2065 3057 2246 3119 Saule,

2345 624 2458 675 μιν,
2486 607 2578 658 ἐπὶ
2607 605 2684 675 τῷ
2714 605 3024 658 ἀποδιδόναι
3057 604 3240 666 αὐτοῖς
3286 603 3382 672 τὴν
3421 599 3780 672 ὀφειλομένην
3810 618 3902 653 τιο

2344 696 2578 764 μωρίαν.

2425 786 2845 854 Ἐὅεϐήνῑωσαν
2873 786 2987 853 τὴν
3016 786 3309 853 διαθήκην
3332 785 3616 838 αὑτοῦ.Οί
3645 800 3710 834 πε
3723 783 3773 851 pl.
3809 783 3906 835 τὸν

2345 877 2515 937 Σαοὺλ
2579 879 2697 946 μὲν,
2757 878 3122 948 ὲεεῦήλωσαν,
3151 881 3326 930 εἴτουν
3351 877 3786 950 περιεφρόνησαν
3807 875 3907 927 τὸν

2344 970 2528 1037 νόμον,
2553 971 2611 1030 ὃς
2641 986 2809 1038 φησιν
2835 987 2848 1000 ·
2881 969 3238 1038 Ἀγαπήσεις
3295 969 3401 1020 τὸν
3465 969 3730 1032 πλησίον
3761 982 3906 1028 σου,

2342 1059 2440 1123 καὶ
2467 1061 2566 1112 ὅσα
2596 1061 2817 1111 τοιαῦτα
2839 1074 2852 1088 ·
2877 1061 2925 1110 οἱ
2949 1060 3001 1110 δὲ
3027 1059 3418 1126 χριστοκτδνοι,
3450 1056 3509 1108 τὸ
3550 1054 3906 1122 Εὑαγγέλιον.

2344 1150 2578 1220 Βέὕηλον
2611 1151 2738 1218 γὰρ,
2774 1150 2833 1202 τὸ
2857 1150 3031 1203 κοινὸν
3057 1149 3148 1201 καὶ
3178 1149 3411 1218 ἀνίερον.

2417 1332 2886 1401 Διεμερὶσθησαν
2923 1328 3038 1382 ἀπὸ
3071 1325 3250 1394 ὀργῆς
3282 1325 3386 1378 τοῦ
3421 1321 3742 1390 προσώπου
3793 1323 3911 1376 αὐ-

2346 1426 2473 1485 τοῦ,
2505 1423 2600 1476 καὶ
2638 1421 2893 1492 ἤγγισαν
2923 1422 2980 1470 at
3012 1417 3242 1482 καρδίαι
3277 1414 3495 1468 αὐτῶν.
3567 1413 3698 1464 Ἀπὸ
3737 1412 3912 1480 ὀργῆς

2347 1517 2546 1588 δηλαδὴ
2599 1514 2693 1567 τοῦ
2735 1495 3000 1580 Χριστοῦ·
3058 1507 3152 1559 τοῦ
3192 1507 3501 1576 Ῥωμαϊκοῦ
3536 1507 3639 1572 γὰρ
3669 1504 3910 1571 πολέμου

2351 1605 2767 1674 πολιορκοῦντος
2821 1600 3041 1662 αὐτοὺς,
3099 1597 3556 1666 διεμερίσθησαν·
3607 1595 3749 1655 τινὲς
3796 1592 3912 1660 γὰρ

2350 1699 2509 1753 αὑτὸν
2564 1696 2749 1762 ἔλεγον
2809 1692 2895 1745 διὰ
2928 1692 3017 1744 τὸν
3056 1675 3261 1758 Ἰησοῦν
3321 1689 3492 1740 ταῦτα
3535 1688 3785 1754 πάσχειν,
3829 1677 3912 1736 ὧν
3969 1751 3973 1753 Α

2351 1785 2432 1852 εἷς
2458 1785 2526 1858 ἦν
2557 1786 2648 1838 καὶ
2676 1785 2956 1851 Ἰώσηπος,
2985 1780 3179 1852 μικροῦ
3209 1779 3341 1832 Θεὸν
3375 1779 3536 1830 αὑτὸν
3564 1777 3913 1844 ὁμολογήσας

2351 1883 2409 1933 ἐν
2438 1883 2504 1949 τῇ
2542 1878 2707 1946 βίϐλῳ
2741 1875 2837 1941 τῆς
2874 1873 3126 1935 ἁλώσεως
3142 1870 3517 1940 Ἰερουσαλήμ.
3543 1867 3650 1919 Καὶ
3676 1861 3914 1934 ἤγγισαν

2351 1971 2408 2022 αἱ
2460 1967 2673 2036 καρδίαι
2735 1964 2914 2017 αὐτῶν
2965 1966 3028 2032 τῇ
3082 1961 3330 2030 ἀληθείᾳ,
3386 1958 3773 2024 λογιζομένων,
3828 1954 3913 2005 ὅτι

2350 2065 2482 2125 ἴσως
2510 2061 2639 2122 Θεὸς
2661 2052 2728 2129 ἦν
2760 2072 2774 2090 ⁸
2824 2055 3060 2124 ὲγγύτης
3086 2053 3215 2123 γὰρ,
3238 2052 3264 2102 ὁ
3293 2049 3626 2116 ἐνδοιασμός.
3698 2110 3701 2111 ν

2435 2334 2908 2396 Ἦπαλύνθησίιν
2933 2327 2985 2376 οι
3002 2324 3165 2390 λόγοι
3189 2317 3386 2374 αἰιτῶν
3400 2323 3548 2385 ὑπερ
3564 2319 3792 2379 alacer,
3811 2322 3912 2366 και

2352 2428 2521 2482 αὐτοί
2539 2427 2655 2477 εἱσι
2675 2419 2940 2484 βονὶίδες.
2965 2413 3132 2466 Τοῦτο
3192 2409 3383 2470 κοινῶς
3415 2409 3541 2477 περὶ
3571 2408 3788 2457 πάντων
3803 2404 3916 2454 τῶν

2354 2516 2769 2591 χριστοκτόνων·
2791 2510 2840 2560 οἳ
2869 2508 2974 2576 πρὸ
2997 2504 3089 2557 τοῦ
3122 2503 3330 2579 ἀνελεῖν
3352 2499 3510 2551 αὑτὸν
3543 2499 3598 2548 ἐν
3623 2493 3916 2562 ὑποκρίσει

2356 2582 2546 2676 λύγους
2581 2603 2728 2671 αύτῷ
2779 2599 3116 2668 προσέφερον
3144 2592 3402 2653 ἁπαλοὺς,
3447 2587 3641 2640 Ῥαίὸὶ
3693 2582 3921 2636 καλοῦν-

2354 2673 2444 2763 τες
2486 2702 2580 2751 καὶ
2630 2697 2918 2762 λέγοντες·
2972 2688 3228 2752 Οἴδαμεν
3295 2683 3382 2733 ὅτι
3451 2677 3685 2743 ἀληθὴς
3711 2673 3784 2738 εἷ,
3815 2674 3918 2727 καὶ

2355 2793 2469 2858 τὴν
2502 2789 2643 2841 ὁδὸν
2682 2782 2785 2836 τοῦ
2824 2779 2968 2834 Θεοῦ
2996 2778 3065 2828 ἐν
3096 2774 3342 2839 ἀληθείᾳ
3369 2770 3694 2858 διδάσκεις,
3728 2770 3821 2858 και
3848 2768 3920 2817 τὰ

2355 2879 2603 2932 τοιαῦτα.
2635 2874 2798 2925 Αὐτοὶ
2829 2871 2881 2922 δὲ
2904 2866 3042 2939 ἦσαν
3073 2868 3218 2918 ἔνδον
3239 2860 3552 2929 ἠκονημένα
3588 2857 3738 2925 βέλη,
3786 2857 3920 2923 ὀρεο

2359 2972 2564 3037 γόμενα
2589 2964 2686 3017 τοῦ
2720 2963 2947 3031 αἵματος
2981 2953 3166 3009 αὑτοῦ.
3193 2954 3419 3019 Λέγοιτο
3451 2948 3494 3000 δ’
3519 2949 3584 3000 ἂν
3615 2947 3786 2997 ταῦτα
3819 2939 3921 2996 καὶ

2360 3064 2485 3130 περ-ι
2534 3058 2628 3110 τοῦ
2656 3056 2848 3118 Σαοὺλ,
2875 3037 3395 3119 ὃςύποκρινόμενπ
3450 3041 3636 3106 ἔλεγε⁹
3695 3036 3922 3089 Τέκνον

700 3144 793 3216 qui
828 3148 1111 3218 Prophetas
1145 3159 1332 3201 nostro
1369 3151 1582 3212 blande,
1624 3151 1716 3202 sed
1751 3151 2001 3203 simulate
2028 3150 2248 3218 loquens

2357 3149 2551 3211 Δαϐὶδ,
2584 3144 2697 3200 καὶ]
2716 3148 2769 3198 ei
2794 3160 2845 3193 τι
2878 3139 3136 3193 τοιοῦτον.

701 3239 910 3292 dicebat
941 3257 954 3291 :
993 3237 1098 3291 Fili
1131 3239 1319 3305 David,
1349 3249 1402 3293 et
1431 3241 1534 3294 alia
1565 3242 1899 3311 ltujusmodi.

777 3329 936 3384 Vens.
963 3330 1050 3384 “25.
1083 3329 1240 3383 Jacta
1302 3334 1585 3400 cogitatum
1642 3343 1787 3384 tuum
1836 3334 1888 3383 in
1930 3331 2169 3392 Domino,
2203 3338 2251 3382 et

702 3422 812 3487 ipse
846 3431 893 3474 te
928 3423 1172 3474 enutriet.
1205 3422 1486 3486 Omnibus,
1528 3422 1619 3492 qui
1656 3422 1868 3476 insidiis
1901 3425 2248 3490 impetuntur,

705 3525 1049 3565 communem
1100 3512 1526 3589 admonitionem
1570 3513 1788 3581 praebet.
1832 3513 1947 3578 Ipse
1973 3513 2138 3574 enim,
2170 3511 2252 3564 in-

708 3603 842 3670 quit,
878 3603 1158 3667 Dominus,
1191 3604 1234 3657 si
1271 3604 1320 3658 in
1346 3619 1409 3659 eo
1434 3604 1678 3660 fiduciam
1715 3603 1987 3668 habueris,
2021 3604 2256 3657 enutriet

713 3703 761 3746 te
790 3711 804 3756 ;
840 3695 979 3762 quod
1017 3696 1061 3750 si
1094 3697 1313 3759 nutriet,
1347 3696 1535 3749 ind’uet
1564 3696 1724 3748 etiam
1752 3711 1768 3757 ;
1828 3703 1880 3748 et
1938 3695 1984 3748 si
2047 3694 2252 3757 induet,

706 3785 980 3856 custodiet
1009 3786 1231 3854 insuper
1251 3793 1305 3838 et
1332 3786 1604 3839 liberabit.

777 3874 899 3928 Non
940 3875 1085 3928 dabit
1116 3881 1169 3928 in
1205 3876 1456 3930 sarculum
1491 3877 1884 3945 ﬂuctuationem
1934 3876 2099 3943 justo.
2137 3870 2255 3926 Non

708 3966 772 4018 ad
801 3967 1052 4028 multum,
1085 3967 1283 4037 inquit,
1337 3977 1553 4036 tempus
1582 3968 1731 4022 dabit
1760 3968 1907 4036 justo
1960 3977 2256 4034 tempesta-

710 4070 839 4120 tem,
868 4068 956 4111 aut
989 4061 1292 4126 procellam
1312 4061 1696 4113 tentationum.
1731 4060 1821 4111 Ait
1850 4059 1995 4110 enim
2023 4058 2257 4126 Aposto-

708 4149 793 4201 lus
846 4163 859 4198 :
897 4149 1094 4202 Fidelis
1130 4148 1289 4213 Deus,
1321 4151 1410 4218 qui
1465 4167 1564 4203 non
1607 4151 1864 4216 permittet
1927 4164 2017 4201 nos
2066 4149 2256 4200 tentari

710 4257 872 4306 supra
930 4240 1002 4304 id,
1059 4241 1199 4307 quod
1259 4255 1538 4307 possumus
1569 4242 1636 4292 ιδ.
1678 4241 1824 4292 Dixit
1877 4250 2053 4292 autem
2091 4237 2257 4290 Deum

710 4345 817 4382 non
850 4330 1101 4382 daturum
1136 4331 1483 4393 Ientationes,
1533 4347 1642 4384 non
1689 4333 1812 4398 quia
1870 4329 1984 4398 ipse
2039 4342 2130 4381 eas
2165 4329 2261 4380 im-

711 4421 907 4483 mittat,
959 4420 1063 4475 sed.
1094 4421 1222 4490 quia
1258 4423 1583 4489 permittens
1617 4436 1709 4475 eas
1739 4436 1768 4474 a
1804 4420 2049 4474 daemone
2092 4419 2256 4472 nobis

706 4513 917 4576 inferri,
951 4512 1065 4581 ipse
1114 4513 1238 4568 illas
1263 4513 1672 4581 quodammodo
1702 4513 1912 4567 videtur
1941 4511 2254 4574 immittere,
2286 4499 2332 4554 ι)

707 4618 829 4658 cum
866 4603 1153 4670 prohibere
1186 4604 1457 4672 potuisset
1478 4611 1531 4658 et
1569 4618 1678 4656 non
1709 4604 2073 4671 prohibuerit.

778 4662 940 4745 Vsus.
968 4689 1056 4742 24.
1093 4688 1168 4742 Τιι
1189 4662 1402 4754 ἀιιιρηι,
1428 4689 1589 4753 Deus,
1621 4662 1837 4742 deduce:
1861 4705 1945 4742 eos
1978 4691 2033 4741 in
2049 4662 2260 4756 puteu’m

705 4781 966 4838 interitus.
1000 4781 1106 4835 Eos
1149 4781 1293 4843 dico,
1337 4782 1427 4850 qui
1479 4782 1741 4835 adversus
1789 4782 2104 4835 innocentes
2138 4791 2260 4838 ten-

707 4869 841 4928 dunt
871 4871 1118 4926 insidias.
1164 4868 1268 4924 Per
1299 4878 1519 4939 puteum
1568 4880 1746 4926 autem
1779 4871 2051 4936 interitus,
2078 4883 2259 4928 vastas
2296 4950 2298 4952 _

708 4961 969 5031 quasdam
1027 4976 1090 5015 ac
1117 4963 1279 5017 veluti
1315 4963 1383 5016 ob
1415 4962 1521 5016 loci
1568 4962 1992 5030 profunditatem
2040 4963 2266 5016 inevita-

709 5053 842 5110 biles
870 5067 1057 5124 ptenas
1088 5053 1374 5121 intelligit;
1408 5054 1537 5121 quia
1580 5053 1624 5107 si
1663 5051 1787 5120 quis
1819 5051 1872 5103 in
1903 5042 2126 5118 puteum
2169 5067 2264 5106 ce-

707 5141 923 5205 ciderit,
957 5157 1064 5194 non
1101 5142 1168 5196 de
1198 5140 1344 5195 facili
1381 5141 1533 5201 illinc,
1559 5142 1736 5194 exitus
1768 5147 1966 5208 pateat.

783 5230 899 5285 Viri
941 5232 1280 5301 sanguinum,
1322 5241 1370 5284 et
1403 5230 1575 5284 dolosi
1627 5246 1728 5283 non
1758 5228 2109 5283 dimidiabuut
2154 5229 2264 5283 dies

708 5336 858 5375 suos.
905 5320 1068 5388 Atqui
1111 5321 1171 5376 jn
1214 5319 1424 5388 psalmo
1473 5319 1871 5391 septuagesimo
1925 5317 2160 5370 secundo
2187 5317 2255 5370 de

711 5411 1022 5483 huiusmodi
1077 5411 1390 5465 hominibus
1452 5409 1720 5477 Propheta
1756 5410 1905 5473 dicit,
1957 5409 2099 5476 quod
2147 5407 2254 5461 dies

708 5501 850 5570 pleni
896 5502 1240 5557 invenientur
1276 5502 1343 5568 in
1394 5503 1495 5556 eis.
1531 5501 1730 5555 Verum
1786 5501 1859 5554 ibi
1908 5500 2095 5569 plenos
2140 5499 2257 5554 dies

709 5593 866 5659 dixit,
899 5593 1195 5660 respiciens
1229 5606 1335 5646 non
1376 5589 1442 5646 ad
1476 5591 1615 5657 vitae,
1645 5592 1742 5646 sed
1787 5590 1854 5645 ad
1886 5590 2136 5646 vitiorum
2195 5590 2260 5640 a'c

2435 3323 2782 3391 Ἐπίρῤιψον
2801 3317 2897 3371 ἐπὶ
2915 3316 3132 3380 Κύριον
3156 3311 3268 3377 τὴν
3298 3305 3590 3376 μέριμναν
3641 3317 3778 3391 σου,
3810 3300 3918 3353 και

2352 3419 2533 3480 αὐτός
2563 3390 2637 3465 σε
2686 3407 3007 3474 διαθρέψει.
3064 3401 3262 3469 Κοινὴν
3313 3402 3545 3450 ποιεῖται
3572 3395 3706 3462 πρὸς
3740 3390 3923 3442 ᾶπαν-

2351 3525 2450 3570 τας
2511 3499 3031 3568 ἐπιϐουλευομένους
3077 3492 3398 3562 παραίνεσιν
3427 3504 3438 3517 ·
3485 3486 3646 3545 αὐτὸς
3698 3483 3804 3550 γάρ
3857 3497 3922 3532 σε

2353 3594 2760 3667 διαορέψει,κα“ι
2773 3590 2911 3642 κατὰ
2946 3587 3104 3655 σῶμα
3132 3585 3224 3636 καὶ
3249 3582 3384 3635 κατὰ
3408 3577 3586 3648 ψυχήν
3612 3591 3623 3604 °
3652 3576 3702 3626 εί
3723 3574 3779 3667 δε
3799 3573 3924 3667 δια-

2355 3664 2564 3761 Θρέιῖιει,
2601 3692 2697 3739 καὶ.
2732 3684 2976 3736 ὲνδὺσειο
3013 3681 3060 3729 εἰ
3106 3677 3161 3728 δὲ
3187 3674 3280 3726 καὶ
3317 3673 3544 3734 ἐνδύσει,
3570 3669 3663 3720 καὶ
3685 3664 3920 3732 φυλάξει

2355 3784 2448 3837 καὶ
2479 3782 2722 3851 ῥύσεται.
3167 3769 3172 3775 ’

2433 3849 2514 3928 Οὗ
2545 3864 2846 3931 δώσειέῑς
2892 3867 3000 3917 τὸν
3043 3859 3229 3914 αιῶνα
3293 3855 3491 3909 σάλον
3546 3850 3624 3915 τῷ
3676 3849 3920 3909 δικαίῳ.

2357 3967 2430 4018 Ού
2484 3964 2642 4014 δώσει
2697 3961 2858 4026 μέχρι
2917 3951 3111 4006 πολλοῦ
3145 3948 3385 4000 κλύδωνα
3408 3943 3481 4013 τῷ
3525 3941 3750 4007 δικαίῳ⁶
3778 3943 3924 4006 φησι

2357 4057 2465 4125 γὰρ
2495 4055 2523 4105 ὁ
2561 4047 2908 4109 ’Δπόστολοῃ
2966 4045 3048 4095 ὅτι
3103 4038 3320 4100 Πιστὸς
3367 4038 3398 4087 ό
3457 4033 3631 4125 Θεὸς,
3680 4029 3747 4092 ὃς
3800 4029 3924 4125 οῦκ

2357 4119 2522 4200 ἐάσει
2558 4142 2708 4212 ἡμᾶς
2731 4134 3124 4206 πειρασθῆναι
3146 4129 3295 4194 ὑπὲρ
3319 4126 3348 4178 ὃ
3375 4123 3698 4190 δυνάμεθα.
3725 4119 3921 4212 έ-ᾲού

2360 4239 2537 4292 δώσει
2560 4209 2614 4287 at
2639 4230 2810 4293 εἶπεν,
2834 4231 2916 4280 ὅτι
2943 4219 3288 4292 παραχωρῶν
3311 4213 3611 4282 ἐπάγεσθαι
3658 4211 3763 4262 ὑπὸ
3799 4209 3926 4263 δια-

2345 4333 2514 4396 ,6όλου
2544 4328 2669 4388 τοὺς
2703 4319 3060 4391 πειρασμοὺς,
3123 4313 3271 4366 δοκεῖ
3327 4307 3489 4369 αὐτὸς
3513 4305 3734 4364 τούτους
3774 4301 3923 4354 ἑπά-

2361 4440 2500 4492 γειν,
2526 4421 2606 4473 ὅτι
2635 4415 2875 4471 κωλῦσαι
2903 4409 3220 4475 δυνάμενος,
3242 4401 3342 4454 οὐκ
3371 4398 3630 4452 ἐκώλυσε.
3719 4423 3737 4434 ρ

2432 4673 2514 4729 Σὺ
2554 4670 2643 4736 δὲ,
2681 4671 2713 4723 ό
2747 4666 2912 4732 Θεὸς,
2935 4660 3210 4725 κατάξεις
3235 4655 3455 4719 αὐτοὺς
3476 4671 3562 4717 εις
3576 4653 3760 4722 φρέαρ
3785 4651 3918 4704 δια-

2364 4765 2608 4839 φθορᾶς.
2650 4761 2788 4821 Τοὺς
2842 4752 3286 4811 ἐπιϐουλεύοντας
3320 4751 3431 4810 τοῖς
3469 4747 3668 4807 ἀθώοις
3695 4761 3708 4774 ·
3738 4744 3925 4839 ιρρέαρ

2362 4835 2472 4928 imp
2499 4855 2793 4925 διαφθορᾶς
2821 4845 2972 4904 εἶπεν
3004 4848 3062 4900 τὸ
3110 4845 3244 4916 βαθὺ
3276 4841 3368 4896 καὶ
3414 4841 3650 4908 ἄφυκτον
3703 4835 3802 4902 τῆς
3836 4850 3924 4885 τι·

2366 4951 2574 5022 μωρίας
2611 4967 2624 4980 ·
2648 4945 2890 5000 τοιοῦτον
2918 4941 3024 5010 γὰρ
3058 4939 3118 4990 τὸ
3148 4937 3346 5007 φρέαρ.

2436 5222 2684 5286 Ἀνόρες
2719 5211 2978 5281 αἱμάτων
3001 5207 3098 5261 καί
3131 5205 3476 5269 δολιότητος
3532 5217 3602 5253 ου
3627 5215 3712 5267 μη
3775 5196 3921 5262 ἡμι-

2364 5313 2631 5366 σεύσωσι
2656 5306 2760 5373 τὰς
2786 5302 3002 5373 ἡμέρας
3037 5297 3250 5353 αὐτῶν.
3284 5297 3392 5348 Καὶ
3442 5294 3546 5364 μὴν
3603 5296 3660 5346 ὲν
3711 5289 3789 5356 τῷ
3842 5286 3924 5357 op?

2364 5401 2564 5472 ψαλμῷ
2593 5398 2724 5468 περὶ
2748 5395 2856 5448 τεῶν
2887 5392 3141 5446 τοιούτων
3169 5390 3337 5457 λέγει,
3396 5388 3478 5439 ὅτι
3559 5381 3652 5435 καὶ
3703 5379 3923 5447 ἡμέραι

2365 5490 2612 5559 πλήρεις
2643 5484 3066 5555 εὑρεθήσονται
3090 5481 3157 5533 ἐν
3187 5480 3407 5546 αὐτοῖς.
3428 5477 3593 5546 Δῆλον
3624 5474 3715 5526 οὖν
3744 5473 3828 5524 ὅτι
3865 5474 3925 5524 ἐν

2368 5585 2558 5652 ἐκείνῳ
2589 5581 2811 5651 πλήρεις
2835 5577 2932 5640 τὰς
2959 5575 3167 5646 ἡμέρας
3209 5573 3399 5645 φησὶν,
3431 5569 3491 5622 οὐ
3538 5567 3674 5637 πρὸς
3719 5564 3924 5635 μέτρον

784 5780 826 5811 ¹¹
853 5779 1006 5834 Deut.
1035 5775 1206 5837 v1.5:
1249 5773 1438 5831 Matth.
1500 5789 1612 5838 xu,
1667 5774 1720 5830 9.
1801 5773 1842 5806 "
1877 5770 2064 5827 Matth.
2122 5783 2253 5832 ml,
2286 5767 2402 5846 16..
2448 5767 2490 5799 “
2522 5765 2534 5818 I
2563 5766 2687 5819 Cor.
2726 5781 2780 5830 ι,
2817 5760 2900 5814 15.
