4124 6326
636 264 753 330 ’587
1880 274 2265 334 EUTHYMII
2308 276 2675 338 ZlGABENI
3762 282 3872 347 588

638 380 824 445 etiam,
857 392 977 449 qua:
1010 390 1358 451 augmentum
1396 383 1533 439 sorti
1566 383 1810 453 apponit,
1854 391 2193 461 augmentum

2308 384 2423 453 τὴν
2449 385 2745 453 διαθήκην
2766 387 2975 453 αὐτοῦ,
3006 389 3126 443 ἀντὶ
3157 390 3249 444 τοῦ
3272 391 3381 463 (98)
3426 391 3870 464 Ἐξωλύθρευσαν.

641 468 909 540 signiﬁcat
944 471 1188 540 priorum
1240 474 1531 529 scelerum.
1563 472 1716 540 Quod
1746 488 1873 546 vero
1909 474 1982 528 ait
2012 490 2025 527 :
2068 472 2193 539 Quo-

2318 477 2589 545 Ἥγγισαν
2615 477 2670 530 δὲ
2696 480 2829 547 ἡμῖν
2863 482 2917 533 οιί
2952 481 3169 550 καρδίαι
3198 482 3399 548 αὐτῶν,
3430 485 3593 555 ἧτουν
3640 485 3711 538 τὰ
3752 486 3880 556 βου-

640 563 786 616 niant
826 563 871 615 si
921 563 1169 618 inimicus
1216 581 1358 619 nteus
1406 567 1769 621 maiedixissct
1821 565 1969 629 mihi,
2002 572 2058 620 et
2093 581 2193 634 qua

2315 566 2558 634 λεύματα
2590 567 2793 623 αὐτῶν.
2830 569 3247 647 Ἣπαὶεύνθησαν
3293 572 3430 641 ὄζοι
3481 576 3627 644 λόγοι
3674 577 3876 643 αὐτῶν,

638 660 943 721 sequuntur
974 667 1145 724 usque
1192 654 1260 709 ad
1287 657 1377 710 illa
1411 657 1610 710 verba:
1663 656 1845 710 Veniat
1894 672 2051 724 super
2092 656 2193 709 illo.

2316 658 2375 708 ἐν
2397 655 2472 724 τῷ
2499 657 2888 726 συμϐουλεύειν
2916 675 2932 691 ·
2964 662 3206 715 σαίνουσι
3235 664 3334 733 μὲν
3361 665 3468 735 γὰρ
3488 666 3547 719 τὸ
3573 667 3684 737 (99)
3737 685 3878 738 χρη-

640 759 799 809 mors,
830 743 976 800 dicta
1008 756 1136 800 sunt
1180 763 1245 801 ex
1294 763 1524 813 persona
1561 748 1761 803 Christi
1814 748 2081 802 adversus
2118 745 2184 800 .Iu

2319 746 2442 798 στόν
2476 764 2491 780 σ
2523 748 2813 822 τελευτῶσι
2843 752 2899 804 δὲ
2929 755 3005 814 είς
3036 756 3293 823 πονηρόν.

633 840 778 898 dam,
821 848 880 893 ut
934 838 1189 896 diximus.
1253 838 1433 892 Veniat
1484 850 1661 893 autem
1709 855 1850 892 mors
1877 852 2032 905 super
2065 853 2179 902 eos,
2216 837 2495 892 daemones
2524 840 2807 906 nimirum,
2841 842 2945 896 hoc
2974 849 3097 909 est,
3138 845 3207 897 ad
3272 846 3639 902 omnimodam
3712 865 3877 920 pror-

634 950 728 988 sus
761 934 1079 1003 redigantur
1112 934 1487 988 ineﬂicaciam.
1526 932 1592 986 Et
1625 929 1768 1000 quod
1802 932 2096 1001 sequitur:
2165 927 2230 981 Et
2304 930 2645 995 descendant,
2694 941 2827 997 etc.,
2882 931 2995 1001 jam
3070 938 3325 1003 superius
3383 941 3755 1007 exposuimus.
3806 940 3880 994 El

628 1030 772 1101 quod
826 1032 933 1083 ait:
963 1028 1226 1103 Quoniam
1281 1028 1492 1113 malitiu
1539 1028 1593 1079 in
1636 1023 1957 1111 habitaculis
1991 1039 2193 1091 eorum,
2235 1024 2343 1080 alio
2373 1025 2536 1080 modo
2567 1026 2669 1095 legi
2744 1036 2921 1096 potest
2964 1048 2977 1085 :
3029 1029 3288 1094 Quoniam
3331 1036 3538 1088 malitia
3608 1037 3663 1089 in
3689 1017 3875 1105 ⁸ρετι-

613 1122 1013 1193 Δθινὶηαιὶοηὶίηιε
1038 1137 1237 1176 eorum.
1268 1118 1470 1191 [Dictio
1504 1119 1653 1174 enim
1687 1118 1875 1174 Graeca
1925 1118 2188 1188 παροικία

2297 1118 2759 1197 eregrinationem
2820 1128 2877 1173 et
2922 1120 3221 1176 incolatum
3258 1124 3575 1196 signiticat.]
3640 1142 3737 1195 per
3780 1144 3876 1196 pe-

632 1217 1037 1285 regrinationes
1066 1215 1231 1284 igitur
1270 1204 1689 1273 daemoniorum,
1716 1210 1944 1264 illorum
1986 1210 2225 1265 insultus
2297 1216 2458 1276 atque
2508 1210 3067 1279 approninquationes
3119 1214 3414 1283 intelligit,
3476 1230 3612 1284 quas
3666 1218 3719 1271 in
3771 1232 3876 1273 nos

629 1309 863 1365 faciunt.
907 1306 1141 1363 Eosdem
1167 1305 1332 1361 etiam
1363 1317 1487 1359 esse
1516 1301 1793 1372 intelligit,
1862 1314 2001 1371 quos
2076 1298 2582 1369 apprOpittquitates
2630 1302 2917 1369 appellat:
2980 1316 3047 1356 co
3091 1304 3491 1374 quod'impetu
3539 1321 3759 1378 semper
3814 1311 3870 1362 in

628 1418 727 1457 nos
794 1401 1173 1457 l‘erunturzet
1201 1399 1347 1469 quod
1384 1398 1485 1464 ait,
1549 1398 1679 1450 etin
1752 1396 1937 1450 multis
2014 1403 2166 1449 erant
2221 1409 2444 1459 mecum,
2530 1397 2848 1463 immutatisl
2893 1398 3378 1466 praepositionibus
3437 1416 3689 1471 expone,
3747 1418 3879 1473 pro—

627 1507 751 1546 cum
787 1491 976 1545 multis
1011 1497 1168 1545 erant
1225 1489 1280 1543 in
1325 1503 1432 1555 me,
1509 1489 1613 1542 hoc
1646 1497 1749 1556 est,
1792 1486 2058 1542 adversus
2083 1499 2190 1549 me,
2232 1500 2297 1541 ac
2325 1488 2370 1539 si
2402 1486 2551 1539 dicat
2582 1502 2595 1539 :
2630 1494 2684 1540 et
2709 1486 2866 1541 multi
2909 1496 3101 1542 contra
3136 1504 3223 1543 me
3282 1502 3678 1547 convenerunt.
3736 1493 3877 1549 Non

626 1592 707 1640 est
739 1585 848 1638 illis
870 1584 1245 1645 commutatio,
1286 1583 1386 1637 hoc
1419 1591 1524 1649 est,
1561 1581 1871 1635 immutatio
1918 1595 1948 1633 a
1980 1580 2189 1634 malitia
2254 1580 2320 1651 ad
2394 1580 2622 1645 bonum,
2680 1588 2740 1633 ut
2794 1583 3167 1647 praediximus.
3233 1582 3657 1653 Profanaoerunt
3716 1596 3877 1641 testa-

614 1689 855 1733 .mrntum
900 1676 1035 1745 ejus,
1090 1688 1190 1744 pro
1245 1672 1607 1741 Spreverunt.
1646 1672 1711 1725 Et
1750 1672 2300 1741 appropinquaverunt
2339 1673 2485 1724 nobis
2514 1680 2677 1724 corda
2701 1687 2907 1736 eorum,
2938 1672 3044 1728 hoc
3104 1681 3211 1737 est,
3264 1689 3455 1728 eorum
3510 1678 3759 1730 consilia.
3805 1677 3877 1730 Et

624 1774 807 1828 molles
862 1787 923 1824 ac
962 1770 1100 1824 lenes
1148 1767 1296 1823 nobis
1325 1767 1605 1834 facti‘sunt
1655 1782 1835 1820 eorum
1885 1780 2187 1829 sermones;
2217 1766 2345 1819 dum
2406 1779 2505 1819 sua
2555 1765 2713 1820 nobis
2768 1767 3040 1821 instillant
3091 1767 3349 1823 consilia.
3422 1766 3583 1823 Initio
3650 1768 3880 1843 etenim,

626 1862 805 1925 nobis,
834 1858 1088 1913 inanibus
1120 1857 1444 1927 quibusdam
1477 1855 1657 1911 verbis
1693 1855 2074 1919 blandiuntur,
2096 1854 2192 1908 sed
2227 1869 2285 1909 re
2315 1856 2437 1925 ipsa
2467 1855 2689 1910 tandem
2716 1856 2981 1913 desinunt
3006 1858 3059 1911 in
3095 1859 3321 1912 malum.

618 1953 693 2007 1n
720 1954 875 2019 ﬁnem
924 1964 1019 2017 pro
1051 1947 1265 2017 populo,
1305 1948 1396 2012 qui
1440 1963 1471 1999 a
1518 1948 1720 2000 sanctis
1758 1947 2032 2016 elongatus
2082 1953 2193 2000 est:

2304 1944 2406 2013 Είς
2445 1945 2717 2014 τὸτέλος
2740 1948 2890 2017 ὑπὲρ
2927 1949 3033 2006 τοῦ
3064 1950 3216 2005 λαοῦ
3240 1950 3347 2005 τοῦ
3385 1950 3504 2008 ἀπὸ
3545 1950 3663 2004 τῶν
3692 1952 3878 2021 ἁγίων

698 2043 797 2111 ipsi
852 2040 1042 2103 David,
1091 2039 1145 2091 in
1183 2036 1319 2091 tituli
1346 2036 1761 2103 inscriptionem,
1814 2051 1928 2089 cum
1974 2045 2200 2089 tenerent

696 2150 810 2188 eum
837 2131 1101 2201 Atlopltyli
1138 2131 1191 2183 in
1225 2128 1377 2185 Geth.

1168 2219 1494 2275 PSALMUS
1542 2218 1656 2273 LV.

698 2315 1164 2385 Quemadmodum
1203 2312 1540 2382 coniunctim
1571 2313 1779 2384 positas
1824 2311 2064 2366 vidimus
2105 2323 2202 2366 eos

625 2412 887 2481 psalmos,
936 2408 1138 2477 quibus
1168 2394 1497 2483 inscriptum
1540 2414 1627 2461 cst
1681 2404 2065 2472 intelligentiae,
2119 2404 2191 2456 ita

628 2504 794 2556 etiam
847 2498 1131 2568 conjuncti
1164 2496 1433 2551 habentur
1483 2496 1521 2550 li
1571 2495 1775 2566 quibus
1824 2493 2195 2549 inscribitur:

628 2594 684 2646 in
721 2591 862 2644 tituli
888 2590 1303 2657 inscriptionem,
1330 2601 1563 2657 quorum
1596 2600 1839 2653 presens
1870 2586 2083 2653 primus
2115 2592 2201 2639 est

628 2686 721 2754 qui
744 2682 811 2739 ad
837 2682 1094 2753 populum
1123 2679 1359 2751 pertinet
1391 2676 1705 2744 Iudaicum,
1732 2678 1994 2746 quoniam
2027 2678 2201 2745 capti-

628 2792 730 2832 vus
755 2776 943 2830 eratin
974 2771 1268 2843 Babylone,
1295 2780 1348 2825 et
1373 2769 1661 2839 elongatus
1689 2768 1868 2824 luerat
1900 2783 1930 2820 a
1968 2768 2197 2832 sanctis,

630 2870 737 2920 hoc
767 2874 875 2928 est,
907 2879 937 2918 a
970 2864 1174 2934 templo
1209 2869 1374 2933 atque
1427 2862 1497 2916 ab
1544 2860 1803 2915 omnibus
1849 2862 2048 2921 sacris,
2078 2872 2201 2927 qua:

630 2966 783 3013 crant
837 2957 889 3011 in
948 2955 1273 3019 Jerusalem,
1326 2967 1489 3022 quam
1540 2952 1610 3006 ob
1643 2965 1871 3006 causam
1917 2951 2083 3004 etiam
2144 2949 2199 3002 in

629 3049 785 3116 ﬁnem
836 3047 1179 3110 inscribitur,
1215 3045 1344 3114 quia
1378 3043 1449 3098 ad
1479 3041 1640 3097 linem
1688 3056 1877 3096 eorum
1914 3042 2198 3105 tendebat,

628 3142 748 3208 ‘qum
785 3139 839 3191 in
878 3153 942 3192 co
968 3139 1034 3192 de
1052 3137 1249 3206 populo
1282 3134 1539 3206 praedicta
1559 3132 1793 3187 fuerant.
1816 3133 2047 3188 Nomine
2071 3144 2200 3186 vero

624 3228 835 3298 populi,
866 3242 1059 3282 omnes
1092 3227 1144 3281 in
1175 3227 1491 3300 universum
1540 3226 1847 3296 intelligere
1880 3237 2193 3293 possumus.

626 3320 721 3389 qui
760 3319 825 3373 ad
854 3328 1067 3387 tempus
1103 3333 1134 3370 a
1172 3318 1379 3373 sanctis
1413 3316 1729 3371 hominibus
1767 3314 2005 3385 elongati
2043 3321 2193 3380 sunt,

627 3414 755 3466 dum
784 3409 983 3480 captivi
1019 3408 1120 3475 sub
1155 3407 1361 3477 peccati
1388 3408 1521 3478 jugo
1551 3407 1885 3461 detinentur.
1931 3407 1996 3460 Et
2023 3405 2193 3476 quod,

629 3506 729 3566 ait,
753 3502 857 3556 Pro
877 3501 1089 3570 populo,
1119 3500 1260 3554 idem
1279 3500 1382 3555 sibi
1410 3500 1525 3554 vult
1544 3514 1608 3553 ac
1629 3498 1942 3563 sidixisset,
1968 3496 2045 3552 Ex
2069 3512 2196 3567 per-

626 3608 763 3648 sona
801 3592 1005 3661 pepuli.
1042 3590 1245 3645 Deinde
1277 3590 1515 3645 secunda
1546 3592 1796 3660 sequitur
1846 3590 2141 3659 inscriptio
2176 3603 2192 3642 :

622 3687 742 3754 Ipsi
772 3683 941 3737 David
965 3686 1017 3737 in
1046 3682 1188 3749 tituli
1208 3683 1626 3750 inscriptionem,
1655 3672 1881 3745 etc.,ita
1909 3691 1965 3736 ut
1994 3681 2191 3750 duplex

629 3780 791 3830 etiam
817 3777 889 3830 sit
918 3774 1112 3843 psalmi
1153 3782 1554 3844 argumentum.
1600 3772 1847 3828 Diximus
1878 3773 1933 3829 in
1978 3772 2193 3843 psalmo

631 3854 783 3930 xnnt,
817 3866 960 3935 quod
991 3867 1179 3919 beatus
1204 3864 1372 3918 David
1404 3865 1617 3934 fugiens
1646 3866 1887 3931 Saulem,
1916 3864 2194 3934 profectus

628 3966 715 4013 est
747 3958 801 4011 in
836 3956 972 4011 Getb
1022 3957 1085 4009 ad
1142 3954 1307 4010 Aeliis
1336 3954 1733 4010 Philistaeorum
1786 3968 1987 4028 regem,
2015 3956 2192 4025 quod-

629 4064 735 4117 que
757 4063 879 4103 cum
898 4048 1137 4117 suspicio
1165 4060 1282 4101 orta
1312 4043 1502 4112 esset,'
1525 4064 1651 4102 eum
1680 4064 1808 4104 esse
1859 4049 2049 4115 David,
2092 4048 2189 4119 qui

612 4140 836 4197 Goliam
866 4138 1162 4206 occiderat,
1186 4149 1239 4194 et
1269 4140 1564 4209 periclitari
1592 4141 1871 4209 coepisset,
1920 4141 2186 4195 insaniam

628 4231 823 4287 ﬁnxit:
852 4230 1127 4300 quodque,
1162 4232 1316 4299 quasi
1372 4231 1596 4286 comitili
1636 4226 1830 4287 mOrbo
1892 4232 2188 4297 laboraret,

618 4325 892 4381 dimissus
942 4330 1047 4387 est,
1095 4330 1150 4377 et
1196 4329 1390 4391 preter
1434 4309 1747 4395 opinionem
1804 4335 2072 4391 servatus.
2113 4326 2191 4379 Eo

630 4417 797 4488 igitur
824 4424 1087 4485 tempore,
1143 4416 1286 4470 hunc
1330 4417 1597 4485 psalmum
1648 4418 2013 4485 praesentibus
2072 4419 2188 4473 suis

630 4516 780 4570 tunc,
802 4515 855 4561 et
884 4504 1081 4561 futuris
1108 4505 1286 4574 populi
1305 4505 1687 4561 alﬂictionibus
1715 4507 2186 4562 accommodatum

2371 2039 2871 2109 μεμακρυμμένου
2893 2057 2906 2071 ⁶
2940 2040 3020 2106 τῷ
3048 2041 3229 2095 Δαὸὶδ
3273 2044 3359 2109 εἷς
3398 2044 3873 2117 omniomne-(ar,

2338 2190 2343 2195 ,
2374 2132 2555 2184 ὁπότε
2576 2130 2921 2199 ἐκράτησαν
2943 2135 2998 2185 οί
3019 2133 3361 2200 ἀλλόφυλοι
3393 2135 3581 2187 αὐτὸν
3618 2133 3688 2190 ἐν
3726 2135 3873 2189 ree.

2854 2224 3148 2277 ΨΑΛΜΟΣ
3174 2225 3301 2279 NE’.
3415 2271 3417 2274 ι

2376 2312 2586 2383 ’Ὥσπερ
2616 2315 2664 2367 oi
2696 2313 2903 2383 ψαλμοὶ
2947 2316 3091 2379 ὅσοις
3124 2308 3506 2386 ἐπεγέγρὰπτο
3533 2332 3867 2383 συνεσεως,

2302 2406 2539 2475 ἐχόμενα.
2562 2404 3114 2477 ἁλλήλωνὲτίθηστιν,
3134 2405 3279 2460 οὕτω
3306 2406 3403 2460 καὶ
3434 2407 3484 2460 οἱ
3525 2410 3873 2478 ἐπιγεγραμ-

2305 2496 2456 2565 μένοι
2476 2497 2560 2562 sb,
2595 2498 2688 2562 Είς
2715 2498 3197 2566 στηλογραφίαν,
3221 2495 3296 2552 ὥν
3324 2487 3355 2551 6
3383 2498 3575 2569 παρὼν
3627 2499 3871 2571 πρῶτος.

2303 2591 2447 2644 Λαὸν
2485 2589 2543 2643 δι
2569 2590 2716 2657 λέγει
2745 2590 2838 2642 τὸν
2876 2590 3189 2656 Ἰουδαϊκὸν,
3232 2590 3291 2655 ὃς
3327 2590 3661 2663 δορυάὶωτος·
3715 2592 3873 2660 παρὰ

2303 2680 2662 2745 Βαϐυλωνίοις
2681 2681 2972 2747 δουλεύων,
3010 2683 3479 2753 μεμακρυμμένος
3499 2679 3566 2755 ἦν
3601 2682 3708 2736 ἀπὸ
3755 2681 3873 2735 τῶν

2302 2769 2494 2837 ἁγίων,
2524 2770 2703 2823 είτουν
2746 2772 2855 2824 ἀπὸ
2883 2771 2978 2824 τοῦ
3005 2772 3066 2825 ιν
3113 2770 3507 2842 Ἰεροσολύμοις
3564 2771 3712 2826 ναοῦ.
3775 2771 3873 2825 Διὸ

2300 2860 2396 2912 καὶ
2433 2862 2536 2925 Ek;
2560 2859 2731 2925 τέλος
2768 2861 3190 2932 ἐπιγέγραπται,
3228 2862 3303 2924 ὡς
3342 2866 3425 2924 είς
3445 2862 3597 2926 τέλος
3646 2861 3868 2931 ἑπειγό-

2304 2969 2465 3021 μενος
2495 2953 2603 3007 τῶν
2634 2956 2692 3007 ὲν
2717 2958 2891 3023 τούτῳ
2921 2956 3051 3027 περὶ
3075 2955 3168 3009 τοῦ
3190 2955 3322 3009 λαοῦ
3358 2956 3868 3026 προφητευθὰτων.

2300 3045 2525 3099 Νοετται
2551 3045 2607 3099 δὲ
2635 3046 2783 3111 λαὸς,
2824 3049 2917 3101 καὶ
2948 3049 3149 3112 πάντες
3184 3048 3371 3111 ἁπλῶς
3398 3050 3445 3102 oi
3494 3049 3627 3118 πρὸς
3674 3051 3871 3119 καιρὸν

2304 3138 2763 3208 μεμακρυμμὲνοι
2787 3139 2897 3192 ἀπὸ
2918 3138 3025 3193 τῶν
3058 3140 3230 3207 ἁγίων
3255 3140 3487 3210 ἀνδρῶν,
3525 3137 3613 3193 διὰ
3658 3137 3721 3191 es
3771 3138 3868 3191 αῑί-

2300 3228 2749 3298 χμαλωτισθῆναι
2777 3231 2899 3291 ταῖς
2947 3230 3266 3299 ἁμαρτίαις.
3335 3229 3515 3297 Ὑπὲρ
3555 3228 3659 3282 τοῦ
3705 3226 3869 3282 λαοῦ

2299 3318 2378 3385 δὲ,
2423 3319 2546 3373 ἀντὶ
2583 3318 2691 3373 Τοῦ
2714 3316 3005 3390 προσώπου
3032 3319 3125 3373 τοῦ
3163 3312 3315 3373 λαοῦ.
3347 3312 3480 3373 Εἶτα
3511 3317 3604 3371 καὶ
3634 3317 3869 3387 δευτέρα.

2298 3411 2621 3483 πρόσκειται
2652 3411 2935 3481 ἐπιγραφή
2974 3427 2989 3442 ν
3045 3409 3129 3476 Τῷ
3182 3403 3357 3467 Δασὶδ
3407 3411 3493 3475 είς
3531 3411 3870 3476 στηλοπραη

2296 3504 2462 3572 φίαν,
2486 3503 2579 3557 καὶ
2603 3502 2673 3556 τὰ
2701 3501 2829 3573 ἑξῆς
2860 3520 2874 3536 ·
2910 3502 2986 3565 ὡς
3014 3497 3153 3556 εῖναι
3207 3500 3403 3571 διπλῆν
3454 3500 3551 3572 τὴν
3604 3498 3866 3552 ὑπόθεσιν

2295 3595 2389 3649 τοῦ
2418 3594 2659 3664 ψαλμοῦ.
2694 3590 3022 3663 Προείρηιαι
3046 3594 3104 3645 δὲ
3137 3594 3268 3663 ἡμῖν
3296 3595 3355 3646 ὲν
3382 3591 3460 3661 τῷ
3500 3591 3581 3659 λγ¹
3633 3588 3864 3662 ψαλμῷ,

2295 3689 2375 3742 ὅτι
2405 3686 2622 3757 φεύγων
2648 3685 2741 3740 τὸν
2761 3683 2955 3751 Σαοὺλ,
2984 3685 3231 3757 ἀπῆλθεν
3288 3686 3368 3747 είς
3422 3681 3523 3737 rte
3575 3683 3711 3752 πρὸς
3768 3682 3868 3736 τὸν

2307 3776 2558 3846 Ἀγχοὺς,
2612 3777 2706 3830 καὶ
2764 3774 3132 3839 ὑποπτευθεὶς
3187 3776 3337 3838 ὅστις
3392 3768 3484 3844 ἦν,
3528 3772 3869 3828 κινδυνεύειν

2294 3867 2509 3937 ἑμιλλι.
2572 3863 2706 3919 Εἶτα
2776 3867 2973 3935 μανίαν
3021 3864 3361 3935 ὕποκριθεὶς,
3418 3864 3493 3931 ὡς
3538 3864 3866 3932 ἐπίληπτος,

2294 3956 2600 4029 ἀφείθηῌ),
2622 3957 2717 4012 καὶ
2736 3956 2967 4025 διεσώθη
2988 3956 3325 4042 παραδόξως.
3350 3955 3660 4026 ’τηνικαῦτα
3678 3956 3868 4009 τοίνυν

2294 4049 2387 4103 καὶ
2408 4048 2597 4103 τοῦτον
2634 4046 2841 4118 ἔγραψε
2870 4046 2960 4102 τὸν
2988 4045 3564 4117 ψαλμὸν,·ἀρμόζοντα
3596 4047 3690 4100 καὶ
3745 4049 3867 4111 τοις

2291 4140 2412 4191 τότε
2444 4136 2641 4191 ἑαυτοῦ
2675 4137 2896 4199 πάθεσι,
2923 4137 3019 4190 καὶ
3057 4138 3169 4200 τοῖς
3210 4136 3304 4190 τοῦ
3357 4136 3489 4193 λαοῦ
3538 4139 3865 4209 μετέπειτα.

2293 4228 2630 4298 Βουλόμενος
2659 4225 2716 4279 δὲ
2753 4228 2841 4281 ἀεὶ
2871 4226 3243 4297 κηρύττεσθαι
3275 4231 3377 4301 τὴν
3426 4228 3578 4284 θείαν
3630 4231 3871 4303 ιύεργε-

2294 4320 2440 4401 οιίαν,
2478 4316 2760 4387 ἐπέγραψε
2796 4316 2876 4383 τδ,
2906 4318 3008 4382 Είς
3025 4320 3499 4388 στηλογραςοίαν,
3554 4320 3864 4389 τουτέστιν,

2292 4415 2371 4475 εἰς
2404 4412 2758 4466 ἀνέκλειπτον
2785 4409 3029 4480 γραφὴν,
3079 4412 3143 4463 ὲκ
3200 4406 3513 4482 μεταφορᾶς
3559 4413 3666 4467 τῶν
3720 4413 3868 4467 λιθί-

2292 4505 2488 4575 ναις,ἢ
2518 4503 2743 4575 χαλκαῖς
2774 4502 2995 4574 στήλαις
3042 4503 3430 4575 ἐγγραφόντων
3458 4504 3676 4577 ῥήματά
3730 4522 3865 4561 τινα

626 4600 978 4668 conscripsit.
1005 4595 1239 4668 Cupiens
1273 4599 1537 4667 praterea
1570 4608 1680 4652 tam
1730 4600 1970 4669 atnplum
2004 4598 2095 4654 Dei
2133 4601 2185 4653 in

2297 4602 2371 4665 είς
2405 4602 2623 4672 μνήμην
2644 4596 2881 4669 διηνεκῆ.

528 4704 539 4715 ’
629 4707 690 4748 se
718 4692 1039 4748 beneﬁcium
1078 4699 1341 4762 perpetuo
1366 4692 1650 4762 praedicari
1687 4694 1905 4761 debere,
1943 4710 2008 4751 ea
2052 4699 2289 4767 psalmo,
2320 4712 2441 4768 quae
2476 4694 2735 4759 vidimus,
2799 4691 2967 4747 verba
3022 4690 3364 4763 praposuit:
3416 4690 3486 4749 In
3532 4693 3696 4765 tituli,
3753 4709 3863 4750 seu

628 4782 810 4852 potius
834 4782 887 4836 in
918 4790 1134 4849 statum,
1182 4790 1275 4835 aut
1331 4782 1605 4838 columna:
1652 4782 2050 4852 inscriptionem
2084 4786 2590 4860 {quemadmodum
2638 4796 2737 4853 per
2785 4780 3028 4836 Graecam
3094 4783 3386 4841 dictionem
3447 4785 3867 4857 στηλογραφίαν

632 4879 814 4933 verius
840 4876 981 4941 alibi
1002 4876 1242 4931 diximus
1274 4875 1635 4947 signiﬁcari];
1670 4892 1733 4932 ac
1766 4881 1813 4933 si
1845 4880 2093 4936 diceret:
2135 4881 2193 4937 is
2226 4880 2616 4952 sempiternam
2648 4877 2813 4948 hujus
2845 4875 2975 4931 facti
3056 4879 3401 4935 memoriam.
3462 4879 3620 4935 Hunc
3665 4892 3862 4937 autem

634 4971 884 5041 loquendi
914 4960 1133 5026 modum
1163 4980 1438 5041 sumptum
1467 4980 1740 5041 putamus,
1776 4989 1842 5026 ex
1876 4977 2193 5045 metaphora
2221 4990 2435 5040 eorum,
2505 4974 2600 5044 qui
2658 4970 2906 5042 lapideis,
2985 4980 3079 5026 aut
3126 4971 3293 5028 aeneis
3353 4972 3623 5029 columnis
3678 4974 3861 5030 verba

634 5064 872 5135 quaedam
916 5063 1307 5125 inscribebant,
1362 5063 1415 5115 in
1444 5074 1705 5118 aeternum
1757 5066 1989 5134 posteris
2030 5078 2465 5123 monumentum.
2508 5082 2509 5085 ‘

698 5177 858 5234 Vens.
894 5177 951 5232 2.
993 5176 1237 5232 Miserere
1260 5177 1379 5244 mei,
1406 5176 1563 5245 Deus,
1594 5179 1841 5248 quoniam
1867 5181 2190 5237 conculcasit

632 5286 713 5327 me
771 5272 942 5325 homo.
1015 5269 1387 5334 Cbnculcavit,
1446 5264 1677 5340 expone,
1740 5282 1840 5342 pro
1897 5272 2186 5329 Contrivit.

2369 5181 2665 5250 Ἐλέησόν
2688 5196 2787 5251 με,
2828 5185 2861 5234 ό
2893 5180 3057 5248 Θεὸς,
3087 5180 3179 5235 ὅτι
3212 5180 3589 5250 κατεπάτησε
3618 5198 3695 5253 με
3735 5184 3860 5238 όν·-

2287 5278 2537 5343 θρωπος.
2572 5273 3019 5341 Κατεπάτησεν,
3044 5276 3163 5327 ἀντὶ
3205 5273 3296 5327 τοῦ
3331 5264 3673 5347 Συνέτριψεν.
3707 5274 3860 5332 Ἀπδ

1921 5470 2119 5535 Varia
2141 5471 2470 5541 lectiones.

704 5621 815 5688 (98)
852 5621 936 5676 Al.
972 5621 1348 5688 ἑξουδὲνωσαν.

704 5622 795 5687 (98
852 5622 936 5676 Al.
972 5622 1348 5688 ἑξουδὲνωσαν.

704 5622 909 5765 etiang
936 5693 1178 5765 χρηστῷ,
1212 5694 1369 5750 idem.

2350 5627 2431 5699 (ι)
2457 5626 2537 5683 Al.
2566 5625 2762 5697 ἀφέθη.
