4124 6326
191 402 285 469 5m
1347 412 1736 477 COMMENT.
1772 417 1860 499 1N
1897 419 2260 485 PSALMOS.
2398 452 2407 463 ν
3290 437 3397 499 602

188 515 448 586 δεσπότης
484 515 579 570 καὶ
636 516 890 587 βασιλεύς
913 532 927 547 ⁶
978 511 1131 583 οὗτος
1158 520 1235 585 δὲ,
1262 522 1449 589 δοῦλος
1471 528 1567 580 καὶ
1597 530 1745 583 κύων
1772 494 1816 601 λ

1772 494 1816 601 λ
1847 533 2101 600 peritum.
2132 536 2425 595 Commode
2450 556 2581 598 vero
2606 544 2876 615 serpentis
2905 539 2959 602 et
2983 545 3189 617 aspidis
3211 562 3395 603 exem-

188 606 451 675 τεθνηκὼς
478 608 569 663 καὶ
605 609 822 679 ψύλλος,
859 610 1209 680 ἑθελοκωφῶν
1228 609 1318 685 ἦν,
1348 617 1423 680 ὡς
1446 619 1630 683 ἀσπίς.

1846 624 1991 691 plum
2028 625 2268 693 adducit,
2305 645 2428 685 cum
2463 632 2591 689 Saul
2622 644 2676 691 et
2698 606 3127 700 irascentum-ut
3147 651 3394 707 serpens,

188 705 234 751 et
266 698 709 797 obsurdesceret,
743 702 891 797 velut
920 703 1088 773 aspis,
1118 720 1241 758 cum
1275 706 1576 764 blandosac
1598 710 2001 790 mellitos'heati
2064 717 2227 773 David
2291 736 2571 780 sermones
2635 735 2953 797 sperneret,
3003 698 3201 796 quibus
3237 698 3253 707 ’
3274 698 3399 781 tan;

186 805 338 888 quam
371 793 989 888 suavihusgquihusdam
1048 805 1213 868 atque
1270 799 1954 875 eliicacibuslcarminihus
2023 812 2267 867 emollire
2347 816 2499 870 illum
2583 793 2925 874 actdelinire
2997 793 3397 888 contenderat:

187 881 340 938 veluti
364 899 490 939 cum
521 885 735 941 Saulem
772 887 1068 975 principem
1100 904 1168 948 ac
1198 905 1377 962 regem
1431 910 1592 952 suum
1638 900 1967 970 appellabat,
1997 918 2055 958 se
2085 920 2209 960 vero
2235 922 2474 972 servum,
2536 925 2726 965 canem
2785 922 3080 976 mortuum,
3130 925 3183 970 et
3241 881 3398 984 ιιι-οι·ἐ

186 994 270 1035 sus
295 981 587 1045 abiectum.
1068 1030 1073 1033 ι
1103 994 1114 1012 ⁸

214 1111 221 1128 ι
258 1072 312 1167 ’ρ
340 1075 486 1140 Θεὸς
531 1078 849 1146 συντρίψει
877 1080 1019 1146 τοὺς
1068 1082 1317 1150 ὀδόντας
1343 1086 1543 1139 αὐτῶν
1565 1088 1634 1142 ἐν
1654 1088 1734 1155 τῷ

1904 1092 2076 1146 Vsus.
2120 1095 2171 1147 7.
2210 1092 2352 1147 Dens
2386 1102 2613 1148 conteret
2645 1095 2823 1149 dentes
2852 1111 3031 1149 eorum
3070 1096 3124 1149 in
3151 1099 3395 1167 orcipso-

183 1166 424 1255 στόματι
445 1167 661 1221 αὐτῶν.
703 1169 951 1232 Ὀδόντας
982 1171 1238 1242 ὀνομάζει
1259 1174 1357 1237 τὰς
1391 1179 1727 1242 κακυντικάς

1832 1200 1967 1237 rum.
1999 1182 2102 1239 Per
2131 1185 2321 1240 dentes
2350 1224 2365 1247 ,
2396 1186 2729 1255 perniciosas
2755 1200 2816 1239 ac
2861 1187 3069 1242 validas
3099 1166 3288 1243 eorum
3320 1191 3396 1243 vi—

183 1253 286 1306 τῶν
318 1259 576 1310 τοιούτων
599 1257 862 1329 δυνάμεις
881 1276 896 1290 ·
928 1260 1150 1325 ὀδόντας
1172 1262 1229 1315 δὲ
1261 1263 1453 1329 εἰπὼν,
1488 1266 1582 1319 κα)⁸
1612 1267 1734 1320 στό-

1832 1290 1920 1329 res
1954 1275 2228 1347 intelligit,
2256 1282 2310 1329 et
2347 1253 2623 1343 expositas
2651 1276 2717 1329 ad
2752 1277 3017 1345 patranda
3066 1278 3292 1332 scelera.
3335 1279 3397 1334 Et

186 1362 365 1437 patth
402 1348 828 1418 ἐμνημόνευσεν,
881 1350 911 1404 ὀ
962 1352 1177 1421 νοήσεις
1230 1353 1330 1424 τὴν
1384 1356 1734 1427 περιεκτικὴν

1872 1381 1954 1419 nm
1984 1365 2228 1419 dentium
2259 1366 2585 1431 meminerit,
2634 1366 2809 1437 ipsum
2865 1368 3027 1420 etiam
3058 1384 3121 1423 os
3153 1370 3395 1433 addidit,
3491 1371 3500 1376 “

183 1436 458 1523 πονηρίαν.
1658 1520 1661 1523 Α
1843 1472 1952 1527 quo
1978 1457 2372 1526 complectendi
2419 1466 2586 1527 atque
2627 1436 3122 1515 comprehendendi
3170 1461 3399 1517 facultas

1488 1588 1493 1593 .
1846 1547 2142 1602 indicatur.

249 1612 360 1694 Τιξς
379 1616 571 1683 μύλας
596 1614 718 1671 τῶν
749 1619 1016 1674 λεόντων
1043 1622 1428 1679 συνέθλασεν
1445 1627 1480 1684 ὁ
1502 1628 1735 1694 Κύριος.

1911 1639 2080 1693 Malas
2122 1640 2327 1694 leonum
2373 1639 2625 1709 confregit
2675 1638 2951 1692 Dominus.
3016 1638 3075 1692 In
3128 1640 3395 1708 superiori

192 1706 278 1760 Ἐν
414 1711 740 1781 προλαϐόντι
758 1714 959 1785 ψαλμῷ
976 1716 1249 1787 σκύμνους
1274 1719 1441 1783 αὐτὰς
1473 1721 1733 1786 καλέσας,

1847 1731 2058 1798 psalmo
2081 1731 2293 1786 catulos
2317 1706 2531 1785 leonum
2552 1706 2658 1786 eos
2685 1732 2975 1800 appellavit
3006 1746 3021 1785 :
3051 1731 3106 1784 in
3144 1706 3395 1798 praesenti

181 1800 234 1852 ἐν
265 1799 346 1868 τῷ
374 1803 625 1873 παρόντι,
672 1806 772 1859 καὶ
798 1807 928 1876 περὶ
956 1806 1184 1862 ὀδόντων
1212 1808 1397 1878 φησιν.
1433 1810 1589 1865 Ἔστι
1627 1813 1683 1866 δὲ
1708 1816 1737 1867 ό

1870 1837 1972 1877 'ero
2011 1823 2228 1877 leonum
2280 1822 2472 1877 dentes
2497 1799 2734 1884 thaberei
2760 1799 2889 1877 illos
2934 1822 3087 1877 dicit.
3132 1822 3395 1878 Caeterum

184 1897 357 1966 στίχος
404 1887 559 1958 οὗτος
601 1896 1003 1963 διπλασιασμὸς
1050 1897 1147 1951 τοῦ
1186 1899 1293 1967 πρὸ
1322 1898 1510 1967 αὐτοῦ,
1550 1901 1732 1965 καθὼς
1764 1896 1805 1950 Β

1766 1896 1805 1950 Β
1835 1912 1889 1966 in
1923 1913 2023 1968 hoc
2049 1912 2314 1967 versiculo
2340 1912 2584 1967 eamdem
2608 1913 2805 1982 repetit
2855 1913 3181 1967 sententiam
3233 1928 3394 1982 quam

182 1986 235 2036 ὲν
262 1986 473 2047 πολλοῖς
528 1986 850 2055 εἰρήκαμεν.
890 1987 1044 2040 Ἐπεὶ
1076 1990 1171 2042 καὶ
1202 1989 1258 2043 αἱ
1301 1989 1486 2057 μύλαι,
1517 1990 1729 2058 ὀδόντες

1836 2006 1891 2060 in
1923 2004 2245 2073 praecedenti
2295 2002 2568 2057 vidimus:
2625 2003 3082 2072 quemadmodum
3146 2018 3393 2071 sarpenu-

182 2076 335 2129 ειστν.
364 2078 457 2139 Ἦ,
483 2078 529 2128 εἰ
550 2076 751 2144 βούλει,
774 2076 994 2140 ὀδόντας
1018 2078 1136 2144 μὲν,
1157 2081 1369 2147 νοήσεις
1383 2086 1507 2144 τοὺς
1519 2085 1724 2152 τομεῖς·

1838 2110 1987 2148 mero
2023 2094 2263 2150 diximus
2314 2094 2629 2164 prophetam
2675 2094 2870 2149 facere.
2916 2092 3050 2147 Nam
3095 2103 3149 2148 et
3198 2095 3390 2157 molae,

185 2166 352 2233 μύλας
377 2167 455 2232 δὲ,
483 2167 612 2230 τοὺς
665 2168 941 2238 δνδότερον
969 2168 1208 2235 ὀδόντας,
1238 2170 1336 2233 οὓς
1369 2174 1460 2225 καὶ
1487 2174 1728 2227 λεαίνον-

1840 2184 2070 2251 majores
2097 2183 2287 2239 dentes
2321 2193 2466 2239 sunt.
2498 2185 2661 2238 Potes
2686 2184 2845 2237 etiam
2889 2200 2984 2252 per
3010 2184 3203 2237 dentes
3232 2183 3396 2237 intel-

180 2274 273 2320 τας
311 2258 565 2328 λέγομεν,
602 2259 676 2322 ὡς
707 2259 947 2313 νοεῖσθαι
976 2260 1066 2313 διὰ
1086 2261 1292 2315 τούτων
1319 2265 1419 2334 τὰς
1446 2259 1606 2334 ἦττον
1636 2266 1732 2319 καὶ

1827 2274 1991 2343 [igere
2021 2288 2114 2327 eos
2142 2281 2348 2327 tantum
2382 2274 2470 2327 hic
2501 2272 2609 2327 dici
2634 2312 2649 2333 ,
2686 2274 2778 2339 qui
2831 2273 3010 2327 cibum
3066 2280 3352 2326 conterunt
3376 2310 3393 2333 ,

185 2348 377 2416 μᾶλλον
401 2348 628 2419 βλάβας,
657 2345 746 2412 αἶς
786 2348 1055 2403 ἔόλαπτον
1082 2352 1208 2413 τοὺς
1258 2355 1730 2424 παραπίπτοντας.

1825 2378 1921 2432 per
1950 2364 2119 2419 molas
2144 2378 2294 2430 vero,
2325 2378 2421 2419 eos
2451 2364 2545 2434 qui
2578 2364 2870 2418 interiores
2898 2375 3048 2427 sunt,
3073 2378 3209 2431 quos
3227 2363 3391 2415 etiam

184 2438 331 2509 Ὅρα
354 2439 410 2491 δὲ
437 2440 586 2502 ὅπως
612 2440 742 2492 ποτὲ
769 2440 889 2509 μὲν,
920 2440 995 2502 ὡς
1037 2442 1129 2492 ἐπὶ
1152 2440 1245 2492 τοῦ
1277 2442 1559 2508 μέλλοντος
1582 2444 1733 2510 λέγει

1829 2454 2067 2509 molares
2132 2464 2225 2509 aut
2255 2454 2501 2510 leoninos
2541 2453 2874 2523 appellamus
2901 2449 3019 2507 :ita
3058 2463 3118 2507 ut
3164 2468 3260 2520 per
3290 2451 3393 2505 hu-

187 2531 498 2598 .‘ImpM-et
522 2547 536 2561 ·
570 2529 699 2583 ποτὲ
727 2529 805 2593 δὲ,
841 2531 915 2591 ὡς
949 2529 1042 2582 ἐπὶ
1099 2531 1551 2601 παρεληλυθότος,
1585 2537 1736 2589 Συν-

1825 2544 2062 2612 jusmodi
2096 2545 2335 2599 dentium
2370 2545 2801 2607 distinctionem,
2830 2544 3065 2611 majores
3114 2544 3171 2599 et
3218 2542 3396 2596 mino-

180 2618 417 2675 éﬂlacs:
452 2622 705 2685 Τοιοῦτος
738 2622 846 2694 γὰρ
868 2623 899 2675 ὀ
936 2622 1097 2694 νόμος
1123 2622 1230 2675 τῶν
1267 2616 1735 2695 προφητευόντων,

1830 2648 1918 2688 res
1946 2633 2282 2703 oﬂensiones
2314 2634 2541 2703 intelligi
2570 2633 2805 2702 possint.
2836 2631 2973 2687 Illud
3011 2633 3174 2685 etiam
3206 2631 3390 2685 consi—

181 2711 252 2774 ὡς
279 2712 543 2777 πολλάκις
566 2713 805 2782 εἴρηται.
1023 2742 1027 2745 τ
1346 2788 1357 2798 .

1833 2722 1960 2777 dera
1981 2725 2252 2792 quomodo
2274 2725 2563 2795 aliquando
2581 2724 2852 2793 Propheta
2867 2713 2919 2776 in
2942 2723 3121 2777 futuro
3142 2729 3386 2790 tempore

181 2805 319 2858 dicat
348 2806 678 2887 :_Conteret;
727 2816 783 2862 et
829 2807 1119 2878 aliquando
1141 2809 1196 2863 in
1227 2810 1528 2879 praeterito.
1580 2811 1869 2884 Confregit.
1917 2815 2237 2885 Hujusmodi
2281 2820 2424 2874 enim
2495 2826 2581 2874 est
2654 2819 3044 2888 prophetarum
3115 2831 3276 2881 mos,
3337 2821 3397 2871 ut

182 2901 372 2968 saepius
399 2901 658 2958 diximus.
2114 2918 2127 2931 ο
2334 2896 2337 2907 ’

233 2994 865 3062 Ἕξουδενωθήσονται,
882 2995 1023 3049 ὡσεὶ
1042 2993 1195 3061 ὕδωρ
1210 2993 1735 3064 διαπορευόμενον.

1912 2992 2073 3048 Vens.
2115 2994 2168 3047 8.
2215 2993 2298 3046 Ad
2343 2986 2565 3045 nihilum
2604 2991 2903 3055 devenient,
2955 2999 3209 3061 tanquam
3258 3007 3396 3060 aqua

184 3085 252 3137 ne
281 3084 565 3155 ποτάμιον,
616 3086 737 3139 οὐδὲ
788 3088 1038 3155 πηγαῖον,
1076 3086 1203 3138 ἀλλ’
1230 3085 1335 3138 ὑπό
1377 3102 1523 3143 τινος
1547 3085 1731 3156 χυθδν,

1839 3084 2141 3140 decurrens.
2166 3084 2372 3153 Aquam
2405 3083 2493 3135 hic
2525 3097 2632 3136 non
2651 3080 2895 3136 ﬂuminis
2916 3080 3067 3144 dicit,
3087 3089 3181 3132 aut
3207 3080 3394 3147 fontis,

181 3172 273 3225 καὶ
286 3171 360 3234 ὡς
394 3172 584 3240 ἔτυχεν
602 3171 915 3242 φερόμενον,
936 3173 1349 3242 ἐσκεδασμένον.
1375 3173 1732 3238 Ἐξουδενω·

1839 3177 1931 3232 sed
1960 3190 2155 3245 aquam
2179 3174 2427 3242 intelligit
2447 3187 2477 3227 a
2504 3172 2758 3242 quopiam
2778 3172 3029 3237 causam,
3060 3181 3151 3225 aut
3174 3171 3397 3229 fortuito

184 3262 462 3330 θήσονται
494 3264 570 3327 δὲ,
607 3264 727 3317 ἀντὶ
754 3264 850 3317 τοῦ
875 3264 1484 3337 Καταφρονηθήσονται.

1838 3266 2066 3335 eiectam
2101 3304 2116 3327 ,
2149 3278 2214 3319 ac
2243 3263 2426 3318 statim
2461 3263 2791 3331 dispersam.
2857 3260 2924 3314 Et
2977 3262 3119 3330 quod
3160 3262 3278 3316 ait:
3316 3262 3395 3316 Ad

185 3354 396 3407 nihilum
423 3353 684 3408 devenient
714 3370 811 3410 seu
852 3355 947 3427 [ut
976 3356 1160 3431 Graece
1191 3358 1351 3413 unico
1378 3358 1544 3413 verbo
1577 3355 1824 3427 dicitur]
1881 3356 2363 3422 Adnilzilabuntur,
2437 3370 2670 3423 expone.
2722 3368 2820 3423 pro
2897 3352 3237 3422 Spernentur
3258 3395 3272 3419 ,
3343 3366 3401 3412 et

183 3447 331 3502 nihili
364 3445 515 3502 ﬁent.
1912 3468 1915 3469 ν
2883 3462 2886 3464 ⁷

246 3540 509 3595 Ἐντεγεῒ
519 3543 584 3595 τὸ
602 3526 779 3607 τόξον
797 3543 1005 3608 αὐτοῦ,
1024 3543 1134 3609 ἕως
1156 3538 1227 3599 οὗ
1246 3544 1721 3613 ἀσθενήσουσιν.
1754 3542 1802 3608 C

1770 3542 1802 3608 Β
1911 3540 2147 3595 Intende!
2170 3554 2349 3593 arcum
2371 3554 2524 3592 suum
2557 3536 2721 3592 donec
2758 3536 3115 3604 inﬁrmenlur.
3148 3530 3398 3589 Intende!

199 3629 428 3699 ῖΕντενεῖ
456 3631 555 3701 τὴν
580 3632 907 3703 κολαστικὴν
940 3633 1103 3687 αὑτοῦ
1134 3633 1507 3704 δύναμιν“κατ’
1533 3635 1733 3701 αὐτῶν,

1836 3640 2026 3689 contra
2058 3646 2153 3686 eos
2180 3620 2320 3685 Deus
2347 3644 2500 3683 suam
2526 3629 2581 3684 in
2614 3628 2828 3683 inferno
2860 3629 3181 3697 potentiam,
3227 3636 3392 3694 atque

185 3724 277 3776 καὶ
311 3722 482 3790 βαλεῖ.

1836 3738 1931 3779 eos
1961 3723 2247 3791 percutiet.
2410 3758 2413 3759 ν
3032 3792 3038 3799 .

260 3814 418 3867 Ὠσεῖ
444 3815 627 3881 κηρὸς
654 3816 857 3881 ταχεῖς
881 3816 1519 3883 ἀνταναιρεθήσονται.
1582 3818 1737 3871 Ἀντ·

1908 3811 2075 3866 Vsus.
2108 3811 2159 3867 9.
2190 3812 2357 3875 Quasi
2380 3826 2495 3865 cera
2534 3811 2815 3879 liquefacta
2856 3807 3183 3876 auferentur.
3233 3807 3396 3861 Aufe-

184 3902 341 3966 αξῑως
384 3904 483 3972 τῆς
531 3904 753 3971 φονικῆς
804 3904 981 3956 αὐτῶν
1012 3904 1235 3974 γνώμης
1293 3904 1738 3976 ἀναιρεθήσονται

1835 3915 2047 3969 rentur,
2083 3885 2367 3973 inquit,de
2392 3904 2563 3966 facili,
2588 3904 2763 3956 instar
2802 3901 3065 3970 liquantis
3106 3914 3265 3955 cerae.
3320 3896 3395 3952 Ita

186 3987 434 4057 εὐκόλως,
498 3994 655 4064 δίκην
715 3995 888 4065 κηροῦ
913 3996 1189 4059 τακέντος.
1244 3997 1395 4067 Ἅμα
1433 3997 1542 4068 γὰρ
1574 3993 1728 4061 οὗτος

1836 3993 1978 4048 enim
2016 4001 2253 4047 meretur
2303 3991 2528 4045 immitis
2578 4006 2642 4044 ac
2689 4003 2867 4044 saevus
2918 4004 3107 4044 eorum
3156 3990 3393 4043 animus.

192 4086 472 4159 πλησιάζει
503 4089 662 4158 πυρὶ,
692 4091 787 4143 καὶ
805 4088 920 4159 ἅμα
949 4090 1198 4160 τήκεται.

1838 4082 1972 4136 Nam
2008 4081 2169 4137 simul
2210 4096 2274 4136 ac
2316 4096 2438 4137 cera
2483 4081 2599 4150 igni
2630 4079 2847 4134 admota
2897 4076 3103 4143 fuerit,
3141 4078 3397 4131 continuo

1837 4172 2111 4227 liquescit.

1837 4189 1890 4227 ιιι

262 4264 484 4319 Ἐπεονε
534 4252 655 4331 πῦρ
697 4265 791 4318 ἐπ’
842 4265 1084 4331 αὐτοὺς,
1147 4265 1245 4319 καὶ
1274 4266 1385 4320 οὐκ
1419 4262 1583 4321 εἶδον
1630 4266 1739 4319 τὸν

1837 4189 1871 4227 ιι
1916 4189 2111 4227 uesmt.

1878 4189 2121 4318 qucidit.
2139 4263 2270 4332 ignis
2293 4279 2449 4331 super
2463 4278 2572 4325 eos,
2593 4271 2642 4315 et
2661 4278 2759 4315 non
2783 4261 3023 4315 uiderunt
3049 4258 3230 4313 solem.
3246 4238 3396 4311 certe

189 4352 371 4419 ἣλιον.
428 4352 619 4424 Κηροῦ
666 4354 947 4424 μνησθεὶς,
974 4354 1069 4409 καὶ
1111 4355 1222 4424 πῦρ
1268 4356 1595 4425 προσέθηκε,
1624 4354 1737 4423 πῦρ

1837 4352 2104 4418 meminit,
2135 4352 2295 4407 modo
2332 4355 2509 4422 ignem
2537 4351 2685 4405 addit
2713 4390 2729 4412 ,
2758 4351 2937 4421 ignem
2974 4342 3260 4418 appellans
3307 4347 3394 4400 ul-

186 4443 350 4509 λέγων
380 4446 473 4498 τὸν
518 4446 779 4516 θεήλατον
833 4446 1023 4516 θυμὸν,
1061 4447 1155 4500 καὶ
1182 4446 1341 4511 εὐθὺς
1378 4448 1460 4510 εἰς
1485 4447 1584 4517 τὴν
1608 4446 1734 4499 ἐπι-

1836 4441 2040 4496 tionem
2070 4458 2099 4494 a
2126 4443 2233 4497 Deo
2263 4442 2488 4495 illatam.
2508 4441 2805 4502 Confestim
2837 4441 3005 4509 igitur
3035 4455 3064 4492 a
3098 4451 3393 4508 conspectu

189 4532 345 4586 οῦσαν
369 4535 600 4604 ἡμέραν.
613 4534 711 4588 οὐκ
737 4532 1001 4602 ἔφθασαν.
1262 4590 1265 4593 .

1837 4532 1980 4601 ignis
2010 4534 2319 4599 perierunt,
2375 4534 2465 4587 ita-
2500 4542 2558 4586 ut
2612 4534 2676 4586 ad
2721 4540 3034 4601 sequentem
3097 4530 3237 4584 diem
3274 4546 3393 4585 non

1835 4625 2201 4693 pervenerint.
2235 4623 2340 4679 Per
2362 4624 2528 4679 solem
2564 4624 2709 4679 enim
2746 4623 2888 4677 diem
2920 4621 3192 4687 intelligit.

238 4699 365 4777 Πρὸ
393 4711 503 4764 τοῦ
543 4713 815 4765 συνιέναι
835 4711 942 4777 τὰς
964 4710 1230 4776 ἀκάνθας
1260 4710 1429 4781 ὑμῶν
1465 4709 1582 4778 τὴν
1628 4711 1737 4779 ῥά·
1830 4724 1836 4731 ·

1830 4724 1836 4731 ’
1911 4716 2077 4770 Vsus.
2132 4716 2217 4770 10.
2277 4714 2598 4786 Priusquam
2656 4710 2960 4784 intelligant
3007 4712 3171 4777 spina:
3216 4718 3424 4763 vestrm.

184 4814 349 4866 μνον.
372 4800 516 4869 Πρὸς
536 4798 626 4851 τὸν
648 4800 819 4853 Σαοὺλ
834 4802 973 4854 κατὰ
993 4801 1343 4870 ἀποστροφὴν
1370 4804 1399 4854 ὀ
1429 4801 1613 4869 λόγος’
1654 4801 1734 4877 ὅτι
1764 4868 1804 4877 ᾳ

1768 4868 1804 4877 _
1838 4805 2135 4861 rhamnum.
2188 4807 2529 4877 Apostrophe
2558 4805 2726 4860 utitur
2772 4803 3063 4872 Propheta.
3114 4800 3396 4855 Convertit

190 4888 337 4943 τοῦτο
367 4868 616 4944 πεσεῖται
632 4889 692 4941 τὸ
720 4889 850 4959 πῦρ,
884 4891 989 4959 πρὸ
1004 4890 1096 4945 τοῦ
1119 4868 1415 4960 αῦξηθῆναι
1442 4868 1541 4955 τὰς
1561 4874 1733 4961 ἁμαρ·
1764 4868 1808 4923 D

1764 4868 1808 4923 υ
1835 4898 1977 4951 enim
2011 4910 2316 4951 sermonem
2350 4895 2599 4952 suum'ad
2626 4894 2864 4949 Saulem.
2889 4893 3171 4961 lgnisiste,
3192 4891 3390 4957 inquit.

189 4979 302 5043 τίεις
326 4982 501 5047 ὑμῶν.
535 4981 651 5033 Ἵνα
675 4980 730 5033 δὲ
760 4981 1034 5051 σαφὶςηεῐη
1064 4981 1124 5035 τὸ
1160 4980 1469 5050 λεγόμενον,
1493 4983 1751 5037 ἄκανθαν

1834 5001 2000 5059 super
2030 4999 2127 5041 vos
2176 4986 2420 5050 decidet,
2466 4988 2785 5057 priusquam
2838 4991 3059 5054 peccata
3112 4992 3288 5035 vestra
3338 4981 3391 5032 in

194 5068 289 5139 μιν
310 5070 464 5124 καλεῖ
513 5073 547 5139 ἡ
586 5071 775 5141 Γραφὴ
802 5070 900 5140 τὴν
928 5070 1202 5141 ἁμαρτίαν
1224 5087 1240 5104 ο
1274 5072 1475 5140 ῥάμνος
1505 5072 1564 5126 δέ
1586 5072 1733 5126 ἐστιν

1833 5077 2157 5135 immensum
2179 5080 2469 5133 creverint.
2506 5076 2579 5131 Ut
2610 5084 2790 5131 autem
2834 5074 3034 5129 clarior
3070 5074 3160 5126 fiat
3202 5085 3391 5133 sensus

190 5154 322 5222 εἶδος
355 5160 603 5230 ἀκάνθης
661 5161 914 5231 μέγιστον
988 5159 1080 5213 καὶ
1123 5162 1506 5232 σκληρότατον.
1552 5162 1722 5231 Οησὶν

1832 5182 1991 5236 quem
2020 5165 2271 5232 dicimus,
2308 5168 2441 5223 illud
2488 5168 2879 5230 animadverte,
2932 5166 3075 5234 quod
3110 5164 3389 5230 Scriptura

192 5247 301 5315 οῦν,
337 5252 420 5306 ὅτι
483 5252 558 5303 To
599 5251 836 5322 δηλωθὲν
867 5248 976 5321 πῦρ
1032 5253 1308 5315 πεσεῖται,
1354 5253 1459 5319 πρὸ
1502 5252 1594 5306 τοῦ
1633 5253 1731 5316 τὰς

1830 5271 1974 5325 saepe
2010 5273 2107 5326 per
2128 5259 2370 5327 spinam,
2396 5261 2699 5327 'peccatum
2751 5256 3021 5326 intelligit.
3082 5253 3386 5306 Rhamnum

194 5340 424 5407 ἀκάνθας
467 5343 643 5412 ὑμῶν,
683 5343 803 5413 ἦτοι
874 5342 972 5405 τὰς
1017 5342 1314 5411 ἁμαρτιας,
1365 5342 1600 5396 συνιέναι
1632 5344 1732 5413 τὴν

1832 5356 2009 5403 autem
2036 5349 2316 5405 dumorum
2338 5348 2603 5420 quoddam
2628 5364 2800 5419 genus
2820 5356 2923 5409 est,
2947 5344 3088 5415 quod
3140 5344 3388 5397 maximis

198 5432 412 5500 ῥάμνον,
449 5434 695 5486 τουτέστι
750 5432 939 5501 μαθεῖν
991 5431 1086 5485 καὶ
1132 5433 1213 5493 εις
1266 5430 1341 5500 (4)
1394 5430 1508 5495 ἕξιν
1557 5432 1728 5485 ἐλθεῖν

1831 5444 1993 5504 atque
2019 5438 2351 5493 acutissimis
2381 5436 2749 5492 reiertumest
2781 5436 3003 5489 aculeis.
3064 5434 3152 5488 Ait
3184 5435 3386 5501 igitur:

199 5522 473 5599 μεγέθους,
506 5524 602 5577 καὶ
624 5522 743 5590 ’τῆς
774 5521 1136 5591 σκληρότητος
1172 5519 1275 5591 τῆς
1299 5520 1524 5590 ρἀνου,
1553 5521 1583 5573 ὅ
1610 5522 1729 5576 ἐστι

1831 5526 1978 5596 Ignis
2003 5524 2115 5591 ille,
2144 5542 2303 5599 quem
2336 5528 2599 5594 diximus,
2626 5510 2780 5599 prius
2805 5527 2999 5592 irruet,
3028 5539 3189 5594 quam
3220 5506 3401 5593 spina?

265 5788 341 5858 μ)
373 5789 430 5844 ΑΙ
499 5674 543 5844 5'
1523 5674 1724 5757 Varios
1764 5695 2094 5763 lectiones.

438 5829 452 5844 .
537 5794 668 5858 ξιον.

438 5829 452 5844 .
499 5794 668 5858 ἄξιον.
