4124 6326
683 439 793 505 6ἱ5

1932 430 2283 493 EUTHYMI
2324 428 2684 491 ZIGABENI

3814 423 3925 488 616

752 547 824 603 Et
854 546 1041 603 vallem
1073 544 1530 607 tabernaculorum
1562 541 1771 597 metiar.
1802 537 1973 596 Vallis
2000 541 2251 596 taberna-

2420 537 2530 593 Καὶ
2564 537 2679 606 τὴν·
2707 534 2959 590 κοιλάδα
2985 532 3105 589 τῶν
3122 534 3370 603 σκηνῶν
3395 534 3793 604 διαμετρήσω.
3817 531 3927 590 Καὶ

685 638 935 694 culorum
989 636 1145 691 locus
1191 644 1275 690 est
1322 634 1516 703 iacens
1563 639 1689 687 ante
1735 629 1961 695 Sicima,
1994 644 2155 701 quem
2196 642 2257 682 se

690 727 833 783 Deus
862 726 1091 796 captivis
1114 740 1371 779 mensura
1400 724 1601 794 pariter
1621 723 1924 778 divisurum
1948 721 2254 791 pollicetur.

691 816 756 871 Et
784 818 998 871 duobus
1029 817 1115 870 bis
1146 815 1304 879 locis,
1333 814 1643 869 universam
1685 810 1929 867 Judmm
1970 811 2253 882 signiﬁca-

690 910 787 974 vit,
819 907 984 963 veluti
1018 921 1049 960 a
1089 914 1243 977 parte
1274 913 1472 976 totum.
1842 896 1843 899 “

759 1084 928 1139 Vens.
960 1084 1016 1140 8.
1046 1087 1195 1139 Meus
1229 1093 1307 1138 est
1336 1082 1570 1150 Calaad,
1599 1093 1646 1137 et
1679 1100 1823 1139 meus
1854 1094 1929 1138 est
1953 1081 2254 1137 Hanasses.

695 1180 739 1230 Δ
770 1176 970 1231 minori
1005 1176 1072 1230 ad
1104 1176 1365 1244 majorem
1395 1176 1679 1237 ascendit,
1700 1183 1867 1246 atque
1895 1190 1926 1229 a
1963 1175 2258 1245 posteriori

695 1269 760 1321 ad
813 1267 1099 1337 priorem:
1146 1268 1353 1335 quippe
1395 1280 1520 1320 cum
1580 1253 1784 1321 Galaad
1850 1267 2256 1336 progenitorem

693 1375 849 1413 suum
887 1360 1114 1411 haberet
1148 1357 1479 1425 Manasse'm.
1512 1356 1616 1412 Per
1648 1357 1934 1412 Manassen
1962 1372 2090 1412 vero
2133 1357 2257 1410 uni-

694 1465 905 1505 versam
955 1448 1235 1509 Manasses
1263 1448 1465 1502 tribum
1506 1448 1780 1515 intelligit,
1812 1455 1866 1503 et
1911 1462 2005 1516 per
2032 1448 2137 1500 alia
2164 1462 2262 1516 pa-

662 1540 1061 1602 ,trlarcbarum
1094 1540 1339 1606 nomina,
1384 1539 1517 1593 alias
1552 1540 1881 1609 insigniores
1926 1539 2127 1603 tribus,
2165 1554 2260 1608 per

692 1646 831 1702 quas
864 1632 1089 1701 reliquae
1116 1632 1280 1686 etiam
1324 1619 1889 1700 comprehenduntur.
1928 1631 2017 1682 Ait
2048 1632 2253 1701 igitur:

706 1720 855 1775 Meus
897 1736 1045 1775 nunc
1075 1728 1158 1774 est
1205 1728 1356 1775 totus
1397 1720 1649 1789 populus,
1703 1719 1920 1774 tametsi
1965 1719 2259 1788 aliquando

697 1827 821 1868 eum
849 1812 1169 1880 repulerim,
1203 1812 1424 1879 quando
1450 1825 1534 1865 me
1570 1810 1828 1864 irritavit.

771 1900 840 1953 Et
869 1901 1126 1969 Ephraim
1159 1900 1423 1967 fortitudo
1453 1900 1643 1968 cupitis
1674 1901 1793 1953 mei.
1823 1898 1925 1955 Per
1957 1910 2119 1969 caput
2158 1900 2261 1955 hoc

695 1989 817 2043 loco
848 1989 1133 2057 imperium
1167 1990 1447 2059 intelligit,
1476 1981 1934 2064 quemadmodum
1964 1993 2077 2061 ipse
2094 1993 2259 2047 etiam

696 2080 1057 2152 Symmachus
1087 2081 1393 2165 transtulit,
1422 2092 1476 2135 ct
1514 2096 1713 2137 sensus
1740 2091 1823 2137 est
1854 2100 1869 2136 :
1903 2084 2047 2153 quod
2075 2094 2266 2154 poten-

2357 632 2391 700 ἡ
2420 629 2604 692 κοιλὰς
2626 629 2734 683 τῶν
2770 626 2983 699 σκηνῶν
3006 626 3222 699 χωρίων
3254 620 3342 697 ἦν,
3389 627 3495 699 πρὸ
3529 628 3638 681 τῶν
3667 628 3933 697 Σικήμων

2357 720 2630 791 κείμενον,
2650 720 2679 771 ὃ
2709 722 2803 774 καὶ
2830 720 2962 773 αὐτὸ
2990 722 3174 792 μέτρῳ
3203 722 3477 792 διανεῖμαι
3503 724 3614 785 τοῖς
3640 721 3930 793 αίχμαλὼ-

2356 826 2472 872 τοις
2501 811 2865 880 ὑπισχνεῖται.
2910 810 3013 863 Διὰ
3034 810 3091 864 δι
3123 810 3325 865 τούτων
3343 810 3453 864 τῶν
3477 813 3679 879 τόπων,
3710 813 3807 867 καὶ
3830 811 3930 884 τὴν

2359 899 2655 969 σύμπασαν
2722 900 2979 955 Ἰουδαίαν
3007 941 3023 966 ,
3076 902 3151 964 ὡς
3194 903 3259 956 ὲκ
3304 903 3504 973 μέρους
3553 903 3614 955 τὸ
3649 905 3761 956 πᾶν
3805 903 3931 974 ἐδή-

2360 989 2553 1045 λωσεν.
3494 1004 3499 1009 ·

2424 1083 2618 1151 ’Ἔμός
2647 1084 2777 1137 ἐστι
2804 1084 3072 1150 Γαλαὰδ,
3097 1085 3194 1137 καί
3223 1084 3366 1154 ἐμός
3399 1085 3533 1139 ἐστι
3558 1084 3928 1153 Μανασσῆς.

2372 1172 2427 1225 Ἀ
2438 1175 2506 1225 πὸ
2530 1173 2624 1227 τοῦ
2653 1162 3069 1244 ἀπογόνουξὲπὶ
3092 1174 3181 1228 τὸν
3209 1176 3476 1246 πρόγονον
3500 1175 3700 1246 ἀνῆλθε
3733 1192 3751 1208 ο
3789 1177 3929 1246 πρό-

2360 1280 2516 1330 γονος
2561 1267 2668 1334 γὰρ
2696 1265 2725 1316 δ
2772 1265 3071 1334 Μανασσῆς
3122 1265 3215 1318 τοῦ
3274 1266 3491 1319 Γαλαὰδ
3528 1283 3544 1298 ο
3598 1268 3689 1323 διὰ
3728 1268 3787 1321 δὲ
3833 1270 3928 1323 τοῦ

2361 1356 2661 1425 Μανασσῆ,
2710 1356 2806 1425 τὴν
2845 1357 3018 1427 φυλὴν
3050 1356 3216 1409 αὑτοῦ
3281 1358 3518 1427 ἐδήλωσε
3544 1376 3556 1388 ·
3587 1362 3682 1413 καὶ
3706 1360 3798 1413 διὰ
3819 1361 3931 1414 τῶν

2362 1446 2537 1500 ἄλλων
2560 1448 2963 1516 ὀνομάτων,τὰς
2985 1448 3149 1512 ἄλλας
3172 1450 3363 1518 φυλὰς,
3382 1450 3479 1513 τὰς
3498 1451 3928 1522 ὲπισημοτέρας,

2361 1532 2449 1600 αἷς
2493 1538 2585 1590 καί
2654 1540 2711 1590 αἰ
2775 1541 2960 1631 λοιηαὶ
3014 1540 3655 1609 συμπεριλαμϐάνονται.
3751 1542 3921 1610 Λέγει

2361 1628 2441 1694 δὲ,
2494 1628 2578 1681 ὅτι
2640 1628 2801 1699 Ἐμός
2834 1628 2949 1683 ἐστι
2997 1629 3115 1696 νῦν,
3160 1632 3254 1685 καὶ
3296 1635 3347 1686 εἰ
3382 1632 3695 1704 dmoriqu
3722 1634 3889 1688 αὑτὸν
3914 1674 3930 1701 ,

2362 1719 2451 1770 ὅτε
2483 1736 2549 1788 με
2598 1718 2937 1790 παρώργισι.

2295 1872 2338 1926 Β
2437 1902 2547 1954 Καὶ
2592 1901 2867 1970 Ἑςρραῒμ,
2924 1904 3283 1971 κραταίωσις
3330 1902 3441 1970 τῆς
3474 1904 3748 1972 κεφαλῆς
3790 1919 3931 1974 μου.

2366 1991 2622 2060 Κεφαλὴν
2646 1993 2900 2055 ἐνταῦθα,
2929 1992 3029 2062 τὴν
3060 1992 3233 2063 ἀρχὴν
3258 1993 3513 2062 ὀνομάζει
3539 2008 3553 2022 '
3583 1993 3725 2046 οὕτω
3760 1994 3873 2065 γὰρ
3906 1996 3935 2046 ὁ

2366 2082 2662 2152 Σύμμαχος
2701 2082 2954 2147 ἐξέδωκε.
2986 2084 3155 2151 tholi:
3201 2083 3315 2149 οὖν,
3367 2086 3449 2138 ὅτι
3477 2084 3738 2155 κραταιὸν
3767 2085 3935 2156 μέρος

696 2174 909 2228 tissiina
948 2187 1071 2241 pars
1108 2172 1260 2252 regni
1302 2170 1640 2239 Iudaeorum,
1674 2174 1727 2227 in
1764 2175 2129 2230 iis.consistit
2172 2178 2263 2229 mi-

2366 2176 2462 2243 τῆς
2535 2172 2800 2244 Ἐϐραίων
2861 2173 3137 2244 βασιλείας
3196 2174 3410 2230 ἔσονται
3473 2177 3523 2228 οί
3585 2176 3693 2229 ἀπὸ
3744 2177 3934 2252 γένους

697 2264 909 2327 litibus,
948 2267 1041 2334 qui
1072 2274 1203 2319 sunt
1238 2266 1305 2319 de
1342 2280 1543 2335 genere
1589 2264 1868 2336 Ephraim.
1914 2265 2029 2322 Hoc
2080 2276 2261 2323 autem

697 2358 1042 2427 pronomine,
1106 2373 1273 2421 meus,
1335 2357 1615 2411 vindicare
1687 2357 1791 2412 sibi
1851 2358 2067 2413 videtur
2120 2358 2265 2415 Deus

695 2464 887 2503 eorum
917 2462 1166 2517 regnum,
1200 2458 1461 2515 tanquam
1508 2446 1762 2516 proprius
1794 2446 1887 2501 ille
1920 2447 2023 2500 sibi
2060 2448 2131 2501 sit
2163 2462 2265 2515 po-

697 2540 907 2608 pulus,
958 2553 1022 2593 ex
1070 2537 1499 2607 quo’majorem
1558 2537 1709 2593 illius
1767 2536 1933 2591 etiam
1998 2537 2259 2592 ﬁduciam

694 2637 938 2700 prestat.
1021 2683 1025 2686 .

773 2720 934 2776 Vens.
970 2720 1025 2775 9.
1055 2717 1228 2773 ludas
1280 2718 1394 2773 Rea:
1431 2735 1597 2775 meus.
1652 2718 1729 2773 Ex
1772 2719 1917 2773 tribu
1975 2718 2111 2775 Juda
2163 2720 2268 2778 erit

699 2811 815 2867 Rex
879 2815 1075 2881 p0pulo
1133 2811 1324 2867 Israel.
1388 2809 1524 2864 Nam
1582 2820 1637 2865 et
1692 2818 1816 2881 post
1871 2811 2266 2880 captivitatem,

698 2906 1001 2961 Zorobabel
1029 2906 1119 2976 qui
1150 2906 1217 2959 de
1254 2904 1401 2958 tribu
1439 2900 1469 2957 J
1480 2902 1582 2957 uda
1608 2910 1751 2969 erat,
1789 2900 1899 2957 Rex
1926 2903 2264 2958 constitutus

2381 2268 2645 2339 Ἐφραῖμ.
2678 2268 2778 2321 Διὰ
2801 2269 2857 2323 δὲ
2876 2270 2976 2338 τῆς
2994 2286 3112 2339 μου
3144 2271 3486 2342 ἁντωνυμίας
3516 2272 3811 2326 οἰκειοῦται
3835 2249 3934 2342 τὴν

2370 2359 2654 2430 βασιλείαν
2684 2361 2866 2415 αὐτῶν
2890 2364 2919 2415 ὁ
2941 2361 3099 2429 Θεὸς,
3121 2361 3195 2426 ὡς
3222 2365 3421 2420 οἰκεῖον
3464 2364 3612 2432 λαὸν,
3645 2364 3935 2435 θαρρύνων

2366 2452 2589 2515 αύτούς.

2453 2719 2682 2786 Ἰούδας
2700 2721 2998 2788 βασιλεὺς
3020 2738 3156 2790 μου.
3179 2723 3287 2777 Καὶ
3306 2724 3413 2779 ἀπὸ
3436 2725 3535 2795 τῆς
3563 2724 3729 2779 Ἰούδα
3754 2726 3935 2795 φυλῆς

2368 2811 2520 2864 ἔσται
2553 2814 2581 2865 ὁ
2609 2810 2861 2881 βασιλεὺς
2891 2812 3091 2866 αὐτῶν.
3126 2809 3184 2865 '0
3219 2815 3524 2884 Ζοροϐάϐελ
3547 2817 3655 2887 γὰρ
3686 2816 3796 2871 ἀπὸ
3823 2817 3927 2885 τῆς

2368 2902 2747 2973 αἰχμαλωσίαν
2794 2902 3141 2959 ἐϐασίλευσεν
3191 2906 3372 2958 αὐτῶν
3422 2909 3487 2961 ὲκ
3525 2908 3639 2978 τῆς,
3674 2909 3936 2978 τοιαύτης

634 3010 639 3016 ’
698 3010 801 3054 est.
836 2998 947 3051 Hoc
977 2998 1141 3050 etiam
1166 2998 1221 3050 in
1261 2997 1403 3059 loco,
1436 3008 1735 3064 pronomen
1770 3009 1785 3045 :
1824 3010 1989 3059 meus,
2037 3007 2263 3062 regnum

2366 2997 2540 3067 ἰρυλῆς
2563 2996 2960 3065 καταγόμενος.
3011 2997 3305 3051 Κάνταῦθα
3325 2999 3381 3053 δὲ
3401 3001 3461 3053 τὸ
3488 3012 3630 3070 μου,
3658 3002 3937 3057 οἰκείωσιν

704 3090 839 3146 illud
926 3089 1209 3159 proprium
1275 3086 1680 3161 quodammodo
1745 3087 1919 3157 ipsius
1984 3084 2078 3140 Dei
2126 3098 2281 3138 esse-

700 3183 961 3238 ostendit.

769 3200 961 3237 tenuit.

738 3200 930 3327 suoab
968 3274 1104 3327 lebes
1142 3274 1251 3342 spei
1298 3287 1445 3326 mete.
1486 3269 1659 3331 Lebes
1694 3283 1867 3339 genus
1895 3278 1981 3323 est
2018 3268 2166 3324 vasis
2197 3266 2265 3322 ad

701 3366 1006 3420 ministeria
1042 3381 1055 3418 :
1086 3380 1182 3433 per
1212 3366 1357 3435 quod
1390 3364 1630 3417 indicare
1658 3362 1896 3426 videtur,
1942 3362 2088 3431 quod
2114 3359 2265 3415 Moa-

706 3458 942 3511 bitarum
981 3456 1214 3525 populus
1260 3454 1364 3510 sibi
1411 3453 1785 3523 subjiciendus
1814 3461 1979 3517 esset,
2014 3451 2070 3507 et'
2114 3452 2269 3506 mini-

2370 3087 2627 3156 ἐμφαίνει
2660 3086 2758 3156 τῆς
2778 3085 3037 3158 τοιαύτης
3067 3086 3365 3157 βασιλείας.

2442 3265 2624 3320 Μωὰὸ
2642 3265 2825 3333 λέϐης
2852 3264 2961 3334 τῆς
2989 3265 3233 3332 ἐλπίδος
3251 3284 3393 3336 μου.
3430 3266 3788 3338 ’Υῖτηρετικόν
3820 3271 3937 3326 ἐστι

2372 3357 2563 3421 σκεῦος
2612 3358 2640 3409 ὁ
2687 3356 2850 3427 λέϐης
2886 3373 2899 3387 ·
2942 3357 3235 3412 αἰνίττεται
3271 3358 3350 3422 δὲ,
3396 3360 3480 3411 ὅτι
3522 3358 3583 3412 τὸ
3628 3359 3940 3414 Μωαϐιτῶν

2372 3449 2525 3512 ἔθνος
2560 3450 2967 3518 ὑποταγήσεται
3018 3450 3226 3513 αὐτοῖς,
3266 3450 3361 3502 καὶ
3406 3449 3710 3519 ὑπηρετοῦν
3753 3452 3935 3508 ἔσται.

704 3555 1002 3602 straturus.
1034 3544 1156 3612 Spei
1189 3561 1335 3611 mea,
1364 3545 1467 3599 hoc
1493 3553 1599 3610 est,
1629 3544 2042 3598 ministraturus
2070 3544 2140 3598 iis
2174 3545 2263 3614 qui

2376 3540 2491 3627 Τῆς
2534 3540 2785 3607 ἐλπίδος
2812 3557 2954 3609 μου,
3004 3540 3126 3594 ἀντὶ
3156 3538 3281 3627 τοῦ,
3329 3540 3438 3593 τῶν
3472 3540 3803 3605 ἐλπιζόντων
3858 3544 3941 3609 εἰς

704 3638 761 3691 in
808 3653 892 3690 me
942 3637 1308 3704 speraverint,
1355 3634 1441 3689 vel
1487 3635 1555 3689 iis
1601 3635 1655 3688 in
1693 3634 1891 3703 quibus
1937 3648 2040 3705 ego
2084 3650 2265 3705 spero,

711 3729 857 3799 quod
890 3729 993 3793 mei
1027 3729 1198 3787 futuri
1224 3736 1372 3782 sunt.
2067 3710 2072 3713 ³
2242 3742 2247 3745 ‘

753 3821 840 3897 ‘Iu
913 3819 1211 3873 Idumwam
1266 3820 1546 3873 extendam
1603 3820 2018 3895 calceamentunt
2072 3838 2265 3877 meum.

705 3912 808 3967 Per
860 3914 1293 3968 calceamentum
1348 3913 1451 3967 iter
1505 3912 1775 3982 intelligit.
1820 3911 2012 3976 Hanc,
2059 3913 2263 3985 inquit,

704 4000 995 4056 ldumaaam
1058 4003 1261 4070 populo
1305 4015 1424 4053 meo
1457 4002 1662 4070 pariter
1694 4001 2008 4071 subjiciam,
2042 4017 2169 4058 curn
2200 4016 2266 4057 eo

705 4093 772 4147 ad
798 4091 995 4147 bellum
1023 4092 1185 4145 simul
1218 4090 1531 4161 proﬁciens.
1584 4124 1585 4127 η

776 4179 913 4233 usus
944 4156 1247 4249 alienigena:
1276 4179 1471 4231 subditi
1493 4193 1634 4233 sunt.
1660 4178 1929 4246 Moabitae,
1948 4156 2003 4236 ei
2021 4177 2263 4247 Idumaei,

708 4271 776 4324 de
804 4272 1003 4339 quibus
1034 4270 1298 4333 diximus,
1328 4278 1382 4324 et
1414 4270 1503 4323 alii
1533 4270 1914 4325 circunfvicini
1951 4273 2161 4342 populi.
2200 4273 2268 4327 Et

711 4361 859 4432 quod
900 4362 1015 4415 ait:
1083 4360 1299 4416 Subditi
1348 4369 1492 4425 sunt,
1535 4356 1861 4430 Pi‘oplietico
1908 4376 2064 4417 more
2108 4362 2265 4431 dixit,

707 4454 1040 4526 praeteritum
1072 4468 1171 4522 pro
1201 4453 1387 4506 futuro
1414 4462 1627 4523 tempus
1655 4466 1889 4522 ponens.

2371 3622 2479 3703 ἐμέ
2503 3650 2517 3664 ·
2549 3633 2583 3704 ἢ
2608 3634 2665 3685 ὲν
2694 3627 2775 3697 οἷς
2804 3632 3031 3699 ἐλπίζω,
3065 3632 3148 3686 δτι
3176 3622 3299 3703 ἐμοὶ
3330 3633 3567 3688 ἔσονται.

2452 3811 2576 3864 Ἐπί
2601 3810 2717 3878 τὴν
2752 3806 3096 3881 ἰδουμαίατ
3132 3808 3355 3863 ἐκτενῶ
3380 3810 3447 3864 τὸ
3481 3774 3759 3879 ὑπόδημά
3794 3830 3937 3883 μου.

2385 3904 2671 3975 ’Υπόδημα
2695 3904 2795 3974 τὴν
2840 3904 3067 3975 πορείαν
3111 3903 3279 3971 λέγει,
3309 3902 3554 3957 τουτέστι
3603 3906 3699 3958 καὶ
3731 3906 3940 3979 ταύτην

2372 3995 2625 4062 ὑποτάξω
2652 3995 2770 4065 λαῷ
2801 4012 2927 4065 μου,
2958 3996 3458 4065 συνεκστρατεύσας
3486 3996 3657 4067 αὐτῷ.

2456 4173 2614 4242 Ἐμοί
2648 4174 2993 4247 ἀλλόφυλοι
3030 4172 3442 4241 ὑπετάγησαν.
3474 4172 3543 4224 Οἵ
3581 4187 3641 4224 τε
3681 4170 3943 4243 ῥηθέντες

2370 4266 2663 4323 Μωαὸίται
2690 4252 2784 4318 καί
2817 4262 3127 4335 Ἰδουμαῖοι,
3154 4264 3260 4317 καίΓ
3279 4264 3328 4316 οἰ
3361 4262 3539 4333 πέριξ.
3573 4262 3646 4314 Τὸ
3668 4262 3726 4316 δὲ
3798 4262 3943 4318 ’Υπ-

2370 4360 2694 4429 πάτησαν,
2731 4357 2872 4411 κατὰ
2897 4353 3237 4427 προφητικὸν
3286 4354 3481 4425 ἰδίωμα
3516 4354 3749 4425 εἰρηται,
3771 4354 3863 4411 διὰ
3881 4356 3943 4411 τὸ

2382 4450 2597 4521 μέλλον.

783 4545 943 4600 Vitas.
974 4546 1061 4599 10.
1097 4543 1230 4610 Quis
1260 4544 1478 4597 deducet
1506 4558 1585 4597 me
1622 4543 1675 4596 in
1719 4544 1981 4597 ciuitatem
2009 4546 2263 4600 munitio-

2450 4539 2549 4607 Τίς
2576 4539 2790 4604 ἀπάξει
2811 4556 2887 4609 με
2922 4541 3009 4605 εἰς
3048 4541 3233 4593 πόλιν
3273 4538 3565 4608 περιοχῆς
3595 4555 3616 4604 ;
3652 4541 3942 4614 Προσώπῳ

707 4638 790 4691 nis
812 4638 836 4689 7
856 4636 1057 4711 Sermo
1085 4644 1167 4689 est
1198 4650 1264 4689 ex
1297 4636 1630 4704 captivorum
1667 4648 1919 4703 persona.
1941 4633 2267 4691 Munitionis

709 4739 887 4785 autem
907 4731 1099 4782 civitas
1131 4727 1413 4781 dicebatur
1433 4724 1760 4791 Jerusalem,
1792 4727 1919 4796 quia
1952 4725 2270 4782 fortissimis

710 4831 827 4875 erat
856 4798 1129 4873 mainibus
1149 4814 1579 4880 circumdata,et
1601 4814 1843 4883 undique
1872 4815 2007 4868 bene
2038 4812 2269 4869 munita.

707 4911 824 4967 Prae
854 4926 1064 4965 summa
1090 4919 1269 4964 autem
1295 4908 1479 4963 laetitia
1528 4907 1641 4962 haec
1681 4907 1842 4962 verba
1877 4907 2125 4976 proferre
2177 4906 2272 4961 in-

710 5006 1089 5065 troducuntur,
1119 5017 1241 5055 cum
1278 5008 1435 5055 antea
1458 5001 1513 5053 in
1534 4998 1844 5070 captivitate
1867 4997 2263 5063 detinereutur,

710 5096 854 5152 unde
884 5096 1031 5149 nulla
1066 5094 1205 5163 fugin
1233 5104 1359 5162 spes
1390 5099 1737 5163 apparuerat.

786 5187 918 5249 Qui:
955 5158 1172 5237 deducet
1208 5158 1289 5234 me
1310 5158 1546 5251 usqde‘in
1580 5158 1881 5233 Idumcam'
1906 5178 1931 5230 ?
1965 5175 2039 5233 Ita
2071 5186 2131 5232 ut
2165 5192 2271 5232 non

711 5286 921 5331 tantum
952 5277 1005 5329 in
1034 5277 1267 5344 patriam
1294 5277 1672 5335 restituamur,
1693 5272 1788 5325 sed
1808 5270 2089 5341 proximos
2104 5269 2265 5322 etiam

713 5361 1141 5434 circumquaque
1172 5366 1382 5419 vicinos
1417 5366 1646 5434 populos
1693 5361 2067 5430 subjugemus.

780 5457 947 5513 Vens.
977 5461 1062 5514 Η.
1086 5455 1274 5512 Nonne
1312 5466 1390 5523 tu,
1427 5457 1583 5521 Deus,
1605 5456 1693 5526 qui
1720 5452 1955 5521 repuliin
1988 5467 2082 5504 nos
2112 5450 2137 5504 3
2166 5447 2269 5503 Per

715 5552 1197 5623 interrogationem
1231 5550 1335 5604 hoc
1367 5548 1655 5617 legendum
1691 5556 1797 5611 cst,
1832 5554 1884 5600 et
1920 5542 2083 5598 simili
2108 5540 2268 5596 modo

2374 4632 2484 4685 τῶν
2528 4628 2888 4702 αἰχμαλώτων
2930 4630 2959 4683 6
3004 4630 3161 4698 λόγος
3192 4647 3209 4663 ο
3254 4628 3411 4693 πόλις
3459 4629 3518 4681 δδ
3577 4630 3860 4702 περιοχῆς,
3905 4634 3939 4702 ἡ

2386 4700 2741 4791 Ἰερουσαλὴμ
2766 4718 3031 4782 ἐκαλεῖτο,
3062 4718 3151 4771 διὰ
3172 4716 3233 4771 τδ
3258 4716 3588 4785 εὑτείχιστον
3616 4700 3809 4785 αὐτῆς,
3847 4700 3942 4772 καί

2375 4812 2759 4883 ὠχυρωμένον.
2800 4810 2946 4865 νὙπδ
2994 4809 3349 4896 περιχαρείας
3385 4807 3443 4861 δὲ
3472 4807 3629 4861 τοῦτο
3668 4807 3940 4876 λέγουσιν,

2377 4903 2464 4955 ὅτι
2503 4901 2741 4971 itaita!)
2771 4902 2830 4954 ιν
2862 4898 3092 4968 ἀφύκτῳ
3116 4898 3431 4968 κατείχοντο
3450 4896 3603 4966 παρὰ
3637 4898 3704 4968 τῇ
3739 4900 3944 4970 αίχμαρ

2376 4990 2571 5061 λωσίᾳ.
3338 5028 3343 5031 -

2451 5165 2547 5228 Τις
2582 5166 2873 5236 ὁδηγήσει
2894 5182 2973 5236 με
2998 5166 3111 5235 ἕως
3148 5167 3260 5238 τῆς
3310 5168 3649 5239 Ἰδουμαίας
3673 5185 3695 5234 ;
3743 5167 3835 5232 Ὠς
3863 5147 3941 5235 μή

2381 5262 2541 5331 μόνον
2567 5263 2665 5331 τὴν
2693 5260 2931 5331 πατρίδα
2959 5260 3272 5327 ἀπολαϐεῖν,
3322 5253 3459 5315 ἀλλὰ
3488 5260 3584 5315 καὶ
3620 5262 3748 5325 τοὺς
3778 5259 3941 5331 πέριξ

2377 5352 2603 5423 ἐχθροὺς
2626 5350 3015 5413 δουλώσασθαι.
3361 5402 3371 5406 -
3712 5388 3713 5391 η

2452 5444 2597 5512 Οὐχί
2633 5442 2737 5506 σὺ,
2767 5445 2800 5497 ό
2831 5442 2997 5508 Θεὸς,
3043 5443 3077 5495 ό
3113 5442 3505 5513 ἀπωσάμενος
3535 5438 3693 5511 ἡμᾶς
3718 5458 3740 5507 ;
3771 5439 3941 5496 Τοῦτο

2380 5538 2505 5590 κατ’
2537 5534 2804 5613 ὲριίρτησιν
2832 5529 3203 5605 ἀναγνωστέον
3231 5553 3246 5566 ο
3273 5538 3473 5608 ὁμοίοις
3508 5533 3565 5587 δὲ
3594 5530 3691 5587 καὶ
3717 5532 3781 5586 τὸ
3809 5531 3938 5603 ἑξῆς

2044 5722 2242 5784 Variae
2276 5719 2612 5799 lectiones.

794 5832 910 5903 (12)
932 5794 1014 5888 ΑΙ.
1046 5832 1155 5887 Καὶ
1181 5832 1237 5887 ὲν
1265 5829 1488 5901 ἀφύκτῳ
1519 5831 1772 5899 λέγοντες
1797 5824 2130 5896 κατείχοντο.
