4124 6326
637 353 743 417 659

1823 353 2201 415 EUTHYMII
2244 357 2602 421 ZlGABENl

3732 370 3845 431 660

635 463 980 534 praenuntiat,
1022 464 1151 533 quid
1190 470 1369 517 autem
1419 462 1490 517 sit
1524 459 1771 517 Psalmus
1820 464 2035 524 cantici,
2066 463 2175 533 jam

2286 468 2576 522 κατάλυσιν
2601 468 2706 521 τῶν
2728 469 3015 540 δαιμόνων.
3067 474 3131 525 Ti
3160 474 3203 527 δ’
3236 474 3355 527 ἐστὶ
3394 474 3637 544 Ψαλμὸς
3676 476 3840 546 ᾠδῆς

634 556 761 609 ulibi
790 554 1047 610 diximus.
1824 603 1831 608 _
2126 614 2127 617 η

705 642 868 699 Vens.
913 644 966 698 Ξ.
1026 642 1288 713 Exsurgat
1342 643 1502 706 Deus,
1533 652 1580 697 e!
1613 644 1930 712 dissipentur
1981 645 2186 699 inimici

555 795 565 800 _
635 740 767 808 ejus.
805 738 940 793 Cum
973 738 1245 791 daemones
1293 736 1347 790 in
1397 736 1692 790 humanum
1736 751 1905 807 genus
1943 739 2186 807 tyranni-

635 832 755 885 dem
811 835 1153 888 exercerent,
1186 842 1285 881 nec
1332 828 1494 880 homo
1546 827 1765 896 aliquis,
1826 843 1923 881 nec
1958 828 2184 897 angelus

634 919 861 993 captivis
895 916 1212 972 hominibus
1267 932 1423 986 opem
1458 916 1649 979 ferret,
1698 927 1855 971 vocat
1913 916 2182 987 PrOphela

633 1014 686 1066 in
743 1009 1003 1065 auxilium
1065 1010 1240 1079 ipsutn
1301 1008 1541 1061 omnium
1600 1006 1937 1074 Creatorem,
1986 1024 2184 1079 rogans

589 1138 599 1147 .
630 1118 751 1160 cum
786 1110 844 1157 ut
876 1101 1131 1155 celeriter
1154 1106 1433 1168 exsurgat.
1470 1097 1880 1154 Surrcctionem
1916 1110 2095 1154 autem
2128 1103 2179 1154 in

630 1196 742 1251 Deo
770 1209 902 1248 sane
929 1205 981 1248 et
1008 1193 1171 1264 digne
1200 1191 1309 1245 Deo
1340 1190 1631 1257 intelliges,
1656 1199 1859 1245 motum
1893 1191 2179 1259 que'mdam

629 1301 749 1341 csse
786 1285 859 1339 ad
879 1283 1313 1354 delinquentium
1344 1282 1659 1337 vindictam.
1699 1283 1762 1335 Et
1791 1284 1914 1337 licet
1935 1284 2180 1346 verbum,

627 1385 902 1445 exsurgat.
930 1374 1233 1444 imperativi
1254 1374 1324 1427 sit
1354 1373 1498 1427 modi
1532 1372 1611 1442 (ut
1638 1387 1701 1426 ex
1732 1372 1915 1427 Grteca
1951 1372 2181 1428 lectione

627 1474 814 1536 aperte
853 1465 1240 1536 dignoscitur),
1270 1478 1493 1519 sensum
1518 1463 1763 1532 aptantis
1798 1463 1960 1518 habet
1995 1463 2176 1517 hocin

2291 559 2635 629 προείρηται.

2369 648 2708 715 ’Δναστήτω
2729 653 2762 705 ὀ
2788 653 2934 717 Θεὸς
2963 653 3060 706 καὶ
3092 652 3734 721 διασχορπισθήτωσαν
3785 656 3846 708 οἱ

2283 738 2483 807 ἐχθροὶ
2515 740 2721 794 αὑτοῦ.
2763 741 2885 794 Τῶν
2937 743 3209 813 δαιμόνων
3259 745 3688 815 τυραννούντων,
3742 746 3841 798 καὶ

2288 829 2424 899 μήτε
2444 830 2699 898 ἀγγέλου,
2726 833 2862 902 μήτε
2879 832 3168 903 ἀνθρώπου
3190 833 3510 904 βοηθοῦντος
3533 838 3645 898 τοῖς
3670 852 3847 895 καταρ

2284 921 2645 997 δουλωθεῖσιν,
2679 924 2840 976 αὐτὸν
2873 925 2964 976 τὸν
2989 924 3244 996 Πλάστην
3265 924 3373 979 τῶν
3392 926 3848 995 τυραννουμένων

2285 1012 2441 1065 καλεῖ
2467 1013 2599 1081 πρὸς
2624 1014 2856 1081 ἄμυναν.
2884 1017 3206 1071 ’Ᾱνάστασιν
3247 1017 3304 1070 δὲ
3338 1016 3660 1089 θεοπρεπῶς
3720 1018 3851 1087 νοή-

2290 1120 2402 1165 σεις
2433 1102 2532 1174 τὴν
2562 1106 2777 1173 κίνησιν
2803 1107 2882 1169 είς
2904 1106 3199 1178 ἐκδίκησιν.
3237 1108 3299 1161 Et
3322 1108 3380 1161 δὲ
3399 1109 3492 1161 καὶ
3513 1124 3846 1177 προστακτι-

2289 1193 2400 1256 κῶς
2444 1196 2841 1265 ισχημάτισται
2894 1197 2978 1262 τδ,
3026 1197 3381 1264 Ἀναστήτω,
3429 1199 3523 1253 καὶ
3551 1182 3619 1253 τα
3691 1197 3847 1267 ἑξῆς.

2289 1284 2401 1336 ἀλλ’
2428 1284 2681 1339 εύκτικοῦ
2708 1287 2865 1359 λόγου
2893 1288 3172 1357 σημασίαν
3198 1288 3433 1359 ἔχουσιν,
3460 1289 3535 1351 ὡς
3562 1290 3619 1341 ὲν
3665 1288 3849 1349 ἄλλοις

2287 1372 2608 1445 εἰρήκαμεν.
2642 1357 2860 1445 Ἐχάροὶ
2880 1375 2937 1428 δὲ
2957 1376 3051 1428 τοῦ
3080 1376 3217 1430 Θεοῦ
3248 1357 3453 1447 κυρίως
3480 1378 3531 1429 ol
3564 1377 3839 1447 δαίμονες,

2283 1462 2359 1527 ὼς
2379 1464 2686 1519 ἀποστάται
2709 1470 2802 1521 καὶ
2824 1467 3215 1538 ἀντικείμενοι.

628 1534 785 1612 loco;
819 1565 871 1611 et
907 1534 1069 1609 simili
1099 1554 1259 1609 modo
1293 1554 1393 1607 alia
1434 1552 1719 1623 sequentia
1764 1552 1950 1615 verba,
1986 1554 2445 1621 quemadmodum
2479 1562 2535 1607 et
2604 1556 2791 1610 multis
2843 1557 2970 1611 aliis
3043 1534 3099 1611 in
3190 1559 3327 1612 locis
3405 1546 3697 1628 reperitur,
3754 1534 3844 1610 ιιι)ἰ

626 1654 787 1707 etiam
816 1652 1075 1705 diximus.
1124 1649 1330 1703 Inimici
1364 1660 1541 1703 autem
1582 1649 1696 1713 Dei,
1733 1648 1950 1717 proprie
1977 1646 2251 1700 daemones
2284 1655 2438 1712 sunt,
2468 1648 2633 1703 veluti
2664 1647 2914 1715 rebelles,
2957 1665 3020 1705 ac
3045 1649 3153 1705 Deo
3185 1651 3561 1708 adversantes.
3608 1697 3619 1703 -

704 1742 769 1796 Et
795 1744 1023 1813 fugiant,
1054 1742 1143 1813 qui
1171 1741 1387 1795 oderunt
1410 1757 1527 1794 eum
1554 1757 1584 1793 a
1616 1740 1750 1808 {acie
1780 1740 1914 1804 ejus.
1945 1736 2174 1809 Fugiunt

2352 1740 2459 1792 Kal
2543 1744 2897 1809 φυγέτωσαν
2972 1744 3090 1798 ἀπὸ
3172 1743 3493 1811 προσώπου
3554 1743 3741 1797 αὑτοῦ
3789 1749 3843 1798 ot

626 1850 655 1887 a
708 1833 996 1903 prmsentia
1043 1841 1096 1886 et
1149 1840 1442 1898 conspectu
1507 1830 1619 1893 Dei,
1674 1831 1817 1885 illius
1867 1831 2070 1883 vultum
2128 1831 2179 1881 in

625 1940 791 1979 carne
811 1924 950 1978 ferre
980 1932 1337 1992 nequeuntes.
1370 1924 1522 1987 Quod
1544 1922 1702 1974 etiam
1723 1921 1899 1989 reipsa
1920 1921 2183 1973 accidisse

624 2014 877 2082 videmus
911 2030 925 2068 :
959 2028 1082 2067 cum
1135 2012 1310 2068 sicubi
1370 2011 1625 2065 Christus
1678 2010 1969 2073 coleretur,
2034 2010 2178 2065 illius

621 2106 757 2160 adeo
790 2105 1131 2175 praesentiam
1164 2104 1411 2175 lugerent
1441 2104 1738 2164 daemones,
1765 2112 1824 2154 ut
1853 2111 1995 2155 retro
2026 2117 2175 2154 utm-

622 2210 785 2265 quam
815 2203 1291 2250 converterentur.

696 2288 859 2343 Vens.
889 2288 943 2341 3.
970 2285 1117 2361 Sicut
1143 2287 1315 2359 deﬁcit
1358 2289 1557 2355 fumus,
1590 2286 1744 2353 deﬁci
1766 2294 1868 2337 ant.
1899 2285 2173 2348 Quemad-

623 2365 839 2435 modum
868 2378 1049 2435 delicit
1094 2378 1283 2431 fumus
1319 2378 1564 2447 spirante
1605 2378 1790 2437 ventu,
1821 2376 1891 2427 ita
1930 2375 2091 2428 etiam
2124 2374 2173 2425 In

622 2472 896 2524 dtemoncs
933 2467 1208 2531 deﬁciant,
1234 2468 1453 2537 impulsi
1488 2468 1743 2520 nimirum
1773 2480 1836 2519 ac
1863 2465 2112 2533 dissipati
2145 2480 2175 2517 a

622 2572 814 2615 sancto
840 2559 1064 2629 Spiritu.

690 2650 837 2721 Sicut
871 2650 1067 2718 lique/it
1128 2667 1245 2703 cera
1277 2668 1307 2702 a
1338 2649 1474 2717 [acie
1507 2650 1663 2718 ignis.
1693 2649 1768 2701 sic
1810 2656 2022 2713 pereant
2052 2662 2171 2711 pec-

620 2750 823 2793 ratores
854 2756 884 2792 a
911 2740 1047 2808 facie
1075 2740 1184 2793 Dei.
1216 2739 1922 2807 Quemadtnodttm,inquit,
1952 2747 2173 2804 aspectu

624 2832 765 2899 ignis
825 2846 951 2884 cera
1003 2830 1305 2901 liquescit,
1346 2834 1415 2884 ita
1473 2831 1747 2885 da‘mones
1806 2845 1833 2882 a
1881 2838 2175 2899 conspectu

622 2923 825 2977 Christi
880 2924 976 2993 qui
1012 2923 1154 2992 ignis
1189 2933 1271 2977 est
1296 2924 1630 2977 consumens
1665 2922 1707 2953 ³⁸
1743 2922 2173 2991 improbitatem,

2279 1831 2604 1897 μισοῦντες
2635 1834 2839 1886 αὐτόν.
2880 1834 3012 1886 Ἀπὸ
3031 1834 3129 1904 τῆς
3168 1834 3490 1902 ἐπιφανείας
3545 1834 3710 1887 αὗτοῧ
3769 1835 3845 1902 μὴ

2288 1922 2544 1991 φέροντες
2574 1924 2673 1990 τὴν
2709 1923 2794 1976 διὰ
2826 1924 3027 1992 σαρκὸς
3068 1924 3230 1977 αὑτοῦ
3293 1924 3619 1994 παρουσίαν.
3675 1924 3847 1977 Ἔνθα

2286 2011 2395 2079 γὰρ
2423 2012 2643 2081 παρείη,
2679 2012 3036 2081 ὲδραπέτευον
3064 2013 3490 2084 ἀμεταστρεπτί.

2360 2278 2458 2342 Ὧς
2482 2277 2745 2331 ἐκλείπει
2776 2274 3033 2341 καπνόςς
3054 2274 3520 2330 ἐκλειπέτωσαν.
3546 2275 3757 2346 Ὠσπερ
3814 2276 3843 2329 6

2283 2371 2485 2432 καπνὸς
2524 2370 2766 2423 ἑκλεέπει
2800 2369 2875 2439 τῷ
2909 2369 3177 2435 πνεύματι
3206 2366 3300 2419 τοῦ
3322 2366 3545 2432 ἀνέμου,
3574 2364 3717 2419 οὕτω
3746 2366 3841 2419 καὶ

2280 2455 2425 2513 οῦτοι
2447 2460 2525 2527 τῷ
2575 2450 2852 2531 [Ινεύματι
2888 2458 2965 2527 τῷ
3025 2458 3165 2523 ἀγίω
3218 2458 3567 2528 ἐλαυνόμενοι
3616 2473 3676 2508 τε
3744 2456 3841 2508 καὶ

2282 2550 2716 2621 σκεδαννύμενοι.
2991 2540 3027 2589 ὲ

2363 2641 2455 2708 Ὠς
2484 2641 2723 2708 τήκεται
2752 2641 2931 2710 κηρὸς
2952 2641 3070 2696 ἀπὸ
3097 2639 3422 2708 προσώπου
3470 2638 3679 2706 πυρὸς,
3734 2637 3841 2691 οὖα

2277 2748 2388 2797 τως
2410 2732 2774 2786 ἀπολοῦνται
2802 2735 2855 2784 ot
2881 2732 3209 2799 ἁμαρτωλοί
3233 2730 3349 2784 ἀπὸ
3368 2728 3691 2797 προσώπου
3728 2728 3837 2783 τοῦ

2280 2820 2454 2875 Θεοῦ.
2481 2819 2933 2889 Ὠσπερδκηρδς
2993 2822 3219 2889 τήκεται
3271 2821 3339 2889 τῇ
3387 2817 3681 2888 ἐπιφανείᾳ
3736 2816 3837 2871 τοῦ

2278 2912 2468 2983 πυρὸς,
2502 2911 2676 2976 οὕτως
2704 2906 2847 2966 οῦτοι
2877 2914 2944 2982 τῇ
2979 2911 3271 2982 ἐπιφανείᾳ
3294 2909 3388 2963 τοῦ
3447 2910 3712 2979 Χριστοῦ,
3762 2908 3841 2971 -δς

621 3013 918 3069 deﬂuentes
947 3023 1298 3068 evanescant.
1346 3015 1414 3067 Et
1461 3012 1604 3082 quod
1630 3015 1704 3064 ait
1737 3031 1750 3065 :
1784 3012 2033 3073 Pereunt,
2066 3028 2172 3067 non

2280 3002 2746 3074 προσαγορεύεται
2769 3004 2880 3074 πῦρ
2934 3004 3329 3057 καταναλίσκον
3376 3002 3475 3073 τὴν
3506 3000 3839 3072 μοχθηρίαν.

622 3106 747 3161 ideo
788 3107 948 3171 dixit,
999 3107 1124 3177 quia
1186 3121 1413 3176 prorsus
1459 3078 1671 3161 delendi
1722 3106 1831 3160 siut
1876 3094 2168 3171 daemones,

2279 3094 2601 3165 τακήσονται
2652 3096 3043 3166 ὑπορρέοντες·
3102 3095 3164 3148 τὸ
3205 3095 3263 3148 δὲ
3329 3092 3734 3157 Ἀπολοῦνται,
3771 3093 3839 3145 οὐ

623 3202 721 3261 ita,
760 3207 817 3265 ut
857 3192 1091 3267 amplius
1125 3198 1257 3251 nulli
1293 3198 1429 3259 sint,
1456 3197 1551 3251 sed
1580 3198 1706 3266 quia
1737 3197 1789 3249 in
1822 3196 2025 3249 eisdem
2056 3214 2171 3251 atu-

620 3289 761 3356 plitts
785 3288 917 3343 locis
943 3302 1051 3341 non
1088 3287 1411 3358 rt'gnabunt.
1451 3286 1677 3341 Eosdem
1702 3286 1865 3341 etiam
1896 3287 2170 3344 daemones

621 3379 888 3448 PrOpheta
938 3388 1257 3449 peccatores
1303 3378 1571 3447 appellat,
1620 3378 1745 3444 quia
1779 3386 1831 3432 et
1864 3378 2021 3445 primi
2054 3394 2168 3432 om-

618 3472 768 3525 nium
800 3472 851 3524 in
890 3469 1055 3525 Deum
1110 3478 1425 3539 peccarunt,
1456 3476 1511 3521 et
1539 3467 1667 3537 quia
1712 3475 2055 3537 peccatorum
2089 3470 2169 3523 in.

617 3569 870 3617 ventores
902 3560 1095 3615 merito
1122 3559 1227 3614 dici
1256 3568 1483 3629 possunt
1508 3569 1560 3613 et
1591 3559 1854 3627 magistri.

694 3650 857 3707 Vens.
892 3652 949 3706 ι.
984 3655 1050 3706 Et
1068 3651 1208 3719 justi
1238 3644 1499 3705 latentur.
1533 3648 1633 3704 Per
1653 3648 1856 3717 justos,
1884 3666 1979 3705 eos
2013 3652 2171 3707 ιηιει-

615 3743 760 3811 ligit,
792 3744 885 3812 qui
919 3758 1013 3812 per
1042 3742 1201 3797 fidem
1235 3741 1287 3796 in
1322 3739 1603 3795 Christum
1632 3750 1788 3795 erant
1811 3742 2166 3809 juStiiicandi.

2276 3183 2374 3254 τὴν
2400 3184 2483 3247 εἰς
2507 3184 2567 3237 τὸ
2600 3185 2673 3255 μὴ
2697 3184 2755 3237 δν
2783 3184 2939 3249 ὅλως,
2966 3184 3145 3241 αὐτῶν
3168 3183 3432 3251 ἀφάνειαν
3456 3182 3703 3249 βούλεται
3734 3198 3843 3253 ση-

2280 3275 2512 3344 μαίνειν,
2538 3275 2673 3328 ἀλλὰ
2694 3277 2793 3344 τὴν
2821 3279 2902 3338 είς
2922 3275 2984 3327 τὸ
3002 3275 3081 3353 μὴ
3101 3266 3238 3328 εἶναι
3269 3275 3326 3328 ὲν
3347 3276 3459 3337 τοῖς
3475 3274 3664 3337 τόποις
3688 3274 3840 3326 ἑκεί-

2277 3383 2389 3431 νοις
2417 3366 2520 3421 ἓτι.
2562 3366 2903 3437 ’Δμαρτῳλοὶ
2948 3364 3005 3419 δι
3055 3366 3106 3419 οἱ
3160 3364 3434 3436 δαίμονες,
3495 3364 3572 3428 ὡς
3625 3363 3839 3434 πρῶτοι

2276 3459 2694 3529 ἀμαρτήσαντες
2715 3497 2732 3523 ,
2763 3458 2858 3511 καὶ
2884 3456 2985 3527 τῆς
3008 3455 3291 3529 ἁμαρτίας
3322 3454 3563 3528 εὑρεταὶ,
3601 3456 3695 3508 καὶ
3749 3453 3838 3508 δικ

2274 3550 2553 3604 δάσκαλοι.

2344 3642 2449 3696 Kal
2480 3644 2533 3695 ot
2557 3640 2773 3695 δίκαιοι
2799 3638 3345 3710 εὐφρανθήσονται.
3374 3638 3487 3691 Καὶ
3542 3638 3729 3691 λοιπὸν
3777 3639 3835 3691 ot

2273 3732 2651 3795 δικαιωθέντες
2677 3731 2766 3784 διὰ
2796 3733 2893 3801 τῆς
2918 3732 2998 3796 είς
3036 3729 3272 3801 Χριστὸν
3301 3731 3563 3795 πίστεως,
3595 3728 3834 3783 καταλυ-

620 3834 685 3889 Hi
720 3834 887 3905 igitur
934 3834 1214 3888 destructa
1270 3832 1579 3888 daemonum
1629 3833 1920 3899 tyrannide
1982 3834 2167 3889 lzeten—

2279 3820 2458 3890 θείσης
2514 3821 2614 3889 τῆς
2652 3820 2963 3889 τυραννίδος
3024 3819 3135 3875 τῶν
3187 3819 3482 3890 δαιμόνων.
3519 3819 3834 3893 εδφρανθήο

616 3938 723 3980 ιιιι.

687 4017 969 4072 Exsutteut
1014 4018 1067 4069 in
1106 4025 1382 4084 conspectu
1407 4015 1499 4068 Dei
1522 4025 1571 4069 et
1605 4014 1927 4078 delectentur
1950 4018 2002 4069 in
2029 4017 2165 4070 (teti-

618 4112 715 4164 tia.
748 4109 806 4163 In
839 4113 1135 4177 conspectu
1169 4104 1286 4171 Dei,
1318 4106 1411 4175 qtti
1460 4120 1559 4159 eos
1612 4107 1868 4159 nimirum
1911 4108 2163 4177 protegit,

616 4213 671 4259 et
702 4200 963 4265 custodit,
1010 4200 1168 4268 juxta
1224 4198 1353 4253 illud
1388 4216 1403 4251 :
1455 4190 1856 4253 Oculi'Domini
1903 4213 2053 4266 super
2074 4198 2168 4267 ju-
2210 4240 2211 4243 η

2272 3924 2467 3963 τωσαν.

2354 4003 2413 4054 Ἀ
2422 4000 2882 4069 γαλλιάσθωσαν
2912 4000 3168 4055 ἐνώπιον
3216 4000 3325 4056 τοῦ
3348 4001 3498 4057 Θεοῦ
3520 4019 3533 4032 ·
3577 3999 3832 4070 τερφθῆ-

2270 4107 2471 4147 τωσαν
2500 4093 2954 4163 ἐνεύφροσὺνῃ.
2991 4093 3255 4146 ἐνὼπιον
3279 4094 3373 4148 τοῦ
3435 4092 3571 4146 Θεοῦ
3605 4094 3830 4146 ἑπισκο·

2272 4183 2499 4247 ποῦντος
2526 4184 2721 4247 αὖτοὺς
2751 4184 2839 4240 ἀεί
2859 4201 2873 4215 ·
2896 4184 3222 4254 Ὀφθαλμοι
3258 4184 3390 4257 γὰρ,
3422 4185 3576 4255 φησι,
3608 4184 3833 4253 Κυρίου

615 4298 726 4345 stos
777 4289 841 4341 ³⁸.
893 4287 1071 4343 Verba
1118 4296 1301 4341 autem
1364 4286 1665 4365 Exsultat,
1720 4288 2056 4349 delectentur,
2112 4294 2166 4341 et

2279 4276 2364 4331 ἐπὶ
2420 4274 2707 4341 δικαίους.
2752 4274 2825 4329 Τὸ
2856 4274 2913 4328 δὲ
2954 4275 3475 4345 Εὐφρανθήτωσαν
3495 4276 3589 4329 καὶ
3632 4276 3832 4345 Ἆγαλ-
3868 4352 3871 4355 Α

614 4381 874 4442 (tutentur.
915 4379 1053 4435 idem
1090 4378 1404 4449 signiﬁcant
1443 4397 1456 4432 :
1487 4379 1778 4447 conjuncta
1810 4387 1987 4433 tamen
2018 4393 2163 4432 sum-

614 4484 757 4527 mam
775 4470 957 4541 gaudii
985 4469 1229 4524 indicant
1256 4470 1650 4526 intensionem.

686 4641 849 4699 Vens.
882 4645 934 4700 5.
976 4645 1200 4702 Cantate
1238 4646 1367 4701 Deo.
1396 4644 1527 4711 Vos,
1564 4647 1657 4717 qui
1694 4649 2003 4718 hujusmodi
2031 4666 2133 4719 gau

614 4734 703 4791 dio
726 4734 874 4805 digni
915 4734 1050 4789 facti:
1074 4737 1228 4792 estis.

686 4824 907 4881 Psallt'te
937 4829 1141 4882 nomini
1172 4829 1309 4897 ejus.
1341 4827 1455 4883 Hoc
1501 4830 1898 4886 declaravimus
1924 4833 1975 4886 in
2006 4835 2165 4886 tertio

615 4906 885 4972 versiculo
911 4933 1002 4971 νιιι
1031 4921 1247 4987 psalmi;

687 5004 802 5062 Iter
827 5007 983 5074 facite
1013 5010 1084 5072 ei,
1114 5010 1205 5078 qui
1240 5012 1477 5065 ascendit
1525 5027 1686 5081 super
1712 5026 1954 5076 occasus,
1990 5010 2167 5065 Domie

616 5116 713 5154 nus
770 5115 956 5153 nomen
1012 5099 1114 5152 illi.
1150 5099 1230 5155 Ad
1268 5102 1554 5170 apostolos
1584 5111 1669 5156 est
1703 5118 1905 5164 sermo,
1938 5119 2046 5171 quo
2070 5104 2161 5169 ju-

615 5191 812 5245 bentur
844 5197 901 5241 ut
922 5188 989 5243 ad
1029 5176 1218 5259 gentes
1239 5204 1555 5257 excurrant,
1582 5200 1637 5246 et
1665 5193 1804 5245 viam
1839 5194 2164 5255 animarum,

616 5282 861 5352 ipsarum
944 5281 1150 5336 scilicet
1216 5283 1482 5352 gentium,
1557 5297 1655 5351 per
1729 5282 2165 5352 pmdicattouem

617 5372 925 5428 advenienti
975 5370 1195 5427 Christo
1247 5384 1569 5443 pmparent.
1629 5373 1815 5428 Simile
1871 5372 2003 5426 illud
2062 5380 2166 5437 est,

620 5463 767 5536 quod
820 5463 961 5534 apud
1000 5465 1190 5518 Isaiam
1217 5479 1282 5517 ex
1314 5480 1543 5533 persona
1574 5464 1932 5519 Prtecursoris
1964 5464 2167 5518 dictum

616 5557 895 5629 legimus:
940 5556 1133 5609 Parate
1185 5556 1321 5611 aiant
1368 5557 1593 5610 Domino
1622 5556 1688 5612 ".
1748 5557 1920 5619 Viam,
1948 5557 2167 5627 inquit,

2271 4367 2625 4424 λιάσθωσαν
2674 4367 2768 4420 καὶ
2805 4368 3235 4437 Τερφθήτωσαν
3268 4370 3326 4420 ὲν
3353 4366 3664 4440 εὐφροσύνῃ
3698 4367 3832 4420 ταύ-

2272 4458 2363 4513 τδν
2421 4458 2778 4531 σημαίνοντα,
2829 4460 2928 4528 τὴν
2980 4457 3229 4513 ἐπίτασιν
3286 4458 3385 4527 τῆς
3431 4458 3605 4529 χαρᾶς
3631 4457 3833 4528 ἐμφαί-

2276 4567 2478 4606 νουσιν.

2347 4644 2570 4714 ’ᾼσατε
2600 4644 2680 4708 τῷ
2735 4641 2876 4709 Θεῷ.
2927 4644 2993 4697 Ol.
3033 4644 3132 4713 τῆς
3161 4642 3418 4713 τοιαύτης
3451 4643 3627 4713 χαρᾶς
3653 4640 3832 4707 ἀξιού-

2279 4751 2451 4803 μενοι.

2348 4810 2585 4880 Ψὰλατε
2603 4826 2684 4891 τῷ
2706 4828 2951 4895 ὀνόματι
2972 4826 3178 4881 αὐτοῦ.
3210 4827 3345 4897 Περὶ
3394 4827 3584 4879 τούτου
3642 4821 3829 4892 προεί-

2271 4933 2428 4987 ρηται
2465 4919 2594 4988 ημῖν
2620 4916 2781 4988 ιν-τῷ
2803 4925 2849 4986 γ’
2892 4916 3056 4987 στίχῳ
3086 4916 3181 4970 τοῦ
3210 4917 3425 4987 ψαλμοῦ
3454 4913 3526 4986 η’.

2346 5007 2778 5075 ὀδοποιήσατε
2803 5008 2884 5075 τῷ
2911 5009 3281 5078 ἀπιϐεδηκότι
3301 5008 3399 5062 ἐπ)
3426 5007 3677 5078 δυσμῶν
3720 5007 3831 5063 Κύι-

2267 5117 2395 5168 ριος
2418 5099 2607 5171 ὄνομα
2629 5098 2810 5166 αὐτῷ.
2867 5100 3013 5173 Πρὸς
3054 5101 3181 5163 τοὺς
3214 5100 3569 5179 ,ἀποστόλους
3620 5093 3775 5161 οὗτος
3802 5098 3831 5151 δ

2275 5190 2453 5257 λόγος,
2484 5191 2723 5246 κελεύων
2742 5191 2971 5261 δραμεῖν
2995 5193 3076 5255 είς
3110 5189 3182 5243 τὰ
3217 5189 3368 5264 (om,
3407 5193 3505 5248 καὶ
3565 5192 3665 5260 τὴν
3713 5191 3829 5244 ὸδδν

2276 5281 2382 5337 τῶν
2434 5282 2620 5352 ψυχῶν
2677 5281 2869 5351 αὐτῶν¹
2916 5280 3255 5351 εὐτρεπίσαι,
3306 5282 3683 5361 τῇῦιπιδημία
3735 5280 3827 5335 τοῦ

2275 5373 2533 5442 Χριστοῦ,
2557 5373 2644 5426 διὰ
2665 5372 2757 5426 τοῦ
2785 5373 3154 5443 κηρύγματος.
3186 5372 3356 5429 Τοῦτο
3386 5373 3443 5426 δὲ
3472 5373 3585 5426 τσον
3609 5375 3726 5426 ἐστὶ
3750 5372 3827 5443 τῷ

2282 5456 2661 5533 Ἑτοιμάσατε
2678 5464 2793 5533 τὴν
2808 5464 2951 5519 ὁδὸν
2966 5464 3204 5534 Κυρίου.
3232 5464 3639 5534 Ὀδοποιὴσατε,
3675 5464 3823 5533 φησι,

2273 5554 2349 5626 τῷ
2373 5554 2610 5631 Χριστῷ,
2630 5556 2739 5609 πᾶν
2762 5554 2967 5609 σκῶλον
2994 5556 3309 5627 ἐξάραντες.
3344 5554 3427 5623 Τῷ
3456 5553 3823 5626 ἐπιϐεϐηκότα

691 5723 735 5767 ³⁵
760 5735 914 5791 Deut.
949 5750 1023 5798 tv,
1052 5733 1160 5800 τις
1203 5733 1366 5790 llebr.
1405 5746 1503 5797 ιιι,
1534 5732 1624 5787 29.
1686 5731 1731 5764 “
1755 5729 1901 5785 Psal.
1936 5746 2127 5796 sunt,
2160 5730 2241 5785 t6.
2321 5732 2365 5765 ³⁷
2393 5731 2496 5787 lsa.
2529 5716 2707 5796 “,3;
2751 5729 2937 5787 Matth.
2962 5749 3044 5799 ιιι,
3070 5733 3121 5787 3.
