4124 6326
238 463 337 526 661
1385 458 1775 529 COMMENT.
1822 467 1904 526 1N
1944 466 2304 526 PSALMOS.
3057 475 3061 479 ’
3345 470 3456 531 662

238 576 292 628 δὲ
328 572 480 627 εἶπεν
503 573 597 628 ἐπὶ
620 574 887 645 δυσμῶν,
913 577 1052 632 διότι
1083 578 1197 645 φῶς
1232 580 1307 634 ὢν
1356 560 1676 651 ἀπρόσιτον,
1709 581 1792 634 καῖ

1902 578 2121 633 Christo
2160 577 2345 642 facite,
2377 591 2538 633 omne
2569 577 3013 648 impedimentum
3062 595 3125 634 cx
3179 594 3263 644 ea,
3292 591 3453 650 atque

242 665 422 729 Ἥλιος
456 663 818 736 δικαιοσύνης,
877 665 1051 737 ἐπέϐη
1074 667 1181 721 τῶν
1206 667 1396 738 ψυχῶν
1414 668 1522 722 τῶν
1576 669 1792 739 ἀνθρὼ-

1897 667 2288 723 oﬂ‘endiculum
2345 666 2676 723 auferentes.
2741 667 3048 723 Ascendere
3095 674 3274 722 autem
3325 683 3450 722 eum
3509 669 3517 676 ’

239 769 374 815 πων,
433 753 718 822 ἐνοικήσας
774 753 966 817 αὐταῖς
1015 755 1104 810 διὰ
1164 756 1436 820 πίστεως·
1488 756 1546 810 αϊ
1596 757 1791 828 δυσμοὶ

1899 759 2038 814 dixit
2068 773 2234 825 super
2268 773 2517 823 occasus,
2568 759 2696 828 quia
2729 775 2854 812 eum
2907 757 3309 812 inaccessibilis
3362 759 3447 810 lux

236 839 389 910 ἦσαν,
416 843 533 912 ἦτοι
560 844 773 908 νύκτες,
801 845 974 924 διάέτὸ
1000 845 1254 916 ἀλαμπὲς
1317 849 1411 902 καὶ
1479 848 1568 900 τὸν
1631 847 1792 917 ζόφον

1898 849 1995 913 sit,
2025 859 2081 904 et
2112 849 2204 903 Sol
2226 848 2479 918 justitia,
2509 863 2673 919 super
2699 849 2980 914 hominum
3019 849 3232 902 animas
3263 862 3449 901 asccn-
3559 847 3565 854 '

235 931 326 998 της
381 931 589 1002 πλάνης
633 933 725 985 τὶν
782 933 952 987 πάλαι
986 935 1432 1004 κατακεχυμένον
1467 937 1670 990 αὐτῶν.
1716 939 1788 990 Ἦ

1896 938 1995 1002 dit,
2019 947 2072 992 et
2095 954 2192 1008 per
2221 939 2380 994 ﬁdem
2445 939 2499 994 in
2553 939 2638 996 his
2678 937 2965 993 animabus
3018 938 3301 1002 habitavit,
3333 951 3450 1002 qua:

236 1019 434 1090 δυσμδς
465 1024 512 1076 ’ό
565 1024 789 1094 κόσμος,
850 1027 1023 1080 κατά·
1091 1027 1160 1082 Τὸ
1184 1027 1311 1096 φῶς
1357 1029 1429 1082 ἐν
1458 1029 1531 1097 τῆ
1580 1033 1792 1099 σκοτίᾳ

1892 1037 2048 1086 antea
2077 1045 2329 1094 occasus,
2357 1031 2462 1086 hoc
2481 1037 2568 1086 est
2597 1039 2786 1086 nectes
2814 1030 3010 1084 merito
3038 1029 3143 1082 dici
3171 1034 3438 1096 poterant.

235 1111 430 1178 φαίνει
460 1129 474 1144 ·
501 1109 621 1168 εῐτα
649 1115 820 1182 λέγει,
851 1118 1030 1170 καὶτὸ
1053 1118 1224 1189 ὄνομα
1245 1119 1411 1173 αὐτοῦ
1429 1137 1442 1150 ·
1483 1121 1564 1174 ὃτι
1589 1121 1792 1192 Κύριος

1891 1130 2118 1191 propter
2144 1123 2532 1177 obscuritatem
2572 1130 2735 1189 atque
2759 1121 3039 1188 caliginem
3066 1115 3304 1181 erroris,
3329 1132 3437 1186 quo

237 1197 454 1252 πάντων
490 1201 698 1267 ἁπλῶς,
730 1204 759 1258 ὅ
790 1206 908 1258 ἐστι
943 1205 1094 1268 Θεός.

1890 1212 2019 1266 olim
2051 1211 2405 1268 circumfusa:
2434 1213 2846 1268 detinebantur.
2881 1209 2995 1275 Vel,
3023 1223 3255 1264 occasus
3287 1207 3447 1263 dixit.

241 1302 337 1357 pro
369 1289 622 1345 universo
649 1292 874 1360 mundo,
897 1293 1051 1362 juxta
1082 1293 1216 1349 illud
1242 1311 1258 1340 τ
1285 1293 1351 1348 Et
1384 1295 1476 1348 lux
1502 1295 1554 1348 iu
1574 1299 1798 1352 tenebris
1838 1298 1970 1354 lucet
2030 1302 2112 1370 (et
2172 1285 2392 1356 tenebrae
2447 1318 2562 1356 eam
2647 1319 2750 1356 non
2837 1299 3326 1370 comprehenderunt
3383 1299 3446 1338 "-

241 1375 512 1433 Tenebras
535 1381 863 1436 etcnimillic
883 1383 1217 1452 evangelista
1267 1384 1594 1469 universum
1659 1387 1870 1452 orbem,
1911 1390 2016 1446 hoc
2066 1399 2168 1456 est,
2230 1394 2520 1447 universos
2573 1393 2761 1447 mundi
2821 1392 3068 1445 homines
3093 1381 3446 1460 appellavﬁl;

236 1466 429 1522 deinde
481 1471 642 1524 etiam
704 1473 851 1526 illius
901 1488 1098 1528 nomen
1153 1466 1310 1540 dicit,
1350 1477 1494 1546 quod
1544 1478 1757 1534 scilicet
1798 1483 2063 1538 Dominus
2100 1485 2344 1538 omnium
2375 1500 2437 1538 ac
2469 1484 2612 1538 Deus
2637 1492 2719 1539 est
2757 1483 2867 1546 ille,
2931 1484 3022 1550 qui
3061 1481 3330 1544 ascendit,
3391 1487 3449 1532 ut

194 1630 198 1636 '
236 1556 495 1618 diximus.

307 1676 412 1728 Ιιάί
441 1676 808 1745 (iga-uaeas
837 1680 1091 1755 ἐνώπιον
1115 1682 1321 1736 αὑτοῦ.
1364 1683 1536 1736 Τοῦτο
1593 1685 1787 1754 μικρὸν

237 1762 488 1833 ἀνωτέρω
513 1764 590 1833 τῷ
613 1766 821 1835 ἑϐδόμῳ
848 1768 1013 1838 στίχῳ
1033 1769 1560 1838 συνδιερμηνεύεται.

1971 1687 2136 1741 Vens.
2161 1688 2214 1743 6.
2251 1686 2311 1741 Et
2335 1689 2597 1742 exsatiate
2619 1689 2671 1740 in
2697 1663 2964 1754 conspectu
2989 1685 3123 1754 ejus.
3155 1683 3264 1738 Hoc
3285 1681 3444 1751 paulo

1896 1779 2148 1847 superius
2175 1779 2228 1833 in
2268 1780 2428 1832 tertio
2464 1778 2732 1833 versiculo
2763 1777 3137 1840 exposuimus.

312 1840 779 1923 Ταραχὸήτωσαν
806 1859 925 1912 ἀπὸ
975 1859 1300 1926 προσώπου
1339 1862 1549 1916 αὑτοῦ.
1618 1863 1788 1917 Τοῦτο

1966 1840 2264 1923 Ῠιινὺοιιιιιν
2291 1885 2323 1921 a
2353 1870 2490 1936 [acie
2521 1869 2656 1938 ejus.
2708 1867 2860 1933 Quod
2890 1867 2986 1930 ait,
3038 1865 3080 1916 Δ
3131 1863 3266 1932 facie
3308 1863 3442 1926 eius,

241 1943 398 1997 πάλιν
426 1945 503 2016 τῷ
528 1949 762 2020 δευτέρῳ
795 1950 982 2019 στίχῳ.

310 2043 419 2098 Τοῦ
445 2044 668 2111 πατρὸς
700 2044 819 2097 τῶν
846 2045 1125 2116 ὀρφανῶν
1148 2047 1246 2101 καί
1281 2047 1487 2116 κριτοῦ
1519 2046 1634 2102 τῶν
1687 2067 1791 2118 χηο

234 2135 357 2204 ρῶν
384 2136 515 2206 (55).
545 2137 646 2191 Διὶ
675 2139 894 2204 πρώτου
939 2139 1137 2202 κώλου,
1179 2137 1240 2191 τὸ
1291 2139 1645 2208 κηδεμονικὸν
1690 2139 1793 2194 αὐ-

241 2223 331 2275 τοῦ
355 2223 688 2292 παρεςτησε,
723 2223 810 2276 διὰ
830 2225 887 2276 δὲ
920 2222 1013 2276 τοῦ
1058 2224 1310 2297 δευτέρου
1343 2224 1547 2294 στίχου,
1601 2224 1660 2278 τὸ
1712 2223 1793 2278 δι·-

242 2317 496 2367 καστικόν
518 2331 534 2346 ·
567 2316 648 2367 ὅτι
679 2317 768 2368 καὶ
788 2315 1037 2384 κηδεμών
1073 2318 1187 2370 ἑστι
1225 2315 1334 2369 τῶν
1422 2315 1794 2386 ἀπροστατεῶ

240 2419 368 2467 των,
396 2405 488 2457 καὶ
519 2405 712 2474 κριτὴς
729 2406 838 2458 τῶν
867 2405 1254 2476 ἀδικουμένων.
1285 2407 1354 2459 Ἦ
1374 2405 1643 2474 ὀρφανοὺς
1701 2405 1792 2460 καὶ

243 2493 416 2562 χήρας
447 2491 600 2546 καλεῖ
621 2495 747 2557 τοὺς
791 2493 852 2560 ἐξ
884 2495 1054 2548 ιθνῶν
1101 2493 1524 2557 πιστεύσαντας·
1577 2495 1637 2547 τὸ
1690 2493 1789 2564 μὲν

241 2582 314 2646 ὡς
339 2583 776 2653 ἀποϐεϐληκότας
805 2586 897 2637 τὸν
939 2585 1106 2638 πάλαι
1152 2585 1362 2654 πατέρα
1386 2584 1564 2638 αὐτῶν
1611 2584 1796 2638 διάϐο-

209 2667 361 2724 ’λονο
401 2673 547 2727 cess
578 2674 652 2736 ὡς
677 2673 1023 2745 “meum;
1047 2675 1141 2729 τοῦ
1177 2675 1342 2730 αὐτοῦ
1372 2675 1557 2740 πάλιν,
1607 2674 1666 2728 δν
1704 2671 1786 2728 εί·-

241 2777 338 2829 ιον
365 2763 456 2816 καὶ
486 2764 740 2833 νυμφίον,
775 2764 852 2826 ὡς
895 2763 1388 2835 προσκολληθέντες
1415 2761 1582 2832 αὐτῷ.
1635 2762 1791 2816 Μετὰ

239 2851 295 2904 δὲ
320 2851 384 2904 τὸ
410 2853 672 2924 κήρυγμα
719 2856 933 2925 πατέρα
977 2857 1071 2907 καὶ
1110 2854 1342 2925 νυμφίον
1368 2855 1660 2910 ἀντέλαϐον
1699 2856 1792 2910 τὸν

239 2939 400 2993 Θεόν·
450 2945 654 3014 πατέρα
677 2945 776 3013 μὲν
799 2945 873 3006 ὡς
933 2943 1206 3014 κηδεμόνα
1242 2961 1256 2975 ο
1315 2945 1548 3015 νυμφίον
1607 2943 1683 3008 δὲ,
1717 2944 1792 3008 ὡς

243 3032 596 3102 συναφθέντες
619 3034 766 3103 αὐτῷ
795 3033 882 3088 διὰ
910 3033 1167 3098 πίστεως.

1887 1960 2241 2027 exposuimus
2278 1959 2533 2028 superius
2559 1960 2613 2012 in
2649 1959 2890 2013 secundo
2930 1955 3231 2009 versiculo.

1944 2045 2148 2112 Patris
2173 2045 2529 2116 orplianorum
2560 2063 2624 2100 ac
2670 2045 2865 2115 iudicis
2920 2045 3221 2098 viduarum.
3268 2041 3463 2095 Patris-

1887 2137 2171 2208 etjudicis
2206 2138 2584 2209 appellatione,
2619 2148 2672 2193 et
2721 2151 2988 2194 summam
3041 2134 3194 2190 illum
3260 2131 3450 2187 Provi-
3561 2199 3564 2201 Α

1889 2228 2150 2292 dentiam,
2186 2236 2240 2284 et
2282 2216 2470 2283 curam
2504 2227 2704 2283 habere
2734 2225 3149 2287 demonstravit,
3195 2231 3251 2277 et
3282 2222 3445 2292 judi-

1889 2318 2047 2373 candi
2079 2319 2302 2387 insuper
2340 2326 2662 2386 potestatem
2696 2329 2970 2373 exercere.
3006 2313 3139 2368 Nam
3169 2322 3224 2369 et
3257 2327 3458 2367 curam—

1890 2423 2080 2464 eorum
2105 2409 2268 2464 habet
2293 2409 2453 2474 Deus,
2482 2409 2575 2480 qui
2599 2408 2746 2464 omni
2771 2407 3022 2463 videntur
3049 2419 3154 2474 ope
3175 2403 3441 2466 destituti,

1888 2509 1942 2554 et
1974 2500 2139 2567 judex
2173 2500 2338 2553 etiam
2367 2514 2556 2554 eorum
2591 2507 2694 2562 est,
2749 2498 2842 2567 qui
2885 2511 2981 2566 per
3028 2493 3266 2562 alicujus
3296 2491 3444 2560 inju-

1890 2591 2026 2644 riam
2066 2590 2472 2659 apprimuntur.
2509 2588 2799 2659 Orplianos
2833 2595 3116 2658 praeterea,
3163 2598 3228 2638 ac
3249 2582 3458 2637 viduas.

1891 2693 1986 2733 eos
2017 2678 2277 2748 appellat,
2311 2677 2405 2746 qui
2437 2692 2502 2730 ex
2534 2677 2788 2746 gentibus
2815 2675 3189 2736 crediderunt,
3213 2672 3442 2725 alterum

1897 2769 2138 2837 quidem,
2171 2783 2237 2820 eo
2266 2767 2411 2836 quod
2451 2776 2659 2836 patrem
2683 2767 2809 2820 olim
2852 2780 3032 2828 suum,
3069 2762 3342 2817 diabolum
3368 2759 3444 2812 vi-

1897 2857 2114 2919 delicet,
2175 2856 2535 2926 abjeccrunt;
2586 2856 2812 2910 alterum
2873 2869 3039 2917 vero,
3085 2851 3212 2921 quia
3260 2849 3443 2903 ﬁdeli-s

1897 2948 2111 3009 animae,
2163 2961 2288 3016 quas
2333 2946 2707 3012 crediderunt,
2772 2947 2889 3017 ipso
2946 2958 3170 3015 prorsus
3213 2940 3443 2995 viduata:

1898 3047 2027 3092 sunt
2067 3038 2308 3101 diabolo,
2362 3053 2525 3107 quem
2573 3047 2730 3092 antea
2767 3050 3028 3105 sponsum
3063 3033 3355 3093 habebant,
3389 3037 3443 3083 et

241 3123 326 3177 cui
353 3123 710 3180 adlueserant.
740 3125 948 3196 Quippe
992 3139 1120 3180 cum
1160 3133 1282 3194 post
1331 3125 1771 3193 praedicationem
1817 3133 1870 3181 et
1903 3126 2200 3196 baptisma.
2233 3111 2445 3200 (alium)
2508 3135 2716 3197 patrem
2762 3125 3082 3196 (aliumque)
3147 3134 3436 3191 sponsum.

241 3215 385 3286 (loco
430 3216 689 3288 priorum)
714 3221 1022 3288 receperint
1049 3219 1252 3289 (ipsum
1277 3218 1561 3288 nimirum)
1616 3211 1816 3286 Deum.
1856 3235 2014 3291 quezn
2076 3221 2129 3276 in
2162 3232 2367 3292 patrem
2413 3221 2631 3298 quidem
2660 3226 2987 3288 acceperunt
3035 3215 3198 3268 veluti
3228 3217 3444 3266 curato-

241 3323 378 3372 rem,
406 3315 458 3362 et
481 3308 873 3378 providentiam
919 3307 1352 3364 necessariorum
1403 3311 1648 3364 omnium
1680 3311 1994 3376 habentem,
2030 3323 2196 3382 atque
2264 3313 2316 3367 in
2355 3325 2640 3385 sponsum,
2707 3312 2794 3364 cui
2843 3317 2906 3363 ut
2967 3318 3136 3363 castae
3201 3305 3438 3377 virgines

242 3400 640 3470 coniungantur
659 3414 754 3468 per
777 3399 957 3454 tidem.

318 3489 383 3542 '0
409 3487 552 3553 Θεὸς
575 3487 645 3541 ἐν
689 3487 847 3555 τόπῳ
879 3488 1027 3557 ἁγιῳ
1052 3487 1257 3544 αὑτοῦ.
1285 3489 1375 3542 Ἐν
1424 3488 1503 3559 τῷ
1535 3488 1750 3561 οὐρανῷ
1769 3506 1783 3522 ·

1963 3489 2102 3544 Deus
2155 3490 2208 3542 in
2259 3489 2371 3542 loco
2425 3496 2608 3543 sancto
2666 3503 2782 3541 suo.
2815 3485 2873 3541 ln
2903 3487 3042 3542 cmlo
3071 3486 3365 3550 nimirum,
3389 3496 3442 3540 ct

241 3577 416 3631 λείπει
462 3579 628 3642 δὲ,τδ
667 3579 858 3634 ἐστιν.
905 3579 1153 3650 Είρηκῶς
1198 3581 1308 3651 γὰρ
1359 3581 1699 3645 Ἀναστήτω
1758 3583 1792 3634 ὁ

243 3671 404 3738 Θεὸς,
427 3670 525 3726 καὶ
543 3671 953 3744 ὀδοποιησάται
977 3670 1057 3737 τῷ
1106 3672 1492 3740 ἐπιϐεϐηκότι
1533 3671 1632 3726 ἐπὶ
1679 3671 1789 3726 δυ-

240 3762 432 3833 άμῶν,
481 3764 793 3833 ἀναγκαίως
842 3763 1150 3833 ἐπήγαγενο
1200 3764 1268 3817 Ὀ
1339 3764 1484 3830 Θεὸς
1505 3763 1576 3818 ἐν
1632 3765 1793 3833 τόπῳ

246 3854 391 3922 ἁγίῳ
417 3854 604 3910 αὐτοῦ
623 3871 637 3886 °
659 3855 925 3908 διδάσκων
953 3855 1036 3908 ὅτι
1069 3856 1129 3909 ὲν
1157 3854 1235 3926 τῷ
1257 3854 1497 3927 οὐρανῷ,
1542 3856 1604 3919 ὃς
1640 3849 1815 3910 ἐστιν’

243 3945 396 4012 ἅγιος
427 3946 592 4008 τόπος
617 3944 804 4010 αὐτοῦ,
827 3945 1114 4000 ἀνίσταται
1140 3945 1235 4000 καὶ
1258 3946 1394 4016 πρὸς
1421 3946 1652 4016 ἄμυναν,
1699 3946 1792 4000 καὶ

244 4035 514 4089 ἐπιϐαίνει
550 4038 642 4090 ἐπὶ
655 4037 906 4107 δυσμῶν,
937 4039 1034 4092 καὶ
1053 4038 1087 4092 ἃ
1120 4037 1370 4108 βούλεται
1390 4039 1664 4108 οἰκονομεῖ
1684 4053 1698 4068 ⁶
1726 4037 1787 4091 οὐ

247 4128 542 4197 μεταϐάσει
586 4130 786 4199 τοπικῇ
857 4129 1174 4199 χρώμενος’
1205 4128 1624 4200 ἀπερίγραπτος
1682 4129 1791 4200 γάρ

244 4222 381 4276 ἐστι.
413 4219 706 4274 Τοιοῦτοδέ
748 4224 864 4274 ἐστι
888 4221 982 4275 καὶ
1033 4222 1121 4274 τόο
1175 4221 1384 4286 Οὐδείς
1429 4221 1793 4287 ἀναϐέϐηκεν

243 4309 339 4371 είς
363 4307 468 4359 τὸν
491 4306 750 4374 οὐρανὸν
775 4311 827 4361 εί
843 4308 928 4375 μὴ
960 4310 992 4360 ό
1016 4308 1084 4360 ἐκ
1106 4306 1212 4360 τοῦ
1231 4307 1491 4374 οὐρανοῦ
1509 4305 1788 4373 καταϐὰς,

246 4399 278 4449 ό
321 4397 452 4459 Υίὸς
476 4396 584 4450 τοῦ
613 4396 923 4464 ἀνθρώπου
947 4399 979 4451 ὁ
995 4397 1079 4450 ὢν
1104 4399 1176 4451 ἐν
1207 4395 1285 4464 τῷ
1331 4397 1584 4465 οὐρανῷ.
1605 4399 1792 4465 ζΚάτω

244 4486 353 4556 γὰρ
385 4487 820 4558 πολιτευόμενος,
849 4491 946 4543 καὶ
965 4491 1024 4542 ὲν
1081 4490 1165 4560 τῷ
1209 4491 1449 4560 οὐρανῷ,
1490 4491 1791 4562 ἁχὼριστος

244 4570 312 4646 ἦν
329 4576 420 4631 τοῦ
446 4579 676 4650 Πατρός.
731 4581 832 4649 Είη
866 4580 912 4631 δ’
953 4581 1019 4633 ἂν
1039 4579 1196 4648 ἅγιος
1224 4581 1389 4642 τόπος
1420 4579 1581 4647 Θεοῦ,
1605 4581 1702 4634 καὶ
1754 4580 1790 4650 ἡ

257 4665 548 4740 Ἐκκλησία
569 4668 678 4720 τῶν
703 4655 931 4732 πιστῶν,
973 4667 1068 4720 καὶ
1097 4670 1205 4728 πᾶς
1234 4667 1510 4738 θεοφιλής.

323 4929 386 4982 ⁸0
409 4929 552 4996 Θεὸς
577 4932 880 4991 κατοικίζει
901 4934 1310 5000 μονοτρόπους
1333 4933 1402 4986 ἐν
1433 4934 1593 5000 οἴκῳ.
1617 4933 1790 4986 Μονο-

245 5017 474 5092 τρόῖτους
499 5025 633 5091 φησὶ
673 5025 800 5086 τοὺς
832 5022 1102 5086 δικαίους·
1138 5025 1213 5086 ὼς
1242 5025 1512 5093 μηδεμίαν
1568 5025 1789 5095 διπλόην

249 5111 508 5179 πονηρίας
537 5113 781 5181 ἔχοντας,
808 5114 882 5182 μὴ
903 5113 947 5165 δ’
981 5115 1282 5184 ἐπιπλοκὴν
1308 5114 1524 5176 κακίας,
1546 5115 1662 5167 ἀλλ’
1693 5116 1792 5169 ἕνα

251 5201 447 5253 σκοπὸν
465 5205 564 5270 τὴν
593 5203 889 5272 θεραπείαν
914 5203 1009 5256 τοῦ
1031 5205 1168 5257 Θεοῦ
1197 5205 1661 5274 μεταδιώκονταςο
1691 5205 1788 5269 οὓς

213 5362 215 5364 η
249 5292 341 5344 καὶ
363 5293 660 5356 κατοικίζει
689 5297 746 5346 ὲν
768 5297 916 5367 οἰκίᾳ
942 5296 1067 5361 περὶ
1096 5291 1164 5365 ἦς
1196 5297 1386 5367 εἴρηκε
1444 5297 1677 5368 Παῦλος,
1708 5298 1790 5350 ὅτι

247 5386 573 5457 οἰκοδομὴν
587 5388 655 5442 ἐκ
682 5389 828 5442 Θεοῦ
849 5391 1084 5458 ἔχομεν,
1102 5392 1298 5444 οὶκίαν
1311 5391 1788 5458 ὀνειροποίητον,

317 5557 362 5590 ⁸⁸
383 5557 539 5624 Joan.
570 5577 608 5622 i.
630 5561 686 5616 5.
747 5559 792 5594 ”
816 5560 976 5634 Joan.
1010 5579 1097 5627 tu,
1131 5565 1215 5618 l3.

1893 3579 2348 3654 subintelligitqr,
2382 3579 2631 3641 verbum,
2666 3588 2764 3632 est.
2824 3576 2976 3640 Nam,
3008 3593 3132 3632 cum
3191 3579 3390 3632 dixerit
3424 3597 3436 3630 :

1891 3675 2154 3743 Exsurgat
2189 3672 2325 3726 Deus
2352 3686 2371 3725 :
2405 3671 2534 3725 item
2565 3688 2578 3724 :
2608 3669 2720 3725 Iter
2768 3660 2928 3738 facile
2973 3669 3021 3722 ei
3065 3668 3156 3737 qui
3206 3669 3452 3721 ascendit,

1891 3783 2048 3836 super
2084 3780 2322 3825 occasus,
2369 3761 2682 3817 necessario
2736 3759 2979 3815 subdidit
3015 3775 3030 3814 ;
3071 3758 3210 3813 Deus
3247 3760 3301 3812 in
3326 3759 3441 3813 loco
3478 3795 3494 3816 κ

1890 3865 2076 3924 sancto
2102 3869 2220 3916 sua,
2257 3861 2314 3905 ut
2335 3852 2581 3913 doceret,
2616 3851 2761 3920 quod
2791 3850 2880 3904 ille
2918 3848 3196 3918 Deus,qui
3227 3848 3440 3903 exsistit

1891 3949 1946 4003 in
1977 3947 2139 4008 cielo,
2195 3945 2288 4000 ubi
2319 3945 2499 4000 locum
2539 3952 2788 4000 sanctum
2824 3958 2982 4000 suum
3014 3956 3140 3998 esse
3177 3941 3434 4003 dicimus,

1893 4037 2036 4094 idem
2077 4037 2170 4092 ille
2201 4043 2311 4102 est,
2347 4035 2440 4104 qui
2495 4034 2740 4104 exsurgit
2793 4034 2849 4088 in
2897 4033 3184 4095 auxilium,
3239 4039 3292 4088 et
3345 4033 3437 4100 qui

1890 4129 2136 4186 ascendit
2158 4143 2324 4198 super
2361 4141 2615 4191 occasus,
2658 4132 2713 4180 et
2756 4125 2848 4193 qui
2898 4123 3249 4177 administrat
3295 4136 3440 4190 quie-

1889 4235 2102 4289 cunque
2132 4219 2182 4275 ei
2213 4227 2368 4288 grata
2402 4225 2554 4281 sunt,
2583 4214 2728 4270 nulla
2781 4223 2940 4269 utens
2979 4213 3084 4268 loci
3118 4213 3437 4277 mutatione,

1891 4310 2041 4364 nullo
2064 4309 2318 4363 transitu.
2362 4305 2459 4363 Est
2477 4307 2684 4362 etenim
2719 4304 3235 4374 incircumscriptus
3272 4303 3435 4362 Deus.

1890 4399 2078 4456 Simile
2112 4400 2276 4454 etiam
2325 4398 2458 4452 illud
2493 4406 2579 4452 est
2615 4414 2629 4452 :
2666 4394 2836 4451 Nemo
2880 4395 3114 4450 ascendit
3147 4397 3203 4449 in
3233 4395 3448 4458 caelum,

1889 4493 1992 4546 nisi
2020 4493 2109 4560 qui
2136 4489 2400 4545 descendit
2429 4489 2494 4543 de
2521 4489 2667 4552 mlo,
2694 4487 2868 4542 Filius
2886 4488 3138 4554 hominis,
3165 4487 3254 4558 qui
3278 4497 3356 4543 est
3385 4485 3439 4541 i'n

1890 4585 2016 4638 caelo
2050 4585 2117 4635 ".
2149 4582 2207 4636 In
2245 4591 2388 4635 terra
2419 4580 2623 4635 etenim
2655 4593 2990 4634 conversaris
3023 4578 3116 4635 Dei
3159 4577 3354 4646 Filius,
3383 4579 3436 4630 in

1889 4675 2029 4729 caelo
2063 4680 2181 4728 erat
2217 4671 2486 4726 indivisus
2515 4685 2546 4725 a
2577 4668 2752 4724 Patre.
2811 4667 3020 4722 Dicitur
3069 4669 3232 4723 etiam
3286 4668 3438 4722 locus

1891 4772 2117 4820 sanctus
2151 4762 2393 4817 Ecclesia
2437 4757 2701 4839 ﬁdelium,
2756 4768 2809 4814 et
2853 4759 3088 4828 quilibet
3126 4759 3302 4814 tidelis
3355 4759 3438 4812 vir

1818 4825 1867 4885 θ
1892 4853 2204 4918 religiosus,
2230 4865 2295 4904 ac
2335 4849 2446 4904 Deo
2475 4831 2688 4918 gratus.

1965 4941 2129 4998 Vens.
2165 4942 2217 4997 7.
2249 4941 2383 4995 Deus
2413 4941 2653 4994 habitare
2668 4941 2798 5009 facit
2828 4939 2982 4992 unius
3018 4937 3180 4991 moris
3209 4921 3438 5007 Iwnsiires

1894 5037 1952 5088 in
1987 5037 2160 5086 domo.
2196 5032 2371 5088 Unius
2405 5032 2575 5085 moris
2625 5030 2875 5083 homines
2909 5043 3006 5083 eos
3027 5044 3151 5084 esse
3179 5025 3436 5095 intelligo.

1896 5123 1988 5191 qui
2017 5119 2150 5190 justi
2175 5127 2304 5174 sunt
2340 5133 2404 5172 ac
2427 5120 2632 5172 virtute
2655 5117 2887 5188 praediti,
2912 5115 3075 5168 veluti
3105 5110 3253 5168 omni
3285 5127 3438 5182 pror-

1899 5229 1993 5268 sus
2027 5213 2250 5266 malitim
2277 5209 2619 5280 duplicitate,
2655 5222 2719 5263 ac
2759 5207 2868 5262 doli
2909 5206 3326 5276 complicatione
3350 5219 3438 5260 ca.-

1897 5310 2101 5365 rentes,
2159 5298 2252 5352 uni
2309 5306 2519 5352 tantum
2580 5299 2680 5361 rei,
2743 5297 2848 5352 hoc
2891 5306 2995 5363 est,
3047 5296 3231 5350 divino
3265 5294 3437 5349 cultui

1895 5375 2292 5446 incumbentes.
2318 5386 2428 5445 Hos
2451 5388 2650 5443 etenim
2675 5386 2926 5444 homines
2949 5385 3092 5442 Deus
3118 5384 3173 5442 in
3192 5399 3254 5441 ea
3277 5384 3437 5439 domo

1545 5703 1742 5764 Variis
1781 5703 2103 5766 lectiones.
2935 5786 2939 5790 _

215 5885 224 5890 _
321 5817 432 5889 (33)
471 5819 548 5875 Ad
586 5819 810 5877 verbum
843 5841 857 5876 :
893 5819 1074 5902 Priori:
1109 5824 1336 5880 membro
1381 5825 1494 5894 ejus
1515 5824 1914 5894 providentiam,
1939 5825 2106 5880 altera
2123 5823 2400 5892 judicandi
2421 5831 2727 5893 potestatem
2762 5821 3103 5874 deuwnstras.
3175 5885 3179 5890 .
