4124 6326
613 401 722 465 653

1801 406 2184 468 EUTHYMII
2224 405 2397 465 ZlGA
2414 406 2592 466 BENI

3718 405 3831 468 fﬁi

615 519 864 572 habitare
918 518 1068 585 facit,
1105 521 1172 577 de
1219 538 1325 591 qua
1378 523 1671 592 Apostolus
1723 522 1923 575 Paulus
1968 520 2100 574 dicit
2141 537 2154 571 :

2294 537 2330 571 ν
2357 519 2480 585 τοῖς
2518 521 2793 587 οὐρανοῖς
2822 520 3080 576 αἰώνιον.
3126 522 3183 575 '0
3213 523 3267 574 δέ
3292 523 3582 592 Σύμμαχος
3623 523 3828 574 Mora-

613 609 760 675 quod
788 611 1159 666 habitationem
1195 628 1260 667 ea:
1291 613 1399 667 Deo
1429 613 1672 666 habemus
1711 629 1812 665 non
1863 627 2018 666 manu
2078 610 2163 677 fa-

617 708 779 759 rtam.
813 712 1063 755 «lernam
1101 704 1156 755 in
1187 703 1330 756 ειτίὶε
1361 703 1426 755 ι’.
1465 701 1824 774 Symmachus
1879 717 2007 753 vero
2064 713 2161 768 pro

617 788 951 858 hominibus,
978 810 1115 861 quos
1137 794 1309 862 unius
1335 796 1503 848 moris
1533 809 1655 850 esse
1695 792 1831 847 dixit
1863 791 2155 858 Pr0plieta,

2275 609 2414 676 χοὺς
2462 609 2740 674 ἐξέδωκεν,
2771 612 2844 674 ὡς
2872 612 3288 681 μεμονωμένους
3311 613 3510 675 παντὸς
3569 609 3832 680 βιωτικοῦ

2271 701 2618 768 πράγματος·
2651 701 2742 764 οὓς
2769 703 3063 766 κατοικίζει
3090 705 3147 756 ἐν
3167 703 3464 774 οἰκητηρίῳ
3487 700 3829 770 καταμόνας.

2268 791 2638 862 Προαγορεύει
2682 793 2737 847 δέ
2793 795 2891 860 τὴν
2945 795 3225 854 πολιτείαν
3283 795 3392 848 τῶν
3432 791 3831 862 ὰναχωρητῶν.

619 897 713 936 seu
745 884 1052 949 unanimes,
1098 887 1376 940 monac/tos
1408 886 1663 951 reddidit,
1687 885 1844 954 quasi
1892 884 1958 938 ab
2007 883 2156 936 omni
2199 883 2480 938 mundano
2503 886 2721 957 negotio
2742 902 2970 955 prorsus
2998 895 3333 957 segregatos,
3390 899 3453 938 ac
3512 882 3787 938 solitarios
3811 891 3830 927 ε

617 991 864 1047 quosque
893 978 1246 1046 singulariter
1279 979 1420 1034 Deus
1467 979 1715 1032 habitare
1782 978 1911 1030 facit
1976 977 2028 1028 in
2063 975 2244 1045 parvis
2282 975 2593 1034 domiciliis.
2619 979 2856 1050 Etjurua
2887 964 3034 1034 hunc
3059 995 3275 1036 sensum
3297 978 3599 1049 praedicare.
3620 975 3837 1030 videtur

619 1058 886 1136 Propheta
918 1055 1372 1124 anaehoretardm
1409 1071 1599 1123 vitam.
1716 1135 1718 1137 _

691 1159 929 1212 Educta:
962 1161 1158 1213 tinctos
1185 1161 1236 1212 in
1263 1159 1592 1228 fortitudine.
1630 1161 1903 1222 Educeus,
1937 1160 2038 1212 hoc
2067 1169 2169 1223 est,

622 1249 860 1303 liberans
910 1263 1008 1303 eos
1059 1250 1339 1313 nimirum,
1391 1250 1495 1319 qui
1553 1259 1900 1318 peccatorum
1947 1263 2169 1301 suorum

619 1326 852 1402 catenis,
881 1345 938 1392 et
964 1337 1274 1390 daemonum
1301 1338 1562 1399 vinculis,
1605 1337 1708 1391 hoc
1747 1348 1848 1400 est,
1885 1336 2170 1389 alieetibus

623 1445 720 1484 seu
752 1429 1126 1498 passionibus,
1168 1444 1232 1492 ac
1267 1437 1616 1497 peccatorum
1663 1426 2166 1498 perturbationibus

621 1519 816 1583 vineti,
844 1523 1009 1587 atque
1055 1519 1255 1589 alligati
1303 1529 1432 1573 sunt
1475 1537 1487 1572 :
1526 1534 1634 1588 quo
1684 1533 1933 1573 sermOuc
1981 1517 2165 1570 ﬁdeles

623 1609 894 1677 intelligit.
920 1610 1011 1678 qui
1034 1625 1097 1662 ex
1119 1610 1368 1677 gentibus
1395 1605 1757 1678 congregandi
1778 1617 1948 1660 erant.
1978 1606 2167 1660 Educit

624 1708 804 1754 autem
832 1714 929 1754 eos
955 1701 1010 1752 in
1036 1699 1374 1764 fortitudine,
1407 1699 1507 1752 hoc
1530 1707 1634 1761 est,
1657 1699 1710 1751 in
1738 1698 1917 1750 divina
1953 1697 2169 1760 virtute,

625 1805 691 1842 ac
735 1789 997 1856 potentia,
1029 1804 1134 1857 qua
1163 1799 1452 1859 tyrannum
1493 1789 1716 1844 devicit.
1769 1786 1860 1841 Vel
1897 1788 2079 1850 etiam,
2118 1787 2171 1838 in

625 1881 830 1932 virtute
861 1879 1127 1933 sermonis
1152 1881 1483 1949 evangelici.

697 1969 955 2024 Similiter
987 1984 1098 2032 eos,
1127 1971 1215 2038 qui
1239 1980 1578 2040 exasperant,
1623 1971 1710 2040 qui
1738 1969 1977 2022 habitant
2009 1969 2061 2021 in
2096 1984 2177 2021 se-

625 2059 844 2125 pulcris.
879 2059 996 2114 Non
1049 2062 1247 2125 solum,
1311 2060 1505 2129 inquit,
1578 2068 1634 2112 tu
1682 2051 1910 2128 gentiles
1940 2058 2187 2114 educise

627 2148 882 2213 vinculis,
900 2150 996 2203 sed
1014 2160 1069 2204 et
1087 2151 1236 2218 ipsos
1255 2151 1414 2204 etiam
1432 2165 1498 2204 ex
1515 2149 1931 2204 circumcisione
1946 2147 2184 2213 Judzeos,

629 2255 769 2308 quos
799 2250 1175 2307 msperautes
1226 2239 1487 2308 appellat,
1523 2253 1618 2292 seu
1675 2238 2088 2299 exacerbantes,
2119 2252 2183 2290 ea

631 2335 844 2387 ratione
894 2347 1061 2401 quam
1111 2331 1355 2386 diximus
1403 2330 1457 2383 in
1507 2330 1720 2399 psalmo
1767 2345 1890 2382 va.
1947 2327 2186 2382 Possunt

630 2422 792 2475 etiam
825 2421 987 2475 verba
1011 2421 1123 2474 tunc
1143 2422 1216 2473 ita
1238 2419 1484 2487 intelligi,
1519 2426 1574 2471 ut
1611 2419 1951 2486 prophetiam
2007 2416 2185 2470 contio

633 2518 821 2573 neant,
864 2510 933 2563 de
972 2509 1277 2563 universali
1330 2521 1669 2561 mortuorum
1727 2506 2130 2561 resurrectione
2170 2523 2183 2559 :

633 2599 780 2666 quod
806 2600 1019 2654 scilicet
1057 2599 1202 2653 Deus
1247 2615 1313 2652 ex
1352 2600 1720 2652 monumentis
1751 2613 1940 2652 omnes
1974 2597 2185 2650 vinctos

637 2690 828 2743 mortis
853 2689 1071 2744 vinculo
1103 2690 1321 2756 educet,
1347 2703 1406 2742 ac
1429 2689 1738 2751 suscitabit,
1773 2699 1825 2741 et
1856 2686 2000 2756 quod
2032 2687 2184 2739 simi-

638 2781 764 2833 liter
788 2779 984 2834 educet
1011 2779 1248 2835 Judaeos.
1297 2781 1394 2850 illa
1443 2789 1622 2834 autem
1653 2781 1815 2831 verba
1853 2796 1865 2830 :
1904 2777 2007 2841 Qui
2036 2776 2186 2828 habi-

638 2881 753 2924 tant
779 2872 832 2924 in
863 2866 1141 2939 sepulcris,
1186 2873 1252 2924 ad
1299 2872 1556 2938 majorem
1584 2870 2006 2924 declarationem
2039 2868 2184 2920 dicta

2358 1157 2618 1222 ’EEdrwr
2645 1158 3098 1225 πεπεδημένους
3130 1157 3198 1210 ἐν
3249 1157 3482 1224 ἀνδρίᾳ.
3565 1155 3833 1221 Ἐξεῖιγων⁹

2269 1250 2439 1300 εῖτουν
2470 1247 2792 1315 ἐλευθερῶν,
2820 1250 2948 1310 τοὺς
3005 1247 3416 1314 πεπεδημένους
3463 1248 3581 1305 ταῖς
3623 1249 3838 1313 σειραῖς

2265 1339 2375 1390 τῶν
2417 1337 2847 1406 ἁμαρτημάτων,
2877 1339 2908 1407 ἢ
2935 1338 3046 1400 τοῖς
3069 1339 3289 1407 δεσμοῖς
3311 1336 3407 1389 τοῦ
3441 1337 3696 1403 δαίμονος
3717 1353 3730 1365 ο
3799 1336 3838 1387 ἃ.

2264 1429 2370 1479 είσι
2398 1426 2465 1478 τὰ
2496 1427 2662 1494 πάθη.
2723 1429 2882 1492 Λέγει
2923 1428 2978 1480 δὲ
3011 1429 3135 1490 τοὺς
3191 1426 3248 1491 ἐξ
3280 1425 3450 1478 ἐθνῶν
3504 1423 3832 1476 πιστεύσαν-

2266 1533 2360 1578 τας
2392 1515 2645 1583 ’ἐξάγων
2678 1517 2733 1568 δὲ
2767 1519 2890 1577 τοὺς
2939 1517 2994 1568 ἐν
3047 1516 3260 1585 ἀνδρίᾳ,
3323 1515 3491 1584 ἡγουν
3558 1515 3614 1564 ἐν
3682 1512 3839 1578 ἰσχύϊ

2265 1608 2550 1674 Θεότητος,
2599 1607 3080 1678 καταγωνιζομένῃ
3113 1607 3205 1658 τὸν
3234 1607 3498 1674 τύραννον
3528 1619 3541 1633 ο
3579 1604 3610 1670 ἦ
3653 1605 3749 1655 καὶ
3773 1607 3836 1654 ἐν

2268 1699 2494 1767 δυνάμει
2529 1699 2702 1765 λόγων
2725 1699 2832 1750 τῶν
2861 1697 3262 1765 εὖαγγελικῶν.

2368 1962 2610 2029 ὀμοίως
2638 1963 2780 2028 τοὺς
2817 1965 3406 2033 παραπικραίνοντας
3433 1963 3574 2030 τοὺς
3640 1979 3838 2017 κατοι-

2284 2052 2544 2118 κοῦντας
2570 2054 2639 2107 ἐν
2675 2053 2905 2122 τάφοις.
2965 2057 3037 2110 Οὐ
3069 2057 3228 2125 μόνον
3285 2056 3342 2110 δὲ
3402 2068 3645 2119 τουτους,
3703 2054 3841 2107 ἀλλὰ

2285 2144 2381 2196 καὶ
2403 2145 2528 2206 τοὺς
2568 2145 2630 2197 ἐκ
2668 2148 3009 2216 περιτομῆς·
3067 2150 3191 2210 τοὺς
3217 2147 3504 2210 Ἰουδαίους
3535 2148 3642 2216 γὰρ
3689 2146 3846 2200 καλεῖ

2284 2236 2863 2304 παραπικραίνοντας
2890 2275 2904 2302 ,
2936 2237 3010 2300 ὼς
3031 2239 3090 2291 ἐν
3122 2238 3196 2307 τῷ
3220 2237 3290 2304 ξε¹
3330 2239 3529 2309 ψαλμῷ
3558 2238 3845 2309 προδιελά·

2284 2326 2470 2393 ϐομεν.
2523 2329 2619 2400 Εἴη
2646 2330 2689 2382 δ’
2716 2329 2781 2382 ἂν
2810 2329 2967 2382 ταυτὶ
2996 2330 3059 2383 τὰ
3095 2331 3235 2400 ῥητὰ
3263 2330 3358 2383 καὶ
3386 2329 3692 2401 προφητεία
3712 2329 3846 2397 περὶ

2284 2418 2381 2486 τῆς
2417 2422 2762 2490 παγκοσμίου
2791 2422 2900 2473 τῶν
2927 2421 3136 2491 νεκρῶν
3167 2422 3516 2483 ἀναστάσεως
3538 2461 3554 2485 ,
3589 2423 3673 2474 ὅτι
3701 2420 3842 2471 πάν-

2285 2523 2382 2570 τας
2417 2509 2587 2579 ἐξά-(η
2616 2512 2725 2564 τῶν
2746 2513 2932 2580 τάφων
2951 2513 3076 2575 τοὺς
3106 2511 3310 2579 πεπεδη
3322 2513 3534 2580 μένους,
3555 2509 3843 2580 νεκρικῶς·

2289 2598 2486 2664 ὁμοίως
2519 2600 2574 2650 δὲ
2599 2603 2691 2652 καὶ
2726 2602 2854 2663 τοὺς
2897 2602 3188 2666 Ἰουδαίους
3212 2618 3226 2632 ο
3257 2598 3377 2654 εἶτα
3406 2602 3438 2670 ἡ
3474 2601 3806 2671 ἐπεξήγησις
3829 2640 3846 2664 ,
3865 2649 3876 2656 .

2289 2686 2371 2737 ὅτι
2405 2688 2546 2752 τοὺς
2579 2689 3008 2755 κατοικοῦντας
3057 2690 3125 2742 ἐν
3156 2689 3393 2757 τάφοιςο
3419 2691 3504 2742 διὰ
3540 2691 3744 2742 τούτων
3769 2690 3847 2752 δὲ,

2291 2779 2382 2829 καὶ
2410 2780 2535 2839 τοὺς
2563 2781 2620 2830 ἐν
2654 2783 2807 2849 πυρὶ,
2840 2783 2935 2834 καὶ
2970 2780 3239 2850 Θαλάσσῃ,
3302 2782 3396 2832 καὶ
3453 2782 3596 2843 ὅπως
3650 2781 3846 2850 δήποτε

2291 2867 2687 2938 διαφθαρέντας
2711 2873 3001 2940 ἐδήλωσεν.

639 2977 790 3033 sunt,
818 2978 873 3024 et
902 2982 1000 3036 per
1039 2981 1103 3022 ea
1135 2981 1329 3022 omnes
1361 2967 1608 3020 homines
1684 2966 1996 3034 significare
2073 2964 2261 3029 voluit,
2304 2966 2394 3032 qui
2431 2967 2627 3019 mortui
2679 2965 2902 3030 fuerint,
2959 2969 3274 3037 ubicunque
3316 2968 3381 3022 .id
3435 2966 3514 3021 eis
3561 2966 3846 3028 acetderit,

639 3070 734 3116 aut
773 3062 828 3114 in
863 3070 1032 3122 terra,
1057 3069 1149 3112 aut
1181 3059 1233 3112 in
1266 3060 1429 3122 mari,
1467 3066 1562 3111 aut
1591 3061 1640 3111 iu
1671 3059 1814 3127 igne.

709 3153 872 3208 Vens.
905 3154 961 3217 8,
991 3154 1046 3207 9.
1082 3154 1238 3212 Deus.
1263 3169 1381 3206 cum
1426 3152 1743 3222 egredereris
1799 3154 1852 3205 in
1910 3160 2183 3215 conspectu

639 3245 816 3313 populi
851 3246 947 3309 uti,
980 3260 1096 3297 rum
1125 3245 1476 3311 pertransires
1507 3245 1562 3296 in
1604 3244 1833 3304 deserto,
1863 3253 2004 3295 terra
2046 3252 2190 3295 mota

2375 3151 2432 3205 '0
2452 3153 2616 3217 Θεὸς,
2651 3153 2713 3204 ἐν
2751 3151 2829 3216 τῷ
2853 3151 3281 3218 ἐκπορεύεσθαι
3325 3167 3398 3203 σε
3440 3149 3695 3202 ἐνώπιον
3745 3149 3851 3202 τοῦ

2295 3242 2448 3296 λαοῦ
2479 3259 2614 3306 σου,
2638 3243 2706 3295 ἐν
2727 3242 2804 3306 τῷ
2832 3243 3159 3295 διαϐαίνειν
3188 3255 3260 3293 σε
3285 3241 3354 3293 ἐν
3394 3239 3468 3307 τῇ
3505 3241 3718 3318 ἐρήμῳ,
3776 3241 3851 3307 γῆ

639 3350 718 3395 est
746 3357 766 3393 :
803 3340 994 3393 etenim
1043 3339 1157 3391 caeli
1184 3338 1591 3391 distillaverunt.
1638 3338 1866 3402 Quando
1901 3336 2088 3390 dixisti
2122 3334 2187 3387 ad

2292 3334 2536 3398 ἐσείσθη
2565 3350 2578 3363 ο
2612 3333 2708 3385 καὶ
2743 3333 2850 3401 γὰρ
2870 3335 2924 3386 οἱ
2952 3332 3192 3398 οὐρανοὶ
3215 3331 3502 3392 ἓσταξαν.
3539 3331 3664 3380 Ὀτε
3694 3325 3856 3389 εἶπας

640 3431 902 3486 «Ιιιιίωοςι
935 3428 1065 3482 Ecce
1093 3428 1379 3481 dimittitur
1405 3429 1592 3480 domus
1639 3436 1809 3481 vestra
1857 3427 2063 3480 deserta
2097 3426 2136 3456 “
2160 3441 2187 3490 .;

644 3531 702 3578 et
731 3523 950 3591 quando
977 3519 1228 3576 Jeremite
1267 3520 1553 3589 prephetia
1604 3535 1665 3573 ex
1716 3533 1950 3588 persona
1987 3517 2190 3572 Christi

646 3617 878 3685 prolata,
911 3617 1072 3668 ﬁnem
1098 3615 1330 3679 accepit,
1356 3627 1473 3679 quae
1503 3612 1631 3664 dicit
1667 3628 1679 3662 :
1709 3609 1970 3673 Quoniam
2003 3607 2194 3661 dereli-

647 3715 872 3774 quenmt
898 3705 1109 3757 domum
1140 3720 1328 3765 nteant,
1350 3702 1526 3755 dimisi
1553 3702 1910 3755 Ita'redt'tatem
1938 3715 2104 3752 meam
2127 3699 2195 3752 δ’.

650 3791 809 3851 Tunc
843 3794 1045 3850 etenim
1093 3803 1382 3863 postquam
1436 3808 1689 3861 egressus
1730 3806 1811 3856 es,
1869 3792 2128 3845 recedens
2169 3805 2198 3842 a

651 3896 953 3955 conspectu
1007 3883 1218 3954 populi,
1276 3883 1366 3951 qui
1426 3897 1667 3950 eousque
1722 3892 1845 3936 tuus
1903 3881 2100 3946 fuerat,
2149 3889 2204 3934 et

655 3974 998 4046 pertransisti
1026 3974 1092 4027 ad
1111 3972 1410 4027 Ecclesium
1431 3986 1495 4024 ex
1519 3971 1766 4040 gentibus
1792 3980 2197 4039 congregatam,

653 4068 776 4136 qua
805 4065 934 4119 olim
983 4063 1200 4119 deserta
1255 4071 1394 4126 erat,
1448 4076 1513 4114 ac
1558 4061 1704 4113 nuda
1749 4059 1894 4113 onmi
1949 4060 2203 4125 scientia,

656 4171 821 4228 atque
842 4160 1158 4229 cognitione
1179 4150 1643 4223 Dei,;sterilisqtte.
1667 4162 1832 4221 atque
1863 4151 2205 4206 infructuosa

658 4251 899 4321 germine
931 4251 1217 4310 virtutum;
1252 4259 1400 4310 tunc,
1425 4247 1663 4313 inquam,
1699 4254 1985 4313 postquam
2019 4242 2205 4306 existi,

661 4355 808 4399 terra
839 4350 1114 4397 commota
1145 4350 1251 4404 est,
1285 4339 1561 4408 passionis
1602 4339 1889 4400 nimirum,
1931 4345 1984 4389 et
2021 4349 2206 4389 resur-

662 4433 928 4491 rectionis
963 4429 1327 4499 tempore.-Et
1359 4429 1482 4481 cmli
1510 4427 1938 4490 distillaverunt,
1975 4423 2208 4478 descen-

660 4521 822 4574 dente
857 4528 1050 4574 sancto
1080 4518 1289 4587 Spiritu
1329 4519 1382 4570 in
1411 4517 1712 4586 apostolos,
1740 4515 1793 4568 in
1818 4514 1905 4569 die
1937 4512 2204 4569 Penteco-

659 4623 794 4665 διεδ.
845 4610 942 4664 Vel
993 4617 1138 4663 terra
1193 4620 1462 4662 commota
1519 4617 1625 4670 est,
1694 4604 2206 4675 pertranseuntibus

663 4700 917 4766 gentibus
949 4697 1019 4751 ab
1047 4711 1235 4751 errore
1269 4700 1333 4750 ad
1381 4697 1661 4750 veritatem
1714 4713 1725 4746 :
1765 4704 1822 4748 et
1861 4695 2211 4746 atillaverunt

667 4791 900 4860 apostoli
929 4804 1125 4858 aquam
1177 4788 1602 4857 praedicationis,
1637 4801 1741 4855 qua
1793 4784 1978 4838 ﬁdeles
2025 4783 2215 4852 irriga-

667 4881 869 4935 bantur
893 4879 1110 4932 animae.
1141 4877 1385 4948 Apostoli
1416 4879 1618 4932 etenim
1640 4877 1761 4930 coeli
1780 4890 1902 4931 esse
1934 4876 2214 4936 dicuntur,

667 4977 728 5023 et
762 4971 891 5037 quia
943 4966 1185 5022 cmlestia
1241 4967 1480 5034 sapiunt,
1536 4975 1590 5021 et
1636 4969 1761 5034 quia
1796 4964 2218 5034 quibuscunque

671 5055 907 5112 terrenis
935 5056 1105 5111 rebus
1135 5055 1571 5123 supereminent.
1618 5053 1712 5107 llla
1753 5063 1932 5106 autem
1988 5053 2211 5120 conjun-

671 5148 803 5212 ctio,
831 5146 991 5210 enim,
1015 5145 1283 5215 superﬂua
1322 5153 1426 5199 est.
1830 5210 1834 5213 π

740 5239 785 5290 Δ
808 5237 942 5305 [acie
968 5233 1064 5288 Dei
1086 5233 1256 5294 Sirmi.
1274 5251 1305 5286 α
1324 5234 1455 5302 [acie
1475 5233 1564 5286 Dei
1586 5232 1776 5286 Israel.
1809 5259 1876 5271 —
1895 5234 1931 5283 Α
1968 5231 2099 5299 facie
2127 5231 2220 5283 Dei

673 5326 1150 5395 circnmloquendo
1197 5325 1355 5388 dixit,
1417 5341 1513 5394 pro
1551 5326 1626 5378 ab
1687 5326 1802 5392 ipso
1856 5322 1984 5384 Deo,
2043 5332 2100 5375 ut
2152 5323 2222 5373 sit

677 5432 874 5473 sensus
903 5436 918 5471 :
960 5417 1084 5471 llaec
1113 5418 1253 5472 facta
1285 5424 1413 5471 sunt
1442 5415 1508 5469 ab
1540 5431 1623 5482 eo,
1655 5417 1744 5485 qui
1778 5425 1863 5468 est
1901 5413 2040 5467 Deus
2069 5427 2224 5466 mon-

682 5510 752 5564 tis
774 5510 948 5564 Sinai.
989 5512 1113 5578 Ipse
1138 5509 1336 5568 etenim
1374 5507 1516 5562 idem
1547 5516 1650 5572 est,
1681 5508 1772 5576 qui
1807 5515 1858 5561 et
1895 5505 2032 5560 Dtus
2065 5505 2216 5557 Sinai

680 5600 897 5664 dicitur,
950 5609 1006 5655 et
1053 5600 1196 5654 Deus
1223 5599 1411 5654 Israel.
1459 5597 1660 5652 Horum
1708 5606 1886 5652 autem
1935 5596 2213 5650 nominum

749 5781 864 5837 “ll
894 5782 1020 5837 Cor.
1053 5798 1107 5848 ν,
1151 5782 1195 5834 Ι.
1274 5779 1313 5809 δ’
1345 5778 1533 5831 Matth.
1598 5793 1750 5845 mu,
1783 5778 1869 5830 57.

2297 3423 2429 3491 πρὸς
2451 3420 2744 3481 Ἰουδαίους
2768 3436 2781 3449 ·
2835 3419 2990 3471 Ἰδοὺ
3015 3419 3250 3484 ἀφίεται
3285 3421 3317 3470 d
3351 3413 3513 3480 οἶκος
3535 3415 3701 3483 ὑμῶν
3720 3415 3857 3482 ἔρη-

2291 3530 2426 3580 μος,
2457 3511 2604 3573 τέλος
2643 3511 2742 3579 ἤδη
2767 3509 3149 3579 λαμϐανούσης
3189 3508 3283 3576 τῆς
3331 3507 3597 3576 Ἱερεμίου
3623 3503 3857 3576 ’προφηο

2298 3604 2468 3667 τείας,
2503 3604 2562 3654 ἐκ
2615 3599 2905 3671 προσώπου
2952 3616 3065 3663 σου,
3130 3598 3349 3667 Χριστέ,
3410 3599 3703 3668 φήσαντος,
3772 3597 3860 3648 ὅτι

2313 3692 2747 3760 Ἑγκατέλιπον
2777 3691 2882 3744 τὸν
2906 3687 3073 3743 οἶκόν
3089 3707 3209 3757 μου
3228 3706 3240 3720 ν
3273 3687 3478 3756 ἀφῆκα
3501 3689 3615 3753 τὴν
3639 3691 3861 3754 κληρο-

2300 3783 2517 3851 νομίαν
2543 3781 2840 3859 μου.Τότε
2870 3781 3006 3849 μετᾶ
3053 3781 3112 3847 το
3175 3777 3576 3850 ἐκπορευθῆναί
3648 3797 3707 3830 σε
3762 3779 3862 3831 καὶ

2303 3873 2656 3943 ἀναχωρῆσαι
2701 3872 2930 3924 ἐνώπιον
2963 3868 3058 3922 τοῦ
3097 3873 3259 3945 μέχρι
3284 3870 3429 3935 τότε,
3462 3868 3592 3920 λαοῦ
3620 3886 3735 3930 σου,
3766 3867 3865 3920 καὶ

2303 3966 2585 4033 διαὸλῆναί
2655 3981 2714 4016 σε
2753 3965 2833 4026 είς
2883 3964 2983 4032 τὴν
3036 3961 3540 4031 ἀθροισθησομὲνην
3626 3959 3862 4027 Ἐκκλη-

2309 4057 2430 4110 σίαν
2461 4055 2568 4109 τῶν
2595 4054 2763 4109 ἐθνῶν
2797 4055 2898 4125 τὴν
2933 4054 3140 4124 ἔρημον
3175 4052 3524 4118 θεογνωσίας,
3555 4052 3649 4104 καὶ
3689 4052 3870 4118 ἄκαρ-

2309 4169 2408 4204 πον
2432 4149 2654 4220 ἀρετῆς,
2687 4149 2720 4217 ἡ
2749 4147 2821 4216 γῆ
2858 4145 2954 4216 μὲν
2987 4144 3206 4214 ἐσείσθη
3233 4142 3375 4196 κατὰ
3397 4142 3488 4194 τὸν
3538 4143 3728 4208 καιρὸν
3765 4141 3866 4191 τοῦ

2310 4241 2537 4304 πάθους,
2571 4241 2666 4296 καὶ
2705 4239 2804 4308 τῆς
2832 4237 3212 4298 ἀναστάσεως’
3254 4235 3302 4286 oi
3367 4232 3587 4303 οὐρανοὶ
3629 4231 3865 4294 ἔσταξεν

2309 4332 2410 4401 τὴν
2433 4331 2656 4386 κάθοδον
2686 4328 2780 4381 τοῦ
2800 4329 2954 4395 ἁγίου
2983 4327 3301 4395 Πνεύματος
3345 4323 3424 4387 είς
3444 4323 3572 4385 τοὺς
3633 4321 3870 4374 duos-.6-

2311 4425 2457 4486 λους,
2490 4424 2546 4474 ἰν
2588 4420 2666 4490 τῷ
2695 4418 2871 4488 και,ρῷ
2914 4418 3009 4484 τῆς
3065 4417 3466 4484 Πεντηκοστῆς.
3515 4415 3584 4468 Ἦ
3643 4412 3866 4490 ἐσείσθη

2321 4515 2418 4583 μὲν
2441 4515 2473 4583 ὴ
2495 4513 2565 4581 γῆ
2596 4508 2946 4581 μεταϐάντων
2975 4508 3082 4560 τῶν
3129 4506 3300 4558 ἐθνῶν
3355 4506 3467 4557 ἀπὸ
3503 4507 3600 4573 τῆς
3657 4504 3869 4571 πλάνης

2244 4640 2286 4694 D
2315 4608 2394 4671 είς
2428 4606 2524 4673 τὴν
2559 4604 2816 4688 διλήθειαν
2842 4618 2858 4633 ο
2892 4599 3124 4663 ἐσταξαν
3159 4599 3216 4651 δὲ
3245 4599 3291 4650 οἱ
3320 4595 3606 4648 ἀπόστολοι
3635 4593 3695 4694 το
3721 4592 3867 4671 ὕδωρ

2311 4700 2404 4751 τοῦ
2431 4684 2802 4767 κηρύῇματος,
2853 4693 3076 4766 ἀρδεῦον
3123 4689 3316 4758 ψυχάς.
3346 4687 3578 4757 Οὐρανοὶ
3632 4684 3740 4754 γὰρ
3773 4687 3868 4736 καὶ

2313 4783 2487 4849 οὗτοι.
2517 4789 2603 4841 διὰ
2627 4788 2688 4838 τὸ
2723 4787 2939 4855 φρονεῖν
2993 4782 3238 4852 οὐράνια,
3265 4777 3357 4831 καὶ
3404 4777 3463 4830 τὸ
3509 4775 3867 4845 ὑπερκεῖσθαι

2316 4880 2514 4942 παντὸς
2539 4877 2740 4947 γεηροῦ
2773 4876 3120 4944 πράγματος.
3166 4873 3225 4924 '0
3260 4871 3317 4925 δέ
3341 4869 3639 4937 σύνδεσμος
3665 4867 3694 4917 ὁ
3732 4868 3865 4932 γὰρ,

2315 4985 2642 5039 περιττευει.

2405 5233 2534 5286 Ἀπὸ
2587 5227 2906 5299 προσώπου
2949 5225 3052 5278 τοῦ
3084 5224 3231 5278 Θεοῦ
3291 5222 3454 5284 Σινᾶ,
3501 5223 3618 5275 ἀπὸ
3679 5233 3865 5286 προσ-τ

2326 5326 2488 5377 ώπου
2518 5322 2622 5375 τοῦ
2656 5317 2800 5372 Θεοῦ
2844 5316 3110 5381 Ἰσραήλ.
3137 5310 3587 5382 Περιφραστικῶς
3618 5309 3696 5374 τὸ,
3740 5307 3870 5360 Ἀπό
3951 5350 3954 5352 .

2322 5412 2639 5482 προσώπου
2674 5405 2777 5460 τοῦ
2811 5406 2977 5468 Θεοῦ,
3009 5403 3283 5455 τουτέστιν
3304 5419 3317 5432 ο
3343 5403 3423 5454 ὅτι
3456 5399 3628 5452 ταῦτα
3650 5398 3870 5465 γεγόνα-

2335 5521 2416 5555 σιν
2447 5502 2551 5552 ὑπὸ
2583 5498 2675 5552 τοῦ
2711 5500 2859 5562 ὄντος
2889 5495 3045 5557 Θεοῦ,
3087 5492 3180 5546 τοῦ
3205 5493 3335 5545 Σινᾶ
3363 5491 3542 5559 ὅρους.
3569 5489 3737 5550 Αὐτὸς
3765 5488 3870 5554 γάρ

2329 5598 2441 5645 ἐστι
2477 5593 2570 5644 καὶ
2601 5590 2693 5645 τοῦ
2721 5592 2849 5644 Σινᾶ
2877 5589 3028 5653 Θεὸς,
3066 5587 3161 5639 καὶ
3194 5582 3288 5637 τοῦ
3330 5581 3564 5651 Ἰσραήλ.
3604 5577 3872 5650 Ἐμνημό-

1947 5777 1990 5806 ⁸³
2031 5774 2232 5828 Jercm.
2265 5786 2360 5839 xu,
2395 5771 2449 5825 '7.
