4124 6326
295 401 416 467 665

1443 401 1826 460 COMMENT.
1868 399 1944 458 IN
1993 401 2348 462 PSALMOS.

3405 408 3511 471 606

295 529 463 566 νιυσε
486 511 540 566 δὲ
567 507 795 576 τούτων,
825 513 1035 574 δεικνὺς
1068 513 1148 565 ὅτι
1187 514 1215 564 6
1241 514 1297 565 ἐν
1337 513 1464 573 Σινὰ
1489 513 1855 583 τερατουργή-

1959 513 2204 567 meminit
2247 514 2542 584 Propheta,
2587 518 2714 585 quia
2748 529 2803 573 et
2853 517 2905 571 in
2956 527 3138 573 monte
3188 518 3318 572 Sina
3372 518 3512 573 Deus

301 619 410 666 σας
446 604 538 656 καὶ
594 603 672 672 τῷ
713 602 900 657 Ἰακὼὸ
933 602 1283 672 φαντασοεὶς,
1336 601 1505 663 αὐτδς-
1535 603 1628 654 καὶ
1684 601 1858 656 ταῦτα

301 695 487 746 ποιεῖ’
515 694 609 748 καὶ
641 693 739 746 οὐκ
773 692 888 746 ἔστι
909 692 1039 755 Θεὸς
1063 691 1270 763 ἕτερος,
1302 691 1430 762 παρ’
1453 692 1679 744 ἐκεῖνον.

381 953 618 1024 Βιοχήν
646 954 930 1009 ἑκούσιον
971 953 1234 1024 ἁφοριεῖς
1263 957 1297 1008 ὁ
1331 955 1474 1020 Θεὸς
1527 953 1601 1019 τῇ
1646 957 1860 1022 κληρο-

297 1047 486 1114 νομίᾳ
512 1061 650 1099 σου.
711 1046 1060 1116 κληρονομία
1109 1045 1208 1115 μὲν
1237 1043 1394 1108 Θεοῦ,
1436 1044 1504 1098 τὰ
1531 1045 1679 1113 ἔθνη,
1717 1045 1857 1099 κατὰ

297 1137 402 1189 τὸο
437 1137 542 1190 Καὶ
581 1137 752 1190 δώσω
781 1151 882 1191 σοι
932 1138 1074 1204 ἔθνη
1120 1137 1234 1204 τὴν
1279 1137 1684 1204 κληρονομίαν
1715 1152 1852 1191 σου.

300 1220 490 1293 Βροχὴ
543 1223 600 1276 δὲ
631 1226 659 1276 6
707 1223 865 1292 λόγος
913 1222 1008 1276 τοῦ
1040 1224 1370 1292 Εὐαγγελίου
1426 1224 1733 1287 ἁπαλύνων,
1764 1226 1855 1277 καὶ

299 1314 551 1384 ἀρδεύων
575 1315 672 1377 τὰς
694 1315 893 1386 ψυχάς.
933 1315 1212 1380 Ἐκοὺσιος
1245 1317 1300 1370 δὲ
1336 1317 1504 1388 βροχὴ
1534 1316 1695 1386 αὕτη,
1723 1317 1857 1370 διότι

299 1404 335 1456 6
364 1404 462 1472 μὲν
487 1405 777 1467 Μωσαῦιδς
806 1405 989 1474 νόμος,
1012 1405 1073 1457 οὐ
1105 1406 1241 1458 κατὰ
1281 1405 1498 1474 θέλησιν
1531 1405 1689 1467 Θεοῦ,
1723 1407 1858 1460 ἀλλὰ

298 1495 430 1546 κατ’
487 1485 798 1564 οἰκονομίαν
819 1512 833 1526 ο
866 1497 926 1548 οὺ
952 1495 1061 1566 γὰρ
1094 1496 1290 1566 ἔχρῃζε
1331 1497 1439 1549 τῶν
1477 1495 1698 1562 θυσιῶν,
1730 1499 1857 1550 οὐδὲ

292 1585 560 1638 τοιούτων
604 1585 777 1638 ἄλλων
812 1587 1320 1657 παρατηρημάτων.
1381 1586 1481 1653 Τίς
1515 1589 1648 1655 τὰρ,
1699 1589 1853 1657 φησὶ,

292 1676 488 1730 ταῦτα
533 1675 886 1742 mannos,-
941 1679 1046 1730 Καὶ
1076 1678 1236 1730 πάλιν
1256 1695 1270 1709 ·
1322 1677 1542 1745 Μωσῆς
1570 1679 1718 1746 πρὸς
1746 1679 1858 1746 τὴν

290 1767 788 1834 σκληροκαρδίαν
843 1767 1010 1836 ὑμῶν
1032 1768 1326 1836 ἔγραψεν·
1368 1771 1395 1820 6
1436 1768 1494 1821 δὲ
1535 1769 1628 1820 τοῦ
1675 1771 1848 1838 κηρύο

1960 605 2225 658 miracula
2260 616 2521 675 operatus
2547 615 2651 668 est.
2677 619 2729 660 et
2749 609 2871 674 quia
2905 609 3154 676 apparuit
3191 609 3380 672 Israel,
3408 611 3510 663 huc

1957 705 2061 760 est,
2095 697 2416 765 patriarcha:
2468 696 2658 752 Iacob.
2708 699 2802 751 Est
2820 699 2964 752 enim
3013 699 3152 752 idem
3205 699 3369 762 Deus,
3403 701 3496 768 qui

1957 784 2073 840 hinc
2110 786 2289 840 omnia
2324 795 2603 856 operatur,
2631 796 2686 842 et
2719 803 2828 841 non
2852 797 2934 842 est
2971 789 3112 842 alius
3140 788 3281 842 Deus
3313 798 3508 856 printer

1957 892 2104 931 611111.

2027 962 2192 1018 Vens.
2235 963 2318 1018 I0.
2366 962 2606 1017 Pluviam
2632 963 3303 1034 voluntariamsegregabis,
3344 969 3502 1028 Deus,

1957 1054 2252 1108 ha’reditati
2278 1064 2400 1107 luw.
2436 1053 2536 1105 Per
2565 1053 2933 1108 [nereditatem
2976 1053 3092 1115 Dei,
3127 1063 3318 1122 gentes
3353 1056 3509 1109 intel—

1959 1141 2093 1209 Iigit,
2115 1141 2268 1208 juxta
2303 1138 2434 1193 illud
2472 1159 2485 1194 :
2514 1138 2736 1194 l’ostula
2773 1157 2803 1192 a
2832 1158 2932 1205 me,
2963 1150 3010 1193 et
3041 1139 3178 1193 dabo
3214 1143 3307 1194 tibi
3337 1153 3507 1211 gentes

1957 1232 2319 1284 Iurreditatcm
2361 1241 2502 1283 tuam
2545 1231 2629 1284 ‘3:
2665 1232 2766 1284 Per
2810 1229 3042 1299 pluviam
3077 1245 3206 1284 vero
3231 1232 3508 1298 evangeli-

1956 1338 2079 1376 Cnm
2112 1338 2440 1385 sermonem,
2483 1337 2591 1389 quo
2621 1321 2874 1375 duriores
2911 1321 3209 1389 irrigantur
3274 1335 3334 1373 ac
3365 1325 3507 1374 mol-

1959 1413 2164 1466 liuntur
2199 1412 2435 1475 animai:
2469 1425 2632 1478 quam
2669 1409 2945 1478 Evangelii
2980 1409 3239 1476 pluviam,
3271 1410 3506 1478 appellat

1955 1498 2342 1558 voluntariam,
2371 1511 2435 1550 eo
2487 1496 2628 1564 quod
2668 1495 2902 1548 Mosaica
2963 1496 3047 1548 lex
3090 1509 3195 1546 non
3233 1495 3357 1547 data
3391 1503 3508 1547 erat

1956 1603 2020 1642 ex
2049 1603 2195 1641 mera
2228 1587 2315 1640 Dei
2353 1587 2655 1648 voluntate,
2677 1585 2768 1638 sed
2797 1587 2973 1652 potius
2995 1601 3059 1638 ex
3077 1585 3504 1655 dispensatione.

1955 1676 2138 1744 Neque
2170 1673 2308 1730 enim
2361 1677 2603 1743 optabat,
2629 1675 2949 1729 autvolebat
3003 1677 3142 1729 Deus
3197 1667 3490 1740 sacriﬁcia,

1959 1779 2047 1820 aut
2074 1757 2508 1827 alias‘eiusmodi
2557 1767 2737 1820 varias
2784 1767 3216 1830 observationes,
3249 1767 3376 1834 quze
3405 1767 3503 1818 ha-

293 1826 511 1925 γματος
539 1826 694 1925 λόγος
715 1859 832 1910 κατ’
859 1826 1111 1910 εὐδοκίαν
1134 1826 1248 1910 ιᾶτι
1279 1857 1412 1910 Θεοῦ
1436 1875 1448 1888 ·
1471 1859 1504 1928 ἢ
1538 1859 1618 1912 ὅτι
1640 1826 1847 1921 ἐκεῖνος

1956 1859 2143 1912 bentur
2170 1857 2220 1908 in
2239 1857 2350 1925 lege
2377 1873 2389 1908 :
2413 1854 2541 1920 Quis
2565 1855 2723 1916 enim,
2750 1855 2942 1923 inquit,
2978 1855 3086 1908 Iiwc
3102 1857 3377 1922 exquisivit
3402 1855 3508 1910 ?Et

294 1947 404 2016 μιν
425 1949 515 2001 καὶ
554 1949 785 2009 ἄκοντας
820 1948 1061 2010 ἐκείνους
1093 1946 1400 2016 ἠνάγκαζεν
1433 1947 1718 2016 φυλάττειν
1755 1948 1854 2010 τὰς

291 2039 558 2103 ἐντολάς·
613 2039 924 2102 λιθοϐολῶν,
977 2039 1166 2105 καίων,
1223 2040 1318 2092 καὶ
1345 2039 1556 2107 πικρῶς
1586 2037 1850 2108 ἀναιρῶν·

289 2121 456 2190 οὗτος
521 2129 600 2192 δὲ,
642 2130 832 2182 οὐδένα
881 2129 1146 2198 βιάζεται,
1202 2129 1340 2183 ἀλλὰ
1385 2130 1625 2183 θέλουσιν
1675 2131 1853 2192 αὐτοῖς

290 2215 694 2284 προσφέρεται.

1947 2039 2056 2092 Ιιαό
2071 2038 2280 2104 scripsit
2309 2035 2393 2106 (ab
2415 2036 2563 2088 initio
2589 2045 2762 2088 autem
2795 2053 2898 2089 non
2941 2046 3053 2089 erat
3080 2037 3156 2089 sic
3183 2036 3272 2105 “).

1948 1962 2138 2001 rursus
2167 1946 2292 1999 alibi
2319 1944 2582 1998 Dominus
2607 1962 2621 1999 :
2659 1947 2738 1997 Ad
2754 1946 3007 1998 duritiam
3051 1957 3271 1998 vestram
3297 1945 3502 2013 Moyses

3335 2037 3511 2089 Erano-

1949 2129 2132 2198 gelica:
2162 2137 2340 2181 autem
2377 2125 2774 2195 praedicationis
2808 2142 2989 2181 sermo
3028 2126 3224 2180 divinae
3281 2143 3506 2195 prorsus

1952 2218 2206 2286 congruit
2245 2217 2536 2271 voluntati.
2574 2217 2668 2270 Vel
2721 2219 3086 2271 voluntariam
3118 2219 3236 2271 ideo
3255 2219 3506 2287 appr-Hal,

287 2301 428 2371 quia
450 2303 531 2358 lex
562 2308 726 2361 etiam
763 2306 965 2363 invitos
983 2308 1206 2375 iubebat
1243 2309 1412 2378 legem
1441 2324 1686 2376 servare,
1717 2310 1958 2377 alioquin
1991 2311 2286 2379 lapidabat,
2312 2310 2576 2373 ett-debat,
2608 2311 2858 2364 incendio
2887 2294 3164 2379 perdebat,
3237 2321 3289 2364 et
3325 2312 3510 2364 saevis-

290 2392 438 2450 sime
470 2393 706 2465 denique
748 2398 1053 2451 occidebat.
1087 2399 1406 2457 Prazdicatio
1449 2409 1628 2452 autem
1691 2401 2002 2468 evangelica
2046 2401 2315 2455 neminem
2362 2402 2527 2469 cogit,
2559 2400 2653 2456 sed
2685 2401 2988 2455 volentibus
3030 2411 3233 2454 tantum
3264 2401 3505 2454 Oilei-tur.

370 2491 478 2544 Καὶ
503 2491 829 2558 ἠσθένησε,
849 2493 929 2545 σὺ
959 2493 1027 2545 δὲ
1057 2496 1390 2562 κατηρτίσω
1422 2496 1634 2563 αὐτήν.
1654 2497 1850 2550 Ἦσθέ-

285 2597 428 2651 vna:
459 2581 620 2632 πάλιν
648 2583 999 2652 συντριϐεῖσα
1031 2586 1305 2654 τυραννίδι
1346 2587 1454 2638 τῶν
1487 2588 1740 2642 εἰδώλων.
1779 2591 1850 2643 Σὺ

285 2670 359 2725 δὲ
409 2672 602 2741 ἀρτίαν
633 2673 802 2743 αὐτὴν
849 2675 1133 2742 ἐποίησας,
1169 2677 1521 2738 ἁνακαινίσας
1567 2679 1735 2746 αὐτὴν
1766 2679 1851 2732 διὰ

284 2759 399 2829 τῆς
429 2760 850 2828 παλιγγενεσίας
872 2763 968 2816 τοῦ
1007 2763 1402 2831 βαπτίσματος,
1425 2766 1517 2816 καὶ
1549 2765 1849 2829 στερεώσας

283 2851 392 2903 tati
421 2851 522 2920 τὴν
552 2851 800 2905 ἄσειστον
829 2852 1034 2923 πέτραν
1055 2852 1163 2906 τῶν
1185 2853 1410 2905 ἐντολῶν
1443 2869 1556 2907 σου.

375 3027 454 3082 Τὰ
489 3027 600 3089 ζῶά
630 3041 747 3082 σου
770 3029 1154 3083 κατοικοῦσιν
1177 3029 1248 3082 ἐν
1277 3028 1450 3096 αὐτῇ.
1492 3030 1557 3082 Οἱ
1583 3032 1730 3100 παρὰ
1758 3031 1852 3082 σοῦ

286 3117 687 3185 πνευματικῶς
743 3118 1070 3187 τρεφόμενοι
1118 3119 1211 3172 καὶ
1264 3121 1462 3182 ζῶντες
1513 3121 1612 3190 τὴν
1659 3123 1718 3172 ὲν
1772 3121 1855 3173 σοὶ

290 3205 470 3277 ζωήν.
506 3208 576 3260 Ἣ
626 3207 742 3272 ζῶα
786 3208 882 3261 τοῦ
935 3210 1174 3279 Χριστοῦ
1226 3212 1275 3263 οἱ
1324 3211 1635 3277 ἀπόστολοι,
1697 3210 1788 3274 οὒς
1827 3213 1854 3264 6

2019 2493 2086 2548 Et
2119 2497 2391 2562 inﬁrmata
2413 2505 2510 2558 est,
2546 2506 2601 2548 tu
2631 2512 2746 2548 vero
2776 2496 3042 2564 perfecisli
3076 2512 3210 2548 eam.
3238 2494 3506 2550 Inﬁrmata

1949 2595 2060 2652 est,
2094 2596 2146 2640 et
2179 2587 2478 2650 debilitata,
2507 2600 2570 2640 ac
2599 2586 2691 2639 diu
2719 2601 2979 2655 oppressa
3010 2586 3273 2640 idolorum
3327 2593 3510 2654 tyran-

1947 2673 2093 2727 nide.
2119 2673 2198 2727 Tu
2230 2689 2356 2728 vero
2381 2688 2566 2727 sanam
2595 2689 2738 2735 eam,
2761 2683 2814 2726 et
2847 2672 3134 2741 perfectam
3203 2673 3504 2726 reddidisti.

1949 2778 2045 2830 per
2081 2764 2330 2832 baptismi
2375 2764 2864 2832 regenerationem.
2925 2777 3192 2816 rennvans
3244 2762 3499 2815 nimirum

1949 2870 2090 2916 eam,
2114 2863 2166 2906 et
2185 2870 2345 2924 super
2370 2854 2598 2908 solidam
2633 2853 3011 2906 mandaturum
3046 2861 3263 2905 tuorum
3301 2865 3504 2920 petram

1951 2944 2252 2999 stabiliens.

2027 3032 2199 3088 V'Ens.
2237 3033 2621 3088 II.‘Auimalia
2653 3043 2742 3088 tua
2762 3035 3071 3087 habitabant
3097 3035 3148 3087 in
3169 3050 3250 3087 ea.
3282 3032 3317 3086 Ii
3348 3034 3508 3087 nimi--

1952 3139 2074 3177 rum
2106 3125 2197 3192 qui
2238 3140 2269 3178 a
2305 3135 2354 3178 te
2385 3125 2653 3193 spirituali
2684 3125 2806 3179 cibo
2861 3124 3102 3196 aluntur,
3141 3124 3341 3192 quique
3384 3123 3506 3177 ani-

1957 3231 2123 3279 mam,
2191 3216 2296 3269 hoc
2347 3225 2450 3278 est,
2515 3215 2674 3267 vitam
2743 3215 2942 3268 habent
2983 3213 3037 3266 in
3097 3221 3168 3266 te.
3235 3211 3354 3274 Vel,
3410 3228 3506 3279 per

305 3297 628 3370 ’Δσσακοὺμ
687 3300 913 3367 ἵππους
946 3300 1256 3370 ὠνόμασενε
1293 3303 1708 3368 Ἐπεϐίϐασας,
1735 3289 1816 3354 ⁴λέ

1956 3305 2205 3358 animalia
2228 3304 2429 3359 Christi
2459 3305 2734 3372 apostolos
2755 3303 3014 3372 intellige,
3079 3317 3218 3371 quos
3255 3302 3509 3355 IIabacuc

288 3403 436 3457 των,
469 3391 554 3456 είς
596 3389 916 3444 θάλασσαν
962 3391 1102 3456 τοὺς
1128 3393 1351 3458 ἵππους
1391 3409 1541 3449 σου⁶
1577 3394 1851 3449 θάλασσαν

291 3479 534 3542 καλέσας
563 3480 664 3550 τὴν
693 3483 895 3551 πικρὰν
930 3483 1203 3536 ἀπιστίαν.

358 3656 742 3735 ’Ἦτοίμασας
768 3658 838 3711 ἐν
859 3657 934 3726 τῇ
961 3660 1326 3727 χρηστότητι
1359 3675 1475 3715 σου
1507 3663 1585 3726 τῷ
1619 3664 1848 3730 πτωχῷ,

294 3750 337 3803 ὁ
368 3748 531 3813 θεός.
585 3750 805 3817 Πτωχὸς
850 3751 878 3802 6
925 3749 1033 3804 τῶν
1085 3750 1253 3804 ἐθνῶν
1303 3751 1452 3816 λαὸς,
1509 3753 1583 3816 ὡς
1651 3755 1852 3823 μηδένα

298 3835 533 3890 πλοῦτον
561 3837 931 3907 πνευματικὸν
975 3839 1284 3909 δεξάμενος.
1319 3842 1394 3894 Οὐ
1435 3843 1544 3913 γὰρ
1575 3845 1736 3914 νόμον
1775 3841 1852 3898 εί-

296 3945 420 3998 χεν,
440 3928 499 3982 οὐ
527 3928 864 3998 προφητείας
883 3946 896 3961 ·
931 3929 1044 3982 ἀλλ’
1077 3933 1104 3983 6
1133 3931 1264 3994 Θεὸς
1294 3932 1361 3985 δι’
1387 3933 1593 3986 οίκείαν
1622 3936 1852 4005 χρηστό-

295 4037 462 4092 τητα,
497 4021 788 4090 ἡτοίμασεν
813 4020 959 4090 αὖτῷ
994 4021 1224 4074 πλοῦτον
1251 4023 1430 4090 ἄλλον,
1465 4025 1561 4095 τὴν
1590 4026 1852 4095 δηλωθεί-

299 4124 405 4165 σαν
442 4110 685 4164 ἑκούσιον
721 4111 942 4182 βροχήν.

373 4203 584 4270 Κύριος
606 4201 782 4256 δώσει
800 4203 985 4271 ῥῆμα,
1030 4203 1155 4267 τοῖς
1179 4204 1718 4274 εὐαγγελιζομένοις
1736 4207 1851 4267 om

296 4289 471 4359 νόμοι
497 4291 718 4359 πολλῇ.
743 4292 913 4344 Τοῦτο
940 4287 1061 4344 εἷπε
1095 4293 1224 4362 περὶ
1265 4294 1371 4346 τῶν
1403 4296 1713 4349 ἀποστόλων
1735 4313 1746 4325 ·
1771 4293 1852 4360 οἷς

301 4381 515 4436 ἁλιεῦσι
551 4383 645 4436 καὶ
679 4383 912 4446 ἰδιώταις
936 4385 1112 4448 οὖσιν,
1137 4390 1163 4438 ὁ
1183 4385 1316 4448 Θεὸς
1338 4387 1671 4455 ἐχορήγησεν
1694 4387 1850 4454 λόγον

307 4477 524 4545 σοφίας.
547 4475 798 4545 Δυνάμει
823 4477 880 4529 δὲ
915 4475 1116 4543 πολλῇ
1147 4474 1321 4542 εἶπεν,
1342 4478 1423 4530 ὅτι
1452 4481 1564 4542 τοῖς
1608 4481 1849 4548 ῥήμασιν

299 4566 504 4632 αὐτῶν,
558 4567 858 4635 παρείπετο
898 4566 1015 4620 Θεία
1071 4567 1302 4637 δύναμις
1361 4567 1852 4640 θαυματουργοῦσα

301 4656 402 4708 ὅσα
431 4655 526 4707 καὶ
553 4655 851 4722 βούλοιντο.

385 4747 449 4801 '0
489 4747 789 4814 βασιλεὺς
827 4747 945 4802 τῶν
986 4748 1294 4816 δυνάμεων
1365 4747 1471 4802 τοῦ
1520 4747 1850 4818 ἀγαπητοῦ.

1953 3411 2126 3463 equos
2181 3395 2472 3464 appellavit
2516 3411 2528 3446 :
2578 3392 2873 3458 lnduxisti,
2922 3394 3198 3462 inquiens,
3255 3394 3308 3446 in
3362 3411 3507 3446 mare

1953 3503 2108 3555 equos
2130 3498 2268 3549 tuos,
2295 3501 2442 3540 mare
2461 3486 2757 3555 appellans,
2787 3501 3026 3538 amaram
3046 3485 3504 3555 (salsuginosam-

1954 3593 2080 3646 que,
2125 3592 2188 3632 ac
2221 3577 2463 3631 sterilem
2487 3577 2615 3630 olim
2651 3575 2921 3646 gentium)
2959 3576 3335 3630 inﬁdelitatem

2026 3669 2240 3721 Parasti
2267 3670 2320 3721 in
2351 3668 2578 3722 bonitate
2614 3678 2704 3720 tua
2747 3669 2989 3735 pauperi,
3020 3666 3181 3720 Deus.
3221 3666 3321 3720 Per
3363 3681 3507 3734 pau-
3567 3725 3583 3744 ,χ

1953 3775 2158 3831 pcrem,
2183 3760 2434 3831 gentilem
2463 3760 2717 3829 populum
2755 3760 3027 3828 intelligit,
3047 3759 3148 3827 qui
3177 3760 3350 3811 nullas
3377 3757 3504 3810 olim

1955 3849 2272 3919 spirituales
2299 3849 2532 3904 divitias‘
2579 3857 2883 3917 acceperat.
2917 3848 3104 3918 Neque
3155 3849 3299 3902 enim
3333 3848 3504 3916 legem

1955 3941 2208 4004 habebat,
2237 3947 2331 3994 aut
2355 3940 2667 4009 prophetas,
2710 3941 2804 3993 sed
2830 3954 2940 4008 prae
2970 3953 3184 3993 summa
3218 3935 3313 3991 Dei
3349 3937 3506 3991 beni-

1954 4033 2178 4100 gnitate,
2232 4031 2350 4085 alia
2399 4032 2478 4084 eis
2537 4040 2736 4097 parata:
2791 4031 3012 4082 fuerunt
3064 4028 3266 4082 divitiae

1955 4121 2208 4174 nimirum
2242 4120 2420 4190 pluvia
2449 4121 2778 4171 voluntaria.

2022 4208 2192 4263 Vsus.
2213 4211 2302 4263 12.
2331 4208 2584 4261 Dominus
2613 4208 2760 4258 dabit
2790 4208 2997 4259 verbum
3021 4205 3503 4275 coangelizautibus

1952 4299 2142 4352 virtute
2176 4299 2362 4352 multa.
2409 4296 2522 4349 Hoc
2571 4297 2635 4348 ad
2674 4296 2947 4364 apostolos
2980 4297 3234 4363 pertinet,
3267 4297 3491 4365 quibus.

1951 4402 2071 4440 cum
2106 4386 2408 4456 piscatores
2439 4392 2834 4454 essent,_atque
2872 4385 3073 4448 iiliotze,
3110 4387 3516 4441 subministrat

1951 4477 2031 4531 vit
2061 4476 2202 4531 Deus
2232 4476 2514 4546 sapientia:
2540 4477 2763 4528 verbum
2809 4492 2823 4529 :
2857 4486 3020 4544 atque
3041 4475 3165 4529 hoc
3195 4485 3344 4529 tanta
3378 4492 3500 4529 cum

1952 4568 2175 4626 virtute,
2213 4575 2272 4619 ut
2313 4565 2479 4619 multa
2519 4565 2708 4631 etiam,
2751 4573 2914 4636 atque
2947 4565 3285 4620 admirabilia
3313 4580 3501 4634 opera-

3343 4044 3356 4080 :
3415 4028 3506 4080 illa

1883 4645 1928 4699 D
1957 4664 2144 4712 rentur
2172 4656 2459 4710 miracula.

2001 4736 2184 4802 .Vens.
2213 4747 2298 4800 15.
2331 4745 2443 4797 Rea:
2463 4746 2714 4797 uirtutum
2745 4745 2945 4798 dilecti.
2975 4745 3245 4800 Dilectum
3275 4747 3506 4814 appellat

314 4837 626 4908 ’Δγαπητὸν
655 4837 800 4904 λέγει
839 4839 928 4890 τὸν
958 4840 1218 4908 μονογενῆ
1247 4837 1376 4892 Υίὸν
1405 4839 1498 4890 καὶ
1530 4839 1682 4891 Θεόν.
1713 4841 1854 4909 Φησὶ

1956 4838 2283 4905 unigenitum
2313 4833 2513 4888 Filium
2540 4833 2733 4897 Deum,
2772 4835 2838 4890 de
2868 4850 2976 4904 quo
3010 4836 3212 4889 dictum
3261 4835 3493 4902 legimus

304 4928 432 4995 γὰρ,
496 4927 579 4980 ὅτι
631 4921 819 4990 Οὗτός
845 4927 1016 4979 ἐστιν
1059 4929 1092 4980 ὁ
1138 4928 1269 4992 Υιός
1294 4944 1412 4995 μου
1441 4930 1474 4980 ό
1504 4928 1808 5011 ἀγαπητός
1834 4945 1850 4960 ο

305 5019 564 5088 δυνάμεις
597 5018 654 5071 δὲ
677 5016 844 5071 αὑτοῦ
877 5017 1003 5080 τοὺς
1033 5017 1383 5080 ἀποστόλους,
1416 5017 1492 5080 ὡς
1521 5008 1854 5087 στρατιώτας

1956 5025 2084 5070 tates
2121 5031 2247 5071 vero
2280 5016 2482 5078 dilecti,
2517 5017 2668 5086 ipsos
2708 5017 2986 5085 apostolos
3027 5017 3285 5086 intellige,
3333 5017 3496 5071 veluti
3599 5008 3605 5013 ’

1947 5108 2096 5161 illius
2133 5107 2360 5161 milites.
2418 5105 2527 5160 Eos
2563 5105 2767 5161 etenim
2811 5117 2871 5160 ut
2918 5107 3120 5160 milites
3154 5114 3492 5172 susceperat,

309 5199 711 5269 τεταγμένους⁸
741 5193 817 5252 ὧν
847 5202 963 5252 ἐστι
994 5197 1243 5269 βασιλεὺς
1273 5200 1299 5251 6
1332 5199 1538 5268 Πατὴρ,
1604 5198 1856 5268 βασιλεύ-

1956 5207 2009 5252 ut
2034 5211 2241 5252 summa
2267 5196 2319 5251 vi
2363 5211 2427 5251 ac
2466 5197 2706 5266 potentia
2765 5197 3026 5252 adversus
3054 5200 3355 5250 daamonum
3394 5198 3493 5249 im-
3586 5255 3588 5258 ,

309 5107 496 5171 αὑτοῦ,
527 5109 669 5162 κατὰ
697 5110 809 5162 τῶν
849 5108 1314 5176 ἀντιτεταγμένων
1347 5108 1627 5177 δυνάμεων
1673 5124 1853 5176 παραυ

315 5311 410 5358 σας
437 5293 618 5350 αὐτῶν
650 5291 738 5346 διὰ
764 5293 860 5362 τῆς
887 5292 980 5346 τοῦ
1009 5289 1144 5344 Υῑοῦ
1186 5289 1438 5358 σπουδῆς.

390 5561 464 5632 Τῇ
486 5563 791 5632 ὡραιότητι
817 5561 920 5616 τοῦ
943 5561 1109 5615 οἴκου
1137 5574 1252 5614 σου
1302 5557 1602 5613 διελέσθαι
1635 5560 1854 5614 σκῦλα.

1950 4942 1978 4978 a
2013 4925 2173 4978 Patre
2206 4941 2219 4977 :
2253 4923 2357 4978 Hic
2387 4933 2465 4977 est
2502 4921 2674 4978 Filius
2703 4942 2846 4978 meus
2881 4925 3103 4978 dilectus
3133 4924 3198 4979 ".
3239 4923 3340 4978 Per
3379 4926 3485 4978 vir-

1955 5300 2137 5357 petum
2197 5288 2534 5342 resisterent.
2584 5286 2788 5340 Harum
2833 5296 3011 5340 autem
3064 5285 3326 5340 virtutum
3386 5289 3499 5356 ipse

1953 5380 2093 5433 Deus
2123 5378 2300 5442 Pater,
2337 5379 2447 5432 Rex
2476 5377 2674 5431 dicitur
2710 5391 2860 5442 esse,
2884 5390 3053 5446 regno
3083 5376 3192 5431 hoc
3236 5377 3494 5430 nimirum

1955 5469 2056 5522 sihi
2087 5483 2179 5535 per
2198 5467 2392 5520 Filium
2431 5476 2643 5537 parato.

2024 5559 2220 5629 Speciei
2245 5563 2430 5617 domus
2459 5559 2692 5618 dividere
2725 5561 2920 5628 spolia.
2955 5559 3140 5622 Dabit.
3194 5556 3390 5628 inquit,
3419 5554 3496 5608 eis

389 5736 433 5772 “
462 5737 603 5792 Psal.
659 5753 718 5802 ιι,
747 5737 800 5794 8..
879 5736 1145 5792 “Matth.
1205 5751 1313 5801 xix,
1366 5735 1420 5816 '8.
1500 5735 1544 5767 ”
1574 5735 1763 5815 Matth.
1820 5750 1895 5802 ιιι,
1931 5735 2016 5789 17.
