4124 6326
639 413 744 476 6‘37
772 482 777 488 ,

1813 411 2196 472 EUTHYMII
2233 413 2598 472 ZlGABENl

3743 409 3862 472 663

645 520 788 574 Deus
831 519 1079 586 verbum,
1108 526 1167 573 ut
1217 517 1566 574 inimicorum
1615 495 1840 574 esurias
1885 521 2130 580 dividant
2169 559 2184 583 ,

2300 522 2466 574 Δὼσει
2515 523 2698 584 αὑτοῖς
2743 520 2916 590 ῥῆμα,
2953 521 3033 582 εἰς
3064 520 3123 572 τὸ
3160 519 3581 589 διαμερίσαεοαι
3633 518 3858 588 λάφυρα

642 611 790 679 ipsas
849 611 1096 664 nimirum
1139 618 1348 680 gentes.
1379 609 1631 673 .Devietis
1676 609 1820 663 enim
1857 610 2194 665 daemonibus

642 703 1024 769 exspoliarunt
1055 706 1151 755 eos
1189 699 1445 769 apostoli,
1483 707 1536 753 et
1563 699 1632 752 ab
1662 699 1769 754 illis
1819 699 2066 753 homines
2098 714 2195 756 eos

643 791 1008 857 abstulerunt,
1051 792 1144 861 qui
1200 792 1308 846 illis
1352 799 1512 845 antea
1570 791 1960 845 inserviebam.
2014 788 2194 854 Dabit,

643 883 792 947 dico,
826 882 968 939 Deus
998 885 1262 954 apostolis
1293 885 1538 946 verbum,
1583 886 1641 937 ut
1689 883 2036 936 inimicorum
2073 897 2196 946 spo-

645 971 713 1024 lia
757 974 1022 1039 dividant,
1054 975 1466 1032 formosissima:
1513 989 1578 1028 ac
1613 972 2032 1041 speciosissima:
2062 970 2196 1024 lide—

643 1061 774 1116 lium
827 1063 1130 1121 Ecclesiae:
1186 1067 1238 1122 in
1285 1081 1416 1138 qua,
1468 1065 1633 1119 veluti
1705 1063 1758 1117 in
1803 1061 2192 1116 decentissima

644 1151 807 1206 domo
864 1152 1117 1211 Christus
1171 1155 1427 1211 Dominus
1475 1156 1704 1216 habitat,
1739 1150 2195 1222 quemadmodum

2291 610 2399 662 τῶν
2423 610 2655 679 ἐχυρῶν,
2687 610 2722 663 ἃ
2752 611 2859 661 εἰσὶ
2900 608 2968 661 τὰ
3018 609 3147 678 ἔθνη
3173 625 3187 638 ο
3221 611 3544 678 νικήσαντες
3585 609 3694 678 γὰρ
3722 609 3859 668 τοὺς

2293 697 2577 767 δαίμονας,
2609 699 3137 768 ἐλαφυραγὼγησαν,
3167 699 3490 767 ἀφελόμενοι
3513 699 3637 762 τοὺς
3669 698 3828 750 δίδου
3849 727 3860 735 -

2293 787 2569 856 λωμένους
2616 789 2797 850 αὐτοῖς
2817 805 2830 818 °
2863 789 3128 842 διελέσθαι
3157 790 3212 841 δὲ
3241 789 3384 841 αὑτᾶ
3426 792 3491 859 τῇ
3543 790 3862 859 ὡραιοτάτη

2305 874 2604 947 Ἐκκλησία
2635 878 2742 930 τῶν
2773 877 3000 939 πιστῶν,
3100 879 3297 930 ἐνοικεῖ
3319 881 3347 930 6
3381 877 3534 941 Θεός.
3591 878 3700 931 Καὶ
3726 878 3865 946 μὲν-

2294 983 2374 1018 τοι
2407 966 2686 1028 διείλοντο,
2713 969 2741 1019 6
2775 967 2871 1035 μὲν
2911 967 3030 1019 τόδε
3061 967 3120 1020 τδ
3160 968 3332 1030 ἔθνος,
3376 969 3404 1020 6
3431 968 3489 1020 δὲ
3516 967 3634 1020 τόδε
3682 983 3863 1036 προσ-

2300 1053 2546 1122 αγαγών.
2607 1055 2705 1124 Εἵη
2750 1057 2795 1109 δ’
2828 1057 2894 1111 ἂν
2940 1058 3212 1130 ὠραιότης
3259 1061 3358 1128 τῆς
3395 1059 3746 1130 Ἐκκλησίις,
3795 1057 3870 1110 τὸ

2308 1146 2656 1214 Εὐαγγέλιον,
2693 1148 2761 1201 δι’
2791 1143 2851 1202 οὗ
2878 1149 3098 1214 τούτους
3123 1150 3400 1205 διείλοντο.
3887 1167 3890 1169 ‘

644 1251 700 1296 et
731 1259 830 1299 nos
883 1245 1056 1300 divisa
1106 1262 1168 1300 ea
1224 1261 1343 1302 esse
1387 1248 1774 1315 conspicimus.
1808 1239 2188 1309 Apostolorum
2229 1236 2370 1289 enim
2397 1238 2530 1289 alter
2561 1251 2774 1307 gentem
2809 1240 2977 1302 illam,
3009 1249 3063 1294 et
3090 1241 3228 1294 alter
3286 1243 3509 1295 alteram
3570 1241 3636 1296 ad
3695 1239 3862 1295 fidem

645 1336 892 1393 adduxit.
951 1340 1254 1393 Possumus
1308 1337 1472 1392 etiam
1524 1352 1619 1406 per
1675 1333 1913 1404 speciem
1966 1331 2184 1386 donius,
2229 1323 2504 1395 Evangelii
2554 1329 3014 1396 pulchritudinem
3062 1331 3393 1400 intelligere,
3477 1346 3587 1399 quo
3675 1332 3855 1387 veluti

644 1430 900 1498 quopiam
935 1430 1295 1484 instrumento
1329 1429 1558 1498 apostoli
1618 1428 1730 1481 hac
1782 1425 1953 1495 spolia
1993 1421 2301 1475 diviserunt
2327 1419 2540 1486 (verum
2583 1428 2712 1476 tunc
2780 1438 2888 1477 non
2951 1423 3154 1492 speciei
3207 1421 3494 1492 legendum
3579 1430 3686 1488 est,
3759 1426 3861 1479 sed

645 1527 844 1592 specie.
878 1523 1296 1602 Utraqueenim
1357 1525 1518 1578 lectio
1546 1523 1752 1578 Graecis
1804 1529 1982 1590 p0test
2018 1513 2200 1570 verbis
2229 1515 2683 1584 aeeommodari).

721 1638 882 1694 Vsus.
914 1641 1001 1694 14.
1037 1639 1098 1694 Si
1127 1639 1402 1694 dormiatis
1434 1641 1574 1692 inter
1597 1638 1794 1691 medios
1834 1637 2020 1688 cleros.
2058 1633 2196 1685 Dor-

2389 1633 2523 1685 Ἐὰν
2559 1621 2880 1703 κοιμηθῆτε
2906 1606 3022 1689 ἀνὰ
3043 1635 3238 1704 μέσον
3264 1635 3384 1689 τῶν
3411 1635 3670 1704 πληρῶν.
3724 1637 3861 1690 Κοι-

649 1727 787 1782 mire
840 1728 893 1782 in
951 1731 1206 1797 praesenti
1241 1730 1360 1782 loco
1421 1729 1598 1795 posuit
1647 1743 1746 1797 pro
1797 1727 1952 1780 mori.
2003 1724 2196 1777 Sermo

2308 1725 2548 1794 μηοῆναι
2570 1728 2660 1778 ἐπὶ
2691 1726 2787 1780 τοῦ
2816 1727 3081 1797 παρόντος
3114 1726 3301 1796 ῥητοῦ,
3331 1727 3391 1779 τὺ
3415 1727 3706 1781 ἀποθανεῖν
3731 1731 3862 1796 νοή-

646 1818 793 1870 enim
823 1817 1102 1886 Prophetas
1131 1827 1214 1872 est
1257 1819 1332 1871 ad.
1366 1819 1662 1886 apostolos,
1687 1817 1918 1871 dicentis
1943 1831 1956 1866 :
1991 1814 2068 1866 lta
2098 1813 2192 1865 de-

2306 1833 2492 1884 σομεν.
2547 1819 2682 1887 Φησὶ
2732 1819 2842 1887 γὰρ
2892 1818 3027 1887 πρὸς
3052 1817 3247 1879 αὐτοὺς
3292 1819 3320 1869 6
3367 1818 3683 1888 Προφήτης,
3742 1819 3857 1885 ὅτι,

650 1923 797 1968 nium
833 1909 1170 1965 adducentur
1208 1911 1360 1966 vobis
1419 1911 1532 1964 haec
1576 1910 1770 1980 spolia,
1809 1909 1853 1962 si
1893 1905 2198 1959 moriemini

2306 1909 2783 1979 Προσαχοήσονται
2804 1909 2973 1963 ταῦτα
3001 1911 3066 1960 τὰ
3092 1907 3286 1970 σκῦλα,
3305 1909 3401 1960 ἐὰν
3421 1910 3729 1978 ἀποθανῆτε
3750 1911 3859 1965 ἀνᾶ

655 1998 798 2052 inter
826 2001 1032 2054 medios
1063 2001 1260 2063 cleros,
1294 2000 1397 2054 hoc
1429 2009 1534 2061 est,
1574 2001 1716 2052 inter
1745 1999 1950 2052 medias
1983 2004 2197 2064 gentes,

649 2103 771 2156 quia:
828 2089 879 2141 in
929 2089 1158 2150 clerum,
1211 2090 1313 2143 hoc
1363 2097 1466 2153 est,
1511 2091 1563 2142 in
1611 2098 1814 2142 sortem
1862 2087 2012 2139 vobis
2059 2086 2201 2139 data:

652 2188 798 2232 sunt.
834 2180 897 2233 Et
927 2195 1062 2233 sane
1091 2181 1306 2243 quidem
1337 2182 1696 2250 praedicantes
1720 2180 1888 2234 occisi
1922 2188 2072 2232 sunt.
2103 2176 2198 2231 Vel

650 2273 828 2335 aliter,
879 2269 934 2324 Si
963 2270 1314 2336 dormiet-itis,
1348 2271 1448 2326 hoc
1479 2287 1583 2335 σει,
1621 2287 1664 2325 ει
1714 2272 1985 2324 immorati
2017 2271 2192 2322 fueri-

649 2363 741 2416 tis.
800 2361 1124 2416 lmmoratur
1183 2362 1326 2417 enim
1386 2372 1441 2417 et
1491 2362 1696 2416 diutius
1746 2370 2048 2430 permanet,
2103 2361 2199 2429 qui

651 2446 871 2502 dormit.

722 2539 835 2592 Ala:
880 2539 1132 2594 columba:
1193 2543 1570 2611 deargentatw,
1619 2551 1667 2594 et
1715 2541 2006 2608 posteriora
2053 2540 2201 2592 dorsi

649 2633 765 2696 ejus
791 2631 843 2682 in
875 2631 1078 2697 pallore
1115 2633 1251 2686 auri.
1285 2633 1602 2686 Columbam
1637 2642 1891 2699 putamus
1919 2631 2198 2685 Christum

649 2738 793 2781 esse.
827 2723 897 2776 ob
925 2723 1041 2790 ejus
1073 2723 1328 2776 nimirum
1386 2725 1858 2778 mansuetudinem
1895 2739 1956 2776 ac
1984 2725 2201 2792 patien-

651 2815 802 2868 tiam.
828 2812 932 2867 Pcr
955 2815 1117 2882 hujus
1147 2822 1327 2867 autem
1357 2816 1618 2868 columhze
1651 2817 1788 2879 alas,
1820 2816 2027 2868 Christi
2076 2831 2200 2868 cor-

651 2919 752 2973 pus
784 2905 1086 2974 intelligere
1130 2921 1441 2972 possumus.
1499 2908 1666 2960 veluti
1721 2909 2072 2971 exteriorem,
2103 2922 2200 2961 seu

649 2998 825 3064 magis
873 3004 1167 3051 extremam
1204 3011 1412 3067 partem
1458 3017 1470 3052 :
1531 3015 1628 3068 per
1676 3000 1975 3068 posteriora
2021 3009 2199 3052 autem

648 3088 794 3143 dorsi
819 3087 962 3160 [qum
984 3089 1154 3144 ϐιτεοί
1186 3091 1347 3148 unico
1375 3092 1638 3145 vocabulo
1670 3092 1984 3160 μετάφρενα
2013 3090 2201 3144 dicunt

2305 2001 2472 2068 μέσον
2507 2001 2615 2050 τῶν
2651 2002 2892 2069 κλήρων,
2927 2002 3043 2066 ἦτοι
3067 2000 3174 2052 τῶν
3204 1998 3706 2070 κληροδοτηθέντων
3727 2002 3862 2072 ὑμῖν

2303 2088 2491 2141 ἐθνῶν.
2531 2090 2636 2141 Καὶ
2667 2089 2846 2158 μέντοι
2872 2089 3264 2158 κηρύσσοντες,
3293 2089 3738 2158 ἀνῃρέθησαν.Ἦ
3766 2093 3863 2144 καὶ

2301 2179 2500 2242 ἄλλως,
2533 2181 2626 2232 ἐὰν
2676 2181 2994 2250 χρονίσητεο
3037 2179 3275 2249 χρονίζει
3335 2181 3443 2250 γὰρ
3500 2183 3774 2252 ἀκινήτως
3826 2183 3864 2236 ὁ

2301 2270 2664 2339 κοιμώμενος.

2372 2534 2664 2600 Πτέρυγες
2696 2537 3047 2604 περιστερᾶς
3072 2543 3634 2612 περιηρπνρωμέναι,
3666 2543 3760 2597 καὶ
3788 2545 3861 2598 τὰ

2296 2623 2636 2692 μετάφρενα
2669 2625 2857 2694 αὐτῆς
2904 2628 2974 2680 ἐν
3013 2633 3339 2697 χλωρότητι
3384 2636 3662 2702 χρυσίου.
3698 2637 3864 2702 Περι-

2302 2717 2499 2783 στερὰν
2528 2716 2752 2784 οίόμεοα
2792 2717 2880 2770 τὸν
2947 2721 3201 2790 Χριστὸν,
3262 2723 3350 2776 διὰ
3381 2725 3442 2776 τδ
3474 2726 3865 2797 φιλάνθρωπον

2303 2811 2394 2860 καὶ
2432 2807 2778 2873 ἀνεξίκακον,
2832 2806 2892 2864 οὗ
2927 2811 3195 2883 πτέρυγες
3225 2814 3324 2881 μὲν
3363 2817 3450 2885 εἴη
3482 2818 3549 2870 ἂν
3577 2817 3640 2870 τδ
3671 2819 3856 2888 σῶμα,

2302 2900 2376 2962 ὡς
2412 2900 2735 2969 ἀκρότατον,
2777 2901 3089 2968 μετάφρενα
3119 2904 3175 2955 δὲ
3198 2908 3230 2974 ἡ
3255 2905 3424 2976 ψυχὴ,
3452 2908 3530 2970 ὡς
3556 2910 3857 2979 ἐνδότερον.

2301 2987 2463 3053 Λέγει
2494 2987 2572 3051 δὲ,
2613 2989 2695 3040 ὅτι
2726 2988 3209 3059 λελαμπρυσμένον
3239 2995 3337 3061 μὲν
3382 2994 3440 3046 τὸ
3474 2996 3632 3065 σῶμα
3664 2996 3859 3061 αὐτοῦ,

2301 3077 2374 3137 ὡς
2431 3078 2853 3156 ἀναμάρτητον
2915 3081 3168 3152 λαμπρὸς
3223 3083 3332 3152 γὰρ
3378 3086 3724 3157 ό-ἀργυρος·
3797 3090 3858 3142 ἑν

648 3187 703 3233 et
735 3197 833 3235 nos
869 3179 1164 3248 possumus
1189 3184 1446 3250 scapulas
1474 3183 1678 3253 dicere]
1724 3186 1960 3236 animant
1989 3181 2195 3236 Christi

2301 3169 2601 3240 χλωρότητι
2651 3171 2708 3222 δὲ
2738 3173 2962 3240 χρυσίου
2993 3174 3025 3244 ἠ
3065 3173 3214 3246 ψυχὴ
3265 3176 3455 3241 αὑτοῦ,
3489 3178 3564 3239 ὡς
3600 3180 3858 3250 ἡνωμένη

649 3270 920 3340 intelligit,
954 3281 1210 3340 tanquam
1271 3273 1619 3334 interiorem,
1665 3287 1728 3326 ac
1783 3273 1953 3339 magis
1998 3280 2196 3325 tectam

650 3369 880 3428 partem.
936 3360 1306 3431 Splendidum,
1364 3363 1558 3431 inquit,
1631 3371 1795 3432 atque
1845 3364 2064 3433 elegans
2116 3373 2200 3418 est

648 3448 848 3502 Christi
900 3464 1119 3520 corpus.
1164 3460 1218 3504 et
1253 3453 1462 3520 argenti
1516 3455 1692 3508 instar
1743 3451 1974 3522 refulget
2011 3453 2196 3508 :omni

647 3539 792 3594 enim
845 3549 994 3593 caret
1053 3541 1257 3609 peccati
1317 3543 1525 3597 macula
1568 3558 1805 3608 ;verum
1866 3558 1981 3610 ipsa
2033 3545 2198 3598 etiam

651 3629 854 3690 anima,
901 3643 1010 3682 non
1050 3632 1246 3684 minori
1300 3631 1420 3686 luce
1471 3647 1533 3686 ac
1584 3633 1796 3703 fulgore
1845 3633 2197 3702 splendescit,

651 3733 774 3771 cum
811 3718 1111 3789 purissimo
1167 3721 1342 3790 possit
1398 3735 1532 3776 auro
1562 3723 1891 3792 comparari.
1957 3725 2038 3779 Ab
2085 3726 2200 3795 ipsa

651 3809 794 3862 enim
849 3810 1164 3873 divinitate.
1199 3813 1287 3866 cui
1338 3813 1488 3866 unita
1543 3824 1706 3882 atque
1751 3815 2044 3884 conjuncta
2093 3825 2198 3883 est,

654 3900 964 3968 huiusmodi
996 3902 1137 3955 lucis
1160 3903 1348 3956 radios
1399 3905 1585 3957 Sumit.
1619 3903 1887 3958 Pallorem
1920 3921 2052 3960 vero
2083 3907 2200 3962 aui-l

651 3992 810 4055 dixit,
838 3991 964 4059 quia
998 3993 1202 4061 pallere
1235 3995 1374 4048 solet
1416 4008 1632 4057 aurum,
1667 3995 1810 4063 quod
1840 3997 2199 4065 purissimum

651 4092 755 4137 est.
804 4082 907 4134 Alii
963 4085 1358 4152 praecedentem
1407 4086 1738 4139 versiculum
1781 4087 1910 4142 huic
1967 4089 2200 4158 conjun-

649 4179 857 4238 gentes,
881 4170 954 4224 ita
983 4182 1266 4241 exponunt
1297 4191 1311 4226 :
1359 4174 1414 4226 Si
1445 4175 1670 4227 stabiliti
1706 4175 1919 4230 fueritis
1947 4178 1999 4230 in
2022 4178 2204 4233 medio

653 4261 880 4314 duorum
907 4259 1398 4328 Testamentorum,
1419 4263 1630 4320 Veteris
1657 4265 1932 4330 nimirum,
1965 4275 2020 4321 et
2045 4265 2201 4322 Novi.

655 4353 878 4407 Slaliilis
913 4354 1058 4408 enim
1088 4369 1152 4407 ac
1185 4355 1480 4414 immobilis
1508 4371 1826 4424 permanere
1860 4356 2097 4417 videtur.
2145 4367 2203 4412 ut

652 4444 916 4507 diximus,
969 4443 1060 4513 qui
1113 4444 1312 4498 dormit
1345 4461 1359 4498 :
1391 4453 1446 4498 et
1496 4453 1674 4500 sortes
1715 4447 1910 4500 merito
1939 4449 2200 4515 appellari

657 4545 892 4602 possunt
913 4535 1021 4589 duo
1051 4535 1418 4600 Testamenta,
1445 4553 1564 4589 cum
1596 4538 1725 4591 illud
1758 4539 1979 4608 antiquo
2004 4541 2202 4609 populo

653 4627 1050 4682 autecrucem,
1081 4621 1314 4674 alterum
1357 4635 1497 4673 novo
1546 4623 1767 4690 populo,
1795 4634 1917 4692 post
1955 4641 2198 4690 crucem.

576 4773 581 4778 ,
654 4712 710 4768 in
750 4720 952 4764 sortem
982 4711 1106 4763 data
1146 4713 1275 4765 sint.
1302 4709 1357 4764 Si
1386 4711 1548 4780 igitur
1565 4713 1922 4765 constiteritis
1943 4714 1996 4768 in
2025 4717 2200 4771 medio

657 4801 942 4868 utriusque
974 4800 1323 4867 Testamenti,
1364 4813 1422 4855 et
1453 4803 1600 4871 quod
1653 4819 1853 4857 novum
1896 4815 2002 4871 est,
2031 4809 2199 4862 veteri

654 4907 952 4947 consonum
985 4894 1348 4948 credideritis.
1381 4894 1552 4950 Vetus
1582 4897 1786 4950 etenim
1813 4897 1983 4967 llgura
2009 4907 2116 4963 est,
2146 4911 2200 4956 et

2299 3265 2367 3330 τῇ
2407 3261 2657 3328 Θεότητι.
2692 3264 2764 3314 Τὸ
2800 3263 3009 3333 χλωρὸν
3030 3267 3138 3334 γὰρ
3173 3267 3418 3336 χρυσίον,
3463 3269 3859 3338 καθαρώτατόν

2300 3353 2471 3406 ἐστιν.
2506 3353 2692 3405 ’Ἄλλοι
2728 3354 2784 3406 δὲ
2813 3355 2874 3406 τὸ
2906 3356 3012 3421 πρὸ
3068 3356 3258 3410 τούτου
3315 3359 3480 3427 ῥητὸν
3511 3360 3590 3428 τῷ
3623 3363 3861 3431 παρόντι

2301 3442 2706 3506 συντάττοντες,
2753 3443 2915 3511 φασιν
2943 3445 3024 3497 ὅτι
3043 3486 3060 3510 ,
3108 3446 3235 3498 Ἐὰν
3262 3449 3602 3518 στερεωθῆτε
3630 3450 3734 3504 ἀνὰ
3762 3451 3865 3516 μέο

2301 3551 2392 3586 σον
2420 3535 2527 3587 τῶν
2550 3534 2643 3587 δύο
2671 3535 2976 3606 Διαθηκῶν,
2999 3537 3097 3604 τῆς
3117 3555 3174 3591 τε
3199 3539 3441 3604 Παλαιᾶς
3469 3542 3560 3595 καὶ
3581 3543 3676 3612 τῆς
3689 3543 3857 3607 Νέαςο

2303 3627 2633 3695 ἑστερὲωται
2662 3629 2772 3697 γὰρ
2801 3629 3072 3699 ἀκινήτως
3105 3633 3134 3683 6
3174 3629 3518 3700 κοιμώμενος
3539 3650 3553 3666 ο
3603 3637 3697 3686 καὶ
3724 3635 3861 3688 ἀπο-

2301 3715 2667 3785 κεκλήρωνται
2694 3718 2748 3768 αἱ
2763 3716 3046 3783 Διαθῆκαι,
3060 3718 3094 3786 ἠ
3113 3718 3208 3786 μὲν
3223 3718 3299 3788 τῷ
3321 3720 3485 3774 πάλαι
3505 3719 3618 3791 λαῷ
3635 3722 3740 3792 πρὸ
3760 3724 3861 3777 τοῦ

2305 3804 2566 3872 σταυροῦ,
2601 3807 2633 3874 ἠ
2669 3805 2724 3858 δὲ
2759 3805 2836 3872 τῷ
2864 3806 2969 3874 νέῳ
2998 3807 3136 3874 μετὰ
3157 3807 3247 3860 τδν
3272 3810 3536 3880 σταυρόν·
3577 3811 3671 3863 ἐὰν
3688 3811 3860 3874 οὕτω,

2305 3895 2459 3964 φησὶ,
2496 3881 2754 3964 ποιήσητε
2789 3897 2920 3967 (56),
2961 3899 3284 3965 μεσάζοντες
3312 3901 3405 3954 καὶ
3437 3902 3864 3970 συμϐιὸἀζοντες

2301 3988 2397 4056 τὴν
2422 3988 2566 4040 Νέαν
2602 3972 2852 4056 πρδς’τὴν
2881 3989 3155 4040 Παλαιὰνο
3183 3991 3366 4060 ἐκείνη
3393 3993 3492 4060 μὲν
3525 3994 3632 4063 γὰρ
3662 3993 3864 4057 τύπος,

2303 4079 2443 4149 αὕτη
2496 4080 2554 4132 δὲ
2605 4079 2869 4148 ἀλήθεια⁶
2909 4080 3030 4133 τότε
3075 4083 3176 4150 τῆς
3218 4085 3578 4154 περιστερᾶς,
3609 4085 3726 4154 ἦτοι
3759 4083 3865 4138 τοῦ

2303 4171 2458 4238 ἁγίου
2492 4170 2886 4240 Πνεὺματος¹αῐ
2920 4171 3017 4242 μὲν
3042 4172 3327 4243 πτέρυγες,
3359 4161 3534 4226 εῐτουν
3555 4175 3622 4228 τὰ
3653 4173 3865 4227 ἀπὶοὺο

2305 4261 2605 4329 στερα,καὶ
2637 4263 2910 4331 ἁκρότατα
2941 4265 3206 4333 νοήματα.
3233 4250 3464 4334 λαμπρά
3498 4268 3860 4336 φανήσονταιο

2302 4353 2371 4406 τὰ
2399 4353 2455 4405 δὲ
2490 4352 2822 4422 μετάφρενα,
2845 4354 3124 4406 τουτέστιν
3149 4355 3216 4406 τὰ
3246 4356 3497 4425 ὲνδότερα
3527 4358 3620 4409 καὶ
3649 4340 3870 4426 μυστηέ

2308 4444 2656 4514 ριωδέστερα,
2681 4439 2836 4511 δίκην
2866 4443 3204 4512 χλωρότητος
3235 4444 3442 4513 χρυσοῦ
3455 4445 3852 4515 καθαρώτερα·

2304 4536 2354 4588 si
2382 4535 2438 4587 δὲ
2467 4535 2719 4604 λαμπρὸς
2771 4535 2870 4604 μὲν
2902 4538 2930 4589 6
2967 4537 3228 4606 ἄργυρος,
3263 4536 3516 4607 λαμπρὸς
3567 4537 3624 4588 δδ
3672 4540 3766 4591 καὶ
3827 4539 3864 4592 6

2297 4626 2517 4696 χρυσὸς,
2574 4626 2688 4679 ἀλλ’
2737 4628 2769 4695 ἡ
2821 4625 2914 4678 τοῦ
2947 4627 3148 4699 χρυσοῦ
3195 4627 3515 4696 λαμπρότης
3583 4626 3864 4698 βαθυτέρα

2297 4715 2416 4768 ἐστί
2441 4731 2455 4746 ⁸
2495 4716 2831 4784 περιστερὰν
2856 4715 2914 4768 δὲ
2950 4715 3128 4768 νοοῦσι
3176 4717 3237 4768 τὸ
3284 4717 3439 4782 ἆγιον
3487 4716 3728 4786 Πνεῦμα,
3769 4715 3862 4769 ὅτι

2299 4807 2396 4860 xui.
2427 4808 2485 4859 ἐν
2514 4807 2646 4858 εἴδει
2672 4796 3018 4876 ’περιστερᾶς
3049 4806 3316 4875 κατῆλθεν
3359 4809 3452 4861 ἐπὶ
3499 4809 3588 4862 τδν
3620 4807 3864 4878 Χριστὸν

2298 4899 2713 4970 βαπτιζόμενον.

655 4985 858 5041 Novum
917 4987 1115 5040 veritas
1157 5004 1174 5041 ι
1209 4993 1338 5042 tunc
1405 4987 1504 5040 ala:
1567 4987 1849 5052 columba,
1915 4988 2018 5042 hoc
2077 4992 2162 5044 est
2228 4992 2522 5046 exteriores
2581 5003 2645 5043 ac
2692 4969 3049 5057 simpliciores
3112 4989 3283 5043 sancti
3346 4959 3582 5057 spiritus
3636 5002 3859 5044 sensus.

655 5077 920 5146 splendidi
971 5093 1094 5132 esse
1123 5077 1276 5131 vobis
1319 5077 1643 5149 videbuntur
1675 5096 1688 5132 :
1721 5090 1776 5132 et
1838 5082 2093 5148 scapulas,
2161 5082 2264 5137 hoc
2301 5093 2408 5148 est,
2439 5082 2749 5143 interiores,
2779 5089 2835 5132 et
2863 5080 3036 5148 magis
3068 5080 3308 5150 mystica:
3330 5082 3854 5150 contemplationes.

657 5177 831 5229 instar
861 5171 1200 5239 pallidissimi
1234 5188 1296 5225 ac
1335 5173 1609 5240 purissimi
1642 5175 1758 5226 auri
1802 5173 2064 5241 fulgorem
2118 5192 2182 5230 ac
2222 5178 2394 5231 lucem
2440 5191 2591 5232 suam
2658 5176 2810 5230 vobis
2885 5175 3352 5229 demonstrabunt.
3406 5175 3472 5229 Et
3547 5177 3860 5247 quantum!

660 5273 947 5333 utrumque
966 5279 1029 5319 es
1063 5266 1150 5319 bis
1177 5267 1409 5320 metallis
1469 5266 1968 5334 spleiuliilis‘simum
2024 5270 2113 5334 sit,
2149 5272 2268 5325 auri
2310 5280 2490 5324 tamen
2532 5272 2788 5340 splendor
2837 5268 3190 5324 inlensiorem
3239 5269 3519 5340 praesefert
3567 5248 3859 5341 fulgorem.
3895 5329 3912 5340 ,-

1969 5445 2162 5506 Varie
2193 5446 2523 5508 lectiones.

737 5597 848 5666 (τι)
871 5597 1113 5652 Fidelius
1146 5612 1236 5650 nec
1270 5596 1379 5648 loco
1408 5607 1634 5649 movetur
1659 5599 1798 5665 quid.

740 5669 851 5730 (55)
881 5666 1068 5720 Graece
1095 5667 1301 5720 aridius
1328 5667 1690 5731 :splcndidum
1722 5667 1974 5728 dicitejus
1992 5681 2198 5730 corpus,

673 5747 844 5799 utpote
895 5737 1090 5802 peccati
1127 5750 1326 5800 expers.
1381 5736 1617 5797 Splendet
1651 5746 1819 5786 autem
1866 5749 2138 5801 argentum
2179 5752 2196 5786 :

675 5809 852 5864 animo
887 5823 998 5859 rcro
1029 5807 1138 5871 (jus
1179 5808 1230 5856 in
1280 5804 1474 5870 pollere
1525 5807 1664 5869 auri,
1721 5814 1895 5872 utpote
1935 5804 2206 5858 divinitati

2306 5595 2594 5654 odhwrens.
2639 5601 2833 5654 Aurum
2868 5617 3023 5667 porro
3053 5603 3254 5667 pallens
3284 5603 3621 5667 purissimum
3646 5610 3748 5654 est.

2379 5671 2486 5738 (δυ)
2525 5671 2737 5726 Clarius
2781 5680 2833 5725 et
2864 5671 3100 5737 fidelius,
3147 5681 3194 5724 et
3239 5672 3468 5724 alterum
3523 5687 3640 5724 cum
3688 5672 3859 5726 altero

2307 5740 2674 5794 conciliat-itis.
3666 5771 3671 5776 .
