4124 6326
681 385 780 448 δτι

1845 387 2232 451 ΕΠΤΗΥΜΙΙ
2263 387 2624 449 ZIGABENI

3780 390 3893 454 (T9.

682 501 815 554 Cum
854 499 1109 569 superius
1159 502 1353 556 dixerit
1397 523 1407 556 :
1444 501 1554 558 Iter
1606 503 1765 572 facile
1793 505 1839 556 ci
1873 505 1963 573 qui
1998 503 2232 556 ascendit

2355 499 2778 567 Ὀδοποιήσατε
2800 501 2879 566 τῷ
2901 501 3295 570 ἐπιϐεϐηκότι,
3317 501 3419 580 ’νῦν
3442 504 3678 567 οἰκείως,
3705 505 3864 575 ἅρμα
3880 535 3898 545 -

684 609 1100 661 super.occasus,
1125 608 1267 646 nunc
1304 595 1354 646 in
1384 595 1584 662 specie,
1620 610 1814 649 currus
1849 594 1939 648 Dei
1964 593 2228 647 meminit.

687 679 789 735 Per
819 697 1038 735 currum
1071 697 1198 755 vero
1229 683 1341 745 Dei,
1365 699 1458 738 eos
1486 700 1676 740 omnes
1705 686 2005 754 intelligere
2037 699 2236 755 possu-

686 785 830 832 mus,
861 771 952 838 qui
984 771 1104 824 ﬁdei
1129 750 1366 824 habenas
1391 787 1698 841 suscepere,
1741 773 1942 842 quique
1969 774 2033 828 ad
2062 788 2228 850 suave

687 860 888 914 Christi
926 862 1113 930 jugum
1142 863 1321 930 juncti
1356 873 1507 927 sunt,
1541 879 1999 933 ascensoremque
2034 874 2090 917 et
2134 881 2236 917 au-

688 950 857 1018 rigam
912 966 1034 1004 eum
1095 951 1313 1010 habent.
1385 951 1704 1020 llujusmodi
1752 955 1910 1008 'enim
1966 956 2234 1020 homines,

587 1082 591 1088 .
688 1054 886 1093 currus
945 1039 1036 1094 Dei
1103 1041 1210 1095 dici
1267 1051 1498 1110 possunt
1535 1061 1546 1095 :
1583 1045 1716 1112 quin
1766 1046 1874 1098 imo
1933 1054 1986 1097 et
2037 1059 2237 1098 currus

688 1132 1077 1200 multiplicatus
1106 1133 1174 1186 ab
1221 1135 1444 1203 antiquo
1474 1134 1565 1189 illo
1609 1137 1879 1205 justorum
1925 1153 2112 1198 curru,
2144 1136 2236 1206 qui

688 1221 831 1275 inter
871 1221 1082 1277 Iudaeas
1111 1235 1292 1279 erant.

761 1313 936 1367 Millia
983 1316 1387 1370 abundantium.
1437 1319 2060 1389 Subintellige'verbum
2095 1331 2236 1374 sunt.

687 1405 1093 1459 Abundantium
1155 1424 1283 1461 vero
1345 1410 1588 1464 ubertate
1635 1426 1698 1465 ac
1745 1409 2025 1465 fertilitate
2065 1412 2236 1465 \irtu-

689 1509 824 1553 “Illi.

761 1592 1017 1647 Dominus
1074 1595 1128 1646 in
1161 1595 1234 1648 eis
1286 1595 1339 1647 in
1375 1596 1506 1649 Sina
1539 1605 1655 1649 erat
1696 1597 1750 1648 in
1788 1607 1991 1648 sancto.
2033 1595 2238 1651 Subin-

688 1685 869 1753 tellige
897 1685 1202 1745 relativum,
1239 1688 1348 1755 qui,
1391 1693 1447 1738 ut
1475 1687 1545 1739 sit
1569 1702 1808 1741 sensus:
1844 1686 1936 1739 Ille
1975 1686 2240 1740 Dominus

693 1774 746 1827 in
776 1775 856 1828 eis
880 1784 984 1836 est,
1019 1776 1110 1843 qui
1142 1777 1269 1828 olim
1297 1778 1489 1830 eratin
1519 1785 1712 1830 saneto
1737 1776 1888 1842 Sina,
1915 1786 1968 1831 et
1997 1777 2236 1830 abundat

690 1864 860 1917 altera
889 1867 1217 1933 praepositio,
1246 1868 1318 1920 in.
1346 1866 1499 1920 Unus
1531 1867 1694 1935 igitur
1725 1875 1887 1935 atque
1921 1866 2062 1920 idem
2096 1866 2240 1920 Deus

689 1964 776 2008 est
808 1955 923 2020 ille,
954 1958 1044 2026 qui
1082 1968 1208 2011 tunc
1245 1959 1297 2010 in
1338 1957 1490 2022 Sina,
1520 1966 1574 2012 et
1608 1959 1700 2027 qui
1739 1959 1900 2011 modo
1930 1958 2099 2024 legem
2128 1967 2239 2010 sta-

691 2049 815 2112 tuit,
857 2046 1115 2100 Sanctum
1158 2057 1341 2101 autem
1381 2047 1508 2102 Sina
1537 2049 1800 2116 appellat,
1837 2046 2004 2102 veluti
2040 2048 2243 2100 sancti-

695 2138 911 2190 ﬁcatum
975 2139 1146 2205 ipsius
1195 2139 1289 2193 Dei
1335 2141 1645 2206 praesentia,
1679 2147 1840 2208 atque
1884 2142 1933 2194 ei
1978 2141 2239 2194 dicatum.

768 2226 926 2283 Vt-zns.
966 2229 1055 2283 19.
1091 2231 1392 2283 Ascendisli
1417 2231 1469 2283 in
1498 2231 1688 2293 altum,
1719 2232 2001 2298 captivasti
2028 2231 2246 2294 captivi-

700 2329 882 2372 tatem.
925 2319 978 2372 ln
1014 2322 1205 2385 altum,
1233 2324 1335 2376 hoc
1360 2331 1466 2382 est,
1496 2325 1548 2375 in
1570 2338 1811 2384 crucem,
1840 2323 1922 2376 vel
1945 2323 1997 2375 in
2025 2322 2242 2375 cualum.

691 2403 965 2460 Ascensus
991 2416 1171 2461 autem
1203 2409 1310 2472 hic,
1343 2411 1645 2463 libertatem
1676 2410 1940 2470 ostendit.
1969 2411 2094 2464 dum
2125 2411 2200 2463 ait
2229 2429 2240 2462 :

692 2495 1012 2562 Ascendisti,
1047 2509 1236 2567 sponte
1279 2510 1369 2554 tua
1421 2503 1701 2554 nimirum.
1755 2501 1833 2554 Tu
1864 2502 2028 2554 etiam
2065 2503 2243 2570 ipsum

696 2587 998 2654 diabolum,
1030 2592 1120 2656 qui
1146 2591 1485 2660 tyrannidem
1515 2593 1566 2644 in
1598 2607 1696 2645 nos
1725 2593 2032 2655 exercebat,
2063 2591 2245 2646 erucis

689 2675 872 2743 jaculo
907 2678 1225 2742 confudisti,
1268 2691 1319 2734 et
1371 2681 1614 2749 gentium
1664 2682 2036 2749 captivitatem
2072 2681 2244 2746 capti-

694 2767 856 2830 vasti,
904 2783 1064 2835 quam
1121 2769 1216 2824 ille
1270 2781 1430 2823 antea
1462 2773 1854 2838 captivaverat,
1897 2790 1991 2828 eos
2043 2775 2144 2828 sibi
2189 2777 2242 2828 in

695 2858 1010 2912 servitutem
1044 2861 1316 2927 redigens.
1349 2861 1641 2929 Propterea
1684 2864 1800 2932 ipse
1830 2864 2094 2931 Dominus
2119 2866 2245 2917 alibi

698 2947 822 3000 ait:
866 2948 997 3001 Cum
1039 2959 1216 3004 autem
1263 2952 1527 3006 exaltatus
1577 2954 1726 3023 fuero
1775 2973 1806 3007 α
1855 2965 2019 3021 terra,
2066 2961 2246 3008 omnia

697 3037 906 3090 trahant
942 3041 1010 3091 ad
1049 3057 1128 3094 me
1161 3042 1228 3094 “.
1327 3077 1330 3080 λ

767 3126 962 3193 Cepisti
1010 3129 1149 3182 dona
1206 3132 1261 3184 in
1319 3132 1648 3187 hominibus.
1709 3133 1909 3189 Verum
1966 3136 2323 3215 apostolus'c

697 3215 900 3272 Paulus
934 3218 1086 3272 hunc
1126 3219 1370 3276 referens
1415 3223 1753 3278 versiculum
1789 3225 1855 3290 δ’,
1892 3238 1999 3279 non
2032 3225 2251 3294 Cepisti,

699 3307 796 3369 ait,
820 3307 1165 3375 sedvDedisti,
1196 3319 1252 3364 et
1304 3319 1598 3380 utrumque
1645 3314 1843 3367 factum
1880 3323 1985 3369 est.
2020 3313 2155 3368 Nam
2189 3316 2257 3368 ab

699 3395 767 3450 iis
797 3398 888 3465 qui
934 3397 1000 3450 ad
1050 3413 1111 3452 se
1145 3400 1413 3455 accedunt
1461 3405 1602 3458 Deus
1654 3404 1811 3458 ﬁdem
1874 3412 1929 3460 et
1960 3410 2253 3474 gratiarum
2309 3415 2315 3421 '

700 3486 970 3541 actionem
1021 3490 1192 3560 capit,
1229 3500 1284 3546 et
1317 3493 1398 3548 eis
1447 3503 1638 3548 contra
1695 3495 2024 3564 multiplicia
2063 3497 2258 3550 tribuit

699 3577 1093 3634 charismatum
1125 3584 1293 3637 dona.
1375 3580 1386 3586 ’
2114 3604 2118 3607 ·
2223 3577 2228 3582 ’

772 3667 983 3724 Etenim
1014 3688 1119 3725 non
1155 3674 1421 3752 credentes
1473 3686 1526 3728 ut
1561 3677 1924 3733 inhabitans.
1981 3677 2258 3748 Accepisti

699 3757 846 3813 enim
881 3774 976 3814 eos
1030 3759 1304 3827 homines,
1352 3763 1446 3831 qui
1493 3764 1730 3833 primum
1779 3780 1889 3819 non
1940 3766 2256 3820 credebant.

702 3852 974 3921 Accepisti
1024 3863 1205 3909 autem
1235 3871 1354 3920 eos,
1397 3864 1457 3910 ut
1487 3857 1827 3913 inhabitares
1877 3858 1933 3912 in
1979 3858 2082 3925 eis,
2126 3859 2170 3912 si
2207 3865 2260 3912 te

702 3942 922 4014 dignum
944 3944 1328 4030 eﬂ‘ecti-essent
1353 3948 1741 4017 habitaeulum,

777 4124 944 4181 Vsus.
972 4125 1067 4193 20,
1094 4126 1186 4180 ει.
1242 4126 1499 4183 Dominus
1541 4128 1677 4184 Deus
1731 4131 2048 4197 benedictus,
2113 4133 2261 4187 bene-

705 4220 878 4272 dictus
915 4218 1171 4272 Dominus
1202 4220 1266 4274 de
1295 4222 1380 4274 die
1406 4223 1460 4275 in
1486 4221 1644 4276 diem.
1678 4219 1814 4276 Vide
1854 4238 2158 4277 sermonem
2195 4224 2262 4277 de

707 4319 896 4364 sancta
937 4311 1205 4366 Trinitate
1239 4329 1254 4365 :
1283 4313 1548 4368 Dominus
1584 4317 1726 4371 Deus
1766 4323 1820 4370 et
1853 4316 2137 4370 Dominus.
2170 4314 2263 4370 Sic

707 4402 851 4457 enim
877 4402 1085 4473 Moyses
1106 4404 1320 4458 dixerat
1356 4421 1371 4460 :
1399 4404 1564 4473 Audi,
1617 4405 1789 4461 Israel
1813 4423 1828 4460 :
1849 4407 2099 4460 Dominus
2124 4407 2260 4461 Deus

2336 607 2426 653 τος
2459 593 2886 661 ἐμνημόνευσεν.
2915 590 3040 646 Εἶεν
3079 591 3124 644 δ’
3151 592 3216 645 ἂν
3263 592 3412 662 ἆρμα
3443 593 3575 645 Θεοῦ
3603 595 3798 657 πάντες
3841 597 3900 647 οἱ

2335 683 2426 734 τὸν
2453 683 2668 751 χαλινὸν
2699 683 2796 752 τῆς
2826 683 3063 744 πίστεως
3090 683 3396 752 δεξάμενοι,
3419 685 3512 736 καὶ
3531 683 3900 753 ὕποζυγὲντες

2335 774 2414 844 τῷ
2445 774 2660 843 Χριστῷ
2714 767 2861 844 ζυγῷ
2890 774 2985 827 τοῦ
3036 774 3295 842 Χριστοῦ,
3350 776 3443 829 καὶ
3491 775 3756 846 ὲπιδάτην
3793 779 3902 830 καὶ

2337 863 2572 934 ἡνίοχον,
2604 864 2774 932 αὐτὴν
2823 865 3062 934 ἔχοντες.
3096 865 3266 917 Τοῦτο
3314 865 3458 919 δὲτὸ
3500 867 3655 938 ἅρμα
3701 887 3902 940 μυριο-

2339 954 2563 1007 πλάσιον
2618 951 2759 1006 εἶναι
2811 955 2978 1022 λέγει,
3007 955 3100 1009 τοῦ
3131 955 3365 1009 παλαιοῦ
3409 956 3656 1027 ἅρματος
3682 960 3787 1012 τῶν
3835 963 3904 1013 ἐν

2351 1044 2628 1108 Ἰουδαίοις
2661 1045 2906 1099 δικαίων.

2409 1317 2680 1383 Χιλιὰὸες
2704 1299 3136 1387 εὐθηνούντων.
3175 1322 3363 1374 Asius:
3407 1321 3467 1374 τδ
3499 1324 3691 1377 εἰσιν·
3725 1324 3899 1392 εὐθη-

2341 1408 2574 1462 νούντων
2599 1410 2679 1474 δὲ,
2720 1413 2785 1480 τῇ
2821 1405 3166 1486 κίαρποφορίᾳ
3197 1414 3301 1466 τῶν
3338 1415 3571 1484 ἀρετῶν.

2408 1587 2622 1653 Κύριος
2643 1586 2714 1639 ἐν
2739 1573 2943 1651 αὐτοῖς
2971 1587 3041 1640 ἐν
3071 1588 3217 1641 Σινὰ
3244 1585 3322 1658 ἦν
3344 1589 3414 1643 ἐν
3447 1588 3526 1655 τῷ
3548 1569 3727 1657 ἁγίῳ.⁸
3769 1591 3905 1644 Λεξ-

2344 1694 2435 1730 πει
2488 1678 2544 1730 δὲ
2604 1677 2663 1730 τὸ
2706 1678 2796 1743 ὃς,
2857 1678 2941 1730 ἶνα
3075 1679 3351 1734 τοιοῦτον·
3385 1681 3588 1752 Κύριος
3623 1685 3680 1735 ὲν
3717 1684 3908 1750 αὐτοῖς

2348 1769 2513 1832 ἔστιν,
2541 1767 2598 1830 ὃς
2636 1770 2692 1820 ἐν
2728 1767 2806 1837 τῷ
2845 1769 2974 1822 Σινὰ
3004 1765 3266 1840 ἦνπάλαι
3309 1771 3387 1841 τῷ
3417 1773 3574 1842 ἁγίῳ.
3611 1777 3908 1844 Περιττευ-

2348 1860 2514 1930 ούσης
2538 1861 2638 1930 τῆς
2674 1861 2743 1914 ἐν
2773 1860 2850 1931 τῷ
2880 1863 3019 1932 ἁγίῳ
3066 1864 3413 1932 προθέσεως·
3455 1861 3536 1928 εἷς
3568 1867 3679 1936 γὰρ
3721 1868 3750 1919 δ
3805 1870 3911 1922 καὶ

2349 1953 2467 2004 ἐκεῖ
2489 1955 2582 2006 καὶ
2613 1953 2848 2007 ἐνταῦθα
2873 1954 3178 2024 νομοθετῶν
3199 1973 3214 1988 ο
3266 1956 3420 2024 ἅγιον
3451 1956 3510 2010 δὲ
3551 1958 3610 2010 τὸ
3636 1960 3789 2022 Σινᾶ,
3825 1961 3910 2023 ὡς

2350 2044 2637 2111 ἁγιασθὲν,
2672 2047 2738 2117 τῇ
2785 2047 3054 2119 ἐπιδημίᾳ
3077 2045 3171 2101 τοῦ
3203 2047 3360 2112 Θεοῦ,
3394 2049 3488 2101 καὶ
3521 2049 3597 2113 ὡς
3625 2050 3742 2120 Θεῷ
3767 2052 3907 2104 ἀνσχ-

2350 2135 2625 2205 κείμενον.
3524 2150 3530 2156 ’
3653 2197 3657 2201 ,
3754 2129 3769 2142 ’

2431 2227 2674 2294 Ἀνέϐης
2715 2230 2802 2295 εἰς
2857 2223 3038 2297 ὕψος,
3083 2227 3556 2296 ᾐχμαηιὼτευσας
3605 2230 3920 2299 alutale

2350 2317 2514 2373 σιάν.
2547 2319 2641 2382 Είς
2677 2319 2738 2372 τὸ
2770 2320 2900 2390 ὕψος
2919 2320 3013 2373 τοῦ
3041 2321 3296 2392 σταυροῦ.
3333 2320 3399 2373 Ἢ
3417 2323 3509 2383 ἐίς
3535 2322 3626 2374 τὸν
3654 2322 3912 2392 οὐρανὸν,

2351 2412 2508 2482 ὲντῷ
2537 2411 2712 2483 καιρῷ
2739 2416 2836 2483 τῆς
2883 2414 3226 2483 Ἀναλήψεως
3252 2431 3268 2446 ο
3311 2413 3556 2480 Ἀνέϐης
3587 2413 3643 2466 δὲ
3663 2453 3678 2478 ,
3713 2397 3804 2466 δια
3848 2415 3913 2468 τὸ

2355 2507 2598 2560 ἑκούσιον
2637 2506 2737 2575 τῆς
2767 2489 3105 2569 ἀναϐάσεως.
3137 2506 3226 2574 Τῷ
3247 2505 3432 2574 δόρατι
3457 2507 3513 2558 δὲ
3541 2506 3634 2559 τοῦ
3669 2505 3913 2574 σταυροῦ

2355 2598 2597 2650 καθελὼν
2636 2598 2727 2650 τὸν
2753 2595 3128 2668 τυραννοῦντα
3163 2596 3435 2659 διάϐολον,
3476 2596 3918 2667 ῂχμαλώτευσας

2352 2692 2451 2756 τὴν
2513 2689 2890 2757 αἰχμαλωσῖαν
2921 2689 3028 2740 τῶν
3080 2686 3248 2740 ἐθνῶν
3291 2689 3357 2757 ἢν
3385 2689 3590 2750 ἐκεῖνος
3642 2687 3916 2757 πρότερον

2353 2780 2776 2851 ᾐχμαλώτευσεν
2808 2779 2983 2846 ἑαυτῴ
3014 2778 3183 2831 ταῦτα
3219 2777 3794 2847 καταδουλωσάμενος.
3828 2776 3920 2828 Εἷ-

2356 2889 2490 2940 ρηκε
2517 2872 2622 2941 γὰρ
2653 2874 2678 2924 ὁ
2710 2872 2753 2924 Χ
2763 2872 2940 2940 ριστὸς
2963 2887 2977 2899 ⁸
3009 2873 3195 2923 Ὅταν
3220 2867 3458 2938 ὑψωθῶ,
3481 2869 3722 2922 ἑλκύσω
3755 2868 3915 2923 πᾶν·

2353 2979 2425 3014 τα
2455 2963 2604 3030 πρὸς
2625 2963 2906 3031 ἐμαυτόν.
3130 2975 3140 2987 ⁶

2429 3140 2683 3203 Ἐλαϐες
2711 3137 2934 3208 δόματα
2957 3137 3026 3190 ἐν
3049 3135 3399 3204 ἀνθρώποιςο
3417 3137 3478 3190 ὀ
3493 3135 3548 3190 δὲ
3563 3136 3913 3201 Ἀπδστολοςο

2356 3231 2583 3297 Δόματα
2611 3227 2852 3292 ἔδωκεν,
2907 3226 3077 3282 εἶπεν.
3119 3229 3172 3279 Ἀ
3186 3228 3427 3297 μφότερα
3459 3227 3516 3280 δὲ
3540 3227 3867 3296 γεγένηνται
3899 3244 3918 3260 ·

2355 3317 2647 3386 λαμϐάνων
2703 3319 2810 3392 γαρ
2861 3317 3011 3384 παρὰ
3061 3317 3167 3376 τῶν
3207 3318 3539 3385 προσιόντων
3596 3317 3782 3370 πίστιν
3819 3319 3922 3372 και

2356 3407 2730 3479 εὐχαριστίαν,
2768 3407 2938 3477 ἐδίδου
2968 3409 3284 3478 χαρίσματα
3314 3408 3568 3479 διάφορα.
3849 3403 3852 3406 ’

2427 3681 2536 3730 Ka.
2566 3675 2674 3744 τὰρ
2704 3675 3096 3740 ἀπειθοῦντας
3122 3674 3228 3728 τοῦ
3274 3674 3762 3740 κατασκηνῶσαι.
3804 3676 3923 3731 Καὶ

2359 3767 2467 3835 γὰρ
2523 3766 2721 3827 αὐτοὺς
2771 3765 3013 3826 ἐκείνους
3043 3764 3232 3826 ἔλαϐες
3256 3803 3271 3826 ,
3303 3765 3427 3827 τοὺς
3455 3764 3720 3835 πρότερον
3747 3765 3926 3819 ἁπει-.

2359 3857 2587 3920 θοῦντας
2640 3856 2982 3926 ἀνθρώπους,
3039 3856 3228 3918 ἔλαϐες
3287 3857 3343 3910 δὲ
3408 3858 3626 3921 αὐτοὺς,
3687 3858 3783 3911 ἐπὶ
3835 3859 3918 3928 τῷ

2360 3949 2784 4019 κατασκηνῶσαι
2816 3949 2874 4001 ὲν
2903 3950 3086 4012 αὐτοῖς
3113 3948 3245 4018 (59),
3299 3948 3612 4018 γενομένοις
3638 3949 3792 4014 ἄξιόν
3822 3968 3922 4003 σου

2360 4039 2798 4108 κατοικητήριον.

2429 4131 2643 4196 Κύριος
2676 4131 2710 4183 ὁ
2738 4130 2882 4193 Θεὸς
2913 4129 3261 4198 εὐλογητὸς,
3315 4131 3644 4198 εὐλογητὸς
3702 4133 3928 4202 Κύριος

2361 4222 2592 4290 ἡμέραν
2645 4221 2773 4275 καθ’
2808 4220 3062 4289 ἡμέραν.
3093 4222 3235 4294 Ὅρα
3270 4222 3364 4275 τδν
3413 4223 3542 4293 περὶ
3601 4224 3700 4292 τῆς
3753 4225 3927 4293 ἁγίας

2362 4313 2588 4382 Τριάδος
2619 4312 2812 4380 λόγον’
2850 4312 3073 4383 Κύριος.
3119 4313 3214 4366 καὶ
3269 4314 3298 4366 ὸ
3333 4313 3484 4378 Θεὸς,
3535 4315 3628 4367 καὶ
3691 4315 3926 4385 Κύριος.

2363 4405 2519 4458 Οὕτω
2546 4407 2654 4474 γὰρ
2682 4404 2775 4457 καὶ
2803 4403 3258 4471 Μωσῆςνεῐρηκεν
3281 4419 3295 4435 ·
3349 4391 3586 4466 Ἀκουέ,
3604 4454 3606 4456 ,
3627 4403 3870 4470 Ἰσραήλ
3908 4422 3925 4437 ο

711 4503 830 4548 tuus
872 4493 1009 4548 Deus
1067 4511 1202 4548 unus
1239 4496 1406 4548 est".
1452 4496 1519 4549 Et
1578 4513 1702 4551 cum
1745 4497 2078 4566 laudandum
2136 4514 2258 4551 eum

2365 4497 2580 4562 Κύριος
2605 4493 2636 4545 ὸ
2682 4493 2825 4556 Θεός
2871 4503 3009 4556 σου,
3057 4491 3272 4558 Κύριος
3303 4483 3392 4555 εἷς
3426 4489 3618 4543 ἐστιν.
3653 4490 3839 4544 Εἰπὼν
3866 4492 3928 4546 δὲ

710 4587 1093 4642 essedixisset
1144 4585 1210 4641 de
1268 4587 1375 4651 die,
1399 4587 1503 4642 hoc
1524 4598 1629 4652 est,
1657 4604 1756 4656 per
1785 4596 1951 4642 totam
1988 4589 2153 4652 diem,
2180 4591 2264 4642 di—

711 4685 954 4735 ctionum
987 4680 1378 4734 obscuritatem
1414 4681 1730 4744 declaravit,
1757 4680 1983 4746 addens,
2021 4681 2086 4733 In
2105 4681 2261 4734 diem.

710 4771 875 4826 verba
901 4768 1037 4834 hac,
1076 4769 1148 4823 De
1174 4770 1258 4823 die
1291 4771 1350 4823 in
1378 4772 1539 4836 diem,
1579 4773 1904 4841 simpliciter
1935 4772 2262 4840 intelligunt,

711 4863 816 4916 Alii
860 4870 1038 4916 autem
1077 4876 1196 4932 pro,
1231 4861 1478 4932 Semper,
1531 4871 1586 4918 et
1645 4878 1741 4934 per
1778 4863 1989 4918 dierum
2043 4878 2264 4920 succes-

712 4954 945 5010 sionem.

783 5045 1105 5116 Prosperum
1130 5049 1232 5102 iter
1261 5046 1409 5101 nobis
1439 5047 1606 5115 faciat
1632 5045 1766 5100 Deus
1806 5045 2120 5100 salutarium
2143 5064 2265 5102 nos-

680 5127 944 5200 °trarum,
979 5134 1118 5189 Deus
1155 5146 1354 5199 noster,
1404 5135 1544 5188 Deus
1575 5135 1792 5191 salutis.
1825 5135 1940 5189 lloc
1986 5137 2148 5191 etiam
2213 5139 2271 5191 in

716 5224 838 5278 loco
857 5225 1222 5293 contemplari
1251 5223 1381 5278 licet
1399 5239 1709 5292 sermonem
1735 5224 1805 5280 de
1836 5223 2271 5281 Trinitate.Nam

715 5323 798 5369 ter
817 5312 906 5367 hic
929 5314 1214 5367 invocatur
1245 5313 1337 5368 Dei
1363 5327 1577 5367 nomen.
1603 5314 1666 5368 Et
1696 5317 1821 5384 quia
1861 5318 1914 5369 in
1947 5316 2133 5371 Graeca
2191 5319 2273 5372 le-

721 5406 902 5460 ctione
931 5403 1100 5459 dictio
1129 5404 1468 5468 salutarium,
1489 5417 1541 5460 ct
1569 5405 1738 5460 dictio
1761 5408 2150 5475 salutum,solo
2187 5424 2276 5463 ac-

2364 4585 2445 4636 ὅτι
2475 4582 2814 4651 εὐφημητέος
2841 4580 2986 4632 ἐστὶν
3011 4579 3254 4647 ἡμέραν,
3389 4579 3827 4646 συνεξακούεται,
3860 4582 3928 4635 τὸ

2377 4676 2509 4730 Ἀνὰ
2536 4673 2761 4738 πᾶσαν,
2795 4673 3088 4742 ὲσαφήνισε
3108 4673 3208 4741 τὴν
3235 4672 3553 4741 δυσχέρειαν
3572 4671 3680 4724 τῶν
3698 4658 3928 4738 λέξεων,

2369 4769 2645 4838 προσθείς,
2671 4767 2731 4818 τδ
2761 4767 2904 4818 Καθ’
2939 4763 3168 4832 ἡμέραν
3190 4779 3207 4795 ⁶
3249 4764 3393 4826 τινὲς
3441 4764 3498 4817 δὲ
3539 4765 3598 4818 τὸ
3668 4764 3932 4833 Ἦμέραν

2369 4861 2498 4913 καθ’
2531 4858 2780 4927 ἡμέραν,
2808 4855 2992 4920 ἁπλῶς
3025 4854 3256 4921 νοοῦσιν,
3316 4855 3438 4910 ἀντὶ
3512 4855 3607 4909 τοῦ
3679 4857 3931 4924 Ἡμέρας

2370 4949 2428 5018 ἐξ
2456 4952 2690 5022 ἡμέρας,
2716 4950 2783 5001 '0
2817 4949 2983 5008 ἐστιν,
3007 4947 3113 5004 ἀεὶ.
3145 4947 3287 5001 κατὰ
3314 4945 3564 5016 διαδοχὴν
3586 4945 3831 5017 ἡμερῶν.

2437 5041 2843 5101 Κατευοδώσαι
2877 5039 3019 5108 ’ἡμῖν
3043 5042 3079 5096 ἐ
3110 5040 3254 5108 Θεὸς¹
3271 5038 3390 5092 τῶν
3408 5038 3714 5106 σωτηρίων
3731 5038 3930 5106 ἡμῶν,

2370 5144 2403 5195 ὸ
2433 5140 2578 5204 Θεὸς
2612 5135 2800 5206 ἡμῶν,
2836 5136 2868 5186 ὸ
2891 5130 3034 5198 Θεὸς
3055 5131 3160 5186 τοῦ
3200 5129 3433 5189 σώζειν.
3464 5131 3604 5200 Ὅρα
3639 5130 3926 5184 κάνταῦθα

2367 5228 2605 5299 τδνπερὶ
2631 5227 2730 5293 τῆς
2753 5223 2914 5290 ἁγίας
2941 5222 3169 5292 Τριάδος
3198 5221 3374 5289 λόγον.
3405 5221 3541 5290 Τρὶς
3584 5220 3693 5290 γὰρ
3746 5221 3928 5274 ego“-

2370 5333 2458 5374 ται
2487 5323 2567 5379 τὸ.
2610 5318 2672 5370 '0
2703 5316 2864 5380 Θεὸς.
2895 5315 3008 5367 Οὐκ
3058 5312 3283 5376 ἀπεικὸς
3346 5313 3403 5366 δὲ
3456 5313 3552 5365 καὶ
3583 5325 3922 5379 σωτηριων,

2374 5408 2807 5482 περισπωμένως
2836 5402 3248 5474 ἀναγινώσκειν.
3295 5401 3604 5476 ῡὺδετέρως
3653 5401 3752 5469 μὲν
3811 5403 3929 5472 γὰρ

789 5580 836 5613 ⁸⁸
878 5581 1038 5636 Joan.
1075 5594 1172 5647 xu,
1201 5581 1291 5637 32.
1313 5538 1328 5558 .
1366 5581 1410 5614 "
1436 5579 1638 5650 Ephes.
1671 5571 1751 5648 iv,
1781 5581 1835 5637 8.
1911 5582 1956 5615 '°
1998 5583 2160 5638 Deut.
2201 5599 2277 5649 vi,
2303 5587 2359 5639 4.

2047 5670 2244 5733 νει-ἰῶ
2275 5671 2603 5734 lectiones.

790 5775 900 5846 (59)
934 5773 1116 5832 Graece
1145 5773 1301 5842 factis
1329 5774 1543 5843 dignum
1568 5782 1614 5828 te
1652 5773 2033 5828 habitaculum.
