4124 6326
241 399 336 460 ἔτί)

1368 398 1754 458 connexr.
1787 398 1863 458 IN
1907 371 2267 459 PsAmos.

3335 409 3446 473 6Ἰά

211 507 686 576 παροξυτονεῖται
720 522 730 534 ·
762 506 1010 576 θηλυκῶς
1033 506 1087 558 δὲ
1138 508 1471 576 περισπᾶται
1503 524 1515 536 ·
1564 508 1791 577 λέγομεν

1895 517 2055 562 centu
2089 509 2368 576 diﬁcrunt,
2400 510 2564 580 aliqui
2589 513 2753 566 etiam
2792 513 2961 570 Deum
2985 517 3217 570 solutum
3235 517 3443 588 legunt,

208 598 338 666 γὰρ
366 599 458 650 καὶ
489 596 552 650 τὰ
586 596 902 664 σωτήριον,
941 596 1035 650 καὶ
1092 597 1130 662 ἠ
1189 598 1469 664 σωτηρία.
1506 598 1578 649 Τὸ
1631 599 1687 650 δὲ
1724 599 1786 654 Ὀ

215 689 376 752 Θεὸς
408 685 528 740 τῶν
559 687 871 754 σωτηρίων
893 684 1079 754 ἡμῶν,
1128 689 1219 739 καὶ
1261 688 1342 751 τὸ,
1381 689 1435 738 '0
1483 689 1626 754 Θεὸς
1681 689 1787 744 τοῦ

211 776 456 840 σώζειν,
491 777 552 828 τὸ
570 777 701 829 αὐτὸ
735 777 1096 846 σημαίνουσιν
1138 791 1154 807 ⁶
1209 777 1314 840 ὅτι,
1352 777 1409 830 '0
1443 778 1644 848 Κύριος
1677 779 1784 831 τῶν

214 867 515 936 σωτηρίων
542 865 720 937 ἡμῶν,
741 869 768 919 ὁ
802 866 1003 936 Κύριος
1031 866 1124 919 τοῦ
1182 866 1376 930 σώζειν
1409 885 1422 900 ·
1467 869 1522 935 ἢ,
1569 869 1626 923 '0
1656 869 1788 932 Θεὸς

211 959 242 1010 ὁ
284 958 474 1028 σωτὴρ
507 957 688 1029 ήμῶν,
719 960 748 1010 ὁ
776 957 950 1019 Θεὺςὸ
975 956 1184 1020 σώζων.

296 1048 407 1101 Καὶ
448 1047 556 1101 τοῦ
588 1047 806 1114 Κυρίου
833 1049 894 1100 αι
921 1046 1177 1110 διέξοδοι
1211 1047 1318 1100 τοῦ
1356 1049 1637 1104 θανάτου.
1672 1051 1785 1119 Τῆς

211 1135 510 1205 δυνάμεως
538 1134 631 1188 τοῦ
668 1134 803 1188 Θεοῦ
831 1136 947 1187 ἐστι
972 1135 1033 1187 τὸ
1061 1136 1277 1203 ἐξάγειν
1301 1138 1366 1189 ἐκ
1418 1137 1648 1191 θανάτου
1707 1141 1789 1201 εἰς

213 1225 399 1296 ζωήν.
427 1226 668 1279 Θάνατον
695 1226 752 1279 δὲ
787 1227 896 1281 νόει
942 1228 1036 1280 καὶ
1090 1227 1182 1278 τὸν
1246 1212 1510 1295 φυσικὸν,¹
1550 1230 1644 1282 καὶ
1689 1230 1788 1299 τὴν

215 1317 525 1385 ἁμαρτίαν.
567 1317 624 1369 '0
652 1319 750 1386 μὲν
773 1318 882 1387 γὰρ
906 1320 1089 1387 νεκροῖ
1114 1319 1174 1371 τὸ
1195 1317 1351 1387 σῶμα
1400 1318 1536 1385 πρὸς
1562 1322 1660 1382 τὰς
1688 1339 1789 1387 φυ-

215 1408 393 1469 σικὰς
430 1407 714 1478 ἐνεργείας
747 1425 763 1441 ο
789 1409 818 1460 ὁ
846 1410 902 1462 δὲ
927 1409 1026 1480 τὴν
1053 1409 1255 1480 ψυχὴν,
1289 1411 1426 1481 πρὸς
1474 1411 1570 1474 τὰς
1600 1413 1788 1483 ἐναρέ-

213 1512 374 1559 τους.
398 1497 497 1567 Εῐη
519 1497 562 1550 δ’
602 1498 669 1551 ἂν
732 1499 889 1550 τοῦτο
942 1501 1038 1552 καὶ
1091 1487 1390 1571 πρόρρησις
1441 1502 1698 1570 περὶτῆς
1727 1504 1790 1555 ὲκ

215 1584 442 1654 νεκρῶν
464 1585 831 1650 ἀναστάσεως,
859 1587 951 1640 τοῦ
995 1588 1245 1658 Σωτῆρος
1268 1606 1282 1621 ο
1314 1586 1408 1642 ’τοῦ
1460 1590 1564 1660 γὰρ
1625 1590 1789 1642 αὑτοῦ

219 1675 426 1744 γέγονε
458 1677 674 1746 πρῶτον
700 1680 731 1748 ἡ
758 1677 990 1742 διέξοδος
1021 1680 1116 1732 τοῦ
1147 1679 1400 1736 θανάτου.
1433 1680 1790 1744 διεξελθόντος

217 1767 422 1832 αὑτοῦ,
451 1768 546 1822 καὶ
567 1767 897 1832 ἀναστάντος
921 1769 1104 1839 σαρκί.

299 2031 474 2098 Πλὴν
503 2034 536 2086 ό
571 2031 713 2099 Θεὸς
741 2034 1078 2088 aur-Maiam
1108 2035 1378 2102 κεφαλὰς
1409 2034 1530 2087 τῶν
1559 2033 1788 2100 ἐχθρῶν

218 2121 438 2174 αὐτοῦ.
467 2122 578 2186 Τὰς
607 2124 953 2193 κυριωτάτας
1002 2125 1261 2194 δυνάμεις
1320 2124 1430 2176 τῶν
1480 2124 1786 2194 δαιμόνων·

221 2209 286 2259 ὲν
325 2211 390 2278 τῇ
415 2212 621 2282 κεφαλῇ
648 2213 756 2281 γὰρ
785 2215 840 2266 αἱ
868 2215 1206 2284 κυριώταται
1258 2215 1518 2283 δυνάμεις
1557 2213 1650 2266 τοῦ
1687 2214 1792 2266 σὼ·

223 2315 425 2364 ματος.
459 2301 774 2370 Περιττεύει
801 2303 858 2356 δὲ
889 2303 1163 2358 κάνταῦθα
1194 2305 1255 2358 τὸ
1276 2305 1470 2372 Πλήν.
1502 2303 1614 2374 (40)
1651 2303 1785 2354 Συν-

221 2388 415 2456 τόμως
443 2390 498 2444 δὲ
527 2393 721 2458 εἰπεῖν,
774 2395 1270 2464 συνθλάσεινοητῶς
1288 2395 1384 2458 τὰς
1405 2394 1596 2464 νοητὰς
1609 2392 1788 2446 αὐτῶν

224 2480 494 2546 κεφαλάς.

1891 603 1946 648 et
1988 611 2186 650 sensus
2234 597 2373 651 idem
2415 608 2519 652 est.
2562 599 2628 652 Et
2661 603 2802 669 quod
2834 605 3084 673 sequitur
3121 625 3134 660 :
3171 605 3309 660 Deus
3352 625 3444 660 sa-

1893 686 2040 750 lutis,
2077 687 2142 740 ad
2185 688 2434 742 eumdem
2464 704 2698 760 sensum
2742 694 2993 761 pertinet,
3017 711 3078 751 ac
3111 696 3156 751 si
3185 697 3389 752 diceret
3420 713 3438 751 :

1893 775 2036 831 Deus
2063 777 2303 832 salvator
2327 788 2530 844 noster,
2565 790 2619 834 et
2650 783 2787 837 Deus
2814 783 3052 840 saltans.

1965 1035 2029 1089 Et
2115 1037 2325 1091 Domini
2393 1041 2562 1094 exitus
2649 1045 2852 1095 mortis.
2949 1045 3028 1100 Ad
3096 1055 3438 1114 potestatem,

1893 1128 2092 1195 inquit,
2126 1126 2216 1181 Dei
2247 1130 2506 1198 pertinet,
2529 1140 2584 1182 ut
2611 1146 2637 1183 ο
2677 1142 2848 1186 morte
2877 1134 3001 1201 quis
3029 1135 3096 1188 ad
3128 1137 3292 1189 vitam
3314 1137 3446 1191 edu-

1893 1228 2072 1272 catur.
2093 1217 2192 1271 Per
2219 1228 2448 1274 mortem
2487 1237 2647 1284 vero,
2680 1233 2734 1276 et
2760 1223 2908 1276 illam
2940 1225 3237 1294 intelligere
3267 1237 3442 1295 potes,

1894 1326 2016 1378 quae
2069 1312 2317 1379 corporis
2371 1313 2720 1381 operationes
2769 1315 3310 1384 exstinguitzipsam
3361 1317 3444 1371 ni-

1895 1401 2092 1454 mirum
2131 1403 2434 1456 naturalem
2467 1413 2690 1458 mortem
2718 1419 2734 1468 ;
2769 1413 2821 1457 et
2844 1405 3010 1469 illam,
3030 1421 3150 1474 qua:
3180 1407 3443 1459 virtutum

1894 1492 2238 1561 operatioues
2264 1492 2318 1544 in
2348 1494 2525 1545 anima
2561 1494 2877 1557 mortificat,
2913 1510 3074 1563 quam
3107 1497 3444 1566 appellamus

1894 1590 2200 1650 peccatum.
2247 1582 2326 1636 Ab
2351 1590 2580 1650 utraque
2602 1584 2746 1636 enim
2765 1593 2936 1637 morte
2960 1592 3137 1653 potest
3167 1584 3310 1639 Deus
3345 1600 3446 1638 nos

1897 1673 2150 1726 lihcrare.
2212 1669 2439 1741 lntelligi
2491 1675 2656 1725 etiam
2708 1682 2939 1741 possunt
2990 1673 3102 1727 haec
3143 1675 3330 1737 verba,
3387 1683 3448 1727 ut

1903 1761 2242 1830 pr0phctiam
2276 1764 2593 1816 contineant
2613 1761 2679 1815 de
2700 1764 2998 1816 Salvatoris
3021 1765 3443 1828 resurrectione,

1811 1860 1854 1914 Β
1884 1853 1978 1923 qui
2010 1854 2221 1922 primus
2261 1853 2394 1906 exiit
2427 1868 2455 1906 a
2496 1860 2690 1908 morte.
2738 1851 2813 1906 Ea
2849 1855 3049 1908 etenim
3100 1863 3358 1924 superata
3388 1854 3444 1908 in

1885 1959 1983 1999 sua
2014 1959 2202 2008 carne,
2231 1959 2424 1998 rursus
2451 1945 2784 1998 resurrexit.

1961 2027 2120 2083 νεικεῖ.
2161 2029 2252 2084 τε.
2302 2029 2670 2083 Verumtamen
2719 2031 2854 2084 Deus
2909 2032 3199 2102 confringet
3261 2033 3440 2100 capita

1885 2117 2217 2170 inimicorum
2263 2133 2500 2171 suorum.
2539 2116 2981 2186 Principaliores,
3031 2122 3226 2190 inquit,
3279 2131 3442 2190 atque

1886 2206 2228 2259 efficaciores
2281 2204 2586 2260 daetnonum
2623 2208 2897 2276 potentias
2928 2209 3254 2280 confringet,
3280 2226 3444 2280 quas

1891 2296 2070 2365 capita
2087 2295 2217 2350 ideo
2247 2296 2560 2366 appellavit,
2603 2298 2731 2366 quia
2760 2298 2814 2352 in
2869 2301 3047 2369 capite
3091 2302 3352 2369 potiores,
3381 2316 3447 2357 ac

1894 2385 2167 2453 praecipue
2211 2395 2341 2439 sunt
2381 2383 2552 2441 nostri
2584 2389 2830 2457 corporis
2865 2390 3026 2445 vires.
3064 2391 3316 2446 Abundat
3343 2391 3447 2446 hoc

1898 2476 1954 2528 in
2012 2476 2137 2529 loco
2221 2476 2416 2540 dictio,
2473 2488 2848 2533 rerumtamen.
2896 2481 3218 2548 Hujusmodi
3264 2493 3444 2536 autem

226 2573 665 2629 contractionem
697 2577 955 2645 capitum,
992 2591 1098 2630 non
1128 2577 1396 2642 intelliges
1420 2575 1757 2646 corporalem
1799 2584 1944 2632 esse.
1974 2582 2100 2622 cum
2125 2569 2465 2638 corporibus
2498 2578 2721 2624 careant
2783 2572 3077 2636 ᾶωιηοιιεε.
3135 2575 3227 2628 sed
3296 2577 3464 2633 inch

225 2662 557 2729 lectualiter,
615 2682 738 2721 cum
779 2679 831 2722 et
875 2669 975 2736 ipsi
1034 2669 1426 2722 intellectuales
1487 2669 1597 2722 sint
1645 2661 1986 2720 substantiae.

303 2754 592 2821 Κορυφὴν
626 2755 825 2820 τριχὸς
855 2754 1369 2823 διαπορευομένων
1398 2755 1468 2807 ἐν
1515 2759 1788 2823 πλημμε-

228 2844 430 2908 λείαις
451 2843 666 2898 αὐτῶν.
702 2846 823 2898 Τῶν
845 2845 1335 2914 διαπορευομένων,
1388 2846 1566 2898 εῐτουν
1621 2853 1800 2896 κατα-⁷

232 2925 555 2987 πατούντων
584 2935 681 3006 τὴν
716 2935 960 3004 κορυφὴν
1004 2935 1102 3003 τῆς
1133 2935 1304 3003 κόμης
1327 2935 1438 3005 (41)
1473 2934 1579 2986 τῶν
1611 2935 1791 3002 ἁμαρ⁴

230 3024 370 3076 τιῶν
406 3040 422 3056 ο
472 3026 632 3094 τρίχα
660 3026 766 3094 γὰρ
788 3025 882 3078 νῦν
909 3025 1008 3094 τὴν
1041 3025 1221 3094 κόμην
1269 3027 1498 3092 νοήσεις.
1530 3025 1794 3075 Καταπα-

232 3111 473 3165 τοῦντων
501 3114 558 3166 δὲ
595 3113 785 3183 αὐτὴν,
833 3115 892 3166 ἐν
921 3113 998 3181 τῷ
1027 3113 1368 3182 πλημμελεῖν
1419 3110 1633 3173 αὐτούς.
1666 3111 1794 3163 ’Ὁτε

233 3205 346 3272 γὰρ
382 3203 781 3271 ἁμαρτάνουσιν
809 3203 1104 3273 ἄνθρωποι,
1127 3205 1245 3255 τότε
1262 3203 1311 3255 οἱ
1331 3203 1582 3271 δαίμονες
1618 3217 1789 3254 κατα-

233 3290 501 3343 πατοῦσιν
571 3293 764 3355 αὐτοὺς
818 3291 1286 3359 ὑποτεταγμένους
1341 3291 1462 3360 ήδη.
1528 3293 1682 3342 Ἐστι
1735 3289 1792 3340 δὲ

235 3382 332 3433 καὶ
366 3380 536 3442 ἄλλως
567 3383 740 3434 εἰπεῖν
765 3399 779 3412 ·
816 3381 923 3432 τῶν
957 3380 1068 3450 (42)
1103 3379 1594 3448 διαπορευομένων,
1627 3376 1654 3429 ὃ
1677 3378 1792 3428 ἐστι

234 3471 674 3540 διερευνωμένων
697 3473 752 3524 ἐν
780 3475 899 3534 ταῖς
926 3469 1325 3544 πλημμελείαις
1342 3469 1446 3521 τῶν
1473 3469 1791 3536 ἀνθρώπων,

235 3557 402 3625 τρίχα
430 3559 670 3626 κορυερῆς
706 3559 825 3611 κατ’
851 3559 1149 3628 ἐναλλαγήν
1177 3576 1190 3589 ·
1221 3559 1487 3618 τουτέστι,
1519 3557 1578 3607 τὸ
1605 3556 1794 3607 λεπτό-

236 3662 399 3697 τατον
427 3648 724 3717 ἁμάρτημα
746 3647 840 3700 τοῦ
864 3648 1170 3718 ἀνθρώπου.
1213 3645 1552 3713 Ἐξετάζουσι
1573 3648 1679 3715 γὰρ
1702 3647 1795 3700 καὶ

227 3738 308 3786 .τά
335 3735 575 3802 τοιαῦτα,
609 3738 747 3791 κατὰ
776 3737 865 3791 τὸν
927 3739 1114 3808 καιρὸν
1173 3738 1277 3790 τῶν
1339 3737 1659 3806 λογοθεσίων
1699 3737 1795 3807 τῆς

238 3826 434 3897 ψυχῆς·

316 4003 460 4061 Εἶπε
488 4009 696 4074 Κύριος
735 4025 748 4040 ·
780 4009 882 4063 Ἐκ
926 4008 1133 4061 Βασὰν
1185 4007 1542 4075 ἐπιστρέψω.
1585 4007 1649 4059 Ἦ
1693 4007 1794 4060 Βα-

246 4100 368 4161 civ,
400 4100 701 4166 αἰσχύνην
730 4099 1051 4169 ἑρμηνεύει⁹
1095 4099 1424 4168 ἐπέστρεψεν
1467 4097 1559 4152 οὖν
1590 4099 1713 4160 τοὺς
1735 4099 1794 4165 ἐξ

243 4187 412 4240 ἐθνῶν
438 4190 544 4240 ἀπὸ
568 4189 668 4258 τῆς
697 4189 960 4259 αἰσχύνης
975 4188 1080 4240 τῶν
1107 4189 1361 4253 εἰδώλων,
1422 4189 1516 4242 καὶ
1572 4189 1668 4257 τῆς
1715 4190 1797 4239 ai—

245 4278 446 4346 σχὺνης
471 4280 567 4343 τῆς
602 4281 893 4348 ἁμαρτίας.

329 4370 697 4434 Ἐπιστρέψω
724 4370 793 4420 ἐν
822 4369 1037 4434 βυθοῖς
1065 4370 1399 4435 θαιιάσσης.
1465 4367 1796 4438 Ἐπέστρεψε

243 4459 304 4512 δὲ
329 4461 521 4522 αὐτοὺς
556 4461 661 4513 ἀπὸ
701 4462 797 4530 τῆς
853 4461 1182 4531 δηλωθείσης
1235 4459 1516 4528 αἰσχύνης,
1566 4460 1654 4511 διὰ
1701 4458 1794 4510 τοῦ

1960 2747 2211 2802 Verticem
2280 2749 2460 2816 capilli
2535 2751 3014 2817 perambulantium
3113 2741 3169 2810 in
3237 2757 3442 2812 delicti!

1893 2854 2094 2891 eorum.
2146 2837 2515 2908 Confringet,
2585 2841 2786 2909 inquit,
2846 2845 3022 2911 capita
3097 2845 3445 2902 inimicorum

1886 2926 2375 2997 perambulantium
2424 2927 2676 2982 verticem
2706 2931 2910 2999 capilli,
2938 2933 3041 2987 hoc
3075 2944 3179 2999 est,
3213 2939 3443 2990 concul-

1897 3017 2139 3070 cantium
2189 3019 2446 3072 verticem
2500 3033 2879 3085 comae,comae
2917 3023 3038 3076 dico
3080 3026 3448 3092 quorumlibet

1891 3105 2347 3173 delinquentium.
2375 3105 2644 3175 Capillum
2675 3110 2816 3161 enim
2846 3109 2935 3162 hic
2973 3111 3112 3164 dixit
3137 3126 3238 3180 pro
3267 3127 3444 3167 coma.

1819 3229 1861 3288 ο
1894 3197 2230 3249 Conculcare
2271 3213 2398 3251 vero
2453 3199 2886 3267 delinquentium
2927 3215 3138 3256 comam
3192 3204 3447 3258 dicuntur

1894 3288 2189 3350 dannoncs,
2215 3298 2278 3341 eo
2310 3289 2452 3356 quod
2496 3300 2813 3356 peccatores
2849 3307 3095 3360 quosque
3122 3292 3288 3346 veluti
3338 3294 3446 3347 sibi

1894 3379 2173 3446 subjectos
2223 3383 2572 3434 conculcant.
2612 3380 2909 3437 Possumus
2951 3385 3445 3448 etiatn,imtnutato

1893 3484 2166 3535 sermone,
2219 3471 2377 3524 aliter
2409 3465 2681 3540 e‘xponere
2713 3512 2728 3537 ,
2791 3473 2936 3540 quod
2991 3473 3297 3543 confringet
3341 3474 3446 3529 Do-

1895 3562 2074 3614 minus
2108 3560 2284 3629 capita
2315 3562 2595 3616 hominum
2631 3564 3148 3630 peramhulantium,
3200 3566 3300 3619 hoc
3338 3578 3444 3627 est,

1894 3646 2330 3714 investigantium
2357 3647 2409 3699 in
2433 3647 2644 3699 delictis
2663 3648 2908 3701 humanis
2928 3650 3180 3718 capillum
3205 3651 3444 3716 verticis,

1893 3733 1994 3786 hoc
2019 3742 2120 3795 est,
2149 3735 2468 3786 tenuissima
2508 3749 2736 3801 quaeque
2760 3736 3035 3788 hominum
3071 3748 3312 3805 peccata.
3342 3739 3450 3791 Εκδ

1893 3824 2118 3892 quirunt
2141 3825 2340 3878 etenim
2366 3825 2636 3876 daemones
2652 3820 2812 3875 etiam
2838 3826 2948 3878 hac
2973 3827 3212 3889 minima,
3232 3830 3447 3896 quoties

1893 3916 2130 3968 animam
2165 3915 2402 3967 viderint
2437 3915 2700 3967 rationem
2740 3914 2848 3967 Deo
2875 3931 2992 3968 esse
3028 3917 3384 3971 reddituram.

1957 4003 2391 4058 Vens.25.Dixit
2435 4003 2686 4058 Dominus
2723 4024 2738 4058 :
2783 4005 2865 4056 Ea:
2897 4005 3072 4059 Busan
3121 4019 3434 4062 convertam.

1897 4094 2071 4150 Basan
2113 4095 2485 4150 confusionem
2510 4096 2800 4164 significat,
2818 4110 2910 4164 seu
2935 4097 3147 4150 sordes.
3170 4097 3447 4153 Convertit

1895 4187 2059 4253 igitur
2095 4187 2234 4238 Deus
2254 4200 2346 4239 eos
2385 4186 2476 4253 qui
2513 4186 2693 4239 lideles
2729 4185 2951 4238 fuerunt
2986 4201 3050 4239 ex
3095 4189 3348 4255 gentibus
3375 4191 3446 4244 ab

1896 4279 2162 4330 idolorum
2189 4276 2532 4337 confusione.
2555 4285 2715 4345 atque
2741 4291 2768 4329 a
2795 4277 3047 4331 sordibus
3075 4287 3442 4346 peccatorum.

1968 4366 2272 4421 Convertam
2310 4369 2360 4420 in
2391 4367 2670 4435 profundis
2714 4368 2900 4420 maris.
2936 4365 3219 4422 Convertit
3259 4377 3440 4426 autem

1897 4470 1992 4509 eos
2025 4455 2166 4509 Deus
2204 4471 2232 4507 a
2279 4456 2553 4516 sordibus,
2597 4462 2657 4507 ut
2704 4455 2966 4520 diximus,
3022 4464 3184 4524 atque
3241 4457 3342 4512 hoc
3391 4459 3444 4511 in

245 4532 400 4618 ἁγίου
431 4550 802 4620 βαπτίσματος
832 4569 844 4584 ’
875 4553 1030 4605 τοῦτο
1081 4553 1188 4620 γὰρ
1255 4553 1411 4605 καλεῖ
1459 4551 1658 4621 βυθοὺς,
1699 4550 1791 4604 θα-

1896 4561 2051 4601 sacro
2100 4545 2437 4615 baptismatis
2484 4545 2720 4605 lavacro,
2773 4544 2915 4613 quod
2946 4544 3216 4614 profunda
3270 4547 3438 4599 maris

245 4641 470 4710 λάσσης,
502 4641 670 4694 διὰτὸ
706 4642 943 4709 βυθίζειν
969 4643 1066 4707 τὴν
1126 4642 1392 4710 ἁλμυρὰν,
1449 4642 1544 4694 καὶ
1593 4641 1796 4709 πικρὰν

246 4730 543 4798 ἁμαρτίαν,
573 4732 710 4800 Φησὶ
733 4731 840 4799 γὰρ
875 4731 969 4783 καὶ
1032 4731 1267 4798 Μιχαίας
1294 4747 1308 4758 ·
1385 4729 1616 4794 Αὐτοὺς
1675 4730 1799 4780 ἐπι-

248 4811 513 4888 στρέψει,
555 4821 652 4873 καὶ
679 4821 917 4885 ἐλεήσει
953 4821 1132 4889 ἡμᾶς,
1169 4821 1268 4874 καὶ
1297 4821 1666 4874 κατακλύσει
1696 4820 1801 4884 τὰς

247 4911 531 4979 ἁμαρτίας
556 4911 733 4980 ἡμῶν.
753 4911 857 4964 Καὶ
882 4911 1420 4978 ἀπορῤιφθήσονται
1444 4913 1530 4976 εὶς
1551 4909 1622 4962 τὰ
1639 4909 1799 4976 ,ϐάθη

251 4999 360 5066 τῆς
391 5000 722 5068 θαλάσσης.
755 4999 877 5055 Εἶεν
908 5001 950 5053 δ’
972 5001 1036 5053 ἂν
1063 5001 1213 5070 βυθοὶ
1269 5001 1564 5069 θαλάσσης,
1603 5002 1697 5052 καὶ
1724 5001 1793 5051 τά

257 5091 389 5162 βάθη
427 5092 520 5160 τῆς
543 5093 836 5161 ἁμαρτίας,
861 5094 1032 5145 εῖτουν
1060 5092 1126 5144 τά
1156 5088 1509 5159 χαλεπώτατα
1542 5090 1796 5158 πλημμε-

255 5184 471 5252 λήματα
490 5201 504 5214 ·
547 5185 638 5252 ἀφ’
663 5180 736 5236 ὧν
767 5183 1095 5255 ἐπέστρεψεν
1119 5184 1316 5244 αὐτοὺς
1342 5184 1370 5237 ὁ
1394 5181 1545 5246 Θεὸς,
1595 5181 1795 5247 ἐξαγα-

332 5341 370 5370 ⁸¹
401 5342 561 5398 Mich.
595 5357 687 5407 vn,
730 5340 814 5395 l9.

1893 4635 2208 4706 appellavit.
2241 4635 2299 4688 ln
2329 4649 2395 4689 eo
2426 4634 2626 4688 etenim
2661 4631 2803 4689 Deus
2837 4648 3080 4687 amarum
3114 4647 3177 4687 ac
3213 4635 3447 4702 salsugi-

1875 4741 2092 4780 .nosum
2123 4725 2381 4778 demersit
2415 4731 2725 4792 peccatum,
2771 4722 3228 4790 quemadmodum
3263 4735 3317 4777 et
3348 4723 3448 4777 Mi-

1893 4819 2074 4871 chaeas
2102 4815 2364 4884 propheta
2392 4814 2642 4883 praedixit
2674 4829 2687 4864 :
2727 4810 2868 4880 Ipse,
2891 4812 3164 4879 inquiens,
3185 4823 3440 4866 convertet

1896 4923 2011 4970 nos,
2085 4915 2134 4958 et
2190 4904 2517 4956 miserebitur
2574 4901 2760 4966 nostri,
2831 4912 2877 4954 et
2936 4901 3179 4953 dissolvet
3229 4909 3440 4968 peccata

1899 5003 2080 5049 nostra
2125 5005 2171 5047 et
2201 4993 2546 5062 projicientur
2605 4993 2657 5044 in
2707 4991 2971 5059 profunda
3024 4992 3187 5044 maris
3220 4991 3288 5044 ".
3337 4990 3442 5044 Per

1902 5086 2168 5159 profunda
2199 5087 2363 5155 etiam
2403 5084 2590 5147 maris,
2613 5092 2954 5151 peccatorum
2990 5081 3437 5151 profunditatem,
3477 5101 3482 5104 ·

1907 5181 2007 5232 hoc
2038 5185 2142 5242 est,
2176 5175 2493 5246 gravissima
2526 5189 2753 5245 quaeque
2785 5173 3004 5233 delicta,
3036 5186 3320 5242 possumus
3353 5170 3439 5221 in-

1561 5424 1760 5485 Variee
1790 5424 2120 5485 lectiones.

333 5533 438 5600 (£0)
468 5536 754 5602 Συντόμως
783 5540 833 5585 et
863 5530 1068 5604 fidelius
1084 5530 1277 5604 εἰπεῖν,
1302 5525 1618 5604 vertendum
1636 5533 1751 5604 erat
1781 5543 1794 5576 :

263 5594 557 5670 Coit/ﬁnget
580 5594 773 5662 autem,
799 5613 851 5652 ut
889 5599 1102 5670 breviter
1131 5600 1320 5659 dicam,
1354 5594 1796 5657 intellectualiter,

262 5667 629 5724 imcllectnatia
671 5674 896 5736 ipsorum
935 5667 1126 5746 capita.
1218 5716 1227 5725 ,
1396 5732 1407 5746 ⁸

339 5743 442 5808 (41)
477 5735 693 5794 Mallem
717 5735 1074 5808 ἁμαρτωλῶν,
1116 5745 1172 5790 ut
1200 5735 1362 5789 vertit
1396 5735 1684 5801 interpres.

1975 5523 2085 5588 (ἇὲ)
2118 5523 2176 5573 τό
2198 5523 2462 5574 hominum
2511 5521 2651 5588 quod
2687 5522 2952 5588 interpres
2993 5517 3194 5588 addidit
3219 5519 3282 5569 de
3317 5531 3436 5577 suo,

1871 5592 1882 5598 ’
1907 5595 2037 5645 satis
2062 5591 2316 5647 ostendit.
2352 5607 2471 5644 eum
2501 5587 2736 5643 auctoris
2784 5603 3000 5641 sensum
3035 5587 3252 5638 minimo
3288 5599 3436 5636 asse-

1906 5675 2091 5713 cutum
2125 5674 2263 5713 esse.
2293 5661 2479 5728 Neque
2504 5660 2646 5711 enim
2678 5660 2742 5710 de
2789 5657 3092 5728 hominibus
3124 5667 3302 5708 sermo
3332 5660 3434 5715 cst,

1901 5747 2082 5786 verum
2116 5729 2182 5785 de
2211 5727 2566 5793 daemonibus,
2602 5739 2660 5781 ut
2706 5727 2897 5795 legenti
2921 5732 3088 5794 patet.
