4124 6326
672 382 775 441 67.)
870 406 878 413 ‘

1857 364 2238 428 EUTHYMII
2273 363 2632 427 ZIGABENI

3772 361 3890 424 630

671 490 848 558 lippus
894 477 957 538 es
1004 485 1124 536 τίοι)
1172 489 1330 538 erant
1385 480 1678 536 Betbsaida
1728 494 1739 530 :
1777 476 2116 536 Matthmum,
2165 485 2223 530 et

2330 492 2445 541 πος,
2482 478 2575 530 καὶ
2597 475 2874 546 Ἰωάννης,
2908 462 3016 528 diu
3044 474 3318 546 Βηθσαῖδᾶ
3334 475 3432 547 τῆς
3470 471 3664 544 κώμης
3702 469 3884 547 ἦσαν’

665 578 932 635 Jacobutn
973 573 1182 646 Alphai
1210 574 1428 644 degisse
1457 570 1688 638 legimus
1711 569 1764 622 in
1795 566 2173 642 Capharnaum
2207 582 2220 619 :

670 670 859 725 Simon
903 677 1083 722 autem
1114 662 1329 720 Zelotes
1363 661 1703 717 Chanauazus
1744 657 1866 711 fuit.
1904 655 2094 711 Omnia
2128 671 2224 709 au-

670 770 776 813 tem
804 760 914 832 haec
947 758 1063 812 loca
1096 757 1147 809 in
1190 755 1411 809 Galilaea
1437 759 1598 807 erant
1625 750 1865 821 regione,
1897 763 2016 818 qua:
2047 746 2223 802 Zabu-

668 851 783 913 lon,
814 858 868 902 et
898 848 1242 917 Nephthalim
1286 846 1538 899 tribubus
1567 844 1618 896 iu
1650 848 1855 897 sortem
1900 840 2221 895 obvenerat.

672 938 939 993 Similiter
969 946 1024 992 et
1053 938 1145 990 alii
1184 935 1417 1005 apostoli
1462 949 1527 986 ex
1567 933 1653 985 his
1679 929 1931 985 tribubus
1955 928 2222 998 originem

668 1030 973 1082 trahebant.
1028 1025 1094 1079 Et
1131 1027 1404 1094 principes
1438 1039 1532 1078 eos
1564 1022 1876 1091 appellavit,
1924 1035 2030 1073 non
2077 1018 2220 1089 quod

671 1117 997 1171 civitatibus
1045 1124 1097 1170 et
1140 1116 1270 1169 locis
1318 1115 1423 1167 illis
1463 1112 1902 1175 dominarentur,
1962 1110 2057 1165 sed
2099 1109 2224 1178 quia

674 1208 1089 1261 excellentiores
1139 1213 1303 1273 atque
1376 1186 1775 1257 honoratiores
1828 1209 2008 1265 erant,
2056 1199 2224 1253 animi

664 1276 967 1349 nobilitate.
994 1292 1084 1346 Vel
1105 1291 1777 1361 subimelligedictionem,
1802 1305 1865 1343 ex
1884 1305 1905 1353 ;
1927 1288 2072 1345 utsit
2099 1303 2225 1343 sen-

666 1403 780 1451 sus,
812 1386 954 1453 quod
986 1386 1263 1454 principes
1299 1383 1511 1437 fuerunt
1541 1398 1607 1437 ex
1634 1383 1775 1435 tribu
1805 1381 1966 1445 Juda,
1989 1396 2052 1435 ex
2081 1382 2225 1436 tribu

666 1480 931 1542 Zabulou,
967 1497 1031 1533 ex
1066 1481 1210 1533 tribu
1242 1476 1611 1548 Nephthalim.

700 1571 899 1626 -V’sns.
929 1572 1018 1632 9.9,
1052 1570 1141 1625 50.
1177 1568 1403 1634 Mando,
1428 1568 1585 1632 Deus,
1628 1566 1810 1621 virtuti
1846 1575 1967 1620 tute.
2001 1562 2129 1618 Hmc
2160 1563 2226 1617 ad

664 1662 876 1718 Patrem
899 1665 1037 1717 dicta
1066 1671 1216 1726 sunt,
1258 1670 1314 1713 ut
1345 1660 1481 1714 Filio
1514 1664 1731 1712 mandet
1771 1674 1832 1712 ea
1860 1673 1980 1728 quae
2009 1658 2073 1711 ad
2096 1670 2231 1726 pra:-

666 1753 995 1806 ducationem
1092 1754 1387 1821 pt'l‘titlt‘lll.
1432 1754 1475 1806 Α
1518 1769 1596 1806 me
1635 1753 1746 1815 ipso
1784 1753 2008 1813 etenim,
2051 1750 2228 1820 inquit

663 1842 943 1904 Christus,
1024 1843 1154 1895 nihil
1204 1846 1407 1911 loquor,
1448 1842 1537 1896 sed
1569 1857 1885 1911 quicumque
1933 1842 2145 1894 audiero
2190 1857 2223 1893 a

668 1931 830 1986 Patre
859 1933 925 1987 ".
961 1930 1115 1998 Quod
1157 1943 1339 1987 autem
1364 1932 1621 1988 Christus
1651 1935 1826 1987 virtus
1858 1933 1948 1986 Dei
1984 1933 2222 1998 dicatur,

664 2020 966 2090 Apostolus
1012 2024 1219 2087 docuit,
1257 2023 1449 2078 dicens
1498 2023 1566 2078 de
1595 2037 1681 2087 eo,
1720 2023 1867 2093 qubd
1910 2022 2000 2077 Dei
2052 2024 2226 2078 virtus

661 2119 743 2163 est
776 2119 830 2162 et
867 2110 962 2164 Dei
996 2111 1265 2179 sapientia
1298 2111 1365 2165 ⁸⁸.

733 2197 1000 2267 Conﬁrma
1037 2200 1155 2263 hoc,
1193 2200 1350 2264 Deus,
1380 2202 1518 2270 quod
1548 2211 1797 2270 operatus
1834 2217 1887 2254 es
1922 2201 1975 2253 in
1997 2199 2165 2266 nobis,
2194 2216 2226 2253 a

662 2294 851 2361 templo
873 2302 958 2345 tuo
976 2294 1028 2344 in
1053 2290 1370 2347 Jerusalem.
1394 2292 1514 2347 "ac
1536 2294 1600 2347 ad
1626 2292 1815 2346 Filium
1831 2291 1974 2346 dicta
1998 2302 2146 2353 sunt,
2168 2299 2228 2345 ut

665 2384 937 2453 Evangelii
974 2384 1439 2453 praedicationem,
1469 2386 1613 2452 quod
1648 2384 1702 2437 in
1735 2399 1857 2445 nos,
1890 2382 1971 2435 vel
1999 2392 2223 2452 propter

663 2493 766 2531 nos
807 2488 1069 2546 operatus
1110 2487 1216 2541 est,
1255 2476 1575 2531 validiorem
1609 2491 1672 2538 ac
1705 2475 2070 2545 potentiorem
2105 2474 2228 2529 red-

662 2569 777 2623 dat.
816 2568 911 2623 Vel
941 2572 1203 2623 coutirma
1246 2569 1392 2638 quod
1420 2580 1680 2638 operatus
1716 2584 1775 2623 es
1820 2583 1849 2620 a
1876 2568 2077 2635 templo
2107 2577 2223 2634 tuo,

668 2663 773 2714 hoc
807 2671 911 2726 est,
954 2665 1098 2733 quod
1151 2663 1427 2731 pet-fecisti
1467 2678 1560 2728 per
1597 2672 1934 2730 assumptam
1971 2660 2224 2714 humani-

663 2760 857 2816 tatem,
893 2768 1011 2823 quaz
1041 2755 1305 2822 templum
1339 2754 1564 2819 dieitur,
1597 2769 1661 2809 ac
1701 2753 2113 2808 tabernaculum
2145 2754 2228 2809 di-

661 2844 929 2897 vinitatis.
961 2844 1094 2898 Nam
1120 2844 1264 2913 quod
1293 2843 1449 2908 ait,‘A
1473 2844 1663 2913 templo
1691 2852 1803 2907 tuo,
1826 2842 2223 2912 exponi‘debet,

662 2935 766 2988 l’er
795 2934 1050 3003 templum
1085 2945 1237 2987 tuum
1275 2952 1288 2989 :
1323 2934 1466 3004 quod
1495 2935 1776 3004 templum,
1803 2933 1908 2987 hoc
1938 2941 2042 2997 est,
2076 2932 2225 3002 quod

666 3037 1063 3095 eorpustuum,
1096 3026 1360 3079 habitavit
1397 3034 1450 3080 et
1475 3025 1863 3095 pradicavitin
1885 3022 2221 3080 Jerusalem:

2326 568 2600 629 Ματοαῖος
2625 570 2718 621 καὶ
2752 568 3039 633 Ἰάκωϐος,
3063 570 3091 621 ὁ
3122 567 3215 621 τοῦ
3244 566 3522 636 Ἁλφαίου,
3547 569 3607 621 ἐν
3646 568 3893 639 Rump-

2325 662 2501 730 ναοὺμ
2537 660 2745 729 διάγειν
2786 659 3119 730 ἱστοροῦνται
3144 676 3159 691 ·
3201 659 3385 727 Σίμων
3449 657 3506 711 δὲ
3548 659 3577 710 ὁ
3630 658 3893 730 Ζηλωτὴς

2326 750 2636 821 Κανανίτης
2669 751 2743 805 ὢν
2770 750 3239 821 ἐτύγχανε.Ταοτὶ
3265 750 3323 802 δὲ
3356 750 3532 805 πάντα
3565 752 3740 823 χωρία
3784 752 3897 824 τῆς

2323 838 2792 914 Γαλιλαίαςῆσαν.
2844 842 2908 896 Ἦ
2936 841 2992 894 δὲ
3027 841 3289 894 Γαλιλαία
3327 841 3404 912 τῷ
3444 842 3728 895 Ζαῦουλὼν
3788 843 3897 896 καὶ

2322 931 2400 1002 τῷ
2429 931 2750 1002 Νεφθαλεὶμ
2787 931 3209 1002 ὲκληροδοτήθη.
3242 931 3353 984 Καὶ
3389 933 3438 984 οἱ
3470 931 3619 984 ἄλλοι
3648 931 3705 984 δὲ
3720 932 3895 985 πάλιν

2323 1022 2514 1078 ἐκτῶν
2551 1023 2808 1078 τοιούτων
2878 1023 3178 1093 ὥρμηντο.⁸
3212 1022 3513 1092 ’Λρχοντας
3575 1021 3631 1074 δὲ
3687 1019 3895 1082 αὐτοὺς

2322 1111 2500 1182 εἶπεν,
2536 1116 2634 1185 ούχ
2672 1116 2746 1178 ὼς
2779 1115 3078 1186 ’ἄρχοντας
3124 1114 3236 1167 τῶν
3290 1114 3585 1183 πατρίδων,
3631 1110 3777 1193 ἀλλ’,
3806 1113 3894 1174 ὡς

2324 1210 2640 1279 ἐξαιρέτους
2665 1209 2760 1262 καὶ
2786 1208 3172 1278 τιμιωτέρους,
3211 1207 3301 1260 διὰ
3322 1206 3421 1277 τὴν
3485 1205 3723 1277 ψυχικὴν
3793 1205 3897 1257 εὐ-

2324 1302 2645 1373 γένειανθῆ
2711 1302 2977 1371 ἄρχοντας
3048 1299 3107 1365 ἐξ
3184 1298 3376 1361 Ἰούδα,
3463 1298 3559 1349 καὶ
3620 1297 3895 1366 ἄρχοντας

2326 1396 2390 1448 ὲκ
2414 1392 2723 1457 Ζαϐουλὼν,
2750 1394 2846 1446 καὶ
2872 1392 3135 1462 ἄρχοντας
3167 1390 3231 1443 ἐκ
3284 1387 3608 1458 Νεφθαλείμ
3630 1403 3645 1419 ·
3686 1387 3894 1453 ἔξωθεν

2325 1485 2390 1538 λα
2398 1485 2742 1555 μϐανομένης
2791 1460 2888 1554 τῆξ
2912 1460 2922 1462 ἡ
2946 1460 3289 1553 ίπροθὲσεως.
3648 1506 3649 1509 η

2402 1578 2726 1640 Ἐντειλαι,
2754 1577 2785 1629 ό
2820 1574 2984 1638 Θεὸς,
3007 1570 3081 1641 τῇ
3106 1570 3355 1641 δυνάμει
3377 1584 3514 1624 σου.
3550 1567 3721 1622 Τοῦτο
3751 1567 3893 1636 πρὸς

2328 1670 2417 1723 τὸν
2475 1668 2715 1739 Πατέρα,
2748 1668 2836 1720 ἵνα
2885 1665 3187 1735 ἐντείληται
3223 1666 3302 1733 τῷ
3341 1663 3456 1733 Υίῷ
3486 1662 3557 1715 τὰ
3617 1660 3743 1733 περὶ
3789 1658 3893 1713 τοῦ

2333 1761 2711 1832 κηρύγματος.
2782 1758 2912 1812 Ἀπ’
2954 1755 3214 1826 ἐμαυτοῦ
3265 1756 3394 1826 γὰρ,
3466 1753 3654 1822 φησιν,
3708 1750 3897 1806 οὐδὲν

2326 1851 2497 1906 λαλῶ
2530 1867 2544 1882 ·
2580 1852 2717 1906 ἀλλ’
2748 1849 2866 1905 ὅσα
2902 1847 2980 1903 ἂν
3005 1849 3249 1903 ἀκούσω
3275 1846 3433 1914 παρὰ
3471 1842 3579 1898 τοῦ
3631 1843 3892 1911 Πατρός.

2327 1944 2561 2014 Χριστὸς
2590 1942 2648 1996 δὲ
2673 1940 2807 1996 Θεοῦ
2832 1940 3060 2011 δύναμις
3088 1939 3185 1993 καὶ
3221 1938 3356 1991 θεοῦ
3386 1938 3571 2007 σοφία.

2395 2198 2782 2267 Avi-dprecor,
2827 2200 2859 2251 ὁ
2919 2195 3081 2261 Θεὸς,
3134 2195 3309 2249 τοῦτο
3338 2195 3369 2248 ὃ
3408 2194 3776 2264 κατειργάσω
3821 2192 3894 2246 ἐν

2326 2291 2491 2359 ἡμῖν,
2528 2291 2646 2344 ἀ.τύ
2682 2290 2785 2344 τοῦ
2814 2289 2961 2343 ναοῦ
2989 2305 3105 2342 σου
3136 2288 3235 2341 ἐπὶ
3277 2288 3686 2354 Ἰερουσαλήμ.
3716 2286 3923 2339 Τοῦτο·
3999 2292 4022 2313 ⁸

2326 2381 2463 2450 πρὸς
2504 2380 2594 2432 τὸν
2623 2380 2772 2445 Υἱὸν,
2808 2381 2893 2432 ἵνα
2916 2376 3236 2450 κραταιώσῃ
3273 2380 3333 2431 τὸ
3357 2379 3620 2448 κήρυγμα
3637 2376 3733 2430 τοῦ
3784 2377 3893 2429 Εὑ-

2328 2472 2586 2540 αγγελίου
2614 2486 2628 2500 ·
2672 2472 2699 2523 ὃ
2739 2471 3141 2540 κατειργάσατο
3174 2473 3256 2534 είς
3308 2471 3475 2539 ἡμᾶς,
3512 2470 3544 2539 ἢ
3602 2469 3673 2521 δι’
3716 2469 3892 2539 ἡμᾶς.

2326 2561 2745 2630 Κατειργάσατο
2775 2550 3166 2624 δὲ,⁴τουτέστιν
3202 2561 3477 2632 ἀπήρτισε
3544 2557 3724 2624 τοῦτο,
3795 2557 3892 2612 διὰ

2324 2654 2419 2707 τοῦ
2462 2655 2893 2727 προσλήμματος
2913 2651 3098 2706 αὐτοῦ.
3157 2651 3327 2704 Τοῦτο
3380 2651 3489 2720 γὰρ
3551 2649 3731 2715 Haec,
3793 2648 3893 2702 καὶ

2326 2747 2591 2815 σκήνωμα
2625 2744 2725 2813 τῆς
2755 2743 3027 2813 Θεότητος.
3066 2739 3210 2795 Ἀπὸ
3248 2739 3353 2794 τοῦ
3402 2738 3552 2793 ναοῦ
3598 2754 3716 2791 σου
3752 2739 3890 2808 γὰρ,

2324 2837 2443 2890 ἀντὶ
2468 2837 2580 2901 τοῦ,
2608 2837 2708 2888 Διὰ
2732 2834 2826 2888 τοῦ
2855 2833 2982 2888 ναοῦ
3026 2850 3141 2899 σου,
3211 2819 3307 2886 τού
3372 2833 3467 2883 ἐπὶ
3530 2831 3893 2903 Ἰερουσαλὴμ

2322 2929 2763 2999 ἀναστραφέντος
2813 2927 2906 2979 καὶ
2954 2925 3287 2995 κηρύξαντος
3315 2939 3328 2953 ·
3372 2923 3507 2976 Ἐπὶ
3552 2922 3707 2976 Σιὼν
3751 2924 3888 2993 γὰρ,

2324 3021 2476 3091 φησὶ,
2505 3018 2571 3073 τὸ
2598 3019 2735 3087 ὄρος
2782 3020 2845 3072 τὸ
2906 3017 3077 3088 ἅγιον
3125 3016 3333 3081 αὑτοῦ,
3380 3013 3755 3085 διαγγέλλων
3815 3015 3887 3069 τὸ

664 3117 780 3185 Ego
809 3118 967 3182 enim,
1003 3118 1207 3185 inquit,
1243 3120 1561 3171 constitutus
1595 3134 1710 3171 sum
1749 3117 1857 3170 Rea:
1883 3115 1947 3168 ab
1982 3132 2040 3168 eo
2071 3131 2227 3183 super

2330 3112 2677 3180 πρόσταγμα
2699 3109 2938 3178 Κυρίου.

662 3206 791 3262 Sion
832 3216 1058 3262 montem
1105 3221 1346 3263 sanctum
1401 3209 1538 3274 eius,
1569 3208 1860 3275 pra'dicans
1910 3217 2222 3273 prwceptum

663 3300 778 3368 (jus
818 3300 885 3353 ".
1222 3280 1229 3286 θ
2053 3303 2067 3317 ·

736 3390 850 3444 Tibi
885 3384 1103 3458 oﬁ‘erent
1167 3406 1312 3459 reges
1367 3406 1608 3445 munera.
1661 3390 1912 3446 Gentium
1955 3392 2216 3447 nimirum

662 3499 839 3553 reges.
892 3483 1113 3537 Munera
1170 3461 1374 3545 autem;
1420 3497 1544 3551 quae
1586 3482 1905 3535 obtulerunt
1940 3482 1993 3536 hi
2043 3497 2222 3554 reges,

664 3579 862 3646 templa
903 3584 1053 3641 sunt,
1085 3585 1139 3629 et
1173 3574 1376 3644 prtedia
1407 3573 1516 3628 Deo
1557 3573 1763 3638 dicata,
1810 3581 1863 3627 et
1914 3575 2065 3641 varia
2110 3576 2219 3629 alia

665 3669 804 3720 dona
845 3667 913 3719 ab
944 3667 1024 3720 eis
1060 3664 1247 3717 divino
1276 3663 1448 3716 cultui
1489 3664 1576 3731 pie
1627 3664 1832 3741 oblata.
1884 3662 2006 3718 Han:
2042 3674 2220 3720 autem

667 3772 893 3811 munera
944 3756 1128 3809 statim
1158 3753 1408 3817 oﬂ'ereut,
1444 3760 1579 3807 cum
1606 3755 1840 3823 primum
1870 3765 1919 3809 te
1942 3757 2223 3811 immorta-

663 3849 768 3903 lem
828 3863 1021 3901 eorum
1078 3861 1201 3900 csse
1265 3844 1488 3913 Regem,
1530 3853 1583 3899 et
1632 3844 1800 3900 Deum
1847 3849 2222 3916 cognoverint.

666 3939 991 4005 Quanquam
1033 3947 1087 3991 et
1130 3939 1420 4010 itnmutato
1451 3938 1851 4011 versiculorum
1884 3940 2097 4005 ordine,
2126 3939 2229 3993 ali-

669 4038 749 4081 ter
777 4028 1050 4095 possimus
1108 4039 1405 4092 exponere,
1461 4034 1518 4076 ut
1576 4041 1772 4081 sensus
1830 4028 2228 4097 sit:~Ab;hoc

671 4120 919 4171 terrestri
960 4127 1055 4171 tuo
1103 4117 1329 4186 templo,
1384 4130 1540 4186 reges
1598 4116 1773 4172 ferent
1830 4119 1925 4173 tibi
1974 4121 2135 4185 dona,
2170 4122 2226 4175 in

671 4223 964 4277 supernam
1000 4206 1306 4261 Jerusalem
1336 4224 1351 4262 :
1378 4208 1505 4275 quia
1538 4223 1633 4275 per
1658 4212 1996 4264 terrestrium
2031 4213 2225 4265 horum

674 4319 965 4357 tmmerum
1028 4302 1708 4378 oblationemaaccessum
1742 4313 1796 4358 et
1830 4306 2057 4374 gratiam
2085 4306 2226 4375 apud

671 4397 838 4448 Deum
866 4395 918 4447 in
952 4394 1091 4449 coelo
1131 4404 1564 4462 consequentur.

744 4482 904 4537 Vnus.
940 4485 1029 4536 3i.
1064 4482 1282 4550 Increpa
1317 4459 1457 4551 feras
1497 4484 1795 4537 arundinis.
1843 4482 1950 4538 Fac
1976 4486 2231 4540 obmule-
2258 4459 2308 4519 υ

671 4590 848 4637 scere.
876 4576 1071 4643 inquit,
1115 4575 1514 4627 intellectuales
1569 4579 1806 4629 leones:
1859 4574 2096 4630 immites
2154 4576 2239 4629 ni-

672 4667 867 4719 mirum
902 4681 965 4719 ac
997 4680 1174 4720 saevos
1222 4667 1518 4731 daemones,
1552 4665 1644 4735 qui
1684 4665 2090 4734 velutiquidam
2131 4667 2245 4723 leo-

683 4772 780 4809 nes
812 4757 864 4808 iu
928 4755 1287 4809 arundinibus
1322 4756 1512 4819 latent,
1536 4756 1664 4808 dum
1706 4756 1760 4809 in
1798 4756 2013 4811 levitate
2042 4772 2105 4811 ac
2133 4767 2245 4813 ste-

678 4848 875 4900 rilitate
919 4844 1442 4914 iustabilium'atque
1472 4847 1902 4901 inconstantiam
1928 4847 1982 4900 in
2014 4847 2115 4902 ﬁde
2138 4848 2241 4902 ho-

675 4938 906 4999 minum,
934 4938 1169 4991 latebras
1202 4951 1265 4990 ac
1293 4936 1451 4990 nidos
1486 4952 1615 4991 suos
1642 4936 1846 4992 faciunt
1884 4938 2073 5006 :j'uxta
2098 4939 2241 5007 quod

675 5025 741 5078 de
774 5025 993 5078 diabolo
1042 5016 1312 5094 seriptutn‘
1358 5027 1589 5095 legimus
1632 5027 1773 5095 apud
1841 5026 2058 5081 beatum
2110 5027 2235 5090 Job,

676 5114 820 5185 quod
848 5117 941 5167 sub
974 5117 1113 5169 omni
1150 5115 1347 5168 dormit
1405 5116 1613 5171 arbore.
1642 5120 1779 5185 apud
1814 5117 2145 5182 arundinem,
2195 5125 2244 5170 et

672 5224 951 5275 papyrum,
987 5215 1035 5261 et
1090 5210 1315 5261 caricem
1346 5208 1411 5262 °°.
1461 5205 1781 5274 llujusmodi
1810 5209 2010 5262 etenim
2039 5223 2243 5263 sermo-

678 5313 745 5352 ne
784 5336 799 5361 ,
858 5298 1199 5366 requiescere
1269 5299 1568 5352 daemonem
1644 5298 1993 5367 intelligimus
2060 5301 2113 5353 in
2173 5299 2240 5352 iis

678 5389 1012 5452 hominibus,
1052 5393 1142 5457 qui
1168 5389 1499 5458 plantarum,
1541 5405 1678 5458 quas
1705 5405 1873 5459 supra
1910 5407 2242 5446 commemo-

680 5491 920 5544 ravimus
976 5490 1340 5558 proprietates
1390 5497 1611 5543 servant
1649 5506 1661 5541 :
1698 5488 1791 5556 qui
1847 5488 2055 5541 scilicet
2104 5489 2241 5542 aridi
2281 5497 2426 5551 sunt,
2453 5490 2517 5542 ad
2552 5489 2800 5561 ferendas
2828 5488 3078 5556 virtutes,

2386 3390 2485 3444 Σοὶ
2520 3391 2763 3444 οἴσουσι
2784 3390 3064 3457 βασιλεῖς
3120 3391 3300 3459 δῶρα.
3357 3393 3423 3445 Ol
3476 3392 3714 3462 βασιλεῖς
3778 3393 3895 3447 τῶν

2327 3480 2642 3550 ἅπανταχοῦ
2660 3480 2850 3534 ὲθνῶν.
2867 3479 3024 3549 Δῶρα
3047 3481 3105 3533 δὲ
3127 3482 3176 3534 οί
3218 3481 3358 3547 ναοὶ,
3408 3483 3502 3537 καὶ
3525 3482 3593 3536 τὰ
3622 3482 3893 3556 καθιερω-

2327 3573 2485 3626 Θέντα
2518 3572 2727 3636 τούτοις
2755 3574 2952 3643 χωρία,
2973 3559 3068 3627 καὶ
3097 3573 3164 3626 τὰ
3200 3575 3516 3629 παντοδαπὰ
3537 3577 3895 3646 ἀναθήματα.

2328 3666 2548 3718 Οίσουσι
2576 3666 2634 3719 δὲ
2678 3666 2870 3731 ταῦτα,
2913 3667 3225 3733 ἐπιγνόντες
3291 3668 3349 3720 σὲ
3401 3667 3627 3737 βασιλέα
3683 3668 3899 3721 ἑαυτῶν

2328 3756 2617 3823 ἀθάνατον,
2677 3759 2753 3819 ὠς
2804 3758 2958 3811 Θεόν.
3016 3760 3237 3811 Νοείται
3294 3759 3350 3811 δὲ
3406 3762 3499 3812 καὶ
3536 3758 3709 3823 ἄλλως
3764 3760 3897 3814 κατ’

2327 3847 2627 3917 ἐναλλαγὴν
2671 3848 2781 3901 τῶν
2826 3849 3031 3918 ῥητῶν,
3093 3850 3175 3901 ὅτι
3214 3849 3349 3903 Ἀπὸ
3369 3848 3461 3901 τοῦ
3508 3851 3651 3902 κατὰ
3708 3848 3901 3921 χώραν

2330 3937 2456 3991 ναοῦ
2472 3955 2564 3990 σου
2591 3938 2685 3989 ἐπὶ
2714 3938 2813 4006 τὴν
2844 3937 2955 3991 ἄνω
2985 3937 3357 4009 Ἰερουσαλὴμ,
3380 3939 3589 3993 οῖσουσί
3612 3955 3694 3991 σοι
3719 3940 3900 4009 δῶρα,

2328 4031 2376 4081 οἱ
2409 4028 2666 4097 βασιλεῖς.
2705 4030 2830 4093 Τοῖς
2851 4030 2962 4099 γὰρ
2986 4032 3136 4093 ναοῖς
3176 4029 3447 4100 αἰσθητῶς
3472 4031 3542 4083 τὰ
3580 4029 3732 4100 δῶρα
3796 4046 3902 4083 κο-

2332 4120 2603 4189 μίζοντες,
2636 4120 2845 4191 νοητῶς
2867 4121 2936 4174 δι’
2952 4120 3133 4176 αὐτῶν
3156 4124 3237 4185 είς
3256 4123 3349 4174 τὸν
3370 4122 3598 4191 οὐρανὸν
3629 4121 3905 4190 ἀνάγουσι

2327 4213 2426 4281 τὴν
2464 4214 2850 4283 προσαγωγὴν,
2887 4214 2981 4266 καὶ
3007 4213 3166 4283 χάριν
3208 4212 3315 4283 τῷν
3338 4213 3546 4284 δώρων.

2424 4476 2819 4546 Ἐπιτίμησον
2846 4477 2968 4544 τοῖς
2995 4478 3217 4547 θηρίοις
3243 4478 3349 4533 τοῦ
3386 4470 3907 4550 καλάμουξφίμω-

2350 4584 2439 4619 σον
2489 4569 2614 4630 τοὺς
2672 4570 2891 4638 νοητοὺς
2944 4570 3243 4639 δαίμονας·
3291 4572 3465 4624 είτουν
3502 4573 3630 4631 τοὺς
3668 4572 3908 4642 ἀγρίους

2343 4660 2439 4714 καὶ
2467 4662 2695 4731 ἀπηνεῖς
2739 4662 3023 4733 δαίμονας,
3066 4662 3263 4725 οἵτινες
3294 4662 3368 4727 ὡς
3398 4662 3648 4732 αίσθητοὶ
3673 4664 3910 4730 λέοντες

2342 4750 2595 4818 καλάμῳ,
2663 4749 2833 4812 οὕτως
2904 4752 3281 4820 ὲμφωλεύουσι
3336 4754 3402 4821 τῇ
3456 4754 3750 4823 κουφότητι
3798 4756 3909 4808 καὶ

2347 4842 2599 4911 ἀκαρπίᾳ
2645 4842 2752 4894 τῶν
2811 4842 3157 4912 ἀστηρίκτων
3224 4845 3300 4905 είς
3356 4845 3539 4897 πίστιν
3566 4845 3905 4914 ἀνθρώπων.

2339 4933 2475 5000 Φησὶ
2526 4934 2580 4985 δὲ
2621 4933 2713 4985 καὶ
2756 4933 2875 4987 Ἰὼϐ
2901 4935 3029 5003 περὶ
3074 4934 3167 4986 τοῦ
3210 4935 3457 4989 διαϐόλου
3490 4936 3663 4998 οὕτως
3689 4951 3701 4963 ·
3746 4934 3907 4991 ’Υπὸ

2342 5024 2474 5078 ττιὶνι
2498 5025 2747 5094 δένδρον
2768 5027 3057 5096 κοιμᾶται,
3086 5004 3243 5096 iapix
3258 5030 3548 5099 κάλαμον,
3569 5028 3669 5082 καί
3697 5030 3827 5083 πὰπ
3838 5048 3910 5083 υ-

2338 5134 2473 5183 ίον,
2520 5120 2616 5171 καί
2668 5120 2994 5186 βούτομον,
3024 5120 3198 5189 δηλῶν
3230 5123 3310 5174 ὅτι
3346 5120 3755 5175 ὲπαναπαύεται
3782 5122 3911 5183 τοίς

2348 5210 2529 5278 ἔχουσι
2574 5211 2671 5272 τὰς
2729 5210 2996 5278 ἰδιότητας
3015 5211 3120 5265 τῶν
3150 5212 3458 5283 είρημένων
3504 5213 3704 5280 φυτῶν,
3736 5211 3913 5279 ξηρό-

2344 5318 2482 5368 τητα
2522 5304 2654 5373 πρὸς
2688 5301 2907 5371 ἀρετὴν,
2934 5304 3025 5357 καὶ
3050 5303 3324 5373 ὑγρότητα
3362 5303 3499 5373 πρὸς
3547 5302 3865 5375 φιληδονίαν
3886 5316 3905 5333 ·

2344 5392 2566 5444 τοιαῦτα
2595 5396 2704 5463 γὰρ
2731 5396 2758 5444 ὸ
2783 5393 3029 5461 πάπυρος
3059 5395 3153 5447 καὶ
3192 5395 3253 5447 τὸ
3281 5393 3559 5465 βούτομον.

3042 5472 3078 5556 ὲ,
3163 5500 3215 5545 et
3260 5491 3354 5562 qui
3421 5503 3646 5546 succum
3735 5498 3913 5560 atque

681 5583 961 5636 humorem
1004 5584 1230 5636 multum
1264 5584 1463 5638 habent
1497 5585 1562 5653 ad
1626 5580 1943 5637 nutriendos
1983 5584 2311 5652 voluptates.
2342 5582 2676 5652 -llujusmodi
2739 5586 2937 5641 etenim
2996 5586 3341 5656 proprietatis
3397 5596 3450 5643 et
3499 5593 3707 5641 natura:
3775 5596 3915 5644 sunt

683 5686 917 5742 papyrus
949 5685 999 5726 et
1040 5690 1221 5728 carex.

754 5784 795 5823 ετ
823 5780 977 5841 Joan.
1017 5801 1126 5851 xiv,
1170 5788 1249 5840 l0.
1328 5789 1372 5821 ⁸⁸
1408 5787 1574 5844 lCor.
1622 5807 1658 5857 I,
1691 5791 1781 5845 24.
1856 5792 1900 5826 ⁸⁸
1930 5790 2071 5848 Ρειιιυ
2118 5810 2173 5859 ιι»
2209 5795 2260 5849 δ·

2373 5794 2546 5853 ⁶⁰,.Ιυὶ›
2573 5809 2657 5856 3L,
2694 5792 2777 5846 lG.
