4124 6326
627 431 731 496 719

1823 412 2200 487 EUTHYMlI
2227 423 2583 483 ZlGABENI

3695 431 3803 498 720

695 549 762 607 Et
792 560 1066 600 conversus
1097 541 1392 596 consolatus
1418 557 1470 594 es
1511 556 1613 602 me,
1644 549 1692 592 et
1731 553 1794 592 ex
1822 539 2026 608 abyssis
2055 549 2160 590 tcr-
2197 546 2219 600 Α

2338 539 2445 590 Καὶ
2475 537 2848 606 ἐπιστρέψας
2865 577 2880 604 ,
2905 541 3321 610 παρεκάλεσάς
3347 563 3442 612 με,
3469 546 3566 600 και
3593 547 3662 601 ἐκ
3689 564 3812 605 των

634 653 708 692 ra:
736 638 924 691 iterum
973 635 1226 690 reduxisti
1259 648 1358 687 me;
1407 634 1580 686 Verba
1611 633 1721 685 haec
1770 634 1869 686 soli
1927 633 2160 685 lidrlimn

631 729 830 797 populo
863 736 1006 782 recte
1033 725 1527 788 accommodantur,
1553 739 1709 792 quem
1739 723 1796 798 in
1855 723 2170 790 ignorantiae

629 824 786 886 atque
821 818 872 870 in
917 817 1183 871 idolorum
1230 815 1465 869 tenebris
1509 814 1634 866 olim
1678 822 1946 867 errantem
2006 813 2166 865 Clui-

628 917 745 961 stus
771 907 1058 969 convertit,
1090 913 1141 959 et
1170 905 1449 959 advocavit
1479 904 1529 957 in
1559 904 1806 964 salutem,
1843 911 1895 956 et
1923 903 2170 958 consola-

627 1008 715 1052 tus
741 1006 823 1051 est
851 1012 972 1050 eum
1002 996 1184 1050 dicens
1210 1012 1223 1048 :
1272 993 1449 1048 Venite
1474 996 1540 1047 ad
1572 1010 1650 1046 me
1703 1000 1876 1046 omnes
1903 993 1989 1061 qui
2026 991 2170 1044 labo-

630 1088 784 1149 ratis,
811 1097 856 1139 et
885 1086 1085 1159 onerati
1113 1087 1254 1150 estis,
1278 1095 1325 1138 et
1357 1101 1446 1150 ego
1479 1085 1734 1152 quiescere
1762 1099 1846 1136 vos
1880 1083 2074 1148 faciam
2098 1082 2166 1135 ".

630 1173 796 1239 Quem
829 1177 987 1228 etiam
1009 1175 1162 1243 juxta
1197 1177 1376 1228 carnis
1402 1186 1648 1227 naturam
1678 1182 1947 1226 mortuum
1983 1172 2170 1226 eduxit

637 1265 896 1319 Dominus
917 1280 947 1318 e
975 1262 1270 1333 sepultura.
1298 1265 1428 1318 Nam
1465 1264 1590 1316 dum
1615 1279 1811 1332 corpus
1839 1279 1994 1317 suum
2015 1261 2173 1316 Chri-

632 1362 751 1409 stus
784 1363 1054 1408 mortuum
1089 1354 1410 1418 viviﬁcavit,
1461 1362 1514 1407 et
1547 1369 1824 1422 resurgere
1878 1352 2053 1406 fecite
2089 1367 2174 1408 sc-

629 1446 869 1514 pultura,
902 1456 1057 1513 atque
1098 1445 1499 1500 immortalitate
1528 1444 1764 1508 donavit,
1784 1453 2172 1513 consequenter

630 1537 792 1590 etiam
825 1536 1128 1602 omnibuSp
1153 1537 1250 1606 qui
1293 1536 1475 1591 divina
1510 1538 1677 1607 gratia
1709 1536 1856 1606 digni
1896 1547 2043 1598 sunt,
2074 1538 2173 1589 hu-

628 1628 858 1689 jnsmodi
907 1629 1359 1683 resurrectionem
1403 1628 1580 1684 eﬂecit
1620 1644 1742 1684 esse
1784 1643 2169 1683 communem:

629 1717 774 1787 quod
816 1734 880 1772 ex
934 1718 1218 1772 verborum
1265 1721 1424 1773 etiam
1451 1721 1795 1788 repetitione
1823 1720 2170 1789 perspicuum

629 1821 750 1860 esse
783 1813 983 1875 potest.
1015 1805 1202 1874 Neque
1235 1807 1377 1860 enim
1425 1807 1539 1860 haec
1568 1808 1726 1861 verba
1761 1806 2033 1876 superﬂue
2086 1820 2172 1859 re-
2216 1819 2219 1823 ·

2266 627 2553 681 ἀϐύσσων
2584 628 2692 696 τῆς
2714 629 2825 698 τῆς
2861 633 3046 685 πάλιν
3072 633 3370 703 ἀνήγατές
3393 654 3490 704 με.
3527 638 3710 692 Ταῦτα
3733 640 3817 708 τῷ

2273 721 2381 789 λαῷ
2398 721 2505 772 τῶν
2520 721 2861 789 Χριστιανῶν
2887 722 3184 790 ἁρμόζουσι
3215 725 3384 794 μόνῳ,
3400 727 3458 778 ὃν
3480 727 3812 798 ἐπιστρέψας

2268 811 2618 880 πλανώμενον
2665 812 2720 863 ὲν
2751 811 2943 881 ἀγνοίᾳ
2992 813 3082 865 καὶ
3116 813 3528 885 εἰδωλολατρειᾳ
3564 821 3816 886 παρεκά-

2266 901 2420 954 λεσεν
2467 905 2545 964 εἰς
2595 901 2902 970 σωτηρίανο
2938 903 3019 954 ἐτι
3050 902 3106 956 δὲ
3135 904 3230 956 καὶ
3273 907 3680 975 παρηγόρησεν,
3735 911 3816 960 εἰ-

2269 992 2416 1044 πών·
2466 993 2644 1045 Δεῦτε
2672 993 2816 1058 πρός
2845 1009 2940 1060 με,
2993 993 3212 1060 πάντες
3265 1000 3319 1049 οι
3371 996 3690 1064 κοπιῶντες
3712 999 3814 1052 καὶ

2269 1081 2749 1149 πεφορτισμένοι,
2782 1081 2943 1147 κάγὼ
2967 1081 3296 1137 ἀναπαύσω
3322 1085 3476 1154 ὑμᾶς
3495 1102 3510 1117 σ
3568 1089 3656 1140 καὶ
3678 1090 3817 1141 ἁπο-

2272 1167 2498 1222 θανόντα
2531 1172 2670 1223 κατὰ
2700 1171 2858 1238 φύσιν
2881 1173 2976 1241 τῆς
3000 1175 3200 1242 σαρκὸς
3234 1177 3399 1230 πάλιν
3451 1160 3719 1247 ἀνήγαγεν
3749 1181 3835 1232 ἐκ·

2272 1259 2378 1310 τῶν
2409 1261 2593 1329 τὰφων
2614 1277 2627 1291 ⁸
2653 1261 2880 1326 ζωώσας
2903 1263 3009 1334 γὰρ
3033 1264 3094 1317 τὸ
3123 1267 3392 1338 νεκρωθὲν
3427 1270 3590 1322 αὑτοῦ
3631 1270 3813 1340 σῶμα,

2270 1352 2365 1402 καὶ
2391 1351 2718 1420 ἀναστήσας,
2755 1355 2846 1406 καὶ
2879 1355 3309 1420 ἁπαθανατίσας,
3363 1359 3463 1428 ἥδη
3510 1361 3646 1414 πᾶσι
3699 1364 3816 1423 τοῖς

2271 1437 2441 1504 ἀξίοις
2498 1441 2662 1493 αὐτοῦ
2723 1442 2822 1513 τὴν
2851 1445 3104 1514 τοιαύτην
3149 1447 3442 1501 ἀνάστασιν
3484 1450 3813 1520 ἐχαρίσατοο

2271 1533 2366 1584 καὶ
2393 1533 2550 1584 τοῦτο
2592 1532 2753 1601 δῆλον
2783 1535 2887 1587 ἀπὸ
2917 1536 3017 1604 τῆς
3054 1537 3316 1607 δοκούσης
3349 1539 3721 1607 παλιλλογίας,
3749 1540 3813 1592 οὐ

2274 1621 2562 1691 περιττῶς,
2589 1621 2725 1677 ἁλλὰ
2755 1623 2844 1677 διὰ
2869 1624 3026 1678 τοῦτο
3057 1622 3336 1699 κειμένης.
3370 1629 3580 1694 Ἀλλως
3613 1649 3672 1684 τε
3721 1633 3819 1684 καὶ

2271 1712 2331 1764 τδ
2390 1713 2569 1781 πάλιν,
2627 1715 2913 1788 ἐπίρρημα
2972 1720 3362 1788 προσκείμενον
3407 1723 3657 1790 ἐνταῦθα,
3715 1726 3819 1793 τὴν

2273 1805 2630 1876 παραλλαγὴν
2653 1810 2882 1877 ἐνέφηνε
2912 1810 3005 1862 τοῦ
3034 1813 3320 1878 νοήματος.

563 1941 568 1945 .
628 1899 788 1967 petita
821 1899 985 1954 videri
1018 1900 1249 1965 debent,
1289 1899 1384 1952 sed
1427 1899 1562 1953 illud
1590 1902 1864 1964 denotare,
1897 1898 2040 1970 quod
2071 1897 2331 1964 diximus,
2364 1901 2666 1969 praesertim
2697 1915 2818 1955 cum
2883 1903 3068 1965 dictio,
3122 1907 3325 1968 iterum,
3396 1905 3494 1959 hoc
3563 1909 3615 1958 in
3692 1909 3812 1960 loco

625 1989 1056 2044 immutationem
1093 2004 1292 2045 sensus
1331 1991 1618 2060 signiﬁcet.

696 2127 905 2181 Etenim
952 2143 1044 2195 ego
1083 2125 1362 2193 conﬁtebor
1409 2126 1503 2179 tibi
1550 2128 1601 2178 in
1646 2127 1873 2195 populis,
1921 2111 2219 2180 Domine.‘

2336 2118 2444 2172 Kal
2476 2117 2586 2187 γὰρ
2624 2115 2737 2185 ἐγὼ
2767 2116 3282 2187 ἐξομολογήσομαι
3334 2135 3432 2174 σοι
3494 2121 3564 2174 ἐν
3615 2123 3808 2188 λαοῖς.

629 2218 911 2289 Stipe-rilua
933 2225 1035 2288 est,
1069 2218 1170 2272 hoc
1216 2219 1439 2281 inloco,
1485 2216 1649 2272 dictio
1702 2218 1858 2283 enim,
1905 2215 2165 2285 quemad-

617 2307 841 2362 modum
869 2308 1031 2360 etiam
1065 2307 1186 2360 aliis
1216 2307 1287 2359 in
1333 2307 1465 2360 locis
1497 2305 1834 2376 tradidimus.
1870 2306 1959 2360 Ait
1991 2307 2159 2376 igitur

625 2402 816 2453 beatus
847 2395 1038 2457 David,
1071 2395 1212 2464 quod
1258 2395 1516 2464 deinceps
1547 2403 1769 2451 acturus
1819 2406 1899 2450 est
1956 2399 2159 2466 gratias

625 2486 750 2551 Deo,
788 2489 838 2540 in
870 2486 1101 2563 populis,
1137 2501 1243 2539 non
1294 2486 1345 2540 in
1373 2501 1480 2539 uno
1511 2495 1716 2555 tantum
1743 2489 1956 2557 populo,
1990 2501 2163 2556 neque

624 2582 680 2633 fa
723 2577 852 2631 solis
901 2575 1272 2637 Jutlaeis,..sed
1317 2577 1378 2628 .in
1414 2576 1665 2629 omnibus
1696 2577 1964 2644 gentibus,
2019 2579 2162 2646 quod

627 2666 781 2722 etiam
815 2666 1154 2720 tnanilesﬁus
1182 2667 1481 2720 dicitcirca
1514 2669 1671 2720 linem
1703 2665 1892 2734 psalmi
1922 2681 2054 2719 xvu.

694 2864 856 2920 ῗειιε.
899 2865 985 2919 '29..
1030 2863 1092 2916 In
1125 2865 1261 2918 vasis
1294 2865 1485 2932 psalmi
1517 2866 1776 2917 veritatem
1805 2855 1976 2926 tuam,
2003 2867 2159 2918 Deus.
2215 2914 2225 2928 ,

624 2959 725 3010 l‘cr
749 2969 873 3008 vasa
901 2955 1115 3022 psalmi,
1143 2957 1288 3008 varia
1319 2955 1647 3008 musicorum
1682 2955 2158 3008 instrumentorum

625 3059 820 3112 genera
855 3041 1124 3111 intelligit.
1145 3041 1306 3096 Juxta
1325 3056 1599 3111 anagogen
1624 3057 1770 3105 vero,
1797 3057 1920 3095 vasa
1943 3042 2158 3110 psalmi,

628 3134 810 3187 tldeles
837 3147 1026 3185 attines
1076 3142 1240 3186 sunt:
1291 3147 1523 3201 quorum
1575 3134 1781 3185 animas
1813 3133 1865 3184 in
1895 3147 2158 3189 summam

628 3225 960 3278 harmoniam
1018 3237 1082 3278 ac
1143 3224 1553 3276 consonantiam
1611 3222 1943 3278 concinnans
2000 3231 2052 3277 et
2107 3224 2159 3276 in

633 3331 792 3368 .tnum
827 3313 1088 3381 colligens
1121 3311 1312 3366 beatus
1339 3310 1506 3365 David
1531 3321 1815 3380 perpetuas
1847 3311 1950 3365 Deo
1979 3311 2162 3367 laudes

623 3389 821 3473 psallit.
871 3403 913 3455 A
960 3403 1232 3456 communi
1283 3410 1476 3455 autem.
1515 3415 1678 3456 sensu
1723 3401 2039 3462 sumendum
2079 3408 2162 3456 est

2262 2209 2456 2276 Κύριε.
2506 2206 2759 2284 Περιττδς
2788 2203 2878 2260 οὖν
2912 2209 2940 2259 ὀ
2983 2209 3090 2276 τὰρ
3134 2209 3457 2279 σύνδεσμος,
3511 2213 3586 2276 ὡς
3617 2215 3710 2266 καὶ
3750 2218 3810 2266 ἐν

2261 2299 2442 2361 ἄλλοις
2501 2296 2990 2366 παραδεδώκαμεν.
3043 2299 3210 2367 Φησὶν
3264 2297 3354 2353 οῦν
3408 2303 3434 2352 ὁ
3487 2303 3671 2364 Δαόὶδ,
3727 2304 3812 2356 ὅτι

2263 2391 2464 2443 Λοιπὸν
2487 2387 2596 2457 ἐγὼ
2628 2390 3002 2460 εὐχαριστήσω
3031 2391 3086 2442 ἐν
3108 2390 3257 2452 λαοῖς
3280 2430 3294 2454 ,
3317 2373 3325 2386 ’
3351 2391 3445 2444 καὶ
3476 2395 3658 2446 οὐκὲν
3685 2395 3801 2462 λαῷ

2267 2483 2459 2550 μόνον·
2494 2482 2554 2534 οὐ
2599 2483 2705 2550 γὰρ
2735 2471 2793 2534 έν
2837 2480 3109 2544 Ἰουδαίοις
3141 2483 3322 2552 μόνον,
3374 2483 3488 2534 ἀλλ’
3534 2488 3592 2538 ὲν
3642 2488 3812 2538 πᾶσιν

2264 2573 2464 2628 ἔθνεσι.
2491 2573 2661 2625 Τοῦτο
2686 2572 2742 2624 δὲ
2776 2571 3104 2641 σαφέστερον
3129 2571 3350 2642 εἴρηκεν
3383 2572 3520 2643 πρὶς
3556 2573 3631 2643 τῷ
3663 2573 3784 2626 τέλε

2262 2665 2354 2717 τοῦ
2378 2664 2441 2728 ιζ’
2469 2662 2706 2734 ψαλμοῦ.

2341 2866 2445 2916 Ἐν
2499 2863 2745 2915 σκεύεσι
2789 2862 3032 2929 ψαλμοῦ
3065 2861 3177 2928 τήν
3229 2862 3522 2930 ἁλήθειὰιὲ⁸
3587 2881 3724 2927 σου,
3773 2867 3808 2916 ὁ

2264 2952 2427 3015 Θεός.
2449 2950 2624 3018 Σκεύη
2644 2950 2879 3020 ψαλμοῦ,
2896 2952 2964 3000 τὰ
2991 2951 3221 3019 διάφορα
3253 2952 3367 3020 εἴδη
3393 2952 3498 3004 τῶν
3527 2956 3804 3021 μουσικῶν

2260 3039 2526 3108 ὀργάνων.
2571 3040 2954 3107 ’Δναγωγικῶς
2983 3039 3039 3092 δὲ
3065 3041 3114 3092 οἱ
3151 3041 3364 3118 πιστοὶ,
3396 3035 3470 3094 ῶν
3499 3046 3595 3104 τὰς
3627 3045 3805 3113 ψυχὰς

2265 3131 2665 3202 ἁρμοσάμενος,
2718 3132 2812 3185 καὶ
2842 3131 3102 3201 συνδήσας
3163 3133 3190 3184 ὁ
3252 3131 3432 3196 Δαϐἱδ,
3479 3132 3668 3200 ψάλλει
3713 3135 3805 3188 διῤ.

2262 3209 2460 3283 παντὸς
2486 3221 2563 3290 τῷ
2591 3221 2727 3290 Θεῷ.
2776 3223 2912 3289 Ἀπὸ.
2933 3221 3117 3282 κοινοῦ·
3133 3222 3188 3274 δὲ
3213 3222 3274 3274 τὸ
3301 3223 3765 3292 ἑξομολογήσομαι
3789 3245 3802 3256 ·

2263 3311 2358 3374 καὶ
2376 3306 2447 3381 ἦν
2478 3310 2578 3378 μὲν
2603 3310 2892 3363 ἀκόλουθον
2919 3310 3060 3363 κατὰ
3085 3311 3298 3375 δοτικὴν
3321 3313 3525 3364 πτῶσιν
3579 3315 3802 3379 ποιῆσαι

2263 3401 2539 3455 κάνταῦθα
2561 3401 2655 3470 τὴν
2681 3400 2947 3464 σύνταξιν.
2987 3401 3044 3452 '0
3069 3400 3126 3454 δὲ
3162 3401 3467 3470 ἀδιαφόρως
3493 3403 3801 3471 αἰτιατικὴν

627 3494 848 3545 verbum
883 3491 1197 3557 Conﬁtebor.
1231 3490 1296 3544 Et
1330 3505 1671 3561 consequens
1719 3491 1934 3560 quidem
1964 3492 2158 3555 fuerat,
2183 3473 2219 3538 C

2267 3492 2566 3562 ἐπήγαγεν.
2621 3490 3075 3559 Εήχαριστήσω,
3098 3491 3249 3558 φησι,
3275 3490 3350 3558 τῇ
3382 3491 3628 3558 ἀληθείᾳ
3656 3507 3771 3544 σου
3790 3508 3811 3560 ’-

630 3595 685 3633 ιιι
725 3582 940 3635 ιυιτιίυιη
978 3595 1160 3634 casum
1186 3579 1451 3648 Propheta
1481 3580 1727 3636 redderet
1754 3581 2164 3646 constructioni,

632 3673 720 3723 uhi
750 3680 998 3738 qlltlllum
1047 3669 1317 3736 apposuit.
1356 3668 1529 3724 Dictio
1580 3670 1866 3740 siquidem,
1923 3668 2162 3737 Con/ite-

2267 3584 2349 3636 ὄτι
2377 3581 2579 3650 ἀληθὴς
2625 3575 2673 3632 εἷ
2703 3581 2855 3643 Θεὸς,
2885 3581 2945 3632 οὐ
2975 3582 3132 3652 μόνον
3167 3581 3285 3634 κατ’
3309 3582 3520 3650 οὐσίαν,
3551 3583 3683 3636 ἀλλὰ
3713 3585 3801 3636 καὶ

2270 3671 2396 3728 κατ’,
2421 3668 2770 3736 ἐπαγγελίαν.

625 3758 737 3822 bon,
771 3760 907 3812 idem
944 3759 1231 3828 signiﬁcat,
1262 3761 1403 3831 quod
1431 3761 1644 3818 Gratias
1686 3776 1860 3833 agam.
1907 3763 2140 3828 Gratias,
2177 3762 2370 3833 inquit,
2402 3777 2557 3832 agam
2587 3763 2802 3816 veritati
2835 3772 2960 3824 ιιιαι,
3005 3761 3256 3830 Quoniam
3320 3775 3374 3817 tu
3437 3779 3594 3818 verax
3665 3765 3736 3821 De

623 3870 704 3918 es,
756 3868 860 3906 non
893 3861 1099 3907 tantum
1147 3855 1272 3921 quia
1322 3870 1507 3910 verum
1561 3863 1617 3912 te
1659 3871 1780 3912 esse
1834 3874 2140 3915 asseramus
2177 3857 2365 3923 Deum,
2397 3860 2489 3915 sed
2518 3859 2704 3924 etiam,
2738 3859 2863 3928 quia
2892 3859 3069 3911 omnia
3104 3872 3134 3910 a
3187 3867 3237 3912 te
3273 3859 3531 3927 promissa
3591 3875 3729 3914 suun

622 3959 743 3998 cum
768 3942 882 3995 .lide
912 3943 1199 4011 adimples.

696 4057 935 4112 Psallam
970 4056 1062 4109 tibi
1083 4058 1137 4109 in
1161 4059 1390 4123 cithara,
1422 4068 1634 4113 sanctus
1654 4059 1844 4114 Israel.
1868 4063 2160 4116 [laeverha

625 4149 694 4202 ad
726 4148 1144 4200 declarationem
1171 4146 1314 4201 dicta
1345 4155 1471 4202 sunt
1498 4150 1851 4217 praecedentis
1880 4149 2154 4214 versiculi,

627 4239 715 4291 ubi
744 4238 818 4288 ait
845 4253 856 4288 :
900 4235 1199 4305 Conﬁtebor
1225 4237 1315 4290 tibi
1343 4238 1397 4290 in
1427 4239 1564 4293 vasis
1595 4239 1801 4304 psalmi.
1834 4240 1928 4296 Est
1959 4242 2156 4296 etenim

2337 4058 2513 4113 'P‘aJtB
2545 4071 2643 4109 σοι
2686 4056 2754 4108 ἐν
2797 4055 3024 4121 κιθάρᾳ,
3069 4058 3102 4108 ό
3133 4057 3336 4124 ’Λγιος
3387 4057 3491 4109 τοῦ
3528 4058 3795 4125 Ἰσραήλ.

2257 4149 2424 4202 Τοῦτο
2450 4146 2776 4216 ὲπεξήγησές
2825 4149 2939 4198 ὲστι
2990 4144 3083 4198 τοῦ
3127 4146 3670 4219 Ἐξομολογήσομαί
3705 4165 3801 4201 σοι

2257 4241 2324 4292 ἐν
2359 4239 2606 4291 σκεύεσι
2637 4234 2905 4303 ⁴ψαλμοῦ.
2951 4234 3146 4297 Σκὲῦος
3199 4235 3308 4304 γὰρ
3359 4236 3532 4287 εἴτουν
3576 4237 3800 4305 ὄργανον

627 4330 833 4380 cithara
876 4341 969 4379 vas
999 4342 1092 4380 seu
1125 4327 1542 4381 instrumentum
1573 4329 1838 4396 quoddam
1870 4331 2156 4398 musicum,

2267 4325 2463 4395 βαλμοῦ
2493 4329 2525 4393 ὴ
2566 4323 2763 4392 κιθάρα
2782 4341 2794 4352 ·
2828 4323 2932 4375 ἀπὸ
2963 4324 3017 4376 δὲ
3068 4322 3268 4391 ταοότὴς
3318 4325 3410 4377 καὶ
3440 4325 3487 4376 τ’
3527 4325 3660 4378 ἄλλα
3685 4327 3796 4396 εἴδη

631 4432 740 4484 quo
768 4415 1005 4483 psalmos
1038 4415 1200 4468 etiam
1239 4415 1544 4480 canebant;
1581 4433 1677 4486 per
1719 4420 1977 4472 citharam
2032 4436 2166 4473 vero.

635 4507 834 4572 reliqua
884 4504 1215 4558 musicorum
1257 4505 1739 4558 instrumentorum
1767 4523 1960 4574 genera
2001 4510 2162 4562 intel-

636 4597 768 4664 ligit.
805 4593 914 4646 lloc
944 4607 1120 4646 autem
1157 4595 1208 4645 in
1239 4595 1354 4648 loco
1398 4609 1494 4662 per
1524 4595 1783 4648 citharam
1844 4598 2045 4662 regium
2074 4613 2164 4649 or-

634 4690 850 4752 ganum,
894 4682 1211 4749 psalterium
1245 4681 1514 4747 videlicet,
1549 4691 1680 4752 puto
1713 4685 1960 4754 intelligi,
2012 4696 2070 4738 ut
2098 4703 2164 4740 ex

2260 4415 2495 4481 ὲσήμανε
2517 4428 2528 4440 ·
2569 4413 2768 4484 κιθὰρα
2797 4411 2853 4463 δὲ
2882 4411 2975 4464 νῦν
3040 4412 3100 4463 τὸ
3128 4411 3402 4480 βασιλικὸν
3430 4413 3577 4478 λέγει
3601 4414 3803 4484 ψαλτή-

2265 4521 2397 4573 ριον,
2428 4503 2502 4565 ῶς
2528 4503 2585 4553 εν
2613 4501 2688 4570 τῷ
2715 4501 2980 4570 προοιμίῳ
3035 4502 3130 4569 τῆς
3182 4501 3363 4569 βῶλον
3414 4503 3524 4554 τῶν
3549 4505 3795 4574 Ψαλμῶν

2266 4594 2671 4664 ἐξηγησάμεθα.
2730 4594 2826 4645 Διὰ
2851 4593 3005 4644 τοῦτο
3031 4593 3138 4659 γὰρ
3183 4591 3459 4646 καὶτοῦτο
3507 4597 3669 4664 μόνον
3727 4599 3800 4660 ὡς

2263 4685 2538 4754 ἐξαίρετον
2590 4683 2850 4736 τέθεικεν.
2881 4683 2997 4733 ’Ίνα
3052 4681 3107 4732 δὲ
3157 4682 3251 4734 καὶ
3309 4683 3437 4752 ἡμῖν
3481 4686 3795 4754 ἁρμόσαιεν,

635 4769 700 4825 :‘is
741 4778 906 4838 patet,
937 4784 1056 4838 quas
1086 4771 1136 4822 in
1178 4772 1442 4838 protentio
1470 4775 1647 4839 operis
1673 4773 2014 4828 tradidimus.
2049 4774 2160 4829 Hac
2193 4836 2219 4844 _

2267 4775 2433 4839 σκεύη
2466 4775 2562 4843 μὲν
2596 4771 2810 4843 ψαλμοῦ
2841 4773 3102 4840 νοήσομεν
3128 4772 3318 4840 στόμα,
3338 4773 3796 4844 χείλη,γλῶσσαν,

634 4859 831 4911 etenim
862 4859 926 4911 de
953 4873 1114 4913 causa
1146 4861 1319 4911 solum
1347 4861 1446 4912 hoc
1474 4861 1884 4916 instrumentum
1910 4874 2158 4933 tanquam
2191 4836 2219 4890 Ε

2267 4864 2356 4916 καὶ
2387 4836 2483 4916 ὅσα
2510 4836 2722 4932 ὄργανα⁷
2747 4865 2844 4930 τῆς
2875 4836 3090 4930 φωνῆς’
3120 4836 3431 4932 κιθὰρανδὲ
3599 4865 3793 4934 ψυχήν.

635 4950 841 5002 ceteris
870 4949 1121 5003 omnibus
1177 4941 1541 5005 excellentius
1560 4955 2016 5006 commemoravit.
2057 4953 2160 5008 Ve-

637 5057 752 5094 rum
785 5051 842 5094 ut
871 5041 1022 5096 nobis
1052 5041 1214 5096 etiam
1241 5042 1351 5094 hzec.
1390 5045 1578 5111 psalmi
1612 5043 1776 5096 verba
1796 5046 2162 5099 accommode-

637 5145 777 5191 mus,
814 5145 910 5198 per
938 5145 1062 5183 vasa
1089 5132 1301 5198 psalmi,
1333 5147 1416 5194 os,
1459 5133 1597 5185 labia
1647 5143 1699 5185 et
1734 5134 1966 5202 linguam
2000 5133 2157 5186 intel-

631 5219 882 5290 ligemus,
918 5228 973 5274 et
1002 5235 1337 5288 quascunque
1389 5221 1490 5274 alia
1544 5231 1670 5275 sunt
1717 5225 1866 5277 vocis
1918 5237 2158 5290 organa:

636 5324 730 5380 per
765 5311 1024 5363 citharam
1065 5326 1207 5373 vero,
1244 5312 1474 5364 animam
1509 5312 1698 5380 ipsam.
1727 5312 1956 5366 Sanctus
1981 5325 2155 5367 autem

639 5397 799 5452 lsrael
844 5400 932 5452 ille
979 5408 1078 5464 est,
1141 5402 1232 5468 qui
1292 5401 1540 5455 lsraelem
1579 5403 1901 5457 sanctiﬁcat.
1952 5403 2158 5456 Dicitur

637 5495 797 5539 etiam
828 5485 965 5539 Deus
991 5497 1230 5551 sanctus,
1263 5499 1314 5542 et
1344 5489 1586 5544 homines
1607 5493 1800 5554 sancti,
1829 5491 1915 5546 ille
1943 5493 2157 5560 quidem

642 5583 700 5625 ut
721 5572 1084 5635 sanctificans,
1117 5577 1207 5629 isti
1240 5593 1363 5632 vero
1390 5589 1444 5632 ut
1467 5581 1804 5644 sanctiticati,
1836 5583 1921 5636 ille
1951 5592 2156 5639 natura.

710 5754 752 5784 "
784 5753 967 5805 Matth.
1010 5769 1082 5816 τι,
1141 5754 1232 5807 28.

2268 4953 2451 5020 ’Λγιος
2487 4953 2542 5005 δὲ
2568 4953 2660 5004 τοῦ
2699 4950 2912 5018 Ἰσραὴλ
2971 4952 2998 5002 ὁ
3028 4949 3265 5018 ἁγιάζων
3291 4951 3381 5003 τὶιν
3419 4953 3654 5022 Ἰσραήλ.
3695 4957 3797 5007 Λέ-

2265 5061 2418 5111 γεται
2449 5043 2504 5095 δὲ
2549 5044 2642 5096 καὶ
2669 5044 2695 5094 ὁ
2725 5041 2855 5102 Θεὸς
2895 5041 3047 5109 ἅγιος
3075 5083 3088 5107 ,
3121 5042 3215 5093 καὶ
3239 5043 3266 5092 ὁ
3293 5041 3572 5111 ἄνθρωπος
3594 5060 3607 5074 '
3636 5047 3664 5097 ὁ
3699 5047 3799 5114 μὲν

2264 5133 2336 5195 ὡς
2369 5133 2626 5200 ἁγιάζων,
2670 5131 2699 5181 6
2735 5130 2789 5183 δὲ
2834 5129 2908 5192 ὡς
2935 5131 3286 5202 ἁγιαζόμενος
3308 5146 3324 5161 ·
3354 5131 3448 5182 καὶ
3476 5133 3504 5183 ὁ
3535 5131 3633 5200 μέν
3659 5136 3797 5183 κατὰ

2265 5223 2448 5292 φύσιν,
2472 5225 2498 5273 ὁ
2522 5223 2578 5275 δὲ
2612 5221 2748 5273 κατὰ
2783 5222 2948 5284 Θέσιν,
2978 5223 3095 5289 ἦτοι
3130 5220 3267 5272 κατὰ
3301 5223 3552 5290 μετοχὴν.
3573 5222 3796 5278 Καὶιὸτι

2262 5313 2416 5366 τοῦτο
2428 5311 2641 5381 ἀληθὲς,
2657 5312 2815 5378 φησὶν
2834 5313 2859 5362 ὁ
2873 5310 3160 5371 ἀπόστολος
3177 5311 3379 5373 Παῦλος
3397 5327 3460 5362 πε
3471 5310 3522 5380 pl
3537 5310 3793 5377 Χριστοῦ·

2271 5405 2364 5465 Ὃς
2385 5400 2633 5469 ἐγενήθη
2662 5399 2801 5466 ἡμῖν
2864 5399 3048 5465 σοφία
3076 5398 3191 5452 ἀπὸ
3217 5399 3381 5460 Θεοῦ,
3424 5397 3790 5462 δικαιοσύνη,

2267 5495 2361 5546 καὶ
2391 5491 2698 5559 ἁγιασμὸς,
2748 5491 2842 5543 καὶ
2880 5491 3305 5558 ἀπολύτρωσις.
3352 5490 3540 5554 Γέγονε
3573 5490 3678 5556 γὰρ
3711 5507 3794 5541 σο-

2270 5586 2363 5654 φία
2389 5589 2497 5648 τοῖς
2547 5583 2940 5653 σοφιζομένοις,
2985 5583 3291 5654 δικαιοσύνη
3313 5582 3367 5634 δὲ
3385 5583 3494 5644 τοῖς
3519 5580 3791 5635 δεδικαιω-
