  <div class='ocr_page' id='page_1' title='image "/cluster/home/n/w/nwhite01/storage/ocr_20150623/128/pst.000005714438/401.png"; bbox 0 0 4124 6326; ppageno 0'>
   <div class='ocr_carea' id='block_1_1' title="bbox 617 500 721 565">
    <p class='ocr_par' dir='ltr' id='par_1_1' title="bbox 617 500 721 565">
     <span class='ocr_line' id='line_1_1' title="bbox 617 500 721 565; baseline 0.029 -3"><span class='ocrx_word' id='word_1_1' title='bbox 617 500 721 565; x_wconf 77' lang='lat'><strong>723</strong></span> 
     </span>
    </p>
   </div>
   <div class='ocr_carea' id='block_1_2' title="bbox 1822 491 2590 567">
    <p class='ocr_par' dir='ltr' id='par_1_2' title="bbox 1822 491 2590 567">
     <span class='ocr_line' id='line_1_2' title="bbox 1822 491 2590 567; baseline 0.003 -4"><span class='ocrx_word' id='word_1_2' title='bbox 1822 491 2205 564; x_wconf 75' lang='lat' dir='ltr'><strong>EUTHYMII</strong></span> <span class='ocrx_word' id='word_1_3' title='bbox 2234 504 2590 567; x_wconf 86' lang='lat' dir='ltr'><strong>ZIGABENI</strong></span> 
     </span>
    </p>
   </div>
   <div class='ocr_carea' id='block_1_3' title="bbox 3699 505 3814 573">
    <p class='ocr_par' dir='ltr' id='par_1_3' title="bbox 3699 505 3814 573">
     <span class='ocr_line' id='line_1_3' title="bbox 3699 505 3814 573; baseline -0.017 0"><span class='ocrx_word' id='word_1_4' title='bbox 3699 505 3814 573; x_wconf 69' lang='grc'><strong>724</strong></span> 
     </span>
    </p>
   </div>
   <div class='ocr_carea' id='block_1_4' title="bbox 689 614 2155 689">
    <p class='ocr_par' dir='ltr' id='par_1_4' title="bbox 689 614 2155 688">
     <span class='ocr_line' id='line_1_4' title="bbox 689 614 2155 688; baseline 0.004 -21"><span class='ocrx_word' id='word_1_5' title='bbox 689 614 755 669; x_wconf 86' lang='lat' dir='ltr'><strong>Ut</strong></span> <span class='ocrx_word' id='word_1_6' title='bbox 782 614 981 683; x_wconf 62' lang='lat' dir='ltr'><strong>iudicet</strong></span> <span class='ocrx_word' id='word_1_7' title='bbox 1006 616 1251 683; x_wconf 80' lang='lat' dir='ltr'><strong>populum</strong></span> <span class='ocrx_word' id='word_1_8' title='bbox 1282 625 1428 669; x_wconf 87' lang='lat' dir='ltr'><strong>tuum</strong></span> <span class='ocrx_word' id='word_1_9' title='bbox 1472 617 1527 670; x_wconf 86' lang='lat' dir='ltr'><strong>in</strong></span> <span class='ocrx_word' id='word_1_10' title='bbox 1551 617 1765 685; x_wconf 76' lang='lat' dir='ltr'><strong>justitia</strong></span> <span class='ocrx_word' id='word_1_11' title='bbox 1817 628 1867 672; x_wconf 85' lang='lat' dir='ltr'><strong><em>et</em></strong></span> <span class='ocrx_word' id='word_1_12' title='bbox 1905 634 2155 688; x_wconf 77' lang='lat' dir='ltr'><strong>pauperes</strong></span> 
     </span>
    </p>
   </div>
   <div class='ocr_carea' id='block_1_5' title="bbox 2255 614 3813 689">
    <p class='ocr_par' dir='ltr' id='par_1_5' title="bbox 2329 619 3813 689">
     <span class='ocr_line' id='line_1_5' title="bbox 2329 619 3813 689; baseline 0 -15"><span class='ocrx_word' id='word_1_13' title='bbox 2329 621 2565 688; x_wconf 77' lang='lat' dir='ltr'><strong>Kpt&#39;retr</strong></span> <span class='ocrx_word' id='word_1_14' title='bbox 2600 621 2705 674; x_wconf 83' lang='grc' dir='ltr'><strong>τὸν</strong></span> <span class='ocrx_word' id='word_1_15' title='bbox 2740 621 2895 674; x_wconf 73' lang='grc' dir='ltr'>λαόν</span> <span class='ocrx_word' id='word_1_16' title='bbox 2918 634 3035 676; x_wconf 86' lang='grc' dir='ltr'><strong>σου</strong></span> <span class='ocrx_word' id='word_1_17' title='bbox 3072 622 3142 674; x_wconf 81' lang='grc' dir='ltr'>ἐν</span> <span class='ocrx_word' id='word_1_18' title='bbox 3170 622 3519 689; x_wconf 69' lang='grc' dir='ltr'><strong>δικαιοσύνῃ</strong></span> <span class='ocrx_word' id='word_1_19' title='bbox 3547 619 3813 686; x_wconf 77' lang='grc' dir='ltr'>καὶτοὺς</span> 
     </span>
    </p>
   </div>
   <div class='ocr_carea' id='block_1_6' title="bbox 612 706 2157 780">
    <p class='ocr_par' dir='ltr' id='par_1_6' title="bbox 612 706 2157 780">
     <span class='ocr_line' id='line_1_6' title="bbox 612 706 2157 780; baseline 0.005 -22"><span class='ocrx_word' id='word_1_20' title='bbox 612 708 801 762; x_wconf 73' lang='lat' dir='ltr'><strong>tumin</strong></span> <span class='ocrx_word' id='word_1_21' title='bbox 834 708 1051 773; x_wconf 65' lang='lat' dir='ltr'><strong>judicio.</strong></span> <span class='ocrx_word' id='word_1_22' title='bbox 1089 706 1210 762; x_wconf 82' lang='lat' dir='ltr'><strong>Haec</strong></span> <span class='ocrx_word' id='word_1_23' title='bbox 1260 716 1342 761; x_wconf 88' lang='lat' dir='ltr'><strong>est</strong></span> <span class='ocrx_word' id='word_1_24' title='bbox 1380 723 1544 780; x_wconf 82' lang='lat' dir='ltr'><strong>causa</strong></span> <span class='ocrx_word' id='word_1_25' title='bbox 1574 747 1589 773; x_wconf 93' lang='lat'><strong>,</strong></span> <span class='ocrx_word' id='word_1_26' title='bbox 1639 724 1737 763; x_wconf 89' lang='lat' dir='ltr'><strong>cur</strong></span> <span class='ocrx_word' id='word_1_27' title='bbox 1778 716 1926 778; x_wconf 87' lang='lat' dir='ltr'><strong>petat</strong></span> <span class='ocrx_word' id='word_1_28' title='bbox 1968 711 2157 766; x_wconf 87' lang='lat' dir='ltr'><strong>beatus</strong></span> 
     </span>
    </p>
   </div>
   <div class='ocr_carea' id='block_1_7' title="bbox 613 781 2157 864">
    <p class='ocr_par' dir='ltr' id='par_1_7' title="bbox 613 781 2157 864">
     <span class='ocr_line' id='line_1_7' title="bbox 613 781 2157 864; baseline 0.003 -15"><span class='ocrx_word' id='word_1_29' title='bbox 613 796 777 851; x_wconf 80' lang='lat' dir='ltr'><strong>David</strong></span> <span class='ocrx_word' id='word_1_30' title='bbox 809 796 1032 850; x_wconf 81' lang='lat' dir='ltr'><strong>Christo</strong></span> <span class='ocrx_word' id='word_1_31' title='bbox 1065 798 1227 850; x_wconf 90' lang='lat' dir='ltr'><strong>tribui</strong></span> <span class='ocrx_word' id='word_1_32' title='bbox 1253 781 1533 864; x_wconf 78' lang='lat' dir='ltr'><strong>judieandi</strong></span> <span class='ocrx_word' id='word_1_33' title='bbox 1564 796 1877 851; x_wconf 80' lang='lat' dir='ltr'><strong>facultatem</strong></span> <span class='ocrx_word' id='word_1_34' title='bbox 1916 817 1930 852; x_wconf 92' lang='lat'><strong>:</strong></span> <span class='ocrx_word' id='word_1_35' title='bbox 1961 810 2017 852; x_wconf 91' lang='lat' dir='ltr'><strong>ut</strong></span> <span class='ocrx_word' id='word_1_36' title='bbox 2045 800 2157 853; x_wconf 87' lang='lat' dir='ltr'><strong>sci-</strong></span> 
     </span>
    </p>
   </div>
   <div class='ocr_carea' id='block_1_8' title="bbox 615 889 2156 959">
    <p class='ocr_par' dir='ltr' id='par_1_8' title="bbox 615 889 2156 959">
     <span class='ocr_line' id='line_1_8' title="bbox 615 889 2156 959; baseline 0 -17"><span class='ocrx_word' id='word_1_37' title='bbox 615 891 740 944; x_wconf 83' lang='lat' dir='ltr'><strong>licet</strong></span> <span class='ocrx_word' id='word_1_38' title='bbox 764 890 987 957; x_wconf 80' lang='lat' dir='ltr'><strong>judicet,</strong></span> <span class='ocrx_word' id='word_1_39' title='bbox 1023 898 1128 944; x_wconf 87' lang='lat' dir='ltr'><strong>etc.</strong></span> <span class='ocrx_word' id='word_1_40' title='bbox 1163 889 1263 944; x_wconf 89' lang='lat' dir='ltr'><strong>Per</strong></span> <span class='ocrx_word' id='word_1_41' title='bbox 1292 891 1547 959; x_wconf 82' lang='lat' dir='ltr'><strong>populum</strong></span> <span class='ocrx_word' id='word_1_42' title='bbox 1573 897 1774 956; x_wconf 85' lang='lat' dir='ltr'><strong>autem,</strong></span> <span class='ocrx_word' id='word_1_43' title='bbox 1812 889 2024 944; x_wconf 86' lang='lat' dir='ltr'><strong>ﬁdelem</strong></span> <span class='ocrx_word' id='word_1_44' title='bbox 2063 905 2156 958; x_wconf 89' lang='lat' dir='ltr'><strong>po-</strong></span> 
     </span>
    </p>
   </div>
   <div class='ocr_carea' id='block_1_9' title="bbox 610 977 2154 1048">
    <p class='ocr_par' dir='ltr' id='par_1_9' title="bbox 610 977 2154 1048">
     <span class='ocr_line' id='line_1_9' title="bbox 610 977 2154 1048; baseline 0.001 -17"><span class='ocrx_word' id='word_1_45' title='bbox 610 979 796 1045; x_wconf 84' lang='lat' dir='ltr'><strong>pulum</strong></span> <span class='ocrx_word' id='word_1_46' title='bbox 833 977 1101 1047; x_wconf 70' lang='lat' dir='ltr'><strong>intelligit,</strong></span> <span class='ocrx_word' id='word_1_47' title='bbox 1137 980 1230 1047; x_wconf 89' lang='lat' dir='ltr'><strong>qui</strong></span> <span class='ocrx_word' id='word_1_48' title='bbox 1254 979 1380 1033; x_wconf 89' lang='lat' dir='ltr'><strong>licet</strong></span> <span class='ocrx_word' id='word_1_49' title='bbox 1402 978 1601 1034; x_wconf 85' lang='lat' dir='ltr'><strong>Christi</strong></span> <span class='ocrx_word' id='word_1_50' title='bbox 1630 979 1893 1048; x_wconf 79' lang='lat' dir='ltr'><strong>(62),hoc</strong></span> <span class='ocrx_word' id='word_1_51' title='bbox 1911 977 2154 1046; x_wconf 83' lang='lat' dir='ltr'><strong>est,Filii</strong></span> 
     </span>
    </p>
   </div>
   <div class='ocr_carea' id='block_1_10' title="bbox 612 1066 2154 1137">
    <p class='ocr_par' dir='ltr' id='par_1_10' title="bbox 612 1066 2154 1137">
     <span class='ocr_line' id='line_1_10' title="bbox 612 1066 2154 1137; baseline 0.001 -19"><span class='ocrx_word' id='word_1_52' title='bbox 612 1066 840 1133; x_wconf 86' lang='lat' dir='ltr'><strong>populus</strong></span> <span class='ocrx_word' id='word_1_53' title='bbox 863 1068 1183 1136; x_wconf 84' lang='lat' dir='ltr'><strong><em>appelletur,</em></strong></span> <span class='ocrx_word' id='word_1_54' title='bbox 1207 1067 1411 1121; x_wconf 90' lang='lat' dir='ltr'><strong>dicitur</strong></span> <span class='ocrx_word' id='word_1_55' title='bbox 1436 1068 1597 1121; x_wconf 90' lang='lat' dir='ltr'><strong>etiam</strong></span> <span class='ocrx_word' id='word_1_56' title='bbox 1619 1075 1670 1121; x_wconf 90' lang='lat' dir='ltr'><strong>et</strong></span> <span class='ocrx_word' id='word_1_57' title='bbox 1699 1068 1873 1123; x_wconf 75' lang='lat' dir='ltr'><strong>Patris</strong></span> <span class='ocrx_word' id='word_1_58' title='bbox 1920 1066 2154 1137; x_wconf 79' lang='lat' dir='ltr'><strong>(Omnia,</strong></span> 
     </span>
    </p>
   </div>
   <div class='ocr_carea' id='block_1_11' title="bbox 609 1157 2156 1228">
    <p class='ocr_par' dir='ltr' id='par_1_11' title="bbox 609 1157 2156 1228">
     <span class='ocr_line' id='line_1_11' title="bbox 609 1157 2156 1228; baseline 0.002 -21"><span class='ocrx_word' id='word_1_59' title='bbox 609 1157 797 1223; x_wconf 86' lang='lat' dir='ltr'><strong>inquit,</strong></span> <span class='ocrx_word' id='word_1_60' title='bbox 829 1173 942 1210; x_wconf 83' lang='lat' dir='ltr'><strong>mea</strong></span> <span class='ocrx_word' id='word_1_61' title='bbox 972 1166 1063 1210; x_wconf 87' lang='lat' dir='ltr'><strong>tua</strong></span> <span class='ocrx_word' id='word_1_62' title='bbox 1090 1166 1211 1212; x_wconf 77' lang='lat' dir='ltr'><strong>sunt</strong></span> <span class='ocrx_word' id='word_1_63' title='bbox 1230 1160 1307 1228; x_wconf 84' lang='grc'><strong>²);</strong></span> <span class='ocrx_word' id='word_1_64' title='bbox 1346 1173 1505 1225; x_wconf 89' lang='lat' dir='ltr'><strong>quem</strong></span> <span class='ocrx_word' id='word_1_65' title='bbox 1538 1159 1701 1218; x_wconf 84' lang='lat' dir='ltr'><strong>etiam</strong></span> <span class='ocrx_word' id='word_1_66' title='bbox 1735 1158 1990 1227; x_wconf 77' lang='lat' dir='ltr'><strong>pupulum</strong></span> <span class='ocrx_word' id='word_1_67' title='bbox 2050 1158 2156 1210; x_wconf 91' lang='lat' dir='ltr'><strong>alio</strong></span> 
     </span>
    </p>
   </div>
   <div class='ocr_carea' id='block_1_12' title="bbox 608 1246 2157 1317">
    <p class='ocr_par' dir='ltr' id='par_1_12' title="bbox 608 1246 2157 1317">
     <span class='ocr_line' id='line_1_12' title="bbox 608 1246 2157 1317; baseline 0.001 -18"><span class='ocrx_word' id='word_1_68' title='bbox 608 1246 825 1301; x_wconf 90' lang='lat' dir='ltr'><strong>nomine</strong></span> <span class='ocrx_word' id='word_1_69' title='bbox 858 1248 1088 1316; x_wconf 66' lang='lat' dir='ltr'><strong>appellat</strong></span> <span class='ocrx_word' id='word_1_70' title='bbox 1112 1286 1127 1312; x_wconf 89' lang='lat'><strong>,</strong></span> <span class='ocrx_word' id='word_1_71' title='bbox 1180 1264 1428 1317; x_wconf 78' lang='lat' dir='ltr'><strong>pauperes</strong></span> <span class='ocrx_word' id='word_1_72' title='bbox 1473 1248 1599 1311; x_wconf 85' lang='lat' dir='ltr'><strong><em>Dei,</em></strong></span> <span class='ocrx_word' id='word_1_73' title='bbox 1626 1250 1751 1317; x_wconf 85' lang='lat' dir='ltr'><strong>quia</strong></span> <span class='ocrx_word' id='word_1_74' title='bbox 1788 1248 1973 1303; x_wconf 87' lang='lat' dir='ltr'><strong>ﬁdeles</strong></span> <span class='ocrx_word' id='word_1_75' title='bbox 2007 1249 2157 1311; x_wconf 90' lang='lat' dir='ltr'><strong>veri,</strong></span> 
     </span>
    </p>
   </div>
   <div class='ocr_carea' id='block_1_13' title="bbox 605 1330 2150 1408">
    <p class='ocr_par' dir='ltr' id='par_1_13' title="bbox 605 1330 2150 1408">
     <span class='ocr_line' id='line_1_13' title="bbox 605 1330 2150 1408; baseline 0.001 -20"><span class='ocrx_word' id='word_1_76' title='bbox 605 1330 1045 1406; x_wconf 24' lang='lat' dir='ltr'><strong>uiunes‘propter</strong></span> <span class='ocrx_word' id='word_1_77' title='bbox 1072 1338 1238 1393; x_wconf 89' lang='lat' dir='ltr'><strong>Deum</strong></span> <span class='ocrx_word' id='word_1_78' title='bbox 1277 1354 1543 1408; x_wconf 80' lang='lat' dir='ltr'><strong>pauperes</strong></span> <span class='ocrx_word' id='word_1_79' title='bbox 1582 1338 1711 1391; x_wconf 78' lang='lat' dir='ltr'><strong>lacti</strong></span> <span class='ocrx_word' id='word_1_80' title='bbox 1748 1346 1894 1393; x_wconf 89' lang='lat' dir='ltr'><strong>sunt.</strong></span> <span class='ocrx_word' id='word_1_81' title='bbox 1928 1337 2031 1391; x_wconf 91' lang='lat' dir='ltr'><strong>Per</strong></span> <span class='ocrx_word' id='word_1_82' title='bbox 2057 1338 2150 1408; x_wconf 90' lang='lat' dir='ltr'><strong>ju-</strong></span> 
     </span>
    </p>
   </div>
   <div class='ocr_carea' id='block_1_14' title="bbox 608 1427 2154 1503">
    <p class='ocr_par' dir='ltr' id='par_1_14' title="bbox 608 1427 2154 1503">
     <span class='ocr_line' id='line_1_14' title="bbox 608 1427 2154 1503; baseline 0 -21"><span class='ocrx_word' id='word_1_83' title='bbox 608 1428 678 1482; x_wconf 80' lang='lat' dir='ltr'><strong>s&#39;i</strong></span> <span class='ocrx_word' id='word_1_84' title='bbox 708 1428 810 1480; x_wconf 74' lang='lat' dir='ltr'><strong>iam</strong></span> <span class='ocrx_word' id='word_1_85' title='bbox 855 1440 1032 1482; x_wconf 88' lang='lat' dir='ltr'><strong>autem</strong></span> <span class='ocrx_word' id='word_1_86' title='bbox 1088 1427 1216 1491; x_wconf 90' lang='lat' dir='ltr'><strong>Dei,</strong></span> <span class='ocrx_word' id='word_1_87' title='bbox 1251 1430 1493 1484; x_wconf 80' lang='lat' dir='ltr'><strong>futurum</strong></span> <span class='ocrx_word' id='word_1_88' title='bbox 1532 1429 1797 1497; x_wconf 75' lang='lat' dir='ltr'><strong>judicium</strong></span> <span class='ocrx_word' id='word_1_89' title='bbox 1840 1430 2154 1503; x_wconf 81' lang='lat' dir='ltr'><strong>intelliges,</strong></span> 
     </span>
    </p>
   </div>
   <div class='ocr_carea' id='block_1_15' title="bbox 609 1522 2158 1595">
    <p class='ocr_par' dir='ltr' id='par_1_15' title="bbox 609 1522 2158 1595">
     <span class='ocr_line' id='line_1_15' title="bbox 609 1522 2158 1595; baseline 0.004 -24"><span class='ocrx_word' id='word_1_90' title='bbox 609 1522 662 1572; x_wconf 84' lang='lat' dir='ltr'><strong>in</strong></span> <span class='ocrx_word' id='word_1_91' title='bbox 696 1537 802 1588; x_wconf 89' lang='lat' dir='ltr'><strong>quo</strong></span> <span class='ocrx_word' id='word_1_92' title='bbox 828 1523 1120 1591; x_wconf 90' lang='lat' dir='ltr'><strong>unicuique</strong></span> <span class='ocrx_word' id='word_1_93' title='bbox 1143 1523 1411 1594; x_wconf 86' lang='lat' dir='ltr'><strong>condigna</strong></span> <span class='ocrx_word' id='word_1_94' title='bbox 1446 1523 1589 1579; x_wconf 91' lang='lat' dir='ltr'><strong>Deus</strong></span> <span class='ocrx_word' id='word_1_95' title='bbox 1633 1539 1731 1595; x_wconf 91' lang='lat' dir='ltr'><strong>pro</strong></span> <span class='ocrx_word' id='word_1_96' title='bbox 1778 1524 1989 1578; x_wconf 88' lang='lat' dir='ltr'><strong>meritis</strong></span> <span class='ocrx_word' id='word_1_97' title='bbox 2039 1523 2158 1577; x_wconf 89' lang='lat' dir='ltr'><strong>red-</strong></span> 
     </span>
    </p>
   </div>
   <div class='ocr_carea' id='block_1_16' title="bbox 605 1613 2157 1686">
    <p class='ocr_par' dir='ltr' id='par_1_16' title="bbox 605 1613 2157 1686">
     <span class='ocr_line' id='line_1_16' title="bbox 605 1613 2157 1686; baseline 0.003 -21"><span class='ocrx_word' id='word_1_98' title='bbox 605 1613 695 1665; x_wconf 94' lang='lat' dir='ltr'><strong>det</strong></span> <span class='ocrx_word' id='word_1_99' title='bbox 731 1632 744 1668; x_wconf 91' lang='lat'>:</span> <span class='ocrx_word' id='word_1_100' title='bbox 779 1616 920 1682; x_wconf 88' lang='lat' dir='ltr'><strong>quod</strong></span> <span class='ocrx_word' id='word_1_101' title='bbox 947 1616 1108 1680; x_wconf 86' lang='lat' dir='ltr'><strong>paulo</strong></span> <span class='ocrx_word' id='word_1_102' title='bbox 1136 1624 1257 1683; x_wconf 88' lang='lat' dir='ltr'><strong>post</strong></span> <span class='ocrx_word' id='word_1_103' title='bbox 1292 1619 1461 1686; x_wconf 88' lang='lat' dir='ltr'><strong>magis</strong></span> <span class='ocrx_word' id='word_1_104' title='bbox 1506 1617 1782 1681; x_wconf 84' lang='lat' dir='ltr'><strong>declarat,</strong></span> <span class='ocrx_word' id='word_1_105' title='bbox 1829 1617 2017 1671; x_wconf 88' lang='lat' dir='ltr'><strong>dicens</strong></span> <span class='ocrx_word' id='word_1_106' title='bbox 2051 1634 2064 1671; x_wconf 92' lang='lat'>:</span> <span class='ocrx_word' id='word_1_107' title='bbox 2102 1617 2157 1670; x_wconf 82' lang='lat' dir='ltr'><strong>in</strong></span> 
     </span>
    </p>
   </div>
   <div class='ocr_carea' id='block_1_17' title="bbox 606 1695 2156 1774">
    <p class='ocr_par' dir='ltr' id='par_1_17' title="bbox 606 1695 2156 1774">
     <span class='ocr_line' id='line_1_17' title="bbox 606 1695 2156 1774; baseline 0.003 -19"><span class='ocrx_word' id='word_1_108' title='bbox 606 1705 841 1767; x_wconf 80' lang='lat' dir='ltr'><strong>iudicio;</strong></span> <span class='ocrx_word' id='word_1_109' title='bbox 869 1716 925 1759; x_wconf 88' lang='lat' dir='ltr'><strong>ut</strong></span> <span class='ocrx_word' id='word_1_110' title='bbox 958 1695 1166 1774; x_wconf 85' lang='lat' dir='ltr'><strong>judicet</strong></span> <span class='ocrx_word' id='word_1_111' title='bbox 1193 1713 1372 1760; x_wconf 87' lang='lat' dir='ltr'><strong>autem</strong></span> <span class='ocrx_word' id='word_1_112' title='bbox 1411 1722 1541 1773; x_wconf 86' lang='lat' dir='ltr'><strong>eos,</strong></span> <span class='ocrx_word' id='word_1_113' title='bbox 1574 1722 1694 1761; x_wconf 88' lang='lat' dir='ltr'><strong>cum</strong></span> <span class='ocrx_word' id='word_1_114' title='bbox 1746 1707 1963 1761; x_wconf 83' lang='lat' dir='ltr'><strong>diabolo</strong></span> <span class='ocrx_word' id='word_1_115' title='bbox 1996 1706 2156 1760; x_wconf 88' lang='lat' dir='ltr'><strong>nimi-</strong></span> 
     </span>
    </p>
   </div>
   <div class='ocr_carea' id='block_1_18' title="bbox 608 1797 2156 1868">
    <p class='ocr_par' dir='ltr' id='par_1_18' title="bbox 608 1797 2156 1868">
     <span class='ocr_line' id='line_1_18' title="bbox 608 1797 2156 1868; baseline 0.003 -22"><span class='ocrx_word' id='word_1_116' title='bbox 608 1811 749 1862; x_wconf 87' lang='lat' dir='ltr'><strong>rum,</strong></span> <span class='ocrx_word' id='word_1_117' title='bbox 776 1809 823 1851; x_wconf 83' lang='lat' dir='ltr'><strong>et</strong></span> <span class='ocrx_word' id='word_1_118' title='bbox 852 1811 975 1851; x_wconf 90' lang='lat' dir='ltr'><strong>cum</strong></span> <span class='ocrx_word' id='word_1_119' title='bbox 1012 1797 1234 1862; x_wconf 80' lang='lat' dir='ltr'><strong>ludaeis,</strong></span> <span class='ocrx_word' id='word_1_120' title='bbox 1266 1808 1427 1868; x_wconf 88' lang='lat' dir='ltr'><strong>atque</strong></span> <span class='ocrx_word' id='word_1_121' title='bbox 1453 1800 1572 1854; x_wconf 87' lang='lat' dir='ltr'><strong>aliis</strong></span> <span class='ocrx_word' id='word_1_122' title='bbox 1600 1800 1722 1856; x_wconf 89' lang='lat' dir='ltr'><strong>ﬁdei</strong></span> <span class='ocrx_word' id='word_1_123' title='bbox 1762 1800 2018 1855; x_wconf 85' lang='lat' dir='ltr'><strong>inimicis.</strong></span> <span class='ocrx_word' id='word_1_124' title='bbox 2051 1799 2156 1852; x_wconf 82' lang='lat' dir='ltr'><strong>Alii</strong></span> 
     </span>
    </p>
   </div>
   <div class='ocr_carea' id='block_1_19' title="bbox 609 1887 2156 1960">
    <p class='ocr_par' dir='ltr' id='par_1_19' title="bbox 609 1887 2156 1960">
     <span class='ocr_line' id='line_1_19' title="bbox 609 1887 2156 1960; baseline 0.001 -22"><span class='ocrx_word' id='word_1_125' title='bbox 609 1902 699 1951; x_wconf 88' lang='lat' dir='ltr'><strong>per</strong></span> <span class='ocrx_word' id='word_1_126' title='bbox 728 1888 1005 1955; x_wconf 87' lang='lat' dir='ltr'><strong>populum,</strong></span> <span class='ocrx_word' id='word_1_127' title='bbox 1040 1887 1325 1944; x_wconf 85' lang='lat' dir='ltr'><strong>Judaicum</strong></span> <span class='ocrx_word' id='word_1_128' title='bbox 1361 1890 1707 1960; x_wconf 89' lang='lat' dir='ltr'><strong>intelligunt,</strong></span> <span class='ocrx_word' id='word_1_129' title='bbox 1751 1891 1846 1959; x_wconf 89' lang='lat' dir='ltr'><strong>qui</strong></span> <span class='ocrx_word' id='word_1_130' title='bbox 1892 1889 2019 1943; x_wconf 90' lang='lat' dir='ltr'><strong>olim</strong></span> <span class='ocrx_word' id='word_1_131' title='bbox 2062 1888 2156 1943; x_wconf 87' lang='lat' dir='ltr'><strong>Dei</strong></span> 
     </span>
    </p>
   </div>
   <div class='ocr_carea' id='block_1_20' title="bbox 2232 707 3811 778">
    <p class='ocr_par' dir='ltr' id='par_1_20' title="bbox 2232 707 3811 778">
     <span class='ocr_line' id='line_1_20' title="bbox 2232 707 3811 778; baseline 0.001 -18"><span class='ocrx_word' id='word_1_132' title='bbox 2232 707 2531 777; x_wconf 66' lang='grc' dir='ltr'>’πτωχούς</span> <span class='ocrx_word' id='word_1_133' title='bbox 2556 725 2671 763; x_wconf 85' lang='grc' dir='ltr'><strong>σου</strong></span> <span class='ocrx_word' id='word_1_134' title='bbox 2692 710 2760 763; x_wconf 78' lang='grc' dir='ltr'><strong>ἐν</strong></span> <span class='ocrx_word' id='word_1_135' title='bbox 2784 711 2996 778; x_wconf 78' lang='grc' dir='ltr'>κρίσει.</span> <span class='ocrx_word' id='word_1_136' title='bbox 3028 710 3199 763; x_wconf 88' lang='grc' dir='ltr'>Τοῦτο</span> <span class='ocrx_word' id='word_1_137' title='bbox 3253 712 3399 764; x_wconf 79' lang='grc' dir='ltr'>αἰτία</span> <span class='ocrx_word' id='word_1_138' title='bbox 3446 712 3560 764; x_wconf 66' lang='grc' dir='ltr'>ἐστὶ</span> <span class='ocrx_word' id='word_1_139' title='bbox 3592 710 3691 773; x_wconf 78' lang='grc' dir='ltr'>τῆς</span> <span class='ocrx_word' id='word_1_140' title='bbox 3719 713 3811 763; x_wconf 71' lang='grc' dir='ltr'><strong>εὐο</strong></span> 
     </span>
    </p>
   </div>
   <div class='ocr_carea' id='block_1_21' title="bbox 2256 800 3810 871">
    <p class='ocr_par' dir='ltr' id='par_1_21' title="bbox 2256 800 3810 871">
     <span class='ocr_line' id='line_1_21' title="bbox 2256 800 3810 871; baseline 0.001 -18"><span class='ocrx_word' id='word_1_141' title='bbox 2256 800 2355 869; x_wconf 82' lang='grc' dir='ltr'>χῆς</span> <span class='ocrx_word' id='word_1_142' title='bbox 2394 815 2409 830; x_wconf 85' lang='grc'><em>’</em></span> <span class='ocrx_word' id='word_1_143' title='bbox 2445 800 2561 854; x_wconf 85' lang='grc' dir='ltr'><strong>Ἵνα</strong></span> <span class='ocrx_word' id='word_1_144' title='bbox 2620 801 2815 871; x_wconf 79' lang='grc' dir='ltr'>κρίνῃ.</span> <span class='ocrx_word' id='word_1_145' title='bbox 2847 802 2980 871; x_wconf 79' lang='grc' dir='ltr'>φησί</span> <span class='ocrx_word' id='word_1_146' title='bbox 3021 820 3033 832; x_wconf 91' lang='grc'><strong>·</strong></span> <span class='ocrx_word' id='word_1_147' title='bbox 3068 802 3196 855; x_wconf 68' lang='grc' dir='ltr'>λαὸν</span> <span class='ocrx_word' id='word_1_148' title='bbox 3244 802 3299 856; x_wconf 82' lang='grc' dir='ltr'>δὲ</span> <span class='ocrx_word' id='word_1_149' title='bbox 3328 802 3474 869; x_wconf 77' lang='grc' dir='ltr'>λέγει</span> <span class='ocrx_word' id='word_1_150' title='bbox 3515 802 3637 864; x_wconf 80' lang='grc' dir='ltr'>τοὺς</span> <span class='ocrx_word' id='word_1_151' title='bbox 3671 802 3810 871; x_wconf 73' lang='grc' dir='ltr'>Χρι-</span> 
     </span>
    </p>
   </div>
   <div class='ocr_carea' id='block_1_22' title="bbox 2258 889 3814 961">
    <p class='ocr_par' dir='ltr' id='par_1_22' title="bbox 2258 889 3814 961">
     <span class='ocr_line' id='line_1_22' title="bbox 2258 889 3814 961; baseline 0.001 -20"><span class='ocrx_word' id='word_1_152' title='bbox 2258 890 2524 953; x_wconf 82' lang='grc' dir='ltr'>στιανούς.</span> <span class='ocrx_word' id='word_1_153' title='bbox 2578 891 2634 944; x_wconf 86' lang='lat'><strong>&#39;0</strong></span> <span class='ocrx_word' id='word_1_154' title='bbox 2668 889 2776 961; x_wconf 85' lang='grc' dir='ltr'>γὰρ</span> <span class='ocrx_word' id='word_1_155' title='bbox 2826 893 2919 945; x_wconf 88' lang='grc' dir='ltr'><strong>τοῦ</strong></span> <span class='ocrx_word' id='word_1_156' title='bbox 2965 892 3092 944; x_wconf 79' lang='grc' dir='ltr'>Υῑοῦ</span> <span class='ocrx_word' id='word_1_157' title='bbox 3147 894 3275 955; x_wconf 72' lang='grc' dir='ltr'>λαὸς</span> <span class='ocrx_word' id='word_1_158' title='bbox 3328 894 3422 946; x_wconf 78' lang='grc' dir='ltr'>καὶ</span> <span class='ocrx_word' id='word_1_159' title='bbox 3472 893 3565 945; x_wconf 83' lang='grc' dir='ltr'><strong>τοῦ</strong></span> <span class='ocrx_word' id='word_1_160' title='bbox 3598 894 3814 961; x_wconf 80' lang='grc' dir='ltr'><strong>Πατρός</strong></span> 
     </span>
    </p>
   </div>
   <div class='ocr_carea' id='block_1_23' title="bbox 2256 979 3807 1054">
    <p class='ocr_par' dir='ltr' id='par_1_23' title="bbox 2256 979 3807 1054">
     <span class='ocr_line' id='line_1_23' title="bbox 2256 979 3807 1054; baseline 0.001 -23"><span class='ocrx_word' id='word_1_161' title='bbox 2256 981 2393 1033; x_wconf 71' lang='grc' dir='ltr'>ἔστι.</span> <span class='ocrx_word' id='word_1_162' title='bbox 2427 981 2565 1043; x_wconf 80' lang='grc' dir='ltr'>Τοὺς</span> <span class='ocrx_word' id='word_1_163' title='bbox 2596 983 2789 1043; x_wconf 81' lang='grc' dir='ltr'>αὐτοὺς</span> <span class='ocrx_word' id='word_1_164' title='bbox 2818 981 2876 1034; x_wconf 69' lang='grc' dir='ltr'>δὲ</span> <span class='ocrx_word' id='word_1_165' title='bbox 2942 980 3098 1039; x_wconf 82' lang='grc' dir='ltr'>καλεῖ</span> <span class='ocrx_word' id='word_1_166' title='bbox 3128 985 3221 1035; x_wconf 72' lang='grc' dir='ltr'>καὶ</span> <span class='ocrx_word' id='word_1_167' title='bbox 3244 983 3491 1054; x_wconf 84' lang='grc' dir='ltr'>πτωχοὺς</span> <span class='ocrx_word' id='word_1_168' title='bbox 3534 980 3626 1033; x_wconf 87' lang='grc' dir='ltr'><strong>τοῦ</strong></span> <span class='ocrx_word' id='word_1_169' title='bbox 3647 979 3807 1045; x_wconf 85' lang='grc' dir='ltr'>Θεοῦ,</span> 
     </span>
    </p>
   </div>
   <div class='ocr_carea' id='block_1_24' title="bbox 2256 1071 3811 1141">
    <p class='ocr_par' dir='ltr' id='par_1_24' title="bbox 2256 1071 3811 1141">
     <span class='ocr_line' id='line_1_24' title="bbox 2256 1071 3811 1141; baseline -0.001 -18"><span class='ocrx_word' id='word_1_170' title='bbox 2256 1073 2333 1133; x_wconf 85' lang='grc' dir='ltr'>ὡς</span> <span class='ocrx_word' id='word_1_171' title='bbox 2378 1071 2467 1129; x_wconf 77' lang='grc' dir='ltr'><strong>διὰ</strong></span> <span class='ocrx_word' id='word_1_172' title='bbox 2494 1072 2625 1125; x_wconf 80' lang='grc' dir='ltr'>Θεὸν</span> <span class='ocrx_word' id='word_1_173' title='bbox 2657 1072 3102 1141; x_wconf 84' lang='grc' dir='ltr'>πτωχεύσαντας.</span> <span class='ocrx_word' id='word_1_174' title='bbox 3153 1072 3510 1141; x_wconf 83' lang='grc' dir='ltr'><strong>Δικαιοσύνην</strong></span> <span class='ocrx_word' id='word_1_175' title='bbox 3559 1071 3615 1122; x_wconf 84' lang='grc' dir='ltr'>δὲ</span> <span class='ocrx_word' id='word_1_176' title='bbox 3669 1071 3811 1123; x_wconf 87' lang='grc' dir='ltr'>Θεοῦ</span> 
     </span>
    </p>
   </div>
   <div class='ocr_carea' id='block_1_25' title="bbox 2256 1158 3814 1236">
    <p class='ocr_par' dir='ltr' id='par_1_25' title="bbox 2256 1158 3814 1236">
     <span class='ocr_line' id='line_1_25' title="bbox 2256 1158 3814 1236; baseline 0.001 -22"><span class='ocrx_word' id='word_1_177' title='bbox 2256 1164 2471 1236; x_wconf 77' lang='grc' dir='ltr'><strong>νοήσεις</strong></span> <span class='ocrx_word' id='word_1_178' title='bbox 2516 1162 2614 1232; x_wconf 79' lang='grc' dir='ltr'>τὴν</span> <span class='ocrx_word' id='word_1_179' title='bbox 2646 1164 2943 1233; x_wconf 82' lang='grc' dir='ltr'>μέλλουσαν</span> <span class='ocrx_word' id='word_1_180' title='bbox 2960 1164 3159 1233; x_wconf 79' lang='grc' dir='ltr'><strong>κρίσιν,</strong></span> <span class='ocrx_word' id='word_1_181' title='bbox 3180 1164 3237 1215; x_wconf 70' lang='grc' dir='ltr'>ἐν</span> <span class='ocrx_word' id='word_1_182' title='bbox 3315 1161 3581 1215; x_wconf 81' lang='grc' dir='ltr'>ἀποδώσει</span> <span class='ocrx_word' id='word_1_183' title='bbox 3597 1164 3814 1229; x_wconf 76' lang='grc' dir='ltr'>ἑκάστῳ</span> 
     </span>
    </p>
   </div>
   <div class='ocr_carea' id='block_1_26' title="bbox 2257 1253 3814 1324">
    <p class='ocr_par' dir='ltr' id='par_1_26' title="bbox 2257 1253 3814 1324">
     <span class='ocr_line' id='line_1_26' title="bbox 2257 1253 3814 1324; baseline -0.003 -19"><span class='ocrx_word' id='word_1_184' title='bbox 2257 1254 2324 1305; x_wconf 76' lang='grc' dir='ltr'><strong>τὰ</strong></span> <span class='ocrx_word' id='word_1_185' title='bbox 2352 1254 2485 1324; x_wconf 78' lang='grc' dir='ltr'>πρὸς</span> <span class='ocrx_word' id='word_1_186' title='bbox 2510 1254 2686 1315; x_wconf 79' lang='grc' dir='ltr'>ἀξίαν.</span> <span class='ocrx_word' id='word_1_187' title='bbox 2732 1256 2816 1319; x_wconf 86' lang='grc' dir='ltr'>Ὀ,</span> <span class='ocrx_word' id='word_1_188' title='bbox 2846 1256 2940 1307; x_wconf 77' lang='grc' dir='ltr'>καὶ</span> <span class='ocrx_word' id='word_1_189' title='bbox 2993 1253 3221 1324; x_wconf 82' lang='grc' dir='ltr'>προῖὼν,</span> <span class='ocrx_word' id='word_1_190' title='bbox 3249 1253 3534 1322; x_wconf 71' lang='grc' dir='ltr'>ἐδήλωσεν,</span> <span class='ocrx_word' id='word_1_191' title='bbox 3588 1253 3814 1319; x_wconf 77' lang='grc' dir='ltr'><strong>ἐπάγων</strong></span> 
     </span>
    </p>
   </div>
   <div class='ocr_carea' id='block_1_27' title="bbox 2259 1339 3815 1419">
    <p class='ocr_par' dir='ltr' id='par_1_27' title="bbox 2259 1339 3815 1419">
     <span class='ocr_line' id='line_1_27' title="bbox 2259 1339 3815 1419; baseline -0.003 -23"><span class='ocrx_word' id='word_1_192' title='bbox 2259 1343 2338 1419; x_wconf 65' lang='grc' dir='ltr'><strong>το,</strong></span> <span class='ocrx_word' id='word_1_193' title='bbox 2363 1344 2431 1397; x_wconf 77' lang='grc' dir='ltr'><strong>ἐν</strong></span> <span class='ocrx_word' id='word_1_194' title='bbox 2479 1345 2673 1410; x_wconf 83' lang='grc' dir='ltr'>κρίσει</span> <span class='ocrx_word' id='word_1_195' title='bbox 2693 1360 2708 1375; x_wconf 88' lang='grc'><strong>·</strong></span> <span class='ocrx_word' id='word_1_196' title='bbox 2749 1345 2950 1413; x_wconf 87' lang='grc' dir='ltr'>κρίνειν</span> <span class='ocrx_word' id='word_1_197' title='bbox 2984 1345 3044 1396; x_wconf 81' lang='grc' dir='ltr'>δὲ</span> <span class='ocrx_word' id='word_1_198' title='bbox 3094 1345 3298 1419; x_wconf 79' lang='grc' dir='ltr'>αὐτοὺς</span> <span class='ocrx_word' id='word_1_199' title='bbox 3331 1344 3468 1413; x_wconf 85' lang='grc' dir='ltr'>μετά</span> <span class='ocrx_word' id='word_1_200' title='bbox 3489 1359 3548 1407; x_wconf 75' lang='grc' dir='ltr'><strong>τε</strong></span> <span class='ocrx_word' id='word_1_201' title='bbox 3572 1342 3664 1394; x_wconf 85' lang='grc' dir='ltr'><strong>τοῦ</strong></span> <span class='ocrx_word' id='word_1_202' title='bbox 3688 1339 3815 1393; x_wconf 84' lang='grc' dir='ltr'>δια-</span> 
     </span>
    </p>
   </div>
   <div class='ocr_carea' id='block_1_28' title="bbox 2260 1417 3813 1507">
    <p class='ocr_par' dir='ltr' id='par_1_28' title="bbox 2260 1417 3813 1507">
     <span class='ocr_line' id='line_1_28' title="bbox 2260 1417 3813 1507; baseline -0.003 -20"><span class='ocrx_word' id='word_1_203' title='bbox 2260 1417 2416 1488; x_wconf 70' lang='grc' dir='ltr'>ϐόλου</span> <span class='ocrx_word' id='word_1_204' title='bbox 2461 1439 2555 1491; x_wconf 76' lang='grc' dir='ltr'>καὶ</span> <span class='ocrx_word' id='word_1_205' title='bbox 2602 1436 2710 1489; x_wconf 84' lang='grc' dir='ltr'><strong>τῶν</strong></span> <span class='ocrx_word' id='word_1_206' title='bbox 2752 1437 3044 1501; x_wconf 77' lang='grc' dir='ltr'><strong>Ἰουδαίων,</strong></span> <span class='ocrx_word' id='word_1_207' title='bbox 3092 1417 3185 1489; x_wconf 69' lang='grc' dir='ltr'>καὶ</span> <span class='ocrx_word' id='word_1_208' title='bbox 3232 1436 3339 1488; x_wconf 87' lang='grc' dir='ltr'><strong>τῶν</strong></span> <span class='ocrx_word' id='word_1_209' title='bbox 3369 1435 3544 1507; x_wconf 54' lang='grc' dir='ltr'>ἄλλων</span> <span class='ocrx_word' id='word_1_210' title='bbox 3601 1432 3813 1502; x_wconf 66' lang='grc' dir='ltr'>ἐχθρῶν</span> 
     </span>
    </p>
   </div>
   <div class='ocr_carea' id='block_1_29' title="bbox 2259 1508 3809 1594">
    <p class='ocr_par' dir='ltr' id='par_1_29' title="bbox 2259 1508 3809 1594">
     <span class='ocr_line' id='line_1_29' title="bbox 2259 1508 3809 1594; baseline -0.003 -16"><span class='ocrx_word' id='word_1_211' title='bbox 2259 1529 2365 1592; x_wconf 80' lang='grc' dir='ltr'>τῆς</span> <span class='ocrx_word' id='word_1_212' title='bbox 2394 1526 2649 1590; x_wconf 87' lang='grc' dir='ltr'>πίστεως.</span> <span class='ocrx_word' id='word_1_213' title='bbox 2687 1527 2871 1579; x_wconf 80' lang='grc' dir='ltr'>Ἀλλοι</span> <span class='ocrx_word' id='word_1_214' title='bbox 2916 1526 2973 1581; x_wconf 84' lang='grc' dir='ltr'>δέ</span> <span class='ocrx_word' id='word_1_215' title='bbox 3005 1543 3135 1594; x_wconf 83' lang='grc' dir='ltr'>φασι</span> <span class='ocrx_word' id='word_1_216' title='bbox 3167 1527 3295 1583; x_wconf 82' lang='grc' dir='ltr'>λαὸν</span> <span class='ocrx_word' id='word_1_217' title='bbox 3330 1508 3547 1593; x_wconf 75' lang='grc' dir='ltr'>μὲντὸν</span> <span class='ocrx_word' id='word_1_218' title='bbox 3588 1523 3809 1575; x_wconf 86' lang='grc' dir='ltr'>Ἰουδαῖ-</span> 
     </span>
    </p>
   </div>
   <div class='ocr_carea' id='block_1_30' title="bbox 2261 1598 3813 1697">
    <p class='ocr_par' dir='ltr' id='par_1_30' title="bbox 2261 1598 3813 1697">
     <span class='ocr_line' id='line_1_30' title="bbox 2261 1598 3813 1697; baseline -0.004 -27"><span class='ocrx_word' id='word_1_219' title='bbox 2261 1619 2378 1681; x_wconf 82' lang='grc' dir='ltr'>κὸν,</span> <span class='ocrx_word' id='word_1_220' title='bbox 2407 1618 2500 1670; x_wconf 87' lang='grc' dir='ltr'><strong>τόν</strong></span> <span class='ocrx_word' id='word_1_221' title='bbox 2532 1634 2656 1671; x_wconf 86' lang='grc' dir='ltr'>ποτε</span> <span class='ocrx_word' id='word_1_222' title='bbox 2683 1618 2781 1697; x_wconf 60' lang='grc' dir='ltr'>τοῦς</span> <span class='ocrx_word' id='word_1_223' title='bbox 2810 1618 2943 1671; x_wconf 82' lang='grc' dir='ltr'><strong>Θεοῦ</strong></span> <span class='ocrx_word' id='word_1_224' title='bbox 2982 1619 3110 1671; x_wconf 73' lang='grc' dir='ltr'>ὄντα</span> <span class='ocrx_word' id='word_1_225' title='bbox 3132 1634 3145 1649; x_wconf 71' lang='grc' dir='ltr'><strong>ο</strong></span> <span class='ocrx_word' id='word_1_226' title='bbox 3178 1598 3394 1688; x_wconf 79' lang='grc' dir='ltr'>πτωχὸν</span> <span class='ocrx_word' id='word_1_227' title='bbox 3424 1614 3501 1680; x_wconf 67' lang='grc' dir='ltr'>δὲ,</span> <span class='ocrx_word' id='word_1_228' title='bbox 3559 1614 3650 1667; x_wconf 87' lang='grc' dir='ltr'><strong>τδν</strong></span> <span class='ocrx_word' id='word_1_229' title='bbox 3688 1614 3813 1665; x_wconf 83' lang='grc' dir='ltr'>νέον</span> 
     </span>
    </p>
   </div>
   <div class='ocr_carea' id='block_1_31' title="bbox 2260 1698 3813 1779">
    <p class='ocr_par' dir='ltr' id='par_1_31' title="bbox 2260 1698 3813 1779">
     <span class='ocr_line' id='line_1_31' title="bbox 2260 1698 3813 1779; baseline -0.004 -19"><span class='ocrx_word' id='word_1_230' title='bbox 2260 1708 2385 1762; x_wconf 80' lang='grc' dir='ltr'>λαὸν</span> <span class='ocrx_word' id='word_1_231' title='bbox 2412 1709 2501 1762; x_wconf 72' lang='grc' dir='ltr'>τὸν</span> <span class='ocrx_word' id='word_1_232' title='bbox 2527 1709 2588 1774; x_wconf 80' lang='grc' dir='ltr'>ἐξ</span> <span class='ocrx_word' id='word_1_233' title='bbox 2620 1708 2806 1763; x_wconf 74' lang='grc' dir='ltr'>ἐθνῶν.</span> <span class='ocrx_word' id='word_1_234' title='bbox 2843 1698 2977 1779; x_wconf 73' lang='grc' dir='ltr'>Περὶ</span> <span class='ocrx_word' id='word_1_235' title='bbox 3007 1709 3064 1762; x_wconf 73' lang='grc' dir='ltr'>δὲ</span> <span class='ocrx_word' id='word_1_236' title='bbox 3090 1708 3365 1777; x_wconf 76' lang='grc' dir='ltr'><strong>πτωχείας</strong></span> <span class='ocrx_word' id='word_1_237' title='bbox 3398 1705 3560 1760; x_wconf 78' lang='grc' dir='ltr'>αὐτοῦ</span> <span class='ocrx_word' id='word_1_238' title='bbox 3586 1705 3813 1774; x_wconf 77' lang='grc' dir='ltr'>εἰρήκα-</span> 
     </span>
    </p>
   </div>
   <div class='ocr_carea' id='block_1_32' title="bbox 2262 1794 3813 1870">
    <p class='ocr_par' dir='ltr' id='par_1_32' title="bbox 2262 1794 3813 1870">
     <span class='ocr_line' id='line_1_32' title="bbox 2262 1794 3813 1870; baseline -0.001 -19"><span class='ocrx_word' id='word_1_239' title='bbox 2262 1814 2363 1866; x_wconf 80' lang='grc' dir='ltr'>μεν</span> <span class='ocrx_word' id='word_1_240' title='bbox 2393 1801 2449 1853; x_wconf 81' lang='grc' dir='ltr'>ὲν</span> <span class='ocrx_word' id='word_1_241' title='bbox 2472 1800 2550 1870; x_wconf 86' lang='grc' dir='ltr'><strong>τῷ</strong></span> <span class='ocrx_word' id='word_1_242' title='bbox 2579 1799 2626 1853; x_wconf 76' lang='grc' dir='ltr'><strong>θ’</strong></span> <span class='ocrx_word' id='word_1_243' title='bbox 2655 1801 2750 1853; x_wconf 72' lang='grc' dir='ltr'>καὶ</span> <span class='ocrx_word' id='word_1_244' title='bbox 2781 1798 2849 1853; x_wconf 80' lang='grc' dir='ltr'>ια’</span> <span class='ocrx_word' id='word_1_245' title='bbox 2889 1798 3109 1869; x_wconf 79' lang='grc' dir='ltr'>ψαλμῷ.</span> <span class='ocrx_word' id='word_1_246' title='bbox 3135 1799 3356 1869; x_wconf 80' lang='grc' dir='ltr'>Κρίνειν</span> <span class='ocrx_word' id='word_1_247' title='bbox 3386 1799 3441 1850; x_wconf 79' lang='grc' dir='ltr'>δὲ</span> <span class='ocrx_word' id='word_1_248' title='bbox 3464 1797 3681 1857; x_wconf 77' lang='grc' dir='ltr'>αὐτοὺς,</span> <span class='ocrx_word' id='word_1_249' title='bbox 3715 1794 3813 1849; x_wconf 69' lang='grc' dir='ltr'>καὶ</span> 
     </span>
    </p>
   </div>
   <div class='ocr_carea' id='block_1_33' title="bbox 2257 1883 3807 1960">
    <p class='ocr_par' dir='ltr' id='par_1_33' title="bbox 2257 1883 3807 1960">
     <span class='ocr_line' id='line_1_33' title="bbox 2257 1883 3807 1960; baseline -0.005 -17"><span class='ocrx_word' id='word_1_250' title='bbox 2257 1890 2384 1954; x_wconf 81' lang='grc' dir='ltr'>τοὺς</span> <span class='ocrx_word' id='word_1_251' title='bbox 2419 1890 2518 1960; x_wconf 87' lang='grc' dir='ltr'><strong>μὲν</strong></span> <span class='ocrx_word' id='word_1_252' title='bbox 2547 1890 2768 1953; x_wconf 80' lang='grc' dir='ltr'><strong>δικαίως</strong></span> <span class='ocrx_word' id='word_1_253' title='bbox 2801 1889 3159 1943; x_wconf 81' lang='grc' dir='ltr'>καταδικάσαι</span> <span class='ocrx_word' id='word_1_254' title='bbox 3179 1928 3195 1953; x_wconf 90' lang='grc'><strong>,</strong></span> <span class='ocrx_word' id='word_1_255' title='bbox 3228 1890 3352 1950; x_wconf 75' lang='grc' dir='ltr'>τοὺς</span> <span class='ocrx_word' id='word_1_256' title='bbox 3398 1888 3455 1939; x_wconf 82' lang='grc' dir='ltr'>δὲ</span> <span class='ocrx_word' id='word_1_257' title='bbox 3497 1883 3807 1939; x_wconf 76' lang='grc' dir='ltr'>δικαιῶσαι.</span> 
     </span>
    </p>
   </div>
   <div class='ocr_carea' id='block_1_34' title="bbox 602 1978 3807 2063">
    <p class='ocr_par' dir='ltr' id='par_1_34' title="bbox 602 1978 3807 2063">
     <span class='ocr_line' id='line_1_34' title="bbox 602 1978 3807 2063; baseline -0.002 -32"><span class='ocrx_word' id='word_1_258' title='bbox 602 1980 830 2046; x_wconf 77' lang='lat' dir='ltr'><strong>papulus</strong></span> <span class='ocrx_word' id='word_1_259' title='bbox 864 1979 1178 2063; x_wconf 82' lang='lat' dir='ltr'><strong>dicebatur;</strong></span> <span class='ocrx_word' id='word_1_260' title='bbox 1204 1990 1259 2035; x_wconf 86' lang='lat' dir='ltr'><strong>et</strong></span> <span class='ocrx_word' id='word_1_261' title='bbox 1286 1996 1379 2050; x_wconf 91' lang='lat' dir='ltr'><strong>per</strong></span> <span class='ocrx_word' id='word_1_262' title='bbox 1405 1996 1689 2050; x_wconf 85' lang='lat' dir='ltr'><strong>pauperes,</strong></span> <span class='ocrx_word' id='word_1_263' title='bbox 1726 1995 1925 2035; x_wconf 88' lang='lat' dir='ltr'><strong>novum</strong></span> <span class='ocrx_word' id='word_1_264' title='bbox 1964 1981 2219 2051; x_wconf 83' lang='lat' dir='ltr'><strong>pupulum</strong></span> <span class='ocrx_word' id='word_1_265' title='bbox 2240 1996 2306 2035; x_wconf 83' lang='lat' dir='ltr'><strong>ex</strong></span> <span class='ocrx_word' id='word_1_266' title='bbox 2334 1981 2587 2050; x_wconf 75' lang='lat' dir='ltr'><strong>gentibus</strong></span> <span class='ocrx_word' id='word_1_267' title='bbox 2657 1989 3065 2052; x_wconf 75' lang='lat' dir='ltr'><strong>congregatum,</strong></span> <span class='ocrx_word' id='word_1_268' title='bbox 3131 1980 3200 2033; x_wconf 67' lang='lat' dir='ltr'><strong>tle</strong></span> <span class='ocrx_word' id='word_1_269' title='bbox 3252 1978 3408 2047; x_wconf 88' lang='lat' dir='ltr'><strong>cujus</strong></span> <span class='ocrx_word' id='word_1_270' title='bbox 3466 1981 3807 2045; x_wconf 81' lang='lat' dir='ltr'><strong>paupertate,</strong></span> 
     </span>
    </p>
   </div>
   <div class='ocr_carea' id='block_1_35' title="bbox 600 2064 3885 2141">
    <p class='ocr_par' dir='ltr' id='par_1_35' title="bbox 600 2064 3885 2141">
     <span class='ocr_line' id='line_1_35' title="bbox 600 2064 3885 2141; baseline -0.002 -20"><span class='ocrx_word' id='word_1_271' title='bbox 600 2068 833 2124; x_wconf 78' lang='lat' dir='ltr'><strong>diximus</strong></span> <span class='ocrx_word' id='word_1_272' title='bbox 864 2064 917 2125; x_wconf 79' lang='lat' dir='ltr'><strong>in</strong></span> <span class='ocrx_word' id='word_1_273' title='bbox 945 2086 997 2125; x_wconf 78' lang='lat' dir='ltr'><strong>IX</strong></span> <span class='ocrx_word' id='word_1_274' title='bbox 1027 2080 1081 2127; x_wconf 91' lang='lat' dir='ltr'><strong>et</strong></span> <span class='ocrx_word' id='word_1_275' title='bbox 1111 2086 1168 2125; x_wconf 77' lang='grc' dir='ltr'>ιι</span> <span class='ocrx_word' id='word_1_276' title='bbox 1220 2073 1448 2141; x_wconf 85' lang='lat' dir='ltr'><strong>psalmo.</strong></span> <span class='ocrx_word' id='word_1_277' title='bbox 1480 2070 1576 2131; x_wconf 19' lang='lat' dir='ltr'><strong>VUt</strong></span> <span class='ocrx_word' id='word_1_278' title='bbox 1649 2072 1853 2141; x_wconf 88' lang='lat' dir='ltr'><strong>judicet</strong></span> <span class='ocrx_word' id='word_1_279' title='bbox 1912 2087 2026 2136; x_wconf 89' lang='lat' dir='ltr'><strong>eos,</strong></span> <span class='ocrx_word' id='word_1_280' title='bbox 2080 2071 2216 2125; x_wconf 88' lang='lat' dir='ltr'><strong>alios</strong></span> <span class='ocrx_word' id='word_1_281' title='bbox 2256 2071 2469 2140; x_wconf 86' lang='lat' dir='ltr'><strong>quidem</strong></span> <span class='ocrx_word' id='word_1_282' title='bbox 2500 2071 2649 2141; x_wconf 83' lang='lat' dir='ltr'><strong>justo</strong></span> <span class='ocrx_word' id='word_1_283' title='bbox 2681 2071 2883 2141; x_wconf 90' lang='lat' dir='ltr'><strong>judicio</strong></span> <span class='ocrx_word' id='word_1_284' title='bbox 2912 2072 3283 2127; x_wconf 84' lang='lat' dir='ltr'><strong>condemnaus</strong></span> <span class='ocrx_word' id='word_1_285' title='bbox 3308 2110 3323 2134; x_wconf 96' lang='lat'><strong>,</strong></span> <span class='ocrx_word' id='word_1_286' title='bbox 3366 2068 3500 2122; x_wconf 88' lang='lat' dir='ltr'><strong>alios</strong></span> <span class='ocrx_word' id='word_1_287' title='bbox 3526 2078 3703 2121; x_wconf 85' lang='lat' dir='ltr'><strong>autem</strong></span> <span class='ocrx_word' id='word_1_288' title='bbox 3740 2065 3807 2117; x_wconf 82' lang='lat' dir='ltr'><strong>ad</strong></span> <span class='ocrx_word' id='word_1_289' title='bbox 3882 2088 3885 2089; x_wconf 53' lang='grc' dir='ltr'><strong>ν</strong></span> 
     </span>
    </p>
   </div>
   <div class='ocr_carea' id='block_1_36' title="bbox 605 2163 1193 2231">
    <p class='ocr_par' dir='ltr' id='par_1_36' title="bbox 605 2163 1193 2231">
     <span class='ocr_line' id='line_1_36' title="bbox 605 2163 1193 2231; baseline 0 -15"><span class='ocrx_word' id='word_1_290' title='bbox 605 2163 835 2216; x_wconf 82' lang='lat' dir='ltr'><strong>salutem</strong></span> <span class='ocrx_word' id='word_1_291' title='bbox 870 2163 1193 2231; x_wconf 83' lang='lat' dir='ltr'><strong>justiﬁcans.</strong></span> 
     </span>
    </p>
   </div>
   <div class='ocr_carea' id='block_1_37' title="bbox 671 2251 2230 2323">
    <p class='ocr_par' dir='ltr' id='par_1_37' title="bbox 671 2251 2230 2323">
     <span class='ocr_line' id='line_1_37' title="bbox 671 2251 2230 2323; baseline -0.001 -17"><span class='ocrx_word' id='word_1_292' title='bbox 671 2253 830 2308; x_wconf 74' lang='lat' dir='ltr'><strong>Vsus.</strong></span> <span class='ocrx_word' id='word_1_293' title='bbox 865 2254 919 2308; x_wconf 79' lang='grc'><strong>5.</strong></span> <span class='ocrx_word' id='word_1_294' title='bbox 955 2253 1258 2323; x_wconf 74' lang='lat' dir='ltr'><strong>Suscipiunt</strong></span> <span class='ocrx_word' id='word_1_295' title='bbox 1281 2262 1480 2308; x_wconf 74' lang='lat' dir='ltr'><strong>montes</strong></span> <span class='ocrx_word' id='word_1_296' title='bbox 1501 2269 1682 2323; x_wconf 85' lang='lat' dir='ltr'><strong>pacem</strong></span> <span class='ocrx_word' id='word_1_297' title='bbox 1702 2251 1908 2321; x_wconf 87' lang='lat' dir='ltr'><strong>populo,</strong></span> <span class='ocrx_word' id='word_1_298' title='bbox 1928 2264 1975 2307; x_wconf 83' lang='lat' dir='ltr'><strong>et</strong></span> <span class='ocrx_word' id='word_1_299' title='bbox 1996 2252 2154 2307; x_wconf 83' lang='lat' dir='ltr'><strong>colles</strong></span> <span class='ocrx_word' id='word_1_300' title='bbox 2183 2254 2230 2315; x_wconf 85' lang='lat' dir='ltr'><strong>B</strong></span> 
     </span>
    </p>
   </div>
   <div class='ocr_carea' id='block_1_38' title="bbox 601 2345 2159 2415">
    <p class='ocr_par' dir='ltr' id='par_1_38' title="bbox 601 2345 2159 2415">
     <span class='ocr_line' id='line_1_38' title="bbox 601 2345 2159 2415; baseline -0.002 -14"><span class='ocrx_word' id='word_1_301' title='bbox 601 2346 879 2408; x_wconf 75' lang='lat' dir='ltr'><strong>iustitiam.</strong></span> <span class='ocrx_word' id='word_1_302' title='bbox 911 2345 966 2400; x_wconf 91' lang='lat' dir='ltr'><strong>In</strong></span> <span class='ocrx_word' id='word_1_303' title='bbox 1004 2348 1401 2415; x_wconf 69' lang='lat' dir='ltr'><strong>prosopopceiae</strong></span> <span class='ocrx_word' id='word_1_304' title='bbox 1437 2346 1670 2414; x_wconf 88' lang='lat' dir='ltr'><strong>speciem</strong></span> <span class='ocrx_word' id='word_1_305' title='bbox 1698 2384 1714 2409; x_wconf 97' lang='lat'><strong>,</strong></span> <span class='ocrx_word' id='word_1_306' title='bbox 1757 2357 1969 2399; x_wconf 89' lang='lat' dir='ltr'><strong>montes</strong></span> <span class='ocrx_word' id='word_1_307' title='bbox 2006 2345 2159 2413; x_wconf 88' lang='lat' dir='ltr'><strong>jubet</strong></span> 
     </span>
    </p>
   </div>
   <div class='ocr_carea' id='block_1_39' title="bbox 599 2435 2158 2505">
    <p class='ocr_par' dir='ltr' id='par_1_39' title="bbox 599 2435 2158 2505">
     <span class='ocr_line' id='line_1_39' title="bbox 599 2435 2158 2505; baseline 0.001 -15"><span class='ocrx_word' id='word_1_308' title='bbox 599 2437 873 2504; x_wconf 85' lang='lat' dir='ltr'><strong>suscipere</strong></span> <span class='ocrx_word' id='word_1_309' title='bbox 901 2450 1084 2505; x_wconf 88' lang='lat' dir='ltr'><strong>pacem</strong></span> <span class='ocrx_word' id='word_1_310' title='bbox 1136 2450 1264 2505; x_wconf 86' lang='lat' dir='ltr'><strong>erga</strong></span> <span class='ocrx_word' id='word_1_311' title='bbox 1294 2435 1497 2490; x_wconf 86' lang='lat' dir='ltr'><strong>Christi</strong></span> <span class='ocrx_word' id='word_1_312' title='bbox 1533 2437 1791 2505; x_wconf 82' lang='lat' dir='ltr'><strong>pepulum</strong></span> <span class='ocrx_word' id='word_1_313' title='bbox 1818 2476 1835 2501; x_wconf 92' lang='lat'><strong>,</strong></span> <span class='ocrx_word' id='word_1_314' title='bbox 1891 2443 1959 2505; x_wconf 83' lang='lat' dir='ltr'><strong>et</strong></span> <span class='ocrx_word' id='word_1_315' title='bbox 1990 2436 2158 2491; x_wconf 87' lang='lat' dir='ltr'><strong>colles</strong></span> 
     </span>
    </p>
   </div>
   <div class='ocr_carea' id='block_1_40' title="bbox 596 2525 2155 2597">
    <p class='ocr_par' dir='ltr' id='par_1_40' title="bbox 596 2525 2155 2597">
     <span class='ocr_line' id='line_1_40' title="bbox 596 2525 2155 2597; baseline -0.001 -18"><span class='ocrx_word' id='word_1_316' title='bbox 596 2527 881 2597; x_wconf 84' lang='lat' dir='ltr'><strong>justitiam,</strong></span> <span class='ocrx_word' id='word_1_317' title='bbox 913 2537 965 2581; x_wconf 89' lang='lat' dir='ltr'><strong>et</strong></span> <span class='ocrx_word' id='word_1_318' title='bbox 1016 2534 1225 2581; x_wconf 85' lang='lat' dir='ltr'><strong>montes</strong></span> <span class='ocrx_word' id='word_1_319' title='bbox 1272 2526 1489 2595; x_wconf 85' lang='lat' dir='ltr'><strong>quidem</strong></span> <span class='ocrx_word' id='word_1_320' title='bbox 1550 2525 1826 2594; x_wconf 87' lang='lat' dir='ltr'><strong>paeiﬁcam</strong></span> <span class='ocrx_word' id='word_1_321' title='bbox 1877 2526 1956 2579; x_wconf 89' lang='lat' dir='ltr'><strong>eis</strong></span> <span class='ocrx_word' id='word_1_322' title='bbox 1993 2526 2155 2578; x_wconf 81' lang='lat' dir='ltr'><strong>vitam</strong></span> 
     </span>
    </p>
   </div>
   <div class='ocr_carea' id='block_1_41' title="bbox 602 2602 2156 2689">
    <p class='ocr_par' dir='ltr' id='par_1_41' title="bbox 602 2602 2156 2689">
     <span class='ocr_line' id='line_1_41' title="bbox 602 2602 2156 2689; baseline 0.001 -18"><span class='ocrx_word' id='word_1_323' title='bbox 602 2632 875 2686; x_wconf 79' lang='lat' dir='ltr'><strong>praestare,</strong></span> <span class='ocrx_word' id='word_1_324' title='bbox 914 2620 1153 2689; x_wconf 80' lang='lat' dir='ltr'><strong>expulsis</strong></span> <span class='ocrx_word' id='word_1_325' title='bbox 1179 2619 1432 2673; x_wconf 89' lang='lat' dir='ltr'><strong>nimirum</strong></span> <span class='ocrx_word' id='word_1_326' title='bbox 1468 2602 1839 2672; x_wconf 15' lang='lat' dir='ltr'><strong>seditiosis’ac</strong></span> <span class='ocrx_word' id='word_1_327' title='bbox 1900 2618 2156 2685; x_wconf 78' lang='lat' dir='ltr'><strong>malignis</strong></span> 
     </span>
    </p>
   </div>
   <div class='ocr_carea' id='block_1_42' title="bbox 604 2710 2153 2780">
    <p class='ocr_par' dir='ltr' id='par_1_42' title="bbox 604 2710 2153 2780">
     <span class='ocr_line' id='line_1_42' title="bbox 604 2710 2153 2780; baseline -0.002 -16"><span class='ocrx_word' id='word_1_328' title='bbox 604 2714 908 2765; x_wconf 65' lang='grc' dir='ltr'>σιειιιοιιιιηι</span> <span class='ocrx_word' id='word_1_329' title='bbox 936 2711 1238 2779; x_wconf 86' lang='lat' dir='ltr'><strong>spiritibus,</strong></span> <span class='ocrx_word' id='word_1_330' title='bbox 1272 2712 1436 2767; x_wconf 89' lang='lat' dir='ltr'><strong>colles</strong></span> <span class='ocrx_word' id='word_1_331' title='bbox 1468 2728 1592 2766; x_wconf 90' lang='lat' dir='ltr'><strong>vero</strong></span> <span class='ocrx_word' id='word_1_332' title='bbox 1608 2712 1750 2780; x_wconf 87' lang='lat' dir='ltr'><strong>juste</strong></span> <span class='ocrx_word' id='word_1_333' title='bbox 1767 2712 1845 2764; x_wconf 91' lang='lat' dir='ltr'><strong>eis</strong></span> <span class='ocrx_word' id='word_1_334' title='bbox 1862 2710 2153 2772; x_wconf 89' lang='lat' dir='ltr'><strong>deservire,</strong></span> 
     </span>
    </p>
   </div>
   <div class='ocr_carea' id='block_1_43' title="bbox 607 2799 2158 2870">
    <p class='ocr_par' dir='ltr' id='par_1_43' title="bbox 607 2799 2158 2870">
     <span class='ocr_line' id='line_1_43' title="bbox 607 2799 2158 2870; baseline -0.005 -16"><span class='ocrx_word' id='word_1_335' title='bbox 607 2801 763 2870; x_wconf 87' lang='lat' dir='ltr'><strong>quasi</strong></span> <span class='ocrx_word' id='word_1_336' title='bbox 812 2800 1087 2855; x_wconf 87' lang='lat' dir='ltr'><strong>Creatoris</strong></span> <span class='ocrx_word' id='word_1_337' title='bbox 1118 2800 1211 2857; x_wconf 89' lang='lat' dir='ltr'><strong>Dei</strong></span> <span class='ocrx_word' id='word_1_338' title='bbox 1265 2801 1458 2855; x_wconf 84' lang='lat' dir='ltr'><strong>servis.</strong></span> <span class='ocrx_word' id='word_1_339' title='bbox 1503 2800 1606 2856; x_wconf 88' lang='lat' dir='ltr'><strong>Per</strong></span> <span class='ocrx_word' id='word_1_340' title='bbox 1641 2809 1837 2853; x_wconf 78' lang='lat' dir='ltr'><strong>montes</strong></span> <span class='ocrx_word' id='word_1_341' title='bbox 1887 2799 2047 2853; x_wconf 87' lang='lat' dir='ltr'><strong>etiam</strong></span> <span class='ocrx_word' id='word_1_342' title='bbox 2104 2803 2158 2848; x_wconf 89' lang='lat' dir='ltr'><strong>ct</strong></span> 
     </span>
    </p>
   </div>
   <div class='ocr_carea' id='block_1_44' title="bbox 598 2892 2156 2961">
    <p class='ocr_par' dir='ltr' id='par_1_44' title="bbox 598 2892 2156 2961">
     <span class='ocr_line' id='line_1_44' title="bbox 598 2892 2156 2961; baseline -0.001 -16"><span class='ocrx_word' id='word_1_343' title='bbox 598 2892 751 2946; x_wconf 76' lang='lat' dir='ltr'><strong>colles</strong></span> <span class='ocrx_word' id='word_1_344' title='bbox 787 2901 1041 2961; x_wconf 87' lang='lat' dir='ltr'><strong>tanquam</strong></span> <span class='ocrx_word' id='word_1_345' title='bbox 1076 2893 1484 2956; x_wconf 88' lang='lat' dir='ltr'><strong>eminentiores,</strong></span> <span class='ocrx_word' id='word_1_346' title='bbox 1520 2908 1735 2947; x_wconf 85' lang='lat' dir='ltr'><strong>omnem</strong></span> <span class='ocrx_word' id='word_1_347' title='bbox 1768 2902 1968 2947; x_wconf 87' lang='lat' dir='ltr'><strong>terram</strong></span> <span class='ocrx_word' id='word_1_348' title='bbox 2004 2907 2156 2946; x_wconf 84' lang='lat' dir='ltr'><strong>com-</strong></span> 
     </span>
    </p>
   </div>
   <div class='ocr_carea' id='block_1_45' title="bbox 597 2983 2153 3052">
    <p class='ocr_par' dir='ltr' id='par_1_45' title="bbox 597 2983 2153 3052">
     <span class='ocr_line' id='line_1_45' title="bbox 597 2983 2153 3052; baseline 0.001 -16"><span class='ocrx_word' id='word_1_349' title='bbox 597 2983 903 3052; x_wconf 82' lang='lat' dir='ltr'><strong>prehendit.</strong></span> <span class='ocrx_word' id='word_1_350' title='bbox 965 2984 1020 3037; x_wconf 86' lang='lat' dir='ltr'><strong>in</strong></span> <span class='ocrx_word' id='word_1_351' title='bbox 1060 2998 1163 3050; x_wconf 90' lang='lat' dir='ltr'><strong>qua</strong></span> <span class='ocrx_word' id='word_1_352' title='bbox 1210 2984 1500 3037; x_wconf 87' lang='lat' dir='ltr'><strong>habitaturi</strong></span> <span class='ocrx_word' id='word_1_353' title='bbox 1567 2995 1720 3039; x_wconf 85' lang='lat' dir='ltr'><strong>erant</strong></span> <span class='ocrx_word' id='word_1_354' title='bbox 1774 2984 2153 3048; x_wconf 60' lang='lat' dir='ltr'><strong>anachoreta,</strong></span> 
     </span>
    </p>
   </div>
   <div class='ocr_carea' id='block_1_46' title="bbox 600 3072 2156 3143">
    <p class='ocr_par' dir='ltr' id='par_1_46' title="bbox 600 3072 2156 3143">
     <span class='ocr_line' id='line_1_46' title="bbox 600 3072 2156 3143; baseline 0.001 -19"><span class='ocrx_word' id='word_1_355' title='bbox 600 3086 757 3143; x_wconf 84' lang='lat' dir='ltr'><strong>atque</strong></span> <span class='ocrx_word' id='word_1_356' title='bbox 801 3074 1056 3140; x_wconf 78' lang='lat' dir='ltr'><strong>eremitae,</strong></span> <span class='ocrx_word' id='word_1_357' title='bbox 1085 3083 1138 3129; x_wconf 90' lang='lat' dir='ltr'><strong>et</strong></span> <span class='ocrx_word' id='word_1_358' title='bbox 1164 3089 1353 3128; x_wconf 88' lang='lat' dir='ltr'><strong>omnes</strong></span> <span class='ocrx_word' id='word_1_359' title='bbox 1394 3073 1599 3131; x_wconf 89' lang='lat' dir='ltr'><strong>Christi</strong></span> <span class='ocrx_word' id='word_1_360' title='bbox 1648 3075 1867 3130; x_wconf 89' lang='lat' dir='ltr'><strong>milites.</strong></span> <span class='ocrx_word' id='word_1_361' title='bbox 1914 3072 2010 3128; x_wconf 80' lang='lat' dir='ltr'><strong>Vel</strong></span> <span class='ocrx_word' id='word_1_362' title='bbox 2062 3088 2156 3141; x_wconf 91' lang='lat' dir='ltr'><strong>per</strong></span> 
     </span>
    </p>
   </div>
   <div class='ocr_carea' id='block_1_47' title="bbox 600 3166 2152 3235">
    <p class='ocr_par' dir='ltr' id='par_1_47' title="bbox 600 3166 2152 3235">
     <span class='ocr_line' id='line_1_47' title="bbox 600 3166 2152 3235; baseline 0 -18"><span class='ocrx_word' id='word_1_363' title='bbox 600 3175 796 3217; x_wconf 73' lang='lat' dir='ltr'><strong>monte:</strong></span> <span class='ocrx_word' id='word_1_364' title='bbox 867 3166 1082 3232; x_wconf 89' lang='lat' dir='ltr'><strong>quidem</strong></span> <span class='ocrx_word' id='word_1_365' title='bbox 1142 3166 1499 3235; x_wconf 84' lang='lat' dir='ltr'><strong>archangelos</strong></span> <span class='ocrx_word' id='word_1_366' title='bbox 1549 3166 1842 3235; x_wconf 86' lang='lat' dir='ltr'><strong>intelligit,</strong></span> <span class='ocrx_word' id='word_1_367' title='bbox 1896 3173 2152 3233; x_wconf 88' lang='lat' dir='ltr'><strong>tanquam</strong></span> 
     </span>
    </p>
   </div>
   <div class='ocr_carea' id='block_1_48' title="bbox 600 3244 2153 3325">
    <p class='ocr_par' dir='ltr' id='par_1_48' title="bbox 600 3244 2153 3325">
     <span class='ocr_line' id='line_1_48' title="bbox 600 3244 2153 3325; baseline -0.001 -16"><span class='ocrx_word' id='word_1_368' title='bbox 600 3254 985 3311; x_wconf 86' lang='lat' dir='ltr'><strong>eminentiores</strong></span> <span class='ocrx_word' id='word_1_369' title='bbox 1038 3262 1093 3310; x_wconf 87' lang='lat' dir='ltr'><strong><em>et</em></strong></span> <span class='ocrx_word' id='word_1_370' title='bbox 1159 3257 1464 3325; x_wconf 86' lang='lat' dir='ltr'><strong>superiores</strong></span> <span class='ocrx_word' id='word_1_371' title='bbox 1513 3244 1815 3325; x_wconf 86' lang='lat' dir='ltr'><strong>potentias;</strong></span> <span class='ocrx_word' id='word_1_372' title='bbox 1857 3270 1951 3324; x_wconf 85' lang='lat' dir='ltr'><strong>per</strong></span> <span class='ocrx_word' id='word_1_373' title='bbox 1996 3254 2153 3307; x_wconf 76' lang='lat' dir='ltr'><strong>colles</strong></span> 
     </span>
    </p>
   </div>
   <div class='ocr_carea' id='block_1_49' title="bbox 597 3332 2152 3414">
    <p class='ocr_par' dir='ltr' id='par_1_49' title="bbox 597 3332 2152 3414">
     <span class='ocr_line' id='line_1_49' title="bbox 597 3332 2152 3414; baseline 0.001 -19"><span class='ocrx_word' id='word_1_374' title='bbox 597 3360 748 3406; x_wconf 82' lang='lat' dir='ltr'><strong>vero,</strong></span> <span class='ocrx_word' id='word_1_375' title='bbox 790 3344 941 3413; x_wconf 87' lang='lat' dir='ltr'><strong>ipsos</strong></span> <span class='ocrx_word' id='word_1_376' title='bbox 974 3345 1195 3414; x_wconf 88' lang='lat' dir='ltr'><strong>angelos</strong></span> <span class='ocrx_word' id='word_1_377' title='bbox 1223 3385 1239 3411; x_wconf 94' lang='lat'><strong>,</strong></span> <span class='ocrx_word' id='word_1_378' title='bbox 1267 3357 1522 3413; x_wconf 82' lang='lat' dir='ltr'><strong>tanquam</strong></span> <span class='ocrx_word' id='word_1_379' title='bbox 1554 3332 1659 3400; x_wconf 85' lang='lat' dir='ltr'><strong>illis</strong></span> <span class='ocrx_word' id='word_1_380' title='bbox 1700 3344 1997 3412; x_wconf 87' lang='lat' dir='ltr'><strong>subjectos.</strong></span> <span class='ocrx_word' id='word_1_381' title='bbox 2028 3342 2152 3396; x_wconf 87' lang='lat' dir='ltr'><strong>Ele-</strong></span> 
     </span>
    </p>
   </div>
   <div class='ocr_carea' id='block_1_50' title="bbox 598 3432 2148 3501">
    <p class='ocr_par' dir='ltr' id='par_1_50' title="bbox 598 3432 2148 3501">
     <span class='ocr_line' id='line_1_50' title="bbox 598 3432 2148 3501; baseline 0 -16"><span class='ocrx_word' id='word_1_382' title='bbox 598 3433 709 3488; x_wconf 88' lang='lat' dir='ltr'><strong>vati</strong></span> <span class='ocrx_word' id='word_1_383' title='bbox 741 3442 921 3487; x_wconf 89' lang='lat' dir='ltr'><strong>tamen</strong></span> <span class='ocrx_word' id='word_1_384' title='bbox 951 3443 1081 3487; x_wconf 89' lang='lat' dir='ltr'><strong>sunt</strong></span> <span class='ocrx_word' id='word_1_385' title='bbox 1113 3434 1327 3501; x_wconf 89' lang='lat' dir='ltr'><strong>utrique</strong></span> <span class='ocrx_word' id='word_1_386' title='bbox 1361 3449 1546 3488; x_wconf 83' lang='lat' dir='ltr'><strong>eorum</strong></span> <span class='ocrx_word' id='word_1_387' title='bbox 1576 3434 1796 3488; x_wconf 84' lang='lat' dir='ltr'><strong>ordines</strong></span> <span class='ocrx_word' id='word_1_388' title='bbox 1823 3448 1852 3485; x_wconf 90' lang='lat' dir='ltr'><strong>a</strong></span> <span class='ocrx_word' id='word_1_389' title='bbox 1896 3432 2148 3493; x_wconf 82' lang='lat' dir='ltr'><strong>terrenis,</strong></span> 
     </span>
    </p>
   </div>
   <div class='ocr_carea' id='block_1_51' title="bbox 602 3513 2150 3596">
    <p class='ocr_par' dir='ltr' id='par_1_51' title="bbox 602 3513 2150 3596">
     <span class='ocr_line' id='line_1_51' title="bbox 602 3513 2150 3596; baseline 0.001 -18"><span class='ocrx_word' id='word_1_390' title='bbox 602 3540 705 3578; x_wconf 86' lang='lat' dir='ltr'><strong>non</strong></span> <span class='ocrx_word' id='word_1_391' title='bbox 739 3528 893 3579; x_wconf 82' lang='lat' dir='ltr'><strong>secus</strong></span> <span class='ocrx_word' id='word_1_392' title='bbox 922 3540 985 3580; x_wconf 91' lang='lat' dir='ltr'><strong>ac</strong></span> <span class='ocrx_word' id='word_1_393' title='bbox 1031 3534 1244 3581; x_wconf 88' lang='lat' dir='ltr'><strong>montes</strong></span> <span class='ocrx_word' id='word_1_394' title='bbox 1270 3535 1325 3582; x_wconf 81' lang='lat' dir='ltr'><strong>et</strong></span> <span class='ocrx_word' id='word_1_395' title='bbox 1358 3527 1524 3581; x_wconf 85' lang='lat' dir='ltr'><strong>colles</strong></span> <span class='ocrx_word' id='word_1_396' title='bbox 1551 3543 1579 3579; x_wconf 89' lang='lat' dir='ltr'><strong>a</strong></span> <span class='ocrx_word' id='word_1_397' title='bbox 1612 3513 1789 3581; x_wconf 48' lang='lat' dir='ltr'><strong>terra.</strong></span> <span class='ocrx_word' id='word_1_398' title='bbox 1820 3525 1932 3581; x_wconf 81' lang='lat' dir='ltr'><strong>Hos</strong></span> <span class='ocrx_word' id='word_1_399' title='bbox 1986 3527 2150 3596; x_wconf 81' lang='lat' dir='ltr'><strong>igitur</strong></span> 
     </span>
    </p>
   </div>
   <div class='ocr_carea' id='block_1_52' title="bbox 601 3614 2147 3686">
    <p class='ocr_par' dir='ltr' id='par_1_52' title="bbox 601 3614 2147 3686">
     <span class='ocr_line' id='line_1_52' title="bbox 601 3614 2147 3686; baseline -0.001 -17"><span class='ocrx_word' id='word_1_400' title='bbox 601 3616 1050 3686; x_wconf 87' lang='lat' dir='ltr'><strong>deincepsjubet,</strong></span> <span class='ocrx_word' id='word_1_401' title='bbox 1083 3628 1141 3670; x_wconf 92' lang='lat' dir='ltr'><strong>ut</strong></span> <span class='ocrx_word' id='word_1_402' title='bbox 1171 3618 1394 3685; x_wconf 80' lang='lat' dir='ltr'><strong>pacilice</strong></span> <span class='ocrx_word' id='word_1_403' title='bbox 1428 3631 1487 3670; x_wconf 87' lang='lat' dir='ltr'><strong>se</strong></span> <span class='ocrx_word' id='word_1_404' title='bbox 1522 3615 1755 3670; x_wconf 85' lang='lat' dir='ltr'><strong>habeant</strong></span> <span class='ocrx_word' id='word_1_405' title='bbox 1788 3630 1911 3671; x_wconf 91' lang='lat' dir='ltr'><strong>cum</strong></span> <span class='ocrx_word' id='word_1_406' title='bbox 1944 3614 2147 3669; x_wconf 88' lang='lat' dir='ltr'><strong>Christi</strong></span> 
     </span>
    </p>
   </div>
   <div class='ocr_carea' id='block_1_53' title="bbox 554 3702 2151 3776">
    <p class='ocr_par' dir='ltr' id='par_1_53' title="bbox 554 3702 2151 3776">
     <span class='ocr_line' id='line_1_53' title="bbox 554 3702 2151 3776; baseline -0.004 -16"><span class='ocrx_word' id='word_1_407' title='bbox 554 3718 559 3723; x_wconf 85' lang='lat'><strong><em>‘</em></strong></span> <span class='ocrx_word' id='word_1_408' title='bbox 600 3707 818 3776; x_wconf 91' lang='lat' dir='ltr'><strong>populo,</strong></span> <span class='ocrx_word' id='word_1_409' title='bbox 861 3713 1027 3775; x_wconf 86' lang='lat' dir='ltr'><strong>utque</strong></span> <span class='ocrx_word' id='word_1_410' title='bbox 1053 3705 1258 3773; x_wconf 88' lang='lat' dir='ltr'><strong>justam</strong></span> <span class='ocrx_word' id='word_1_411' title='bbox 1292 3704 1369 3758; x_wconf 89' lang='lat' dir='ltr'><strong>illi</strong></span> <span class='ocrx_word' id='word_1_412' title='bbox 1402 3718 1464 3756; x_wconf 77' lang='lat' dir='ltr'><strong>ac</strong></span> <span class='ocrx_word' id='word_1_413' title='bbox 1500 3704 1770 3769; x_wconf 86' lang='lat' dir='ltr'><strong>debitam,</strong></span> <span class='ocrx_word' id='word_1_414' title='bbox 1798 3703 1952 3771; x_wconf 89' lang='lat' dir='ltr'><strong>quasi</strong></span> <span class='ocrx_word' id='word_1_415' title='bbox 1977 3702 2151 3771; x_wconf 89' lang='lat' dir='ltr'><strong>ipsius</strong></span> 
     </span>
    </p>
   </div>
   <div class='ocr_carea' id='block_1_54' title="bbox 600 3793 2153 3862">
    <p class='ocr_par' dir='ltr' id='par_1_54' title="bbox 600 3793 2153 3862">
     <span class='ocr_line' id='line_1_54' title="bbox 600 3793 2153 3862; baseline -0.003 -13"><span class='ocrx_word' id='word_1_416' title='bbox 600 3796 810 3851; x_wconf 86' lang='lat' dir='ltr'><strong>Domini</strong></span> <span class='ocrx_word' id='word_1_417' title='bbox 854 3795 1198 3861; x_wconf 76' lang='lat' dir='ltr'><strong>lnereditati,</strong></span> <span class='ocrx_word' id='word_1_418' title='bbox 1244 3809 1399 3860; x_wconf 84' lang='lat' dir='ltr'><strong>Opem</strong></span> <span class='ocrx_word' id='word_1_419' title='bbox 1467 3794 1662 3849; x_wconf 79' lang='lat' dir='ltr'><strong>lerant.</strong></span> <span class='ocrx_word' id='word_1_420' title='bbox 1692 3793 1873 3848; x_wconf 84' lang='lat' dir='ltr'><strong>&#39;Prius</strong></span> <span class='ocrx_word' id='word_1_421' title='bbox 1921 3808 2153 3862; x_wconf 87' lang='lat' dir='ltr'><strong>namque</strong></span> 
     </span>
    </p>
   </div>
   <div class='ocr_carea' id='block_1_55' title="bbox 603 3885 2150 3954">
    <p class='ocr_par' dir='ltr' id='par_1_55' title="bbox 603 3885 2150 3954">
     <span class='ocr_line' id='line_1_55' title="bbox 603 3885 2150 3954; baseline -0.002 -13"><span class='ocrx_word' id='word_1_422' title='bbox 603 3888 818 3943; x_wconf 84' lang='lat' dir='ltr'><strong>inimice</strong></span> <span class='ocrx_word' id='word_1_423' title='bbox 841 3886 1117 3941; x_wconf 84' lang='lat' dir='ltr'><strong>nobiscum</strong></span> <span class='ocrx_word' id='word_1_424' title='bbox 1159 3886 1392 3953; x_wconf 76' lang='lat' dir='ltr'><strong>agebant</strong></span> <span class='ocrx_word' id='word_1_425' title='bbox 1444 3885 1657 3954; x_wconf 90' lang='lat' dir='ltr'><strong>angeli,</strong></span> <span class='ocrx_word' id='word_1_426' title='bbox 1682 3885 1752 3939; x_wconf 92' lang='lat' dir='ltr'><strong>ob</strong></span> <span class='ocrx_word' id='word_1_427' title='bbox 1788 3895 2023 3939; x_wconf 83' lang='lat' dir='ltr'><strong>veterem</strong></span> <span class='ocrx_word' id='word_1_428' title='bbox 2063 3885 2150 3938; x_wconf 90' lang='lat' dir='ltr'><strong>ni-</strong></span> 
     </span>
    </p>
   </div>
   <div class='ocr_carea' id='block_1_56' title="bbox 600 3973 2152 4048">
    <p class='ocr_par' dir='ltr' id='par_1_56' title="bbox 600 3973 2152 4048">
     <span class='ocr_line' id='line_1_56' title="bbox 600 3973 2152 4048; baseline 0.001 -16"><span class='ocrx_word' id='word_1_429' title='bbox 600 3980 797 4034; x_wconf 89' lang='lat' dir='ltr'><strong>mirum</strong></span> <span class='ocrx_word' id='word_1_430' title='bbox 832 3973 1293 4048; x_wconf 77' lang='lat' dir='ltr'><strong>impietatem.Yel</strong></span> <span class='ocrx_word' id='word_1_431' title='bbox 1324 3992 1416 4046; x_wconf 90' lang='lat' dir='ltr'><strong>per</strong></span> <span class='ocrx_word' id='word_1_432' title='bbox 1446 3986 1677 4041; x_wconf 87' lang='lat' dir='ltr'><strong>montes,</strong></span> <span class='ocrx_word' id='word_1_433' title='bbox 1714 3992 1864 4045; x_wconf 86' lang='lat' dir='ltr'><strong>reges</strong></span> <span class='ocrx_word' id='word_1_434' title='bbox 1895 3992 1958 4030; x_wconf 89' lang='lat' dir='ltr'><strong>ac</strong></span> <span class='ocrx_word' id='word_1_435' title='bbox 1986 3976 2152 4040; x_wconf 79' lang='lat' dir='ltr'><strong>duces</strong></span> 
     </span>
    </p>
   </div>
   <div class='ocr_carea' id='block_1_57' title="bbox 598 4068 2151 4143">
    <p class='ocr_par' dir='ltr' id='par_1_57' title="bbox 598 4068 2151 4143">
     <span class='ocr_line' id='line_1_57' title="bbox 598 4068 2151 4143; baseline -0.003 -18"><span class='ocrx_word' id='word_1_436' title='bbox 598 4071 1010 4125; x_wconf 83' lang='lat' dir='ltr'><strong>excellentiores</strong></span> <span class='ocrx_word' id='word_1_437' title='bbox 1055 4084 1305 4140; x_wconf 87' lang='lat' dir='ltr'><strong>quosque</strong></span> <span class='ocrx_word' id='word_1_438' title='bbox 1335 4070 1614 4139; x_wconf 86' lang='lat' dir='ltr'><strong>intellige:</strong></span> <span class='ocrx_word' id='word_1_439' title='bbox 1652 4084 1746 4139; x_wconf 89' lang='lat' dir='ltr'><strong>per</strong></span> <span class='ocrx_word' id='word_1_440' title='bbox 1782 4068 1946 4143; x_wconf 82' lang='lat' dir='ltr'><strong>colles</strong></span> <span class='ocrx_word' id='word_1_441' title='bbox 1981 4083 2110 4121; x_wconf 84' lang='lat' dir='ltr'><strong>vero</strong></span> <span class='ocrx_word' id='word_1_442' title='bbox 2135 4107 2151 4131; x_wconf 94' lang='lat'><strong>,</strong></span> 
     </span>
    </p>
   </div>
   <div class='ocr_carea' id='block_1_58' title="bbox 600 4159 2151 4231">
    <p class='ocr_par' dir='ltr' id='par_1_58' title="bbox 600 4159 2151 4231">
     <span class='ocr_line' id='line_1_58' title="bbox 600 4159 2151 4231; baseline -0.001 -19"><span class='ocrx_word' id='word_1_443' title='bbox 600 4161 735 4214; x_wconf 81' lang='lat' dir='ltr'><strong>alios</strong></span> <span class='ocrx_word' id='word_1_444' title='bbox 763 4161 1033 4229; x_wconf 86' lang='lat' dir='ltr'><strong>principes</strong></span> <span class='ocrx_word' id='word_1_445' title='bbox 1074 4159 1181 4231; x_wconf 82' lang='lat' dir='ltr'><strong>illis</strong></span> <span class='ocrx_word' id='word_1_446' title='bbox 1230 4162 1529 4229; x_wconf 82' lang='lat' dir='ltr'><strong>subjectos.</strong></span> <span class='ocrx_word' id='word_1_447' title='bbox 1576 4160 1725 4213; x_wconf 82' lang='lat' dir='ltr'><strong>Multi</strong></span> <span class='ocrx_word' id='word_1_448' title='bbox 1777 4162 1918 4215; x_wconf 86' lang='lat' dir='ltr'><strong>cnim</strong></span> <span class='ocrx_word' id='word_1_449' title='bbox 1966 4175 2151 4214; x_wconf 88' lang='lat' dir='ltr'><strong>eorum</strong></span> 
     </span>
    </p>
   </div>
   <div class='ocr_carea' id='block_1_59' title="bbox 598 4252 2151 4322">
    <p class='ocr_par' dir='ltr' id='par_1_59' title="bbox 598 4252 2151 4322">
     <span class='ocr_line' id='line_1_59' title="bbox 598 4252 2151 4322; baseline -0.001 -18"><span class='ocrx_word' id='word_1_450' title='bbox 598 4261 862 4305; x_wconf 86' lang='lat' dir='ltr'><strong>venerunt</strong></span> <span class='ocrx_word' id='word_1_451' title='bbox 890 4252 956 4305; x_wconf 82' lang='lat' dir='ltr'><strong>ad</strong></span> <span class='ocrx_word' id='word_1_452' title='bbox 995 4252 1150 4306; x_wconf 90' lang='lat' dir='ltr'><strong>ﬁdem</strong></span> <span class='ocrx_word' id='word_1_453' title='bbox 1177 4292 1191 4316; x_wconf 95' lang='lat'><strong>,</strong></span> <span class='ocrx_word' id='word_1_454' title='bbox 1228 4252 1452 4321; x_wconf 88' lang='lat' dir='ltr'><strong>paciﬁce</strong></span> <span class='ocrx_word' id='word_1_455' title='bbox 1496 4263 1749 4322; x_wconf 78' lang='lat' dir='ltr'><strong>agentes.</strong></span> <span class='ocrx_word' id='word_1_456' title='bbox 1813 4256 1973 4321; x_wconf 88' lang='lat' dir='ltr'><strong>atque</strong></span> <span class='ocrx_word' id='word_1_457' title='bbox 2025 4266 2151 4319; x_wconf 73' lang='lat' dir='ltr'><strong>erga</strong></span> 
     </span>
    </p>
   </div>
   <div class='ocr_carea' id='block_1_60' title="bbox 600 4341 1917 4410">
    <p class='ocr_par' dir='ltr' id='par_1_60' title="bbox 600 4341 1917 4410">
     <span class='ocr_line' id='line_1_60' title="bbox 600 4341 1917 4410; baseline -0.003 -14"><span class='ocrx_word' id='word_1_458' title='bbox 600 4342 803 4396; x_wconf 79' lang='lat' dir='ltr'><strong>Christi</strong></span> <span class='ocrx_word' id='word_1_459' title='bbox 842 4343 1095 4410; x_wconf 89' lang='lat' dir='ltr'><strong>populum</strong></span> <span class='ocrx_word' id='word_1_460' title='bbox 1128 4341 1516 4410; x_wconf 83' lang='lat' dir='ltr'><strong>benignissime</strong></span> <span class='ocrx_word' id='word_1_461' title='bbox 1541 4357 1599 4395; x_wconf 90' lang='lat' dir='ltr'><strong>se</strong></span> <span class='ocrx_word' id='word_1_462' title='bbox 1638 4341 1917 4394; x_wconf 88' lang='lat' dir='ltr'><strong>habentes.</strong></span> 
     </span>
    </p>
   </div>
   <div class='ocr_carea' id='block_1_61' title="bbox 673 4415 2154 4501">
    <p class='ocr_par' dir='ltr' id='par_1_61' title="bbox 673 4415 2154 4501">
     <span class='ocr_line' id='line_1_61' title="bbox 673 4415 2154 4501; baseline -0.002 -16"><span class='ocrx_word' id='word_1_463' title='bbox 673 4434 835 4485; x_wconf 70' lang='lat' dir='ltr'><strong>Vens.</strong></span> <span class='ocrx_word' id='word_1_464' title='bbox 866 4433 918 4486; x_wconf 70' lang='grc'><strong>4.</strong></span> <span class='ocrx_word' id='word_1_465' title='bbox 951 4431 1222 4486; x_wconf 83' lang='lat' dir='ltr'><strong>Judicabit</strong></span> <span class='ocrx_word' id='word_1_466' title='bbox 1250 4449 1502 4499; x_wconf 76' lang='lat' dir='ltr'><strong>pauperes</strong></span> <span class='ocrx_word' id='word_1_467' title='bbox 1531 4433 1709 4501; x_wconf 85' lang='lat' dir='ltr'><strong>populi</strong></span> <span class='ocrx_word' id='word_1_468' title='bbox 1735 4470 1750 4495; x_wconf 94' lang='lat'><strong>,</strong></span> <span class='ocrx_word' id='word_1_469' title='bbox 1776 4440 1825 4485; x_wconf 81' lang='lat' dir='ltr'><strong><em>et</em></strong></span> <span class='ocrx_word' id='word_1_470' title='bbox 1848 4415 2017 4484; x_wconf 76' lang='lat' dir='ltr'><strong>salvos</strong></span> <span class='ocrx_word' id='word_1_471' title='bbox 2067 4430 2154 4499; x_wconf 78' lang='lat' dir='ltr'><strong>{a-</strong></span> 
     </span>
    </p>
   </div>
   <div class='ocr_carea' id='block_1_62' title="bbox 587 4521 2152 4595">
    <p class='ocr_par' dir='ltr' id='par_1_62' title="bbox 587 4521 2152 4595">
     <span class='ocr_line' id='line_1_62' title="bbox 587 4521 2152 4595; baseline 0 -20"><span class='ocrx_word' id='word_1_472' title='bbox 587 4524 697 4576; x_wconf 60' lang='lat' dir='ltr'><strong>riet</strong></span> <span class='ocrx_word' id='word_1_473' title='bbox 738 4523 877 4590; x_wconf 78' lang='lat' dir='ltr'><strong>ﬁlios</strong></span> <span class='ocrx_word' id='word_1_474' title='bbox 913 4538 1220 4591; x_wconf 83' lang='lat' dir='ltr'><strong>pauperum.</strong></span> <span class='ocrx_word' id='word_1_475' title='bbox 1248 4522 1350 4577; x_wconf 87' lang='lat' dir='ltr'><strong>Per</strong></span> <span class='ocrx_word' id='word_1_476' title='bbox 1377 4538 1629 4592; x_wconf 76' lang='lat' dir='ltr'><strong>pauperes</strong></span> <span class='ocrx_word' id='word_1_477' title='bbox 1676 4521 1873 4591; x_wconf 84' lang='lat' dir='ltr'><strong>populi,</strong></span> <span class='ocrx_word' id='word_1_478' title='bbox 1909 4521 2152 4595; x_wconf 68' lang='lat' dir='ltr'><strong>rutliores</strong></span> 
     </span>
    </p>
   </div>
   <div class='ocr_carea' id='block_1_63' title="bbox 599 4600 2154 4680">
    <p class='ocr_par' dir='ltr' id='par_1_63' title="bbox 599 4600 2154 4680">
     <span class='ocr_line' id='line_1_63' title="bbox 599 4600 2154 4680; baseline -0.001 -17"><span class='ocrx_word' id='word_1_479' title='bbox 599 4611 866 4678; x_wconf 87' lang='lat' dir='ltr'><strong>quoslibet</strong></span> <span class='ocrx_word' id='word_1_480' title='bbox 893 4610 1197 4667; x_wconf 63' lang='lat' dir='ltr'><strong>Iudaeorum</strong></span> <span class='ocrx_word' id='word_1_481' title='bbox 1240 4610 1592 4680; x_wconf 83' lang='lat' dir='ltr'><strong>intelligunt:</strong></span> <span class='ocrx_word' id='word_1_482' title='bbox 1641 4600 2052 4678; x_wconf 28' lang='lat' dir='ltr'><strong>qui‘intellectu</strong></span> <span class='ocrx_word' id='word_1_483' title='bbox 2100 4617 2154 4662; x_wconf 89' lang='lat' dir='ltr'><strong>et</strong></span> 
     </span>
    </p>
   </div>
   <div class='ocr_carea' id='block_1_64' title="bbox 600 4696 2154 4770">
    <p class='ocr_par' dir='ltr' id='par_1_64' title="bbox 600 4696 2154 4770">
     <span class='ocr_line' id='line_1_64' title="bbox 600 4696 2154 4770; baseline -0.001 -17"><span class='ocrx_word' id='word_1_484' title='bbox 600 4700 882 4767; x_wconf 86' lang='lat' dir='ltr'><strong>prudentia</strong></span> <span class='ocrx_word' id='word_1_485' title='bbox 917 4710 1075 4755; x_wconf 87' lang='lat' dir='ltr'><strong>erant</strong></span> <span class='ocrx_word' id='word_1_486' title='bbox 1111 4715 1403 4770; x_wconf 85' lang='lat' dir='ltr'><strong>pauperes,</strong></span> <span class='ocrx_word' id='word_1_487' title='bbox 1434 4701 1561 4754; x_wconf 92' lang='lat' dir='ltr'><strong>dum</strong></span> <span class='ocrx_word' id='word_1_488' title='bbox 1592 4701 1747 4754; x_wconf 68' lang='lat' dir='ltr'><strong>nudae</strong></span> <span class='ocrx_word' id='word_1_489' title='bbox 1772 4700 1905 4770; x_wconf 87' lang='lat' dir='ltr'><strong>legis</strong></span> <span class='ocrx_word' id='word_1_490' title='bbox 1959 4696 2154 4753; x_wconf 70' lang='lat' dir='ltr'><strong>litterae</strong></span> 
     </span>
    </p>
   </div>
   <div class='ocr_carea' id='block_1_65' title="bbox 598 4791 2153 4860">
    <p class='ocr_par' dir='ltr' id='par_1_65' title="bbox 598 4791 2153 4860">
     <span class='ocr_line' id='line_1_65' title="bbox 598 4791 2153 4860; baseline 0 -16"><span class='ocrx_word' id='word_1_491' title='bbox 598 4793 951 4855; x_wconf 86' lang='lat' dir='ltr'><strong>insistentes,</strong></span> <span class='ocrx_word' id='word_1_492' title='bbox 1010 4791 1078 4847; x_wconf 91' lang='lat' dir='ltr'><strong>ad</strong></span> <span class='ocrx_word' id='word_1_493' title='bbox 1127 4792 1374 4847; x_wconf 85' lang='lat' dir='ltr'><strong>occultas</strong></span> <span class='ocrx_word' id='word_1_494' title='bbox 1418 4792 1593 4846; x_wconf 88' lang='lat' dir='ltr'><strong>sancti</strong></span> <span class='ocrx_word' id='word_1_495' title='bbox 1643 4791 1880 4860; x_wconf 85' lang='lat' dir='ltr'><strong>Spiritus</strong></span> <span class='ocrx_word' id='word_1_496' title='bbox 1932 4791 2153 4845; x_wconf 85' lang='lat' dir='ltr'><strong>divitias</strong></span> 
     </span>
    </p>
   </div>
   <div class='ocr_carea' id='block_1_66' title="bbox 2337 2247 3810 2318">
    <p class='ocr_par' dir='ltr' id='par_1_66' title="bbox 2337 2247 3810 2318">
     <span class='ocr_line' id='line_1_66' title="bbox 2337 2247 3810 2318; baseline -0.003 -13"><span class='ocrx_word' id='word_1_497' title='bbox 2337 2251 2696 2305; x_wconf 78' lang='grc' dir='ltr'>Ἀναλαϐἐτω</span> <span class='ocrx_word' id='word_1_498' title='bbox 2754 2251 2825 2303; x_wconf 81' lang='grc' dir='ltr'>τὰ</span> <span class='ocrx_word' id='word_1_499' title='bbox 2862 2250 2968 2317; x_wconf 79' lang='grc' dir='ltr'><strong>ὄρη</strong></span> <span class='ocrx_word' id='word_1_500' title='bbox 3017 2249 3265 2318; x_wconf 78' lang='grc' dir='ltr'><strong>ειρήνην</strong></span> <span class='ocrx_word' id='word_1_501' title='bbox 3292 2250 3371 2314; x_wconf 86' lang='grc' dir='ltr'>τῷ</span> <span class='ocrx_word' id='word_1_502' title='bbox 3398 2249 3560 2313; x_wconf 68' lang='grc' dir='ltr'><strong>,ιαῷν</strong></span> <span class='ocrx_word' id='word_1_503' title='bbox 3621 2248 3713 2299; x_wconf 79' lang='grc' dir='ltr'>καὶ</span> <span class='ocrx_word' id='word_1_504' title='bbox 3756 2247 3810 2300; x_wconf 76' lang='grc' dir='ltr'>οι</span> 
     </span>
    </p>
   </div>
   <div class='ocr_carea' id='block_1_67' title="bbox 2252 2335 3810 2408">
    <p class='ocr_par' dir='ltr' id='par_1_67' title="bbox 2252 2335 3810 2408">
     <span class='ocr_line' id='line_1_67' title="bbox 2252 2335 3810 2408; baseline -0.004 -14"><span class='ocrx_word' id='word_1_505' title='bbox 2252 2341 2472 2405; x_wconf 72' lang='grc' dir='ltr'>,ϐουνοί</span> <span class='ocrx_word' id='word_1_506' title='bbox 2508 2341 2919 2406; x_wconf 79' lang='grc' dir='ltr'>δικαιοσύνην.</span> <span class='ocrx_word' id='word_1_507' title='bbox 2954 2340 3110 2391; x_wconf 84' lang='grc' dir='ltr'><strong>Κατὰ</strong></span> <span class='ocrx_word' id='word_1_508' title='bbox 3147 2339 3305 2406; x_wconf 81' lang='grc' dir='ltr'>λόγον</span> <span class='ocrx_word' id='word_1_509' title='bbox 3345 2335 3810 2408; x_wconf 81' lang='grc' dir='ltr'>προσωποποιίας,</span> 
     </span>
    </p>
   </div>
   <div class='ocr_carea' id='block_1_68' title="bbox 2257 2415 3837 2500">
    <p class='ocr_par' dir='ltr' id='par_1_68' title="bbox 2257 2415 3837 2500">
     <span class='ocr_line' id='line_1_68' title="bbox 2257 2415 3837 2500; baseline -0.006 -16"><span class='ocrx_word' id='word_1_510' title='bbox 2257 2431 2604 2500; x_wconf 78' lang='grc' dir='ltr'>ὲγκελεύεται</span> <span class='ocrx_word' id='word_1_511' title='bbox 2633 2432 2744 2493; x_wconf 77' lang='grc' dir='ltr'>τοῖς</span> <span class='ocrx_word' id='word_1_512' title='bbox 2792 2430 2944 2499; x_wconf 71' lang='grc' dir='ltr'>ὄρεσι</span> <span class='ocrx_word' id='word_1_513' title='bbox 2987 2429 3086 2498; x_wconf 83' lang='grc' dir='ltr'><strong>μὲν</strong></span> <span class='ocrx_word' id='word_1_514' title='bbox 3131 2429 3533 2495; x_wconf 80' lang='grc' dir='ltr'>ἀναλαμϐάνειν</span> <span class='ocrx_word' id='word_1_515' title='bbox 3585 2415 3837 2497; x_wconf 56' lang='grc' dir='ltr'>εἰρήνην</span> 
     </span>
    </p>
   </div>
   <div class='ocr_carea' id='block_1_69' title="bbox 2258 2515 3810 2593">
    <p class='ocr_par' dir='ltr' id='par_1_69' title="bbox 2258 2515 3810 2593">
     <span class='ocr_line' id='line_1_69' title="bbox 2258 2515 3810 2593; baseline -0.006 -19"><span class='ocrx_word' id='word_1_516' title='bbox 2258 2524 2391 2593; x_wconf 73' lang='grc' dir='ltr'>πρὸς</span> <span class='ocrx_word' id='word_1_517' title='bbox 2410 2521 2503 2576; x_wconf 89' lang='grc' dir='ltr'><strong>τοῦ</strong></span> <span class='ocrx_word' id='word_1_518' title='bbox 2535 2520 2769 2590; x_wconf 83' lang='grc' dir='ltr'>Χριστοῦ</span> <span class='ocrx_word' id='word_1_519' title='bbox 2797 2560 2812 2586; x_wconf 88' lang='grc'><strong>,</strong></span> <span class='ocrx_word' id='word_1_520' title='bbox 2852 2522 2961 2582; x_wconf 81' lang='grc' dir='ltr'>τοῖς</span> <span class='ocrx_word' id='word_1_521' title='bbox 2983 2520 3039 2570; x_wconf 83' lang='grc' dir='ltr'>δὲ</span> <span class='ocrx_word' id='word_1_522' title='bbox 3080 2520 3285 2589; x_wconf 80' lang='grc' dir='ltr'>βουνοῖς</span> <span class='ocrx_word' id='word_1_523' title='bbox 3321 2516 3687 2584; x_wconf 82' lang='grc' dir='ltr'>δικαιοσύνην·</span> <span class='ocrx_word' id='word_1_524' title='bbox 3712 2515 3810 2566; x_wconf 51' lang='grc' dir='ltr'><strong>καὶ⁵</strong></span> 
     </span>
    </p>
   </div>
   <div class='ocr_carea' id='block_1_70' title="bbox 2255 2605 3809 2683">
    <p class='ocr_par' dir='ltr' id='par_1_70' title="bbox 2255 2605 3809 2683">
     <span class='ocr_line' id='line_1_70' title="bbox 2255 2605 3809 2683; baseline -0.006 -17"><span class='ocrx_word' id='word_1_525' title='bbox 2255 2614 2447 2682; x_wconf 77' lang='grc' dir='ltr'>τὰμὲν</span> <span class='ocrx_word' id='word_1_526' title='bbox 2472 2614 2749 2683; x_wconf 80' lang='grc' dir='ltr'>είρηνικὴν</span> <span class='ocrx_word' id='word_1_527' title='bbox 2802 2608 2948 2682; x_wconf 85' lang='grc' dir='ltr'>αὐτῷ</span> <span class='ocrx_word' id='word_1_528' title='bbox 2984 2612 3243 2681; x_wconf 81' lang='grc' dir='ltr'>παρέχειν</span> <span class='ocrx_word' id='word_1_529' title='bbox 3297 2610 3530 2671; x_wconf 66' lang='grc' dir='ltr'>δίαιταν,</span> <span class='ocrx_word' id='word_1_530' title='bbox 3581 2605 3809 2658; x_wconf 80' lang='grc' dir='ltr'>ἀπωσά-</span> 
     </span>
    </p>
   </div>
   <div class='ocr_carea' id='block_1_71' title="bbox 2260 2696 3808 2775">
    <p class='ocr_par' dir='ltr' id='par_1_71' title="bbox 2260 2696 3808 2775">
     <span class='ocr_line' id='line_1_71' title="bbox 2260 2696 3808 2775; baseline -0.008 -15"><span class='ocrx_word' id='word_1_531' title='bbox 2260 2723 2393 2775; x_wconf 81' lang='grc' dir='ltr'>μενα</span> <span class='ocrx_word' id='word_1_532' title='bbox 2414 2706 2538 2767; x_wconf 73' lang='grc' dir='ltr'>τοὺς</span> <span class='ocrx_word' id='word_1_533' title='bbox 2569 2703 2896 2763; x_wconf 81' lang='grc' dir='ltr'>στασιαστὰς</span> <span class='ocrx_word' id='word_1_534' title='bbox 2949 2702 3210 2770; x_wconf 80' lang='grc' dir='ltr'>δαίμονας</span> <span class='ocrx_word' id='word_1_535' title='bbox 3242 2740 3257 2764; x_wconf 88' lang='grc'><strong>,</strong></span> <span class='ocrx_word' id='word_1_536' title='bbox 3310 2701 3432 2761; x_wconf 80' lang='grc' dir='ltr'>τοὺς</span> <span class='ocrx_word' id='word_1_537' title='bbox 3476 2700 3532 2751; x_wconf 81' lang='grc' dir='ltr'>δὲ</span> <span class='ocrx_word' id='word_1_538' title='bbox 3582 2696 3808 2756; x_wconf 76' lang='grc' dir='ltr'>δικαίως</span> 
     </span>
    </p>
   </div>
   <div class='ocr_carea' id='block_1_72' title="bbox 2257 2784 3809 2857">
    <p class='ocr_par' dir='ltr' id='par_1_72' title="bbox 2257 2784 3809 2857">
     <span class='ocr_line' id='line_1_72' title="bbox 2257 2784 3809 2857; baseline -0.005 -9"><span class='ocrx_word' id='word_1_539' title='bbox 2257 2798 2437 2857; x_wconf 80' lang='grc' dir='ltr'>αὐτοῖς</span> <span class='ocrx_word' id='word_1_540' title='bbox 2466 2793 2751 2854; x_wconf 77' lang='grc' dir='ltr'>δουλεύειν,</span> <span class='ocrx_word' id='word_1_541' title='bbox 2775 2793 2847 2855; x_wconf 80' lang='grc' dir='ltr'>ὡς</span> <span class='ocrx_word' id='word_1_542' title='bbox 2869 2792 3073 2853; x_wconf 86' lang='grc' dir='ltr'>δούλοις</span> <span class='ocrx_word' id='word_1_543' title='bbox 3096 2791 3189 2845; x_wconf 87' lang='grc' dir='ltr'><strong>τοῦ</strong></span> <span class='ocrx_word' id='word_1_544' title='bbox 3219 2790 3450 2843; x_wconf 76' lang='grc' dir='ltr'>κτίστου</span> <span class='ocrx_word' id='word_1_545' title='bbox 3473 2802 3485 2815; x_wconf 92' lang='grc'><strong>·</strong></span> <span class='ocrx_word' id='word_1_546' title='bbox 3516 2788 3605 2839; x_wconf 84' lang='grc' dir='ltr'>διὰ</span> <span class='ocrx_word' id='word_1_547' title='bbox 3623 2787 3680 2838; x_wconf 83' lang='grc' dir='ltr'>δὲ</span> <span class='ocrx_word' id='word_1_548' title='bbox 3702 2784 3809 2841; x_wconf 74' lang='grc' dir='ltr'><strong>τῶν</strong></span> 
     </span>
    </p>
   </div>
   <div class='ocr_carea' id='block_1_73' title="bbox 2254 2877 3807 2958">
    <p class='ocr_par' dir='ltr' id='par_1_73' title="bbox 2254 2877 3807 2958">
     <span class='ocr_line' id='line_1_73' title="bbox 2254 2877 3807 2958; baseline -0.009 -18"><span class='ocrx_word' id='word_1_549' title='bbox 2254 2889 2425 2958; x_wconf 79' lang='grc' dir='ltr'>ὀρέων</span> <span class='ocrx_word' id='word_1_550' title='bbox 2457 2887 2683 2939; x_wconf 75' lang='grc' dir='ltr'>καὶτῶν</span> <span class='ocrx_word' id='word_1_551' title='bbox 2715 2885 2916 2953; x_wconf 85' lang='grc' dir='ltr'>βουνῶν</span> <span class='ocrx_word' id='word_1_552' title='bbox 2951 2883 3024 2946; x_wconf 84' lang='grc' dir='ltr'>ὡς</span> <span class='ocrx_word' id='word_1_553' title='bbox 3057 2882 3429 2951; x_wconf 76' lang='grc' dir='ltr'><strong>ὑπερεχόντων</strong></span> <span class='ocrx_word' id='word_1_554' title='bbox 3469 2879 3678 2930; x_wconf 69' lang='grc' dir='ltr'>’πᾶσαν</span> <span class='ocrx_word' id='word_1_555' title='bbox 3706 2877 3807 2945; x_wconf 79' lang='grc' dir='ltr'>τὴν</span> 
     </span>
    </p>
   </div>
   <div class='ocr_carea' id='block_1_74' title="bbox 2254 2968 3803 3047">
    <p class='ocr_par' dir='ltr' id='par_1_74' title="bbox 2254 2968 3803 3047">
     <span class='ocr_line' id='line_1_74' title="bbox 2254 2968 3803 3047; baseline -0.008 -18"><span class='ocrx_word' id='word_1_556' title='bbox 2254 2981 2358 3047; x_wconf 77' lang='grc' dir='ltr'><strong>γῆν</strong></span> <span class='ocrx_word' id='word_1_557' title='bbox 2419 2975 2877 3047; x_wconf 78' lang='grc' dir='ltr'>συμπεριέλασεν,</span> <span class='ocrx_word' id='word_1_558' title='bbox 2939 2975 3113 3043; x_wconf 25' lang='grc' dir='ltr'>εἰςλῆν</span> <span class='ocrx_word' id='word_1_559' title='bbox 3166 2972 3388 3041; x_wconf 77' lang='grc' dir='ltr'>ἔμελλον</span> <span class='ocrx_word' id='word_1_560' title='bbox 3448 2968 3718 3022; x_wconf 77' lang='grc' dir='ltr'>κατοικεῖν</span> <span class='ocrx_word' id='word_1_561' title='bbox 3753 2968 3803 3019; x_wconf 80' lang='lat' dir='ltr'><strong>oi</strong></span> 
     </span>
    </p>
   </div>
   <div class='ocr_carea' id='block_1_75' title="bbox 2254 3057 3805 3138">
    <p class='ocr_par' dir='ltr' id='par_1_75' title="bbox 2254 3057 3805 3138">
     <span class='ocr_line' id='line_1_75' title="bbox 2254 3057 3805 3138; baseline -0.007 -17"><span class='ocrx_word' id='word_1_562' title='bbox 2254 3068 2623 3138; x_wconf 76' lang='grc' dir='ltr'>ἀναχωρηταὶ,</span> <span class='ocrx_word' id='word_1_563' title='bbox 2678 3067 2772 3118; x_wconf 76' lang='grc' dir='ltr'>καὶ</span> <span class='ocrx_word' id='word_1_564' title='bbox 2831 3065 3088 3133; x_wconf 71' lang='grc' dir='ltr'>ἀσκηταὶ,</span> <span class='ocrx_word' id='word_1_565' title='bbox 3136 3065 3230 3115; x_wconf 78' lang='grc' dir='ltr'>καὶ</span> <span class='ocrx_word' id='word_1_566' title='bbox 3286 3062 3621 3131; x_wconf 85' lang='grc' dir='ltr'>στρατιῶται</span> <span class='ocrx_word' id='word_1_567' title='bbox 3707 3057 3805 3111; x_wconf 88' lang='grc' dir='ltr'><strong>τοῦ</strong></span> 
     </span>
    </p>
   </div>
   <div class='ocr_carea' id='block_1_76' title="bbox 2254 3148 3805 3230">
    <p class='ocr_par' dir='ltr' id='par_1_76' title="bbox 2254 3148 3805 3230">
     <span class='ocr_line' id='line_1_76' title="bbox 2254 3148 3805 3230; baseline -0.007 -19"><span class='ocrx_word' id='word_1_568' title='bbox 2254 3159 2491 3230; x_wconf 77' lang='grc' dir='ltr'>Χριστοῦ</span> <span class='ocrx_word' id='word_1_569' title='bbox 2511 3175 2524 3186; x_wconf 75' lang='grc'><strong>“</strong></span> <span class='ocrx_word' id='word_1_570' title='bbox 2575 3158 2607 3227; x_wconf 83' lang='grc' dir='ltr'><strong>ἦ</strong></span> <span class='ocrx_word' id='word_1_571' title='bbox 2655 3157 2756 3225; x_wconf 81' lang='grc' dir='ltr'><strong>ὅρη</strong></span> <span class='ocrx_word' id='word_1_572' title='bbox 2800 3156 2901 3224; x_wconf 77' lang='grc' dir='ltr'><strong>μὲν</strong></span> <span class='ocrx_word' id='word_1_573' title='bbox 2930 3156 3139 3224; x_wconf 82' lang='grc' dir='ltr'>νοήσεις</span> <span class='ocrx_word' id='word_1_574' title='bbox 3166 3154 3292 3212; x_wconf 81' lang='grc' dir='ltr'>τοὺς</span> <span class='ocrx_word' id='word_1_575' title='bbox 3324 3151 3696 3222; x_wconf 76' lang='grc' dir='ltr'>ἀρχαγγέλους</span> <span class='ocrx_word' id='word_1_576' title='bbox 3723 3148 3805 3210; x_wconf 84' lang='grc' dir='ltr'>ὡς</span> 
     </span>
    </p>
   </div>
   <div class='ocr_carea' id='block_1_77' title="bbox 2253 3241 3807 3319">
    <p class='ocr_par' dir='ltr' id='par_1_77' title="bbox 2253 3241 3807 3319">
     <span class='ocr_line' id='line_1_77' title="bbox 2253 3241 3807 3319; baseline -0.008 -16"><span class='ocrx_word' id='word_1_577' title='bbox 2253 3251 2622 3319; x_wconf 81' lang='grc' dir='ltr'>ὑπερέχοντας</span> <span class='ocrx_word' id='word_1_578' title='bbox 2634 3250 2744 3301; x_wconf 84' lang='grc' dir='ltr'>τῶν</span> <span class='ocrx_word' id='word_1_579' title='bbox 2762 3247 3032 3316; x_wconf 82' lang='grc' dir='ltr'>ἀγγέλων,</span> <span class='ocrx_word' id='word_1_580' title='bbox 3060 3244 3280 3315; x_wconf 80' lang='grc' dir='ltr'>βουνοὺς</span> <span class='ocrx_word' id='word_1_581' title='bbox 3307 3243 3375 3303; x_wconf 81' lang='grc' dir='ltr'><strong>δὲ¹</strong></span> <span class='ocrx_word' id='word_1_582' title='bbox 3390 3245 3515 3305; x_wconf 76' lang='grc' dir='ltr'>τοὺς</span> <span class='ocrx_word' id='word_1_583' title='bbox 3536 3241 3807 3309; x_wconf 72' lang='grc' dir='ltr'><strong>ἀγγέλους</strong></span> 
     </span>
    </p>
   </div>
   <div class='ocr_carea' id='block_1_78' title="bbox 2251 3326 3805 3407">
    <p class='ocr_par' dir='ltr' id='par_1_78' title="bbox 2251 3326 3805 3407">
     <span class='ocr_line' id='line_1_78' title="bbox 2251 3326 3805 3407; baseline -0.003 -14"><span class='ocrx_word' id='word_1_584' title='bbox 2251 3341 2326 3405; x_wconf 86' lang='grc' dir='ltr'><strong>ὡς</strong></span> <span class='ocrx_word' id='word_1_585' title='bbox 2351 3340 2764 3407; x_wconf 80' lang='grc' dir='ltr'>ὐποὸεὸηκὸτας</span> <span class='ocrx_word' id='word_1_586' title='bbox 2793 3340 2997 3401; x_wconf 79' lang='grc' dir='ltr'>αὐτοῖς.</span> <span class='ocrx_word' id='word_1_587' title='bbox 3032 3326 3438 3405; x_wconf 80' lang='grc' dir='ltr'>’Υπερηρμένοι</span> <span class='ocrx_word' id='word_1_588' title='bbox 3482 3334 3538 3385; x_wconf 85' lang='grc' dir='ltr'><em>δέ</em></span> <span class='ocrx_word' id='word_1_589' title='bbox 3563 3336 3670 3388; x_wconf 80' lang='grc' dir='ltr'>εἰσι</span> <span class='ocrx_word' id='word_1_590' title='bbox 3702 3333 3805 3388; x_wconf 67' lang='grc' dir='ltr'>καὶ</span> 
     </span>
    </p>
   </div>
   <div class='ocr_carea' id='block_1_79' title="bbox 2254 3423 3799 3495">
    <p class='ocr_par' dir='ltr' id='par_1_79' title="bbox 2254 3423 3799 3495">
     <span class='ocr_line' id='line_1_79' title="bbox 2254 3423 3799 3495; baseline -0.007 -10"><span class='ocrx_word' id='word_1_591' title='bbox 2254 3426 2400 3487; x_wconf 61' lang='grc' dir='ltr'>οὗτοι</span> <span class='ocrx_word' id='word_1_592' title='bbox 2431 3432 2672 3487; x_wconf 84' lang='grc' dir='ltr'>κάκεῖνοι</span> <span class='ocrx_word' id='word_1_593' title='bbox 2695 3429 2802 3483; x_wconf 81' lang='grc' dir='ltr'><strong>τῶν</strong></span> <span class='ocrx_word' id='word_1_594' title='bbox 2834 3430 3037 3495; x_wconf 69' lang='grc' dir='ltr'>γηΐνων</span> <span class='ocrx_word' id='word_1_595' title='bbox 3071 3426 3145 3488; x_wconf 87' lang='grc' dir='ltr'>ὠς</span> <span class='ocrx_word' id='word_1_596' title='bbox 3181 3427 3249 3477; x_wconf 81' lang='grc' dir='ltr'><strong>τά</strong></span> <span class='ocrx_word' id='word_1_597' title='bbox 3279 3425 3379 3493; x_wconf 78' lang='grc' dir='ltr'><strong>ὅρη</strong></span> <span class='ocrx_word' id='word_1_598' title='bbox 3412 3425 3506 3479; x_wconf 73' lang='grc' dir='ltr'>καὶ</span> <span class='ocrx_word' id='word_1_599' title='bbox 3532 3425 3580 3475; x_wconf 81' lang='lat' dir='ltr'><strong>oi</strong></span> <span class='ocrx_word' id='word_1_600' title='bbox 3614 3423 3799 3491; x_wconf 78' lang='grc' dir='ltr'>βουνο).</span> 
     </span>
    </p>
   </div>
   <div class='ocr_carea' id='block_1_80' title="bbox 2254 3511 3805 3591">
    <p class='ocr_par' dir='ltr' id='par_1_80' title="bbox 2254 3511 3805 3591">
     <span class='ocr_line' id='line_1_80' title="bbox 2254 3511 3805 3591; baseline -0.01 -15"><span class='ocrx_word' id='word_1_601' title='bbox 2254 3524 2353 3591; x_wconf 78' lang='grc' dir='ltr'>τῆς</span> <span class='ocrx_word' id='word_1_602' title='bbox 2382 3524 2516 3591; x_wconf 76' lang='grc' dir='ltr'>γῆς,</span> <span class='ocrx_word' id='word_1_603' title='bbox 2550 3520 2641 3585; x_wconf 85' lang='grc' dir='ltr'>οὒς</span> <span class='ocrx_word' id='word_1_604' title='bbox 2673 3519 2769 3574; x_wconf 80' lang='grc' dir='ltr'>καὶ</span> <span class='ocrx_word' id='word_1_605' title='bbox 2813 3517 3181 3589; x_wconf 77' lang='grc' dir='ltr'>προτρέπεται</span> <span class='ocrx_word' id='word_1_606' title='bbox 3216 3516 3522 3584; x_wconf 78' lang='grc' dir='ltr'>εἰρηνεύειν</span> <span class='ocrx_word' id='word_1_607' title='bbox 3567 3511 3662 3564; x_wconf 83' lang='grc' dir='ltr'><strong>τοῦ</strong></span> <span class='ocrx_word' id='word_1_608' title='bbox 3694 3511 3805 3562; x_wconf 85' lang='grc' dir='ltr'>λοι-</span> 
     </span>
    </p>
   </div>
   <div class='ocr_carea' id='block_1_81' title="bbox 2256 3594 3809 3682">
    <p class='ocr_par' dir='ltr' id='par_1_81' title="bbox 2256 3594 3809 3682">
     <span class='ocr_line' id='line_1_81' title="bbox 2256 3594 3809 3682; baseline -0.01 -16"><span class='ocrx_word' id='word_1_609' title='bbox 2256 3614 2358 3666; x_wconf 91' lang='grc' dir='ltr'><strong>ποῦ</strong></span> <span class='ocrx_word' id='word_1_610' title='bbox 2417 3613 2552 3682; x_wconf 73' lang='grc' dir='ltr'>πρὸς</span> <span class='ocrx_word' id='word_1_611' title='bbox 2591 3611 2681 3665; x_wconf 72' lang='grc' dir='ltr'><strong>τὸν</strong></span> <span class='ocrx_word' id='word_1_612' title='bbox 2710 3610 2837 3665; x_wconf 76' lang='grc' dir='ltr'>λαὸν</span> <span class='ocrx_word' id='word_1_613' title='bbox 2868 3607 2968 3660; x_wconf 83' lang='grc' dir='ltr'><strong>τοῦ</strong></span> <span class='ocrx_word' id='word_1_614' title='bbox 3004 3594 3264 3677; x_wconf 76' lang='grc' dir='ltr'>Χριστοῦ,</span> <span class='ocrx_word' id='word_1_615' title='bbox 3297 3604 3392 3656; x_wconf 75' lang='grc' dir='ltr'>καὶ</span> <span class='ocrx_word' id='word_1_616' title='bbox 3410 3603 3632 3663; x_wconf 82' lang='grc' dir='ltr'>δικαίως</span> <span class='ocrx_word' id='word_1_617' title='bbox 3653 3598 3809 3671; x_wconf 87' lang='grc' dir='ltr'><strong>αὺτῷ</strong></span> 
     </span>
    </p>
   </div>
   <div class='ocr_carea' id='block_1_82' title="bbox 2256 3693 3806 3776">
    <p class='ocr_par' dir='ltr' id='par_1_82' title="bbox 2256 3693 3806 3776">
     <span class='ocr_line' id='line_1_82' title="bbox 2256 3693 3806 3776; baseline -0.008 -18"><span class='ocrx_word' id='word_1_618' title='bbox 2256 3702 2683 3776; x_wconf 80' lang='grc' dir='ltr'>προσφέρεσθαι,</span> <span class='ocrx_word' id='word_1_619' title='bbox 2729 3702 2804 3763; x_wconf 86' lang='grc' dir='ltr'><strong>ὡς</strong></span> <span class='ocrx_word' id='word_1_620' title='bbox 2835 3698 3165 3768; x_wconf 77' lang='grc' dir='ltr'>κληρονομίᾳ</span> <span class='ocrx_word' id='word_1_621' title='bbox 3195 3697 3285 3750; x_wconf 87' lang='grc' dir='ltr'><strong>τοῦ</strong></span> <span class='ocrx_word' id='word_1_622' title='bbox 3327 3696 3618 3754; x_wconf 81' lang='grc' dir='ltr'>Δεσπότου.</span> <span class='ocrx_word' id='word_1_623' title='bbox 3661 3693 3806 3763; x_wconf 86' lang='grc' dir='ltr'><strong>Πρό-</strong></span> 
     </span>
    </p>
   </div>
   <div class='ocr_carea' id='block_1_83' title="bbox 2253 3783 3803 3865">
    <p class='ocr_par' dir='ltr' id='par_1_83' title="bbox 2253 3783 3803 3865">
     <span class='ocr_line' id='line_1_83' title="bbox 2253 3783 3803 3865; baseline -0.011 -15"><span class='ocrx_word' id='word_1_624' title='bbox 2253 3814 2408 3865; x_wconf 86' lang='grc' dir='ltr'>τερον</span> <span class='ocrx_word' id='word_1_625' title='bbox 2436 3796 2543 3865; x_wconf 83' lang='grc' dir='ltr'><strong>γάρ</strong></span> <span class='ocrx_word' id='word_1_626' title='bbox 2572 3789 2710 3864; x_wconf 82' lang='grc' dir='ltr'>ἦσαν</span> <span class='ocrx_word' id='word_1_627' title='bbox 2736 3784 3254 3858; x_wconf 72' lang='grc' dir='ltr'>ἐκπεπολεμωμένοι</span> <span class='ocrx_word' id='word_1_628' title='bbox 3275 3788 3351 3857; x_wconf 81' lang='grc' dir='ltr'><strong>τῷ</strong></span> <span class='ocrx_word' id='word_1_629' title='bbox 3376 3785 3491 3855; x_wconf 82' lang='grc' dir='ltr'>λαῷ</span> <span class='ocrx_word' id='word_1_630' title='bbox 3521 3785 3694 3853; x_wconf 84' lang='grc' dir='ltr'>τούτῳ</span> <span class='ocrx_word' id='word_1_631' title='bbox 3712 3783 3803 3835; x_wconf 80' lang='grc' dir='ltr'>διὰ</span> 
     </span>
    </p>
   </div>
   <div class='ocr_carea' id='block_1_84' title="bbox 2252 3875 3810 3959">
    <p class='ocr_par' dir='ltr' id='par_1_84' title="bbox 2252 3875 3810 3959">
     <span class='ocr_line' id='line_1_84' title="bbox 2252 3875 3810 3959; baseline -0.01 -19"><span class='ocrx_word' id='word_1_632' title='bbox 2252 3888 2350 3959; x_wconf 83' lang='grc' dir='ltr'>τὴν</span> <span class='ocrx_word' id='word_1_633' title='bbox 2374 3884 2725 3940; x_wconf 79' lang='grc' dir='ltr'>ἀσέϐειαν.“Η</span> <span class='ocrx_word' id='word_1_634' title='bbox 2753 3882 2852 3952; x_wconf 75' lang='grc' dir='ltr'><strong>ὅρη</strong></span> <span class='ocrx_word' id='word_1_635' title='bbox 2890 3880 2987 3949; x_wconf 84' lang='grc' dir='ltr'><strong>μὲν</strong></span> <span class='ocrx_word' id='word_1_636' title='bbox 3036 3881 3085 3930; x_wconf 80' lang='lat' dir='ltr'><strong>oi</strong></span> <span class='ocrx_word' id='word_1_637' title='bbox 3126 3877 3358 3946; x_wconf 85' lang='grc' dir='ltr'>βασιλεῖς</span> <span class='ocrx_word' id='word_1_638' title='bbox 3390 3877 3483 3929; x_wconf 76' lang='grc' dir='ltr'>καὶ</span> <span class='ocrx_word' id='word_1_639' title='bbox 3514 3875 3810 3951; x_wconf 73' lang='grc' dir='ltr'>ἡγεμόνες,</span> 
     </span>
    </p>
   </div>
   <div class='ocr_carea' id='block_1_85' title="bbox 2257 3962 3807 4047">
    <p class='ocr_par' dir='ltr' id='par_1_85' title="bbox 2257 3962 3807 4047">
     <span class='ocr_line' id='line_1_85' title="bbox 2257 3962 3807 4047; baseline -0.012 -16"><span class='ocrx_word' id='word_1_640' title='bbox 2257 3978 2433 4047; x_wconf 59' lang='grc' dir='ltr'>βουνοί</span> <span class='ocrx_word' id='word_1_641' title='bbox 2479 3967 2547 4029; x_wconf 74' lang='grc' dir='ltr'><strong>δὲ’</strong></span> <span class='ocrx_word' id='word_1_642' title='bbox 2581 3976 2628 4026; x_wconf 82' lang='grc' dir='ltr'>οἱ</span> <span class='ocrx_word' id='word_1_643' title='bbox 2681 3969 3081 4040; x_wconf 78' lang='grc' dir='ltr'>ὑποϐεϐηκότες</span> <span class='ocrx_word' id='word_1_644' title='bbox 3108 3967 3403 4037; x_wconf 79' lang='grc' dir='ltr'>ἄρχοντες·</span> <span class='ocrx_word' id='word_1_645' title='bbox 3447 3965 3630 4017; x_wconf 81' lang='grc' dir='ltr'>πολλοὶ</span> <span class='ocrx_word' id='word_1_646' title='bbox 3689 3962 3807 4047; x_wconf 55' lang='grc' dir='ltr'><strong>γὰρ</strong></span> 
     </span>
    </p>
   </div>
   <div class='ocr_carea' id='block_1_86' title="bbox 2253 4052 3806 4134">
    <p class='ocr_par' dir='ltr' id='par_1_86' title="bbox 2253 4052 3806 4134">
     <span class='ocr_line' id='line_1_86' title="bbox 2253 4052 3806 4134; baseline -0.011 -13"><span class='ocrx_word' id='word_1_647' title='bbox 2253 4067 2485 4121; x_wconf 86' lang='grc' dir='ltr'>τοιοῦτοι</span> <span class='ocrx_word' id='word_1_648' title='bbox 2513 4064 2647 4134; x_wconf 83' lang='grc' dir='ltr'>πρὸς</span> <span class='ocrx_word' id='word_1_649' title='bbox 2674 4064 2771 4131; x_wconf 78' lang='grc' dir='ltr'>τὴν</span> <span class='ocrx_word' id='word_1_650' title='bbox 2797 4061 2977 4114; x_wconf 80' lang='grc' dir='ltr'>πίστιν</span> <span class='ocrx_word' id='word_1_651' title='bbox 3010 4054 3170 4128; x_wconf 76' lang='grc' dir='ltr'>ἦλθον</span> <span class='ocrx_word' id='word_1_652' title='bbox 3200 4054 3612 4126; x_wconf 70' lang='grc' dir='ltr'>εἰρηνεύσαντες</span> <span class='ocrx_word' id='word_1_653' title='bbox 3637 4096 3652 4119; x_wconf 88' lang='grc'><strong>,</strong></span> <span class='ocrx_word' id='word_1_654' title='bbox 3706 4052 3806 4107; x_wconf 67' lang='grc' dir='ltr'>καὶ</span> 
     </span>
    </p>
   </div>
   <div class='ocr_carea' id='block_1_87' title="bbox 2254 4147 3495 4225">
    <p class='ocr_par' dir='ltr' id='par_1_87' title="bbox 2254 4147 3495 4225">
     <span class='ocr_line' id='line_1_87' title="bbox 2254 4147 3495 4225; baseline -0.01 -14"><span class='ocrx_word' id='word_1_655' title='bbox 2254 4158 2475 4220; x_wconf 73' lang='grc' dir='ltr'>δικαίως</span> <span class='ocrx_word' id='word_1_656' title='bbox 2503 4156 2580 4225; x_wconf 80' lang='grc' dir='ltr'>τῷ</span> <span class='ocrx_word' id='word_1_657' title='bbox 2602 4153 2717 4223; x_wconf 83' lang='grc' dir='ltr'><strong>λαῷ</strong></span> <span class='ocrx_word' id='word_1_658' title='bbox 2746 4152 2840 4205; x_wconf 89' lang='grc' dir='ltr'><strong>τοῦ</strong></span> <span class='ocrx_word' id='word_1_659' title='bbox 2872 4148 3107 4219; x_wconf 84' lang='grc' dir='ltr'>Χριστοῦ</span> <span class='ocrx_word' id='word_1_660' title='bbox 3138 4147 3495 4220; x_wconf 74' lang='grc' dir='ltr'>χρησάμενοι.</span> 
     </span>
    </p>
   </div>
   <div class='ocr_carea' id='block_1_88' title="bbox 2324 4402 3799 4493">
    <p class='ocr_par' dir='ltr' id='par_1_88' title="bbox 2324 4402 3799 4493">
     <span class='ocr_line' id='line_1_88' title="bbox 2324 4402 3799 4493; baseline -0.017 -13"><span class='ocrx_word' id='word_1_661' title='bbox 2324 4423 2523 4493; x_wconf 82' lang='grc' dir='ltr'>Κρινεῖ</span> <span class='ocrx_word' id='word_1_662' title='bbox 2544 4420 2686 4486; x_wconf 84' lang='grc' dir='ltr'>τοὺς</span> <span class='ocrx_word' id='word_1_663' title='bbox 2708 4414 2974 4485; x_wconf 81' lang='grc' dir='ltr'>πτωχοὺς</span> <span class='ocrx_word' id='word_1_664' title='bbox 2993 4412 3098 4467; x_wconf 87' lang='grc' dir='ltr'><strong>τοῦ</strong></span> <span class='ocrx_word' id='word_1_665' title='bbox 3128 4410 3303 4473; x_wconf 68' lang='grc' dir='ltr'>λαοῦ,</span> <span class='ocrx_word' id='word_1_666' title='bbox 3328 4409 3425 4462; x_wconf 76' lang='grc' dir='ltr'><strong>καί</strong></span> <span class='ocrx_word' id='word_1_667' title='bbox 3452 4404 3637 4460; x_wconf 81' lang='grc' dir='ltr'>σώσει</span> <span class='ocrx_word' id='word_1_668' title='bbox 3654 4402 3799 4469; x_wconf 77' lang='grc' dir='ltr'>τοὺς</span> 
     </span>
    </p>
   </div>
   <div class='ocr_carea' id='block_1_89' title="bbox 2252 4495 3805 4580">
    <p class='ocr_par' dir='ltr' id='par_1_89' title="bbox 2252 4495 3805 4580">
     <span class='ocr_line' id='line_1_89' title="bbox 2252 4495 3805 4580; baseline -0.017 -8"><span class='ocrx_word' id='word_1_669' title='bbox 2252 4516 2420 4580; x_wconf 82' lang='grc' dir='ltr'>υἱοὺς</span> <span class='ocrx_word' id='word_1_670' title='bbox 2448 4512 2565 4566; x_wconf 80' lang='grc' dir='ltr'>τῶν</span> <span class='ocrx_word' id='word_1_671' title='bbox 2583 4508 2871 4575; x_wconf 74' lang='grc' dir='ltr'>πενήτων.</span> <span class='ocrx_word' id='word_1_672' title='bbox 2918 4505 3171 4572; x_wconf 84' lang='grc' dir='ltr'>Πτωχοὺς</span> <span class='ocrx_word' id='word_1_673' title='bbox 3199 4500 3290 4553; x_wconf 88' lang='grc' dir='ltr'><strong>τοῦ</strong></span> <span class='ocrx_word' id='word_1_674' title='bbox 3319 4498 3449 4551; x_wconf 89' lang='grc' dir='ltr'>λαοῦ</span> <span class='ocrx_word' id='word_1_675' title='bbox 3476 4514 3608 4568; x_wconf 73' lang='grc' dir='ltr'>φησι</span> <span class='ocrx_word' id='word_1_676' title='bbox 3672 4495 3805 4556; x_wconf 75' lang='grc' dir='ltr'>τοὺς</span> 
     </span>
    </p>
   </div>
   <div class='ocr_carea' id='block_1_90' title="bbox 2256 4587 3807 4676">
    <p class='ocr_par' dir='ltr' id='par_1_90' title="bbox 2256 4587 3807 4676">
     <span class='ocr_line' id='line_1_90' title="bbox 2256 4587 3807 4676; baseline -0.014 -14"><span class='ocrx_word' id='word_1_677' title='bbox 2256 4606 2597 4676; x_wconf 82' lang='grc' dir='ltr'>παχυτέρους</span> <span class='ocrx_word' id='word_1_678' title='bbox 2627 4603 2735 4653; x_wconf 85' lang='grc' dir='ltr'><strong>τῶν</strong></span> <span class='ocrx_word' id='word_1_679' title='bbox 2784 4595 3068 4659; x_wconf 81' lang='grc' dir='ltr'>Ἰουδαίων,</span> <span class='ocrx_word' id='word_1_680' title='bbox 3102 4594 3351 4665; x_wconf 74' lang='grc' dir='ltr'>πτωχοὺς</span> <span class='ocrx_word' id='word_1_681' title='bbox 3373 4593 3551 4654; x_wconf 76' lang='grc' dir='ltr'>ὂντας,</span> <span class='ocrx_word' id='word_1_682' title='bbox 3577 4592 3656 4653; x_wconf 85' lang='grc' dir='ltr'><strong>είς</strong></span> <span class='ocrx_word' id='word_1_683' title='bbox 3676 4587 3807 4647; x_wconf 55' lang='grc' dir='ltr'>σῦν,</span> 
     </span>
    </p>
   </div>
   <div class='ocr_carea' id='block_1_91' title="bbox 2254 4677 3803 4760">
    <p class='ocr_par' dir='ltr' id='par_1_91' title="bbox 2254 4677 3803 4760">
     <span class='ocr_line' id='line_1_91' title="bbox 2254 4677 3803 4760; baseline -0.015 -10"><span class='ocrx_word' id='word_1_684' title='bbox 2254 4715 2367 4749; x_wconf 86' lang='grc' dir='ltr'>εσιν</span> <span class='ocrx_word' id='word_1_685' title='bbox 2388 4713 2402 4726; x_wconf 86' lang='grc'><strong>·</strong></span> <span class='ocrx_word' id='word_1_686' title='bbox 2452 4688 2539 4746; x_wconf 75' lang='grc' dir='ltr'>οἷα</span> <span class='ocrx_word' id='word_1_687' title='bbox 2586 4688 2778 4760; x_wconf 81' lang='grc' dir='ltr'>γυμνῷ</span> <span class='ocrx_word' id='word_1_688' title='bbox 2799 4686 2877 4755; x_wconf 82' lang='grc' dir='ltr'>τῷ</span> <span class='ocrx_word' id='word_1_689' title='bbox 2904 4684 3194 4753; x_wconf 76' lang='grc' dir='ltr'>γράμματι</span> <span class='ocrx_word' id='word_1_690' title='bbox 3239 4682 3669 4751; x_wconf 84' lang='grc' dir='ltr'>παραμένοντας.</span> <span class='ocrx_word' id='word_1_691' title='bbox 3702 4677 3803 4729; x_wconf 78' lang='grc' dir='ltr'>καὶ</span> 
     </span>
    </p>
   </div>
   <div class='ocr_carea' id='block_1_92' title="bbox 2255 4765 3805 4859">
    <p class='ocr_par' dir='ltr' id='par_1_92' title="bbox 2255 4765 3805 4859">
     <span class='ocr_line' id='line_1_92' title="bbox 2255 4765 3805 4859; baseline -0.015 -19"><span class='ocrx_word' id='word_1_692' title='bbox 2255 4788 2389 4859; x_wconf 69' lang='grc' dir='ltr'>πρὸς</span> <span class='ocrx_word' id='word_1_693' title='bbox 2417 4786 2508 4837; x_wconf 80' lang='grc' dir='ltr'>τὸν</span> <span class='ocrx_word' id='word_1_694' title='bbox 2569 4776 3014 4849; x_wconf 75' lang='grc' dir='ltr'>ἐγκεκρυμμένον</span> <span class='ocrx_word' id='word_1_695' title='bbox 3065 4772 3292 4827; x_wconf 86' lang='grc' dir='ltr'>πλοῦτον</span> <span class='ocrx_word' id='word_1_696' title='bbox 3339 4771 3435 4825; x_wconf 88' lang='grc' dir='ltr'><strong>τοῦ</strong></span> <span class='ocrx_word' id='word_1_697' title='bbox 3490 4765 3805 4859; x_wconf 59' lang='grc' dir='ltr'>Πνεὺρατος</span> 
     </span>
    </p>
   </div>
   <div class='ocr_carea' id='block_1_93' title="bbox 597 4858 2155 4965">
    <p class='ocr_par' dir='ltr' id='par_1_93' title="bbox 597 4858 2154 4953">
     <span class='ocr_line' id='line_1_93' title="bbox 597 4858 2154 4953; baseline 0.001 -17"><span class='ocrx_word' id='word_1_698' title='bbox 597 4884 905 4952; x_wconf 87' lang='lat' dir='ltr'><strong>prospicere</strong></span> <span class='ocrx_word' id='word_1_699' title='bbox 938 4897 1048 4939; x_wconf 88' lang='lat' dir='ltr'><strong>non</strong></span> <span class='ocrx_word' id='word_1_700' title='bbox 1111 4885 1394 4951; x_wconf 86' lang='lat' dir='ltr'><strong>valebant;</strong></span> <span class='ocrx_word' id='word_1_701' title='bbox 1423 4899 1521 4953; x_wconf 89' lang='lat' dir='ltr'><strong>per</strong></span> <span class='ocrx_word' id='word_1_702' title='bbox 1564 4858 1705 4953; x_wconf 70' lang='lat' dir='ltr'><strong>ﬁlios</strong></span> <span class='ocrx_word' id='word_1_703' title='bbox 1741 4892 1921 4938; x_wconf 90' lang='lat' dir='ltr'><strong>autem</strong></span> <span class='ocrx_word' id='word_1_704' title='bbox 1965 4898 2154 4952; x_wconf 80' lang='lat' dir='ltr'><strong>paupe-</strong></span> 
     </span>
    </p>
   </div>
   <div class='ocr_carea' id='block_1_94' title="bbox 2255 4858 3800 4965">
    <p class='ocr_par' dir='ltr' id='par_1_94' title="bbox 2255 4858 3800 4965">
     <span class='ocr_line' id='line_1_94' title="bbox 2255 4858 3800 4965; baseline -0.015 -33"><span class='ocrx_word' id='word_1_705' title='bbox 2255 4858 2313 4931; x_wconf 77' lang='grc' dir='ltr'>οὗ</span> <span class='ocrx_word' id='word_1_706' title='bbox 2336 4876 2668 4944; x_wconf 78' lang='grc' dir='ltr'>δυναμένους</span> <span class='ocrx_word' id='word_1_707' title='bbox 2692 4867 3096 4940; x_wconf 75' lang='grc' dir='ltr'>παρακύπτειν·</span> <span class='ocrx_word' id='word_1_708' title='bbox 3124 4863 3272 4934; x_wconf 70' lang='grc' dir='ltr'>υίοὺς</span> <span class='ocrx_word' id='word_1_709' title='bbox 3301 4860 3375 4965; x_wconf 57' lang='grc' dir='ltr'><strong>δὲτ</strong></span> <span class='ocrx_word' id='word_1_710' title='bbox 3389 4860 3497 4913; x_wconf 82' lang='grc' dir='ltr'><strong>τῶν</strong></span> <span class='ocrx_word' id='word_1_711' title='bbox 3526 4858 3800 4965; x_wconf 69' lang='grc' dir='ltr'>πενήτων,</span> 
     </span>
    </p>
   </div>
   <div class='ocr_carea' id='block_1_95' title="bbox 598 4946 2155 5048">
    <p class='ocr_par' dir='ltr' id='par_1_95' title="bbox 598 4946 2153 5048">
     <span class='ocr_line' id='line_1_95' title="bbox 598 4946 2153 5048; baseline 0 -21"><span class='ocrx_word' id='word_1_712' title='bbox 598 4946 744 5038; x_wconf 69' lang='lat' dir='ltr'><strong>rum,</strong></span> <span class='ocrx_word' id='word_1_713' title='bbox 774 4973 959 5029; x_wconf 85' lang='lat' dir='ltr'><strong>ﬁdeles</strong></span> <span class='ocrx_word' id='word_1_714' title='bbox 989 4974 1043 5028; x_wconf 91' lang='lat' dir='ltr'><strong>in</strong></span> <span class='ocrx_word' id='word_1_715' title='bbox 1063 4974 1337 5031; x_wconf 85' lang='lat' dir='ltr'><strong>Christum</strong></span> <span class='ocrx_word' id='word_1_716' title='bbox 1368 4946 1636 5048; x_wconf 42' lang='lat' dir='ltr'><strong>iniellig&#39;it,</strong></span> <span class='ocrx_word' id='word_1_717' title='bbox 1658 4989 1885 5043; x_wconf 69' lang='lat' dir='ltr'><strong>quc-rum</strong></span> <span class='ocrx_word' id='word_1_718' title='bbox 1905 4946 2153 5043; x_wconf 73' lang='lat' dir='ltr'><strong>parentes</strong></span> 
     </span>
    </p>
   </div>
   <div class='ocr_carea' id='block_1_96' title="bbox 2255 4946 3792 5048">
    <p class='ocr_par' dir='ltr' id='par_1_96' title="bbox 2255 4946 3792 5048">
     <span class='ocr_line' id='line_1_96' title="bbox 2255 4946 3792 5048; baseline -0.015 -25"><span class='ocrx_word' id='word_1_719' title='bbox 2255 4970 2379 5031; x_wconf 74' lang='grc' dir='ltr'>τοὺς</span> <span class='ocrx_word' id='word_1_720' title='bbox 2411 4962 2841 5022; x_wconf 79' lang='grc' dir='ltr'>πεπιστευκότας</span> <span class='ocrx_word' id='word_1_721' title='bbox 2895 4960 2975 5026; x_wconf 74' lang='grc' dir='ltr'>εἰς</span> <span class='ocrx_word' id='word_1_722' title='bbox 3026 4954 3292 5028; x_wconf 75' lang='grc' dir='ltr'>Χριστόν·</span> <span class='ocrx_word' id='word_1_723' title='bbox 3340 4946 3415 5006; x_wconf 84' lang='grc' dir='ltr'>ὧν</span> <span class='ocrx_word' id='word_1_724' title='bbox 3461 4952 3509 5005; x_wconf 90' lang='grc' dir='ltr'><strong>οί</strong></span> <span class='ocrx_word' id='word_1_725' title='bbox 3554 4949 3792 5048; x_wconf 43' lang='lat' dir='ltr'><strong>auceps;</strong></span> 
     </span>
    </p>
   </div>
   <div class='ocr_carea' id='block_1_97' title="bbox 600 5039 2155 5135">
    <p class='ocr_par' dir='ltr' id='par_1_97' title="bbox 600 5039 2155 5135">
     <span class='ocr_line' id='line_1_97' title="bbox 600 5039 2155 5135; baseline 0 -18"><span class='ocrx_word' id='word_1_726' title='bbox 600 5067 796 5135; x_wconf 88' lang='lat' dir='ltr'><strong>pietate</strong></span> <span class='ocrx_word' id='word_1_727' title='bbox 825 5080 888 5120; x_wconf 87' lang='lat' dir='ltr'><strong>ac</strong></span> <span class='ocrx_word' id='word_1_728' title='bbox 912 5064 1172 5135; x_wconf 89' lang='lat' dir='ltr'><strong>religione</strong></span> <span class='ocrx_word' id='word_1_729' title='bbox 1193 5046 1459 5135; x_wconf 81' lang='lat' dir='ltr'><strong>pauperes</strong></span> <span class='ocrx_word' id='word_1_730' title='bbox 1492 5039 1873 5129; x_wconf 51' lang='lat' dir='ltr'><strong>luem—nullas</strong></span> <span class='ocrx_word' id='word_1_731' title='bbox 1899 5039 2155 5120; x_wconf 83' lang='lat' dir='ltr'><strong>habentes</strong></span> 
     </span>
    </p>
   </div>
   <div class='ocr_carea' id='block_1_98' title="bbox 2255 5039 3800 5135">
    <p class='ocr_par' dir='ltr' id='par_1_98' title="bbox 2255 5039 3800 5135">
     <span class='ocr_line' id='line_1_98' title="bbox 2255 5039 3800 5135; baseline -0.025 -19"><span class='ocrx_word' id='word_1_732' title='bbox 2255 5060 2485 5128; x_wconf 70' lang='grc' dir='ltr'>πένητες</span> <span class='ocrx_word' id='word_1_733' title='bbox 2505 5052 2641 5128; x_wconf 81' lang='grc' dir='ltr'>ἦσαν</span> <span class='ocrx_word' id='word_1_734' title='bbox 2674 5055 2751 5116; x_wconf 78' lang='grc' dir='ltr'>εἰς</span> <span class='ocrx_word' id='word_1_735' title='bbox 2774 5049 3075 5110; x_wconf 71' lang='grc' dir='ltr'>εὐσέϐειαν.</span> <span class='ocrx_word' id='word_1_736' title='bbox 3108 5046 3196 5100; x_wconf 81' lang='grc' dir='ltr'>τὸν</span> <span class='ocrx_word' id='word_1_737' title='bbox 3222 5045 3323 5115; x_wconf 78' lang='grc' dir='ltr'>τῆς</span> <span class='ocrx_word' id='word_1_738' title='bbox 3351 5042 3605 5113; x_wconf 81' lang='grc' dir='ltr'>ἀληθείας</span> <span class='ocrx_word' id='word_1_739' title='bbox 3626 5039 3800 5135; x_wconf 55' lang='lat' dir='ltr'><strong>quos-</strong></span> 
     </span>
    </p>
   </div>
   <div class='ocr_carea' id='block_1_99' title="bbox 598 5128 2155 5232">
    <p class='ocr_par' dir='ltr' id='par_1_99' title="bbox 598 5160 2155 5232">
     <span class='ocr_line' id='line_1_99' title="bbox 598 5160 2155 5232; baseline -0.001 -18"><span class='ocrx_word' id='word_1_740' title='bbox 598 5162 817 5215; x_wconf 85' lang='lat' dir='ltr'><strong>divitias</strong></span> <span class='ocrx_word' id='word_1_741' title='bbox 852 5176 993 5215; x_wconf 80' lang='lat' dir='ltr'><strong>vera:</strong></span> <span class='ocrx_word' id='word_1_742' title='bbox 1020 5160 1345 5232; x_wconf 84' lang='lat' dir='ltr'><strong>cognitionis</strong></span> <span class='ocrx_word' id='word_1_743' title='bbox 1378 5161 1505 5227; x_wconf 88' lang='lat' dir='ltr'><strong>Dei,</strong></span> <span class='ocrx_word' id='word_1_744' title='bbox 1540 5163 1621 5215; x_wconf 82' lang='lat' dir='ltr'><strong>vel</strong></span> <span class='ocrx_word' id='word_1_745' title='bbox 1654 5162 1801 5231; x_wconf 89' lang='lat' dir='ltr'><strong>ipsos</strong></span> <span class='ocrx_word' id='word_1_746' title='bbox 1831 5161 1993 5214; x_wconf 88' lang='lat' dir='ltr'><strong>etiam</strong></span> <span class='ocrx_word' id='word_1_747' title='bbox 2026 5174 2155 5229; x_wconf 85' lang='lat' dir='ltr'><strong>apo-</strong></span> 
     </span>
    </p>
   </div>
   <div class='ocr_carea' id='block_1_100' title="bbox 2255 5128 3803 5232">
    <p class='ocr_par' dir='ltr' id='par_1_100' title="bbox 2255 5128 3803 5232">
     <span class='ocr_line' id='line_1_100' title="bbox 2255 5128 3803 5232; baseline -0.019 -27"><span class='ocrx_word' id='word_1_748' title='bbox 2255 5170 2341 5205; x_wconf 90' lang='grc' dir='ltr'><strong>τον</strong></span> <span class='ocrx_word' id='word_1_749' title='bbox 2378 5152 2477 5204; x_wconf 82' lang='grc' dir='ltr'>οὐκ</span> <span class='ocrx_word' id='word_1_750' title='bbox 2507 5147 2746 5217; x_wconf 76' lang='grc' dir='ltr'>ἔχοντες.</span> <span class='ocrx_word' id='word_1_751' title='bbox 2773 5145 2844 5197; x_wconf 88' lang='grc' dir='ltr'><strong>Ἦ</strong></span> <span class='ocrx_word' id='word_1_752' title='bbox 2869 5143 2963 5198; x_wconf 74' lang='grc' dir='ltr'>καὶ</span> <span class='ocrx_word' id='word_1_753' title='bbox 2998 5140 3126 5203; x_wconf 81' lang='grc' dir='ltr'>τοὺς</span> <span class='ocrx_word' id='word_1_754' title='bbox 3148 5136 3397 5212; x_wconf 56' lang='grc' dir='ltr'>μαίλητάς</span> <span class='ocrx_word' id='word_1_755' title='bbox 3422 5135 3532 5232; x_wconf 75' lang='grc' dir='ltr'><strong>τῶν</strong></span> <span class='ocrx_word' id='word_1_756' title='bbox 3562 5128 3803 5232; x_wconf 44' lang='lat' dir='ltr'><strong>amens.</strong></span> 
     </span>
    </p>
   </div>
   <div class='ocr_carea' id='block_1_101' title="bbox 600 5223 2155 5324">
    <p class='ocr_par' dir='ltr' id='par_1_101' title="bbox 600 5223 2155 5324">
     <span class='ocr_line' id='line_1_101' title="bbox 600 5223 2155 5324; baseline -0.001 -17"><span class='ocrx_word' id='word_1_757' title='bbox 600 5253 859 5308; x_wconf 89' lang='lat' dir='ltr'><strong>stolorum</strong></span> <span class='ocrx_word' id='word_1_758' title='bbox 901 5223 1225 5324; x_wconf 74' lang='lat' dir='ltr'><strong>discipulos.</strong></span> <span class='ocrx_word' id='word_1_759' title='bbox 1258 5223 1567 5307; x_wconf 82' lang='lat' dir='ltr'><strong>Piscatores</strong></span> <span class='ocrx_word' id='word_1_760' title='bbox 1595 5223 1793 5308; x_wconf 49' lang='lat' dir='ltr'><strong>etc-nim</strong></span> <span class='ocrx_word' id='word_1_761' title='bbox 1842 5259 1998 5307; x_wconf 75' lang='lat' dir='ltr'><strong>erant</strong></span> <span class='ocrx_word' id='word_1_762' title='bbox 2026 5223 2155 5319; x_wconf 74' lang='lat' dir='ltr'><strong>apo-</strong></span> 
     </span>
    </p>
   </div>
   <div class='ocr_carea' id='block_1_102' title="bbox 2255 5223 3799 5324">
    <p class='ocr_par' dir='ltr' id='par_1_102' title="bbox 2255 5223 3799 5324">
     <span class='ocr_line' id='line_1_102' title="bbox 2255 5223 3799 5324; baseline -0.012 -31"><span class='ocrx_word' id='word_1_763' title='bbox 2255 5243 2358 5293; x_wconf 84' lang='grc' dir='ltr'>λιον</span> <span class='ocrx_word' id='word_1_764' title='bbox 2388 5240 2536 5301; x_wconf 74' lang='grc' dir='ltr'>υἱοὺς</span> <span class='ocrx_word' id='word_1_765' title='bbox 2562 5238 2810 5306; x_wconf 81' lang='grc' dir='ltr'>πενήτων</span> <span class='ocrx_word' id='word_1_766' title='bbox 2839 5232 3047 5304; x_wconf 84' lang='grc' dir='ltr'>οἰητέον</span> <span class='ocrx_word' id='word_1_767' title='bbox 3066 5248 3079 5261; x_wconf 92' lang='grc'><strong>·</strong></span> <span class='ocrx_word' id='word_1_768' title='bbox 3112 5227 3423 5305; x_wconf 22' lang='grc' dir='ltr'>ἀλιεῑςιγάρ</span> <span class='ocrx_word' id='word_1_769' title='bbox 3448 5225 3543 5278; x_wconf 77' lang='grc' dir='ltr'>καὶ</span> <span class='ocrx_word' id='word_1_770' title='bbox 3585 5223 3799 5324; x_wconf 53' lang='grc' dir='ltr'>ἀτελεές</span> 
     </span>
    </p>
   </div>
   <div class='ocr_carea' id='block_1_103' title="bbox 601 5309 2155 5416">
    <p class='ocr_par' dir='ltr' id='par_1_103' title="bbox 601 5309 2153 5416">
     <span class='ocr_line' id='line_1_103' title="bbox 601 5309 2153 5416; baseline -0.003 -14"><span class='ocrx_word' id='word_1_771' title='bbox 601 5347 750 5409; x_wconf 77' lang='grc' dir='ltr'>ειοιί,</span> <span class='ocrx_word' id='word_1_772' title='bbox 790 5309 1090 5416; x_wconf 68' lang='grc' dir='ltr'>ειεεροειύ</span> <span class='ocrx_word' id='word_1_773' title='bbox 1140 5346 1294 5401; x_wconf 85' lang='lat' dir='ltr'><strong>viles.</strong></span> <span class='ocrx_word' id='word_1_774' title='bbox 1346 5344 1473 5399; x_wconf 86' lang='lat' dir='ltr'><strong>Illos</strong></span> <span class='ocrx_word' id='word_1_775' title='bbox 1532 5344 1697 5415; x_wconf 83' lang='lat' dir='ltr'><strong>igitur</strong></span> <span class='ocrx_word' id='word_1_776' title='bbox 1730 5386 1747 5409; x_wconf 94' lang='lat'><strong>,</strong></span> <span class='ocrx_word' id='word_1_777' title='bbox 1799 5352 1856 5397; x_wconf 91' lang='lat' dir='ltr'><strong>ut</strong></span> <span class='ocrx_word' id='word_1_778' title='bbox 1909 5342 2153 5398; x_wconf 86' lang='lat' dir='ltr'><strong>inﬁdeles</strong></span> 
     </span>
    </p>
   </div>
   <div class='ocr_carea' id='block_1_104' title="bbox 2255 5309 3799 5416">
    <p class='ocr_par' dir='ltr' id='par_1_104' title="bbox 2255 5309 3799 5416">
     <span class='ocr_line' id='line_1_104' title="bbox 2255 5309 3799 5416; baseline -0.014 -30"><span class='ocrx_word' id='word_1_779' title='bbox 2255 5336 2310 5386; x_wconf 83' lang='grc' dir='ltr'>τὸ</span> <span class='ocrx_word' id='word_1_780' title='bbox 2338 5330 2658 5401; x_wconf 80' lang='grc' dir='ltr'>φαινόμενον</span> <span class='ocrx_word' id='word_1_781' title='bbox 2683 5324 2820 5397; x_wconf 78' lang='grc' dir='ltr'>ἦσαν</span> <span class='ocrx_word' id='word_1_782' title='bbox 2859 5327 2906 5377; x_wconf 80' lang='grc' dir='ltr'>οἱ</span> <span class='ocrx_word' id='word_1_783' title='bbox 2936 5322 3260 5377; x_wconf 78' lang='grc' dir='ltr'>ἀπόστολοι·</span> <span class='ocrx_word' id='word_1_784' title='bbox 3297 5316 3538 5380; x_wconf 72' lang='grc' dir='ltr'>ἐκείνους</span> <span class='ocrx_word' id='word_1_785' title='bbox 3571 5315 3673 5397; x_wconf 71' lang='grc' dir='ltr'><strong>μὲν¹</strong></span> <span class='ocrx_word' id='word_1_786' title='bbox 3696 5309 3799 5416; x_wconf 56' lang='grc' dir='ltr'><strong>οῦν</strong></span> 
     </span>
    </p>
   </div>
   <div class='ocr_carea' id='block_1_105' title="bbox 2256 5403 3795 5491">
    <p class='ocr_par' dir='ltr' id='par_1_105' title="bbox 2256 5403 3795 5491">
     <span class='ocr_line' id='line_1_105' title="bbox 2256 5403 3795 5491; baseline -0.011 -16"><span class='ocrx_word' id='word_1_787' title='bbox 2256 5421 2570 5491; x_wconf 75' lang='grc' dir='ltr'>κατακρινεῖ</span> <span class='ocrx_word' id='word_1_788' title='bbox 2590 5418 2665 5480; x_wconf 86' lang='grc' dir='ltr'>ὼς</span> <span class='ocrx_word' id='word_1_789' title='bbox 2691 5417 3090 5485; x_wconf 84' lang='grc' dir='ltr'>ἀπιστήσαντας</span> <span class='ocrx_word' id='word_1_790' title='bbox 3110 5453 3123 5477; x_wconf 89' lang='grc'><strong>,</strong></span> <span class='ocrx_word' id='word_1_791' title='bbox 3151 5412 3372 5472; x_wconf 80' lang='grc' dir='ltr'>τούτους</span> <span class='ocrx_word' id='word_1_792' title='bbox 3412 5409 3470 5465; x_wconf 71' lang='grc' dir='ltr'>δὲ</span> <span class='ocrx_word' id='word_1_793' title='bbox 3519 5407 3684 5463; x_wconf 72' lang='grc' dir='ltr'>σώσιι</span> <span class='ocrx_word' id='word_1_794' title='bbox 3716 5403 3795 5471; x_wconf 74' lang='grc' dir='ltr'>ὣς</span> 
     </span>
    </p>
   </div>
   <div class='ocr_carea' id='block_1_106' title="bbox 600 5434 2445 5526">
    <p class='ocr_par' dir='ltr' id='par_1_106' title="bbox 600 5434 2445 5526">
     <span class='ocr_line' id='line_1_106' title="bbox 600 5434 2445 5526; baseline -0.004 -31"><span class='ocrx_word' id='word_1_795' title='bbox 600 5440 999 5503; x_wconf 85' lang='lat' dir='ltr'><strong>condemnabit,</strong></span> <span class='ocrx_word' id='word_1_796' title='bbox 1033 5442 1131 5493; x_wconf 87' lang='lat' dir='ltr'><strong>hos</strong></span> <span class='ocrx_word' id='word_1_797' title='bbox 1169 5454 1297 5493; x_wconf 91' lang='lat' dir='ltr'><strong>vero</strong></span> <span class='ocrx_word' id='word_1_798' title='bbox 1324 5436 1577 5503; x_wconf 87' lang='lat' dir='ltr'><strong>salvabit,</strong></span> <span class='ocrx_word' id='word_1_799' title='bbox 1600 5442 1656 5491; x_wconf 86' lang='lat' dir='ltr'><strong>ut</strong></span> <span class='ocrx_word' id='word_1_800' title='bbox 1683 5434 1887 5490; x_wconf 83' lang='lat' dir='ltr'><strong>ﬁdeles.</strong></span> <span class='ocrx_word' id='word_1_801' title='bbox 2256 5438 2445 5526; x_wconf 58' lang='grc' dir='ltr'><strong>κατακξ</strong></span> 
     </span>
    </p>
   </div>
   <div class='ocr_carea' id='block_1_107' title="bbox 2256 5526 2665 5571">
    <p class='ocr_par' dir='ltr' id='par_1_107' title="bbox 2256 5526 2665 5571">
     <span class='ocr_line' id='line_1_107' title="bbox 2256 5526 2665 5571; baseline -0.017 -4"><span class='ocrx_word' id='word_1_802' title='bbox 2256 5526 2665 5571; x_wconf 82' lang='grc' dir='ltr'>πιστευσαντας.</span> 
     </span>
    </p>
   </div>
   <div class='ocr_carea' id='block_1_108' title="bbox 732 5705 1167 5771">
    <p class='ocr_par' dir='ltr' id='par_1_108' title="bbox 732 5705 1167 5771">
     <span class='ocr_line' id='line_1_108' title="bbox 732 5705 1167 5771; baseline -0.002 -11"><span class='ocrx_word' id='word_1_803' title='bbox 732 5705 888 5761; x_wconf 83' lang='lat' dir='ltr'><strong>Joan.</strong></span> <span class='ocrx_word' id='word_1_804' title='bbox 915 5722 1044 5771; x_wconf 77' lang='lat' dir='ltr'><strong>xv&quot;,</strong></span> <span class='ocrx_word' id='word_1_805' title='bbox 1080 5706 1167 5760; x_wconf 81' lang='grc'><strong>10.</strong></span> 
     </span>
    </p>
   </div>
   <div class='ocr_carea' id='block_1_109' title="bbox 682 5791 2461 5855">
    <p class='ocr_par' dir='ltr' id='par_1_109' title="bbox 682 5791 2461 5855">
     <span class='ocr_line' id='line_1_109' title="bbox 682 5791 2461 5855; baseline -0.012 14"><span class='ocrx_word' id='word_1_806' title='bbox 682 5802 683 5805; x_wconf 49' lang='grc'><em>“</em></span> <span class='ocrx_word' id='word_1_807' title='bbox 1913 5793 2106 5855; x_wconf 66' lang='lat' dir='ltr'><strong>Varia)</strong></span> <span class='ocrx_word' id='word_1_808' title='bbox 2139 5791 2461 5853; x_wconf 84' lang='lat' dir='ltr'><strong>lectiones.</strong></span> 
     </span>
    </p>
   </div>
   <div class='ocr_carea' id='block_1_110' title="bbox 666 5892 2611 5977">
    <p class='ocr_par' dir='ltr' id='par_1_110' title="bbox 666 5892 2611 5977">
     <span class='ocr_line' id='line_1_110' title="bbox 666 5892 2611 5977; baseline -0.012 -11"><span class='ocrx_word' id='word_1_809' title='bbox 666 5902 1337 5977; x_wconf 38' lang='lat' dir='ltr'><strong>663)Gra:ce‘simpliciter</strong></span> <span class='ocrx_word' id='word_1_810' title='bbox 1374 5923 1388 5960; x_wconf 88' lang='lat'><strong>:</strong></span> <span class='ocrx_word' id='word_1_811' title='bbox 1436 5905 1562 5960; x_wconf 85' lang='lat' dir='ltr'><strong>Filii</strong></span> <span class='ocrx_word' id='word_1_812' title='bbox 1590 5905 1722 5961; x_wconf 80' lang='lat' dir='ltr'><strong>enim</strong></span> <span class='ocrx_word' id='word_1_813' title='bbox 1749 5900 1968 5971; x_wconf 79' lang='lat' dir='ltr'><strong>populus</strong></span> <span class='ocrx_word' id='word_1_814' title='bbox 2023 5909 2099 5952; x_wconf 79' lang='lat' dir='ltr'><strong>est</strong></span> <span class='ocrx_word' id='word_1_815' title='bbox 2138 5899 2271 5951; x_wconf 81' lang='lat' dir='ltr'><strong>idem</strong></span> <span class='ocrx_word' id='word_1_816' title='bbox 2328 5905 2375 5949; x_wconf 88' lang='lat' dir='ltr'><strong><em>et</em></strong></span> <span class='ocrx_word' id='word_1_817' title='bbox 2410 5892 2611 5948; x_wconf 69' lang='lat' dir='ltr'><strong>Patris.</strong></span> 
     </span>
    </p>
   </div>
  </div>
