4124 6326
369 494 495 592 τις),

1547 504 1938 567 COMMENT.
1971 503 2052 564 IN
2086 505 2446 570 PSALMOS.

3379 506 3384 510 ’
3460 508 3569 573 ’126

429 613 540 668 Καὶ
570 615 918 670 ταπεινώσει
947 614 1359 685 συκοφάντην.
1395 616 1498 670 Τὸν
1523 615 1795 680 διάϐολον,
1856 617 1912 679 ὃς

2089 617 2154 670 Ει
2189 617 2489 672 humiliabit
2509 593 2962 674 calumniatorem.
2990 618 3272 675 Diabolum
3297 621 3580 682 nimirum.

355 703 518 757 αὑτὸν
560 706 650 756 τὸν
672 706 807 758 Θεὸν
841 706 1060 776 πρῶτον
1103 706 1534 777 ἐσυκοφάντησε,
1595 709 1794 775 φήσας,
1822 708 1910 760 διὰ

355 792 569 862 φθόνον
594 794 755 847 αὐτὸν
809 796 1186 866 ἀπαγορεῦσαι
1219 798 1312 850 τοῦ
1341 796 1508 864 φυτοῦ
1535 799 1634 862 τὴν
1669 797 1909 866 μετάλη-

351 882 452 950 ψιν
471 899 484 912 ·
511 885 606 938 καὶ
646 886 855 948 πάντας
884 886 941 938 δὲ
971 890 1307 956 συκοφαντεῖ
1338 888 1434 940 καὶ
1481 887 1783 942 διαϐάλλει.
1821 887 1910 939 Διὸ

359 962 465 1024 καῖ
481 969 754 1037 διάϐολος
775 973 1113 1045 φερωνύμως
1138 977 1423 1046 κέκληται.

422 1230 527 1284 Kal
560 1233 1007 1301 συμπαραμενεῖ
1035 1234 1116 1300 τῷ
1130 1237 1280 1304 ἡλίῳ
1303 1237 1400 1291 καί
1418 1238 1532 1306 πρὸ
1575 1237 1685 1305 τῆς
1723 1237 1912 1302 σελή-

351 1337 465 1387 νης
477 1322 684 1388 γενεὰς
706 1323 939 1392 γενεῶν.
968 1327 1298 1396 Βουλόμενος
1317 1331 1553 1398 ἐμφῆναι
1581 1331 1638 1382 τό
1665 1346 1721 1382 τε
1751 1331 1917 1399 ἄναρ-

349 1428 443 1481 χον
468 1415 560 1466 καὶ
591 1418 649 1468 τὸ
675 1417 1026 1489 ἀτελεύτητον
1084 1420 1178 1474 τοῦ
1222 1422 1460 1491 Χριστοῦ
1488 1423 1630 1476 κατὰ
1661 1422 1757 1492 τὴν
1789 1420 1907 1473 Θεό·-
1956 1434 1965 1448 ‘

352 1520 485 1572 τητα
511 1507 813 1576 παρέϐαλέν
842 1511 983 1565 αὐτὰ
1006 1515 1118 1573 τοῖς
1164 1515 1417 1582 μεγάλοις
1447 1516 1760 1586 φωστῆρσιν
1779 1535 1793 1549 ⁸
1816 1517 1914 1586 οὐχ

350 1593 622 1664 εὑρίσκων
655 1599 714 1658 ἐν
733 1599 798 1669 τῇ
826 1601 999 1671 ὁρατῇ
1017 1603 1192 1656 κτίσει
1218 1605 1410 1676 ἑτέρας
1426 1607 1638 1670 εἰκόνας
1650 1607 1915 1678 ἐπισημο-

349 1682 514 1750 τέρας
549 1688 640 1740 καὶ
691 1689 1097 1760 διαρκεστέρας.
1129 1683 1576 1765 Συμπαραμενετ,
1628 1702 1803 1767 φησὶ,
1835 1699 1912 1767 τῷ

251 1814 272 1833 ,
351 1769 506 1841 ἡλίῳ,
556 1775 850 1843 τουτέστιν,
882 1779 1035 1833 ἔσται
1063 1781 1254 1851 μέχρις
1284 1783 1435 1834 ἔστιν
1481 1786 1508 1836 ὁ
1540 1774 1712 1853 ήλιοςί
1745 1784 1910 1838 ’ἰδίω-

352 1877 429 1927 μα
453 1861 632 1935 δδ-τῆς
679 1867 900 1938 Γραφῆς
949 1871 1008 1936 τὸ
1054 1874 1214 1943 μέχρι
1253 1876 1350 1941 μέν
1380 1892 1526 1937 τινος
1563 1875 1798 1945 ὁρίζειν·
1853 1877 1913 1928 τὸ

346 1951 394 2004 δ’
425 1953 576 2021 ἑξῆς,
621 1957 696 2025 μὴ
728 1961 1066 2028 ἀναίνεσθαι,
1096 1963 1171 2025 ὠς
1197 1965 1256 2017 ἐν
1284 1965 1491 2035 ἑτέροις
1517 1966 1748 2036 ἐροῦμεν
1777 1966 1912 2019 πλα-
1945 1950 1985 2004 Β

344 2041 605 2112 τύτερονο
654 2047 770 2100 ἀλλ’
815 2049 958 2104 οὕτω
991 2052 1090 2120 μιν
1125 2053 1187 2106 τὸ
1220 2054 1574 2125 ἀτελεύτητον
1595 2069 1613 2088 ο
1663 2052 1784 2108 εἶτα
1817 2057 1910 2108 καὶ

346 2133 479 2200 περὶ
505 2132 604 2214 Δτοῦ
650 2135 885 2211 ἀνάρχου
919 2140 1104 2214 φησιν,
1135 2140 1218 2208 ὅτι
1248 2143 1342 2195 καὶ
1393 2145 1500 2213 πρὸ
1545 2144 1645 2212 τῆς
1679 2144 1910 2214 σελήνης

345 2215 432 2288 ἦν.
467 2210 539 2274 τὸ
566 2222 622 2274 δὲ
649 2226 856 2292 γενεᾶς
889 2210 1128 2296 γενεῶν,
1154 2232 1274 2284 ἀντὶ
1298 2232 1390 2285 τοῦ
1435 2210 1771 2304 διαστήματα
1798 2210 1937 2291 Statu

349 2309 659 2376 στημάτων,
686 2315 873 2382 ἤγουν,
899 2317 1246 2389 διαστήματα
1285 2322 1488 2393 ἄπειρα
1514 2339 1528 2352 ο
1578 2325 1771 2390 γενεὰν
1810 2341 1911 2376 και

346 2397 454 2451 λῶν
481 2396 753 2472 διάστημα
781 2407 1010 2475 χρόνου)
1044 2411 1168 2464 ὅσον
1200 2413 1267 2466 ἂν
1288 2413 1354 2484 ζῇ
1391 2413 1569 2480 γένος,
1607 2414 1787 2467 εἶτουν
1817 2413 1910 2467 ἄν-

349 2489 588 2560 θρωπος.
615 2495 770 2548 Ἐστι
790 2497 848 2548 δὲ
878 2500 974 2552 καὶ
997 2500 1172 2564 ἄλλως
1198 2503 1374 2555 εἰπεῖν
1405 2501 1557 2571 ἥλιον
1580 2502 1678 2571 τὴν
1720 2504 1910 2573 θεότη-

346 2596 454 2654 ταέ
502 2582 531 2634 ὃ
561 2584 668 2654 γὰρ
703 2589 761 2639 ὲν
805 2590 919 2650 τοῖς
963 2579 1240 2659 αίσῧητοϊς
1283 2593 1454 2662 ἥλιος,
1498 2593 1659 2646 τοῦτο
1690 2595 1748 2647 ὲν
1799 2596 1909 2657 τοῖς

348 2678 557 2736 νοητοῖς
591 2676 747 2740 Θεὸς,
779 2680 920 2732 κατὰ
949 2681 1041 2734 τὸν
1065 2683 1328 2751 Θεολόγον
1375 2685 1693 2755 Γρηγὸριον.
1724 2680 1908 2757 ⁷ῌτινι

350 2762 570 2834 θεότητι
593 2770 600 2785 '
627 2775 1045 2840 συμπαραμτνετ
1067 2776 1100 2844 ή
1133 2775 1508 2845 ἀνθρωπότης,
1530 2777 1674 2842 ἅπαξ
1694 2779 1909 2832 ὲνωθεϊο

351 2865 420 2910 αα
448 2855 620 2924 αὐτῇο
662 2857 756 2908 καὶ
787 2860 1042 2918 οὐδέποτε
1091 2864 1262 2933 αὐτῆς
1302 2865 1723 2936 χωρισθήσεται.
1776 2865 1910 2922 Εἶτα

351 2942 579 3014 σελήνην
614 2947 825 3015 νοήσεις
875 2949 973 3022 τὴν
1035 2952 1359 3024 Ἐκκλησίαν
1408 2956 1518 3009 τῶν
1556 2957 1785 3022 πιστῶν,
1843 2953 1913 3026 ἧς

356 3033 463 3102 πρὸ
515 3037 808 3104 προσώπου
858 3042 1216 3099 καὶμὲνώπιον
1262 3047 1290 3098 ὁ
1326 3047 1560 3116 Χριστος
1620 3048 1773 3118 ἔστη,
1833 3051 1911 3113 είς

348 3124 540 3190 γενεὰς
569 3127 772 3192 γενεῶν
789 3132 1142 3197 ,κτουτέστιν,
1194 3136 1314 3188 ἀεί·
1366 3136 1558 3207 ὥσπερ
1605 3138 1661 3192 δὲ
1711 3139 1910 3209 σελήνη

350 3215 458 3266 ἀπὸ
486 3216 580 3270 τοῦ
619 3219 769 3289 ἡλίου
793 3221 1068 3290 λαμϐάνει
1087 3225 1150 3278 τὸ
1183 3226 1317 3294 φῶς,
1362 3227 1508 3280 οὕτω
1557 3229 1652 3281 καὶ
1685 3228 1820 3298 αὕτη
1851 3230 1911 3282 τὸ

349 3304 538 3385 νοητὸν
571 3308 685 3374 φῶς
717 3311 824 3364 ἀπὸ
874 3312 971 3376 τοῦ
1016 3313 1198 3368 Ἠλίου
1239 3317 1338 3384 τῆς
1387 3317 1736 3389 δικαιοσύνης
1783 3323 1912 3390 Χρι-

350 3397 500 3463 στοῦ,
524 3403 616 3455 καὶ
637 3407 966 3473 καταυγάζει
993 3409 1118 3472 τοὺς
1144 3413 1202 3464 ὲν
1227 3413 1383 3467 νυκτὶ
1429 3415 1528 3485 τῆς
1556 3417 1787 3487 πλάνης,
1820 3419 1913 3471 καὶ

348 3489 451 3556 τὴν
488 3492 702 3549 τύθεῖαν
725 3497 842 3551 ὁδὸν
871 3499 1242 3558 ὑποδείκνυσι.

2015 708 2105 778 qui
2140 708 2309 763 Deum
2337 709 2516 778 ipsum
2547 708 2722 778 primo
2751 710 3118 766 calumniatus
3144 721 3226 767 est
3255 754 3268 777 ,
3309 713 3576 770 invidiose

2017 797 2164 868 illum
2193 801 2430 853 vetuisse
2463 814 2718 856 asserens
2749 841 2761 863 ,
2807 816 2873 854 ne
2904 801 3150 860 homines
3188 802 3254 856 de
3302 804 3446 873 ligno
3483 819 3578 858 su-

2018 897 2230 942 merent
2266 906 2278 940 :
2313 899 2365 942 et
2395 891 2488 958 qui
2523 905 2666 943 nunc
2699 892 2901 959 passim
2933 905 3124 945 omnes
3164 893 3326 946 etiam
3379 894 3585 946 calum-

2015 974 2214 1029 niatur.
2252 973 2426 1040 Unde,
2454 977 2609 1045 juxta
2647 979 2881 1033 nominis
2915 980 3319 1049 etymologiam,
3361 997 3488 1035 vere
3523 997 3584 1034 ac

2015 1058 2259 1135 proprie
2294 1067 2547 1122 diabolus
2577 1068 3116 1140 appellatur.v(ldem
3151 1072 3293 1124 enim
3321 1080 3403 1128 est
3431 1071 3583 1127 Grie-

2013 1159 2092 1215 cis
2124 1159 2382 1226 diabolus,
2414 1161 2555 1227 quod
2593 1160 2778 1214 latinis
2815 1161 3227 1229 calumniator.)

2087 1251 2251 1307 Vens.
2296 1251 2465 1333 §.-Et
2517 1254 2835 1319 permanebit
2881 1269 3000 1306 cum
3049 1253 3155 1307 sole
3181 1265 3231 1307 et
3260 1263 3379 1307 ante
3403 1253 3583 1308 lunam

2014 1345 2372 1414 generationes
2413 1347 2827 1415 generationum.
2867 1343 3168 1400 O‘stendere
3215 1346 3402 1401 volens
3451 1345 3583 1399 Pro.

2017 1435 2175 1504 pheta
2213 1433 2417 1490 Christi
2469 1434 2810 1488 divinitatem
2858 1436 2980 1490 sine
3024 1436 3293 1506 principio
3333 1451 3455 1491 esse
3481 1475 3497 1500 ,
3527 1445 3582 1491 et

2017 1525 2134 1579 sine
2166 1525 2290 1589 line,
2314 1525 2528 1579 duobus
2558 1525 2767 1592 magnis
2796 1525 3155 1580 luminaribus
3195 1541 3315 1580 eam
3363 1541 3583 1595 compa-

2017 1616 2156 1670 ravit
2190 1633 2204 1668 :
2233 1615 2674 1686 quandoquidem
2701 1617 2844 1670 inter
2867 1630 3058 1671 omnes
3090 1616 3329 1671 visibiles
3367 1623 3580 1671 creatu-

2017 1722 2106 1761 ras
2132 1707 2343 1776 potiora
2372 1707 2616 1774 exempla
2657 1715 2750 1759 aut
2789 1705 3160 1760 diuturniores
3192 1705 3579 1760 similitudines

2018 1797 2246 1852 inveniri
2276 1797 2638 1868 nequiverint.
2672 1796 3034 1860 Permanebit,
3068 1796 3268 1866 inquit,
3293 1811 3411 1850 cum
3439 1797 3575 1856 sole.
3625 1781 3627 1784 i

2023 1889 2125 1942 hoc
2153 1899 2254 1950 est,
2291 1889 2393 1942 erit
2431 1890 2606 1943 donec
2653 1888 2759 1942 erit
2789 1887 2888 1942 sol.
2933 1887 3030 1943 Est
3077 1900 3256 1942 autem
3293 1888 3582 1958 paeniiaris

2017 1978 2237 2046 quidam
2272 1978 2530 2047 loquendi
2565 1978 2757 2032 modus
2795 1979 2937 2046 apud
2965 1977 3302 2047 Scripturam
3347 1992 3580 2038 sacram,

2019 2080 2076 2124 ut
2101 2079 2311 2139 tempus
2343 2084 2516 2139 usque
2549 2071 2614 2120 ad
2648 2068 2850 2137 aliquid
2898 2069 3226 2122 determinet
3258 2111 3272 2133 ,
3329 2079 3380 2121 et
3431 2071 3578 2136 quod

2019 2161 2290 2228 sequitur,
2322 2174 2429 2212 non
2460 2165 2636 2228 neget,
2666 2165 2726 2210 ut
2757 2158 2883 2212 alibi
2918 2157 3078 2210 latius
3109 2156 3347 2211 diximus
3371 2195 3386 2218 ,
3410 2168 3464 2210 et
3493 2157 3580 2208 dl-

2018 2265 2202 2305 cemus
2235 2269 2249 2304 :
2281 2259 2336 2305 et
2367 2250 2468 2304 hoc
2495 2260 2652 2318 pacto
2680 2251 2895 2316 quidem
2925 2248 3130 2321 Christi
3157 2248 3570 2317 perpetuitatem

2015 2341 2251 2410 explicat
2279 2356 2344 2394 ex
2375 2348 2528 2411 parte
2558 2341 2700 2394 ﬂuis.
2747 2339 2950 2396 Deinde
2980 2342 3140 2394 etiam
3179 2329 3419 2394 declarat
3446 2353 3582 2408 quo-

2021 2432 2177 2485 modo
2201 2433 2270 2486 sit
2301 2432 2507 2500 absque
2539 2431 2806 2501 principio
2845 2451 2858 2482 :
2892 2441 2945 2486 et
2977 2431 3109 2485 dicit
3138 2431 3282 2498 quod
3315 2437 3434 2483 erat
3457 2439 3582 2483 ante

2017 2522 2220 2580 lunam.
2265 2520 2416 2587 Quod
2479 2536 2606 2573 vero
2643 2523 2717 2574 ait
2745 2538 2760 2575 :
2792 2524 3146 2591 generationes
3166 2522 3578 2590 generalidnttm,

2018 2612 2158 2667 idem
2191 2613 2294 2666 sibi
2329 2611 2443 2664 vult
2477 2626 2538 2664 ac
2573 2611 2616 2664 si
2644 2611 2890 2678 dixisset,
2925 2626 3017 2680 per
3059 2611 3230 2679 spatia
3259 2610 3578 2680 spatiorum,

2019 2703 2120 2755 hoc
2154 2710 2260 2767 est,
2298 2717 2393 2771 per
2428 2703 2692 2756 immenso
2730 2712 2895 2772 atque
2920 2701 3124 2754 inﬁnita
3155 2709 3458 2770 temporum
3491 2701 3574 2754 iu-

2020 2780 2259 2845 tervalla.
2293 2791 2394 2845 Per
2419 2789 2824 2859 generationem
2887 2789 3088 2844 etenim
3139 2788 3402 2857 temporis
3458 2803 3578 2854 Spu-

2017 2885 2150 2934 tium
2185 2880 2480 2946 intellexit,
2508 2880 2657 2934 verbi
2679 2881 2872 2950 gratia,
2892 2889 3153 2948 quantum
3181 2893 3284 2930 una
3306 2878 3578 2928 hominum

2019 2971 2314 3040 generatio‘,
2343 2971 2446 3023 hoc
2478 2980 2581 3032 est,
2614 2976 2876 3038 quantum
2917 2983 3057 3021 unus
3093 2967 3254 3019 homo
3282 2975 3454 3033 potest
3489 2983 3581 3020 sn-

2019 3061 2320 3130 pervivere.
2356 3060 2451 3116 Vel
2492 3061 2648 3115 aliter
2677 3081 2692 3115 :
2726 3060 2905 3115 Solem
2943 3060 3126 3126 accipe
3148 3073 3242 3126 pro
3266 3057 3574 3119 divinitate,

2020 3166 2171 3215 cum,
2196 3157 2255 3204 ut
2281 3150 2590 3220 Theologus
2624 3149 2912 3219 Gregorius
2941 3149 3096 3211 dixit,
3131 3148 3181 3200 id
3220 3147 3289 3200 sit
3328 3147 3582 3202 Dens-in-

2019 3247 2100 3292 ter
2131 3240 2524 3295 intellectuales
2558 3250 2835 3307 creaturas
2864 3280 2876 3302 ,
2911 3238 3052 3306 quod
3095 3239 3174 3289 sol
3233 3237 3374 3288 inter
3407 3238 3582 3289 Sensi~

2021 3328 2176 3382 biles.
2213 3329 2346 3383 Cum
2383 3329 2483 3383 hac
2503 3337 2681 3382 autem
2713 3327 2996 3382 divinitate
3019 3335 3277 3396 perpetuo
3301 3334 3580 3394 permanet

2020 3417 2222 3472 Christi
2251 3418 2584 3483 humanitas,
2607 3433 2676 3471 ex
2709 3432 2818 3486 quo
2848 3417 2894 3471 ei
2925 3416 3090 3470 semel
3132 3424 3213 3470 est
3268 3416 3576 3483 conjuncta,

2020 3517 2075 3565 et
2102 3509 2169 3563 ab
2207 3523 2269 3562 ea
2299 3523 2578 3578 nunquam
2608 3516 2891 3577 separatur
2937 3525 2950 3560 :
2981 3516 3033 3561 et
3066 3523 3160 3576 per
3194 3510 3374 3560 lunam
3408 3508 3579 3575 ipsam

352 3581 588 3638 ﬁdelium
619 3586 914 3645 Ecclesiam
944 3591 1204 3664 intellige,
1233 3605 1358 3651 ante
1396 3599 1554 3668 cujus
1608 3600 1798 3657 faciem
1843 3609 1896 3654 et
1931 3615 2114 3655 coram
2147 3615 2254 3669 qua
2306 3600 2552 3656 Christus
2603 3608 2724 3654 erat
2797 3600 2854 3653 in
2923 3599 3297 3666 generationes
3359 3612 3584 3664 genuera-

353 3673 562 3726 tionum
591 3676 734 3737 ,boc
778 3688 894 3740 est,
924 3691 1206 3752 perpetuo.
1259 3685 1390 3740 Nam
1443 3692 1896 3758 quemadmodum
1931 3693 2059 3746 luna
2092 3705 2122 3744 a
2151 3693 2302 3756 sole,
2373 3693 2444 3746 ita
2514 3690 2756 3746 Ecclesia
2795 3706 2824 3744 a
2871 3691 3085 3743 Christo
3133 3690 3303 3743 altero
3358 3691 3581 3755 iustitiae

352 3766 488 3830 sole.
524 3767 696 3822 lucem
747 3772 985 3841 accipit;
1023 3775 1168 3830 unde
1209 3791 1303 3831 eos
1350 3790 1539 3834 omnes
1592 3783 1864 3837 illuminat
1895 3823 1910 3847 ,
1953 3784 2044 3850 qui
2071 3784 2126 3837 in
2154 3783 2357 3837 erroris
2388 3790 2514 3837 sunt
2549 3791 2726 3848 nocte,
2760 3789 2964 3836 rectum
3002 3781 3108 3833 illis
3175 3779 3420 3833 videlicet
3465 3780 3578 3832 cal-

353 3857 458 3910 lem
495 3857 898 3916 demonstrem.

422 3948 827 4018 Καταὸήσεται
863 3954 956 4018 ὡς
986 3957 1158 4023 ὑετὸς
1216 3959 1312 4012 ἐπὶ
1380 3963 1591 4022 πόκον.
1624 3965 1718 4019 καί
1774 3967 1913 4018 ὡσεὶ

2095 3960 2260 4015 Vens.
2293 3959 2347 4012 6.
2386 3957 2670 4012 Descendet
2697 3959 2831 4011 sicut
2854 3957 3031 4024 pluvia
3065 3959 3116 4010 in
3150 3956 3330 4033 vellus,
3361 3966 3409 4009 et
3443 3958 3579 4008 sicut

355 4040 647 4106 σταγόνες
673 4039 994 4102 στάζουσαι
1025 4046 1122 4100 ἐπί
1155 4049 1270 4116 τὴν
1298 4051 1432 4119 γῆν.
1479 4050 1551 4104 Τὸ
1579 4054 1798 4122 λεληοξς
1833 4058 1917 4106 ἐν·

2023 4053 2168 4105 stilla
2197 4051 2410 4102 stillam
2436 4063 2594 4116 super
2633 4057 2850 4101 terram.
2889 4048 3054 4100 Docet
3079 4044 3357 4114 quomodo
3397 4045 3579 4099 divina

353 4126 531 4181 ταῦθα
556 4131 814 4199 μηνύεται
845 4134 943 4200 τῆς
970 4137 1062 4189 τοῦ
1087 4138 1260 4207 Λόγου
1285 4141 1612 4210 σαρκώσεως
1643 4144 1916 4195 καταδέν-

2022 4143 2186 4197 Verbi
2223 4139 2530 4195 incarnatio
2565 4138 2799 4192 latenter
2828 4152 2893 4192 ac
2929 4138 3066 4190 clam
3126 4137 3269 4189 facta
3311 4137 3380 4190 sit
3420 4152 3434 4187 :
3475 4136 3576 4190 de-

354 4232 447 4278 τος
472 4219 883 4290 ἁνεπαισθήτως
911 4227 1002 4278 ἐπὶ
1032 4228 1128 4297 τὴν
1166 4230 1334 4298 νηδὺν
1380 4231 1480 4298 τῆς
1519 4233 1813 4301 Παρθένου.
1859 4234 1917 4286 Ὀ

2026 4231 2326 4290 scendente
2349 4231 2606 4283 nimirum
2638 4221 2804 4289 verbo
2837 4228 3226 4283 insensibiliter
3260 4227 3310 4280 in
3344 4225 3577 4296 Virginis

358 4307 468 4375 γὰρ
498 4310 646 4372 ὑετὸς
680 4313 914 4382 ἀψοφητὶ
947 4318 1188 4371 κάτεισιν
1212 4320 1308 4372 ἐπὶ
1375 4321 1467 4373 τὸν
1502 4322 1688 4386 πόκον,
1720 4324 1918 4392 ὁμοίιος

2026 4337 2262 4378 uterum.
2296 4320 2483 4374 Pluvia
2503 4321 2700 4374 etenim
2723 4319 2930 4387 absque
2960 4317 3072 4370 ullo
3097 4318 3324 4386 strepitu
3361 4318 3411 4371 in
3447 4319 3577 4370 lana:

355 4403 413 4454 δὲ
441 4402 580 4470 καὶὴ
614 4406 822 4470 σταγὼν
843 4407 936 4460 ἐπὶ
963 4409 1062 4479 τὴν
1087 4414 1210 4481 γῆν.
1239 4411 1462 4482 Σταγὼν
1489 4413 1546 4466 δέ
1591 4416 1736 4468 ἐστιν
1757 4419 1788 4485 ή
1813 4415 1918 4486 πρὸ

2026 4414 2229 4466 vellera
2259 4409 2545 4466 descendit
2579 4425 2593 4462 :
2629 4418 2794 4478 atque
2848 4409 3036 4463 eodem
3075 4416 3236 4477 pacto
3278 4407 3418 4461 stilla
3459 4423 3579 4476 qua:

360 4490 456 4544 τοῦ
475 4494 1003 4632 ἑνιείφειν,σεπτοράδιινλν
1061 4504 1243 4559 καὶίὲκ
1270 4503 1687 4576 διαλειμμάτων·
1727 4525 1920 4578 κατερ-

363 4595 468 4632 you
507 4599 588 4632 νη.

363 4595 588 4650 χομενη.

448 4840 748 4896 Ἀνατελεῒ
773 4845 845 4898 ἐν
882 4847 1011 4913 ταῖς
1041 4849 1290 4919 ἡμέραις
1322 4857 1505 4910 αὑτοῦ
1539 4859 1917 4928 δικαιοσύνη,
2000 4851 2006 4857 ’

361 4933 462 4987 καί
502 4935 732 5003 πλῆθος
757 4938 998 5008 εἰρήνης
1040 4942 1150 5009 ἕως
1189 4941 1260 5002 οὗ
1305 4947 1702 5020 άνταναιρεθῇ
1743 4955 1782 5020 ἠ
1815 4967 1919 5008 σε·

361 5023 549 5088 λήνη.
597 5027 952 5096 Γιννηθέντος
982 5033 1090 5102 γὰρ
1118 5035 1211 5088 τοῦ
1251 5039 1509 5106 Χριστοῦ,
1563 5044 1618 5094 αἱ
1667 5043 1914 5113 διάφοροι

360 5115 655 5204 τοααρχίαι
700 5119 808 5172 τῶν
833 5120 1000 5175 ἐθνῶν
1048 5125 1130 5187 sic
1166 5131 1463 5199 μοναρχίαν
1489 5132 1590 5204 τὴν
1639 5135 1750 5187 τῶν
1789 5136 1918 5189 Ῥωο

368 5202 543 5293 μςιῳν
585 5205 969 5276 περιέστησαν.
1052 5213 1314 5284 Ἐξῆλθο
1349 5218 1478 5290 γὰρ,
1518 5202 1670 5290 φησι,
1729 5223 1918 5293 δόγμα

363 5291 523 5358 παρὰ
548 5295 840 5363 Καίσαρος
853 5301 1222 5371 Αὐγούστου,
1239 5308 1682 5379 ἀπογράφεσθαι
1712 5291 1917 5370 πᾶσαν

364 5382 483 5448 τὴν
510 5386 879 5455 οἰκουμένην.
912 5391 1044 5444 Τότε
1076 5395 1258 5449 τοίνυν
1320 5401 1622 5471 ἐκέχρηντο
1650 5403 1917 5458 δικαιοσύ-

362 5491 433 5544 νῃ
457 5476 548 5528 καὶ
571 5477 758 5552 εἰρήνῃ
780 5481 913 5548 πρὸς
936 5484 1168 5554 ἀλλήλας
1201 5491 1255 5540 αἱ
1281 5491 1408 5561 πρὶν
1450 5493 1693 5563 πολέμιο.
1735 5496 1907 5556 πόλει.

364 5563 473 5656 iisab
496 5566 633 5634 μιᾶς
685 5569 1005 5656 ἰθυνόμεναι.
1051 5575 1348 5646 βασιλείας.
1411 5583 1815 5655 Ἀνταναιρεσιν
1859 5588 1916 5640 δὲ

363 5655 464 5725 τῆς
494 5659 737 5730 σελήνης,
765 5664 962 5729 εἴτουν,
999 5669 1279 5736 ἀναίρεσιν
1330 5675 1486 5729 καλεῖ
1523 5677 1625 5754 τὴν
1649 5681 1756 5732 ἰπὶ
1794 5695 1914 5731 συν·

402 5836 431 5875 ³
451 5837 587 5897 Luc.
624 5854 680 5903 ιι,
712 5840 764 5894 l.

2025 4504 2078 4557 in
2111 4510 2310 4558 terram
2345 4501 2511 4554 cadit.
2557 4498 2753 4552 Verum
2807 4513 2902 4566 per
2935 4497 3109 4550 stillas
3136 4537 3151 4560 ,
3181 4496 3576 4553 minutissimas

1950 4575 2144 4646 Dillas
2200 4599 2420 4659 guttas,
2477 4603 2574 4642 seu
2653 4587 2836 4656 potius
2906 4601 3058 4640 rores
3136 4586 3422 4656 intelligit,
3482 4587 3572 4654 qui

2020 4692 2147 4734 ante
2181 4678 2424 4748 pluviam
2456 4691 2520 4731 ex
2567 4676 2854 4730 intervallo
2884 4674 3203 4745 sparsimin
3237 4682 3440 4729 terram
3487 4691 3576 4728 ca-

2019 4772 2178 4825 dunt.
2416 4758 2426 4771 ‘
3306 4779 3308 4781 ’

2095 4855 2255 4911 Vens.
2282 4857 2335 4910 7.
2375 4853 2588 4910 Orietur
2612 4853 2665 4906 in
2705 4851 2886 4906 diebus
2914 4850 3028 4921 ejus
3057 4851 3275 4921 iustitia
3308 4863 3356 4907 et
3396 4855 3575 4907 multi-

2022 4946 2145 5000 tudo
2175 4945 2323 5014 pacis
2358 4946 2522 4996 donec
2545 4941 2826 5011 auferatur
2852 4941 2999 4996 luna.
3032 4940 3171 4997 Nato
3199 4944 3398 4998 etenim
3422 4944 3575 4998 Chri-

2024 5047 2108 5091 sto
2148 5019 2294 5090 varia
2352 5035 2592 5104 gentium
2663 5050 2827 5104 regna
2881 5035 2933 5088 in
2985 5050 3147 5089 unam
3205 5035 3570 5090 Romanorum

2024 5129 2396 5204 monarcltiam
2451 5126 2697 5180 deducta-
2736 5133 2883 5180 sunt.
2935 5124 3110 5206 Ειῑῖίἰιζ
3161 5127 3568 5196 e_nim,-iuq.uit,

2021 5219 2246 5272 edictum
2273 5231 2306 5268 a
2334 5214 2544 5269 Cmam
2573 5214 2832 5282 Augusto,
2861 5222 2917 5263 ut
2950 5211 3336 5265 describeretur
3365 5215 3572 5266 univer-

2022 5327 2110 5364 sus
2143 5309 2284 5363 orbis
2317 5307 2358 5361 ³.
2391 5305 2548 5360 Tunc
2578 5307 2747 5376 igitur
2796 5304 3069 5366 civitates,
3123 5320 3244 5372 quze
3286 5305 3425 5355 inter
3453 5319 3572 5358 sese

2023 5410 2180 5452 antea
2221 5397 2540 5451 inimicitias
2571 5405 2951 5458 exercuerant,
3003 5409 3110 5447 uno
3142 5402 3352 5447 tantum
3397 5394 3570 5462 impe-

2025 5501 2202 5553 ratore
2234 5489 2415 5544 omnia
2443 5486 2785 5546 moderante,
2843 5493 3028 5536 mutua
3075 5483 3286 5550 iustitia
3337 5497 3399 5536 ac
3429 5497 3562 5549 pace

2027 5583 2338 5648 utebantur.
2374 5581 2440 5634 Et
2494 5579 2637 5649 quod
2668 5563 2743 5630 ait
2769 5575 2782 5630 ἑ
2811 5577 2971 5628 donec
2996 5575 3270 5644 auferatur
3300 5575 3444 5635 luna,
3474 5588 3574 5641 po-

2027 5673 2133 5730 suit
2158 5689 2276 5743 pro,
2297 5673 2470 5728 donec
2515 5673 2642 5724 luna
2673 5669 2738 5721 ab
2769 5668 2941 5720 ullicio
2968 5680 3069 5720 suo
3084 5676 3280 5729 cesset,
3316 5664 3456 5734 quod
3485 5665 3576 5716 nia
