4124 6326
237 478 361 544 733
1389 482 1748 543 COMMENT
1801 482 1880 543 IN
1928 485 2282 555 PSALMOS.
2876 478 2879 489 Γ
3303 495 3411 559 73t

232 595 390 658 τινὲς
411 594 469 648 δὲ
493 594 644 648 πόλιν
677 593 853 657 tame;
881 597 977 665 τὴν
1013 597 1361 666 Ἰερουσαλὴμ
1387 597 1774 666 ὑπολαμωνου

1860 611 2025 667 ssent.
2086 604 2385 662 Possumus
2422 608 2581 661 etiam
2629 621 2723 675 per
2767 606 3063 673 civitatem,
3113 607 3410 664 Ecclesiam

235 700 353 747 σιν,
385 684 475 752 ἀφ’
504 678 571 753 ἧς
595 682 901 752 ὲξανθῆσαι,
927 686 1019 737 καὶ
1046 686 1229 753 τάχιον
1258 684 1596 754 μαρανθῆναι
1630 683 1774 752 δίκην

1882 692 2203 762 intelligere,
2232 698 2451 750 tametsi
2485 696 2728 749 nonnulli
2779 697 2947 765 ipsam
2993 696 3298 767 intelligant
3318 698 3405 753 Je-

233 778 440 843 χόρτου
480 775 607 835 τοὺς
664 775 961 839 Ἰουδαίους,
1008 774 1301 845 αὐξομένου
1347 776 1440 830 τοῦ
1499 776 1774 847 κηρύγμα-

1881 784 2220 850 rusalem,ex
2261 800 2365 853 qua
2395 785 2562 839 Judaei
2601 785 2899 839 ﬂoruerunt
2931 802 2946 838 :
2978 786 3094 855 qui,
3132 795 3411 842 crescente
3440 846 3443 847 ν

233 880 359 926 τος-
778 894 784 897 ·
1378 902 1382 908 -
1458 930 1461 933 ἰ
1881 873 2219 940 postmodum
2253 874 2522 943 Evangelii
2579 875 2975 943 praedicatione,
3020 875 3192 929 instar
3229 876 3411 931 herba:
3490 890 3493 893 ‘

1878 968 2157 1020 celerrime
2178 968 2468 1035 perierunt.
3153 973 3162 983 ‘

309 1044 525 1099 Ἔσται
548 1063 615 1100 το
644 1064 826 1116 ονομα
856 1049 1040 1102 αὐτοῦ
1083 1050 1484 1117 εὐλογημένον
1517 1053 1605 1115 είς
1641 1052 1774 1116 τοὺς

1950 1056 2109 1114 Vens.
2148 1059 2234 1112 17.
2271 1056 2384 1110 Erit
2409 1074 2587 1110 nomen
2610 1057 2719 1125 ejus
2759 1057 3078 1113 benedictum
3104 1058 3155 1110 in
3188 1058 3402 1111 alecula.

226 1136 476 1201 αἰῶνας.
531 1137 698 1190 Τοῦτο
729 1137 905 1199 δῆλον.
941 1139 1277 1208 Εὐφημεῖται
1333 1140 1438 1210 γὰρ
1499 1140 1586 1193 ἀεὶ
1630 1144 1774 1210 παρᾶ

1876 1145 1990 1200 Hoc
2031 1163 2125 1215 per
2175 1163 2235 1203 se
2270 1148 2616 1209 manifestum
2677 1155 2781 1203 est.
2835 1148 3169 1201 Laudabitur
3227 1156 3404 1211 autem

225 1227 343 1280 τῶν
370 1228 679 1297 ἅπανταχοῦ
715 1229 941 1284 πιστῶν.
979 1232 1185 1298 Ὀνομα
1216 1229 1270 1282 δὲ
1329 1229 1476 1297 λέγει
1524 1232 1606 1296 τὸ,
1649 1230 1781 1302 Χρι-

227 1320 383 1383 στὸς,
405 1320 520 1389 ἦτοι
542 1321 620 1386 τὸ,
662 1320 892 1391 Ἰησοῦς,
1229 1348 1233 1352 -
1591 1315 1595 1319 ’

217 1492 223 1508 ¹
312 1499 429 1563 Πρὸ
482 1499 586 1552 τοῦ
613 1501 789 1567 ἡλίου
824 1501 1081 1567 διαμένει
1106 1502 1169 1555 τὸ
1216 1502 1399 1571 ὄνομα
1440 1505 1644 1558 αὐτοῦ.
1668 1505 1775 1575 (66)

225 1583 327 1649 Τὸ,
360 1585 426 1639 '0
457 1584 559 1652 ὢν,
588 1587 615 1640 ὃ
637 1589 716 1652 τὸ,
742 1589 848 1641 Ἀεὶ
872 1590 1006 1657 ἔχει.
1030 1590 1105 1647 ὡς
1128 1591 1286 1652 αὐτὸς
1310 1593 1497 1644 ἑαυτὸν
1529 1593 1777 1661 ὀνομάζει

224 1676 312 1745 τῷ
346 1679 515 1750 Muri]
543 1679 892 1767 χρηματίζων
920 1682 1012 1733 ἐπὶ
1042 1682 1133 1733 τοῦ
1158 1682 1358 1751 νδρους.
1408 1684 1470 1735 El
1508 1684 1562 1745 δὲ
1603 1685 1777 1738 καὶτὸ

220 1767 469 1837 Χριστος
518 1772 711 1834 είποις,
743 1770 823 1832 τὸ,
860 1771 974 1837 πρὸ
1028 1771 1132 1825 τοῦ
1163 1774 1362 1840 ἡλίου,
1408 1775 1619 1841 νοήσεις
1656 1776 1779 1828 ἀντὶ

221 1859 348 1927 τοῦ,
381 1860 550 1931 ’Υπὲρ
570 1861 660 1915 τὸν
685 1862 853 1928 ἥλιον,
888 1862 1071 1915 πλεῖον
1102 1865 1193 1915 τοῦ
1222 1863 1395 1932 ἡλίου.
1431 1864 1493 1916 ’0
1526 1868 1625 1934 μὲν
1668 1866 1775 1934 γὰρ

218 1949 384 2020 ἥλιος
414 1952 474 2004 ὲν
500 1955 563 2022 τῇ
599 1953 876 2023 συντελείᾳ
911 1953 1115 2017 πίπτει,
1152 1954 1253 2006 καὶ-
1272 1954 1340 2007 τὰ
1367 1954 1527 2009 λοιπὰ
1556 1956 1733 2026 ἄστρα
1757 1976 1770 1989 ·

224 2041 291 2093 τὸ
316 2042 375 2095 δὲ
398 2043 636 2097 τοιοῦτον
682 2044 849 2113 ὖνομα
879 2043 1211 2114 ἀδιάπτωτον
1246 2046 1397 2116 μένει
1448 2050 1597 2117 παρὰ
1641 2051 1774 2104 πᾶσι

221 2134 642 2204 γνωριζόμενον.

1876 1237 2074 1305 ubique
2135 1246 2188 1292 et
2223 1247 2534 1306 perpetuen
2581 1237 2847 1292 ﬁdelibus.
2896 1238 2994 1290 Per
3048 1251 3243 1289 nomen
3294 1252 3396 1289 au-

1874 1336 1981 1381 tem
2031 1329 2169 1397 ejus,
2230 1345 2423 1383 no-uen
2475 1330 2673 1383 Christi
2726 1328 2997 1397 intelligit,
3045 1336 3139 1380 aut
3178 1340 3398 1399 :nomen

1873 1419 2022 1475 Jesu.
2523 1466 2536 1472 _

1944 1510 2075 1563 Ante
2096 1510 2257 1563 solem
2292 1519 2555 1577 permanet
2592 1494 2949 1577 nomen'ejus.
2991 1508 3124 1561 Illud
3155 1507 3276 1561 dico
3307 1522 3405 1559 nn-

1875 1613 1997 1653 men
2056 1601 2148 1655 Dei
2204 1612 2482 1668 permanet
2539 1611 2663 1656 ante
2710 1602 2900 1664 solem,
2958 1614 3065 1669 quo
3116 1599 3231 1667 ipse
3260 1614 3325 1653 se
3351 1600 3404 1651 in

1877 1698 2064 1744 monte
2113 1691 2426 1759 appellavit,
2461 1690 2629 1760 Moysi
2688 1691 2917 1758 loquens
2976 1688 3227 1757 (quando
3279 1688 3406 1740 ait:

1876 1779 1985 1848 Ego
2011 1795 2148 1842 sum,
2192 1782 2280 1848 qui
2310 1795 2425 1834 sum
2458 1779 2507 1844 ';
2545 1780 2671 1834 item
2719 1778 2821 1843 Qui
2853 1787 2950 1841 est,
3010 1777 3170 1830 mittit
3222 1791 3301 1828 me
3328 1776 3404 1841 ').

1875 1864 2030 1930 Quod
2082 1868 2126 1919 si
2183 1867 2251 1919 de
2297 1866 2499 1922 Christi
2561 1867 2782 1920 nomine
2820 1866 2924 1919 hoc
2968 1864 3172 1919 dictum
3229 1871 3407 1932 putes,

1878 1966 1998 2010 ante
2026 1957 2185 2010 solem
2226 1973 2456 2026 expone,
2487 1972 2587 2026 pro
2613 1972 2773 2026 supra
2806 1941 2993 2016 soleiu,
3028 1955 3129 2008 hoc
3158 1963 3261 2015 est,
3291 1969 3406 2007 am-

1871 2050 2016 2120 plius
2042 2063 2201 2116 quam
2228 2048 2328 2101 sol.
2363 2045 2496 2100 Nam
2529 2046 2583 2099 in
2619 2045 3086 2100 consummatione
3111 2044 3293 2097 saeculi
3323 2046 3403 2097 sol

1871 2141 2050 2206 cadet,
2084 2148 2139 2195 et
2167 2149 2361 2194 Caetera
2393 2146 2563 2193 astra.
2601 2136 2714 2190 Hoc
2767 2144 2945 2188 autem
2976 2134 3180 2188 Christi
3209 2148 3403 2187 nomen

1870 2247 2085 2301 semper
2108 2231 2341 2292 tinuum,
2360 2238 2522 2299 atque
2542 2228 2812 2297 integrum
2842 2234 2905 2282 et
2925 2226 3179 2282 omnibus
3210 2233 3397 2309 notum

1766 2340 1767 2343 ‘
1870 2323 2227 2392 permanebit.

304 2400 410 2451 Kal
450 2402 952 2472 εὐλογηθήσονται
976 2406 1046 2460 ἐν
1082 2406 1239 2471 αὐτῷ
1275 2405 1552 2463 πᾶσαιαί
1584 2404 1770 2474 φυλαί

223 2490 344 2559 τῆς
369 2492 497 2561 τῆς.
522 2494 593 2548 Τὸ
620 2495 719 2565 μὲν
738 2497 1282 2565 Εὐλοτηθήσονται,
1313 2499 1432 2551 ἀντὶ
1454 2496 1556 2551 ποῦ
1611 2490 1769 2565 ἅγιαι

229 2582 547 2651 σθήσονται,
592 2574 1071 2657 χαριτωθήσονται.
1120 2589 1208 2640 Ἐν
1237 2587 1310 2656 τῷ
1353 2588 1629 2641 καλεῖσθαι
1662 2591 1767 2661 γὰρ

223 2672 567 2742 Χριστιανοὶ,
605 2676 957 2747 δοξαζόμεθα.
987 2677 1157 2730 Τοῦτο
1189 2678 1244 2731 δὲ
1273 2680 1366 2731 καὶ
1402 2680 1479 2747 τῷ
1521 2680 1769 2750 ’Δόραὰμ

222 2768 254 2818 ὁ
281 2766 417 2829 θεὸς
454 2770 583 2837 περὶ
629 2770 941 2837 σπέρματος
968 2756 1157 2822 αὐτοῦ’
1176 2771 1559 2839 ἐπηγγείλατο,
1591 2771 1618 2824 ὃ
1648 2767 1714 2842 ἦν
1738 2771 1768 2824 ὀ

226 2855 485 2925 Χριστός.
518 2857 691 2919 Φυλὰς
722 2858 895 2921 δὲτὰς
930 2859 1120 2925 γενεὰς
1145 2859 1415 2914 ἐκάλεσεν.

301 2946 504 3001 Πάντα
545 2947 617 3001 τὰ
655 2948 811 3005 ἔθνη
829 2949 1225 3018 μακαριοῦσιν
1264 2952 1468 3005 αὐτόν.
1507 2951 1770 3022 Εὑφημή-

230 3052 440 3090 σουσιν.

294 3126 634 3195 Εὐλογητὸς
690 3128 900 3196 Κύριος
939 3131 971 3182 ό
1010 3131 1153 3194 Θεὸς
1210 3103 1540 3196 Ἰσραὴλιο
1582 3129 1769 3184 ποιῶν

1942 2412 2004 2464 Et
2024 2412 2376 2466 benedicentur
2399 2411 2451 2462 in
2466 2424 2523 2464 eo
2536 2423 2709 2461 omnes
2733 2406 2893 2460 tribus
2913 2413 3083 2459 terrae.
3110 2429 3173 2443 --
3185 2403 3405 2457 Benedi-

1867 2513 2046 2559 centur
2072 2543 2086 2567 ,
2120 2504 2225 2559 hoc
2255 2510 2358 2564 est,
2391 2500 2893 2563 sanctiﬁcabuntur,
2929 2495 3010 2552 vel
3041 2486 3240 2564 gratias
3268 2508 3401 2547 con-

1868 2605 2178 2667 sequentur.
2222 2594 2600 2651 Glorilicamur
2645 2592 2843 2646 etenim
2870 2630 2885 2654 ,
2940 2589 3066 2643 dum
3107 2583 3399 2640 Christiani

1866 2689 2117 2743 dicimur.
2159 2686 2225 2741 Et
2251 2688 2353 2739 hoc
2383 2693 2482 2749 est,
2516 2682 2656 2752 quod
2691 2682 2829 2737 Deus
2872 2680 3099 2734 Abrahm
3126 2675 3399 2745 pollicitus

1864 2786 1966 2845 est,
2002 2791 2098 2846 pro
2128 2775 2246 2846 ejus
2280 2774 2503 2839 semine,
2537 2772 2682 2843 quod
2707 2778 2790 2827 est
2815 2811 2831 2836 ,
2870 2769 3141 2823 Christus.
3172 2764 3276 2819 Per
3303 2763 3427 2835 tri-j

1864 2868 1967 2922 bus
1995 2874 2168 2920 autem
2192 2873 2373 2928 terra,
2392 2863 2571 2918 varias
2602 2862 2837 2932 gentium
2857 2858 3103 2913 nationes
3132 2852 3401 2921 intelligit.

1935 2957 2124 3009 Omnes
2156 2962 2327 3025 gentes
2362 2946 2729 3021 beatiﬁeabunt
2759 2963 2896 3002 eum.
2929 2943 3036 3000 Hoc
3065 2949 3175 3007 est,
3206 2941 3402 2995 lauda-

1865 3047 2094 3193 b";:ss.
2130 3134 2216 3188 18.
2245 3133 2550 3201 Benedictus
2581 3129 2828 3183 Dominus
2864 3127 2997 3181 Deus
3053 3127 3223 3181 Israel
3253 3166 3267 3191 ,
3313 3128 3404 3196 qui

224 3191 528 3283 θαὺμάσια
552 3191 924 3284 μόνος-,φ’ἰδοὺ
957 3218 1018 3273 τὸ
1050 3191 1421 3289 κειίρυμμένοῖν
1455 3191 1721 3289 ἐξέφηνεν
1744 3236 1760 3254 ο

1866 3191 1994 3299 facit
2036 3209 2298 3280 mirabilia
2326 3192 2490 3276 solus.
2519 3219 2657 3274 Ecce
2691 3219 2830 3287 quod
2851 3216 3203 3286 quatocculta
3226 3191 3403 3280 erant,

227 3305 365 3356 Θεὸν
393 3305 552 3375 αὑτὸν
576 3306 939 3378 ἀνακηρύεας,
972 3310 1066 3363 καὶ
1105 3310 1237 3363 Θεὸν
1277 3310 1368 3363 τοῦ
1414 3310 1648 3382 Ἰσραὴλ,
1680 3312 1766 3364 ίνα

230 3392 381 3461 δείξῃ
413 3392 678 3456 ὖτι,οὖτός
715 3398 830 3448 ἐστι
866 3396 959 3449 καὶ
986 3396 1078 3449 τοῦ
1131 3398 1343 3469 Ἰσραὴλ
1384 3401 1411 3452 ὁ
1445 3401 1576 3464 Θεὸς
1596 3441 1611 3466 ,
1643 3406 1670 3456 ὁ
1700 3406 1770 3459 τὰ

229 3480 510 3551 θαυμάσια
551 3484 731 3537 ἐκεῖνα
756 3484 824 3537 δι’
862 3487 1068 3539 ἐκεῖνον
1094 3492 1550 3559 τερατουργήσας.
1584 3493 1656 3545 Τὸ
1687 3494 1766 3558 δὲ,

227 3571 411 3638 μόνος
439 3611 455 3626 .
519 3572 651 3639 πρὸς
693 3572 1094 3647 ἁντιδιαστολὴν
1127 3576 1332 3630 τέθεικε
1364 3577 1473 3631 τῶν
1499 3578 1769 3654 ψευδωνύ-

233 3679 348 3731 tum
376 3662 524 3718 θεῶν.

304 3842 412 3894 Kal
447 3841 853 3911 εὐλοτημένον
900 3842 965 3897 τὸ
1004 3844 1194 3915 ὄνομα
1232 3846 1343 3915 τῆς
1375 3847 1557 3916 δόξης
1582 3848 1769 3905 αὐτοῦ

232 3934 319 3997 είς
357 3932 462 3984 τεν
516 3932 698 3985 αἰῶνα
746 3933 843 3986 καὶ
891 3937 977 4000 εις
1029 3937 1135 3989 τὸν
1173 3935 1354 3994 αίῶνα
1384 3939 1490 3994 τοῦ
1536 3940 1767 4008 αίῶνος.

230 4023 366 4085 Δόξα
407 4021 499 4074 τοῦ
536 4022 795 4090 Χριστοῦ,
836 4025 867 4091 ἡ
903 4024 1309 4096 ὲνανθρὼπησις
1366 4030 1457 4081 καὶ
1514 4033 1582 4083 τὰ
1628 4033 1770 4085 κατὰ

231 4114 433 4183 ταύτην
464 4114 754 4184 παθήματα
782 4129 796 4143 ·
821 4114 907 4169 διὰ
935 4116 1136 4171 τούτων
1164 4119 1273 4190 γὰρ
1311 4120 1572 4190 ἐδοξάσθη
1615 4124 1769 4192 παρὰ

229 4208 342 4268 τοῖς
372 4209 605 4273 πιστοῖς,
627 4207 706 4260 ὅτι
735 4207 881 4270 Θεὸς
907 4208 981 4261 ὢν
1010 4209 1077 4262 δι’
1106 4212 1251 4279 ἡμᾶς
1264 4211 1433 4265 ταῦτα
1463 4213 1728 4267 πέπονθεν
1752 4230 1767 4246 ’

230 4295 395 4364 ὄνομα
421 4297 475 4349 δὲ
505 4297 723 4367 ταύτης,
777 4298 837 4351 τὸ
868 4299 1137 4366 Χριστὸς.
1163 4301 1191 4353 δ
1214 4302 1303 4355 καὶ
1322 4301 1400 4365 είς
1421 4303 1511 4357 τὸν
1530 4305 1771 4372 παρόντα

235 4385 406 4437 αίῶνα
447 4386 767 4454 εὐλογεῖται,
813 4388 995 4466 καθὼς
1030 4390 1284 4462 ἀνωτέρω
1312 4390 1641 4460 δεδήλωται,
1676 4395 1772 4447 καὶ

233 4475 411 4545 πολλῷ
447 4477 646 4546 μᾶλλον
679 4480 763 4542 είς
787 4480 876 4534 τὸν
904 4481 1182 4550 μέλλοντα,
1228 4484 1316 4537 ὅτε
1365 4484 1538 4547 οὐδεὶς
1570 4486 1719 4541 ἔσται
1742 4489 1771 4541 ὁ

1870 3316 2123 3372 revelavit
2156 3332 2171 3368 :
2196 3313 2481 3367 Dominum
2502 3311 2647 3365 illum
2672 3323 2794 3365 esse
2815 3307 3133 3377 praedicans,
3157 3314 3213 3360 et
3238 3306 3402 3359 Deum

1868 3406 2052 3471 Israel,
2079 3414 2136 3457 ut
2164 3402 2475 3457 ostenderet
2527 3399 2669 3468 quod
2698 3397 2945 3451 Christus
2998 3395 3141 3450 idem
3188 3394 3278 3449 ille
3323 3403 3406 3448 est

1870 3496 2032 3555 Deus.
2060 3493 2150 3563 qui
2175 3492 2304 3547 olim
2327 3489 2611 3546 dicebatur
2636 3487 2778 3543 Deus
2808 3486 2995 3551 Israel,
3026 3494 3081 3541 et
3102 3486 3194 3557 qui
3238 3488 3403 3539 mira-

1866 3586 1992 3640 bilia
2025 3584 2153 3638 olim
2187 3590 2411 3652 propter
2439 3579 2589 3631 illum
2623 3586 2875 3645 Operatus
2921 3584 3023 3631 est.
3071 3573 3225 3639 Quod
3276 3588 3405 3629 vero

1868 3676 1961 3737 ait,
1987 3673 2129 3727 solus
2152 3710 2168 3735 ,
2193 3671 2259 3725 ad
2291 3668 2689 3723 distinctionem
2713 3668 2939 3720 aliorum
2959 3665 3179 3719 deorum
3198 3664 3404 3721 dictum

1867 3771 1971 3829 est,
2001 3760 2090 3828 qui
2118 3757 2252 3814 falso
2284 3757 2359 3812 dii
2397 3756 2750 3825 appellantur.

1942 3849 2104 3904 Vens.
2151 3848 2236 3904 i9.
2274 3847 2345 3915 Et
2383 3846 2702 3901 benedictum
2749 3859 2928 3897 nomen
2972 3843 3151 3913 gloriae
3197 3842 3312 3911 ejus
3352 3841 3407 3894 in

1868 3942 2137 4003 secutum,
2158 3946 2207 3992 et
2236 3940 2287 3990 in
2304 3937 2548 3992 uetulum
2575 3935 2772 3989 saeculi.
2803 3934 2903 3989 Per
2919 3931 3123 3987 Christi
3150 3932 3407 3999 gloriam,

1868 4034 1987 4103 ejus
2022 4045 2305 4100 possumus
2341 4026 2765 4083 incarnationem
2794 4020 3118 4092 intelligere,
3146 4030 3200 4077 et
3221 4035 3412 4083 omnes

1869 4129 2069 4196 pariter
2099 4122 2215 4192 ejus
2246 4122 2553 4191 passiones,
2579 4132 2697 4187 qute
2720 4120 2785 4172 ad
2805 4116 3047 4172 eamdem
3076 4113 3407 4168 incarnatio-

1869 4228 1991 4267 nem
2025 4209 2316 4278 pertinent,
2352 4214 2405 4261 et
2431 4214 2647 4274 propter
2672 4218 2807 4273 quas
2836 4204 3174 4273 gloriﬁcatur
3213 4217 3242 4255 a
3278 4200 3409 4255 ﬁde-

1871 4303 2031 4366 libus,
2062 4297 2207 4368 quod
2235 4306 2380 4352 tanta
2409 4312 2472 4353 ac
2493 4306 2601 4349 tam
2633 4296 2811 4364 gravia
2841 4293 3163 4349 sustinuerit
3187 4299 3408 4362 propter

1870 4408 1992 4457 nos,
2019 4391 2111 4461 qui
2148 4389 2290 4445 Deus
2318 4398 2449 4443 erat.
2483 4386 2687 4442 Nomen
2739 4394 2916 4450 autem
2963 4384 3122 4451 hujus
3179 4382 3363 4452 gloria:
3387 4417 3406 4444 ,

1857 4484 2120 4541 .Christus
2148 4489 2253 4544 est,
2278 4478 2368 4549 qui
2397 4480 2452 4532 in
2486 4476 2738 4546 praesenti
2783 4473 2978 4529 saeculo
3027 4472 3369 4528 benedicitur
3392 4508 3409 4535 ,

236 4565 568 4636 βλασφημῶν
598 4611 613 4635 ,
645 4570 792 4640 αὐτῷ
835 4547 1018 4625 λοιπὸν
1041 4574 1253 4628 πάντων
1296 4577 1766 4648 ὑποτεταγμένων.

1871 4583 1931 4629 ut
1967 4572 2219 4641 superius
2253 4547 2665 4629 declaravimus,
2692 4574 2746 4620 et
2774 4564 2946 4620 multo
2975 4563 3145 4632 magis
3186 4561 3407 4618 benedi-

235 4655 517 4723 Δυνάμεθα
542 4656 598 4712 δὲ
622 4660 716 4711 καὶ
747 4663 1192 4729 περιφραστικῶς
1215 4665 1407 4731 είπετν,
1443 4657 1769 4735 τῆςθόξης

232 4745 435 4810 αὑτοῦ.
471 4748 592 4805 ἀντὶ
615 4748 706 4804 τοῦ
750 4750 940 4808 αὑτοῦ.

297 5009 406 5064 Kal
442 5011 894 5081 πληρωθήσεται
925 5013 1034 5081 τῆς
1084 5013 1263 5081 δόξης
1288 5016 1472 5071 αὐτοῦ
1521 5017 1687 5073 πᾶσα
1728 5022 1766 5088 ἠ

232 5100 329 5171 τῆ.
352 5100 617 5167 Γένοιτο,
650 5104 894 5169 γένοιτο.
920 5104 1088 5158 Τοῦτο
1111 5108 1439 5176 προφητεύει
1471 5108 1566 5177 τὴν
1585 5109 1768 5162 πίστιν

233 5195 445 5250 πάντων
472 5193 581 5248 τῶν
606 5193 792 5250 ἐθνῶν.
823 5195 977 5252 Οὕτω
996 5198 1052 5251 δὲ
1077 5200 1172 5253 καὶ
1194 5199 1329 5269 πρὸς
1342 5200 1576 5269 Μωῦσῆν
1604 5198 1758 5255 εἶπεν

228 5286 258 5338 ὁ
276 5286 407 5349 Sed;
427 5302 442 5319 ·
473 5283 557 5352 Ζῇ
595 5284 704 5353 γὰρ
724 5285 796 5346 ,τὸ
830 5285 1012 5355 ὄνομά
1034 5307 1170 5357 μου,
1201 5289 1289 5344 ὅτι
1321 5292 1771 5357 πληρωθήσεται

236 5375 342 5444 τῆς
363 5376 548 5443 δόξης
597 5393 718 5445 μου
779 5376 946 5431 πᾶσα
1001 5377 1041 5445 ὴ
1071 5378 1165 5447 τῆ.
1221 5379 1388 5435 Τοῦτο
1416 5382 1508 5436 καὶ
1550 5384 1769 5450 Ἡσαΐας

232 5468 449 5541 ἥκουσι,
511 5467 753 5538 βοώντων
802 5470 911 5520 τῶν
978 5471 1223 5541 Σεραφίμ
1248 5484 1263 5499 ⁸
1312 5473 1531 5542 Ἄγιος,
1585 5474 1768 5545 ἅγιος,

233 5554 394 5623 ἅγιος
446 5557 655 5623 Κύριος
696 5555 932 5611 Σαϐαὼθ
953 5577 965 5589 ·
1001 5559 1233 5627 πλήρης
1282 5557 1449 5614 πᾶσα
1479 5562 1517 5628 ἡ
1552 5563 1628 5630 τῆ
1660 5562 1769 5631 τῆς

235 5645 415 5711 δόξης
434 5647 618 5700 αὐτοῦ
639 5665 652 5678 ·
683 5647 763 5711 δὶς
791 5647 847 5700 δὲ
870 5647 931 5700 τὸ
970 5648 1219 5716 γένοιτο,
1251 5650 1430 5713 καθὼς
1455 5654 1512 5705 ἐν
1534 5653 1609 5721 τῷ
1630 5656 1769 5709 τέλει

1868 4679 2019 4719 cetur
2045 4662 2097 4715 in
2132 4661 2337 4723 futuro,
2366 4657 2584 4728 quando
2615 4655 2795 4711 nullus
2823 4654 2873 4710 ei
2906 4653 3205 4716 maledicet,
3229 4651 3408 4717 enini—

1866 4754 1970 4810 bus
2015 4749 2267 4804 nimirum
2299 4755 2428 4801 tunc
2479 4748 2529 4799 ei
2573 4743 2852 4811 subjectis.
2900 4739 3407 4795 Possumus'etiam

1867 4858 1962 4913 per
1992 4842 2111 4910 ejus
2139 4838 2388 4912 gloriam,
2418 4832 3098 4902 circumloquendoipsum
3124 4829 3399 4884 Christum

1869 4933 2197 5001 intelligere.
3010 4972 3014 4979 .

1944 5024 2015 5077 Et
2041 5020 2321 5089 replebitur
2367 5017 2539 5087 gloria
2572 5015 2685 5085 ejus
2713 5016 2876 5069 omnis
2922 5022 3084 5075 terra,
3112 5010 3264 5073 Fiat,
3289 5008 3406 5089 ﬁat.

1876 5116 1968 5170 llis
1995 5087 2173 5168 verbis
2202 5108 2444 5165 omnium
2475 5106 2711 5177 gentium
2754 5103 2886 5157 fides
2940 5100 3269 5171 praedicitur.
3326 5087 3405 5150 Ita

1874 5206 2036 5261 etiam
2064 5203 2131 5257 ad
2160 5200 2396 5273 Moysem
2422 5198 2559 5255 dixit
2587 5196 2729 5251 Deus
2765 5211 2783 5248 ι
2816 5191 2951 5247 Vicit
2977 5208 3158 5246 nomen
3194 5208 3359 5246 meum
3390 5230 3409 5256 ,

1874 5295 2119 5364 quoniam
2154 5289 2448 5354 implebitur
2476 5287 2645 5355 gloria
2671 5300 2785 5338 mea
2810 5283 2975 5337 omnis
3026 5290 3169 5336 terra
3193 5283 3235 5337 ’.
3294 5280 3404 5333 Hoc

1875 5393 1928 5440 et
1952 5383 2118 5438 lsaias
2159 5381 2420 5449 prepheta
2436 5375 2658 5438 audivit,
2693 5371 3053 5428 clamantibus
3083 5368 3365 5437 Seraphim
3395 5389 3407 5419 ι

1873 5475 2121 5537 Sanctus,
2142 5480 2375 5531 sanctus,
2411 5476 2620 5522 sanctus
2688 5463 2965 5525 Dominus,
2998 5460 3129 5514 Deus
3156 5456 3408 5520 Sabaoth,

1872 5564 2022 5633 plena
2046 5568 2121 5614 est
2171 5561 2339 5613 omnis
2369 5567 2508 5611 terra
2549 5554 2716 5623 gloria
2763 5551 2874 5615 eius
2925 5550 2991 5603 ¹⁶.
3046 5548 3188 5601 Illam
3229 5553 3407 5601 autem

1873 5654 2241 5724 repetitionem
2282 5649 2457 5709 verbi,
2491 5648 2585 5715 ﬁat
2614 5687 2627 5709 ,
2663 5643 2901 5712 intellige
2926 5646 3085 5710 prout
3112 5635 3401 5694 declaravi-

289 5734 505 5792 'Exod.
554 5752 638 5800 ιιι,
680 5739 767 5794 ﬂ.
829 5737 1011 5794 'lbid.
1094 5740 1116 5771 ⁹
1148 5741 1312 5796 Num.
1361 5757 1472 5807 xiv,
1513 5743 1603 5803 21.
1679 5746 1723 5778 ¹⁶
1769 5744 1874 5802 lsa.
1922 5761 1999 5807 vt,
2052 5742 2107 5797 5.

1552 5838 1750 5899 Varite
1775 5839 2092 5900 lectiones.

299 5930 414 6003 (65)
438 5929 521 5985 Ad
548 5930 789 5999 verbum,
828 5931 1113 6002 Nimirum,
1147 5935 1249 6001 Qui
1274 5943 1374 6003 est,
1407 5934 1542 6005 quod
1561 5952 1743 5992 nomen
1777 5952 1976 6005 semper
2006 5932 2177 5998 liabet,
2212 5939 2263 5986 ut
2286 5930 2391 5999 ipse
2417 5945 2488 5995 sc,
2523 5944 2622 5982 c...
