4124 6326
739 409 882 471 135"

1981 391 2358 465 E'UTHYMII
2402 398 2754 461 ZlGABENI

3835 388 3950 456 736

671 507 675 510 ’
740 538 863 578 mus
899 523 951 576 in
985 521 1088 577 line
1115 519 1308 591 psalmi
1337 536 1426 576 ιι.
1457 519 1594 577 lllud
1637 521 1798 577 etiam
1849 519 1990 578 scire
2036 526 2250 590 op0rtet
2278 560 2293 584 ,

2399 519 2487 572 τοῦ
2529 512 2818 587 μ”ψαλμοῦ
2866 514 3196 585 προείρηται.
3240 513 3358 583 Χρὴ
3404 513 3462 565 δὲ
3504 501 3834 578 γινώσκειν,
3871 509 3950 572 ὡς

741 611 887 681 quod
915 609 1122 666 llebrtei
1159 607 1403 665 dividunt
1437 598 1719 667 Davidicos
1750 611 1989 681 psalmos
2035 611 2088 665 in
2121 601 2290 680 quin-
2313 647 2325 653 ο

739 717 847 770 que
875 701 1062 764 libros,
1097 702 1350 768 quodque
1406 709 1636 770 quatuor
1658 701 1862 770 primos
1897 701 2064 754 libros
2091 701 2290 754 habere

741 791 928 846 dicunt
961 792 1014 844 in
1050 791 1152 845 line
1182 789 1355 844 ultimi
1391 787 1616 859 psalmi,
1672 789 1814 853 Fiat,
1848 793 1968 858 fiat.
2021 789 2085 842 Et
2135 791 2288 859 primi

703 886 708 890 '
742 883 958 948 quidem
989 881 1110 936 libri
1149 881 1305 934 ﬁnem
1332 895 1452 935 esse
1507 882 1691 934 dicunt
1744 883 2011 951 psalmum
2067 897 2164 944 χι..
2207 895 2292 932 se-

740 969 902 1024 cundi
939 985 1085 1034 Lxxt,
1118 970 1258 1023 tertii
1292 983 1550 1030 Lxxsvm,
1587 969 1762 1036 quarti
1789 984 1874 1030 ev,
1905 953 2078 1036 quinti
2113 977 2289 1020 autem

745 1061 866 1116 libri
902 1061 1028 1116 ﬁnis
1063 1061 1251 1114 ultimo
1280 1059 1552 1115 clauditur
1581 1059 1810 1129 psalmo.

918 1233 1226 1300 Dsfecerunt
1257 1234 1471 1304 lltynmi
1537 1236 1704 1290 David
1756 1237 1856 1304 ﬁlii
1919 1234 2094 1290 Iesse.

1204 1324 1450 1381 Psalmus
1506 1329 1610 1394 ipsi
1654 1329 1852 1397 Asopia.
1903 1315 1915 1327 ”

1236 1407 1556 1472 PSALMUS
1603 1416 1814 1472 LXXII.

817 1505 1109 1560 Docuimus
1156 1505 1211 1558 in
1263 1505 1536 1561 Prommio
1569 1507 1749 1577 operis
1776 1545 1792 1571 ,
1843 1523 2032 1563 omnes
2060 1509 2296 1577 psalmos

745 1594 1076 1662 compositos
1103 1593 1273 1650 fuisse
1302 1608 1331 1650 a
1367 1596 1523 1651 beato
1555 1595 1720 1653 David
1750 1613 1765 1663 ;
1803 1600 2076 1667 'quomodo
2134 1600 2296 1669 igitur

747 1699 892 1739 nunc
912 1685 1161 1754 presenti
1187 1685 1397 1752 psalmo
1442 1687 1778 1753 inscribitur,
1809 1687 1950 1759 quod
1971 1688 2298 1761 defecerint?

746 1775 883 1839 Quia
916 1774 1122 1829 scilicet
1151 1789 1255 1841 non
1283 1774 1547 1832 defecisse
1579 1777 1820 1847 psalmos
1847 1818 1864 1843 ,
1917 1779 2010 1833 sed
2064 1779 2296 1849 hymnos

2399 610 2637 679 Ἑβραῖοι
2670 609 2793 668 τοὺς
2817 605 3126 666 Δαϐιδεκοὺς
3145 601 3392 672 ψαλμοὺς
3420 602 3498 664 είς
3530 601 3689 653 πέντε
3720 597 3948 670 βίϐλους

2389 700 2764 771 διαιροῦντες,
2810 699 2962 759 τέλος
2992 697 3224 766 ἑκάστης
3272 695 3380 748 τῶν
3429 692 3714 762 τεσσάρων
3772 689 3950 759 φασὶν

2389 790 2617 842 ἕκαστον
2641 786 2870 856 ψαλμὸν,
2894 785 3042 846 τέλος
3063 783 3272 853 ἔχοντα,
3305 783 3364 835 τὸ
3393 783 3628 844 Γένοιτο,
3683 781 3906 848 γένοιτο
3930 793 3945 808 ·

2393 881 2485 932 καὶ
2535 874 2672 931 εἶναι
2721 878 2816 946 μὲν
2849 876 2999 937 τέλος
3044 873 3264 944 πρώτης
3322 873 3502 942 βίϐλου
3569 872 3660 924 τὸν
3707 878 3781 940 μ’.
3845 868 3950 936 τῆς

2389 971 2640 1036 δευτέρας
2664 968 2719 1022 δὲ
2746 969 2833 1021 τὸν
2863 975 2962 1029 01',
3019 967 3114 1034 τῆς
3146 967 3200 1018 δὲ
3252 965 3441 1035 τρίτης
3471 963 3560 1016 τὸν
3589 967 3704 1031 πην,
3755 960 3864 1026 τῆς
3892 958 3951 1010 δὲ

2392 1063 2655 1130 τετάρτης
2691 1059 2781 1112 τὸν
2809 1066 2884 1130 ρε¹
2924 1077 2938 1091 ο
2973 1059 3068 1126 τῆς
3108 1057 3362 1127 πέμπτης
3407 1054 3517 1125 γὰρ
3556 1054 3584 1107 δ
3636 1050 3949 1110 τελευταῖος

2394 1152 2564 1220 πέρας
2598 1151 2763 1203 ἐστίν.
3321 1197 3334 1209 ,.

2407 1240 2706 1303 Ἐεέλιπον
2767 1241 2820 1292 οι
2881 1239 3053 1304 ὕμνοι
3112 1235 3287 1289 Δαϐῖδ
3336 1234 3442 1289 τοῦ
3489 1233 3623 1288 υΙοῦ
3686 1229 3946 1288 Ἰεσσαί.

2850 1330 3094 1398 Ψαλμὸς
3152 1328 3232 1393 τῷ
3271 1327 3482 1396 Ἀσάφ.

2956 1418 3244 1473 ΨΑΔΜΟΣ
3264 1416 3382 1471 OB’.

2466 1513 2573 1566 Καὶ
2608 1497 2710 1582 μὴν
2741 1510 2834 1564 τοῦ
2857 1484 3028 1565 1Δασὶδ
3061 1506 3200 1564 εἶναι
3226 1509 3428 1571 πάντας
3457 1509 3582 1570 τοὺς
3613 1507 3864 1576 ψαλμοὺς
3892 1505 3952 1556 ἐν

2398 1603 2473 1674 τῷ
2534 1602 2802 1674 προοιμίῳ
2831 1602 2930 1672 τῆς
2973 1601 3154 1671 βίϐλου
3193 1600 3370 1655 αὐτῶν
3403 1598 3761 1666 ἀπεδείξαμεν
3784 1615 3797 1627 ·
3829 1595 3951 1656 πῶς

2395 1691 2488 1749 οὖν
2515 1695 2758 1759 ἐξέλιπον
2790 1713 2804 1761 ;
2845 1693 2986 1747 ὥστε
3043 1694 3144 1762 οὐχ
3189 1693 3237 1745 ol
3277 1691 3481 1761 ψαλμοὶ
3508 1689 3774 1762 ἐξέλιπον,
3830 1686 3954 1739 ἀλλ’

2397 1787 2444 1837 οῐ
2494 1783 2672 1854 ὕμνοι.
2722 1783 2842 1834 Τῶν
2895 1783 3003 1852 γὰρ
3051 1781 3280 1851 ψαλμῶν
3325 1776 3399 1834 ὧν
3463 1781 3632 1833 ἐποίει
3671 1779 3793 1839 τοὺς
3850 1776 3954 1846 μὲν

747 1866 898 1920 dicit.
931 1865 1205 1936 Siquidem
1238 1866 1568 1936 psalmorum
1598 1869 1756 1934 alios,
1781 1869 1945 1924 veluti
1975 1869 2203 1942 hymnos
2232 1883 2295 1925 ac

2399 1851 2554 1934 αὐτὸς
2598 1871 2831 1940 ὑμνῴδει
2879 1851 3120 1939 τῷῨΘεῷ
3167 1869 3254 1922 διὰ
3300 1869 3397 1938 τῆς
3441 1866 3636 1921 ἑαυτοῦ
3669 1865 3956 1932 κιθάρας·

750 1955 937 2011 laudes
967 1956 1084 2026 ipse
1113 1971 1208 2011 sus
1260 1956 1368 2012 Deo
1411 1959 1632 2014 canebat
1689 1961 1894 2014 cithara
1921 1997 1938 2022 ,
1983 1960 2120 2015 alios
2171 1975 2296 2015 vero

2399 1965 2517 2028 τοὺς
2549 1965 2605 2019 δὲ
2671 1966 2782 2026 τοῖς
2809 1963 3104 2032 χοράρχαις
3145 1961 3311 2014 ἐδίδου
3345 1960 3601 2030 μελῳδεῖν
3627 1998 3643 2023 ,
3693 1957 3958 2024 καθαπερ

747 2055 1032 2100 cantorum
1069 2046 1300 2104 ducibus
1331 2048 1606 2105 canendos
1637 2051 1907 2120 praebebat
1927 2090 1942 2114 ,
1966 2049 2125 2106 sicuti
2162 2065 2300 2120 prae-

2399 2058 2485 2109 τὸν
2508 2073 2566 2108 τε
2594 2056 2968 2127 προκείμενον,
3033 2054 3127 2107 καὶ
3185 2055 3308 2116 τοὺς
3373 2051 3569 2121 ἐφεξῆς
3621 2049 3810 2102 ἕνδεκα
3869 2048 3956 2111 τῷ

749 2143 957 2190 sentem
984 2136 1271 2205 psalmum,
1303 2145 1358 2192 et
1379 2137 1624 2194 undecim
1661 2139 1794 2193 alios
1819 2148 2127 2208 sequentes,
2161 2155 2298 2208 quos

751 2226 915 2280 unius
937 2227 1088 2281 chori
1115 2235 1398 2283 cantorum
1435 2229 1662 2300 principi
1706 2230 1907 2300 Asaph,
1944 2230 2298 2285 modulandos

753 2315 924 2380 dedit,
959 2318 1083 2371 item
1112 2317 1232 2374 aliis
1258 2319 1418 2381 alios.
1448 2320 1900 2388 quemadmodum
1952 2321 2148 2376 ibidem
2187 2322 2300 2390 ple-

749 2407 876 2460 nius
915 2405 1168 2461 diximus.
1199 2407 1373 2462 Dictio
1402 2408 1564 2478 igitur
1609 2409 1951 2479 defecerunt,
1987 2427 2093 2466 non
2144 2421 2304 2480 negat

751 2504 1040 2563 sequentes
1066 2497 1302 2566 psalmos
1328 2500 1657 2568 compositos
1678 2500 1848 2556 fuisse
1872 2516 1901 2555 s
1933 2503 2088 2558 beato
2111 2502 2300 2567 David,

751 2585 845 2638 sed
880 2585 946 2639 ab
971 2600 1034 2640 eo
1062 2595 1221 2654 negat
1251 2588 1421 2645 fuisse
1448 2590 1787 2646 decantatas.
1823 2591 1960 2646 [llud
1992 2601 2173 2647 autem
2212 2594 2301 2646 ad-

751 2674 1035 2730 miratione
1077 2676 1296 2745 dignum
1347 2683 1470 2740 est,
1515 2679 1789 2747 quomodo
1840 2680 2015 2735 sancti
2066 2680 2301 2748 Spiritus

749 2767 918 2833 gratia
956 2759 1342 2835 multiplicibus
1377 2767 1654 2823 hominum
1687 2769 1968 2826 affectibus
1994 2810 2008 2834 ,
2036 2786 2100 2825 ac
2139 2773 2302 2826 variis

753 2853 1056 2908 animorum
1082 2857 1514 2924 egritudinibus,
1547 2858 1863 2927 multiplicia
1896 2859 2056 2913 etiam
2077 2873 2140 2913 ac
2155 2861 2301 2914 varia

753 2957 849 3009 per
870 2943 1106 3012 psalmos
1133 2945 1424 3016 pharmaca
1465 2948 1768 3012 miscuerit,
1797 2948 1954 3003 sicuti
1989 2949 2303 3019 imprmsen-

753 3033 949 3089 tiarum
1012 3036 1160 3092 facit.
1202 3037 1446 3094 Pertinet
1497 3039 1642 3114 enim
1678 3040 1766 3094 hic
1796 3041 2041 3109 psalmus
2093 3037 2304 3109 ad’pu-

2409 2146 2601 2213 Ἀσὰφ,
2653 2145 2749 2198 καὶ
2791 2144 2984 2207 ἄλλους
3049 2143 3250 2206 ἄλλοις,
3313 2144 3387 2205 ὼς
3437 2144 3495 2194 ιν
3535 2141 3612 2212 τῷ
3656 2138 3960 2209 δηλωοὲντι-

2399 2237 2689 2307 προοιμίῳ,
2716 2235 3070 2304 παραδέδοται
3099 2253 3108 2265 ·
3143 2236 3202 2287 τὸ
3247 2234 3376 2303 γοῦν
3418 2232 3747 2296 Ἐξέλιπογ
3776 2229 3952 2298 δηλοῖ,

2376 2332 2476 2384 ,ὅτι
2509 2329 2557 2380 οἱ
2599 2329 2724 2397 ἑξῆς
2780 2326 2956 2380 λοιποὶ
2991 2325 3197 2396 ψαλμοὶ
3238 2326 3336 2394 οὐχ
3383 2323 3777 2392 ὕμνῳδήθησαν
3798 2317 3964 2384 παρὰ

2398 2417 2490 2472 τοῦ
2535 2416 2714 2481 Δαδὶδ,
2762 2417 2808 2468 εί
2841 2416 2933 2469 καὶ
2969 2416 3100 2484 παρ’
3147 2414 3312 2469 αὐτοῦ
3341 2413 3688 2482 ἐποιήθησαν.
3722 2410 3842 2476 Χρὴ
3898 2406 3960 2458 δὲ

2401 2505 2702 2574 θαυμάζειν
2753 2506 2899 2565 ὅπως
2940 2506 2973 2573 ἡ
3007 2504 3127 2556 θεία
3160 2504 3316 2572 χάρις
3354 2501 3444 2555 τοῦ
3476 2501 3793 2570 Πνεύματος
3840 2497 3960 2558 τοῖς

2399 2597 2674 2665 διαφόροις
2706 2595 2905 2648 πάθεσι
2964 2594 3070 2647 τῶν
3117 2592 3468 2658 ἀνθρωπίνων
3514 2589 3790 2658 λογισμῶν
3832 2587 3956 2640 διά-

2402 2703 2541 2755 φορα
2577 2685 2840 2754 φάρμακα
2879 2683 2964 2735 διὰ
3002 2683 3106 2736 τῶν
3154 2681 3380 2750 ψαλμῶν
3451 2679 3718 2748 ἐδήλωσε,
3783 2675 3958 2728 καοά-

2400 2793 2504 2847 περ
2549 2777 2640 2828 καὶ
2696 2774 2788 2828 νῦν
2853 2775 2945 2827 ἐπὶ
2988 2773 3081 2828 τοῦ
3137 2773 3398 2842 παρόντος
3431 2789 3444 2802 ·
3493 2770 3626 2840 πρὸς
3664 2769 3774 2838 γὰρ
3821 2766 3959 2826 τοὺς

2405 2865 2773 2938 μικροψύχους
2806 2864 2897 2918 καὶ
2925 2863 3432 2932 σκανδαλιζομένους
3466 2861 3556 2912 ἐπὶ
3591 2859 3699 2920 τοῖς
3766 2854 3951 2918 ἀνεξε-

2402 2959 2678 3029 ρευνήτοις
2706 2956 2931 3025 κρίμασι
2958 2955 3048 3007 τοῦ
3073 2953 3229 3018 Θεοῦ,
3259 2955 3404 3013 ὅπως
3424 2951 3669 3018 ἀνέχεται
3693 2949 3792 3018 μὲν
3823 2946 3957 3013 εὑη-

2405 3047 2698 3117 μεροῦντας
2731 3047 2859 3109 τοὺς
2877 3046 3162 3116 πονηροὺς,
3181 3044 3408 3115 περιορᾷ
3452 3045 3509 3096 δὲ
3543 3043 3666 3102 τοὺς
3695 3055 3939 3092 κακοπα-

751 3125 1074 3191 sillanimes,
1107 3134 1160 3183 et
1186 3128 1252 3183 ad
1283 3145 1376 3184 eos
1409 3130 1501 3199 qui
1532 3131 1586 3184 in
1617 3130 2179 3199 impcrscrutahilibus
2207 3131 2296 3184 Dei

2404 3136 2624 3199 θοῦντας
2661 3134 2916 3204 ἀγαθοὺς,
2945 3135 2973 3188 δ
3001 3134 3208 3204 ψαλμὸς
3235 3135 3334 3204 ὁρᾷ
3361 3152 3371 3162 ’
3405 3133 3498 3185 καὶ
3552 3131 3955 3200 ἐσχημάτισται

657 3297 661 3300 '
749 3213 969 3282 judiciis
1002 3217 1155 3272 facile
1182 3218 1653 3300 scandalizantur,
1681 3221 1807 3274 dum
1831 3220 2038 3275 scilicet
2069 3231 2298 3274 cernunt

2409 3182 2622 3199 ’⁷⁷⁷⁷“””
2663 3182 2916 3204 ’⁷ο’”⁷“”’⁸’
2950 3182 2969 3188 ⁷
3010 3182 3206 3204 1"“r'"
3240 3182 3332 3204 ’τῖ’
3406 3182 3495 3185 "Vw
3559 3182 3570 3184 ⁷
3617 3182 3648 3200 Α
3673 3182 3703 3199 ΙΙ

2407 3226 2501 3295 μὲν
2531 3225 2802 3295 προσώπῳ
2842 3223 2934 3276 τοῦ
2974 3225 3033 3277 ιν
3073 3224 3350 3278 Βαὸυὶῶνι
3416 3220 3752 3291 δορυαλώτου
3790 3218 3963 3279 λαοῦ,

752 3305 919 3359 Deum
977 3323 1262 3376 pravorum
1315 3310 1589 3366 hominum
1662 3325 1823 3380 quam
1871 3312 2132 3380 plurimos
2188 3328 2296 3368 non

2404 3317 2498 3369 sui.
2532 3316 2761 3384 μάλιστα
2783 3314 2874 3366 τοῦ
2905 3314 3311 3383 θεοφιλεστέρου
3340 3331 3352 3344 ·
3391 3313 3614 3381 ἅρμ’ζει
3656 3310 3712 3363 δὲ
3747 3309 3911 3363 παντὶ
3936 3346 3953 3371 ,

754 3406 962 3473 tantum
993 3401 1241 3466 tolerare,
1261 3403 1352 3458 sed
1367 3405 1781 3460 scelestissimos
1805 3420 2048 3475 quosque
2073 3405 2302 3460 feliciter

2406 3403 2890 3474 παραμυθούμενος
2919 3402 3032 3470 (67)
3070 3404 3168 3474 τὴν
3207 3404 3437 3454 ἑκάστου
3483 3399 3865 3472 μικροψυχίαν.

756 3500 994 3557 pcrsmpc
1023 3489 1222 3556 vivere,
1250 3499 1438 3546 contra
1485 3503 1663 3549 autem
1715 3498 1913 3561 probos
1993 3496 2049 3549 in
2097 3494 2503 3552 -alllictionibus
2558 3506 2612 3549 et
2662 3493 3062 3548 calamitatibus
3112 3502 3170 3547 ut
3259 3493 3548 3570 plurimum
3633 3484 3970 3547 constiti-tut

754 3595 897 3647 esse,
929 3581 983 3637 et
1013 3599 1148 3652 pone
1172 3585 1362 3656 negligi
1394 3588 1460 3642 ab
1493 3602 1579 3642 eo.
1624 3575 1939 3645 Ederendus
1985 3596 2069 3645 est
2118 3601 2296 3647 autem
2369 3591 2460 3645 hic
2519 3593 2782 3660 psalmus,
2818 3607 2885 3648 ex
2913 3589 3188 3647 lsraelitici
3223 3592 3401 3662 populi
3431 3606 3692 3663 persona,
3741 3591 3830 3660 qui
3865 3609 3958 3644 ca-

756 3677 932 3757 pzivus
964 3677 1304 3732 detinebatur
1332 3681 1383 3734 in
1410 3680 1703 3752 Babylone,
1737 3692 1793 3739 et
1821 3699 1888 3738 ex
1928 3685 2138 3738 illorum
2158 3687 2478 3756 praesertim,
2509 3689 2600 3756 qui
2630 3689 2683 3741 in
2713 3696 2824 3741 toto
2893 3687 2986 3743 illo
3053 3687 3248 3756 populo
3316 3688 3488 3756 magis
3550 3687 3621 3755 pii
3676 3688 3730 3740 in
3764 3687 3968 3746 Deum..

757 3782 822 3820 ac
854 3768 1022 3837 magis
1052 3768 1288 3839 religiosi
1310 3768 1559 3826 fuerunt:
1585 3775 1795 3830 tametsi
1821 3774 2113 3845 unicuique
2128 3777 2289 3831 etiam
2331 3775 2474 3832 fideli
2504 3778 2900 3833 accommodari
2940 3769 3110 3848 possit
3142 3778 3234 3847 qui
3264 3776 3492 3847 proximi
3572 3777 3657 3832 sui
3728 3780 3959 3850 pusilla-

757 3857 1056 3913 nimitatem
1086 3859 1300 3916 studeat
1342 3863 1638 3918 consolari.
1672 3909 1689 3924 ,,

831 3946 993 4004 Vsus.
1026 3949 1076 4002 l.
1103 3941 1273 4016 Quam
1297 3953 1457 4008 bonus
1496 3952 1632 4008 Deus
1675 3954 1778 4022 ipsi
1829 3951 2021 4008 Israel.
2090 3955 2262 4011 Dictio
2290 3996 2307 4020 ,

756 4057 936 4108 quam,
966 4041 1339 4100 conﬁrmantis
1372 4045 1478 4100 vim
1511 4045 1670 4100 habet
1711 4048 1810 4120 hoc
1843 4047 1896 4100 in
1924 4047 2088 4101 \luco.
2131 4046 2268 4104 Vere
2291 4089 2308 4114 ,

761 4131 968 4198 inquit,
998 4130 1175 4187 bonus
1206 4141 1288 4188 est
1318 4132 1459 4190 Deus
1486 4136 1682 4205 populo
1714 4135 1878 4192 Israel
1922 4156 1937 4192 :
1985 4140 2184 4209 quippe
2221 4142 2310 4210 qui

763 4235 858 4288 per
909 4221 1232 4280 afﬂictiones
1288 4231 1344 4278 et
1374 4225 1708 4282 calamitates
1737 4242 1862 4282 eum
1891 4230 2091 4284 erudit-
2118 4242 2167 4286 et
2220 4247 2311 4285 ca.

760 4316 928 4384 stigat
953 4353 969 4376 ,
996 4315 1196 4386 quique
1241 4316 1473 4372 salutem
1507 4317 1555 4372 ei
1606 4320 1900 4388 excogitat.
1937 4319 2121 4390 Neque
2157 4323 2302 4378 enim

759 4420 823 4458 ex
858 4407 984 4460 odio
1013 4409 1242 4478 castigat
1270 4410 1504 4480 aliquem
1541 4409 1702 4474 Deus,
1725 4419 1816 4465 aut
1849 4412 2053 4481 dirigit,
2079 4414 2169 4470 sed
2197 4431 2306 4486 pra:

761 4509 946 4551 amore
971 4505 1026 4551 et
1057 4497 1368 4554 dilectione.

2411 4018 2414 4022 _
2488 3959 2585 4025 Ὠς
2615 3956 2836 4027 ἀγαθὸς
2860 3959 2894 4011 ὁ
2924 3953 3067 4022 Θεὸς
3100 3954 3466 4024 τῷ’1σραή.2.
3496 3953 3568 4008 Τὸ
3592 3953 3691 4021 Ὧς
3721 3955 3956 4024 βεϐαιω-

2405 4047 2555 4100 τικὸν
2585 4048 2751 4100 ἐστιν.
2790 4045 3019 4109 Ὄντως,
3055 4045 3238 4112 φησὶν,
3277 4043 3480 4112 ἁγαθός
3504 4039 3649 4097 ἐστιν
3673 4047 3701 4098 ὀ
3726 4045 3856 4107 Θεὸς
3882 4045 3973 4116 τῷ.

2419 4137 2638 4208 Ἰσραήλ
2657 4153 2672 4168 ·
2692 4131 2781 4190 οἷα
2797 4135 2884 4213 διὰ
2915 4134 3144 4204 Θλίψεων
3166 4133 3544 4203 παιδαγωγῶν,
3574 4135 3668 4189 καὶ
3686 4136 3972 4204 σωτηρίαν

2414 4228 2562 4298 αὖτῷ
2601 4228 3127 4300 πραγματευόμενος
3150 4243 3164 4260 ο
3197 4227 3295 4281 οὐκ
3343 4222 3627 4296 ἔχ’μίσους
3663 4228 3791 4298 γὰρ,
3837 4223 3974 4279 ἀλλ’

2413 4317 2474 4383 ἐξ
2497 4319 2714 4386 ἀγάπης
2749 4321 2806 4370 αί
2839 4315 3095 4379 παιδεῖαι,
3124 4316 3218 4369 καὶ
3248 4315 3382 4386 πρὸς
3410 4316 3712 4388 διόρθωσιν.

831 4585 911 4640 Iis
945 4587 1034 4656 qui
1054 4596 1190 4642 recto
1218 4599 1337 4644 sunt
1359 4589 1535 4646 cardo.
1573 4589 1710 4646 Cum
1764 4591 1905 4647 Deus
1957 4592 2090 4647 adeo
2135 4595 2302 4649 bonus

2490 4584 2612 4650 Τοῖς
2655 4583 2853 4640 εὐθέσι
2886 4583 2960 4652 τῇ
2998 4585 3225 4652 καρδίᾳ.
3272 4581 3441 4659 Τοῦτο
3482 4584 3539 4638 δὲ
3587 4584 3662 4640 ὣν
3708 4587 3959 4657 κρίνεται

761 4679 852 4740 sit,
888 4685 944 4730 ut
975 4677 1281 4745 docuimus,
1322 4681 1448 4734 talis
1503 4683 1666 4735 etiam
1701 4695 1822 4737 esse
1845 4681 2122 4751 judicatur
2152 4686 2218 4756 ah
2245 4685 2312 4738 iis

763 4769 855 4836 qui
891 4779 1035 4822 recte
1061 4771 1322 4825 sentiunt.
1353 4770 1546 4826 Cordis
1578 4772 1774 4826 etenim
1811 4772 2166 4842 appellatione
2220 4773 2309 4827 hic

765 4873 918 4918 mens
941 4869 994 4914 et
1031 4861 1286 4928 cogitatio
1323 4861 1436 4930 ipsa
1472 4863 1808 4933 intelligitur.
2197 4870 2199 4872 ’

836 4949 998 5008 Vens.
1025 4950 1080 5006 ‘2.
1141 4953 1247 5006 Hei
1287 4965 1457 5008 autem
1497 4969 1622 5022 pene
1650 4957 1773 5008 moti
1801 4963 1926 5009 sunt
1975 4956 2153 5025 pedes.
2209 4955 2312 5011 Per

740 5046 926 5126 ,ρεάιδ
961 5045 1047 5100 hic
1076 5043 1430 5116 cogitationes
1455 5044 1725 5117 intelligit,
1759 5046 1920 5102 veluti
1961 5062 2080 5116 qua:
2115 5047 2308 5101 anima:

767 5143 966 5193 nostrae
994 5135 1306 5206 religionem
1337 5135 1530 5205 pedum
1567 5137 1742 5191 instar
1791 5147 1986 5208 regunt
2041 5151 2107 5191 ac
2147 5137 2312 5191 susti-

768 5234 921 5282 nent.
955 5223 1119 5290 Pene,
1147 5225 1346 5295 inquit,
1381 5239 1694 5295 perversus,
1724 5240 1785 5280 ac
1809 5241 1946 5296 pene
1968 5227 2151 5296 lapsus
2167 5241 2311 5290 sum,

770 5327 834 5373 nt
861 5318 1062 5373 nullam
1090 5317 1255 5373 Deum
1289 5317 1563 5372 crederem
1588 5316 1770 5372 mundi
1797 5317 1995 5372 habere
2028 5315 2318 5387 providen-

2415 4676 2567 4747 παρὰ
2591 4677 2699 4737 τοῖς
2722 4676 2857 4744 ὀρθὰ
2895 4675 3255 4742 λογιζομένοις
3273 4693 3288 4707 ·
3315 4675 3538 4747 καρδίαν
3567 4677 3675 4749 γὰρ
3721 4678 3960 4734 ἐνταῦθα

2412 4766 2502 4820 τὸν
2535 4767 2787 4837 λογισμὸν
2810 4765 3166 4832 ὑποληπτέον.

2492 4944 2667 5013 Ἔμοῦ
2697 4943 2766 4996 δὲ
2795 4944 2953 5009 παρὰ
2989 4944 3200 5011 μικρὸν
3229 4943 3649 5012 ἐσαλεύθησαν
3670 4945 3966 5022 οῑνπόδες.

2416 5039 2587 5101 Πόδας
2626 5038 2782 5092 καλεῖ
2831 5038 2954 5100 τοὺς
2982 5022 3428 5106 λογισμοὺςῶτοὺς
3459 5038 3834 5109 ὕπερείδοντας
3852 5041 3961 5109 τῆς

2414 5131 2591 5200 ψυχῆς
2625 5131 2723 5200 τὴν
2761 5130 3061 5184 εὐσέϐειαν,
3094 5127 3330 5199 Μικροῦ,
3372 5131 3504 5198 φησι.
3526 5167 3542 5190 ,
3577 5129 3958 5203 παρετράπην,

2419 5223 2511 5274 καὶ
2543 5221 2822 5291 ὑπεσύρην
2875 5222 2954 5283 εἰς
2994 5220 3204 5274 δλισθον
3234 5221 3326 5275 τοῦ
3355 5221 3430 5290 μὴ
3463 5221 3556 5274 τὸν
3589 5221 3727 5274 Θεὸν
3747 5221 3969 5289 οἴεσθαι,

2420 5317 2668 5385 προνοεῖν
2695 5311 2787 5366 τοῦ
2817 5312 3040 5387 κόσμου..

773 5412 927 5466 tiam.
983 5407 1173 5481 (Quod
1200 5415 1378 5463 autem
1425 5405 1648 5463 Latinus
1681 5409 1944 5476 interpres
1974 5408 2143 5474 dixit,
2178 5408 2305 5461 moti
2331 5418 2468 5471 sunt,
2502 5406 2686 5460 Graeca
2718 5403 2880 5460 dictio
2909 5403 3278 5474 ὲσαλεύθησαν
3327 5404 3600 5474 aliquanto
3650 5391 3965 5472 signiﬁcari.

746 5507 880 5584 .tius
901 5501 1170 5572 exprimit,
1198 5509 1252 5557 et
1286 5515 1388 5556 nos
1411 5502 1630 5571 propius
1655 5501 1836 5556 dicere
1881 5515 2170 5571 possumus
2197 5501 2568 5570 παρίασι-ανῆ.)

1219 5677 1221 5679 ,
2080 5613 2277 5675 Varia:
2316 5615 2636 5677 lectiones.

849 5711 958 5778 (67)
1003 5709 1230 5781 Videtur
1258 5711 1526 5779 interpres
1585 5710 1782 5781 legisse
1807 5711 2312 5781 _«:apspu00upév_m
2421 5715 2569 5767 nibus
2602 5681 3089 5776 occommoaari,.et
3118 5713 3521 5781 uniuscujusque
3543 5682 3960 5780 pusillanimits-

776 5788 876 5845 pio
907 5777 1417 5851 παραμυθούμενος,
1435 5777 1750 5846 vertendum
1768 5796 1781 5835 :
1799 5777 1973 5845 Potest
1999 5777 2181 5834 autem
2204 5777 2315 5836 om;

2417 5793 2514 5838 tem
2548 5781 2770 5838 solatur.
3335 5829 3337 5831 ,
