4124 6326
185 404 282 471 πη
789 467 799 474 _
1295 398 1678 460 COMMENT.
1732 399 1810 458 IN
1856 400 2202 462 l’SALMOS.
3251 403 3356 474 138

245 519 386 588 Hap'
405 515 613 584 ὀλίγον
629 514 879 583 ἐξεχύθη
911 511 1328 582 τὰβιαϐήματά
1349 519 1493 604 μου.
1516 513 1713 604 diem}:
1742 518 1786 572 Α

1881 515 2198 583 Peneeﬂ‘usi
2242 525 2361 568 sunt
2388 530 2598 586 gressus
2645 520 2766 571 mei.
2795 517 2898 574 Per
2939 536 3152 590 gressus
3170 525 3345 604 _simili

185 625 324 681 ματα
351 605 471 670 νῦν,
514 613 582 660 τά
614 606 966 674 διανοήματα.
1021 602 1304 672 Ἐξεκύθη
1341 603 1430 690 δὲ,
1475 603 1596 655 ἀντὶ
1623 602 1718 654 τοῦ

1820 607 1977 660 modo
2008 609 2365 674 cogitationes
2391 609 2665 690 intelligit,
2694 624 2790 665 seu
2817 613 3101 680 opiniones
3127 602 3182 674 et
3227 632 3354 673 sen-

179 695 450 770 ἐχαυνώθη
469 712 484 726 ’
515 694 706 765 χαῦνον
736 694 844 764 γὰρ
897 693 957 744 τὸ
1004 693 1272 761 χεόμενον.
1311 689 1443 744 Εἶτα
1473 693 1718 761 ἐπιφέρει

1820 697 2008 751 tentias
2030 697 2216 753 animi.
2254 697 2428 768 Eﬂ'usi
2454 689 2634 754 autem
2668 710 2810 766 sunt,
2831 717 2948 772 -pro
3002 720 3342 762 evanuerunt.

181 789 275 845 καὶ
309 789 409 857 τὴν
457 787 660 848 αἰτίαν,
699 784 768 838 δι’
790 785 856 854 ἢν
895 783 1203 837 ἐκινδύνευε
1255 782 1573 852 σαλευθῆναι
1624 783 1716 835 καὶ

177 877 487 950 ἐκχυθῆναι.

238 1141 366 1196 Ὅτι
394 1140 664 1209 ἐζήλωσα
687 1141 784 1194 ἐπὶ
820 1141 944 1206 τοῖς
974 1141 1502 1210 dropace-cimini?
1525 1143 1723 1210 ἀμαρ-’

168 1233 370 1287 τωλῶν
421 1231 672 1300 θεωρῶν.
715 1231 884 1302 Ζῆλον
913 1231 1125 1300 λέγουσι
1150 1231 1239 1283 τὸν
1277 1230 1496 1299 εὔλογον
1537 1232 1708 1301 θυμὸν

170 1323 308 1376 κατά
343 1322 666 1392 πράγματος
711 1322 1020 1391 ἀνευλόγου.
1061 1321 1205 1385 Ὅτι,
1255 1324 1439 1390 φησὶν,
1479 1322 1568 1374 ἐπὶ
1596 1324 1707 1384 τοῖς

170 1416 392 1486 ἀνόμοις
414 1415 628 1487 ἐχθροῖς
651 1413 936 1484 ἐθυμώθην
947 1412 1188 1478 δικαίως,
1217 1411 1292 1474 ὡς
1311 1409 1705 1479 ὑπελάμϐανον,

167 1501 258 1560 οἷα
281 1506 658 1577 είρηνεύοντας
703 1505 895 1568 αὐτοὺς
929 1503 1166 1573 θεωρῶν,
1209 1503 1411 1566 είτουν,
1447 1501 1524 1572 μὴ
1550 1501 1708 1553 πολε-

170 1596 474 1665 μουμένους
519 1595 621 1648 ὑπὸ
654 1596 1020 1665 δυνατωτέρου
1063 1592 1245 1653 ἔθνους
1279 1632 1294 1656 ,
1352 1592 1485 1645 ἀλλά
1526 1591 1708 1654 ἀδείας

169 1683 564 1746 ἀπολαύοντας,
593 1683 771 1737 καίτοι
801 1681 1153 1752 ἁμαρτωλοὺς
1182 1680 1359 1741 ὄντας.

1813 784 2104 840 Evanescit
2141 787 2330 852 ’enim,
2359 789 2504 858 quod
2536 789 2850 846 eﬂ‘unditur.
2887 792 3090 851 Deinde
3123 811 3347 854 causam

1809 875 1972 927 etiam
1999 874 2160 928 infert
2182 877 2251 930 ob
2279 892 2438 945 quam
2475 879 2528 932 in
2557 880 2864 948 liujusmodi
2900 883 3057 938 fuerit
3089 887 3350 957 periculo,

1817 974 1878 1019 ut
1928 963 2252 1022 ﬂuctuarent
2305 967 2423 1037 ejus
2467 969 2653 1039 pedes,
2680 981 2735 1025 et
2771 971 3182 1030 eﬂ‘underentur
3229 977 3349 1038 ejus

1802 1069 2058 1123 gresSus.
2080 1087 2086 1092 -

1886 1141 2048 1201 Vens.
2085 1145 2138 1200 3.
2168 1146 2428 1210 Quoniam
2463 1148 2628 1202 selaui
2671 1158 2880 1216 propter
2907 1151 3137 1217 iniquos,
3169 1170 3350 1222 pacem

1814 1244 2143 1302 peccatorum
2165 1237 2361 1298 videns.
2394 1235 2496 1291 Per
2523 1238 2722 1304 zelum,
2753 1240 2887 1292 iram
2921 1241 3066 1295 illam
3095 1258 3236 1310 serpe
3264 1246 3346 1297 in-

1815 1323 2131 1392 telligimus,
2166 1341 2285 1393 quae
2331 1339 2360 1398 a
2419 1335 2566 1380 recta
2597 1327 2811 1382 ratione
2840 1329 3106 1384 adversus
3141 1334 3344 1401 aliquid
3429 1324 3438 1333 ’

1812 1413 2261 1467 irrationabiliter
2291 1413 2489 1468 factum
2544 1416 2922 1484 proficiscitur.
2954 1418 3242 1487 Quoniam,
3263 1425 3347 1475 in-

1811 1506 1950 1570 quit,
1977 1502 2245 1559 adversus
2265 1505 2481 1574 iniquos
2517 1506 2698 1561 hostes
2727 1516 2944 1563 nostros
2978 1511 3146 1566 iratus
3166 1528 3287 1566 sum
3328 1529 3343 1564 :

1810 1599 1863 1644 ct
1907 1605 2024 1644 mea
2076 1591 2292 1659 quidem
2345 1595 2614 1648 sententia
2666 1611 2775 1650 non
2824 1607 3047 1662 temere,
3075 1615 3141 1654 eo
3200 1605 3343 1670 quod

1811 1693 1997 1750 pacem
2027 1696 2121 1737 eos
2148 1697 2306 1752 agere
2340 1683 2610 1748 videbam,
2641 1699 2694 1739 et
2717 1701 2744 1738 a
2777 1691 3177 1774 potentioribus
3209 1709 3346 1745 nun-

165 1789 329 1842 quam
363 1775 572 1839 vexari,
601 1783 654 1828 et
678 1774 805 1845 quia
837 1781 896 1828 ut
915 1773 1093 1827 securi
1119 1787 1183 1825 ac
1215 1770 1316 1825 tuti
1351 1771 1513 1823 niulta
1539 1769 1858 1824 fruebantur
1891 1772 2094 1840 quiete,
2164 1773 2378 1827 tametsi
2462 1775 2702 1827 ninnium
2792 1769 3070 1830 hominum
3160 1791 3346 1834 essent

165 1864 542 1930 perditissimi.

236 1958 366 2008 Ὀτι
400 1957 510 2010 οὐκ
536 1955 667 2010 ἔστι
696 1953 1021 2020 ἀνάνευσις
1135 1951 1212 2018 τῷ
1232 1951 1460 2020 θανάτῳ
1487 1953 1702 2008 αὐτῶν.
1737 1960 1778 2014 Β

1879 1946 2040 2002 Vens.
2080 1948 2134 2002 4.
2179 1947 2437 2014 Quoniam
2498 1967 2598 2004 non
2655 1961 2730 2006 est
2783 1955 3008 2007 renuilt'o
3063 1956 3118 2008 in
3177 1969 3345 2011 morte

165 2049 274 2101 Καὶ
305 2049 387 2100 ὃτι
414 2047 512 2100 οὐκ
541 2046 687 2100 ἔστιν
712 2038 1079 2114 ἀπαγόρευσις
1099 2046 1156 2098 ἐν
1175 2044 1251 2115 τῷ
1277 2043 1486 2111 θανάτῳ
1507 2045 1702 2107 αὐτῶν,

167 2138 348 2188 είτουν
376 2135 647 2198 ἀπευκτὸς
673 2136 701 2188 ό
732 2133 958 2198 θάνατος
985 2135 1184 2198 αὐτῶν,
1217 2133 1313 2187 ﬁt:
1352 2135 1488 2186 κατὰ
1523 2133 1700 2200 φύσιν,

165 2229 258 2280 διαὶ
284 2226 362 2296 μὴ
398 2226 586 2296 βιαίως
610 2226 998 2298 ἀπερχόμενος.

231 2406 343 2460 Καὶ
401 2406 698 2475 στερέωμα
750 2405 820 2459 ἐν
878 2405 951 2472 τῇ
1007 2403 1248 2474 μάστιγι
1301 2403 1517 2460 αὐτῶν.
1566 2403 1701 2456 Οὐδὲ

159 2499 400 2568 ἐπιμονὴ
429 2500 486 2550 ἐν
514 2501 580 2568 τῇ
619 2496 797 2566 πληγῆ
821 2496 1016 2549 αὐτῶν.
1059 2497 1118 2548 Ei
1153 2497 1260 2566 γὰρ
1287 2498 1378 2548 καὶ
1406 2496 1700 2548 κακωθεῖέν

161 2604 318 2652 ποτε,
347 2587 485 2656 ταχὺ
515 2587 610 2656 τῆς
640 2585 869 2655 θλίψεως
889 2586 1336 2640 ἀπαλλάττονται.

242 2757 349 2811 ’Er
397 2759 604 2824 κόποις
650 2759 970 2826 ἀνθρώπων
994 2760 1103 2812 οὐκ
1137 2759 1392 2822 εισὶ,καὶ
1421 2758 1570 2827 μετὰ
1595 2759 1700 2812 ἀν-

160 2847 411 2915 θρώπων
451 2850 523 2902 οὐ
549 2850 1117 2917 μαστιγαθήσονται.
1152 2851 1282 2902 υὺδέ
1335 2853 1470 2902 εἰσιν
1518 2853 1574 2903 ἐν
1608 2852 1698 2902 κό-

161 2954 308 3002 ποις,
343 2938 418 3000 ὡς
447 2939 495 2990 ol
519 2939 696 2992 λοιποὶ
727 2939 1002 3010 ἄνθρωποι
1032 2957 1046 2970 ο
1094 2941 1155 3012 τό
1184 2942 1291 3008 γὰρ
1318 2942 1531 3010 κοπιᾷν,
1570 2941 1697 2994 ἴδιον

160 3027 464 3098 ἀνθρώπων
503 3045 518 3060 ·
574 3029 709 3082 ἀλλὰ
789 3030 1006 3094 ἀκόπως
1073 3031 1305 3083 κτῶνται
1362 3031 1428 3082 τὲ
1483 3031 1694 3097 ἀγαθά-

160 3119 304 3181 οὖδὲ,
339 3120 414 3180 ὠς
441 3119 560 3187 ἐμοὶ
613 3119 913 3188 φαίνονται¹ι
963 3121 1036 3182 ὡς
1071 3122 1120 3173 oi
1182 3119 1356 3172 λοιποὶ
1418 3118 1692 3188 ἄνθρωποι

161 3207 597 3279 κακωθήσονται.
696 3193 698 3196 θ
1045 3217 1048 3220 ’
1206 3212 1210 3217 ’

227 3385 332 3438 Διὰ
354 3383 527 3439 τοῦτο
549 3385 876 3453 ἐκράτησεν
903 3385 1120 3452 αὐτοὺς
1149 3386 1186 3451 ὴ
1215 3387 1585 3455 ὑπερηφανιά
1611 3387 1696 3450 εἰς

159 3475 356 3539 τέλος.
391 3474 490 3527 Διά
519 3475 579 3528 τδ
615 3476 753 3528 κατά
779 3474 904 3544 ῥοῦν
935 3476 1114 3540 αὐτοῖς
1135 3477 1388 3545 φέρεσθαι
1421 3478 1489 3529 τὰ
1520 3477 1699 3546 apir-

161 3581 333 3632 ματα,
406 3562 660 3633 συνέσχεν
699 3563 891 3625 αὐτοὺς
939 3565 971 3632 ἡ
1018 3564 1354 3634 ὑπερηφανία
1391 3567 1470 3627 είς
1527 3567 1695 3629 τέλος.

234 3650 696 3718 Περιεϐάλλοντο
739 3652 975 3706 ἀδικίαν
998 3655 1094 3707 καί
1136 3655 1414 3709 ἀσέϐειαν
1444 3656 1692 3723 ἑαυτοῖς.

161 3741 320 3793 Οὕτω
370 3740 426 3792 δὲ
478 3741 985 3812 ἀλαζονευσάμενοι,
1041 3745 1225 3796 λοιπὸν
1274 3745 1429 3814 δίκην
1482 3748 1694 3815 ἱματίου

165 3826 580 3895 περιεϐάλλοντο
594 3830 692 3897 τὴν
723 3830 934 3883 ἀδικίαν
957 3833 1048 3883 καὶ
1075 3834 1172 3900 τὴν
1196 3834 1448 3885 ἀσέϐειαν
1467 3835 1693 3887 ἐαυτῶν.

175 3919 456 3987 Ἐμφαίνει
481 3919 537 3970 δὲ
566 3919 822 3990 περιϐολὴ
849 3921 912 3973 τὸ
937 3923 1204 3997 κύκλωμα
1240 3925 1334 3975 καὶ
1365 3925 1463 3995 τὴν
1495 3939 1696 3977 παντα-

160 4008 320 4078 χόθεν
349 4009 572 4077 συνοχήν
595 4025 608 4040 ·
638 4007 903 4079 πολλαχοῦ
942 4010 998 4063 δὲ
1027 4012 1135 4064 τῶν
1158 4012 1383 4082 ψαλμῶν
1431 4014 1506 4084 τῷ
1567 4015 1694 4068 εῖδει

160 4097 337 4164 τούτῳ
403 4098 660 4168 κέχρηται
693 4113 710 4130 ο
755 4099 832 4162 ὥς
883 4101 939 4154 ἐν
993 4100 1072 4171 τῷ
1095 4119 1108 4133 ·
1170 4105 1697 4171 Περιϐαλέσθωσαν

162 4187 464 4254 αισχύνην
490 4189 586 4241 καὶ
631 4183 928 4257 ἐντροπήν
952 4209 968 4225 ·
1012 4194 1108 4246 καὶ
1151 4193 1311 4246 πάλιν
1337 4211 1352 4226 ·
1411 4195 1696 4250 Ἐνδυσὰ-

163 4277 420 4327 σθωσανι
445 4278 498 4327 οι
547 4276 1037 4344 ἐνδιαϐάλλοντές
1084 4296 1162 4349 με
1206 4281 1503 4350 ἐντροπήν
1527 4300 1540 4314 ⁸
1594 4284 1694 4337 καὶ

164 4362 724 4426 περιϐαλλέσθωσαν
763 4364 838 4430 ὡς
856 4364 1129 4420 διπλοΐδα
1159 4369 1454 4437 αισχύνην
1478 4371 1691 4424 αὐτῶν⁹

163 4453 260 4504 καὶ
289 4449 438 4513 αὖθις
468 4467 484 4481 ο
527 4451 923 4520 Ἐνεδύσαντο
951 4454 1302 4523 ωτάρανὼς
1335 4458 1580 4526 ἱμάτιον,
1600 4461 1694 4512 καὶ

1805 2053 2006 2092 eorum.
2065 2037 2331 2103 Quoniam
2369 2054 2535 2103 mors,
2568 2041 2764 2110 inquit,
2801 2058 2917 2113 qua:
2965 2047 3046 2099 eis
3101 2049 3341 2111 obvenit,

1805 2128 2113 2188 abuuenda,
2169 2137 2262 2182 aut
2319 2133 2625 2198 respuenda
2685 2148 2790 2188 non
2849 2146 2952 2200 est,
3010 2138 3176 2191 veluti
3224 2154 3343 2207 quae

1802 2227 1855 2270 ct
1887 2218 2182 2272 secundum
2219 2228 2475 2274 naturam
2507 2223 2760 2290 {advenit,
2794 2233 2848 2280 ct
2876 2226 3022 2284 nulla
3065 2243 3187 2282 cum
3225 2230 3339 2283 vio-

1802 2303 1988 2359 lentia.

1871 2390 1937 2444 Et
1972 2392 2424 2460 ﬁrmamentumin
2445 2397 2603 2466 plaga
2623 2416 2822 2454 eorum.
2845 2401 2951 2457 Nec
2981 2403 3111 2468 ulla,
3141 2404 3336 2475 inquit,

1800 2480 2152 2547 diuturnitas,
2186 2480 2279 2539 aut
2316 2492 2724 2556 perseverantia
2754 2495 2910 2547 estin
2944 2510 3130 2550 eorum
3155 2499 3332 2567 plaga.

1801 2571 1934 2626 Nam
1973 2577 2074 2628 etsi
2125 2578 2419 2646 aliquando
2451 2582 2764 2636 calamitate
2795 2584 2973 2654 aliqua
3003 2587 3336 2658 afﬂiguntur,

1798 2665 1979 2717 elatim
2005 2675 2179 2721 tamen
2218 2668 2287 2722 ab
2321 2668 2615 2726 afﬂictione
2640 2673 2960 2732 liberantur.

1873 2753 2031 2811 Vens.
2061 2758 2112 2811 5.
2154 2758 2219 2811 lu
2245 2760 2507 2817 laboribus
2539 2764 2807 2818 hominum
2837 2783 2940 2820 non
2969 2760 3109 2835 sunt,
3140 2779 3188 2823 et
3215 2788 3334 2824 cum
3427 2838 3432 2843 ι

1798 2844 2093 2902 hominibus
2124 2867 2227 2906 non
2285 2854 2712 2924 ﬂagellabuntur.
2741 2858 2926 2930 Neque
2955 2871 3103 2927 sunt,
3138 2875 3196 2916 ut
3228 2879 3328 2919 cae-

1797 2936 1892 2986 teri
1923 2935 2227 3004 hominum,
2265 2940 2321 2994 in
2367 2943 2665 2998 laboribus.
2702 2945 2799 3001 Est
2825 2949 3023 3002 etenim
3055 2953 3332 3020 proprium
3420 2973 3422 2976 ν

1795 3035 1856 3075 ac
1891 3025 2162 3091 peculiare
2186 3033 2431 3083 omnium
2487 3033 2796 3100 hominum,
2843 3047 2900 3090 ut
2929 3037 3139 3093 labores
3166 3044 3334 3107 sustie

1795 3125 1957 3168 neant
1989 3133 2000 3168 :
2049 3129 2104 3170 at
2143 3118 2222 3172 illi
2250 3121 2455 3190 absque
2487 3121 2599 3177 ullo
2644 3124 2829 3179 labore
2865 3127 3146 3196 possident
3170 3134 3331 3195 bona,

1795 3211 1849 3257 et
1875 3207 2148 3260 communi
2177 3211 2418 3264 omnium
2461 3215 2732 3268 sententia
2759 3215 2892 3286 (68),
2933 3233 2998 3272 eo
3035 3220 3196 3276 modo
3223 3238 3332 3276 non

1796 3293 2130 3364 afﬂiguntur,
2166 3312 2274 3366 quo
2296 3301 2433 3355 alios
2464 3310 2522 3355 ut
2551 3305 2843 3372 plurimum
2873 3307 3038 3378 afﬂigi
3067 3311 3327 3366 videmus.

1867 3384 2031 3439 Vens.
2064 3386 2120 3444 6.
2161 3387 2444 3457 Propterea
2476 3395 2636 3446 tenuit
2667 3410 2755 3449 eos
2797 3400 3036 3466 superbia
3074 3417 3247 3454 eorum
3275 3404 3330 3456 in

1798 3475 1973 3542 ﬁnem.
2007 3475 2196 3531 Omnia
2223 3479 2324 3546 eis,
2360 3482 2556 3550 inquit,
2608 3487 2847 3540 secunda
2898 3490 3193 3545 obveniant
3222 3532 3236 3558 ,
3275 3505 3331 3549 et

1796 3566 2043 3634 ampliori
2077 3568 2283 3624 idcirco
2321 3574 2574 3640 superbia
2609 3575 2944 3632 detinentur.

1868 3653 2052 3710 Induti
2088 3671 2206 3712 sunt
2275 3661 2540 3729 injustitia
2593 3673 2643 3718 et
2690 3668 2950 3734 impietate
2996 3686 3116 3726 sua.
3163 3674 3330 3739 Adeo,

1795 3744 1992 3815 inquit,
2031 3750 2247 3818 superbi
2303 3763 2433 3806 sunt
2501 3763 2555 3822 et
2606 3759 2904 3823 temerarii,
2951 3769 3009 3814 ut
3054 3763 3371 3831 impietate“

1795 3831 1956 3906 atque
1981 3839 2246 3907 iniustitia
2275 3859 2379 3897 non
2426 3860 2586 3900 secus
2623 3862 2684 3900 ac
2706 3859 2848 3903 veste
2870 3852 3047 3921 aliqua
3073 3857 3330 3922 operian-

1796 3933 1911 3979 tur.
1946 3925 2011 3978 Et
2039 3927 2165 3980 dum
2202 3929 2348 3983 indui
2376 3946 2472 3987 cos
2503 3934 2635 3988 dicit
2659 3935 2934 4004 impietate
2953 3951 3005 3993 et
3037 3942 3326 4010 injustitia,

1793 4031 2059 4071 summam
2094 4018 2332 4089 undique
2367 4022 2680 4091 hujusmodi
2721 4029 2977 4083 Vitiorum
3013 4033 3327 4101 amplitudi-

1796 4119 1918 4158 nem
1972 4107 2186 4161 videtur
2245 4111 2578 4180 significare.
2648 4115 2760 4169 Hac
2831 4131 3010 4173 autem
3074 4121 3328 4190 loquendi

1797 4184 2110 4261 metaphora
2155 4211 2526 4266 saepenumero
2554 4203 2679 4258 alibi
2709 4203 3030 4276 Proplietam
3064 4184 3217 4263 usum
3254 4215 3330 4265 vi.-

1795 4280 2005 4346 demus.
2037 4283 2197 4339 veluti
2229 4288 2446 4356 quando
2499 4291 2576 4346 ait
2607 4310 2622 4348 :
2656 4291 2958 4349 Induantur
3001 4300 3327 4366 confusione,

1792 4379 1839 4422 et
1867 4371 2066 4438 pudore
2114 4375 2182 4439 “;
2231 4375 2357 4430 item
2400 4393 2415 4430 :
2461 4378 2782 4445 lnduantur,
2812 4387 2900 4452 qui
2925 4386 3326 4441 calumniantur

1794 4475 1894 4519 me.
1927 4461 2251 4530 confusione,
2275 4475 2323 4520 el
2355 4470 2679 4536 operiuntur,
2705 4476 2859 4542 quasi
2880 4476 3114 4545 diploide
3129 4482 3325 4547 pudore

164 4544 264 4594 ὅσα
301 4541 543 4609 τοιαῦτα.
585 4543 707 4596 Ἐπὶ
746 4544 801 4606 δέ
833 4543 926 4606 τοῦ
957 4547 1313 4616 προκειμένου
1349 4548 1511 4617 ῥητοῦ
1560 4549 1692 4618 beroe
1715 4565 1814 4646 Ds

1820 4564 1892 4602 :uo
1922 4550 2007 4618 “;
2049 4559 2103 4607 et
2143 4568 2336 4612 rursus
2369 4575 2383 4610 :
2415 4557 2597 4614 Induit
2623 4541 3058 4632 maledictionem,
3087 4541 3145 4622 ut
3168 4575 3323 4624 vesti-

163 4628 413 4698 δτιλοῦται
469 4631 563 4695 καὶ
611 4630 670 4694 τὸ
726 4632 1123 4691 ἐπιδείκνυσθαι
1207 4636 1301 4689 καὶ
1358 4636 1691 4705 ἐναμϐρύνε-

172 4719 314 4775 σθαι.
1307 4735 1310 4739 ’

247 4806 647 4882 Ἐξελεύσεται
675 4809 755 4871 ὠς
783 4810 850 4861 ἐκ
891 4811 1138 4876 στέατος
1173 4812 1212 4880 ἠ
1246 4811 1443 4867 ἀδικία
1477 4814 1689 4871 αὐτῶν.

171 4896 390 4964 Διπαρά
421 4893 513 4950 καὶ
558 4897 796 4966 δαψιλής
827 4890 1079 4952 ’Τοιοῦτον
1105 4891 1212 4970 γὰρ
1239 4902 1296 4954 τδ
1333 4905 1597 4973 ἀπορρέον
1631 4907 1692 4959 ἐκ

176 4985 392 5044 στέατος
413 4999 428 5013 ·
458 4985 491 5053 ἢ
521 4987 685 5053 στέαρ
721 4985 870 5048 καὶ.ςῖ
899 4989 995 5052 τὴν
1019 4987 1309 5041 εὐπάθειαν
1341 4993 1434 5042 καὶ
1461 4997 1691 5062 τρυφὴν,

171 5072 366 5138 λέγων,
413 5057 495 5123 ὅτι
540 5072 874 5136 ἐξελεύσεται
921 5077 982 5126 ὲκ
1011 5075 1240 5146 τρυφῆς,
1274 5081 1435 5148 ἤγουν
1459 5057 1692 5152 ἀπὸ-τὴς

169 5162 306 5228 ἄγαν
331 5162 560 5231 τρυφῆς,
597 5164 956 5232 παρέλκοντος
975 5164 1067 5218 τοῦ
1095 5167 1292 5237 ἐπιρρή
1303 5187 1487 5237 ματος.
1528 5174 1695 5226 Ἀντι-

171 5251 354 5320 χρονία
376 5251 431 5303 δὲ
463 5255 520 5304 τὸ
550 5241 946 5317 ἐξελεῦσέται,
974 5257 1090 5310 ἀντὶ
1137 5257 1227 5309 τοῦ
1282 5259 1533 5328 ἐξῆλθεν·
1555 5263 1694 5316 οὕτω

168 5339 271 5408 γὰρ
299 5339 584 5411 Σύμμαχος
615 5339 766 5394 slus.‘
784 5344 949 5412 Δῆλον
977 5345 1067 5397 οὖν
1090 5345 1169 5399 ὅτι
1198 5350 1286 5398 καὶ
1323 5349 1401 5427 τό,
1467 5354 1547 5404 οὐ
1583 5371 1694 5419 1(a-

1794 4651 2019 4695 mentum
2053 4644 2118 4709 ",
2149 4655 2202 4699 et
2229 4649 2334 4700 alia
2367 4650 2693 4718 liujusmodi.
2744 4653 2857 4710 lloc
2891 4669 3073 4711 autem
3119 4662 3171 4712 in
3204 4664 3323 4715 loco

1780 4733 1971 4797 posuit
2008 4747 2105 4802 pro
2131 4746 2391 4792 ostentare
2416 4751 2462 4792 et
2499 4743 2739 4809 gloriari.

1867 4819 2032 4877 Vens.
2065 4825 2116 4881 7.
2158 4825 2470 4896 Egredietur
2500 4834 2652 4898 quasi
2672 4849 2736 4886 ex.
2759 4834 2912 4903 adipe
2941 4839 3206 4908 injustitia
3232 4859 3320 4895 eo-

1790 4926 1928 4963 rum.
1955 4914 2028 4965 Ac
2053 4916 2097 4967 si
2123 4915 2322 4970 diceret
2349 4935 2364 4971 :
2397 4920 2583 4988 Ampla
2607 4937 2657 4975 et
2693 4923 2972 4980 abundans
3005 4929 3109 4981 erit
3131 4943 3317 4986 eoru‘m

1791 4997 2072 5064 iniquitas.
2098 4999 2374 5072 Pinguedo
2404 5010 2621 5073 etenim,
2643 5027 2760 5078 quae
2795 5013 3014 5080 proﬂuit
3045 5031 3110 5070 ex
3139 5020 3314 5089 adipe,

1795 5090 2003 5155 c0piam
2055 5102 2216 5161 atque
2264 5097 2645 5177 abundantiam
2695 5105 2977 5170 quamdam
3026 5109 3314 5177 significat.

1792 5173 1885 5226 Vel
1941 5190 2036 5242 per
2079 5176 2318 5248 adipem,
2383 5184 2730 5241 indolentiam
2763 5204 2826 5243 ac
2876 5173 3102 5247 delicias
3126 5209 3312 5250 eorum

1792 5267 2060 5335 intelligit,
2095 5271 2304 5333 dicens,
2342 5277 2482 5343 quod
2541 5285 2688 5332 tanta
2724 5294 2909 5336 eorum
2962 5285 3218 5354 iniquitas
3249 5304 3314 5342 cx

1799 5357 1978 5410 lllllllls
2011 5363 2253 5427 provenit
2279 5363 2696 5440 deliciis,.atque
2712 5387 2776 5426 es
2802 5373 2968 5429 multa
2992 5380 3311 5446 petulantia.

229 5515 278 5547 η
313 5508 778 5586 Psa‘l.nnv,26.
869 5522 910 5552 "
932 5521 1071 5577 Psal.
1103 5538 1253 5586 cvru,
1299 5527 1367 5581 9.9
1459 5529 1500 5559 "
1548 5529 1684 5587 Ibid.
1732 5535 1814 5588 l8.

1439 5619 1627 5678 Varini
1656 5621 1978 5688 lectiones.

230 5704 339 5774 (68)
369 5703 569 5761 Gra'ce.
593 5721 648 5760 ut
672 5713 769 5765 mili
825 5714 1014 5777 quidem
1048 5718 1293 5772 inderetur.
