4124 6326
688 449 791 514 ’143
1880 437 2256 503 EUTHYMH
2291 445 2316 502 2

2291 444 2615 507 ZIGABEN
2624 446 2646 504 Ι
3775 439 3888 511 7“

690 567 819 619 bent
850 562 903 616 in
935 560 1107 631 prima
1132 571 1388 631 persona,
1417 558 1510 612 sed
1529 555 1922 626 ἠσυνθέτηκας.
1977 554 2042 608 Ει
2091 572 2228 625 quo-
2261 563 2301 617 Α

2261 563 2301 617 Α
2332 557 2557 626 παρόντι
2599 555 2712 625 λαῷ
2743 575 2856 620 σου,
2892 557 2986 618 τὰς
3025 557 3155 627 πρὸς
3183 557 3273 610 τὸν
3314 559 3560 628 Ἁϐραάμ
3603 558 3697 610 καὶ
3748 559 3882 620 τοὺς

685 655 828 710 niam
859 652 1042 707 Grates
1072 651 1185 704 haec
1217 649 1383 702 dictio
1439 663 1544 702 non
1599 654 1708 700 tam
1747 645 2034 714 reprobare
2062 645 2224 714 signi-

2330 651 2623 717 npo‘76vou;
2652 650 2826 719 ἡμῶν,
2860 651 2987 719 περὶ
3014 653 3112 720 τῆς
3143 652 3246 719 γῆς
3279 653 3374 721 τῆς
3403 651 3732 718 ἐπαγγελίας
3779 652 3884 703 καὶ

686 743 832 806 ﬁcat,
867 750 958 796 aut
989 739 1349 808 incomposita
1373 755 1466 793 seu
1503 736 1714 791 inutilia
1749 735 2016 804 cogitare,
2060 745 2118 788 ut
2145 736 2227 788 di-

2328 739 2421 792 τοῦ
2450 740 2637 808 γένους
2669 741 2824 810 ἡμῶν
2847 755 2863 770 ο
2896 742 2994 805 τὰς
3026 742 3270 812 περὶτοῦ
3315 743 3542 810 βεόαίως
3576 745 3721 811 ἡμᾶς
3745 743 3881 795 ταύ-

686 835 898 898 ximus,
947 833 1044 889 sed
1088 835 1248 891 etiam
1296 829 1638 900 passionibus
1671 841 1736 880 ac
1785 824 2066 894 promissis
2115 838 2223 877 non

2330 843 2440 893 την,
2475 829 2664 892 οἰκεῖν,
2711 827 2805 881 καὶ
2862 829 3127 897 μεγάλους
3171 828 3390 882 ἔσεσθαι
3413 843 3428 859 ·
3462 827 3736 880 ἀσυνθετῶ
3763 827 3879 893 γὰρ

686 934 852 991 stare,
883 933 1276 995 consequenter
1302 922 1404 975 alia
1434 918 1544 973 fieri
1567 923 1740 987 potest
1781 915 1943 981 hujus
1972 912 2230 968 versiculi

1977 912 2230 968 versiculi
2332 915 2547 983 λέγεται
2601 918 2692 970 καὶ
2720 919 2800 982 τὸ,
2840 919 3164 986 Παραδαίνω
3185 919 3285 982 τὰς
3319 918 3605 989 συνθήκας.

686 1017 869 1080 lectio,
899 1015 1145 1070 videlicet
1182 1030 1194 1065 :
1225 1027 1352 1068 ecce
1381 1007 1523 1079 quod
1571 1004 1902 1078 generationi
1953 1004 2184 1058 filiorum
2224 1011 2438 1059 tuorum
2478 1017 2630 1076 pacta
2679 1009 2889 1078 rupisti,
2938 1010 3003 1062 Et
3032 1021 3160 1063 tunc
3195 1025 3402 1080 expone
3435 1027 3450 1065 :
3527 1009 3581 1064 Si
3649 1010 3702 1062 in
3789 1024 3883 1062 ure

684 1124 802 1180 ipso
831 1109 1094 1173 dicebam,
1126 1121 1210 1160 me
1239 1105 1313 1158 ita
1343 1103 1464 1155 aliis
1507 1114 1628 1154 csse
1653 1099 1942 1163 dicturum,
1978 1096 2120 1166 quod
2149 1096 2353 1151 scilicet
2419 1097 2619 1152 frustra
2682 1099 2968 1168 justiﬁcavi
2997 1116 3088 1153 cor
3117 1115 3292 1156 meum
3320 1141 3336 1166 ,
3371 1110 3478 1156 etc.
3504 1141 3521 1167 ,
3565 1109 3624 1154 nt
3711 1115 3880 1172 supra

681 1205 1028 1275 exposuimus
1064 1213 1236 1256 :ecce
1276 1195 1418 1265 quod
1467 1195 1625 1271 juxta
1668 1194 1808 1246 hanc
1859 1189 2223 1245 narrationem
2261 1204 2436 1244 meam
2465 1193 2592 1246 huic
2620 1193 2815 1262 populo
2867 1202 2958 1249 tuo
3022 1197 3231 1265 rupisse
3295 1197 3492 1252 videris
3548 1214 3610 1251 ea
3677 1198 3881 1251 hedera

683 1311 802 1362 qua:
834 1294 958 1348 olim
991 1305 1112 1346 cum
1145 1287 1410 1341 Abraham
1433 1324 1459 1351 ,.
1480 1292 1535 1338 et
1586 1281 2093 1352 primogenitoribus
2123 1281 2326 1336 nostris
2359 1277 2660 1353 pepigeras,
2691 1283 2758 1337 de
2782 1293 2922 1339 terra
2983 1286 3191 1342 scilicet
3253 1289 3650 1356 promissionis,
3697 1299 3751 1343 ct
3808 1290 3882 1341 de

679 1385 1026 1459 generatione
1058 1388 1264 1440 nostra,
1297 1384 1350 1430 et
1385 1373 1530 1443 quod
1557 1382 1814 1441 perpetuo
1857 1372 1995 1426 hanc
2023 1382 2219 1426 terram
2259 1386 2506 1428 essemus
2537 1375 2861 1441 possessuri.

749 1475 909 1530 Vsus.
941 1471 1028 1526 15.
1051 1464 1535 1534 Existimavi,quod
1562 1476 1942 1529 cognoscerem.
1981 1459 2225 1529 Speravi,

2408 1461 2508 1519 Καὶ
2539 1461 2840 1516 ὑπέλαϐον
2868 1463 2972 1518 τοῦ
3023 1464 3260 1532 γνῶναι.
3296 1468 3403 1520 Καὶ
3445 1468 3646 1538 ﬁlms:
3673 1473 3879 1536 γνῶναι

683 1566 876 1632 inquit,
912 1562 1054 1617 seire
1090 1575 1171 1612 me
1207 1571 1367 1626 posse
1392 1596 1407 1621 ,
1436 1563 1491 1609 et
1532 1565 1862 1634 cognoscere
1908 1549 1963 1615 id
2010 1550 2077 1605 de
2119 1566 2226 1619 quo

2010 1550 2077 1605 de
2119 1566 2226 1619 quo
2327 1552 2387 1608 τὸ
2413 1555 2781 1625 ἀπορούμενόν
2816 1565 2935 1624 μιοι·
2966 1560 3226 1628 παρέλκει
3255 1559 3362 1627 γάρ
3391 1560 3451 1612 τὸ
3504 1561 3633 1614 τοῦ.

679 1653 1010 1706 dubitabam.
1274 1663 1279 1668 '
1560 1640 1597 1659 ’“

751 1741 922 1794 Labor
978 1747 1053 1792 est
1105 1752 1282 1790 coram
1335 1749 1433 1788 me.
1492 1731 1690 1787 Verum
1739 1729 1864 1796 hoc,
1899 1738 1958 1782 ιιι
1984 1729 2036 1782 id
2063 1729 2216 1784 scili-

2399 1731 2594 1798 ιίόπος
2615 1734 2784 1787 ἐστὶν
2806 1734 3059 1792 ἐνώπιόν
3072 1754 3209 1804 μου.
3249 1737 3403 1803 Ἀλλ’,
3429 1740 3503 1802 ὡς
3527 1739 3695 1805 ἔοικε,
3717 1740 3876 1793 10-310

679 1842 765 1886 cet
794 1845 1112 1899 cegnoscam
1145 1829 1210 1881 de
1237 1841 1345 1894 quo
1374 1823 1652 1885 dubitavi,
1687 1820 1928 1874 laborem
1961 1832 2068 1873 non
2115 1834 2229 1873 ιιιοι
2271 1898 2280 1899 7

2271 1898 2280 1899 ί
2325 1823 2525 1894 δηλαδὴ
2550 1823 2610 1876 τὸ
2635 1825 2835 1890 γνῶναι
2859 1825 2920 1878 τὸ
2939 1826 3328 1896 ἀπορούμενον,
3353 1829 3512 1890 πόνος
3537 1829 3700 1892 πολύς
3728 1833 3875 1885 ἔστιν

680 1898 1072 1975 dii-unrsecum
1108 1918 1308 1970 habere
1360 1915 1596 1968 videtur.
1652 1908 2030 1963 Difﬁcillimum
2084 1909 2226 1963 enim
2261 1898 2300 1954 Β

1684 1908 2030 1963 Difﬁcillimum
2084 1909 2226 1963 enim
2261 1898 2300 1954 Β
2329 1912 2472 1981 ἐμοὶ,
2505 1913 2600 1966 καὶ
2631 1915 2866 1983 χαλεπὸν
2897 1919 2975 1979 είς
3007 1918 3312 1984 διάγνωσιν.

679 2020 784 2076 est,
819 2019 873 2061 nt
907 2015 1292 2077 cognoscatur.
1700 2025 1702 2029 -

822 2101 981 2154 Vens.
1024 2099 1106 2152 ΓΙ.
1153 2097 1326 2149 Donec
1373 2096 1559 2148 intrem
1605 2094 1660 2146 in
1706 2091 2062 2146 sanctuarium
2113 2088 2226 2143 Dei.
2401 2093 2450 2146 Ἴ

2401 2093 2554 2158 ’Έως
2577 2088 2650 2148 οὗ
2677 2094 2925 2149 είσέλθω
2947 2100 3034 2161 είς
3060 2097 3124 2150 τὸ
3155 2098 3536 2168 ἀγιαστήριον
3565 2101 3670 2155 τοῦ
3703 2103 3874 2160 Θεοῦ.

684 2192 859 2245 Labor
893 2204 1017 2242 vero
1047 2191 1148 2241 istc
1183 2201 1418 2254 eousque
1450 2185 1579 2239 mihi
1605 2184 1727 2244 erit,
1757 2183 1926 2237 donec
1953 2182 2229 2250 ingressus

2330 2181 2509 2245 Κόττος
2546 2183 2644 2251 μού
2691 2184 2856 2247 ἐστιν,
2885 2183 2991 2247 ἕως
3020 2181 3081 2238 οὗ
3111 2185 3334 2240 εἰσέλθω
3369 2190 3453 2251 εἰς
3499 2189 3589 2241 τὸν
3617 2188 3740 2243 ναὸν
3774 2190 3873 2256 τῆς

685 2280 837 2333 fuero
862 2280 914 2332 in
947 2277 1202 2345 templum
1232 2275 1548 2336 Jerusalem,
1584 2273 1674 2327 ubi
1714 2271 1940 2341 populus
1986 2271 2230 2324 sanctifi-

2337 2269 2710 2343 Ἰερουσαλὴμ,
2751 2275 2809 2326 ἐν
2834 2268 2877 2342 ᾧ
2907 2276 3188 2342 ἁγιάζεται
3215 2279 3243 2329 ὁ
3269 2277 3412 2342 λαός.
3465 2281 3600 2334 Τότε
3628 2281 3735 2351 γὰρ
3773 2283 3873 2350 τὴν

682 2369 793 2421 cari
829 2366 984 2420 solet.
1015 2365 1243 2432 Antiqua
1271 2363 1410 2416 cnim
1441 2361 1750 2430 hmredjtate
1784 2374 1847 2413 ac
1873 2361 2026 2412 solita
2056 2359 2227 2414 felici-

2329 2365 2600 2435 προτέραν
2650 2366 2941 2437 εὐκληρίαν
2988 2367 3294 2430 ἀπολαϐὼν,
3349 2371 3627 2440 γνώσομαι
3673 2376 3755 2430 ὅτι
3806 2376 3869 2428 οὐ

683 2467 791 2510 tate
821 2462 1158 2523 recuperata,
1186 2465 1534 2520 cognoscam,
1563 2449 1704 2518 quod
1738 2463 1882 2503 uon~—
1899 2447 2095 2504 frustra
2142 2449 2229 2517 jn-

2142 2449 2229 2517 jn-
2329 2456 2508 2524 μάτην
2535 2458 2824 2510 ἐδικαίωσα
2849 2457 2945 2527 τὴν
2974 2460 3199 2530 καρδίαν
3229 2477 3352 2530 μου,
3382 2463 3475 2516 καὶ
3506 2464 3572 2515 τὰ
3597 2464 3742 2534 ἑξῆς.

681 2544 910 2602 stiticavi
937 2558 1032 2596 cor
1067 2557 1268 2597 meum.

751 2632 819 2686 Et
837 2632 1132 2704 intsth'ganr
1155 2629 1517 2686 in‘trovissima
1541 2645 1742 2685 eorum.
1763 2620 1939 2685 Verba
1967 2629 2084 2704 hac
2109 2646 2227 2683 ma-

2397 2634 2503 2684 Καὶ
2549 2630 2716 2685 συνῶ
2767 2633 2854 2699 εις
2905 2633 2974 2687 τὰ
3023 2634 3251 2704 ἔσχατα
3294 2637 3507 2693 αὐτῶν.
3556 2637 3871 2712 Προφητεὶα

682 2726 935 2780 nifestam
972 2725 1248 2779 continent
1277 2722 1638 2792 prophetiam.
1685 2720 1932 2776 Praedicit
1977 2721 2118 2775 enim
2167 2736 2229 2776 se

2326 2721 2482 2775 τοῦτο
2535 2724 2746 2794 σαφής·
2799 2725 2941 2792 λέγει
2991 2726 3098 2797 γάρ
3133 2729 3214 2781 ὄτι
3268 2731 3474 2794 Ὄντως
3523 2737 3738 2805 συνήσω
3776 2738 3873 2790 καὶ

683 2815 990 2886 hujusrnodi
1016 2815 1443 2884 delinquentium
1470 2812 1626 2866 finem
1651 2820 2056 2881 perspecturum
2083 2826 2225 2866 esse.

2326 2812 2604 2882 γνώσομαι
2627 2816 2683 2868 ἐν
2711 2817 2822 2875 τοῖς
2849 2817 3056 2869 τέλεσιν
3083 2820 3259 2874 αὐτῶν
3281 2839 3295 2853 ·
3325 2825 3468 2896 φημὶ
3492 2825 3548 2878 δὲ
3572 2825 3681 2880 τῶν
3697 2827 3870 2897 ἁμαρ·

683 2906 758 2960 De
785 2905 1091 2975 Babyloniis
1123 2913 1300 2958 autem
1329 2917 1506 2957 sermo
1533 2911 1613 2956 est
1639 2940 1654 2964 ,
1718 2917 1950 2971 quorum
2000 2901 2227 2958 felicitas

2325 2902 2508 2956 τωλῶν
2541 2905 2914 2973 Βασυλωνίων,
2945 2913 3071 2965 ὅταν
3121 2915 3273 2976 τέλος
3322 2917 3504 2978 αὐτοῖς
3543 2918 3746 2990 ἐπέλθῃ
3775 2922 3871 2972 καὶ

679 3004 735 3052 et
765 2996 1046 3065 imperium
1083 2995 1240 3049 ﬁnem
1268 2994 1514 3048 habitura
1545 3005 1699 3048 erant
1727 3010 1742 3046 :
1771 2993 2223 3061 quemadmodum

2325 2994 2423 3062 τῆς
2456 2994 2730 3058 πολιτείας
2766 2998 2855 3049 καὶ
2885 3003 2982 3069 τῆς
3011 3003 3326 3073 εὐημερίας.
3363 3005 3542 3074 Κῦρος
3577 3006 3687 3076 γὰρ
3721 3010 3871 3078 κινήι

679 3086 842 3140 etiam
875 3095 1057 3154 postea
1090 3086 1292 3137 factum
1329 3091 1434 3137 est.
1463 3082 1596 3135 Nam
1621 3080 1794 3152 Cyrus
1823 3081 2108 3137 Persarum
2129 3097 2224 3137 rex

2327 3098 2423 3145 σας
2445 3085 2661 3150 αὐτοὺς,
2683 3086 2775 3139 τὸν
2812 3088 2910 3156 μὲν
2953 3091 3287 3162 Ἰσραηλίτην
3332 3092 3458 3146 λαὸν
3489 3097 3869 3168 ἀποκατέστηο

681 3180 916 3231 devictos
950 3177 1069 3228 illos
1094 3185 1363 3244 perpetua:
1393 3173 1616 3235 tradidit
1643 3171 1894 3226 servituti
1922 3188 1938 3224 :
1970 3180 2023 3226 et
2049 3172 2223 3227 Israe-
2249 3209 2294 3270 Ο

2249 3209 2294 3270 C
2328 3190 2422 3270 σεν
2445 3179 2520 3239 είς
2578 3176 2955 3250 Ἰεροσόλυμα·
2990 3184 3210 3249 τούτους
3261 3186 3318 3239 δὲ
3353 3187 3565 3258 δουλείᾳ
3616 3190 3871 3244 παντελεῑ

679 3270 880 3323 liticum
909 3268 1182 3336 populum,
1220 3279 1379 3334 quem
1416 3265 1690 3332 captivum
1719 3265 1917 3333 reperit
1969 3265 2025 3319 in
2054 3264 2228 3336 Baby-
2259 3264 2294 3270 “

2259 3264 2294 3270 “
2327 3265 2736 3338 καθυπήγαγεν.
2814 3268 3192 3340 Ἀναγωγικῶς
3249 3276 3305 3329 δὲ
3365 3277 3717 3349 ἀγιαστήριον
3775 3282 3867 3335 τοῦ

679 3361 835 3420 Ione,
873 3361 924 3410 in
954 3357 1178 3423 patriam
1231 3350 1488 3410 restituit.
1543 3353 1705 3408 Juxta
1757 3369 2075 3425 anagogen,
2132 3372 2229 3426 per

2326 3357 2460 3411 Θεοῦ
2493 3361 2525 3427 ἠ
2567 3359 2828 3428 μέλλουσα
2874 3364 3058 3432 “κρίσις
3077 3405 3093 3429 ,
3138 3366 3171 3434 ἠ
3202 3366 3532 3436 ἀφορίζουσα
3563 3371 3776 3438 ἑκάστῳ
3801 3373 3872 3424 τὰ

678 3451 1044 3504 sanctuariqu
1079 3449 1210 3512 Dei,
1248 3446 1490 3500 futurum
1549 3447 1899 3515 intelligimus
1942 3448 2226 3516 judicium.

2325 3449 2460 3518 πρὸς
2505 3450 2679 3513 ἀξίαν.
2725 3452 2962 3516 Ἀγιάζω
3014 3458 3121 3529 γὰρ
3157 3457 3217 3510 τὸ
3256 3457 3522 3528 ἀφορίζω.
3572 3459 3703 3530 Τότε
3760 3466 3868 3532 γάρ

680 3539 736 3592 In
762 3555 871 3610 quo
925 3538 1216 3606 unicuique
1263 3536 1403 3591 Deus
1461 3538 1728 3605 condigna
1784 3537 2082 3603 retribuet,
2131 3554 2225 3608 pro

2328 3540 2566 3609 ἀκριϐῶς
2598 3543 2958 3611 μανθάνουσιν
3005 3520 3054 3599 οἱ
3089 3520 3438 3620 μικρόψυχοι,
3488 3524 3670 3608 ὁποῖον
3703 3520 3802 3625 μὲν

650 3631 907 3683 ~tueritis.
934 3628 1163 3683 Verbum
1239 3628 1382 3680 enim
1430 3626 1674 3709 Graecum
1702 3667 1716 3692 ,
1757 3626 2000 3694 ἁγιάζω,
2047 3629 2228 3698 (ζηιιοιι

1457 3627 1674 3709 iraecum
1702 3667 1716 3692 ,
1757 3626 1962 3694 ἁγιάζω
1984 3667 2000 3693 ,
2047 3629 2228 3698 (‘_quoil
2326 3631 2516 3703 ἁρετὴ,
2539 3634 2718 3690 ὁποῖον
2755 3636 2868 3709 ᾷὲή
2903 3639 3085 3693 κακία.

677 3727 875 3791 passim
955 3739 1144 3779 omnes
1216 3704 1640 3790 interpretantur
1705 3724 2016 3792 sancti/ica,
2091 3727 2231 3780 unde
2301 3753 2305 3776 ι

2301 3729 2670 3800 άγιαστήριον,
2729 3704 3131 3806 sductuarittm)
3183 3750 3420 3809 persaepe
3480 3740 3641 3793 etiam
3728 3741 3862 3797 idem

677 3816 979 3887 significare
1002 3817 1293 3882 invenitur,
1323 3818 1464 3887 quod
1506 3818 1788 3871 determine
1828 3817 1976 3885 (non
2021 3821 2212 3871 mirum
2254 3819 2417 3890 igitur
2485 3825 2529 3878 si
2593 3823 3068 3898 ἁγιαστήριονριὈ
3087 3829 3290 3898 judicio
3319 3832 3618 3901 accipitur.
3656 3850 3779 3889 cum
3807 3836 3862 3887 in

673 3926 740 3966 ea
771 3911 1005 3965 omnium
1034 3911 1308 3967 hominum
1341 3911 1577 3978 praemia,
1613 3917 1704 3963 aut
1745 3908 2009 3978 supplicia
2042 3908 2448 3969 determinanda
2482 3917 2670 3986 sint):
2733 3927 2862 3972 tunc
2910 3919 3072 3990 igitur
3131 3923 3214 3976 vel
3273 3923 3374 3992 ipsi
3433 3909 3594 3979 etiam
3647 3927 3866 3996 pusilla.

679 4017 850 4057 mutes
877 4003 1192 4072 intelligent,
1231 4001 1487 4069 quidnam
1521 4000 1688 4068 prosit
1730 3999 1901 4053 virtus
1922 4038 1936 4062 ,
1964 4007 2018 4066 et
2052 3999 2196 4054 obsit
2233 4001 2448 4059 vitium.

754 4090 909 4145 Vens.
935 4091 1023 4147 18.
1064 4091 1430 4148 Verumtamen
1459 4102 1670 4161 propter
1709 4090 1878 4157 dolos,
1907 4091 2128 4157 posuisti
2151 4093 2226 4144 eis
2378 4134 2381 4137 .

2378 4100 2563 4168 Πλὴν
2591 4101 2686 4157 διὰ
2736 4106 2840 4168 τὰς
2889 4107 3239 4180 ὄολιότητας
3269 4109 3409 4165 ἔθου
3441 4112 3645 4175 αὐτοῖς
3691 4105 3862 4166 κακά·

678 4182 841 4235 mala.
872 4181 986 4252 (0b
1016 4200 1198 4239 eorum
1225 4185 1475 4239 nimirum
1520 4183 1692 4237 dolos.
1725 4183 1741 4251 )
1793 4181 2126 4237 Manifestius
2159 4198 2223 4237 ex

2332 4189 2609 4246 Ἐντεῦθεν
2645 4197 3016 4268 φανερώτερον
3048 4200 3376 4268 προφητεύει
3404 4202 3494 4254 τὸν
3515 4201 3736 4271 ὄλεθρον
3763 4205 3863 4255 τῶν

679 4274 781 4328 hoc
820 4275 939 4328 loco
985 4275 1400 4346 Babyloniorum
1473 4275 1897 4329 destructionem
1958 4274 2222 4345 pradicit.

2319 4280 2696 4341 Βαδυλωνίων.
2758 4289 3017 4357 Περιττδν
3068 4289 3122 4342 δὲ
3174 4279 3322 4344 δοκεῖ
3370 4293 3432 4345 τὸ
3507 4294 3694 4362 πλὴν,
3741 4296 3861 4349 καθ’

677 4360 957 4429 Snperﬂua
987 4371 1163 4418 tamen
1196 4379 1315 4420 esse
1355 4363 1571 4419 videtur
1600 4363 1768 4417 dictio
1819 4362 1932 4426 illa,
1961 4373 2224 4417 verumta-

677 4468 792 4483 ιιι...
851 4453 1300 4483 ..ιιι-...ιωιηιηλιηη
1335 4466 1481 4483 ιιι-ν...
1511 4451 1831 4483 [ign-.31....“
1882 4451 2078 4483 ἶιὶῖηιιιυι
2127 4466 2224 4483 ραι-

2327 4370 2610 4483 Ἑϐραϊκῗν
2637 4375 2849 4448 ἰδίωμα.
2888 4379 2948 4432 ’0
2977 4380 3034 4432 δὲ
3055 4381 3350 4483 Σύμμαγος
3403 4385 3521 4437 ἀντὶ
3540 4360 3654 4450 του,
3677 4388 3861 4454 πλὴν,

677 4468 814 4517 men,
851 4453 1300 4522 quemadmodum
1329 4466 1483 4520 juxta
1510 4451 1832 4506 Heoraicum
1882 4451 2078 4505 idioma
2127 4466 2226 4505 saa-

2127 4466 2226 4505 833-
2317 4463 2504 4531 ὄντως
2528 4464 2702 4522 εἶπεν.
2746 4473 2926 4524 Ἐθου
2955 4471 3034 4534 δὲ,
3064 4472 3186 4524 ἀντὶ
3208 4451 3324 4538 τῶέ
3357 4469 3707 4545 ἡτοίμασας.

674 4559 968 4613 penutuero
1001 4544 1126 4600 alibi
1159 4545 1448 4600 invenitur.
1487 4541 1844 4614 Symmachus
1874 4557 1970 4611 pro
2014 4559 2220 4597 urutn-
2251 4577 2294 4632 ι)
2336 4579 2361 4584 -η
3453 4554 3467 4564 ο

673 4645 843 4689 tamen
865 4673 881 4699 ,
909 4651 1020 4689 vero
1058 4637 1212 4698 dixit,
1244 4644 1297 4690 et
1323 4637 1547 4705 parasti,
1579 4651 1697 4705 pro,
1729 4635 1971 4704 posuisti.

747 4727 991 4791 Deieciin
1018 4742 1103 4779 eos
1143 4727 1267 4778 dum
1297 4726 1640 4780 curarentur.
1670 4725 1805 4779 Cum
1837 4727 1892 4779 in
1921 4726 2089 4780 altum
2109 4726 2220 4794 jam

2389 4729 2715 4796 Κατέλαϐες
2740 4734 2958 4797 αὐτους
2985 4733 3053 4786 ἐν
3087 4731 3168 4795 τῷ
3193 4732 3539 4803 ἐπαρθῆνὸα.
3570 4737 3858 4806 Ἐπαρθέν-

675 4819 863 4876 elevari
899 4825 1106 4880 essent,
1127 4817 1439 4887 divitiisque
1482 4825 1536 4872 et
1563 4817 1709 4872 omni
1739 4815 2008 4873 fclicitatis
2031 4831 2226 4888 genere

2219 4835 2226 4870 ι
2318 4836 2417 4883 τας
2445 4821 2654 4888 πλούτῳ
2680 4824 2770 4874 καὶ
2804 4825 2948 4892 πάσῃ
2982 4824 3248 4895 εὐημερίᾳ
3301 4811 3463 4880 πάλιν
3491 4829 3847 4901 κατέρραξας.

675 4907 969 4970 sublimati,
1003 4915 1060 4960 tu
1090 4920 1185 4961 eos
1209 4923 1398 4962 rursus
1431 4907 1771 4976 confregisti.
2513 4947 2517 4951 .
3662 4929 3666 4933 ·

747 4993 1014 5060 Quomodo
1041 4995 1171 5064 lacti
1200 5009 1318 5048 sunt
1347 4997 1400 5048 in
1438 4997 1810 5052 desolationem
1861 4990 2029 5052 subito
2051 4999 2078 5053 ἵ
2120 4997 2224 5054 Eo-

2393 5000 2523 5064 Πῶς
2545 4999 2820 5065 ἐγένοντο
2858 5004 2944 5064 εις
2974 5003 3272 5069 ἐρήμωσιν
3302 5005 3553 5066 ἐξάπινα
3570 5025 3588 5070 ;
3625 5007 3668 5058 Π
3675 5007 3857 5075 ροῐδὼν

675 5101 795 5140 rum
821 5084 1244 5140 destructionem
1299 5081 1598 5156 praevidens
1635 5088 1932 5158 Propheta,
1984 5094 2092 5144 tum
2135 5106 2235 5158 re-_

2229 5154 2235 5158 η
2319 5086 2419 5156 τὴν
2454 5088 2831 5160 καταστροφὴν
2858 5089 3055 5156 αὐτῶν,
3110 5094 3480 5163 ἀποθαυμάζει
3510 5097 3570 5146 τὸ
3599 5098 3855 5166 αίφνίδιον

673 5176 947 5238 pentiuam
976 5175 1322 5228 mutationem
1355 5174 1672 5230 admiratur.

2317 5180 2415 5248 τῆς
2445 5182 2782 5251 μεταβολῆς·
2828 5181 3051 5245 ἐξάπινα
3098 5186 3206 5256 γὰρ
3261 5188 3320 5239 τὸ
3352 5187 3612 5254 αἰφνίδιον
3663 5182 3854 5259 σημαί-

750 5343 914 5399 νειιο.
960 5347 1043 5400 i9.
1089 5344 1418 5414 Defecertmt,
1465 5349 1755 5415 perierunt,
1785 5360 1993 5417 propter
2020 5355 2212 5422 iniqui-
2317 5295 2374 5332 νε

2317 5295 2419 5332 νει.

2392 5361 2730 5426 Ἐξέλιιιοη
2759 5362 3069 5419 ἀπώλοντο
3100 5367 3196 5419 διὰ
3226 5367 3334 5435 τὴν
3363 5371 3614 5438 ἀνομίαν
3640 5369 3851 5427 αὐτῶν.

674 5447 832 5490 tatem
861 5452 1029 5489 utam.
1062 5436 1292 5493 Verbum
1327 5441 1611 5505 perierunt,
1650 5442 1714 5494 ad
1751 5443 2006 5514 majorem
2034 5447 2213 5501 decla-

2314 5453 2385 5504 Τὸ
2415 5453 2693 5516 ἐξέλιπον
2728 5455 3183 5525 ἐφερμηνευτικὸν
3206 5459 3297 5512 τοῦ
3326 5436 3702 5539 similior-101
3729 5481 3853 5517 ταυ-

674 5528 939 5580 rationem
974 5529 1203 5595 positum
1229 5539 1311 5582 est
1360 5530 1504 5583 verbi
1566 5533 1875 5601 defecerunt.
1904 5533 2045 5587 Idem
2074 5537 2216 5590 enim

2314 5543 2404 5596 τὸν
2444 5547 2536 5598 καὶ
2581 5544 2746 5614 ἄμφω
2778 5546 3128 5615 σημαίνοντα,
3176 5553 3350 5620 χαρᾶς
3373 5528 3628 5606 ἐπίτασιν
3663 5528 3853 5622 ἐμφαί-

675 5617 763 5668 lue
813 5613 1143 5682 significant.
1204 5613 1311 5668 liae
1365 5628 1541 5671 autem
1593 5622 1908 5690 repetitione
1956 5622 2221 5695 Propheta

1813 5637 1908 5676 Dne
1956 5622 2221 5695 Propheta
2317 5653 2483 5701 νουσι,
2516 5637 2591 5706 τῷ
2624 5613 3005 5708 διπλασιασμῷ
3037 5640 3132 5694 τοῦ
3162 5613 3441 5711 ὀνόματος.

670 5718 942 5757 summum
992 5706 1259 5771 quoddam
1334 5710 1586 5777 gaudium
1640 5722 1798 5780 atque
1878 5713 2216 5770 alacritatem

671 5793 1026 5854 demonstrat.
