4112 6322
637 271 774 359 ,τετ

1849 243 2253 343 summu
2281 284 2642 346 ZIGABENI

3785 285 3901 349 768

742 385 903 442 Vens.
930 388 984 441 6.
1018 387 1196 444 Nolite
1226 393 1472 448 extollere
1502 395 1554 448 in
1591 395 1759 449 altum
1790 414 1955 453 conm
1983 411 2229 454 vestrum.

2405 404 2499 471 Μὴ
2526 403 2798 472 ἐπαίρετε
2834 407 2920 471 είς
2948 404 3106 474 ὕψος
3134 403 3201 460 τὸ
3229 405 3402 472 κέρας
3433 405 3616 472 ὑμῶν.
3650 407 3722 460 Τὸ
3755 408 3898 462 αὐτὸ

672 478 816 531 ldum
846 479 1040 534 iterum
1072 483 1284 552 repetit,
1317 484 1384 538 ad
1411 489 1826 543 contestationis
1873 505 1986 546 sua:
2027 492 2231 546 contir-

675 569 994 625 mulionem.

744 659 812 713 Et
845 661 1002 716 nolite
1036 662 1178 732 loqui
1207 665 1457 722 adversus
1488 668 1651 723 Deum
1683 664 2027 739 injustitiam.
2057 670 2232 727 Verba

673 752 786 804 haec
825 753 965 806 idem
995 770 1149 822 aeque
1177 757 1508 828 signiﬁcant,
1541 761 1686 830 quod
1721 763 1809 816 illa
1852 781 1866 816 :
1905 761 2234 826 Iniustitiam

674 843 728 893 in
775 844 995 899 sublime
1037 845 1200 901 locuti
1247 859 1369 902 sunt
1414 851 1501 915 ης
1558 851 1624 906 de
1678 852 1876 922 quibus
1912 852 2148 911 diximus
2180 855 2234 909 in

674 932 882 1000 psalmo
911 949 1076 988 Lxxu.

758 1025 924 1083 Vens.
977 1028 1030 1082 7.
1063 1029 1320 1096 Quoniam
1352 1049 1510 1103 neque
1539 1035 1605 1087 ab
1625 1051 1834 1105 egressu
1857 1054 2016 1107 neque
2044 1038 2109 1092 ab
2143 1055 2236 1093 oe-

675 1118 875 1173 cideute
897 1159 914 1182 ,
946 1136 1106 1189 neque
1137 1139 1169 1174 a
1198 1123 1419 1178 desertis
1449 1127 1733 1183 montibus.
1777 1127 1958 1183 Gloria
1986 1168 2003 1193 ,
2039 1130 2234 1200 inquit,

677 1218 730 1263 ct
753 1209 974 1277 divitiae,
1014 1211 1141 1266 item
1168 1214 1336 1283 gloria
1357 1259 1382 1293 _,
1406 1224 1459 1270 et
1495 1206 1807 1288 paupertas,
1843 1236 1948 1274 non
1972 1230 2054 1277 est
2086 1223 2243 1278 nobis

678 1301 746 1354 ab
769 1310 1037 1357 astrorum
1068 1316 1217 1370 ortu,
1254 1322 1429 1376 neque
1464 1311 1530 1363 ab
1553 1324 1740 1364 eorum
1771 1327 1967 1367 occasu
1999 1353 2016 1377 ,
2056 1325 2111 1367 ut
2154 1331 2243 1370 as-

678 1402 863 1446 serunt
893 1395 1146 1466 astrologi
1183 1413 1199 1453 :
1238 1399 1388 1467 quini
1415 1415 1482 1453 uo
1537 1415 1636 1456 nec
1681 1416 1710 1455 a
1757 1403 2096 1460 daemonibus
2139 1406 2244 1461 ista

679 1483 995 1539 hominibus
1024 1487 1341 1544 adveniunt.
1385 1488 1487 1545 Per
1532 1491 1802 1551 desertos.
1842 1497 1987 1551 enim
2034 1507 2244 1555 montes

681 1575 830 1643 ipsos
847 1577 1116 1634 daemones
1142 1579 1410 1651 intelligit,
1427 1582 1554 1650 quia
1577 1585 1725 1638 omni
1749 1586 2012 1640 virtutum
2039 1603 2245 1658 genere

681 1667 876 1722 deserti
900 1683 960 1722 ac
982 1670 1195 1725 steriles
1229 1681 1375 1733 sunt.
1403 1681 1454 1727 et
1490 1676 1754 1729 montium
1785 1678 1958 1732 instar
1989 1669 2270 1748 superbia-

2333 493 2482 562 λέγει
2513 494 2674 550 πάλιν
2704 496 2783 558 είς
2813 494 3059 549 ἐπίτασιν
3091 493 3181 549 διὰ
3211 494 3537 566 μαρτυρίας.

2405 653 2514 724 Καί
2532 669 2617 739 μὴ
2659 668 2901 724 λαλεῖτε
2920 669 3069 724 κατὰ
3101 669 3212 724 τοῦ
3243 671 3391 725 Θεοῦ
3425 671 3684 725 ἀδικίαν.
3721 665 3904 726 Τοῦτο

2337 758 2528 811 ταύτὸν
2548 757 2767 811 δύναται
2782 757 2859 829 τῷ
2887 758 3150 848 Ἀδικίαν
3175 759 3260 824 είς
3285 758 3353 812 τὸ
3374 758 3528 828 ὕψος
3551 759 3901 830 ἐλάλησαν,

2336 851 2365 904 ὃ
2402 851 2581 904 κεῖται
2608 852 2669 905 ἐν
2695 849 2773 922 τῷ
2801 848 2876 921 οβ’
2904 850 3125 922 ψαλμῷ.

2409 1028 2537 1080 Ὅτι
2568 1027 2705 1082 οὔτε
2743 1027 2858 1082 ἀπὸ
2885 1028 3134 1093 ἐξόδων,
3156 1031 3295 1084 οὔτε
3320 1030 3439 1084 ἀπὸ
3461 1030 3731 1100 δυσμῶν.
3761 1020 3926 1088 οὔτέ

2345 1120 2464 1173 ἀπὸ
2518 1119 2752 1189 ἐρήμων
2791 1120 2990 1188 ὀρέων.
3027 1120 3168 1175 Οὔτε
3215 1122 3278 1176 ἐκ
3307 1121 3417 1176 τῶν
3474 1125 3751 1178 ἀνατολῶν
3789 1128 3906 1180 τῶν

2343 1211 2611 1278 ἀστέρων,
2671 1210 2794 1263 οὔτε
2835 1213 2900 1264 ὲκ
2939 1211 3047 1264 τῶν
3097 1212 3300 1267 δύσεων
3345 1214 3535 1268 αὐτῶν
3567 1214 3708 1269 κατὰ
3774 1219 3903 1281 τοὺς

2344 1303 2724 1372 ἀστρολόγους,
2778 1302 2887 1390 (ᾧτ’
2918 1301 3089 1366 ἀὖθις
3145 1305 3209 1358 ἐκ
3255 1306 3364 1358 τῶν
3419 1306 3729 1376 δαιμόνων,
3788 1308 3900 1362 τῶν

2343 1394 2562 1463 ἐρήμων
2605 1394 2702 1462 μὲν
2743 1393 2908 1446 καλοῦ
2955 1395 3178 1459 παντὸς,
3198 1396 3369 1466 ὀρέων
3396 1397 3452 1451 δὲ
3479 1396 3787 1466 λεγομένων
3811 1399 3902 1453 διὰ

2341 1486 2440 1556 τὴν
2483 1483 2712 1554 ἔπαρσιν
2739 1485 2831 1538 καὶ
2858 1486 3170 1549 ἁλαζονίαν·
3195 1487 3229 1556 ἢ
3257 1487 3505 1555 πλοῦτος,
3525 1488 3560 1560 ἢ
3583 1467 3916 1562 δόξῖχορη..

2345 1579 2542 1645 γείται,
2578 1577 2612 1645 ἢ
2649 1578 2825 1639 πενία,
2862 1578 2894 1649 ἢ
2924 1578 3110 1645 ἀδοξία
3142 1584 3516 1650 προσγίνεται,
3555 1584 3694 1638 ἀλλὰ
3722 1586 3906 1654 κρίσει

2349 1667 2485 1720 Θεοῦ
2523 1668 2730 1739 δικαίᾳ.
2766 1654 3009 1732 ’Ἒξόδους
3041 1669 3150 1740 γὰρ
3183 1672 3337 1726 καλεῖ
3367 1674 3466 1742 μὲν
3494 1673 3592 1744 τὴν
3621 1675 3714 1728 τοῦ
3748 1677 3904 1746 ἡλίου

681 1758 827 1812 elati.
854 1759 958 1812 Sed
984 1761 1129 1828 justo
1182 1761 1274 1817 D.-i
1333 1764 1538 1831 judicio
1580 1767 1771 1820 omnia
1817 1767 2234 1837 dispensantur.

2362 1759 2632 1831 ὶνατολήνο
2704 1760 2818 1816 Ἀπ’
2868 1762 3054 1829 ἄκρου
3086 1762 3218 1834 γὰρ,
3249 1765 3402 1834 φησὶ,
3431 1766 3538 1820 τοῦ
3584 1769 3846 1836 οὐρανοῦ
3871 1771 3911 1837 ἡ

683 1844 784 1900 Per
814 1863 1092 1914 egressum
1122 1861 1321 1917 autem,
1355 1856 1487 1909 solis
1520 1865 1698 1912 ortum
1733 1858 2022 1929 intelligit,
2055 1876 2246 1930 quem-

689 1935 972 1990 :ulmozlmn
1011 1948 1067 1992 et
1101 1940 1230 1994 alibi
1260 1959 1382 1996 cum
1415 1944 1490 1996 ait
1523 1963 1536 1996 :
1569 1945 1610 1997 Α
1637 1962 1840 2000 summo
1868 1949 1990 2001 caelo
2019 1951 2244 2018 egressio

688 2027 795 2094 ejus
833 2030 899 2085 ’⁷.
933 2028 1034 2083 Per
1069 2045 1323 2086 occasum
1367 2049 1498 2103 vero
1529 2024 1865 2091 occidentem
1893 2055 1910 2102 ;
1936 2045 2111 2108 et'per
2153 2041 2248 2094 de-

689 2129 864 2176 sertos
904 2131 1112 2178 mantes
1140 2165 1154 2189 ,
1187 2129 1573 2194 septentrionis
1627 2138 1680 2184 et
1730 2117 1974 2184 meridiei
2004 2131 2245 2192 climata,

690 2200 806 2280 qua:
839 2213 909 2268 ob
936 2215 1158 2269 nimium
1191 2217 1362 2286 frigus
1383 2258 1396 2279 ,
1449 2230 1543 2274 aut
1601 2221 1839 2276 calorem
1871 2261 1887 2285 ,
1941 2221 2251 2284 hominibus

595 2351 599 2354 .
690 2303 900 2358 deserta
933 2316 1079 2365 sunt.
1099 2308 1205 2362 Est
1232 2319 1410 2364 autem
1440 2311 1526 2364 hic
1550 2326 1730 2366 sermo
1750 2312 2085 2378 defectivus‘;
2111 2314 2253 2369 unde

690 2395 891 2464 aliquid
924 2397 1436 2470 subiutelligt-ndum
1484 2411 1602 2467 est,
1644 2404 1792 2458 verbi
1846 2406 2058 2474 gratia:
2104 2405 2256 2458 Nihil

694 2484 843 2541 latet.
871 2486 1035 2551 Nihil,
1075 2489 1286 2559 inquit,
1329 2493 1383 2546 in
1421 2492 1585 2547 futuri
1627 2495 1810 2560 iudicii
1843 2506 2082 2565 tempore
2109 2503 2287 2564 pote-'

695 2576 764 2626 rit
793 2576 956 2630 Deum
1010 2580 1194 2636 latere.
1243 2581 1438 2637 Omnia
1489 2586 1688 2638 etenim
1737 2587 1784 2640 ei
1839 2585 2145 2656 patebunt,
2203 2585 2255 2638 in

2351 1850 2561 1916 ἔξοδος
2594 1850 2777 1904 αὐτοῦ
2801 1871 2815 1884 ·
2846 1851 3052 1920 δυσμὰς
3079 1853 3134 1905 δὲ
3162 1853 3257 1923 τὴν
3291 1854 3442 1907 δύσιν
3461 1871 3478 1885 ·
3517 1856 3699 1928 ἔρημα
3726 1857 3784 1910 δὲ
3806 1858 3908 1928 ϐρη

2350 1943 2418 1996 τὰ
2454 1943 2640 2012 βόρεια
2692 1943 2784 1996 καὶ
2836 1945 2986 1997 νότια
3041 1945 3302 2014 κλίματα,
3353 1946 3497 2000 κατὰ
3563 1949 3912 2020 μεσημϐρίαν

2354 2035 2448 2088 καὶ
2486 2034 2718 2104 ἄρκτονο
2754 2033 2936 2088 ταῦτί
2960 2037 3068 2105 γὰρ
3097 2037 3280 2108 ἐρημά
3326 2039 3465 2091 εἰσιν
3488 2039 3815 2110 ἀνθρώπων.
3849 2041 3913 2102 τὸ

2358 2129 2453 2198 μὲν
2483 2128 2551 2181 δι’
2586 2127 2890 2196 ὑπερϐολὴν
2916 2127 3140 2197 ψύχους,
3165 2129 3226 2181 τὸ
3253 2129 3310 2181 δὲ
3339 2129 3567 2202 Θέρμης.
3611 2129 3922 2210 Ἑλλειπτιῖ

2357 2220 2450 2270 κὺν
2481 2217 2537 2270 δὲ
2560 2217 2621 2270 τὸ
2651 2217 2839 2288 σχῆμα
2859 2233 2872 2246 ⁸
2904 2218 3080 2271 λείπει
3107 2219 3215 2287 γὰρ
3241 2220 3300 2272 τὸ
3350 2219 3579 2287 annos
3607 2236 3682 2274 τι.
3709 2221 3784 2274 Οὐ
3823 2220 3912 2272 λι-

2361 2307 2491 2378 ληθὲ
2537 2327 2611 2374 τι,
2645 2310 2830 2379 φησὶν,
2875 2308 2966 2361 ἀπ’
2996 2308 3206 2382 οὐδενος
3250 2309 3512 2378 κλίματος
3545 2309 3647 2377 τῆς
3705 2313 3802 2378 γῆς
3849 2313 3910 2364 ἐν

2363 2403 2438 2472 τῷ
2461 2401 2633 2472 καιρῷ
2660 2404 2758 2471 τῆς
2787 2399 3084 2471 μελλούσης
3109 2400 3340 2472 κρίσεως
3361 2415 3374 2429 ·
3404 2399 3484 2471 διὸ
3516 2400 3680 2469 μηδὲν
3708 2399 3914 2468 φαῦλον

2365 2492 2586 2559 ποιῆτεο
2638 2487 2917 2551 ποιοῦντες
2966 2489 3043 2555 δὲ,
3076 2487 3151 2562 μὴ
3200 2487 3374 2542 οίεσθε
3452 2488 3754 2543 λανθάνειν.
3787 2484 3919 2544 Εῐτα

2366 2581 2546 2648 τίθησι
2571 2580 2664 2632 καὶ
2688 2579 2786 2648 τὴν
2816 2577 3000 2633 αἰτίαν
3019 2579 3110 2633 τοῦ
3143 2579 3310 2650 μηδὲν
3343 2578 3647 2654 λανθάνειν.

694 2686 1017 2741 quacunque
1075 2691 1136 2730 ca
1175 2677 1375 2732 iuerint
1427 2682 1684 2751 regione:
1747 2670 1911 2750 atque
1967 2682 2087 2737 ideo
2135 2681 2301 2735 nolite
2375 2692 2601 2749 pravum
2645 2675 2861 2746 aliquod
2909 2675 3085 2731 scelus
3133 2675 3492 2730 committere.
3537 2674 3724 2743 Neque
3771 2674 3916 2728 enim

696 2770 861 2825 latere
891 2787 1010 2827 eum
1043 2774 1164 2841 quis
1196 2778 1388 2843 pOterit
1413 2813 1432 2842 ,
1475 2778 1520 2832 si
1564 2779 1617 2831 in
1653 2793 1778 2833 eum
1823 2779 2135 2848 deliquerit.
2187 2775 2250 2829 Et
2290 2775 2487 2842 deinde
2519 2787 2741 2830 causam
2773 2773 2945 2854 ponit,
2972 2787 3070 2854 cur
3094 2772 3228 2825 nihil
3258 2770 3422 2825 Deum
3450 2771 3638 2826 lateat.

767 2861 1027 2925 Quoniam
1063 2863 1196 2916 Deus
1233 2866 1399 2933 judex
1455 2879 1553 2921 est.
1599 2869 1867 2935 Quoniam
1917 2871 2059 2924 Deus
2121 2877 2206 2924 est
2234 2908 2248 2929 ι

699 2953 792 3020 qui
823 2953 1029 3020 iudicat
1057 2955 1260 3024 quique
1281 2957 1465 3012 omnia
1496 2960 1696 3028 optime
1737 2961 1924 3023 novit,
1970 2959 2131 3039 etiam
2164 2975 2263 3014 an-

699 3054 951 3116 tcaquam
992 3050 1204 3104 tierent.

773 3138 937 3193 Vens.
981 3141 1038 3194 8.
1076 3139 1227 3195 Hunc
1265 3143 1507 3198 humiliat
1535 3184 1551 3211 ,
1576 3157 1624 3198 et
1669 3146 1802 3198 hunc
1831 3148 2056 3201 exultat.
2091 3142 2264 3202 'llunc
2294 3169 2335 3227 ρ

701 3228 917 3297 quidem
949 3230 1199 3296 honorat,
1230 3241 1286 3287 et
1319 3233 1483 3287 alium
1518 3235 1794 3302 reprobat,
1820 3236 1974 3304 juxta
2000 3238 2267 3290 uniuscu-

701 3319 899 3388 jusque
921 3320 1109 3386 vitam,
1137 3321 1362 3390 acjuxta
1385 3321 1720 3391 justissimas
1745 3326 2004 3394 quasdam
2029 3327 2269 3383 rationes

705 3409 870 3463 divini
897 3410 1112 3478 iudicii.

783 3501 1045 3563 Quoniam
1077 3503 1219 3554 calix
1244 3503 1296 3556 in
1325 3521 1484 3558 manu
1525 3505 1738 3568 Domini
1777 3509 1880 3562 vini
1919 3509 2047 3562 tueri
2086 3509 2268 3577 plenus

707 3592 970 3644 mistEoue.
1005 3591 1174 3647 Totus
1208 3610 1388 3648 sermo
1440 3597 1845 3666 metaphoricus
1895 3606 2002 3655 est.
2057 3597 2122 3650 Et
2174 3614 2272 3667 per

707 3696 927 3735 manum
966 3685 1186 3751 quidem
1231 3685 1441 3740 Domini
1479 3687 1623 3741 illius
1654 3689 1945 3756 potentiam
1996 3688 2269 3761 intelligit,

708 3787 805 3840 per
832 3775 1062 3827 calicem
1095 3785 1272 3830 autem
1300 3779 1408 3832 vini
1433 3821 1446 3843 ,
1499 3793 1784 3833 mensuras
1825 3795 1888 3834 ac
1918 3782 2104 3835 modos
2156 3797 2271 3852 pm-

709 3881 922 3918 narmu.
956 3865 1055 3920 Per
1088 3868 1272 3922 vinum
1299 3871 1441 3922 enim
1473 3870 1574 3924 hoc
1603 3872 1657 3925 in
1702 3871 1846 3938 loco,
1875 3873 2142 3942 supplicia
2175 3875 2263 3927 in-

709 3957 1048 4026 tclliguntur,
1077 3970 1239 4029 atque
1262 3961 1624 4026 calamitates,
1647 3977 1764 4029 quae
1786 3978 1960 4032 teque,
1985 3979 2048 4018 ac
2065 3967 2273 4031 vinum,

710 4059 765 4102 ct
795 4051 937 4106 vires
965 4051 1239 4106 hominum
1293 4054 1531 4116 tollunt,
1572 4063 1629 4108 et
1681 4057 1884 4111 mentis
1933 4056 2275 4110 harmoniam

709 4141 1043 4208 dissolvunt,
1073 4153 1128 4198 et
1163 4145 1418 4199 aberrare
1453 4160 1552 4198 nos
1587 4145 1795 4200 iaciunt
1846 4161 1875 4199 a
1909 4147 2033 4211 Ivia.
2075 4146 2275 4200 Merum

712 4246 840 4286 vero
869 4248 988 4288 esse
1017 4233 1217 4288 dicitur
1248 4235 1352 4290 hoc
1387 4235 1593 4299 vinum,
1617 4236 1773 4304 quasi
1804 4246 2081 4291 austerum
2115 4246 2278 4306 atque

710 4321 902 4376 efﬁcax
956 4325 1008 4376 vi
1041 4339 1161 4388 sua,
1197 4333 1253 4379 et
1302 4325 1453 4378 nulla
1497 4327 1715 4380 mistum
1762 4326 2158 4382 misericordia.
2210 4326 2277 4380 Et

713 4415 806 4467 llic
848 4416 1069 4484 quidem
1109 4416 1249 4470 calix
1279 4425 1362 4471 est
1399 4418 1508 4472 vini
1555 4420 1712 4472 meri.
1758 4417 1959 4474 Verum
2003 4421 2059 4475 in
2113 4436 2276 4474 manu

2434 2864 2563 2919 Ὅτι
2603 2865 2636 2916 ὁ
2694 2862 2836 2930 Θεὸς
2881 2850 3084 2932 κριτῆς
3133 2863 3324 2916 ἐστιν.
3364 2861 3428 2916 '0
3465 2860 3598 2925 Θεὸς
3646 2861 3848 2933 κρίνει,
3895 2864 3920 2915 ὁ

2365 2957 2540 3011 πάντα
2570 2956 2665 3009 καί
2686 2955 2823 3009 ,ίδὼν
2855 2956 2950 3008 καὶ
2987 2953 3143 3017 εἰδὼς
3173 2953 3280 3024 πρὸ
3313 2953 3580 3022 γενέσεως
3613 2953 3830 3050 αὐτῶν.ἰ

2445 3129 2661 3185 Τοῦτον
2714 3128 3020 3190 ταπεινοῖ,
3089 3129 3184 3181 καί
3228 3126 3442 3181 τοῦτον
3468 3127 3634 3195 ﬁgi-oi.
3669 3125 3774 3180 Τὸν
3829 3128 3921 3196 μὲν

2369 3216 2646 3286 ἀτιμάζει,
2682 3218 2776 3272 τὸν
2814 3219 2871 3271 δὲ
2915 3217 3260 3288 τιμᾷνκατὰ
3306 3218 3408 3284 τὴν
3453 3218 3767 3288 οἰκονομίαν
3820 3217 3922 3270 τῶν

2371 3307 2712 3378 βεϐιωμένων
2762 3308 2995 3377 ἑκάστῳ,
3052 3294 3146 3360 ita
3198 3307 3288 3362 τὸν
3344 3307 3501 3375 λόγον
3551 3308 3651 3377 τῆς
3699 3307 3919 3371 δικαίας

2371 3400 2536 3454 αὑτοῦ
2571 3401 2826 3470 κρίσεως.

2440 3494 2576 3546 Ὀτι-
2602 3495 2890 3562 ποτήριον
2916 3495 2983 3548 ἐν
3011 3495 3160 3563 χειρί
3195 3494 3411 3562 Κυρίου
3453 3493 3623 3555 οινον
3667 3491 3925 3560 ἀκράτου

2374 3585 2600 3654 ,πλῆρες
2636 3587 3030 3655 κερὰσματος.
3073 3587 3457 3657 Μεταφορικδς
3506 3585 3627 3648 ὅλος
3660 3584 3689 3638 δ
3739 3583 3924 3652 λόγος’

2376 3678 2469 3730 καὶ
2522 3679 2680 3748 χεῖρα
2732 3678 2831 3747 μὲν
2881 3677 3083 3748 Κυρίου
3139 3679 3294 3731 καλεῖ
3335 3676 3432 3746 τὴν
3479 3675 3706 3741 δύναμιν
3761 3673 3922 3728 αὐτοῦ

2377 3771 2632 3841 ποτήριον
2663 3769 2720 3822 δὲ
2762 3767 2928 3832 οἴνου,
2976 3769 3038 3821 τὸ
3090 3769 3287 3840 μέτρον
3316 3771 3416 3838 τῆς
3449 3767 3710 3836 τιμωρίας
3732 3785 3748 3800 ο
3779 3761 3919 3828 οἶνος

2375 3862 2482 3928 γὰρ
2515 3860 2674 3930 νῦνή
2718 3862 2980 3930 τιμωρία.
3022 3861 3166 3912 Διότι
3228 3858 3630 3928 παραπλησίως
3677 3856 3758 3927 τῷ
3801 3857 3927 3925 diu

2378 3953 2696 4019 ἀφαιρεῖται
2746 3950 2844 4020 τὴν
2879 3949 2973 4002 τοῦ
3006 3945 3294 4018 ἀνθρώπου
3325 3946 3579 4016 δύναμιν,
3619 3945 3714 3999 καὶ
3746 3944 3928 4000 ἐκλύει

2376 4044 2477 4102 τὰς
2522 4035 2813 4112 ἁρμονίας,
2845 4040 2942 4093 καὶ
2985 4041 3130 4092 ποιεῖ
3171 4038 3524 4106 σφάλλεσθαι.
3571 4038 3846 4104 Ἄκρατος
3874 4035 3928 4088 δι

2379 4131 2531 4197 οὗτος
2581 4137 2610 4188 ὁ
2651 4131 2816 4197 οῐνος,
2862 4133 2938 4196 ὡς
2982 4132 3255 4201 αὐστηρὸς
3279 4173 3294 4197 ,
3343 4131 3438 4183 καὶ
3488 4128 3784 4200 ἀπότομος,
3841 4127 3930 4179 καὶ

2379 4229 2586 4298 ἀμιγὴς
2620 4225 3047 4296 φιλανθρωπίας.
3086 4225 3246 4278 Ἀλλὰ
3276 4223 3433 4277 τοῦτο
3461 4223 3558 4292 μὲν
3593 4222 3652 4275 τὸ
3678 4221 3930 4290 ποτήριον

2381 4318 2524 4370 οἴνου
2557 4320 2704 4370 ἐστὶν
2732 4317 2974 4387 ἀκράτου
3008 4333 3025 4348 ο
3057 4316 3176 4368 ἐστὶ
3211 4313 3269 4365 δὲ
3293 4313 3350 4364 ὲν
3375 4315 3441 4380 τῇ
3474 4310 3616 4380 χειρὶ
3645 4309 3812 4362 αὐτοῦ
3842 4308 3930 4362 καὶ

2383 4411 2567 4478 ἓτερον
2600 4410 2883 4476 ποτήριον,
2915 4407 3117 4477 πλῆρες
3147 4405 3510 4474 κεράσματος,
3538 4401 3713 4453 εῐτουν
3742 4400 3930 4481 φιλαν-

718 4505 934 4559 llomini
964 4507 1102 4561 alius
1134 4508 1297 4561 etiam
1333 4515 1418 4563 cst
1444 4508 1827 4574 calix,.plenus
1859 4511 2134 4576 mistione,
2175 4511 2263 4565 bo.

2387 4500 2652 4570 θρωπίας.
2681 4499 2948 4567 Κέρασμα
2981 4495 3087 4566 γὰρ
3120 4496 3262 4548 οίνου
3295 4493 3391 4563 μὲν
3430 4491 3603 4562 ὕδωρ,
3637 4490 3928 4559 αὐστηρίας

715 4605 820 4660 cst,
858 4597 1254 4653 misericordia.
1294 4598 1477 4654 Missio
1506 4599 1648 4652 enim
1669 4600 1802 4663 vini,
1833 4614 1994 4668 aqua,
2024 4611 2080 4655 et
2098 4600 2281 4654 mistio

720 4687 1077 4751 austeritatis,
1095 4687 1491 4742 misericordia.
1509 4687 1778 4744 Debemus
1811 4700 1991 4744 autem
2016 4703 2077 4742 ea
2097 4689 2284 4752 verba,

718 4778 901 4844 plenus
930 4778 1195 4842 mixtione,
1216 4794 1324 4833 non
1351 4779 1598 4848 sequenti
1627 4780 1899 4835 versiculo
1932 4780 2284 4850 conjungere,

718 4877 812 4924 sed
847 4884 942 4937 per
971 4885 1030 4925 se
1055 4871 1232 4924 soluta
1262 4871 1440 4940 legere
1467 4912 1483 4936 ,
1533 4872 1990 4942 subintelligeudo
2044 4874 2246 4942 conjun

718 4962 989 5026 ctioncm,
1044 4971 1097 5016 et
1154 4962 1421 5017 sumendo
1465 4978 1494 5015 a
1537 4966 1812 5018 communi
1871 4979 2037 5020 sensu
2069 4964 2231 5019 verba
2269 4979 2283 5016 :

720 5049 879 5105 Calix
906 5053 960 5106 in
985 5069 1143 5105 manu
1167 5052 1394 5119 Domini,
1423 5062 1479 5106 ut
1514 5056 1584 5108 sit
1614 5071 1807 5110 sensus
1841 5095 1855 5120 ,
1879 5057 2022 5125 quod
2040 5056 2094 5109 in
2119 5070 2281 5108 manu

2383 4596 2439 4647 δὲ
2475 4591 2878 4662 φιλανθρωπία.
2909 4589 3027 4658 Χρὴ
3058 4590 3165 4658 γὰρ
3194 4586 3272 4656 τῷ
3301 4584 3534 4653 Πλῆρες
3569 4582 3930 4651 κεράσματος

2397 4689 2471 4759 μὴ
2521 4687 2812 4739 συνάπτειν
2849 4682 2908 4735 τὸ
2953 4681 3178 4734 ὄπισθεν
3206 4678 3399 4750 ῥητόν·
3449 4677 3582 4730 ἀλλὰ
3625 4673 3744 4728 καθ’
3781 4671 3931 4726 ἑαυτὸ

2390 4776 2696 4837 ἀσυνδέτως
2733 4773 3147 4840 ἀναγινώσκειν,
3177 4768 3272 4823 τοῦ
3313 4767 3410 4822 καί
3438 4767 3729 4833 συνδέσμου
3763 4763 3928 4816 ἐλλεί-

2390 4883 2582 4930 ποντος
2629 4864 2750 4934 μὲν,
2779 4860 3274 4928 συνεξακουομένου
3303 4857 3359 4911 δέ
3386 4871 3401 4890 ·
3441 4856 3699 4915 ἕλκοντας
3728 4853 3821 4906 καὶ
3849 4849 3930 4904 ἐπὶ

2389 4960 2564 5028 τούτῳ
2601 4957 2659 5010 τὸ
2721 4955 3005 5022 ποτήριον
3025 4952 3096 5004 ἐν
3124 4949 3272 5020 χειρὶ
3301 4948 3549 5017 Κυρίουο
3590 4945 3706 5008 πῶς
3738 4945 3845 5013 γὰρ
3872 4939 3930 4994 ἂν

2395 5053 2479 5119 εἴη
2515 5051 2574 5104 τὸ
2607 5049 2737 5103 αὐτὸ
2765 5046 2825 5099 τὸ
2851 5045 3090 5116 ἄκρατον
3122 5043 3242 5114 ἔχον
3285 5042 3378 5094 καὶ
3407 5037 3691 5109 κέρασμας
3727 5036 3846 5088 Ὀτι
3880 5030 3930 5084 δὲ

724 5142 933 5197 Domini
974 5155 1052 5198 est
1084 5144 1223 5199 calix
1253 5145 1362 5199 vini
1407 5147 1563 5212 meri,
1588 5157 1635 5199 et
1671 5148 1724 5200 in
1758 5150 1944 5204 eadem
2007 5163 2168 5202 manu
2205 5162 2263 5202 es

2392 5145 2485 5196 δύο
2509 5141 2701 5202 ταῦτα,
2729 5138 2958 5208 δηλώσει
2980 5138 3041 5190 rb
3069 5136 3429 5203 ἐπαγόμενον.
3587 5220 3598 5229 ¹

722 5231 859 5286 calix
911 5233 1099 5302 plenus
1125 5234 1393 5287 mistione.
1417 5232 1549 5306 Nam
1570 5236 1792 5304 alioqui,
1815 5237 2087 5305 quomodo
2108 5249 2272 5301 unus,
2313 5241 2476 5302 atque
2511 5231 2654 5287 idem
2678 5228 2816 5284 calix
2849 5227 3052 5297 poterit
3075 5235 3131 5276 et
3163 5234 3394 5287 merum,
3417 5229 3471 5277 et
3531 5225 3748 5273 mistum
3805 5225 3928 5267 con-

725 5326 933 5378 tinere?
960 5326 1019 5377 Et
1043 5327 1186 5394 quod
1215 5328 1323 5382 duo
1352 5328 1460 5383 sint
1484 5329 1701 5392 calices,
1726 5339 1871 5398 patet
1891 5330 2053 5384 etiam
2076 5331 2279 5385 clarius
2317 5345 2382 5384 ex
2412 5325 2790 5396 sequentibus.

801 5417 960 5470 Vens.
995 5417 1049 5470 9.
1080 5417 1143 5469 Et
1166 5417 1442 5472 inclinavit
1460 5435 1524 5472 ea:
1550 5420 1643 5472 hoc
1669 5422 1721 5472 iu
1757 5423 1874 5474 hoc.
1922 5423 1987 5476 Et
2037 5424 2104 5477 de
2148 5439 2293 5478 men-

737 5522 860 5557 sum
892 5508 1019 5558 meri
1055 5508 1336 5576 supplicii,
1387 5508 1582 5562 elludit
1618 5509 1667 5561 in
1709 5525 2017 5564 mensuram
2075 5511 2287 5564 miscri-

787 5682 991 5732 “Paul.
1050 5684 1290 5739 unus.
1394 5686 1431 5711 ’7
1470 5684 1609 5739 Psal.
1666 5685 1904 5751 _xvut.7.

2472 5395 2576 5472 Kal
2623 5416 2864 5468 ἔκλινεν
2904 5412 2973 5465 ἐκ
3042 5411 3256 5465 τούτου
3328 5408 3413 5467 εις
3464 5398 3658 5454 τοῦτο.
3706 5395 3928 5465 Ἐνὲχεεν

2401 5510 2462 5560 ἐκ
2493 5506 2582 5562 τοῦ
2617 5505 2813 5575 μέτρου
2845 5505 2941 5573 τῆς
2971 5502 3210 5572 ἀκράτου
3247 5492 3512 5563 τιμωρίας
3542 5487 3632 5545 ἐπὶ
3661 5488 3718 5544 τὸ
3748 5487 3929 5556 per,”
