4112 6322
180 474 288 537 769
1341 463 1488 522 COM
1500 459 1721 519 MENT.
1770 459 1775 515 Ῑ

1887 458 2015 517 PSA
2028 457 2242 519 LMDS.
3286 463 3391 529 ’ΠΟ

182 593 285 663 τῆς
325 587 768 660 φιλανθρωπίας
791 585 927 639 ὥστε
976 583 1196 652 ποιῆσαι
1236 579 1556 650 κρᾶσιν,κα“ι
1586 577 1735 629 ποτὶ-
1767 614 1775 641 λ

1869 576 2054 639 ordire,
2086 589 2146 630 ut
2179 575 2461 630 misturam
2496 574 2719 636 faceret,
2754 582 2921 645 utque
2958 592 3077 631 eam
3115 577 3165 631 in
3201 590 3387 646 pottnn

188 702 279 738 σαι
329 683 538 753 ταύτην
593 681 718 746 τοὺς
758 679 976 733 ἔλαττον
1024 675 1434 747 ἁμαρτάνοντας
1487 676 1581 727 καὶ
1617 672 1744 734 τοὺς

1871 667 1955 721 llis
1989 666 2273 736 praeberet,
2304 666 2395 735 qui
2428 674 2482 720 et
2510 666 2682 721 levius
2708 665 3100 735 deliquissent,
3131 677 3183 723 et
3214 669 3393 722 adhuc

189 775 469 843 ίασίμουςρ
1640 765 1650 782 ⁸
1742 792 1747 797 -
1844 764 2028 811 essent
2057 756 2426 811 medicabiles.

260 864 434 933 Πλὴν
458 868 492 920 ό
516 865 759 936 τρυγίας
783 862 968 917 αὑτοῦ
993 861 1105 915 οὐκ
1130 858 1475 924 ἐξεκενώθη.
1506 853 1745 923 Τρυγίαν

1920 845 2077 901 Vens.
2102 847 2188 901 10.
2220 844 2585 901 Verumtamen
2620 845 2706 915 (ea:
2733 847 2845 915 ejus
2873 863 2973 901 non
2999 860 3069 900 est
3100 849 3395 901 exinanita.

189 956 444 1026 ὠνόμασε
516 957 577 1010 τὸ
634 933 807 1026 πάχος
855 954 955 1023 τῆς
1007 951 1248 1024 ἀκράτου
1303 946 1592 1018 τιμωρίας,
1648 946 1746 1014 τὴν

1869 935 1947 988 ’er
1975 934 2132 1003 [eccm
2181 936 2381 1001 salicis,
2410 936 2847 1000 crassitudinem,
2885 946 2939 990 ιιι
2962 938 3032 991 ita
3067 939 3241 993 dicam
3273 979 3288 1003 ,
3318 939 3401 991 in-

189 1047 427 1116 ὲσχάτην
474 1046 718 1110 κόλασιν,
749 1046 869 1114 ἥτις
912 1042 1215 1111 ὑπελείφθη
1244 1038 1466 1100 τοῖς’τά
1520 1037 1748 1107 μέγιστα

1870 1027 2191 1095 elligittneri
2231 1027 2507 1097 supplicii,
2534 1027 2637 1082 hoc
2668 1037 2793 1094 est,
2846 1040 3116 1085 extremas
3158 1032 3399 1083 omnium

194 1136 602 1206 πλημμελοῦσι,
674 1136 767 1189 καὶ
810 1135 923 1197 τοῖς
973 1133 1047 1203 μὴ
1100 1128 1592 1202 μεταϐαλλομένοις
1643 1126 1750 1178 ἀπὸ

1869 1132 2057 1175 uenas.
2089 1133 2209 1185 qua:
2233 1118 2300 1172 iis
2336 1127 2699 1183 reservantur,
2727 1120 2821 1188 qui
2852 1130 2944 1174 aut
2988 1120 3224 1174 maxime
3262 1121 3400 1174 deli-

195 1230 417 1291 “ﬂag.
869 1257 875 1263 ,
1678 1278 1689 1284 Η
1849 1215 2104 1275 querunt,
2133 1216 2225 1260 aut
2254 1222 2281 1259 a
2314 1208 2465 1262 vitiis
2495 1209 2771 1262 immutari
2800 1209 3125 1262 noluerunt-

271 1320 512 1372 Πίονται
543 1317 763 1384 πάντες
789 1320 842 1371 οἱ
869 1313 1198 1385 ἁμαρτωλοὶ
1222 1311 1335 1378 τῆς
1370 1308 1499 1379 γῆς.
1532 1306 1751 1360 Πίονται

196 1408 293 1460 τὸν
320 1409 569 1477 τρυγίαν.
607 1407 989 1478 ’Δμαρτωλοὺς
1020 1405 1076 1483 δὲ
1101 1403 1247 1471 λέγει
1287 1401 1410 1464 τοὺς
1441 1399 1756 1467 ἀνεπιστρό-

199 1515 315 1566 φως
345 1500 777 1569 ἁμαρτάνοντας.

270 1587 421 1658 Ἐγὼ
450 1589 520 1642 δὲ
567 1587 1005 1659 ἀγαλλιάσομαι
1044 1588 1132 1651 εἷς
1168 1585 1274 1638 τὸν
1308 1583 1513 1637 αἰῶνα.
1568 1581 1750 1636 Ψαλῶ

198 1678 283 1745 τῷ
316 1679 437 1745 Θεῷ
494 1680 726 1735 Ἰακώϐ.
774 1678 1191 1748 Ἐλευῦερωθεὶς
1225 1677 1325 1744 τῆς
1354 1675 1596 1737 δουλείας
1647 1675 1752 1727 τῶν

198 1770 430 1838 ἐχθρῶν,
454 1771 547 1823 καλ⁵
570 1771 965 1839 ἁγαλλιάσομαι
996 1770 1092 1837 μὲν
1116 1768 1207 1820 ἐπὶ
1233 1769 1298 1835 τῇ
1332 1764 1618 1835 ἀπαλλαγῇ
1646 1765 1752 1817 τῶν

199 1859 447 1929 ἀνιαρῶν
470 1898 486 1923 ,
515 1859 668 1928 ψαλῶ
704 1860 759 1911 δὲ
794 1858 1204 1929 εὐχαριστήρια.
1352 1898 1375 1906 -
1682 1844 1717 1857 ”

1922 1298 2100 1352 Bibent
2122 1315 2296 1353 omnes
2314 1310 2606 1367 peccatores
2639 1310 2811 1354 terra.
2843 1300 3033 1354 Bibent
3077 1301 3270 1355 fecem.
3305 1301 3404 1355 Per

1854 1378 2162 1458 peccatores
2196 1398 2374 1444 autem
2399 1405 2495 1445 eos
2526 1406 2669 1446 nunc
2694 1391 3079 1462 intelligit,qui
3113 1407 3141 1445 a
3176 1396 3412 1462 peccatis

1853 1494 2127 1547 nunquam
2159 1488 2573 1533 convertuntur.

1922 1570 2035 1640 Ego
2061 1581 2233 1624 autent
2271 1570 2516 1625 exaltabo
2536 1571 2589 1623 in
2610 1571 2882 1638 swculum,
2908 1571 3137 1640 psallam
3170 1571 3273 1625 Dea
3304 1570 3402 1624 Ia-

1854 1661 1965 1714 cob.
1998 1661 2080 1714 Ab
2111 1661 2451 1715 inimicorum
2493 1661 2746 1714 nimirum
2789 1663 3053 1716 servitute
3105 1662 3364 1718 liberatus
3393 1701 3406 1723 .
3440 1669 3443 1673 ⁴

1853 1752 2135 1807 cxsultabo
2156 1750 2374 1821 quidem
2407 1752 2549 1820 quod
2576 1740 2916 1807 calamitates
2964 1753 3321 1817 cessaverint,
3357 1760 3413 1805 tt

1854 1844 2080 1911 psallam
2105 1844 2158 1896 in
2187 1846 2482 1910 gratiarum
2513 1842 2803 1898 actionem.

282 1951 387 2004 Kal
426 1951 622 2004 πάντα
669 1951 740 2004 τὰ
785 1953 1006 2017 κέρατα
1055 1946 1172 2000 τῶν
1210 1945 1573 2016 ἁμαρτωλῶν
1607 1963 1757 1999 συν-

1929 1931 2094 1989 Vsns.
2158 1934 2246 1988 11.
2313 1933 2378 1987 Et
2418 1935 2594 1989 omnia
2644 1950 2841 1987 cornua
2902 1930 3233 2001 peccatorum
3294 1953 3414 1990 con-

205 2036 431 2091 GJda'w.
462 2037 582 2090 Τῶν
618 2036 773 2101 αὖθις
807 2036 1230 2105 πολεμησάντων
1261 2054 1349 2103 μοι
1380 2035 1679 2105 δυσμενῶν.

279 2212 389 2263 Καὶ
430 2210 811 2280 ὑψωθήσεται
848 2213 915 2265 τὸ
950 2212 1126 2280 κέρας
1155 2212 1261 2266 τοῦ
1294 2213 1543 2268 δικαίου.
1586 2214 1760 2284 Νική-

206 2316 426 2361 σαντος.
463 2302 529 2354 Οἵ
566 2318 625 2354 τε
662 2304 773 2374 γὰρ
814 2303 1139 2373 Ἰσραηλῖται
1181 2304 1317 2372 μετὰ
1361 2303 1458 2373 τῆς
1491 2307 1549 2357 ὲν
1594 2304 1764 2358 Βαϐυ-

204 2387 341 2442 λῶνι
371 2390 619 2453 δουλείας
645 2392 924 2457 ἐπάνοδον,
958 2391 1399 2461 προσϐαλλόντων
1446 2394 1631 2456 αὐτοῖς
1658 2394 1765 2446 τῶν

206 2482 620 2547 γειτονούντων,
673 2481 957 2553 ἐνίκησαν,
1009 2484 1061 2535 οἶ
1103 2500 1161 2535 τε
1215 2484 1523 2553 Χριστιανοὶ
1574 2486 1637 2537 ὲκ
1669 2484 1767 2553 τῆς

208 2566 458 2637 δουλείας
490 2569 598 2623 τῶν
636 2570 887 2638 εἰδώλων,
908 2571 1285 2634 ἐπανελθόντες
1318 2572 1395 2634 είς
1435 2566 1764 2643 ὲλευῧερίαν,

211 2658 481 2711 συνολῶσι
512 2660 609 2723 τὰς
639 2660 894 2731 δυνάμεις
919 2661 1026 2714 τῶν
1052 2660 1212 2730 πέριξ
1244 2662 1612 2731 διαιτωμένων
1646 2664 1765 2715 δαι-
1808 2684 1811 2689 λ

213 2750 396 2821 μόνων
420 2751 811 2821 ἐπιτιθεμένων
854 2754 1055 2815 αὐτοῖς.
1089 2753 1303 2805 Δίκαιον
1332 2753 1389 2805 δὲ
1419 2754 1574 2807 καλεῖ
1595 2755 1789 2819 πάντα,

211 2841 436 2911 εὐσεϐῆ.
488 2841 585 2911 Ετη
615 2841 660 2893 δ’
684 2842 751 2895 ἂν
777 2843 871 2895 καὶ
896 2844 923 2895 ὀ
950 2843 1274 2914 Ζοροϐάϐελ,
1302 2845 1330 2894 ὁ
1356 2844 1446 2896 τὸν
1471 2843 1597 2895 λαὸν
1617 2861 1767 2912 τηνιο

212 2931 399 2984 καῦτα
430 2933 825 3001 ἐπαναγαγὼν,
870 2934 1006 2987 ἀλλά
1037 2935 1129 2987 καὶ
1178 2936 1205 2987 ὁ
1238 2935 1469 3005 Χριστὸς
1492 2936 1529 2985 ὑ
1571 2935 1770 3003 κυρίως

211 3021 448 3085 δίκαιος,
482 3023 557 3085 ὡς
606 3023 1005 3095 ἀναμάρτητος,
1054 3019 1117 3079 οῦ
1170 3025 1334 3101 τύπος
1368 3027 1397 3079 ὁ
1432 3025 1766 3095 Ζοροϐάϐελ·

211 3111 331 3165 τῶν
388 3113 499 3184 γὰρ
568 3115 627 3165 ὲν
691 3113 902 3183 σώματι
923 3115 1049 3176 τοὺς
1106 3115 1428 3184 ἀσωμάτους
1484 3115 1773 3183 πολεμίους

214 3202 496 3257 νικώντων
551 3203 779 3271 ὑψοῦται
826 3206 860 3275 ἡ
909 3204 1154 3272 δύναμις,
1200 3206 1294 3257 καὶ
1342 3207 1370 3257 ὀ
1424 3206 1639 3267 ἔπαινος
1683 3206 1773 3259 τοῦ

216 3297 482 3364 Χριστοῦ,
510 3298 604 3348 τοῦ
631 3295 989 3366 δυναμοῦντος
1025 3298 1241 3359 αὐτούς.

1858 2025 2131 2093 stringam.
2161 2023 2508 2078 lnimicorum
2541 2024 2752 2079 scilicet
2775 2040 2966 2079 rursus
2987 2040 3071 2081 me
3096 2041 3415 2097 Oppugnato-

1862 2114 2018 2167 tium.

1932 2202 2340 2257 Etexaltabitur
2368 2218 2530 2256 cornu
2569 2203 2726 2272 justi.
2758 2202 2929 2258 Simul
2968 2219 3032 2258 ac
3072 2207 3281 2262 vicerit.
3322 2206 3412 2260 Ju—

1862 2295 2099 2349 darorum
2139 2295 2282 2349 enim
2308 2294 2549 2380 populus
2576 2303 2697 2363 post
2729 2295 2964 2349 reditum
3013 2311 3042 2350 e
3080 2297 3413 2364 captivitate.

1864 2390 2210 2458 insurgentes
2232 2387 2599 2442 insevicinas
2642 2397 2830 2456 gentes
2879 2388 3097 2442 devicit.
3159 2387 3220 2442 Et
3260 2390 3417 2443 Clu-i-

1865 2480 2027 2549 stiani
2054 2478 2218 2532 simili
2255 2478 2416 2531 modo
2439 2492 2502 2532 ex
2531 2476 2797 2530 idolorum
2830 2479 3088 2532 servitute
3113 2519 3127 2542 ,
3164 2479 3217 2532 in
3253 2480 3417 2549 liber-

1868 2578 2033 2624 tatem
2066 2568 2325 2630 restituti,
2368 2567 2673 2621 daemonum
2726 2567 2969 2620 omnium
2997 2570 3140 2622 vires
3175 2569 3421 2621 confrin-
3494 2636 3497 2639 _

1869 2668 2022 2730 gunt,
2053 2660 2142 2727 qui
2171 2658 2385 2712 interim
2412 2657 2465 2710 in
2494 2657 2728 2712 circuitu
2758 2658 2906 2711 orbis
2937 2667 3083 2722 sunt,
3116 2668 3423 2727 quterentes

1869 2766 2027 2820 quem
2050 2749 2331 2812 devorent,
2353 2755 2407 2801 et
2431 2748 2595 2801 variis
2648 2762 2746 2800 nos
2804 2740 3201 2802 tentatiouibns
3248 2749 3422 2817 impe-

1870 2848 2063 2895 tentes.
2091 2839 2190 2892 Per
2217 2840 2422 2907 justum
2458 2846 2660 2901 autem,
2690 2838 2835 2906 pium
2868 2840 3163 2907 quemlibet
3212 2856 3275 2895 ac
3325 2858 3415 2896 re-

1872 2932 2120 3002 ligiosum
2152 2931 2326 2985 virum
2378 2929 2662 2999 intelligit,
2716 2929 2798 2983 vel
2843 2929 3026 2998 ipsum
3083 2930 3380 2985 Zorobabel
3408 2969 3427 2994 ,

1873 3022 1965 3092 qui
1998 3023 2251 3091 populum
2279 3037 2309 3076 e
2338 3022 2649 3091 captivitate
2683 3021 2735 3073 in
2791 3024 3017 3089 patriam
3058 3025 3291 3077 reduxit.
3330 3022 3428 3079 Ve;

1876 3130 1993 3169 rum
2026 3115 2197 3182 magis
2224 3114 2441 3184 proprie
2475 3116 2588 3182 ipse
2620 3114 2937 3184 intelligitur
2954 3113 3233 3178 Christus,
3259 3116 3424 3169 veluti

1876 3207 1969 3274 qui
1992 3208 2138 3260 omni
2172 3207 2351 3260 caruit
2375 3217 2634 3275 peccato;
2665 3207 2821 3272 cuius
2853 3207 3075 3276 ﬁguram
3119 3208 3288 3261 tenuit
3322 3208 3429 3261 Ζο-

1803 3291 1843 3345 C
1879 3297 2119 3351 robahel.
2144 3296 2368 3362 Quoties
2404 3314 2530 3352 vero
2575 3298 2746 3353 ﬁdelis
2790 3300 3055 3368 quispiam
3082 3308 3172 3351 ant
3206 3306 3430 3383 martyr,

217 3389 577 3457 incorporeas
600 3387 901 3442 daemonum
948 3389 1215 3457 potentias
1259 3390 1367 3472 sibi
1414 3390 1781 3453 adversantes,
1810 3398 1971 3477 atque
1994 3389 2345 3458 (insultantes
2391 3389 2646 3443 devicerit
2669 3392 2710 3455 ,ε
2740 3389 2938 3457 Christi
2988 3390 3226 3467 potentia
3261 3391 3431 3459 magis

217 3476 494 3531 exaltatur
552 3486 608 3530 et
643 3475 862 3529 Christo
910 3478 1082 3547 major
1128 3478 1245 3533 laus
1309 3479 1579 3545 tribuitur,
1638 3481 1729 3548 qui
1760 3475 1937 3557 tanta};
1965 3478 2013 3531 ci
2043 3478 2185 3533 vires
2211 3478 2457 3548 praestitit
2483 3490 2535 3534 et
2565 3479 2745 3534 robur.

219 3573 332 3637 Είς
355 3570 420 3623 τὸ
449 3570 623 3635 τέλος
659 3571 903 3639 rupae
946 3571 1025 3636 τῷ
1056 3573 1269 3640 Ἀσάφ.
1304 3573 1440 3641 ’ῼὸὴ
1470 3574 1617 3641 πρὸς
1671 3575 1777 3627 τὸν

872 3662 1201 3728 Ἀσσύριον.

781 3752 1070 3806 ΨΔΛΜΟΣ
1123 3754 1241 3807 OE'.

282 3826 1010 3915 Ἐῐρηταιήμῖψκαταρχάς,
1044 3845 1124 3895 ὅτι
1156 3846 1215 3896 ἐν
1268 3846 1396 3905 ταῖς
1450 3846 1781 3914 ἐπιγραφαῖς

215 3936 337 3989 τῶν
366 3934 593 4004 ψαλμῶν
641 3936 702 3988 τὸ
725 3937 826 4000 Εἰς
860 3934 927 3987 τὸ
964 3935 1140 3999 τέλος
1192 3935 1522 4003 προφητείαν
1574 3919 1724 4005 δηλοῖ
1764 3952 1777 3965 '

220 4025 561 4094 παρεγγυῶν
595 4025 926 4078 ἀποϐλέπειν
953 4027 1031 4087 εἰς
1056 4024 1116 4077 τὸ
1167 4026 1316 4086 τέλος
1356 4026 1553 4081 αὐτῶν.
1587 4025 1784 4077 Λοιπὸν

218 4113 325 4172 οὖν
362 4115 641 4170 κάνταῦθα
665 4117 999 4185 προφητείαν
1041 4116 1151 4185 (77)
1185 4116 1324 4168 κατᾶ
1357 4118 1455 4183 μὲν
1494 4117 1783 4187 Ἐϐραίους

221 4214 333 4279 τῆς
366 4208 657 4279 συντριϐἧς
678 4209 788 4261 τῶν
814 4208 962 4277 ἀμφὶ
990 4207 1081 4259 τὸν
1111 4208 1456 4277 Σεναχηρεὶμ
1477 4246 1492 4271 ,
1545 4208 1690 4263 κατὰ·
1729 4209 1783 4261 δὲ

222 4300 589 4370 Χριστιανοὺς
614 4299 722 4351 τῶν
746 4299 888 4367 ἀμφὶ
927 4297 1115 4366 νοητὸν
1144 4298 1509 4367 Σεναχηρεὶμ,
1546 4297 1665 4366 ἦτοι
1694 4300 1782 4349 τὸν

1879 3573 1944 3625 In
1972 3572 2125 3641 ﬁnem
2166 3575 2220 3626 in
2248 3575 2451 3642 hymnis
2489 3572 2737 3628 Psalmus
2781 3574 2882 3642 ipsi
2922 3575 3113 3642 Asaph.
3156 3575 3433 3632 Canticum

2454 3666 2522 3717 ad
2558 3665 2850 3733 Assyrium.

2344 3753 2679 3831 'PSALMUS
2716 3755 2924 3813 Lxxv.

1953 3847 2195 3903 Diximus
2248 3848 2301 3901 in
2352 3840 2613 3916 prooemio
2659 3848 2861 3915 operis,
2918 3848 3062 3917 quod
3102 3848 3216 3903 haec
3269 3850 3433 3905 verba

1884 3937 1949 3989 In
2027 3940 2206 4005 ﬁnem,
2275 3951 2394 4006 qua:
2464 3936 2517 3989 in
2581 3938 2914 4003 psalmorum
2979 3937 3435 4007 inscripllonibns

1881 4030 2168 4092 habentur,
2205 4027 2447 4083 indicant
2493 4026 2604 4080 illic
2653 4027 2996 4096 prephetiam
3029 4031 3294 4084 contineri
3335 4049 3347 4085 :
3382 4044 3436 4085 ct

1877 4120 2131 4174 lectorem
2161 4119 2357 4187 jubent
2405 4119 2459 4171 in
2510 4118 2655 4172 illius
2696 4119 2854 4172 linem
2911 4119 3177 4189 aspicere.
3229 4123 3287 4175 In
3333 4121 3437 4176 hoc

1880 4211 2042 4279 igitur
2080 4210 2292 4279 psalmo
2336 4211 2470 4263 latet
2503 4210 2807 4279 prophetia,
2841 4226 2961 4279 qua:
2992 4212 3145 4279 juxta
3184 4212 3437 4270 llebrzeos

1878 4299 2262 4353 destruendam
2315 4313 2438 4354 esse
2488 4299 2817 4368 praedicebat
2871 4307 3194 4368 potestatem
3226 4300 3438 4355 Senna-

221 4391 480 4445 5tdt6o).ov
505 4406 530 4451 ·,
550 4390 645 4441 καὶ
674 4388 850 4448 ἄλλως
872 4387 930 4441 δὲ
956 4390 1060 4452 Είς
1084 4387 1153 4440 τὸ
1176 4388 1372 4453 τέλος,
1403 4388 1485 4441 ὅτι
1528 4406 1595 4441 πε
1607 4390 1657 4459 pl
1688 4389 1775 4440 τοῦ

1886 4392 2073 4446 cherib
2104 4422 2117 4445 .-
2162 4401 2215 4446 et
2284 4392 2457 4460 juxta.
2492 4390 2836 4447 Chrislianos
2896 4392 3282 4463 proﬂigandum
3335 4385 3445 4445 an-i

221 4481 422 4542 τέλους
449 4478 544 4532 τοῦ
577 4480 785 4548 κόσμου
811 4478 1187 4548 διαλαμϐάνει,
1214 4479 1390 4531 show
1421 4480 1518 4545 τῆς
1562 4479 1775 4548 μελλού-

1887 4485 2102 4535 nuntiat
2130 4482 2449 4547 daemonem,
2475 4499 2633 4553 quem
2688 4499 2789 4539 nos
2831 4481 3248 4537 intellectualem
3301 4482 3438 4536 Sen-

223 4588 334 4642 σης
365 4570 595 4641 κρίσεως
625 4588 643 4602 α
676 4569 742 4622 ἐν
774 4569 1081 4639 ὕμνοιςιδὲ,
1108 4570 1186 4621 ὅτι
1214 4570 1622 4640 εὐχαριστήριός
1639 4572 1775 4623 ἐστιν

1889 4573 2145 4627 nacherib
2180 4588 2304 4631 vere
2345 4589 2636 4643 possumus
2667 4574 2958 4643 appellare.
2998 4573 3089 4628 Vel
3128 4574 3327 4627 aliter:
3370 4573 3440 4626 In

219 4666 253 4716 ὁ
290 4662 505 4731 quas;
530 4662 625 4715 ἐπὶ
652 4663 717 4732 τῇ
743 4660 849 4713 τῶν
887 4660 1029 4713 κατά
1067 4660 1339 4729 πολεμίων
1396 4662 1540 4732 νίκῃ.
1577 4662 1707 4729 Περὶ
1730 4663 1775 4714 δὲ

1886 4663 2039 4730 ﬁnem
2076 4664 2196 4717 ideo
2231 4664 2552 4719 inscribitur
2580 4666 2842 4734 psalmus,
2877 4665 3003 4734 quia
3036 4666 3124 4718 hic
3168 4673 3437 4718 tractatur

221 4751 331 4805 τοῦ
353 4772 359 4780 ·
384 4751 578 4818 Ἀσάφ,
612 4749 692 4802 ἔτι
719 4749 775 4803 δὲ
814 4749 1019 4818 καὶτῆς
1046 4748 1210 4819 ᾠδῆς,
1228 4748 1775 4819 προπαραδεδώκαμει

1893 4751 1959 4805 de
1985 4745 2165 4829 mundi
2207 4766 2270 4806 ac
2315 4752 2482 4807 futuri
2530 4753 2718 4822 judicil
2760 4753 2883 4807 line.
2929 4753 2995 4806 In
3046 4752 3250 4821 hymnis
3287 4767 3432 4816 vero,

223 4847 290 4896 ὲν
325 4840 401 4910 τῷ
434 4840 706 4911 Προοιμίῳ
734 4842 831 4911 τῆς
863 4840 1044 4910 βίϐλου
1073 4840 1181 4892 τῶν
1215 4838 1478 4907 Ψαλμῶν.
1509 4840 1663 4908 Πρὸς
1681 4841 1775 4894 τὸν

1894 4834 2015 4910 quia
2060 4844 2358 4911 gratiarum
2423 4845 2666 4899 actiones
2727 4844 2998 4906 continet,
3057 4859 3153 4912 pro
3215 4845 3437 4898 obtenta

239 4932 567 4998 Ἀσσύριον
596 4930 673 4995 δὲ,
704 4930 847 4992 ἀντὶ,
876 4931 1017 5000 Πρὸς
1039 4932 1105 4984 τά
1160 4931 1298 4984 κατά
1353 4932 1441 4983 τὸν
1507 4931 1775 5001 Ἀσσύριοι

1896 4933 2141 4987 victoria.
2175 4933 2245 4987 De
2279 4934 2461 5002 Asaph
2494 4942 2550 4987 et
2577 4935 2793 4988 cantico
2824 4936 3064 4989 diximus
3089 4936 3142 4987 iu
3168 4933 3439 5011 Prommio

224 5021 606 5091 Σεναχηρείμ.
638 5020 783 5089 Ὅρα
819 5021 879 5073 δὲ
901 5021 985 5073 ὅτι
1012 5022 1071 5074 τὸ
1108 5021 1250 5075 θεῖον
1278 5022 1498 5091 Πνεῦμα
1526 5026 1592 5101 τῇ
1654 5024 1775 5076 ’1ου⁴

1892 5024 2091 5092 operis.
2148 5023 2231 5075 Ad
2280 5023 2558 5094 Assyrium
2611 5039 2741 5079 vero
2772 5065 2789 5088 ,
2854 5026 2982 5093 quia
3061 5018 3443 5077 Sennnclferib

222 5110 399 5177 δαῖκῇ
465 5111 675 5180 ἱστορίᾳ
738 5111 1094 5181 Χριστιανικά
1126 5111 1372 5180 δόγματα
1427 5111 1747 5178 συνέπλεξεν
1776 5128 1789 5142 '

226 5203 319 5262 ὼς
355 5199 702 5269 ψυχαγωγεῖν
721 5205 819 5272 μὲν
844 5203 938 5255 καὶ
974 5202 1065 5255 τὸν
1103 5203 1352 5273 Ἑϐραῖοι)
1388 5203 1658 5266 ταπεινῶς
1695 5206 1790 5257 ἐκ·

222 5291 525 5361 δεχόμενον
554 5292 624 5344 τά
657 5294 819 5363 ῥητὰ,
850 5293 1159 5362 εὐφραίνειν
1186 5294 1244 5364 δὲ
1276 5295 1475 5364 μᾶλλον
1515 5296 1605 5347 τὸν
1664 5295 1793 5363 Χρι-

224 5380 477 5446 στιανὸν,
503 5380 722 5451 ὑψηλῶς
751 5380 926 5434 ταῦτα
954 5381 1199 5437 νοοῦντα.

1888 5113 2142 5182 Assyrius
2173 5122 2309 5172 erat.
2332 5114 2414 5168 Ad
2447 5114 2599 5169 illum
2622 5115 2765 5169 enim
2799 5114 2964 5167 multa
2992 5115 3282 5183 pertinent,
3312 5128 3441 5181 quae

1889 5204 1943 5257 in
1979 5205 2230 5273 praesenti
2264 5206 2471 5273 psalmo
2503 5204 2797 5258 habentur.
2827 5203 2907 5259 Tu
2944 5218 3081 5273 vero.
3129 5186 3260 5257 illud
3306 5219 3438 5256 con-

1888 5294 2089 5359 sidera,
2145 5310 2254 5364 quo
2304 5305 2464 5363 pacto
2521 5305 2744 5350 sanctus
2813 5294 3048 5363 Spiritus
3105 5294 3265 5349 simul
3311 5308 3435 5345 cum

1887 5382 2116 5439 Judaica
2151 5385 2377 5440 historia
2406 5384 2713 5441 Christiana
2739 5384 2990 5453 dogmata
3014 5383 3437 5450 complicaverit,

223 5481 297 5525 ιιι
330 5469 609 5525 αιιιᾶεοὶς
633 5474 871 5526 solamen
904 5482 1143 5542 praetet,
1181 5474 1272 5542 qui
1345 5476 1578 5529 humiles
1643 5484 1849 5529 tantum
1892 5489 2091 5533 sensus
2144 5486 2472 5546 sequuntur,
2526 5485 2580 5531 et
2637 5477 3002 5533 Christianum
3050 5474 3213 5529 etiam
3264 5473 3436 5541 magis

222 5560 489 5627 laetiﬁcet,
519 5564 584 5617 ad
613 5562 958 5617 sublitniores
988 5564 1296 5619 tendentem
1320 5582 1383 5621 ac
1409 5576 1777 5635 penetrantem
1818 5570 2331 5639 contemplationes.

1434 5712 1439 5715 ’
1511 5730 1701 5790 Variae
1740 5732 2059 5795 lectiones.

302 5848 421 5922 (⁸17)
449 5847 606 5904 Deest
642 5848 889 5914 verbum,
933 5859 1058 5921 puta
1092 5849 1197 5902 νόει
1236 5864 1325 5905 aut
1366 5851 1561 5924 simile.
