4112 6322
624 459 732 520 775

1768 455 2148 514 ΕΠΤΠΥΜΗ
2197 454 2559 515 ZiGABENi

3733 455 3848 517 776

626 577 750 630 alibi
795 575 940 629 viros
983 575 1334 645 sanguinutn,
1393 588 1488 643 pro
1543 573 1988 642 sanguinokntos.
2043 573 2169 626 Dicit

2285 572 2530 626 πλούσιοι
2565 589 2576 601 ·
2609 573 2681 634 ὡς
2712 573 2792 636 τὸ,
2825 571 3063 639 Ἄνδρες
3091 573 3367 640 αἱμάτων,
3400 575 3448 626 οἱ
3495 575 3842 643 αἱμοχειρεῖς.

622 668 785 736 igitur
812 665 951 733 quod
986 665 1195 736 Assyrii
1233 672 1490 734 putarant
1522 677 1646 718 esse
1692 677 1752 717 se
1803 662 2052 730 sequenti
2095 663 2183 716 die

623 763 906 815 habituros
955 761 1010 814 in
1044 759 1301 814 manibus
1331 773 1522 813 omnes
1570 755 1790 813 Iudaeos
1834 755 2054 812 divites.
2087 753 2185 810 Vel

620 853 776 905 aliter
813 869 826 904 :
856 851 1056 906 Omnes
1089 851 1190 904 viri
1247 849 1603 921 Assyriorum
1637 848 1830 904 divites
1871 845 2184 901 Juclworum

620 942 871 996 manibus
923 942 1068 1011 capti
1119 951 1269 1004 sunt,
1303 941 1397 1010 qui
1432 938 1644 996 obsessi
1689 947 1846 993 erant
1875 938 1929 992 in
1959 936 2184 992 Jerusa-

618 1033 745 1084 lem.
776 1030 908 1083 Nam
945 1045 1068 1084 eum
1109 1031 1476 1102 interemptos
1508 1029 1863 1094 invenissent,
1898 1029 2186 1098 capiebant

613 1139 712 1178 eos
739 1133 798 1175 ut
833 1125 1152 1193 spoliarent.
1749 1137 1789 1184 ,)

689 1212 851 1268 Vens.
877 1213 925 1267 7.
947 1214 1018 1266 Ab
1036 1213 1384 1280 increpatione
1411 1221 1523 1276 tua,
1544 1211 1682 1266 Deus
1706 1211 1893 1281 Iacob,
1919 1213 2182 1265 dormita~

615 1319 795 1362 verunt
846 1310 936 1377 qui
984 1308 1326 1362 ascenderunt
1368 1322 1548 1376 equos.
1599 1308 1703 1362 Pcr
1749 1307 2179 1376 increpationeni

615 1401 732 1463 Dei,
793 1401 1114 1456 sententiam
1173 1400 1428 1472 intelligit
1482 1400 1741 1454 adversus
1795 1382 2066 1463 inimicos,
2127 1404 2182 1451 et

613 1507 710 1562 per
759 1493 1218 1557 dormitationem,
1270 1493 1464 1546 virium
1520 1493 1920 1546 remissionem.
1973 1490 2180 1545 Dissol-

613 1596 739 1635 vere
769 1582 913 1635 enim
952 1582 1093 1635 vires
1124 1596 1352 1635 somnus
1386 1582 1522 1636 solet
1551 1598 1566 1636 :
1606 1595 1704 1651 per
1733 1595 1998 1651 equorum
2054 1595 2192 1634 vero.

614 1687 960 1736 ascensores,
990 1673 1238 1729 inimicos
1275 1679 1423 1743 ipsos
1456 1675 1729 1743 intelligit.
1761 1674 1854 1742 qui
1893 1675 1948 1726 in
2001 1690 2173 1743 equo-

613 1779 733 1816 rum
775 1763 1150 1828 multitudine,
1181 1764 1382 1833 quibus
1432 1765 1486 1818 in
1541 1764 1683 1818 bello
1732 1765 2006 1833 praecipue
2057 1771 2177 1820 ute-

609 1855 834 1920 bantur,
865 1856 1028 1911 nimis
1067 1857 1428 1910 conlidebant.
1466 1856 1589 1911 ideo
1647 1857 1779 1911 alibi
1811 1873 1824 1909 :
1860 1855 1931 1910 Hi
1957 1857 2010 1909 in
2041 1873 2174 1908 cur-

613 1949 779 2018 ribus,
810 1948 1008 2017 inquit,
1043 1935 1089 2002 et
1123 1949 1180 1999 hi
1207 1950 1258 2000 in
1284 1949 1428 2018 equis
1455 1948 1520 2001 ³³.

682 2035 848 2090 Vens.
890 2037 943 2090 8.
996 2036 1072 2089 Tu
1126 2038 1372 2090 terribilis
1405 2053 1480 2090 es.
1523 2037 1590 2089 Et
1624 2039 1741 2106 quis
1795 2039 1995 2092 resistet
2020 2039 2177 2093 tibi?

610 2127 738 2181 llam
768 2128 931 2181 verba
966 2141 1060 2197 per
1091 2144 1149 2183 se
1170 2131 1303 2182 satis
1329 2127 1474 2183 clara
1511 2139 1661 2184 sunt.

681 2219 763 2270 Ex
795 2227 916 2270 tunc
967 2219 1050 2270 ira
1097 2228 1213 2272 tua.
1262 2219 1375 2273 lloc
1417 2229 1518 2294 est,
1571 2235 1634 2272 ex
1687 2234 1750 2274 eo
1785 2228 2024 2289 tempore
2067 2235 2177 2290 quo

610 2309 898 2362 adversum
927 2318 978 2363 te
1006 2309 1261 2363 dixerunt
1299 2309 1610 2379 blasphema
1644 2310 1804 2364 verba
1840 2330 1853 2364 :
1905 2319 1960 2364 tu
1995 2319 2177 2364 tamen

609 2400 805 2454 dedisti
857 2399 939 2454 eis
991 2402 1325 2470 pamitentia:
1378 2403 1576 2468 locum,
1617 2401 1770 2468 juxta
1822 2401 2175 2469 benignitatis

609 2500 714 2544 tute
742 2491 935 2562 legent.
974 2488 1088 2555 Vel,
1120 2505 1184 2546 εει
1233 2501 1379 2556 tunc,
1421 2492 1687 2563 intelligo,
1733 2507 1831 2563 pro
1876 2493 2023 2556 olim,
2077 2508 2173 2547 seu

603 2582 835 2650 jamdiu.
1904 2600 1907 2601 '
2152 2594 2158 2600 ‘

681 2673 842 2727 Vsus.
880 2674 934 2737 9,
968 2674 1053 2728 10.
1112 2675 1188 2729 De
1239 2676 1365 2729 caalo
1416 2675 1656 2730 auditum
1697 2677 1866 2746 fecisti
1887 2679 2172 2748 judicium.

611 2766 802 2820 Audiri
841 2768 983 2819 enim
1031 2766 1205 2821 iecisti
1241 2768 1310 2822 de
1361 2769 1501 2822 cmlo
1541 2769 1653 2837 jam
1703 2771 1899 2824 dictam
1954 2777 2176 2826 senten-

607 2860 758 2912 tiam.
812 2857 941 2912 Eam
997 2860 1198 2913 etenim
1255 2860 1307 2912 in
1362 2876 1446 2914 me
1491 2861 1648 2930 quasi
1687 2861 1752 2914 in.
1793 2863 2170 2932 propheticum

607 2950 880 3018 quoddam
942 2966 1204 3020 organum
1278 2952 1587 3006 insonuisti.
1659 2951 1958 3008 Possumus
2005 2955 2168 3010 etiam

610 3040 724 3094 bzee
749 3041 913 3094 verba
949 3040 1015 3095 de
1043 3040 1223 3096 futuro
1254 3042 1550 3096 universali
1586 3042 1794 3112 judicio
1845 3045 2167 3117 intelligere.

606 3131 861 3189 Auditum
893 3133 1034 3187 enim
1068 3131 1199 3186 illud
1237 3131 1361 3189 fecit
1395 3133 1538 3189 Deus
1586 3136 1819 3190 humano
1851 3119 2060 3206 generi,
2104 3154 2169 3192 ex

2292 667 2455 734 Λέγει
2476 665 2531 719 δὲ
2553 665 2634 719 ὅτι
2655 666 2861 727 πάντας
2885 667 3012 728 τοὺς
3072 665 3357 730 πλουσίους
3395 667 3732 736 Ἰσραηλίτας
3789 668 3849 717 οἱ

2271 745 2592 834 “Aestimat.
2635 759 2916 831 μονονουχὶ
3003 742 3125 823 ταῖς
3201 761 3387 834 χερσᾎν
3477 759 3618 828 ἔχειν
3671 757 3848 830 ᾧςντο

2289 829 2677 922 μεθ’ήμέραν·
2716 853 2748 922 ἢ
2798 851 3253 916 καλτοῦναντίον,
3278 829 3482 914 Πάντες
3506 852 3556 906 οἱ
3597 851 3848 905 πλούσιοι

2285 942 2394 997 τῶν
2451 944 2753 1012 Ἀσσυρίων
2811 945 2928 1006 ταῖς
2992 943 3148 1014 χερσὶ
3188 944 3296 996 τῶν
3366 943 3848 1013 πολιορκουμένων

2283 1038 2548 1103 ἑάλωσαν,
2576 1042 2757 1107 νεκροὶ
2787 1037 3123 1107 εὖρεθέντες,
3159 1038 3252 1090 καὶ
3284 1035 3708 1090 ἐσκυλεύθττσαν.

2351 1220 2497 1273 Ἀπὸ
2513 1218 2906 1288 ἐπιτιμήσεώς
2929 1233 3065 1282 σου,
3088 1221 3121 1272 ό
3146 1218 3289 1282 Θεὸς
3317 1219 3533 1281 Ἰακὼϐ,
3587 1217 3847 1270 ἐνύστα-

2284 1311 2400 1376 ξαν
2426 1313 2480 1364 οἱ
2507 1310 2919 1374 ἐπιῦεόηκότες
2942 1309 3065 1374 τοῖς
3098 1309 3323 1374 ἵπποις.
3361 1307 3706 1376 Ἐπιτίμησιν
3737 1308 3843 1377 μὲν

2283 1399 2430 1470 λέγει
2467 1399 2566 1470 τὴν
2587 1398 2726 1452 κατὰ
2754 1399 2860 1452 τῶν
2891 1397 3164 1468 πολεμίων
3203 1398 3494 1464 ἀπόφασιν,
3531 1397 3841 1467 νυσταγμδιρ

2281 1493 2338 1546 δὲ
2366 1491 2464 1562 τὴν
2493 1489 2731 1560 πάρεσιν
2765 1489 2864 1557 τῆς
2887 1489 3186 1558 δυνάμεως.
3202 1489 3414 1542 Ἐκλύει
3438 1489 3546 1558 γὰρ
3567 1488 3656 1540 τδν
3685 1490 3843 1542 τόνον

2280 1585 2308 1636 ὁ
2370 1582 2701 1651 νυσταγμὸς.
2753 1579 3180 1649 ῐΕπιὸεὸηκότας
3235 1582 3294 1634 δέ
3339 1583 3448 1644 τοῖς
3490 1580 3680 1641 ἵπποις
3718 1577 3844 1632 εἶπε

2279 1671 2405 1736 τοὺς
2436 1673 2677 1742 ἐχθρούς
2715 1688 2728 1700 '
2755 1672 2830 1733 ὡς
2890 1671 2984 1724 ἐπὶ
3014 1671 3092 1739 τῷ
3152 1671 3458 1742 πολεμικῶς
3505 1671 3843 1733 ἱππάζεσθαι

2279 1763 2710 1835 τεθαρρηκότας.
2749 1757 2923 1818 Οὗτοι
2949 1759 3304 1833 γὰρρφησὶν,
3337 1762 3404 1816 ἐν
3442 1762 3685 1832 ἅρμασι.
3740 1761 3846 1814 και

2280 1853 2446 1914 οὗτοι
2470 1858 2540 1911 ἐν
2564 1859 2793 1922 ἵπποις.

2348 2041 2431 2095 Σὺ
2472 2038 2722 2109 φοϐερὸς
2770 2035 2844 2098 εἴ,
2899 2038 2996 2091 καὶ
3065 2039 3155 2101 τίς
3210 2035 3633 2102 ἀντιστήσεται
3696 2048 3840 2088 σοι’

2279 2133 2448 2186 Τοῦτο
2481 2132 2668 2200 σαφές.

2347 2224 2492 2277 Ἀπὸ
2534 2227 2663 2277 τότε
2687 2225 2726 2292 ἡ
2751 2222 2896 2292 ὀργή
2931 2236 3070 2276 σου.
3106 2223 3203 2274 Ἐκ
3228 2221 3349 2274 τότε
3379 2220 3475 2287 ἀφ’
3492 2213 3552 2273 οὗ
3579 2217 3720 2272 κατᾶ
3741 2216 3838 2270 σοῦ

2277 2313 2712 2382 ἐϐλασφήμησαν
2740 2328 2755 2344 ο
2792 2313 2996 2375 ἐδίδους
3027 2312 3082 2364 δὲ
3105 2314 3288 2375 αὐτοῖς
3336 2311 3517 2381 χώραν
3548 2309 3842 2381 μετανοίας

2278 2406 2418 2459 κατὰ
2440 2407 2532 2458 τὸν
2561 2405 2727 2474 νόμον
2760 2405 2856 2475 τῆς
2889 2403 3254 2476 χρηστότητὸς
3289 2421 3382 2456 σου
3415 2421 3428 2434 ·
3499 2404 3531 2470 ἢ
3558 2453 3570 2462 ,
3599 2403 3694 2454 καὶ
3752 2401 3838 2464 τὸ,

2275 2498 2412 2554 Ἀπὸ
2436 2499 2583 2561 τότε,
2613 2497 2796 2560 ἁπλῶς
2823 2498 2944 2550 ἀντὶ
2965 2494 3080 2562 τοῦ,
3115 2495 3304 2564 πάλαι,
3323 2495 3428 2566 πρὸ
3458 2494 3676 2546 πολλοῦ.

2350 2681 2449 2734 Ἐκ
2489 2677 2594 2732 τοῦ
2635 2675 2892 2744 οὐρανοῦ
2941 2677 3271 2741 ήκούτισας
3323 2677 3544 2743 κρίσιν.
3588 2674 3699 2737 Τὴν
3740 2673 3840 2744 δη-

2275 2771 2538 2824 λωοείσαν
2586 2769 2858 2838 ἀπόφασιν
2907 2768 2972 2820 ἐκ
3013 2766 3104 2820 τοῦ
3145 2767 3374 2839 οὐρανοῦ
3416 2768 3685 2836 ἀκουστήν
3741 2784 3837 2836 μοι

2275 2863 2539 2933 ἐποίησας
2572 2863 2843 2932 ἐνήχησάς
2886 2877 2976 2931 μοι
3009 2861 3200 2930 αὐτὴν,
3242 2861 3316 2922 ὠς
3345 2861 3617 2932 προφήτῃ.
3649 2861 3744 2930 Εἶη
3790 2859 3838 2912 δ’

2275 2955 2342 3010 ἂν
2381 2954 2473 3008 καὶ
2500 2954 2625 3022 περὶ
2653 2954 2752 3022 τῆς
2782 2944 3088 3022 μελλούσης
3117 2951 3352 3022 κρίσεως
3404 2953 3606 3003 ἐννοεῖν
3636 2951 3695 3003 τὸ
3731 2955 3836 3019 ρη-

2273 3049 2384 3110 τὺν,
2409 3047 2487 3098 ὅτι
2520 3045 2819 3114 Ἀκουστὴν
2841 3044 3101 3112 ἐποίησας
3123 3044 3290 3114 αὐτὴν
3313 3043 3478 3096 πᾶσιν
3505 3032 3812 3114 ἀνθρώποις

2273 3139 2360 3191 διὰ
2391 3138 2497 3191 τῶν
2524 3137 2896 3190 θεοπνεύστων
2922 3135 3161 3208 Γραφῶν
3185 3153 3279 3188 σου
3302 3153 3316 3166 ·
3341 3134 3414 3199 ὥς
3449 3131 3587 3190 εἶναι
3616 3137 3711 3190 καὶ
3762 3138 3835 3190 τὰ

605 3221 900 3291 Scripturis
943 3224 1148 3278 sanctis
1181 3243 1194 3279 :
1230 3233 1393 3293 atque
1424 3225 1526 3279 hoc
1567 3235 1741 3296 pacto,
1772 3242 1892 3295 qua:
1923 3243 2159 3297 sequuuo

2267 3233 2387 3300 ἑξῆς
2438 3229 2725 3284 ἀκόλουθα.

608 3325 714 3375 tur,
757 3315 1288 3384 cunsequentissime
1312 3319 1456 3370 dicta
1490 3333 1610 3371 esse
1637 3319 1911 3374 videntur.

676 3404 837 3476 Terra
867 3407 1097 3471 tremuit,
1127 3414 1176 3460 et
1200 3407 1412 3476 quievit,
1435 3407 1561 3460 dum
1605 3421 1903 3480 exsurgeret
1928 3414 1981 3465 in
2005 3413 2158 3482 judi-

605 3495 683 3547 cio
736 3494 894 3558 Deus,
938 3507 993 3550 ut
1033 3497 1202 3551 salvos
1254 3497 1442 3564 faceret
1492 3513 1789 3554 mansuetos
1837 3513 2010 3560 terrm.
2059 3505 2159 3560 Per

604 3594 825 3648 terram,
880 3585 1168 3639 humanum
1230 3579 1478 3657 intelligit
1521 3599 1811 3658 naturam,
1863 3579 1931 3645 ad
1993 3609 2154 3664 quam

603 3675 730 3728 alibi
787 3675 990 3729 dictum
1038 3686 1166 3730 est:
1229 3675 1390 3731 Terra
1432 3695 1507 3740 es,
1554 3689 1601 3732 et
1645 3681 1697 3732 in
1753 3690 1946 3734 terram
1993 3699 2158 3750 reper—

522 3801 528 3804 ι
603 3766 728 3817 teris
785 3765 849 3818 ³³.
901 3765 1178 3835 Praecipue
1229 3778 1407 3820 tamen
1463 3784 1557 3822 eus
1599 3768 1753 3833 dicit,
1803 3772 1893 3843 qui
1945 3781 2160 3827 terrena

527 3851 531 3855 ’
603 3854 839 3923 sapiunt.
864 3855 1000 3908 Cum
1033 3866 1348 3928 exsurgeret
1381 3858 1546 3926 igitur
1583 3859 1724 3916 Deus
1759 3861 1812 3916 in
1856 3864 2163 3920 univers:ile

594 3945 896 4016 judicium,
965 3947 1289 4016 quieverunt
1361 3963 1552 4004 omnes
1623 3951 1916 4016 homines,
1970 3953 2163 4009 deletis

598 4045 768 4106 atque
789 4037 1095 4106 :cxstinctis
1141 4040 1194 4093 in
1237 4050 1514 4108 posterum
1573 4043 1989 4115 quibuscunque
2046 4047 2166 4114 aliis

597 4128 875 4204 operibus.
929 4126 1065 4182 Cum
1113 4143 1434 4200 exsurgeret
1471 4143 1647 4189 autem
1699 4135 2061 4204 injudicium,
2111 4147 2168 4191 ut

596 4202 779 4273 iustos
807 4217 1052 4272 hmnines
1091 4220 1348 4291 salvaret,
1386 4238 1526 4293 quos
1574 4227 1729 4281 mites
1773 4202 2163 4297 appeilat,seu

2340 3405 2428 3476 Γῆ
2470 3405 2753 3474 ἐφοϐήθη,
2787 3406 2883 3458 καὶ
2916 3407 3232 3475 ἡσύχασεν
3259 3407 3328 3460 ὲν
3360 3407 3440 3474 τῷ
3492 3409 3834 3478 ἀναστῆναι

2263 3503 2348 3564 εις
2377 3499 2483 3552 τὸν
2508 3498 2675 3559 Θεὸν,
2715 3496 2821 3550 τοῦ
2845 3494 3039 3566 σῶσᾳι
3073 3497 3304 3564 πάντας
3335 3499 3474 3562 τοὺς
3488 3500 3692 3568 πραεῖς
3716 3499 3832 3566 τῆς

2268 3594 2399 3664 γῆς.
2435 3594 2473 3645 Γ
2477 3594 2541 3662 ῆν
2572 3593 2727 3645 καλεῖ
2767 3593 2942 3646 πάντα
2994 3592 3279 3666 ἄνθρωπον
3343 3599 3476 3667 πρὸς
3501 3599 3558 3650 ὃν
3587 3599 3826 3669 εἴρηται,

2266 3685 2347 3736 ὅτι
2373 3681 2465 3750 Γῆ
2485 3679 2558 3745 εἴ,
2599 3682 2696 3734 καὶ
2722 3685 2808 3748 εἷς
2866 3683 2982 3751 γῆν
3009 3684 3318 3754 (Manlian
3350 3704 3363 3719 ·
3393 3689 3622 3757 μάλιστα
3647 3691 3703 3742 δὲ
3733 3692 3832 3742 τὸν

2267 3775 2566 3845 φρονοῦντα
2596 3777 2760 3846 γήϊνα.
2796 3794 2810 3807 ·
2837 3777 2894 3827 ἐν
2927 3777 3001 3847 τῷ
3019 3778 3317 3848 ἀναστῆναι
3350 3781 3478 3849 γὰρ,
3537 3785 3720 3851 φησὶν,
3744 3788 3833 3848 εἰς

2268 3868 2368 3937 τὴν
2403 3867 2664 3938 ῥηθεῖσαν
2702 3869 2983 3939 πάνδημον
3019 3870 3202 3944 κρίσιν
3235 3873 3324 3924 τὸν
3353 3873 3505 3936 Θεὸν,
3536 3875 3583 3926 oi
3607 3875 3827 3946 ἄνθρω-

2269 3975 2361 4010 ποι
2392 3958 2592 4019 πάντες
2610 3957 2912 4028 ἡσύχασαν,
2940 3977 3075 4012 κατα
3089 3957 3381 4031 ργήθέντος
3409 3965 3591 4019 λοιπὸν
3622 3969 3831 4031 παντὸς
3859 3993 3864 3996 ·

2264 4047 2427 4116 ἔργου
2453 4065 2466 4078 ⁸
2501 4048 2800 4117 ἀναστῆναι
2836 4048 2890 4100 δὲ
2909 4050 2985 4111 εἰς
3023 4052 3223 4120 κρίσιν,
3257 4054 3349 4104 ἐπὶ
3380 4056 3453 4124 τῷ
3484 4053 3651 4109 σῶσάι
3688 4060 3831 4112 πᾶν·

2265 4157 2361 4200 τας
2412 4140 2538 4202 τοὺς
2588 4141 2866 4202 δικαίους·
2924 4142 3054 4194 ἴδιον
3106 4146 3213 4213 γὰρ
3265 4140 3475 4199 δικαῖου
3530 4151 3726 4215 παντὸς
3789 4155 3829 4222 ἡ

2264 4231 2526 4300 πραότης.

599 4317 945 4380 mansuetos,
997 4316 1126 4385 quia
1199 4313 1512 4382 proprium,
1576 4331 1641 4371 ac
1713 4319 1989 4386 peculiare
2072 4329 2155 4374 est
2193 4324 2573 4392 cujuscunque
2659 4325 2758 4378 viri
2810 4325 2978 4396 justi,
3039 4337 3094 4407 ut
3164 4329 3308 4384 mitis
3376 4333 3445 4387 sit
3506 4349 3569 4387 ac
3667 4352 3830 4390 uian-

597 4410 804 4457 suetus.

673 4497 812 4554 Vens
850 4502 930 4555 ll.
966 4501 1224 4568 Quoniam
1266 4505 1539 4574 cogitatio.
1571 4507 1796 4560 hominis
1823 4509 2157 4578 conﬁtebitur
2181 4519 2234 4581 ,ο

560 4607 567 4621 τ
597 4589 711 4642 tibi.
743 4589 852 4644 Hoc
877 4593 1074 4646 dictum
1103 4603 1183 4646 est
1219 4595 1284 4647 ad
1321 4597 1566 4650 timorem
1601 4599 1653 4650 in
1689 4600 1757 4654 iis
1785 4602 2154 4664 excitandum,

596 4679 688 4747 qui
721 4675 1031 4736 indolentia:
1061 4685 1189 4735 vitio
1217 4686 1489 4740 laborant.
1515 4687 1672 4767 Tune
1707 4692 1927 4753 ctenim,
1963 4695 2155 4762 inquzt,

596 4771 851 4838 cogitatio
886 4775 1063 4829 omnis
1095 4775 1355 4834 humana.
1406 4779 1673 4848 judicauli
1719 4782 1827 4836 Deo
1873 4799 1933 4838 se
1982 4785 2153 4853 ipsum

598 4863 904 4920 revelabit:
959 4865 1386 4936 Cogitationibus
1443 4872 1618 4936 enim,
1681 4874 1855 4943 inquit
1918 4875 2172 4943 Paulus.

595 4953 732 5007 inter
754 4971 808 5010 se
834 4969 1011 5012 mutuo
1041 4962 1428 5028 accusantibus,
1464 4974 1509 5020 et
1533 4964 1939 5040 drﬁendeutibas,
1967 4969 2018 5026 in
2045 4971 2148 5041 die,

593 5062 696 5113 qua
716 5047 976 5116 judiciibit
1009 5054 1257 5109 Dominus
1288 5061 1489 5112 occulta
1510 5061 1771 5114 hominum
1805 5064 1869 5117 ³⁵.

680 5226 747 5282 Et
776 5232 1007 5300 reliquiw
1042 5238 1395 5304 cogitationis,
1446 5240 1579 5292 diem
1608 5243 1798 5309 festum
1840 5259 1990 5316 agent
2033 5219 2146 5303 tihi.

596 5321 728 5390 lpsze
756 5323 917 5375 etiam
959 5325 1194 5380 minima:
1244 5327 1616 5407 cujuscunque
1646 5335 1988 5403 cogitationis
2031 5355 2153 5408 por-

599 5414 871 5476 tiunculaz,
909 5413 1055 5467 diem
1092 5417 1284 5470 festum
1319 5421 1412 5473 tibi
1449 5431 1627 5490 agent,
1658 5425 1760 5479 hoc
1787 5436 1887 5486 est.
1916 5420 1974 5482 se
2005 5430 2151 5499 ipsas

596 5503 695 5556 tibi
747 5502 1192 5561 maniiestabunt.
1249 5509 1539 5567 Festivitas
1595 5516 1739 5569 enim
1800 5521 1936 5572 nihil
2000 5523 2148 5577 aliud

595 5600 700 5657 est,
731 5607 889 5660 quam
924 5595 1218 5650 deelaratio
1255 5615 1318 5652 ac
1367 5602 1731 5659 manifestatio
1760 5607 1904 5662 illius
1953 5612 2150 5664 solem-

593 5685 803 5746 nitatis,
828 5686 982 5756 cujus
1024 5687 1216 5743 festum
1260 5695 1582 5750 celebratur.
1617 5700 1786 5766 Agunt
1818 5701 1977 5768 igitur
2003 5705 2145 5757 diem

608 5861 851 5923 ,"‘Psal.
895 5884 1007 5934 us,
1033 5869 1088 5937 8.
1161 5874 1205 5906 ”
1232 5875 1367 5932 Gen.
1407 5893 1487 5943 ιιι,
1540 5879 1618 5934 l9.
1687 5880 1726 5910 ³⁵
1761 5879 1918 5936 Βοιιι.
1955 5899 2010 5950 ιι,
2049 5884 2131 5938 ιο.

2334 4511 2462 4561 Ὅτι
2491 4508 2776 4577 ἐνθύμιον
2802 4509 3114 4578 ἀνθρώπου
3136 4512 3640 4583 ἐξομολογήσει-αἰ
3693 4538 3819 4576 σοι.

2261 4600 2434 4652 Τοῦτο
2459 4601 2597 4667 πρὸς
2631 4600 2794 4666 φόϐον
2821 4605 2996 4657 κεῖται
3030 4603 3135 4653 τῶν
3168 4605 3507 4675 ἁναλγήτων.
3546 4612 3650 4662 Καὶ
3707 4617 3824 4683 γὰρ

2257 4691 2397 4754 τότε,
2433 4693 2720 4765 gaudenti“)
2749 4692 3086 4762 ἀνθρώπινον
3118 4696 3371 4765 ἐνθύμιον
3423 4701 3584 4754 ἑαυτὸ
3613 4705 3822 4756 ἀνακα-

2244 4783 2416 4851 «λύψει
2446 4801 2526 4836 σοι
2557 4762 2852 4846 δῖκὰζοντι.
2906 4786 3102 4840 Ἄκουε
3149 4787 3244 4839 τοῦ
3309 4791 3548 4861 μεγάλου
3601 4795 3818 4846 Παύλου

2256 4877 2386 4946 περὶ
2412 4875 2606 4930 τούτου
2636 4877 2887 4949 λὲγοντος
2909 4902 2921 4914 ·
2945 4881 3180 4949 Μεταξὺ
3203 4882 3494 4956 ἀλλήὶων
3549 4884 3668 4940 τῶν
3711 4889 3821 4940 .10-

2262 4967 2492 5042 γισμῶν
2547 4976 3056 5043 κατηγορούντων,
3105 4977 3137 5044 ἱ)
3187 4977 3286 5031 καὶ
3314 4977 3820 5046 ἀπολογουμένων

2192 5108 2201 5121 .
2260 5067 2328 5119 ἐν
2349 5065 2557 5133 ἡμέρᾳ,
2588 5066 2686 5118 ὅτε
2712 5066 2901 5132 κρινεῖ
2932 5071 2965 5120 ό
2997 5069 3136 5135 Θεὸς
3164 5070 3237 5123 τὰ
3271 5069 3506 5136 κρυπτὰ
3558 5067 3674 5122 τῶν
3706 5070 3817 5124 ἁν-

2259 5156 2522 5224 θμὼπων.

2329 5251 2436 5302 Καὶ
2500 5248 2936 5319 ἐγκατάλειμμα
3003 5252 3286 5320 ἐνθυμιόυ
3357 5253 3624 5321 ἑορτάσει
3688 5269 3810 5307 σοι.

2259 5340 2710 5410 Ἐγκατάλειμμα
2752 5347 2952 5397 νοεῖται
3005 5344 3064 5396 τὸ
3112 5344 3389 5413 λείψανον·
3445 5347 3688 5416 βούλεται
3752 5347 3813 5398 δὲ

2259 5434 2432 5485 εἰπεῖν
2465 5433 2546 5484 ὅτι
2579 5434 2671 5484 καὶ
2699 5433 2829 5486 αὑτό
2851 5435 2909 5485 τὸ
2937 5436 3269 5506 βραχύτατον
3297 5440 3482 5509 μόριον
3534 5438 3626 5491 τοῦ
3653 5439 3812 5492 ἐνου-

2262 5526 2512 5593 μήματος
2577 5525 2828 5591 ἑορτάσει
2907 5546 3027 5594 σοι,
3073 5533 3368 5593 τουτέστιν,
3415 5529 3667 5596 ἐπιδείξει
3728 5550 3815 5586 σοι

2257 5616 2416 5668 ἑαυτό
2440 5632 2452 5645 ·
2483 5618 2642 5686 ἑορτὴ
2680 5617 2788 5686 γὰρ
2823 5619 3075 5686 ἐπίδειξίς
3111 5623 3224 5674 ἐστι
3274 5621 3367 5674 τοῦ
3416 5623 3815 5690 ὲορταζομένου

2258 5708 2600 5774 πράγματος.
2633 5709 2793 5761 Ὅθεν
2811 5713 2898 5763 καὶ
2921 5713 3212 5780 ἑορτάσει,
3231 5715 3347 5766 ἀντί
3371 5713 3461 5767 τοῦ
3483 5715 3815 5784 Θεατρήσει.
