4112 6322
662 399 767 465 '18'3

1901 407 2278 466 EUTHY-HII
2304 409 2662 472 ZIGABENI

3764 423 3878 490 γει

660 516 823 570 verba
857 514 1068 568 tametsi
1110 515 1536 585 praecedentibus
1579 517 1779 572 similia
1829 534 1954 575 esse
1977 520 2205 574 vidcan-

2312 525 2432 578 τοῦ.
2460 524 2647 604 Ταῦτα
2679 529 2725 580 ει
2752 521 2845 580 καὶ
2879 532 2985 592 τοίς
3018 529 3377 600 προλαϐοῦσιν
3429 533 3590 604 ὃμοια
3623 536 3878 604 φαίνεται

659 615 772 673 tur,
799 607 927 662 illud
955 619 1134 664 tamen
1160 610 1440 678 speciatim
1471 611 1870 674 demonstrant,
1899 612 2043 681 quod
2069 613 2209 666 Deus

663 706 856 752 natura
889 697 1004 765 ipsa
1040 705 1123 751 est
1157 700 1475 752 misericors
1502 737 1516 760 ,
1551 699 2006 768 quemadmodum
2035 709 2088 752 et
2119 700 2209 752 lux

659 789 998 857 naturaipsa
1032 787 1314 856 splendida
1348 800 1452 851 est,
1509 799 1561 842 et
1614 789 1753 858 ignis
1806 800 1996 842 natura
2034 789 2208 850 ardet,

660 878 914 948 quodque
944 879 1064 933 ideo
1094 878 1236 932 Deus
1260 895 1538 946 nunquam
1567 879 1616 931 id
1642 880 1896 948 deponet,
1931 879 2073 947 quod
2105 881 2207 931 sibi

663 971 910 1023 naturale
936 979 1036 1024 est.
1079 970 1156 1023 Ex
1200 970 1300 1022 hoc
1331 969 1494 1038 igitur
1542 968 1669 1022 illud
1707 969 1969 1041 intellexit
1999 968 2066 1022 de
2102 951 2210 1036 quo

664 1063 977 1127 dubitabat,
1014 1069 1068 1116 et
1101 1062 1165 1115 de
1217 1075 1324 1130 quo
1353 1061 1586 1115 sollicite
1615 1059 1978 1114 meditabatur
2013 1077 2026 1110 :
2064 1061 2207 1128 quod

663 1155 872 1209 scilicet
900 1153 1041 1207 Deus
1066 1154 1118 1206 in
1148 1152 1348 1206 stecula
1386 1167 1508 1206 eum
1535 1167 1641 1206 non
1671 1152 1938 1221 projiciet,
1995 1166 2096 1204 nec
2122 1151 2207 1202 illa

663 1244 848 1306 faciet,
876 1257 994 1311 qua:
1027 1243 1283 1311 superius
1306 1241 1451 1294 dicta
1475 1249 1642 1294 sunt:
1669 1256 1859 1296 verum
1891 1240 2032 1309 quod
2054 1241 2207 1308 juxta

661 1335 979 1387 delictorum
1007 1333 1325 1403 gravitatem
1357 1331 1587 1386 adducet
1623 1332 1908 1400 supplicia.

734 1425 892 1486 Ysss.
914 1425 933 1476 'l
951 1409 993 1475 Ι.
1033 1421 1096 1474 Et
1124 1423 1258 1486 dixi,
1284 1419 1440 1474 Nam:
1466 1422 1618 1489 ccepi.
1645 1417 1768 1475 Hac
1789 1421 1956 1476 verba
1981 1421 2116 1490 grati
2147 1437 2209 1476 ac

661 1514 878 1582 benigni
926 1513 1089 1588 animi
1127 1523 1280 1568 sunt.
1337 1512 1618 1578 Cogitans,
1665 1511 1856 1579 inquit,
1905 1527 2023 1580 qua:
2055 1527 2207 1565 com-

659 1605 784 1658 misi
847 1613 1088 1674 percata,
1138 1605 1296 1672 dixi:
1335 1603 1492 1657 Nunc
1548 1603 1766 1657 initium
1800 1602 1927 1656 mihi
1958 1613 2042 1658 est
2075 1619 2206 1658 con-

661 1695 806 1760 digni
840 1693 1276 1764 supplieti.-Nam
1319 1709 1437 1763 quae
1471 1693 1735 1748 hactenus
1783 1694 2039 1758 sustinui,
2068 1699 2200 1764 prie-

664 1786 868 1837 ludium
898 1784 1172 1853 quoddam
1204 1798 1487 1853 pmnarutn
1525 1783 1902 1854 tantummodo
1929 1782 2100 1838 fuere.

2319 611 2386 662 τὰ
2402 612 2572 681 ῥητὰ,
2606 602 2718 665 ἆλλ¹
2751 615 2843 667 οὖν
2868 616 3336 686 ἐμφαίνουσινὸτι
3368 602 3525 690 φύσει
3565 602 3869 697 οἰκτίρμων

2319 700 2466 752 ἐστὶν
2497 703 2524 754 ὀ
2547 703 2680 766 Θεός
2705 720 2718 734 ·
2754 705 2940 774 ὥσπερ
2963 708 3055 760 καὶ
3084 709 3144 760 τὸ
3169 711 3281 777 φῶς
3311 717 3656 780 φωτιστικδν,
3689 719 3868 771 καὶτὸ

2319 791 2428 862 πῦρ
2453 789 2767 848 καυστικόνζ
2791 797 2881 848 Διδ
2913 800 3006 852 καὶ
3027 803 3084 851 ιδ
3107 803 3246 854 κατᾶ
3276 803 3436 870 φύσιν
3456 807 3554 857 οὐκ
3578 807 3860 864 ἀποῦαλεῖ.

2331 881 2613 938 Ἐντεῦθεν
2646 881 2738 938 οὖν
2776 888 3053 957 συνῆκενὸ
3082 891 3298 960 ἠπόρει,
3342 892 3423 946 ὅτι
3475 897 3577 947 οὐκ
3619 900 3696 960 εἰς
3737 900 3868 963 τοὺς

2317 973 2514 1036 αἰῶνας
2541 975 2820 1029 ἀπώσεται
2855 977 3071 1043 αὐτοὺς,
3093 983 3185 1032 καὶ
3211 982 3276 1033 τὰ
3303 983 3431 1049 ἑξῆς
3456 1001 3470 1013 ·
3498 985 3706 1039 ἀλλ’ὅτι
3726 988 3867 1056 πρὸς

2317 1065 2380 1114 sit
2450 1065 2630 1134 πλήθη
2685 1068 2780 1119 καὶ
2831 1067 2895 1121 τὰ
2942 1069 3148 1139 μεγέθη
3198 1071 3302 1123 τῶν
3335 1072 3616 1143 ἁμαρτιῶν
3668 1076 3866 1146 ἐπάγει

2316 1155 2410 1206 καὶ
2442 1157 2540 1226 τὴν
2573 1159 2862 1228 τιμωρεαν.

2383 1422 2489 1475 Καὶ
2519 1420 2656 1476 εἶπα
2673 1439 2689 1454 ο
2715 1425 2843 1478 Νῦν
2871 1425 3160 1494 ἠρξάμην.
3187 1425 3612 1498 Εὐγνωμοσύνης
3635 1431 3662 1481 ὁ
3680 1429 3859 1498 λόγος.

2325 1511 2830 1583 ’Λναλογισάμενος,
2867 1517 3047 1585 φησὶν,
3078 1515 3112 1568 ἃ
3142 1516 3405 1585 ἥμαρτον,
3437 1514 3604 1585 εἶπα,
3639 1519 3715 1570 ὅτι
3744 1519 3864 1572 Νῦν

2311 1603 2454 1674 ἀρχή
2494 1621 2583 1672 μοι
2621 1604 2720 1668 τῆς
2770 1605 2923 1670 ἀξίας
2976 1605 3261 1676 τιμωρίας.
3312 1606 3393 1659 Τὰ
3431 1606 3538 1677 γὰρ
3573 1607 3732 1679 μέχρι
3763 1608 3865 1663 νῦν

2313 1691 2575 1766 προοίμια
2605 1693 2826 1762 ταύτης.
2866 1734 2870 1740 .
3058 1693 3064 1699 ’

733 1875 857 1928 "mc
889 1878 1106 1927 mutatio
1136 1876 1363 1929 dextera:
1409 1874 1691 1949 Altissimi.
1737 1873 1861 1927 Haec
1900 1862 2204 1929 immutatio

2380 1870 2541 1938 Αὕτη
2587 1874 2625 1940 ἠ
2673 1873 3001 1938 ἀλλοίωσις
3030 1873 3137 1942 τῆς
3165 1873 3366 1941 δεξιᾶς
3403 1876 3509 1930 τοῦ
3543 1876 3860 1946 Ὕψιστον.

661 1976 796 2021 esta
829 1966 1078 2020 libertate
1125 1974 1178 2020 et
1232 1965 1414 2034 quiete
1454 1964 1518 2017 ad
1567 1963 1847 2018 servitutis
1903 1965 2207 2032 angustias.

663 2059 758 2113 Est
787 2059 952 2127 igitur
983 2072 1121 2124 opus
1163 2057 1284 2118 hoc,
1322 2070 1457 2122 opus
1481 2054 1753 2123 quoddam
1788 2054 1984 2109 divinae
2018 2070 2209 2111 manus

662 2148 940 2218 punientis
981 2153 1036 2198 et
1059 2144 1375 2211 castigantis
1405 2159 1524 2197 nos.

734 2238 892 2290 Vens.
934 2237 1017 2298 l2,
1054 2236 1132 2288 l5.
1171 2234 1373 2287 Memor
1411 2235 1488 2302 fui
1521 2248 1730 2300 operum
1762 2232 1993 2287 Domini.
2029 2233 2205 2304 Opera

665 2329 876 2379 Domini
907 2328 1279 2378 eoi-rectiones
1330 2325 1586 2392 appellat,
1635 2334 1689 2376 et
1739 2323 2128 2392 castigationes
2175 2339 2206 2378 a

661 2417 770 2470 Deo
801 2416 1094 2484 pricstitas,
1127 2430 1246 2483 qua:
1273 2415 1336 2466 ad
1374 2415 1650 2466 hominum
1674 2413 1962 2468 utilitatem
1985 2415 2200 2468 dantur.

735 2508 874 2571 Quia
909 2522 1100 2558 memor
1132 2521 1217 2557 ero
1253 2503 1316 2556 ab
1343 2505 1491 2556 initio
1543 2503 1866 2556 ntirabilium
1891 2514 2120 2566 tuorum,
2158 2513 2209 2559 et

662 2599 947 2652 meditabor
977 2599 1028 2650 in
1061 2595 1297 2649 omnibus
1334 2595 1574 2665 operibus
1608 2597 1734 2656 tuis,
1792 2605 1840 2647 et
1871 2596 1922 2648 in
1953 2596 2206 2648 adiuven-

664 2689 891 2741 tionibus
941 2691 1046 2739 tuis
1100 2686 1361 2755 Cogitatio.
1408 2688 1446 2737 A
1484 2683 1758 2736 communi
1800 2698 1962 2737 sensu
2016 2699 2208 2736 rursus

665 2780 986 2834 sumendum
1019 2786 1121 2840 est,
1167 2777 1229 2829 Et
1284 2777 1418 2828 dixi.
1454 2775 1512 2828 In
1563 2774 1687 2835 illo,
1736 2775 1929 2842 inquit,
1969 2782 2210 2841 tempore

665 2871 798 2934 dixi,
832 2870 974 2938 quod
1002 2884 1207 2922 memor
1236 2884 1353 2929 ero,
1409 2877 1462 2920 ct
1497 2881 1615 2933 quae
1648 2875 1970 2934 sequuntur.
2009 2855 2206 2918 Eorum

661 2961 806 3014 enim
838 2957 1092 3013 metnoria
1146 2960 1389 3011 so‘amen
1425 2957 1555 3008 milii
1599 2954 1878 3019 afferebat,
1914 2961 1969 3006 ut
2004 2954 2208 3007 dictum

665 3055 769 3104 est;
805 3051 904 3103 Per
949 3049 1360 3102 adinvcntioacs
1388 3055 1590 3110 autem,
1627 3056 1771 3098 artes
1810 3045 1986 3097 varias
2041 3044 2198 3096 intel-

665 3141 783 3208 ligit
821 3149 873 3192 et
894 3139 1143 3202 c0nsilia,
1175 3137 1375 3207 quibus
1408 3135 1548 3190 Deus
1580 3135 1644 3188 ad
1673 3135 1945 3188 hominum
1983 3134 2206 3187 salutem

667 3246 798 3284 usus
823 3229 993 3282 fuerat
1030 3228 1162 3296 (Si).

724 3403 899 3478 Vens.
929 3404 1013 3458 Η.
1053 3401 1204 3466 Deus,
1242 3402 1293 3453 in
1330 3409 1510 3454 sancto
1543 3401 1623 3454 via
1651 3409 1761 3469 tua.
1802 3399 1901 3455 Per
1934 3411 2203 3465 sanctum,

666 3496 861 3550 cmlum
897 3495 1167 3563 intelligit,
1204 3504 1457 3560 tanquam
1491 3507 1684 3560 purum
1741 3508 1803 3545 ae
1835 3494 2118 3555 mundum,
2150 3493 2200 3544 in

667 3602 776 3655 quo
809 3583 1133 3638 commorari
1184 3582 1381 3635 dicitur
1423 3581 1587 3635 Deus.
1626 3580 1718 3635 Vel
1749 3583 1919 3649 ipsum
1973 3595 2204 3634 montem

670 3677 821 3738 Sina,
855 3675 1016 3727 veluti
1053 3674 1158 3726 Deo
1194 3673 1430 3725 dicatum
1491 3681 1543 3724 et
1595 3671 2012 3734 sanetilieatum,
2044 3683 2095 3724 et
2135 3674 2202 3725 ad

669 3777 829 3833 quem
864 3762 1003 3814 Deus
1032 3760 1414 3813 descendebat.
1469 3756 1564 3810 Vel
1625 3756 1878 3824 tmnplum
1908 3755 2070 3807 veluti
2119 3770 2207 3806 sa-

669 3871 819 3910 erum
876 3869 938 3907 ac
971 3852 1354 3912 venerandum,
1385 3834 1522 3902 et-in
1555 3849 1692 3918 quod
1715 3847 2045 3901 descendens
2067 3845 2224 3901 Deus.

670 3946 890 4000 oracula
951 3941 1206 3996 reddebat
1270 3947 1322 3992 ct
1374 3952 1652 4006 responsa.
1695 3936 2054 4006 Symmachus
2112 3954 2209 4005 pro

672 4035 891 4098 Sancto,
927 4031 1084 4094 dixit,
1117 4029 1176 4080 In
1207 4027 1518 4090 Sanctitate,
1553 4027 1680 4079 illud
1726 4027 2035 4095 signiﬁcans
2075 4028 2218 4093 quod

2321 1959 2385 2013 Ἠ
2424 1961 2694 2034 ὲναλλαγὴ
2721 1963 2827 2015 ἀπὸ
2871 1965 2968 2033 τῆς
3015 1965 3321 2032 ἐλευθερίας
3367 1967 3459 2018 καὶ
3501 1967 3753 2032 ἀνέσεως,
3778 1972 3862 2032 εἰς

2309 2053 2524 2107 δουλίαν
2555 2056 2651 2107 καὶ⁵
2682 2056 3067 2126 στενοχωρίαν,
3115 2056 3215 2127 τῆς
3269 2055 3416 2121 Θείας
3467 2057 3626 2128 ἔργον
3676 2061 3864 2130 χειρὸς

2307 2143 2642 2214 κολαζούσης
2667 2147 2842 2215 ἡμᾶς.
2934 2196 2943 2208 ,

2379 2232 2725 2301 Ἐμνήσθην
2771 2232 2892 2287 τῶν
2918 2234 3105 2301 ἔργων
3144 2235 3381 2300 Κυρίου.
3420 2237 3594 2306 Ἔργα
3648 2237 3858 2307 Κυρίου

2307 2321 2450 2390 λέγει
2485 2323 2582 2387 τὰς
2604 2325 2695 2378 ἐπὶ
2720 2325 3046 2396 συμφέροντι
3068 2327 3333 2390 παιδείας.

2382 2499 2511 2553 Ὅτι
2527 2501 2950 2571 μνησθήσομαι
2979 2502 3095 2556 ἀπὸ
3128 2500 3249 2568 τῆς·
3267 2501 3456 2570 ἀρχῆς
3483 2502 3600 2556 τῶν
3635 2505 3859 2570 θαυμα-

2307 2593 2458 2647 σίων
2495 2609 2632 2658 σου,
2680 2596 2774 2646 καὶ
2810 2594 3123 2661 μελετήσω
3164 2594 3233 2646 ἐν
3290 2593 3438 2646 πᾶσι
3491 2594 3613 2657 τοῖς
3658 2594 3858 2661 ἔργοις

2307 2699 2444 2749 σου,
2495 2683 2594 2737 και
2647 2683 2716 2736 ὲν
2781 2683 2904 2748 τοῖς
2957 2683 3419 2750 ἐπιτηδεύμασίν
3477 2698 3592 2734 σου
3641 2681 3856 2734 ἀδολε-

2309 2773 2548 2842 σχήσω.
2591 2773 2723 2826 Ἀπὸ
2755 2772 2931 2825 κοινοῦ
2965 2772 3197 2841 ληπτέον
3229 2771 3383 2833 αὖθις
3409 2772 3490 2836 τὸ,
3524 2771 3628 2825 Καὶ
3670 2768 3808 2823 εἶπα
3832 2787 3852 2802 ο

2321 2863 2408 2917 Ἐν
2429 2864 2509 2933 τῷ
2541 2862 2716 2932 καιρῷ
2741 2863 2870 2932 γὰρ,
2890 2863 3070 2932 φησὶν,
3103 2863 3316 2923 ἐκείνω,
3347 2858 3470 2914 εἶπα
3493 2863 3570 2914 ὅτι
3607 2861 3856 2929 μνησθή-

2311 2972 2499 3024 σομαι,
2543 2955 2656 3008 κκαὶ
2709 2955 2776 3007 τὰ
2807 2955 2968 3022 ἐξῆςο
3017 2956 3048 3024 ἡ
3100 2956 3283 3024 μνήμη
3339 2953 3514 3006 αὐτῶν
3567 2952 3726 3020 ἔφερέ
3761 2968 3855 3020 μοι

2310 3043 2677 3114 παράκλησιν,
2707 3044 2781 3106 ὡς
2822 3046 3074 3114 εἴρηταιο
3133 3043 3533 3110 ἐπιτηδεύματα
3585 3042 3639 3094 δὲ
3673 3042 3850 3105 καλεῖ,

2309 3135 2406 3194 τὰς
2442 3134 2578 3203 πρὸς
2607 3124 2879 3203 σωτηρίαν
2911 3131 3208 3202 ἀνθρώπων
3240 3131 3506 3201 μηχανάς.
3535 3129 3853 3200 Παρατήρει

2309 3223 2366 3276 δὲ
2393 3226 2540 3277 τουτὶ
2570 3225 2650 3289 τὸ,
2683 3223 3106 3294 Ἀὂολεσχήσω
3129 3239 3144 3253 ·
3203 3225 3416 3287 ταὺτδν-
3441 3223 3548 3291 γὰρ
3598 3221 3852 3290 σημαίνει

2311 3317 2422 3376 τοῖς
2447 3314 2857 3386 προρρηθεῖσιν.

2389 3405 2452 3458 '0
2475 3405 2637 3471 Θεὸς,
2666 3407 2734 3458 ἐν
2762 3407 2839 3469 τῷ
2875 3406 3017 3474 ἁγίῳ
3061 3407 3098 3473 ἠ
3139 3405 3275 3470 ὁδός
3307 3421 3443 3458 σου.
3476 3404 3663 3470 Ἀγιον
3697 3400 3726 3468 ἢ
3758 3400 3851 3452 τὸν

2311 3496 2539 3565 οὐρανόν
2571 3513 2734 3566 φησιν
2761 3496 2836 3558 ὡς
2867 3497 3048 3564 ἁγνὸν,
3076 3499 3132 3548 ὲν
3164 3490 3207 3563 ᾧ
3251 3495 3544 3563 διατρίϐειν
3568 3493 3782 3559 λέγεται
3821 3491 3852 3541 ὁ

2308 3585 2438 3648 Θεός
2459 3600 2474 3614 ·
2524 3587 2556 3656 ἢ
2601 3585 2662 3637 τδ
2689 3585 2812 3656 ὅρος
2837 3587 2964 3638 Σινὰ
2993 3587 3066 3649 ὡς
3113 3585 3497 3654 ἁφωσιωμένον
3546 3583 3682 3652 Θεῷ,
3714 3583 3773 3634 ἐν
3803 3574 3849 3647 ᾧ

2311 3674 2686 3743 ἐπεδήμησεν·
2725 3678 2757 3744 ἢ
2783 3676 2874 3728 τὸν
2900 3676 3024 3729 ναὸν
3049 3675 3123 3737 ὡς
3156 3669 3378 3727 σεπτὸνέ
3433 3675 3490 3726 ἐν
3544 3667 3587 3740 ᾧ
3647 3671 3850 3724 κατιὼν

2309 3762 2693 3833 ἐχρημάτιζεν.
2739 3765 2799 3817 '0
2845 3765 2900 3816 δὲ
2961 3764 3273 3833 Σύμμαχος,
3314 3764 3433 3816 ἀντὶ
3485 3762 3578 3814 τοῦ
3609 3763 3709 3813 Ἐν
3765 3761 3849 3824 τῷ

2311 3853 2474 3920 ἀγ.’ῳ,
2504 3856 2607 3907 Ἐν
2640 3855 2899 3923 ἁγιότητι
2956 3837 3202 3918 ἐξέδωκε,
3241 3853 3362 3915 δοὺς
3391 3855 3528 3904 νοεῖν
3581 3854 3660 3904 ὅτι
3693 3854 3848 3904 πᾶσα

2311 3942 2507 4011 πρᾶξις
2535 3943 2669 3996 Θεοῦ
2727 3945 2856 4012 ἁγία
2899 3945 2989 3998 καὶ
3021 3943 3303 4013 ἄμεμπτος
3333 3945 3497 4006 ἐστιν,
3525 3942 3572 3993 εἰ
3595 3941 3687 3994 καὶ
3711 3943 3850 4010 ἡμῖν
3929 3990 3934 3993 ,

2313 4033 2366 4083 αἱ
2394 4033 2626 4084 παιδεῖαι
2658 4034 2910 4102 φορτικαὶ
2936 4035 3233 4100 φαίνονται.

636 4125 850 4182 omnis
917 4121 1010 4177 Dei
1072 4121 1214 4174 actio
1285 4128 1470 4172 sancta
1499 4126 1601 4182 est,
1651 4125 1810 4186 atque
1864 4117 2379 4194 irrcpreliensibilis,
2431 4125 2644 4179 tametsi
2715 4125 2858 4180 illius
2899 4126 3261 4180 eorrectiones
3314 4137 3503 4192 graves
3556 4122 3729 4186 nobis,
3794 4133 3852 4178 et

672 4221 821 4272 dura:
858 4213 1144 4285 aliquando
1174 4210 1472 4264 rideantur.

745 4309 873 4374 Quis
901 4306 1035 4358 Deus
1064 4318 1303 4371 magnus,
1341 4310 1395 4352 ut
1425 4299 1556 4353 Deus
1593 4304 1807 4354 noster?
1839 4299 1971 4352 Cum
2001 4302 2213 4368 pollici-

680 4413 770 4456 tus
807 4399 876 4453 sit
903 4411 958 4450 se
986 4394 1226 4447 futurum
1259 4407 1552 4445 memorem
1579 4391 1901 4442 mirabilium
1937 4390 2048 4453 Dei,
2070 4407 2214 4444 nunc

2385 4307 2477 4371 Τίς
2502 4311 2633 4372 θεὸς
2657 4307 2840 4376 μέγας
2865 4307 2944 4370 ὡς
2975 4309 3008 4359 ό
3036 4307 3178 4371 Θεὸς
3205 4306 3372 4374 ἡμῶν
3391 4323 3422 4371 ;¹
3455 4306 3851 4375 ’Υποσχᾶμενος

2312 4397 2614 4466 μνησθῆναι
2663 4397 2770 4449 τῶν
2795 4396 3082 4465 θαυμάτων
3137 4395 3229 4448 τοῦ
3260 4396 3393 4448 Θεοῦ
3417 4414 3447 4458 ,,
3485 4397 3588 4466 πρὸ
3629 4397 3853 4449 πάντων

677 4507 785 4561 prie
818 4485 1031 4543 caeteris
1062 4483 1316 4539 omnibus
1358 4496 1481 4535 eum
1538 4478 1746 4540 laudat,
1783 4479 1969 4532 dicens
2007 4498 2021 4534 :
2078 4478 2209 4544 Quis

2312 4489 2540 4556 ἀνυμνεῖ
2563 4488 2740 4559 αὐτὸν.
2771 4487 2969 4538 εἰπών·
2999 4487 3093 4548 Τίς
3128 4486 3244 4549 θεὸς
3285 4477 3392 4538 τῶν
3425 4485 3730 4553 ἀλλοφύλων
3754 4487 3854 4537 οὒ-

675 4584 916 4654 gentium
957 4577 1099 4631 Deus
1133 4573 1268 4628 adeo
1301 4587 1528 4640 magnus
1559 4579 1660 4631 est,
1687 4570 1768 4623 vel
1811 4579 1968 4622 tanta:
1999 4578 2102 4634 est,
2123 4576 2216 4622 ant

681 4687 786 4728 tam
814 4672 1090 4726 immensa:
1121 4663 1400 4734 potentia,
1429 4671 1488 4714 ut
1513 4659 1657 4713 Deus
1693 4659 1911 4711 noster?

751 4763 829 4816 Tu
856 4778 907 4815 es
932 4759 1094 4822 Deus,
1131 4756 1220 4824 qui
1267 4754 1398 4821 [ocis
1453 4752 1743 4804 mirabilia.
1795 4749 1872 4837 Tu
1910 4737 2032 4802 vere
2079 4749 2216 4805 Deus
2279 4766 2285 4773 '

680 4871 762 4917 es,
793 4852 884 4922 qui
913 4846 1229 4903 admiranda
1255 4858 1418 4912 opera
1450 4842 1688 4911 perticis.

748 4935 1237 4994 Vens.15.Notam
1270 4934 1441 5001 fecisti
1470 4935 1522 4985 in
1554 4931 1760 5000 populis
1784 4931 2024 4984 virtutem
2046 4940 2211 4984 tuam.

681 5035 782 5088 Per
814 5032 1066 5102 populos,
1119 5028 1224 5080 hoc
1277 5029 1332 5082 in
1369 5025 1486 5077 loco
1520 5031 1707 5092 gentes
1757 5021 2024 5091 intelligit,
2055 5019 2216 5090 IEgy-

682 5126 823 5192 ptios
861 5119 1140 5178 nimirum,
1175 5122 1267 5167 aut
1298 5114 1431 5166 alios
1464 5126 1818 5181 quoscunque
1850 5110 2075 5179 populos
2109 5111 2213 5164 Deo

683 5213 810 5265 olim
839 5207 1163 5267 contrarios,
1218 5202 1306 5269 qui
1370 5199 1586 5253 tandem
1637 5215 1666 5251 a
1720 5198 1915 5252 ludaeis
1971 5197 2212 5266 superati

684 5311 831 5364 sunt,
866 5311 917 5354 et
952 5301 1067 5367 ipsa
1123 5293 1429 5348 didicerunt
1482 5291 1830 5359 experientia,
1890 5287 2032 5355 quod
2075 5286 2214 5339 Deus

684 5395 794 5452 ille,
834 5390 923 5457 qui
971 5385 1170 5438 .luilznis
1204 5381 1581 5443 auxiliabatur,
1621 5391 1846 5446 magnus
1899 5389 1960 5427 ac
2025 5382 2216 5442 potens

684 5484 821 5537 Dens
855 5489 956 5535 est.

2311 4596 2416 4639 τως
2450 4580 2563 4630 ἐστὶ
2604 4580 2796 4646 μέγας,
2847 4579 3021 4630 show
3068 4576 3499 4646 μεγαλοδύναμος
3553 4580 3645 4628 καὶ
3675 4593 3859 4644 μεγα-

2313 4668 2539 4738 λουργὺς
2565 4669 2637 4730 ὡς
2669 4669 2697 4719 ὁ
2722 4668 2985 4738 ἡμέτερος
3007 4683 3021 4731 ;

2384 4762 2465 4815 Σὺ
2493 4762 2544 4815 εἶ
2574 4765 2605 4813 ό
2638 4764 2778 4827 Θεὸς
2813 4766 2845 4815 ό
2871 4761 3054 4815 ποιῶν
3072 4761 3388 4830 θαυμάσια.
3413 4761 3484 4812 Σὺ
3510 4755 3559 4812 εἴ
3586 4761 3613 4811 ὁ
3643 4760 3857 4828 Κύριος

2312 4853 2441 4915 Θεὸς
2463 4855 2491 4904 ὁ
2515 4853 2680 4904 ποιῶν
2715 4852 2999 4921 θαυμαστὰ
3031 4853 3167 4922 ἔργα
3189 4868 3204 4917 ;

2387 4942 2738 5010 Ἐγνώρισας
2790 4943 2858 4994 ἐν
2893 4947 3016 5006 τοῖς
3063 4941 3231 5006 λαοῖς
3265 4941 3378 5007 τὴν
3423 4941 3675 5008 δύναμιν
3706 4956 3851 4994 σου.

2318 5032 2494 5092 Λαοὺς
2527 5030 2758 5083 ἐνταῦθα
2787 5035 2854 5081 τὰ
2893 5032 3018 5097 ἔθνη
3069 5031 3249 5082 καλεῖ·
3277 5031 3418 5096 λέγω
3443 5030 3506 5098 δὴ
3537 5031 3659 5089 τοὺς
3684 5029 3860 5094 Αἰγυ-

2321 5123 2530 5186 πτίους,
2579 5122 2672 5173 καὶ
2711 5122 2836 5184 τοὺς
2905 5120 3090 5182 ἄλλους
3136 5121 3288 5182 ὅσους
3325 5119 3741 5186 ἀνθισταμένους
3806 5121 3863 5170 οἱ

2331 5212 2566 5280 Ἑϐραῖοι
2624 5211 2930 5280 παραδόξως
2962 5210 3430 5278 κατεπολέμησαν
3465 5209 3625 5278 πεῖρα
3653 5206 3863 5273 μαθόν-

2318 5317 2434 5364 τας,
2466 5302 2545 5352 ετι
2581 5301 2752 5368 μέγας
2777 5302 2918 5352 ἐστὶν
2947 5300 2974 5350 ὁ
3004 5299 3209 5361 τούτοις
3244 5298 3450 5367 βοηθῶν
3475 5298 3624 5358 θεός.

1960 5579 2154 5640 Variae
2181 5579 2500 5641 lectiones.

752 5696 859 5763 (8t)
891 5694 1068 5746 (lrzece
1115 5690 1328 5741 additur
1362 5686 1706 5737 animadverte
1747 5688 1916 5733 autem
1965 5679 2057 5731 hoc
2091 5679 2202 5731 loco
2243 5683 2445 5734 verbum
2480 5676 2839 5746 ἀδολεσχήσω.
2880 5673 3025 5729 Idem
3052 5675 3187 5729 enim
3212 5674 3489 5744 signiﬁcat,
3553 5672 3688 5742 quod
3757 5690 3860 5728 ut-

674 5770 874 5833 ﬁmus.
