4112 6322
528 228 635 291 819

1744 236 2124 298 ΕΠΤΗΥΜΙΙ
2160 239 2514 302 ZIGABENI

3635 251 3746 316 8‘20

530 348 752 408 peccata
801 342 1038 397 clamant
1077 358 1258 398 coram
1291 345 1418 410 Deo,
1447 357 1607 418 alque
1657 330 1916 404 auctores
1953 364 2082 404 suos

2198 352 2411 423 ’ἰδίωμα
2459 354 2515 406 δὲ
2549 355 2642 408 καί⁸
2673 357 2845 420 ἄλλως
2898 358 3178 431 toﬁ-toﬁ};
3229 359 3473 424 Παλαιᾶς
3503 360 3614 430 (89)
3650 365 3748 417 ἐπὶ

531 429 794 497 indicant,
826 443 880 486 et
910 435 1189 504 propalant
1211 450 1399 492 omnes
1431 437 1522 505 qui
1561 438 1688 492 talia
1719 439 2084 495 committunt.

531 518 624 576 Est
653 525 817 576 etiam
848 524 935 579 hic
982 526 1236 596 loquendi
1267 527 1458 584 modus
1486 529 1626 598 apud
1674 540 1907 584 veterem
1936 529 2088 584 Scri-

528 621 742 681 pturam
775 613 1048 685 frequens,
1083 629 1142 672 ut
1169 619 1412 673 auditum
1461 618 1569 675 Deo
1596 621 1850 686 ascribat,
1873 621 2090 690 quando

531 716 859 761 commotum
925 710 1075 764 illum
1129 726 1253 766 esse
1307 700 1579 782 signiﬁcat
1645 714 1714 768 ad
1771 713 2085 768 vindictam.

531 796 784 868 Despexit
819 810 1000 855 autem
1033 817 1147 866 eos,
1181 804 1283 859 hoc
1305 813 1410 870 est,
1454 821 1678 860 aversus
1711 815 1814 862 est.

595 889 665 944 Et
722 892 943 961 neglexit
1007 894 1158 950 valde
1215 894 1410 949 Israel.
1459 896 1806 951 lnbonoravit
1858 904 1914 950 et
1955 909 2088 950 con-

528 982 856 1050 temptibiles
895 983 1154 1038 reddidit.
1188 983 1366 1040 Variis
1403 987 1546 1040 enim
1598 986 1852 1055 gentibus
1901 995 1955 1040 et
2010 985 2091 1039 di-

524 1073 703 1128 versis
733 1077 1071 1143 temporibus
1107 1092 1201 1130 cos
1248 1079 1302 1131 in
1353 1079 1712 1148 captivitatem
1760 1076 1999 1141 tradidit,
2032 1084 2089 1130 ut

529 1163 579 1213 in
616 1162 752 1216 libro
781 1161 1032 1219 Judicutn
1067 1168 1297 1236 legimus
1318 1169 1386 1221 ⁷⁵.

595 1250 763 1308 Vens.
801 1254 890 1310 60.
946 1253 1016 1308 Et
1067 1259 1258 1327 repulit
1313 1257 1710 1314 tabernaculum
1762 1263 1901 1316 Silo.
1959 1262 2090 1327 Quae

525 1355 829 1411 sequuntur
876 1349 949 1403 in.
977 1351 1155 1418 primo
1206 1351 1411 1422 Regum
1443 1354 1646 1424 scripta
1679 1365 1809 1409 sunt
1847 1373 1858 1408 :
1901 1368 2090 1424 quem-

524 1432 814 1488 admodum
868 1437 1078 1494 scilicet
1136 1454 1260 1496 arca
1333 1443 1404 1497 ab
1466 1444 1681 1509 alienis,
1754 1445 1854 1498 hoc
1897 1452 2000 1508 est,
2058 1458 2089 1498 a

525 1519 814 1579 l‘liilistais
847 1525 917 1579 sit
965 1537 1154 1598 capta;
1186 1540 1241 1585 et
1280 1531 1554 1601 quomodo
1607 1533 1868 1589 Israelita:
1921 1534 2088 1589 occisi

523 1610 654 1674 sint,
685 1627 876 1668 eorum
942 1617 1188 1673 civitates
1238 1621 1293 1676 in
1342 1622 1580 1677 hostium
1639 1632 1960 1692 potestatem
1996 1625 2093 1680 de-

522 1705 794 1758 venerint.
853 1705 922 1760 Et
997 1712 1224 1778 repulit,
1275 1711 1453 1782 inquit
1502 1714 1898 1769 tabernaculum
1947 1717 2089 1786 quod
2121 1699 2164 1754 Β

522 1795 722 1850 eratin
769 1796 882 1853 Silo
935 1802 1023 1854 ubi
1076 1803 1353 1858 habitabat
1383 1814 1512 1861 tunc
1561 1805 1722 1864 Deus.
1764 1809 1891 1862 Erat
1945 1811 2089 1863 enim

522 1886 655 1954 illic,
689 1901 748 1943 ut
780 1889 1042 1957 diximus,
1074 1909 1200 1949 arca
1238 1895 1475 1951 Domini.
1509 1897 1642 1952 Nam
1677 1899 1722 1954 si
1769 1901 2089 1954 tabernacu-

527 1977 636 2032 lum
672 1980 800 2036 illud
827 1983 880 2036 in
902 1982 1014 2038 Silo
1035 2001 1141 2040 non
1164 1988 1472 2057 repulisset,
1509 2005 1613 2044 non
1641 1991 1998 2059 permisisset,
2032 1999 2092 2047 ut

524 2086 702 2127 arcam
743 2088 1018 2145 caperent.

599 2167 1064 2236 Tabernaculum,
1117 2174 1253 2244 quod
1312 2177 1585 2230 habitabat
1649 2177 1701 2230 in
1771 2176 2086 2231 hominibus.

525 2258 753 2328 Propter
793 2276 976 2316 arcam
1008 2266 1153 2318 enim
1186 2267 1265 2322 sic
1296 2267 1451 2322 dicit.
1490 2267 1673 2325 Primo
1693 2269 1834 2352 enim
1872 2281 1928 2323 ut
1948 2285 2092 2341 saepe

525 2348 787 2415 diximus,
837 2367 964 2408 arca
1011 2354 1276 2412 habitavit
1329 2359 1382 2413 in
1427 2359 1562 2423 Silo,
1617 2348 1804 2431 postea
1854 2376 1984 2417 vero
2032 2363 2088 2417 in

522 2435 844 2500 J:rusalem.

598 2625 762 2683 Vens.
804 2627 893 2683 6|.
929 2627 998 2683 Et
1039 2629 1259 2684 tradidit
1300 2633 1356 2685 in
1395 2631 1755 2702 captivitatem
1800 2635 2090 2702 potentiam

523 2737 726 2786 eorum,
777 2730 827 2775 ct
879 2722 1327 2790 pulchritudinem
1371 2743 1553 2780 eorum
1595 2729 1651 2781 in
1681 2743 1867 2782 manus
1909 2729 2091 2782 inimi-

526 2831 727 2869 corum.
766 2815 867 2870 Per
905 2818 1199 2886 potentiam
1234 2826 1287 2874 et
1349 2819 1833 2890 pulchritudinem,
1867 2823 2089 2894 quidam

526 2908 752 2981 intelligi
776 2910 1030 2966 dixerunt
1059 2921 1313 2971 strenuos
1341 2916 1618 2984 quolisbet
1666 2932 1729 2972 ac
1779 2915 1950 2973 fortes
1995 2916 2093 2973 Ju-

2190 445 2326 498 Θεοῦ
2353 446 2551 515 λέγειν,
2595 448 2656 501 τδ
2685 451 2988 505 Ἤκουσεν
3011 471 3022 483 ·
3062 454 3345 521 ἐμφαῖνον,
3392 455 3472 507 ὅτι
3518 455 3746 526 ἐκινήθη

2190 539 2272 601 είς
2324 540 2621 610 ἐκδίκησιν.
2681 543 2969 612 Ὑπερεῖδε
3014 544 3091 608 δὲ,
3145 545 3266 600 ἀντὶ
3308 545 3422 612 τοῦ,
3465 548 3744 618 Παρεῖδεν,

2191 631 2516 702 ἀπεστράφη
2551 632 2768 697 αὐτούς.
3779 643 3784 646 ’

2261 897 2370 951 Kal
2397 899 2766 963 ἐξουδένωσε
2793 898 3026 968 σφόδρα
3062 900 3169 953 τὸν
3211 899 3477 968 Ἰσραήλ.
3518 897 3749 968 Ἦτίμα-

2194 1010 2304 1058 σεν,
2336 995 2806 1064 εὐκαταφρόνητον
2837 993 3081 1061 ἐποίησε.
3115 993 3402 1062 Διαφόροις
3433 991 3542 1062 γὰρ
3568 991 3748 1044 ἔθνεσι

2190 1087 2459 1156 διαφόρως
2484 1086 2799 1156 παρέδωκεν
2847 1086 3008 1138 αὐτὸν
3037 1088 3116 1148 είς
3163 1084 3563 1153 αἰχμαλωσίαν,
3612 1081 3684 1145 ὡς
3717 1084 3749 1151 ἡ

2189 1175 2298 1229 τῶν
2328 1176 2546 1246 Κριτῶν
2586 1175 2767 1245 βίϐλος
2801 1177 3023 1242 ἱστορεῖ.

2261 1270 2368 1324 Kal
2405 1269 2686 1344 ἀπώσατρ
2713 1267 2828 1334 τὴν
2857 1268 3106 1336 σκηνὴν
3135 1263 3366 1333 Σηλώμ.
3398 1265 3480 1318 Τά
3506 1264 3753 1319 ἐντεῦθεν

2191 1362 2249 1413 ὲν
2267 1363 2334 1431 τῇ
2369 1360 2560 1432 πρώτη
2587 1345 2697 1413 τῶν
2741 1360 3032 1413 Βασιλειῶν
3055 1360 3396 1429 γέγραπται·
3436 1358 3583 1420 ὅπως
3609 1357 3750 1411 ἑάλω

2193 1453 2343 1524 παρά
2366 1453 2480 1515 τοῖς
2525 1453 2842 1520 ἀλλοφύλοις
2872 1454 2904 1523 ἡ
2953 1451 3203 1514 κιϐωτὸς,
3236 1451 3330 1504 καὶ
3373 1449 3522 1512 ὅπως
3555 1449 3606 1501 οἱ
3651 1449 3756 1500 Ἰσ-

2195 1544 2450 1614 ραηλῖται
2501 1543 2946 1612 κατεσφάγησαν,
3001 1542 3096 1595 καὶ
3123 1544 3179 1596 αἱ
3219 1541 3405 1604 πόλεις
3434 1539 3760 1610 κατεσχέθηο
3790 1587 3804 1596 .

2194 1653 2310 1690 σαν.
2341 1635 2446 1690 Kal
2472 1635 2778 1699 ἀπώσατο,
2814 1635 2969 1703 φησὶ,
3003 1632 3116 1699 τὴν
3161 1634 3404 1699 σκηνὴν
3433 1632 3534 1701 τὴν
3577 1632 3635 1683 ὲν
3658 1630 3760 1697 Ση-

2196 1729 2339 1798 λὼμ,
2384 1731 2444 1782 ὲν
2492 1723 2791 1804 ᾖὲσκήνου
2843 1727 2933 1782 ea
2969 1727 3067 1796 τῆς
3109 1723 3364 1778 κιϐωτοῦ.
3414 1725 3479 1778 El
3526 1723 3637 1791 γὰρ
3682 1721 3759 1791 μὴ

2196 1822 2455 1875 ἀπώσατο
2473 1821 2697 1892 ταύτην,
2737 1821 2835 1874 οὐκ
2877 1819 2944 1874 ἂν
2974 1817 3128 1876 εἴασε
3157 1817 3258 1888 τὴν
3289 1815 3522 1871 κιϐωτὸν
3551 1813 3762 1884 ληφθῆ-

2197 1930 2286 1967 ναι
2319 1913 2466 1985 παρά
2485 1914 2593 1967 τῶν
2625 1913 2922 1982 πολεμίων.

2269 2183 2560 2250 Σκήνωμα
2584 2179 2615 2235 ὃ
2647 2177 3108 2244 κατεσκήνωσεν
3139 2173 3211 2228 ἐν
3240 2168 3590 2239 ἀνθρώποις.
3643 2163 3761 2235 Τὴν

2199 2275 2470 2344 σκήνωσιν
2520 2273 2587 2342 ἢν
2619 2271 3031 2339 κατεσκήνωσεν
3082 2268 3140 2320 ὲν
3186 2262 3493 2336 ἀνθρώποις
3523 2259 3611 2314 διὰ
3658 2259 3760 2328 τῆς

2155 2351 2158 2356 “
2197 2367 2452 2422 κιϐωτοῦ.
2483 2366 2703 2436 Πρῶτον
2728 2365 2854 2432 γὰρ,
2880 2365 2955 2426 ὡς
2985 2361 3420 2432 προειρήκαμεν,
3470 2357 3527 2408 ὲν
3551 2355 3616 2422 τῇ
3656 2350 3762 2419 Ση-

2196 2461 2319 2530 λὼμ
2351 2457 2670 2529 κατῴκησεν
2714 2459 2748 2527 ή
2773 2453 3002 2516 κιϐωτός
3023 2469 3036 2482 ·
3078 2453 3302 2522 ὕστερον
3333 2449 3389 2502 δὲ
3417 2445 3517 2518 τὴν
3556 2446 3755 2515 Ἰερου-

2199 2554 2380 2625 σαλὴμ
2408 2551 2708 2620 ἐξελέξατο.

2266 2649 2373 2703 Kal
2404 2643 2749 2714 παρέδωκεν
2767 2640 2853 2708 εὶς
2874 2637 3288 2709 αἰχμαλωσίαν
3309 2633 3424 2702 τὴν
3445 2631 3625 2700 ἰσχὺν
3653 2627 3760 2682 αὑ·

2196 2740 2334 2803 τῶν,
2361 2737 2458 2792 καὶ
2486 2735 2601 2804 τὴν
2627 2732 2939 2801 καλλονὴν
2961 2729 3160 2786 αὐτῶν
3172 2730 3259 2795 εις
3281 2725 3484 2797 χεῖρας
3509 2718 3758 2791 ἐχθρῶν.

2210 2835 2385 2905 ’ἰσχὺν
2427 2833 2520 2885 καὶ
2548 2828 2814 2900 καλλονὴν
2859 2827 3006 2890 τινὲς
3057 2825 3157 2895 μὲν
3184 2822 3311 2885 τοὺς
3358 2819 3631 2890 μαχίμους
3661 2813 3758 2866 καὶ

2199 2925 2454 2995 ἀρίστους
2485 2921 2663 2976 αὐτῶν
2714 2920 2979 2974 ἐκάλεσαν
2998 2933 3012 2948 ’
3047 2917 3287 2988 ἄμεινον·
3309 2913 3377 2974 ,δὲ
3400 2909 3497 2981 τὴν
3525 2906 3756 2976 κιϐωτὸν

525 3002 766 3058 uasorum
796 3005 849 3060 in
885 3004 1026 3061 bello
1062 3024 1076 3062 :
1113 3023 1304 3063 verum
1338 3009 1535 3066 melius
1563 3020 1666 3076 est,
1712 3018 1771 3064 ut
1819 3011 2092 3081 intelliga-

2198 3013 2372 3077 οὕτως
2414 3009 2722 3082 ὀνομάζειν,
2755 3010 2832 3075 ὡς
2856 3007 3197 3082 ρωννύουσαν
3229 3004 3428 3067 αὐτοὺς
3472 2999 3601 3072 ἄχρι
3632 2997 3754 3051 τότε

506 3110 651 3176 _mus
705 3096 878 3166 ipsam
931 3113 1113 3153 arcam
1171 3099 1247 3155 ita
1320 3102 1581 3172 appellari
1621 3120 1634 3157 :
1671 3103 1796 3173 quia
1853 3117 2093 3174 eousque

2198 3106 2294 3161 καὶ
2325 3105 2652 3176 κοσμοῦσαν.

529 3187 674 3243 vires
716 3202 782 3241 ac
806 3187 975 3244 robur
1028 3191 1230 3262 populo
1291 3192 1644 3263 prmstitcrat,
1705 3202 1867 3265 atque
1925 3209 2094 3250 orna-

528 3287 794 3335 mentum.
1255 3329 1259 3333 .

604 3370 888 3427 νεικείϐτὶ.
922 3371 993 3428 Et
1020 3373 1278 3429 conclusit
1316 3375 1373 3429 in
1409 3357 1872 3446 gladio‘populum
1913 3394 2094 3444 suam,

531 3473 579 3516 et
607 3462 963 3519 luereditatem
1013 3483 1165 3520 suam
1203 3466 1459 3537 despexit.
1513 3467 1729 3540 Moyses
1758 3469 1958 3540 quippe
2002 3471 2094 3526 Dei

530 3555 902 3611 hmreditatem
927 3572 1021 3613 eos
1046 3557 1359 3630 appellavit,
1381 3559 1537 3628 quasi
1571 3560 1674 3615 soli
1709 3558 1818 3615 Deo
1838 3561 2048 3615 dicatos
2074 3577 2088 3614 :

528 3645 703 3700 Facta
730 3656 810 3702 est
832 3647 1001 3715 enim,
1036 3648 1234 3720 inquit,
1290 3665 1418 3718 pars
1450 3648 1658 3703 Domini
1696 3656 1919 3718 populus
1957 3649 2093 3720 ejus,

525 3739 712 3804 Iacob,
762 3741 1033 3810 funiculus
1073 3741 1395 3796 hereditatis
1424 3741 1559 3812 ejus,
1591 3740 1766 3796 Israel
1784 3741 1850 3796 ⁷⁸.

599 3925 766 3981 Vens.
802 3925 892 3981 65.
925 3923 1149 3982 Iuvenes
1167 3942 1348 3981 eorum
1377 3928 1606 3983 comedit
1640 3929 1799 4000 ignis,
1828 3937 1877 3983 et
1923 3930 2054 4000 virgi
2077 3960 2094 3969 -
2124 3915 2126 3917 ’

528 4036 618 4074 nes
647 4035 825 4074 eorum
849 4037 954 4074 non
989 4029 1112 4074 sunt
1148 4021 1476 4076 lamentata.
1523 4020 1648 4077 Haec
1690 4030 1870 4077 autem
1907 4024 1961 4077 in
2007 4022 2096 4076 hi-

529 4113 696 4168 storia
733 4113 1052 4168 nominatim
1086 4114 1287 4184 scripta
1313 4128 1422 4168 non
1463 4123 1618 4179 Sunt,
1655 4129 1843 4169 verum
1873 4130 1938 4170 ex
1965 4128 2094 4185 quo,

532 4215 582 4260 et
605 4204 880 4270 civitates,
911 4213 966 4261 et
996 4205 1193 4262 domus
1225 4220 1417 4260 eorum
1466 4213 1689 4261 vastata
1723 4215 1874 4270 sunt,
1903 4207 2097 4262 verisi-

529 4296 661 4350 mile
679 4304 784 4363 est,
809 4303 940 4351 utet
972 4297 1370 4352 adolescentuli
1392 4298 1484 4366 qui
1505 4297 1747 4353 nondum
1768 4297 2093 4360 militabant,

2263 3373 2371 3429 Kal
2401 3370 2809 3428 συνέκλεισαν
2819 3372 2905 3437 είς
2921 3369 3223 3439 ῥομφαίαν
3249 3365 3354 3420 τὸν
3377 3365 3532 3420 λαὸν
3547 3361 3752 3424 αὑτοῦ,

2194 3469 2295 3524 καὶ
2325 3467 2440 3536 τὴν
2473 3465 2881 3537 κληρονομίαν
2908 3463 3094 3519 αὐτοῦ
3122 3458 3414 3529 ὑπερεῖδε.
3450 3457 3561 3511 Καὶ
3593 3459 3621 3510 ὁ
3660 3455 3755 3523 μέ-

2195 3577 2298 3629 γας
2325 3557 2568 3626 Μωῦσῆς
2619 3555 2986 3626 κληρονομίαν
3015 3552 3151 3606 Θεοῦ
3193 3549 3420 3609 τούτους
3447 3545 3752 3615 ὠνόμασεν,

2193 3653 2268 3716 ὡς
2300 3651 2446 3722 μόνῳ
2471 3649 2589 3719 Θεῷ
2631 3646 3047 3716 ἀνακειμένους.
3098 3642 3386 3714 Ἐγενήθη
3419 3641 3550 3713 γὰρ,
3604 3641 3755 3712 φησι,

2189 3741 2361 3811 μερίς
2407 3739 2652 3807 Κυρίου,
2712 3737 2861 3804 λαὸς
2906 3735 3092 3790 αὐτοῦ
3147 3732 3375 3800 Ἰακὼϐ,
3431 3733 3762 3803 σχοίνισμα

2196 3833 2600 3901 κληρονομίας
2637 3831 2824 3886 αὐτοῦ
2854 3827 3125 3896 Ἰσραήλ.
3613 3820 3622 3825 ’

2269 3927 2413 3993 Τοὺς
2452 3927 2811 3990 νεανίσκους
2843 3923 3041 3979 αὐτῶν
3066 3919 3360 3992 κατέφαγε
3396 3918 3535 3989 πῦρ,
3558 3917 3652 3972 καί
3703 3917 3762 3970 al

2197 4020 2480 4091 παρθένοι
2517 4018 2718 4073 αὐτῶν
2765 4018 2876 4073 οὐκ
2917 4015 3368 4082 ἐπενθήθησαν.
3393 4013 3527 4081 Περὶ
3558 4011 3761 4065 τούτων

2199 4114 2377 4186 ῥητῶς
2411 4113 2509 4184 μὲν
2535 4111 2634 4182 οὐχ
2658 4112 2937 4182 ἱστόρηται
2958 4125 2972 4140 ⁶
3013 4108 3418 4179 πιμπραμένων
3449 4107 3506 4161 δὲ
3534 4104 3644 4160 τῶν
3665 4103 3763 4158 πό·

2196 4207 2333 4262 λεων
2354 4206 2458 4262 καὶ
2485 4207 2592 4259 τῶν
2619 4206 2826 4270 οἰκιῶν,
2860 4204 3006 4267 εῑκδς
3032 4201 3486 4272 ἐναπολειφθῆναι
3535 4201 3764 4264 ταύταις

2199 4301 2533 4365 νεανίσκους,
2569 4297 2722 4352 οὔπω
2752 4297 3277 4367 στρατευσαμένους,
3309 4298 3404 4350 καὶ
3433 4293 3766 4365 συνδιαφθα-

533 4403 642 4442 una
668 4403 791 4442 cum
825 4387 1079 4446 domibus
1118 4390 1294 4444 exusti
1344 4389 1570 4459 fuerint,
1639 4399 1692 4444 et
1750 4387 1894 4460 quod
1933 4390 2093 4459 virgi-

2202 4392 2367 4464 ρῆναι
2387 4406 2400 4420 ⁸
2431 4390 2523 4443 καὶ
2547 4389 2606 4442 αἱ
2634 4387 2895 4459 παρθένοι
2921 4386 2977 4440 δὲ
3008 4377 3209 4452 αὐτῶν,
3243 4388 3323 4450 είς
3351 4386 3595 4442 δουλείαν
3621 4389 3766 4441 ἀπα-

532 4496 630 4536 nes
665 4494 856 4536 eorum
888 4480 945 4535 in
995 4481 1368 4552 captivitatem
1419 4481 1595 4537 ductae
1642 4497 1750 4536 non
1810 4482 2093 4536 habuerint

2206 4481 2439 4551 χθείσαι,
2486 4469 2586 4533 οὒκ
2631 4478 2789 4549 ἔσχον
2837 4478 3012 4532 ὀπίσω
3039 4478 3166 4540 τοὺς
3196 4476 3527 4542 πενθοῦντας
3571 4480 3763 4543 αύτάς,

532 4573 769 4642 aliquos,
829 4572 922 4643 qui
975 4586 1164 4628 earum
1214 4572 1580 4628 calamitatem
1626 4583 1720 4626 aut
1753 4580 1986 4626 mortem
2012 4573 2099 4626 Iu-

2204 4567 2291 4626 οἷα
2318 4573 2413 4626 καὶ
2442 4559 2694 4641 πατέρων
2719 4570 2814 4625 καὶ
2868 4570 3119 4641 μητέρων
3164 4569 3261 4622 καὶ
3292 4571 3574 4639 συγγενῶν
3594 4587 3609 4603 ο
3655 4571 3763 4626 τῶν

534 4676 725 4734 gerent
762 4684 777 4721 :
817 4681 940 4722 cum
997 4675 1251 4737 parentes
1313 4675 1367 4744 et
1421 4667 1638 4738 cognati
1687 4681 1880 4722 omnes
1927 4665 2093 4721 occisi

2209 4665 2306 4736 μὲν
2333 4664 2715 4738 ἀνῃρημένων,
2740 4663 2848 4716 τῶν
2878 4661 2936 4715 δὲ
2961 4661 3552 4734 ὲξηνδραπσδισμένων.

536 4767 742 4825 essent,
775 4768 869 4814 aut
903 4759 1105 4830 pariter
1133 4759 1185 4814 in
1220 4759 1591 4829 captivitatem
1622 4759 1752 4814 acti.

610 4850 776 4906 Vens.
823 4852 910 4907 6L
953 4850 1264 4908 Sacerdotes
1291 4867 1470 4906 eorum
1500 4851 1555 4904 in
1582 4849 2100 4921 gladiovceciderunt.

2276 4852 2342 4904 Ol
2377 4847 2551 4917 ἱερεῖς
2578 4846 2776 4902 αὐτῶν
2804 4846 2873 4900 ἐν
2887 4845 3152 4916 ῥομφαίᾳ
3180 4845 3426 4901 ἔπεσον.
3463 4846 3652 4919 ὀρφνὶ
3671 4853 3762 4903 καὶ

540 4943 748 5014 Orphni
796 4943 940 4999 enim
987 4953 1042 4997 et
1077 4941 1312 4998 Phinees
1359 4941 1456 4996 ﬁlii
1500 4939 1644 5007 lleli,
1690 4940 1783 5009 qui
1834 4955 1939 4995 una
1979 4955 2093 4995 cum

2200 4943 2406 5006 Φινεὲς,
2454 4942 2560 4994 υἱοὶ
2623 4925 2795 5007 'Hlei,
2850 4941 2902 4994 oi
2945 4928 3356 5007 συνεξελθόντες
3402 4941 3469 5013 τῇ
3518 4941 3756 5012 κιϐωτῷ.

483 5113 488 5116 .
541 5053 667 5092 arca
728 5037 945 5094 Domini
1005 5036 1288 5102 exierant,
1353 5037 1423 5092 ab
1484 5034 1733 5090 hostibus
1795 5032 2093 5100 interempti

2200 5037 2338 5107 ὁμοῦ
2372 5033 2752 5108 ἀνῃρέθησαν.-

617 5223 686 5278 Ει
732 5226 902 5282 vidua
929 5241 1109 5280 eorum
1148 5240 1250 5279 non
1298 5222 1673 5289 plorabuntur.
1720 5221 1960 5290 Tempus
2000 5220 2107 5273 im.

2274 5217 2380 5273 Kal
2429 5213 2493 5272 ‘al
2551 5215 2728 5287 χῆραι
2779 5211 2970 5270 αὐτῶν
2999 5217 3071 5271 οὐ
3121 5214 3588 5286 mortem“.
3637 5189 3754 5268 Ὀὐκ

547 5317 797 5379 mutavit,
830 5332 927 5386 pro
959 5317 1180 5384 plorata:
1224 5331 1326 5369 non
1378 5299 1521 5369 sunt.
1561 5312 1692 5368 Nam
1723 5322 1778 5364 et
1824 5313 1954 5382 ipsa:
1997 5324 2093 5365 una

2203 5310 2473 5381 ὲπενθήθη
2484 5328 2582 5364 σαν
2603 5327 2616 5340 ·
2647 5309 2958 5380 ἀντιχρονία
2982 5309 3092 5383 γὰρ
3113 5308 3392 5365 κάνταῦθα
3411 5321 3426 5334 ·
3454 5303 3756 5379 ἀναιρεθεῖ-

590 5498 635 5532 ¹⁵
668 5496 803 5554 Ibid.
845 5496 929 5550 Η.

1815 5587 2006 5648 Variae
2035 5587 2363 5650 lectiones.

620 5698 734 5772 (89)
749 5693 1079 5753 Subauditur
1104 5679 1347 5765 ι’ραφῆς,
1373 5701 1426 5747 ιιι
1450 5706 1589 5763 saepe
1626 5689 1778 5745 alias.
