4112 6322
241 421 362 486 895
839 479 848 485 .

732 526 976 594 Ψαλμὸς
1005 526 1085 592 τῷ
1099 526 1312 598 Ἀσάφ.

800 617 1092 672 ΨΔΛΜΟΣ
1121 621 1250 673 OH'.

317 708 450 776 Περῖ
487 707 579 762 τοῦ
634 708 805 778 Ἀσὰφ
849 709 1078 780 εἴρηται.
1133 709 1193 762 ὐ
1241 710 1298 763 δὲ
1349 709 1538 779 παρὼν
1581 710 1793 780 ψαλμὸς

231 801 345 868 τὴν
382 799 652 869 Ἀντιόχου
689 799 784 852 τοῦ
828 799 1154 865 Ἐπιφανοῦς
1202 800 1340 852 κατά
1373 801 1480 852 τῶν
1524 800 1794 854 Ἰουδαίων

234 892 508 961 ἀπήνειαν
566 891 970 959 προαναφωνεῖ·
1005 889 1395 958 σχηματισθεὶς
1445 891 1527 952 είς
1578 891 1793 959 πρόσω-

235 997 350 1034 πον
387 982 494 1033 τῶν
523 983 579 1033 ὲν
614 981 793 1042 αὐτοῖς
827 981 946 1033 τότε
977 980 1425 1051 Θεοσεσεστέρων.
1723 1001 1729 1006 ‘

326 1162 391 1214 '0
432 1161 592 1225 Θεὸς,
625 1160 898 1227 ἤλθοσαν
934 1160 1076 1226 ἔθνη
1108 1163 1193 1226 εἰς
1233 1161 1346 1228 τὴν
1389 1161 1793 1229 κληρονομίαν

231 1265 382 1302 σου.
468 1250 599 1316 Περὶ
664 1249 764 1317 τῆς
850 1249 1212 1319 κληρονομίας
1308 1251 1631 1320 προείρηται
1737 1254 1793 1303 ἐν

233 1341 326 1409 τῷ
356 1337 463 1407 πρὸ
516 1336 702 1389 τούτου
735 1337 953 1406 ψαλμῷ.
989 1337 1155 1406 Ἔονη
1205 1338 1258 1388 δὲ
1290 1337 1437 1403 λέγει
1496 1335 1692 1398 αὐτούς
1735 1353 1795 1388 τε

236 1433 376 1491 τοὺς
413 1427 742 1490 Μακεδόνας,
796 1428 977 1480 καὶτὰ
1013 1427 1213 1480 τούτων
1241 1429 1587 1496 συμμαχικὰ.
1619 1427 1688 1478 Τὸ
1718 1427 1793 1489 δὲ,

252 1521 330 1573 '0
355 1522 514 1585 Θεὸς,
542 1521 797 1589 κλητικὸν
826 1521 996 1573 ἔστιν.

333 1612 614 1678 Ἐμίαναν
636 1613 741 1664 τὸν
757 1611 908 1663 ναὸν
925 1610 1032 1662 τὸν
1055 1610 1225 1678 ἅγιόν
1257 1627 1395 1664 σου.
1429 1610 1560 1662 {lost
1589 1611 1800 1680 μιαροῖς

236 1700 436 1752 τοῦτον
473 1702 836 1768 πατήσαντες,
859 1702 957 1754 καὶ
985 1702 1198 1771 χοίρους
1227 1703 1342 1754 ἐκεῖ
1374 1699 1796 1763 καταθύσαντες,

238 1792 347 1843 καὶ
375 1791 563 1844 εἴδωλα
585 1793 680 1844 καὶ
710 1792 1049 1863 βδελύγματα
1074 1794 1480 1860 εἰσαγαγόντες,
1509 1791 1603 1844 καὶ
1628 1791 1799 1853 ἄλλως

239 1884 627 1946 κοινώσαντες.

326 1977 567 2029 Ἐθεντο
611 1974 1025 2042 Ἰερουσαλὴμ,
1061 1974 1139 2036 ὡς
1177 1974 1688 2042 ὀπωροφυλάκιον.
1721 1977 1794 2028 Τὸ

235 2065 698 2137 ὀπωροφυλάκιόν
724 2068 838 2116 ἐστι
870 2065 1080 2132 καλύὸη
1104 2066 1160 2115 ὲν
1265 2066 1434 2133 μένων
1460 2083 1562 2128 τις,
1589 2066 1798 2133 φυλάσ-

240 2171 346 2206 σει
362 2155 455 2216 τὰς
474 2154 824 2221 ἀκμαζούσας
847 2151 1087 2221 ὀπώρας.
1109 2153 1326 2204 Ἐθεντο
1347 2154 1540 2220 αὖτὴνὲ
1572 2155 1797 2222 ρείπιον,

235 2244 439 2312 σχῆμα
477 2243 636 2312 μόνον
669 2243 869 2304 πόλεως
897 2241 1143 2312 ἔχουσαν,
1175 2243 1248 2305 ὡς
1283 2245 1375 2296 καὶ
1404 2244 1463 2296 τὸ
1507 2245 1792 2315 ὀπωροφυο

235 2331 442 2386 λὰκιον
470 2332 672 2395 οἰκίας.

1397 421 1776 482 COMMENT.
1819 419 1900 479 IN
1926 419 2294 483 PSALMOS.

1820 530 1872 587 Δ

3338 409 3444 474 8⁵26

2368 524 2614 579 Psahnus
2645 522 2749 591 ipsi
2794 518 2989 586 Asaph.

2343 599 2663 668 PSALMUS
2694 607 2974 663 Lxxvut.

1965 711 2039 766 De
2062 709 2243 779 Asaph
2273 706 2532 776 superius
2565 703 2768 757 dictum
2825 705 2930 753 est.
2987 694 3046 750 In
3107 695 3209 750 huc
3266 704 3445 748 autem

1893 799 2103 868 psalmo
2130 796 2334 852 saevitia
2389 793 2705 863 praedic-itur
2740 787 3017 851 Antiochi,
3047 785 3138 852 qui
3187 785 3448 840 adversus

1892 889 2199 945 Iudaeorum
2217 893 2430 957 gentem
2465 881 2869 938 immitissimus
2904 877 3028 932 fuit.
3053 874 3246 929 Ell'erri
3266 884 3445 927 autem

1894 981 2093 1034 dicitur
2122 994 2186 1032 ex
2220 991 2407 1030 eorum
2443 986 2678 1043 persona
2708 971 2800 1038 qui
2826 970 2879 1021 in
2904 965 3211 1021 Judteorum
3246 964 3447 1033 populo

1895 1068 2069 1136 magis
2097 1066 2168 1134 pii
2197 1072 2352 1120 erant
2381 1073 2435 1136 et
2466 1061 2634 1129 magis
2663 1058 2930 1127 religiosi.

1965 1159 2130 1212 Vsus.
2197 1157 2245 1210 l.
2288 1155 2449 1217 Deus,
2486 1161 2729 1206 venerunt
2793 1159 2964 1222 gentes
3010 1149 3061 1200 in
3096 1145 3450 1199 [nereditatem

1897 1246 2164 1301 (uanthe
2193 1246 2529 1306 haereditate,
2566 1243 2619 1294 in
2647 1240 2913 1308 superiori
2954 1238 3164 1306 psalmo
3186 1236 3448 1288 diximus.

1900 1341 2002 1394 Per
2065 1345 2256 1408 gentos
2313 1345 2514 1398 autem,
2595 1333 2746 1400 ipsos
2819 1327 3163 1386 Macedones,
3221 1332 3274 1377 ct
3322 1323 3449 1374 illo-

1899 1444 2014 1482 rum
2067 1428 2346 1494 adjutores
2400 1422 2668 1490 intelligit.
2701 1419 2891 1472 .Dictio
2944 1431 3094 1477 vero,
3141 1413 3298 1476 heus,
3350 1426 3486 1468 vo-,

1898 1521 2072 1574 cautis
2090 1529 2193 1572 est.

1909 1603 1926 1610 ’
1974 1607 2289 1662 Polluerunt
2322 1605 2566 1668 templum
2595 1612 2837 1655 sanctum
2888 1608 3061 1650 tuum.
3097 1596 3162 1648 Et
3211 1593 3453 1662 profanis

1903 1699 2033 1753 illud
2072 1698 2301 1768 pedibus
2347 1697 2644 1758 calcantes,
2686 1703 2739 1746 et
2775 1705 2971 1760 porcos
3025 1685 3224 1740 ibidem
3260 1686 3455 1762 immo.

1904 1791 2099 1852 lantes,
2126 1799 2181 1843 et
2213 1789 2351 1842 idola
2383 1787 2516 1840 illuc
2543 1759 2977 1845 introducentes,
3026 1786 3079 1833 et
3112 1775 3277 1829 variis
3321 1759 3454 1827 illud

1825 1886 1867 1939 Β
1899 1882 2074 1936 modis
2105 1881 2398 1934 fmdantes.

1969 1972 2130 2026 Vsus.
2171 1973 2225 2026 Ξ.
2255 1971 2550 2025 Posuerunt
2581 1966 2898 2031 Jerusalem,
2947 1972 3002 2015 ut
3056 1975 3328 2031 pomorum
3363 1973 3458 2011 cu-

1898 2065 2145 2118 stodiam.
2171 2061 2274 2117 Per
2305 2077 2586 2131 pomorum
2617 2059 2941 2118 custodiam,
2978 2054 3256 2122 tugurium
3284 2052 3458 2120 quod-

1902 2158 2046 2226 piam
2077 2155 2353 2222 intelligit,
2393 2156 2444 2208 in
2479 2158 2584 2223 q'uo
2612 2151 2841 2220 pomarii
2869 2157 3057 2202 custos
3089 2152 3459 2198 maturescen-

1901 2254 1983 2299 tes
2019 2246 2158 2300 solet
2193 2245 2401 2298 fructus
2453 2257 2484 2294 a
2530 2241 2740 2316 furilms
2797 2239 3105 2293 observare.
3161 2235 3460 2286 Posuerunt

1903 2335 2102 2388 etenim
2141 2336 2314 2404 ipsam
2350 2333 2676 2396 Jerusalem,
2709 2330 2874 2386 veluti
2936 2328 3147 2381 ruinam
3173 2322 3460 2393 quamdam

234 2439 306 2485 et
356 2429 571 2493 rudera,
628 2429 860 2483 civitatis
920 2436 1126 2482 tantum
1195 2428 1418 2496 ﬁguram
1476 2427 1788 2492 habentem,
1831 2415 2084 2484 exteriori
2137 2429 2368 2497 quadam
2401 2427 2602 2497 specie,
2635 2435 2816 2482 etnon
2856 2440 2913 2479 re
2979 2423 3135 2490 ipsa:
3198 2414 3462 2488 quemad'

240 2523 516 2594 modum,
540 2531 593 2578 et
623 2518 896 2594 tugurium
920 2523 1072 2586 illud,
1121 2525 1263 2592 quod
1321 2523 1493 2577 (ἓνκοί
1530 2525 1688 2578 unica
1715 2524 1953 2577 dictione
1986 2523 2432 2593 ὀπωροφυλάκιον
2455 2521 2640 2576 dicunt
2707 2519 2782 2588 (ct
2837 2532 2938 2572 nos
3001 2514 3204 2567 Latina.-
3263 2511 3460 2577 linguae

242 2612 461 2678 inopia,
546 2625 830 2679 pomorum
887 2609 1192 2664 custodiam
1251 2610 1606 2679 appellamus,
1689 2610 1885 2664 domus
1924 2610 2143 2678 quidem
2189 2611 2423 2678 speciem
2479 2605 2779 2678 praesel'ert,
2841 2602 3054 2656 tametsi
3111 2593 3238 2654 vere
3272 2597 3460 2650 domus

244 2719 368 2758 non
413 2710 517 2766 est,
573 2701 665 2756 sed
735 2701 942 2770 casula,
990 2712 1042 2757 et
1087 2703 1439 2773 tuguriolum,
1480 2718 1548 2758 ex
1602 2706 1792 2775 paucis
1831 2704 2150 2775 quibusdam
2197 2703 2469 2772 lapidibus
2555 2700 2908 2754 tumultuario
2971 2710 3133 2766 opere
3214 2700 3464 2748 constru-

245 2795 452 2861 ctum).

273 2941 276 2944 .
337 2888 577 2940 Ἔθεντο
613 2885 684 2939 τὰ
731 2886 1051 2955 θνησιμαῖα
1086 2885 1200 2940 τῶν
1224 2888 1457 2942 δούλων
1488 2906 1602 2944 σου
1647 2889 1806 2957 ,ϐρώ-

250 2989 419 3044 para
465 2974 589 3037 τοῖς
641 2974 931 3039 πετεινοῖς
965 2974 1068 3027 τοῦ
1116 2977 1393 3041 οὐρανοῦ.
1430 2978 1536 3039 τὰς
1577 2978 1810 3044 σάρκας

253 3060 383 3112 τῶν
415 3061 596 3113 ὁσίων
618 3076 734 3114 σου
773 3061 894 3126 τοῖς
941 3062 1165 3128 θηρίοις
1201 3063 1310 3129 τῆς
1348 3065 1476 3132 γῆς.
1510 3065 1812 3134 Θνησιμαῖα

255 3151 337 3202 τὰ
368 3149 664 3218 τεθνηκότα
696 3149 938 3218 σώματα.
988 3150 1214 3212 Δούλους
1259 3151 1312 3203 δὲ
1343 3152 1476 3204 Θεοῦ
1508 3155 1600 3206 καὶ
1635 3156 1814 3217 ὁσίους

1982 2885 2279 2940 Posuerunt
2311 2879 2589 2934 morticina
2632 2890 2897 2930 terrorum
2939 2888 3156 2927 suorum
3186 2887 3333 2925 escas
3375 2886 3464 2923 vo-

1914 2962 2141 3031 lucribus
2165 2973 2300 3033 caeli,
2336 2985 2518 3024 carnes
2543 2959 2845 3021 sanctorum
2881 2975 3084 3017 tuorum
3120 2963 3248 3027 {eris
3289 2971 3458 3014 terra.

1914 3066 2018 3120 Per
2067 3061 2374 3123 morticina,
2413 3068 2625 3111 mortua
2659 3056 2892 3123 appellat
2927 3066 3179 3120 corpora,
3225 3051 3324 3103 hoc
3355 3057 3459 3110 cst,

1918 3158 2033 3225 ipsa
2066 3152 2368 3207 cadavera:
2423 3164 2520 3218 per
2563 3161 2749 3225 servos
2797 3159 2944 3209 vero,
2995 3157 3056 3196 ac
3090 3151 3309 3197 sanctos
3346 3138 3461 3200 Dei,

256 3245 392 3304 τοὺς
436 3242 818 3312 ἀναιρεθέντας
858 3241 1134 3312 ὀνομάζει,
1184 3243 1256 3305 ὡς
1296 3243 1680 3314 ἀφορισθέντος
1700 3247 1812 3315 Θεῷ

1919 3222 2017 3302 eos
2048 3245 2322 3314 intelligit,
2361 3243 2452 3313 qui
2491 3257 2555 3296 ex
2602 3222 2908 3294 Judaeorum
2943 3242 3100 3306 gente
3130 3233 3295 3288 occisi
3343 3230 3463 3285 lue-

259 3334 434 3421 στάὶαι
465 3334 620 3421 μίόνου
650 3332 742 3384 τοῦ
777 3334 967 3400 γένους
1002 3333 1217 3386 αὐτῶν·
1253 3335 1351 3404 τὴν
1377 3335 1508 3404 -γὰρ
1545 3353 1813 3406 προσηγο-

264 3417 405 3492 ρίαν
454 3417 705 3492 εἶχον,ἐί
753 3422 846 3474 καὶ
890 3423 985 3492 τὴν
1046 3425 1240 3492 πρᾶξιν
1290 3425 1456 3492 αὐτῆς
1496 3428 1594 3478 οὐκ
1634 3423 1815 3496 εἷχονο

261 3511 412 3564 οὕτω
446 3515 553 3580 γὰρ
592 3513 680 3563 καὶ
725 3516 1006 3580 προφήτας
1039 3515 1166 3576 τοὺς
1206 3514 1648 3586 ψευδοπροφήτας
1686 3519 1817 3571 ἑκά-

262 3602 416 3656 low.
441 3602 547 3652 Καὶ
590 3601 618 3652 ὁ
671 3601 987 3664 ’Δπόστολος
1019 3603 1169 3668 λέγει
1199 3604 1384 3670 ἁγίους
1437 3606 1561 3667 τοὺς
1590 3606 1655 3658 δι’
1691 3606 1819 3657 ἀσέ-

267 3691 430 3743 ϐειαν
461 3689 967 3759 ἀποκεκλασμένους
1021 3692 1268 3755 κλάδους,
1333 3693 1468 3745 διότι
1502 3693 1655 3763 ῥίζης
1681 3692 1820 3762 ἦσαν

274 3777 437 3848 ἁγίας
463 3798 479 3812 ο
513 3780 688 3842 ἄλλως
721 3796 778 3832 τε
805 3780 861 3832 δὲ
900 3781 948 3832 οἱ
995 3780 1341 3834 Μακκαόαἰοι
1367 3784 1461 3834 καὶ
1500 3783 1650 3836 ἄλλοι
1683 3783 1822 3844 τινὲς

268 3873 380 3925 τῶν
448 3871 687 3936 δικαίων,
754 3870 1197 3943 συνανῃρέθτισαν
1248 3873 1465 3933 αὐτοῖς’
1545 3874 1682 3942 ὅπερ
1764 3876 1822 3925 ἐν

273 3961 509 4016 ἁλώσεαι
559 3961 766 4014 πόλεων
815 3962 1020 4027 γίνεται
1076 3963 1351 4025 πολλάκις.
1391 3965 1526 4032 Φησὶ
1578 3964 1686 4033 γὰρ
1735 3965 1823 4015 διᾶ

273 4049 369 4104 τοῦ
401 4051 832 4130 Ἐζεριιὴλὸθεός
855 4067 870 4082 '
901 4050 1050 4127 Ἰδοίζ
1073 4052 1185 4120 ἐγὼ
1215 4051 1359 4119 πρὸς
1383 4053 1458 4107 σὲ
1482 4093 1496 4116 ,
1522 4057 1618 4107 καὶ
1653 4055 1825 4107 ἐκπει-

274 4141 437 4196 τάσω
463 4143 526 4195 τὸ
557 4141 905 4212 ἐγχειριδιόν
929 4159 1045 4211 μου
1065 4144 1130 4196 ἐκ
1154 4144 1257 4196 τοῦ
1286 4144 1496 4197 κολεοῦ
1509 4145 1710 4203 αὑτοῦ,
1729 4144 1827 4197 καὶ

276 4233 516 4300 ἐκκόψω
561 4233 629 4285 ἐκ
665 4232 780 4286 σοῦ
809 4233 1036 4285 δίκαιον
1064 4234 1162 4286 καὶ
1205 4233 1414 4301 ἀσεϐῆ.
1468 4236 1576 4286 Καὶ
1637 4234 1821 4295 αὖθις·

279 4320 437 4374 Ἰδοὺ
460 4320 573 4389 ἐγὼ
614 4321 854 4404 ὁνᾴπτω
896 4322 966 4373 ἐν
998 4322 1093 4375 σοι
1126 4307 1262 4389 πῦρ,
1292 4322 1391 4374 καὶ
1439 4323 1828 4391 καταφάγεται

279 4412 348 4487 ἐν
372 4411 469 4465 σοι
502 4408 623 4464 πᾶν
647 4410 835 4474 ξύλον
864 4411 1067 4479 ὑγρὸν,
1095 4413 1191 4465 καὶ
1239 4412 1359 4467 πᾶν
1383 4413 1591 4477 ’ξύλον
1621 4416 1824 4483 ξηρόν.

293 4501 505 4569 ’ΐγροῦ
533 4501 633 4570 μὲν
662 4501 754 4554 τοῦ
789 4501 996 4554 δικαίου
1026 4504 1314 4573 νοουμένου
1334 4547 1348 4567 ,
1377 4505 1465 4558 διὰ
1505 4506 1603 4575 τὴν
1633 4506 1830 4574 ἰκμάδα

1920 3349 2062 3393 rant.
2097 3337 2330 3392 Sanctos
2360 3335 2502 3389 enim
2537 3332 2767 3401 appellat
2794 3329 3033 3392 Iudaeos,
3061 3341 3126 3380 eo
3157 3328 3298 3394 quod
3328 3338 3462 3392 gens

1919 3432 2007 3484 illa
2036 3444 2145 3498 prae
2175 3427 2388 3482 caeteris
2411 3425 2662 3479 omnibus
2683 3423 2804 3498 .Deo
2829 3420 3008 3474 dicata
3039 3432 3101 3497 ac
3129 3413 3464 3470 sanctiﬁcata

1919 3495 2068 3587 erat;
2100 3530 2155 3575 et
2171 3532 2476 3588 quanquam
2503 3532 2532 3570 a
2568 3495 2922 3570 sanctiﬁcatis
2943 3495 3201 3580 operibus
3234 3507 3340 3574 iam
3374 3505 3464 3557 diu
3522 3566 3528 3573 ι

1925 3613 2284 3672 abstinerent,
2348 3607 2656 3663 sanctitatis
2721 3614 2898 3656 tamen
2962 3596 3459 3655 denominationem

1919 3702 2245 3758 retinebant.
2272 3699 2384 3754 Hoc
2405 3706 2561 3768 pacto
2590 3695 2868 3760 Scriptura
2890 3692 3018 3745 alibi
3039 3704 3156 3752 eos,
3183 3688 3272 3756 qui
3305 3699 3468 3754 pseu-

1922 3791 2270 3860 d0prophetaa
2302 3797 2482 3850 erant,
2517 3786 2807 3855 prophetas
2856 3781 3169 3851 appellavit,
3204 3785 3257 3833 et
3283 3779 3464 3845 Apos-
3495 3777 3509 3796 ‘

1922 3885 2064 3937 tolus
2087 3887 2306 3935 sanctos
2328 3878 2464 3933 dixit
2485 3890 2685 3937 ramos,
2724 3873 2818 3943 qui
2853 3873 2924 3926 ob
2951 3869 3276 3938 impietatem
3315 3873 3471 3920 erant

1923 3972 2187 4026 confracti
2213 3971 2278 4034 ",
2333 3971 2460 4037 quia
2495 3967 2752 4020 nimirum
2787 3978 2816 4016 a
2851 3971 3039 4017 sancta
3082 3966 3234 4012 erant
3265 3955 3466 4009 radice.

1925 4063 2060 4118 Illud
2093 4070 2352 4129 praterea
2374 4059 2479 4112 dici
2512 4061 2688 4126 potest
2724 4053 2866 4121 quod
2893 4048 3209 4110 Machabzei,
3240 4055 3294 4100 et
3316 4059 3470 4098 com-

1924 4153 2105 4220 plures
2135 4151 2226 4202 alii
2256 4149 2549 4218 iustorum,
2580 4158 2704 4196 cum
2735 4142 2815 4196 eis
2845 4148 2973 4192 tunc
3000 4135 3171 4191 occisi
3212 4142 3358 4195 sunt,
3408 4139 3470 4186 ut

1874 4291 1876 4293 ,
1902 4241 1981 4294 in
2005 4238 2286 4292 civitatum
2313 4231 2710 4302 direptionibus
2747 4227 2862 4280 ﬁeri
2893 4227 3054 4287 solet,
3084 4236 3222 4292 quos
3251 4228 3470 4273 sancto-

1927 4344 2046 4384 rum
2071 4327 2290 4381 nomine
2320 4323 2570 4393 appellat.
2595 4319 2848 4386 Legimus
2869 4316 3018 4371 ‘enim
3052 4313 3190 4382 apud
3220 4308 3474 4366 Ezechie-

1928 4421 2030 4473 lem
2061 4417 2264 4471 dictum
2291 4431 2355 4468 ex
2383 4425 2608 4481 persona
2643 4408 2853 4462 Domini
2882 4425 2896 4460 :
2941 4405 3071 4458 Ecce
3101 4419 3194 4472 ego
3219 4400 3287 4453 ad
3318 4408 3389 4462 te,
3415 4406 3466 4451 et

1927 4507 2202 4561 extendam
2252 4503 2542 4574 gladiolum
2585 4515 2754 4553 meum
2783 4512 2846 4550 ex
2876 4498 3063 4560 vagina
3093 4509 3212 4556 sua,
3258 4500 3305 4544 et
3323 4489 3473 4541 exci-

281 4592 381 4661 τῆς
422 4592 650 4661 ἀρετῆς’
684 4592 871 4678 ξηροῦ,
901 4578 958 4644 δὲ
1003 4594 1095 4646 τοῦ
1119 4596 1322 4662 ἀδίκου,
1361 4597 1448 4649 διὰ
1479 4597 1575 4667 τὴν
1612 4598 1812 4666 νέκρω-

1923 4599 2044 4648 dam
2070 4610 2132 4648 ex
2163 4605 2208 4646 te
2230 4593 2434 4661 justum
2485 4601 2533 4644 et
2567 4589 2822 4656 injustam
2849 4586 2916 4638 ⁸⁸.
2950 4583 3012 4638 Et
3037 4595 3288 4636 rursum:
3344 4578 3475 4631 Ecce

285 4699 389 4745 σιν,
433 4683 556 4767 ὅρον
590 4682 669 4744 εἰς
703 4677 962 4752 ἐργασίαν
977 4683 1198 4762 ἀρετῆς.

1919 4705 2009 4756 ego
2033 4686 2318 4740 accendoin
2342 4693 2388 4736 te
2410 4683 2666 4750 ignem,_et
2685 4675 2946 4736 devotabit
2966 4676 3018 4726 in
3043 4684 3090 4726 te
3105 4687 3251 4725 omne
3275 4670 3473 4738 lignum

285 4762 573 4840 huntid’um,
596 4784 644 4828 et
663 4792 811 4830 omne
832 4779 1029 4845 lignum
1061 4779 1268 4832 aridum
1293 4781 1359 4834 ⁸⁸.
1401 4781 1501 4836 Per
1536 4781 1804 4835 Itulnidum
1843 4783 2067 4843 etenim,
2099 4783 2302 4849 justum
2351 4775 2642 4846 quemlibet
2667 4770 2941 4838 intelligit,
2966 4769 3036 4821 ob
3105 4765 3323 4825 virtutis
3388 4762 3472 4814 ni-

289 4870 454 4924 mium
505 4870 828 4936 humorem;
875 4885 968 4939 per
1007 4873 1213 4926 aridum
1251 4890 1376 4929 vero
1407 4875 1694 4944 iniustum,
1757 4875 1828 4929 ob
1868 4873 2204 4928 sterilitatem
2277 4871 2423 4922 illam
2485 4865 2733 4920 videlicet
2761 4872 2924 4930 atque
2949 4857 3473 4913 infructuositatcm’

294 4981 451 5037 quam
485 4967 773 5056 ostendunt
802 4966 854 5021 in
881 4969 1137 5037 operibus
1166 4969 1450 5025 virtutum.

361 5058 643 5127 Ἐξέχεαν
707 5059 774 5113 τὸ
828 5056 970 5128 αἷμα
1008 5062 1202 5115 αὐτῶν
1237 5063 1380 5116 ὡσεί
1424 5065 1575 5130 ὕδωρ
1629 5067 1831 5127 κύκλῳ

308 5146 706 5214 Ἰερουσαλὴμ,
744 5149 839 5201 καὶ
873 5151 980 5203 οὐκ
1030 5146 1107 5220 ἦν
1132 5154 1164 5204 d
1194 5152 1448 5206 θάπτων.
1473 5154 1626 5208 Οὕτω
1677 5157 1832 5216 πολὺ,

303 5238 371 5298 ὡς
397 5237 548 5300 δίκην
582 5237 772 5301 ὕδατος
800 5239 1057 5308 φέρεσθαι
1095 5244 1404 5312 κρουνηδὸν,
1438 5245 1468 5313 ἦ
1507 5245 1705 5313 μᾶλλον
1735 5240 1862 5296 πο-χ

309 5329 561 5395 ταμηδόν.
634 5329 884 5399 Ἔξέχεαν
938 5329 993 5382 δὲ
1051 5331 1181 5383 αὐτὸ
1205 5333 1389 5401 κύκλῳ
1454 5332 1832 5402 Ἰερουσαλήμ·

1998 5052 2155 5108 Vsus.
2173 5051 2227 5105 5.
2268 5047 2582 5117 Effuderunt
2598 5029 2900 5116 sanguinem
2917 5056 3094 5096 eorum
3110 5039 3260 5108 quasi
3282 5053 3473 5106 aquam

1927 5150 1980 5201 in
2002 5143 2225 5209 circuitu
2246 5138 2561 5201 Jerusalem,
2590 5141 2760 5206 etznon
2783 5144 2894 5189 erat
2919 5134 3005 5203 qui
3029 5131 3281 5198 sepeliret.
3337 5128 3479 5182 Tan-

1937 5249 2044 5290 tum
2068 5272 2084 5298 ,
2111 5234 2310 5301 inquit,
2337 5229 2616 5298 sanguinis
2643 5226 2950 5280 cﬂ‘uderunt
2970 5265 2982 5287 ,
3019 5231 3075 5276 ut
3105 5220 3272 5273 instar
3301 5233 3473 5286 aqua,

1934 5343 1997 5381 ac
2025 5324 2210 5387 rivuli,
2266 5337 2359 5376 seu
2393 5321 2575 5390 potius
2606 5317 2841 5371 ﬂuminis
2873 5317 2925 5368 in
2957 5313 3172 5368 modum
3207 5312 3477 5364 dilabere-

304 5417 479 5485 κύκλῳ
507 5416 562 5470 δὲ
587 5415 681 5471 νῦν
714 5417 896 5480 ἁπλῶς
959 5417 1018 5471 τὸ
1053 5419 1322 5487 πανταχοῦ
1354 5420 1528 5488 δηλοῖο
1569 5421 1669 5472 οὐκ
1694 5401 1810 5487 ἦνδ

1935 5431 2041 5474 tur.
2074 5415 2389 5470 Elfuderuut
2423 5421 2601 5465 autem
2629 5410 2778 5463 illum
2812 5409 2863 5459 in
2893 5405 3125 5460 circuitu
3153 5401 3476 5464 Jerusalem,

304 5507 331 5557 ὁ
360 5506 593 5571 θάπτων,
629 5507 736 5560 τῶν
773 5508 870 5579 μὲν
911 5509 1236 5578 φευγόντων,
1276 5511 1380 5562 τῶν
1424 5509 1478 5562 δὲ
1507 5511 1841 5580 αίχμαλωτιυ

308 5596 525 5652 σῦέντων
541 5649 544 5652 .

1940 5523 2037 5576 pro
2071 5507 2264 5572 ubique
2314 5517 2407 5572 per
2455 5512 2618 5555 totam
2657 5498 2986 5562 Jerusalem;
3025 5503 3078 5550 et
3119 5508 3224 5546 non
3249 5501 3361 5545 erat
3384 5493 3476 5557 qui

1947 5596 2233 5664 sepeliret,
2270 5597 2387 5650 aliis
2411 5593 2663 5649 nimirum
2693 5587 3044 5660 fugientibus,
3078 5584 3274 5640 aliisin
3303 5580 3475 5650 capti-

1940 5689 2158 5740 vitatem
2205 5686 2354 5742 actis.

384 5794 440 5867 τ’,
467 5794 624 5851 Rom.
659 5789 804 5866 sl,l6
840 5811 990 5874 seqq.
1044 5866 1049 5870 _
1079 5795 1125 5830 '°
1150 5795 1349 5856 Ezccb.
1376 5759 1487 5864 sit,
1523 5799 1574 5855 5.
1660 5800 1700 5833 ³³
1729 5793 1928 5857 Ειρειι.
1957 5815 2046 5870 xx,
2086 5801 2173 5854 «Π.
