4112 6322
709 411 818 478 839

1909 412 2294 473 ΕΗΤΗΥΜΙΙ
2336 411 2694 472 ZiGAllENI

3819 402 3934 464 810

786 523 849 574 Et
883 538 1038 590 super
1069 523 1237 590 [ilium
1281 523 1528 588 hominis,
1565 539 1714 592 quem
1759 522 2017 576 roborasti
2064 525 2175 576 tibi.
2232 525 2266 576 A

2446 525 2550 577 Καὶ
2607 525 2704 576 ἐπὶ
2763 522 2895 576 υἱὸν
2927 521 3234 588 ἀνθρώπου
3268 520 3670 586 ἐκραταὶωσας
3711 515 3933 580 ἐαυτῷ.

715 615 989 667 communi
1021 629 1180 668 sensu
1223 615 1548 668 sumendum
1576 625 1660 668 est
1710 615 1930 668 verbum
1959 654 1975 678 ,
2028 614 2263 682 Respira.

716 703 818 756 Per
846 700 1044 754 Filium
1076 713 1256 757 autem
1283 705 1508 757 hominis
1538 745 1554 768 ,
1594 703 1763 758 Judaei
1815 705 2034 774 quidem
2088 719 2266 773 regem

717 794 1026 862 intelligunt
1055 792 1393 858 Zorobabel,
1424 793 1512 847 cui
1565 797 1728 849 rohur
1773 796 2068 864 praestitum
2114 805 2197 850 est
2243 810 2270 847 a

716 887 841 952 Deo,
873 888 1075 956 quique
1100 887 1245 954 apud
1272 902 1445 956 regem
1484 887 1698 941 Darium
1726 887 1864 941 duos
1922 887 2041 940 illos
2094 889 2275 940 a-lole-

711 989 925 1032 sccntcs
949 979 1258 1044 superavit,
1299 979 1500 1032 docens
1543 961 1688 1046 quod
1740 977 1998 1031 mulieres
2045 977 2172 1031 vino
2220 987 2275 1032 ct

716 1085 837 1137 rege
871 1071 1125 1122 fortiores
1154 1078 1358 1132 essent,
1385 1077 1440 1121 et
1466 1077 1645 1120 tamen
1678 1068 1820 1136 quod
1853 1068 2054 1122 veritas
2077 1070 2270 1122 omnia

715 1160 949 1211 vinceret
976 1174 991 1222 ;
1021 1159 1161 1212 unde
1188 1161 1441 1211 omnibus
1471 1158 1814 1212 admirationi
1841 1157 1958 1221 luit,
1979 1168 2031 1212 et
2049 1173 2276 1214 conces-

715 1265 832 1304 sum
853 1251 900 1303 ei
919 1260 1000 1304 est
1019 1263 1075 1304 ut
1091 1250 1405 1302 ascenderet
1426 1251 1477 1301 iu
1492 1248 1814 1312 Jerusalem,
1833 1257 1996 1316 tttqne
2017 1259 2270 1303 exustum

717 1341 1012 1408 templum.
1059 1349 1112 1394 et
1158 1341 1396 1394 dirutam
1449 1339 1720 1394 civitatem
1759 1340 2110 1394 instauraret.
2158 1337 2266 1393 Nos

717 1437 894 1482 autem
926 1443 1019 1496 per
1054 1427 1249 1480 Filium
1279 1428 1501 1480 hominis
1535 1465 1549 1489 ,
1579 1435 1916 1494 assumptum
1967 1441 1994 1478 a
2026 1423 2133 1477 Deo
2166 1426 2264 1478 ho-

713 1521 912 1571 minem
947 1518 1322 1587 intelligimus,
1344 1516 1618 1572 Christum
1654 1518 1909 1569 nimirum
1944 1515 2268 1584 :quiaDcus

715 1605 947 1662 Verbum
968 1647 984 1674 ,
1025 1607 1127 1662 sibi
1157 1608 1258 1676 ipsi
1285 1646 1302 1672 ,
1331 1609 1432 1661 hoc
1459 1616 1579 1670 est,
1613 1609 1665 1660 in
1701 1607 1900 1678 seipso
1933 1615 2269 1673 assumptum

716 1699 988 1754 hominem
1023 1699 1336 1762 roboravit,
1373 1699 1596 1752 tradens
1643 1709 1804 1764 atque
1861 1698 2178 1766 impertiens
2221 1697 2273 1750 ei

2387 617 2517 666 'Art?)
2552 615 2731 666 κοινοῦ
2766 614 2820 666 δὲ
2845 612 3101 676 ἐνταῦθα,
3138 611 3196 663 τὸ
3223 611 3587 678 Ἑπίϐλεψον
3627 609 3736 676 (94)
3764 627 3776 638 ·
3813 609 3937 660 υἱέν

2372 703 2774 775 δὲ’ἀνθρώπου
2838 705 3069 757 ἐνταῦθα
3111 703 3350 755 Ἰουδαῖοι
3386 702 3515 770 ’μὲν
3569 702 3784 769 λέγουσι
3839 700 3939 751 τὸν

2378 795 2683 866 Ζοροϐάϐελ
2713 812 2728 826 ·
2767 795 2825 857 ὃς
2855 792 3197 865 ἑκραταιώθη
3236 793 3338 844 ὑπὸ
3364 791 3522 856 Θεοῦ,
3552 793 3646 844 καὶ
3677 789 3826 858 παρὰ
3857 789 3940 858 τῷ

2383 885 2594 954 βασιλεί
2639 885 2849 954 Δαρείῳ
2928 883 3208 953 νενίκηκεν
3258 884 3382 942 τοὺς
3433 881 3526 934 δύο
3577 882 3938 939 νεανίσκους·

2374 977 2665 1043 ἀποδείξας
2693 979 2804 1048 (95)
2836 977 2919 1029 ὅτι
2952 977 3168 1028 πάντων
3204 973 3497 1043 κρατοῦσιν
3548 973 3604 1023 αἱ
3651 974 3936 1038 γυναῖκες,

2383 1066 2474 1118 καὶ
2533 1069 2565 1135 ἡ
2628 1067 2892 1136 ἀλήθειαο
2947 1066 3040 1118 καὶ
3090 1061 3503 1133 θαυμαστωθεὶς
3557 1061 3790 1128 ἀνῆλθε·
3836 1061 3942 1113 καὶ

2375 1154 2724 1223 ᾠκοδόμησεν
2748 1156 2838 1207 τὸν
2868 1152 3244 1224 ὲμπρισθέντα
3287 1151 3412 1202 ναὸν
3467 1152 3560 1202 καὶ
3591 1148 3692 1218 τὴν
3739 1146 3900 1198 πόλιν
3925 1161 3940 1175 ⁶

2379 1246 2539 1312 ἡμεῖς
2573 1246 2629 1298 δὲ
2680 1247 2860 1315 φαμὲν
2914 1247 3028 1297 υἱὸν
3076 1242 3364 1312 ἀνθρώπου
3391 1241 3481 1294 τὸν
3514 1238 3940 1309 προσληφθέντα

2375 1334 2684 1406 ἄνθρωπον,
2728 1336 2785 1388 Ὀ
2816 1337 2922 1406 γὰρ
2959 1335 3088 1398 Θεὸς
3122 1334 3292 1401 Λόγος
3334 1334 3706 1403 ὲκραταίωσεν
3735 1329 3944 1398 ἑαυτῷ,

2377 1427 2677 1490 τουζέστιν,
2729 1427 3062 1498 ἐφ’ῖαύτοῦ,
3115 1428 3228 1481 ἀπὸ
3278 1427 3378 1499 τῆς
3427 1425 3592 1477 αὑτοῦ
3653 1424 3947 1491 δυνάμεως

2384 1519 2648 1586 μεταδοὺς
2681 1517 2847 1589 αὐτῷ,
2885 1520 2976 1571 ιαί
3001 1517 3322 1587 δυναμὼσας
3359 1517 3500 1569 κατὰ
3521 1516 3616 1568 τοῦ
3648 1515 3941 1584 πολεμίου.

2383 1609 2525 1677 Πρὸς
2553 1611 2644 1661 τὸν
2677 1609 3050 1678 προσλαϐόντα
3077 1608 3185 1677 γὰρ
3221 1608 3314 1660 νῦν
3344 1609 3476 1678 εὐχὴ
3502 1605 3739 1674 περὶτοῦ
3763 1621 3944 1674 προσ-

2381 1699 2697 1769 ληφθέντος,
2731 1702 2818 1754 ἵνα
2852 1701 3044 1753 Θᾶττον
3068 1699 3230 1751 αὑτὸν
3258 1699 3563 1770 προσλάϐῃ.

712 1801 929 1842 omnem
956 1790 1208 1843 virtutem
1241 1805 1395 1844 suam
1424 1829 1441 1855 ,
1464 1801 1516 1843 et
1544 1800 1812 1857 potentem
1854 1804 1975 1842 eum
2007 1787 2267 1841 .ellicieus
2306 1790 2566 1844 adversus
2606 1792 2909 1847 inimicum.
2937 1791 3060 1845 Haec
3094 1801 3272 1845 autem
3305 1791 3466 1844 verba
3527 1790 3592 1842 ad
3651 1803 3946 1844 assumen-

714 1889 819 1932 tem
847 1880 1182 1934 divinitatem
1221 1880 1287 1934 de
1326 1891 1606 1948 assumpta
1658 1879 1989 1933 humanitate
2046 1895 2076 1933 a
2123 1879 2385 1947 Propheta
2418 1882 2558 1935 dicta
2581 1892 2728 1945 sunt,
2761 1885 2902 1937 utad
2923 1882 3183 1947 futuram,
3242 1894 3407 1953 atque
3474 1897 3505 1935 a
3571 1896 3630 1936 se
3694 1887 3942 1950 optatam

714 1969 802 2022 Dei
836 1972 1258 2026 incarnationem
1289 1988 1410 2026 eum
1445 1975 1616 2042 magis
1646 1974 1917 2026 incitaret.

785 2060 948 2114 Vnus.
980 2061 1064 2115 l7.
1107 2059 1326 2114 Incensa
1360 2063 1468 2130 igni
1489 2073 1535 2115 et
1563 2063 1812 2130 suffossa.
1839 2062 2266 2132 Subintelligitur

2447 2063 2964 2133 Ἐμπεπυρισμένη
2986 2063 3127 2132 πυρὶ
3157 2065 3251 2118 καὶ
3281 2060 3724 2130 ἀνεσκαμμένη.
3745 2061 3950 2114 Λείπει

715 2153 958 2215 verbum,
998 2163 1114 2216 est,
1153 2154 1234 2205 vel
1261 2154 1358 2220 fuit
1412 2153 1514 2220 (ut
1539 2153 1610 2205 sit
1651 2167 1846 2206 sensus
1881 2169 1893 2203 :
1950 2153 2116 2207 Vinea
2166 2155 2266 2209 luet

2379 2155 2462 2219 τὸ,
2494 2155 2686 2208 ἐστίν.
2743 2155 3048 2207 Λίνίττεται
3081 2155 3136 2205 δὲ
3169 2153 3258 2206 διὰ
3289 2153 3386 2221 τῆς
3422 2150 3666 2220 ἀμπέλου
3697 2149 3793 2218 τὴν
3833 2149 3950 2215 γῆν

717 2256 808 2296 tua
835 2245 942 2312 igni
983 2244 1086 2296 fuit
1121 2245 1360 2308 incensa,
1385 2255 1437 2297 ct
1463 2245 1696 2311 amplius
1721 2247 1880 2297 etiam
1905 2245 2153 2309 suffossa,
2179 2247 2266 2301 hoc

2376 2247 2568 2314 αὐτῆς,
2610 2246 2787 2298 εἴτουν
2817 2248 2914 2316 τὴν
2947 2247 3101 2298 πόλιν
3127 2244 3237 2297 τῶν
3285 2243 3698 2313 Ἰεροσολύιιιων⁹
3746 2242 3804 2293 οὖ
3841 2241 3949 2309 μό·-

713 2341 816 2394 cst,
852 2333 920 2384 ah
947 2333 1087 2401 ipsis
1108 2333 1381 2386 radicibus
1408 2348 1595 2386 eversa
1623 2335 1639 2400 )
1671 2349 1685 2397 ;
1720 2348 1811 2402 per
1840 2335 2053 2387 vineam
2087 2347 2266 2389 autem

2373 2355 2464 2390 νον
2517 2341 2624 2408 γὰρ
2655 2339 2822 2410 αὐτὴν
2855 2325 3208 2409 ἐνεπύρισαν,
3265 2337 3400 2389 ἀλλὰ
3454 2337 3549 2388 καὶ
3579 2334 3903 2403 ἀνέσκαψε-ιν
3931 2350 3946 2364 ·

717 2423 862 2476 illius
905 2424 1070 2476 vinea:
1104 2439 1291 2493 agrum
1319 2463 1333 2484 ,
1362 2425 1444 2475 vel
1473 2425 1644 2498 ipsam
1693 2425 1969 2478 civitatem
2027 2427 2266 2496 intelligit

2372 2431 2543 2483 ταῦτα
2573 2433 2628 2483 δὲ
2659 2434 2706 2483 oi
2745 2430 3073 2483 Βαϐυλώνιοι
3113 2429 3504 2496 πεποιήκασιν,
3534 2427 3609 2489 ὡς
3638 2428 3670 2497 ἡ
3704 2427 3947 2495 τετάρτη

713 2511 1038 2574 Jerusalem,
1073 2529 1233 2582 quam
1268 2530 1377 2568 non
1431 2523 1638 2567 tantum
1695 2516 1803 2585 igni
1865 2517 2266 2582 incenderunt,

2370 2521 2477 2573 τῶν
2514 2499 2810 2574 Βασιλειῶν
2852 2520 3031 2589 βίϐλος
3064 2522 3288 2588 ἱστορεῖ.

715 2604 808 2658 sed
841 2607 1000 2658 etiam
1033 2605 1394 2672 sull‘oderunt,
1427 2615 1640 2675 atquea
1689 2607 2058 2663 fundamentis
2110 2620 2441 2669 everterunt.
2475 2613 2597 2670 llaac
2637 2626 2816 2668 autem
2839 2614 3019 2667 omnia
3087 2627 3116 2665 a
3182 2610 3495 2680 Babyloniis
3554 2618 3703 2679 gesta
3736 2604 3738 2606 ’
3785 2617 3944 2671 sunt_

715 2691 1164 2761 quemadmodum
1189 2693 1243 2745 in
1280 2692 1482 2762 Regum
1509 2695 1662 2749 libris
1690 2697 1943 2750 traditur.

797 2783 866 2836 Ab
905 2784 1255 2850 increpatione
1285 2785 1453 2836 vultus
1493 2788 1566 2836 tui
1595 2786 1858 2852 peribunt.
1884 2785 1986 2841 Per
2035 2789 2274 2858 increpa-

716 2874 912 2927 tionem
948 2875 1046 2925 hoc
1078 2877 1196 2924 loco
1223 2872 1459 2926 divinant
1513 2875 1648 2928 iram
1697 2876 1963 2945 intelligit.
2003 2877 2098 2931 ira
2145 2892 2235 2933 tua
2262 2921 2277 2946 ,

716 2963 914 3031 inquit,
953 2959 1206 3016 Hebraeos
1238 2964 1444 3030 perdet,
1476 2974 1526 3017 te
1555 2966 1761 3019 scilicet
1782 2968 2147 3035 permittente,
2176 2950 2279 3024 Da-

715 3055 1069 3122 byloniossic
1099 3052 1295 3108 facere.
1328 3052 1513 3123 Neque
1545 3058 1688 3108 enim
1718 3054 1942 3111 Judaaos
1993 3058 2271 3132 Babylonii

2449 2790 2592 2844 Ἀπὸ
2632 2787 3028 2856 ἐπιτιμήσεως
3082 2786 3188 2839 τοῦ
3249 2784 3571 2853 προσώπου
3626 2798 3742 2837 σου
3787 2781 3950 2836 ἀπο-

2374 2883 2645 2938 λοῦνται.
2687 2880 3037 2950 Ἐπιτίμησις
3073 2878 3166 2931 νῦν
3199 2879 3230 2944 ἡ
3260 2880 3419 2946 ὀργή.
3474 2876 3636 2943 Λέγει
3664 2874 3719 2927 δὲ
3753 2878 3834 2928 ὅτι
3883 2877 3947 2927 ἸΙ

2374 2974 2510 3043 ὀργή
2544 2989 2635 3024 σου
2666 2971 2922 3024 ἀπολέσει
2953 2971 3079 3033 τοὺς
3111 2969 3400 3039 Ἑϐραίους
3432 3010 3446 3030 ,
3483 2966 3948 3036 παραχωροῦντος

2372 3069 2484 3134 τοις
2518 3064 2882 3126 Βαϐυλωνίοις
2903 3080 2916 3093 ’
2967 3063 3026 3115 οὐ
3080 3062 3187 3131 γὰρ
3218 3061 3283 3114 ἂν
3313 3060 3491 3113 αὐτῶν
3540 3059 3942 3129 ὑπερίσχυσαν,

715 3153 1063 3212 superassent
1093 3184 1107 3208 ,
1149 3145 1250 3198 nisi
1283 3154 1335 3196 tu
1368 3145 1538 3199 vinea:
1566 3160 1748 3215 sepem
1789 3147 2150 3206 destruxisses
2171 3192 2186 3217 ,
2219 3161 2266 3206 ul

2370 3160 2416 3210 εί
2455 3159 2529 3229 μὴ
2562 3159 2625 3210 σὺ
2656 3157 2905 3218 καθεῖλες
2931 3154 3021 3208 τὸν
3048 3154 3323 3225 φραγμὸν,
3351 3153 3423 3217 ὡς
3454 3153 3692 3223 εἴρηται.

715 3235 968 3288 diximus.

773 3322 935 3377 Vens.
966 3324 1048 3378 18.
1077 3324 1200 3379 Fiat
1225 3342 1409 3381 manus
1429 3337 1518 3381 tua
1541 3343 1694 3393 super
1709 3330 1874 3384 cirum
1895 3331 2122 3388 dextera
2141 3343 2260 3388 tute.

712 3423 886 3489 Atque
930 3422 1031 3475 hoc
1073 3421 1236 3474 simili
1277 3423 1437 3476 modo
1487 3423 1635 3478 dicta
1678 3439 1801 3480 esse
1852 3426 2161 3497 intelligunt
2199 3430 2266 3483 de

714 3509 1030 3562 Zur-nbabel.
1074 3509 1284 3578 Veniat,
1313 3513 1563 3582 inquiunt
1591 3552 1606 3577 ,
1638 3513 1689 3566 in
1719 3531 1841 3568 eum
1876 3521 2112 3585 potentia
2147 3529 2259 3572 tua.

718 3599 898 3654 Vnum
935 3613 1112 3655 autem
1149 3602 1383 3657 dextera:
1415 3603 1692 3673 Scriptura
1723 3621 1844 3660 eum
1877 3608 2143 3677 appellare
2183 3625 2269 3664 so-

715 3691 805 3754 lct,
849 3694 935 3745 cui
972 3693 1191 3748 dextera
1223 3694 1506 3750 familiaris
1557 3706 1661 3752 est.
1719 3696 1825 3752 Nos
1873 3714 2004 3753 vero
2058 3702 2161 3756 hoc
2213 3703 2265 3755 in

715 3782 834 3834 loco
858 3795 1196 3853 assumptum
1224 3784 1496 3840 hominem
1535 3787 1908 3857 intelligimus,
1937 3790 2092 3858 quasi
2119 3799 2268 3860 optet

716 3873 1002 3942 Propheta;
1033 3885 1089 3927 ut
1122 3876 1275 3944 signa
1313 3885 1368 3930 et
1399 3877 1682 3943 miracula,
1708 3895 1825 3947 qua:
1853 3895 2044 3934 manus
2094 3882 2182 3935 Dei
2215 3892 2266 3936 cl

717 3966 805 4019 Dci
835 3967 1035 4034 digitus
1068 3966 1344 4032 dicuntur,
1378 3967 1510 4021 [iant
1563 3984 1727 4038 super
1775 3970 1944 4024 virum
1993 3974 2222 4027 dexterae
2248 4014 2262 4038 ,

715 4057 813 4108 hoc
845 4067 948 4129 est,
983 4072 1146 4125 super
1171 4058 1319 4110 illum
1352 4059 1559 4121 Virum,
1589 4061 1674 4113 cui
1719 4061 1938 4115 dextera
1979 4063 2151 4119 Patris
2188 4068 2264 4119 la-

712 4147 937 4198 miliaris
966 4155 1068 4200 est.
1100 4144 1328 4199 Dextera
1361 4156 1538 4201 autem
1564 4147 1740 4204 Patris
1771 4160 1853 4204 est
1884 4149 2074 4218 Filius,
2098 4153 2265 4210 veluti

711 4247 891 4287 rerum
932 4234 1175 4287 omnium
1207 4244 1440 4300 creator,
1469 4247 1524 4290 et
1557 4236 1764 4305 opifex.

786 4323 855 4375 Et
891 4340 1046 4392 super
1075 4322 1278 4377 Filium
1305 4325 1552 4390 hominis,
1573 4343 1720 4396 quem
1749 4329 2011 4384 roborasti
2043 4334 2156 4388 tibi.
2190 4333 2263 4390 De

710 4414 898 4468 eodem
943 4413 1160 4468 Christo
1222 4415 1478 4484 loquitur,
1531 4419 1780 4472 eumdem
1845 4432 2090 4490 repetens
2146 4423 2287 4480 scr-'

709 4521 945 4559 nionem.
999 4503 1196 4571 Filium
1244 4516 1424 4560 autem
1471 4508 1704 4563 hominis
1755 4511 1987 4581 seipsum
2012 4515 2259 4574 Christus

707 4595 924 4648 assidue
954 4595 1262 4663 appellabat
1322 4606 1542 4666 propter
1584 4611 1802 4652 carnem
1854 4613 2182 4669 assumptam
2229 4621 2259 4658 e

713 4684 946 4754 Virgine.
1244 4699 1248 4704 '
1933 4667 1946 4675 ’

778 4773 941 4829 Vatis.
975 4775 1056 4829 l9.
1099 4773 1166 4828 Et
1205 4792 1305 4829 non
1345 4777 1671 4830 discedamus
1723 4793 1756 4830 α
1803 4789 1870 4832 te.
1905 4779 2262 4851 1181)τωὶᾳυί-

704 4864 824 4917 dem
854 4881 880 4917 a
927 4865 1066 4920 duce
1117 4865 1437 4930 Zorobabel,
1508 4884 1606 4923 nos
1646 4879 1825 4922 autem
1857 4888 1886 4922 a
1919 4872 2160 4938 Christo,
2193 4888 2257 4927 ex

705 4966 890 5009 nostra
913 4958 1055 5009 enim
1077 4972 1307 5021 persona
1336 4958 1664 5013 versiculum
1683 4960 1824 5015 hunc
1847 4960 2112 5030 Propheta
2132 4979 2262 5016 con-

707 5049 949 5116 scripsit.

783 5137 1074 5205 Viuiﬁcabis
1119 5157 1209 5192 nos
1237 5149 1285 5192 et
1330 5156 1514 5192 nomen
1552 5149 1697 5192 tuum
1741 5141 2113 5196 inuocabimus.
2151 5141 2246 5196 Ju-

702 5229 846 5283 dzeos
879 5231 1176 5285 viviticabis
1205 5232 1516 5285 renovando
1549 5248 1736 5285 eorum
1779 5236 2048 5286 civitatem
2081 5250 2097 5298 ;
2147 5250 2247 5288 nos

703 5330 879 5374 autem
932 5321 1136 5386 ﬁdeles,
1194 5322 1500 5376 renovando
1555 5324 1855 5375 animarum
1930 5325 2243 5392 dignitatem

702 5425 798 5480 per
831 5411 1070 5464 salutare
1099 5412 1436 5480 baptismatis
1469 5412 1762 5466 lavacrum.
1790 5412 1883 5467 llis
1905 5416 2046 5468 enim
2082 5414 2246 5467 amis-

2440 3331 2756 3399 Γενηθήτω
2795 3332 2832 3397 ἡ
2867 3329 2993 3398 χείρ
3021 3343 3137 3382 σου
3178 3327 3270 3379 ἐπ’
3324 3326 3513 3394 ἄνδρα
3557 3323 3937 3390 δεξιᾶς-’σωκ

2373 3427 2480 3478 Καὶ
2503 3423 2658 3475 τοῦτο
2687 3424 2814 3491 περὶ
2843 3421 2934 3473 τοῦ
2959 3419 3262 3490 Ζοροϐάϐελ
3293 3419 3524 3471 νοοῦσιν.
3557 3418 3937 3471 ὈτιἘλθέτω

2371 3519 2403 3586 ἡ
2433 3515 2658 3583 δύναμίς
2699 3531 2791 3565 σου
2844 3515 2935 3564 ἐπὶ
2979 3513 3176 3582 τούτῳ.
3201 3512 3401 3578 Ἄνδρα
3431 3511 3485 3562 δὲ
3513 3509 3690 3575 δεξιᾶς
3735 3511 3830 3560 τὸν
3859 3511 3942 3562 ol-

2371 3610 2516 3659 κεῖον
2543 3610 2607 3675 τῇ
2645 3605 2798 3674 δεξιᾷ
2829 3621 2994 3673 φησιν
3021 3606 3054 3672 ἡ
3080 3604 3294 3672 Γραφή.
3334 3603 3526 3671 Ἡμεῖς
3565 3602 3622 3653 δὲ
3649 3601 3743 3652 καὶ
3770 3600 3938 3654 τοῦτο

2371 3707 2500 3769 περὶ
2529 3698 2622 3751 τοῦ
2662 3695 3106 3768 προσληφθέντος
3137 3694 3248 3765 (96)
3287 3695 3490 3764 φαμένο
3521 3693 3613 3746 τοῦ
3636 3694 3935 3764 Προφήτου

2371 3789 2814 3861 παρακαλοῦντος
2876 3789 3050 3841 ἐλθεῖν
3079 3787 3154 3859 τὰ.
3180 3790 3400 3857 σημεῖα,
3449 3785 3485 3839 ἃ.
3527 3785 3773 3853 λέγονται
3809 3787 3935 3856 χεὶρ

2368 3882 2525 3946 Θεοῦ,
2559 3885 2650 3934 καὶ
2675 3879 2931 3940 δάκτυλος
2962 3877 3119 3940 Θεοῦ,
3157 3879 3249 3930 ἐπὶ
3275 3879 3363 3929 τὸν
3395 3877 3565 3947 ἄνδρα
3597 3877 3698 3945 τῆς
3742 3877 3932 3943 δεξιᾶς

2367 3976 2460 4028 τοῦ
2500 3975 2709 4042 Πατρός
2737 3989 2748 4001 ·
2783 3971 2936 4036 δεξιὰ
2966 3970 3021 4023 δὲ
3046 3971 3137 4023 τοῦ
3168 3971 3377 4042 Πατρὺς
3422 3969 3569 4034 Υἱὸς,
3604 3969 3677 4032 ὡς
3707 3970 3933 4023 πάντων

2365 4066 2714 4138 δημιουργός.

2432 4328 2542 4382 Καὶ
2588 4326 2685 4379 ἐπὶ
2737 4327 2867 4380 υἱὸν·
2887 4325 3226 4392 ἀνθρώπου,
3279 4320 3350 4377 ὃν
3378 4323 3786 4392 ἐκραταίωσας
3816 4341 3927 4378 σε-

2362 4420 2544 4481 αυτῷ.
2589 4419 2691 4472 ἰ’ὸν
2736 4418 2898 4470 αὑτὸν
2941 4419 3076 4487 φησὶ
3104 4416 3462 4484 παλιλλογῶν,
3499 4417 3592 4469 καὶ
3629 4421 3655 4469 ὁ
3686 4419 3926 4486 Χριστὸς

2366 4512 2422 4565 δὲ
2496 4513 2622 4576 Υἱόν
2691 4508 2979 4578 ἀνθρώπου
3040 4509 3317 4576 ὠνόμαζεν
3384 4507 3599 4570 ἑαυτὸν,
3663 4507 3751 4562 διὰ
3822 4511 3924 4580 τὴν

2363 4603 2692 4671 φαινομένην
2751 4601 2948 4669 σάρκα,
3009 4601 3076 4670 ἢν
3133 4601 3198 4652 ὲκ
3252 4599 3350 4665 τῆς
3409 4598 3686 4668 Παρθένου
3742 4616 3921 4670 προσ-

2280 4703 2332 4761 Ῑ)
2362 4696 2571 4747 έλαὸεν.

2427 4786 2536 4838 Kal
2581 4785 2653 4837 οὺ
2681 4782 2760 4850 μὴ
2786 4779 3288 4849 ἀποστῶμέν-ἀπὸ
3335 4780 3470 4834 σοῦ.
3516 4781 3755 4851 Ἑϐραῖοι
3814 4783 3916 4854 μιν

2356 4876 2710 4944 ὁδηγούμενοι
2740 4874 2892 4941 παρὰ
2917 4871 3014 4923 τοῦ
3073 4872 3402 4942 Ζοροσάσελ,
3468 4874 3625 4941 ἡμεῖς
3651 4871 3707 4924 δὲ
3757 4880 3917 4947 παρὰ

2356 4966 2449 5019 τοῦ
2472 4966 2726 5034 Χριστοῦ.
2763 4965 3043 5034 Προσώπῳ
3070 4963 3179 5032 γὰρ
3210 4965 3367 5033 ἡμῶν
3387 4963 3447 5016 τὸ
3483 4962 3642 5035 ῥητὸν
3682 4965 3712 5017 ὁ
3762 4965 3915 5035 [lpo-

2357 5058 2530 5126 φήτης
2563 5057 2822 5109 τέθεικεν.
3873 5042 3877 5049 Ι

2425 5145 2688 5209 Ζωὼσεις
2706 5144 2859 5213 ἡμᾶς·
2874 5146 2968 5198 καί
2988 5149 3052 5198 τὸ
3071 5146 3258 5214 ὄνομά
3277 5161 3392 5198 σου
3405 5131 3907 5211 ἐπικαλεσάμεθα.

2355 5237 2601 5297 Ζωὼσεις
2629 5237 2914 5299 Ἰουδαίους
2950 5237 3048 5305 μὲν
3078 5239 3140 5304 τῇ
3165 5236 3464 5289 ἀνανεώσει
3500 5237 3595 5305 τῆς
3651 5235 3868 5299 πόλεως
3888 5254 3902 5269 ο

2354 5327 2497 5396 ἡμᾶς
2529 5326 2584 5378 δὲ
2611 5329 2672 5397 τῇ
2707 5327 2998 5380 ἀνανεώσει
3029 5326 3122 5379 τοῦ
3145 5328 3450 5398 ἁξιώμαῖεος
3475 5328 3572 5394 τῆς
3598 5325 3774 5396 ψυχῆς
3816 5327 3906 5382 διὰ

2349 5417 2440 5468 τοῦ
2488 5417 2880 5488 βαπτίσματος.
2911 5416 3353 5489 ⁸Ἐνειιιριίιθτιμεν
3415 5419 3525 5487 γὰρ
3548 5419 3614 5488 τῇ
3654 5417 3904 5491 ἀπωλείᾳ

2027 5593 2108 5653 Va
2121 5594 2221 5654 riu:
2255 5595 2574 5657 lectiones.

771 5707 881 5780 (9i)
914 5707 987 5763 Su
996 5710 1116 5777 pple
1151 5711 1398 5780 ληπτέον.

767 5779 877 5848 (95)
909 5783 984 5834 Ad
1018 5779 1235 5835 verbum
1267 5780 1580 5850 simpliciter
1605 5782 1740 5840 quod
1764 5786 2000 5841 mulieres
2025 5802 2069 5842 et
2099 5787 2229 5841 reri-

2339 5729 2419 5770 tas
2451 5718 2626 5770 omnia
2658 5719 2934 5772 vincerent.

2409 5789 2517 5854 (96)
2552 5787 2707 5844 Deest
2734 5788 3039 5842 ἁνθοώπου.
