4112 6322
174 415 304 480 =49
1341 434 1730 497 COMMENT.
1772 431 1852 492 IN
1887 431 2248 501 PSALMOS.
2366 421 2378 434 '
3297 425 3399 486 850

173 550 391 600 λήσεις
449 535 594 602 ἐμοὶ,
653 537 843 607 φησὶν.
892 539 1152 612 ἐμπλήσω
1203 560 1262 596 οε
1309 545 1404 600 καὶ
1435 535 1758 613 ’σωματικῆς

1861 543 2108 611 corporis
2131 539 2381 612 intelligi,
2420 547 2478 594 ιιι
2508 540 2578 595 sit
2606 553 2803 595 sensus
2835 555 2848 590 :
2881 537 2935 592 Si
2964 536 3213 607 parueris
3249 538 3404 595 mihi,

171 625 434 695 τροφῆς·
1374 704 1376 708 τ
1861 636 2201 690 necessarios
2237 635 2333 690 tibi
2365 635 2611 704 corporis
2648 634 2798 688 cibos
2831 632 3117 701 praestabo.

267 717 381 770 Kal
416 720 523 772 οὐκ
549 718 818 786 ἤκουσεν
843 725 877 776 δ
913 725 1063 790 λαός
1097 742 1215 794 μου
1247 723 1356 793 τῆς
1382 725 1585 794 φωνῆς
1613 745 1751 796 μου.

1933 728 2093 782 Vens.
2131 727 2217 779 12.
2278 725 2346 778 Et
2393 742 2496 779 non
2535 726 2736 779 audivit
2777 723 2996 792 populus
3043 737 3185 774 meus
3234 736 3401 774 t'ocem

200 805 364 874 Ἐγὼ
384 809 479 876 μὲν
495 809 639 864 οὕτω
666 811 1115 884 διεμαρτυράμην
1131 815 1227 868 καὶ
1265 819 1488 869 τοιαῦτα
1522 818 1753 886 ῦπεσχό·

1861 836 2049 874 meum.
2081 819 2192 888 Ego
2218 818 2435 884 quidem
2458 819 2530 870 ita
2559 817 2639 870 eis
2666 809 2998 870 contes’tatus
3027 826 3167 874 sum,
3198 817 3249 863 et
3277 811 3402 862 talia

182 916 314 967 μην
341 915 358 930 θ
385 903 412 953 ὁ
458 900 516 955 δὲ
568 903 695 966 λαός
754 921 854 974 μου
900 905 999 958 οὐκ
1037 905 1260 984 ὲπξίσθη
1308 925 1416 976 μοι.
1456 910 1594 979 tle-nol.
1634 910 1690 961 δὲ
1728 912 1756 963 ὁ

1863 908 2152 973 pollicitus,
2176 923 2361 961 verum
2395 907 2623 976 populus
2655 919 2806 958 meus
2831 904 2958 956 mihi
2991 917 3094 955 non
3129 900 3354 953 credidit
3387 916 3400 954 :

178 990 597 1063 εὐαγγελιστὴς
629 993 883 1065 Ἰωάννης
918 997 1000 1049 ὅτι
1047 995 1157 1050 Kal
1200 999 1256 1053 οἱ
1297 999 1430 1053 ἴδιοι
1461 1000 1647 1053 αὐτὸν
1682 1003 1754 1054 οὐ

1861 998 2003 1066 quod
2033 997 2273 1052 Joannes
2315 995 2649 1067 evangelista
2697 992 3047 1063 signiﬁcavit,
3077 992 3263 1045 dicens
3293 1007 3304 1040 :
3341 989 3405 1042 Et

176 1081 556 1150 παρέλαϐον.

1861 1087 1944 1140 sui
1971 1103 2088 1140 eum
2115 1102 2217 1140 non
2255 1094 2574 1154 receperunt.
2928 1155 2937 1164 ‘

267 1176 383 1230 Kal
447 1174 697 1246 Ἰσραὴλ
758 1182 830 1235 οὐ
881 1183 1187 1253 προσέσχε
1240 1202 1365 1253 μοι.
1426 1186 1762 1254 [Iulium/ia

1930 1176 1999 1230 Et
2034 1177 2203 1232 Israel
2231 1193 2331 1232 non
2365 1177 2586 1232 attendit
2623 1178 2774 1232 mihi.
2816 1176 3080 1246 Repetitio
3105 1183 3208 1240 est,
3244 1184 3407 1243 atque

177 1267 363 1322 τοῦτο
412 1269 504 1323 καὶ
527 1272 873 1342 ὲπέξήγησις.
897 1275 1007 1328 Kal.
1037 1276 1115 1342 τὸ,
1143 1277 1371 1342 Ἀκούω,
1389 1277 1638 1345 σημαίνει
1659 1279 1757 1346 μὲν

1861 1270 2131 1339 expositio
2163 1259 2364 1339 prioris
2417 1269 2586 1335 dicti;
2649 1269 2872 1323 verbum
2917 1278 3097 1323 autem
3148 1268 3406 1328 Attende,

186 1357 298 1438 και
323 1358 387 1410 τὸ
415 1359 774 1431 Αῐσθάνομαι,
810 1364 906 1418 καὶ
929 1365 1218 1431 Πειθομαι,
1265 1365 1339 1428 ὡς
1371 1366 1461 1438 ἐπὶ
1497 1365 1592 1418 τοῦ
1623 1383 1757 1436 προ-

1862 1363 1978 1416 sive
2013 1361 2212 1426 Audio,
2247 1376 2391 1430 smpe
2435 1360 2576 1415 idem
2617 1359 2887 1430 significat
2931 1359 3073 1428 quod
3123 1357 3317 1416 Credo,
3355 1364 3412 1411 ut

177 1437 455 1516 κειμένου
486 1467 500 1481 ·
543 1451 624 1505 ἐτι
656 1451 713 1505 δὲ
740 1455 832 1508 καὶ
868 1453 929 1507 τὸ
953 1455 1098 1520 Noti),
1123 1456 1198 1520 ὡς
1225 1457 1321 1510 τό·
1367 1437 1615 1529 ’θ’έχων
1642 1457 1758 1516 ὦτα

1862 1453 1968 1506 hic.
2000 1452 2138 1506 Alibi
2169 1460 2348 1506 autem
2378 1451 2640 1518 accipitur
2656 1465 2753 1518 pro
2775 1447 3039 1517 Intelligo,
3061 1448 3213 1517 juxta
3238 1447 3362 1501 illud
3395 1469 3404 1502 ε

1864 1544 1967 1609 Qui
2002 1543 2153 1596 habet
2185 1559 2339 1596 aures
2377 1541 2645 1606 audiendi,
2679 1539 2889 1594 audiat.

265 1631 383 1684 Kal
423 1631 850 1697 ἐξαπέστειλεν
886 1639 1103 1706 αὐτοὺς
1158 1641 1306 1694 κατὰ
1344 1641 1416 1695 τὰ
1450 1641 1756 1712 ἐπιτηδεύ-

1932 1635 2095 1689 Vens.
2134 1635 2220 1688 15.
2256 1634 2322 1688 Et
2350 1635 2529 1714 dimisi
2557 1649 2643 1687 eos
2666 1631 2945 1686 secundum
2972 1631 3151 1714 studia
3172 1631 3409 1683 cordium

179 1738 363 1787 ματα
397 1722 512 1776 τῶν
549 1724 807 1793 καρδιῶν
837 1729 1051 1782 αὐτῶν.
1096 1729 1306 1800 Ἀφῆκα
1358 1730 1553 1794 αὐτοὺς
1595 1709 1757 1803 (pepe-

1864 1742 2102 1780 suorum.
2136 1725 2348 1789 Dimisi,
2385 1709 2581 1794 in-quit,
2610 1738 2707 1780 eos
2729 1723 2894 1777 veluti
2946 1709 3256 1774 itthcdulos
3282 1720 3408 1773 ιρι·ιοί

189 1810 336 1865 σθαι
392 1814 530 1868 κατὰ
574 1815 644 1868 τὰ
695 1817 975 1888 θελήματα
1018 1820 1126 1874 τῶν
1181 1822 1416 1892 καρδιῶν
1458 1823 1656 1887 αὐτῶν,
1684 1826 1759 1888 ὡς

1861 1819 2015 1885 juxta
2072 1818 2411 1871 voluntatem
2463 1830 2688 1868 suorum
2739 1813 2987 1867 cordium
3026 1821 3125 1864 :et
3155 1811 3410 1878 deinceps

185 1903 451 1968 ἀπειθεῖς
473 1922 487 1936 ·
526 1908 622 1962 καὶ
658 1909 842 1963 λοιπὸν
876 1911 1111 1982 μετέὁην
1142 1915 1231 1966 ἐπὶ
1261 1890 1330 1967 τὰ
1366 1914 1491 1985 ἔθνη
1516 1933 1530 1946 ·
1564 1918 1757 1982 ἐπιτη-

1861 1908 1923 1960 ad
1955 1908 2193 1975 gentium
2225 1908 2452 1975 populos
2485 1902 2830 1973 pertransivi.
2872 1901 2971 1956 Per
3006 1901 3186 1954 studia
3226 1907 3405 1952 autem

183 1994 449 2064 δεῦματα
498 1997 556 2050 δὲ
602 2000 651 2051 ol
700 2000 965 2072 ἐξηγηταὶ
996 2004 1062 2056 τὰ
1105 2004 1383 2074 θελήματα
1421 2007 1515 2060 νῦν
1564 2010 1761 2077 κεκλή-

1861 1999 1948 2050 alii
1978 2001 2300 2067 interpretes
2331 1997 2641 2050 voluntates
2661 1993 2991 2061 intelligunt.

175 1537 464 1604 ἀκούειν,
499 1541 784 1596 ἀκουέτω.

186 2104 359 2142 utam.

273 2179 682 2245 Πορεύσονται
725 2184 805 2237 ἐν.
837 2185 961 2251 τοῖς
1021 2188 1754 2258 ἐπιτηδεύμασινιαῠτῶν.

186 2265 660 2340 ’Δνεπισκόπητοι
707 2274 806 2327 ’καὶ
853 2275 1165 2346 ἀϐοήθητοι,
1215 2279 1590 2346 γυμνωθέντες
1659 2282 1779 2350 τῆςη

191 2359 414 2413 ἄνωθεν
474 2363 716 2431 χάριτος,
760 2365 835 2428 ὡς
885 2367 1113 2421 ἀνίατοι.
1162 2370 1521 2439 Πορεύοονται
1566 2372 1622 2423 δὲ
1674 2374 1760 2427 ἀεὶ

200 2451 354 2518 μετὰ
385 2453 447 2504 τὸ
478 2454 802 2510 ἀπώσασθαι
830 2457 921 2511 τὸν
955 2459 1201 2530 Σωτῆρα.

275 2546 350 2597 El
390 2547 424 2598 ὁ
473 2546 626 2610 λαός
669 2566 788 2616 μου
821 2548 1060 2617 ἥκουσέ
1089 2569 1224 2617 μου,
1266 2553 1511 2619 Ἰσραὴλ
1551 2556 1604 2608 εὶ
1633 2554 1760 2619 ταῖς

187 2632 365 2700 ὁδοῖς
378 2653 496 2703 μου
518 2638 828 2707 ἐπορεύθη,
847 2641 916 2693 ἐν
937 2640 1016 2707 τῷ
1037 2643 1246 2710 μηδενὶ
1271 2642 1347 2697 ἂν
1358 2643 1499 2709 τοὺς
1513 2638 1761 2712 ἐχθροὺς

185 2723 399 2777 αὐτῶν
408 2726 796 2793 ἐταπείνωσα,
813 2733 907 2784 καὶ
937 2731 1034 2784 ἐπὶ
1057 2732 1197 2798 τοὺς
1214 2736 1524 2800 θλίϐοντας
1542 2737 1761 2802 αὐτοὺς

187 2816 500 2873 ἐπέϐαλον
523 2821 599 2873 ἂν
636 2821 750 2888 τὴν
773 2824 941 2892 χεῖρά
958 2842 1096 2892 μου.
1122 2825 1194 2879 Τὸ
1225 2827 1343 2898 μὲν,
1371 2827 1420 2882 ’Ῑ
1423 2827 1617 2895 Wall-1
1633 2831 1762 2896 ταῖς

198 2907 371 2973 ὁδοῖς
413 2927 526 2978 μου
559 2913 609 2965 sl
639 2913 956 2982 ἐπορεύθη,
1007 2915 1333 2988 ἑπεξὴγησξς
1373 2921 1490 2972 ἐστι
1530 2923 1624 2977 τοῦ
1656 2926 1762 2995 πρὸ

201 2998 376 3051 αὐτοῦ
412 3001 594 3072 στίχου
621 3019 634 3033 ·
676 3004 736 3056 τὸ
759 3005 839 3068 δὲ,
877 3005 988 3058 Καὶ
1012 3007 1109 3060 ἐπὶ
1153 3009 1292 3074 τοὺς
1329 3013 1642 3080 θλίϐοντας
1666 3021 1764 3071 αὐ.

194 3090 348 3156 τοὺς
375 3092 671 3147 ἐπέϐαλον
698 3095 773 3149 ἂν
795 3084 909 3161 τὴν
939 3097 1106 3165 χεῖρὰ
1143 3116 1283 3166 μου,
1315 3102 1511 3168 ὁμοίως
1537 3121 1762 3174 σαφηνι-

1933 2177 2088 2229 lbunt
2120 2178 2175 2230 in
2199 2175 2388 2230 studiis
2434 2175 2568 2229 suis.
2603 2173 2952 2228 Protectione
2983 2171 3192 2226 scilicet
3221 2170 3406 2227 divina

1859 2269 2126 2350 destituti,
2150 2278 2316 2338 atque
2333 2269 2479 2325 omni
2506 2281 2744 2338 superna
2774 2266 2946 2334 gratia
2977 2264 3211 2333 spoliati,
3241 2263 3406 2316 veluti

1861 2360 2306 2414 immedicabiles.
2337 2358 2494 2412 Ibunt
2520 2369 2697 2411 autem
2728 2355 2830 2410 hoc
2851 2362 3007 2424 pacto
3037 2354 3305 2419 destituti,
3335 2353 3408 2406 si—

1862 2450 1968 2500 mul
2002 2464 2063 2502 ac
2095 2450 2430 2504 Salvatorem
2466 2447 2784 2519 rcpulerint.

1931 2537 2093 2592 Vens.
2123 2540 2208 2604 ll,
2236 2539 2321 2592 15.
2355 2538 2416 2591 Si
2442 2536 2664 2605 populus
2694 2551 2834 2589 meus
2859 2533 3088 2588 audisset
3115 2549 3213 2594 me,
3246 2530 3412 2587 Israel

1861 2633 1903 2683 si
1932 2630 1986 2683 in
2015 2632 2109 2684 viis
2155 2631 2280 2684 meis
2313 2629 2658 2691 ambulasset,
2703 2631 2758 2682 in
2814 2627 2947 2680 nihil
2993 2641 3117 2679 sane
3175 2625 3410 2677 inimicos

1861 2737 2038 2774 eorum
2090 2722 2467 2778 Itumilt'assem.
2503 2730 2553 2774 et
2600 2729 2753 2785 super
2782 2717 3092 2770 tribulantes
3123 2733 3206 2770 eos
3237 2717 3413 2769 misis-

1862 2833 1968 2868 sem
2000 2832 2209 2868 manum
2242 2831 2427 2868 meam.
2467 2812 2638 2868 Verba
2662 2813 2753 2867 illa
2781 2829 2794 2867 ε
2820 2810 2990 2866 Israel
3018 2811 3064 2864 si
3085 2813 3137 2864 in
3165 2811 3258 2864 viis
3287 2813 3411 2863 meis

1863 2909 2205 2970 anibutasset,
2246 2906 2310 2959 ad
2349 2905 2652 2975 superidris
2680 2903 2933 2960 versiculi
2985 2902 3408 2957 declarationem

1864 3003 2009 3057 dicta
2041 3007 2192 3053 sunt.
2243 2998 2509 3052 Similiter
2537 2979 2696 3051 verba
2728 2996 2816 3049 illa
2850 3012 2864 3049 :
2904 2992 3072 3063 Super
3103 2994 3410 3052 tribulames

1862 3109 1947 3158 eos
1986 3091 2240 3144 misissem
2274 3106 2487 3144 manum
2518 3104 2708 3148 meam.
2734 3095 3010 3156 exponunt
3035 3085 3410 3155 praecedentia,

201 3182 345 3280 alios
369 3184 464 3280 καὶ
493 3185 809 3254 παλιλλογία
843 3188 933 3241 τοῦ
962 3189 1066 3258 πρὸ
1083 3190 1294 3244 τούτου.
1333 3194 1432 3246 Ἐν
1449 3195 1527 3260 τῷ
1546 3197 1758 3263 μηδενὶ

1866 3191 1918 3232 «ιι
1980 3180 2262 3234 sentcntiae
2326 3179 2700 3248 repetitionem
2760 3177 3067 3230 continent.
3137 3174 3198 3228 In
3249 3174 3412 3230 nihil)

193 3270 279 3334 δὲ,
323 3271 439 3324 ἀιτὶ
469 3274 561 3326 τοῦ
600 3276 842 3340 Ἀπόνως
866 3320 880 3343 ,
915 3279 1188 3350 εὐχερῶς,
1236 3281 1310 3344 ὡς
1344 3285 1495 3337 οὐδέν
1523 3301 1538 3315 ο
1566 3287 1598 3356 ἢ
1640 3289 1760 3340 ἀντὶ

1863 3281 2040 3325 autem
2075 3287 2306 3339 expono,
2341 3285 2460 3339 pro,
2495 3270 2569 3323 De
2595 3269 2742 3322 facili
2775 3283 2838 3324 ac
2868 3268 2985 3321 sine
3018 3267 3240 3332 labore;
3301 3265 3408 3327 γυΙ,
3479 3305 3485 3313 .

191 3362 320 3424 τοῦ,
365 3363 453 3416 Ἐν
489 3366 700 3436 φαύλῳ.
731 3369 840 3422 Καὶ
869 3369 977 3438 γὰρ
1004 3371 1123 3435 τοὺς
1163 3373 1490 3441 Αἰγυπτίους
1539 3380 1596 3431 ὲν
1661 3380 1760 3446 βα-

193 3455 391 3536 τράχῳ
410 3458 512 3511 καὶ
534 3458 838 3530 ἀκρίσι,καὶ
866 3460 1129 3525 τοιούτοις
1146 3465 1419 3519 εὐτελέσιν
1445 3469 1758 3537 specum,

196 3548 284 3609 εἰς
306 3545 530 3613 ἔνδειξιν
564 3550 664 3621 τῆς
692 3548 1185 3624 αὐτοῦ’δυνάμεως.

276 3729 345 3779 οι
373 3726 572 3797 ἐχθροὶ
601 3732 818 3798 Κυρίου
841 3733 1181 3802 ἐψεύσαντο
1205 3739 1380 3804 αὐτῷ.
1436 3742 1646 3813 Ἑχϐροῖ
1669 3748 1760 3798 τοῦ

200 3814 447 3884 σταυροῦ
501 3818 738 3886 Χριστοῦ
787 3823 928 3875 κατὰ
954 3819 1045 3877 τὸν
1084 3825 1255 3893 μέγαν
1293 3827 1498 3882 Παῦλον
1550 3833 1598 3884 οἱ
1632 3834 1761 3886 Ἰουο

197 3907 364 3960 δαῖοι.
395 3909 724 3978 Ἐψεύσαντο
767 3913 824 3966 δὲ
869 3915 1038 3983 αὐτῷ,
1087 3917 1272 3970 Ῥαὸσὶ
1310 3922 1409 3988 μὲν
1451 3922 1759 3990 καλοῦντες,

198 4001 303 4052 καὶ
348 4001 717 4067 ἁπαλύνοντες
759 4006 886 4068 τοὺς
925 4006 1115 4075 λόγους
1151 4010 1349 4077 αὐτῶν,
1378 4013 1452 4076 ὡς
1497 4016 1556 4066 ἐν
1588 4017 1667 4083 τῷ
1693 4019 1760 4070 κδ’

198 4090 408 4161 ψαλμῷ
431 4093 644 4166 προέφη
653 4111 753 4164 μεν
777 4135 793 4159 ,
815 4097 1232 4169 ὑποκρινόμενοι
1258 4101 1336 4156 δέ.
1357 4104 1427 4156 Ἢ
1452 4105 1546 4158 καὶ
1567 4107 1770 4170 ἄλλως.-

199 4184 304 4246 Τδ,
347 4186 716 4254 Ἐψεύσαντο
741 4189 922 4258 αὐτῷ,
953 4191 1212 4246 τέθεικεν·
1230 4195 1259 4247 ὁ
1290 4195 1473 4264 Δασὶδ,
1497 4197 1762 4254 διδάσκων

197 4276 288 4327 ὅτι
317 4278 644 4348 προγονικὴν
672 4278 856 4350 ἔχουσι
888 4281 986 4353 τὴν
1003 4283 1307 4339 ἀπείθειαν.
1330 4285 1763 4354 Νομοθετοῦντος

200 4367 317 4433 γὰρ
372 4366 470 4419 τοῦ
523 4367 659 4422 Θεοῦ
717 4371 906 4437 πάλαι,
965 4375 1357 4445 ἐπηγγείλαντο
1396 4377 1494 4445 μὲν
1520 4379 1607 4432 διὰ
1654 4383 1762 4434 τῶν

203 4455 492 4523 προγόνων
546 4457 828 4537 πείθεσθαι
878 4457 960 4525 οἷς
1022 4460 1196 4531 εἷπεν,
1247 4468 1525 4528 εἰπόντεςο
1558 4469 1760 4524 Πάντα

1871 3365 1928 3417 In
1949 3364 2136 3428 nihilo,
2173 3377 2292 3431 pro,
2325 3361 2380 3415 In
2420 3376 2478 3415 re
2498 3361 2588 3414 vili
2623 3367 2676 3413 et
2717 3358 2924 3414 nullius
2960 3357 3242 3411 momenti.
3278 3354 3406 3408 Nam

1863 3466 1914 3506 et
1939 3447 2066 3506 olim
2104 3454 2268 3520 Deus,
2298 3453 2347 3504 in
2374 3451 2520 3506 ranis
2547 3452 2599 3504 in
2620 3450 2866 3514 locustis,
2891 3449 3016 3502 etin
3040 3444 3413 3515 hujuscemodi

1864 3549 1985 3601 aliis
2019 3545 2256 3599 minimis
2302 3545 2464 3600 rebus
2504 3545 2689 3598 hostes
2713 3557 2901 3598 eorum
2935 3541 3317 3611 ﬂagellaverat,
3347 3550 3406 3594 ut

1863 3653 2086 3690 suarum
2114 3637 2312 3690 virium
2347 3633 2776 3702 magnitudinem
2804 3629 3229 3684 demonstraret.

1937 3731 2095 3782 Vens.
2124 3729 2208 3784 16.
2241 3727 2450 3781 Inimici
2475 3723 2684 3778 Domini
2717 3723 2915 3776 mentiti
2943 3732 3067 3775 sunt
3097 3721 3165 3774 ei.
3196 3719 3405 3773 Inimici

1861 3823 2040 3875 crucis
2066 3819 2292 3882 Christi,
2331 3825 2468 3872 teste
2495 3813 2689 3879 Paulo,
2747 3811 2918 3868 Judazi
2971 3824 3095 3866 sunt
3141 3829 3154 3865 :
3199 3811 3408 3864 mentiti

1862 3921 2040 3965 autem
2092 3918 2221 3965 sunt
2270 3907 2490 3963 Christo
2549 3903 2744 3968 Judai,
2790 3903 2918 3958 dum
2973 3901 3317 3957 sermonibus
3360 3901 3409 3953 ei

1862 4002 2301 4061 blandiebantur,
2331 3997 2673 4066 appellantes
2705 4009 2829 4048 eum
2854 3991 3055 4050 Rabbi.
3083 4001 3143 4046 ut
3173 3992 3411 4046 diximus

1862 4096 1916 4148 in
1951 4093 2158 4163 psalmo
2178 4106 2288 4156 Liv,
2326 4101 2447 4159 quas
2475 4086 2661 4142 omnia
2696 4093 2878 4160 tamen
2907 4083 3234 4137 simulantes
3260 4082 3406 4137 dice-

1862 4186 2009 4240 bant.
2037 4182 2134 4239 Vel
2167 4183 2325 4236 aliter
2362 4196 2377 4236 :
2407 4179 2610 4234 Volens
2639 4176 2832 4232 beatus
2858 4174 3019 4228 David
3045 4174 3241 4229 docere
3265 4174 3409 4245 quod

1860 4279 2172 4333 Judaeorum
2218 4272 2512 4329 inﬁdelitas
2552 4269 2618 4326 de
2644 4269 3050 4341 progenitorum
3086 4267 3269 4321 radice
3321 4267 3433 4322 dc-‘

1862 4371 2175 4431 scendehat,
2226 4379 2330 4422 eos
2368 4365 2500 4419 dicit
2535 4361 2764 4418 Domino
2798 4360 3058 4414 mentitos
3093 4375 3234 4414 esse.
3272 4359 3405 4413 Nam

1861 4479 1983 4515 cum
2020 4461 2148 4512 olim
2185 4458 2326 4512 Deus
2357 4456 2526 4526 legem
2556 4455 2636 4509 eis
2666 4461 2957 4518 statueret,
3023 4451 3250 4520 polliciti
3281 4460 3410 4514 sunt

198 4546 323 4600 ὅσα
351 4544 482 4602 εἷπε
505 4551 718 4618 Κύριος
761 4551 794 4625 ᾇ
835 4554 996 4620 Θεὸς,
1025 4556 1356 4626 ποιήσομεν
1383 4560 1480 4613 καὶ
1506 4541 1760 4617 ἁκοὺσό-

1868 4568 1962 4622 per
2003 4548 2372 4618 progenitores
2392 4559 2556 4613 suos,
2586 4544 2972 4597 observaturos
2999 4556 3057 4594 se
3078 4555 3199 4594 esse
3229 4539 3410 4594 omnia

195 4641 355 4705 μεθα
388 4655 404 4670 ·
459 4640 759 4708 ιψεύσαντο
797 4643 1176 4715 δὲ-μυριάκις,
1231 4649 1588 4719 ἁθετήσαντες
1630 4655 1757 4717 τοὺς

197 4727 402 4797 )όγους
434 4731 622 4786 αὑτοῦ.
650 4734 804 4786 Ἔστι
834 4735 890 4789 δὲ
913 4737 1003 4789 καὶ
1033 4737 1234 4806 ἑτέρως
1267 4741 1439 4793 ειπετν
1468 4743 1762 4812 ὃτισυγγε-

203 4822 320 4885 vel;
355 4821 448 4875 τοῦ
493 4823 726 4895 Χριστοῦ
771 4825 948 4891 ὄντες,
995 4827 1240 4898 πολέμιοι
1286 4830 1448 4884 αὐτοῦ
1483 4834 1784 4901 γεγόνασι,“

199 4910 536 4983 ψευσάμενοι
569 4915 668 4988 τὴν
701 4918 1064 4987 συγγένειαν..

277 5175 386 5229 Kal
412 5178 582 5232 ἔσται
609 5181 643 5232 ὁ
663 5182 865 5249 καιρὸς
879 5183 1076 5237 αὐτῶν
1095 5186 1180 5250 εἰς
1197 5185 1302 5238 τὸν
1331 5186 1533 5242 ultima.
1559 5189 1760 5253 Καιρὸν

207 5262 465 5334 Ἑϐραῖοι
511 5267 607 5320 καὶ
640 5266 800 5338 Σύροι
829 5271 926 5334 τὰς
959 5274 1244 5345 συμφορὰς
1272 5274 1526 5328 εἰώθασιν
1554 5277 1644 5329 ὀνο
1656 5279 1760 5345 μά-

204 5352 349 5418 ζειν.
374 5358 711 5428 Προφητεύει
733 5361 789 5414 δὲ
815 5362 894 5415 ὅτι
923 5363 1172 5418 οὐδεποτε
1197 5366 1490 5437 συμφορῶν
1518 5369 1761 5422 ἀπαλλα-

202 5444 492 5512 γήσονται.
531 5451 602 5503 Ἦ
620 5451 811 5519 καιρὸν
843 5452 940 5522 μὲν
960 5454 1070 5506 νόει
1106 5471 1196 5526 μοι
1229 5459 1320 5510 τὸν
1341 5461 1439 5530 τῆς
1465 5458 1758 5528 καταδίκης

201 5535 393 5589 αὐτῶν
435 5541 609 5594 αἰῶνα
635 5541 690 5594 δὲ
716 5543 806 5596 τὸν
847 5542 1132 5614 μέλλοντα.

278 5624 388 5678 Καὶ
428 5626 735 5696 ἐψώμισεν
760 5631 980 5696 αὐτοὺς
1024 5635 1090 5689 ἐκ
1126 5635 1375 5705 στέατος
1431 5613 1620 5707 πυροῦ
1667 5637 1763 5691 καὶ

280 5804 327 5832 ⁸⁸
363 5801 534 5855 Exul.
585 5821 726 5860 Inv.
760 5807 811 5859 Ἰ.

1859 4659 1979 4712 quae
2042 4639 2413 4699 mandaverat,
2475 4636 2720 4689 dicentes
2755 4650 2768 4686 :
2808 4651 2826 4684 ι
2868 4630 3063 4686 Omnia
3121 4647 3238 4700 qua:
3278 4632 3409 4684 dixit

1865 4729 2112 4785 Dominus
2146 4729 2277 4787 Deus
2309 4727 2647 4796 {ut-ieiuna,“
2671 4724 2944 4776 audiemus
2973 4721 3058 4786 ⁹⁸;
3095 4738 3112 4771 ι
3151 4731 3206 4774 et
3229 4729 3422 4774 tamen'

1862 4837 2239 4892 saepenumero
2265 4817 2486 4873 mentiti
2512 4822 2660 4879 sunt,
2699 4822 2754 4869 et.
2785 4813 2930 4868 illius
2966 4820 3405 4878 contempserunt

1862 4925 2166 4966 sermones.
2202 4908 2502 4962 Possumus
2544 4911 2599 4959 et
2651 4901 2780 4957 illud
2837 4901 3039 4964 dicere,
3093 4898 3236 4968 quod
3284 4913 3404 4951 cum

1862 5001 2031 5055 Judaei
2057 5000 2270 5068 cegnati
2307 4994 2512 5050 Christi
2556 5001 2761 5055 essent,
2795 4989 3002 5044 inimici
3025 4990 3071 5042 ei
3103 4989 3229 5042 facti
3255 5000 3405 5050 sunt,

1859 5105 1910 5146 et
1943 5077 2088 5147 illius
2113 5089 2484 5159 cognationem
2511 5084 2744 5138 mentiti.

1932 5181 1996 5234 Et
2025 5183 2124 5235 erit
2165 5189 2362 5247 tempus
2393 5189 2572 5229 eorum
2595 5173 2648 5226 in
2686 5170 2954 5227 saeuiunt.
3019 5169 3118 5223 Per
3159 5179 3402 5236 tempus,

1859 5280 1966 5326 tam
1991 5271 2134 5340 Syri,
2164 5282 2326 5338 quam
2366 5264 2576 5320 Πρω-πί
2606 5262 2944 5318 calamitates
2983 5261 3158 5315 solent
3189 5259 3402 5329 signiti-

1861 5377 2007 5415 care.
2057 5360 2161 5414 Eos
2205 5359 2372 5428 igitur
2424 5369 2454 5409 a
2503 5351 2910 5410 calamitatibus
2956 5365 3230 5420 nunquam
3283 5363 3406 5402 esse
3483 5414 3486 5416 γ

1866 5452 2180 5508 liberandos
2221 5446 2490 5521 praedicit.
2536 5445 2657 5514 Vel,
2693 5441 3162 5500 condemnationis
3215 5447 3402 5495 eorum

1867 5556 2079 5614 tempus
2113 5541 2367 5612 intellige,
2394 5538 2634 5593 futurum
2661 5535 2917 5591 nimirum
2946 5534 3228 5590 saeculum.

1941 5633 2101 5688 Vens.
2129 5631 2216 5686 l7.
2245 5629 2309 5683 Et
2347 5629 2534 5683 citavit
2556 5642 2642 5682 eos
2683 5639 2748 5680 ea:
2779 5624 2929 5693 adipe
2963 5622 3229 5692 frumenti,
3263 5630 3312 5675 et
3340 5620 3406 5675 de
