4112 6322
648 553 756 612 859

1833 542 2216 609 EUTilYMll
2259 539 2654 600 ZlGABENI'
2723 536 2730 539 ’

3739 527 3834 588 8ὓίι

648 677 731 724 est
763 669 922 722 etiam
971 670 1160 723 Edom.
1195 669 1480 724 lsmaelitze
1511 679 1642 720 vero
1676 677 1848 733 genus
1883 677 2044 716 suum
2088 660 2184 712 de-

2301 651 2471 704 Ἠσαῦ
2523 651 2936 718 καταγόμενονδ
2977 645 3155 712 Ἐδὼμ
3181 643 3285 711 γάρ
3317 646 3344 695 ό
3380 640 3550 694 Ίισαῦ
3596 640 3794 708 ἐκλήθη
3823 656 3834 668 '

651 760 857 814 ducunt
887 760 954 814 ab
979 760 1201 814 lsmacle
1231 759 1342 813 filio
1372 757 1622 812 Abrahm.

721 936 882 992 Vens.
913 937 966 991 8.
993 937 1147 990 Moab
1181 948 1228 990 et
1268 936 1518 1002 Agareni.
1557 932 1804 986 Moabitae
1836 930 2018 1000 p0puli
2043 938 2193 994 sunt,

653 1029 744 1094 qui
775 1028 1036 1094 originem
1075 1027 1302 1079 trahunt
1345 1041 1375 1078 a
1423 1025 1577 1078 Moab
1634 1025 1746 1077 lilio
1789 1022 1927 1089 Lot;
1962 1021 2196 1090 Agareni

653 1134 777 1172 vero
797 1120 864 1171 ab
879 1119 1022 1185 Agar
1042 1127 1212 1170 matre
1237 1118 1640 1198 lsmaelis,’qua:
1659 1125 1945 1186 postquam
1971 1113 2196 1182 expulsa

651 1221 735 1264 est
764 1226 794 1262 e
831 1210 994 1262 domo
1023 1209 1278 1274 Abrahae,
1304 1209 1462 1263 alteri
1487 1223 1546 1264 se
1573 1210 1688 1262 viro
1718 1206 2002 1275 c0ujunxit
2052 1204 2196 1259 unde

653 1297 742 1352 isti
776 1297 1192 1352 descenderunt.
2195 1360 2197 1362 η

725 1385 885 1439 (lebat
937 1396 985 1439 et
1039 1387 1284 1452 Ammon,
1317 1395 1366 1440 et
1398 1386 1670 1442 Amalech.
1720 1385 1972 1440 Gebaleni
2014 1384 2197 1454 populi

653 1483 826 1540 erant,
859 1477 952 1545 qui
992 1491 1156 1544 prope
1183 1477 1474 1530 ldumaram
1509 1476 1846 1530 habitabant.
1873 1476 2198 1529 Ammanitae

653 1577 830 1620 autem
864 1567 936 1618 ita
963 1565 1292 1619 denominati
1317 1576 1446 1620 sunt
1474 1567 1541 1620 ab
1580 1567 1810 1620 Ammon
1856 1567 1966 1619 tilio
1989 1565 2106 1618 Lot.
2134 1563 2198 1618 Et

622 1639 627 1643 ’
657 1659 966 1711 Amalecitae
984 1657 1310 1722 abAmalec,
1339 1659 1429 1726 qui
1460 1668 1512 1712 et
1547 1659 1661 1726 ipse
1678 1658 1943 1726 originem
1969 1657 2203 1711 ducebat

657 1749 727 1799 ab
763 1746 925 1808 Esau,
949 1748 1039 1813 qui
1081 1762 1216 1800 sane
1253 1746 1414 1800 aliam
1441 1746 1510 1800 ab
1541 1746 1772 1800 ldumaea
1814 1747 2084 1817 regionem
2117 1761 2202 1800 se-

657 1839 899 1920 paratim.
919 1838 1259 1892 habitabant.

727 1929 1048 1998 Alienigena!
1073 1944 1190 1980 cum
1239 1930 1306 1981 iis
1333 1929 1426 1998 qui
1467 1929 1776 1983 habitabant
1832 1931 2048 2000 Tyrum.
2102 1931 2201 1984 Per
2230 1959 2276 2017 Β

658 2021 986 2090 alienigenas
1023 2019 1328 2075 Philistazos
1370 2022 1634 2090 intellige,
1683 2039 1820 2091 quos
1862 2038 2007 2076 nunc
2037 2021 2204 2076 Palae-

659 2112 833 2164 stinos
855 2111 1108 2164 dicimus.
1131 2110 1194 2163 lli
1223 2112 1422 2165 etenim
1454 2113 1770 2166 rieiniorem
1801 2112 2003 2167 Judaeis
2031 2114 2205 2181 regio-

661 2215 780 2252 nem
837 2199 1152 2254 habitabant
1189 2217 1202 2252 :
1235 2211 1396 2270 atque
1445 2202 1567 2256 ideo
1586 2202 1902 2272 alienigena:
1933 2203 1985 2256 in
2026 2205 2204 2272 specie

660 2293 913 2359 appellati
937 2303 1085 2348 sunt.
1116 2294 1218 2349 Per
1237 2295 1542 2350 habitantes
1559 2304 1735 2349 autem
1758 2270 1986 2364 Tyrum,
2010 2270 2204 2366 Tyrios

661 2382 932 2452 intelligit.
981 2388 988 2393 ’

735 2473 895 2528 Vens.
919 2473 972 2528 9.
1005 2473 1212 2528 Etenim
1239 2486 1291 2528 et
1329 2476 1498 2528 Assur
1530 2477 1665 2528 venit
1715 2491 1833 2527 cum
1858 2475 1985 2530 illis.
2032 2475 2206 2529 Assur

661 2565 876 2632 proprie
909 2566 1117 2634 Assyrii
1156 2575 1282 2620 sunt
1314 2584 1328 2619 :
1363 2581 1546 2620 rerum
1575 2566 1678 2620 hoc
1706 2565 1758 2619 in
1795 2566 1936 2632 loco,
1963 2565 2203 2619 Samari-

661 2665 819 2708 tanus
841 2656 910 2708 ita
933 2655 1184 2725 appellat.
1225 2657 1386 2710 veluti
1426 2657 1772 2726 Assyriorum
1795 2660 2034 2712 colonos.
2069 2657 2202 2711 Nam

662 2754 780 2811 pust
803 2745 1031 2800 duarum
1065 2747 1302 2800 tribuum
1331 2747 1716 2814 captivitatem,
1744 2748 1872 2801 illuc
1897 2748 2047 2802 missi
2077 2757 2202 2802 sunt

666 2835 989 2890 Samaritani
1025 2839 1093 2891 ab
1117 2839 1380 2908 Assyriis,
1409 2849 1466 2892 ut
1498 2839 1773 2908 regionem
1817 2839 1964 2892 illam
1992 2839 2194 2893 incole-

671 2937 810 2981 rent.
872 2929 1126 2988 Abundat
1183 2938 1361 2986 autem
1413 2931 1519 2986 hoc
1591 2933 1645 2984 in
1701 2931 1819 2986 loco
1868 2931 2201 3000 conjunctio,

673 3015 893 3074 Etenim.

732 3107 879 3160 Facti
916 3118 1036 3162 sunt
1078 3110 1130 3164 in
1174 3110 1497 3178 adjutorium
1529 3113 1656 3181 filiis
1701 3112 1832 3165 Lot.’
1861 3112 2025 3167 Filios
2079 3110 2199 3177 Lot,

665 3212 760 3253 eos
787 3213 907 3252 esse
929 3198 1189 3268 intellige,
1225 3215 1363 3269 quos
1387 3202 1642 3269 superius
1666 3200 1932 3257 Moabitas
1957 3202 2199 3270 appella-

2297 740 2634 809 Ἰσμαηλῖται
2697 741 2754 792 δὲ
2827 737 2980 799 ἔθνος
3041 735 3228 803 ἕτερον
3291 731 3398 784 ἀιπὸ
3453 729 3679 799 Ἰσμαὴλ
3725 731 3839 782 ιοίοῦ

2295 833 2570 902 Ἀϐραάμ.

2367 925 2544 978 Μωὰό
2585 922 2680 976 καί
2711 925 2764 974 ot
2804 918 3122 988 Ἅγαρηνοί.
3158 915 3329 970 Μωᾶὁ
3362 913 3508 980 λέγει
3539 913 3665 972 τοὺς
3687 914 3844 964 Μωα-

2268 1059 2276 1064 .
2297 1017 2451 1078 δίτας
2474 1032 2489 1046 ⁶
2525 1015 2675 1076 ἔθνος
2705 1013 2758 1066 δὲ
2781 1012 2875 1065 καὶ
2897 1005 3064 1070 οὗτοι,
3097 1009 3202 1062 ἀπὸ
3224 1007 3417 1068 Μωὰϐ,
3449 1005 3564 1058 υἱοῦ
3589 1004 3682 1056 τοῦ
3706 1003 3842 1056 Λώτ.

2310 1107 2598 1175 ’Δγαρηνοὶ
2653 1106 2708 1158 δὲ
2760 1104 2911 1165 ἔθνος
2973 1102 3082 1154 ἀπὸ
3135 1099 3234 1168 τῆς
3269 1100 3448 1166 ’Ἅγαρ
3487 1097 3589 1164 τῆς
3644 1093 3845 1163 μητρδς

2244 1194 2248 1196 ’
2310 1195 2928 1268 ’1σμαὴλ,συναφθείσης
2954 1193 3123 1262 ἑτέρῳ
3156 1191 3293 1260 μετὰ
3309 1192 3368 1241 τὸ
3398 1187 3732 1255 ἀπελαθῆναι
3752 1187 3848 1250 τῆς

2297 1289 2473 1350 οἰκίας
2499 1287 2770 1356 Ἀϐραάμ.
3812 1319 3826 1332 .

2348 1359 2561 1434 Τεσάλ
2620 1377 2718 1431 και
2787 1375 3028 1445 Ὰμμὼν,
3081 1375 3176 1428 και
3225 1371 3500 1441 Ἀμαιήκ.
3561 1369 3826 1435 Γεόαληνό

2299 1473 2448 1534 ἔθνος
2494 1471 2767 1537 περίοικον
2809 1469 2908 1534 τῆς
2944 1464 3250 1534 Ἰδουμαίας
3278 1479 3291 1492 ·
3321 1462 3648 1530 Ἀμμανῖται
3701 1460 3842 1520 ἔθνος

2297 1564 2404 1616 ἀπὸ
2429 1561 2521 1614 τοῦ
2544 1563 2601 1612 ’Δ
2613 1559 2770 1629 μμὼν
2793 1558 2884 1611 τοῦ
2907 1556 3023 1609 υἱοῦ
3047 1555 3166 1608 Λώτ
3182 1570 3196 1584 ⁸
3231 1555 3594 1623 Ἀμαληκῖται
3615 1551 3840 1614 δεεονης

2287 1653 2406 1728 ,ἀπὸ
2449 1651 2712 1719 Ἀμαλὴκ,
2741 1649 2798 1712 ὃς
2822 1645 2889 1716 ἦν
2926 1648 3020 1700 καὶ
3079 1645 3240 1704 αὐτὸς
3269 1643 3486 1710 ἔκγονος
3526 1639 3716 1704 Ἠσαῦ,
3749 1655 3841 1691 κα-

2299 1749 2462 1818 τῴκει
2483 1746 2539 1798 δὲ
2566 1743 2748 1816 χώραν
2777 1743 2967 1811 ἑτέραν
3000 1737 3150 1810 παρὰ
3177 1737 3300 1798 τοὺς
3332 1733 3684 1804 Ἰδουμαίους.

2372 1947 2735 2013 Ἀλλόφυλοι
2773 1941 2923 2010 μετὰ
2970 1937 3086 1993 τῶν
3149 1935 3583 1990 κατοικούντων
3645 1933 3838 1996 Timor.

2317 2037 2624 2105 Ἀλλόφυλοι
2655 2036 2704 2086 οἱ
2747 2032 3059 2112 Φιλισταῖοι,
3091 2030 3138 2080 oi
3165 2029 3258 2082 νῦν
3290 2025 3632 2081 Παλαιστινοὶ
3656 2021 3843 2074 καλοί-
3873 2103 3882 2112 ⁸

2307 2145 2486 2200 μενοι·
2523 2123 2665 2181 οὗτοι
2691 2126 2796 2194 γὰρ
2830 2120 3215 2191 παροικοῦντες
3241 2121 3348 2182 τοῖς
3363 2117 3635 2177 Ἰουδαίοις
3667 2114 3842 2180 ἔγγὺς,

2303 2217 2590 2286 ἀλλόφυλοι
2625 2214 2991 2283 διαφερόντως
3018 2211 3321 2281 ἐκλήθησαν
3345 2227 3358 2240 ·
3393 2205 3768 2266 κατοικοῦντες
3792 2203 3844 2256 it

2303 2311 2479 2381 Τύρον
2509 2309 2658 2377 λέγει
2681 2309 2806 2370 τοὺς
2838 2306 3088 2375 Τυρίους.

2373 2489 2479 2543 Kal
2509 2489 2618 2556 γὰρ
2660 2489 2757 2540 καὶ
2786 2486 3046 2554 Ἀσσοὺρ
3089 2481 3564 2552 συμπαρεγένετο
3588 2479 3714 2547 μετ’
3746 2478 3845 2530 αὐ·

2305 2581 2440 2635 τῶν.
2490 2581 2717 2648 ’Λσσοὺρ
2771 2581 2820 2631 οἱ
2867 2578 3160 2646 Ἀσσύριοι.
3210 2575 3382 2628 Καλεῖ
3423 2574 3479 2625 δὲ
3516 2573 3690 2633 οὕτως
3728 2573 3846 2630 τοὺς

2304 2672 2664 2742 Σαμαρείτας,
2681 2673 2752 2733 ὡς
2776 2669 3038 2731 ἀποίκους
3052 2665 3514 2736 ’Δσσυρίων,μετὰ
3536 2664 3634 2732 τὴν
3660 2663 3851 2730 αἰχμα-

2303 2763 2504 2816 λωσίαν
2545 2761 2656 2814 τῶν
2699 2749 2906 2814 δώδεκα
2937 2757 3116 2824 φυλῶν
3165 2757 3339 2808 ἐκεῖσε
3394 2751 3844 2824 μετοικισθέντας.

2306 2852 2618 2921 Περιττεύει
2651 2851 2707 2905 δὲ
2737 2851 2765 2903 ὁ
2794 2851 2918 2918 Γὰρ
2953 2849 3270 2916 σύνδεσμος.

2370 3113 2780 3186 Ἐγενήθησαν
2807 3113 2894 3178 εις
2919 3111 3245 3178 ἀντίληψιν
3268 3109 3388 3176 τοῖς
3419 3110 3567 3176 υίοῖς
3606 3110 3850 3174 Adit/Ei;

2303 3205 2617 3276 συμμαχίαν
2639 3221 2654 3238 ο
2686 3205 2833 3266 υίοῦς
2865 3203 2920 3256 δὲ
2942 3200 3063 3255 Λὼτ
3089 3201 3234 3268 λέγει
3288 3201 3414 3264 τοίρς
3446 3201 3738 3264 Μωαϐίτας
3765 3201 3850 3254 καὶ

666 3286 763 3352 vit,
799 3298 853 3340 et
895 3289 1258 3343 Ammonitas.
1305 3289 1396 3344 lla:
1448 3292 1645 3345 etenim
1701 3295 1949 3346 nationes
2001 3292 2205 3348 ιιιιιωίε

2317 3273 2676 3366 Ἀμμανίτας,
2708 3294 2784 3356 ὡς
2813 3295 3251 3363 προειρήκαμενο
3288 3286 3433 3344 οὗτοι
3487 3291 3594 3362 γὰρ
3620 3292 3850 3359 μάλιστα

665 3378 932 3446 praecipue
959 3378 1294 3459 invidebant,
1326 3388 1381 3436 et
1409 3381 1531 3436 ideo
1565 3381 1616 3436 in
1639 3397 1734 3438 eos
1765 3383 1901 3438 alias
1939 3390 2132 3452 gentes
2152 3387 2207 3440 in

667 3481 830 3519 unum
867 3467 1224 3538 collegerunt.

733 3555 895 3609 Vens.
933 3557 1016 3610 ιο.
1046 3556 1156 3610 Fac
1176 3561 1251 3612 eis
1288 3561 1423 3614 sicut
1472 3561 1710 3627 Madian,
1734 3574 1782 3616 et
1817 3561 2039 3627 Sisara,
2072 3564 2208 3617 sicut

663 3648 822 3703 Jabin
869 3653 920 3704 in
961 3661 1188 3708 torrente
1218 3656 1393 3709 Cison.
1436 3657 1768 3726 inprecatur
1815 3658 2083 3728 Propheta
2112 3662 2208 3714 ad-

664 3748 852 3823 verSus
875 3755 1064 3812 gentes
1095 3750 1344 3815 superius
1367 3759 1812 3815 connumeratas,
1838 3768 1954 3820 qua:
1974 3754 2210 3810 civitatis

663 3832 954 3889 Jerusalem
985 3836 1430 3892 instaurationem
1461 3837 1602 3894 ferre
1624 3855 1729 3894 non
1765 3851 2031 3910 poterant,
2053 3854 2212 3912 atque

669 3924 719 3975 in
736 3927 1050 3979 memoriam
1073 3927 1292 3982 illorum
1320 3929 1599 3982 hominum
1621 3931 1831 3983 ruinam
1857 3942 2092 3998 revocat,
2121 3934 2211 4002 qui

668 4013 975 4069 intimorum
1007 4017 1202 4085 populo
1228 4019 1358 4072 olim
1391 4020 1570 4074 infesti
1626 4020 1861 4086 fuerant,
1917 4030 1972 4076 et
2020 4031 2214 4092 prmter

669 4109 909 4161 omnium
944 4109 1255 4177 opinionem
1288 4110 1580 4180 perierant,
1616 4119 1880 4181 optatque
1931 4124 1988 4166 ut
2022 4114 2209 4169 eodem

600 4198 606 4204 ’
672 4206 830 4268 pacto
860 4214 1004 4252 nunc
1038 4199 1277 4267 prwdicti
1319 4216 1509 4254 omnes
1553 4214 1793 4265 pereant,
1825 4203 1895 4256 ob
1922 4204 2210 4273 malignam

632 4345 638 4365 1
669 4305 856 4342 eorum
897 4299 1129 4342 mentem
1165 4289 1218 4342 in
1248 4288 1488 4354 Iudaeos,
1532 4306 1641 4359 quo
1673 4291 1751 4344 illi
1781 4292 2111 4359 superiores.
2149 4293 2213 4347 Et

671 4396 763 4449 per
785 4379 994 4434 Madiau
1034 4381 1251 4448 quidem
1279 4379 1700 4434 Madianitarum
1723 4385 2022 4436 exercitum
2049 4382 2208 4436 intel-

671 4474 800 4542 ligit,
837 4489 993 4538 quem
1024 4474 1369 4526 multitudine
1425 4488 1488 4525 ac
1531 4473 1685 4541 copia
1729 4472 1956 4526 militum
2013 4481 2211 4526 terram

667 4563 942 4617 obtexissc
991 4563 1239 4630 legimus,
1269 4571 1325 4616 et
1362 4573 1537 4614 tamen
1573 4576 1599 4613 τι
1639 4563 1890 4615 trecentis
1925 4562 2076 4625 viris,
2106 4561 2209 4616 Ge-

665 4655 837 4708 deOue
865 4655 1027 4717 duce,
1067 4663 1405 4722 superatum,
1448 4661 1612 4720 atque
1637 4652 1722 4705 his
1742 4653 1956 4719 quidem
1985 4653 2206 4706 inermi-

669 4746 767 4796 bus
787 4745 1064 4806 omuibus,
1086 4742 1362 4808 lampades
1385 4748 1611 4803 tantum,
1638 4747 1688 4793 et
1713 4741 1869 4793 tubas
1892 4739 2208 4810 ferentibus,

670 4841 725 4885 ut
751 4833 801 4885 in
834 4833 970 4884 libro
991 4831 1244 4884 Iudicum
1278 4830 1526 4898 legimus.
1558 4829 1743 4882 Sisara
1783 4828 1892 4882 dux
1927 4830 2030 4883 fuit
2053 4844 2210 4884 exer-

669 4925 811 4976 citus
836 4921 991 4975 Jabiu
1019 4922 1159 4990 regis
1186 4909 1460 4974 Chanaan
1486 4919 1871 4988 potentissimi.
1902 4918 2212 4987 Noningen-

677 5025 759 5067 tos
797 5013 994 5067 ctenim
1048 5012 1258 5065 ferreos
1316 5026 1510 5064 currus
1571 5011 1802 5064 habebat
1854 5011 2000 5066 :hos
2031 5021 2207 5065 autem

673 5121 861 5158 OIIIIICS
894 5081 1170 5174 supcr'avit
1197 5102 1400 5154 Barach
1427 5103 1686 5156 adversus
1701 5118 1795 5156 eos
1815 5104 1970 5172 jussu
1993 5104 2212 5162 Deborte

617 5189 620 5193 ’
674 5197 966 5264 profectus,
1001 5211 1122 5263 qua:
1165 5195 1273 5248 illis
1298 5196 1627 5262 temporibus
1650 5195 1926 5262 judicabat
1955 5198 2212 5266 populum

673 5288 856 5342 lsrael.
906 5289 968 5340 Et
1019 5288 1260 5341 Sisaram
1301 5288 1518 5356 quidem
1575 5287 1870 5354 fugientem
1905 5287 2018 5341 Jael
2080 5305 2215 5361 uxor

671 5379 879 5432 Clraber
911 5378 1139 5444 hospitio
1161 5389 1438 5445 acceptum
1475 5393 1664 5433 somno
1695 5378 1912 5444 sOpivit,
1941 5392 2001 5430 ac
2022 5379 2213 5434 deinde

676 5470 866 5524 malleo
910 5479 964 5523 et
1000 5470 1154 5523 clavo
1192 5469 1336 5524 illius
1397 5481 1636 5538 tempora
1679 5470 1998 5537 penetravit,
2055 5479 2213 5539 atque

675 5564 778 5614 hoc
831 5571 988 5628 pacto
1024 5552 1299 5615 interemit
1334 5579 1346 5614 :
1383 5562 1497 5630 ipse
1553 5569 1733 5613 autem
1793 5559 1948 5613 Jabiu
1995 5563 2211 5618 occisus

2307 3391 2420 3452 τοῖς
2447 3386 2716 3451 Ἰουδαίοις
2747 3385 3023 3454 ἐφθόνουν,
3052 3384 3143 3437 καὶ
3172 3384 3242 3437 τὰ
3286 3383 3418 3438 ἄλλα
3440 3383 3567 3452 ἔθνη
3599 3385 3847 3452 συνήγει-

2311 3494 2434 3547 ραν.

2379 3567 2644 3633 Ποίησον
2670 3563 2870 3629 αὐτοῖς
2889 3559 2970 3626 ὠς
2994 3560 3067 3628 τῇ
3098 3560 3332 3630 Μαδιὰμ
3373 3560 3469 3613 καὶ
3505 3559 3584 3625 τῷ
3607 3559 3847 3629 Σισὰρᾳ,

2309 3660 2388 3724 ὡς
2418 3659 2497 3724 τῷ
2523 3660 2738 3727 Ἰαόείμ
2765 3659 2834 3711 ἐν
2859 3655 2936 3721 τῷ
2957 3655 3244 3726 χειμάῤῥῳ
3265 3653 3482 3709 Κισῶν.
3524 3655 3852 3726 Κατεύχτται

2307 3751 2417 3804 τῶν
2445 3752 2698 3820 ἀνωτέρω
2723 3748 3186 3820 ἁπηριθμημένων
3214 3747 3399 3807 ἐθνῶν,
3423 3747 3530 3798 τῶν
3560 3746 3854 3816 φθονησάνο

2310 3859 2417 3895 των
2457 3844 2521 3910 τῇ
2561 3838 2853 3892 ἀνανεώσει
2896 3839 2993 3906 τῆς
3037 3837 3261 3898 ’πόλεως
3286 3853 3299 3866 ’
3356 3835 3626 3904 μέμνηται
3677 3836 3732 3888 δὲ
3759 3836 3853 3902 τῆς

2311 3931 2585 3992 ἀπωλείας
2622 3929 2753 3991 τῶν¹
2785 3929 2950 3980 πάλαι
2980 3927 3403 3994 πολεμησάντων
3451 3927 3559 3986 τοῖς
3594 3924 3854 3994 Ἰσραηλί-
3888 3931 3892 3935 ’

2309 4038 2429 4083 ταις
2471 4020 2563 4072 καὶ
2593 4018 2906 4087 παραδόξως
2935 4015 3287 4070 ἀπολωλότων
3306 4032 3318 4044 ·
3357 4015 3452 4067 καὶ
3481 4013 3706 4084 τοιούτῳ
3734 4016 3852 4084 τρό-

2312 4129 2398 4181 πῳ
2441 4110 2772 4165 ἀπολωλέναι
2801 4109 2895 4162 καὶ
2931 4106 3149 4168 τούτους
3200 4105 3466 4176 βούλεται.
3502 4105 3730 4174 Μαδιάμ
3759 4108 3854 4175 μὲν

2313 4203 2420 4272 γάρ
2467 4204 2498 4270 ἡ
2531 4201 2756 4270 στρατιὰ.
2785 4200 2890 4250 τῶν
2919 4197 3234 4267 Μαδιηνέων
3260 4197 3366 4250 ἀπὸ
3395 4195 3488 4248 τοῦ
3521 4196 3744 4265 Μαδιάμ
3767 4192 3854 4249 οὔ·

2311 4310 2417 4356 τως
2441 4290 2822 4360 ὀνομασθεῖσα,
2855 4290 2920 4360 ἢν
2968 4289 3044 4357 τῷ
3087 4287 3277 4359 πλήθει
3302 4286 3398 4356 τὴν
3427 4287 3530 4356 γῆν
3561 4287 3855 4342 καλύπτου·

2315 4401 2413 4436 σαν
2441 4385 2470 4435 ὁ
2505 4380 2704 4434 Γεδεὼν
2739 4382 2795 4433 ὲν
2839 4379 3058 4448 ἀνδράσι
3089 4380 3418 4449 τριακοσίοις
3431 4378 3816 4448 κὲξωλόθρευσε
3837 4420 3854 4446 ,

2313 4476 2404 4528 καὶ
2429 4473 2634 4536 τούτοις
2655 4473 2872 4533 ἀόπλοις
2895 4489 2908 4501 ·
2939 4469 3224 4538 λαμπάδας
3259 4469 3426 4536 μόνας
3469 4470 3565 4521 καὶ
3628 4471 3852 4536 σάλπιγ-

2314 4582 2415 4631 γας
2444 4548 2871 4634 ἐπῖφερομένοις,
2906 4560 3033 4629 ὼςὴ
3063 4560 3168 4613 τῶν
3199 4561 3239 4611 Κ
3250 4559 3410 4628 ριτῶν
3437 4557 3615 4628 βίϐλος
3637 4562 3852 4631 ἱστορεῖ.

2322 4657 2380 4708 Ὀ
2400 4655 2601 4723 Σισάρίι
2639 4653 2696 4705 δὲ
2743 4650 3038 4720 στρατηγὸς
3067 4645 3132 4718 ἦν
3183 4650 3280 4718 τῆς
3303 4649 3582 4718 δυνάμεως
3629 4651 3852 4721 Ἰαὸεὶμ,

2309 4746 2569 4816 βασιλέως
2608 4746 2845 4807 Χαναὰν,
2874 4742 3008 4810 ἔχων
3035 4741 3251 4811 ἅρματα
3284 4741 3474 4810 σιδηρᾶ
3512 4742 3848 4796 ὲννεακόσιαο

2305 4835 2398 4897 οὒς
2433 4835 2524 4886 καὶ
2551 4834 2712 4902 ἄμφω
2741 4830 3144 4898 κατεπολέμησε
3189 4830 3392 4898 Rapax,
3424 4829 3730 4891 κελευσθεὶς
3757 4833 3853 4883 ὑπὸ

2305 4926 2556 4996 Δεϐώρας
2588 4928 2684 4996 τῆς
2712 4921 3001 4993 κρινούσης
3030 4922 3087 4972 ὲν
3128 4923 3238 4983 τοῖς
3264 4923 3474 4990 καιροῖς
3509 4909 3852 4985 ἐκείνοιςτὸν

2324 5018 2563 5086 Ἰσραήλ.
2593 5016 2700 5068 Καὶ
2720 5015 2808 5066 τὸν
2843 5013 2938 5080 μὲν
2967 5011 3170 5079 Σισάρα
3198 5011 3461 5078 φεύγοντα
3488 5012 3850 5082 ὑποδεξαμένη

2317 5111 2356 5178 ἡ
2399 5107 2542 5176 Ἰαὴλ
2578 5107 2611 5174 ἡ
2647 5104 2782 5174 γυνὴ
2818 5102 2999 5171 Χάόερ
3045 5101 3338 5170 ἐκοίμησε·
3391 5103 3482 5154 καὶ
3525 5103 3738 5172 σφῦραν
3767 5103 3853 5155 καὶ

2319 5198 2521 5252 πάσσα)
2533 5215 2588 5248 ον
2612 5195 2846 5248 λαϐοῦσα
2872 5192 3088 5260 διήλασε
3133 5191 3222 5244 τὸν
3249 5191 3516 5260 κρόταφον
3534 5191 3736 5256 “αὐτοῦ,
3765 5190 3853 5244 καὶ

2317 5290 2485 5349 οὕτως
2514 5288 2710 5342 ἀνεῖλε.
2745 5286 2847 5340 Τὸν
2875 5283 2931 5341 δὲ
2961 5283 3165 5352 ’1α6εἰμ
3185 5287 3212 5335 ὁ
3242 5282 3425 5352 Βαράκ
3446 5283 3741 5352 διέφθειρε,
3767 5282 3852 5335 καὶ

2317 5382 2413 5448 τὴν
2445 5378 2698 5448 στρατιὰν
2721 5372 2882 5428 αὐτοῦ
2911 5375 3086 5424 πᾶσαν
3117 5372 3434 5439 κατέκοψεν.
3468 5371 3610 5423 Ὀδὲ
3635 5361 3851 5442 χείμαρ-

2319 5477 2408 5543 po;
2439 5469 2620 5523 Κισῶν
2670 5467 2831 5528 τόπος
2871 5461 2940 5536 ἦν
2975 5468 3032 5517 ὲν
3065 5457 3108 5531 ᾧ
3150 5465 3178 5516 ὁ
3221 5464 3450 5532 πόλεμος
3499 5463 3724 5531 γέγονε·
3770 5463 3854 5515 καὶ

2317 5565 2488 5618 ταῦτα
2517 5561 2572 5612 δὲ
2600 5561 2633 5627 ὴ
2662 5556 2957 5625 δηλωθεῖσα
2994 5554 3166 5624 βίϐλος
3187 5553 3443 5608 διδάσκει.

677 5654 828 5708 fuita
869 5653 1096 5712 Barach.
1133 5654 1224 5722 qui
1257 5655 1568 5706 universum
1600 5669 1721 5707 cum
1758 5668 1878 5718 rege
1911 5655 2207 5709 exercitum
2249 5655 2552 5723 dissipavit.
2605 5651 2843 5704 Torrcns
2886 5656 3063 5700 autem
3111 5646 3273 5700 Cison
3323 5647 3600 5714 proximus
3655 5655 3744 5699 est
3805 5652 3853 5696 et

677 5750 1006 5812 continguus
1053 5746 1194 5812 loco,
1255 5747 1343 5800 ubi
1392 5747 1628 5814 puellum
1675 5745 1801 5798 illud
1858 5744 2206 5799 commissum
2246 5759 2347 5804 cst.
2379 5746 2502 5800 llzec
2528 5751 2706 5797 autem
2737 5743 2917 5792 omnia
2976 5739 3228 5793 distincte
3277 5737 3540 5792 habeantur
3608 5737 3661 5789 in
3726 5735 3853 5790 libro

678 5836 952 5892 Judicum.

751 5935 913 5990 Vens.
947 5936 1026 5989 ll.
1059 5937 1411 5990 Exterminati
1455 5945 1571 5989 stmt
1626 5937 1675 5987 in
1724 5935 1948 5989 Acutior.
2006 5935 2208 5989 Aeudol

2395 5924 2944 5998 Ἐξωλοθρεὸσησαν
2973 5927 3039 5978 ἐν
3073 5926 3334 5995 ’Δεῖ-δώρ.
3372 5927 3478 5983 Καὶ
3515 5920 3662 5988 οὗτος
3700 5924 3848 5980 τόπος
