4112 6322
620 426 727 487 863

1834 427 2210 488 EUTllYMII
2251 427 2609 486 ZIGABENI

3725 425 3829 489 884

621 545 843 609 cuntur.
901 551 932 589 n
971 536 1065 590 illo
1087 535 1228 589 enim
1261 537 1481 601 sarculo,
1527 539 1678 607 pravi
1739 553 1931 593 omnes
1973 539 2165 592 erube-

2276 536 2462 606 v'qpol,
2513 537 2988 607 δημοσιευομένων
3042 537 3224 600 αὐτοῖς
3282 537 3390 590 τῶν
3449 537 3664 608 ἔργων·
3735 540 3830 593 καὶ

625 635 808 690 Seent,
841 637 895 682 et
949 627 1379 692 confunduntur,
1435 629 1751 698 publicatis,
1787 643 1851 683 ac
1885 629 2177 699 divulgatis

625 734 814 771 eorum
869 718 1131 789 operibus
1193 737 1207 773 :
1259 728 1315 772 et
1366 717 1760 783 turbabuntur,
1829 719 1921 773 ubi
1974 719 2178 788 judicis

624 810 1014 876 constantiam,
1077 823 1142 863 ac
1197 810 1542 866 severitatem
1603 798 1857 874 viderint,
1897 820 1949 864 et
1981 809 2178 865 deinde

622 899 784 955 etiam
818 901 1135 968 punientur.

695 990 855 1044 Vsus.
892 991 977 1046 19.
1013 990 1080 1044 Et
1111 1001 1445 1060 cognoscant,
1474 990 1614 1060 quod
1644 1006 1824 1046 nomen
1863 991 1960 1044 tibi
2000 990 2180 1046 Domi-

624 1098 740 1138 nus.
773 1083 932 1134 Inviti
967 1082 1130 1152 igitur
1158 1082 1207 1135 id
1246 1094 1605 1152 cognoscant,
1631 1090 1751 1150 post
1783 1098 1943 1151 quam
1981 1094 2175 1152 sponte

613 1153 933 1226 ‘Imluerunl.

695 1261 771 1313 Tu
803 1262 946 1315 solus
969 1262 1262 1316 altissimus
1284 1263 1337 1314 in
1361 1279 1563 1317 omnem
1590 1271 1804 1316 terram.
1832 1263 1874 1316 Α
1897 1264 2174 1318 communi

621 1369 784 1408 sensu
813 1354 1138 1408 sumendum
1187 1365 1274 1410 est
1317 1355 1565 1415 verbum,
1632 1355 1977 1424 Cognoscant.
2009 1357 2176 1410 Addi-

620 1454 798 1509 scaut,
832 1445 1033 1513 inquit,
1062 1445 1207 1514 quod
1239 1455 1295 1499 tu
1337 1445 1487 1500 solus
1521 1445 1667 1500 Deus
1699 1462 1758 1500 es
1789 1447 1959 1500 totius
1990 1455 2171 1501 terrae.

592 1536 956 1593 'Altissimum
988 1546 1168 1591 autem
1214 1535 1380 1592 Deum
1415 1539 1648 1600 vocavit,
1698 1539 1863 1593 veluti
1894 1554 2175 1607 superem-

624 1627 837 1680 Iestmn.
909 1627 1097 1682 Potest
1157 1629 1321 1682 etiam
1380 1629 1469 1682 hic
1517 1629 1758 1697 psalmus
1801 1629 1867 1684 iis
1921 1631 2174 1687 omnibus

619 1718 1040 1784 accommodari,
1075 1720 1168 1790 qui
1197 1734 1294 1789 pro
1323 1719 1547 1774 Christo
1618 1721 2050 1790 persecutionem
2081 1739 2174 1777 su-

619 1809 862 1863 stineut.-

2279 627 2638 696 ταράσσονται
2670 627 2955 694 βλέποντες
2981 627 3073 680 τοῦ
3098 627 3352 681 δικαστοῦ
3378 629 3476 700 τὴν
3493 630 3827 700 ἀποτομίαν·

2280 712 2397 772 εἶτα
2429 718 2770 781 κολάζονται.
2825 791 2832 794 _

2350 1007 2457 1061 Kal
2482 1009 2800 1077 γνώτωσαν
2823 1010 2909 1063 ὅτι
2941 1010 3127 1080 ὄνομὰ
3153 1027 3249 1066 σοι
3281 1014 3510 1082 Κύριος.
3531 1014 3827 1071 Γνώτωσαν

2276 1098 2333 1164 ἐξ
2368 1101 2630 1172 ἀνάγκης,
2671 1102 2901 1172 ἐπείπερ
2952 1105 3014 1155 ἐκ
3069 1094 3441 1174 προαιρέσεως
3490 1107 3592 1159 οὐκ
3630 1108 3826 1180 ἠθέλη-

2277 1207 2396 1246 σαν.

2345 1281 2428 1334 Σὺ
2460 1282 2647 1350 μόνος
2692 1285 2948 1352 ὕψιστος
2972 1287 3069 1339 ἐπ.
3109 1286 3314 1363 πᾶσαν
3359 1289 3475 1357 τὴν
3521 1290 3658 1359 γῆν.
3691 1291 3826 1346 ’Δπδ

2277 1370 2452 1423 κοινοῦ
2494 1373 2555 1424 τὺ
2581 1373 2670 1425 xal
2693 1375 3051 1470 Prorrwo'ar,
3071 1379 3151 1431 ὅτι
3184 1380 3246 1432 σὺ
3277 1380 3436 1448 μόνος
3457 1383 3485 1434 ὁ
3502 1381 3632 1445 Θεὸς
3649 1383 3825 1454 πάσης

2274 1461 2372 1530 τῆς
2401 1463 2524 1531 γῆς.
2556 1461 2818 1533 Ὕψιστον
2860 1469 2967 1538 γὰρ
2999 1471 3088 1523 τὸν
3114 1472 3244 1525 Θεὸν
3274 1473 3521 1538 ἐκάλουν,
3552 1473 3629 1536 ὡς
3668 1477 3824 1528 ἐπου-

2277 1549 2456 1620 ράνιον
2515 1551 2765 1622 Ἀρμόζει
2819 1555 2875 1608 δὲ
2906 1558 2935 1608 ὁ
2959 1557 3170 1625 quam;
3200 1561 3295 1614 καί
3325 1563 3439 1625 τοῖς
3472 1563 3824 1632 διωκομένοις

2275 1643 2412 1712 ὑπὲρ
2443 1644 2698 1714 Χριστοῦ.

688 1898 750 1952 In
776 1901 932 1969 ﬁnem
961 1916 1054 1969 pro
1090 1902 1444 1956 torcularibus
1477 1903 1604 1971 ﬁliis
1652 1901 1803 1969 Core,
1842 1906 2099 1973 psalmus.

2311 1912 2413 1976 Εἰς
2447 1911 2512 1964 τὸ
2545 1911 2717 1991 τ-έλος
2744 1911 2894 1980 ὑπὲρ
2920 1912 3033 1966 τῶν
3065 1913 3268 1980 ληνῶν
3288 1913 3413 1980 τοῖς
3433 1913 3586 1978 υἱοῖς
3622 1915 3786 1982 Κορέ.

1050 1985 1390 2049 ῬδΑῐιΜυε
1433 1992 1714 2048 LXXXIII.

687 2079 1066 2151 Octogesimus
1121 2084 1285 2139 etiam
1335 2087 1580 2155 psalmus
1635 2088 1943 2159 hujusmodi
1978 2091 2173 2147 inseri-

618 2172 850 2240 plionem
892 2179 1118 2246 sortitus
1153 2187 1259 2232 est.
1339 2179 1418 2233 lbi
1474 2181 1595 2235 vide
1647 2183 2061 2250 expositionem.
2102 2184 2174 2241 De

617 2265 826 2317 eisdem
863 2267 1006 2320 enim
1075 2269 1444 2326 torcularibus
1495 2270 1764 2342 Propheta
1797 2283 1978 2332 uoster
2030 2293 2171 2332 nunc
2218 2282 2232 2300 ’

617 2355 878 2424 loquitur.

695 2449 852 2518 vsns_
891 2451 944 2505 2.
974 2452 1142 2517 Quam
1186 2453 1378 2509 dilecta
1404 2455 1744 2514 tabernacula
1803 2469 1916 2527 tua,
1956 2460 2172 2514 Domine

620 2541 866 2594 virtutum
891 2542 911 2595 .'
937 2542 1128 2609 Dictio,
1160 2562 1336 2612 quam,
1361 2547 1463 2602 hoc
1495 2549 1547 2602 in
1587 2550 1703 2604 loco
1731 2551 1867 2603 idem
1905 2553 2171 2620 signilicut

616 2634 762 2700 quod
800 2635 923 2690 alibi
964 2636 1228 2698 diximus.
1270 2639 1322 2691 in
1360 2641 1567 2706 psalmo
1601 2626 1772 2703 LXXII,
1816 2643 1885 2696 ibi
1923 2659 1942 2695 :
1998 2645 2168 2708 Quam

619 2724 781 2780 bonus
831 2725 965 2780 Deus
1015 2728 1116 2796 ipsi
1169 2728 1375 2784 Israel!
1424 2730 1528 2787 Per
1588 2735 1936 2788 tabernacula
1986 2748 2163 2789 autem

618 2817 876 2871 ecelxsias
909 2819 1185 2890 intelligit,
1214 2838 1333 2890 qua:
1369 2823 1534 2878 variis
1570 2825 1622 2877 in
1673 2824 1807 2880 locis
1843 2834 2170 2880 constructa:

610 2919 767 2967 sunt.
807 2921 860 2962 et
915 2912 966 2964 iu
1016 2913 1216 2982 quibus
1272 2914 1457 2969 divina
1512 2916 1763 2971 habitant
1821 2917 2166 2973 charismata.

620 2997 731 3053 llas
783 3003 981 3056 etenim
1048 3006 1342 3068 ecclesias,
1403 3009 1600 3062 mentis
1658 3010 1816 3065 oculo
1869 3011 2170 3080 praevidens

621 3089 885 3160 PrOpheta
938 3105 1146 3161 noster,
1196 3097 1388 3153 dilexit
1435 3115 1550 3155 eas.
1605 3102 1679 3156 De
1710 3101 1793 3156 bis
1826 3112 2007 3156 autem
2047 3120 2169 3157 ver-

621 3183 742 3238 bis:
781 3185 995 3240 Domine
1023 3185 1293 3255 virtutum,
1313 3191 1516 3244 dictum
1547 3199 1649 3252 est.
1679 3193 1731 3246 in
1755 3193 1961 3261 psalmo
1976 3209 2162 3250 usu.
2193 3217 2236 3275 α

550 3351 556 3357 _
689 3273 1039 3344 Concupisrit,
1077 3290 1122 3331 et
1151 3277 1327 3347 deﬁcit
1381 3282 1561 3334 anima
1607 3299 1722 3336 mea
1758 3285 1810 3336 in
1843 3284 1994 3337 aulas
2067 3285 2171 3338 Do-

621 3369 768 3424 mini.
825 3370 1018 3426 Auima
1065 3389 1182 3428 mea
1217 3373 1424 3435 deﬁcit,
1459 3377 1686 3444 cupiens
1741 3377 1806 3429 ad
1860 3376 2169 3445 huiusmodi

621 3461 880 3516 ecclesias
912 3465 1198 3532 pervenire
1232 3483 1246 3518 :
1277 3481 1415 3533 quas
1446 3468 1600 3520 aulas
1648 3468 1741 3521 Dei
1781 3468 1943 3520 etiam
1992 3470 2174 3537 appels

621 3553 773 3618 lavit,
806 3554 931 3622 quia
963 3555 1018 3608 in
1055 3557 1134 3610 eis
1169 3567 1440 3622 moratur,
1495 3574 1559 3613 ae
1619 3571 1974 3614 conversatur
2014 3561 2172 3614 Chri-

619 3652 759 3698 stus.
804 3646 919 3712 Vel,
953 3647 1157 3711 dellcit,
1203 3650 1304 3705 boc
1337 3661 1442 3716 est,
1469 3650 1793 3704 dissolvitur
1823 3666 1886 3706 ae
1913 3651 2171 3704 debilita-

623 3742 734 3794 tur.
790 3736 961 3788 nimio
1017 3738 1228 3792 scilicet
1297 3740 1520 3808 fatigata
1581 3741 1873 3795 desiderio.
1912 3742 2174 3795 Dicuntur

618 3824 760 3876 enim
804 3827 1059 3881 ardentes
1116 3839 1387 3882 amatores
1437 3828 1699 3890 delicere,
1744 3827 1836 3898 qui
1868 3837 2058 3882 amatm
2097 3830 2173 3884 rei

617 3913 1036 3985 disiunctionem
1071 3917 1214 3973 ferre
1244 3928 1547 3987 nequeunt.
1583 3920 1841 3988 Quisquis
1869 3921 2028 3975 etiam
2061 3936 2172 3975 cm—

619 4005 808 4060 lestem
842 4008 1048 4077 appetit
1072 4008 1299 4077 Regem,
1337 4012 1517 4066 dicere
1540 4021 1739 4080 potest,
1773 3993 2172 4080 quamamabi-

619 4092 686 4147 lia
718 4106 844 4151 sunt
871 4100 1223 4153 tabernacula
1260 4101 1351 4154 illa
1387 4109 1480 4155 tua
1527 4102 1940 4167 intellectualia,
1977 4119 2097 4171 qua:
2122 4103 2173 4156 in

617 4188 773 4242 cmlis
823 4200 950 4243 sunt
981 4193 1018 4245 ι
1053 4191 1178 4257 illae,
1219 4193 1462 4261 inquam.
1494 4195 1630 4250 aulae
1657 4196 1930 4252 cmlestes.
1959 4195 2175 4250 Concu-

618 4277 829 4347 piseere
865 4287 1042 4333 autem
1073 4281 1276 4348 posuit,
1307 4297 1408 4350 pro
1431 4283 1755 4339 Festiuare.

689 4369 792 4424 Cor
818 4387 986 4447 meum
1019 4380 1069 4425 et
1094 4388 1245 4438 caro,
1271 4390 1386 4426 mea
1409 4374 1804 4428 exsultaverunt
1830 4377 1881 4426 in
1914 4373 2075 4429 Deum
2102 4378 2177 4429 uio

618 4478 759 4515 vum.
791 4460 912 4516 Non
940 4463 1046 4516 hoc
1081 4471 1317 4527 tantum,
1357 4466 1553 4532 inquit,
1588 4466 1790 4527 accidit
1809 4467 2004 4521 anima:
2023 4482 2173 4530 meae,

2861 2002 3151 2056 ΨΑΛΜΟΣ
3180 2001 3303 2057 ΠΡ.

2342 2093 2452 2147 Kal
2496 2096 2523 2147 ὁ
2575 2094 2926 2165 ὀγδοηκοστὸς
2970 2095 3183 2164 ψαλμδς
3224 2095 3480 2166 τοιαύτην
3529 2095 3689 2166 ἔλαχε
3727 2095 3825 2166 τὴν

2271 2185 2616 2256 ἐπιγραφήν
2652 2187 2747 2240 καὶ
2781 2188 2932 2257 ζήτει
2983 2189 3134 2240 ἐκεῖ·
3165 2189 3295 2258 περὶ
3342 2188 3550 2242 τούτων
3599 2188 3693 2242 οὖν
3720 2188 3826 2242 τῶν

2271 2277 2444 2347 ληνῶν
2469 2279 2496 2330 ὁ
2526 2279 2690 2332 Δαόὶνδ
2717 2279 2812 2332 νῦν
2837 2279 3105 2346 διέξεισιν.
3455 2264 3460 2269 Ι

2351 2461 2444 2525 Ὠς
2480 2459 2751 2529 ἀγαπητὰ
2786 2461 2856 2514 τὰ
2907 2442 3268 2529 σκηνώματά
3316 2475 3454 2524 σου,
3500 2463 3678 2528 Κύριε
3714 2459 3828 2518 τῶν

2271 2551 2580 2619 δυνάμεων
2596 2553 2616 2604 !
2655 2551 2727 2604 Τὸ
2767 2552 2859 2618 Ὡς
2881 2551 3112 2604 ἐνταῦθα
3140 2553 3380 2605 τοιοῦτόν
3410 2555 3576 2616 ἐστιν,
3597 2550 3709 2608 οἷον
3735 2556 3825 2609 καὶ

2269 2641 2348 2704 τὸ,
2390 2641 2484 2705 Ὧς
2503 2641 2720 2707 ἀγαθὸς
2746 2643 2780 2694 d
2811 2641 2953 2706 Θεὸς
2976 2639 3053 2705 τῷ
3073 2640 3355 2709 Ἰσραήλ]
3377 2644 3482 2696 Καὶ
3513 2644 3666 2714 ζήτει
3691 2645 3824 2715 ψαλ-

2273 2729 2371 2798 μὸν
2403 2731 2499 2799 οβ’.
2544 2731 2878 2798 Σκηνώματα
2907 2731 2961 2783 δὲ
2999 2731 3142 2798 λέγει
3206 2732 3304 2795 τὰς
3338 2736 3477 2786 κατὰ
3505 2735 3670 2788 τόπον
3710 2737 3827 2789 Ἑκ-

2268 2822 2513 2889 κ).ησέας,
2532 2822 2590 2876 ὲν
2629 2816 2713 2885 αἶς
2738 2825 2769 2892 ἠ
2792 2823 2906 2874 θεία
2948 2825 3188 2876 κατοικεῖ
3217 2823 3373 2894 χάρις
3397 2839 3409 2852 ’
3444 2825 3508 2888 ἃς
3538 2843 3821 2897 προεωρα-

2270 2913 2380 2976 ad);
2405 2914 2432 2964 ὁ
2480 2915 2768 2983 Προφήτης
2796 2915 3072 2990 ἠγάπησε.
3115 2914 3248 2985 Περὶ
3283 2916 3338 2969 δὲ
3366 2915 3481 2970 τοῦ.
3511 2918 3688 2986 Κύριε
3708 2919 3823 2973 τῶν

2269 3005 2595 3076 δυνάμεων,
2631 3009 2842 3077 εἴρηται
2867 3009 2924 3060 ἐν
2961 3007 3038 3077 τῷ
3070 3007 3146 3060 οϐ’
3171 3004 3393 3078 ψαλμῷ.

2341 3277 2651 3331 Ἐπιποθεῖ
2676 3277 2773 3329 καὶ
2796 3273 3054 3330 ἐκλείπει
3074 3275 3111 3341 ἠ
3144 3274 3312 3344 ψυχή
3335 3292 3453 3343 μου
3474 3276 3560 3340 εἰς
3598 3275 3704 3342 τὰς
3723 3274 3826 3330 αὖ·

2270 3370 2383 3434 ,ιὰς
2403 3369 2508 3422 τοῦ
2531 3371 2772 3436 Κυρίου.
2812 3366 3099 3426 Ἐκλείπει,
3131 3366 3479 3434 ἀποδημῆσαι
3505 3366 3829 3440 γλισχομένη

2273 3461 2408 3528 ergo;
2439 3459 2639 3522 ταύτας
2661 3473 2676 3488 ο
2728 3459 2793 3518 ἃς
2823 3461 2914 3511 καὶ
2968 3458 3138 3521 αὐλὰς
3185 3459 3385 3525 ὁμοίως
3415 3456 3720 3527 ὠνόμασεν,
3756 3457 3828 3521 ὡς

2274 3551 2660 3620 ὲνδιαιτήματα
2690 3549 2781 3600 τοῦ
2811 3548 3067 3619 Χριστοῦ.
3102 3551 3170 3602 Ἦ
3201 3549 3516 3612 Ἐκλείπει,
3557 3549 3681 3602 ἀντὶ
3709 3546 3822 3612 τοῦ,

2285 3641 2583 3705 Ἑκλύεται,
2634 3642 2814 3694 ἀτονεῖ
2841 3641 2918 3709 τῷ
2946 3639 3183 3710 περιττῷ
3211 3639 3357 3708 πόθῳ
3384 3638 3828 3708 ταλαιπωρουμέ-

2272 3751 2359 3798 νη.
2407 3732 2638 3801 Λέγεται
2687 3733 2744 3785 δὲ
2783 3733 2843 3785 τὸ
2881 3733 3150 3785 ἐκλείπειν
3203 3731 3425 3784 ἐπὶτῶν
3454 3729 3676 3799 θερμῶν
3706 3731 3828 3800 ἐρασ-

2275 3823 2436 3887 στῶν,
2490 3824 2563 3892 μὴ
2621 3822 2932 3891 δυναμένων
2992 3821 3283 3889 ὑπομεῖναι
3318 3819 3397 3887 τῷ
3430 3817 3694 3895 χωρισμῷ
3722 3819 3826 3872 τῶν
3846 3857 3851 3869 μ,

2275 3901 2644 3984 ποθουμὲνων.
2694 3914 2802 3966 Kal
2838 3914 2942 3975 πᾶς
2971 3913 3027 3965 δὲ
3058 3915 3084 3964 ὁ
3113 3911 3205 3980 τῆς
3247 3909 3498 3977 οὐρανίου
3548 3908 3825 3962 καταπαύ-

2277 4025 2413 4070 σεως
2459 4008 2783 4077 ὀρεγόμενος
2819 4005 2959 4057 εἴποι
3002 4005 3068 4057 ἂν
3102 4003 3355 4071 ἀγαπητὰ
3390 4003 3726 4070 σκηνώματα
3759 4000 3825 4054 τὰ

2274 4103 2458 4169 νοητὰ,
2501 4102 2568 4153 τὰ
2596 4103 2652 4153 ὲν
2689 4099 2955 4167 οὐρανοῖς.
2987 4096 3065 4148 Τὰ
3090 4096 3144 4148 δὲ
3167 4095 3307 4148 αὐτὰ
3335 4095 3430 4149 καὶ
3455 4094 3647 4156 αὐλάς.
3673 4092 3832 4148 Ἐπι-

2275 4193 2445 4246 ποθεῖ
2465 4193 2542 4256 δὲ,
2582 4191 2700 4244 ἀντὶ
2732 4188 2849 4252 τοῦ,
2874 4189 3208 4255 Ἐπείγεται.

2361 4365 2430 4419 Ἦ
2451 4363 2658 4432 καρδία
2675 4381 2793 4432 μου
2827 4361 2925 4415 καὶ
2970 4362 3004 4429 vi
3052 4359 3206 4428 σάρξ
3243 4377 3361 4427 μου
3389 4357 3831 4436 ἠγαλλιάσαηο

2277 4457 2374 4510 ἐπὶ
2424 4457 2571 4510 Θεὸν
2604 4454 2806 4515 ζῶντα.
2845 4453 2952 4507 Kal
2975 4455 3071 4522 οὐχ
3102 4455 3134 4521 ἡ
3175 4453 3319 4521 ψυχή
3374 4468 3475 4518 μου
3509 4449 3648 4518 μόνη
3678 4447 3830 4502 τοῦτο

621 4555 715 4610 sed
743 4563 798 4610 ct
822 4571 1024 4626 corpus
1050 4572 1225 4612 meum
1261 4557 1316 4610 in
1339 4558 1558 4613 Christo
1587 4560 1824 4614 laetatum
1851 4568 1954 4614 est.
1980 4557 2170 4613 Vivum

2278 4546 2563 4607 πέπονθεν,
2595 4545 2733 4597 ἀλλὰ
2759 4549 2849 4598 καὶ
2875 4545 2935 4596 τὸ
2974 4542 3132 4613 σῶμα
3154 4543 3327 4612 ἐχάρη
3362 4542 3454 4594 ἐπὶ
3489 4540 3565 4612 τῷ
3591 4541 3829 4611 Χριστῷ.

623 4658 802 4700 autem
832 4648 974 4714 (seu,
998 4657 1059 4702 ut
1092 4648 1144 4702 in
1177 4647 1365 4703 Graeco
1391 4649 1643 4715 habetur,
1672 4651 1967 4721 viventem)
2008 4653 2172 4705 Deum

622 4738 934 4806 appellavit,
970 4749 1191 4808 propter
1223 4740 1368 4795 idola
1402 4756 1524 4809 quae
1567 4749 1782 4796 mortua
1812 4757 1936 4796 esse
1979 4743 2174 4797 dicun-

624 4841 769 4890 tur:
819 4830 900 4884 vel
962 4830 1090 4900 quia
1152 4846 1182 4886 a
1247 4834 1483 4888 mortuis
1541 4831 1803 4887 Christus
1861 4835 2179 4886 resurrexit.

625 4920 808 4974 Primo
838 4927 1020 4974 autem
1050 4936 1146 4976 cor
1173 4923 1352 4992 ipsum
1400 4924 1586 4980 laetitia
1612 4923 1866 4988 afﬁcitur.
1902 4933 1954 4979 et
1984 4923 2178 4978 deinde

623 5008 880 5080 gaudium
909 5010 961 5064 in
993 5012 1304 5068 universum
1339 5028 1543 5086 corpus
1574 5014 1914 5070 dill'unditur.

696 5099 859 5156 Vens.
889 5093 944 5158 4.
999 5103 1209 5159 Etenim
1247 5122 1428 5174 passer
1483 5109 1671 5162 invenit
1707 5109 1808 5160 sibi
1860 5108 2092 5170 domum,
2134 5118 2183 5164 et

624 5201 797 5246 turtur
818 5195 998 5249 nidum
1013 5197 1134 5264 sibi,
1173 5197 1264 5252 ubi
1292 5209 1449 5266 ponat
1480 5202 1654 5270 pullos
1676 5217 1821 5264 suos,
1848 5200 2044 5254 altaria
2071 5210 2180 5266 tua,

629 5281 846 5341 Domine
896 5287 1168 5340 virtutum.
1203 5287 1490 5345 Passerem
1523 5292 1762 5346 animam
1794 5292 2051 5360 appellat,
2094 5305 2183 5345 ve-

625 5375 721 5430 luti
755 5391 875 5444 qua:
906 5376 974 5432 ab
1025 5379 1379 5435 intellectuali
1441 5396 1674 5451 aucupe,
1735 5383 1970 5451 laqueis,
2024 5390 2185 5452 atque

625 5467 751 5530 aliis
785 5468 1176 5537 multiplicibus
1210 5471 1424 5528 insidiis
1452 5472 1751 5542 impetitur.
1791 5471 1982 5526 Anima
2012 5473 2182 5538 enim,

633 5558 832 5627 inquit,
858 5576 972 5615 mea
1004 5561 1136 5615 sicut
1164 5579 1347 5632 passer
1375 5575 1552 5630 erepta
1573 5573 1649 5618 est
1681 5565 1746 5619 de
1769 5565 1952 5636 laqueo
1989 5580 2183 5618 venan-

593 5720 595 5722 η
627 5653 756 5717 {ium
789 5654 831 5705 '.
873 5651 975 5708 Per
1003 5663 1274 5711 turturem
1313 5658 1478 5721 simili
1511 5657 1671 5713 modo
1717 5667 1925 5714 castam
1962 5641 2179 5712 onmem

601 5849 604 5854 ·
700 5833 892 5888 ἲῖἐυι.
918 5803 920 5805 δ
946 5852 1135 5900 cum.
1165 5836 1220 5890 7.

2297 4639 2610 4709 ’Λδιάφορος
2659 4638 2714 4690 δὲ
2760 4638 2792 4707 ἡ
2835 4636 3102 4701 σύνταξις.
3138 4637 3323 4689 Ζῶντα
3373 4633 3429 4686 δὲ
3475 4633 3638 4685 αὐτὸν
3690 4627 3833 4686 εἶπεν

2277 4732 2366 4785 διὰ
2392 4732 2456 4785 τὰ
2509 4731 2676 4799 νεκρὰ
2704 4730 2894 4783 εἴδωλα
2919 4746 2932 4758 ·
2968 4730 3001 4800 ἢ
3042 4727 3132 4780 καὶ
3163 4727 3238 4787 ὡς
3286 4725 3591 4779 ἀναστάντα
3649 4726 3714 4778 ὲκ
3752 4741 3833 4779 νε·

2281 4822 2448 4892 κρῶν.
2501 4821 2699 4890 Πρώτη
2732 4820 2788 4871 δὲ
2840 4820 2872 4883 ἡ
2927 4817 3123 4886 καρδία
3152 4816 3333 4887 χαξρει
3359 4831 3374 4845 ·
3403 4809 3530 4894 Ialm
3567 4813 3834 4883 διαχεῖται

2281 4916 2314 4981 ἡ
2357 4912 2499 4982 χαρὰ
2522 4913 2615 4964 καὶ
2639 4910 2731 4962 ἐπὶ
2759 4910 2820 4962 τὸ
2851 4908 2977 4976 ᾇ).λο
3011 4908 3191 4977 σῶμα.

2350 5093 2460 5148 Kal
2517 5095 2625 5162 γὰρ
2667 5090 2988 5158 στρουθίον
3029 5083 3203 5154 εὗρεν
3247 5084 3436 5151 ἐαυτῷ
3467 5087 3706 5153 οὶκίαν-ς,
3743 5083 3836 5140 καὶ

2279 5187 2508 5257 τρυγὼν
2530 5185 2787 5241 νοσσιὰν
2811 5179 3012 5248 ἑαυτῇ,
3047 5176 3118 5235 οὗ
3153 5179 3322 5248 θήσει
3356 5180 3426 5234 τὰ
3450 5181 3673 5235 νοσσία
3701 5180 3836 5232 ἐαυ-

2279 5277 2409 5344 τῆς,
2438 5277 2509 5330 τὰ
2533 5271 2925 5339 θυσιαστήριά
2970 5285 3105 5332 σου.
3137 5271 3308 5340 Κύριε
3334 5271 3452 5324 τῶν
3506 5267 3835 5336 δυνάμεων.

2287 5368 2570 5439 Στρουθίου
2619 5365 2773 5419 καλεῖ
2806 5365 2901 5433 τὴν
2950 5353 3433 5433 ὲπιὸοτυλευομένην
3477 5359 3658 5430 ψυχὴν
3717 5358 3836 5412 ’ὐπδ

2288 5461 2395 5514 τῶν
2429 5460 2634 5530 νοητῶν
2663 5457 2937 5527 θηρευτῶν
2966 5472 2980 5488 ⁸
3000 5459 3065 5509 Ἡ
3086 5455 3254 5527 ψυχὴ
3289 5457 3417 5524 γὰρ.
3453 5450 3837 5520 φησὶν,ήμῶν,

2289 5555 2368 5618 ὡς
2389 5553 2700 5617 στρουθίον
2718 5550 2975 5618 ἑρῤύσθη
3003 5548 3068 5602 ἐκ
3096 5547 3201 5614 τῆς
3227 5544 3475 5613 παγίδος
3489 5541 3607 5595 τῶν
3630 5545 3835 5609 θηρευι

2291 5645 2407 5702 τῶν
2431 5662 2443 5677 ’
2469 5646 2715 5718 Τρυγόνα
2745 5645 2819 5710 δὲ,
2842 5645 2938 5712 τὴν
2979 5641 3225 5711 σώφρονα
3251 5637 3444 5709 ψυχὴν,
3489 5636 3585 5690 καὶ
3613 5634 3832 5705 φιλήσυρ
