4112 6322
302 369 408 434 865

1444 382 1834 446 COMMENT.
1882 383 1963 461 lN
2005 358 2369 444 'PSALMOS.

3403 387 3511 451 806

300 495 410 548 χον,
440 484 534 535 καὶ
582 487 782 558 γοεράν
806 503 820 518 ·
852 482 920 558 ἧς
967 490 1176 556 νοσσία,
1216 489 1492 544 τουτέστιν
1531 490 1752 558 έκγονα,
1793 491 1848 543 αι

1950 493 2184 546 animam
2222 492 2503 562 intelligit,
2539 507 2658 562 que
2704 499 2758 548 et
2797 501 2991 550 masta
3021 494 3112 561 sit,
3161 503 3216 552 et
3266 498 3510 568 quietem

299 573 504 648 ἀρεταί.
539 569 628 629 Ἐν
655 579 774 641 ταῖς
809 578 1162 659 Ἐκκλησιαις
1218 582 1325 653 γὰρ
1364 582 1547 651 ἔχουσι
1577 583 1676 652 τὴν
1731 583 1856 635 σκέ-

303 686 409 738 πην
461 670 521 723 αι
563 670 809 725 τοιαῦται
861 671 1052 742 ψυχαί.
1105 668 1188 728 Οὗ
1234 673 1292 726 δέ
1329 673 1522 739 θήσει,
1565 674 1687 726 ἀντὶ
1738 673 1856 736 τοῦ,

304 761 473 814 Ὀπου
493 760 740 830 διαθήσει
773 763 866 815 καὶ⁹
885 764 1198 834 ἐνεργήσει.
1225 763 1330 816 Καὶ
1359 762 1530 826 ἄλλως
1558 762 1638 829 δὲ,
1661 778 1855 832 στρου-

303 851 412 904 θίον
441 851 542 920 μὲν
593 854 621 905 ὁ
648 853 1028 922 Χριστιανικδς
1055 854 1200 918 λαὸς,
1233 853 1714 924 ἐπιϐουλευόμενος
1750 853 1858 908 ὑπό

298 959 355 994 τε
383 941 493 995 τῶν
529 944 802 1014 αἰσθητῶν
850 946 945 998 καὶ
976 946 1182 1014 νοητῶν
1211 945 1509 1014 θηρευτῶν,
1563 944 1853 1013 δαιμόνων,

300 1034 460 1100 φημὶ,
505 1035 598 1087 καὶ
621 1033 924 1103 ἀνθρώπων
951 1035 1160 1088 ἀσεϐῶν
1188 1051 1202 1070 ·
1233 1034 1447 1107 τρυγὼν
1480 1036 1538 1089 δέ
1591 1037 1697 1098 πᾶς
1733 1036 1854 1089 ιπί-

300 1140 496 1188 σκοπος
548 1127 643 1179 καὶ
670 1125 985 1189 διδάσκαλος
1017 1127 1332 1190 εὐσεϐείας⁹
1386 1127 1438 1180 οἶ
1473 1129 1530 1180 ἐν
1570 1129 1691 1189 ταῖς
1735 1125 1859 1178 Ἐκ-

297 1215 549 1285 κλησίαις
611 1217 852 1270 τιθέασιν
912 1217 1006 1280 οὓς
1060 1219 1394 1286 ἀναγεννῶσι
1447 1218 1854 1288 πνευματικῶς.

297 1298 438 1374 Εὗρε
484 1308 612 1375 γὰρ,
635 1308 788 1375 φησὶ,
819 1308 881 1360 τὸ
913 1309 1010 1375 μὲν
1043 1309 1241 1370 οὶκίαν,
1265 1311 1298 1377 η
1325 1309 1383 1362 δὲ
1425 1310 1644 1362 νοσσιὰν
1671 1309 1741 1362 τὰ
1767 1308 1858 1361 θυ-

301 1397 589 1466 σιαστήριά
665 1414 796 1462 σου,
843 1399 1020 1451 εῖτουν
1060 1391 1155 1462 τὰς
1199 1399 1490 1468 ἐκκλησίας
1538 1417 1654 1466 σου,
1687 1400 1743 1452 ἐν
1773 1393 1860 1462 αἷς

299 1485 638 1558 καθεκάστην
665 1487 852 1542 θύεται
878 1491 905 1541 ὁ
932 1491 1300 1560 πνευματικὸς
1345 1491 1559 1560 Ἀμνός.

1963 593 2203 639 sectetur
2244 601 2260 636 :
2301 583 2461 654 cujus
2495 583 2651 654 pulli,
2685 583 2786 638 hoc
2812 593 2918 648 est.
2943 587 3102 654 cujus
3131 587 3252 651 lilii,
3287 589 3517 659 virtutes

1963 681 2109 726 sunt.
2142 669 2359 726 Habent
2387 681 2566 726 autem
2596 671 2913 740 huiusmodi
2942 674 3136 728 animae
3155 674 3208 728 in
3237 674 3516 739 Ecclesiis,

1963 763 2116 832 quasi
2152 761 2206 816 in
2234 761 2558 832 quibusdam
2585 763 2876 818 tutissimis
2905 764 3069 829 nidis,
3101 768 3513 832 protectionem,

1963 861 2127 923 atque
2158 851 2453 923 refugium.
2487 851 2589 906 Ubi
2616 865 2792 922 ponet,
2826 867 3005 911 autem
3042 857 3199 920 dixit,
3255 873 3374 925 pro,
3416 856 3515 911 Ubi

1958 947 2234 1014 disponet,
2277 955 2440 1015 atque
2470 945 2563 1000 ubi
2597 949 2936 1018 ope-rabitur,
2967 948 3277 1017 hujusmodi
3306 947 3518 1001 scilicet

1954 1037 2206 1092 virtutes.
2235 1037 2300 1090 Et
2321 1036 2479 1090 aliter
2510 1053 2527 1090 :
2558 1052 2747 1106 passer
2774 1047 2860 1092 est
2891 1039 3122 1108 populus
3147 1037 3513 1099 Christianus,

1956 1127 2046 1182 cui
2071 1136 2179 1182 tam
2209 1127 2625 1193 intellectuales,
2658 1143 2820 1198 quam
2849 1129 3040 1183 mundi
3080 1128 3247 1194 hujus
3292 1136 3516 1182 venato-

1957 1234 2068 1282 res,
2097 1221 2382 1277 daemones
2419 1221 2678 1275 nimirum
2704 1232 2867 1292 atque
2893 1221 3049 1292 itnpii
3079 1221 3348 1284 homines,
3377 1220 3516 1274 insi-

1960 1311 2204 1364 diantur.
2237 1310 2442 1366 Turtur
2474 1323 2658 1366 autem
2695 1322 2779 1366 est
2815 1313 3104 1381 episcopus
3135 1311 3384 1380 quilibet,
3426 1321 3520 1362 aut

1960 1399 2154 1455 doctor
2192 1401 2520 1456 Christiana
2555 1401 2856 1472 religionis,
2890 1403 2981 1471 qui
3005 1403 3059 1456 in
3093 1401 3350 1456 Ecclesiis
3377 1399 3517 1454 ﬁlios

1958 1493 2136 1560 ponit,
2165 1505 2302 1560 quos
2334 1507 2432 1560 per
2465 1494 2727 1562 Spiritum
2761 1501 3066 1564 regenerat.
3116 1493 3331 1548 invenit
3368 1492 3517 1547 enim-

305 1578 505 1648 inquit,
539 1597 731 1651 passer
779 1583 1022 1658 domum,
1058 1593 1112 1640 et
1163 1595 1342 1639 turtur
1390 1587 1601 1650 nidum,
1660 1585 1852 1639 altaria
1891 1585 2150 1639 nimirum
2184 1594 2296 1650 tua,
2335 1586 2437 1640 lioc
2484 1595 2590 1650 est,
2653 1587 2919 1642 ecclesias
2970 1595 3116 1651 tuas,
3188 1587 3240 1639 in
3316 1583 3514 1654 quibus

298 1677 526 1747 singulis
544 1679 734 1736 diebus
765 1681 1063 1750 spiritualis
1091 1683 1276 1751 Agnus
1303 1683 1637 1736 immolatur.

379 1773 440 1825 ὀ
465 1774 767 1842 βασιλεύς
793 1767 1051 1845 μου’και
1089 1779 1124 1830 ὁ
1177 1778 1318 1843 Θεός
1332 1793 1471 1846 μου.
1503 1771 1670 1837 Οὗτος
1693 1775 1720 1826 6
1745 1774 1857 1826 eri-

297 1881 387 1934 χος
412 1867 588 1918 κεῖται
612 1868 704 1919 καὶ
731 1869 788 1919 ἐν
817 1863 898 1937 τῷ
934 1865 975 1919 ε’
1003 1866 1225 1936 ψαλμῷ.
1253 1857 1260 1865 ’

365 1957 651 2026 Μακάριοι
690 1962 745 2014 οι
793 1959 1212 2024 κατοικοῦντες
1265 1959 1336 2010 ἐν
1374 1956 1452 2021 τῷ
1505 1957 1650 2021 οἴκῳ
1708 1971 1848 2008 σου.

2027 1769 2137 1822 Rex
2160 1783 2303 1822 meus
2333 1776 2381 1821 et
2411 1767 2549 1820 Deus
2588 1781 2757 1822 metis.
2801 1764 3122 1822 Versiculus
3152 1764 3255 1820 iste
3286 1763 3516 1818 lialictul'

1951 1861 2116 1914 etiam
2150 1859 2203 1909 in
2233 1857 2425 1924 quinto
2451 1857 2684 1924 psalmo.

2019 1947 2184 2002 Vens.
2224 1946 2278 1999 5.
2322 1944 2498 2010 Beati,
2534 1946 2888 2015 quihabitattt
2917 1947 2975 1999 in
3006 1945 3174 1999 domo
3206 1954 3320 2001 tua.
3369 1944 3513 1999 Con-

307 2046 460 2100 ’E1:s\
506 2049 617 2119 γὰρ
648 2049 809 2111 αὐτὸς
837 2051 866 2101 ὁ
901 2048 1065 2100 Δαϐὶδ
1117 2047 1430 2115 ἐπεθύμησε
1488 2047 1584 2114 μὲν
1636 2046 1715 2106 είς
1753 2046 1849 2107 τὰς

1953 2039 2155 2104 cupivit
2190 2035 2410 2105 quidem
2444 2038 2639 2091 beatus
2668 2035 2834 2090 David
2889 2036 3119 2090 introire
3144 2035 3197 2089 in
3229 2036 3384 2088 aulas
3408 2035 3514 2088 Do-

245 2146 249 2150 ’
295 2137 626 2206 δηλωθεὶσας
675 2139 844 2201 αὐλὰς
896 2137 1175 2200 εἰσελθεῖν,
1221 2137 1411 2206 πόρῤω
1453 2135 1510 2187 δέ
1541 2131 1628 2204 ἦν,
1665 2133 1850 2186 λοιπδν

299 2229 734 2299 μακαρίζειτοὺς
772 2230 1158 2292 κατοικοῦντας
1203 2231 1261 2281 ἐν
1285 2229 1498 2286 αὑταῖς.
1529 2223 1688 2278 Οἱκον
1745 2224 1854 2291 γὰρ

295 2321 386 2373 τοῦ
417 2320 654 2391 Χριστοῦ
719 2321 918 2384 ταύτας
958 2320 1290 2386 ὑποληπτέον
1312 2336 1324 2348 ο
1359 2317 1660 2383 ἀδιαφόρως
1691 2315 1744 2366 δὲ
1778 2310 1854 2366 oi-

295 2426 389 2462 κον
423 2412 514 2462 καὶ
572 2412 753 2475 οἴκους
792 2412 981 2480 εἴρηκε
1007 2426 1020 2439 ⁸
1056 2413 1174 2472 ταῖς
1213 2408 1441 2477 μὲνγὰρ
1483 2407 1736 2466 τοπικαῖς
1769 2404 1855 2454 θέ-

277 2514 414 2550 .σεσι
475 2500 658 2552 πολλοὶ
703 2501 837 2552 εἰσιν
862 2496 998 2552 οἶκοι
1042 2502 1108 2568 τῇ
1142 2497 1390 2567 εὐσεϐείᾳ
1428 2497 1500 2556 ,δὲ
1547 2497 1641 2554 καὶ
1667 2511 1855 2545 κοινωο

296 2589 383 2658 νεᾳ.
412 2589 509 2654 τῆς
537 2576 768 2653 πεστεωνς
794 2584 873 2653 εἷς
905 2592 952 2642 oi
977 2588 1261 2657 ἅπανταχῆ
1287 2588 1663 2656 τυγχάνουσιν.

1959 2127 2114 2187 mini,
2149 2139 2286 2204 quas
2324 2125 2584 2190 diximus,
2616 2135 2671 2181 et
2698 2138 2881 2181 tamen
2922 2126 3113 2196 procul
3148 2126 3217 2180 ab
3265 2125 3349 2178 eis
3381 2139 3514 2178 eon-

1947 2219 2080 2274 stitii
2104 2218 2323 2286 (mentis
2359 2217 2534 2272 oculis
2565 2227 2771 2272 tantum
2790 2217 3224 2286 cernens),quod
3246 2217 3512 2283 reliquum

1947 2318 2030 2361 est
2069 2309 2230 2376 igitur
2263 2309 2384 2363 illos
2410 2309 2650 2377 appellat
2674 2308 2865 2364 beatos
2917 2308 3010 2378 qui
3063 2308 3176 2363 illic
3219 2308 3512 2362 habitaturi

1948 2409 2124 2454 erant.
2152 2398 2255 2452 Per
2273 2400 2490 2453 domum
2508 2401 2655 2454 enim
2682 2399 2797 2466 Dei,
2823 2400 2923 2453 bas
2943 2401 3086 2469 ipsas
3109 2401 3284 2461 aulas.
3308 2385 3517 2454 Christi

1955 2492 2212 2545 nimirum
2241 2492 2509 2546 ecclesias
2545 2491 2860 2562 intelligere
2891 2491 3173 2548 debemus.
3200 2489 3516 2545 lndil'ieren-

1958 2593 2041 2636 ter
2080 2591 2260 2635 autem
2293 2583 2556 2651 singulari
2588 2598 2840 2646 numero,
2884 2592 2938 2638 et
2972 2583 3168 2651 plurali
3221 2598 3352 2637 usus
3383 2592 3511 2644 est';

295 2682 546 2749 quoniam
572 2682 614 2734 si
639 2681 752 2733 loca
773 2679 1054 2747 respicias,
1108 2679 1353 2732 ecclesias
1406 2691 1638 2730 numero
1700 2675 1883 2744 plures
1920 2680 2098 2726 sunt:
2169 2674 2214 2726 si
2269 2673 2583 2741 religionem
2634 2681 2688 2727 et
2749 2673 2876 2728 fidei
2925 2675 3506 2742 communicationem,

297 2772 471 2824 omnia
511 2756 628 2835 qua:
674 2770 875 2838 ubique
924 2770 1166 2822 locorum
1217 2779 1345 2822 sunt
1388 2765 1606 2835 templa,
1668 2780 1828 2817 unam
1870 2765 2209 2816 constituunt
2239 2763 2474 2817 ﬁdelium
2507 2763 2832 2818 Ecclesiam.

356 2866 456 2930 Εις
509 2864 650 2929 τοὺς
685 2865 904 2930 αἰῶνας
935 2866 1054 2917 τῶν
1100 2862 1328 2918 αιώνων
1354 2861 1688 2915 αινέσουσι.
1748 2859 1845 2912 Διὰ

295 2955 493 3018 παντὸς
530 2954 950 3008 ἀκατάπαυστον
973 2952 1154 3016 ἕξουσι
1183 2951 1278 3022 τὴν
1307 2951 1405 3019 σὴν
1435 2949 1724 3019 ὑμνῳδίαν.

363 3045 665 3114 Μακάριος
705 3047 861 3113 ἀνὴρ
881 3039 929 3112 ᾧ
965 3047 1134 3099 ἐστιν
1161 3045 1484 3110 ἀντίληψις
1512 3041 1672 3104 αὐτῷ
1692 3041 1852 3106 παρὰ

294 3137 429 3191 σοῦ.
461 3135 737 3206 Μακάριος
791 3139 1016 3202 ἐκεῖνος,
1073 3127 1223 3202 ᾧτινι
1259 3133 1408 3203 αὐτῷ
1457 3135 1572 3185 ἐστι
1627 3130 1850 3200 βοήθεια

295 3234 400 3286 ἀπὸ
445 3233 566 3286 σοῦ.
597 3229 729 3303 Περὶ
777 3233 833 3285 δὲ
857 3233 952 3284 τοῦ
992 3232 1268 3299 σχήματος
1303 3228 1492 3280 τούτου
1538 3226 1750 3295 εἴρηται
1787 3227 1844 3277 ἐν

295 3323 370 3392 τῷ
387 3323 586 3393 ψαλμῷ
603 3325 669 3387 θ’,
700 3325 777 3386 εἰς
793 3325 874 3376 τὸο
896 3319 976 3378 Οὖ
1001 3322 1146 3389 ἀρᾶς
1161 3322 1227 3373 τὸ
1247 3320 1440 3388 στόμα
1458 3318 1643 3371 αὐτοῦ
1661 3315 1842 3385 γέμει.

362 3417 610 3480 Ἀναϐὰς
641 3417 710 3468 ἐν
738 3413 810 3481 τῇ
841 3412 1051 3480 καρδίᾳ
1071 3411 1256 3465 αὑτοῦ
1295 3409 1539 3465 διέθετο.
1586 3409 1642 3459 '0
1670 3406 1843 3458 τοιοῦο

2029 2855 2090 2908 1η
2111 2858 2304 2909 swcula
2329 2858 2639 2910 swculorum
2659 2857 2947 2912 laudabunt
2971 2869 3038 2914 te.
3061 2858 3287 2927 Semper
3311 2872 3373 2913 ac
3393 2873 3513 2928 per-

1954 2957 2120 3014 petuo
2150 2947 2336 3001 laudes
2373 2957 2492 3002 tuas
2523 2949 2576 3001 in
2608 2963 2702 3002 ore
2737 2950 3035 3003 habebunt.

2025 3035 2185 3089 Vsus.
2214 3037 2268 3089 6.
2303 3035 2498 3090 Beatus
2523 3039 2621 3102 vir,
2656 3038 2742 3090 cui
2774 3047 2850 3090 est
2873 3040 3134 3091 auxilium
3156 3041 3206 3093 ei
3231 3039 3320 3093 abs
3351 3049 3419 3093 te.
3447 3038 3505 3092 ln

1954 3123 2055 3176 hoc
2082 3124 2357 3179 versiculo
2383 3125 2586 3179 idiuma
2634 3126 2908 3194 quoddam
2945 3125 3271 3181 Hebraicum
3299 3138 3404 3192 est,
3430 3128 3504 3182 illi

1949 3214 2148 3278 simile,
2181 3217 2325 3284 quod
2350 3215 2589 3269 vidimus
2617 3216 2669 3268 in
2711 3217 2917 3284 psalmo
2950 3233 3024 3280 Ix,
3055 3217 3126 3271 ibi
3159 3216 3360 3286 :Cujus
3391 3236 3508 3272 rna-

1946 3305 2223 3359 ledictione
2243 3322 2300 3358 os
2324 3306 2436 3374 ejus
2453 3305 2666 3382 plenum
2697 3315 2814 3366 est;
2845 3306 2932 3360 ubi
2952 3308 3106 3361 wide.

2014 3398 2352 3450 Arcensiones
2379 3398 2433 3450 in
2453 3397 2609 3449 corde
2637 3413 2733 3449 suo
2763 3397 3043 3465 disposuit.
3075 3396 3244 3464 Talis,
3262 3401 3502 3471 inquam,

293 3525 380 3569 τος
412 3473 696 3575 ἄνθρωπος
747 3473 1040 3566 ἀναϐάσεις
1091 3503 1197 3555 ἀπὸ
1234 3502 1343 3554 τῶν
1396 3500 1602 3570 γηΐνων
1635 3499 1726 3550 ἐπὶ
1779 3497 1846 3548 τὰ

1949 3489 2112 3541 homo
2149 3489 2479 3558 excogitavit
2523 3488 2666 3541 intra
2699 3502 2758 3543 se
2795 3488 3022 3558 gradus,
3049 3498 3212 3555 atque
3243 3506 3512 3548 ascensus

294 3595 538 3663 οὐράνια,
565 3592 792 3646 καὶ“ἀπδ
820 3592 928 3644 τῶν
958 3591 1229 3660 αἰσθητῶν
1282 3590 1375 3644 ἐπὶ
1411 3590 1502 3642 τὰ
1532 3587 1715 3655 νοητὰ,
1753 3588 1846 3638 καὶ

294 3687 400 3739 ἀπὸ
427 3686 532 3737 τῶν
565 3685 820 3753 χειρόνων
866 3685 958 3736 ἐπὶ
995 3684 1062 3736 τὰ
1093 3682 1396 3752 κρείττονα,
1426 3680 1482 3731 ἐν
1517 3680 1692 3748 ἐαυτῷ
1733 3679 1844 3729 διε-

299 3777 664 3850 μηχανήσατο,
705 3767 1033 3843 διενοήσατο,
1085 3771 1504 3826 κατεσκεύασεν.
1546 3765 1666 3821 Εἶεν
1693 3769 1736 3821 δ’
1779 3769 1844 3820 ἂν

297 3869 434 3922 αὐτὰ
487 3869 535 3919 οἱ
569 3865 762 3934 ἀγαθοὶ
803 3867 1071 3934 λογισμοὶ,
1101 3864 1167 3916 δι’
1198 3858 1272 3916 ὧν
1306 3862 1478 3918 ἄνεισι
1505 3878 1609 3924 τις,
1649 3861 1721 3921 ὼς
1757 3859 1844 3911 διὰ

295 3957 576 4025 κλίμακος,
633 3959 724 4010 ἐπὶ
758 3958 824 4009 τὰ
874 3956 1052 4024 ὑψηλὰ
1081 3956 1172 4008 καὶ
1203 3954 1342 4006 θεῖα.
1405 3953 1707 4021 Μακάριος,
1737 3968 1843 4018 φη-

296 4049 399 4112 σίν,
430 4049 458 4101 ὁ
480 4053 578 4120 τὴν
605 4049 701 4118 σὴν
731 4047 866 4116 ἔχων
891 4046 1196 4116 ἀντίληψιν.
1219 4046 1373 4112 Ἔχει
1403 4043 1460 4096 δὲ
1509 4044 1710 4112 ταύτην
1734 4043 1842 4103 πᾶς

294 4142 320 4192 ὁ
341 4140 629 4202 ἀναϐάσεις
657 4142 714 4192 ἐν
742 4141 807 4209 τῇ
837 4137 1032 4207 καρδίᾳ
1069 4136 1458 4205 διατιθέμενος.

362 4315 467 4379 Εις
523 4313 642 4380 τὴν
691 4309 1102 4364 κοιλάδα-τοῦ
1151 4306 1560 4378 κλαυθμῶνος.
1624 4307 1842 4360 Διέθετο

293 4405 496 4468 ταύτας
523 4406 579 4456 ἐν
603 4403 778 4474 ἑαυτῷ
806 4403 902 4465 τὰς
923 4401 1234 4463 ἀναϐάσεις,
1259 4399 1332 4453 ὣν
1363 4402 1423 4452 ἐν
1451 4400 1526 4464 τῷ
1557 4413 1712 4470 τοπῳ
1746 4417 1838 4452 του

292 4493 641 4562 κλαυθμῶνος
679 4508 693 4522 ·
725 4493 940 4563 εἴρηται
996 4492 1052 4543 δέ
1100 4490 1283 4552 κοιλὰς
1330 4488 1678 4558 κλαυθμῶνος
1735 4490 1841 4541 ἀπὸ

296 4586 605 4654 μεταφορᾶς
628 4582 719 4635 τοῦ
746 4583 934 4649 τόπου,
962 4586 1020 4634 ἐν
1136 4581 1304 4633 πάλαι
1350 4579 1450 4650 τὴν
1500 4581 1841 4648 παρανομίαν

293 4675 400 4725 τῶν
451 4673 715 4741 Ἐϐραίων
759 4671 980 4738 ἐλέγξας
1034 4672 1061 4721 ὁ
1106 4671 1256 4731 Θεὸς,
1315 4671 1392 4731 si;
1439 4669 1712 4738 κλαυθμὸν
1749 4670 1838 4722 τὸν

292 4765 419 4816 λαὸν
459 4764 677 4833 ἐκίνησε
709 4777 723 4790 ·
749 4762 828 4814 διὸ
856 4762 946 4813 καὶ
982 4762 1195 4825 Κοιλὰς
1237 4758 1622 4828 κλασυθμῶνος
1669 4761 1696 4811 ὁ
1740 4761 1828 4812 τό·

295 4871 390 4916 πος
411 4855 613 4913 ἐκεῖνος
642 4853 867 4922 ἐκλήθη.
900 4851 1095 4912 Koma;
1125 4850 1181 4901 δὲ
1239 4850 1298 4901 τὸ
1325 4851 1502 4901 κοῖλον
1533 4852 1625 4900 καὶ
1648 4867 1835 4901 ταπει·

295 4947 382 5000 νόν
413 4961 426 4974 ⁸
491 4947 549 4998 ἐν
607 4946 934 4998 ταπεινώσει
981 4943 1037 4996 δὲ
1095 4945 1300 5010 γίνεται
1358 4943 1392 5010 ἡ
1448 4942 1724 5009 μετάνοια,
1776 4941 1840 5010 ἢν

295 5039 650 5107 ἁναγωγικῶς
705 5039 870 5107 δηλοῖ.
927 5038 1033 5090 Καὶ
1088 5037 1194 5105 γὰρ
1238 5036 1396 5096 τόπος
1449 5033 1840 5101 κλαυθμῶνος,

296 5129 651 5197 ἀναγωγικῶς
680 5129 712 5198 ὴ
740 5129 1011 5196 μετάνοια.
1032 5173 1040 5181 ,
1225 5142 1308 5184 es“;

1947 3581 2213 3648 quosdam
2266 3596 2293 3632 ιι
2335 3579 2685 3634 sensibilibus
2725 3581 2792 3634 ad
2838 3579 3243 3647 intellectualis,
3282 3596 3312 3636 a
3354 3583 3504 3652 pejo-

1948 3673 2097 3725 ribus
2132 3672 2196 3724 ad
2247 3673 2494 3727 meliora.
2556 3670 2695 3726 Sunt
2730 3681 2910 3727 autem
2953 3673 3071 3728 ista:
3127 3676 3498 3734 ascensioizcs.

1943 3763 2099 3817 bona:
2126 3763 2372 3833 quaedam
2410 3765 2791 3834 cogitationes,
2841 3749 2962 3832 per.
2991 3779 3128 3833 quas
3189 3766 3355 3819 veluti
3406 3778 3510 3836 per

1943 3857 2142 3912 scalam
2172 3856 2440 3924 gradatim
2467 3855 2535 3909 ad
2569 3856 2676 3909 alta
2705 3863 2757 3909 et
2796 3856 2976 3910 divina
3007 3857 3148 3910 dona
3180 3843 3524 3912 conscendi?

1944 3965 2085 4002 mus.
2122 3946 2319 4001 Beatus
2345 3948 2550 4016 itaque,
2578 3947 2772 4016 inquit,
2805 3948 2895 4002 ille
2923 3956 3028 4013 est,
3054 3949 3146 4018 qui
3175 3949 3377 4002 auxilio
3407 3961 3510 4004 tuo

1943 4057 2001 4096 se
2030 4040 2440 4110 potestjuvare.
2490 4037 2568 4092 llli
2611 4049 2794 4093 autem
2849 4041 3110 4094 auxilium
3161 4050 3310 4095 tuum
3358 4058 3507 4112 prae-v

1944 4142 2028 4184 sto
2079 4130 2261 4194 fuerit,
2313 4127 2412 4200 qui
2444 4130 2796 4184 ascensiones
2823 4130 2956 4186 istas
2982 4131 3037 4185 in
3067 4145 3166 4185 suo
3190 4130 3351 4186 corde
3375 4133 3496 4189 dis-v

1942 4221 2206 4292 posuerit.

2011 4311 2073 4366 In
2104 4310 2236 4364 valle
2261 4310 2638 4380 lacrymarsm.
2670 4310 2950 4380 Disposuit
2997 4319 3178 4368 autem
3227 4313 3279 4367 in
3315 4313 3508 4384 seipso

1941 4402 2250 4473 hujusmodi
2295 4403 2668 4467 ascensiones,
2718 4403 2994 4458 exsistcns
3049 4403 3104 4456 in
3155 4404 3274 4458 loco
3323 4405 3497 4474 lacry—

1940 4509 2168 4562 "lal‘lllli.
2201 4490 2366 4545 Vallis
2390 4502 2568 4545 autem
2599 4492 2990 4561 laerymarum,
3019 4507 3112 4546 seu
3143 4493 3295 4546 vallis
3315 4492 3502 4558 nctus,-

1940 4583 2304 4651 metapliorice
2353 4581 2497 4634 dicta
2537 4589 2625 4634 est
2649 4583 2722 4635 a-b
2763 4581 2853 4634 illo
2885 4565 3030 4646 loco,
3063 4581 3155 4638 ubi
3185 4584 3314 4636 olim
3353 4583 3506 4637 Deusv

1941 4674 2285 4727 Hebraeorum
2318 4672 2633 4741 iniquitates
2672 4673 3029 4740 redarguens,
3050 4675 3308 4741 populum
3341 4689 3492 4727 com-

1939 4766 2105 4839 movit
2129 4765 2199 4816 ad
2233 4763 2417 4817 ﬂetum
2459 4781 2472 4817 :
2510 4763 2652 4817 unde
2688 4762 2857 4816 Vallis
2887 4765 3041 4832 ﬂetus
3086 4765 3390 4832 appellatus
3411 4774 3498 4818 est;

1941 4858 2090 4911 loeus
2126 4857 2234 4909 ille.
2274 4857 2339 4910 Et
2374 4857 2501 4925 quia
2554 4856 2926 4922 cujuscunque
2961 4856 3112 4908 vallis
3149 4857 3286 4909 situs
3317 4855 3500 4908 liumi-v

1943 4951 2145 5003 litalem
2182 4963 2290 5016 pne
2320 4964 2376 5002 se
2402 4948 2526 5011 fert,
2561 4949 2818 5002 docemur
2845 4947 2987 5015 quod
3015 4963 3139 5000 cum
3192 4947 3503 5019 litunilitage'

1949 5041 2148 5108 agenda
2191 5050 2279 5092 est
2340 5040 2519 5092 omnis
2572 5039 2910 5108 poenitentia.
2982 5037 3056 5091 De
3111 5025 3505 5104 pmnitentilius-

1947 5129 2088 5180 enim
2139 5131 2377 5197 loquitur
2427 5128 2695 5196 Propheta
2766 5142 2862 5182 eos
2914 5129 3229 5182 beatiﬁcans
3285 5127 3375 5196 qui
3437 5127 3502 5179 iis

299 5223 432 5277 valle
493 5223 850 5290 laerynmrum
927 5223 1269 5276 ascensiones
1329 5215 1693 5285 disposuerint
1761 5217 1812 5269 in
1852 5221 2030 5275 corde.
2065 5221 2194 5273 Nam
2227 5225 2376 5290 juxta
2443 5235 2724 5290 auagogen
2793 5221 2932 5273 idem
2999 5220 3158 5272 nobis
3204 5219 3494 5288 signiﬁcat.

295 5311 450 5367 villis
479 5309 659 5373 ﬂetus,
687 5309 828 5379 quod
866 5311 1192 5378 pmnitcntiae
1217 5309 1384 5361 locus.

361 5407 464 5470 Εἰς
512 5406 717 5468 τόπον,
771 5404 840 5455 ὃν
891 5403 1074 5457 ἔθετο.
1129 5404 1219 5454 Ὧν
1285 5405 1342 5453 ὲν
1402 5403 1468 5470 τῇ
1503 5401 1705 5454 κοιλάδι
1748 5401 1840 5452 τοῦ

298 5495 646 5565 κλιυθμῶνος
670 5510 682 5524 ⁶
713 5494 910 5564 δηλαδὴ
939 5498 994 5547 ἐν
1023 5493 1192 5563 τόπῳ,
1223 5492 1279 5544 ὃν
1315 5491 1466 5543 ἔθετο
1499 5491 1695 5561 ἐαυτῷ,
1727 5491 1759 5560 ἢ
1785 5484 1864 5542 ὃν’

295 5585 487 5639 εἵλετο.

366 5677 469 5732 Καὶ
498 5676 605 5746 γὰρ
642 5680 918 5745 εὐλογίας
947 5677 1122 5729 δώσει
1171 5681 1200 5729 ό
1243 5678 1592 5745 νομοθετῶν.
1654 5675 1841 5727 Μακά.

301 5784 421 5835 ριοι,
455 5769 637 5838 φησὶν,
672 5771 719 5820 oi
752 5769 1002 5839 ῥηθέντες
1029 5783 1042 5795 ⁸
1079 5767 1170 5820 καὶ
1200 5768 1304 5835 γὰρ
1330 5768 1422 5821 καὶ
1471 5770 1496 5818 ὁ
1544 5766 1772 5836 Χριστὸς
1814 5769 1840 5817 ὁ

2010 5402 2074 5454 In
2110 5403 2242 5466 loco,
2289 5418 2439 5469 quem
2482 5401 2680 5469 posuit.
2711 5399 2992 5454 Exsistens
3037 5400 3089 5453 in
3128 5401 3262 5454 valle
3306 5397 3497 5455 ﬂetus.

1939 5502 2101 5560 atque
2148 5494 2198 5544 in
2251 5493 2373 5544 loco
2407 5508 2566 5560 quem
2601 5492 2704 5546 sibi
2747 5492 2846 5560 ipsi
2901 5493 3101 5560 posuit,
3151 5493 3248 5544 lioc
3295 5501 3395 5552 est,
3434 5493 3486 5542 in

1942 5584 2057 5634 luco
2089 5598 2248 5650 quem
2280 5583 2458 5648 eli-git.
2727 5636 2732 5639 ,

2011 5671 2171 5725 Vens.
2207 5672 2256 5724 8.
2317 5671 2520 5724 Etenim
2573 5672 2947 5725 l'cncdirtiones
3001 5675 3146 5725 dabit
3191 5674 3482 5739 legislatnr.

1941 5764 2082 5817 Beati
2119 5765 2212 5828 illi,
2241 5767 2432 5833 inquit,
2467 5775 2592 5818 sunt
2644 5781 2776 5832 quos
2821 5768 3189 5833 prmdixiinus.
3250 5765 3379 5818 Νιιιιι
3430 5774 3483 5818 et
